4052 6338
1769 447 2588 578 ELENGHUS

745 789 1237 912 AUCTOKUM
1275 845 1392 910 ενι·
1433 846 1816 912 OPERUM
1855 851 2011 928 QUI
2046 852 2150 914 ιη
2179 852 2345 916 HOC

2046 852 2150 914 ιη
2179 852 2364 916 HOC
2393 851 2650 916 'I‘OIO
2679 853 2922 920 XVIII
2961 857 3625 932 σοπιαειπυιι.

1698 1126 1796 1134 ·-··-
1821 1117 2583 1153 "--—-...—————-—

1387 1422 1449 1485 s.
1487 1420 1960 1484 mamomus
2003 1423 2414 1488 EPISCOPUS
2456 1403 2559 1488 Er
2609 1427 2971 1492 manu.

565 1581 949 1645 Convivium
983 1583 1202 1646 decem
1241 1583 1590 1662 virginum.
3470 1594 3590 1658 col.
3715 1599 3803 1659 27

566 1685 871 1762 Excerpta
905 1701 975 1747 ac
1006 1687 1328 1748 orationes
1359 1683 1637 1764 aliquot.
3678 1699 3802 1759 229

1335 1847 1829 1911 ALEXANDER
1877 1850 2538 1917 LYCOPOLITANUS
2584 1856 3016 1922 EPISCOPUS.

567 2007 888 2068 Tractatus
918 2005 996 2068 de
1029 2005 1274 2086 placitis
1300 2005 1818 2071 Manichaeorum.
3684 2027 3799 2089 Ml

1404 2170 1465 2233 S.
1513 2171 1813 2232 PETRUS
1854 2174 2476 2240 ALEXANDBINUS
2524 2178 2964 2246 EPISCOPUS.

568 2329 853 2406 Epistola
886 2331 1210 2392 canonica.
3689 2354 3806 2417 1,67

569 2427 852 2501 Epistola
887 2429 963 2491 ad
995 2429 1338 2493 Ecclesiam
1374 2431 1893 2498 Alexandrinam.
3687 2453 3809 2513 510

569 2535 941 2614 Fragmenta
968 2535 1158 2597 varia.
3689 2557 3812 2617 510

1311 2700 1372 2762 S.
1420 2699 1917 2765 ALEXANDER
1959 2704 2384 2769 EPISCOPUS
2425 2709 3067 2774 ALEXANDRINUS.

571 2862 870 2942 Epistolm
901 2863 980 2925 de
1015 2862 1243 2926 Ariana
1267 2863 1492 2926 haeresi
1529 2864 1740 2946 deque
1774 2867 1905 2928 Arii
1940 2867 2365 2947 depositione.
3696 2881 3817 2944 558

571 2967 796 3026 Sermo
827 2965 906 3027 de
937 2965 1151 3028 anima
1191 2977 1251 3028 et
1281 2983 1548 3046 corpore
1577 2967 1788 3049 deque
1822 2969 2120 3048 passione
2153 2973 2436 3036 Domini.
3695 2984 3816 3046 586

1010 3133 1071 3194 S.
1119 3131 1619 3196 EUSTATHIUS
1668 3133 2088 3198 EPISCOPUS
2131 3135 2692 3200 ANTIOCHENUS
2744 3139 2845 3200 ET
2887 3139 3372 3206 CONFESSOR.

573 3297 664 3358 De
703 3294 1220 3375 Engastrimytho
1251 3304 1470 3361 contra
1503 3297 1869 3376 Origenem.
3694 3309 3816 3369 6th

576 3394 896 3456 Allocutio
927 3395 1004 3456 ad
1040 3394 1488 3473 imperatorem
1524 3397 2007 3461 Constantinum
2035 3397 2102 3459 in
2132 3397 2407 3461 concilio
2437 3397 2718 3464 Nicmno.
3697 3405 3815 3464 67!»

579 3493 957 3572 Fragmenta
998 3494 1188 3556 varia.
3695 3501 3815 3562 676

577 3591 826 3664 Spuria.
862 3625 938 3638 -—-
967 3593 1472 3656 Commentarius
1501 3594 1568 3658 in
1605 3596 2070 3660 Hexaemeron.
3700 3599 3816 3658 708

1597 3761 1827 3823 TITUS
1868 3763 2349 3826 BOSTRENSIS
2391 3764 2834 3829 EPISCOPUS.

579 3921 753 3985 Libri
791 3931 915 3986 tres
941 3921 1247 3986 adversus
1291 3921 1688 3986 Manichaaos.
3664 3927 3814 3988 1069

1379 4090 1862 4154 THEODORUS
1909 4087 2512 4155 HERACLEENSIS
2563 4090 3005 4160 EPISCOPUS.

578 4264 953 4342 Fragmenta
987 4257 1048 4323 in
1089 4257 1340 4339 lsaiam.

2009 4450 2257 4513 MONI'I
2272 4451 2408 4516 UM.

650 4599 799 4656 Sciat
823 4590 1001 4654 lEctor
1043 4597 1232 4654 Patres
1261 4603 1436 4666 quarti
1481 4596 1664 4652 saeculi
1711 4604 1763 4652 ct
1803 4598 2141 4668 sequentium
2175 4601 2267 4668 qui
2303 4596 2542 4670 Syr-iace,
2592 4599 2877 4655 Armenice
2911 4597 2991 4654 vel
3034 4597 3141 4652 alio
3183 4610 3508 4668 quocunque
3539 4593 3799 4651 Orientali

581 4694 835 4750 idiomate
857 4693 1211 4763 scripserunt,
1241 4691 1307 4747 ad
1339 4692 1662 4762 peculiarem
1694 4693 1888 4747 seriem
1921 4705 1948 4745 a
1978 4692 2132 4748 uobis
2161 4693 2498 4758 amendatos,
2526 4695 2611 4748 cui
2636 4692 2942 4764 Palrologia
2974 4692 3261 4748 Orientalis
3291 4694 3506 4748 titulum
3539 4691 3800 4762 fecimus;

581 4806 690 4846 non
725 4790 888 4859 igitur
932 4789 1156 4843 miretur
1203 4788 1400 4844 omissa
1435 4787 1488 4842 in
1522 4786 1873 4856 sequentibus
1921 4787 2082 4842 tomis
2114 4787 2336 4841 nomina
2381 4785 2437 4839 S.
2470 4784 2654 4841 Jacobi
2699 4785 2932 4842 Nisrbcni
2958 4826 2974 4852 ,
3009 4787 3069 4842 S.
3110 4787 3353 4857 Gregorii
3398 4784 3805 4850 liluminatoris,

583 4882 641 4936 S.
680 4882 932 4951 Ephrem,
969 4889 1096 4946 etc.,
1132 4880 1225 4950 qui
1260 4880 1314 4935 in
1346 4895 1482 4936 nova
1516 4881 1656 4936 serie
1690 4883 1865 4934 locum
1911 4879 2250 4936 obtinebunt.
2283 4880 2506 4934 Patrum
2549 4881 2713 4933 etiam
2747 4879 3106 4933 Armeniorum
3139 4878 3340 4946 scripta
3373 4891 3491 4945 qua:
3515 4883 3600 4930 vel
3641 4875 3792 4945 prelo

581 4979 769 5042 parata
804 4969 1005 5026 habent
1033 4969 1117 5024 vel
1141 4969 1253 5039 jam
1293 4970 1578 5027 ediderunt
1619 4969 1920 5026 doctissimi
1966 4969 2347 5026 Mekitlraristze
2380 4969 2584 5035 Veneti,
2616 4968 2916 5026 collectioni
2949 4980 3151 5023 nosme
3179 4967 3449 5022 inserendi
3481 4976 3801 5036 potestatem

584 5065 826 5123 facturos
855 5079 1160 5137 speramus.

2536 5699 2611 5752 Ex
2643 5696 2804 5768 Typis
2839 5695 3066 5763 “IGNE,
3097 5711 3163 5750 au
3196 5693 3692 5763 l‘rlitoMuntrouge.
