4052 6338
1614 586 1787 629 ANNO
1834 586 2061 627 DOMINI
2099 585 2323 627 CCCX".

1008 791 1212 1000 S.
1372 793 2923 1005 METHODIUS

1265 1158 1911 1249 EPISCOPUS
1984 1160 2131 1245 ET
2202 1161 2693 1248 MARTYR

765 1553 1367 1668 ΝΟΤΙΤΙΑ
1448 1550 1906 1664 HISTO!

2009 1546 3164 1664 lCO-LITTERARIA

1270 1775 1541 1838 (Gsumn,
1565 1774 1673 1822 Vel.
1702 1774 1843 1819 Patr.
1874 1767 2120 1826 Biblioth.,
2146 1769 2231 1827 Ill,
2258 1769 2479 1829 Proleg.,
2504 1783 2551 1830 p.
2581 1769 2667 1829 LI.)

409 2078 449 2136 Ι.
483 2078 807 2141 Methodius,
832 2077 1002 2131 dictus
1027 2088 1075 2131 et
1104 2076 1409 2140 Eubulius;
1444 2076 1653 2146 Olympi
1684 2076 1846 2130 simul
1885 2085 1933 2129 et
1964 2075 2285 2128 Patarorum
2314 2076 2366 2127 in
2404 2073 2587 2143 Lycia,
2618 2077 2797 2141 postea
2830 2076 2869 2129 T
2911 2078 2956 2129 ri
2994 2078 3047 2129 in
3070 2076 3344 2131 Phoenicia
3377 2080 3580 2147 episco-

409 2169 455 2201 ς-
482 2153 623 2201 circa
646 2148 850 2201 Christi
882 2165 1077 2201 annum
1118 2149 1223 2201 519.
1262 2149 1519 2201 marturio
1556 2148 1821 2201 sublatus.
1872 2144 2042 2200 Locus
2072 2146 2334 2201 passionis
2380 2144 2492 2201 eius
2528 2146 2835 2201 inquiritur.
2870 2094 3141 2201 gementia
3174 2150 3430 2201 reiicitur.
3468 2168 3580 2201 τινας

342 2167 455 2215 ous,
482 2153 623 2205 circa
646 2148 850 2204 Christi
882 2165 1077 2201 annum
1118 2149 1223 2201 519.
1262 2144 1527 2217 martyrio
1556 2148 1821 2201 sublatus.
1872 2144 2042 2200 Locus
2072 2146 2334 2215 passionis
2380 2144 2492 2213 ejus
2528 2146 2835 2215 inquiritur.

339 2224 509 2291 ipsum
536 2222 632 2276 sub
662 2220 827 2275 Decio
852 2230 899 2273 et
933 2219 1217 2272 Valeriano
1234 2235 1451 2286 passum
1490 2220 1677 2271 tradit.

2912 2150 3141 2201 ententia
3174 2150 3430 2217 rejicitur,
3468 2168 3583 2220 quw

406 2316 471 2372 II.
510 2318 754 2384 Quantus
789 2318 867 2369 vir
901 2314 1201 2369 Methodius
1223 2331 1287 2369 ea:
1309 2324 1535 2368 veterum
1573 2314 1909 2368 testimoniis.
1949 2311 2094 2365 Unus
2135 2310 2390 2365 Eusebius
2427 2311 2577 2365 illum
2606 2312 2889 2379 praiteriit;
2921 2312 3057 2381 quod
3087 2314 3333 2367 nimirum
3368 2324 3581 2368 sanctus

346 2388 505 2442 Pater
529 2388 723 2458 stylum
752 2388 1002 2441 adversus
1028 2385 1306 2456 Origenem
1332 2387 1626 2440 strinxerit.

408 2481 496 2535 lli.
530 2482 817 2550 Complura
853 2484 1149 2535 litterarum
1176 2484 1525 2534 monumentis
1550 2483 1898 2551 consignavit.
1934 2480 2083 2551 Inter
2114 2495 2174 2531 ea
2199 2478 2429 2551 primum
2464 2478 2641 2551 locum
2679 2478 2873 2551 obtinet
2904 2479 3227 2551 Couvivium
3258 2480 3441 2533 decem
3473 2480 3582 2532 vir-

338 2553 547 2622 ginum.
595 2547 779 2621 Operis
811 2552 1125 2621 prwstantia
1160 2561 1316 2621 atque
1349 2553 1576 2605 utilitas.
1606 2547 1753 2605 Inter
1780 2552 1935 2620 hujus
1966 2550 2220 2603 editiones
2264 2550 2452 2601 eminet
2491 2547 2900 2617 Combeﬁsiana,
2926 2567 3039 2618 qua:
3068 2550 3181 2603 ideo
3208 2549 3291 2602 hic
3330 2553 3583 2603 recensita

336 2633 387 2675 et
411 2623 695 2677 adornata.

407 2714 497 2773 IV.
527 2716 670 2770 Cura
691 2727 740 2770 et
766 2717 999 2771 studium
1029 2719 1081 2771 in
1109 2718 1308 2772 edendo
1341 2718 1475 2771 libro
1502 2717 1575 2773 De
1605 2719 1775 2773 libero
1797 2717 2042 2772 arbitrio.
2077 2715 2223 2769 Unde
2260 2715 2554 2785 fragmenta
2579 2714 2691 2783 ejus
2720 2714 3013 2784 desumpta.

405 2806 473 2861 Υ.
511 2808 812 2877 Sequuntur
834 2820 1077 2878 excerpta
1107 2809 1180 2864 De
1203 2810 1603 2865 resurrectione
1637 2809 1883 2864 adversus
1918 2810 2213 2879 Origenem.
2234 2806 2395 2879 _0pus
2442 2806 2715 2879 laudatum
2753 2822 2862 2879 pra:
2892 2808 3116 2879 caeteris,
3155 2806 3435 2863 Eustathio
3464 2810 3575 2861 An-

342 2876 599 2932 tiocheno.
636 2880 716 2930 Ad
751 2876 1217 2950 formamdialogi,
1248 2892 1305 2933 ut
1331 2891 1380 2933 et
1413 2880 1728 2948 praecedens.
1764 2876 2085 2934 contextum.
2114 2878 2194 2931 Ea:
2226 2876 2519 2950 Epiphanio
2550 2878 2892 2950 inprimiset
2913 2876 3101 2950 Pltotio
3125 2878 3418 2948 fragmenta
3447 2881 3580 2933 satis

341 2951 518 3017 ampla
547 2945 796 3016 deducta,
828 2960 875 3004 et
916 2968 1034 3004 cum
1083 2945 1212 3005 mas.
1238 2945 1455 3005 collata.
1488 2950 1651 3004 Aliud
1674 2952 1844 3005 nobile
1876 2963 2173 3019 excerptum
2208 2949 2553 3017 proyositum.
2604 2945 2907 3015 [inprovida
2942 2947 3096 3002 Cavei
3126 2945 3358 3004 censura
3399 2951 3581 3017 exsuf-

336 3018 519 3086 ﬂatur.

406 3110 493 3166 VI.
525 3110 745 3181 Reliqua
765 3110 1106 3167 Methodiana
1127 3114 1353 3167 strictim
1382 3114 1639 3181 exposita.
1664 3110 1935 3166 Nimirum
1970 3112 2231 3165 Pltotiana
2257 3118 2499 3179 excerpta
2527 3109 2599 3167 De
2621 3111 2846 3178 creatis;
2872 3110 3080 3165 lacinia!
3105 3112 3359 3166 librorum
3390 3115 3581 3170 advers

339 3198 433 3254 §us
468 3180 863 3254 Porphyrium;
903 3186 1253 3254 fragmentum
1294 3201 1358 3239 ea:
1392 3180 1628 3237 sermone
1659 3184 1729 3237 De
1766 3184 2134 3253 mm'tyribns:
2170 3182 2409 3254 homitire
2441 3181 2675 3254 tres,ADe
2715 3180 2981 3251 Symeone
3018 3192 3070 3254 et
3103 3183 3279 3246 Anna,
3308 3183 3362 3237 In
3396 3199 3580 3243 ramos

337 3249 668 3317 Palmarum,
709 3263 763 3308 et
792 3253 868 3308 De
900 3249 1061 3309 cruce
1097 3255 1307 3309 Domini
1340 3275 1351 3309 :
1399 3255 1587 3326 quibus
1619 3255 1742 3308 alia:
1771 3249 2061 3322 complures
2108 3268 2321 3320 operum
2353 3249 2815 3305 Methodianoru‘m
2855 3253 3085 3322 reliquia:
3111 3254 3376 3320 subjectre.

407 3399 739 3466 Methodius,
764 3400 859 3469 qui
882 3408 936 3454 et
969 3398 1234 3454 Eubulius
1260 3398 1440 3453 dictus
1471 3397 1774 3469 Epiphanio
1805 3397 1902 3469 (a),
1934 3406 1981 3460 Α
2009 3396 2061 3450 id
2086 3404 2173 3452 est
2200 3396 2346 3449 circa
2386 3407 2589 3448 annum
2636 3394 2839 3449 Christi
2873 3392 2998 3457 512,
3041 3394 3219 3463 ipsum
3243 3396 3297 3449 in
3326 3392 3581 3456 Chalcide

339 3492 573 3561 primum
602 3489 817 3561 Olympi
847 3491 1007 3543 simul
1056 3500 1109 3545 et
1154 3489 1472 3547 Patarorum
1523 3492 1577 3545 in
1606 3491 1770 3562 Lycia
1796 3492 1906 3560 epi-

346 3591 621 3652 scopatum
652 3585 855 3653 gessit;
883 3582 1079 3651 priscis
1108 3583 1251 3637 enim
1276 3584 1382 3638 illis
1405 3583 1741 3653 temporibus
1772 3583 1909 3636 civi-

343 3680 474 3728 tates
498 3674 636 3728 duas
660 3682 752 3727 aut
781 3674 943 3727 etiam
967 3675 1169 3743 plures,
1207 3690 1270 3727 ac
1302 3676 1518 3729 certein
1553 3674 1738 3745 Lycia,
1766 3691 1908 3729 unus

338 3765 564 3819 antistes
594 3765 1032 3827 administrabat.
1097 3776 1155 3820 ut
1182 3768 1529 3821 observatum
1574 3768 1788 3823 erudito
1813 3768 1910 3825 Le-

335 3859 555 3928 quienio
576 3858 671 3929 (ὁ).
702 3856 769 3910 Et
797 3857 1116 3913 Patarorum
1143 3860 1363 3930 quidem
1397 3862 1713 3931 episcopum
1739 3862 1910 3918 fuisse

332 3948 684 4011 Methodium,
719 3948 927 4019 antiqui
956 3952 1162 4029 passim
1188 3951 1405 4006 codices
1435 3959 1487 4005 et
1520 3952 1613 4021 qui
1643 3952 1764 4021 ejus
1793 3969 1910 4007 me~

336 4042 543 4097 minere
570 4042 868 4112 scriptores
917 4040 1112 4107 Graeci,
1150 4051 1463 4099 testantur:
1499 4042 1713 4115 Olympi
1754 4060 1905 4111 vero,

284 4130 530 4205 ‘praeter
560 4134 946 4205 Hieronymum
977 4136 1067 4205 (ε),
1099 4137 1263 4191 etiam
1305 4136 1573 4193 Maximus
1630 4138 1907 4194 memoria

334 4226 574 4296 prodidit
616 4227 693 4296 (ά)
730 4246 741 4280 :
775 4226 933 4295 Cujus
984 4227 1183 4292 locum,
1218 4243 1348 4283 sane
1386 4238 1725 4299 corruptum,
1766 4231 1909 4284 inter

335 4322 578 4370 veterum
612 4317 926 4370 testimonia
959 4317 1116 4371 nobis
1182 4317 1321 4370 inira
1355 4319 1607 4383 relatum,
1653 4320 1726 4372 ita
1754 4320 1908 4374 resti-

336 4409 597 4463 tuendum
645 4408 859 4462 censuit
914 4409 1106 4464 doetus
1156 4408 1402 4465 Valesius
1427 4410 1546 4479 (e):
1614 4412 1908 4480 Ἀνάγνωθι

337 4500 597 4553 Μεθοδιω
624 4500 717 4553 τοῦ
747 4500 901 4568 ἁγίου
934 4500 1227 4571 μάρτυρος,
1257 4502 1351 4555 καὶ
1401 4502 1674 4572 Ὀλύμπου
1706 4502 1909 4573 Ἀδρια-

340 4593 641 4654 νουπόλεως
684 4591 983 4644 ἐπισκόπου
1041 4594 1136 4662 τῆς
1189 4594 1415 4659 Λυκίας,
1469 4593 1536 4646 τὰ
1585 4594 1702 4647 κατ’
1742 4592 1907 4647 αὐτοῦ

340 4683 697 4755 (Ὠριγένους)
744 4686 871 4755 περὶ
916 4686 1258 4750 ἀναστάσεως
1301 4686 1599 4756 γραφέντα.
1638 4682 1694 4739 Id
1765 4691 1849 4742 est
1888 4706 1901 4740 :

2011 3487 2233 3543 Greecia:
2288 3485 2609 3555 martyrium
2668 3485 2909 3539 subiisse
2963 3485 3148 3539 tradit.
3213 3485 3338 3542 Haec
3395 3501 3578 3545 autem

2012 3579 2325 3633 summatim
2378 3592 2668 3632 recensens
2729 3574 3013 3631 Fabricius
3068 3578 3175 3648 (Γ),
3223 3580 3472 3634 rescribit
3522 3582 3579 3635 in

2012 3670 2259 3725 Chalcide
2292 3669 2464 3740 Syria:
2495 3687 2512 3723 :
2546 3670 2688 3724 unde
2718 3686 2846 3725 vero
2881 3671 2933 3725 id
2959 3672 3223 3737 hauserit,
3256 3688 3366 3727 non
3388 3672 3577 3730 refert.

2011 3765 2187 3834 Atque
2220 3765 2295 3817 ita
2323 3764 2556 3818 fortasse
2579 3761 2867 3833 legendum
2915 3764 2969 3817 in
3003 3772 3150 3819 textu
3195 3763 3579 3840 Hieronymia-

2011 3872 2103 3920 no,
2136 3856 2295 3925 cujus
2326 3856 2541 3925 vulgata
2579 3855 2744 3909 lectio
2777 3855 3123 3911 Tillemontio
3150 3874 3366 3928 quoque
3396 3861 3577 3915 minus

2012 3948 2274 4017 probatur
2310 3948 2384 4017 (θ)
2420 3965 2432 3999 :
2469 3954 2527 3999 ut
2578 3946 2806 4015 proinde
2846 3962 2976 4001 vero
3034 3948 3259 4017 propius
3303 3951 3572 4013 videatur,

2011 4046 2264 4093 sanctum
2287 4036 2579 4108 Tyriorum
2613 4040 2668 4092 in
2698 4037 2978 4093 thnicia
3032 4041 3347 4111 episcopum
3371 4052 3575 4115 marty-

2012 4133 2094 4186 rio
2118 4130 2292 4187 fuisse
2328 4132 2604 4186 sublatum
2641 4133 2695 4185 in
2754 4134 2970 4203 regione
3017 4138 3576 4209 conterminamtque

2010 4222 2278 4291 ejusmodi
2304 4231 2419 4276 erat
2445 4222 2771 4277 Chalcidene
2799 4225 2854 4277 in
2876 4224 3189 4296 Coelesyria,
3216 4229 3374 4297 cujus
3413 4241 3575 4301 caput

2010 4314 2248 4369 Chalcis.
2303 4312 2487 4384 Neque
2540 4314 2698 4368 aliter
2754 4330 2885 4369 sane
2936 4318 3209 4387 accepisse
3264 4318 3575 4392 Hieronymi

2007 4409 2172 4463 verba
2197 4407 2540 4478 Sophronius
2570 4407 2693 4476 ejus
2728 4408 2996 4478 interpres
3019 4410 3358 4480 dignoscitur
3402 4432 3414 4467 :
3450 4430 3572 4468 ver-

2010 4500 2076 4553 tit
2136 4500 2302 4563 enim,
2353 4501 2409 4553 ὲν
2441 4498 2664 4551 Χαλκίδι
2722 4500 2819 4570 τῆς
2861 4501 3170 4571 Ἀνατολῆς,
3227 4504 3281 4555 in
3326 4502 3575 4559 Chalcide

2010 4592 2135 4645 urbe
2166 4592 2411 4646 Orientis.
2454 4591 2653 4646 Eadem
2717 4592 2879 4645 habet
2940 4590 3136 4649 Suidas
3178 4595 3276 4664 (h),
3333 4596 3575 4666 Sophro-

2011 4685 2160 4737 nium
2192 4685 2537 4740 exscribens.
2572 4686 2839 4737 Caeterum
2870 4683 3119 4738 audiendi
3151 4701 3260 4739 non
3293 4698 3442 4751 sunt,
3479 4691 3571 4759 qui

345 4790 363 4821 ι
402 4772 539 4841 Lege
598 4790 721 4842 quae
771 4775 1031 4829 adversus
1079 4773 1360 4845 Origenem
1405 4776 1471 4828 de
1510 4776 1907 4830 resurrectione
1938 4764 1981 4817 Β
2012 4772 2342 4827 Mctliodium
2382 4774 2484 4827 sub
2534 4771 2691 4827 Decio
2734 4783 2785 4827 et
2834 4771 3119 4828 Valeriano
3142 4791 3361 4844 passum
3404 4778 3575 4835 fuisse

346 4865 560 4933 scripsit
603 4864 934 4927 Methodius,
964 4867 1347 4921 sanctissimus
1379 4874 1584 4937 martyr
1608 4878 1660 4921 et
1692 4868 1906 4936 episco-

340 4969 441 5024 pus
461 4952 695 5026 Olympi,
736 4957 889 5011 urbis
918 4956 1115 5027 Lycize,
1150 4974 1269 5027 quae
1314 4957 1474 5010 etiam
1521 4956 1905 5027 Adrianopolis

2010 4865 2232 4917 tradunt
2271 4884 2284 4919 :
2317 4864 2515 4934 quippe
2540 4864 2633 4933 qui
2684 4865 2853 4918 multa
2882 4866 3185 4934 scripserit,
3229 4885 3335 4924 non
3360 4878 3573 4926 tantum

2006 4963 2195 5010 contra
2216 4953 2523 5024 Origenem,
2557 4954 2647 5007 diu
2674 4962 2793 5023 post
2820 4955 3132 5009 Adamantii
3168 4971 3395 5013 mortem
3424 4979 3438 5026 ;
3476 4964 3572 5017 sed

337 5046 482 5098 dicta
506 5057 607 5101 est.
647 5066 665 5099 ι
698 5046 836 5099 Tum
873 5046 998 5118 Tyri
1039 5048 1094 5101 in
1144 5046 1422 5102 Plimnicia
1480 5046 1773 5103 Ecclesium
1819 5064 1905 5101 re-
2002 5060 2055 5107 ct
2089 5060 2278 5105 contra
2309 5049 2830 5120 Porphyrium,dum
2856 5050 3051 5121 Tyrius
3080 5054 3168 5106 ille
3190 5053 3570 5123 philosophus,

338 5137 566 5205 gentiam
599 5140 843 5209 suscepit
876 5149 1101 5195 sanctus
1151 5139 1332 5204 Pater,
1360 5140 1548 5194 eodem
1572 5139 1901 5211 Hieronymo

336 5236 505 5293 teste;
536 5232 623 5298 qui
649 5240 701 5285 et
722 5232 791 5284 ad
821 5238 1121 5287 extremum
1149 5233 1458 5288 novissima:
1480 5232 1898 5302 persecutionis,

406 5405 481 5473 (a)
506 5404 697 5474 Epiph.
740 5404 889 5460 Hier.
924 5406 1122 5477 ψηκς
1161 5408 1249 5462 63.

405 5478 476 5546 (b)
505 5476 1057 5551 liequieuzﬂrrClir.
1088 5476 1218 5532 tam.
1248 5478 1284 5543 Ι,
1312 5495 1362 5547 p.
1396 5476 1499 5533 976
1520 5496 1637 5551 seq.

406 5552 473 5611 (c,
506 5546 730 5599 Iliel'un.
766 5547 839 5600 De
872 5550 969 5601 vir.
1000 5549 1221 5612 illustr.,
1259 5546 1375 5617 cap.
1411 5551 1498 5605 85.

405 5618 478 5688 (τι)
516 5618 735 5671 Maximi.
768 5621 817 5670 in
844 5620 1016 5673 schol.
1043 5622 1108 5673 ad
1156 5619 1380 5691 Dionys.
1412 5622 1610 5692 AreOp.
1667 5625 1744 5676 De
1772 5624 1898 5676 eccl.

332 5685 491 5740 hicn.
522 5703 648 5740 cat).
681 5687 728 5740 7.

813 5757 1010 5815 Euseb.
1046 5759 1186 5814 Ilist.
1210 5763 1335 5815 eccl.
1366 5764 1457 5818 lib.
1497 5780 1567 5827 Vl,
1598 5765 1821 5834 capiti.

650 5858 917 5917 Parnm.
970 5856 1087 5916 Gn.
1122 5856 1352 5917 XVIII.

2003 5143 2305 5212 imperante
2354 5140 2713 5205 Diocletiano,
2750 5141 2804 5194 in
2853 5142 2992 5197 vivis
3051 5144 3263 5213 agebat.
3317 5144 3381 5198 Et
3434 5146 3574 5201 hanc

2007 5235 2227 5307 quidem
2261 5234 2607 5298 sententiam,
2644 5241 2765 5303 post
2786 5233 3042 5290 Ecclesiae
3064 5238 3339 5290 annalium
3377 5255 3572 5308 paren-

2080 5411 2505 5488 (QFabrLBibl.
2535 5411 2626 5466 Gr.
2658 5421 2786 5467 tom.
2820 5411 2887 5477 V,
2926 5430 3047 5484 pag.
3084 5413 3191 5470 2‘35
3219 5415 3324 5488 (ed.
3354 5416 3567 5473 llarlcs,

2007 5493 2051 5539 ι.
2077 5482 2189 5539 VII.
2224 5484 2447 5555 p.260).
2928 5482 2939 5483 7
3004 5482 3015 5484 ’
3226 5482 3235 5488 “

2077 5560 2149 5625 (g)
2180 5554 2392 5609 Tillem.
2432 5552 2589 5607 Mem.
2626 5562 2757 5609 tom.
2782 5552 2848 5619 V,
2882 5570 2935 5624 p.
2984 5554 3105 5620 767,
3152 5566 3273 5612 not.
3309 5559 3343 5611 5
3375 5575 3466 5611 sur
3510 5558 3567 5614 S.

2400 5696 2455 5749 in
2496 5692 2626 5749 Lex.
2681 5713 2728 5750 γ.
2782 5696 3099 5763 Μεθόδιος,
3144 5706 3272 5753 tom.
3318 5697 3395 5762 ll,
3445 5716 3570 5768 ωε,

2006 5788 2085 5822 ως
2114 5813 2124 5822 .

2004 5777 2124 5823 52:).

3194 5870 3225 5928 1
