4052 6338
496 334 552 386 Η
1402 337 1460 391 S.
1498 335 1902 391 METHODIUS
1942 336 2323 392 EPlSCOPUS
2363 337 2449 392 ET
2499 338 2810 396 MARTYB.
3668 343 3733 394 12

492 462 594 504 tem
647 449 729 522 (ἢ,
787 453 957 508 secuti
996 462 1122 508 sunt
1172 453 1276 509 viri
1330 454 1658 519 doctissmi,
1719 470 1858 524 quos
1912 457 2052 513 inter
2081 466 2123 520 Α
2153 455 2433 512 hominum
2461 459 2693 527 desidia,
2718 461 2928 531 reliqua
2956 460 3118 518 home
3137 469 3401 518 iecerunt.
3435 462 3540 518 Sed
3580 477 3733 532 qua"

491 541 800 598 llolstenius
830 543 916 615 (ἰ),
948 545 1176 602 Allatius
1207 546 1545 618 (h),Vossius
1578 549 1664 620 (ι),
1706 558 1868 620 atque
1896 549 2060 606 Pear—

489 635 816 708 sonius(m).

555 727 619 784 ll.
647 729 778 795 Qua:
800 744 921 783 cum
953 731 1026 783 ita
1057 730 1185 796 sint,
1217 731 1500 788 desinente
1531 733 1696 803 igitur
1728 735 1928 790 saeculo
1970 751 2053 798 ιιι,

486 821 744 876 inclaruit
811 835 1032 884 sanctus
1097 823 1438 892 Methodius,
1527 824 1666 898 ἀνὴρ
1739 826 1916 895 λόγιος
1964 829 2058 880 καὶ

488 914 690 986 σφόδρα
710 916 838 987 περὶ
867 917 965 987 τῆς
987 914 1242 986 ἀληθείας
1262 915 1690 987 ἀγωνισάμενος,
1722 919 1898 990 inquit
1929 920 2057 991 Epi-

485 1007 717 1077 phanius
749 1007 848 1078 (η),
889 1009 965 1061 vir
995 1007 1224 1075 apprime
1247 1017 1430 1061 aoctus
1461 1010 1846 1082 acerrimusque
1869 1015 2060 1066 verita-

485 1101 549 1152 tis
578 1109 862 1168 patronus;
892 1099 1023 1170 quin
1077 1106 1129 1153 et
1161 1099 1544 1155 disertissimus
1602 1114 1827 1174 martyr,
1873 1104 2056 1175 judice

483 1191 811 1263 Hieronymo
854 1193 950 1264 (0),
1007 1192 1100 1262 qui
1153 1192 1408 1247 nimirum
1471 1195 1630 1248 nitidi
1685 1198 2055 1268 compositique

481 1284 733 1337 sermonis
784 1283 942 1336 libros
970 1283 1192 1352 confecit
1223 1283 1318 1353 (p;.
1359 1302 1378 1335 ι
1412 1284 1587 1355 Atque
1616 1285 1706 1339 illa
1741 1287 2041 1353 enimvero,

480 1376 556 1428 ait
592 1375 677 1429 vir
702 1374 896 1430 doctus
927 1375 1023 1447 (q),
1054 1374 1276 1445 propria
1302 1373 1560 1430 Methodii
1591 1377 1918 1446 praedicatur
1939 1380 2055 1448 glo-

480 1468 579 1534 ria,
622 1469 764 1538 quod
815 1468 870 1521 in
922 1467 1193 1521 neminem
1244 1466 1364 1537 ejus
1420 1469 1708 1536 aequalium
1769 1470 2053 1526 liberalius

479 1565 876 1615 concurrerunt
904 1573 982 1613 eae
1035 1558 1213 1625 dotes,
1243 1575 1364 1629 quae
1406 1561 1921 1630 praestantissimum
1956 1580 2047 1619 sa-

478 1669 580 1706 crae
609 1652 872 1707 doctrinas
901 1651 1222 1723 magistrum
1250 1653 1506 1708 omnibus
1558 1655 1769 1723 possint
1797 1658 2045 1712 numeris

486 1745 788 1800 absolvere.
820 1744 1031 1815 Magnis
1083 1744 1227 1799 enim
1260 1745 1380 1814 ejus
1413 1754 1585 1815 parta:
1628 1747 1930 1818 infusasque
1963 1764 2052 1804 sa-

2159 563 2375 619 cuuque
2398 549 2613 605 demum
2641 560 2922 622 superant,
2953 568 2982 607 a
3015 561 3167 610 tanto
3194 554 3454 611 Ecclesiae
3502 555 3732 610 doctore

2158 655 2220 694 ac
2264 652 2500 712 martyre
2551 648 2826 699 meruerim
2873 645 3155 710 mandata,
3205 647 3432 701 collecta
3490 648 3732 718 primum

2158 745 2405 802 magnam
2446 742 2654 803 partem
2688 751 2718 788 a
2755 735 3102 801 Combelisio,
3128 754 3272 792 nunc
3293 754 3419 793 veru
3471 738 3538 792 ad
3560 752 3734 794 unum

2156 832 2316 878 aucta
2346 827 2528 880 omnia
2556 834 2609 881 et
2639 830 2906 884 recensita
2930 829 3018 883 hic
3046 829 3404 899 proferentes,
3435 831 3502 886 de
3541 832 3731 901 singu-

2157 915 2246 980 lis,
2271 932 2370 986 pro
2395 918 2626 972 rationis
2657 919 2846 974 ordine
2870 936 2979 990 quo
3005 922 3092 974 illa
3111 922 3457 991 digessimus,
3494 923 3732 979 breviter

2157 1008 2513 1065 disseremus.

2228 1099 2284 1154 In
2319 1101 2711 1171 limiueitaque
2739 1111 2943 1157 nostrae
2995 1104 3332 1160 collectionis
3368 1105 3733 1160 Methodianze

2155 1193 2750 1264 comparetConviuium
2766 1194 2941 1248 decem
2957 1196 3236 1264 virginum,
3266 1216 3283 1246 ι
3309 1198 3629 1267 primarium
3667 1211 3732 1250 ac

2155 1285 2314 1354 plane
2368 1286 2623 1356 princeps
2671 1287 2921 1341 Methodii
2956 1302 3201 1356 Operum,
3264 1297 3325 1342 ut
3373 1290 3553 1344 verbis
3604 1297 3728 1342 utar

2153 1374 2390 1431 Possinii
2433 1377 2520 1448 (t),
2582 1379 2724 1448 quod
2757 1379 2998 1434 victoria:
3027 1394 3058 1432 a
3109 1379 3423 1434 Christiana
3479 1381 3724 1450 philoso~

2152 1469 2279 1539 phia
2311 1469 2379 1523 de
2404 1467 2591 1524 Graeca
2625 1472 2922 1542 gentilique
2952 1479 3240 1542 reportatze
3274 1473 3489 1528 illustre
3532 1488 3727 1527 monu-

2154 1567 2400 1614 mentum
2437 1574 2502 1613 ac
2531 1559 2698 1613 veluti
2732 1569 2993 1632 tropaeum
3041 1570 3144 1616 est.
3171 1559 3272 1616 Cui
3321 1561 3469 1616 enim
3500 1563 3553 1616 in
3579 1562 3724 1618 litte-

2153 1651 2231 1706 ris
2264 1651 2681 1707 Atheniensium
2714 1661 2960 1708 veterum
3017 1663 3239 1710 versato
3271 1669 3380 1708 non
3414 1655 3599 1709 statim
3621 1669 3719 1711 oc-

2151 1746 2346 1809 currit,
2405 1747 2720 1801 :emulatum
2761 1745 2863 1799 hoc
2921 1761 3085 1814 opere
3146 1746 3476 1802 Methodium
3508 1750 3725 1804 celebre

477 1836 693 1906 pientiae
720 1835 926 1891 divitiis
968 1835 1250 1905 respondit
1301 1834 1514 1889 dicendi
1552 1837 1710 1907 copia
1739 1839 2048 1894 scribendi-
2082 1822 2124 1876 Β
2153 1834 2288 1889 illud
2317 1833 2639 1890 Convivium
2674 1834 2961 1890 Platonis?
2987 1836 3301 1888 aemulatqu
3363 1844 3576 1905 autem;
3609 1855 3719 1894 non

475 1943 578 1997 que
612 1928 747 1982 uber
776 1928 1066 2000 elegantia,
1107 1927 1266 1996 cujus
1292 1926 1558 1982 beneficio
1587 1930 1642 1983 in
1674 1945 1849 1985 seram
1876 1947 2049 2002 usque

475 2021 840 2090 posteritatem
871 2034 1031 2075 sensa
1065 2020 1185 2089 ejus
1215 2021 1474 2090 praeclara
1497 2031 1898 2091 permanareut.
1927 2022 2048 2078 Uno

473 2113 644 2167 verbo
675 2133 687 2166 :
726 2119 787 2166 ut
820 2127 981 2168 nemo
1022 2112 1116 2167 illo
1143 2111 1469 2182 profundius
1500 2115 1701 2184 sapuit,
1733 2115 1805 2170 ita
1829 2131 1939 2169 non
1968 2115 2047 2170 fa-

473 2205 578 2260 cile
636 2205 941 2276 reperietur
993 2206 1086 2276 qui
1135 2205 1390 2271 uberius,
1455 2205 1748 2269 disertius,
1802 2209 2047 2264 ornatius

472 2296 770 2366 scripserit.
813 2315 832 2347 ι
900 2294 1135 2349 Tantum
1196 2296 1382 2366 itaque
1418 2293 1630 2350 Patrem
1682 2297 2048 2368 eximiumque

471 2387 734 2442 Ecclesiae
785 2385 1131 2457 scriptorem,
1165 2388 1362 2442 merito
1394 2402 1528 2444 sane
1577 2387 1720 2442 inter
1747 2403 1877 2445 suos
1907 2389 2045 2443 viros

468 2479 703 2535 illustres
773 2479 1052 2535 recensuit
1103 2477 1305 2536 Doctor
1358 2480 1652 2545 maximus,
1712 2481 1837 2535 licet
1893 2480 2044 2534 illum

469 2571 796 2642 praeterierit
825 2569 1113 2626 Eusebius.
1154 2571 1317 2642 Atqui
1358 2579 1502 2627 recte
1556 2573 1840 2629 censuisse
1895 2573 2046 2628 vide-

471 2673 558 2717 tur
596 2664 666 2719 cl.
697 2661 968 2727 Valesius,
1002 2662 1129 2716 dum
1184 2664 1260 2716 ait
1287 2663 1355 2734 (r)
1405 2663 1704 2719 Eusebium
1758 2673 2045 2736 propterea

469 2755 522 2808 in
551 2770 648 2809 sua
687 2753 924 2808 Historia
954 2754 1155 2807 nullam
1178 2753 1432 2808 Methodii
1462 2757 1791 2811 mentionem
1821 2757 2038 2823 fecisse,

467 2863 590 2902 cum
641 2855 822 2903 tamen
875 2847 1059 2918 plures
1119 2847 1256 2902 alios
1286 2847 1698 2903 ecclesiasticos
1746 2849 2043 2921 scriptores

468 2945 877 3002 commemoret,
908 2938 1001 3008 qui
1045 2937 1320 2994 Methodio
1369 2939 1540 2994 multo
1600 2939 1890 2997 inferiores
1925 2942 2042 2996 fue-

467 3038 627 3093 runt;
657 3030 803 3100 quod
827 3031 1085 3086 nimirum
1121 3039 1344 3088 sanctus
1372 3033 1461 3087 ille
1496 3031 1694 3103 Tyrius
1751 3037 2041 3106 episcopus

467 3121 596 3191 styli
624 3121 798 3175 aciem
853 3121 1166 3178 strinxisset
1219 3123 1482 3179 adversus
1522 3123 1836 3194 Origenem,
1881 3129 2040 3195 cujus

466 3213 908 3269 studiosissimus
963 3222 1080 3269 erat
1115 3214 1256 3270 idem
1315 3216 1607 3286 episcopus
1656 3218 2035 3277 Caesariensis.

465 3301 607 3358 Hinc
638 3305 802 3359 etiam
826 3311 930 3370 est,
968 3305 1154 3361 subdit
1190 3304 1465 3371 Valesius,
1495 3308 1642 3378 quod
1676 3319 1866 3364 contra
1896 3309 2034 3365 Por-

465 3395 646 3467 phyrii
700 3396 872 3454 libros
932 3404 1057 3468 post
1103 3398 1354 3455 eumdem
1402 3398 1736 3455 Methodium
1793 3401 2034 3472 scripsit,

462 3491 621 3561 quasi
657 3489 1003 3546 aemulatione
1034 3490 1269 3559 quadam
1292 3498 1346 3548 et
1379 3491 1505 3547 odio
1533 3492 1798 3548 adversus
1831 3492 2038 3548 Metho-

463 3587 614 3643 dium
662 3585 940 3641 incitatus.
982 3585 1255 3642 Eusebius
1291 3589 1570 3646 enimvero
1621 3590 1677 3644 in
1712 3590 1852 3644 libro
1883 3599 2036 3646 sexto

463 3678 729 3748 Apologia:
755 3691 868 3732 suae
895 3692 994 3746 pro
1053 3675 1296 3745 Origene,
1351 3675 1610 3731 Methodii
1637 3679 2036 3748 objectionibus

461 3767 869 3843 respondebat:
933 3767 1228 3833 Quomodo,
1283 3767 1481 3836 inquit,
1529 3785 1690 3823 ausus
1722 3779 1797 3822 est
1831 3770 2029 3826 Met/to-

462 3868 582 3921 dius
613 3879 750 3920 nunc
778 3869 966 3916 contra
1002 3858 1278 3930 Origenem
1304 3859 1550 3926 scribere,
1583 3863 1672 3932 qui
1716 3862 1825 3916 Ita'c
1858 3874 1906 3916 et
1927 3865 2037 3918 licet:

421 3953 439 3974 ⁸
462 3957 525 4013 de
559 3954 799 4028 Origenis
864 3952 1070 4006 locutus
1098 3959 1176 4005 est
1219 3951 1594 4022 dogmatibus?
1640 3951 1892 4006 Citantur
1924 3953 2038 4008 hzec

463 4049 626 4103 verba
684 4048 752 4102 ab
816 4042 1148 4114 Hieronymo
1200 4043 1473 4098 scribente
1550 4042 1812 4099 adversus
1875 4042 2037 4096 Rufi-

462 4155 593 4196 num
625 4139 714 4211 (ε).

535 4232 624 4287 lll.
654 4230 856 4287 Verum
913 4225 1171 4285 Mcthodii
1219 4225 1533 4281 auctoritati
1581 4232 1745 4296 atque
1776 4225 2039 4281 doctrinae

465 4326 602 4381 nihil
631 4323 869 4380 detrahit
903 4319 1122 4377 Eusebii
1146 4319 1446 4382 silentium,
1481 4318 1617 4372 nihil
1649 4319 1768 4387 ejus
1810 4316 2032 4372 invidia.

464 4417 598 4472 Nam
631 4431 751 4487 quae
799 4423 1026 4471 sanctus
1075 4412 1236 4469 Pater
1299 4412 1605 4467 litterarum
1664 4410 2036 4466 monumentis

2153 1923 2263 1976 tam
2295 1932 2353 1976 ut
2415 1925 2906 1996 ejus’elegantiam,
2949 1926 3094 1995 quod
3138 1927 3528 1982 venustissime
3569 1928 3720 1996 fecit,

2150 2015 2482 2084 exprimeret
2514 2016 2802 2081 imitando,
2837 2030 3002 2087 quam
3056 2025 3136 2080 ut,
3189 2017 3337 2086 quod
3372 2019 3721 2088 potissimum

2151 2105 2384 2173 studuit,
2441 2106 2560 2175 ejus
2613 2106 2915 2176 nequitiam
2976 2108 3297 2176 castigando
3358 2110 3718 2179 ahstergeret.

2149 2193 2492 2267 Praecipuum
2549 2205 2730 2252 autem
2785 2197 3158 2253 laudationum
3212 2209 3593 2271 argumentum
3665 2203 3721 2256 iu

2149 2287 2253 2341 hoc
2296 2286 2640 2342 Methodiano
2685 2287 2971 2352 Convivio,
3016 2287 3201 2344 divina
3249 2292 3539 2361 virginitas
3591 2301 3716 2348 est:

2147 2378 2236 2431 cui
2259 2393 2422 2432 omne
2446 2378 2766 2448 choragium
2799 2393 3109 2449 congruens
3139 2395 3170 2434 e
3225 2383 3472 2436 sacrario
3502 2384 3717 2438 cmlesti

2149 2469 2530 2541 depromptum
2564 2478 2811 2542 apparet.
2854 2489 2872 2522 ι
2899 2470 2979 2524 Ad
3020 2471 3134 2526 haec
3160 2472 3265 2525 alia
3305 2475 3586 2544 complura
3620 2491 3717 2530 oc-

2147 2570 2402 2626 currunt,
2455 2577 2576 2631 quae
2613 2577 2844 2624 ,summa
2895 2561 3224 2618 Christianae
3290 2564 3413 2620 ﬁdei
3461 2567 3638 2636 capita
3662 2568 3716 2622 in

2147 2653 2340 2726 primis
2375 2653 2651 2726 attingunt
2683 2674 2696 2710 :
2733 2657 2826 2711 ubi
2850 2663 3034 2710 tamen
3067 2657 3116 2711 si
3151 2670 3260 2726 qua
3307 2658 3581 2712 interdum
3624 2667 3720 2714 aut

2146 2750 2338 2804 durius
2365 2749 2669 2813 enuntiata,
2692 2755 2786 2802 aut
2818 2747 3050 2803 fortasse
3081 2749 3262 2804 minus
3281 2759 3470 2804 exacte
3500 2752 3713 2821 prolata

2145 2842 2213 2896 de
2243 2842 2410 2897 rebus
2432 2841 2797 2895 diviniorihus
2831 2840 3138 2907 videantur,
3187 2857 3249 2897 ea
3283 2843 3501 2898 demum
3530 2847 3714 2899 omnia

2144 2934 2430 3003 diligenter
2461 2947 2693 2987 excussa
2724 2941 2779 2986 et
2806 2931 3045 2987 dilucide
3067 2934 3316 3003 exposita
3346 2942 3554 3006 repetat
3583 2953 3716 3007 pru-

2143 3024 2279 3078 dens
2308 3024 2478 3078 lector
2512 3039 2542 3077 a
2564 3025 2683 3078 viro
2718 3024 3059 3090 doctissimo,
3093 3027 3188 3096 qui
3218 3027 3364 3081 haud
3392 3029 3468 3081 ita
3501 3029 3708 3099 pridem

2144 3116 2197 3170 in
2224 3131 2388 3186 opere
2420 3116 2514 3170 illo
2551 3117 2770 3188 egregio
2797 3118 2885 3170 cui
2915 3118 3107 3172 titulus
3139 3137 3152 3173 :
3195 3118 3461 3174 Divinitas
3501 3121 3716 3177 Domini

2145 3208 2315 3262 nostri
2338 3206 2468 3261 Jesu
2489 3207 2688 3262 Christi
2715 3207 2998 3275 manifesta
3036 3210 3089 3262 in
3122 3207 3411 3278 Scripturis
3448 3220 3498 3265 et
3537 3212 3712 3266 tradi-

2142 3302 2300 3367 tione,
2332 3299 2556 3355 Patrum
2608 3301 3071 3354 antenicaznorum
3126 3302 3431 3357 doctrinam
3485 3319 3715 3359 accura-

2140 3395 2250 3450 tius
2271 3395 2551 3466 expendit,
2577 3405 2740 3464 atque
2758 3393 3072 3448 obscuriora
3093 3410 3317 3466 quaeque
3339 3396 3456 3451 loca
3481 3397 3715 3468 explica-

2138 3485 2217 3541 vit
2245 3486 2648 3556 illustravitque
2688 3486 2786 3556 (ιι).

2208 3578 2324 3634 Hoc
2363 3587 2543 3636 autem
2575 3581 2895 3651 praeclarum
2923 3578 3183 3636 Methodii
3218 3592 3527 3654 syntagma,
3561 3584 3708 3654 quod

2140 3687 2308 3727 unum
2336 3672 2610 3743 integrum
2646 3674 2807 3730 nobis
2839 3675 3074 3730 servavit
3122 3673 3452 3743 antiquitas,
3499 3675 3710 3744 primus

2140 3764 2404 3827 omnium,
2439 3779 2469 3818 e
2507 3779 2610 3818 ms.
2647 3765 2835 3821 codice
2868 3763 3129 3820 Vaticano
3169 3763 3381 3828 Roma,
3413 3767 3706 3836 evulgavit,

2139 3871 2284 3910 anno
2317 3855 2475 3924 1656,
2531 3855 2639 3910 Leo
2687 3857 2962 3924 Allatius;
3017 3859 3109 3927 qui
3135 3864 3189 3912 et
3217 3862 3363 3935 notis
3424 3859 3542 3913 suis
3575 3857 3708 3912 illud

2139 3947 2389 4001 evincere
2446 3961 2740 4018 aggressus
2798 3960 2906 4015 est,
2939 3950 3158 4005 nihlin
3190 3967 3254 4006 eo
3310 3951 3536 4022 reperiri
3563 3951 3708 4021 quod

2147 4037 2415 4092 catholice
2439 4040 2730 4097 catholicis
2758 4042 2984 4096 auribus
3013 4043 3212 4114 exponi
3249 4060 3358 4100 non
3410 4046 3581 4115 possit
3617 4065 3628 4100 :
3663 4047 3748 4134 si.

2138 4145 2244 4200 qua
2279 4145 2408 4186 vero
2429 4131 2745 4188 duriuscula
2783 4144 3097 4201 occurrant,
3129 4137 3220 4190 illa
3267 4139 3516 4193 emollire
3561 4141 3709 4194 omni

2140 4223 2324 4278 studio
2379 4225 2680 4280 contendit.
2716 4227 2874 4282 Anno
2921 4227 3118 4284 deinde
3178 4230 3497 4300 insequente
3547 4231 3706 4296 1657,

2139 4310 2365 4368 Parisiis
2386 4313 2587 4384 prodiit
2619 4315 2941 4371 Conviviqu
2984 4317 3393 4373 Methodianum
3439 4335 3506 4374 ex
3535 4320 3706 4375 inter-

2139 4406 2444 4473 pretatione
2471 4405 2618 4462 Petri
2665 4407 2904 4462 Possinii
2941 4427 2953 4463 :
2988 4411 3076 4463 cui
3139 4419 3492 4466 accesserunt
3542 4413 3707 4467 varia:

465 4507 888 4572 commendavit,
921 4512 1038 4560 tum
1069 4505 1332 4560 adversus
1381 4504 1627 4560 veritatis
1682 4504 1890 4568 hostes,
1922 4511 2036 4558 tum
2071 4512 2112 4567 1)
2145 4498 2407 4553 lectiones
2427 4499 2657 4554 ecodice
2710 4500 3097 4567 Mazariniano,
3147 4517 3272 4556 cum
3304 4505 3582 4562 nonnullis
3611 4507 3707 4562 ob-

467 4601 533 4654 ad
567 4613 722 4654 sacra
760 4599 1014 4670 dogmata
1059 4597 1400 4668 exponenda,
1432 4605 1546 4652 tum
1594 4597 1755 4651 etiam
1813 4595 1881 4650 ad
1913 4596 2040 4651 reli-

470 4693 681 4765 gionem
714 4681 1075 4762 pietatemque
1104 4690 1390 4746 fovendam
1405 4698 1743 4761 comparata,
1763 4689 2038 4745 veteribus

479 4783 561 4853 qui
620 4797 682 4838 ea
736 4783 1112 4854 perlegerunt,
1167 4785 1395 4838 summis
1452 4783 1706 4837 laudibus
1765 4782 2038 4857 celebrata

465 4871 637 4932 iuisse
667 4882 990 4927 noscuntur.
1019 4872 1194 4942 Atque
1218 4873 1425 4926 utinam
1472 4872 1566 4925 illa
1605 4881 1884 4928 exstarent
1915 4888 2034 4927 om-

467 4965 592 5020 nia!
627 4963 822 5035 exigua
845 4964 991 5019 enim
1024 4971 1152 5020 sunt
1184 4979 1248 5018 ac
1296 4963 1504 5027 tenuia,
1534 4964 1578 5018 si
1615 4978 1783 5017 unum
1831 4963 1916 5018 vel
1953 4964 2035 5017 al-

467 5061 646 5109 terum
670 5054 932 5124 excipias,
993 5068 1131 5123 quae,
1171 5053 1284 5108 sive
1313 5063 1618 5124 temporum
1664 5051 1886 5128 injuria,
1913 5052 2027 5106 sive

544 5231 605 5300 (i)
641 5230 841 5301 Baron.
869 5231 935 5286 ad
986 5246 1116 5285 ann.
1148 5229 1274 5296 502,
1311 5228 1338 5301 §
1371 5230 1440 5283 62
1467 5240 1519 5285 et
1551 5231 1605 5285 in
1637 5239 1751 5286 not.
1783 5231 1849 5285 ad
1884 5228 2038 5285 Mar-

471 5303 628 5372 tyrol.
661 5300 810 5372 Rom.
843 5301 898 5356 d.
924 5301 989 5356 18
1018 5311 1137 5370 sept

541 5371 874 5445 (illiolsten.
932 5369 1155 5425 Dissert.
1206 5369 1270 5422 de
1303 5370 1395 5424 vit.
1429 5379 1478 5425 et
1519 5373 1701 5440 script.
1740 5369 2030 5442 Perpliyr.,

467 5444 804 5594 “finiunt.
832 5511 1010 5594 Picti.
1040 5511 1385 5594 defletftod"
1409 5529 1460 5581 p.
1486 5511 1608 5565 5H.
1635 5581 1648 5594 _
1668 5580 1696 5594 η
1900 5580 2004 5594 ΛΜ

543 5580 603 5653 (ι)
639 5583 794 5639 Voss.
823 5583 898 5636 De
931 5583 1073 5636 Hist.
1112 5581 1203 5637 Gr.
1245 5583 1338 5637 lib.
1367 5580 1433 5644 ιι,
1463 5580 1717 5653 captiti,
1745 5596 1868 5652 pag.
1899 5580 2026 5637 245.

540 5651 914 5740 (ιιί)”Ρε³ι·ξᾹ,υ
949 5667 1073 5722 opp.
1107 5653 1282 5721 posth.
1317 5651 1545 5717 chron.,
1571 5651 1789 5709 dissert.
1816 5651 1878 5717 ιι,
1908 5669 2025 5722 cap.

472 5723 562 5786 19,
599 5723 702 5795 ἕῦ,
732 5740 780 5791 p.
814 5723 937 5777 565.

543 5805 618 5850 tnt
652 5795 841 5854 Eniph.
886 5795 1029 5849 Mur.
1059 5808 1203 5879 inv,
1243 5792 1270 5860 §
1303 5792 1391 5847 65.

2143 4589 2547 4645 servationibus
2575 4589 2635 4645 V.
2660 4590 2722 4649 C.
2754 4591 2977 4647 Henriei
3017 4591 3242 4649 Valesii.
3269 4594 3510 4665 Denique
3533 4596 3708 4651 Frana

2141 4682 2322 4737 ciscus
2347 4682 2708 4741 Combeﬁsius
2729 4701 2794 4740 ex
2827 4684 3030 4743 Grmcis
3066 4686 3346 4745 Vaticanis
3375 4698 3428 4744 et
3478 4689 3706 4744 Mazari-

2138 4776 2338 4841 niauis,
2377 4791 2587 4831 necnon
2613 4777 2896 4835 Photianis
2944 4781 3238 4852 excerptis,
3272 4783 3485 4837 collatis
3542 4783 3705 4838 etiam

2137 4867 2319 4922 Allatii
2349 4877 2402 4922 et
2434 4868 2669 4924 Possinii
2706 4872 3074 4936 versionibus,
3102 4873 3267 4950 idem_
3299 4889 3439 4944 opus
3483 4889 3704 4930 rursum

2138 4958 2308 5014 edidit
2335 4958 2564 5015 Parisiis
2595 4977 2739 5016 anno
2768 4961 2930 5030 1672,
2993 4973 3156 5035 atque
3208 4971 3359 5020 tomo
3394 4967 3410 5019 Ι
3458 4966 3707 5021 Auctarii

2138 5053 2407 5106 novissimi
2423 5052 2746 5110 bibliotheca
2772 5053 2994 5110 Patrum
3010 5056 3262 5112 intexuit.

2207 5225 2280 5304 (ο)
2310 5225 2528 5304 ilicrpn.
2551 5229 2841 5304 Comment.
2882 5233 2935 5286 in
2967 5231 3127 5301 Dan.,
3153 5248 3273 5304 cap.
3302 5248 3422 5288 xm.

2313 5294 2391 5372 id.
2423 5300 2496 5372 De
2523 5300 2620 5354 uir.
2645 5302 2751 5368 ill.,
2773 5318 2894 5372 cap.
2924 5304 3013 5358 85.

2212 5365 2285 5438 (q)
2307 5365 2528 5441 Possin.
2566 5365 2775 5441 praefat.
2803 5365 2869 5427 ad
2903 5373 3136 5428 Method.
3164 5373 3382 5429 Canitie.

2133 5443 2276 5527 "(7')
2307 5438 2486 5496 Vales.
2519 5438 2583 5497 ad
2613 5442 2812 5498 Euseb.
2841 5443 2983 5496 Hist.
3015 5445 3142 5498 ecct.
3177 5446 3273 5500 lib.
3301 5461 3380 5511 vi,
3401 5460 3521 5515 cap.
3551 5444 3620 5497 Si
3648 5453 3701 5498 et

2133 5528 2166 5563 0

2169 5529 2273 5650 0is)
2308 5577 2528 5635 Hieron.
2565 5583 2902 5641 lib.tContr.
2932 5583 3188 5659 Ruﬁn.,§
3226 5589 3314 5645 ll.

2202 5650 2265 5701 ttl
2299 5649 2512 5701 Possin-
2546 5654 2582 5701 Ι-
2613 5666 2661 5701 c-

2229 5650 2265 5721 ι)
2299 5650 2512 5707 Possiu.
2545 5654 2582 5708 1.
2613 5666 2661 5708 c.
3019 5650 3029 5657 '
3124 5650 3188 5659 "

2202 5659 2279 5791 iu)
2304 5720 2512 5780 Maran.
2536 5724 2710 5778 Dicin.
2740 5726 2805 5780 ο.
2845 5721 2918 5780 Ν.
2948 5726 3100 5785 1.-(2.
3127 5729 3222 5786 lib.
3258 5747 3331 5798 Iv,
3359 5745 3479 5798 cap.
3525 5727 3615 5794 21»
3644 5741 3696 5797 P-

2129 5791 2386 5847 ἥδε-554.

2266 5815 2368 5845 υῦκΙ
2374 5833 2386 5846 ι
