4052 6338
322 411 389 465 £5

394 521 460 577 Et
510 522 655 578 hanc
708 524 936 595 quidem
996 524 1457 581 Combelisianam
1488 526 1699 582 ἔκδοσιν
1751 530 1895 600 typis

322 614 693 669 excutiendam
719 617 1055 672 curavimus.
1086 615 1274 687 Neque
1325 618 1466 672 enim
1498 627 1682 673 actum
1714 621 1892 690 egisse

324 708 538 762 videtur
559 707 647 761 vir
669 707 897 773 doctus,
922 706 1012 778 qui
1055 710 1223 764 semel
1272 709 1577 780 iterumque
1616 709 1891 781 vulgatum

324 801 586 863 libellum,
619 816 770 855 novo
802 803 956 857 cultu
978 802 1270 872 expolitum
1301 804 1733 873 repraesentavit.
1762 801 1894 871 Ejus

297 881 503 948 'autem
531 892 950 959 adnotationes,
980 893 1185 963 quaead
1219 896 1402 963 operis
1449 897 1651 951 calcem
1686 892 1893 950 incom-

328 986 479 1040 mode
512 984 860 1055 legebantur,
897 988 1062 1041 textui
1092 986 1427 1055 subjeeimus
1469 1003 1572 1042 una
1609 1004 1731 1043 cum
1755 989 1895 1044 sele-

328 1080 588 1135 ctioribus
639 1079 953 1136 Valesianis
995 1100 1009 1136 :
1063 1083 1130 1137 ad
1186 1085 1344 1139 linem
1401 1098 1529 1137 vero
1563 1084 1893 1138 attexuimus

330 1188 458 1243 quas
481 1173 774 1227 adornavit
797 1174 1045 1237 Allatius,
1076 1190 1171 1230 eas
1201 1175 1255 1229 in
1289 1183 1569 1240 contextu,
1606 1176 1853 1246 apposito
1874 1179 1891 1195 ‘

333 1264 646 1318 mdicautes.
704 1263 952 1335 Denique
1004 1280 1113 1336 quo
1164 1264 1377 1320 facilior
1406 1268 1588 1336 operis
1636 1267 1794 1321 lectio
1838 1275 1892 1321 et

333 1371 456 1410 usus
485 1355 766 1416 evaderet.
804 1372 1245 1428 unamquamque
1267 1359 1567 1414 oralionem
1602 1358 1894 1414 Methodia-

334 1463 444 1501 nam
480 1463 674 1503 sumus
700 1449 755 1502 in
791 1449 968 1502 varias
990 1451 1263 1506 sectiones
1290 1451 1497 1521 partiti,
1531 1466 1761 1521 quarum
1809 1452 1893 1505 in-

335 1546 531 1609 tegrum
593 1549 956 1611 conspectum
1019 1558 1120 1613 pro
1164 1557 1315 1599 more
1377 1552 1567 1598 nostro
1632 1543 1884 1598 subdidi-

335 1646 463 1686 ωυς.

400 1722 483 1777 lV.
506 1723 623 1778 Jam
652 1741 789 1780 vero
825 1726 1033 1796 reliqua
1074 1725 1419 1781 Methodiana
1456 1742 1742 1783 recensere
1774 1743 1893 1798 pro-

337 1831 634 1886 sequamur,
660 1834 729 1872 ex
775 1819 923 1874 edito
976 1818 1375 1875 Combelisiano
1424 1820 1653 1875 Parisiis
1689 1822 1742 1875 in
1772 1821 1911 1895 vul—_

338 1924 427 1978 gus
470 1910 668 1966 emisso
711 1925 859 1964 anno
885 1910 1021 1967 1644
1074 1913 1322 1983 repetita.
1374 1912 1679 1967 Convivium
1708 1914 1889 1983 itaque

340 2001 499 2056 decem
524 2004 787 2074 virginum
818 2006 1016 2077 exeipit
1038 2006 1176 2063 liber
1202 2006 1279 2061 De
1338 2006 1498 2061 libero
1535 2005 1762 2060 arbitrio
1788 2006 1888 2060 ad-

342 2110 513 2151 versus
568 2094 983 2154 V—ai‘entinianos
1042 2098 1098 2153 in
1160 2098 1349 2169 primis
1375 2105 1430 2153 et
1470 2097 1790 2168 Origenem;
1822 2097 1889 2151 ad

339 2199 486 2261 quem
509 2190 701 2245 doctus
734 2189 909 2247 editor
939 2190 1040 2245 ista
1074 2190 1332 2259 prmfalur
1368 2188 1442 2261 (υ)
1475 2207 1533 2243 ει
1560 2188 1783 2252 Damus,
1804 2190 1888 2242 in-

340 2284 465 2353 quit.
494 2284 595 2339 hoc
625 2299 764 2347 opus
793 2298 928 2353 pene
966 2284 1259 2353 integrum,
1297 2282 1476 2336 tribus
1507 2296 1602 2337 seu
1639 2279 1888 2349 partibus

339 2392 430 2432 seu
459 2379 724 2447 excerplis
743 2386 1084 2448 congestum.
1120 2376 1415 2431 Exordium
1462 2376 1889 2444 nonnullamque

338 2478 534 2540 partem
565 2472 806 2541 corporis
839 2471 1080 2526 ediderat
1104 2470 1343 2525 Joannes
1369 2468 1636 2523 Meursius
1658 2468 1759 2538 (π),
1786 2482 1886 2522 ceu

339 2562 528 2618 librum
560 2564 847 2634 integrum,
880 2579 948 2618 ne
980 2564 1171 2617 leviter
1227 2562 1444 2631 quidem
1485 2561 1763 2615 insinuato
1792 2559 1886 2613 de-

340 2654 495 2721 fectu,
525 2671 683 2726 quem
706 2656 898 2711 titulus
927 2657 1062 2710 satis
1088 2656 1373 2725 arguebat.
1426 2652 1561 2706 Nam
1591 2652 1729 2707 nihil
1766 2659 1885 2707 erat

339 2756 443 2802 tota
482 2751 723 2805 oratione
760 2748 827 2803 de
857 2748 1030 2802 libero
1077 2746 1328 2810 arbitrio,
1360 2745 1518 2815 cujus
1553 2745 1643 2799 ille
1684 2753 1885 2801 tracta-

340 2840 533 2895 tionem
555 2840 845 2895 indicabat.
872 2836 1103 2908 Reliqua
1141 2836 1371 2892 mutuati
1408 2852 1596 2892 sumus
1636 2852 1703 2892 ex
1741 2835 1883 2891 Pho-

338 2930 490 2983 tianis
521 2929 615 3000 (y),
646 2936 872 2999 excepto
901 2928 1116 2998 egregio
1139 2927 1252 2992 illo,
1284 2926 1352 2981 ad
1379 2926 1561 2990 linem,
1602 2934 1880 2997 excerpto,

344 3019 404 3073 de
422 3020 539 3090 ipso
576 3035 761 3075 revera
812 3019 983 3074 libero
1007 3019 1253 3083 arbitrio,
1284 3018 1427 3089 quod
1458 3017 1524 3071 Β.
1553 3016 1616 3071 Ρ.
1646 3016 1882 3073 Jacobus

340 3108 647 3169 Sirmondus
682 3114 737 3166 S.
770 3111 816 3165 J.
852 3112 1246 3168 humanissime
1294 3109 1553 3167 utendum
1584 3109 1754 3175 dedit,
1786 3126 1883 3165 cu-

339 3203 418 3272 ius
459 3204 617 3259 etiam
666 3202 891 3258 Photius
946 3203 1177 3274 paucula
1224 3202 1609 3271 exscripserat,
1669 3211 1724 3256 et
1772 3216 1882 3270 quo

339 3292 537 3346 videtur
586 3291 885 3348 Methodius
936 3292 1202 3348 clausisse
1256 3292 1454 3346 librum
1510 3292 1712 3358 istum;
1770 3292 1878 3346 nisi

342 3382 463 3438 [orte
514 3384 782 3454 aliquibus
809 3384 1005 3439 additis
1056 3386 1122 3439 ad
1159 3394 1435 3448 ornatum,
1478 3400 1599 3454 quae
1628 3383 1878 3449 Photius,

342 3476 433 3528 soli
460 3476 716 3531 doctrinm
761 3477 1002 3541 studens,
1055 3494 1165 3533 non
1216 3478 1561 3533 delibaverit.
1608 3475 1880 3532 Nonnulla

345 3566 661 3623 offenderunt
690 3571 745 3623 in
781 3571 1073 3640 interprete
1125 3570 1341 3637 Pbotii;
1388 3579 1447 3625 ut
1492 3571 1695 3625 l'uerint
1715 3571 1879 3625 etiam

344 3659 450 3728 ejus
495 3660 561 3715 de
612 3661 824 3731 integro
876 3663 1183 3729 reddenda;
1234 3671 1290 3718 et
1341 3678 1450 3733 quo
1502 3663 1665 3717 etiam
1689 3663 1878 3718 eodem

337 3752 465 3824 stylo
494 3754 799 3823 interpretis
827 3754 1142 3809 decurreret
1164 3765 1275 3809 tota
1303 3756 1498 3810 oratio.
1542 3775 1561 3807 ι
1604 3753 1879 3810 Hactenus

338 3847 440 3901 ille.
470 3845 564 3902 Est
586 3856 761 3903 autem
788 3848 926 3903 liber
955 3848 1268 3918 huiusmodi
1295 3848 1361 3902 ad
1418 3848 1649 3903 formam
1678 3848 1878 3917 dialogi

336 3940 665 4011 conscriptus
711 3942 854 3996 inter
901 3940 1340 3997 Valentinianum
1372 3949 1427 3996 et
1479 3940 1874 4005 Orthodoxum,

336 4047 487 4105 super
512 4036 854 4091 vexatissima
884 4038 1183 4106 quaestione
1214 4039 1277 4091 de
1303 4037 1502 4105 origine
1524 4036 1681 4089 mali:
1712 4035 1878 4089 adeo-

338 4143 455 4198 que.
481 4144 589 4198 quo
626 4129 827 4185 clarius
868 4129 1134 4185 orationis
1194 4136 1483 4185 contextus
1517 4127 1791 4199 procedat,
1820 4128 1876 4181 in

335 4221 556 4277 editione
582 4230 766 4277 nostra
786 4237 1046 4293 personas
1076 4222 1449 4291 colloquentes
1469 4221 1824 4277 distinximus
1858 4238 1872 4274 :

335 4310 627 4369 Combelisii
646 4315 1070 4379 observationes,
1089 4330 1208 4384 quae
1232 4315 1465 4385 primum
1496 4315 1699 4384 longea
1724 4320 1878 4367 textu

334 4396 615 4463 distabant,
648 4404 763 4456 suis
816 4418 1063 4473 quasque
1108 4403 1246 4458 locis
1271 4404 1637 4467 restituimus,
1668 4402 1877 4457 notulis

335 4492 596 4546 nonnullis
619 4493 816 4548 alicubi
844 4494 1131 4563 inspersis.
1168 4494 1323 4561 Quod
1369 4496 1585 4566 quidem
1618 4501 1673 4550 et
1703 4494 1758 4548 in
1787 4509 1865 4549 re-

1803 406 2096 471 NOTITIA.

3490 422 3556 469 13

1926 528 2105 599 Alogi
2159 531 2466 599 composuit
2523 543 2743 589 sanctus
2800 530 2982 599 Pater,
3038 522 3447 607 inscripsitque,
3499 544 3557 589 ut

1995 620 2227 685 videtur,
2259 620 2559 693 Theophilo
2592 625 2830 687 cuidam.
2861 643 3022 697 quem
3053 628 3340 699 κράτιστον
3368 630 3553 699 appel-

1994 712 2071 765 lat
2133 713 2209 783 (n)
2291 712 2346 767 In
2397 730 2461 769 eo
2510 727 2687 771 aulem
2757 717 3090 773 inducuntur
3142 718 3449 777 Methodius
3501 725 3556 776 et

1993 803 2296 859 Auxentius
2330 820 2452 859 cum
2492 806 2816 877 Origenistis
2858 808 3050 865 Proclo
3091 820 3145 866 et
3182 812 3558 884 Aglaophonte‘

1994 896 2362 965 colloquentes
2396 913 2489 952 seu
2521 899 2879 969 disputantes.
2907 899 3023 955 Jam
3051 902 3140 956 diu
3163 919 3410 975 magnam
3430 919 3559 975 par-

1996 995 2100 1040 tem
2134 987 2449 1057 deperditus
2469 988 2717 1060 dialogus
2741 992 2863 1046 iste.
2893 992 3023 1061 Ejus
3052 1002 3229 1051 tamen
3252 996 3557 1067 fragmenta

1995 1080 2133 1134 satis
2166 1082 2343 1151 ampla
2367 1089 2584 1136 exstant
2611 1094 2722 1136 tum
2755 1084 2896 1154 apud
2917 1083 3273 1154 Epiphanium
3307 1089 3403 1160 (ὁ),
3443 1097 3559 1144 tum

1993 1172 2133 1241 apud
2165 1170 2416 1226 Photium
2454 1173 2547 1246 (c),
2585 1175 2676 1243 qui
2711 1184 2764 1229 et
2810 1191 2876 1231 ex
2911 1177 3100 1231 eodem
3133 1193 3298 1248 opere
3322 1197 3562 1252 compertal

1994 1266 2199 1319 diosam
2229 1267 2605 1334 expositionem
2636 1269 2898 1323 dictorum
2922 1274 3277 1341 quorumdam
3300 1276 3556 1343 apostoli-

1994 1374 2194 1422 corum,
2260 1358 2533 1414 Methodio
2590 1376 2716 1416 vere
2782 1362 3024 1432 dignam,
3094 1366 3254 1421 nobis
3299 1369 3554 1425 servavit.

1993 1449 2260 1504 Nonnulla
2298 1451 2423 1504 item
2464 1452 2605 1521 apud
2635 1450 2900 1528 Joannem
2934 1453 3327 1512 Damascenum
3362 1458 3438 1532 (ά)
3462 1476 3557 1515 oc‘

1992 1550 2239 1596 currunt.
2270 1541 2434 1596 Plura
2462 1543 2527 1600 de
2550 1543 2652 1599 hoc
2684 1561 2845 1616 opere
2883 1548 3094 1602 erudite
3125 1550 3379 1606 observat
3412 1553 3560 1606 Aliae

1994 1635 2101 1689 tius
2135 1633 2225 1705 (e).

2063 1727 2282 1781 Interim
2337 1742 2468 1782 vero
2520 1745 2680 1799 quem
2736 1730 3016 1801 sequimur
3069 1735 3331 1792 editorum
3369 1739 3557 1795 audiaa

1993 1833 2115 1872 mus
2156 1818 2243 1888 (Ι).
2284 1840 2301 1871 ι
2345 1820 2689 1891 Quanquam,
2734 1822 2931 1894 inquit,
2981 1824 3251 1884 insidebat
3314 1830 3555 1896 animus,

1921 1895 1960 1950 Β
1992 1918 2051 1964 ut
2084 1910 2425 1967 Methodiana
2456 1915 2637 1969 omnia
2671 1915 2981 1986 Epiphanii,
3010 1936 3133 1974 cum
3175 1922 3298 1977 aliis
3326 1939 3448 1994 qua:
3471 1941 3555 1981 oe-

1993 2005 2560 2075 currissentejusdem
2606 1993 2883 2075 Methodii,
2925 2011 2979 2065 in
3021 2030 3190 2068 unum
3248 1993 3555 2087 comporta‘

1990 2111 2127 2162 rem,
2156 2099 2586 2169 nonnullamque
2617 2100 2670 2154 in
2699 2103 2781 2156 eis
2814 2105 3154 2173 corrigendis
3186 2123 3307 2177 qua:
3361 2109 3553 2180 depra-

1989 2194 2113 2238 vata
2146 2187 2435 2241 admodum
2496 2187 2762 2254 viderem,
2794 2206 3013 2261 operam
3070 2208 3350 2263 ponerem,
3388 2196 3555 2253 inlreJ

1990 2278 2065 2347 git
2096 2285 2274 2333 tamen
2298 2291 2549 2335 conatum
2574 2281 2756 2351 inopia
2774 2283 3057 2338 meliorum
3086 2286 3357 2351 codicum,
3389 2304 3553 2360 quam

1989 2372 2193 2441 quibus
2230 2380 2378 2427 esset
2410 2389 2543 2429 usus
2573 2374 2931 2444 politissimus
2975 2377 3245 2448 interpres
3267 2379 3555 2451 Epiphanil

1988 2463 2244 2522 Petavius
2263 2465 2320 2521 S.
2346 2465 2420 2531 1.,
2455 2482 2630 2537 eoque
2653 2467 2788 2523 satis
2814 2484 2844 2524 e
2868 2484 2927 2524 re
2953 2468 3222 2527 facturum
3266 2473 3418 2539 duxi,
3443 2491 3555 2531 moi

1988 2555 2059 2611 do
2091 2571 2152 2611 ea
2188 2563 2399 2611 tantum
2429 2573 2494 2612 ex
2538 2556 2678 2610 libro
2706 2558 2796 2613 illo
2849 2557 2926 2613 De
2963 2561 3364 2628 resurrectione,
3390 2578 3555 2633 quem

1986 2650 2207 2704 circiter
2230 2649 2467 2704 medium
2506 2648 2869 2720 exscripsisse
2888 2666 2948 2707 se
2985 2651 3104 2722 ipse
3134 2653 3405 2724 signiﬁcat
3424 2654 3554 2727 Epi-

1985 2742 2221 2814 phanius
2276 2741 2343 2796 ad
2395 2740 2577 2806 ﬁnem,
2615 2742 2683 2797 de
2716 2756 2856 2797 novo
2910 2743 3147 2809 ederem,
3180 2762 3303 2816 qua
3358 2748 3557 2804 veles4

1986 2842 2108 2888 sent
2139 2849 2279 2888 nova
2314 2842 2369 2889 et
2416 2833 2699 2897 ἀνέκδοτα,
2728 2833 2813 2888 vel
2871 2842 2932 2888 ut
2971 2850 3136 2899 nova,
3172 2837 3557 2894 emendations

1985 2930 2168 2980 textus
2196 2939 2299 2994 ope
2329 2923 2583 2979 codicum
2634 2923 2945 2989 meliorum,
2996 2939 3247 2996 novaque
3285 2927 3555 2997 quodam-F

1985 3015 2168 3078 modo,
2220 3014 2669 3084 interpretatione
2692 3022 2903 3078 nostra,
2938 3013 3112 3070 videri
3154 3022 3398 3085 possent.
3438 3015 3552 3072 Du-

1983 3108 2110 3179 plici
2141 3106 2209 3163 ad
2239 3108 2343 3163 hoc
2368 3108 2557 3163 codice
2573 3107 2656 3162 usi
2688 3120 2901 3173 sumus,
2931 3108 3103 3163 altero
3133 3109 3551 3166 eminentissimi

1984 3199 2281 3255 cardinalis
2334 3198 2726 3269 Rupil‘ucaldii,
2765 3214 2874 3270 quo
2932 3200 3123 3271 grandi
3156 3200 3434 3257 volumine
3483 3212 3554 3257 ac‘

1984 3293 2305 3362 perantiquo
2337 3292 2605 3346 habentur
2656 3292 2931 3346 Elementa
2986 3290 3344 3360 Damasceni;
3377 3295 3551 3350 altero

1984 3384 2049 3440 Β.
2083 3382 2146 3438 Ρ.
2183 3382 2460 3438 Sirmondi
2513 3383 2571 3438 S.
2597 3382 2646 3437 J.
2682 3392 2735 3438 et
2780 3383 2900 3453 ipso
2948 3384 3192 3454 antiquo,
3257 3386 3552 3443 collectore

1984 3490 2255 3547 anonymo
2309 3476 2570 3531 adversus
2620 3474 3013 3545 Eutychianos,
3064 3490 3163 3531 sua
3210 3477 3333 3547 ipso
3382 3493 3550 3535 manu

1980 3568 2326 3624 exscribeute
2352 3567 2756 3637 humaniusque
2787 3575 3128 3639 suggerente,
3158 3583 3259 3643 pro
3289 3582 3387 3623 sua
3432 3571 3551 3639 illa,

1981 3661 2128 3717 omni
2165 3660 2328 3715 modo
2355 3660 2693 3715 illustrandae
2723 3661 3066 3730 antiquitatis
3117 3676 3219 3717 suo
3259 3662 3549 3734 alienoque

1979 3754 2190 3809 calamo
2218 3793 2237 3821 ,
2282 3764 2473 3824 vegeta
2531 3754 2587 3808 in
2644 3753 2801 3809 senili
2832 3768 3060 3824 corpore
3096 3758 3483 3825 propensione.
3522 3772 3549 3811 ν

1977 3843 2147 3901 Porro
2194 3844 2336 3900 idem
2367 3844 2565 3909 editor,
2596 3844 2660 3900 ad
2693 3853 2949 3915 excerpta
2989 3845 3253 3901 Phoriana
3280 3848 3429 3919 quod
3465 3858 3549 3904 at-

1977 3938 2136 4007 tinet,
2202 3938 2317 3992 haec
2369 3937 2552 3993 subdit
2582 3936 2694 4008 (g):
2750 3956 2769 3989 ‹
2824 3936 3119 3993 Videamur
3173 3938 3313 3995 forte
3363 3949 3550 3997 aetum

1978 4043 2159 4099 agere,
2183 4028 2274 4097 qui
2301 4026 2646 4082 Methodiana
2679 4026 2793 4081 haec
2823 4026 2936 4096 jam
2992 4028 3138 4091 data,
3168 4029 3300 4085 dare
3343 4031 3547 4086 iterum

1976 4134 2354 4190 procuramus.
2414 4118 2601 4176 Fuerit
2660 4123 3049 4190 nihilominus,
3102 4132 3164 4179 ut
3212 4128 3547 4185 accuratiori

1976 4227 2160 4282 opera,
2215 4213 2395 4283 qualis
2427 4212 2541 4269 fere
2578 4221 2663 4269 est
2723 4216 2972 4286 angustis
3027 4219 3275 4276 terminis
3295 4219 3546 4287 deﬁnita,

1974 4306 2099 4361 novi
2122 4306 2324 4376 aliquid
2359 4307 2681 4362 illustrando
2731 4307 3003 4366 Methodio
3034 4319 3249 4377 nostro,
3312 4315 3434 4370 aliis
3459 4316 3543 4370 vel

1973 4398 2217 4469 neglecta
2269 4399 2352 4454 vel
2400 4401 2583 4453 minus
2631 4410 2937 4473 perspecta,
2992 4403 3099 4458 alio
3154 4404 3547 4463 festinantibus

1975 4488 2349 4558 grandiusque
2379 4489 2735 4547 molientibus
2760 4507 2919 4561 opus.
2954 4492 3319 4550 inveniamus.
3354 4497 3547 4568 Itaque

334 4580 485 4651 liquis
502 4600 598 4638 nos
622 4585 960 4655 praestitisse,
996 4587 1087 4640 hic
1114 4588 1282 4642 semel
1308 4587 1583 4641 indicasse
1618 4585 1869 4640 sulliciat.
1904 4596 1947 4649 n
1976 4595 2169 4635 novam
2224 4582 2533 4637 versionem
2586 4581 2738 4653 (num
2765 4596 2885 4637 eam
2919 4583 3191 4649 inutilem.
3241 4586 3339 4643 ³1ἱί
3367 4604 3426 4643 re
3454 4590 3541 4644 in-

396 4672 456 4728 V.
482 4673 791 4745 Sequuntur
818 4688 1072 4748 excerpta
1098 4694 1163 4733 ex
1204 4678 1345 4733 libro
1380 4678 1457 4732 De
1488 4679 1867 4732 resurrectione

334 4774 504 4820 contra
537 4767 837 4840 Origenem,
875 4786 1033 4842 quem
1075 4779 1303 4826 sanctus
1345 4770 1705 4843 Hieronymus
1740 4785 1866 4837 opus

333 4860 573 4927 megium
604 4862 854 4933 appellat.
886 4861 1163 4918 Laudatur
1187 4864 1324 4918 etab
1350 4862 1637 4917 Eustathio
1683 4862 1868 4917 Antio-

330 4951 491 5007 cheno
531 4954 615 5008 his
663 4955 836 5009 verbis
861 4953 934 5026 (z)
967 4974 981 5010 :
1031 4955 1291 5018 Μεθὸδιος
1323 4955 1351 5007 ὁ
1378 4957 1477 5025 τῆς
1522 4953 1680 5022 ἁγίας
1719 4952 1865 5017 ἄξιος

330 5044 554 5113 μνήμης,
581 5045 809 5117 ἔγραψεν
830 5044 1192 5117 ἀποχρώντως
1218 5050 1297 5110 εἰς
1322 5047 1439 5100 τόδε
1477 5046 1536 5098 τὸ
1561 5045 1822 5118 θεώρημα
1845 5084 1861 5110 ,

325 5152 376 5189 κ.
402 5146 452 5190 τ.
481 5136 527 5190 λ.
557 5137 609 5191 id
631 5149 731 5201 est,
770 5139 965 5193 Allatio
985 5141 1274 5210 interprete
1311 5158 1330 5190 ι
1360 5158 1372 5193 :
1404 5137 1707 5194 Methodius
1734 5154 1862 5193 san-

325 5233 424 5279 cta:
453 5229 715 5283 memoria:
752 5229 806 5283 in
838 5228 968 5284 illud
989 5230 1277 5300 quasitum
1310 5230 1445 5286 satis
1476 5230 1691 5285 abunde
1720 5230 1859 5285 scri-

324 5318 443 5387 psit,
480 5338 501 5371 ι
536 5329 637 5374 etc.
671 5320 730 5375 Et
761 5322 906 5378 hunc
921 5338 1140 5394 quooue
1176 5323 1373 5379 librum
1400 5322 1470 5378 ad
1496 5322 1725 5380 formam
1752 5322 1864 5378 dias

409 5455 453 5530 ο)
474 5456 711 5530 (_Jombel.
731 5456 786 5512 in
804 5467 928 5530 _not.
956 5460 1022 5514 ad
1043 5460 1301 5522 Method.,
1328 5475 1384 5530 ι).
1412 5458 1536 5515 462.

406 5528 459 5595 9;)
491 5527 684 5583 Meurs.
713 5530 764 5582 in
804 5528 1010 5586 Verior.
1041 5533 1198 5585 divin.
1234 5527 1389 5587 libro.

381 5599 456 5667 (y)
487 5598 636 5653 Phot.
658 5599 795 5653 Bibl.
828 5602 948 5656 cod.
980 5617 1231 5657 ccxxxvt.

385 5668 455 5742 (ι)
477 5668 727 5742 Ειιδιεηῂ.
756 5669 831 5723 De
858 5683 1109 5742 engaslr.,
1141 5689 1192 5742 p.
1224 5673 1345 5728 594.

385 5690 456 5808 t3;
484 5690 727 5725 DllSlaln.
756 5690 831 5723 ue
858 5690 1109 5795 ενὲιαδινη
1141 5690 1192 5742 p.
1224 5690 1345 5728 ous.

318 5737 432 5863 59$:
476 5738 708 5795 Method.
737 5744 875 5811 apud
924 5743 1113 5813 ‘piph.,
1128 5758 1253 5814 opp.
1280 5753 1410 5800 tom.
1438 5742 1477 5811 l,
1507 5742 1703 5815 p.540,
1728 5742 1854 5809 56",

381 5879 451 5940 (ὁ)
478 5878 669 5945 Epiph.
697 5880 839 5937 Hier.
870 5898 1011 5939 uiv.

1976 4679 2161 4741 specta
2215 4675 2535 4746 collatisque
2578 4673 2833 4731 omnibus
2865 4677 3211 4753 censuerint)
3232 4679 3300 4735 ad
3349 4680 3541 4737 Graeca

1973 4779 2385 4835 componemus,
2443 4765 2782 4838 subindeque
2834 4770 3166 4837 notabimus,
3193 4773 3239 4827 si
3295 4775 3426 4844 quid
3472 4789 3538 4832 ex

1972 4858 2117 4921 aliis,
2145 4859 2447 4929 praesertim
2476 4859 3014 4928 Methodianis,lucis
3040 4865 3245 4935 aliquid
3272 4881 3339 4921 ex
3368 4867 3539 4923 colla~

1970 4950 2120 5004 tione
2153 4949 2343 5006 all'erre
2364 4951 2553 5021 possit.
2589 4951 2862 5011 Habemus
2887 4963 3084 5026 praeter
3102 4957 3367 5027 impressa
3396 4958 3543 5014 Phoa

1970 5043 2055 5105 tii,
2107 5045 2270 5098 etiam
2328 5046 2603 5117 exscripta
2640 5047 2778 5102 “olim
2807 5062 2838 5101 a
2861 5047 2927 5104 R.
2959 5047 3022 5104 P.
3065 5048 3385 5115 Sirmondo,
3417 5068 3539 5125 quae

1968 5136 2182 5204 possint
2214 5136 2337 5190 usui
2366 5150 2508 5194 esse.
2546 5156 2566 5190 ι

2042 5226 2157 5283 Huc
2183 5245 2355 5301 usque
2380 5228 2744 5287 Combelisius
2768 5252 2782 5289 :
2816 5234 2909 5304 qui
2941 5233 3203 5308 deinceps
3231 5229 3413 5295 nobile
3442 5255 3541 5295 eis

1966 5329 2211 5391 cerptum
2242 5338 2307 5377 ex
2333 5321 2524 5377 eodem
2556 5322 2698 5379 libro
2725 5324 2803 5379 De
2835 5330 3234 5389 resurrectione.
3276 5329 3536 5401 deprome

2064 5460 2111 5521 c)
2145 5458 2302 5514 Phot.
2347 5460 2484 5515 Bibl.
2527 5461 2649 5517 cod.
2685 5474 2934 5520 ccxxxiv.

2064 5464 2111 5521 c)
2146 5464 2302 5514 Phot.
2347 5464 2484 5515 Bibl.
2527 5464 2649 5517 cod.
2685 5474 2934 5520 ccxxxiv.

2038 5464 2295 5655 ἒιζᾴιοίιη.
2329 5530 2577 5597 Damasc.
2626 5548 2767 5588 orat.
2796 5536 2831 5589 5
2863 5535 2940 5590 De
2964 5537 3207 5608 imagin,
3234 5555 3361 5611 opp.
3394 5550 3435 5596 t.
3462 5535 3528 5603 Ὗ,

1962 5602 2291 5743 ν’(ῗξῖιιει.
2338 5672 2511 5730 Diatr.
2556 5677 2621 5731 de
2676 5676 2910 5735 Method.
2980 5680 3162 5749 script.
3203 5698 3326 5755 pag.
3385 5681 3535 5747 554,

1960 5757 2372 5893 δθῗῧᾯρῃῲθῐ.
2410 5817 2604 5893 in_not.
2644 5822 2707 5876 ad
2733 5820 2970 5877 Method.
2998 5837 3051 5893 ρ.
3082 5823 3215 5877 ΜΩι

2034 5889 2105 5957 (9)
2142 5884 2277 5940 ibid.
2313 5902 2431 5959 pag.
2462 5887 2585 5942 κθ.
