4052 6338
471 424 536 476 15
1379 417 1438 470 S.
1481 412 1880 470 METHODIUS
1913 409 2289 466 EPISCOPUS
2326 408 2412 461 ET
2453 405 2766 461 MARTYR.
3543 439 3550 442 -
3619 403 3683 456 16

468 551 620 610 ptum
650 555 681 596 e
709 539 914 594 Catena
969 535 1385 592 eminentissimi
1437 534 1733 589 cardinalis
1763 531 2023 587 Mazarini
2052 537 2099 592 Α
2126 529 2331 600 eﬂugit.
2367 527 2441 582 Ex
2477 525 2821 579 Methodiano
2852 535 3101 576 sermone
3137 519 3213 573 De
3242 517 3562 590 martyribus
3595 533 3687 573 ex-

469 640 523 686 ct
547 631 899 693 Corderiana,
942 627 1130 682 Latine
1162 627 1401 698 vulgavit
1424 627 1501 699 (Ii)
1557 626 1613 679 in
1661 640 1756 680 sua
1819 624 2024 678 Biblio-

469 723 615 780 theca
639 721 1046 784 cancionatoria,
1066 719 1298 784 tom..ll,
1329 735 1451 790 pag.
1485 717 1614 782 265,
1641 733 1781 786 seq.,
1819 731 1926 787 qua
1961 715 2028 770 de

468 834 528 872 re
570 817 796 888 ipsemet
824 815 1153 870 mentionem
1198 814 1375 884 injicit
1435 814 1490 867 in
1519 814 1787 867 recensitis
1841 822 2026 866 aucto-

468 909 612 962 ribus
644 906 887 976 ejusdem
906 905 1258 971 Bibliotheca’,
1285 913 1418 959 tom.
1451 904 1491 970 l,
1525 922 1646 976 pag.
1680 905 1768 960 50.
1799 902 1854 958 1d
1879 919 2027 958 emo-

471 999 693 1053 lumenti
739 1013 850 1068 prae
899 997 1110 1052 caneris
1157 1013 1220 1050 ex
1258 996 1520 1065 praeclaro
1552 995 1658 1050 islo
1723 994 2026 1065 fragmento

469 1105 746 1160 emergere
776 1089 1048 1153 novimus,
1079 1087 1222 1159 quod
1253 1103 1318 1141 ex
1369 1102 1432 1140 eo
1457 1087 1682 1142 alterius
1703 1087 1808 1142 loci
1838 1085 2027 1139 αὐθεν-

467 1181 558 1235 τία
617 1179 989 1242 conﬁrmatur,
1023 1192 1053 1230 a
1104 1175 1310 1233 Joanne
1372 1175 1708 1231 Damasceno
1744 1176 1895 1230 relati
1921 1175 2021 1245 (i):

469 1273 758 1342 utrobique
785 1271 930 1326 enim
985 1281 1207 1326 sanctus
1234 1271 1324 1325 ille
1377 1279 1580 1340 martyr
1610 1269 1912 1338 dogmatice
1946 1283 2032 1322 ar-

467 1366 582 1436 guit
611 1379 639 1417 a
663 1363 966 1434 principum
998 1362 1065 1416 ad
1088 1377 1272 1418 sacras
1305 1361 1585 1432 imagines,
1605 1361 1736 1414 utin
1757 1361 2022 1431 utrisque,

467 1455 663 1509 honori
691 1453 775 1508 vel
801 1451 1140 1507 contumeliae
1161 1451 1423 1506 habeatur
1436 1459 1762 1522 prototypon
1775 1460 1827 1506 et
1847 1467 2027 1506 exem-

466 1544 585 1613 plar
620 1562 632 1598 :
669 1543 851 1598 verbis
881 1551 1006 1597 utor
1023 1542 1246 1598 editoris
1267 1543 1439 1598 nostri
1467 1543 1534 1597 ad
1563 1544 1717 1614 prius
1756 1543 2026 1615 fragmen-

467 1643 580 1688 tum
619 1634 1008 1690 eDamasceno
1067 1635 1429 1706 desumptum.
1476 1635 1630 1702 Quod
1664 1636 1880 1707 quidem
1933 1651 2025 1692 ea-

465 1735 687 1797 propter
710 1727 1030 1782 observasse
1052 1729 1309 1798 oportuit,
1342 1734 1401 1783 ut
1465 1728 1820 1799 improvidam
1844 1728 2022 1783 homi-

465 1820 552 1874 nis
579 1819 896 1876 lieterodoxi
925 1818 990 1891 (j)
1023 1835 1310 1874 censuram
1340 1821 1693 1886 dilueremus,
1721 1819 1814 1892 qui
1843 1835 1912 1875 ne
1935 1835 2025 1877 sa-
2109 1863 2118 1875 .

2135 621 2280 674 hibet
2314 617 2445 672 illud
2467 615 2839 670 Theodoretus
2859 612 2951 683 (ᾳ).

2202 711 2484 767 Accedunt
2530 709 2773 776 ejusdem
2827 703 3080 759 Methodii
3126 702 3359 758 homilizc
3385 701 3524 763 dum,
3552 714 3689 769 qua-

2135 822 2252 860 rum
2286 806 2478 867 altera,
2507 801 2582 856 De
2604 800 2855 870 Symeene
2885 807 2933 851 et
2952 797 3125 864 Anna,
3156 813 3255 866 quo
3275 796 3358 848 die
3378 794 3601 848 Domino
3631 793 3687 846 in

2135 897 2323 966 templo
2373 904 2744 957 occurrerunt,
2792 890 3138 955 inscribitur;
3178 888 3367 951 altera,
3407 885 3469 940 In
3509 901 3688 939 ramos

2137 988 2464 1041 Palinurum.
2503 985 2570 1038 Et
2603 985 2670 1038 ad
2697 999 2790 1038 eas
2849 981 3064 1053 quidem
3095 981 3208 1034 haec
3236 980 3394 1033 habet
3421 975 3690 1032 Combcﬁ-

2134 1079 2248 1134 sius
2279 1078 2346 1149 (r)
2387 1098 2398 1132 :
2434 1096 2451 1127 ‹
2489 1075 2800 1132 Orationem
2834 1075 2888 1128 in
2921 1072 3244 1144 Symeonem
3285 1077 3338 1124 et
3393 1069 3600 1122 Annam
3632 1067 3688 1120 in

2133 1169 2220 1223 die
2245 1167 2544 1232 Occursus,
2573 1166 2846 1236 vulgatam
2881 1166 3112 1233 primum
3137 1162 3298 1216 Petro
3326 1158 3575 1223 Pantino,
3602 1171 3689 1210 re-

2133 1270 2542 1332 prazsentamus,
2577 1258 2847 1326 simulque
2873 1255 3054 1324 aliqua
3090 1253 3144 1307 in
3187 1253 3332 1306 notis
3357 1250 3684 1311 indicamus,

2131 1356 2329 1425 quibus
2363 1355 2427 1409 ad
2451 1368 2645 1407 novam
2676 1352 2974 1407 versionem
3034 1357 3156 1418 post
3200 1346 3346 1400 illam
3407 1343 3688 1397 Pantinia-

2132 1463 2257 1502 nam
2283 1445 2489 1500 inducti
2517 1458 2726 1500 sumus.
2785 1441 2920 1496 Esse
2953 1446 3132 1493 autem
3179 1436 3420 1506 ejusdem
3485 1432 3688 1489 oratio-

2130 1553 2254 1593 nem
2286 1537 2425 1592 lianc
2453 1534 2956 1595 luculentissimam,
2987 1529 3143 1599 cujus
3178 1536 3304 1584 sunt
3345 1524 3688 1597 Symposiaca

2131 1626 2194 1682 de
2216 1627 2477 1690 castitate,
2509 1632 2563 1679 et
2587 1622 2838 1678 Methodii
2872 1617 3015 1675 illitis
3044 1617 3379 1688 Origenianis
3408 1614 3704 1670 erroribus,

2131 1717 2506 1780 infensissinii,
2537 1717 2653 1786 ipse
2681 1724 2867 1768 auctor
2895 1711 3026 1766 satis
3055 1709 3320 1779 expressit
3347 1707 3438 1778 (s),
3473 1715 3532 1760 ut
3565 1705 3685 1759 nul-

2132 1813 2216 1866 lus
2247 1811 2319 1866 sit
2347 1807 2637 1863 dubitandi
2659 1807 2829 1860 locus.
2866 1802 3184 1858 lnscribitur
3208 1798 3490 1868 ὲπισκόπῳ
3516 1796 3685 1850 Πατά-

467 1925 684 1965 crarum
715 1910 1012 1981 imaginum
1043 1910 1248 1965 cultum
1272 1925 1567 1980 agnoscere
1583 1917 1887 1981 cogeretur,
1917 1909 2029 1978 jam
2059 1898 2102 1954 B
2133 1920 2262 1974 ρων,
2287 1902 2373 1956 cui
2407 1901 2568 1955 etiam
2604 1897 2970 1952 Damascenus
2999 1895 3053 1948 in
3111 1892 3394 1946 Elementis
3420 1906 3527 1945 non
3561 1899 3684 1944 tan-

467 1999 666 2054 saeculo
698 2015 760 2054 ιιι
782 1999 1061 2057 desinente
1089 2003 1266 2056 sancti
1287 1999 1544 2056 Methodii
1605 1999 1932 2055 auctoritate
1964 2014 2028 2053 ac

466 2090 713 2145 doctrina
733 2089 1039 2158 ﬁrmatum,
1075 2090 1303 2147 Joannis
1357 2090 1677 2146 Damasceni
1725 2089 1883 2146 ﬁdem
1919 2089 2029 2145 ele-

465 2196 591 2236 vare
621 2196 908 2251 aggressus
943 2191 1047 2238 εει.

534 2269 625 2327 Vl.
656 2270 955 2342 Subjicitur
981 2289 1046 2329 ex
1078 2273 1273 2329 Photio
1300 2273 1370 2344 (lt)
1403 2274 1604 2346 ἐκλογὴ
1640 2275 1766 2347 περὶ
1793 2275 1900 2328 τῶν
1937 2291 2029 2342 γε-

469 2364 664 2434 νητῶν,
707 2365 820 2420 sive
851 2374 1166 2436 excerptum
1228 2367 1460 2422 exlibro
1512 2366 1586 2421 De
1607 2368 1819 2421 creatis.
1880 2366 2028 2437 Opus

466 2462 644 2508 autem
669 2455 744 2508 ita
774 2455 1094 2526 inscriptum
1130 2457 1326 2513 litteris
1354 2458 1642 2514 mandasse
1672 2458 2024 2523 Methodium,

464 2543 613 2600 haud
661 2544 899 2615 produnt
940 2554 1170 2602 veteres.
1231 2545 1474 2601 Meminit
1511 2548 1728 2618 quidem
1758 2547 2027 2619 Hierony-

465 2651 588 2690 mus
619 2636 739 2706 ejus
762 2634 1267 2691 Commentariorum
1293 2639 1346 2692 in
1370 2635 1611 2702 Caussin,
1635 2653 1865 2708 quorum
1895 2636 2031 2708 frag-

464 2738 649 2783 menta
677 2730 936 2784 nonnulla
969 2729 1026 2784 in
1059 2729 1279 2788 Catenis
1337 2747 1473 2789 mss.
1505 2732 1685 2786 adhuc
1719 2738 1978 2802 superant
2013 2747 2025 2782 :

464 2818 610 2872 unde
629 2819 908 2875 nonnullis
940 2819 1118 2874 visum
1164 2835 1230 2876 ex
1253 2821 1448 2876 iisdem
1497 2821 1905 2876 commentariis
1935 2835 2030 2874 ex-

465 2919 707 2979 cerptum
742 2909 1067 2966 Photianuni
1121 2911 1295 2968 fuisse
1327 2912 1690 2984 descriptum.
1729 2914 1878 2970 .Utut
1921 2920 2024 2977 est,

464 2999 521 3055 in
547 3015 612 3056 eo
641 3000 882 3071 diSputat
906 3002 1100 3058 iterum
1126 3013 1348 3060 sanctus
1380 3011 1588 3076 martyr
1613 3003 1876 3060 adversus
1902 3001 2027 3057 Ori-

463 3109 676 3164 genem,
702 3108 863 3164 quem
895 3103 1199 3150 centaurum
1221 3097 1452 3169 appellat
1478 3095 1540 3167 (ι)
1567 3115 1581 3165 ;
1612 3105 1777 3168 atque
1807 3110 2028 3168 μαργα-

465 3183 620 3253 ρίτας
639 3183 734 3237 τοῦ
756 3183 1006 3251 ξενῶνος,
1034 3185 1137 3241 hoc
1169 3196 1272 3255 est,
1313 3188 1587 3243 sanctiora
1611 3187 1815 3244 Christi
1848 3186 2026 3241 Ecclec

463 3278 560 3333 sise
579 3276 832 3349 dogmata
861 3277 1097 3335 ethnicis
1118 3280 1336 3350 placitis
1369 3283 1548 3352 ipsum
1573 3281 1873 3336 iutexuisse
1898 3294 2031 3350 que-
2056 3255 2098 3312 ο

463 3369 621 3425 ritur.
649 3368 900 3426 Occurrit
921 3387 1027 3426 vox
1056 3371 1147 3426 illa
1173 3371 1398 3437 ξενῶνος
1425 3373 1529 3429 sub
1572 3373 1816 3442 excerpti
1866 3370 2029 3441 hujus

461 3459 703 3526 initium,
730 3464 826 3517 ubi
859 3465 1010 3518 varia
1039 3466 1266 3536 conjicit
1295 3463 1673 3522 Combeﬁsius.
1706 3464 1906 3521 Verum
1944 3465 2028 3518 in-

461 3557 674 3620 terpres
704 3550 886 3606 Photii
911 3569 1032 3608 eam
1093 3572 1192 3624 pro
1225 3559 1488 3611 communi
1521 3559 1752 3612 omnium
1783 3557 2026 3626 hospitio,

464 3643 581 3698 sive
600 3658 697 3712 pro
719 3651 864 3697 coetu
895 3644 1153 3711 ﬁdelium,
1181 3662 1303 3702 esse
1349 3650 1724 3719 accipiendam
1765 3661 1933 3717 recte,
1970 3658 2029 3704 ut

463 3733 699 3797 videtur,
731 3734 1027 3790 existimat.
1066 3734 1156 3790 Sic
1188 3739 1332 3792 enim
1365 3746 1418 3794 et
1453 3738 1648 3795 Suidas
1693 3742 1838 3795 illam
1869 3759 2030 3798 usur-

463 3829 558 3893 pat
592 3820 711 3895 (m).
736 3823 1057 3880 Consulesis
1089 3833 1143 3881 et
1173 3827 1322 3882 viros
1377 3828 1624 3885 eruditos
1655 3830 1722 3883 ad
1754 3830 2026 3887 Pollucem

465 3911 542 3985 (η)
577 3922 740 3984 atque
770 3913 1100 3986 Hesychium
1132 3916 1230 3989 (ο).

532 4004 800 4063 Praeterea
838 4007 1147 4066 Methodius
1178 4011 1386 4081 primus
1417 4012 1659 4068 omnium
1683 4013 1748 4068 ad
1784 4015 2030 4071 veritatis

465 4096 838 4155 defensionem
860 4103 1148 4172 scripsisse
1179 4102 1426 4159 adversus
1485 4103 1838 4176 Porphyrium
1872 4121 2026 4160 com-

464 4190 694 4261 peritur,
731 4207 892 4262 quem
916 4203 1104 4264 postea
1133 4207 1261 4251 sunt
1284 4197 1459 4252 secuti
1489 4196 1756 4253 Eusebius
1786 4206 1839 4253 et
1860 4197 2025 4268 Apol-

465 4281 678 4336 linaris.
711 4282 844 4352 Ejus
871 4300 1031 4355 opus,
1062 4285 1338 4341 veteribus
1387 4287 1622 4341 maxime
1673 4288 2025 4355 celebratum,

2131 2005 2243 2050 tum
2274 1992 2551 2064 Symposia
2573 1990 2784 2053 tribuit,
2819 1987 2914 2043 sed
2938 1987 3100 2041 etiam
3140 1985 3339 2040 librum
3373 1983 3513 2050 Περὶ
3542 1982 3685 2036 ἀνα-

2129 2087 2420 2151 στάσεως.
2449 2084 2586 2138 Hinc
2625 2082 2732 2137 Leo
2767 2080 2994 2135 Allatius
3042 2076 3281 2132 Grctseri
3321 2077 3686 2146 opinationem

2129 2181 2321 2236 merito
2349 2177 2592 2234 exsuﬂlat
2621 2175 2706 2246 (t),
2742 2174 2866 2228 dum
2901 2171 3048 2227 nulla
3080 2170 3290 2224 ratione
3318 2168 3542 2223 molitur
3568 2182 3686 2224 eam

2129 2272 2429 2329 orationem
2491 2270 2750 2339 abrogare
2793 2265 3064 2320 Methodio
3116 2263 3339 2334 martyri
3365 2277 3430 2316 ac
3461 2260 3685 2322 seniori,

2130 2372 2184 2419 et
2217 2362 2460 2416 tribuere
2497 2355 3120 2425 Constantinopolitano,
3183 2367 3306 2406 cum
3355 2360 3553 2420 praeter
3594 2363 3683 2402 eos

2131 2459 2474 2511 characteres
2496 2466 2634 2522 quos
2668 2449 2828 2504 modo
2862 2446 3236 2508 indicavimus,
3294 2450 3448 2497 tanta
3476 2442 3547 2495 sit
3575 2455 3661 2494 nia

2127 2549 2298 2618 jestas
2338 2543 2541 2616 operis,
2568 2550 2628 2597 ut
2683 2542 2767 2596 vel
2793 2540 3025 2594 maxime
3056 2553 3311 2608 magnum
3355 2533 3690 2591 Methodium

2131 2643 2334 2696 deceat.
2368 2659 2385 2691 ›
2409 2637 2578 2693 Alteri
2609 2651 2735 2690 vero
2764 2634 2829 2689 de
2861 2638 3123 2697 Occursu,
3145 2630 3327 2685 subdit
3345 2629 3487 2682 idem
3529 2627 3691 2682 Com-

2131 2733 2349 2788 betisius
2364 2731 2436 2801 (ιι)
2455 2749 2467 2783 ;
2493 2747 2509 2778 ι
2546 2727 2759 2781 Hancce
2780 2728 2856 2787 εἰς
2871 2723 2937 2776 τὰ
2958 2724 3094 2777 Βάῖα
3120 2721 3431 2776 Orationem
3455 2718 3692 2773 annecti-

2130 2840 2272 2888 mus,
2305 2837 2414 2877 uno
2445 2821 2591 2892 regio
2629 2819 2815 2873 codice
2845 2832 2994 2870 num.
3033 2813 3138 2868 92?.
3184 2814 3453 2869 asserenti
3483 2809 3691 2867 Metho-

2131 2916 2220 2970 dio
2274 2912 2517 2982 martyri,
2579 2911 2764 2979 utique
2804 2906 2994 2976 Magno
3043 2905 3118 2957 illi
3152 2911 3204 2957 ct
3244 2904 3471 2961 seniori,
3532 2902 3693 2971 cujus

2131 3014 2256 3062 sunt
2283 3015 2336 3059 et
2358 3004 2634 3074 Symposio
2664 3010 2716 3058 et
2741 2999 2844 3052 alia
2890 2997 3169 3067 praeclara,
3207 2995 3290 3048 vel
3335 2995 3390 3048 in
3423 2994 3692 3065 supersti~

2131 3099 2277 3153 tibus
2335 3094 2597 3166 reliquiis,
2627 3090 2822 3162 ingenii
2857 3097 2911 3144 et
2955 3089 3054 3158 pix
3086 3085 3283 3140 mentis
3317 3098 3688 3142 monumenta.

2130 3189 2294 3245 Favet
2321 3188 2484 3242 etiam
2514 3185 2686 3256 stylus
2711 3192 2763 3237 ct
2816 3183 3094 3238 sententia:
3123 3179 3365 3235 aliinitas
3391 3197 3516 3234 cum
3553 3196 3692 3251 prae-

2131 3281 2342 3338 cedenti
2395 3298 2406 3333 :
2447 3290 2755 3349 quanquam
2811 3271 2946 3328 alter
2991 3272 3182 3338 codex,
3244 3274 3360 3342 ipse
3409 3273 3600 3329 forsan
3636 3275 3693 3327 in

2131 3375 2578 3446 Chrysostomum
2628 3367 2871 3431 eﬂusior,
2916 3366 2963 3420 ei
3013 3364 3239 3429 tribuat,
3273 3365 3434 3420 titulo
3491 3367 3571 3429 εἰς
3601 3364 3698 3420 τὸν

2131 3463 2515 3535 εὐλογημένον,
2571 3476 2678 3530 quo
2731 3457 2966 3512 Savilius
3002 3454 3242 3509 Griecam
3290 3455 3482 3511 edidit.
3513 3455 3697 3512 Facile

2132 3559 2330 3614 habent
2361 3554 2554 3619 Graeci,
2582 3561 2642 3606 ut
2665 3551 2866 3622 qumvis
2899 3539 3192 3602 ἀδέσποτα’
3226 3548 3344 3602 viro
3392 3557 3548 3604 tanto
3590 3548 3696 3603 tri-

2131 3653 2317 3708 buant.
2352 3670 2370 3702 ι
2405 3648 2680 3702 Hactenus
2706 3641 3079 3699 Combeﬁsius.

2201 3741 2552 3799 Orationibus
2575 3739 2726 3794 hisce
2757 3734 3116 3790 Methodianis
3160 3749 3188 3786 a
3218 3733 3546 3789 Combclisio
3575 3734 3691 3787 edi-

2132 3838 2222 3900 tis,
2259 3833 2558 3904 adjecimus
2587 3837 2688 3886 tria
2728 3829 3028 3901 fragmenta
3059 3843 3126 3882 ex
3155 3827 3378 3881 homilia
3435 3825 3510 3878 De
3539 3841 3689 3880 cruce

2129 3926 2342 3982 Domini
2368 3924 2538 3979 nostri
2572 3923 2701 3977 Jesu
2749 3920 2968 3986 Christi,
3028 3929 3086 3973 ut
3138 3919 3372 3985 videtur,
3407 3927 3687 3987 excerpta.

2129 4019 2247 4074 Duo
2269 4019 2452 4088 pri-ora
2483 4033 2548 4072 ex
2601 4031 2706 4071 ms.
2742 4015 2928 4069 codice
2972 4012 3314 4067 bibliothecae
3361 4010 3692 4080 Augustanaa

2131 4111 2187 4164 in
2216 4111 2388 4164 lucem
2422 4107 2614 4162 extulit
2639 4104 2873 4159 Jacobus
2901 4102 3185 4157 Gretserus
3209 4105 3315 4172 (v);
3350 4103 3594 4167 tertium,
3625 4117 3690 4158 ex

2130 4202 2315 4256 eadem
2370 4198 2698 4255 bibliotheca
2731 4195 2840 4251 Leo
2867 4194 3095 4248 Allatius
3123 4193 3232 4265 (:c);
3276 4195 3368 4263 qui
3400 4201 3453 4248 et
3501 4195 3691 4249 isthmc

2133 4293 2431 4364 fragmenta
2461 4294 2641 4348 omnia
2691 4298 2878 4345 nostro
2937 4287 3207 4342 Methodio
3250 4287 3503 4342 asseruit.
3535 4287 3692 4342 Gret—

465 4391 640 4445 usque
668 4375 734 4430 ad
767 4376 954 4431 decem
1001 4377 1168 4431 millia
1199 4392 1455 4432 versuum
1491 4386 1856 4447 processerat,
1889 4386 2030 4434 teste
2129 4401 2252 4442 sero
2313 4385 2456 4440 enim
2488 4384 2756 4439 dubitanti
2779 4380 3016 4435 occurrit
3050 4377 3136 4432 his
3165 4378 3342 4433 verbis
3377 4395 3390 4431 :
3431 4397 3449 4429 ι
3490 4376 3564 4432 De
3594 4377 3690 4430 ho-

464 4465 794 4538 Hieronymo
819 4468 894 4541 (p)
925 4489 938 4523 :
969 4470 1064 4525 sed
1099 4469 1325 4534 interiit,
1363 4469 1551 4540 paucis
1595 4471 1917 4540 quibusdam
1949 4471 2030 4525 la-

2132 4495 2251 4532 rum
2302 4477 2724 4548 fragmentorum
2773 4482 2989 4528 auctore
3047 4471 3259 4525 dubitat
3304 4469 3610 4530 Gretserus,
3636 4476 3691 4522 et

465 4559 625 4614 ciniis
655 4562 918 4632 exceptis,
948 4578 1068 4632 qua:
1092 4569 1212 4633 post
1246 4561 1629 4618 Combeﬁsium
1683 4579 1747 4618 ex
1788 4562 2027 4620 Paralle-
2061 4596 2104 4649 ι)
2135 4587 2256 4625 cum
2290 4586 2354 4626 eo
2383 4571 2632 4624 dubitare
2669 4569 2879 4622 videtur
2907 4565 3178 4620 Aubertus
3203 4563 3403 4618 Mireus
3436 4581 3451 4617 :
3489 4582 3507 4614 ι
3535 4563 3687 4628 Quis,

465 4653 532 4707 lis
559 4651 961 4709 Damascenicis
993 4656 1047 4710 in
1078 4655 1313 4710 medium
1340 4655 1682 4726 protulimus.

534 4744 632 4800 His
653 4759 818 4814 porro
839 4747 1183 4804 subdidimus
1211 4750 1423 4819 insigne
1461 4751 1619 4821 plane
1663 4749 2027 4820 fragmentum

464 4839 532 4895 de
561 4838 1098 4906 Christi'divinitate,
1133 4844 1278 4912 quod
1327 4842 1640 4899 Combetisii
1695 4843 2026 4915 diligentiam

539 5085 614 5154 (Ii)
667 5084 854 5142 Grzece
915 5093 969 5140 et
1022 5085 1215 5158 Latine
1273 5087 1461 5141 Simon
1514 5085 1905 5158 deﬂMagistris
1969 5086 2024 5139 in

465 5155 614 5209 Actis
631 5167 933 5226 imartyrum
988 5157 1057 5210 ad
1088 5157 1239 5213 Ostia
1281 5158 1546 5213 Tiberina.
1571 5155 1921 5212 Em'rann.

466 5229 598 5352 38g)
622 5225 706 5280 Jo.
738 5225 892 5278 Dam.
925 5234 1064 5284 orat.
1110 5229 1144 5283 5
1178 5229 1252 5282 De
1294 5230 1479 5300 imag.,
1517 5244 1644 5299 opp.
1665 5237 1801 5282 tom.
1832 5229 1871 5290 l,
1903 5241 2025 5297 pag.

537 5368 605 5440 (j)
637 5366 782 5440 _Cav.
817 5365 960 5440 Hist.
989 5367 1099 5440 litt.
1126 5368 1194 5422 ad
1218 5368 1492 5438 ann.290,
1529 5377 1660 5425 tum.
1695 5367 1736 5434 l,
1762 5382 1883 5440 pag.
1905 5366 2022 5420 159...

537 5436 608 5508 (lc)
629 5436 796 5508 Phot.
832 5438 973 5508 Bibl.
1003 5439 1126 5494 cod.
1150 5454 1379 5496 ccxxxv.

531 5507 965 5581 (l)_Metl_iod._De
1003 5509 1223 5581 creat._§
1248 5511 1303 5565 2.
1369 5580 1379 5581 7
1535 5563 1546 5570 .

535 5578 813 5656 (ιη)
849 5579 977 5656 ιρις.
1005 5587 1148 5656 tom.
1171 5578 1232 5646 ll',
1267 5597 1320 5650 p.
1356 5580 1564 5656 ϐάδην.
1593 5578 1882 5656 Ecastor-pc.

536 5649 618 5717 (ni
641 5649 846 5720 Rolluc.
876 5649 1064 5705 Ohom.
1096 5651 1188 5705 lib.
1215 5649 1298 5715 ιιι,
1325 5667 1445 5720 cap.
1477 5651 1531 5708 4.
1560 5667 1708 5703 ιιιιιιι.
1740 5651 1827 5704 59.

536 5721 612 5792 (θ)
644 5719 878 5792 Hesych.
915 5720 1042 5773 Lex.
1102 5730 1235 5776 tom.
1303 5721 1366 5781 ll.
1395 5719 1520 5792 pag.
1563 5720 1681 5774 702.
1716 5737 1766 5774 v.
1804 5720 2019 5775 Ξενών.

535 5787 609 5858 (ρ)
642 5787 858 5848 Hieron.
897 5792 1054 5861 epist.
1081 5792 1166 5859 70,
1201 5792 1267 5846 ad
1307 5787 1495 5861 Magn:
1517 5803 1651 5846 orat.
1686 5807 1836 5846 num.
1863 5792 1914 5846 5.

2140 4682 2158 4712 ι
2182 4661 2377 4731 inquit,
2415 4661 2516 4716 iste
2542 4660 2844 4715 Methodius
2881 4657 3059 4721 fuerit,
3102 4671 3197 4726 pro
3218 4662 3367 4710 certo
3424 4653 3692 4707 affirmare

2142 4774 2159 4804 ‹
2187 4770 2414 4824 nequeo.
2443 4753 2576 4807 Illud
2607 4753 2941 4822 exploratum
2963 4758 3066 4814 est,
3098 4765 3207 4804 non
3255 4748 3422 4802 fuisse
3451 4752 3688 4800 veterem

2141 4861 2158 4891 ε
2190 4844 2338 4897 illum
2365 4843 2691 4897 Methodium
2714 4843 3001 4898 sanctitate
3025 4850 3077 4896 et
3101 4839 3344 4910 martyrii
3374 4836 3542 4907 gloria
3573 4835 3681 4891 cla-

2135 5091 2277 5175 utq)
2299 5087 2567 5144 Theodor.
2603 5088 2748 5142 Dial.
2775 5105 2791 5142 ι
2815 5088 3103 5156 Ἀτρεπτ.,
3145 5101 3269 5157 Opp.
3291 5094 3423 5141 tom.
3445 5083 3532 5149 IV,
3563 5100 3687 5155 pag.

2135 5159 2273 5300 δῖξν)
2306 5229 2547 5284 Combel‘.
2577 5229 2630 5282 in
2656 5239 2767 5284 not.
2807 5230 2875 5300 ad
2923 5227 3180 5292 Method.,
3236 5243 3356 5297 pag.
3395 5226 3517 5300 469,
3554 5233 3606 5279 et
3636 5225 3690 5278 in

2133 5316 2338 5354 rereus.
2365 5311 2571 5352 auctor.
2600 5301 2664 5353 ad
2696 5309 2825 5355 tom.
2861 5299 2877 5351 l
2912 5300 3047 5353 Bibl.
3080 5302 3339 5362 conciam,
3377 5313 3430 5367 p.
3462 5299 3545 5367 50.

2205 5373 2272 5440 (si)
2308 5369 2540 5440 Method.
2571 5371 2721 5425 Orat.
2747 5371 2808 5422 de
2838 5371 2984 5438 εφη.
3020 5382 3064 5422 et
3095 5371 3258 5432 Aram,
3383 5365 3415 5421 il
3436 5375 3503 5440 et
3530 5365 3616 5420 15.

2201 5438 2264 5507 (ἰ)
2285 5439 2645 5513 Allat._Diatr.
2679 5447 2741 5493 de
2769 5440 3007 5513 Met/rod.»
3030 5441 3232 5513 script.,
3269 5438 3476 5513 p45“.

2206 5514 2283 5580 (tt)
2313 5510 2557 5566 Conibef.
2588 5513 2639 5565 in
2670 5521 2783 5566 not.
2807 5512 2871 5563 ad
2891 5510 3148 5570 Method.,
3174 5526 3226 5578 p.
3257 5511 3380 5563 475.

2204 5577 2274 5651 (r)
2309 5580 2486 5636 Grets.
2523 5591 2650 5636 tom.
2689 5582 2731 5634 ll
2761 5582 2837 5634 De
2879 5601 2925 5637 s.
2969 5596 3138 5643 cruce,
3176 5577 3232 5649 p.
3267 5579 3504 5634 401-404
3556 5577 3688 5634 edit.

2210 5669 2256 5706 v.
2288 5651 2495 5707 Ratisb.
2532 5653 2686 5706 1754.

2131 5667 2256 5706 nov.
2288 5667 2495 5707 nausu.
2532 5667 2686 5706 nos.

2205 5723 2280 5792 (π)
2329 5723 2492 5777 Allat.
2549 5723 2726 5778 Diatr.
2773 5723 2836 5778 de
2882 5721 3116 5777 Method.
3166 5725 3369 5791 script.,
3421 5736 3540 5791 pag.
3587 5721 3691 5774 519

2133 5811 2222 5860 seq
2234 5837 2246 5848 .
