4052 6338
357 311 420 368 Π
1554 308 1882 364 VETERUM
1922 307 2359 364 TESTIMONIA.
3515 315 3580 369 18

359 453 378 486 c
415 435 715 499 rissimum,
743 433 839 504 qui
886 433 986 489 sub
1031 432 1367 487 Diocletiano
1403 433 1644 504 martyrii
1680 434 1910 503 palmam

2016 435 2115 503 ρᾶς
2135 431 2297 496 ἕξεως
2321 435 2412 486 ἐπὶ
2436 435 2740 504 σηδασμῷ,
2767 435 2826 488 τὸ
2851 434 3190 506 σταυροειδὲς
3216 436 3580 506 παραλαμϐα-

357 545 376 578 ι
409 527 637 595 adeptus
667 534 772 588 est,
793 542 915 581 cum
939 526 1036 580 iste
1054 533 1238 581 noster
1266 525 1570 579 meminerit
1596 527 1912 579 vexillorum

358 639 376 671 ι
412 635 442 672 a
470 618 802 680 Christianis
824 618 1309 688 imperatoribusin
1329 618 1552 672 formam
1565 619 1743 673 crucis
1767 633 1915 673 com-

358 728 374 759 ι
417 717 750 762 mutatorum
780 728 793 762 :
822 709 889 763 de
915 725 1023 778 qua
1053 708 1349 763 mutatione
1369 709 1470 764 sub
1491 708 1817 763 Diocletiano
1849 727 1916 764 ne

357 819 374 851 ι
413 800 637 869 cogitari
664 801 880 870 quidem
904 809 1137 870 cceptum
1167 807 1304 864 erat,
1340 801 1592 857 omnibus
1620 802 1796 856 adhuc
1826 819 1918 872 pu-

359 910 375 941 σ
416 891 570 946 blicis
607 893 744 948 locis
767 893 833 946 ab
859 893 1160 948 idoiolatria
1189 893 1488 963 occupatis.
1530 914 1547 946 ι

419 981 632 1048 Quibus
656 983 885 1039 Allatius
921 985 1133 1054 reponit
1167 1003 1179 1038 :
1222 1003 1240 1034 ‹
1277 983 1343 1037 Et
1380 985 1736 1039 nihilominus
1775 984 1914 1039 idem

351 1074 637 1131 Gretserus
672 1077 1011 1146 apertissime
1042 1076 1172 1130 dicit
1196 1076 1293 1147 (y),
1322 1087 1447 1133 ante
1473 1077 1915 1138 Constantinum,

352 1177 596 1237 tempore
621 1167 843 1232 Justini,
872 1168 1191 1224 Tertulliani
1215 1177 1268 1224 et
1321 1169 1542 1224 Minucii
1580 1169 1800 1232 Felicis,
1836 1185 1920 1224 ve-

355 1259 478 1312 xilla
502 1260 766 1313 militaria
791 1260 902 1328 jam
931 1261 1112 1316 crucis
1168 1264 1403 1330 speciem
1456 1261 1749 1316 retulisse:
1783 1260 1918 1315 adeo

356 1361 412 1405 ut
442 1352 533 1406 isti
565 1360 678 1406 tres
703 1354 999 1421 scriptores
1043 1353 1302 1407 audacter
1331 1352 1565 1406 ethnicis
1594 1351 1915 1420 objecerint.

357 1447 503 1515 ipsos
560 1445 753 1506 eodem
812 1446 1038 1500 crimine
1097 1445 1271 1500 teneri
1303 1460 1428 1498 cum
1490 1443 1838 1506 Christianis,
1873 1444 1918 1496 si

353 1553 576 1592 crucem
633 1538 813 1592 colere
847 1538 1055 1591 crimen
1108 1545 1274 1602 esset,
1305 1553 1429 1591 cum
1457 1546 1511 1591 et
1567 1537 1668 1607 ipsi
1698 1551 1917 1590 crucem

353 1630 536 1684 colant
556 1637 610 1683 et
644 1630 893 1692 adorent,
923 1629 1150 1684 colendo
1193 1635 1246 1683 et
1273 1628 1550 1683 adorando
1605 1628 1757 1696 signa
1787 1626 1923 1679 mili-

353 1721 512 1773 taria.
569 1719 634 1773 Et
682 1721 840 1790 longe
888 1731 1012 1774 ante
1063 1719 1410 1774 Constantini
1465 1727 1675 1774 aetatem
1703 1728 1919 1773 exstare

2015 523 2196 578 νεσοαι
2218 525 2520 595 αἰσθόμενοι
2548 525 2748 596 σχῆμα,
2773 524 2839 578 τὰ
2875 525 3178 596 καλούμενα
3197 529 3261 598 τῇ
3307 527 3581 598 Ῥωμαῖκῆ

2015 616 2276 686 διαλέκτῳ
2329 616 2550 688 magna
2597 618 3029 689 ἐμηχανήσαντο,
3076 635 3131 672 κ.
3155 635 3204 672 τ.
3228 618 3278 672 λ.
3312 617 3425 672 Hoc
3451 626 3535 673 est
3564 638 3578 673 :

2025 707 2162 760 Hinc
2182 709 2519 777 imperatores
2567 710 2657 778 qui
2710 709 2848 763 hisce
2877 710 2932 761 in
2965 709 3093 763 locis
3130 711 3406 778 imperant,
3467 711 3582 766 sive

2019 801 2183 854 etiam
2212 801 2258 855 si
2286 801 2387 865 vis,
2413 802 2581 855 nostri
2627 802 2843 871 (nempe
2873 801 2966 870 qui
3015 802 3171 857 nobis
3193 802 3579 867 dominantur;

2020 888 2163 957 quod
2195 896 2370 958 potest
2393 890 2616 960 intelligi
2641 891 2804 944 etiam
2850 890 2917 945 de
2947 891 3182 946 ethnicis
3220 909 3232 945 :
3279 890 3582 946 Christiani

1980 976 2166 1032 enim
2219 990 2342 1035 ante
2399 980 2817 1037 Constantinum
2869 982 3285 1052 imperatoribus
3350 981 3581 1037 ethnicis

2019 1071 2383 1127 subdebantur
2409 1074 2621 1143 illisque
2646 1073 3013 1147 obediebant),
3043 1091 3158 1129 cunt
3190 1075 3416 1129 viderent
3446 1075 3580 1144 ﬁgu-

2019 1187 2138 1224 ram
2188 1171 2358 1220 crucis
2415 1169 2616 1221 assumi
2667 1167 2733 1220 ad
2781 1168 3024 1222 uniuersa
3075 1167 3220 1220 mala
3246 1166 3577 1236 dissipanda,

2021 1279 2134 1334 qua:
2175 1260 2409 1314 Romano
2448 1275 2684 1312 sermone
2712 1259 2906 1313 vexilla
2958 1269 3344 1328 nuncupantur,
3373 1259 3580 1326 excogi-

2023 1361 2222 1416 tarunt,
2253 1363 2356 1407 etc.
2388 1349 2541 1405 Licet
2564 1365 2695 1420 ergo
2719 1350 2901 1406 omnia
2959 1351 3078 1405 loca
3113 1351 3215 1406 sub
3246 1350 3577 1416 Diocletiano

2023 1444 2327 1500 idololatria
2355 1450 2667 1513 occuparet,
2699 1441 2904 1495 ethnici
2934 1458 2999 1496 ex
3023 1458 3172 1498 more
3192 1458 3313 1510 suo,
3334 1443 3581 1498 nescien—

2024 1547 2104 1592 tes
2132 1535 2260 1606 quid
2293 1534 2549 1597 facerent,
2582 1533 2774 1588 vexilla
2805 1533 3082 1587 eﬁormata
3119 1535 3175 1588 in
3200 1534 3423 1588 formam
3455 1549 3580 1586 cru-

2023 1629 2103 1684 cis
2135 1627 2525 1692 conﬁciebant;
2558 1643 2787 1696 quorum
2840 1643 2963 1696 ope,
3002 1626 3154 1696 signo
3211 1641 3400 1695 nempe
3433 1640 3496 1678 ac
3521 1625 3581 1678 ﬁ-

2023 1736 2154 1789 gura
2175 1720 2376 1782 crucis,
2413 1727 2472 1772 ut
2494 1718 2795 1773 Christiani
2828 1718 3018 1773 Patres
3064 1717 3576 1787 interpretabantur,

355 1825 610 1864 nummos
667 1825 920 1875 excuses,
953 1810 1043 1879 qui
1086 1809 1282 1864 vexilla
1315 1809 1569 1862 militaria
1635 1808 1688 1860 in
1737 1808 1916 1862 crucis
1949 1789 1990 1842 Β
2021 1811 2179 1865 noxia
2217 1811 2594 1875 amolirentur,
2657 1820 2709 1866 et
2731 1820 2928 1866 cuncta
2977 1826 3235 1881 prospera
3282 1826 3581 1880 conseque-

355 1900 592 1970 speciem
614 1901 890 1956 eﬁormata
920 1909 1281 1956 continerent.
1321 1899 1457 1954 Hinc
1485 1909 1713 1954 conatur
1765 1911 1916 1968 post-

354 1989 572 2044 modum
599 1990 949 2060 respondere,
981 1989 1253 2061 quomodo
1283 1989 1676 2044 Constantinus
1706 1989 1920 2042 dicatur

354 2080 623 2136 Labarum
648 2084 702 2136 in
737 2099 956 2139 crucem
991 2090 1376 2144 commutasse,
1408 2082 1452 2136 si
1478 2082 1630 2154 signa
1663 2081 1918 2135 militaria

354 2171 501 2240 prius
531 2170 757 2226 formam
778 2173 957 2226 crucis
989 2188 1096 2241 prae
1123 2187 1181 2226 se
1206 2171 1467 2225 ferebant.

419 2261 575 2328 Quod
609 2263 654 2317 si
688 2264 858 2317 multo
888 2271 1014 2319 ante
1046 2262 1390 2319 Constantini
1411 2270 1626 2317 aetatem
1663 2261 1918 2316 militaria

353 2357 546 2410 vexilla
575 2356 918 2410 ethnicorum
943 2356 1164 2426 ﬁguram
1197 2357 1376 2410 crucis
1415 2371 1524 2424 pra:
1554 2372 1612 2410 se
1652 2355 1916 2418 ferebant,

351 2445 525 2514 potuit
555 2444 839 2498 commode
874 2443 1186 2500 Patarensis
1234 2443 1537 2500 Methodius
1590 2461 1775 2500 eorum
1806 2463 1919 2500 me-

351 2537 604 2600 minisse;
663 2552 839 2606 neque
888 2538 957 2592 ob
1003 2537 1144 2591 hanc
1201 2552 1425 2593 causam
1473 2539 1562 2592 illa
1619 2539 1918 2610 fragmenta

351 2625 628 2682 Metliodio
677 2628 995 2698 deneganda
1053 2637 1202 2694 sunt,
1243 2645 1367 2683 cum
1409 2646 1474 2684 ex
1533 2630 1704 2700 ipsius
1739 2631 1918 2685 verbis

349 2719 500 2773 nullo
533 2719 694 2773 modo
719 2720 968 2773 eliciatur
996 2735 1119 2774 eum
1145 2721 1212 2775 de
1266 2719 1598 2776 Christianis
1624 2722 1919 2791 imperato-

347 2813 503 2868 ribus
546 2815 705 2869 verba
769 2813 963 2869 facere.
1013 2813 1186 2868 Locus
1229 2813 1608 2870 Methodianus
1650 2817 1914 2885 ejusmodi

345 2915 430 2961 est
465 2905 539 2977 (z)
573 2926 585 2960 :
647 2905 926 2961 Ἐντεῦθεν
968 2908 1015 2959 οἱ
1057 2907 1182 2977 τῇδε
1227 2906 1495 2978 βασιλεῖς,
1531 2908 1711 2978 πάσης
1750 2923 1915 2976 πονη-

443 3081 496 3150 y)
529 3081 709 3154 Crets.
739 3091 870 3136 toni.
906 3082 926 3134 l
985 3082 1060 3154 De
1093 3101 1262 3148 cruce,
1293 3085 1388 3139 lib.
1417 3100 1476 3148 ll,
1510 3100 1625 3154 cap.
1656 3086 1741 3138 59.

445 3157 491 3210 s)
527 3153 763 3214 Method.
790 3154 930 3207 hom.
957 3153 1020 3205 de
1047 3171 1218 3214 cruce.

440 3223 492 3290 α)
529 3220 740 3278 Tillem.
780 3221 939 3277 Mem.
978 3234 1106 3279 tom.
1139 3223 1204 3289 V,
1235 3240 1288 3295 p.
1322 3224 1426 3278 472
1460 3240 1573 3296 seq.

1969 1928 1991 1946 ι
2018 1911 2224 1958 rentur.
2258 1902 2348 1956 Sic
2375 1903 2567 1956 horum
2587 1902 3008 1974 iragmentorum
3039 1919 3148 1957 non
3175 1911 3259 1959 est
3291 1918 3390 1956 cur
3415 1902 3579 1956 alium

2021 1991 2350 2047 Methodium
2409 2008 2439 2045 a
2500 1991 2780 2047 Patarensi
2840 2006 3148 2062 quaeramus
3197 1999 3493 2046 auctorem.
3557 2010 3574 2042 ι

2021 2077 2297 2133 Hactenus
2343 2079 2594 2135 Allatius.
2640 2080 2838 2133 Allatio
2872 2080 3138 2134 accedunt
3196 2080 3578 2138 Tillemontius

2022 2170 2121 2241 (a),
2163 2179 2213 2225 et
2242 2169 2451 2225 Caveus
2483 2171 2578 2240 (b).
2614 2171 2682 2224 At
2713 2171 2996 2226 Fabricius
3026 2172 3164 2226 hanc
3191 2173 3467 2227 homiliam
3507 2173 3582 2227 De

2019 2279 2170 2316 cruce
2197 2262 2467 2318 Methodio
2489 2262 2591 2317 (ΣΡ.
2613 2263 2989 2335 οιιτίῠυίι,(ε);
3023 2265 3228 2317 nullum
3253 2273 3432 2319 tamen
3459 2265 3581 2320 aﬁ‘e-

2021 2372 2147 2410 rens
2176 2363 2574 2426 argumentum,
2602 2371 2712 2426 quo
2735 2371 2888 2412 suam
2919 2358 3240 2412 sententiam
3273 2358 3576 2413 conﬁrmet.

2089 2449 2262 2518 Atque
2285 2448 2398 2502 haec
2426 2447 2492 2504 de
2529 2464 2724 2519 magno
2747 2448 3024 2504 Methodio
3056 2451 3310 2520 epiSCOpo
3341 2458 3394 2506 et
3443 2465 3580 2504 mar-

2018 2548 2136 2612 tyre
2197 2541 2350 2596 satis.
2408 2541 2486 2595 Ad
2521 2541 2741 2611 reliqua
2791 2540 2933 2595 enim
2981 2541 3224 2610 subjecta
3281 2541 3578 2612 fragmenta

2019 2634 2163 2702 quod
2211 2633 2423 2695 attinet,
2478 2633 2611 2686 nihil
2658 2638 2819 2687 estin
2855 2641 3106 2702 promptu
3157 2633 3299 2703 quod
3332 2633 3578 2704 profera-

2020 2742 2160 2788 mus,
2202 2733 2394 2797 praeter
2422 2733 2704 2780 auctorum
2742 2725 3236 2782 ecclesiasticorum
3279 2727 3397 2781 loca
3437 2725 3579 2782 unde

2021 2820 2110 2874 illa
2133 2819 2544 2890 descripsimus,
2577 2835 2697 2889 qua:
2733 2820 3024 2890 unicuique
3068 2818 3388 2890 prmﬁgenda
3422 2834 3580 2873 cura-

2020 2930 2216 2969 VllllllS.

2093 3090 2166 3158 (ὁ)
2205 3093 2333 3146 Cav.
2374 3091 2512 3147 Hist.
2549 3093 2650 3144 liti.
2687 3091 2751 3145 ad
2780 3106 2906 3144 ann.
2936 3089 3059 3153 290,
3098 3104 3149 3157 p.
3183 3089 3298 3143 155.

2091 3161 2160 3234 (c)
2194 3162 2405 3219 Fabric.
2449 3163 2588 3218 Bibl.
2622 3160 2714 3216 Gr.
2742 3171 2871 3216 tom.
2902 3158 2970 3226 ν,
3003 3177 3057 3230 p.
3092 3161 3219 3212 260.

1270 3476 1655 3567 VETEB
1683 3475 1844 3565 UM
1919 3474 2667 3566 TESTIMONIA

1186 3676 1273 3732 DE
1335 3657 1391 3732 s.
1460 3672 1812 3732 METHODIO
1874 3673 2210 3730 EPISCOPO
2264 3653 2372 3728 Er
2417 3674 2769 3733 marrae.

945 4020 1002 4075 S.
1031 4019 1380 4075 HIERONHIUS
1416 4017 1490 4073 De
1519 4022 1619 4076 vir.
1643 4021 1839 4076 illustr.
1862 4033 1976 4073 can.
2002 4018 2092 4082 85,
2121 4033 2236 4070 cum
2277 4026 2440 4070 retere
2470 4017 2745 4085 interprete
2771 4015 2974 4072 Crwco.

415 4134 674 4197 Μεθόδιος
725 4134 798 4205 (α)
839 4133 1108 4205 Ὀλύμπου
1159 4135 1382 4199 Λυκίας,
1432 4137 1524 4189 καὶ
1576 4135 1710 4206 μετὰ
1741 4134 1910 4189 ταῦτα

2085 4131 2412 4193 Methodius,
2443 4129 2655 4200 Olympi
2687 4129 2862 4202 Lycia:
2886 4138 2940 4186 et
2982 4138 3164 4200 postea
3193 4131 3319 4204 Tyri
3361 4135 3573 4206 episco-

342 4229 523 4297 Τύρου
575 4226 887 4290 ἐπίσκοπος,
919 4224 1168 4298 λαμπροῦ
1211 4227 1306 4280 καὶ
1355 4228 1708 4298 συγκειμένου
1756 4227 1910 4295 λόγου

342 4319 495 4370 κατὰ
536 4317 872 4386 Πορφυρίου
912 4318 1163 4382 συνέταξε
1203 4318 1366 4390 τεύχη
1389 4335 1400 4348 ⁸
1439 4319 1530 4372 καὶ
1569 4319 1914 4388 Συμπόσιον

341 4407 488 4461 δέκα
531 4406 868 4474 παρθένων-ο
916 4408 1055 4475 Περὶ
1097 4408 1484 4475 ἀναστάσεως
1507 4409 1660 4478 λόγον
1695 4409 1912 4482 ἄριστον

343 4501 485 4552 κατὰ
526 4499 868 4570 Ὠριγένουςσ
921 4499 1060 4551 κατὰ
1097 4500 1189 4553 τοῦ
1235 4501 1398 4553 αὐτοῦ
1439 4502 1576 4570 Περὶ
1606 4504 1911 4555 Πυθωνίσ-

342 4602 481 4653 σης,
510 4587 603 4639 καὶ
630 4588 765 4654 Περὶ
797 4587 1188 4652 αὐτεξουσίου
1209 4608 1221 4619 ·
1253 4593 1339 4656 εἰς
1385 4591 1497 4659 τὴν
1542 4593 1794 4645 Γένεσίν
1829 4610 1908 4657 τε,

342 4679 434 4730 καὶ
459 4680 551 4742 εις
596 4678 668 4730 τὰ
697 4680 954 4746 ’ᾼσματα
997 4678 1114 4732 τῶν
1159 4680 1442 4748 ᾀσμάτων
1478 4681 1905 4750 ἰ’πιιμνιὶματα,

413 4811 490 4879 (a)
541 4809 737 4863 Eadem
769 4810 878 4864 fere
931 4827 995 4866 ac
1019 4813 1208 4867 iisdem
1235 4815 1410 4868 verbis
1459 4814 1674 4879 Suidas,
1703 4817 1909 4870 exscri-

343 4882 478 4935 bens
504 4890 557 4934 et
580 4885 695 4956 ipse
714 4879 1128 4956 Hieronymum:
1156 4893 1363 4956 tantum
1387 4885 1583 4956 adjecit
1607 4886 1672 4938 ad
1701 4887 1910 4956 Ὀλύμ-

344 4967 464 5024 ⁸που
495 4953 721 5016 Λυκίας
759 4953 848 5015 τὸ,
891 4953 1021 5019 ἦτοι
1075 4953 1376 5021 Πατάρων.
1410 4954 1736 5024 Signilicans
1756 4953 1908 5011 eain-

348 5023 468 5095 dcni
534 5029 764 5090 utroque
822 5025 1036 5095 nomine
1087 5026 1259 5095 notari
1315 5023 1607 5088 civitatem,
1657 5028 1815 5095 cujus
1840 5029 1906 5089 is,

348 5091 663 5166 priusquam
691 5093 1077 5166 transferretur
1091 5094 1316 5166 Tyrum,
1338 5097 1704 5164 episcopatum
1724 5091 1909 5166 'gesse-

344 5161 420 5237 r_i_t
449 5179 463 5212 :
490 5176 728 5237 necesse
761 5163 926 5237 alium
954 5161 1308 5237 Methodium
1345 5161 1504 5233 quem
1523 5161 1908 5237 _ll_ieroiiymus

339 5229 547 5283 dixerit
566 5229 798 5351 Olympi,
818 5241 872 5284 et
904 5235 1062 5299 quem
1086 5233 1257 5287 Graeci
1287 5229 1562 5289 celebrant
1589 5229 1907 5290 Putat-arum

340 5302 682 5351 enisconuni.
749 5301 982 5351 ‘t‘luidem
1014 5319 1081 5351 ne
1112 5304 1398 5351 vestigium
1431 5307 1575 5351 nolui
1605 5307 1907 5351 dem-phon-

340 5302 682 5374 episcopum.
721 5301 1081 5374 Ei‘luidelnne
1112 5304 1398 5374 vestigium
1429 5307 1576 5374 potui
1605 5307 1909 5374 deprehen-

339 5371 477 5447 dere
520 5372 635 5447 novi
668 5371 834 5447 hujus
887 5373 1142 5447 methodii
1172 5371 1477 5447 Rat’arensis
1522 5371 1721 5429 divci'Si
1751 5393 1777 5447 a
1804 5377 1909 5447 'l‘y-

343 5441 460 5504 rio;
500 5441 862 5511 tribuentibus
889 5443 1086 5511 ubique
1115 5444 1396 5498 codicibus
1429 5445 1700 5500 Methodio
1751 5441 1909 5500 Pata-

343 5525 514 5582 φησι,
545 5527 676 5582 qua:
711 5510 1072 5582 llieronynius
1125 5515 1314 5567 tribuit
1353 5530 1451 5568 suo
1505 5517 1578 5568 illi
1635 5515 1907 5571 Methodio

341 5578 588 5656 Dlyinpi,
629 5597 694 5634 ac
742 5578 930 5656 postea
978 5581 1162 5656 Tyrio.
1187 5583 1262 5636 lta
1311 5594 1506 5653 prieter
1531 5588 1666 5641 alios
1705 5589 1906 5656 passim

342 5646 710 5705 Da‘iiia’scenus
742 5646 800 5704 in
833 5646 1115 5706 Elementis
1154 5646 1568 5710 eminentissimi
1615 5646 1908 5710 cardinalis

342 5716 744 5776 Ru'iifutaldii:
782 5723 1085 5787 mirumque
1119 5725 1382 5788 videatur,
1419 5736 1472 5779 ut
1512 5727 1704 5789 Graeci,
1740 5729 1911 5782 solius

2017 4241 2138 4297 pus,
2163 4223 2319 4278 nitidi
2359 4223 2754 4292 compositique
2787 4224 3056 4279 sermonis
3077 4263 3092 4289 ,
3132 4225 3406 4278 adversum
3441 4219 3578 4274 Por-

2015 4316 2260 4387 phyrium
2292 4313 2525 4368 confecit
2557 4314 2727 4368 libros
2753 4331 2767 4380 ;
2789 4323 2841 4370 et
2875 4314 3208 4384 Symposium
3257 4313 3430 4368 decem
3469 4317 3575 4368 vir-

2012 4412 2226 4479 ginum;
2256 4406 2331 4461 De
2377 4407 2755 4461 resurrectione
2775 4421 2910 4475 opus
2933 4407 3208 4476 egregium
3239 4415 3428 4460 contra
3457 4405 3576 4463 Ori-

2015 4513 2236 4568 genem:
2263 4505 2317 4551 et
2339 4496 2600 4550 adversus
2628 4495 2875 4550 eumdem
2901 4495 2964 4548 de
3000 4495 3335 4566 [‘ytltortissa,
3361 4505 3415 4550 et
3434 4497 3577 4565 Περὶ

2016 4585 2435 4652 αὺτξξουσίου.
2486 4584 2550 4637 In
2594 4584 2832 4638 Cenesim
2891 4600 3108 4654 quoque
3153 4592 3206 4638 et
3248 4586 3302 4638 in
3351 4585 3576 4640 Cantica

2017 4680 2342 4733 canticorum
2383 4679 2818 4741 commentarios;
2843 4684 2898 4730 et
2929 4678 3097 4731 multa
3124 4678 3229 4730 alia
3267 4695 3388 4748 quae
3414 4680 3576 4751 vulgo

2016 4815 2328 4870 Patarensis
2370 4814 2705 4868 obscurioris
2758 4814 3074 4867 memoriam
3127 4815 3425 4872 solemnem
3477 4816 3576 4869 ha-

2016 4887 2198 4958 beant,
2231 4899 2657 4958 nusquamvero
2678 4883 2819 4952 apud
2840 4891 3132 4958 cos‘esstet
3161 4888 3416 4958 memoria
3470 4886 3578 4958 Ty-

2019 4957 2103 5018 rii,
2137 4957 2182 5010 si
2212 4957 2440 5025 quidem
2463 4956 2549 5007 ille
2612 4954 2750 5008 alius
2779 4963 2882 5008 est.
2920 4954 3354 5025 Quare__a:stimo
3404 4954 3575 5012 levius

2017 5022 2400 5097 pronuntiasse
2427 5024 2718 5097 Darenium
2770 5027 2834 5077 ad
2870 5022 3356 5097 notasHMartyrol.
3394 5029 3460 5097 ad
3495 5028 3575 5080 al-

2016 5093 2188 5152 terum
2238 5096 2565 5149 Methodium
2597 5093 3278 5164 Constantinopolitanum,
3324 5096 3390 5150 M
3422 5096 3574 5163 Jun.,

2015 5168 2142 5219 dum
2181 5184 2244 5220 ex
2297 5167 2442 5221 brevi
2481 5166 2569 5218 illa
2606 5165 2861 5219 citatione
2887 5164 3225 5230 Damasceni,
3258 5177 3394 5219 orat.
3436 5168 3469 5221 5
3505 5167 3578 5221 De

2016 5238 2174 5304 imag.
2207 5236 2455 5307 Methodii
2488 5234 2799 5307 Patai'ensis
2828 5242 2881 5289 et
2921 5238 3196 5307 martyris,
3237 5253 3435 5291 novum
3471 5238 3576 5292 sibi

2014 5307 2271 5375 contingit
2295 5305 2644 5360 Methodium.
2672 5304 2968 5375 llcsyehius
3000 5304 3224 5363 Pataras
3255 5308 3439 5362 urbem
3467 5307 3576 5363 Pa-

2016 5379 2154 5430 tarin
2182 5386 2356 5438 vocat,
2389 5391 2497 5445 quo
2523 5375 2685 5429 etiam
2731 5376 2946 5429 nomine
3000 5386 3234 5432 montem
3303 5378 3572 5445 nominat;

2013 5463 2113 5516 ego
2133 5450 2388 5518 eumdem
2405 5457 2534 5516 puto
2564 5453 2724 5518 atque
2750 5445 3056 5516 Olympum,
3109 5448 3280 5518 Lyciae
3312 5458 3572 5505 montem.

2013 5518 2173 5585 cujus
2199 5519 2312 5585 ipse
2345 5516 2647 5572 Mctliodius
2701 5526 2758 5570 ut
2811 5519 3095 5573 familiaris
3128 5516 3180 5571 iii
3214 5522 3352 5573 libro
3383 5518 3457 5571 De
3495 5536 3548 5571 re

2013 5597 2235 5661 surrect.
2294 5589 2558 5661 meminit,
2602 5603 2630 5639 a
2675 5605 2782 5657 quo
2812 5590 3101 5661 _et_eivitas
3149 5586 3408 5661 Olympus
3432 5590 3576 5643 dicta

2016 5659 2120 5721 sit;
2150 5674 2246 5712 nec
2273 5657 2415 5710 aliud
2440 5674 2499 5712 ea
2525 5657 2590 5710 de
2618 5674 2674 5712 re
2693 5659 3016 5714 certioribus
3050 5657 3415 5715 monumentis
3449 5662 3576 5712 hac-

2017 5736 2173 5785 tenus
2197 5729 2453 5784 occurrit.
2481 5731 2755 5785 (Teucrus.
