4052 6338
334 311 399 369 21
1524 316 1851 374 VETERUM
1892 318 2329 379 TESTIMONIA.

1922 458 2012 514 IV.

1150 572 1400 629 ANDBEAS
1427 573 1792 631 Casamensrs
1821 576 1874 630 in
1899 577 2120 647 Apocal.
2149 595 2303 633 εει-οι.
2334 580 2419 643 ll,
2454 597 2571 651 cap.
2608 583 2693 637 33.

414 687 472 741 Ὀ
512 685 569 740 δὲ
616 686 791 757 μέγας
834 687 1093 753 Μεθόδιος
1137 693 1217 754 εἰς
1260 692 1357 761 τὴν
1390 692 1550 759 ἁγίαν
1588 693 1911 763 Ἐκκλησίαν

333 778 605 844 ἐξέλαϐεν,
650 780 967 852 ἀνάρμοστα
992 785 1055 852 τῇ
1088 784 1377 855 δεσποτικῇ
1410 787 1660 855 γεννήσει
1687 785 1753 838 τὰ
1784 788 1911 857 περὶ

334 871 504 939 αὐτῆς
532 872 899 942 ἡγησάμενος,
928 874 1015 927 διὰ
1042 874 1100 927 τὸ
1142 875 1241 946 ήδη
1281 876 1386 947 πρὸ
1425 876 1618 929 πολλοῦ
1662 877 1909 948 τετέχθαι

335 962 425 1015 τὸν
454 961 657 1034 Κύριον
684 963 858 1034 ἡμῶν.
888 965 1065 1017 Καλὸν
1096 965 1152 1018 δὲ
1187 968 1279 1020 καὶ
1305 968 1483 1020 αὐτῶν
1512 968 1619 1021 τῶν
1653 970 1909 1039 ῥημάτων

334 1054 427 1108 τοῦ
464 1056 741 1125 μακαρίου
783 1056 1042 1109 Μεθοδίου
1087 1058 1411 1128 μεμνῆσθαι,
1438 1060 1495 1122 ὃς
1524 1076 1684 1128 φησιν
1729 1064 1785 1115 ἐν
1834 1062 1909 1132 τῷ

333 1147 612 1218 λεγομένῳ
660 1149 981 1217 Συμποσίῳ
1025 1151 1087 1203 ἐκ
1127 1151 1417 1221 προσώπου
1457 1152 1703 1224 Πρόκλης
1759 1154 1909 1225 (lege

337 1239 655 1309 Προκίλλης)
674 1239 885 1309 οὕτως·
938 1242 995 1297 Ἠ
1018 1242 1192 1311 γυνὴ,
1222 1244 1314 1297 καὶ
1342 1244 1407 1296 τὰ
1434 1243 1578 1314 ἑξῆς.

2085 698 2144 747 At
2180 711 2407 765 magnus
2448 697 2753 757 Methodius
2800 703 2867 757 ad
2912 703 3210 761 Ecclesiam
3255 710 3478 774 retulit,
3528 710 3583 764 in

2016 786 2309 843 Dominica:
2336 790 2634 848 nativitatis
2652 794 2965 865 mysterium
2990 812 3179 867 parum
3197 814 3257 854 ea
3289 802 3583 858 convenire.

2018 884 2171 933 ratus
2195 894 2314 947 qua:
2337 878 2439 933 hoc
2478 880 2598 935 loco
2623 883 2690 937 de
2720 884 2813 938 illo
2846 895 3140 941 narrantur
3173 908 3185 942 :
3221 892 3454 947 maxime
3487 909 3577 947 ve.-

2018 986 2077 1024 ro
2100 971 2244 1039 quod
2274 970 2535 1028 Dominus
2561 985 2745 1030 noster
2778 976 2981 1030 dudum
3007 988 3129 1033 ante
3163 981 3487 1050 patefactam
3512 984 3582 1037 lia

2014 1061 2095 1115 bri
2125 1061 2290 1131 hujus
2334 1064 2673 1135 prophetiam
2707 1077 2866 1122 natus
2904 1068 3085 1125 fuerit.
3120 1070 3188 1125 At
3213 1073 3441 1144 ipsamet
3468 1074 3579 1130 Me-

2011 1152 2182 1207 thodii
2208 1154 2369 1209 verba
2400 1156 2453 1210 in
2505 1158 2745 1213 medium
2792 1160 2982 1216 aﬁ‘erre
3036 1162 3201 1219 lubet.
3238 1163 3335 1220 Hic
3361 1183 3490 1237 ergo
3522 1169 3577 1223 in
3678 1198 3681 1201 λ

2009 1252 2242 1298 tractatu
2267 1260 2430 1314 quem
2448 1246 2760 1319 Symposion
2784 1248 3082 1323 inscripsit,
3095 1267 3161 1309 ex
3178 1266 3411 1323 persona
3441 1256 3572 1315 Pro-

2008 1334 2146 1388 cilla;
2176 1335 2400 1406 virginis
2433 1338 2505 1391 ita
2541 1339 2731 1394 scribit
2767 1360 2778 1394 :
2808 1340 3025 1406 Mulier,
3047 1346 3153 1399 etc.

1296 1564 1550 1617 ARETUAS
1588 1566 1641 1619 in
1677 1566 1898 1637 Apocal.
1932 1584 2027 1633 cap
2079 1571 2168 1635 55,
2200 1589 2319 1643 pag.
2357 1574 2476 1628 752.

408 1682 625 1754 ’Ἐτεροι
652 1681 709 1734 δὲ
739 1686 832 1735 καὶ
856 1682 1017 1735 πάλιν
1046 1681 1245 1752 ταύτην
1272 1683 1370 1754 τὴν
1394 1682 1626 1751 γυναῖκα
1647 1686 1743 1755 τὴν
1782 1682 1902 1736 Ἐκ-

336 1775 558 1845 κλησίαν
590 1774 797 1844 ἔφασαν
820 1772 978 1840 εἶναι,
1007 1775 1127 1845 ήτις
1153 1776 1244 1828 τὸν
1273 1775 1370 1846 τῆς
1395 1774 1737 1845 δικαιωύνης
1756 1776 1903 1846 ἥλιον

338 1867 564 1938 Χριστὸν
594 1866 1003 1938 περιϐέϐληται,
1038 1868 1130 1920 καὶ
1154 1868 1251 1937 τὴν
1277 1866 1503 1938 σελήνην
1532 1868 1629 1938 τὴν
1653 1869 1901 1937 Συναγω-

344 1960 434 2030 γήν
468 1961 727 2015 ὑποκάτω
754 1960 862 2013 τῶν
896 1959 1070 2014 ποδῶν
1109 1962 1183 2024 ὡς
1213 1961 1313 2031 ἤδη
1352 1961 1749 2015 Μλαιωθείσαν
1782 1962 1905 2031 ἒϐη-

338 2070 415 2108 ιιε.
446 2053 558 2106 Καὶ
590 2054 659 2107 τὰ
706 2053 831 2124 ἑξῆς
864 2054 1039 2107 πάντα
1070 2053 1357 2125 ἁρμοδίως,
1408 2056 1483 2117 ὡς
1526 2054 1777 2126 ’Δνδρέας
1810 2055 1902 2107 καὶ

337 2145 614 2210 ιίεθόδιος.

1908 2255 1995 2311 Vl.

2081 1687 2317 1741 Rursum
2370 1703 2496 1743 vero
2546 1690 2637 1743 alii
2665 1690 2806 1745 hanc
2849 1691 3128 1747 mulierem
3171 1690 3424 1745 dixerunt
3453 1707 3572 1747 esse

2008 1778 2329 1845 Ecclesiam,
2378 1797 2499 1851 qua:
2532 1784 2647 1838 sole
2672 1782 2900 1853 justitiae
2928 1783 3165 1849 Christo,
3208 1784 3404 1854 Stipata
3453 1793 3573 1848 est,

2007 1877 2060 1923 et
2086 1869 2290 1934 lunam,
2320 1870 2374 1925 id
2396 1881 2478 1925 est
2509 1870 2869 1943 Synagogam,
2893 1874 2995 1928 sub
3024 1872 3251 1944 pedibus
3279 1874 3419 1943 ejus,
3452 1882 3576 1927 tan-

2005 1974 2168 2031 quam
2194 1962 2308 2031 jam
2341 1962 2696 2017 vetustiorem
2727 1963 2973 2019 ell‘ectam
3006 1966 3210 2036 posuit.
3243 1964 3308 2018 Et
3331 1981 3451 2035 qum
3482 1981 3574 2020 se-

2008 2060 2249 2123 quuntur
2280 2055 2462 2109 omnia
2505 2071 2746 2128 congruo
2775 2057 2936 2112 modo
2986 2059 3333 2127 adaptarunt,
3367 2066 3425 2111 ut
3454 2058 3572 2112 An-

2008 2145 2168 2201 dreas
2198 2154 2251 2201 et
2280 2146 2607 2203 Methodius.

1208 2377 1480 2434 Leonnus
1509 2375 1834 2439 BYZAN'IIUS,
1863 2374 1954 2430 lib.
1999 2374 2070 2431 De
2094 2378 2280 2443 sectis,
2307 2387 2413 2430 act.
2446 2393 2528 2431 nt.

410 2492 687 2560 Ἐγένοντο
729 2492 785 2545 δὲ
832 2494 890 2544 ἐν
922 2495 1032 2555 τοῖς
1060 2492 1270 2563 χρόνοις
1314 2494 1426 2555 τοῖς
1454 2491 1560 2545 ἀπὸ
1591 2492 1687 2562 τῆς
1720 2490 1907 2559 γεννή-

335 2602 466 2648 σεως
492 2584 586 2636 τοῦ
620 2583 854 2655 Χριστοῦ
886 2586 1044 2655 μέχρι
1077 2586 1173 2655 τῆς
1200 2583 1470 2654 βασιλείας
1496 2581 1903 2636 Κωνσταντίνου

334 2676 638 2730 διδάσκαλοι
688 2678 779 2729 καὶ
832 2676 1074 2748 Πατέρες
1120 2676 1524 2745 οἵδε,’1γνάτιος
1560 2678 1587 2728 6
1628 2674 1900 2745 θεοφόρος,

334 2768 638 2837 Εἰρηναῖος,
657 2767 936 2830 Ἰουστῖνος
968 2768 1253 2838 φιλόσοφος
1278 2768 1372 2822 καὶ
1394 2768 1626 2840 μάρτυρ,
1651 2767 1899 2839 Κλήμης,

333 2860 420 2912 Lai
462 2859 773 2922 Ἱππόλυτος
797 2860 1086 2924 ἐπίσκοπος
1135 2860 1371 2932 Ῥώμης,
1405 2859 1677 2923 Διονύσιος
1723 2862 1902 2935 Ἀρεο-

334 2952 583 3022 παγίτης,
640 2952 897 3016 Μεθόδιος
955 2953 1247 3016 ἐπίσκοπος
1286 2954 1570 3025 Πατάρων,
1606 2955 1901 3027 Γρηγοριος

332 3046 356 3095 5
380 3044 824 3115 Θαυματουργδς,
858 3046 1057 3115 Πέτρος
1096 3048 1124 3098 ὁ
1168 3045 1568 3118 Ἀλεξανδρείας
1606 3049 1899 3113 ἐπίσκοπος

332 3137 420 3188 καὶ
454 3136 683 3205 μάρτυς.

2078 2494 2105 2545 ι⁴
2123 2500 2319 2548 uerunt
2361 2500 2540 2547 autem
2575 2493 2629 2547 in
2660 2493 2994 2563 temporibus
3014 2509 3042 2545 a
3061 2491 3261 2548 Christi
3287 2493 3568 2551 nativitate

2006 2600 2179 2654 usque
2193 2584 2257 2637 ad
2278 2584 2559 2655 imperium
2576 2584 2921 2640 Constantini
2938 2585 3189 2641 doctores
3206 2586 3259 2640 hi
3276 2593 3328 2641 et
3344 2585 3564 2643 Patres:

2005 2674 2629 2747 lgnatius'l‘heophorus,
2653 2676 2909 2742 lrenaaus,
2924 2676 3195 2742 Justinus,
3212 2678 3566 2749 philosophus

2004 2777 2057 2822 et
2088 2777 2315 2840 martyr,
2367 2768 2640 2833 Clemens,
2679 2779 2731 2824 et
2764 2768 3084 2841 Hippolytus
3137 2770 3321 2826 Romae
3353 2758 3567 2842 episcol

2006 2876 2131 2930 pus,
2189 2861 2479 2933 Dionysius
2522 2862 2865 2933 Areopagita,
2906 2862 3207 2919 Methodius
3253 2864 3564 2918 Patarensis

2005 2954 2314 3025 episcopus,
2332 2956 2624 3026 Gregorius
2638 2953 3095 3026 Thaumaturgus,
3116 2954 3307 3011 Petrus
3333 2954 3565 3009 Alexan-

2005 3046 2135 3101 dria:
2154 3047 2441 3118 episcopus
2473 3057 2525 3103 et
2553 3057 2776 3119 martyr.
2799 3054 2808 3061 '

1908 3259 2019 3313 VII.

923 3374 978 3429 S.
1011 3375 1263 3432 MAXIIUS
1294 3378 1347 3430 in
1378 3376 1541 3431 schol.
1575 3377 1643 3430 ad
1670 3377 1914 3449 Dionysii
1936 3378 2189 3447 Areopag.
2216 3395 2330 3447 cap.
2366 3379 2398 3431 5
2458 3376 2529 3429 De
2560 3376 2755 3430 eccles.
2788 3372 3055 3428 hierarch.

402 3490 475 3560 (a)
518 3491 813 3559 ’Δνάγνωϐι
842 3492 1098 3545 Μεθοδίω
1138 3494 1231 3546 τοῦ
1280 3492 1433 3562 ἁγίου
1476 3496 1764 3565 μάρτυρος,
1802 3499 1895 3548 καὶ

350 3582 629 3653 Ὀλυμπίου
672 3583 1153 3654 Ἀδριανουπόλεως
1205 3586 1500 3639 ἐπισκόπου
1550 3588 1649 3657 τῆς
1699 3588 1898 3653 Λυκίας

336 3672 401 3725 τὰ
426 3672 537 3726 κατ’
561 3671 728 3726 αὑτοῦ
758 3674 1063 3745 Ὠριγένους
1095 3674 1180 3727 ὑπ’
1206 3674 1384 3728 αὐτῶν
1404 3676 1530 3745 περὶ
1554 3677 1899 3737 ἀναστάσεως

331 3767 623 3837 γραφέντα,
663 3769 756 3821 καὶ
803 3769 1153 3840 Ἀντιπάτρου
1180 3766 1271 3820 τοῦ
1305 3768 1551 3840 Βόστρων
1576 3767 1897 3834 ἐπισκόπου,

328 3858 419 3910 καὶ
467 3857 681 3928 μαθήσῃ
717 3858 814 3930 τήν
849 3857 1064 3929 μυθώδη
1094 3858 1254 3911 αὑτοῦ
1281 3859 1372 3913 καὶ
1402 3858 1685 3913 ἀλλόκοτον
1716 3860 1890 3931 ληρῳ-

327 3948 440 4003 δίαν

2073 3495 2211 3566 Lege
2247 3496 2304 3549 S.
2339 3492 2596 3549 Methodii
2631 3492 2905 3562 martyris,
2942 3500 2994 3545 et
3026 3488 3261 3559 Olympii
3291 3486 3559 3540 Adriano-

2004 3587 2231 3658 politani
2259 3587 2499 3657 episc0pi
2532 3585 2729 3657 Lyciae,
2771 3599 2870 3640 nec
2902 3598 3009 3638 non
3038 3579 3309 3652 Antipatri
3339 3578 3559 3633 Bostro-

2004 3695 2125 3735 rum
2153 3680 2391 3750 episcopi
2426 3679 2593 3733 libros
2620 3691 2757 3748 quos
2792 3676 2847 3730 in
2876 3689 3001 3731 eum
3048 3671 3332 3743 Origenem
3376 3669 3443 3723 dc
3475 3683 3559 3722 re-

2005 3770 2342 3825 surrectione
2400 3769 2877 3839 conscripserunt;
2930 3774 2983 3820 et
3014 3764 3193 3818 disces
3252 3761 3557 3816 fabulosum

1995 3863 2113 3933 ejus
2141 3878 2203 3917 ac
2230 3873 2633 3918 monstruosum
2665 3861 3100 3916 deliramentum.

1906 4063 2041 4117 VIII.

327 4185 555 4242 Ioannes
584 4149 1121 4252 Tussatoxicsnsns,
1154 4188 1292 4257 apud
1314 4188 1376 4243 L.
1409 4187 1667 4241 Allatium
1699 4189 1751 4241 in
1775 4186 1939 4244 diatr.
1970 4186 2045 4243 De
2072 4184 2466 4241 Methodiorum
2494 4184 2729 4253 scriptis,
2762 4198 2880 4251 pag.
2914 4181 3037 4245 555,
3062 4178 3185 4232 edit.
3211 4175 3359 4231 Rom.
3396 4173 3551 4228 1656.

396 4306 507 4361 Kal.
540 4307 698 4361 τοῦτο
727 4306 950 4370 πολλοὺς
975 4307 1081 4360 τῶν
1108 4308 1275 4378 ἁγίων
1298 4308 1452 4378 ἡμῶν
1475 4308 1732 4380 Πατέρων
1763 4325 1886 4379 φρο-

329 4402 589 4471 νήσαντας
640 4401 989 4471 εὑρίσκομεν
1035 4395 1110 4454 ὧν
1160 4403 1273 4453 ἐστι
1316 4399 1587 4463 Βασίλειος
1619 4401 1645 4453 6
1678 4399 1884 4468 Μέγας,

327 4495 421 4546 καὶ
465 4495 491 4546 6
533 4496 591 4546 ἐν
634 4495 807 4561 ἁγίοις
844 4492 1183 4559 Ἀθανάσιος,
1227 4494 1319 4547 καὶ
1345 4493 1375 4547 6
1405 4492 1573 4565 μέγας
1605 4491 1883 4558 Μεοόδιος,

328 4585 421 4639 καὶ
451 4587 499 4638 οἱ
532 4587 666 4656 ἀμφ’
694 4586 910 4650 αὐτούς.

1897 4696 1985 4751 IX.

2063 4308 2128 4361 Et
2172 4308 2275 4362 hoc
2308 4306 2505 4361 multos
2540 4313 2850 4360 sanctorum
2883 4300 3100 4355 Patrum
3136 4299 3374 4353 sensisse
3406 4296 3554 4349 inve-

1992 4400 2206 4465 nimus;
2237 4412 2469 4468 quorum
2491 4403 2576 4451 est
2606 4395 2841 4450 Basilius
2875 4394 2964 4448 ille
2991 4391 3236 4463 Magnus,
3267 4398 3320 4445 et
3355 4395 3555 4443 sanctae

1994 4489 2272 4545 memoria:
2298 4488 2648 4556 Athanasius,
2680 4498 2838 4559 atque
2882 4500 3109 4556 magnus
3140 4480 3463 4546 Methodius,
3500 4486 3553 4535 et

1993 4582 2085 4652 qui
2108 4597 2202 4637 eos
2232 4589 2550 4653 sequuntur.

1285 4821 1521 4878 Puorms
1543 4820 1681 4875 Bibl.
1715 4818 1831 4877 cod.
1856 4834 2132 4886 ccxxxvn,
2162 4835 2317 4890 pagg.
2351 4817 2602 4873 950-965.

409 4937 741 5008 ’Δνεγνώσθη
791 4938 883 4991 τοῦ
925 4939 1077 5008 ἁγίου
1125 4941 1395 5015 μάρτυρος
1424 4943 1531 4998 ’καὶ
1588 4944 1881 4997 ἐπισκόπου

322 5032 583 5087 Μεθοδίου
632 5034 695 5085 ἐκ
738 5032 830 5084 τοῦ
883 5035 1020 5101 Περὶ
1072 5034 1311 5104 ἁγνείας
1337 5036 1411 5100 ὡς
1457 5038 1513 5089 ἐν
1558 5036 1725 5107 ὁμοίῳ
1768 5053 1883 5088 συν-

322 5126 499 5196 άᾷεως
532 5123 603 5195 (b)
646 5124 859 5196 ἐξεδόθη
902 5124 1123 5196 τύπῳ...
1152 5127 1485 5199 Σημειωτέον
1513 5127 1603 5200 (c),
1628 5127 1701 5191 ὡς
1736 5144 1887 5190 ουτος

393 5259 473 5327 (a)
504 5256 757 5313 Putarem
806 5258 1110 5326 legendum,
1166 5261 1459 5329 Ἀνάγνωθι
1498 5259 1755 5314 Μεθοδίω
1789 5259 1879 5312 τοῦ

322 5332 477 5400 ἁγίου
543 5329 835 5400 μάρτυρος
870 5329 1139 5400 ⁹υλύμπου
1194 5332 1489 5385 ἐπισκόπου
1524 5330 1621 5400 τῆς
1654 5330 1877 5393 Λυκίας.

322 5397 451 5471 Lege
472 5397 649 5471 sancti
704 5397 959 5471 Hcﬁtltodii
1001 5397 1266 5471 martyris
1300 5401 1513 5471 Olympi
1569 5397 1743 5471 Lycia:
1768 5402 1883 5468 epi-

320 5469 483 5549 scopi.
537 5469 672 5549 Quis
715 5470 862 5549 enim
898 5471 996 5549 hic
1037 5469 1315 5549 Olympius

320 5544 608 5612 episcopus
645 5539 863 5610 Lyciae?
892 5540 1021 5606 Quae
1037 5539 1414 5611 Adria'nopolis
1444 5542 1496 5595 in
1541 5539 1741 5612 Lycia?
1774 5544 1882 5593 Al.-

321 5628 445 5661 Lu'.
480 5612 658 5661 bintr.
694 5610 760 5661 de
793 5608 1022 5661 Method.
1047 5613 1253 5661 scrint--
1287 5628 1339 5661 n-
1369 5612 1493 5661 528.

321 5628 445 5664 Lar.
480 5612 658 5664 Diatr.
694 5612 760 5662 de
793 5612 1022 5666 Method.
1047 5613 1253 5680 script.,
1286 5628 1339 5682 p.
1369 5612 1493 5665 528.

319 5681 653 5807 ιιίξέέρς...
671 5681 1006 5749 συνόψεως.
1028 5681 1165 5753 Lege
1185 5681 1317 5750 ὃς...
1342 5682 1703 5753 συμποσίου.
1726 5679 1880 5735 Ευιτ.

364 5768 519 5807 L'I’AI.

2062 4941 2262 4997 Lectus
2293 4947 2377 4996 est
2406 4940 2583 4995 sancti
2614 4938 2870 5011 martyris
2909 4947 2962 4994 et
3009 4939 3247 5009 episcopi
3295 4938 3551 4995 Methodii

1993 5034 2126 5089 liber
2161 5033 2233 5088 De
2266 5034 2508 5087 castitate
2551 5030 2616 5085 ad
2652 5030 2878 5085 formam
2913 5029 3147 5086 Convivii
3190 5031 3550 5101 compositus.

1993 5124 2498 5180 aOhservandum
2549 5130 2634 5178 est
2685 5121 2830 5177 hunc
2881 5119 3183 5192 Dialogum,
3216 5121 3305 5175 cui
3360 5122 3551 5177 titulus

2060 5259 2130 5330 (ε)
2162 5258 2241 5330 Ad
2275 5256 2479 5330 Photii_
2501 5271 2789 5330 censuram
2835 5254 2979 5330 quod
3024 5254 3239 5330 attinet,
3266 5255 3551 5330 videbatur

1988 5325 2078 5384 illa
2107 5325 2237 5382 mihi
2269 5328 2428 5398 paulo
2450 5326 2670 5389 durior;
2700 5325 2849 5398 Aquod
2872 5326 3149 5398 praecipue
3184 5339 3293 5398 non
3326 5326 3551 5398 videan-
3620 5337 3628 5381 Τ

1985 5411 2074 5454 tur
2102 5394 2286 5453 Ariani
2316 5398 2603 5451 admodum
2630 5395 2714 5449 usi
2746 5397 2845 5448 hac
2870 5394 3123 5449 Metltodii
3154 5396 3549 5459 lucubratione,
3617 5400 3621 5415 '

1410 5466 1877 5539 drianopolitanus
1987 5477 2080 5524 aut
2106 5485 2171 5523 ex
2195 5469 2285 5521 iLZa
2310 5472 2641 5539 argumenta
2674 5467 2972 5539 sumpsisse
3007 5486 3018 5519 :
3053 5466 3145 5539 ubi
3179 5466 3551 5539 tamen__p_anlo

1990 5536 2396 5608 diligentiorem
2419 5537 2467 5592 ei
2499 5536 2723 5591 adhibui
2771 5552 3012 5608 operam,
3052 5536 3435 5608 ipsequegmilii
3465 5551 3549 5588 re-

1992 5605 2203 5672 censui,
2234 5608 2453 5678 gravius
2508 5608 2755 5661 laborare
2802 5605 3550 5678 deprehendi,__subindeque

1991 5680 2176 5733 notavi
2202 5675 2321 5747 qua:
2360 5678 2443 5732 vel
2475 5678 2671 5730 molliri
2701 5675 2944 5745 possent,
2984 5677 3065 5731 vel
3092 5675 3548 5747 nullamrexcusa-

1993 5746 2353 5816 tionem,’mco
2373 5763 2503 5804 sane
2535 5764 2719 5815 sensu,
2741 5748 3121 5805 admitterent:
3156 5762 3273 5813 qua:
3302 5746 3416 5811 ipsa
3446 5761 3548 5799 non
