4052 6338
446 321 516 380 ‘35
682 366 703 381 .
1364 324 1421 382 S.
1465 323 1864 381 METHODIUS
1902 325 2283 384 EPISCOPUS
2319 327 2406 383 ET
2447 326 2754 383 MARTYR.
3596 325 3670 379 2i

449 440 803 513 Symposium,
857 443 971 499 sive
1029 441 1106 495 De
1165 444 1450 510 castitate,
1501 462 1750 518 magnam
1803 457 1995 519 partem

2109 450 2139 502 6
2193 448 2459 518 διάλογος,
2496 441 2541 516 ᾧ
2592 449 2627 519 ἡ
2674 448 2973 520 ἐπιγραφὴ,
3024 449 3388 517 Συμπόσιον,
3425 446 3483 519 ἢ,
3530 446 3668 514 Περὶ

448 533 813 589 adulteratum
864 549 988 590 esse
1017 553 1030 589 :
1061 532 1303 590 offendes
1347 537 1492 601 enim
1539 538 1594 592 in
1629 539 1721 593 illo
1768 540 1995 609 adjecta:

2109 538 2389 607 ἁγνείας,
2439 537 2725 611 παραπολὺ
2769 535 3146 607 νενοθευμένος
3195 536 3371 590 ἐστίν*
3418 534 3671 607 εὑρήσεις

446 625 614 681 etiam
632 626 917 681 Arianicas
934 630 1209 707 vanusque
1234 628 1579 698 opinationes
1603 630 1845 701 aliasque
1871 633 1995 687 male

2108 630 2219 701 γὰρ
2251 631 2308 682 ὲν
2336 628 2483 699 αυτῷ
2508 627 2996 701 παραϐεϐλημένας
3035 628 3128 681 καὶ
3164 625 3502 698 Ἀρειανικὰς
3527 624 3671 696 δοξο-

447 716 798 772 sentientium
836 700 1064 773 fabulas.

2109 721 2325 784 κοπίας,
2360 720 2451 774 καὶ
2483 721 2683 791 ἐτέρων
2718 718 2879 773 τινῶν
2917 717 3346 787 κακοδοξούντων
3377 716 3671 789 μυθολογή⁴

2112 828 2276 882 ματα.

1573 925 1717 980 Idem
1747 926 1898 993 ibid.,
1922 926 2037 984 cod.
2072 945 2205 991 ωιιι,
2230 947 2350 1001 pag.
2382 932 2504 987 547.

515 1035 815 1093 Conﬁrmat
879 1041 1074 1096 deinde
1136 1042 1427 1114 (Eusebius
1478 1043 2005 1117 Thessalonicensis)

360 1176 375 1193 ,
445 1126 609 1188 hasce
635 1145 765 1186 suas
796 1134 1248 1203 reprehensiones
1281 1152 1311 1191 e
1332 1136 1487 1192 libris
1516 1152 1689 1193 sacra:
1711 1137 2005 1210 Scripturae

442 1221 644 1293 veteris
693 1220 848 1291 juxta
896 1239 959 1280 ac
1005 1226 1131 1281 novi
1174 1225 1526 1295 Instrumenti
1554 1248 1567 1283 :
1594 1227 1818 1285 Patrum
1871 1232 2001 1287 item

444 1310 861 1368 lectissimorum
895 1317 1201 1380 sententiis,
1229 1318 1531 1383 Athanasii,
1575 1328 1628 1376 et
1672 1321 1833 1376 trium
1866 1321 2000 1376 Gre-

442 1394 741 1470 goriorun’i,
775 1406 1217 1462 admirandorum
1250 1410 1470 1480 inquam
1513 1410 1657 1466 illius
1688 1414 2002 1482 patrator-is.

444 1492 727 1567 Theologi,
750 1508 805 1552 ct
833 1498 1003 1554 divini
1045 1499 1300 1571 Nysscni,
1335 1502 1518 1557 Basilii
1552 1504 1803 1560 similiter
1825 1505 2006 1560 Casa-

444 1601 548 1641 reae
613 1588 893 1653 antistitis,
952 1599 1006 1646 et
1065 1589 1291 1648 Joannis
1357 1593 1754 1666 Cbrysostomi,
1816 1595 2004 1668 Cyrilli

443 1677 819 1744 Alexandrini,
849 1682 914 1736 'et
942 1679 1158 1738 Proculi
1213 1684 1463 1754 praesulis
1511 1684 2007 1754 Constantinopoli-

441 1771 551 1824 tani
581 1786 595 1821 :
630 1773 805 1827 sancti
833 1773 1019 1839 adbtec
1054 1775 1310 1846 martyris
1331 1773 1608 1839 Melhodii,
1631 1783 1686 1830 et
1719 1774 1999 1842 Quadrati.

441 1858 810 1927 Quorumdam
853 1864 999 1921 enim
1051 1880 1117 1921 ex
1151 1866 1237 1921 his
1275 1866 1421 1921 dicta
1473 1866 1719 1937 quaedam
1758 1866 2004 1924 Andreas

442 1952 734 2028 (Inclusus)
765 1940 1058 2022 avulserat,
1083 1965 1138 2013 et
1170 1965 1504 2027 perverterat
1529 1978 1542 2011 :
1572 1957 1844 2030 simulque
1885 1973 2004 2013 ma-

443 2045 620 2102 litiose
647 2056 742 2102 aut
769 2048 1015 2119 imperite
1040 2048 1467 2119 interpretando,
1497 2064 1737 2105 errorem
1764 2065 1924 2106 suum
1937 2065 2003 2105 ex

439 2135 573 2202 illis,
607 2144 668 2192 ut
705 2137 810 2194 sibi
846 2140 1065 2210 quidem
1108 2142 1398 2211 persuasit,
1426 2139 1793 2196 conﬁrmarat.

2012 2260 2080 2317 X.

2184 1050 2521 1123 Παρατίθησι
2550 1049 2607 1104 δὲ
2639 1049 2736 1114 τὰς
2765 1048 2905 1103 κατὰ
2933 1064 3058 1110 τους
3098 1046 3348 1117 ἐλέγχους
3372 1042 3670 1112 ἀποδείξεις

2110 1141 2173 1196 ἐκ
2200 1161 2258 1196 τε
2292 1143 2392 1214 τῆς
2416 1145 2657 1216 Γραφῆς,
2692 1140 2924 1205 παλαιᾶς
2952 1158 3014 1193 τε
3045 1139 3140 1194 καὶ
3166 1138 3316 1201 νέας,
3339 1135 3434 1190 καί⁸
3475 1137 3539 1189 ὲκ
3560 1136 3669 1190 τῶν
3704 1203 3711 1209 ⁸

2110 1233 2345 1302 λογάδων
2368 1235 2642 1307 Πατέρων,
2659 1234 2989 1297 Ἀθανασίου,
3019 1231 3113 1286 καὶ
3139 1229 3246 1283 τῶν
3272 1227 3433 1300 τριῶν
3464 1228 3671 1298 Γρηγο-

2111 1326 2258 1397 ρίων,
2284 1325 2377 1378 τοῦ
2403 1343 2464 1379 τε
2491 1323 2915 1396 Θαυματουργοῦ
2942 1322 3104 1392 λέγω,
3136 1322 3230 1374 καὶ
3260 1319 3353 1373 τοῦ
3387 1318 3666 1387 Θεολὸγου,

2110 1418 2203 1469 καὶ
2240 1417 2332 1471 τοῦ
2365 1417 2652 1472 θεσπεσίου
2682 1417 2922 1488 Νύσσης,
2955 1413 3233 1468 Βασιλείου
3257 1430 3317 1465 τε
3341 1411 3435 1465 τοῦ
3463 1413 3670 1464 Καισα-

2115 1508 2282 1581 ρείας,
2311 1511 2405 1563 καὶ
2441 1510 2682 1564 Ἰωάννου
2718 1508 2811 1563 τοῦ
2838 1506 3241 1578 Χρυσοστόμου,
3272 1504 3535 1574 Κυρίλλου
3573 1501 3666 1556 τοῦ

2123 1600 2551 1673 Ἀλεξανδρείας,
2606 1602 2698 1654 καί
2743 1600 2836 1654 τοῦ
2883 1596 3509 1659 Κωνσταντινουπὸλεωςεε
3531 1595 3662 1667 Πρό-

2110 1692 2238 1745 κλου
2260 1707 2273 1722 ·
2306 1691 2440 1746 ἀλλὰ
2486 1692 2549 1764 δὴ
2586 1694 2681 1746 καὶ
2714 1691 2974 1747 Μεθοδίου
3004 1689 3097 1744 τοῦ
3132 1689 3540 1761 ίερομάρτυρος,
3574 1687 3668 1741 καὶ

2109 1778 2511 1855 ΚοδράτουίὯν
2538 1785 2693 1838 ἐνίων
2722 1783 2816 1837 καὶ
2845 1786 3029 1856 ῥήσεις
3046 1783 3196 1848 τινὰς
3220 1785 3249 1835 6
3275 1780 3525 1851 Ἀνδρέας
3542 1779 3668 1832 ἀπο·

2113 1875 2394 1947 σπαράξας
2419 1877 2513 1931 καὶ
2540 1875 3053 1948 παραπλασάμενος,
3082 1875 3119 1929 ἃ.
3140 1874 3199 1945 δὲ
3223 1874 3318 1928 καὶ
3348 1871 3668 1943 κακούργως

2111 1967 2147 2042 ἢ
2182 1969 2274 2022 καὶ
2303 1969 2544 2041 ἀνοήτως
2571 1969 2886 2041 ὲξειληφὼς,
2915 1968 3140 2035 ἐκεῖθεν,
3171 1968 3248 2032 ὡς
3271 1965 3425 2037 ᾤετο,
3454 1966 3558 2038 τὴν
3591 1965 3668 2025 ol-

2110 2061 2264 2115 κείαν
2288 2060 2494 2133 πλάνην
2520 2062 2830 2134 ὲκράτυνεν.

1067 2376 1251 2434 Casam
1280 2378 1516 2435 Casurus
1544 2379 1599 2433 in
1630 2378 1907 2451 Sympos.,
1929 2378 2034 2436 ode
2056 2396 2139 2446 ιιι,
2164 2381 2304 2451 apud
2331 2381 2587 2436 Attalium
2607 2383 2645 2435 ί.
2668 2398 2741 2448 c.,
2764 2396 2885 2454 pag.
2912 2380 3037 2469 315.

513 2492 848 2565 Virginitatis
867 2494 1055 2561 decus,
1088 2505 1144 2552 et
1175 2496 1516 2553 castimoniae
1536 2497 1997 2568 pulchritudinem

436 2580 982 2655 cum'experimento
1015 2586 1327 2653 didicisses,
1356 2603 1391 2643 ο
1445 2587 1702 2659 gloriose,
1751 2588 2003 2644 doctrina

2178 2501 2290 2573 Τῆς
2322 2500 2618 2573 παρθενίας
2640 2499 2701 2553 τὸ
2736 2497 2928 2571 σεμνὸν
2950 2498 3046 2552 καὶ
3073 2491 3174 2567 τῆς
3199 2494 3418 2566 ἁγνείας
3449 2494 3508 2549 τὸ
3538 2493 3668 2548 κάλ-

2107 2588 2196 2652 λος
2224 2589 2311 2642 διὰ
2356 2589 2571 2660 πείρας,
2606 2586 2801 2653 ἐνδοξε,
2833 2584 3040 2659 μαθὼν,
3071 2584 3231 2656 σοφίᾳ
3258 2586 3324 2655 τῇ
3353 2586 3417 2656 σῇ
3448 2584 3542 2638 καὶ¹
3581 2584 3668 2639 λό-

437 2684 530 2732 tua
556 2683 611 2731 et
643 2691 954 2731 sermonum
997 2687 1279 2735 venustate
1306 2679 1619 2736 universam
1654 2694 1844 2737 eorum
1880 2680 1995 2753 pul.

2106 2695 2217 2748 γων
2243 2677 2443 2751 χάριτι,
2463 2679 2642 2732 πᾶσαν
2654 2676 2753 2749 τήν
2777 2675 2979 2731 τούτων
2997 2674 3254 2745 καλλονὴν
3277 2671 3664 2737 ὑποδεικνύεις,

435 2769 821 2832 chritudinem,
857 2770 1038 2825 divina
1092 2779 1273 2828 mente
1325 2773 1568 2843 praedite,
1617 2780 1671 2828 et
1722 2786 2000 2842 nunquam

2108 2768 2353 2842 Θεόφρον,
2381 2769 2475 2822 καὶ
2496 2768 2597 2841 τὴν
2625 2766 2976 2832 αἰωνίζουσαν
3002 2765 3397 2837 φαιδρότητα...
3431 2765 3668 2836 Στερεω-

438 2862 710 2918 linientem
772 2862 1100 2920 hilaritatem
1157 2873 1681 2922 commonstras.....
1745 2862 1995 2919 Firmiori

2103 2860 2267 2933 τέρας
2299 2859 2499 2930 ἐδωδῆς
2514 2859 2890 2930 πνευματικῶν
2907 2857 3217 2931 συμποσίων
3243 2855 3662 2928 ἐμπλησθέντες,

434 2953 558 3007 cibo
584 2952 949 3022 spiritualium
996 2955 1371 3011 conviviorum
1404 2964 1624 3012 tuorum
1656 2956 1866 3027 repleti,
1914 2970 2004 3011 sa-

436 3044 795 3113 pientissime,
824 3049 967 3103 veris
1016 3047 1141 3103 inde
1194 3048 1397 3105 laetitiis
1427 3050 1670 3116 aluntur,
1702 3065 1822 3120 qua:
1864 3064 2003 3103 nun-

2107 2955 2365 3022 πάνσοφε,
2397 2952 2505 3007 τῶν
2545 2953 2673 3012 σῶν,
2709 2952 2805 3024 τὴν
2846 2953 3011 3017 ὅντως
3052 2951 3258 3025 τρυφὴν
3306 2949 3513 3005 ἐκεῖθεν
3538 2948 3665 3020 τρέ-

2106 3063 2295 3115 φονται
2335 3046 2436 3118 τὴν
2467 3045 2841 3117 διαμένουσαν,
2871 3044 2958 3099 ἀεὶ
3003 3043 3421 3117 συμφυουμένην
3469 3042 3695 3114 ἀρδεύο’
3800 3102 3811 3120 υ

434 3150 597 3204 quam
640 3135 920 3201 deﬁciunt,
973 3138 1067 3194 sed
1113 3153 1326 3210 semper
1354 3142 1512 3197 novis
1557 3140 1798 3197 lluxibus
1841 3140 1995 3196 simul

2108 3158 2247 3204 στως
2271 3141 2366 3194 καὶ
2391 3138 2822 3210 συναυξουμένην
2845 3140 2956 3201 τοῖς
2983 3138 3315 3208 μετέχουσιν.

436 3239 558 3291 cum
586 3228 1037 3311 participantibus
1064 3237 1401 3286 enascuntur
1426 3239 1480 3287 et
1503 3241 1789 3303 augentur.

2003 3343 2096 3399 Xl.

1350 3462 1819 3522 Manrvnomowu
1848 3461 2114 3528 Romam:
2139 3476 2230 3517 xw
2279 3456 2407 3517 Kal.
2438 3457 2701 3514 Octobris.

502 3566 711 3623 Natalis
741 3572 917 3626 sancti
949 3571 1229 3638 Methodii,
1261 3571 1473 3645 Olympi
1503 3573 1680 3645 Lycia:
1704 3590 1767 3632 ac
1792 3584 1979 3646 postea
2013 3573 2143 3646 Tyri
2163 3571 2430 3643 episcOpi,
2462 3569 2735 3627 sermonis
2758 3568 2938 3624 nitore
2980 3582 3045 3623 ac
3081 3568 3332 3624 doctrina
3368 3568 3663 3635 claristmt;

434 3663 528 3732 qui
556 3664 620 3718 ad
645 3671 944 3721 extremum
975 3669 1284 3724 novissima:
1333 3672 1748 3738 persecutionis,
1775 3680 1833 3726 ut
1864 3671 2052 3728 scribit
2096 3678 2319 3726 sanctus
2359 3667 2739 3737 Hieronymus,
2770 3664 2829 3719 in
2854 3663 3114 3720 Chalcide
3150 3662 3371 3718 Graeciae
3401 3664 3663 3735 martyrio

434 3764 726 3812 coronatus
751 3766 853 3814 est.

2004 3857 2119 3912 XII.

435 3965 789 4025 lleuocoowu
824 3969 1152 4041 ancconuu,
1168 3975 1323 4044 jussu
1348 3975 1541 4028 Basilii
1572 3977 1903 4045 imperatoris
1922 3975 2116 4100 grtiam
2142 3974 2360 4098 gigni,
2395 3969 2462 4024 ad
2490 3968 2624 4029 diem
2652 3967 2723 4022 20
2745 3966 2916 4033 Junii,
2940 3977 3083 4038 part.
3116 3985 3200 4033 ιιι,
3230 3984 3353 4039 pag.
3383 3966 3503 4032 l38,
3530 3967 3664 4021 edit.

1972 4063 1999 4099 r
2036 4061 2109 4100 ιιι.
2284 4080 2301 4096 .

1972 4061 2109 4103 ram.
2143 4061 2167 4098 ‘l
2187 4061 2245 4096 [Ζ
2260 4061 2301 4096 Ι.

506 4160 812 4218 Methodius
860 4161 1065 4219 Christi
1105 4174 1494 4237 sacromartyr.
1525 4165 1595 4221 ab
1617 4164 1849 4220 infantia
1885 4163 1995 4220 Deo

432 4254 751 4319 honorabile
773 4270 870 4311 vas
912 4257 1151 4326 seipsum
1184 4257 1542 4321 consecravit,
1562 4257 1733 4312 divini
1760 4255 1994 4328 Spiritus

432 4345 834 4417 receptaculum
862 4346 1059 4403 factus.
1084 4348 1262 4415 Quare
1280 4348 1373 4404 Dei
1402 4349 1656 4421 suﬁ'ragio
1678 4352 1993 4421 pontiﬁcatu

432 4437 627 4515 dignus
655 4438 881 4496 eﬁ‘ectus
901 4448 1019 4497 est:
1050 4448 1372 4514 creatusque
1399 4440 1711 4504 Patarensis
1740 4441 1994 4497 Ecclesiae

433 4532 740 4600 episcopus,
776 4548 991 4604 gregem
1026 4549 1185 4589 suum
1222 4536 1426 4605 optime
1460 4535 1632 4605 pavit.
1662 4533 1992 4591 Gliscentem

431 4628 609 4675 autem
650 4620 900 4694 Origenis
930 4624 1176 4681 haeresim
1211 4641 1462 4690 cernens,
1499 4634 1559 4682 ut
1604 4627 1843 4698 optimus
1889 4641 1989 4695 pa-

432 4716 550 4764 stor
566 4711 751 4769 divino
773 4713 1113 4784 eloquiorum
1164 4732 1387 4772 suorum
1435 4718 1558 4788 igne
1589 4718 1848 4774 incendit.
1886 4717 1991 4774 Sed

432 4816 557 4855 cum
591 4802 845 4862 inimicus
868 4805 1119 4862 diabolus
1150 4807 1269 4877 ejus
1303 4809 1605 4865 libertatem
1634 4818 1688 4864 et
1731 4817 1992 4869 constan-

429 4894 560 4963 tiam
580 4893 727 4951 ferre
751 4910 863 4953 non
888 4906 1093 4970 posset,
1124 4900 1385 4956 satellites
1410 4915 1541 4956 suos
1571 4902 1627 4956 in
1654 4900 1775 4971 ejus
1803 4914 1988 4959 necem

431 4986 679 5056 armavit.
714 4985 808 5047 Ille
841 5000 970 5042 vero
1031 4998 1322 5061 antequam
1366 4994 1627 5064 martyrio
1655 4992 1989 5065 fungeretur,

427 5091 551 5145 cum
577 5079 1049 5149 mortiﬁcationem
1069 5081 1335 5147 viviﬁcam
1359 5083 1645 5150 induisset,
1673 5092 1727 5140 et
1748 5086 1992 5154 quotidie

428 5179 701 5237 mortuum
732 5190 791 5229 se
835 5182 1113 5245 reputaret
1158 5176 1455 5231 secundum
1490 5178 1732 5233 divinum
1771 5187 1990 5248 aposto-

428 5325 942 5399 aliundeiaspersa,
973 5329 1066 5384 sed
1097 5327 1164 5383 ab
1215 5328 1335 5398 ipso
1378 5328 1581 5399 Dialogi
1635 5339 1861 5386 auctore
1906 5330 1991 5386 in-

427 5407 571 5451 serta
597 5398 903 5464 videantur,
929 5414 1025 5467 pro
1055 5400 1176 5467 ejus
1205 5401 1303 5454 ιιινί
1350 5398 1720 5468 simplicitate,
1755 5416 1806 5456 et
1830 5410 1987 5456 ante-

425 5484 587 5535 quam
619 5470 703 5522 vel
741 5468 986 5541 θεολογία
1016 5471 1101 5523 vel
1122 5470 1401 5541 οἰκονομία
1429 5469 1736 5539 (Trinitatis
1779 5474 1989 5526 scilicet

425 5547 478 5611 et
505 5539 898 5611 lncarnationis
946 5540 1218 5603 doctrina)
1248 5539 1603 5594 conciliorum
1652 5543 1983 5611 generalium

424 5608 565 5669 luce,
595 5609 806 5662 erudita
845 5607 1066 5662 Patrum
1089 5620 1266 5674 :rtatc,
1303 5612 1592 5666 occasione
1613 5607 1985 5666 enascentium

423 5692 763 5752 errorumac
791 5679 1088 5748 haereseon,
1124 5682 1541 5739 satisillustrata
1571 5692 1735 5737 esset.
1768 5682 1824 5735 Si
1846 5680 1976 5752 quid

2174 4160 2436 4225 Μεθόδιος
2483 4159 2512 4212 6
2557 4158 2651 4213 τοῦ
2697 4158 2930 4231 Χριστοῦ
2984 4157 3309 4234 ἱερομάρτυς
3338 4161 3402 4213 ὲκ
3435 4157 3665 4230 βρέφους

2102 4252 2290 4308 ἑαυτὸν
2315 4249 2391 4323 τῷ
2412 4249 2530 4321 Θεῷ
2551 4249 2787 4318 ἀναθεὶς,
2821 4249 3010 4314 σκεῦος
3033 4251 3210 4323 τίμιον
3229 4250 3323 4304 καὶ
3345 4249 3546 4321 δοχείον
3571 4249 3662 4302 τοῦ

2101 4347 2243 4402 θείου
2270 4345 2585 4417 Πνεύματος
2617 4343 3026 4414 γέγονεν.⁹’0οεν
3068 4342 3161 4396 καὶ
3205 4341 3369 4414 ψήφῳ
3401 4340 3536 4395 Θεοῦ
3569 4341 3664 4412 τῆς

2098 4437 2505 4512 ἀρχιερωσύνης
2536 4434 2806 4500 ἀξιωθεὶς,
2826 4434 2918 4488 καὶ
2946 4434 3041 4504 τῆς
3066 4435 3122 4487 ὲν
3153 4434 3426 4506 Πατάροις
3439 4432 3666 4504 Ἐκκλη-

2101 4534 2218 4596 σίας
2244 4530 2537 4593 ἐπίσκοπος
2559 4528 2814 4598 γεγονὼς,
2847 4526 3024 4589 καλῶς
3056 4526 3317 4596 ὲποίμανε
3337 4526 3397 4579 τὸ
3419 4525 3664 4596 ποίμνιον

2100 4624 2312 4679 ἑαυτοῦ.
2346 4623 2437 4677 Διὸ
2478 4623 2574 4676 καὶ
2605 4622 2704 4693 τὴν
2749 4620 3056 4692 Ὠριγένους
3101 4619 3308 4691 αἵρεσιν
3346 4618 3665 4684 πλεονάζου-

2100 4733 2200 4771 σαν
2230 4715 2369 4782 ίδὼν,
2398 4717 2474 4780 ὡς
2504 4714 2721 4787 ἄριστος
2748 4712 2947 4785 ποιμὴν
2978 4711 3057 4783 τῷ
3087 4711 3214 4783 θείῳ
3253 4711 3388 4784 πυρὶ
3415 4711 3522 4764 τῶν
3565 4712 3664 4764 αὐ-

2094 4809 2188 4862 τοῦ
2218 4808 2392 4877 λόγων
2420 4804 2736 4875 κατέφλεξε.
2772 4806 2883 4858 Καὶ
2910 4806 2984 4876 μὴ
3018 4804 3196 4876 φέρων
3221 4805 3250 4856 ὁ
3279 4803 3468 4875 ἐχθρὸς
3493 4802 3666 4857 διάϐο-

2095 4900 2185 4964 λος
2209 4901 2306 4970 τὴν
2328 4899 2489 4964 αύτοῦ
2516 4898 2826 4971 παρρησίαν
2854 4899 2948 4952 καὶ
2967 4896 3235 4959 ἔνστασιν,
3261 4895 3524 4962 ἐξώπλισε
3540 4896 3665 4960 τοὺς

2096 4990 2260 5045 αὐτοῦ
2283 4991 2582 5061 ὑπουργοὺς
2608 4990 2741 5063 πρὸς
2764 4990 2862 5062 τὴν
2883 4987 3072 5042 τούτου
3098 4988 3392 5065 ἀναίρεσιν.
3411 4987 3467 5041 Ὀ
3493 4986 3549 5041 δὲ
3571 4987 3666 5041 καὶ

2096 5086 2201 5155 πρὸ
2229 5082 2320 5138 τοῦ
2347 5082 2572 5137 θανάτου
2606 5082 2705 5153 τῆς
2734 5081 2898 5134 αὑτοῦ
2922 5079 3223 5154 μαρτυρίας
3242 5078 3507 5151 νέκρωσιν
3532 5080 3664 5151 (uir;-

2096 5174 2259 5245 φόρον
2290 5172 2665 5243 ἐνδυσάμενος,
2701 5173 2794 5226 καὶ
2823 5170 2941 5225 καθ’
2969 5170 3205 5242 ἑκάστην
3239 5171 3448 5242 ἡμέραν
3471 5170 3661 5243 νεκρὸν

2093 5332 2223 5386 mihi
2279 5333 2476 5393 solum.
2529 5332 2623 5386 scd
2651 5340 2705 5387 et
2755 5332 2864 5387 illis
2889 5331 3121 5402 gratiam
3159 5328 3357 5402 habeat
3403 5329 3494 5402 qui
3525 5326 3660 5402 mihi

2042 5407 2049 5413 ’
2091 5404 2243 5471 aperi
2277 5403 2624 5472 praeiverunt,
2682 5396 2960 5464 bonasque
3007 5402 3170 5455 horas
3201 5396 3660 5472 adornandollc-

2091 5468 2287 5527 tliodii'
2320 5475 2447 5548 hoc_
2474 5471 2721 5548 conuiuio
2769 5474 3108 5548 collocarunt
3134 5485 3199 5525 ac
3242 5472 3452 5524 uliliter
3472 5468 3660 5548 edide-

2090 5552 2221 5597 runt
2255 5563 2267 5596 :
2296 5559 2394 5597 nec
2416 5542 2557 5598 desit
2585 5545 2742 5603 forte.
2775 5543 2868 5596 ubi
2896 5559 2981 5597 mc
3027 5556 3245 5612 quoque
3274 5557 3381 5595 non
3405 5542 3538 5593 satis
3568 5554 3657 5590 asv

2091 5620 2336 5667 secutum
2368 5612 2626 5668 Mctlnodti
2658 5619 2892 5667 mentem
2941 5611 3056 5682 ipse
3107 5611 3511 5682 deprehendas;
3537 5621 3657 5677 qua!

2089 5698 2210 5735 mea
2255 5695 2438 5739 errata
2492 5686 2729 5740 candore
2770 5692 2877 5739 "tuo
2932 5679 3094 5739 velim
3138 5679 3410 5737 emendes.
3444 5679 3657 5735 Count:-

422 5761 551 5809 vero
604 5749 766 5805 altius
819 5753 992 5820 pressi
1051 5754 1271 5822 stylum,
1330 5754 1604 5823 indulgeat
1650 5754 1843 5815 lector,
1867 5749 1979 5807 nec
2083 5767 2185 5806 ris.
