4052 6338
274 328 336 377 :5
1510 332 1833 399 VETERUM
1879 347 2313 405 TESTIMONIA.
3004 304 3011 311 ‘
3444 358 3512 411 26

275 444 459 547 ἑαυτόν
506 445 853 516 λογιζόμενος
883 454 1022 504 κατὰ
1068 454 1157 506 τὸν
1200 456 1341 510 θεῖον
1386 460 1679 515 ἀπόστολον
1714 466 1827 518 Παῦ

1951 468 2061 524 lum
2114 470 2363 536 Paulum,
2404 471 2549 528 ferro
2579 480 2828 528 sanctum
2859 489 2922 528 ac
2948 474 3164 530 beatum
3195 485 3357 546 caput
3381 494 3511 547 prm-

276 539 374 599 λον,
410 536 553 606 ξίφει
599 541 700 611 τὴν
762 542 913 613 ἱερὰν
952 545 1044 597 καὶ
1096 549 1369 619 μακαρίαν
1414 553 1574 605 αὐτοῦ
1604 555 1842 628 κεφαλὴν

275 627 627 697 ἀποτμηθεὶς,
678 629 815 702 πρὸς
869 633 1070 705 Κύριον
1130 636 1427 711 ὲξεδήμησε
1495 643 1697 715 χαίρων
1749 627 1842 701 καὶ

276 719 654 791 ἀγαλλόμενος.

1948 560 2237 617 cidendum
2263 564 2477 631 obtulit,
2508 572 2563 621 et
2590 566 2746 623 laetus
2774 565 3123 638 gaudensque
3141 566 3209 622 ad
3226 567 3510 625 Dominum

1949 653 2217 725 migravit.

1829 850 1968 905 Xlll.

1287 970 1495 1029 Aucta;
1517 970 1892 1032 St'rtuthia
1923 974 2142 1043 Mena’o,
2165 976 2248 1030 die
2274 976 2339 1030 l0
2362 975 2517 1031 Julii.

343 1082 447 1135 Τοῦ
479 1084 657 1151 ἁγίου
682 1088 1098 1216 ἱερομάρῆιφος
1132 1097 1419 1153 Μεθοδίου
1440 1100 1773 1155 ἐπισκόπου

960 1182 1210 1216 αταοων.

960 1182 1210 1231 αταρων.

335 1242 503 1314 Οῦτος
535 1253 563 1303 ὁ
598 1253 889 1323 μακάριος,
926 1258 989 1308 ἐκ
1016 1256 1219 1310 παίδων
1256 1259 1444 1312 ἑαυτὸν
1468 1261 1544 1331 τῷ
1572 1261 1690 1332 Θεῷ
1718 1265 1841 1317 ἁνα-

271 1345 396 1407 θεὶς,
450 1344 649 1408 σκεῦος
683 1345 822 1398 θεῖον
864 1349 956 1401 καὶ
982 1349 1183 1419 δοκεῖον
1219 1350 1363 1403 θείου
1410 1352 1724 1423 Πνεύματος
1756 1356 1839 1422 γέ-

270 1435 615 1502 γονεν.”Οθεν
657 1437 749 1489 καὶ
793 1438 897 1491 ὑπὸ
937 1439 1033 1509 τῆς
1060 1440 1207 1503 θείας
1234 1442 1451 1512 χάριτος
1479 1444 1575 1514 τὴν
1614 1446 1835 1515 ἱερωσύ-

268 1547 357 1598 νην
383 1530 554 1600 ψήφῳ
589 1532 723 1584 Θεοῦ
746 1531 944 1597 λαϐὼν,
974 1534 1152 1597 καλῶς
1179 1537 1271 1589 καὶ
1295 1537 1553 1605 θεοφιλῶς
1578 1540 1838 1609 ὲποίμανε

268 1623 320 1674 τὸ
346 1624 711 1691 ἐμπιστευθὲν
749 1624 897 1694 αὐτῷ
923 1624 1187 1695 ποίμνιον,
1219 1627 1396 1693 λόγοις
1424 1630 1714 1699 προσηνέσι
1748 1648 1839 1683 κα-

266 1716 572 1782 τα;ωτίσας
600 1717 659 1769 τὸ
690 1717 789 1785 τῆς
832 1718 1155 1786 Ἐκκλησίας
1182 1720 1470 1791 πλήρωμα.
1506 1723 1596 1774 Διὸ
1625 1723 1717 1774 καὶ
1739 1723 1836 1791 τὴν

276 1808 582 1877 Ὡριγένους
626 1808 829 1879 πλάνην
874 1810 1299 1875 ἐπιπολάζουσαν
1343 1812 1483 1880 ἰδὼν,
1521 1813 1594 1876 ὡς
1621 1814 1837 1884 ἄριστος

2054 1103 2243 1157 Sancti
2270 1101 2520 1170 martyris
2544 1098 2797 1154 Mcthodii
2817 1097 3044 1169 episcopi
3071 1095 3403 1154 Pataremis.

2010 1264 2111 1319 Hic
2139 1265 2331 1320 beatus
2354 1263 2457 1327 vir,
2489 1278 2613 1317 cum
2639 1277 2669 1315 a
2690 1277 2860 1333 puero
2885 1277 2943 1316 se
2973 1258 3084 1315 Deo
3107 1270 3504 1328 consecrasset,

1944 1358 2036 1412 Dei
2060 1356 2338 1412 vasculum
2370 1369 2432 1407 ac
2466 1352 2702 1423 Spiritus
2740 1352 2915 1408 sancti
2946 1350 3395 1421 conceptaculum
3425 1351 3508 1414 fa-

1942 1457 2062 1503 ctus
2082 1454 2185 1503 est.
2238 1444 2393 1499 Unde
2427 1455 2479 1499 et
2526 1444 2709 1498 divina
2765 1442 2939 1513 gratia
2991 1440 3195 1511 Deique
3224 1430 3503 1511 sull‘ragio,

1940 1540 2248 1596 sacerdotio
2281 1547 2556 1608 suscepto,
2586 1536 2853 1591 creditum
2893 1534 2995 1591 sibi
3027 1550 3241 1605 gregem
3276 1534 3413 1589 bene
3440 1549 3506 1588 ac

1940 1646 2175 1701 congrua
2223 1630 2439 1699 pietate,
2491 1626 2748 1682 Ecclesia:
2800 1633 3003 1679 coetum
3060 1624 3321 1680 suavibus
3382 1623 3506 1677 illu-

1943 1730 2127 1776 strans
2151 1719 2403 1787 eloquiis,
2432 1718 2599 1787 pavit.
2633 1715 2809 1782 Quare
2833 1716 3019 1781 etiam,
3059 1730 3183 1769 cum
3222 1713 3507 1784 Origenia-

1941 1828 2067 1865 num
2086 1825 2326 1865 errorem
2352 1824 2549 1861 novum
2590 1814 2955 1877 emergentem
2985 1806 3212 1869 videret,
3244 1812 3504 1874 tanquam

262 1898 464 1967 ποιμὴν
510 1900 643 1969 πυρὶ
694 1898 821 1969 θείῳ
875 1900 1076 1970 ταύτην
1125 1903 1447 1972 κατέφλεξε,
1503 1908 1679 1958 πᾶσαν
1738 1903 1827 1975 τὴν

1937 1905 2111 1959 bonus
2134 1909 2337 1972 pastor,
2356 1900 2540 1954 divino
2561 1898 3010 1967 combussitigni,
3037 1897 3247 1967 dejecta
3275 1912 3503 1967 prorsus

260 1986 423 2055 ἀχλὺν
469 1989 566 2040 καὶ
603 1990 961 2058 σκοτόμαιναν
996 1990 1303 2059 ἐκμειὼσας
1351 1995 1510 2065 σοφίᾳ
1540 1994 1709 2062 λόγων
1741 1996 1833 2047 καὶ

261 2077 375 2147 θεία
418 2079 707 2148 χάριτι.⁹Η
751 2080 807 2132 δὲ
840 2080 947 2133 τῶν
978 2082 1147 2150 λόγων
1173 2084 1334 2137 αὑτοῦ
1367 2086 1642 2157 ἀστραπὴ,
1674 2086 1767 2139 καὶ
1796 2088 1828 2157 ή

261 2170 351 2238 τῆς
378 2169 638 2237 γνώσεως
670 2172 921 2240 σάλπιγξ.
941 2176 1025 2239 εἰς
1048 2173 1251 2229 πᾶσαν
1274 2176 1386 2244 τὴν
1408 2177 1523 2247 γῆν
1551 2177 1833 2243 ἐξελήλυ-

256 2268 377 2318 θεν.
399 2265 569 2318 Ὅθεν
598 2266 672 2336 μὴ
698 2266 879 2337 φέρων
906 2268 934 2319 ὁ
969 2268 1157 2339 ἐχθρὸς
1177 2267 1273 2339 τὴν
1297 2271 1606 2341 παρρησίαν
1638 2272 1729 2323 καὶ
1758 2272 1833 2324 ἕν-

258 2370 445 2407 στασιν
476 2355 569 2408 τοῦ
622 2357 878 2425 μεγάλου,
918 2358 1123 2422 ὁπλίζει
1157 2361 1281 2422 τοὺς
1308 2360 1496 2413 ἑαυτοῦ
1529 2362 1830 2432 ὑπουργοὺς

254 2446 391 2515 πρὸς
426 2446 529 2516 τὴν
578 2446 767 2500 τούτου
804 2448 1101 2519 ἀναίρεσιν.
1132 2450 1189 2501 Ὀ
1232 2450 1289 2502 δὲ
1326 2451 1429 2522 πρὸ
1474 2452 1571 2521 τῆς
1622 2470 1829 2523 μαρτυ-

256 2537 376 2603 ρίας
404 2537 676 2607 νέκρωσιν
706 2539 985 2609 ζωηφόρον
1017 2540 1391 2611 ἐνδυσάμενος,
1426 2541 1567 2611 ξίφει
1593 2543 1690 2614 τὴν
1736 2562 1828 2596 κεο

256 2628 431 2697 ξαλὴν
462 2628 711 2697 τμηθεὶς,
743 2630 879 2700 πρὸς
916 2630 1011 2701 τὴν
1044 2632 1325 2702 κρείττονα
1355 2632 1495 2703 ζωὴν
1527 2634 1784 2704 μετετέθη
1812 2652 1825 2665 ο

254 2719 470 2789 πρῶτον
522 2720 621 2789 μὲν
674 2721 969 2791 ἱερουργῶν
997 2722 1087 2774 τὸν
1126 2724 1321 2793 Ἀμνὸν
1363 2724 1455 2776 τοῦ
1490 2724 1645 2787 Θεοῦ,
1674 2725 1829 2778 ὓστε-

254 2830 346 2883 ρον
373 2814 432 2866 δὲ
470 2813 752 2884 θυόμενος,
785 2817 1061 2888 προσήχθη
1084 2817 1162 2887 τῷ
1197 2818 1415 2889 Χριστῷ
1455 2819 1610 2871 θυσία
1658 2820 1824 2884 ζῶσα.

254 2905 418 2957 Ὅθεν
448 2907 543 2958 καὶ
572 2906 779 2969 διπλοῖς
806 2906 1085 2975 στεφάνοις
1125 2910 1526 2981 κατεκοσμήθη.
1546 2911 1601 2962 '0
1624 2910 1679 2963 δὲ
1707 2928 1828 2979 γεν-

250 2999 397 3059 ναῖος
432 2996 717 3066 πώμαχος
743 2997 842 3067 τῆς
864 2996 1137 3068 ἀληθείας,
1169 3000 1364 3069 αἵμασι
1396 3003 1747 3070 μαρτυρικοῖς
1767 3002 1826 3054 τὸ

250 3089 403 3151 τὲλπ
451 3087 918 3159 ἀπενεγκάμενος,
952 3090 1289 3143 ἀνεπαύσατο
1315 3091 1562 3155 αἰωνίως.
1600 3093 1768 3156 Αὐτὸς
1797 3096 1826 3147 ὁ

256 3179 398 3242 θεῖος
427 3178 511 3247 τῷ
538 3180 651 3232 ὄντι
677 3181 770 3233 τοῦ
813 3180 946 3233 Θεοῦ
976 3180 1149 3251 ἱερεύς
1186 3200 1244 3235 τε
1277 3182 1369 3235 καὶ
1406 3183 1612 3253 μάρτυς
1633 3224 1647 3248 ν
1695 3202 1825 3237 κατ’

251 3272 445 3323 ἐλιπεν
468 3275 499 3339 ἡ
512 3275 603 3341 μῖν
626 3273 1031 3344 συγγράμματα
1053 3275 1151 3345 τῆς
1170 3274 1333 3328 αὑτοῦ
1354 3274 1683 3344 φιλοπονίας,
1716 3276 1821 3328 πά-

255 3380 355 3431 σης
410 3363 664 3431 γνώσεως
708 3365 801 3417 καὶ
842 3365 1103 3433 ὠφελείας
1142 3367 1495 3436 τυγχάνοντα.
1529 3367 1686 3419 Ἀλλά
1732 3368 1824 3421 καὶ

260 3455 395 3523 ’περὶ
441 3454 549 3505 τῶν
590 3455 856 3524 μενόντων
909 3457 1215 3523 σαφέστατα
1280 3458 1679 3529 προεθέσπισε,
1732 3461 1824 3513 καὶ

260 3546 662 3615 προηγόρευσεν
704 3547 1123 3617 εὖκρινέσταταο
1156 3550 1282 3621 περί
1320 3567 1377 3601 τε
1419 3550 1516 3614 τὰς
1562 3550 1823 3620 βασιλέων

252 3636 559 3703 ἐναλλαγὰς
611 3639 705 3689 καὶ
762 3638 1059 3707 μεταϐολὰς
1114 3640 1206 3693 καὶ
1260 3642 1673 3711 μεταποιήσεις,
1729 3644 1822 3695 καὶ

250 3727 428 3779 ἐθνῶν
456 3728 748 3798 ἐκδρομὰς,
785 3730 877 3780 καὶ
905 3729 1097 3799 χωρῶν
1152 3732 1245 3783 καὶ
1290 3732 1469 3784 τόπων
1516 3730 1823 3803 ὲρημώσεις

249 3821 343 3872 καὶ
392 3820 769 3889 ἀφανισμούς·
810 3820 935 3891 περί
963 3839 1021 3873 τε
1060 3822 1350 3893 όρθοδόξων
1394 3825 1488 3877 καὶ
1531 3825 1821 3895 αίρετικῶν

246 3912 518 3983 βασιλέων
537 3930 549 3942 ·
586 3913 682 3964 καὶ
711 3914 838 3984 ’περί¹
868 3913 967 3983 τῆς
1001 3916 1301 3980 συντελείας
1331 3918 1423 3970 τοῦ
1456 3902 1657 3987 κόσμου
1685 3935 1697 3947 ⁸
1729 3918 1821 3969 καὶ

243 4005 378 4074 περὶ
412 4002 510 4054 τοῦ
554 4004 922 4073 Ἀντιχρίστου
966 4005 1183 4076 καὶτῆς
1209 4008 1370 4060 αὑτοῦ
1407 4008 1697 4077 βασιλείας,
1728 4008 1821 4060 καὶ

244 4094 338 4146 τοῦ
392 4096 704 4165 ἀφανισμοῦ
750 4097 842 4148 καὶ
887 4098 1240 4171 πανολεθρίας
1290 4102 1467 4171 πάσης
1500 4101 1697 4171 σαρκὸς
1725 4102 1819 4153 άν-

241 4187 546 4257 θρωπίνης.
577 4188 761 4241 Ταῦτα
807 4190 981 4245 πάντα
1027 4192 1334 4260 σαφέστατα
1395 4194 1422 4245 ό
1470 4194 1610 4256 θεῖος
1666 4186 1819 4257 οὗτος

240 4276 635 4345 cymatiis-7:132.

310 4432 394 4503 (a_)
427 4432 655 4486 Exstant
685 4434 931 4503 quzedam
963 4435 1221 4490 Methodii
1255 4438 1427 4492 nostri
1458 4438 1524 4493 de
1543 4439 1818 4493 Antichri-

235 4512 326 4578 sto
362 4501 554 4578 Latine
584 4501 726 4578 edita
762 4505 815 4578 in
851 4504 1002 4578 Bibl.
1020 4505 1242 4559 Patrum
1275 4508 1459 4561 Colon.
1505 4522 1569 4562 ac
1618 4525 1817 4578 nuper-

1936 1994 2163 2063 caligine
2193 2001 2245 2047 et
2290 1991 2523 2045 obscura
2558 1996 2736 2055 nocte,
2780 2003 3092 2042 sermonum
3139 1986 3407 2056 sapientia
3438 2001 3504 2039 ac

1936 2084 2108 2155 gratia
2137 2084 2338 2137 divina.
2364 2080 2554 2146 Porro,
2593 2093 2906 2135 sermonum
2933 2078 3052 2147 ejus
3075 2078 3247 2133 instar
3269 2077 3503 2149 fulguris

1935 2176 2144 2231 micans
2168 2174 2443 2244 splendor,
2481 2191 2545 2229 ac
2597 2174 2839 2230 scientize
2866 2174 3014 2239 tuba,
3071 2175 3125 2226 in
3160 2190 3360 2226 onmem
3393 2183 3500 2227 ter-

1934 2286 2047 2323 ram
2074 2267 2251 2324 exivit.
2303 2266 2488 2337 quue
2531 2282 2641 2321 non
2677 2265 2857 2321 ferens
2905 2264 3076 2320 hostis
3105 2265 3349 2335 praeclari
3395 2264 3501 2319 viri

1933 2359 2236 2415 libertatem
2267 2372 2677 2429 pugnacemque
2706 2356 2967 2411 adversus
3001 2356 3180 2425 ipsum
3205 2356 3502 2410 contentio-

1932 2467 2074 2517 nem,
2106 2467 2235 2507 suos
2253 2452 2307 2505 in
2329 2452 2448 2521 ejus
2471 2466 2655 2506 necem
2686 2457 2858 2503 armat
2882 2448 3184 2503 ministros.
3238 2446 3288 2502 ls
3316 2455 3500 2502 autem

1931 2544 2022 2613 qui
2051 2550 2178 2599 ante
2225 2542 2553 2614 martyrium
2586 2541 2854 2597 viviﬁcam
2903 2537 3378 2594 mortiﬁcationem
3420 2538 3501 2593 in-

1930 2635 2157 2701 duisset,
2191 2640 2474 2704 amputato
2504 2632 2703 2703 capite,
2738 2630 2804 2685 ad
2824 2630 3102 2685 meliorem
3132 2628 3296 2683 vitam
3328 2638 3500 2685 trans-

1929 2726 2070 2781 latus
2090 2732 2175 2780 est
2198 2742 2213 2792 ;
2239 2741 2471 2795 cumque
2504 2724 2737 2794 primum
2808 2721 2900 2777 Dei
2928 2722 3137 2793 Agnum
3166 2722 3496 2788 immolaret,

1928 2818 2043 2887 ipse
2072 2817 2415 2887 postmodum
2448 2816 2775 2877 immolatus,
2796 2814 3015 2870 oblatus
3038 2822 3122 2870 est
3150 2813 3371 2869 Christo
3402 2813 3499 2868 bo-

1928 2910 2032 2963 stia
2058 2908 2263 2962 vivens.
2302 2905 2455 2961 Unde
2488 2906 2652 2961 etiam
2705 2905 2976 2974 duplicem
3010 2920 3264 2959 coronam
3297 2920 3496 2960 conse-

1926 3007 2086 3057 cutus
2115 3009 2219 3055 est.
2247 2998 2713 3069 Strenuusjtaque
2742 2998 2981 3053 veritatis
3012 2999 3180 3068 pugil,
3207 3014 3330 3052 cum
3358 3012 3497 3052 mar-

1925 3092 2050 3163 tyrii
2078 3092 2340 3160 sanguine
2379 3092 2666 3160 gloriosam
2701 3098 3032 3161 reportasset
3064 3091 3244 3155 ﬁnem,
3290 3088 3495 3157 sempi-

1928 3191 2141 3238 ternum
2171 3184 2457 3252 requievit.
2490 3182 2589 3237 llic
2618 3184 2781 3249 plane
2815 3182 3150 3237 admirabilis
3182 3180 3276 3235 Dei
3311 3194 3496 3235 sacer-

1926 3275 2026 3330 dos
2054 3283 2108 3328 et
2136 3281 2340 3344 martyr
2356 3275 2524 3328 libros
2546 3274 2704 3329 nobis
2729 3274 2825 3329 abs
2850 3290 2907 3329 se
2926 3272 3232 3328 elaboratas
3252 3270 3491 3340 reliquit,

1926 3365 2151 3421 scientia
2177 3366 2324 3420 omni
2362 3365 2550 3434 plenos
2578 3379 2641 3417 ac
2672 3364 3013 3418 utilissimos.
3046 3362 3187 3427 Quin
3224 3370 3275 3416 et
3320 3360 3388 3415 de
3408 3360 3494 3413 fu-

1925 3461 2062 3517 turis
2085 3459 2389 3515 clarissime
2412 3454 2739 3511 vaticinatus
2768 3465 2871 3519 est,
2898 3470 2960 3507 ac
2990 3467 3251 3523 perquam
3282 3451 3494 3521 perspi-

1924 3570 2024 3609 cue
2053 3553 2332 3624 praadixit;
2366 3565 2589 3619 nempe,
2630 3548 2775 3618 quod
2824 3555 3033 3619 spectat
3078 3547 3146 3601 ad
3203 3560 3492 3617 regnorum

1923 3647 2176 3715 utrinque
2198 3643 2544 3703 mutationes,
2567 3641 2805 3712 gentium
2834 3640 3205 3705 excursiones,
3226 3641 3492 3694 locorum-

1922 3753 2027 3807 que
2054 3753 2119 3791 ac
2150 3735 2427 3805 regionum
2459 3734 2810 3787 vastationes.
2842 3732 2975 3786 Item
3016 3731 3160 3802 quod
3203 3732 3271 3785 ad
3300 3732 3489 3787 ortho-

1922 3829 2093 3885 doxos
2113 3846 2265 3900 reges
2295 3839 2348 3884 et
2374 3829 2689 3892 hereticos,
2724 3843 2825 3882 nec
2857 3843 2967 3881 non
3011 3827 3157 3898 quod
3196 3828 3263 3881 ad
3304 3826 3490 3881 mundi

1922 3922 2473 3987 consummationem,
2534 3928 2697 3990 atque
2746 3917 2822 3990 (α)
2871 3920 2938 3973 ad
2990 3919 3388 3973 Antichristum
3436 3925 3491 3972 et

1920 4017 2039 4086 ejus
2087 4031 2335 4086 regnum,
2368 4013 2668 4083 mundique
2720 4012 3145 4090 destructionem
3166 4052 3181 4076 ,
3214 4027 3277 4065 ac
3310 4011 3489 4065 onmis

1921 4109 2172 4163 humana:
2198 4108 2383 4163 carnis
2416 4107 2715 4161 interitum.
2742 4106 2889 4169 Hac,
2924 4107 3165 4176 inquam,
3197 4104 3377 4160 omnia
3407 4103 3489 4156 vir

1919 4198 2152 4254 eximius
2180 4197 2484 4253 clarissime
2514 4197 2837 4252 vaticinatus
2869 4188 2972 4251 est.

1914 4439 2151 4509 jicienda
2182 4438 2389 4509 putavi,
2432 4437 2715 4492 deﬁciente
2748 4434 2934 4509 Graeco
2978 4433 3184 4509 codice,
3213 4432 3278 4485 ad
3325 4445 3486 4501 quem

1918 4502 2247 4569 conferrem,
2276 4519 2329 4561 et
2359 4524 2496 4577 opus
2521 4516 2697 4577 totum
2714 4506 3092 4577 expenderent.
3121 4502 3263 4577 Sane
3294 4511 3348 4577 ut
3373 4518 3483 4555 non

234 4573 388 4649 rima
409 4572 613 4649 Paris”
642 4576 758 4642 ipsa
785 4576 1013 4649 fortehad
1036 4593 1155 4645 qua:
1179 4579 1397 4646 respicit
1431 4586 1619 4633 auctor
1650 4572 1817 4649 syna-
1849 4577 1893 4635 D
1920 4581 2097 4649 placet
2132 4579 2297 4631 nimia
2330 4572 2724 4649 in'hujttstiiodi
2767 4572 3485 4649 prophetisprophetiisque

232 4643 388 4693 xarii
434 4644 520 4712 (‘).
553 4660 863 4711 quanquam
912 4643 1237 4701 Bellarmino
1268 4643 1579 4701 Nideantur
1633 4643 1814 4704 minus

233 4714 360 4764 viro
381 4722 573 4784 sancto
602 4714 785 4782 digna.
819 4713 962 4767 Nihil
991 4733 1090 4784 ego
1121 4719 1603 4784 pronuntiaverim,
1631 4736 1688 4772 re
1713 4722 1816 4772 mi-

232 4796 347 4837 nus
379 4785 513 4835 mihi
542 4783 830 4852 discussa;
872 4800 935 4839 ac
958 4783 1057 4841 nec
1090 4783 1447 4905 Metitodianis
1486 4791 1687 4844 nostris
1718 4791 1814 4844 ad-

1918 4644 2071 4703 ἐκίνει
2100 4663 2361 4701 canonem
2402 4644 2807 4709 credulitas,ita
2838 4659 2936 4697 nec
2972 4644 3142 4697 levius
3162 4645 3480 4711 spreverim,

1917 4720 1963 4772 si
2018 4736 2125 4788 qua
2187 4719 2484 4788 praesertim
2520 4718 2666 4773 velut
2708 4722 3023 4771 sanctorum
3064 4713 3287 4783 antiqua
3343 4712 3484 4767 obti-

1919 4798 2102 4843 neant.
2142 4788 2426 4844 COIBEFIS.

296 4936 365 4993 Γ)
391 4936 500 5006 Haec
525 4938 657 4986 haud
675 4939 1086 5006 dubie_Methodii
1106 4908 1315 5001 j‘unioris
1336 4950 1467 4995 sunt.
1494 4945 2019 5006 Constantinopolitani
2044 4945 2347 5006 patriarchae,
2374 4956 2500 4994 anno
2524 4941 2617 4992 8L6
2651 4940 2889 4992 defuncti.
2915 4938 3034 4991 Vide
3054 4937 3259 4989 Fabricii
3278 4936 3481 5002 {Biblio-

229 4995 419 5048 thecam
441 5002 685 5062 Gnatam,
705 5002 787 5051 ed.
808 5001 1021 5064 Harles,
1049 4995 1164 5053 tom.
1194 5006 1296 5066 γυ,
1319 5020 1363 5067 p.
1390 5006 1498 5053 9.75.
1522 5008 1656 5055 Eutr.
1681 4995 1829 5054 Ρλτιιξ
