4052 6338
211 301 275 356 29
1297 300 1678 358 CONVIVIUM
1719 302 1947 359 DECEM
1982 302 2345 359 VlRGlNUM.
3362 313 3433 368 30

208 419 428 488 ἁγνείας
480 420 690 488 λόγων,
725 420 869 484 τινες
907 416 1066 492 ἦσαν.
1106 421 1241 476 Φασὶ
1284 420 1392 496 γάρ
1432 421 1635 493 σφόδρα
1678 439 1767 494 με·

1876 421 1943 477 de
1974 422 2295 478 castimonia
2345 437 2627 480 sermones
2682 425 3048 481 contulerunt.
3095 425 3262 481 Aiunt
3288 430 3433 483 enim

209 508 567 580 γαλοπρεπῶς
609 508 782 573 οὕτως
823 510 989 573 αύτὰς
1034 511 1125 563 καὶ
1170 510 1403 582 ἰσχυρῶς
1442 509 1772 580 ἠγωνίσθαι,

208 603 278 664 ὡς
301 601 536 671 μηδενὸς
568 598 706 654 εἶναι
732 601 842 654 τῶν
873 605 951 666 εἰς
972 603 1032 656 τὸ
1062 603 1438 674 περικείμενον
1470 604 1776 671 ἀναγκαίων

206 692 453 757 ἐπιδεεῖς.
494 694 559 746 Et
594 688 688 747 οὖν
734 695 922 765 ἐτέρου
968 696 1110 755 τινὸς
1165 695 1325 749 ἕνεκα
1376 691 1567 766 ἦλθες,
1617 695 1777 748 τοῦτο

209 784 447 848 εἰσαῦθις
480 786 924 858 ἀναϐαλλομένη,
969 786 1043 858 μὴ
1094 789 1327 859 ὀκνήσῃς
1371 787 1497 853 νῦν,
1536 788 1663 860 περὶ
1700 782 1775 843 ὧν

213 878 598 949 mamma
654 897 787 945 σου,
833 879 1135 945 ἀκολούθως
1189 882 1320 952 ἡμῖν
1375 881 1586 936 ἅπαντα
1639 881 1778 936 διελ-

212 969 337 1024 θεῖν.

268 1175 565 1231 ΓΡΗΓΟΡ.
612 1177 944 1248 Ἥμϐροτον,
984 1178 1058 1243 ὡς
1086 1178 1249 1241 ἔοικε,
1277 1180 1376 1251 τῆς
1400 1179 1630 1246 ἐλπίδος,
1657 1182 1775 1235 ἐτέ-

205 1285 293 1338 ρου
339 1269 878 1338 προαναγγεῐλαντος
923 1270 1022 1342 ήδη
1078 1272 1205 1343 περὶ
1242 1266 1317 1327 ὧν
1368 1274 1596 1344 ἐρωτᾷς.
1638 1272 1775 1342 Ἐγὼ

205 1360 305 1429 γὰρ
332 1360 568 1431 μηδέπω
594 1362 755 1433 μηδὲν
775 1362 1065 1432 ἀκηκοέναι
1094 1363 1361 1434 νομίσασά
1394 1380 1452 1417 σε
1486 1363 1592 1417 τῶν
1619 1382 1774 1433 γεγο-

201 1451 381 1511 νότων,
413 1451 627 1521 σφόδρα
655 1452 798 1522 μέγα
830 1453 1085 1524 ἐφρόνουν
1115 1455 1206 1507 ἐπὶ
1245 1454 1419 1526 τούτῳ
1438 1496 1451 1519 ,
1486 1456 1579 1509 κα)⁸
1611 1455 1774 1509 ἐκαλ-

206 1541 520 1611 λωπιζόμην
564 1543 639 1607 ῶς
669 1543 858 1615 πρώτη
893 1562 976 1598 σοι
1009 1545 1274 1616 μέλλουσα
1304 1546 1661 1615 ἐξαγγέλλειν.
1686 1548 1777 1602 Διὸ

203 1631 263 1703 δὴ
304 1634 397 1687 καὶ
440 1634 779 1699 ἐσπούδαζον
822 1636 1008 1708 τάχιον
1040 1637 1198 1711 δεῦρο
1229 1638 1401 1693 ἐλθεῖν
1437 1640 1573 1711 πρὸς
1607 1642 1771 1711 ὑμᾶς,

1875 525 1970 567 eas
2000 511 2285 583 magniﬁce
2323 513 2458 567 adeo
2483 528 2547 568 ac
2577 514 2821 583 gnaviter
2844 531 2943 585 pro
2976 532 3035 571 se
3064 532 3337 588 quamque
3376 518 3431 571 in

1875 617 1937 657 ea
1967 603 2315 659 contentione
2362 620 2484 660 esse
2540 610 2831 669 versatas,‘
2851 614 2911 660 ut
2952 607 3089 661 nihil
3141 608 3433 663 admodum

1874 696 2178 760 omiserint,
2207 696 2351 766 quod
2382 696 2447 751 ad
2480 698 2639 751 istius
2663 699 2965 766 argumenti
3002 700 3211 768 plenam
3236 709 3433 754 tracta-

1874 786 2077 843 tionem
2104 786 2274 843 videri
2315 788 2685 843 necessarium
2733 789 2923 858 possit.
2966 787 3024 843 Si
3070 806 3198 860 ergo
3241 793 3435 848 venisti

1874 880 1953 937 rei
1967 879 2190 939 alterius
2206 891 2531 947 causa,eam
2547 895 2729 949 quaeso
2754 879 2805 932 in
2835 886 3046 949 tempus
3076 882 3221 936 aliud
3244 882 3432 949 dilata,

1875 987 1945 1027 ne
1976 970 2233 1026 continue
2278 971 2518 1041 graveris
2549 971 2867 1042 rogantibus
2906 972 3063 1027 nobis
3107 981 3305 1029 cuncta
3344 989 3437 1032 0:»

1874 1062 2001 1119 dine
2037 1061 2260 1117 referre.

1944 1175 2147 1233 GREG.
2187 1175 2313 1245 Spe,
2340 1190 2484 1241 reor,
2530 1174 2791 1230 frustrata
2830 1190 2951 1230 sum
2995 1194 3008 1230 :
3052 1176 3434 1247 prteripuitque

1874 1271 2007 1325 mihi
2046 1269 2242 1340 aliquis
2294 1268 2521 1339 gratiam
2579 1267 2741 1337 primi
2776 1267 2988 1333 nuntii,
3029 1283 3217 1322 earum
3251 1283 3435 1323 rerum

1874 1362 1943 1418 de
1980 1362 2180 1433 quibus
2222 1360 2544 1415 sciscitaris.
2588 1358 2701 1430 Ego
2739 1374 2871 1413 vero
2919 1359 3055 1414 nihil
3089 1359 3283 1413 horum
3316 1366 3369 1419 to
3405 1376 3435 1414 a

1872 1468 2145 1526 quoquam
2182 1452 2458 1507 audivisse
2491 1451 2808 1506 existimans
2832 1491 2846 1515 ,
2879 1450 3171 1521 gestiebam
3206 1451 3434 1516 scilicet,

1874 1548 2265 1619 placebamque
2304 1559 2412 1598 non
2452 1558 2643 1614 parum
2674 1542 2829 1605 mihi,
2858 1558 2922 1597 eo
2951 1542 3095 1612 quod
3129 1543 3224 1597 tibi
3262 1528 3435 1613 prima

1874 1641 2123 1695 nuntium
2148 1639 2375 1693 allatura
2392 1652 2562 1692 eram.
2581 1635 2760 1702 Quare
2780 1634 3103 1690 festinabam
3126 1636 3308 1691 venire
3332 1637 3436 1692 huc

205 1726 327 1779 αὗτὸ
382 1727 456 1798 δὴ
510 1726 671 1781 τοῦτο
723 1727 1113 1801 εύλαὸηθεῖσα,
1160 1731 1221 1783 τὸ
1275 1731 1348 1802 μὴ
1400 1731 1767 1804 προληφθῆναι

1875 1733 1942 1787 ad
1968 1749 2087 1798 vos,
2127 1734 2180 1789 id
2211 1734 2388 1805 ipsum
2424 1731 2595 1788 verita
2628 1729 2774 1801 quod
2810 1729 3041 1795 accidit,
3082 1745 3150 1784 ne
3188 1731 3311 1799 quis
3349 1729 3436 1784 ad-

317 1819 509 1874 ἄλλον.

264 1935 569 1990 ΕΥΒΟΥΛ.
611 1936 842 2009 Θάρσει·
870 1938 963 1993 καὶ
994 1939 1099 2009 γὰρ
1124 1939 1274 1993 οὐδὲν
1298 1939 1556 2012 ἀκριϐῶς,
1590 1934 1634 1994 ὧ
1664 1959 1771 2013 μα-

203 2028 398 2099 καρία,
454 2031 788 2101 πεπύσμεθα
832 2031 941 2085 τῶν
977 2034 1296 2101 γεγονότων.
1340 2036 1413 2088 Οὐ
1469 2036 1575 2107 γὰρ
1616 2034 1775 2106 ἔσχεν

201 2123 227 2174 ὁ
266 2121 529 2189 ἀγγείλας
577 2123 965 2195 ἀφηγήσασθαι
1004 2124 1167 2177 πλέον
1217 2124 1250 2197 ἢ
1306 2127 1386 2179 ὅτι
1416 2125 1649 2195 διάλογοι
1681 2144 1773 2197 γε-

201 2213 459 2283 γένηντο·
522 2214 669 2279 τίνες
723 2214 814 2279 δὲ,
874 2216 967 2268 καὶ
1031 2216 1215 2281 ὅπως,
1281 2217 1771 2290 ἐπανερωτώμενος

200 2302 400 2372 tridu-

264 2416 559 2472 ΓΡΗΓΟΡ.
602 2416 814 2471 Οὐκοῦν
855 2417 1142 2489 βούλεσθε,
1183 2420 1369 2493 ἐπειδὴ
1416 2421 1484 2475 δι’
1519 2422 1649 2476 αὐτὸ
1688 2424 1773 2476 ἐν-

199 2507 368 2561 ταῦθα
413 2510 796 2581 παρεγενόμην
822 2551 835 2574 ,
874 2511 1125 2564 ἁπάντων
1166 2511 1225 2577 ἐξ
1257 2513 1431 2584 ἀρχῆς
1469 2512 1771 2567 ἐπακοῦσαι

199 2601 303 2653 τῶν
331 2602 677 2672 εἰρημένων;
709 2603 741 2674 ἦ
786 2603 851 2657 τὰ
894 2605 993 2674 μέν
1028 2605 1372 2675 παραλείψω,
1404 2605 1513 2659 τῶν
1554 2606 1608 2659 δὲ
1647 2608 1770 2660 ἐπι-

204 2691 447 2761 μνησθῶ,
480 2692 517 2746 ἃ
557 2692 1028 2765 ἀξιομνημόνευτα
1069 2696 1304 2767 ἡγοῦμαι
1332 2696 1698 2767 τυγχάνοντα;

268 2807 565 2860 ΕΥΒΟΥΛ.
611 2806 778 2861 Οὔπω
807 2808 1024 2871 πάντως
1049 2809 1123 2879 (2)
1143 2826 1155 2839 '
1188 2810 1301 2863 ἀλλ’
1327 2810 1387 2875 ἐξ
1416 2811 1589 2883 ἀρχῆς
1618 2813 1768 2883 ἡμῖν,

200 2892 244 2951 ὦ
273 2899 598 2971 Γρηγόριον,
624 2900 839 2971 πρῶτον
871 2902 1180 2972 εἰσήγησαι,
1208 2903 1308 2974 τήν
1339 2918 1398 2955 τε
1439 2902 1769 2970 συνέλευσιν,

202 2991 319 3043 ἔνθα
342 2992 606 3063 ἐγενήθη,
644 2992 740 3045 καὶ
781 2992 886 3045 τῶν
932 2992 1240 3065 ἐδεσμάτων
1265 2992 1364 3058 τὰς
1384 2994 1733 3066 παρασκευάς
1752 3012 1765 3026 ·

205 3086 425 3156 σεαυτήν
457 3102 519 3137 τε
549 3084 672 3148 πῶς
698 3084 1031 3155 ᾠνοχόησας.

300 3234 313 3247 .
334 3234 350 3247 .
373 3233 386 3245 .
414 3234 427 3246 .
446 3232 462 3246 .
499 3195 575 3247 Al
606 3191 677 3245 δὲ
707 3192 991 3259 χρυσέοις
1020 3192 1351 3248 δεπάεσσιν

262 3262 565 3332 Δειδέχαέ
588 3263 884 3328 ἀλλήλας,
899 3264 1089 3333 μέγαν
1115 3265 1375 3331 οὐρανὸν
1398 3268 1764 3335 εἰσορόωσαι.

264 3377 559 3430 ΙῬΗΙῸΡ.
611 3376 722 3429 Ἀεὶ
747 3376 919 3439 δεινὸς
961 3377 1017 3429 ἐν
1054 3380 1173 3441 ταῖς
1212 3379 1449 3449 ὁμιλίαις
1495 3383 1588 3436 καὶ
1622 3384 1769 3453 φιλο-

206 3514 291 3568 hic
320 3512 607 3567 manifeste
636 3510 943 3567 Methodius
976 3512 1259 3566 mundatus
1300 3521 1401 3566 est.
1438 3511 1607 3569 Porro
1638 3514 1773 3571 Gre-

209 3586 449 3655 gorium,
474 3584 593 3637 licet
622 3582 841 3644 mulier,
867 3583 1001 3655 citra
1035 3582 1196 3655 ullam
1228 3583 1531 3654 ἀπρέπειαν
1554 3586 1772 3655 tingitur

206 3656 257 3708 in
279 3653 599 3708 familiarem
627 3668 845 3706 reversa
876 3652 1116 3723 domum,
1149 3653 1261 3706 haec
1293 3652 1412 3723 quae
1443 3652 1653 3722 partim'
1693 3656 1770 3709 vi-

204 3726 378 3786 derat,
436 3724 633 3792 partim
672 3723 951 3782 rescierat,
987 3722 1052 3775 ad
1085 3722 1323 3777 virorum
1382 3732 1584 3779 emtum
1631 3726 1771 3781 reci-

206 3804 365 3849 tasse.
398 3793 557 3848 Alios
587 3793 731 3846 enim
774 3808 896 3847 cum
948 3792 1175 3847 Eubulio
1207 3793 1395 3855 fuisse,
1442 3812 1550 3849 non
1600 3797 1770 3851 semel

210 3865 477 3919 indicatur
516 3881 531 3914 :
568 3871 629 3916 ut
684 3864 1001 3935 illisgverbis
1026 3862 1259 3935 _Eubulii
1311 3864 1553 3935 ejusdem
1611 3867 1770 3935 paulo

272 3944 336 3999 st,
366 3936 459 4005 Μὴ
486 3935 726 4003 ὀκνήσῃς
753 3932 847 3987 νῦν
872 3935 997 4005 περὶ
1018 3927 1091 3986 ὧν
1110 3927 1489 4005 πυνθανόμεθά
1510 3927 1627 4005 σούς
1646 3936 1772 3989 ἀκο-

263 4006 398 4069 ύθως
422 4003 562 4076 ἡμῖν
610 4005 825 4076 ᾶπαντα
849 4004 1072 4076 διελθεῖν
1098 4022 1111 4057 :
1140 4011 1199 4076 et
1233 4004 1338 4076 illis
1365 4005 1534 4076 ipsius
1564 4003 1767 4075 Grego-

205 4077 264 4129 rii
288 4092 410 4129 mox
438 4074 821 4142 respondentis
850 4094 861 4128 :
904 4074 994 4144 Διὸ
1016 4074 1078 4144 δὴ
1110 4074 1201 4127 καὶ
1230 4074 1555 4144 ἐσπούδαζον
1586 4074 1771 4144 τάχιον

203 4146 349 4216 δεῦρο
380 4145 561 4198 ἐλθεῖν
587 4143 724 4216 πρὸς
748 4146 910 4216 ὑμᾶς.
944 4143 1018 4198 Ex
1051 4144 1134 4216 his
1167 4143 1766 4216 conjectamur"nomen

204 4214 379 4271 verum
403 4216 598 4286 prima:
619 4214 794 4284 hujus
804 4230 1046 4286 personae
1069 4214 1122 4268 in
1145 4224 1294 4286 recto
1313 4230 1434 4269 esse
1462 4215 1766 4282 Εὑδούλιος,

204 4289 386 4358 sicque
406 4283 657 4358 iubique
698 4283 1111 4356 rescripsimus.
1144 4283 1546 4358 At‘ieque_enim
1570 4300 1771 4358 exem-

200 4354 341 4478 plum
363 4357 540 4410 ullum
571 4363 783 4410 exstare
817 4354 1069 4424 putamus
1104 4356 1207 4409 viri
1238 4357 1327 4425 qui
1351 4354 1535 4409 Gratce
1569 4354 1771 4407 Εύὸού-

232 4444 305 4478 ιον
357 4434 611 4478 vocetur.
667 4426 849 4478 Itaque
902 4442 1006 4478 non
1052 4426 1364 4478 dubitamus
1413 4425 1697 4478 Εὐϐούλιος
1729 4441 1760 4478 a

232 4444 305 4479 ιον
357 4434 618 4496 vocetur.
667 4426 849 4496 Itaque
902 4442 1006 4481 non
1052 4426 1364 4481 dubitamus
1413 4425 1697 4487 Εὐϐούλιος
1729 4441 1760 4479 a

1873 1833 2090 1881 ventum
2116 1841 2293 1882 meum
2326 1832 2635 1894 occuparet.

1942 1940 2192 1996 EUBUL.
2225 1940 2373 1995 Bono
2407 1938 2592 1993 animo
2633 1948 2748 1994 esto
2780 1952 2795 1991 :
2833 1936 2967 1991 nihil
3005 1937 3173 2001 enim,
3195 1952 3228 1990 o
3260 1937 3436 2005 bona,

1871 2041 2060 2088 exacte
2108 2032 2493 2101 comperimus.
2565 2027 2675 2084 Nec
2729 2029 2819 2098 qui
2877 2027 3140 2081 nuntiavit
3193 2026 3435 2083 indicare

1872 2124 2017 2178 aliud
2057 2124 2263 2193 potuit,
2326 2136 2487 2193 quam
2529 2135 2846 2174 communes
2884 2133 3162 2173 sermones
3221 2116 3437 2174 habitos

1874 2232 2035 2271 esse:
2079 2216 2302 2286 quinam
2342 2228 2470 2269 vero
2509 2219 2603 2267 aut
2631 2211 2821 2267 quales
2862 2209 3092 2274 iuerint,
3134 2210 3437 2280 interroga-

1872 2316 1959 2364 tus
1996 2309 2245 2365 nescivit.

1942 2420 2147 2475 GREG.
2173 2419 2349 2475 Vultis
2371 2420 2554 2491 igitur,
2586 2417 2842 2489 quoniam
2877 2418 2980 2470 huc
3011 2431 3074 2469 ea
3103 2430 3265 2469 causa
3286 2413 3434 2478 veni,

1872 2527 1900 2565 a
1933 2512 2200 2582 principio
2240 2510 2429 2565 audire
2463 2518 2661 2565 cuncta
2699 2524 2819 2577 quae
2857 2509 3001 2563 dicta
3032 2518 3190 2576 sunt;
3231 2522 3299 2560 an
3339 2522 3437 2575 po-

1872 2604 1979 2659 tius
2001 2603 2120 2659 aliis
2159 2603 2400 2667 omissis,
2441 2618 2628 2656 eorum
2669 2600 2933 2655 duntaxat
2972 2600 3285 2657 meminisse
3319 2613 3439 2671 qua

1870 2702 2176 2750 memoratu
2210 2696 2373 2764 digna
2413 2693 2708 2765 putavero?

1942 2808 2191 2864 EUBUL.
2236 2808 2387 2864 Haud
2426 2824 2558 2865 sane
2600 2828 2613 2863 :
2656 2808 2750 2863 sed
2790 2808 2947 2864 nobis
2988 2822 3018 2860 a
3056 2808 3362 2878 principio,
3404 2824 3452 2880 ο,

1871 2900 2226 2973 Gregorium,
2268 2901 2500 2970 primum
2543 2896 2797 2963 insinua,
2853 2907 2906 2953 et
2961 2914 3290 2969 congressus
3346 2899 3438 2952 ubi

1871 2993 2070 3056 fuerit,
2111 2993 2251 3048 etde
2284 3000 2547 3064 apparatu
2576 2993 2855 3061 ciborum;
2895 2992 2961 3047 de
2996 2999 3048 3047 te
3087 3006 3345 3063 quoque,
3384 2998 3440 3045 ut

1870 3087 1996 3143 vina
2020 3086 2126 3141 illis
2160 3085 2387 3143 foderis.

2016 3196 2135 3269 [ita
2157 3207 2330 3252 autent
2357 3199 2552 3266 pateris
2579 3199 2853 3269 genialiter
2879 3198 3055 3251 aureis
3074 3237 3089 3259 ,

2019 3268 2085 3322 Ut
2119 3285 2171 3324 se
2192 3269 2466 3322 invitarint
2491 3268 2657 3323 oculis
2682 3268 2749 3323 ad
2767 3268 2944 3323 sidera
2975 3269 3156 3322 versis.

1943 3382 2145 3439 GREG.
2178 3382 2482 3454 Utsemper
2499 3383 2553 3439 in
2585 3384 2873 3455 colloquiis
2896 3384 3048 3438 valde
3074 3383 3219 3436 acris
3243 3398 3435 3453 aggre-

1872 3524 2178 3591 loqucntem
2234 3522 2463 3587 inducit,
2522 3538 2642 3591 quae
2695 3520 2990 3592 φιλομαθίᾳ
3041 3518 3213 3588 magis
3258 3518 3433 3592 virum

1871 3590 2149 3663 praeferret
2204 3608 2265 3645 ac
2305 3590 2581 3645 alumnum
2636 3590 3091 3663 sapientiteiquo
3114 3605 3274 3663 sensu
3299 3590 3435 3663 ὑπο-

1872 3658 2177 3733 κοριστικόν
2206 3663 2408 3730 aliquid
2447 3679 2510 3717 ea
2541 3678 2681 3733 voce
2703 3658 3026 3733 'denotetur’.
3058 3658 3162 3733 Sed
3216 3660 3435 3733 incede-

1871 3728 2044 3794 viora,
2076 3747 2238 3801 quam
2273 3728 2330 3787 u't
2363 3734 2415 3786 in
2446 3734 2525 3786 eis
2551 3731 2755 3787 diutius
2782 3731 3176 3801 immorandum
3203 3730 3294 3784 sit.
3318 3728 3430 3783 Hoc

1873 3810 2051 3856 tamen
2077 3800 2382 3857 existimem
2409 3802 2757 3861 Methodium,
2778 3802 2952 3855 virum
2981 3800 3430 3861 ecclesiasticum,

1874 3874 2045 3942 magis
2077 3888 2325 3928 versasse
2357 3873 2537 3927 animo
2566 3873 2902 3942 evangelicas
2941 3887 3100 3942 voces
3130 3877 3182 3942 et
3214 3878 3434 3942 aposto-

1872 3940 2024 4006 licas,
2055 3958 2119 3996 ex
2149 3944 2345 4011 quibus
2372 3950 2425 3998 et
2454 3940 2731 3997 denarium
2764 3943 3033 4011 virginum
3078 3940 3344 4011 habuerit,
3374 3948 3429 3994 et

1872 4027 1978 4066 non
2002 4027 2124 4066 esse
2153 4010 2206 4066 in
2236 4014 2315 4067 eis
2365 4014 2665 4067 masculum
2708 4021 2761 4066 et
2792 4010 3064 4073 feminam,
3108 4010 3199 4063 sed
3234 4026 3429 4064 novam

1871 4082 1925 4135 in
1947 4082 2166 4152 Christo
2187 4092 2518 4150 creaturam,
2547 4098 2706 4152 quam
2753 4082 3060 4136 convivium
3087 4079 3428 4152 Socraticum

1872 4153 2012 4221 apud
2038 4151 2316 4207 Platonem
2346 4171 2359 4217 ;
2392 4153 2625 4221 hincque
2659 4153 2915 4206 lentinino
2954 4151 3195 4221 proclive,
3218 4166 3433 4205 mascu-

1870 4220 2040 4276 linum
2066 4222 2313 4290 junvisse
2334 4224 2387 4276 in
2420 4220 2725 4284 Εὐϐούλιον,
2759 4231 2810 4275 et
2840 4220 3138 4290 quahujus
3168 4220 3431 4275 drantatis

1872 4294 2044 4363 prima
2070 4289 2474 4362 interloquente
2492 4308 2743 4363 persona,
2770 4289 2981 4345 Eubulii
2998 4306 3198 4363 nomen
3224 4289 3431 4363 Metho-

1872 4362 1962 4416 dio
2012 4362 2237 4418 haasisse
2275 4360 2455 4430 potius
2484 4360 2749 4423 videatur,
2803 4378 2963 4431 quam
2997 4362 3291 4414 binomium
3316 4360 3428 4431 jam

1870 4432 2024 4487 initio
2056 4433 2238 4489 fuisse.
2266 4431 2490 4503 Lupara‘
2517 4434 2700 4487 titulus
2734 4430 2846 4500 ipse
2874 4432 3201 4503 diminutus:
3229 4430 3431 4500 placuit

202 4494 805 4573 Methodio_scriptuui,
840 4506 1096 4573 caeterum
1149 4511 1215 4550 ex
1262 4496 1613 4573 similitudine
1660 4512 1761 4573 ηρ·
1794 4495 1835 4548 D
1863 4504 2185 4567 Allatianus,
2217 4494 2530 4573 apudqucm
2556 4505 2690 4557 alios
2718 4494 3125 4573 vide.‘Conner.

205 4569 408 4649 minis,
474 4566 792 4649 ῐςρηγόριον,
840 4565 1061 4649 errandi
1122 4567 1462 4649 occasionem
1524 4566 1761 4649 librariis

202 4639 457 4692 oblatam.
489 4636 667 4703 Cujus
709 4637 980 4706 opinionis
1013 4637 1065 4689 in
1101 4636 1563 4706 conﬁrmationem
1586 4637 1759 4689 trabi-

204 4725 317 4764 mus
342 4708 491 4777 quod
540 4707 609 4760 ab
639 4705 936 4777 Epiphanio
972 4706 1118 4761 llazr.
1147 4722 1292 4769 anv,
1336 4705 1591 4777 Eubutius
1629 4708 1763 4777 alte-

204 4795 315 4833 rum
352 4776 555 4831 nomen
590 4776 860 4831 MetbOdio
888 4779 1143 4831 tribuitur
1168 4796 1179 4831 :
1218 4778 1330 4833 sive
1358 4776 1411 4830 id
1434 4776 1674 4831 evenerit
1694 4792 1760 4830 ex

203 4850 319 4902 libri
357 4849 529 4914 bu’jus
560 4849 730 4917 ipsius
760 4848 1093 4912 celebritate,
1129 4863 1157 4901 a
1190 4848 1386 4917 primo,
1420 4854 1477 4901 ut
1510 4863 1651 4916 saepe
1682 4846 1757 4911 ﬁt,

200 4919 469 4973 vocabulo
498 4917 987 4974 denominationem
1032 4917 1197 4983 nacti,
1246 4925 1299 4973 et
1332 4932 1526 4972 nomen
1556 4917 1760 4971 adven-

200 4992 401 5045 titium.
430 4990 647 5056 proprio
672 4990 871 5049 notius,
909 4989 1112 5043 auctori
1146 4987 1487 5043 conciliantis
1507 5028 1521 5051 ,
1555 4996 1613 5042 ut
1640 4987 1762 5043 Cle-

202 5076 352 5114 mens
392 5059 794 5130 Στρωματεύς,
843 5066 898 5114 et
928 5058 1220 5128 Gregorius
1266 5057 1520 5130 Dialogus
1567 5074 1765 5127 cogno-

198 5131 387 5183 minati
422 5128 599 5182 sunt:
631 5132 743 5184 sive
779 5129 891 5197 jam
922 5138 1077 5185 antea
1124 5130 1423 5183 binominis
1456 5128 1761 5184 Methodius

201 5216 315 5269 sese
363 5199 455 5253 hic
514 5200 691 5253 minus
734 5200 948 5269 usitato;
983 5201 1215 5269 signavit
1266 5200 1503 5254 nomine.
1554 5199 1763 5253 EDITOR

200 5268 401 5324 Lemn.
428 5299 505 5310 —
538 5272 883 5324 Εὺεούλιον.
930 5267 1021 5323 Sic
1040 5267 1265 5323 'babent
1295 5284 1482 5325 omnes
1514 5270 1762 5335 codices;

200 5340 425 5410 proinde
452 5356 566 5394 non
602 5339 754 5395 facile
779 5340 1034 5408 nudaque
1074 5340 1387 5407 conjectura
1414 5356 1536 5393 cum
1579 5338 1765 5394 Possi-

201 5413 307 5481 nio,
340 5412 460 5466 sive
493 5426 581 5481 eo‘
603 5412 699 5481 qui
746 5412 865 5479 ejus
898 5411 1119 5464 editioni
1170 5410 1406 5481 praefuit,
1445 5411 1762 5481 mutandum

203 5480 510 5544 Εὐϐούλιος.
551 5479 705 5548 Quod
754 5488 933 5535 tamen
983 5479 1536 5549 passinimaseulino
1562 5480 1761 5549 jungit,

201 5554 378 5606 virum
400 5552 523 5622 quis
552 5551 821 5621 auspicari
846 5551 1034 5622 possit,
1068 5553 1156 5605 cui
1192 5548 1507 5621 Gregorium
1531 5550 1645 5619 ipsa
1676 5548 1762 5622 ’l‘e-

204 5625 371 5685 mina,
407 5620 603 5677 referat
648 5620 799 5676 dicta
830 5620 1095 5690 virginum
1121 5638 1135 5683 ;
1157 5637 1278 5675 cum
1312 5620 1409 5675 illa
1452 5620 1762 5690 terminatio

206 5690 453 5760 b-mimm
517 5693 730 5755 innuat,
784 5699 845 5744 ut
886 5689 935 5743 iu
964 5690 1241 5760 Gregorio,
1301 5691 1379 5746 sic
1422 5691 1476 5744 in
1510 5689 1759 5745 Eub'ulio.

205 5758 335 5817 Nam
388 5764 637 5825 servandi
698 5760 916 5816 decoris
966 5758 1149 5828 causa,
1210 5763 1485 5823 mulierem
1547 5760 1758 5816 mulieti

1932 4573 2007 4645 (‘2)
2044 4569 2489 4645 Οῢτωῄέτάντως.
2527 4574 2617 4627 Sic
2671 4588 2740 4645 ett
2768 4570 3075 4645 conjectura
3119 4569 3429 4645 restitutum

1861 4639 1966 4707 est,
1990 4639 2128 4697 'loco
2168 4643 2319 4696 ούπω
2380 4644 2593 4706 πάντως
2625 4642 2829 4695 codicis
2879 4639 3018 4701 ναι..
3043 4639 3187 4708 quod
3213 4639 3429 4692 dillicile

1864 4713 2096 4782 quadrat
2121 4714 2173 4767 in
2204 4714 2349 4768 hunc
2396 4716 2593 4767 locum.
2629 4710 3039 4782 Hemistichium
3074 4708 3336 4782 deﬂexum
3361 4724 3427 4763 ex

1862 4780 2206 4907 ῌοηιθᾶο
2219 4788 2278 4848 Δ,
2305 4801 2448 4841 vers.
2477 4784 2531 4849 5,
2552 4782 2606 4846 4,
2641 4783 2719 4837 sic
2739 4780 2993 4837 mendose
3023 4780 3431 4849 concipiebatur

1862 4871 1917 4907 in
1949 4871 2013 4907 eo
2058 4896 2070 4907 .
2152 4870 2180 4907 a
2212 4894 2226 4907 .
2254 4876 2268 4907 :

1862 4854 1917 4909 in
1949 4855 2070 4909 cod.
2105 4854 2226 4909 Vat.
2254 4876 2268 4910 :

2074 4986 2086 4998 .
2132 4989 2146 5002 .
2193 4987 2206 5001 .
2252 4990 2262 4999 .
2308 4984 2323 4996 .
2363 4949 2431 4999 Αὶ
2458 4944 2525 4998 δὲ
2543 4942 2823 5013 χρυσέοις
2861 4942 3225 4997 δεπάεσσινη

1936 5018 2225 5088 Δειδέχατ⁴
2244 5016 2538 5083 ἀλλήλας,
2555 5014 2747 5084 μέγαν
2773 5017 2858 5080 εὶς
2874 5013 3132 5082 οὐρανὸν
3152 5015 3423 5079 ὁρόωσαι·

1863 5147 1982 5200 quae
2004 5145 2162 5184 nemo
2191 5127 2493 5200 non7_vid_et,
2524 5142 2685 5196 quam
2715 5128 3024 5200 necessario
3063 5123 3129 5177 ad
3168 5137 3427 5200 numeros

1862 5191 2258 5255 reduxeritnus.
2289 5198 2383 5252 En.
2408 5191 2608 5251 ιυρίιι.
2640 5228 2710 5237 -
2739 5196 2911 5249 Οὔπω
2932 5195 3183 5258 πάντως.
3213 5191 3429 5248 Primus

1862 5270 2085 5341 Lupara:
2106 5269 2568 5341 editorgemendat,
2599 5276 2759 5341 atque
2788 5265 3171 5341 ebrmreponit
3192 5305 3206 5331 ,
3241 5271 3429 5341 contra

1864 5332 2149 5410 sui-ipsius
2183 5337 2575 5410 codicisftdem
2608 5332 2955 5410 ct'hletliodii
2990 5332 3239 5389 mentem.
3267 5332 3431 5387 Plane

1862 5404 2014 5466 enini
2038 5416 2297 5479 neganter
2330 5407 2693 5479 inferendum,
2719 5421 2828 5460 non
2843 5404 3127 5479 adirmate,
3156 5418 3262 5457 non
3304 5419 3431 5479 esse

1862 5474 2133 5551 praecipua
2181 5479 2353 5534 solum
2396 5477 2705 5551 delibanda,
2764 5476 2857 5551 sed
2912 5475 3123 5545 singula
3168 5483 3226 5551 ut
3285 5474 3428 5551 dicta

1864 5544 2121 5621 gestaque
2153 5556 2278 5606 sunt
2300 5548 2735 5621 rprosequ_enda__:
2767 5546 2972 5621 sicque_
3007 5544 3107 5600 nec
3154 5545 3310 5621 aliter
3345 5544 3427 5597 di-

1864 5613 1986 5675 cere
2012 5613 2166 5689 jubet
2191 5613 2349 5690 paulo
2387 5613 2836 5690 postEubulitint,
2862 5613 2928 5669 ne
2963 5616 3079 5671 loco
3115 5613 3330 5683 quidem
3361 5626 3424 5670 ac

1864 5686 2091 5746 convivii
2117 5686 2343 5760 dapibus
2374 5686 2702 5758 suppressis.
2737 5686 2974 5744 Conscr;
