4052 6338
273 340 335 392 ἐιᾶ
1379 350 1753 406 C(lNVIVIUM
1793 354 2013 408 DECE.“
2054 355 2406 412 VIRGINUM.
3442 378 3512 429 54

272 452 467 506 Θέκλαν
507 463 605 514 καὶ
638 460 744 533 τὴν
805 464 1043 535 Ἀγαθὴν
1085 465 1177 519 καὶ
1208 467 1305 536 τὴν
1338 468 1683 538 Μαρκέλλαν,
1722 469 1801 539 με]

1903 477 1923 532 ι
1954 473 2300 542 loqueretur,
2335 475 2401 528 ad
2438 482 2681 545 septum,
2721 478 2933 548 inquit,
2972 495 3099 538 mox
3128 487 3506 554 pervenimus,

272 548 455 607 λούπας
485 554 755 607 δειπνεῖν.
788 556 1004 619 Εὐθέως
1033 553 1123 609 οὖν
1148 558 1245 627 τὴν
1274 558 1495 629 Ἀρετὴν
1522 560 1622 630 ἔφη
1656 562 1847 629 φάναι·

270 636 425 689 Δεῦτε
467 645 536 716 δὴ
570 647 669 699 καὶ
694 648 880 716 ὑμεῖς,
914 650 1043 719 περὶ
1072 650 1165 711 τὰς
1195 648 1533 720 ὁμοτρόπους
1570 652 1695 722 ὑμῖν
1720 671 1849 706 ταυ-

272 730 385 817 τασὶ
419 738 624 807 ἑφεξῆς
678 738 867 792 ἐνθάδε
918 740 1328 812 κατακλιθῆναι.
1370 739 1552 813 Ἦμεν
1593 745 1731 817 γὰρ,
1774 746 1849 809 ὡς

270 815 436 899 οἶμαι,
478 833 654 883 πᾶσαι
691 832 783 883 τὸν
817 832 1046 903 ἀριθμὸν
1078 833 1192 885 ἐκεῖ
1222 833 1556 903 δαιτυμόνες,
1598 815 1700 904 έφίὶ
1737 854 1844 905 μοι’

271 922 390 974 δέκα
426 922 528 991 (6).
570 918 685 974 Ἦν
718 923 777 975 δὲ
825 923 885 975 τὺ
930 924 1125 994 χωρίον
1166 924 1487 995 περικαλλὲς
1533 926 1843 996 ὑπερφυῶς,

271 1014 357 1065 καὶ
406 1013 618 1081 πολλῆς
677 1015 1035 1078 ἀναπαύσεως
1081 1015 1524 1087 πεπληρωμένον.
1564 1019 1695 1089 ’Λὴρ
1748 1019 1844 1088 μὲν

270 1108 375 1176 γὰρ
403 1106 644 1173 ἐκέγυτο
680 1106 945 1177 καθαραῖς
976 1107 1149 1174 φωτὸς
1182 1106 1359 1177 βολαῖς
1401 1109 1841 1181 ἁνακεκερασμέ-

268 1216 369 1260 νος,
408 1198 639 1266 κούφως
675 1199 811 1268 μετὰ
848 1198 1042 1269 πολλῆς
1074 1198 1322 1263 εὐταξίας
1347 1217 1359 1228 ’
1390 1202 1483 1253 καὶ
1522 1200 1669 1273 πηγὴ
1703 1203 1841 1256 κατὰ

265 1295 321 1345 τὸ
350 1294 685 1363 μεσαίτατον
718 1293 930 1364 ἡσύχως
974 1293 1149 1347 ἐλαίου
1189 1293 1341 1363 δίκην
1385 1294 1611 1364 ἁνέϐρυε
1640 1296 1839 1363 γλυκύ-

267 1404 417 1439 τατον
450 1388 611 1455 πόμα
632 1404 645 1415 ⁶
679 1387 768 1454 ἀφ’
806 1382 874 1457 ἧς
918 1385 1057 1457 ὕδωρ
1085 1385 1275 1449 aetat;
1308 1388 1400 1439 καὶ
1431 1388 1666 1458 καθαρὸν
1719 1390 1837 1459 ῥέον

269 1480 430 1531 ἐποίει
464 1482 700 1549 κρήνας.
735 1480 799 1530 Ai
833 1478 909 1541 δὲ,
941 1478 1247 1548 ποταμηδὸν
1272 1480 1685 1551 ὑπερχεόμεναι,
1712 1482 1839 1533 ἐπό-

266 1570 401 1631 τιζον
454 1571 680 1623 ἅπαντα
728 1570 817 1622 τὸν
852 1570 1059 1641 χῶρον,
1104 1570 1329 1623 πλούσια
1370 1572 1699 1642 παρέχουσαι
1744 1574 1835 1627 νά-

265 1678 422 1729 ματα.
453 1660 668 1730 Δένδρα
700 1662 805 1732 γὰρ
825 1657 892 1731 ἦν
919 1662 1163 1733 διάφορα,
1184 1665 1404 1732 νεαραῖς
1425 1663 1665 1733 ὀπώραις
1695 1664 1831 1735 πλη-

262 1755 487 1807 θύνοντα
513 1755 589 1825 (7)
622 1756 755 1815 ἐκεῖ,
786 1756 865 1817 εἰς
909 1754 965 1806 ἓν
999 1753 1189 1817 κάλλος
1225 1754 1330 1807 τῶν
1370 1756 1593 1826 καρπῶν
1622 1758 1828 1810 ἀπαιω-

1950 580 2071 618 cum
2095 565 2327 620 necdum
2359 566 2505 621 fores
2545 569 2743 623 clausae
2771 580 2953 626 essent
2986 592 2999 627 :
3040 574 3261 646 jamque
3306 580 3508 649 ingres-

1950 670 2038 710 sas
2068 653 2325 711 Tbeclam
2349 665 2403 712 et
2428 657 2691 729 Agatham
2732 671 2786 716 et
2824 663 3128 719 Marcellam
3151 706 3166 731 ,
3199 669 3265 721 ad
3293 683 3503 725 cuinam

1948 744 2221 799 accinctas
2282 746 2623 804 oﬂendimus.
2696 749 2888 806 Statim
2947 755 3110 824 igitur
3162 758 3364 813 dixisse
3426 762 3503 814 ait

1944 834 2142 891 Areten
2165 837 2216 892 ei
2250 856 2263 891 :
2297 836 2489 893 Venite
2511 848 2563 894 et
2592 856 2687 895 vos
2711 882 2726 906 ,
2760 850 2819 896 ut
2856 844 2945 898 hic
2978 847 3167 902 ordine
3197 864 3318 902 cum
3346 852 3504 906 vobis

1946 926 2110 980 studii
2144 943 2465 1000 morumque
2515 932 2793 988 sodalibus
2847 936 3225 994 discumbatis.
3268 940 3499 998 Eramus

1942 1019 2107 1083 enim,
2139 1019 2194 1073 ni
2222 1018 2400 1084 fallor,
2438 1022 2533 1085 ait,
2566 1038 2753 1078 omnes
2778 1028 3017 1081 conviva:
3040 1027 3224 1083 decem
3248 1048 3495 1089 numero.

1940 1106 2117 1163 Locus
2149 1124 2312 1179 porro
2340 1121 2457 1165 erat
2496 1111 2891 1168 incredibiliter
2939 1131 3187 1172 amamus
3231 1123 3497 1195 tranquil-

1941 1199 2109 1269 lteque
2138 1202 2329 1269 plenus
2364 1204 2676 1273 voluptatis.
2708 1203 2865 1259 Levis
2886 1222 2981 1275 per
3010 1223 3132 1261 eum
3164 1226 3256 1265 aer
3286 1213 3492 1269 mollis-

1939 1293 2073 1355 sime
2111 1292 2530 1360 diffundebatur,
2576 1313 2725 1366 purse
2770 1298 2911 1353 lucis
2960 1300 3126 1355 radiis
3175 1306 3493 1362 suavissime

1937 1392 2392 1454 contemperatus.
2441 1386 2609 1443 Vivus
2650 1389 2701 1442 in
2734 1390 2913 1445 medio
2952 1394 3291 1448 scaturiebat
3335 1396 3490 1465 fons,

1936 1476 2216 1532 lenissimo
2248 1479 2391 1532 ﬂuxu
2417 1480 2596 1533 oleum
2630 1481 2873 1548 imitans,
2914 1483 3264 1542 dulcissimus
3294 1488 3361 1542 ad
3396 1505 3489 1559 po-

1932 1576 2078 1637 tum;
2117 1571 2258 1625 unde
2285 1572 2462 1639 liquor
2486 1572 2787 1641 pellucidus
2808 1584 2859 1628 et
2890 1590 3059 1643 purus
3085 1578 3232 1631 varie
3254 1578 3307 1633 in
3343 1580 3488 1637 rivos

1933 1662 2173 1727 divisus,
2230 1665 2427 1733 passim
2459 1665 2768 1719 errantibus
2805 1667 2956 1721 venis
3009 1669 3321 1725 universum
3381 1673 3487 1729 late

1932 1754 2145 1809 hortum
2190 1754 2469 1825 irrigabat.
2527 1758 2646 1822 Quo
2671 1757 2833 1811 ebriae
2861 1757 3086 1814 humore
3106 1802 3118 1825 ,
3155 1763 3333 1817 omnis
3362 1779 3487 1832 pas-

264 1847 542 1916 ρουμένων
580 1846 809 1917 ἱλαρῶς’
842 1848 935 1899 καὶ
969 1846 1228 1915 λειμῶνες
1264 1846 1552 1912 ἀειθαλεῖς,
1582 1849 1796 1903 εΰπνόοι

1930 1847 2030 1900 sim
2067 1846 2279 1916 generis
2324 1846 2509 1901 felices
2542 1848 2763 1902 arbores
2796 1858 3009 1919 compta
3049 1854 3361 1908 recentibus
3390 1872 3486 1925 po-

260 1937 437 1989 ἇνθεςι
465 1938 563 1989 καὶ
595 1937 857 2000 ποικίλοις
879 1938 1309 2008 κατεστρωμένοι
1334 1938 1430 2008 (8),
1453 1939 1542 2007 ἀφ’
1563 1932 1635 1991 ὧν
1660 1957 1824 2010 προσ-

260 2030 443 2081 ἐδαλεν
478 2029 662 2097 ἠπίως
698 2028 910 2098 πνεῦμα
950 2028 1146 2097 πολλὴν
1186 2030 1407 2082 εὐωδίαν
1438 2030 1600 2101 φέρον
1623 2048 1635 2059 ·
1667 2028 1734 2102 ἦν
1764 2032 1819 2084 δὲ

259 2122 416 2188 ἐγγὺς
468 2121 658 2187 ἄγνος,
701 2120 913 2191 δένδρον
942 2121 1138 2192 ὑψηλὸν
1161 2122 1259 2192 (9),
1292 2122 1379 2190 ὑφ’
1406 2115 1449 2190 ᾧ
1475 2124 1818 2194 ἀνεπαυόμε-

259 2211 318 2263 ῧι
346 2211 435 2263 διὰ
470 2210 532 2263 τὸ
564 2210 685 2262 λίαν
728 2210 1038 2279 ἀμφιλαφές
1079 2212 1207 2264 αὐτὸ
1236 2212 1328 2265 καὶ
1364 2211 1581 2266 σύσκιον
1617 2215 1818 2285 τυγχά-

258 2323 377 2360 νειν.

1930 1939 2032 1992 mis
2055 1939 2228 2007 capita
2244 1938 2545 2007 jactabant,
2572 1939 2628 1992 in
2652 1939 2754 1994 hoc
2778 1940 2881 1994 late
2903 1943 3265 2010 pendentibus
3290 1947 3483 2003 fructi-

1925 2028 2062 2092 bus,
2096 2037 2156 2082 ut
2201 2028 2375 2083 solum
2407 2028 2573 2083 decus
2611 2045 2673 2083 ac
2710 2040 2961 2085 ornatum
2997 2034 3311 2102 praaberent.
3363 2037 3479 2092 Jam

1926 2134 2053 2175 vero
2082 2128 2235 2190 prata
2262 2120 2449 2173 zeterni
2479 2121 2622 2175 veris
2648 2122 2937 2176 immortali
2976 2125 3170 2179 adorea
3194 2127 3479 2197 adornata,

1924 2212 2244 2267 suavissime
2264 2211 2597 2282 spirantibus
2612 2220 2665 2266 et
2677 2214 2811 2267 mire
2840 2215 3005 2269 variis
3027 2226 3301 2272 constrata
3333 2218 3479 2276 ﬂori-

1923 2306 2025 2360 bus
2057 2324 2070 2359 :
2103 2320 2198 2373 per
2227 2319 2365 2374 quos
2398 2304 2533 2358 lenis
2568 2319 2699 2356 aura
2732 2319 3078 2373 commeans,
3111 2310 3329 2364 odorem
3372 2312 3477 2367 late

256 2401 708 2469 iucundissimum
736 2404 1045 2471 spargebat.
1090 2401 1217 2456 Erat
1258 2412 1432 2457 autem
1459 2418 1624 2473 pr0pe
1648 2419 1839 2473 agnus,
1881 2403 2042 2456 arbor
2068 2400 2302 2465 excelsa,
2355 2399 2459 2454 sub
2490 2414 2597 2469 qua
2624 2400 2779 2455 nobis
2818 2401 3245 2470 considentibus,
3294 2406 3472 2461 locum

254 2508 620 2567 opportunum
655 2498 793 2550 rami
816 2499 935 2567 ejus
959 2497 1111 2551 densi
1141 2497 1285 2552 l'oliis
1318 2507 1371 2552 et
1396 2500 1575 2568 patule
1607 2498 1787 2552 dill‘usi
1815 2500 2181 2568 pratlmerunt.

315 2638 390 2705 (6)
410 2632 773 2709 ξ’ῌμεν-γὰρ,
793 2637 968 2709 οἶμαι,
1015 2636 1200 2709 πᾶσαι
1250 2644 1353 2692 τὸν
1399 2642 1662 2709 ἀριθμὸν,
1697 2640 1811 2709 ἔφη

248 2727 359 2782 μοι,
382 2707 565 2782 ﬁexa.
612 2705 689 2782 Ita
725 2707 854 2782 cod.
881 2707 997 2782 Vat.
1026 2710 1091 2782 At
1126 2708 1275 2782 Mar.
1320 2711 1399 2764 sic
1481 2705 1658 2781 Ἦμεν
1681 2705 1807 2782 γᾶρέ

247 2778 315 2852 ᾡς
353 2773 534 2852 οἶμαι,
594 2779 761 2852 πᾷσαι
809 2778 901 2830 τὸν
953 2779 1179 2852 ἀριρμὸν
1226 2780 1537 2850 δαιτυμόνες
1563 2773 1809 2852 ’ἔφηξμοι

245 2848 388 2923 δέκαε
407 2848 616 2923 _liecte_
656 2849 921 2923 interpres
966 2848 1317 2923 ir_i_Vaticano
1342 2848 1605 2923 “Correxit
1624 2848 1809 2923 εὔφη-

248 2935 330 2985 μοι
362 2919 517 2971 δέκα.
559 2918 644 2969 Ait
680 2918 934 2989 nimirum
987 2918 1288 2989 Theapatra
1332 2921 1466 2989 (hare
1519 2918 1805 2989 enimser-

242 3004 470 3062 omnem
512 2988 748 3042 resumit
804 2989 998 3062 ab‘illo
1030 2986 1151 3062 loco
1174 2986 1314 3059 ἦμεν
1338 2986 1467 3062 γάρ,
1496 3001 1624 3053 clc.,
1662 2986 1805 3047 unde

242 3061 289 3108 in
324 3058 586 3113 versione
614 3058 982 3126 reponendum
1015 3077 1026 3110 :
1058 3058 1283 3113 Eranius
1318 3058 1511 3123 autem,
1533 3062 1685 3128 cl.c.),
1736 3064 1808 3116 ait

1918 2640 2229 2694 insternunt
2262 2657 2273 2691 :
2308 2643 2367 2691 ut
2421 2637 2565 2707 quod
2615 2644 2807 2691 natura
2859 2636 2995 2702 ruri,
3046 2637 3099 2691 id
3135 2638 3212 2692 illi
3250 2649 3364 2696 arte
3392 2640 3471 2697 l'a-

1917 2710 2263 2775 ciantdomi;
2298 2724 2403 2762 non
2446 2710 2637 2761 ﬂorum
2687 2723 2962 2774 coronam,
2998 2708 3093 2763 sed
3137 2718 3389 2775 stratum,
3420 2722 3471 2767 et

1916 2780 2072 2848 quasi
2101 2781 2397 2849 stragulam
2431 2794 2493 2832 ac
2542 2786 2795 2849 tapetem.
2848 2778 3003 2843 Quod
3035 2786 3324 2849 utrumque
3349 2799 3467 2835 ma-

1913 2847 2088 2903 lorum
2110 2847 2290 2904 verbis
2318 2864 2633 2918 expressum
2682 2847 2808 2915 Sap.
2837 2866 2896 2910 ιι,
2926 2849 2957 2902 8
2990 2866 3001 2900 :
3034 2847 3350 2905 Coronemus
3374 2869 3467 2907 nos

1911 2920 2045 2973 rosis
2083 2930 2359 2989 antequam
2383 2929 2741 2980 marcescant;
2765 2919 2967 2991 nullum
2994 2921 3060 2971 sit
3085 2930 3295 2987 pratum
3324 2924 3467 2991 quod

1911 3006 2011 3043 non
2034 2999 2360 3059 pertranseat
2394 2991 2605 3043 luxuria
2642 2999 2859 3059 nostra.
2880 2989 3166 3046 COIBEFIS.

1980 3057 2054 3131 (9)
2086 3057 2194 3113 Ἦν
2222 3061 2306 3114 δέ.
2338 3061 2559 3114 Arboris
2593 3061 2648 3131 in
2674 3060 2795 3114 cod.
2822 3058 2940 3112 Vat.
2972 3061 3338 3131 innominatze,
3371 3063 3463 3117 sed

242 3130 481 3198 inquam.
513 3144 643 3182 cum
675 3122 1050 3201 consedissent
1094 3140 1300 3183 vocata:
1333 3122 1592 3201 virgines,
1627 3122 1803 3201 reper-
1832 3122 1874 3179 C
1907 3122 2159 3198 gene'rico
2185 3138 2394 3183 tantum
2428 3132 2592 3184 verbo
2619 3128 2934 3199 designatze,
2962 3131 3132 3185 codex
3156 3130 3289 3183 Maz.
3326 3122 3465 3199 pro-

240 3207 347 3251 tum
377 3214 475 3253 eas
523 3213 648 3252 esse
696 3199 920 3252 omnino
986 3201 1192 3261 decem,
1246 3199 1524 3269 auspicato
1556 3212 1607 3256 et
1665 3199 1799 3257 bene

237 3269 475 3322 ominato
522 3284 589 3322 ex
639 3270 951 3339 evangelica
1005 3270 1260 3339 parabola
1315 3288 1562 3325 numero.
1597 3273 1800 3327 Alludit

236 3339 559 3393 observatas
586 3338 863 3394 veteribus
893 3338 1305 3409 superstitiones
1358 3343 1611 3397 omnibus
1642 3352 1796 3397 notas

238 3412 297 3463 in
353 3424 589 3482 numero
638 3410 997 3482 convivalium
1047 3410 1454 3482 cmtuumnlllox
1494 3423 1798 3482 opportune

239 3478 615 3550 suggerit
646 3478 781 3550 Mar.
813 3480 1047 3549 ἡσύχως,
1072 3482 1213 3550 quod
1234 3481 1286 3533 in
1313 3479 1431 3535 Vat.
1462 3478 1661 3536 deerat.
1696 3483 1795 3537 Ubi

237 3550 389 3604 ratio
419 3548 786 3603 similitudinis
840 3548 991 3619 aqua:
1019 3548 1367 3606 scaturientis
1401 3568 1431 3606 e
1466 3552 1632 3617 fonte,
1671 3568 1793 3607 cum

236 3624 387 3679 oleo,
421 3620 683 3681 innuitnr,
720 3621 775 3671 in
810 3621 1029 3674 lenitate
1060 3622 1313 3674 nimirum
1345 3621 1522 3677 fluxus
1574 3624 1795 3677 minime

232 3690 530 3763 pmcépitis
552 3691 677 3763 sita.
710 3690 784 3763 ξι)
827 3689 1034 3763 Lucan.
1060 3722 1128 3763 έ-
1147 3693 1289 3763 Ἔφη
1319 3711 1425 3762 μοι.
1454 3693 1794 3763 Laudatiedi-

230 3759 314 3815 iur
349 3759 685 3831 Luparensis
706 3759 1036 3831 Vaticanum
1069 3759 1436 3831 interpretem,
1478 3764 1529 3816 id
1562 3771 1644 3817 est
1667 3762 1794 3818 Pos-

230 3834 466 3903 sinium,
487 3830 635 3903 quod
658 3830 891 3903 εὔφημοι
923 3830 1052 3884 δέκα
1080 3830 1406 3887 correxerit:
1440 3849 1537 3903 ego
1563 3832 1795 3888 fallenti-

230 3907 327 3955 bus
348 3902 528 3953 oculis
564 3900 839 3955 divinasse
862 3911 1060 3970 putem,
1096 3904 1238 3971 quod
1287 3900 1553 3972 nusquam
1582 3904 1789 3958 Metho-

229 3975 317 4026 dio
362 3972 416 4023 in
459 3978 720 4042 mentem
762 3973 928 4033 venit,
982 3972 1251 4042 nimisque
1298 3978 1493 4027 durum
1553 3975 1785 4028 exsistit.

230 4042 526 4110 Optimum,
576 4040 723 4114 quod
787 4057 983 4114 omnes
1032 4040 1189 4097 codd.
1222 4053 1633 4114 repraasentant,
1686 4044 1787 4114 ἔφη

230 4131 315 4181 μοι
348 4130 361 4163 ;
393 4122 477 4177 ιιι,
513 4112 659 4182 quod
685 4113 795 4181 jlin
825 4112 988 4165 semel
1019 4119 1071 4165 et
1102 4111 1296 4166 iterum
1318 4114 1442 4168 fecit
1470 4111 1787 4184 Gregorium

228 4187 466 4252 facitque
520 4183 895 4251 sequentibus,
952 4197 1061 4235 sua:
1112 4194 1383 4238 auctorem
1438 4183 1784 4249 narrationis,

228 4254 596 4323 Tbeopatram
620 4260 892 4323 arcessat,
928 4260 1230 4323 cunctaque
1265 4254 1377 4308 ba:c
1418 4254 1518 4308 sub
1543 4255 1660 4323 ejus
1686 4256 1786 4309 ﬁde

230 4342 281 4380 se
313 4321 543 4378 narrare
594 4322 877 4394 signiticet.
930 4321 1035 4377 Nec
1083 4321 1237 4377 video
1267 4340 1384 4394 qua:
1439 4325 1508 4376 sit
1542 4321 1671 4378 ﬁdes
1703 4326 1787 4377 in-

228 4398 504 4464 terpretis,
534 4393 625 4461 qui
653 4394 731 4445 sic
760 4394 945 4461 plana,
969 4410 1076 4445 uno
1102 4393 1342 4447 omnium
1373 4395 1619 4447 codicum
1651 4411 1784 4447 con-

1906 3204 2083 3270 prium
2128 3201 2449 3254 vocabulum
2504 3201 2779 3270 exprimit,
2817 3201 3125 3270 siclocum
3188 3204 3459 3270 ellerens:

1898 3265 2005 3323 Ἦν
2020 3270 2075 3322 δὲ
2099 3271 2262 3338 ἐγγὺς
2278 3270 2385 3341 γὰρ
2408 3265 2618 3340 δένδρον
2649 3269 2867 3339 ὑψηλὸν,
2897 3269 3075 3337 ἄγνος,
3112 3271 3199 3337 ὑφ’
3329 3270 3461 3335 Qua:

1898 3341 2081 3393 omnia
2104 3341 2334 3395 libenter
2362 3341 2652 3409 recipimus
2678 3379 2691 3402 ,
2723 3349 2777 3393 et
2826 3342 3325 3409 interpretationem
3359 3341 3460 3395 La-

1897 3411 2067 3463 tinam
2104 3411 2183 3464 sic
2215 3411 2282 3464 ad
2317 3419 2522 3464 textum
2581 3410 2925 3463 emendatum
2961 3411 3325 3478 reﬁngendam
3358 3427 3460 3480 pu-

1897 3487 2079 3534 tamus
2112 3499 2123 3532 :
2154 3480 2283 3533 Erat
2317 3490 2490 3533 autem
2534 3494 2690 3545 prope
2714 3480 2871 3531 arbor
2897 3481 3122 3537 excelsa,
3169 3482 3327 3534 vitex.
3362 3481 3459 3535 Est

1896 3550 2059 3617 ἄγνος
2092 3548 2315 3617 Graecis,
2381 3549 2592 3603 Latinis
2644 3550 2796 3613 vitex,
2848 3550 3243 3620 recentioribus
3289 3568 3456 3620 agnus

1896 3630 2093 3680 castus,
2126 3622 2286 3675 arbor
2308 3619 2568 3683 castifica,
2604 3630 2786 3687 aptum
2809 3618 3296 3673 ideodiversorium
3321 3618 3457 3675 con-

1895 3690 2022 3741 vivii
2048 3692 2343 3759 virginalis.
2402 3691 2476 3743 De
2506 3705 2568 3742 ea
2598 3688 2962 3751 Dioscorides,
2997 3689 3086 3742 lib.
3118 3705 3155 3748 ι.
3186 3706 3305 3757 cap.
3361 3690 3451 3755 26,

1894 3761 1972 3811 sic
2004 3760 2239 3814 liabetex
2269 3760 2710 3828 interpretatione
2739 3759 2971 3812 Marcelli
3003 3759 3450 3828 Virgilii:Graeca

1892 3830 2035 3882 enim
2067 3831 2133 3883 ad
2161 3846 2378 3883 manum
2411 3830 2523 3883 haec
2562 3831 2820 3885 scribenti
2869 3845 2976 3883 non
3032 3839 3186 3884 erant
3217 3850 3230 3885 :
3261 3832 3450 3899 Agnan

1890 3910 2011 3951 sunt
2035 3902 2122 3968 qui
2154 3917 2373 3969 agonon,
2397 3902 2484 3969 qui
2508 3900 2679 3970 lygon,
2704 3902 2792 3970 qui
2818 3899 3175 3968 tridactylum,
3198 3902 3286 3969 qui
3318 3904 3452 3954 ami-

1890 3972 2205 4041 ctomiarum,
2236 3972 2324 4040 qui
2358 3971 2802 4041 ibisisanguinem,
2836 3972 2923 4039 qui
2946 3971 3089 4041 piper
3114 3981 3333 4039 agreste,
3348 3974 3452 4041 qui

1891 4039 2189 4107 ligusticum
2213 4039 2407 4095 vacent.
2451 4039 2596 4110 Magi
2624 4057 2856 4102 semnon,
2913 4040 3149 4108 ngyptii
3173 4058 3308 4101 sum,
3335 4040 3444 4093 llo—

1887 4113 2032 4163 ιηαηὶ
2055 4112 2268 4165 salicem
2298 4113 2585 4165 amerinum
2617 4111 2901 4179 appellant.
2957 4110 3302 4163 Arborest‘ens
3326 4112 3447 4177 fru-

1888 4190 1972 4233 tex
2001 4183 2136 4234 vitea:
2164 4192 2261 4236 est.
2298 4181 2552 4234 Nascitur
2582 4182 2777 4249 asperis
2802 4189 2849 4233 et
2882 4182 3092 4232 incultis
3138 4181 3266 4233 locis
3286 4196 3445 4249 prope

1885 4252 2195 4319 pro/luentes
2228 4261 2504 4312 torrentes,
2540 4268 2703 4319 aquas
2726 4260 2774 4303 et
2796 4251 3037 4318 ﬂumina.
3073 4249 3321 4303 Ramnlos
3354 4252 3445 4304 Ita-

1888 4322 1967 4374 ltet
2000 4322 2180 4391 longos
2207 4323 2431 4375 vitilium
2454 4324 2608 4374 modo
2622 4322 2836 4391 ilentore
2861 4337 2953 4373 suo
2984 4320 3275 4390 infragiles,
3306 4322 3441 4388 [alia

1887 4392 2034 4453 olew,
2068 4394 2321 4445 teneriora
2356 4402 2547 4445 tamen.
2595 4390 2807 4445 Florem
2855 4391 3075 4443 alterunt
3122 4392 3234 4459 ejus
3278 4407 3438 4459 genus

226 4462 387 4519 sensu
420 4465 796 4533 comprobata,
824 4464 926 4517 levi
955 4464 1265 4533 conjectura
1308 4464 1407 4518 sibi
1445 4465 1696 4517 mutanda
1727 4473 1779 4518 et
1812 4464 1853 4517 D
1883 4462 2106 4514 candido
2145 4478 2261 4513 cum
2303 4478 2603 4533 purpureo,
2652 4463 2875 4515 alterum
2924 4477 3179 4533 purpureo
3235 4470 3437 4513 tantum

221 4536 565 4590 etnendanda
596 4534 748 4603 (mibi
802 4535 970 4605 magis
995 4536 1147 4604 quasi
1199 4536 1373 4605 plagio
1418 4534 1782 4604 depravanda)

220 4608 499 4677 indulgeat
523 4616 683 4675 atque
709 4604 1003 4677 permittat,
1034 4604 1437 4674 eoque’noinine
1463 4605 1784 4661 eruditionis

222 4673 437 4731 laudem
472 4673 708 4744 aliquam
737 4673 1084 4743 praeferentes
1112 4673 1259 4729 viros
1292 4677 1594 4729 laudatores
1627 4677 1781 4730 inve-

219 4750 352 4800 niat.
384 4746 675 4801 COIBEFIS.

293 4818 814 4886 (Ἱ)Πληθύνοντα.
862 4814 994 4869 Cod.
1044 4814 1190 4880 Vat.,
1252 4815 1586 4887 πληθύοντα;
1619 4816 1776 4879 Maz.,

220 4890 445 4951 nielius,
476 4886 834 4956 τιληϐύνοντα,
862 4886 1017 4957 utiet
1048 4901 1172 4939 mox
1231 4887 1495 4957 εὐπνόοις,
1526 4903 1622 4955 pro
1679 4889 1776 4957 έμ-

215 4960 403 5020 meos;
426 4977 441 5012 :
464 4973 770 5026 quanquam
786 4956 927 5026 quod
947 4956 1170 5026 inferius
1198 4956 1419 5019 εὐωδίας
1442 4959 1530 5010 liat
1553 4960 1773 5022 mentio,

213 5024 728 5097 sgmx—retineri
786 5024 976 5097 possit.
1007 5027 1075 5078 At
1126 5024 1246 5080 Vat.
1286 5028 1524 5081 vicissim
1574 5028 1774 5082 rectius

212 5115 381 5152 versu
427 5112 549 5149 mox
584 5099 827 5165 sequenti
852 5113 1077 5149 κατεστε
1130 5097 1276 5166 μένοι
1311 5113 1408 5165 pro
1462 5114 1771 5167 κατεστρω-

216 5170 389 5218 ιιένοι-
419 5166 563 5218 auod
582 5174 756 5218 tamen
788 5174 838 5218 et
875 5167 1046 5218 insum
1084 5114 1211 5218 ferri
1237 5176 1435 5218 nosset.
1470 5165 1595 5218 Item
1628 5167 1770 5218 nuod

214 5170 389 5235 μένοι,
419 5166 563 5235 quod
582 5174 756 5219 tamen
788 5174 838 5219 et
875 5167 1046 5234 ipsum
1071 5165 1211 5236 fferri
1237 5176 1435 5236 posset.
1470 5165 1595 5220 item
1628 5165 1770 5234 quod

208 5240 390 5307 ἠπίως
426 5238 591 5289 verbo
616 5236 971 5307 προσέϐαλλεν
996 5235 1259 5304 adjungit,
1288 5238 1429 5306 quod
1460 5237 1769 5291 adverbium

206 5305 264 5361 in
300 5308 441 5361 Mal.
476 5320 581 5359 non
605 5314 898 5375 comparet.
927 5305 1021 5359 Eo.
1052 5307 1253 5360 Luem.

283 5379 354 5448 (8)
384 5375 881 5448 Κατεστρωμέγοι.
931 5376 1089 5431 Allat.
1121 5386 1174 5431 et
1223 5376 1342 5430 eod.
1397 5375 1769 5448 Mazar.,_pro-

204 5444 428 5518 pius'ad
456 5446 1008 5518 nictapborainquam
1036 5448 1094 5499 τὸ
1135 5448 1588 5515 κίιτεστεμμένοι
1622 5444 1762 5518 Vat.,

204 5515 350 5587 quod
374 5518 593 5587 praefert
613 5516 788 5569 editor
817 5515 1014 5583 Lupar.
1048 5518 1230 5570 Potius
1255 5518 1395 5570 enim
1426 5526 1593 5569 strata
1621 5516 1766 5587 ﬂori-

204 5586 308 5641 bus
335 5586 484 5641 dit-as
518 5594 673 5655 prata
705 5601 864 5653 quam
887 5594 1141 5640 coronata
1177 5606 1188 5639 :
1216 5588 1313 5641 etsi
1347 5588 1586 5655 cxcerpti
1640 5586 1765 5640 inde

203 5660 362 5712 ﬂores
404 5659 455 5709 in
487 5666 635 5710 serta
676 5656 871 5708 cedant
889 5666 939 5709 et
980 5672 1229 5717 coronas,
1265 5658 1467 5725 bisqui
1504 5659 1605 5711 sibi
1641 5659 1763 5709 illo-

206 5746 319 5779 rum
350 5728 608 5780 adhibent
663 5734 1002 5795 ornamenta,
1045 5742 1152 5781 non
1202 5728 1359 5780 etiam
1389 5730 1478 5795 qni
1534 5728 1634 5781 sibi
1667 5742 1761 5780 eos

205 5808 490 5861 sternunt;
528 5795 609 5851 vel
640 5794 812 5849 etiam
866 5796 1121 5862 triclinio,
1173 5799 1309 5863 solo,
1368 5794 1523 5863 lecto,
1562 5813 1759 5851 mensa:

1885 4533 2055 4585 colore
2079 4533 2298 4600 profert.
2332 4541 2436 4586 etc.
2474 4532 2636 4585 Addit
2660 4533 2820 4600 paulo
2845 4541 2964 4599 post
2988 4550 2998 4583 :
3033 4532 3211 4598 Agnus
3239 4539 3432 4595 autem,

1885 4602 1941 4654 id
1972 4611 2049 4655 est
2077 4614 2251 4654 castus
2278 4603 2472 4670 frutex,
2490 4602 2572 4653 hic
2596 4620 2625 4653 a
2656 4602 2849 4655 Gra’cis
2878 4602 3047 4653 dictus
3066 4610 3163 4664 est,
3187 4602 3435 4667 quoniam

1884 4672 1936 4725 in
1978 4673 2396 4741 Thesntoplmriis
2438 4672 2734 4725 castitatem
2776 4672 3119 4741 custodientes
3188 4671 3433 4726 mulieres

1882 4742 2026 4810 foliis
2055 4744 2166 4811 ejus
2200 4740 2408 4795 cubitus
2432 4743 2530 4794 sibi
2558 4741 2971 4795 substernebant.
3010 4740 3130 4794 llaec
3160 4740 3247 4793 ille
3274 4757 3285 4791 :
3313 4759 3434 4811 qua:

1880 4814 2173 4882 patientius
2216 4813 2622 4881 descripsimus.
2652 4811 2798 4881 quod
2845 4826 2911 4864 ex
2960 4812 3041 4864 his
3096 4811 3431 4880 intelligatur

1878 4899 2038 4952 quam
2080 4893 2202 4952 apte
2244 4884 2309 4936 ad
2365 4885 2699 4951 propositum
2745 4883 2863 4936 loco
2894 4884 3003 4933 alto
3056 4889 3106 4935 et
3139 4892 3430 4950 pra-rupto,

1876 4951 2073 5006 vicinis
2107 4951 2261 5022 aquis
2294 4954 2519 5023 perlluo,
2562 4954 2791 5023 tingatur
2845 4951 3150 5005 excrevisse
3186 4952 3308 5004 talis
3340 4968 3429 5023 ar-

1875 5023 1994 5086 bor,
2017 5033 2071 5077 et
2093 5019 2392 5091 opportune
2424 5019 2682 5078 delectam
2703 5022 2821 5091 ejus
2848 5023 3092 5076 umbram
3110 5019 3427 5091 instruendo

1875 5090 2305 5163 celebrandaque
2367 5094 2637 5161 virginum
2695 5090 2873 5163 epulo.
2930 5092 3024 5163 En.
3058 5161 3065 5163 Α
3102 5090 3300 5163 Lucan.
3360 5120 3430 5129 —

1879 5161 2371 5232 Ἀγνοςβένδρον
2384 5166 2643 5232 ὑψηλόν.
2668 5161 2883 5232 ’Λ“γνος,
2908 5164 2975 5216 al.
3010 5161 3188 5229 λύγος.
3219 5161 3426 5232 llictam

1873 5230 2031 5309 ἄγνον
2063 5230 2329 5309 arborei“,
2370 5230 2524 5303 quasi
2552 5230 2761 5302 ayovov,
2805 5244 2866 5309 et
2914 5233 3056 5303 quod
3083 5232 3321 5301 ἀγνίζειν
3347 5230 3428 5309 [ξιτ

1873 5307 2000 5368 eiat,
2036 5304 2309 5374 perdendo
2355 5315 2409 5359 et
2463 5305 2856 5373 exstinguendo
2889 5320 3071 5359 semen
3097 5346 3111 5367 ,
3149 5304 3421 5357 communi

1870 5385 2152 5429 auctorum
2227 5391 2497 5429 consensu
2568 5376 2790 5444 liquet:
2835 5375 3184 5444 quamobrem
3261 5374 3422 5425 etiam

1869 5448 2124 5500 mulieres
2186 5445 2410 5518 Athenis
2456 5446 2509 5498 in
2554 5444 2995 5518 'l‘liesmopltoriis
3059 5444 3421 5518 virginitatem

1868 5527 2145 5569 servantes
2175 5516 2274 5569 sibi
2309 5532 2425 5569 eam
2460 5513 2807 5577 sternebant;
2841 5525 2900 5570 ut
2950 5513 3255 5569 auctor‘est
3297 5513 3425 5565 Dio-

1867 5601 2008 5641 scor.
2041 5588 2130 5640 lib.
2162 5602 2199 5646 ι,
2231 5602 2350 5654 cap.
2400 5586 2525 5651 l55;
2553 5586 2689 5640 Plin.
2726 5588 2817 5642 lib.
2849 5604 2999 5650 xxw,
3032 5602 3150 5655 cap.
3190 5586 3275 5638 l9.
3307 5586 3423 5650 Qua

1864 5655 1929 5708 de
1962 5672 2018 5710 re
2047 5658 2311 5712 videndus
2342 5656 2578 5711 Joannes
2614 5656 2838 5711 Bodmus
2867 5674 2897 5711 a
2928 5658 3107 5725 Stapel
3151 5658 3214 5709 ad
3244 5656 3421 5708 Theo-

1859 5738 2067 5847 porast.
2101 5728 2192 5781 lib.
2238 5742 2298 5781 ιιι
2342 5727 2592 5781 Historia:
2629 5728 2950 5796 plantarum,
2988 5745 3107 5797 pag.
3138 5728 3266 5781 mihi
3294 5726 3420 5778 264.

1893 5795 2029 5847 ἰιΙιΙρ
2083 5797 2382 5847 diminutus
2416 5797 2711 5847 Vaticanus
2742 5799 2934 5847 codex.
2971 5800 3023 5847 in
3060 5814 3167 5847 ano
3211 5797 3420 5847 deessd

1893 5795 2029 5853 ‘alde
2083 5797 2382 5853 diminutus
2416 5795 2711 5853 Vaticanus
2742 5799 2934 5862 codex,
2971 5795 3023 5852 in
3060 5795 3167 5855 uno
3211 5797 3420 5853 deessﬁ
