4052 6338
570 356 613 393 ⁸.
676 316 747 373 39
1624 314 1680 372 S.
1726 315 2054 373 METHODII
2095 311 2403 373 EPISCOPI‘
2439 316 2528 371 ET
2571 316 2925 372 MAliTYRIS
3871 322 3954 374 Ml

665 440 726 495 in
775 446 1006 496 castrum
1062 438 1345 509 abreptus,
1405 437 1660 496 adulterii
1716 454 1933 511 quoque
1985 438 2225 495 sordibus

2341 437 2512 504 ώζεσε
2543 439 2803 510 μοιχείαν.
2836 438 3022 511 Ταύτῃ
3055 439 3161 492 πᾶν
3192 438 3365 511 δῶρον
3404 439 3463 493 ὲν
3508 437 3588 511 τῷ
3623 440 3943 511 Λευῖτικῷ,

666 537 1096 603 L'omputruerat.
1152 530 1291 586 Hinc
1320 530 1500 586 omnis
1548 531 1752 588 oblatio
1800 533 1858 586 in
1912 531 2154 587 Levitico
2198 533 2242 598 ⁸,

664 624 775 680 nisi
808 624 963 694 prius
985 623 1100 679 sale
1129 622 1349 678 condita
1379 621 1569 689 fuerit,
1623 625 1681 678 in
1721 624 2101 680 holocaustum
2152 639 2243 679 ee»

667 716 800 773 dere
829 716 1150 788 prohibetur
1177 715 1405 771 Domino
1447 714 1579 773 Deo.
1629 716 1719 771 Sal
1742 731 1873 773 vero
1900 716 2060 772 nobis
2096 716 2243 787 quod

665 808 917 864 mordeat
947 816 1002 863 et
1036 807 1103 863 ad
1135 807 1426 863 utilitatem
1461 809 1751 880 astringat,
1774 808 2040 880 spiritalis
2064 808 2242 863 omnis

668 899 1077 972 Scripturarum
1109 902 1235 958 data
1261 899 1545 956 meditatio
1568 909 1653 956 est
1677 919 1690 955 :
1727 900 1846 956 sine
1868 914 1974 971 qua
2024 899 2242 956 animus

666 1009 765 1063 per
806 994 1072 1049 rationem
1132 994 1380 1049 omnium
1428 991 1641 1048 auctori
1687 991 1799 1047 Deo
1852 999 2004 1062 grata
2063 988 2241 1047 bestia

664 1083 848 1141 otl‘erri
889 1099 1000 1139 non
1048 1091 1229 1156 potest
1277 1102 1291 1139 :
1342 1083 1445 1138 Vos
1492 1083 1636 1139 enim
1676 1084 1805 1137 estis
1831 1082 1915 1137 sat
1946 1091 2119 1148 terrm,
2166 1082 2242 1136 ait

664 1175 929 1234 Dominus
958 1178 979 1209 ⁸
1001 1177 1285 1248 apostolis.

630 1304 636 1310 ς
735 1269 961 1339 Oportet
1001 1270 1167 1340 igitur
1212 1269 1478 1340 virginem
1511 1267 1868 1325 honestarum
1913 1283 2128 1339 semper
2158 1281 2241 1323 re-

666 1377 789 1416 rum
820 1362 1001 1417 studio
1032 1362 1289 1433 ﬂagrare,
1329 1369 1385 1416 et
1428 1362 1570 1416 inter
1617 1362 1919 1417 eminentes
1960 1360 2241 1432 sapientiae

662 1454 825 1510 laude
872 1454 1197 1510 honoratum
1232 1455 1412 1510 locum
1446 1464 1630 1510 tenere
1670 1473 1682 1508 ε
1733 1454 1870 1508 nihil
1902 1454 2113 1524 pigrum
2145 1462 2239 1508 aut

662 1547 827 1602 molle
858 1545 1060 1601 habere
1080 1584 1096 1611 ,
1128 1544 1224 1600 sed
1252 1545 1552 1610 excellere,
1574 1552 1627 1600 et
1657 1544 1880 1600 heroico
1911 1545 2238 1616 virginitatis

660 1637 941 1709 proposito
959 1636 1152 1709 dignos
1178 1653 1375 1694 sensus
1390 1638 1556 1702 alere,
1575 1652 1697 1707 qua:
1720 1652 1924 1707 semper
1954 1635 2239 1695 detinentis

657 1729 953 1800 voluptatis
992 1730 1201 1785 saniem
1244 1729 1509 1784 doctrina:
1555 1727 1910 1783 meditatione
1956 1728 2234 1800 detergat;

2351 532 2447 583 ὲάν
2470 529 2544 603 μὴ
2570 531 2726 585 ἀλατι
2760 530 2973 602 ἁλισθῇ,
3009 530 3412 602 ἀπαγορεύεται
3445 532 3527 595 εἰς
3548 529 3954 603 δλοκάρπωμα

2350 620 2754 694 προσφέρεσθαι
2786 622 2976 693 Κυρίῳ
3015 621 3095 692 τῷ
3125 621 3263 692 Θεῷ.
3303 622 3473 686 ’Δλας
3489 621 3547 676 δὲ
3573 624 3704 693 ἡμῖν
3740 622 3811 676 τὸ
3840 623 3954 695 δη-

2350 713 2536 768 κτικὸν
2570 713 2706 786 πρὸς
2730 712 2996 784 ὠφέλειαν
3024 713 3336 783 ἀποστύφον
3362 715 3397 786 η
3441 715 3796 787 πνευματικὴ
3837 716 3955 769 πᾶ-

2350 823 2418 860 σα
2446 804 2555 859 τῶν
2594 805 2826 876 Γραφῶν
2871 805 3025 877 ἐδόθη
3059 806 3257 877 μελέτη
3282 822 3296 836 ’
3320 800 3389 878 ἦς
3422 804 3489 873 δὴ
3523 806 3694 878 χωρὶς
3724 805 3949 861 ἀδύνα-

2346 914 2438 952 τον
2462 895 2541 969 τῷ
2562 896 2970 969 Παντοκράτορι
3016 896 3105 952 διὰ
3148 896 3244 973 τοῦ
3280 896 3438 965 λόγου
3486 898 3948 969 προσενεχθῆναι

2344 988 2552 1061 ψυχήν·
2602 988 2784 1059 Ὑμεῖς
2806 989 2914 1061 γάρ
2938 991 3080 1044 ἐστε
3108 988 3173 1042 τὸ
3204 989 3357 1054 ἅλας
3379 986 3488 1057 τῆς
3506 988 3639 1059 γῆς,
3666 992 3697 1043 ό
3716 991 3950 1065 Κύριος

2346 1080 2450 1152 ἔφη
2476 1083 2588 1144 τοῖς
2616 1081 2948 1145 ἀποστόλοις.

2413 1263 2535 1336 Χρὴ
2563 1259 2657 1317 οῦν
2699 1262 2800 1333 τὴν
2840 1261 3105 1334 παρθένον
3147 1261 3235 1315 ἀεὶ
3279 1261 3388 1317 τῶν
3419 1261 3601 1318 καλῶν
3631 1265 3789 1337 ὲρᾷν,
3824 1269 3939 1321 καὶ

2342 1357 2455 1419 τοῖς
2481 1356 2853 1429 πρωτεύουσιν
2908 1359 2989 1423 είς
3019 1360 3209 1430 σοφίαν
3256 1360 3582 1433 ὲμπρέπειν,
3617 1363 3715 1415 καὶ
3748 1363 3938 1434 μηδὲν

2345 1448 2587 1521 ῥᾴθυμον
2620 1449 2753 1522 μηδὲ
2789 1449 3063 1521 μαλθακὸν
3099 1452 3242 1524 ἔχειν
3262 1470 3275 1483 ·
3307 1452 3423 1507 ἀλλ’
3456 1452 3789 1525 ἀριστεύειν,
3817 1455 3932 1509 καὶ

2342 1541 2466 1608 ἀξια
2484 1542 2581 1613 τῆς
2607 1543 2903 1615 παρθενίας
2949 1548 3185 1617 φρονεῖν,
3213 1546 3640 1617 ἀποσμήχουσαν
3660 1546 3740 1618 τῷ
3769 1546 3932 1619 λόγῳ

2341 1634 2467 1696 τοὺς
2514 1634 2714 1708 ίχῶρας
2770 1636 2858 1691 ἀεὶ
2901 1637 3001 1708 τῆς
3033 1637 3386 1708 ἡδυπαθείας,
3434 1639 3630 1709 μήπως
3669 1637 3928 1693 λαθοῦσα

2343 1723 2568 1796 βραχεῖα
2627 1726 2874 1798 σηπεδὼν
2917 1730 3150 1802 γεννήσῃ
3184 1729 3274 1783 τὸν
3314 1727 3571 1799 σκώληκα
3597 1729 3697 1799 τῆς
3714 1729 3932 1784 ἀκολα-

659 1823 857 1879 necubi
918 1821 1060 1879 forte
1106 1823 1284 1881 latens
1329 1822 1415 1877 vel
1443 1820 1670 1876 minima
1706 1819 1971 1892 putredo,
2006 1820 2225 1875 inconti-

2343 1815 2484 1881 σίας·
2529 1817 2601 1873 Ἠ
2626 1818 2736 1886 γὰρ
2759 1818 2982 1888 ἄγαμος
3007 1818 3261 1889 μεριμνᾷ
3292 1819 3366 1874 τὰ
3382 1818 3489 1873 τοῦ
3508 1820 3750 1889 Κυρίου,
3785 1820 3928 1887 πῶς

656 1914 863 1970 nentia:
908 1929 1149 1970 vermem
1200 1914 1533 1985 progignat:
1586 1911 1817 1983 Innupta
1859 1912 1999 1966 enim
2045 1914 2240 1983 cogitat

654 2023 775 2077 qutv
802 2006 1018 2062 Domini
1049 2017 1203 2074 sunt,
1246 2004 1505 2077 quomodo
1549 2005 1759 2076 placeat
1795 2002 2044 2069 Domino,
2073 2015 2132 2059 ut
2167 2006 2241 2060 sit

656 2106 845 2151 sancta
905 2113 1122 2166 corpore
1177 2108 1224 2150 et
1264 2096 1490 2164 spiritu,
1536 2094 1716 2166 inquit
1738 2094 1934 2150 beatus
1970 2093 2174 2150 Paulus
2190 2096 2232 2147 ν.

656 2188 838 2244 Multae
859 2203 991 2243 vero
1015 2188 1349 2243 auditionem
1382 2203 1445 2243 ac
1469 2186 1716 2243 discendi
1749 2202 1961 2252 curam,
1997 2203 2097 2243 ceu
2116 2202 2232 2243 rem

654 2280 712 2335 in
733 2280 990 2337 secundis
1012 2278 1316 2335 habendam
1341 2279 1737 2344 existimantes,
1757 2280 1988 2334 multum
2012 2279 2118 2335 sibi
2140 2280 2234 2335 de-

654 2374 773 2429 beri
804 2381 1031 2446 putant,
1080 2373 1129 2429 si
1157 2372 1242 2428 vel
1274 2371 1547 2427 modicum
1578 2380 1794 2442 tempus
1825 2370 2091 2426 doctrinae
2134 2385 2225 2425 au-

654 2478 743 2519 res
770 2463 1098 2519 adhibeant:
1137 2477 1273 2532 quas
1296 2478 1327 2516 a
1348 2463 1523 2517 sacris
1556 2461 2024 2531 disputationibus
2044 2460 2233 2516 exclu-

653 2556 782 2612 dere
814 2554 1022 2610 deceat.
1068 2554 1327 2626 Angusta:
1352 2554 1497 2609 enim
1531 2562 1697 2625 atque
1730 2568 1963 2609 morosae
2011 2553 2232 2609 humili-

651 2661 761 2718 que
785 2647 1016 2712 animae,
1072 2662 1175 2701 nec
1210 2662 1323 2701 non
1371 2646 1654 2716 sapientiae
1682 2646 1898 2700 inanem
1937 2645 2230 2715 quamdam

652 2740 884 2812 jactanti
914 2739 1176 2809 speciem,
1201 2738 1346 2795 haud
1370 2738 1745 2809 impartiendee
1775 2745 1904 2792 sunt
1927 2738 2124 2793 divina:
2149 2739 2233 2792 di-

654 2831 919 2902 sciplinae.
955 2830 1061 2897 Qui
1087 2830 1233 2885 enim
1281 2844 1392 2884 non
1424 2828 1716 2884 ridiculum
1751 2828 1895 2899 apud
1934 2844 2028 2884 eas
2062 2828 2232 2899 pluri-

652 2923 757 2976 bus
780 2920 1156 2984 commentari,
1186 2935 1307 2990 qua;
1338 2920 1392 2973 in
1419 2934 1478 2974 re
1507 2913 1726 2989 quidem
1758 2919 1940 2990 exigui
1972 2917 2231 2974 momenti

2356 1909 2529 1979 ὶρέσῃ
2560 1909 2642 1971 τῷ
2657 1911 2872 1979 Κυρίῳ,
2898 1911 2997 1965 ἵνα
3014 1906 3054 1983 ᾗ
3080 1913 3220 1982 ἁγία
3247 1913 3342 1966 καὶ
3362 1910 3584 1981 σώματι
3596 1912 3708 1988 ,καὶ
3729 1914 3927 1967 πνεύ-

2331 2019 2494 2071 ματι,
2542 2003 2706 2073 φησὶν
2751 2005 2781 2056 ό
2814 2004 3080 2075 μακάριος
3128 2004 3358 2068 Παῦλος.
3391 2004 3590 2058 Πολλαὶ
3616 2004 3674 2058 δὲ
3701 2006 3925 2079 πάρερ-

2336 2112 2432 2164 γον
2464 2094 2764 2166 ἡγούμεναι
2807 2095 2905 2168 τὴν
2932 2097 3227 2169 ἀκρόασιν,
3270 2098 3547 2169 νομίζουσι
3584 2096 3921 2170 χαρίζεσθαι

2340 2181 2570 2255 μεγάλα,
2631 2184 2728 2239 ἐὰν
2782 2185 2886 2240 κᾶν
2912 2185 2974 2263 τρ
3003 2185 3176 2258 βραχὺ
3220 2188 3543 2261 παράσχωσι
3573 2189 3669 2253 τάς
3696 2188 3873 2253 ἀκοάς
3894 2205 3914 2220 ⁸

2338 2278 2405 2342 ἀς
2429 2280 2708 2352 ὲκκριτέον
2731 2296 2745 2310 ·
2781 2279 3086 2351 μικρολόγῳ
3116 2279 3222 2350 γάρ
3245 2280 3403 2350 φύσει
3435 2280 3530 2335 καὶ
3550 2285 3777 2353 ταπεινῇ
3811 2282 3918 2338 καὶ

2336 2372 2821 2446 ἑπιμορφαζομένῃ
2870 2372 3031 2444 σοφίᾳ
3091 2373 3150 2426 οὐ
3198 2374 3302 2446 χρὴ
3363 2374 3697 2446 μαθημάτων
3745 2375 3918 2431 θείων

2334 2463 2627 2515 κοινωνεῖν.
2682 2457 2758 2514 Ἥ
2789 2461 2896 2535 γὰρ
2943 2462 3005 2515 οῦ
3045 2462 3252 2532 γελοῖον
3292 2463 3530 2527 ἐκείναις
3568 2464 3910 2537 ἀδολεσχεῖν.

2278 2572 2288 2582 ·
2333 2553 2535 2617 αἵτινες
2567 2553 2660 2606 ἐπὶ
2687 2552 2786 2624 μὲν
2817 2555 2931 2617 τοῖς
2961 2554 3156 2626 μικροῦ
3184 2553 3353 2621 ἀξίοις
3377 2554 3553 2610 πάντα
3576 2558 3749 2610 ποιεῖν
3783 2572 3916 2610 συνι-

2332 2645 2614 2713 τείνονται,
2636 2648 2784 2711 ὅπως
2814 2648 3179 2720 ἀκριϐέστατα
3198 2649 3377 2716 ’έξουσι
3414 2649 3481 2703 τά
3505 2650 3917 2724 τελεσιουργού-

2336 2753 2472 2808 μενα
2491 2754 2505 2767 ·
2531 2737 2626 2790 ἐπὶ
2671 2737 2728 2790 δὲ
2778 2736 2883 2792 τῶν
2915 2738 3250 2807 ἀναγκαίων,
3278 2740 3345 2793 δι’
3385 2732 3459 2794 ὧν
3487 2738 3685 2812 μᾶλλον
3712 2738 3915 2805 αὐταῖς

2336 2827 2365 2879 ό
2395 2826 2495 2897 τῆς
2530 2826 2883 2900 σωφροσύνης
2920 2827 3059 2901 ἔρως
3087 2828 3329 2897 αὔξεται,
3363 2830 3438 2903 μὴ
3475 2832 3734 2903 μεγίστας
3755 2833 3910 2903 ἠγεῖ-

2339 2917 2462 2971 σθαι
2492 2917 2604 2988 (18)
2634 2917 2730 2982 τὰς
2764 2918 3080 2991 ἀκριϐείαςς

651 3013 856 3083 ingenii
902 3012 1048 3067 vires
1091 3027 1283 3068 omnes
1329 3009 1700 3073 contendant,
1746 3019 1808 3063 ut
1852 3010 2256 3080 perfectissime
2292 3017 2477 3080 optata
2521 3018 2929 3081 assequamur:
2980 3014 3037 3068 in
3085 3015 3413 3072 necessariis
3450 3032 3581 3073 vero
3640 3033 3737 3088 per
3780 3034 3911 3089 qua:

649 3096 993 3165 potissumum
1027 3099 1295 3157 castitatis
1327 3114 1481 3156 amor
1510 3097 1564 3152 in
1594 3097 1674 3153 eis
1695 3106 1981 3169 augeatur,
2009 3099 2151 3154 haud
2185 3115 2316 3155 sane
2348 3102 2679 3173 diligentiam
2713 3108 2934 3161 maximi
2961 3106 3182 3164 facere?

643 3213 771 3270 CAP.
800 3214 866 3269 ll.
909 3215 1196 3289 Virginitas
1227 3236 1255 3275 e
1283 3220 1427 3277 cretis
1444 3220 1653 3290 planta,
1682 3240 1801 3280 sero
1860 3224 2070 3281 tandem
2129 3229 2335 3353 agitita2
2362 3229 2610 3286 Hominis
2665 3231 2734 3286 ad
2775 3218 3143 3303 perfectionem
3183 3250 3466 3307 provectto,
3514 3245 3769 3313 quomodo
3815 3248 3902 3299 iu-

2184 3316 2209 3353 s
2238 3317 2253 3352 t
2279 3317 2311 3353 ιι
2341 3318 2393 3353 α.

2184 3316 2393 3355 sutura.

709 3429 906 3501 Magno
943 3431 1089 3487 enim
1131 3448 1325 3489 revera
1379 3450 1613 3492 excessu
1641 3452 1673 3490 a
1700 3452 1931 3494 summis
1954 3440 2215 3496 malorum

2390 3442 2618 3516 Μεγάλῃ
2657 3443 2768 3516 γὰρ
2811 3445 3026 3517 ἀληθῶς
3078 3448 3347 3521 ὑπερϐολῇ
3379 3449 3558 3521 τὸτῆς
3591 3453 3892 3525 παρθενίας

637 3519 878 3577 demissa
901 3522 1048 3577 venit
1069 3522 1402 3594 virginitatis
1435 3527 1651 3596 planta:
1678 3529 2033 3598 quamobrem
2058 3530 2217 3584 etiam

638 3610 834 3682 primis
888 3610 1171 3667 hominum
1201 3615 1455 3672 aetatibus
1496 3618 1642 3673 hand
1677 3619 1781 3674 fuit
1810 3620 2040 3677 detecta.
2070 3621 2220 3677 Non-

636 3703 768 3758 dum
793 3702 993 3773 quippe
1023 3719 1378 3761 numerosum
1406 3717 1523 3763 erat
1554 3726 1726 3779 genus
1749 3711 2049 3768 humanum
2075 3752 2090 3779 ,
2124 3713 2220 3770 de-

637 3793 906 3863 cebatquc
927 3793 1107 3863 ipsum
1134 3795 1286 3865 prius
1312 3798 1669 3856 multitudine
1695 3805 1882 3873 augeri
1905 3812 2067 3874 atque
2092 3820 2218 3875 per-

637 3883 745 3937 tici.
776 3884 958 3949 Quare
986 3900 1056 3939 ne
1088 3889 1340 3957 proprias
1368 3890 1588 3960 quidem
1615 3906 1838 3951 sorores
1860 3911 1981 3949 cum
2006 3897 2215 3968 antiqui

636 3989 838 4030 uxores
871 3977 1206 4047 acciperent,
1241 3986 1399 4051 turpe
1436 3982 1644 4053 aliquid
1677 3998 1742 4039 ac
1770 3985 2030 4042 indecens
2056 3998 2210 4058 erat;

632 4070 811 4126 donec
839 4070 925 4126 lex
945 4073 1170 4128 veniens
1194 4071 1562 4141 denuntiavit,
1592 4077 1758 4149 idque
1781 4080 2038 4146 vetando,
2063 4083 2211 4152 quod

631 4161 810 4231 primo
866 4161 1158 4219 honestum
1209 4181 1334 4222 esse
1373 4167 1677 4232 videbatur,
1729 4179 2011 4241 peccatum
2088 4191 2212 4232 esse

629 4254 853 4319 sanxit,
909 4254 1246 4310 maledictum
1295 4275 1415 4313 eum
1449 4264 1787 4333 vocans“qui
1834 4266 2210 4334 turpitudinem

628 4348 830 4402 sororis
858 4365 971 4404 sure
1005 4351 1327 4418 revelaverit,
1370 4354 1478 4410 Deo
1522 4355 1780 4411 nimirum
1826 4360 1993 4414 certis
2022 4361 2211 4430 paula-

627 4439 733 4494 tim
750 4447 1056 4512 temporum
1081 4446 1395 4512 momentis,
1431 4446 1577 4516 quod
1598 4447 1837 4505 humano
1866 4454 2049 4521 generi
2076 4468 2209 4509 con-

626 4545 825 4603 gruum
856 4542 1038 4602 esset,
1073 4550 1345 4607 propense
1379 4537 1702 4595 admovente
1731 4542 2024 4612 auxilium;
2060 4552 2120 4599 ut
2153 4555 2207 4599 et

630 4631 881 4692 parentes
906 4642 1035 4698 erga
1061 4628 1263 4684 liheros
1286 4644 1424 4699 pene
1463 4629 1688 4687 faciunt.
1717 4630 1837 4687 Non
1852 4635 1997 4689 enim
2028 4635 2097 4690 ab
2124 4636 2207 4707 ip-

2321 3534 2627 3606 ἀνθρώποις
2652 3535 2747 3587 ἀπ’
2780 3535 3023 3607 οὐρανῶν
3054 3539 3414 3611 κατεπέμφθη
3448 3540 3643 3610 φυτόν·
3676 3544 3767 3597 καὶ
3802 3544 3894 3598 διὰ

2318 3625 2475 3679 τοῦτο
2514 3629 2633 3690 ταῖς
2682 3626 2926 3701 πρώταις
2958 3629 3057 3681 ούκ
3102 3630 3460 3704 ἀπεκαλύφθη
3494 3638 3726 3702 γενεαῖς.
3768 3637 3891 3692 Ἔτι

2317 3718 2425 3790 γὰρ
2480 3718 2765 3790 ἄνθρωπος
2810 3720 3085 3789 ὀλιγοστὸς
3126 3718 3217 3793 ἦν,
3266 3723 3359 3776 καὶ¹
3411 3726 3575 3797 ἐχρῆν
3619 3727 3773 3781 αὐτὸν
3807 3730 3889 3792 εἰς

2318 3811 2522 3881 πλῆθος
2562 3811 2871 3884 αὐξήσαντα
2906 3812 3273 3884 τελειωθῆναι.
3302 3814 3393 3868 Διὸ
3429 3816 3486 3869 δὲ
3510 3818 3603 3871 καὶ
3633 3818 3729 3882 τάς
3757 3836 3887 3889 σφε-

2315 3901 2478 3973 τέρας
2509 3902 2743 3973 ἀδελφάς
2772 3905 2822 3956 oi
2848 3904 3067 3958 παλαιοὶ
3087 3904 3457 3976 λαμὸάνοντες
3488 3912 3767 3977 γυναῖκας,
3793 3912 3885 3965 οῦ-

2313 3992 2403 4047 δὲν
2429 3990 2497 4065 ἦν
2530 3994 2774 4064 ἀπρεπὲς
2801 3995 2936 4067 (19),
2972 3996 3131 4069 μέχρι
3154 3997 3316 4069 νόμος
3344 3998 3515 4052 ἐλθὼν
3540 4000 3882 4071 διεστείλατο,

2314 4086 2487 4140 καὶτὸ
2510 4086 2722 4158 πρῶτον
2737 4088 2924 4143 δοκοῦν
2953 4085 3089 4143 εἶναι
3106 4090 3268 4144 καλὸν
3283 4092 3684 4164 ἀπαγορεύσας,
3709 4097 3882 4167 ἀμαρ-

2310 4178 2432 4232 τίαν
2475 4179 2787 4251 ἀπεφήνατο
2814 4222 2828 4246 ,
2879 4182 3311 4251 ἐπικατάρατον
3355 4183 3534 4239 καλῶν
3590 4184 3697 4239 τὸν
3739 4187 3879 4242 ἀπο-

2310 4270 2696 4324 καλύπτοντα
2727 4270 2843 4340 τὴν
2877 4274 3317 4341 ἀσχημοσύνην
3345 4273 3456 4343 τῆς
3488 4274 3753 4345 ἀδελφῆς
3780 4281 3878 4333 αὐ·

2309 4363 2415 4417 τοῦ
2442 4403 2456 4428 ,
2502 4361 2597 4417 τοῦ
2644 4364 2779 4418 Θεοῦ
2821 4365 2963 4419 κατά
2992 4365 3181 4437 καιρὸν
3209 4367 3306 4439 τὴν
3355 4367 3698 4440 ἁρμόζουσαν
3724 4370 3897 4441 ήμῶν-

2306 4450 2384 4522 τῷ
2407 4453 2556 4521 γένει
2599 4456 2903 4520 σπουδαίως
2955 4457 3353 4529 προσφέροντος
3383 4459 3655 4533 βοήθειαν,
3693 4461 3875 4534 ὥσπερ

2305 4544 2369 4617 δὴ
2408 4548 2501 4601 καὶ
2529 4548 2575 4600 oi
2605 4546 2837 4619 πατέρες
2866 4551 2977 4611 τοῖς
3014 4549 3167 4613 υἱοῖς.
3203 4551 3278 4604 υῦ
3310 4550 3418 4624 γὰρ
3452 4552 3652 4618 εὐθέως
3676 4554 3871 4610 ἄνωθεν

2307 4640 2653 4694 ὲπιστατοῦσι
2698 4643 2825 4704 τοὺς
2865 4642 3245 4712 παιδαγωγούς
3268 4661 3281 4674 ·
3321 4645 3457 4699 ἀλλά
3497 4645 3593 4718 τὴν
3624 4646 3870 4719 παιδικὴν

626 4716 705 4772 sis
732 4719 915 4772 statim
942 4721 1231 4777 cunabulis
1260 4721 1582 4795 paedagogos
1605 4722 1712 4780 illis
1741 4725 2079 4795 praeficiunt;
2104 4727 2203 4783 sed

2328 4729 2519 4799 λλικίαν
2559 4729 2815 4794 ἐάσαντες
2854 4732 3152 4806 ἀθύρεσθαι
3187 4735 3496 4808 μοσχαρίων
3526 4716 3700 4809 δίκην,
3727 4716 3869 4809 πρώ-

624 4823 891 4866 concesso
914 4811 1061 4866 aetati
1089 4813 1341 4883 primulae
1389 4815 1568 4886 Spatio
1590 4817 1823 4886 quodam
1856 4819 2085 4888 puerilia
2115 4820 2199 4874 lu-

2328 4836 2392 4875 τον
2423 4821 2502 4884 είς
2539 4820 2872 4876 διδασκάλων
2926 4825 3392 4896 συμψελλιζόντων
3435 4828 3863 4897 ἀποστέλλουσιν,

623 4900 811 4968 dendi,
871 4918 937 4958 ac
982 4905 1137 4974 quasi
1170 4906 1467 4962 vitulorum
1506 4923 1659 4965 more
1708 4911 1974 4981 tantisper
2024 4912 2188 4969 lasci-

693 5064 716 5096 '
744 5061 911 5119 Leuit.
948 5080 1009 5129 ιι,
1044 5065 1131 5120 15.
1206 5068 1228 5099 ⁸
1257 5066 1537 5133 Matth.'v,
1570 5069 1659 5126 15.

1732 5069 1809 5128 ’.Ι
1842 5071 1969 5128 Cor.
2018 5089 2115 5139 vn,
2148 5074 2237 5131 34.

2294 4911 2403 4965 ἐστ’
2430 4911 2496 4967 ἂν
2523 4912 2889 4981 ἀποϐαλόντες
2911 4916 3009 4989 τὴν
3043 4919 3379 4992 μειρακιώδη
3416 4920 3578 4992 τρίχα
3601 4921 3693 4976 τοῦ
3721 4921 3853 4987 νοὸς,

2315 5074 2525 5131 'Levit.
2558 5081 2693 5130 xvm
2734 5075 2802 5143 9;
2846 5093 2939 5142 xx,
2981 5079 3068 5132 l7.

623 5227 796 5311 magis
822 5227 992 5311 probo
1014 5236 1214 5311 quarto
1236 5236 1358 5311 post
1380 5245 1541 5311 versu
1562 5233 2003 5311 -προσφέρεσθαι,
2043 5235 2191 5311 quod
2296 5238 2577 5311 cessariis;
2617 5248 2678 5293 ut
2708 5250 2998 5311 utrumque
3026 5242 3175 5296 dicat
3218 5242 3532 5300 ridiculum.
3592 5244 3681 5302 Sic
3728 5248 3855 5304 nihil

624 5296 762 5387 ιεελέο
944 5296 1104 5387 ιξεξέδρέ
1145 5296 1772 5387 praesentiusve.
1793 5296 1957 5374 ἰιυοει
1987 5296 2107 5387 erat

2332 5309 2412 5387 itii
2434 5310 2487 5363 in
2504 5296 2597 5387 illa
2621 5325 2773 5377 voce,
2798 5296 2956 5387 cujus
2977 5296 3351 5387 emendation;
3370 5296 3857 5387 Eigiécﬁh'diiéiiii

624 5366 747 5456 ys:
770 5365 904 5456 in.
921 5452 937 5456 Α
954 5378 1103 5456 iga.
1145 5356 1418 5456 δηιειίίιξηη
1442 5374 1494 5456 χι,
1530 5356 1665 5456 ερας
1697 5356 1969 5430 »κάκῇ-ςγδι
1994 5356 2191 5448 τάνδε-,ξ
2296 5356 3850 5456 inradiata?agas“gazam1.53;?“é31'iz'é2i';

622 5439 1221 5527 pos-t‘prze'positiqneml
1225 5442 1415 5527 χωρίς.
1449 5443 1569 5527 iis;
1584 5443 1785 5527 Lemn.

692 5508 804 5588 (εδ)
851 5508 1157 5588 Ἡγεῖσθαι.
1200 5508 1489 5588 Goiiiponit
1523 5513 1825 5588 hlethodius
1870 5516 1947 5588 τῷ
2005 5516 2188 5572 ἀδολε-

624 5580 793 5649 σχεῖν,
820 5594 1053 5657 operam,
1080 5583 1243 5657 otium
1264 5580 1475 5657 perdere
1496 5587 1730 5657 seriaque
1760 5580 1973 5657 nugari,
1999 5589 2053 5643 in
2076 5590 2184 5644 illis

2296 5459 2356 5503 ut
2386 5451 2479 5519 qui
2522 5459 2741 5505 exstant
2761 5466 2974 5505 summo
2999 5468 3274 5509 consensu
3315 5451 3451 5511 nihil
3476 5457 3745 5513 Methodio
3773 5451 3850 5514 vi;

2297 5536 2468 5589 roque
2485 5522 2749 5591 prudenti
2747 5536 2966 5576 sensum
2998 5523 3285 5579 adversum
3299 5527 3545 5591 reddant.
3564 5528 3847 5589 Consms.

2365 5587 2411 5661 (ἶ
2422 5587 2692 5673 9)Ὀ“ῥδὲν
2710 5587 2787 5662 ἦν
2808 5591 3089 5673 ᾀπρεςςές.
3131 5594 3317 5673 podex
3342 5589 3667 5673 Vat.,_ot'a6sv
3686 5587 3852 5673 ﬁam;

619 5650 984 5742 qitmtan‘ggstti
1032 5652 1197 5705 animi
1230 5650 1387 5735 sunt,
1414 5653 1496 5742 τὸ,
1539 5656 1612 5727 μὴ
1641 5650 1901 5742 μεγίστας
1935 5659 2183 5741 ἡγεῖσθαι

2328 5650 2505 5742 ζόνουν.
2533 5659 2696 5742 Mam,
2727 5650 3295 5742 audaeidivérsitate,
3312 5650 3569 5742 σιξᾷέὲᾖῖ
3590 5650 3844 5742 ἆτξρὲΐέξ,

617 5717 716 5782 τὰς
746 5717 1055 5788 ἀκριϐείας,
1083 5738 1186 5777 non
1207 5725 1428 5778 maxinti
1465 5717 1994 5793 facer-e'diliqentiam'
2014 5731 2068 5785 in
2095 5747 2187 5785 ne-

2287 5733 2613 5795 glossemate
2642 5734 2695 5788 in
2725 5740 3038 5792 contextum
3084 5733 3322 5803 recepto.
3358 5737 3453 5793 En.
3490 5733 3690 5798 Ευριιιιζ
3725 5808 3733 5816 _
