4052 6338
236 345 265 400 ι
276 343 297 400 l
1327 340 1709 399 CONV'VIUM
1750 341 1980 397 DECEM
2022 339 2380 397 V'lRGlNUM.
3402 333 3476 396 Η

237 464 314 524 είς
332 461 433 533 τὴν
467 461 576 515 τῶν
627 462 887 532 μειζόνων
928 464 1157 532 ἄσκησιν
1203 463 1672 536 παραπεμφθῶοιο
1708 464 1801 517 κά-

1912 460 2114 526 viendi,
2145 461 2213 516 ad
2244 461 2535 532 magistros
2559 473 2668 514 una
2690 472 2812 514 cum
2841 459 2921 512 eis
2949 457 3329 518 balbutientes,
3362 459 3479 526 pri-

236 553 412 607 κεῖθεν
454 551 616 618 αὗθις
660 557 738 619 εἰς
778 557 878 627 τὴν
922 555 1027 610 τῶν
1054 557 1130 610 ἔτι
1174 556 1448 627 μειζόνων.
1486 554 1667 627 Ταύτῃ
1700 556 1808 628 γὰρ

235 647 322 702 καὶ
350 646 446 698 τὸν
479 645 615 699 Θεὸν
645 647 740 699 καὶ
772 647 991 718 Πατέρα
1038 648 1144 700 τῶν
1182 648 1315 702 ὅλων
1345 647 1574 718 ἡγητέον
1600 666 1808 720 προση-

232 735 414 804 νέχθαι
441 738 559 800 τοῖς
591 736 698 808 πρὸ
725 737 901 808 ἡμῶν.
931 739 1049 790 Ἔτι
1069 738 1217 811 γὰρό
1246 737 1474 810 κόσμος,
1508 737 1809 811 ἀνθρώπων

232 826 559 895 ἀπλήρωτος
600 825 697 887 ὢν,
747 826 823 889 ὡς
875 828 1065 900 νήπιος
1105 824 1172 899 ἦν
1205 829 1298 881 καὶ
1345 830 1509 900 ἐχρῆν
1542 828 1700 882 αὑτὸν
1729 830 1810 893 εἰς

231 915 431 987 πλῆθος
449 916 734 989 πρότερον,
754 920 816 972 ἐκ
833 919 1032 973 τούτων
1047 920 1402 994 ἀνδρωθέντα,
1417 921 1805 993 πληθυνθῆναι.

239 1007 370 1060 Ἀλλ’
402 1008 497 1060 ὅτε
533 1008 721 1062 λοιπὸν
756 1009 864 1063 ἀπὸ
898 1011 1144 1083 περάτων
1193 1013 1284 1066 ἐπὶ
1317 1013 1527 1083 πέρατα
1578 1013 1810 1084 κατῳκί-

228 1099 348 1168 σθη,
385 1100 494 1170 τῆς
523 1098 948 1173 ἀνθρωπότητος
990 1106 1067 1168 εἰς
1095 1104 1318 1176 ἄπειρον
1361 1106 1685 1177 κεχυμένης,
1709 1108 1809 1160 οὐκ

229 1192 304 1242 ἔτι
337 1194 458 1252 τοῖς
493 1191 680 1256 αὐτοῖς
721 1192 999 1263 ἐπιμένειν
1029 1193 1116 1248 τὸν
1139 1193 1421 1262 ἄνθρωπον
1453 1196 1752 1268 ἐπέτρεπεν
1781 1200 1809 1251 ό

228 1280 375 1344 Θεὸς,
423 1282 650 1335 σκοπῶν
692 1284 856 1347 ὅπως,
909 1285 1073 1339 τῶνδε
1103 1288 1181 1349 εἰς
1212 1287 1338 1339 τάδε
1373 1287 1805 1358 μεταϐαίνοντες,

229 1372 622 1444 πλησιαίτερον
673 1377 1049 1446 προκόπτωσιν
1086 1377 1336 1449 ἔρχεσθαι
1375 1379 1482 1432 τῶν
1520 1381 1765 1452 οὐρανῶν
1789 1421 1804 1446 ,

234 1465 421 1534 μέχρις
457 1465 548 1530 ἂν,
597 1467 675 1529 εἰς
710 1467 841 1520 αὐτὸ
873 1468 932 1521 τὸ
969 1469 1219 1547 μέγιστον
1254 1469 1480 1541 μάθημα
1514 1473 1605 1525 καὶ
1649 1491 1808 1544 κορυ-

232 1554 527 1619 φαιότατον
569 1555 666 1625 τὴν
705 1557 1002 1624 παρθενίαν
1053 1558 1376 1626 φθάσαντες.
1413 1560 1802 1616 τελειωθῶσιν

230 1646 331 1698 ἀπὸ
370 1647 477 1715 τῆς
533 1647 920 1718 ἀδελφομιξίας
959 1649 1276 1714 ὁδεύσαντες
1335 1652 1547 1724 πρῶτον
1604 1655 1682 1718 εἰς
1746 1654 1808 1708 τὸ

228 1737 438 1799 ὀθνεῐας
465 1739 768 1807 ἐπάγεσθαι
791 1742 1036 1812 γαμετάς
1054 1759 1067 1771 ·
1092 1743 1346 1798 κάκεῖθεν
1395 1746 1473 1809 είς
1500 1745 1558 1798 τὸ
1611 1746 1806 1816 μηκέτι

1910 569 2106 624 niaque
2141 553 2450 608 rudimenta
2501 567 2565 606 ac
2602 552 2863 606 elementa
2899 551 3188 614 docentes,
3220 565 3314 605 eos
3345 551 3472 603 mit-

1909 651 2052 708 tunt,
2085 645 2260 698 donec
2291 641 2525 697 infantili
2554 642 2700 696 velut
2724 641 2958 710 quadam
2994 640 3188 696 mentis
3218 640 3477 710 lanugine

1909 735 2088 804 posita
2112 775 2126 794 .
2176 734 2243 788 ad
2299 733 2564 803 majorum
2596 731 3011 803 disciplinarum
3051 733 3476 789 exercitamenta

1909 830 2308 889 transmittant,
2356 834 2518 896 atque
2566 825 2691 879 hinc
2736 823 2803 878 ad
2837 826 2940 878 alia
2999 824 3084 880 Ιιίε
3132 824 3473 884 sublimiora.

1911 916 2087 973 Simili
2139 934 2360 988 quoque
2405 918 2617 973 ratione
2655 917 3076 975 existimandum
3128 933 3188 972 se
3237 917 3476 988 gessisse

1908 1025 2035 1080 erga
2065 1011 2297 1075 majores
2320 1019 2540 1065 nostros
2561 1009 2729 1066 Deum
2757 1010 3136 1066 universorum
3155 1025 3218 1065 ac
3237 1010 3473 1068 Patrem.

1909 1105 2046 1160 Tum
2072 1104 2338 1174 siquidem
2364 1104 2621 1171 mundus,
2643 1103 2872 1159 necdum
2895 1104 3174 1158 hominum
3198 1104 3478 1161 confertus

1909 1197 2234 1270 frequentia,
2288 1198 2434 1251 velut
2489 1197 2670 1251 infans
2707 1205 2859 1260 erat,
2908 1197 3241 1265 docebatque
3291 1199 3478 1268 augeri

1908 1290 2061 1359 prius
2089 1289 2142 1342 in
2174 1288 2598 1354 multitudinem,
2631 1305 2698 1342 ex
2728 1303 2834 1358 qtta
2866 1288 2918 1342 in
2944 1288 3120 1342 virum
3150 1290 3307 1358 quasi
3342 1290 3478 1344 ado-

1908 1383 2158 1437 lesceret.
2204 1381 2274 1435 At
2307 1382 2398 1436 ubi
2434 1381 2546 1451 jam
2579 1381 2647 1436 ab
2674 1381 2934 1436 extremis
2961 1381 3026 1435 ad
3051 1391 3295 1436 extrema
3327 1383 3480 1437 colo-

1909 1475 2017 1530 niis
2078 1476 2450 1544 frequentatus
2501 1481 2616 1541 cst,
2662 1473 2901 1530 humana
2933 1474 3118 1528 sobole
3165 1474 3218 1529 in
3248 1475 3481 1529 immen-

1908 1581 2029 1624 sum
2047 1579 2439 1636 usquequaque
2459 1564 2600 1627 fusa,
2620 1579 2728 1619 non
2751 1563 2986 1634 amplius
3018 1564 3209 1620 iisdem
3234 1580 3298 1620 ac
3325 1567 3482 1634 prius

1907 1655 2050 1711 Deus
2067 1654 2338 1710 hominem
2363 1654 2611 1721 permisit
2632 1653 2884 1709 insistere
2898 1654 3174 1714 moribus:
3205 1654 3256 1708 id
3287 1669 3482 1724 nempe

1908 1744 2227 1816 providens,
2275 1752 2335 1799 ut
2387 1743 2592 1800 sensim
2636 1759 2703 1798 ex
2757 1742 2880 1797 aliis
2910 1742 2976 1796 ad
3011 1743 3115 1796 alia
3144 1743 3371 1814 gradum
3405 1745 3482 1797 l'a-

231 1828 456 1894 πολλαίς
513 1832 818 1886 ἐπιϐαίνειν
868 1835 1212 1906 τετραπόδων
1241 1837 1409 1908 νόμῳ,
1440 1838 1688 1910 καθάπερ
1725 1840 1801 1902 εἰς

1906 1837 2111 1892 cientes
2133 1876 2147 1900 ,
2199 1836 2406 1905 majore
2440 1835 2684 1906 profectu
2716 1836 3076 1906 propinquius
3105 1836 3260 1892 caelis
3289 1852 3479 1892 assur-

227 1921 407 1989 όχείαν
437 1925 772 1989 γεγονότας·
809 1925 1098 1980 κάντεῦθεν
1136 1931 1216 1992 εἰς
1257 1930 1319 1980 τὸ
1363 1929 1687 2000 μὴ’μοιχοὺς
1715 1946 1808 1998 γε-

225 2014 439 2082 γονέναι
463 2031 476 2043 ·
505 2011 694 2070 καὶάὗ
727 2017 884 2070 πάλιν
923 2019 1002 2082 εἰς
1036 2019 1408 2092 σωφροσύνην,
1438 2021 1532 2074 καὶ
1563 2018 1670 2074 ἀπὸ
1704 2037 1808 2072 σω-

227 2105 504 2176 φροσύνης
563 2109 644 2171 εἰς
696 2108 1024 2181 παρθενίαν·
1071 2111 1197 2164 ἔνθα
1258 2111 1650 2183 μελετήσαντες
1706 2112 1805 2181 τῆς

230 2198 428 2265 σαρκὸς
478 2199 868 2270 ὑπερφρονεῖν,
914 2202 992 2264 εἰς
1032 2201 1121 2255 τὸν
1153 2200 1252 2272 τῆς
1290 2201 1600 2273 ἀφθαρσίας
1631 2199 1803 2257 εὖδιον

229 2286 444 2353 sig/56w;
465 2287 842 2358 ἐωρμίζονται
871 2290 1065 2361 χῶρον.

1901 1935 2089 2000 gerent
2117 1947 2130 1982 ε
2160 1929 2338 1998 quoad
2370 1929 2424 1982 in
2456 1929 2752 1982 maximum
2789 1929 2968 1998 ipsum
3016 1943 3079 1984 ac
3111 1930 3478 1987 celsissimum

1903 2019 2198 2073 evadentes
2225 2018 2552 2089 virginitatis
2576 2018 2984 2082 documentum,
3005 2020 3150 2090 quod
3180 2021 3480 2090 perfectum

1908 2119 1994 2166 est
2027 2110 2482 2180 adipiscerentur,
2535 2125 2565 2163 a
2616 2110 2846 2164 fratrum
2893 2127 3253 2182 sororumque
3303 2113 3484 2167 mistis

1907 2201 2179 2273 conjugiis
2206 2202 2440 2272 primum
2486 2202 2892 2272 progredientes
2931 2210 2991 2257 ut
3024 2213 3278 2259 externas
3315 2205 3482 2259 duce-

1907 2303 2028 2348 rent
2045 2310 2244 2350 uxores
2269 2314 2281 2349 :
2314 2293 2529 2360 deinde,
2555 2304 2611 2348 ut
2629 2311 2696 2348 ne
2712 2296 2899 2349 multis
2916 2296 3326 2367 quadrupedum
3350 2297 3480 2361 ritu,

227 2377 369 2430 velut
406 2378 463 2431 iu
489 2394 658 2432 unam
691 2379 830 2434 hanc
864 2395 976 2435 rem
1010 2382 1144 2445 nati,
1209 2383 1675 2448 congrederentur
1707 2405 1719 2438 :
1749 2383 1873 2439 inde
1922 2398 1982 2440 ut
2012 2387 2244 2442 adulteri
2276 2403 2387 2442 non
2408 2395 2616 2452 essent,
2677 2397 2839 2459 atque
2875 2389 3002 2442 hinc
3059 2405 3252 2444 rursus
3291 2398 3350 2444 ut
3387 2405 3481 2444 ca-

224 2473 498 2535 stitatem,
558 2487 732 2542 eaque
778 2474 1082 2543 perfuncti,
1118 2475 1486 2545 virginitatem
1523 2479 1802 2533 colerent:
1843 2480 1931 2534 ubi
1967 2481 2108 2535 sein
2145 2482 2329 2535 carnis
2363 2489 2679 2551 contemptu
2725 2492 3063 2549 exercentes,
3110 2483 3165 2538 in
3213 2486 3484 2556 tranquil-

227 2567 336 2620 lum
387 2567 833 2639 incorruptionis
888 2570 1101 2635 locum,
1137 2572 1285 2627 velut
1319 2573 1594 2628 tutissimo
1622 2583 1814 2644 portu,
1849 2584 1997 2631 metu
2028 2576 2195 2631 soluti
2215 2576 2572 2646 appellerent.

223 2690 353 2746 Car.
387 2690 476 2744 lll.
505 2692 804 2746 Abrahami
825 2693 1220 2750 circumcisione
1257 2697 1469 2770 sublata
1506 2715 1750 2770 sororum
1775 2700 2040 2770 conjugia.
2073 2700 2115 2752 A
2155 2699 2470 2768 propheticis
2496 2698 2816 2769 temporibus
2841 2699 3120 2768 repudiata
3151 2700 3481 2769 polygamia.

1256 2769 1492 2822 Castitas
1519 2769 1835 2840 conjugalis,
1877 2769 1991 2840 ipim
2019 2770 2190 2825 modis
2211 2772 2456 2824 coercita.

296 2867 439 2934 E’ﬁé
467 2899 557 2944 τις
608 2881 687 2944 ὼς
724 2881 1039 2954 ἀμάρτυρον
1068 2883 1174 2936 τῶν
1203 2855 1432 2956 Γραφῶν
1454 2886 1800 2940 αἰτιάσασθαι

227 2973 480 3043 τολμήσαι
515 2972 609 3025 τὸν
639 2973 818 3039 λόγον,
839 2973 969 3044 φέρε
991 2974 1076 3044 δὴ,
1110 2975 1446 3045 παραθέντες
1478 2978 1571 3030 καὶ
1599 2976 1665 3030 τὰ
1693 2977 1802 3030 τῶν

227 3064 516 3134 προ-ξητῶν
540 3105 556 3126 ,
604 3063 946 3136 ἀληθέστερα
1017 3064 1214 3135 μᾶλλον
1291 3068 1658 3138 ἀποδείξωμεν
1734 3066 1804 3120 τὰ

228 3158 620 3229 προειρημένα.
668 3156 725 3209 Ὀ
755 3156 886 3224 γοῦν
934 3157 1201 3229 Ἀϐραὰμ,
1237 3159 1449 3232 πρῶτος
1481 3163 1538 3213 ἐν
1569 3160 1801 3232 διαθήκῃ

1976 2887 2054 2944 Ne
2081 2889 2206 2960 quis
2259 2903 2388 2944 vero
2446 2887 2748 2944 orationem
2796 2897 2856 2943 ut
2878 2886 3283 2958 Seripturarum
3330 2890 3483 2944 testi-

1908 2982 2109 3038 moniis
2130 2981 2445 3037 destitutam
2460 2980 2658 3035 audeat
2677 2981 2941 3045 cavillari,
2971 2996 3090 3051 age,
3112 2980 3480 3050 producamus

1910 3073 2298 3144 prophetarum
2340 3073 2511 3138 locos,
2549 3072 2725 3142 iisque
2750 3081 2900 3128 certo
2919 3073 3122 3130 certius
3155 3073 3386 3135 veriora,
3414 3088 3479 3131 ea

1911 3182 2032 3238 quae
2060 3167 2209 3222 dicta
2236 3181 2267 3220 a
2297 3165 2456 3220 nobis
2487 3175 2635 3228 sunt,
2663 3165 3034 3220 ostendemus.
3063 3163 3276 3219 Primus
3298 3165 3481 3234 itaque

227 3253 316 3322 τὴν
343 3252 650 3323 περιτομὴν
684 3248 884 3313 λαΰὼν,
929 3250 1079 3304 οὐδὲν
1121 3253 1306 3323 ἕτερον
1346 3255 1678 3307 αἰνίσσεσθαι
1719 3252 1801 3305 δο-

1908 3258 2207 3324 Abrabam,
2231 3265 2456 3330 accepto
2467 3259 2904 3314 circumcisionis
2926 3257 3150 3321 fmdere,
3173 3257 3308 3312 nihil
3334 3256 3482 3320 aliud

227 3347 325 3407 κεί,
352 3343 413 3395 τὸ
445 3348 651 3397 οἰκεῖον
695 3343 805 3414 (20)
859 3347 1312 3416 περιτεμνόμενος
1333 3347 1432 3416 τῆς
1477 3348 1674 3418 σαρκὸς
1702 3347 1801 3400 αὖ·

1905 3350 2119 3406 videtur
2139 3351 2386 3416 innuere,
2410 3351 2689 3421 proprium
2713 3350 2898 3404 carnis
2917 3364 3028 3404 sua:
3056 3350 3359 3406 membrum
3381 3365 3484 3419 pu-

226 3435 319 3488 τοῦ
353 3436 532 3505 μέλος,
564 3437 596 3506 ἢ
629 3438 808 3504 τοῦτο,
831 3439 892 3492 τὸ
921 3441 1114 3511 μηκέτι
1135 3441 1200 3494 τὰ
1227 3441 1292 3494 ἐκ
1319 3439 1411 3492 τοῦ
1443 3439 1608 3492 αὐτοῦ
1635 3441 1801 3511 σπέρ-

231 3545 404 3598 ματος
443 3530 907 3604 δημιουργηθέντα
946 3533 1356 3604 παιδοσπορεῖν·
1396 3533 1504 3586 ἀπὸ
1537 3533 1633 3602 τῆς
1666 3531 1802 3597 ίδίας

227 3627 462 3679 ἕκαστον
511 3623 771 3680 διδάσκων
828 3625 1082 3696 ἀδελφῆς,
1112 3621 1199 3680 οἶα
1226 3625 1445 3696 σαρκὸς,
1478 3625 1802 3695 ἀποτέμνειν

224 3717 322 3789 τὴν
354 3718 497 3771 κατὰ
532 3717 818 3771 συνουσίαν
834 3699 1045 3788 ἡδονήν.
1073 3718 1231 3770 Ὥστε
1260 3717 1320 3770 τὸ
1342 3717 1680 3788 πλησιάζειν,
1707 3718 1802 3772 καὶ

225 3807 474 3877 όμεύνοις
525 3808 762 3879 χρῆσθαι
800 3812 916 3872 ταῖς
946 3808 1095 3878 σφῶν
1127 3809 1402 3878 ἀδελφαῖς,
1432 3809 1541 3864 ἀπὸ
1571 3808 1680 3862 τῶν
1705 3807 1798 3862 τοῦ

238 3901 484 3973 ’Δεραὰμ
512 3900 790 3956 πέπαυται
822 3901 1026 3974 καιρῶν
1044 3918 1058 3932 ·
1085 3901 1145 3954 τὸ
1171 3901 1229 3954 δὲ
1254 3900 1511 3956 πλειόνων
1543 3900 1804 3954 συναλλα-

227 3995 338 4060 ταῖς
400 3993 746 4066 ἁρμόζεσθαι
794 3995 1093 4064 γυναικῶν,
1145 3994 1253 4048 ἀπὸ
1280 3993 1400 4048 ’τῶν
1448 3993 1803 4066 προφητικῶν

225 4086 490 4159 ἀνῄρηται
525 4089 754 4158 χρόνων.
798 4090 1012 4142 Ὀπίσω
1041 4089 1149 4160 γάρ
1176 4103 1292 4142 σου
1323 4085 1440 4142 τῶν
1476 4085 1802 4156 ἐπιθυμιῶν

219 4180 299 4248 μὴ
329 4182 657 4251 παρενθῇς,
683 4182 780 4237 καὶ
813 4182 931 4238 ἀπὸ
963 4181 1078 4236 τῶν
1113 4181 1364 4250 ὀρέξεών
1382 4195 1497 4236 σου
1528 4183 1762 4236 κωλύου
1781 4199 1796 4214 ο

226 4271 399 4341 οινος
431 4277 545 4347 γὰρ
578 4276 679 4329 καὶ
707 4275 986 4344 γυναῖκες
1019 4275 1445 4343 ἀποστήσουσι
1478 4276 1794 4341 συνετούς.

179 4391 182 4394 ·
223 4364 326 4420 Καὶ
343 4370 406 4419 ἐν
443 4367 639 4438 ἑτέρῳ
671 4366 748 4421 Ἦ
772 4366 934 4436 πηγή
967 4383 1082 4422 σου
1120 4367 1224 4422 τοῦ
1263 4366 1480 4438 ὕδατος
1506 4366 1660 4424 ἔστω
1696 4377 1795 4421 σοι

281 4507 305 4537 ⁹
337 4503 513 4558 Eccli.
559 4520 716 4569 xvut,
750 4505 836 4560 50.
915 4507 957 4537 ¹⁹
995 4505 1160 4560 Eccli.
1195 4522 1309 4571 nx,
1340 4506 1396 4561 2.

1909 3442 2096 3509 tando,
2141 3457 2327 3514 quam,
2366 3443 2508 3498 haud
2540 3442 2772 3512 amplius
2799 3443 2964 3496 licere
2987 3457 3114 3497 cum
3135 3457 3199 3497 ea
3229 3458 3352 3514 qua:
3387 3440 3482 3499 iis-

1907 3534 2031 3590 dem
2059 3544 2180 3588 orta
2208 3533 2528 3604 parentibus
2555 3533 2661 3598 sit,
2686 3547 2801 3588 rem
2833 3532 3135 3588 maritalem
3169 3533 3397 3602 habere;
3426 3551 3480 3592 ιιι

1910 3626 2131 3696 propria
2158 3640 2430 3695 quemque
2465 3639 2677 3688 sorore,
2705 3625 2853 3680 velut
2872 3639 2902 3678 a
2920 3639 3086 3680 carne
3112 3626 3353 3696 propria,
3379 3628 3481 3682 do-

1908 3733 2041 3773 cens
2087 3732 2440 3789 congressum
2487 3727 2790 3789 amputare.
2845 3715 3032 3787 ltaque
3080 3719 3149 3772 ab
3184 3718 3477 3774 Abrahami

1909 3819 2090 3877 aetate,
2113 3827 2319 3867 morem
2343 3812 2492 3866 illum
2513 3827 2623 3882 quo
2642 3826 2861 3866 sorores
2880 3810 3143 3867 fratribus
3160 3813 3477 3881 nuptiarum

1907 3905 2113 3962 findere
2143 3906 2534 3978 jungebantur,
2568 3905 2843 3960 sublatum
2875 3903 3145 3960 videmus.
3173 3903 3370 3960 Multas
3387 3919 3478 3958 au-

1915 4005 2025 4053 tem
2045 3997 2205 4052 simul
2221 3998 2290 4052 ab
2307 4013 2415 4052 uno
2434 3997 2622 4053 haberi
2640 4012 2839 4052 uxores
2857 4011 2887 4050 a
2909 3997 3244 4067 propheticis
3263 4004 3476 4066 tempo-

1905 4089 2059 4144 ribus
2105 4088 2332 4160 perinde
2365 4090 2629 4145 abolitum
2667 4097 2770 4145 est.
2850 4088 2987 4143 Post
3022 4089 3474 4157 concupiscentiae

1904 4184 2048 4238 enim
2074 4193 2193 4237 tuas
2213 4223 2228 4246 ,
2263 4183 2476 4252 inquit,
2509 4198 2572 4236 ne
2589 4198 2678 4236 eas
2699 4220 2714 4245 ,
2746 4189 2796 4235 et
2825 4199 2858 4234 a
2887 4181 3159 4236 desideriis
3193 4182 3296 4235 tuis
3325 4199 3478 4236 aver-

1906 4286 2012 4332 tere
2053 4278 2074 4309 ’
2113 4291 2133 4330 :
2178 4275 2368 4330 Vinum
2401 4275 2546 4332 enim
2593 4284 2642 4329 et
2674 4274 2918 4330 mulieres
2949 4284 3252 4342 apostatare
3277 4274 3478 4346 facient

1905 4365 2166 4435 sapientes
2199 4364 2266 4422 ⁸ο.
2287 4364 2349 4418 Ει
2367 4365 2474 4420 alio
2494 4365 2614 4422 loco
2639 4385 2652 4420 :
2678 4365 2822 4422 Fons
2845 4374 2964 4420 tuus
2982 4381 3133 4436 aqum
3145 4366 3212 4419 sit
3239 4366 3334 4420 tibi
3348 4381 3476 4434 pro-

288 4626 404 4698 (20)
435 4624 693 4678 Οὶκεῖον.
719 4622 1034 4698 Vat._codex
1051 4665 1067 4689 ,
1096 4627 1293 4698 οἰκεῖον
1318 4625 1792 4698 περιτεμνόμενος.

1905 4625 2156 4696 deinceps
2182 4624 2426 4679 illicitam
2455 4622 2682 4678 fratrum
2703 4638 2826 4678 cum
2865 4623 3149 4680 sororibus
3174 4622 3297 4698 (qui
3330 4625 3476 4682 velut

224 4694 358 4751 llaz.
386 4694 591 4749 οἰκεῖον
633 4694 1126 4767 περιστελλόμενος.
1172 4694 1416 4751 Vaticani
1445 4694 1796 4767 τόπεριτεμ-

223 4770 446 4838 νόμενος
480 4769 640 4836 longe
669 4768 848 4836 aptius
867 4775 971 4820 est.
1000 4769 1269 4821 Cancrum
1301 4776 1529 4837 uterque
1562 4776 1709 4821 errat
1741 4769 1794 4820 in

224 4853 354 4893 voce
383 4840 600 4891 οἰκεῖον·
636 4838 814 4906 agitur
841 4839 985 4890 enim
1014 4839 1079 4893 de
1107 4838 1546 4899 circumcisione,
1564 4849 1619 4891 et
1645 4839 1796 4891 desi-

224 4919 423 4976 gnatur
466 4907 771 4961 membrum
814 4907 868 4960 in
914 4923 1021 4976 quo
1052 4924 1116 4963 ea
1147 4909 1260 4962 fieri
1292 4918 1648 4964 consueverat
1681 4928 1693 4963 :
1727 4908 1792 4962 ad

223 4982 367 5048 quod
418 4980 583 5033 nimis
629 4977 878 5047 generica
916 4987 999 5032 est
1039 4995 1140 5032 vox
1182 4980 1401 5042 οἰκεῖον,
1429 4995 1548 5048 quae
1577 4981 1792 5042 manui,

221 5052 341 5176 gitti
381 5060 434 5104 et
487 5050 744 5103 omnibus
795 5048 918 5101 aliis
943 5051 1188 5117 partibus
1227 5051 1473 5120 corporis
1517 5051 1793 5104 convenit.

290 5121 520 5176 riDserit
546 5135 676 5176 ergo
699 5118 1006 5173 Methodius
1026 5121 1200 5176 όγείον
1226 5139 1238 5174 :
1273 5131 1461 5175 notum
1489 5121 1634 5175 enim
1661 5121 1791 5176 uuid

290 5121 520 5191 ripserit
546 5135 676 5189 ergo
699 5118 1006 5173 Methodius
1026 5121 1200 5191 ὀχεῖον
1226 5139 1238 5174 :
1273 5118 1461 5175 notum
1489 5121 1634 5175 enim
1661 5121 1791 5190 quid

220 5195 286 5249 sit
302 5190 519 5263 Grecis
549 5190 776 5263 ὀχεύειν,
804 5197 859 5245 et
887 5191 1011 5244 inde
1037 5190 1215 5263 ducta
1233 5192 1383 5263 ὀχεία
1415 5199 1468 5247 et
1491 5192 1683 5263 ὀχεῖος.
1708 5191 1796 5243 Di-

220 5263 424 5318 narcho
464 5262 634 5324 ἵππος
673 5262 846 5331 ὀχεῖος
874 5276 1048 5330 equus
1078 5261 1435 5317 admissarius
1457 5301 1471 5326 ,
1503 5261 1556 5316 et
1585 5261 1801 5317 Aristo-

218 5338 304 5388 teti
359 5350 415 5404 vt
455 5332 670 5386 Hister.
700 5333 878 5404 Anim.
911 5334 1149 5402 generali
1172 5334 1444 5404 vocabulo
1472 5334 1625 5404 ὀχεῖα
1645 5374 1660 5396 ,
1685 5350 1800 5386 ma-

219 5420 316 5475 res.
346 5403 439 5458 Sic
469 5405 631 5475 enim_
657 5403 768 5475 illic
793 5403 956 5475 habet
995 5417 1113 5473 cap.
1158 5403 1226 5456 18
1265 5423 1276 5457 :
1310 5405 1392 5458 Τὰ
1424 5405 1576 5475 ὀχεῖα
1603 5405 1666 5457 ὲκ
1690 5404 1798 5456 τῶν

218 5474 441 5544 θηλειῶν
456 5474 558 5526 οὐκ
571 5473 870 5544 ἐξαίρουσι.
892 5471 1076 5545 Mores
1092 5490 1122 5526 a
1141 5475 1350 5544 feminis
1374 5471 1488 5529 non
1502 5485 1796 5545 segregant.

220 5545 310 5599 lio.
361 5546 566 5601 Luem.
602 5574 673 5583 —
719 5545 787 5597 Τὸ
816 5544 1035 5596 οἰκεῖον
1063 5544 1573 5614 περιτεμνόμενος.
1610 5545 1797 5598 Editor

220 5614 411 5685 Lupar.
443 5632 584 5687 pene
608 5615 810 5687 plagio,
836 5621 1024 5666 contra
1051 5616 1294 5687 omnium
1319 5618 1568 5670 codicum
1611 5614 1792 5678 fidem,

217 5688 383 5755 ὀχεῐον
405 5685 617 5747 mutat,
655 5685 842 5755 aitque
859 5699 1044 5738 errare
1065 5686 1303 5748 codices,
1340 5687 1455 5755 ipse
1482 5687 1655 5755 magis
1703 5701 1795 5739 er-

223 5753 360 5825 rans.
399 5757 550 5812 Satis
581 5758 686 5808 fuit
728 5753 1024 5816 Methodio,
1054 5763 1113 5809 ut
1145 5753 1376 5825 βινοίη-ἰδὲ
1403 5753 1593 5810 carnis
1621 5771 1793 5809 mein-

219 5823 294 5880 bri
325 5829 698 5898 amputatione
727 5826 969 5887 diceret,
1001 5823 1359 5895 significatum
1396 5827 1450 5881 in
1481 5826 1792 5881 Abrallatno

529 5924 807 5982 Parnm”
853 5919 974 5982 Gn.
1024 5919 1248 5980 XVlll.

1900 4713 2069 4750 unum
2113 4713 2312 4764 corpus
2369 4707 2719 4758 censeantur,
2774 4711 2881 4748 uno
2931 4709 2998 4749 ex
3053 4696 3260 4750 semine
3311 4706 3473 4766 atque

1901 4767 2076 4830 utero)
2105 4771 2352 4836 copulam
2387 4786 2398 4820 :
2436 4767 2673 4836 necl'uit
2704 4781 2949 4829 necesse,
2987 4780 3044 4818 re
3077 4767 3292 4821 cumctis
3320 4777 3472 4836 nota,

1901 4835 2202 4892 membrum
2235 4841 2412 4906 ipsum
2462 4835 2617 4890 virile
2640 4836 2964 4905 exprimere,
2999 4836 3230 4905 quadam
3262 4839 3475 4907 piarum

1897 4909 2112 4964 aurium
2165 4908 2496 4973 offensione;
2526 4907 2616 4960 illa
2649 4906 2946 4976 praesertim
2977 4922 3128 4977 voce
3149 4947 3162 4970 ,
3197 4906 3305 4977 qua
3336 4925 3474 4962 nus-

1899 4993 2060 5050 quam
2095 4994 2193 5032 usa
2225 4979 2507 5043 Scriptura
2538 4988 2630 5031 aut
2685 4977 2899 5050 Patres,
2931 4976 3162 5050 ubi_illis
3186 4976 3366 5050 sermo
3388 4986 3474 5033 est

1899 5046 1966 5104 de
1993 5050 2445 5114 circumciSione;
2478 5065 2598 5118 qua:
2631 5065 2729 5102 nec
2761 5047 2901 5117 apud
2930 5046 3188 5115 profanos
3219 5049 3475 5117 pudenda

1903 5123 2022 5190 ipsa
2051 5126 2429 5189 veretrumquc
2450 5119 2736 5187 signiticet,
2765 5121 2856 5173 sed
2883 5119 3054 5186 ipsam
3085 5121 3242 5187 quasi
3271 5118 3479 5174 admis-

1903 5206 2111 5247 s‘tonem
2170 5190 2445 5260 marisque
2498 5190 2788 5260 insilientis
2831 5190 3317 5260 congressionem;
3375 5204 3475 5245 seu

1901 5276 2079 5315 mares
2114 5261 2261 5331 ipsos
2292 5257 2372 5314 sic
2401 5260 2735 5331 congressui
2760 5259 3086 5331 destinatos.
3119 5257 3227 5331 Sua
3246 5274 3347 5314 suo
3374 5275 3476 5314 no-

1900 5332 2047 5385 mine
2064 5329 2248 5394 edant,
2277 5331 2423 5392 licet,
2457 5333 2635 5400 magni
2665 5329 2738 5383 illi
2762 5330 3071 5395 aristarchi,
3105 5330 3149 5384 si
3181 5331 3236 5384 in
3267 5332 3475 5383 mundo

1900 5403 2279 5457 auctoritatem
2317 5401 2636 5467 inveniunt;
2680 5416 2788 5454 non
2824 5416 2887 5454 ea
2917 5400 3134 5456 levitate
3155 5417 3219 5454 ex
3255 5417 3359 5458 suo
3391 5402 3475 5455 in.

1900 5474 2060 5541 genio
2090 5480 2326 5527 veterum
2375 5479 2730 5542 monumenta
2767 5479 3130 5540 componant,
3162 5473 3352 5542 eisque
3377 5474 3478 5525 oh-

1899 5545 2144 5598 trudant.
2198 5542 2380 5613 Longe
2421 5541 2635 5596 diversa
2694 5541 2813 5613 γει.
2867 5542 3028 5596 lectio
3058 5558 3088 5595 a
3119 5541 3376 5611 reliquis,
3413 5541 3477 5595 τὸ

1904 5613 2100 5685 μηκέτι
2131 5615 2210 5678 είς
2233 5612 2334 5685 τὴν
2352 5616 2416 5666 ὲκ
2437 5613 2530 5665 τοῦ
2555 5612 2720 5685 αὐτοῦ
2754 5613 2984 5685 αἵματος
3012 5613 3189 5682 σάρκα
3209 5613 3472 5685 »δημιουρε

1901 5680 2161 5756 ﬁliaiam
2189 5680 2598 5756 νιταιόοσπορεῖν⁸
2631 5684 2726 5756 sed
2748 5680 3131 5756 idem‘sensus,
3164 5683 3232 5736 τὰ
3271 5680 3334 5737 ἔκ
3377 5680 3476 5740 τοῦ

1901 5752 2063 5809 αὗτοῦ
2093 5759 2317 5827 αἵματος
2349 5752 2833 5828 δημιουργηθέντα.
2874 5752 3164 5808 Constans.

3115 5917 3152 5978 2
