4052 6338
557 349 662 403 ἰδ
1549 348 1604 405 S.
1649 347 1977 406 METHODII
2018 347 2327 407 EPISCOPI
2367 351 2455 407 ET
2495 352 2850 412 MARTYRIS
3763 362 3838 416 ιιι

589 467 769 536 prius,
823 474 871 521 et
912 462 1209 535 jucundare
1237 479 1355 517 cum
1386 479 1579 531 uxore,
1611 482 1725 537 qua
1757 466 1850 519 tibi
1877 465 2099 520 adltazsit
2129 483 2145 519 ι

2266 469 2383 521 ἰδία
2406 468 2538 541 (91),
2594 470 2694 524 καί
2732 471 3178 541 συνευφραίνου
3218 473 3368 542 μετὰ
3407 475 3690 545 γυναικὸς
3720 474 3836 546 τῆς

587 557 856 621 iuventute
880 566 973 608 tua
1004 556 1078 621 “;
1112 555 1395 624 repudiata
1425 555 1631 609 scilicet
1659 554 1895 624 plurium
1927 570 2158 609 uxorum

589 649 829 703 licentia.
861 644 1124 701 Jercmias
1140 661 1270 700 vero
1285 687 1299 712 ,
1332 645 1511 716 Equos
1534 654 1798 700 amatores
1815 657 1861 700 et
1884 647 2158 700 emissores

587 760 684 801 eos
716 742 1002 799 manifeste
1032 743 1273 803 vocat".
1301 743 1393 813 qui
1426 757 1485 797 se
1512 742 1569 796 in
1603 741 1941 796 diversarum
1968 742 2160 797 mulie-

588 852 708 891 rum
744 849 957 890 amores
1003 833 1288 890 effundunt
1318 853 1331 888 :
1374 833 1669 904 Multigena
1702 834 1846 888 enim
1877 834 2158 902 impiorum

589 926 874 982 multitudo
919 942 1021 979 non
1050 926 1149 979 erit
1180 925 1347 988 utilis,
1381 934 1431 979 et
1460 925 1775 979 adulterina:
1804 923 2155 995 plantationes

587 1036 688 1074 non
717 1017 916 1071 dabunt
943 1015 1144 1071 radices
1173 1004 1311 1072 altas
1332 1016 1402 1049 ¹³⁶

658 1108 765 1166 Sed
790 1126 857 1166 ne
877 1110 1074 1180 prolixi
1101 1110 1275 1165 simus
1305 1106 1627 1179 colligendis
1651 1106 1982 1178 propheticis
2010 1106 2156 1161 voci-

584 1203 690 1260 bus
714 1244 730 1269 ,
785 1219 883 1275 age
908 1244 923 1269 ,
963 1213 1275 1260 astruamus
1306 1217 1524 1257 rursum
1552 1201 1826 1272 quomodo
1850 1199 2156 1254 voluntaria

586 1297 813 1354 castitas
835 1297 1078 1368 legitimo
1098 1296 1264 1351 etiam
1288 1295 1411 1350 usui
1434 1292 1727 1365 singularis
1742 1306 1865 1347 cum
1886 1305 1997 1346 una
2021 1306 2153 1345 con-

578 1390 717 1464 jugii
738 1392 1095 1449 successerit:
1122 1391 1390 1461 tantisper
1408 1390 1619 1446 scilicet
1677 1378 2010 1443 subtrahens
2033 1401 2156 1441 car-

584 1487 672 1540 nis
698 1483 956 1539 libidines
975 1525 989 1549 ,
1027 1483 1154 1538 dum
1179 1482 1419 1554 perfecte
1442 1481 1737 1553 proclivem
1763 1494 1827 1535 ex
1855 1484 2153 1534 consuetu-

584 1579 711 1633 dine
742 1578 796 1632 in
829 1576 1081 1647 c0pulam
1113 1576 1374 1646 impetum
1403 1588 1467 1628 ac
1496 1587 1634 1644 pene
1666 1570 1921 1627 eﬂ‘renem
1945 1585 2157 1641 repres-

583 1664 736 1720 serit.
792 1664 984 1719 Statim
1040 1678 1175 1720 sane
1205 1663 1491 1719 manifeste
1539 1661 1838 1725 inducitur,
1869 1663 1962 1731 qui
2013 1662 2153 1717 hanc

582 1754 839 1825 deinceps
885 1753 1303 1824 occupationem
1353 1769 1383 1808 a
1426 1769 1487 1810 se
1519 1753 1827 1817 amoliatur,
1860 1754 1990 1808 dum
2029 1754 2147 1809 ait:

2258 561 2327 614 ἐκ
2357 562 2635 630 νεότητός
2664 579 2779 617 σου
2801 581 2815 594 ο
2844 563 3085 635 δηλονότι
3109 566 3542 636 παραιτούμενος
3576 566 3675 631 τὰς
3702 566 3838 622 πολ-

2257 649 2372 714 λάς.
2415 652 2474 704 '0
2497 650 2552 704 δὲ
2590 652 2876 725 Ἱερεμίας,
2912 653 3156 719 Ἵππους
3196 655 3549 722 θηλυμανεῑς
3592 657 3839 727 ἀναφαν-

2257 738 2344 793 δὸν
2369 741 2495 803 τοὺς
2550 742 2630 805 εἰς
2680 741 2968 815 διαφόρους
3013 742 3336 814 μαργῶντας
3364 747 3625 813 γυναῖκας
3652 746 3831 801 καλεῖ.

2256 833 2604 902 Πολύγονον
2669 833 2777 906 (22)
2817 834 2954 908 γὰρ,
2979 836 3163 906 φησὶν,
3209 834 3443 890 ἀσεϐῶν
3485 837 3718 907 πλῆθος
3755 842 3834 895 οὖ

2256 926 2664 994 χρησιμεύσει,
2682 927 2778 982 καὶ
2798 927 2867 982 ἐκ
2895 930 3085 983 νόθων
3108 928 3542 999 μοσχευμάτων
3557 932 3631 984 οὐ
3650 929 3835 986 δώσει

2247 1014 2420 1082 ῥίζαν
2445 1018 2532 1082 εὶς
2549 1015 2761 1084 βάθος.

2338 1105 2498 1159 Ἀλλὰ
2561 1106 2669 1179 γὰρ
2718 1109 2803 1162 ἴνα
2851 1107 2926 1180 μὴ
2973 1108 3406 1181 μακρηγορῶμεν
3441 1110 3532 1164 ἐπὶ
3564 1109 3698 1165 πολὺ
3727 1108 3833 1175 τὰς

2257 1198 2596 1269 προφητικὰς
2645 1200 3027 1271 ἀναλεγόμενοι
3068 1201 3269 1271 φωνὰς,
3305 1202 3436 1274 φέρε
3463 1202 3526 1276 δὴ
3549 1205 3833 1275 συστήσω-

2258 1304 2355 1358 μεν
2403 1288 2585 1353 πάλιν,
2635 1292 2784 1355 ὅπως
2831 1291 3128 1362 διαδέχεται
3182 1292 3281 1365 τὴν
3338 1292 3430 1347 ἐπὶ
3468 1296 3563 1366 μιᾷ
3606 1293 3830 1364 γυναικὶ

2256 1369 2591 1453 συναλλαγήῦ
2621 1383 2653 1452 ἡ
2687 1385 3028 1457 σωφροσύνη,
3062 1385 3250 1455 μέχρις
3285 1384 3351 1440 ἂν
3381 1384 3580 1457 ὲκλύσῃ
3605 1383 3830 1448 τελείως

2254 1471 2351 1544 τὴν
2379 1475 2444 1527 ἐκ
2466 1472 2561 1527 τοῦ
2586 1472 2738 1538 ἔθους
2758 1477 2852 1529 ἐπὶ
2877 1474 2976 1546 τὴν
3014 1478 3296 1530 συνουσίαν
3321 1476 3658 1549 καταφορὰν,
3687 1477 3829 1549 πρὸς

2253 1564 2431 1634 ὀλίγον
2499 1567 2873 1640 ἀφαιρουμένη
2924 1568 3023 1632 τὰς
3067 1568 3164 1640 τῆς
3216 1568 3416 1639 σαρκὸς
3472 1568 3827 1640 ἡδυπαθείας.

2253 1655 2460 1710 Αὐτίκα
2482 1656 2611 1726 γοῦν
2638 1656 2912 1726 είσόιγεταί
2934 1675 3020 1722 τις
3033 1658 3288 1729 ἐμφανῶς
3321 1658 3419 1730 ἡδη
3451 1657 3634 1713 λοιπὸν
3670 1675 3789 1729 παρ
3808 1686 3825 1699 -

2253 1748 2568 1819 αιτούμενος
2611 1750 2818 1803 τουτονὶ
2851 1750 2939 1803 τὸν
2981 1750 3381 1822 περισπασμὸν,
3409 1751 3603 1818 Κύριε,
3626 1749 3822 1819 λέγων,

581 1845 825 1911 Domine,
841 1844 1003 1900 Pater
1022 1855 1072 1899 et
1092 1845 1396 1900 dominator
1411 1846 1532 1900 vita?
1555 1861 1702 1911 meaz,
1728 1862 1792 1900 ne
1819 1844 2145 1916 derelinquat

2252 1840 2443 1910 Πάτερ
2491 1842 2589 1911 καί
2629 1841 2899 1897 δέσποτα
2932 1840 3043 1911 τῆς
3075 1840 3219 1910 ζωῆς
3238 1859 3376 1911 μου,
3397 1840 3483 1912 μὴ
3512 1843 3826 1913 ἐγκαταλί-

581 1952 662 1989 me
695 1937 747 1991 in
777 1936 996 1990 consilio
1034 1953 1237 1991 eorum.
1271 1934 1651 1990 Extollentiam
1675 1935 1946 1990 oculorum
1972 1953 2153 1991 amore

581 2044 613 2080 a
646 2044 744 2081 me.
777 2026 965 2083 Cordis
992 2028 1412 2098 concupiscentia
1439 2037 1487 2082 et
1508 2027 1811 2083 concubitus
1840 2045 1944 2083 non
1973 2044 2152 2098 appre-

579 2116 807 2175 hendant
836 2137 916 2175 me
940 2120 1008 2176 “.
1039 2118 1098 2173 In
1127 2120 1268 2176 libro
1294 2128 1474 2174 autem
1498 2119 1809 2191 Sapientiae,
1842 2135 1948 2191 quo
1972 2120 2150 2177 omnis

564 2197 797 2265 virtutis
846 2211 1138 2265 traduntur
1184 2210 1543 2274 documenta,
1594 2213 1771 2282 palam
1798 2213 1910 2282 jam
1939 2223 1993 2268 et
2031 2212 2150 2269 sine

579 2299 1115 2371 ambageauditores
1143 2301 1209 2356 ad
1237 2300 1634 2358 continentiam
1658 2310 1710 2357 et
1732 2304 2039 2358 castitatem
2068 2310 2151 2357 at-

579 2392 801 2447 trahcns
831 2392 1066 2465 Spiritus
1098 2402 1344 2458 sanctus,
1378 2397 1509 2450 talia
1547 2394 1863 2451 modulatur
1903 2414 1916 2450 :
1958 2394 2153 2450 Melior

576 2492 655 2538 est
693 2484 978 2540 liberorum
1026 2486 1226 2542 orbitas
1258 2504 1377 2541 cum
1414 2488 1637 2553 uirtute,
1686 2488 2022 2553 inclamans;
2050 2488 2154 2541 im-

577 2576 878 2630 mortalitas
927 2578 1065 2632 enim
1097 2588 1175 2633 est
1219 2579 1274 2632 in
1312 2581 1565 2634 memoria
1615 2579 1789 2645 illius,
1823 2581 2070 2651 quoniam
2104 2588 2156 2635 et

576 2669 718 2736 apud
747 2667 913 2724 Deum
943 2682 1070 2725 nota
1101 2680 1199 2735 est,
1232 2680 1282 2725 et
1311 2670 1450 2740 apud
1471 2671 1726 2727 homines.
1750 2674 1883 2727 Cum
1916 2688 2146 2743 prwsens

572 2769 674 2825 est,
704 2761 880 2816 colunt
910 2761 1082 2826 illam,
1115 2771 1166 2818 et
1196 2762 1499 2818 desiderant
1532 2781 1646 2818 eam
1672 2780 1792 2818 cum
1830 2779 1887 2820 se
1910 2763 2145 2819 abduxe-

572 2849 688 2919 rit:
727 2860 777 2906 et
822 2853 878 2907 in
921 2860 1223 2922 perpetuum
1260 2861 1516 2908 coronata
1563 2853 1882 2925 triumphat,
1948 2854 2147 2909 incoin-

577 2943 908 3013 quinatorum
936 2945 1281 2999 certaminum
1304 2962 1467 3017 agone
1498 2954 1744 3016 superato
1778 2947 1843 3000 ".

2253 1946 2373 2004 πῃς
2398 1951 2475 2005 με
2497 1934 2568 1988 ἐν
2590 1920 2795 2003 ,Βουλῇ
2823 1932 3038 1988 αὐτῶν.
3067 1934 3478 2005 Μετεωρισμὸν
3501 1936 3826 2007 ὀφθαλμῶν

2251 2024 2436 2094 ἄφελε
2463 2026 2565 2080 ἀπ’
2595 2025 2772 2096 ἐμοῦ·
2814 2025 3061 2094 καρδίας
3084 2025 3194 2097 (25)
3224 2025 3412 2095 ὄρεξις
3446 2011 3544 2080 καί
3592 2042 3819 2084 συνου-

2251 2117 2510 2187 σιασμός
2535 2121 2621 2187 μὴ
2653 2118 3148 2172 καταλαϐἐτωσάν
3188 2134 3281 2187 με.
3312 2119 3422 2172 Καὶ
3443 2120 3501 2173 ἐν
3532 2121 3597 2191 τῇ
3647 2135 3821 2174 πανα-

2254 2210 2393 2282 ρέτῳ
2412 2209 2468 2263 δὲ
2487 2210 2677 2280 Σοφίᾳ,
2698 2226 2766 2279 γυ
2774 2210 2921 2282 μνῶς
2948 2210 3048 2282 ἤδη
3060 2211 3185 2274 τοὺς
3214 2211 3487 2283 ἀκροατὰς
3510 2213 3587 2277 είς
3609 2213 3820 2286 ἐγκρά-

2244 2320 2394 2358 τειαν
2446 2301 2803 2373 ἐφελκόμενον
2844 2302 2939 2356 καὶ
2988 2303 3337 2377 σωφροσύνην
3399 2304 3460 2358 τὸ
3496 2305 3718 2377 Πνεῦμα
3755 2306 3821 2362 τὸ

2248 2396 2422 2466 ἅγιον,
2483 2394 2707 2450 τοιαῦτα
2761 2395 3022 2467 μελῳδεῖ·
3078 2396 3376 2466 Κρεῒσσον
3419 2396 3530 2469 (24)
3575 2399 3820 2453 ἀτεχνία

2247 2488 2370 2560 μετ’
2416 2485 2650 2558 ἀρετῆς,
2688 2487 2990 2559 κεκραγόςο
3033 2488 3333 2543 ἀθανασία
3381 2487 3489 2559 γάρ
3533 2490 3703 2543 ἐστιν
3745 2490 3820 2544 ἐν

2246 2577 2452 2647 μνήμῃ
2478 2575 2689 2644 αὐτῆς,
2725 2575 2815 2630 ὅτι
2857 2578 2955 2630 καὶ
2998 2576 3157 2644 παρὰ
3188 2576 3309 2643 Θεῷ
3333 2576 3684 2647 γινώσκεται
3713 2580 3814 2633 καὶ

2252 2666 2411 2735 παρὰ
2425 2666 2775 2735 ἀνθρώποις.
2792 2666 3118 2735 Παροῦσάν
3128 2685 3197 2722 τε
3215 2668 3467 2739 τιμῶσιν
3476 2671 3692 2741 αὐτὴν,
3714 2673 3817 2726 καὶ

2248 2754 2543 2810 ποθοῦσιν
2571 2754 2958 2811 ἀπελθοῦσαν
2974 2774 2989 2788 ο
3030 2757 3129 2811 καὶ
3168 2759 3239 2812 ἐν
3270 2758 3349 2825 τῷ
3392 2760 3559 2816 αἰῶνι
3596 2776 3820 2832 στεφα-

2247 2847 2598 2917 νηφοροῦσα
2634 2833 2961 2915 ’πομπεύει,
3017 2849 3127 2904 τὸν
3156 2848 3274 2905 τῶν
3299 2851 3598 2922 ἀμιάντων
3618 2850 3819 2910 mur

2247 2939 2449 3011 ἀγῶνα
2470 2939 2794 3007 νικήσασα.

576 3060 701 3119 Cn.
740 3060 827 3118 IV.
859 3059 1004 3117 Unus
1030 3061 1273 3118 Christus
1296 3064 1652 3135 uirginitatem
1679 3062 1912 3147 edocuit,
1952 3071 2131 3188 ppertle
2157 3059 2464 3204 praedilcsans
2491 3074 2712 3183 stagnum
2742 3061 3012 3117 caelorum.
3044 3060 3143 3119 Dei
3170 3064 3488 3132 similitudo,
3520 3065 3817 3123 divinarum

1796 3145 1950 3189 .mrtu
1978 3151 2065 3188 um
2118 3150 2210 3187 uce
2240 3148 2331 3202 per
2374 3146 2487 3186 cten
2531 3148 2583 3186 a.

1796 3145 2065 3189 uirtutum
2096 3145 2210 3188 luce
2240 3145 2583 3202 perficienda.

643 3250 718 3307 De
748 3251 986 3309 humano
1015 3254 1198 3326 itaque
1230 3271 1427 3327 genere
1474 3255 1680 3313 dictum
1730 3263 1836 3325 est,
1862 3255 2139 3329 quomodo

2308 3252 2444 3325 Περὶ
2492 3252 2590 3324 μὲν
2643 3248 2737 3307 οὖν
2788 3245 2993 3325 καιρῶν
3038 3252 3141 3325 τῆς
3189 3253 3625 3327 ἀνθρωπότητος,
3668 3257 3814 3323 ὅπως

575 3358 602 3397 a
629 3359 879 3400 sororum
900 3347 1171 3420 conjugiis
1194 3349 1262 3404 ad
1296 3349 1687 3405 continentiam
1718 3364 1913 3420 usque,
1942 3348 2145 3405 sensim

575 3454 668 3507 per
695 3448 912 3495 aetatum
934 3443 1135 3513 gradus
1157 3441 1484 3514 profecerit;
1510 3451 1760 3514 superest
1781 3452 1839 3498 ut
1865 3452 1920 3498 et
1939 3442 2007 3499 de
2034 3443 2146 3497 vir-

574 3532 798 3601 ginitate
830 3533 1099 3591 dicamus.
1128 3533 1240 3590 Hoc
1271 3535 1437 3607 igitur
1462 3547 1665 3607 quanta
1695 3534 1857 3592 fuerit
1887 3535 2142 3600 facultas,

575 3624 733 3679 nobis
763 3625 1151 3680 connitendum
1211 3627 1388 3698 Atque
1429 3629 1484 3683 id
1529 3629 1585 3683 in
1632 3627 1836 3696 primis
1867 3628 2145 3699 disquira-

573 3730 694 3770 mus
723 3730 947 3771 necesse
977 3724 1081 3779 est,
1112 3716 1239 3786 quid
1264 3717 1481 3774 tandem
1511 3735 1691 3775 causa:
1711 3720 1804 3785 sit,
1833 3736 1957 3775 cum
1987 3717 2144 3775 multi

572 3806 848 3878 propheta!
874 3814 927 3861 et
951 3805 1084 3875 justi
1111 3808 1278 3861 multa
1308 3822 1373 3862 ac
1407 3811 1667 3878 praeclara
1698 3818 1815 3864 tum
1834 3811 2140 3878 docuerint,

572 3905 684 3949 tum
722 3895 825 3965 ipsi
882 3895 1267 3965 praestiterint,
1325 3897 1510 3953 nullus
1562 3907 1742 3953 tamen
1776 3900 2141 3970 virginitatem

569 3995 665 4042 aut
688 3987 944 4043 laudibus
966 3986 1280 4053 celebrarit,
1309 3995 1404 4042 aut
1423 3991 1759 4061 propositum
1787 3990 1907 4062 ejus
1929 4006 2142 4047 assum-

569 4080 737 4152 pserit
761 4077 914 4136 ’ἰδοιί
954 4080 1212 4136 nimirum
1248 4081 1478 4136 Domino
1506 4082 1798 4153 disciplina
1850 4083 1967 4138 haec
2010 4099 2143 4139 san~

568 4172 762 4225 cienda
793 4171 1136 4234 servabatur,
1171 4170 1265 4242 qui
1306 4181 1362 4226 et
1400 4170 1551 4227 solus
1580 4172 1634 4226 in
1679 4170 1942 4226 mundum
1970 4170 2137 4227 adve-

570 4262 749 4326 niens,
780 4261 1030 4317 homines
1064 4262 1251 4318 docuit
1291 4262 1348 4318 in
1408 4261 1576 4318 Deum
1607 4264 1863 4319 transire.
1908 4263 2140 4320 Decebat

568 4354 712 4408 enim
742 4353 836 4425 qui
882 4353 1135 4425 princeps
1188 4354 1532 4411 sacerdotum
1583 4362 1729 4411 esset
1776 4355 2139 4427 princepsque

567 4449 956 4519 prophetarum
987 4454 1039 4501 et
1056 4448 1311 4519 princeps
1333 4447 1675 4520 angelorum,
1701 4447 1950 4503 eumdem
1974 4448 2137 4504 etiam

568 4539 840 4610 virginum
874 4542 1176 4612 principem
1201 4539 1412 4596 audire.
1437 4537 1754 4609 Antiquitus
1784 4546 1963 4595 autem
2007 4553 2138 4595 nec-

2249 3344 2527 3418 ἀρξαμένη
2559 3345 2667 3399 ἀπὸ
2696 3344 2796 3416 τῆς
2841 3344 3243 3418 ἀδελφομιξίας,
3289 3345 3522 3401 ὥδευσεν
3571 3347 3665 3401 ἐπὶ
3714 3350 3819 3421 τὴν

2247 3438 2592 3512 ἐγκράτειαν,
2624 3439 2869 3509 εἴρηταιο
2904 3437 3034 3508 ’περὶ⁸
3086 3437 3142 3491 δὲ
3185 3436 3482 3508 παρθενίας
3526 3438 3816 3495 λείπεται⁹

2247 3528 2371 3582 ὅσον
2401 3523 2492 3582 οὖν
2521 3527 2765 3592 δυνατὸν,
2813 3525 3099 3596 πειρατέον
3130 3525 3332 3599 φράσαι
3360 3525 3492 3597 (25).
3522 3527 3635 3580 Rat
3662 3526 3819 3599 πρῶ-

2245 3636 2336 3674 τον
2366 3618 2698 3684 ἐξεταστέον,
2729 3618 2794 3671 δι’
2819 3618 2887 3689 ἢν
2929 3616 3106 3671 αἰτίαν
3153 3598 3361 3671 erantin
3404 3618 3697 3691 προφητῶν
3714 3598 3822 3675 (καὶ

2244 3710 2470 3766 δικαίων
2487 3709 2657 3765 πολλὰ
2680 3710 2774 3764 καὶ
2790 3709 2929 3764 καλὰ
2943 3708 3268 3774 διδαξάντων
3293 3709 3387 3764 καὶ
3404 3710 3816 3783 ἐργασαμένων,
3920 3759 3933 3769 .

2245 3802 2545 3873 παρθενίαν
2590 3803 2765 3866 οὐδεὶς
2807 3802 2930 3854 οὔτε
2977 3801 3403 3871 ὲνεγκωμίασεν,
3450 3801 3575 3855 οὔτε
3621 3801 3816 3860 είλετο.

2244 3896 2406 3967 Μόνῳ
2432 3895 2537 3967 γὰρ
2558 3895 2666 3966 ἄρα
2690 3894 3021 3964 ἐφυλάσσετο
3053 3894 3210 3948 τοῦτο
3251 3894 3586 3966 πρεσϐεῦσαι
3621 3896 3682 3950 τὸ

2245 3988 2395 4060 θημα
2436 3986 2514 4059 τῷ
2545 3987 2775 4059 Κυρίῳ,⁰
2791 3987 2913 4041 ἐπεὶ
2957 3989 3051 4041 καὶ
3087 3988 3245 4059 μόνος
3286 3988 3570 4061 παρελθὼν
3607 3989 3820 4061 ἄνθρω-

2243 4094 2342 4131 πον
2370 4077 2571 4143 ἐδίδαξε
2609 4081 2805 4149 χωρεῖν
2834 4080 2913 4142 ei;
2947 4077 3353 4150 Θεόν.Ἕπρεπε
3376 4077 3483 4151 γὰρ
3514 4079 3591 4151 τῷ
3629 4082 3822 4153 ἀρχιε-

2242 4172 2329 4243 ρεῖ
2354 4171 2447 4223 καὶ
2473 4171 2858 4242 ἀρχιπροφήτῃ
2889 4170 2982 4224 καὶ
3025 4170 3370 4243 ἀρχαγγέλῳ,
3396 4170 3570 4243 τούτῳ
3602 4173 3693 4225 καὶ⁸
3725 4174 3823 4246 ἀρ-

2240 4262 2553 4335 χιπαρθένῳ
2598 4262 3124 4335 προσαγορευθῆναι.
3149 4263 3222 4317 Τὸ
3269 4264 3325 4317 δὲ
3354 4264 3580 4319 παλαιὸν
3605 4265 3821 4320 οὐδέπω

2239 4354 2442 4418 τέλειος
2474 4354 2759 4427 ἄνθρωπος
2788 4350 2856 4426 ἦν
2881 4371 2896 4385 ο
2918 4354 3022 4415 ,καὶ
3049 4354 3139 4408 διὰ
3163 4352 3320 4408 τοῦτο
3346 4355 3406 4407 τὸ
3434 4354 3639 4409 τέλειον
3673 4353 3822 4408 οὐδέ-

2240 4462 2326 4500 πω
2371 4447 2617 4519 χωρῆσαι
2637 4446 2735 4519 τὴν
2770 4446 3066 4519 παρθενίαν
3095 4447 3427 4518 ῐσχυεν.’Έτι
3451 4447 3559 4519 γὰρ
3591 4444 3815 4521 ἔχρῃζε,

2239 4540 2357 4592 κατ’
2389 4539 2572 4594 εἰκόνα
2596 4539 2729 4594 Θεοῦ
2751 4539 3013 4610 γεγονὼς,
3041 4540 3136 4595 καὶ
3165 4540 3226 4594 τὸ
3248 4540 3369 4595 καθ’
3392 4541 3651 4611 ὁμοίωσιν
3682 4541 3820 4593 ἀπο-

567 4629 696 4685 dum
746 4631 909 4688 homo
962 4631 1237 4702 perfectus
1265 4636 1398 4687 ‘erat
1445 4649 1459 4684 :
1501 4644 1566 4685 ac
1606 4628 1727 4684 ideo
1767 4630 2134 4700 virginitatem

2248 4631 2426 4687 λαϐεῖν
2451 4649 2464 4661 ο
2500 4632 2637 4704 ὅπερ
2659 4632 3102 4706 τελεσιουργῆσαι
3142 4632 3555 4704 καταπεμφθεὶς
3586 4633 3615 4686 ὁ
3642 4632 3819 4706 Λόῃος

568 4724 706 4791 (rem
751 4723 939 4795 utique
984 4720 1322 4793 perfectam)
1366 4736 1559 4790 capere
1606 4721 1839 4776 necdum
1898 4728 2132 4791 poterat.

568 4812 761 4869 Adhuc
790 4816 935 4868 enim
965 4814 1057 4884 qui
1104 4814 1172 4868 ad
1211 4813 1306 4868 Dei
1352 4812 1642 4882 imaginem
1683 4812 1951 4866 formatus
1994 4819 2134 4877 erat,

569 4903 623 4960 id
649 4919 868 4977 quoque
905 4905 1053 4976 quod
1104 4914 1189 4962 est
1217 4907 1283 4962 ad
1319 4905 1728 4962 similitudinem
1760 4905 2004 4975 recipere
2041 4904 2138 4960 de-

566 4998 748 5056 bebat.
800 4999 953 5067 Quod
1010 5006 1067 5053 ut
1118 4999 1420 5069 perﬁceret,
1471 4997 1707 5054 Verbum
1759 4998 1814 5052 in
1871 4995 2134 5052 mundum

567 5090 819 5157 missum,
850 5100 1095 5147 nostram
1125 5091 1278 5161 prius
1310 5087 1540 5144 formam
1563 5087 1750 5144 multis
1779 5096 2131 5159 peccatorum

2242 4724 2322 4787 εἰς
2348 4722 2440 4776 τὸν
2472 4722 2694 4795 κόσμον,
2724 4724 2824 4797 τὴν
2854 4724 3128 4797 ἡμετέραν
3164 4725 3375 4797 μορφὴν
3399 4724 3661 4797 πρότερον
3692 4724 3822 4778 ἀνέ-

2240 4815 2392 4881 λαϐε,
2417 4815 2631 4881 πολλοῖς
2660 4818 3018 4889 ἁμαρτήμασι
3048 4816 3497 4888 κατεστιγμένην,
3523 4816 3612 4871 ἵνα
3634 4815 3698 4887 δὴ
3714 4815 3820 4887 τὴν

2245 4907 2396 4962 θείαν
2429 4910 2607 4979 ἡμεῖς,
2644 4909 2711 4962 δι’
2743 4909 2837 4974 οὒς
2883 4909 3043 4974 αὐτὸς
3086 4908 3334 4979 ὲφόρεσε,
3360 4907 3520 4963 πάλιν
3565 4909 3820 4981 χωρῆσαι

2241 5001 2575 5074 δυνηθῶμεν.
2639 5002 2775 5056 Καθ’
2804 5002 3064 5073 ὁμοίωσιν
3115 4999 3223 5072 γὰρ
3278 4999 3645 5073 ἀκριϐωθῆναι
3690 5000 3817 5055 τότε

2244 5091 2474 5163 πάρεστι
2506 5091 2663 5157 Θεοῦ,
2697 5093 2860 5146 ὁπότε
2885 5092 2950 5164 δὴ
2978 5093 3102 5156 τοὺς
3133 5089 3298 5145 αὑτοῦ
3332 5092 3683 5163 χαρακτῆρας
3713 5092 3820 5163 τῆς

582 5270 585 5271 ν
639 5230 680 5263 ιι
723 5228 882 5284 Prov.
913 5245 969 5292 ν,
1005 5227 1092 5292 15,
1131 5227 1216 5283 18.
1289 5228 1332 5259 ¹⁹
1366 5224 1497 5296 Cap.
1536 5242 1588 5293 v,
1623 5242 1735 5281 vers
1763 5225 1817 5281 8.
1901 5225 1945 5257 ¹³
1968 5224 2097 5282 Saa.
2125 5241 2145 5280 l‘

2248 5225 2280 5280 ἱ.
2360 5228 2403 5260 ⁸⁸
2431 5227 2598 5284 Eccli.
2634 5246 2788 5295 χχιιι,
2824 5230 2874 5293 1,
2905 5230 2959 5297 5,
2983 5229 3036 5285 6.
3118 5229 3160 5261 ⁸⁵
3185 5226 3314 5298 Sap.
3345 5246 3422 5295 IV,
3458 5231 3508 5297 1,
3541 5229 3595 5285 2.

640 5368 751 5438 (21)
793 5366 956 5422 Ἰδίιι.
988 5364 1107 5421 Non
1133 5366 1269 5422 bene
1297 5365 1601 5438 Possinius,
1628 5365 1741 5438 sive
1768 5364 1860 5436 qui
1881 5365 1931 5419 ei
1968 5365 2143 5438 impo-

569 5436 710 5502 suit,
730 5436 1029 5509 imperitus
1063 5438 1243 5494 scriba
1264 5478 1278 5501 ,
1309 5439 1479 5509 ἡδεῖα,
1501 5436 1838 5509 dulcis;_qua
1863 5450 1994 5491 voce
2022 5436 2137 5509 haec

567 5507 867 5568 auctoritas
896 5508 1032 5563 nihil
1061 5509 1127 5562 ad
1152 5507 1417 5565 intentum
1470 5507 1726 5564 Methodii
1777 5508 2010 5571 faceret,
2068 5507 2138 5562 de

569 5579 950 5652 smgularitate
976 5579 1217 5652 conjugii
1237 5619 1253 5644 ,
1306 5594 1414 5652 non
1445 5579 1513 5652 de
1541 5578 1705 5652 illius
1717 5593 1816 5652 seu
1862 5577 1937 5630 rei
1969 5578 2138 5631 mari-

569 5647 693 5709 talis
742 5650 1048 5705 dulcedine.
1080 5647 1257 5705 Adde
1284 5651 1419 5704 nihil
1460 5647 1728 5718 ejusmodi
1766 5662 1983 5704 sacrum
2019 5655 2137 5702 tex-

571 5735 683 5780 tum
713 5723 791 5776 sic
823 5722 1067 5791 pervium
1100 5721 1320 5791 habere.
1357 5720 1646 5777 Constans.

554 5837 597 5851 ..
637 5792 750 5850 (22)
805 5786 1180 5853 Πολύγονον.
1223 5789 1358 5848 Vide
1415 5791 1779 5853 Augustinum
1829 5786 1905 5842 De
1960 5787 2130 5843 doctr.

2248 5365 2472 5429 Christ.,
2506 5368 2598 5424 lib.
2635 5385 2695 5433 ιι,
2721 5382 2842 5435 cap.
2876 5367 2963 5431 12,
2998 5382 3052 5420 n.
3080 5366 3163 5419 18.
3200 5365 3276 5423 In.

2309 5438 2421 5513 (25)
2462 5439 2744 5509 Καρδίας.
2784 5434 2946 5505 Sixt.,
2972 5437 3200 5502 κοιλίας,
3220 5439 3433 5493 ventris.
3455 5435 3545 5492 Sic
3563 5445 3617 5493 et
3645 5434 3813 5509 Vulg.

2234 5508 2420 5649 10124)
2475 5580 2805 5653 Κρςῗσοόν.Δ
2826 5577 3010 5653 Paulo
3031 5581 3189 5636 aliter
3222 5579 3407 5653 Vulg.,
3438 5578 3540 5635 etsi
3584 5578 3815 5634 totidem

2235 5652 2419 5707 verbis
2450 5652 2626 5705 t‘cddil
2655 5650 2959 5705 Possinius.
2994 5651 3070 5711 lu.

2308 5722 2418 5794 (25)
2454 5720 2703 5789 Φράσαι.
2740 5720 2876 5778 Cod.
2912 5719 3062 5792 νειμ,
3092 5722 3275 5794 φάναι.
3310 5721 3384 5777 lo.
