4094 6342
317 397 387 452 ιδ
1403 403 1786 462 οοΝνινιυΜ
1823 407 1901 462 DE

1983 403 2054 463 Eli
2096 403 2458 463 VIRGINUM.
3465 361 3549 469 ἰϐ

311 519 454 572 κατὰ
501 519 782 592 ἄνθρωπον
829 523 1117 589 πολιτείας,
1155 525 1452 597 Cinyphng
1479 526 1630 598 δίκην
1656 527 1879 598 ἐπιστη-

1983 527 2208 581 maculis
2241 535 2621 596 compunctam
2648 529 2904 599 suscepit,
2935 537 2994 582 ιιι
3032 544 3132 586 nos
3180 531 3388 586 scilicet
3418 546 3548 603 pro-

315 613 510 684 μόνων,
531 614 587 665 ἐν
615 615 825 681 ἑαυτοῖς
849 615 1040 688 ὥσπερ
1059 619 1262 672 σανίσιν
1292 618 1728 688 ἐντυπωσάμενοι
1757 635 1879 670 κατ-

312 702 546 775 έχωμεν,
583 705 648 776 ἢν
684 707 844 770 αὐτὸς
903 710 1208 781 ἐφανέρωσε
1246 709 1636 780 μαθητεύοντες
1668 710 1872 780 τρίϐον.

313 795 498 868 Ταύτῃ
547 797 656 868 γὰρ
705 799 992 870 ᾑρετίσατο
1034 800 1132 870 τὴν
1178 800 1520 872 ἀνθρωπίνην
1557 799 1873 854 ἐνδύσασθαι

312 887 493 965 σάρκα
524 889 655 952 Θεὸς
689 889 784 951 ὢν,
813 891 980 954 ὅπως,
1027 891 1211 963 ὥσπερ
1236 892 1293 946 ἐν
1328 893 1513 946 πίνακι
1548 892 1688 946 θεῖον
1717 892 1873 946 ἐκτύ-

310 995 482 1050 πωμα
517 979 633 1049 βίου
655 981 958 1051 βλέποντες,
983 983 1192 1053 ἔχωμεν
1219 984 1310 1036 καὶ
1339 985 1500 1055 ἡμεῖς
1524 983 1614 1036 τὸν
1644 983 1880 1054 γράψαν-

307 1086 376 1121 τα
412 1071 710 1140 μιμεῖσθαι.
745 1075 817 1127 Οὐ
844 1074 970 1146 γὰρ,
1003 1075 1162 1145 ἕτερα
1209 1072 1440 1146 φρονῶν,
1475 1072 1638 1144 ἕτερα
1665 1072 1836 1125 ἐποίει
1859 1088 1874 1102 ’

308 1162 429 1214 οὐδὲ
486 1162 611 1233 μὴν,
648 1165 808 1236 ’ἐτερα
861 1165 1092 1234 νομίζων
1126 1161 1264 1219 εἶναι
1308 1163 1374 1218 τὰ.
1412 1163 1572 1228 καλὰ,
1604 1163 1879 1217 ἐδίδασκεν

306 1253 501 1324 ἕτερα·
552 1255 667 1309 ἀλλ’
713 1259 855 1330 ἆπερ
899 1253 965 1330 ἦν
1021 1257 1232 1327 ἀληθῶς
1289 1257 1536 1329 ὠφέλιμα
1579 1257 1670 1310 καὶ
1715 1256 1874 1323 καλὰ,

306 1345 480 1398 ταῦτα
505 1348 598 1401 καὶ
630 1350 873 1403 ἐδίδασκε
905 1351 997 1404 καὶ
1030 1352 1220 1405 ἐποίει.

1982 629 2103 690 pter
2130 634 2268 690 quos
2294 621 2555 691 gestavit,
2583 621 2824 675 divinam
2873 639 3064 678 rursus
3094 639 3290 693 capere
3341 626 3550 680 valere-

1981 728 2124 767 mus.
2160 711 2239 766 Ad
2287 711 2379 767 Dei
2414 713 2558 768 enim
2617 713 3026 770 similitudinem
3073 724 3326 772 accurate
3371 717 3547 788 ellin'gi

1981 803 2034 858 id
2073 804 2288 860 demum
2320 812 2436 868 est,
2467 804 2586 874 ejus
2629 806 2973 863 characteres
3014 815 3069 862 et
3118 807 3444 862 lineamenta
3493 810 3546 864 iu

1979 896 2104 952 vita:
2149 895 2397 950 humana:
2429 899 2878 953 consuetudinem
2911 899 3174 954 imitando
3203 897 3543 955 transferre:

1981 987 2099 1056 pari
2138 995 2254 1042 arte
2281 1001 2388 1056 qua
2428 987 2587 1058 periti
2637 990 2897 1058 pictores,
2931 990 3128 1060 objecti
3159 990 3335 1045 oculis
3358 1008 3545 1046 exem-

1982 1080 2151 1150 plaris
2193 1079 2394 1134 ductus
2437 1090 2492 1134 et
2543 1081 2754 1137 colores
2789 1081 2843 1136 in
2875 1083 3081 1151 paratis
3126 1083 3326 1139 tabulis
3357 1084 3424 1138 ad
3464 1085 3546 1138 vi-

1981 1186 2106 1225 vum
2130 1171 2472 1240 exprimunt;
2509 1173 2651 1241 quod
2691 1189 3067 1244 assequemur,
3095 1172 3222 1227 dum
3269 1187 3544 1228 ostensam

1983 1264 2050 1318 ab
2078 1281 2143 1320 eo
2175 1265 2319 1318 viam
2351 1281 2415 1318 ac
2461 1265 2808 1336 disciplinam
2845 1264 3227 1322 condiscamus
3265 1275 3426 1337 atque
3455 1283 3544 1322 se-

1981 1369 2233 1424 quamur.
2270 1352 2347 1409 Eo
2368 1356 2566 1424 quippe
2599 1355 2829 1410 consilio
2858 1355 3065 1425 placuit
3097 1355 3390 1411 humanam
3421 1371 3546 1411 car-

303 1455 453 1501 nem,
498 1441 640 1497 Deus
679 1460 800 1498 cum
837 1455 1019 1510 esset,
1056 1446 1301 1510 induere,
1333 1453 1392 1499 ut
1427 1447 1571 1501 velut
1616 1448 1669 1502 in
1709 1447 1894 1503 tabula
1945 1448 2188 1505 divinum
2214 1451 2338 1505 vitae
2379 1452 2655 1521 exemplar
2692 1452 3030 1521 propositum
3086 1458 3392 1516 cernentes,
3441 1467 3544 1506 nos

303 1550 526 1605 quoque
587 1549 861 1594 auctorem
927 1541 1128 1596 imitari
1183 1559 1486 1614 possemus.
1530 1541 1649 1598 Non
1709 1543 1855 1599 enim
1883 1545 1988 1599 alia
2029 1545 2292 1608 sentiens,
2326 1546 2430 1600 alia
2485 1544 2752 1610 faciebat;
2784 1553 2841 1600 at
2885 1561 3062 1616 neque
3116 1547 3220 1600 alia
3255 1547 3393 1602 bona
3422 1553 3547 1604 esse

302 1627 646 1693 existimans,
673 1629 775 1684 alia
806 1629 1036 1685 docebat
1072 1649 1086 1686 :
1130 1631 1224 1687 sed
1255 1647 1375 1703 qua:
1407 1649 1532 1688 vere
1564 1633 1718 1688 utilia
1764 1634 2103 1705 honestaque
2133 1643 2310 1699 erant,
2335 1635 2450 1690 haec
2479 1646 2532 1691 et
2564 1635 2793 1692 docebat
2814 1645 2976 1708 atque
3012 1639 3322 1708 praestabat.

328 1768 463 1828 CAP.
491 1769 554 1825 V.
582 1769 820 1827 Christus
852 1773 1208 1844 incorruptam
1242 1785 1451 1822 carnem
1479 1769 1531 1820 in
1567 1767 1867 1835 virginitate
1901 1783 2144 1844 servans,
2182 1766 2251 1844 ad
2295 1767 2646 1837 virginitatem
2676 1767 3016 1823 excolendam
3042 1771 3231 1825 allicit.
3275 1769 3549 1844 Virginum

1122 1841 1337 1910 exiguus
1367 1855 1634 1913 nutrieras,
1664 1853 1774 1904 prae
1802 1838 2138 1890 multitudine
2173 1838 2399 1891 aliorum
2427 1849 2750 1892 sanctorum.

385 1974 454 2027 Τί
479 1970 572 2030 οὖν
595 1977 624 2029 ὁ
646 1976 868 2050 Κύριρς,
895 1980 926 2050 ἠ
969 1978 1194 2050 ἀλήθεια
1233 1979 1326 2034 καὶ
1355 1979 1470 2051 qui};
1500 1980 1882 2052 ἐπραγματεύσ-

2055 1980 2194 2048 Quid
2231 1981 2395 2050 igitur
2417 1979 2699 2045 Dominus,
2731 1980 2847 2050 ipse
2870 1979 3070 2036 veritas
3099 1988 3151 2034 et
3188 1981 3393 2048 lumen,
3437 1997 3556 2037 mo-

314 2083 450 2122 σατιο
481 2067 751 2122 κατελθών
773 2086 786 2135 ;
811 2070 1079 2141 Ἀφθορον
1112 2070 1373 2140 ἐφύλαξεν
1407 2072 1462 2124 ἐν
1491 2072 1758 2144 παρθενίᾳ
1785 2072 1883 2143 τὴν

316 2161 496 2231 σάρκα
529 2162 810 2232 κοσμήσας
840 2160 972 2234 (26)·
1003 2164 1097 2216 κοιλ⁵
1149 2166 1309 2235 ἡμεῖς
1354 2165 1482 2236 ἄρα,
1519 2166 1567 2218 εί
1600 2164 1884 2236 μέλλοιμεν

314 2253 438 2306 καθ’
469 2254 725 2325 ὁμοίωσιν
770 2255 988 2308 ἔσεσθαι
1017 2256 1150 2310 Θεοῦ
1184 2258 1278 2311 καὶ
1303 2257 1558 2328 Χριστοῦ,
1592 2257 1884 2330 φιλοτιμῶ-

317 2344 459 2413 μεθα
494 2345 593 2416 τὴν
621 2346 916 2416 παρθενίαν
941 2349 1126 2418 τιμᾷν.
1146 2347 1433 2417 Ὀμοίωσις
1459 2348 1568 2420 γὰρ
1603 2348 1734 2402 Θεοῦ
1767 2348 1886 2418 φθο-

317 2437 415 2506 ρᾶς
448 2436 852 2506 ἁποφυγή.“οτι
896 2437 953 2490 δὲ
997 2439 1092 2491 καὶ
1137 2437 1552 2509 ἀρχιπαρθένος,
1589 2438 1647 2492 ὂν
1688 2439 1885 2510 τρόπον

313 2527 409 2580 καὶ
457 2528 787 2600 ἁρχιποιμὴν
831 2529 923 2582 καὶ
972 2531 1386 2602 ἁρχιπροφήτης
1413 2531 1632 2599 γέγονεν
1661 2533 1688 2584 ὁ
1715 2531 1886 2599 Λόγος

316 2618 744 2690 ἐνανθρωπήσας
776 2621 875 2691 τῆς
923 2621 1269 2693 Ἑκκλησίας,
1301 2623 1445 2676 καὶὸ
1476 2623 1884 2695 Χριστόληπτος

314 2710 447 2779 ἡμῖν
472 2711 814 2782 παρέστησεν
841 2715 898 2766 ἐν
922 2713 1108 2783 βιϐλίῳ
1138 2714 1239 2784 τῆς
1266 2715 1681 2785 ’Λποκαλύψεως
1715 2715 1886 2769 Ἰωάν-

312 2818 433 2872 νης,
467 2801 642 2890 λέἔων
664 2820 677 2833 ·
713 2804 822 2858 Kal
857 2801 1046 2858 εἶδον·
1082 2805 1181 2859 καὶ
1205 2804 1330 2858 ἰδοὺ
1356 2806 1422 2858 τὸ
1455 2807 1676 2875 Ἀρνίον
1695 2805 1884 2873 ἑστὼς

310 2893 410 2947 ἐπὶ
435 2893 498 2946 τὸ
521 2893 660 2961 ὅρος
687 2894 858 2959 Σιὼν,
885 2897 981 2950 καὶ
1011 2896 1333 2966 μετάὺτοῦ
1356 2898 1574 2952 ἑκατὸν
1593 2899 1884 2966 τεσσαρά-

313 3002 495 3038 κοντα
528 2985 822 3056 τέσσαρες
847 2988 1112 3057 χιλιάδες
1129 2990 1380 3059 ἔχουσαι
1405 2993 1468 3044 τὸ
1492 2990 1676 3061 ὄνομα
1697 2993 1882 3046 αὑτοῦ

312 3078 408 3131 καὶ
434 3078 500 3130 τὸ
534 3079 720 3148 ὄνομα
743 3080 849 3133 τοῦ
873 3081 1103 3149 Πατρὸς
1140 3082 1324 3136 αὐτοῦ
1356 3082 1758 3152 γεγραμμένον
1783 3083 1881 3136 ἐπὶ

310 3167 430 3221 τῶν
457 3168 743 3237 μετώπων
769 3168 985 3223 αὐτῶν.
1023 3170 1128 3223 Kal
1156 3169 1394 3238 ἤκουσα
1422 3167 1630 3238 φωνὴν
1667 3170 1736 3223 ἐκ
1777 3167 1883 3223 τοῦ

310 3261 593 3328 οἰφανοῦ,
624 3261 705 3326 ὡς
737 3261 946 3329 φωνὴν
970 3259 1204 3316 ὑδάτων
1230 3260 1493 3323 πολλῶν,
1527 3260 1625 3313 καὶ
1649 3261 1730 3326 ὡς
1762 3277 1881 3329 φω-

1987 2074 2116 2128 litus
2149 2081 2253 2135 est,
2280 2072 2332 2126 in
2356 2071 2616 2126 mundum
2647 2071 3126 2143 veniens?Nempc
3159 2073 3321 2127 homo
3354 2073 3552 2138 factus,

1986 2166 2361 2235 incorruptam
2389 2180 2604 2220 carnem
2637 2164 2693 2218 in
2723 2165 3030 2234 virginitate
3059 2170 3314 2220 servavit.
3357 2165 3420 2220 Et
3451 2182 3554 2222 nos

1987 2251 2192 2322 itaque,
2226 2252 2273 2306 si
2311 2251 2377 2305 ad
2417 2252 2625 2307 Christi
2665 2252 2760 2308 Dei
2792 2254 2964 2308 nostri
2997 2254 3411 2309 similitudinem
3437 2255 3555 2310 eni-

1984 2344 2176 2408 timur,
2211 2345 2580 2415 virginitatem
2635 2345 2815 2400 colere
2874 2345 3160 2415 magniﬁce
3209 2345 3550 2404 Studeamus.

1987 2432 2081 2489 Dei
2102 2435 2248 2488 enim
2280 2435 2658 2499 simulacrum,
2693 2435 3064 2504 corruptionis
3097 2435 3244 2506 fuga.
3279 2437 3432 2502 Quod
3457 2455 3554 2494 au-

1986 2532 2094 2579 tem
2149 2526 2313 2581 etiam
2370 2526 2669 2597 principem
2710 2527 3021 2598 virginum,
3073 2527 3215 2582 haud
3273 2544 3434 2584 secus
3492 2545 3556 2586 ac

1985 2619 2283 2689 principem
2311 2629 2587 2689 pastorum
2619 2635 2681 2673 ac
2705 2620 3090 2690 prophetarum
3123 2619 3396 2685 Ecclesiaa,
3418 2619 3556 2677 Ver-

1987 2710 2114 2764 bum
2164 2712 2326 2764 homo
2358 2710 2556 2766 factum
2608 2712 2927 2781 przetulerit,
2978 2713 3092 2782 ipse
3140 2714 3298 2768 nobis
3351 2714 3556 2769 Christi

1984 2799 2208 2854 numine
2235 2800 2445 2855 afllatus
2474 2798 2712 2856 Joannes
2755 2803 2811 2856 in
2856 2802 2994 2857 libro
3018 2803 3337 2874 Apocalysis
3369 2810 3558 2858 osten-

1985 2893 2082 2957 dit,
2117 2893 2317 2962 quibus
2368 2893 2444 2946 ait
2472 2911 2489 2946 ~:
2533 2891 2598 2945 Et
2643 2891 2785 2956 vidi;
2818 2902 2868 2946 et
2904 2910 3016 2948 erce
3047 2894 3222 2964 Agnus
3263 2904 3412 2948 stans
3459 2911 3554 2948 su-

1984 3000 2082 3054 pra
2131 2997 2358 3039 montem
2409 2985 2559 3049 Sion,
2591 2995 2642 3039 et
2681 3002 2799 3039 cum
2837 3003 2896 3040 eo
2947 2997 3151 3041 centum
3200 2988 3556 3058 quadraginta

1984 3086 2212 3146 quatuor
2235 3076 2427 3141 millia,
2457 3076 2703 3131 habentes
2725 3093 2909 3130 nomen
2931 3077 3045 3146 ejus
3076 3087 3124 3131 et
3153 3094 3337 3131 nomen
3371 3077 3553 3133 Patris

1984 3168 2119 3238 ejus,
2145 3170 2393 3237 scriptum
2443 3170 2496 3222 in
2525 3169 2788 3238 frontibus
2811 3171 2941 3224 suis.
2993 3169 3058 3223 Et
3094 3169 3270 3224 audivi
3324 3187 3496 3226 vocem
3527 3189 3556 3226 e

1985 3261 2132 3326 ctelo,
2157 3269 2404 3326 tanquam
2427 3276 2598 3314 uocem
2623 3276 2880 3330 aquarum
2903 3259 3211 3326 multarunt,
3228 3269 3276 3314 et
3304 3269 3556 3331 tanquam

308 3355 430 3423 γὴν
448 3353 719 3423 ,ϐροντῆς
749 3355 1046 3425 μεγάλης·
1092 3355 1189 3407 καὶ
1226 3356 1263 3423 ἠ
1302 3353 1468 3423 φωνὴ
1509 3352 1588 3420 ἢν
1623 3352 1878 3421 ἤκουσα,

1984 3370 2156 3409 vocem
2207 3355 2427 3408 tonitrui
2470 3355 2667 3423 magni.
2701 3352 2770 3406 Et
2808 3368 2908 3406 vox
2963 3370 3120 3422 quant
3168 3353 3366 3418 audivi,
3417 3355 3556 3410 sicut

306 3447 389 3513 ὡς
434 3447 602 3516 φωνὴ
641 3447 977 3516 κιθαρῳδῶν
1025 3444 1434 3515 κιθαριζόντων
1477 3444 1547 3499 ἐν
1573 3444 1700 3510 ταῖς
1720 3443 1880 3498 κιθά-

298 3555 442 3607 ραις
474 3537 687 3593 αὐτῶν.
737 3539 846 3591 Kal
889 3538 1103 3605 ᾄδουσι
1152 3536 1370 3604 καινὴν
1413 3535 1576 3604 ᾠδὴν
1630 3534 1882 3588 ἐνώπιον

304 3632 415 3687 τοῦ
443 3632 654 3699 θρόνου
680 3631 778 3685 καὶ
817 3629 1072 3684 ἐνώπιον
1105 3627 1224 3682 τῶν
1255 3629 1566 3696 τεσσάρων
1593 3626 1748 3687 ζώων
1783 3625 1881 3679 καὶ

306 3726 429 3780 τῶν
455 3724 888 3792 πρεσϐυτέρων.
910 3723 1018 3778 Kal
1044 3721 1241 3788 οὐδεὶς
1261 3720 1521 3789 ἠδύνατο
1539 3719 1750 3788 μαθεῖν
1770 3719 1883 3788 τὴν

266 3813 274 3820 ’
306 3817 471 3885 ᾠδὴν
498 3820 548 3870 εὶ
571 3815 657 3885 μὴ
684 3819 742 3869 al
775 3814 991 3869 ἑκατὸν
1019 3811 1470 3880 τεσσαράκοντα
1491 3810 1780 3878 τέσσαρες
1803 3827 1883 3878 χι-

304 3910 531 3975 λιάδες,
553 3913 607 3963 ol
641 3906 1037 3977 ἠγορασμένοι
1071 3904 1188 3960 ἀπὸ
1220 3902 1328 3971 τῆς
1353 3902 1484 3973 τῆς.
1520 3897 1697 3959 Οὗτοι
1726 3906 1882 3957 εἰσιν

304 4003 362 4054 οἳ
375 4003 527 4071 μετὰ
549 4000 844 4070 γυναικῶν
863 4003 972 4054 οὺχ
993 4001 1414 4069 ἐμολύνθησαν
1437 4017 1449 4028 ·
1472 3997 1749 4066 παρθένοι
1774 3996 1882 4066 γάρ

302 4096 484 4146 εἰσιν.
515 4089 694 4147 Οὗτοί
721 4095 878 4145 εἰσιν
913 4093 968 4145 οἱ
1003 4089 1526 4156 ἀκολουθήσαντες
1559 4085 1638 4153 τῷ
1685 4087 1882 4155 Ἀρνίῳ

301 4187 460 4238 ὅπου
486 4183 561 4238 ἂν
585 4184 801 4254 ὑπάγῃ.
829 4183 936 4237 Τοῦ
967 4183 1127 4254 χοροῦ
1150 4183 1256 4238 τῶν
1279 4181 1557 4254 παρθένων
1584 4179 1880 4251 ἐξάρχοντα

301 4278 570 4331 δεικνύων
601 4278 690 4330 τὸν
723 4277 946 4350 Κύριον.

390 4368 713 4441 Ἐπίστησον
756 4369 810 4422 δὲ
844 4369 981 4441 πρὸς
1013 4369 1236 4433 τούτοις,
1277 4371 1423 4432 ὅπως
1447 4369 1509 4423 τὸ
1537 4366 1751 4439 ἀξίωμα
1784 4367 1880 4437 τῆς

303 4461 606 4533 παρθενίας
631 4463 882 4532 μέγιστον
911 4462 1060 4533 παρὰ
1087 4462 1165 4532 τῷ
1193 4461 1330 4532 Θεῷ.
1351 4457 1524 4518 Οὗτοι
1542 4458 1879 4530 ἠγοράσθη-

303 4569 430 4606 σαν
460 4553 578 4606 ἀπὸ
618 4553 735 4605 τῶν
762 4554 1084 4623 ἀνθρώπων
1116 4556 1226 4626 (‘27)
1250 4555 1489 4624 ἀπαρχὴ
1524 4553 1602 4618 τῷ
1627 4553 1747 4619 Θεῷ
1781 4554 1876 4607 καὶ

304 4645 388 4709 τῷ
423 4645 643 4713 Ἁρνίῳ,
675 4647 768 4698 καί
811 4647 880 4699 ὲν
912 4645 990 4712 τῷ
1027 4648 1273 4716 στόματι
1294 4645 1492 4702 αὐτῶν
1525 4649 1637 4716 οὐχ
1665 4646 1875 4714 εὑρέθη

1985 3461 2084 3500 vox
2131 3445 2540 3500 cithartedorum
2580 3445 3012 3499 citharizantium
3063 3446 3118 3498 in
3167 3445 3385 3499 citharis
3416 3448 3548 3505 suis.

1988 3539 2057 3592 Et
2087 3538 2372 3592 cantabant
2415 3539 2568 3608 quasi
2619 3539 2880 3591 canticum
2935 3555 3123 3592 novum
3172 3540 3225 3592 in
3275 3549 3554 3608 conspectu

1987 3629 2180 3693 throni,
2220 3637 2268 3682 et
2297 3637 2525 3698 quatuor
2554 3628 2866 3682 animalium
2889 3636 2938 3681 et
2963 3628 3249 3680 seniorum.
3282 3626 3351 3681 Et
3402 3643 3552 3681 nemo

1985 3729 2190 3792 poterat
2215 3721 2414 3776 discere
2435 3721 2718 3783 canticum,
2737 3721 2838 3774 nisi
2856 3720 2951 3773 illa
2974 3728 3178 3773 centum
3201 3719 3554 3789 quadraginta

1983 3824 2212 3884 quatuor
2242 3813 2432 3876 millia,
2455 3814 2545 3882 qui
2578 3813 2739 3880 empti
2764 3823 2885 3865 sunt
2926 3810 2989 3866 de
3018 3820 3181 3865 terra.
3208 3809 3281 3864 Ili
3307 3819 3429 3864 sunt
3465 3811 3556 3880 qui

1983 3920 2097 3959 cum
2129 3901 2437 3957 mulieribus
2481 3920 2586 3956 non
2613 3913 2735 3957 sunt
2773 3904 3095 3973 coinquinati
3129 3906 3389 3976 :virgines
3414 3907 3552 3959 enim

1982 4004 2121 4050 sunt.
2160 3994 2230 4047 Hi
2262 4003 2549 4065 sequuntur
2572 3994 2781 4066 Agnum
2811 4011 3112 4066 quocunque
3147 3995 3262 4048 ierit
3290 3995 3350 4049 ⁸⁸.
3379 3994 3456 4048 Ειι
3491 4004 3552 4050 ut

1984 4085 2269 4142 Dominum
2341 4086 2640 4157 principem
2714 4085 2964 4141 ostendat
3037 4092 3200 4156 atque
3278 4085 3551 4156 auspicem

1983 4179 2136 4235 chori
2168 4178 2466 4250 virginum.

2055 4359 2442 4416 Animadverte
2469 4361 2692 4428 insuper
2715 4372 2878 4429 quam
2919 4370 3045 4411 vere
3072 4355 3308 4410 maxima
3339 4355 3410 4410 sit
3436 4357 3547 4410 viro

1982 4453 2224 4523 ginitatis
2253 4453 2486 4522 dignitas
2515 4449 2658 4521 apud
2687 4449 2878 4505 Deum.
2919 4449 2992 4503 Ili
3025 4450 3186 4518 empti
3219 4461 3430 4503 suntex
3451 4450 3547 4504 ho-

1982 4544 2210 4598 minibus
2258 4545 2508 4613 primitias
2542 4543 2650 4597 Deo
2681 4551 2732 4597 et
2779 4548 2954 4612 Agna,
2983 4552 3031 4596 et
3072 4542 3123 4594 in
3183 4558 3272 4595 ore
3318 4543 3552 4605 ipsorum

1986 4654 2090 4690 non
2143 4645 2220 4690 est
2268 4637 2529 4690 inventum
2583 4633 2913 4689 mendacium
2942 4650 2961 4689 .'
2996 4634 3108 4688 sine
3157 4634 3366 4687 macula
3413 4635 3553 4688 enim

304 4739 535 4808 ψεῦδος
554 4755 568 4768 ⁸
603 4737 824 4808 ἄμωμοι
849 4738 955 4808 γάρ
987 4743 1124 4803 εἰσι,
1148 4741 1244 4795 καὶ
1266 4738 1688 4803 ἀκολουθοῦσι,
1724 4739 1877 4808 φησὶ,

1984 4740 2135 4791 sunt;
2175 4737 2225 4783 et
2257 4738 2544 4799 sequuntur
2571 4728 2798 4798 Agnum,
2843 4727 3041 4796 inquit,
3073 4741 3375 4796 quocunque
3409 4727 3549 4781 ierit.

306 4832 388 4897 τῷ
422 4833 620 4900 Ἀρι-ίῳ
663 4833 817 4886 ὅπου
840 4832 914 4885 ἂν
936 4833 1157 4900 ὑπάγῃ.
1193 4831 1386 4900 Σαφῶς
1415 4832 1561 4902 ἡμᾶς
1591 4827 1884 4884 κάντεῦθεν

304 4925 582 4977 διδάσκειν
609 4923 873 4992 βούλεται,
892 4927 973 4976 ὅτι
1005 4926 1060 4976 ἐν
1086 4923 1301 4995 ἀριθμῷ
1323 4922 1581 4992 τοσούτῳ,
1608 4921 1884 4974 τουτέστιν

305 5017 506 5070 ἑκατὸν
535 5015 933 5086 τεσσαράκοντα
966 5016 1061 5068 καί
1088 5015 1348 5084 τέσσαρσι
1376 5011 1628 5083 χιλιάσιν,
1658 5008 1882 5064 ἁπάνω-

305 5109 399 5162 θεν
430 5110 490 5161 τὸ
518 5107 718 5177 πλῆθος
757 5107 1085 5178 περιώριστο
1107 5106 1216 5160 τῶν
1247 5105 1549 5177 παρθένων,
1581 5104 1688 5157 τῶν
1709 5103 1882 5159 ἄλλων

304 5203 481 5268 ἁγίων
517 5204 599 5263 είς
625 5200 821 5270 πλῆθος
853 5201 1102 5271 ἀόριστον
1131 5201 1304 5269 ὁχλιζο
1316 5199 1582 5268 μένων.Τί
1603 5197 1712 5267 γὰρ
1740 5214 1881 5268 παρ-

304 5295 481 5364 εγγυᾷ
533 5295 627 5346 καὶ
679 5292 805 5363 περὶ
857 5292 965 5344 τῶν
1012 5291 1211 5344 λοιπῶν
1255 5291 1655 5360 διαλεγόμενος,
1711 5305 1879 5360 προσ-

303 5387 515 5440 εκτέον.
548 5385 654 5439 Καὶ
681 5381 842 5438 εἶδον
865 5383 982 5438 ἀπὸ
1016 5383 1222 5452 πάσης
1256 5382 1519 5453 γλώττης
1555 5381 1653 5434 καί
1682 5379 1884 5449 φυλῆς

301 5479 404 5533 καὶ
459 5479 688 5544 παντὸς
729 5477 942 5543 ἔθνους
981 5474 1211 5544 πλῆθος
1249 5474 1442 5539 πολὺ,
1488 5473 1518 5527 ὃ
1561 5471 1884 5543 ἀριθμῆσαι

417 5635 462 5666 ¹⁸
491 5635 654 5704 Apoc.
691 5649 802 5696 xxv,
823 5632 951 5688 -ι-ι.
1028 5634 1072 5664 ¹⁷
1096 5632 1258 5700 Apoc.
1303 5646 1398 5697 vn,
1427 5631 1480 5686 9.

377 5792 494 5929 $9.6)
528 5791 726 5857 Σάρκα
749 5789 1081 5858 κοσμήσας.
1124 5789 1590 5884 Ἐνανθρωπήσας.
1625 5785 1696 5840 In.

401 5864 492 5928 '27)
545 5861 1233 5929 ’Artlptbner’ossinius,
1281 5859 1447 5913 ἐθνῶν
1471 5899 1484 5924 ,
1518 5875 1580 5912 ea:
1621 5875 1696 5927 get

1979 4820 2139 4876 Clare
2180 4837 2279 4876 nos
2307 4831 2358 4876 et
2382 4821 2512 4874 hinc
2543 4818 2744 4874 docere
2779 4818 2916 4881 vult,
2951 4819 3163 4873 tantulo
3187 4833 3418 4873 numero
3445 4817 3552 4888 (ni-

1980 4915 2178 4967 mirum
2214 4911 2573 4982 quadraginta
2625 4921 2859 4982 quatuor
2903 4910 3157 4979 millium)
3213 4907 3492 4963 delinitam
3519 4921 3552 4960 ε

1980 5005 2248 5074 principio
2283 5003 2452 5061 fuisse
2486 5004 2888 5060 multitudinem
2925 5002 3221 5070 virginum,
3263 5013 3390 5052 cum
3427 4997 3551 5050 inli-

1981 5094 2094 5148 nita
2127 5095 2412 5149 multitudo
2439 5096 2512 5150 sit
2562 5094 2793 5149 aliorum
2845 5100 3180 5147 sanctorum.
3233 5088 3376 5155 Quid
3406 5087 3554 5143 enim

1980 5197 2033 5242 et
2077 5187 2145 5242 de
2184 5188 2305 5242 aliis
2336 5188 2614 5243 dissnrens
2663 5185 2926 5251 insinuet,
2967 5182 3449 5238 considerandum.
3483 5179 3554 5236 Et

1980 5280 2086 5334 vidi
2113 5297 2178 5335 ex
2214 5281 2354 5334 omni
2385 5279 2522 5334 tribu
2550 5289 2599 5335 et
2629 5281 2805 5349 lingua
2828 5287 2876 5332 et
2893 5292 2962 5331 ea:
2985 5277 3127 5331 omni
3149 5277 3382 5340 natione,
3416 5273 3555 5328 mul-

1983 5375 2255 5429 titudinem
2319 5390 2566 5446 magnam
2613 5389 2772 5444 quam
2827 5371 3164 5426 dinumerare
3211 5385 3360 5424 nemo
3406 5378 3554 5436 pote-

1983 5479 2066 5522 rat
2089 5469 2150 5522 ".
2186 5467 2414 5525 Constat
2447 5467 2632 5539 igitur,
2666 5465 3024 5530 utdiceham,
3061 5464 3294 5519 aliorum
3330 5459 3549 5532 quidem

401 5847 492 5928 '27)
545 5847 908 5930 ’ΔΞ-θρώπων.
930 5847 1233 5925 Ρυεέἰηὶιιε,
1281 5847 1484 5924 ἐθνῶν,
1518 5847 1580 5912 ei
1621 5856 1877 5927 gentibus,
1918 5867 2024 5908 ncn
2056 5852 2211 5906 bene.
2245 5847 2322 5902 lo.
