4052 6338
536 369 607 435 47
1471 373 1538 430 S.
1577 370 1905 428 ΜΕΤΗοοΠ
1941 370 2091 426 EPlS

2191 367 2251 422 Pl
2287 365 2376 420 ET
2417 363 2771 420 MARTYBIS
3679 368 3750 426 48

537 504 852 553 sanctorum
884 507 1113 549 numero
1143 489 1481 562 superiorem
1510 489 1912 544 multitudinem
1939 487 2091 543 indu-

2195 483 2340 538 αὐτὸ
2362 482 2556 549 οὐδεὶς
2588 483 2867 550 ἠδύνατο.
2895 481 3102 538 Οὐκοῦν
3134 483 3475 556 συνέστηκεν,
3496 484 3571 548 ὡς
3594 483 3749 558 ἔφην,

534 603 693 654 cere;
727 587 995 658 virginum
1039 600 1167 640 vero
1207 585 1460 654 exiguum
1511 583 1666 653 plane
1698 596 2010 643 numerum,
2048 580 2094 636 si

535 682 656 749 ejus
695 693 818 732 cum
861 677 1092 730 aliorum
1135 675 1420 731 innumera
1455 673 1800 729 multitudine
1826 673 1966 728 ratio
1998 671 2094 726 ha-

535 772 727 829 beatur

609 958 732 1014 Haec
749 973 889 1023 mea,
925 973 957 1012 ο
978 957 1160 1023 Arete,
1192 957 1259 1014 de
1286 960 1616 1030 virginitate,
1647 959 1743 1025 ait,
1766 961 1940 1015 oratio
1960 967 2042 1015 est
2075 978 2089 1015 :

535 1051 590 1106 in
622 1065 727 1123 qua
770 1049 816 1105 si
865 1048 994 1120 quid
1037 1049 1216 1113 omisi,
1251 1051 1514 1121 suppleat,
1545 1051 1634 1106 cui
1676 1051 1975 1123 lampadem
2011 1051 2094 1106 di-

535 1152 703 1198 ctum
732 1141 908 1207 trado,
940 1140 1259 1214 TbeOphila.

971 1386 1425 1481 ORATIO
1519 1389 1652 1478 II.

1110 1554 1516 1614 THEOPHILA.

2200 575 2291 627 ἐπὶ
2327 574 2424 644 μὲν
2453 573 2561 627 τῶν
2591 573 2761 626 ἄλλων
2791 573 2959 642 ἁγίων
2993 575 3149 627 αὐτὸν
3177 573 3384 645 πληθὺν
3407 577 3608 644 ἄφατον
3635 580 3752 630 εισ-

2200 665 2381 735 άγειν·
2413 665 2504 719 ἐπὶ
2532 665 2588 718 δὲ
2614 664 2720 720 τῶν
2745 666 2800 718 ὲν
2839 665 3106 738 παρθενίᾳ
3144 666 3473 738 βραχύτατον
3498 667 3753 739 ἀριθμὸν,

2197 759 2273 823 ὡς
2304 757 2438 830 πρὸς
2466 757 2748 831 σύγκρισιν
2767 757 2873 812 τῶν
2904 760 2981 822 εἰς
3013 758 3376 832 ἀναρίθμητον
3405 757 3599 832 πλῆθος
3632 775 3756 812 συν-

2192 847 2510 903 τελούντων.

2271 956 2459 1029 Οῦτος,
2487 958 2533 1020 ὦ
2581 965 2790 1038 Ἀρετὴ,
2821 968 2848 1020 ὁ
2882 967 3011 1039 παρ’
3045 965 3176 1037 ἐμοῦ
3207 985 3285 1020 σοι
3309 982 3436 1037 περι
3463 962 3755 1036 παρθενίας

2197 1055 2371 1125 λόγος.
2401 1057 2464 1111 Ei
2509 1057 2565 1111 δέ
2591 1077 2641 1112 τι
2669 1059 2987 1131 παρέλιπον,
3019 1058 3415 1131 ἁποπληρούτω
3437 1057 3755 1128 διαδεξαμέ-

2197 1166 2263 1222 νη
2297 1167 2363 1221 με
2383 1150 2630 1220 Θεοφίλα.

2714 1403 3073 1491 ΛΟΓΟΣ
3133 1406 3195 1490 Β
3217 1469 3240 1490 .

2820 1566 3123 1620 ΘΕΟΦΙΛΑ.

1402 1748 1528 1804 CAP.
1553 1745 1593 1803 Ι.
1620 1747 1742 1805 Non
1765 1750 1989 1809 sublata:
2013 1752 2226 1823 ηυριὶαν,
2259 1753 2573 1826 uirginitatis
2605 1752 2885 1821 prtcconio.

605 1877 668 1935 In
706 1879 792 1934 his
826 1880 1008 1950 itaque
1035 1895 1230 1938 exorsa
1278 1880 1577 1954 T-lteOphila
1605 1892 1708 1941 est.
1742 1886 2091 1960 Quandoqui-

2262 1891 2446 1944 Είπεῖν
2477 1886 2569 1943 οὖν
2596 1888 2698 1960 ἔφη
2731 1887 2830 1960 τὴν
2853 1885 3261 1955 Θεοφίλαν.⁶’οτι
3286 1885 3433 1940 δοκεῖ
3461 1902 3550 1956 μοι
3578 1885 3755 1955 ἀναγ-

518 1970 660 2027 ,dem
701 1987 861 2041 quam
904 1971 1159 2028 Marcella
1189 1974 1327 2029 bene
1359 1984 1598 2045 cat-perat
1622 1979 1948 2044 orationem,
1983 1997 2093 2036 non

537 2062 866 2120 sufficienter
916 2065 1166 2130 absolvit,
1211 2081 1390 2136 opera:
1427 2068 1657 2138 pretium
1715 2070 1989 2138 existimo,
2036 2082 2097 2128 ut

536 2155 696 2211 ﬁnem
719 2159 958 2211 sermoni
989 2157 1267 2227 imponere
1287 2166 1552 2229 satagam.
1584 2159 1798 2216 Etenim
1827 2161 1896 2217 ad
1928 2165 2096 2234 virgi-

535 2247 757 2304 nitatem
808 2264 904 2319 per
951 2249 1233 2304 intervalla
1291 2249 1591 2319 profecisse
1647 2253 1940 2319 hominem,
1985 2255 2096 2310 Deo

534 2339 687 2396 illum
740 2342 906 2396 certis
959 2341 1169 2398 vicibus
1210 2349 1372 2412 atque
1420 2344 1678 2414 gradibus
1720 2355 2092 2416 promovente,

535 2431 795 2502 praeclare
841 2432 974 2488 mihi
1031 2432 1367 2503 disputatum
1418 2445 1676 2505 apparet;
1722 2437 1866 2508 quod
1915 2448 2093 2494 autem

535 2509 738 2587 intulit,
771 2540 882 2590 non
907 2539 1032 2580 esse
1056 2524 1315 2595 deinceps
1348 2527 1701 2596 procreandis
1743 2529 1929 2584 liberis
1957 2529 2094 2584 dan-

535 2615 658 2670 dam
686 2630 930 2686 operam,
967 2615 1110 2671 haud
1149 2617 1383 2688 probare
1421 2622 1646 2688 possim.
1693 2619 1976 2677 Manifeste
2019 2621 2094 2677 si-

534 2705 751 2776 quidem
787 2723 852 2762 ex
901 2706 1202 2778 Scripturis
1252 2709 1384 2767 mihi
1432 2710 1728 2781 intelligere
1749 2711 1956 2778 videor,
1990 2728 2096 2768 no-

536 2798 704 2854 luisse
730 2797 822 2854 Dei
856 2798 1112 2866 Verbum,
1145 2811 1430 2873 postquam
1475 2802 1838 2874 virginitatem
1891 2805 2094 2860 mundo

537 2890 742 2954 intulit,
759 2890 980 2946 omnino
1007 2891 1272 2964 abrogare
1292 2893 1625 2964 coniugium.
1649 2893 1768 2950 Non
1793 2896 1938 2951 enim
1967 2913 2098 2966 quo-

533 2985 680 3040 niam
720 2982 993 3040 sideribus
1041 2985 1168 3040 luna
1215 2986 1389 3056 major
1419 2995 1523 3051 est,
1555 2989 1816 3042 continuo
1868 2997 2095 3044 caetera-

533 3090 659 3130 rum
693 3075 971 3130 stellarum
1003 3075 1187 3132 lumen
1214 3077 1596 3149 exstinguitur.

603 3188 936 3260 Incipiamus
987 3198 1166 3246 autem
1217 3203 1245 3243 a
1305 3189 1522 3258 Genesi,
1580 3197 1640 3245 ut
1700 3191 2093 3260 antiquissima:

535 3279 834 3352 Scriptura;
877 3295 1037 3336 suum
1097 3280 1307 3337 ordinis
1359 3284 1651 3353 primatum
1723 3283 2089 3353 assignemus.

529 3369 780 3428 Profecto
809 3371 904 3428 Dei
946 3374 1214 3429 sententia
1243 3377 1297 3429 et
1340 3381 1668 3444 praeceptum
1717 3375 1846 3430 illud
1870 3377 1912 3408 ¹⁸
1969 3392 2096 3446 pro-

532 3464 763 3534 pagandi
804 3466 1039 3535 generis,
1063 3466 1224 3521 etiam
1245 3465 1410 3522 hodie
1427 3465 1569 3538 viget
1596 3474 1649 3522 et
1675 3476 1921 3523 servatur
1945 3485 1958 3522 :
1984 3467 2093 3524 Deo

528 3554 825 3608 etiamnum
875 3555 1110 3611 hominis
1160 3555 1428 3611 formandi
1485 3555 1694 3627 opifice.
1750 3556 1864 3612 Hoc
1893 3559 2094 3614 etenim

530 3643 691 3714 plane
725 3643 1070 3698 manifestum
1092 3654 1196 3710 est,
1214 3661 1360 3700 nunc
1391 3661 1607 3716 quoque
1637 3647 1782 3702 velut
1812 3648 1986 3718 pictor
2011 3656 2095 3704 ta-

528 3732 749 3796 bellam,
779 3732 860 3788 sic
884 3733 1048 3788 Deum
1096 3737 1356 3790 mundum
1401 3735 1632 3801 efﬁcere,
1661 3739 1740 3791 uti
1771 3753 1902 3796 sane
1929 3742 2091 3796 etiam

529 3820 792 3878 Dominus
814 3823 1019 3888 docuit,
1048 3823 1178 3878 dum
1218 3827 1295 3879 ait
1336 3844 1350 3880 :
1389 3825 1552 3881 Pater
1579 3844 1722 3882 meus
1749 3846 1910 3900 usque
1941 3829 2092 3884 modo

529 3925 778 3985 operatur
796 3917 861 3970 ".
891 3915 1089 3972 Verum
1114 3917 1207 3972 ubi
1233 3916 1456 3972 ﬂumina
1485 3933 1707 3974 cursum
1725 3935 1882 3973 suum
1914 3921 2094 3975 absol-

528 4007 728 4073 verint,
777 4023 944 4078 seque
980 4016 1138 4065 vasto
1181 4008 1350 4066 maris
1387 4009 1540 4066 alveo
1583 4011 1948 4078 reddiderint;
1997 4011 2090 4067 ubi

529 4099 712 4160 lumen
754 4115 783 4156 a
825 4101 1064 4158 tenebris
1096 4101 1335 4172 perfecte
1377 4112 1682 4174 separatum
1730 4103 1893 4158 fuerit
1925 4103 2090 4176 (nunc

525 4193 672 4248 enim
710 4192 890 4247 adhuc
943 4193 1000 4247 in
1043 4193 1144 4248 ista
1191 4195 1534 4264 separatione
1585 4195 1952 4268 laboramus);
1994 4196 2089 4251 ubi

529 4283 743 4340 fructus
765 4300 893 4340 suos
918 4301 1041 4339 cum
1076 4286 1361 4356 reptilibus
1387 4295 1442 4341 et
1464 4285 1910 4358 quadrupedibus
1929 4288 2090 4344 edere

528 4376 784 4447 deinceps
823 4377 975 4431 arida
1002 4377 1248 4442 desierit,
1281 4384 1335 4433 et
1367 4378 1613 4448 expletus
1641 4379 1746 4434 erit
1786 4379 2088 4450 praeﬁnitus

527 4465 809 4521 hominum
842 4484 1120 4534 numerus,
1153 4476 1287 4524 tunc
1316 4483 1449 4524 sane
1503 4484 1534 4522 a
1579 4470 1889 4541 generando
1918 4470 2087 4526 absti-

2199 1985 2353 2036 καῖον
2397 1977 2553 2044 εἶναι,
2609 1978 2795 2050 ἐπειδὴ
2828 1977 3005 2041 καλῶς
3054 1977 3086 2048 ἡ
3139 1977 3430 2048 Μαρκέλλα
3467 1979 3754 2050 ὁρμήσασα

2195 2075 2286 2126 ἐπὶ
2314 2073 2404 2126 τὸν
2434 2072 2611 2141 λόγον,
2641 2072 2739 2141 οὐχ
2766 2071 2962 2133 ἱκανῶς
2984 2069 3312 2140 ἐπλήρωσεν,
3337 2069 3436 2141 ἐμὲ
3462 2073 3752 2140 πειρᾶσθαι

2192 2167 2343 2229 τέλος
2371 2164 2634 2218 ἐπιθεῖναι
2663 2162 2740 2232 τῷ
2771 2163 2932 2233 λόγῳ.
2953 2162 3025 2215 Τὸ
3054 2162 3191 2231 μετὰ
3220 2162 3327 2232 γὰρ
3356 2164 3434 2225 εἰς
3458 2162 3754 2234 παρθενίαν

2195 2259 2260 2310 ὲκ
2288 2256 2603 2328 προϐάσεως
2633 2253 2904 2326 προκόψαι
2930 2253 3019 2306 τὸν
3063 2253 3364 2324 ἄνθρωπον,
3389 2251 3522 2305 Θεοῦ
3546 2270 3754 2324 παρορ-

2199 2349 2464 2419 μήσαντος
2508 2345 2669 2399 αὑτὸν
2715 2344 2855 2398 κατὰ
2899 2343 3086 2415 καιρὸν
3113 2343 3206 2395 καὶ
3250 2343 3458 2413 καιρὸν,
3490 2343 3634 2396 δοκεῖ
3660 2361 3753 2414 μοι

2191 2439 2371 2504 καλῶς
2413 2436 2676 2492 διελέσθαι
2700 2453 2714 2467 ’
2758 2437 2818 2490 τὸ
2850 2435 2906 2490 δὲ
2942 2434 3132 2506 μηκέτι
3157 2435 3354 2506 χρῆναι
3386 2433 3562 2502 λέγειν
3601 2435 3754 2490 τούν-

2193 2531 2380 2587 τεῦθεν
2407 2532 2758 2599 τεκνογονεῖν,
2790 2529 2850 2582 οὐ
2885 2528 3079 2590 καλῶς.
3099 2526 3237 2596 Ἐγὼ
3269 2527 3375 2599 γὰρ
3406 2525 3754 2598 καθεωρακέ-

2193 2643 2281 2680 ναι
2310 2640 2399 2695 μοι
2426 2623 2566 2678 δοκῶ
2595 2623 2775 2693 σαφῶς
2805 2622 2911 2676 ἀπὸ
2941 2621 3047 2674 τῶν
3068 2620 3319 2690 Γραφῶν,
3349 2621 3428 2674 ὅτι
3458 2620 3753 2692 παρθενίας

2194 2715 2472 2787 ἐλθούσης,
2497 2715 2526 2766 ὁ
2550 2713 2718 2781 Λόγος
2743 2712 2840 2765 οὐκ
2869 2711 3044 2764 ἀνεῖλε
3068 2711 3242 2780 πάντη
3271 2711 3370 2782 τὴν
3388 2710 3748 2778 τεκνογονίαν.

2195 2809 2270 2862 Οὐ
2303 2808 2409 2878 γὰρ
2446 2805 2630 2876 ἐπειδὴ
2660 2804 2767 2858 τῶν
2806 2804 3106 2874 ἀστέρωνὴ
3145 2803 3340 2874 σελήνη
3374 2802 3574 2881 μείζων
3611 2802 3749 2866 ἐστὶ,

2193 2899 2346 2972 παρά
2373 2897 2528 2952 τοῦτο
2557 2896 2663 2950 τῶν
2694 2895 2866 2953 ἄλλων
2913 2897 3156 2968 ἀστέρων
3191 2897 3252 2950 τὸ
3289 2896 3403 2966 φῶς
3429 2897 3750 2967 ἀναιρεῖται.

2277 3185 2588 3260 Ἀρξὼμεθα
2618 3186 2675 3240 δὲ
2703 3185 2809 3239 ἀπὸ
2829 3186 2927 3256 τῆς
2957 3185 3244 3250 Γενέσεως,
3277 3184 3362 3238 ἵνα
3397 3185 3459 3256 δὴ
3486 3203 3580 3241 και
3620 3202 3756 3258 πρε·-

2193 3280 2470 3350 σὸεύωμεν
2516 3278 2712 3350 μᾶλλον
2749 3277 2845 3349 τὴν
2874 3280 3114 3349 Γραφήν.
3133 3279 3196 3331 Ἡ
3223 3285 3329 3350 γάρ
3361 3278 3630 3347 ἀπόφασις
3657 3276 3752 3331 τοῦ

2192 3373 2346 3437 Θεοῦ,
2377 3373 2470 3427 καὶ
2502 3372 2562 3425 τὸ
2590 3373 2862 3442 διάταγμα
2899 3371 2960 3424 τὸ
2995 3372 3086 3425 ἐπὶ
3109 3373 3205 3443 τῆς
3235 3371 3591 3434 τεκνοποιίας,
3621 3373 3756 3441 ὁμο-

2192 3459 2529 3530 λογουμένως
2559 3460 2717 3532 μέχρι
2750 3460 2842 3513 καὶ
2883 3458 2980 3513 νῦν
3021 3460 3459 3532 συμπληροῦταιο
3496 3460 3754 3515 πλάσσον-

2191 3567 2282 3612 τος
2311 3549 2399 3602 τὸν
2424 3549 2706 3622 ἄνθρωπον
2730 3550 2808 3602 ἔτι
2829 3550 2920 3602 τοῦ
2949 3549 3300 3621 δημιουργοῦ.
3331 3549 3499 3603 Τοῦτο
3529 3550 3634 3623 γὰρ
3659 3551 3755 3603 καὶ

2192 3635 2382 3711 πάντη
2399 3641 2722 3710 καταφανὲς,
2742 3640 2817 3704 ὡς
2846 3640 2954 3712 ἄρα
2977 3639 3066 3693 τὸν
3093 3641 3295 3712 κόσμον
3320 3640 3504 3710 ἀκμὴν
3522 3639 3752 3712 ἐργάζε-

2191 3751 2278 3786 ται
2314 3731 2614 3806 ζωγραφῶν
2644 3734 2672 3785 ό
2701 3734 2850 3796 Θεὸς,
2883 3733 3071 3811 ὥσπερ
3099 3733 3161 3802 δὴ
3189 3733 3282 3786 καὶ
3304 3735 3332 3786 ὁ
3355 3732 3558 3804 Κύριος
3580 3731 3752 3786 ἐδίδα-

2191 3822 2300 3889 ξεν,
2337 3825 2482 3890 Ἕως
2505 3821 2633 3892 ἄρτι
2665 3826 2697 3876 ὁ
2720 3823 2919 3892 Πατήρ
2935 3842 3053 3892 μου
3072 3823 3383 3894 ἐργάζεται,
3404 3823 3594 3893 λέγων.
3613 3823 3750 3876 Ἀλλ’

2189 3916 2387 3970 ὁπόταν
2419 3918 2466 3968 οἱ
2501 3916 2733 3986 ποταμοὶ
2765 3915 2862 3988 ἥδη
2890 3916 3232 3987 λωφήσωσιν,
3256 3919 3336 3979 είς
3352 3916 3414 3969 τὸ
3434 3916 3533 3987 τῆς
3560 3914 3754 3968 θαλάσο

2191 4023 2293 4076 σης
2323 4005 2691 4069 εἰσϐάλλοντες
2719 4007 2956 4076 ἀγγεῖον,
2991 4009 3082 4061 καὶ
3105 4006 3164 4060 τδ
3199 4007 3313 4077 φῶς
3342 4007 3557 4070 τελείως
3589 4023 3754 4077 χωρι-

2191 4096 2289 4168 σθῇ
2337 4096 2430 4151 τοῦ
2482 4099 2720 4163 σκότους,
2757 4097 2892 4169 (νῦν
2939 4099 3048 4172 γὰρ
3086 4099 3164 4152 ἔτι
3194 4097 3623 4171 διαχωρίζεταιο)
3657 4096 3752 4151 καὶ

2188 4190 2314 4253 τοὺς
2358 4192 2601 4261 καρποὺς
2645 4189 2780 4261 μετά
2831 4189 2940 4244 τῶν
2987 4191 3228 4262 ἑρπετῶν
3275 4191 3370 4244 καὶ
3407 4189 3755 4262 τετραπόδων

2188 4282 2486 4336 ἀναδιδόναι
2536 4281 2807 4354 παύσηται
2856 4281 3038 4336 λοιπὸν
3065 4285 3098 4353 ή
3130 4282 3286 4355 ξηρὰ,
3315 4283 3408 4336 καὶ
3446 4284 3474 4335 ό
3516 4298 3753 4353 προωρι-

2190 4375 2384 4445 σμένος
2411 4372 2520 4428 τῶν
2545 4373 2843 4446 ἀνθρώπων
2867 4373 3096 4444 ἀριθμὸς
3117 4373 3478 4446 ἀναπληρωθῇ
3501 4390 3515 4403 ·
3539 4373 3657 4426 τότε
3685 4374 3748 4444 δὴ

2187 4468 2373 4522 λοιπὸν
2388 4467 2481 4520 καὶ
2499 4467 2597 4537 τῆς
2611 4467 2950 4529 παιδοποιίας
2972 4466 3253 4534 ἀφεκτέον.
3273 4466 3386 4520 Νῦν
3414 4465 3524 4536 γὰρ
3550 4467 3630 4528 είς
3652 4466 3749 4535 τὴν

529 4560 770 4614 nendum
803 4560 928 4614 erit.
961 4559 1117 4615 Nunc
1139 4560 1284 4616 enim
1307 4560 1516 4616 edenda
1549 4561 1639 4616 Dei
1668 4562 1903 4632 imagine
1932 4576 2086 4616 suam

2192 4561 2374 4614 εἰκόνα
2397 4557 2489 4612 τοῦ
2516 4557 2648 4611 Θεοῦ
2678 4558 2768 4611 τὸν
2800 4557 3082 4629 ἄνθρωπον
3105 4559 3314 4628 ἀνάγκη
3346 4559 3642 4629 συνεργεῖν,
3670 4558 3751 4609 ἔτι

526 4650 799 4707 hominem
822 4651 1070 4708 conferre
1103 4667 1324 4723 operam
1367 4667 1594 4708 necesse
1621 4661 1725 4718 est,
1753 4654 1880 4708 dum
1913 4653 2089 4708 adhuc

525 4749 633 4797 stat
651 4741 910 4806 mundus,
931 4743 1196 4813 novisque
1219 4743 1459 4814 quotidie
1478 4744 1711 4800 molibus
1739 4744 1857 4814 ejus
1883 4744 2090 4800 fabrica

530 4833 904 4902 adimpletum
935 4831 1186 4898 Crescite,
1229 4835 1398 4900 enim,
1436 4836 1634 4907 inquit,
1664 4845 1714 4890 et
1765 4836 2088 4905 multiplica-

527 4926 656 4977 mim‘
673 4927 738 4976 ³ο.
757 4922 868 4978 Nec
898 4923 980 4981 fas
1007 4933 1091 4980 est
1112 4924 1387 4982 Creatoris
1416 4935 1740 4998 praeceptum
1764 4927 2086 4993 abominari,

525 5033 591 5072 ex
614 5032 724 5087 quo
753 5018 912 5073 nobis
936 5025 1019 5072 est
1046 5017 1187 5088 quod
1219 5019 1556 5074 exsistimus.
1576 5019 1910 5090 Principium
1941 5020 2086 5074 enim

524 5110 915 5178 generationis.
943 5109 1221 5164 hominum
1273 5110 1498 5166 seminis
1548 5110 1601 5163 in
1635 5111 1866 5180 genitale
1897 5125 2086 5164 arvum

525 5201 786 5256 demissio
811 5208 915 5265 est,
943 5209 1001 5255 ut
1027 5217 1093 5256 ex
1124 5202 1341 5257 ossibus
1369 5217 1431 5258 os
1460 5208 1514 5256 et
1542 5217 1607 5258 ex
1637 5216 1804 5258 carne
1834 5218 1985 5267 caro,
2005 5217 2088 5256 ar-

524 5305 660 5343 cana
677 5293 728 5345 vi
754 5289 1059 5362 desumpta,
1082 5292 1136 5346 in
1158 5293 1386 5347 alterum
1412 5307 1603 5348 rursus
1636 5293 1908 5350 hominem
1941 5294 2089 5363 ejus-

525 5379 646 5434 dem
676 5379 899 5436 artificis
925 5397 1088 5452 opera
1118 5382 1444 5436 condantur.
1479 5383 1569 5437 Sic
1591 5383 1736 5438 enim
1761 5384 1970 5455 impleri
1992 5399 2086 5454 pu-

516 5473 747 5530 tandum
773 5491 892 5530 eam
918 5479 1243 5532 sententiam
1281 5496 1293 5530 :
1331 5477 1444 5531 Hoc
1491 5493 1626 5532 nunc
1680 5495 1736 5532 os
1764 5491 1829 5532 ea:
1879 5478 2084 5532 ossibus

522 5568 669 5632 meis,
700 5579 747 5622 et
777 5587 902 5624 caro
925 5570 988 5624 de
1009 5586 1165 5648 carne
1187 5586 1300 5625 mea
1323 5571 1389 5625 ¹¹.

2192 4649 2518 4711 συνεστῶτος
2559 4647 2652 4700 τοῦ
2705 4648 2910 4718 κόσμου
2954 4647 3048 4701 καὶ
3092 4649 3525 4718 τεκταινομένου.
3555 4647 3752 4710 Αὺξά·

2187 4743 2365 4795 νεσθε
2399 4740 2526 4811 γὰρ,
2559 4739 2770 4810 ἐλέχθη,
2825 4739 2924 4794 καί
2975 4739 3372 4808 πληθύνεσθε.
3407 4739 3515 4792 Καὶ
3547 4739 3606 4791 οὐ
3644 4736 3749 4809 χρὴ

2186 4831 2246 4883 τὸ
2276 4829 2550 4900 διάταγμα
2585 4828 2962 4900 βδελύσσεσθαι
2994 4828 3087 4882 τοῦ
3114 4825 3475 4899 Δημιουργοῦ,
3507 4825 3566 4891 ἐξ
3596 4823 3656 4880 οῦ
3686 4825 3752 4898 δὴ

2187 4924 2280 4978 καὶ
2307 4924 2463 4977 αὑταὶ
2486 4923 2806 4994 γεγόναμεν.
2824 4921 2988 4994 Ἀρχὴ
3014 4921 3121 4993 γάρ
3156 4921 3418 4989 γενέσεως
3451 4919 3546 4972 ἀνθ
3557 4919 3750 4992 ρώπων

2183 5017 2217 5086 ἡ
2250 5013 2342 5067 τοῦ
2374 5015 2682 5086 σπέρματος
2707 5016 2785 5077 είς
2811 5015 2936 5076 τοὺς
2964 5011 3203 5074 αῦλακας
3226 5010 3325 5079 τῆς
3359 5011 3570 5082 μήτρας
3601 5011 3750 5079 γίνε-

2183 5125 2272 5161 ται
2306 5106 2595 5177 καταϐολὴ,
2622 5107 2768 5168 ὅπως
2795 5105 2858 5157 τὸ
2882 5107 2945 5157 ὲκ
2973 5103 3079 5156 τῶν
3107 5101 3305 5155 όστέων
3343 5103 3551 5169 ὀστοῦν,
3586 5103 3678 5156 καὶ
3715 5104 3752 5174 ἡ

2183 5201 2250 5252 ὲκ
2289 5200 2388 5270 τῆς
2432 5199 2633 5269 σαρκὸς
2674 5197 2810 5269 σὰρξ
2858 5197 3042 5267 ἕτερος
3091 5194 3374 5266 ἄνθρωπος
3404 5195 3618 5268 ἀοράτῳ
3650 5194 3750 5265 λη-

2186 5292 2385 5363 φθέντα
2421 5293 2645 5363 δυνάμει
2694 5291 2854 5345 πάλιν
2905 5289 3013 5344 ἀπὸ
3056 5289 3151 5342 τοῦ
3201 5289 3364 5342 αὑτοῦ
3395 5290 3631 5360 τεχνίτου
3655 5289 3753 5360 δη-

2190 5384 2580 5456 μιουργηθῶσι.
2608 5384 2790 5456 Ταύτῃ
2839 5381 2946 5455 γὰρ
2994 5381 3206 5451 ἐκείνην
3235 5382 3463 5452 ἡγητέον
3511 5380 3750 5452 πληροῦ-

2188 5477 2308 5532 σθαι
2337 5480 2434 5549 τὴν
2464 5479 2665 5549 φωνήνο
2700 5477 2878 5532 Τοῦτο
2899 5476 3014 5529 νῦν
3042 5474 3265 5530 ὀστοῦν
3291 5475 3359 5529 ἐκ
3380 5474 3498 5528 τῶν
3524 5473 3753 5528 ὀστέων

2180 5589 2320 5642 μου,
2350 5569 2448 5624 καὶ
2478 5570 2633 5639 σὰρξ
2653 5571 2721 5624 ἐκ
2742 5568 2852 5638 τῆς
2871 5568 3098 5638 σαρκός
3115 5585 3254 5637 μου.

596 5770 638 5802 ⁸⁸
662 5768 790 5826 Cen.
829 5790 867 5839 ι,
895 5773 985 5828 28.
1067 5775 1108 5807 ¹⁹
1133 5773 1296 5829 Joan.
1328 5790 1382 5839 ν,
1414 5775 1501 5832 i7.
1575 5777 1622 5808 ⁸ο
1655 5775 1781 5832 Cen.
1817 5791 1856 5842 ι,
1885 5775 1978 5834 28.
2052 5778 2093 5808 ¹¹
2135 5773 2264 5832 Gen.
2300 5792 2360 5844 It,
2395 5775 2486 5833 23.
