4052 6338
273 321 336 377 l9
1363 319 1744 379 CONVIVIUM
1786 320 2012 377 DECEM
2055 321 2420 382 VIRGINUM.
3435 323 3507 380 50

271 452 389 505 (In.
410 449 476 504 ll.
507 451 815 518 Generatio,
847 454 1029 525 affinis
1055 456 1242 524 prima
1270 451 1397 511 Era:
1423 472 1490 512 ea:
1514 467 1663 513 costa
1697 467 1744 512 et
1780 473 1890 512 esse
1917 458 2048 540 ᾼάω
2081 458 2412 529 formationi.
2452 459 2588 515 Deus
2611 461 2876 516 hominum
2905 461 3148 518 conditor
3181 465 3232 518 in
3257 477 3507 522 consueta

1711 540 2063 599 generatione.

331 637 506 691 Τοῦτο
537 639 650 710 γὰρ
683 642 813 703 ῖσως
847 640 1094 711 ᾐνίσσετο
1143 643 1238 695 καὶ
1282 644 1334 714 ἠν
1365 644 1501 714 μετὰ
1547 645 1637 698 τὸν
1676 644 1832 701 ὕπνοι

2016 646 2072 701 ιιι
2125 647 2270 701 enim
2325 645 2554 702 forsitan
2604 645 2868 702 innuebat
2925 646 3018 702 illa
3069 662 3165 718 per
3231 647 3504 704 somnium

265 725 520 794 ἔκστασις
573 729 931 802 ἐπιϐληθεῖσα
970 731 1047 804 τῷ
1091 733 1514 805 πρωτοπλάστῳ,
1552 736 1840 807 προδιατυ-

264 825 510 893 πουμένη
554 823 654 896 τὴν
685 825 778 877 ἐπὶ
823 825 924 894 τῆς
961 825 1272 897 φιλοτησίας
1303 826 1476 893 θέλξιν
1508 826 1600 882 τοῦ
1628 827 1838 900 ἀνδρὸς,

262 917 420 970 ὁπότε
476 917 717 989 διψήσας
764 917 968 972 τέκνων
1016 918 1308 982 ἐξίσταται,
1333 919 1454 982 ταῖς
1504 919 1840 988 παιδογόνοις

263 1009 629 1081 θηλυνόμενος
674 1011 795 1065 καθ’
829 1010 993 1064 ὕπνον
1039 1011 1268 1082 ἡδοναῖς,
1304 1012 1390 1064 ἵνα
1442 1011 1602 1065 πάλιν
1631 1029 1706 1076 τι,
1732 1011 1841 1065 ἀπὸ

260 1100 364 1152 τῶν
396 1100 581 1152 ὀστῶν
603 1100 767 1154 αὑτοῦ
794 1102 887 1154 καὶ
914 1101 1014 1171 τῆς
1040 1100 1237 1172 σαρκὸς
1262 1101 1628 1165 ἀποσπασθὲν,
1657 1102 1840 1174 ἕτερος

263 1192 572 1264 ἄνθρωπος,
604 1193 682 1256 ὡς
732 1192 890 1263 ἔφην,
933 1193 1840 1266 ἁναπληρωθῇ.⁹Εκταρασσομὲνης

259 1285 362 1355 γὰρ
401 1285 503 1355 τῆς
537 1285 806 1356 ἁρμονίας
831 1285 936 1338 τῶν
966 1286 1228 1356 σωμάτων
1267 1289 1324 1341 ὲν
1351 1290 1462 1350 τοῖς
1490 1287 1630 1341 κατὰ
1654 1306 1840 1342 συνου-

261 1376 377 1428 σίαν
423 1376 762 1447 ἐρεθισμοῖς,
799 1378 875 1438 ὡς
921 1381 970 1432 οἱ
1018 1379 1389 1451 τετελεσμένοι
1434 1381 1532 1452 τὴν
1574 1380 1838 1451 γαμήλιον

258 1469 403 1538 ἡμᾶς
435 1468 756 1522 διδάσκουσι
789 1471 1030 1542 τελετὴν,
1061 1473 1167 1526 πᾶν
1193 1473 1253 1526 τὸ
1277 1473 1547 1544 μυελῶδες
1565 1472 1657 1526 τοῦ
1681 1474 1842 1545 αῖμα-

257 1576 342 1622 τος
399 1562 500 1613 καὶ
545 1562 934 1632 γονιμώτατον,
965 1566 1100 1635 ὅπερ
1134 1567 1279 1618 ἐστὶν
1324 1567 1488 1636 ὑγρὸν
1535 1555 1743 1632 ὀστοῦν,
1775 1569 1859 1620 ἐκ

258 1652 478 1706 πάντων
512 1656 967 1728 ἐπαθροιζόμενον
994 1657 1099 1710 τῶν
1126 1658 1321 1728 μελῶν,
1346 1659 1717 1729 ἀφροποιῆσαν
1743 1659 1840 1712 καὶ

256 1747 603 1817 θρομῦωθὲν,
633 1749 720 1802 διὰ
752 1749 860 1802 τῶν
890 1749 1219 1818 παιδογόνων
1249 1754 1330 1814 εἰς
1353 1751 1450 1822 τὴν
1471 1751 1708 1823 ἔμψυχον
1738 1754 1840 1824 τῆς

255 1838 478 1908 θηλείας
521 1840 736 1906 egoen:
769 1843 890 1913 γῆν.
919 1844 1150 1907 Εἰκότως
1185 1845 1290 1914 ἄρα
1317 1844 1498 1897 ἕνεκεν
1523 1845 1710 1898 τούτου
1740 1863 1838 1899 κα-

253 1932 503 1985 ταλιπεῖν
545 1934 794 1988 λέλεκται
823 1936 914 1990 τὸν
943 1937 1148 2008 πατέρα
1179 1938 1272 1990 καὶ
1305 1937 1403 2009 τὴν
1451 1938 1681 2010 μητέρα,
1715 1939 1834 1992 τότε

1939 738 2116 819 primo
2147 739 2350 792 homini
2375 738 2574 807 injecta
2602 738 2859 800 exstasis,
2903 737 3009 793 viri
3040 739 3181 794 inter
3209 741 3505 796 muliebres

1940 830 2222 900 amplexus
2243 830 2600 885 mulcedinem
2625 830 2772 884 illam
2809 832 3182 902 praeﬁgurans,
3213 848 3338 888 cum
3366 834 3506 890 libe-

1940 939 2124 978 rorum
2157 922 2347 979 sitiens
2377 939 2408 977 a
2465 938 2524 978 se
2555 924 2714 992 «ιιιθεί
2771 923 3008 990 excedit,
3053 925 3378 994 genitalibus
3407 943 3508 997 per

1937 1030 2188 1070 somnum
2215 1013 2556 1070 elleminatus
2581 1012 2813 1078 deliciis,
2843 1021 2902 1067 ut
2930 1029 3148 1070 rursum
3175 1017 3246 1071 ab
3265 1017 3385 1087 ejus
3411 1033 3510 1074 os-

1939 1106 2092 1161 sibus
2129 1114 2183 1160 et
2215 1121 2380 1161 carne
2409 1105 2697 1174 decerptus
2752 1105 3150 1178 delibatusque,
3209 1110 3370 1174 alius,
3422 1112 3503 1166 uti

1938 1203 2206 1266 dicebam,
2235 1202 2396 1257 homo
2421 1201 2727 1270 impleatur.
2761 1200 2998 1258 Turbata
3029 1203 3174 1259 enim
3213 1220 3504 1276 corporum

1938 1294 2220 1348 harmonia
2245 1295 2648 1351 titillationibus
2676 1296 2876 1357 coitus,
2907 1296 2987 1349 uti
3033 1311 3134 1352 nos
3164 1297 3382 1362 docent,
3408 1298 3504 1367 qui

1938 1403 2076 1458 opus
2106 1390 2352 1444 maritale
2381 1391 2588 1460 experti
2643 1398 2792 1456 sunt,
2844 1390 3143 1445 medullosa
3183 1405 3410 1461 quaeque
3439 1404 3504 1444 ac

1937 1481 2186 1551 proliﬁca.
2238 1495 2365 1550 pars
2396 1481 2701 1551 sanguinis,
2738 1482 2884 1552 quod
2927 1496 2990 1535 os
3031 1480 3303 1552 quoddam
3334 1481 3500 1551 liqui-

1937 1571 2066 1627 dum
2095 1579 2204 1640 est,
2234 1588 2298 1628 ex
2327 1573 2548 1629 cunctis
2573 1581 2762 1628 coacta
2791 1573 3070 1638 membris,
3090 1588 3349 1643 spumoso
3376 1589 3506 1630 coa-

1935 1663 2061 1734 gulo
2088 1679 2471 1728 concrescens,
2534 1679 2630 1735 per
2663 1665 2941 1721 naturales
2975 1673 3185 1720 meatus
3219 1665 3272 1719 in
3325 1665 3502 1720 vivam

1937 1753 2148 1808 femina:
2181 1753 2402 1806 humum
2420 1753 2712 1824 expluitur.
2732 1751 2921 1808 Merito
2940 1762 3160 1822 propter
3183 1757 3283 1808 hoc
3298 1752 3503 1807 dictum

1935 1857 2037 1912 est,
2073 1846 2457 1902 derelicturum
2483 1846 2754 1901 hominem
2780 1854 2984 1916 patrem
3013 1854 3066 1900 et
3091 1856 3336 1911 matrem,
3367 1860 3506 1900 cun-

1935 1942 2037 1994 ctis
2067 1948 2286 2009 repente
2314 1955 2409 2009 per
2437 1939 2550 1994 haec
2613 1939 2898 1994 intervalla
2928 1939 3187 1994 memoria
3240 1939 3502 1995 elabenli-

256 2025 472 2077 πάντων
505 2025 720 2098 ἀθρόως
747 2028 1154 2099 ἀμνημονήσας,
1183 2029 1268 2080 ὅτε
1296 2027 1664 2100 φιλοστόργοις
1688 2029 1832 2082 ἐνού-

1938 2031 2059 2095 bus,
2107 2033 2232 2085 dum
2287 2030 2662 2100 conjugalibus
2695 2020 3298 2102 mulie'riagglutinatus
3349 2047 3505 2086 com-

256 2133 413 2186 μενος
435 2119 502 2187 τῇ
535 2119 754 2185 γυναικὶ
786 2119 1143 2189 συμπλοκαῖς,
1177 2121 1403 2190 κάτοχος
1432 2123 1721 2192 ἐπιθυμίας
1742 2123 1828 2191 γί-

256 2225 398 2260 νεται
435 2211 782 2281 γεννητικῆς,
813 2213 1069 2282 παρέχων
1104 2213 1450 2282 ἀφαιρεῖσθαι
1479 2215 1554 2286 τῷ
1577 2215 1704 2286 θείῳ
1732 2215 1829 2288 τὴν

253 2300 491 2371 πὶευράν
525 2302 865 2374 δημιουργῷ,
907 2306 1055 2368 ὅπως
1080 2307 1137 2373 ἐξ
1168 2308 1283 2360 υἱοῦ
1318 2309 1382 2380 δὴ
1415 2309 1694 2373 καὶάὐτὸς
1721 2327 1856 2364 πα-Δ

251 2393 353 2463 τὴρ
383 2394 551 2446 πάλιν
576 2398 808 2467 ἐκφανῇ.

326 2486 534 2538 Οἰδκοῦν
561 2487 728 2541 εἰσέτι
763 2488 1092 2554 πλάσσοντος
1135 2491 1229 2544 καὶ
1269 2489 1364 2545 νῦν
1415 2491 1478 2563 δὴ
1510 2491 1598 2546 τὸν
1625 2493 1834 2565 ἀνθρων

250 2594 352 2629 ’πον
374 2578 466 2630 τοῦ
493 2579 658 2642 Θεοῦ,
698 2580 813 2643 πῶς
834 2581 893 2632 οὑ
922 2581 1188 2654 τολμηρὸν
1230 2583 1291 2635 τὸ
1321 2583 1705 2654 βδελύσσεσθαι
1730 2588 1831 2658 τὴν

251 2671 629 2742 παιδουργίαν,
656 2673 721 2741 ἥν
754 2673 913 2736 αὐτὸς
942 2675 1040 2727 οὐκ
1065 2675 1447 2746 ἐπαισχύνεται
1490 2681 1608 2741 ταῖς
1638 2679 1834 2750 ἀμιάν-

249 2779 356 2826 τοις
397 2765 426 2815 ό
468 2765 876 2840 Παντοκράτωρ
927 2767 1290 2839 ἐργαζόμενος
1340 2770 1530 2842 χερσί;
1572 2771 1692 2840 Πρὸ
1723 2772 1830 2827 τοῦ

251 2857 355 2926 γάρ
387 2876 465 2924 με
503 2858 738 2912 πλάσαι
775 2877 849 2913 σε
877 2860 947 2913 ἐν
987 2861 1202 2927 κοιλίᾳ,
1251 2862 1574 2931 ἐπίσταμαί
1620 2881 1712 2929 σε,
1753 2864 1830 2936 τῷ

263 2949 499 3021 Ἱερεμίᾳ.
537 2953 688 3022 φησί.
724 2952 814 3023 Τῷ
834 2953 891 3007 δὲ
933 2955 1051 3008 Ἰὼϐ
1076 2973 1088 2985 °
1123 2955 1219 3024 Μὴ
1245 2957 1349 3023 σὺ,
1386 2957 1587 3011 λαϐὼν
1608 2957 1832 3026 πηλὸν,

252 3041 526 3107 ἔπλασας·
552 3041 721 3106 ζῶον,
747 3044 846 3097 καὶ
877 3046 1145 3114 λαλητὸν
1177 3046 1323 3100 αὺτό
1363 3047 1678 3116 ἐποίησας,
1701 3046 1828 3117 ἔφη,

252 3134 339 3184 ἐπὶ
373 3133 482 3200 τῆς
522 3134 674 3202 γῆς
703 3137 814 3189 Καὶ
853 3139 881 3188 ὁ
918 3136 1035 3189 Ἰὼϐ
1074 3138 1209 3209 πρὸς
1239 3138 1396 3191 αὐτὸν
1426 3138 1689 3202 εὐκτικῶς
1719 3137 1829 3209 (28)

253 3224 493 3294 φέρεται,
525 3227 700 3295 λέγων
728 3229 818 3280 τό·
847 3233 914 3282 Αἱ
936 3230 1130 3298 χεῖρές
1151 3245 1266 3284 σου
1295 3230 1590 3298 ἐποίησάν
1613 3248 1709 3301 με,
1731 3231 1828 3285 καὶ

250 3316 531 3370 ἐκλιπεῖν
580 3336 678 3387 με.
717 3319 842 3382 Πῶς
894 3320 950 3371 δὲ
1005 3321 1104 3374 οὐκ
1150 3322 1346 3375 ἄτοπον
1380 3321 1458 3386 τὸ,
1492 3321 1831 3393 ἀπαγορεύε-

1932 2122 2203 2193 plexibus.
2229 2123 2477 2193 genitalis
2507 2123 2683 2193 impos
2709 2121 2948 2177 libidinis
2970 2123 3147 2177 evadit
3170 2143 3183 2178 :
3211 2125 3505 2181 tollendam

1929 2217 2138 2264 costam
2158 2211 2345 2266 divino
2389 2211 2635 2280 praebens
2665 2210 2880 2276 artiﬁci,
2911 2220 2970 2265 ut
2994 2227 3055 2267 ex
3085 2213 3350 2269 ﬁlioidem
3375 2232 3506 2271 rur-

1930 2318 2025 2358 sus
2055 2310 2204 2374 pater
2224 2302 2473 2358 exsistat.

1999 2485 2385 2554 Quamourem,
2415 2481 2524 2543 Deo
2553 2489 2850 2544 etiamnum
2877 2489 3120 2560 quotidie
3151 2505 3247 2561 per
3287 2489 3507 2562 nuptia-

1931 2579 2034 2635 lem
2059 2580 2327 2650 ejusmodi
2349 2579 2705 2651 congressum
2730 2582 3005 2637 hominem
3040 2581 3326 2651 formante,
3365 2599 3505 2654 quo-

1933 2671 2092 2725 modo
2125 2687 2234 2726 non
2260 2673 2610 2728 temerarium
2668 2673 2834 2729 fuerit
2861 2674 3163 2730 abominari
3209 2675 3502 2730 liberorum

1930 2766 2386 2836 procreationem,
2438 2766 2527 2820 cui
2583 2781 2713 2822 suas
2773 2767 3151 2824 immaculatas
3197 2767 3505 2824 immiscere

1930 2873 2126 2913 manus
2145 2858 2493 2928 omnipotens
2521 2857 2750 2914 Crealor
2775 2858 2918 2912 haud
2953 2857 3272 2912 indecorum
3301 2857 3505 2913 ducat?

1930 2947 2249 3020 Priusquam
2290 2953 2478 3016 enim,
2524 2951 2733 3021 inquit,
2783 2951 3067 3020 {amtorem
3123 2961 3171 3004 te
3222 2951 3276 3004 in
3332 2960 3501 3017 utero,

1931 3043 2048 3096 novi
2078 3053 2144 3106 te,
2179 3025 2468 3098 Jel’emiam
2497 3045 2778 3114 alloquens
2801 3046 2866 3096 ".
2885 3043 2950 3097 Et
2981 3043 3116 3098 Jobo
3144 3043 3315 3097 ait”:
3348 3040 3504 3096 Nun-

1931 3133 2053 3205 quid
2085 3146 2141 3188 tu
2181 3136 2537 3204 acceptolimo
2571 3137 2816 3207 omnxisti
2857 3136 3079 3198 animal,
3132 3145 3180 3189 et
3215 3134 3390 3189 vocale
3431 3135 3502 3189 il-

1931 3225 2021 3280 lud
2056 3226 2227 3295 fecisti
2254 3242 2409 3294 super
2440 3231 2682 3283 terram?
2728 3227 2898 3283 Jobus
2944 3237 3124 3282 autem
3172 3235 3362 3281 contra
3391 3226 3505 3283 Deo

1931 3319 2156 3389 supplex
2192 3319 2421 3382 accedit,
2455 3319 2643 3374 dicens
2673 3321 2723 3351 “
2756 3338 2769 3372 :
2802 3319 2994 3374 Manus
3021 3329 3126 3373 tua:
3146 3319 3375 3388 fecerunt
3399 3334 3501 3382 me,

253 3408 374 3461 σθαι
424 3411 621 3479 γάμων
667 3411 1007 3480 συναλλαγὰς
1030 3453 1043 3475 ,
1101 3415 1565 3485 προσδοκωμένων
1612 3415 1690 3467 ἔτι
1735 3417 1829 3470 καὶ

1932 3423 1978 3467 et
2013 3415 2407 3482 plasmaoerunt
2437 3430 2535 3468 me.
2571 3412 2855 3478 Quomodo
2901 3426 3029 3466 vero
3068 3427 3176 3467 non
3205 3410 3501 3466 absurdum

257 3499 372 3569 μεθ’
405 3504 550 3568 ἡμᾶς
579 3501 796 3555 ἔσεσθαι
837 3503 1147 3575 μαρτύρων,
1183 3506 1273 3558 καὶ
1295 3505 1402 3558 τῶν
1433 3504 1827 3576 ἀντιτασσομέέ

253 3608 362 3643 νων
390 3591 467 3661 τῷ
511 3594 746 3665 πονηρῷ,
773 3595 840 3670 δι’
874 3595 966 3660 οὓς
1009 3596 1072 3666 δὴ
1102 3597 1194 3650 καὶ
1237 3595 1333 3660 τὰς
1367 3597 1581 3668 ἡμέρας
1609 3600 1637 3650 ό
1673 3596 1829 3664 λόγος

249 3684 612 3753 ἐπηγγείλατο
665 3685 1166 3758 κολοϐωθήσεσθαι;
1217 3691 1277 3742 Ei
1325 3688 1432 3762 γὰρ
1478 3689 1697 3760 φαῦλον,
1751 3691 1826 3755 ὡς

249 3775 398 3845 ἔφης,
435 3777 772 3830 ἀπεντεῦθεν
820 3779 1128 3850 νενόμισται
1161 3780 1238 3850 τῷ
1267 3780 1384 3852 θεῷ
1429 3781 1490 3833 τὸ
1536 3783 1830 3836 παιδοσπο-

251 3871 374 3936 ρεῖν,
411 3870 479 3921 δι’
509 3872 576 3941 ἣν
621 3871 800 3924 αἰτίαν
831 3873 880 3924 οἱ
923 3871 1072 3942 παρὰ
1110 3873 1286 3943 δόγμα
1321 3874 1574 3945 φυόμενοι
1604 3876 1697 3928 καὶ
1726 3875 1825 3948 τὴν

249 3961 436 4032 βουλὴν
470 3964 572 4034 τὴν
623 3961 789 4026 θείαν,
821 3965 1100 4035 εὐάρεστοι
1130 3955 1446 4037 δυνήσονται
1478 3968 1824 4039 παραστῆναι

243 4054 316 4125 τῷ
360 4055 517 4126 Θεῷ;
565 4057 635 4110 Ἦ
668 4058 783 4122 πῶς
813 4059 911 4111 οὐκ
945 4059 1154 4132 ἀνάγκη
1209 4056 1348 4113 εἶναι
1387 4061 1654 4132 κίϐδηλον,
1690 4059 1826 4114 ἀλλὰ

247 4147 317 4219 μὴ
347 4149 583 4218 θεοφιλὲς
619 4149 730 4218 (29')
757 4151 815 4204 τὸ
840 4152 1050 4222 τεχθὲν,
1086 4154 1135 4204 εί
1159 4152 1310 4221 παρὰ
1347 4154 1445 4224 τὴν
1476 4151 1700 4223 γνώμην
1729 4152 1824 4206 καὶ

241 4241 298 4294 τὸ
337 4242 622 4313 διάταγμα
654 4244 810 4316 δίκην
848 4246 1352 4318 παραχαρὰγματος
1393 4246 1688 4300 πλάσσεται
1725 4247 1824 4316 τῆς

240 4331 560 4404 δυνάμεως
597 4336 685 4388 ἵνα
737 4337 801 4408 δὴ
861 4338 956 4390 καὶ
999 4338 1304 4411 ἀνθρώποις
1353 4338 1611 4392 δύνασθαι
1640 4337 1820 4410 δῶμεν

240 4427 336 4480 ἀνθ
346 4431 614 4498 ρωποπλα
622 4433 783 4485 στεῖν.

1934 3505 2098 3559 fuerit
2120 3504 2410 3574 prohibere
2441 3517 2771 3572 congressus
2802 3502 3091 3572 nuptiales,
3147 3516 3273 3556 cum
3305 3515 3510 3570 ωερε-ι·

1933 3605 2150 3651 ctentur
2181 3599 2345 3651 etiam
2372 3605 2494 3666 post
2524 3611 2628 3650 nos
2677 3595 2843 3649 futuri
2867 3600 3156 3666 martyres,
3199 3600 3254 3647 et
3282 3592 3374 3663 qui
3408 3607 3504 3649 ne-

1934 3688 2198 3758 quissimo
2227 3687 2471 3742 restituri
2527 3695 2676 3752 sunt,
2731 3687 2804 3741 ob
2843 3700 2983 3756 quos
3032 3686 3196 3740 etiam
3259 3684 3506 3738 brevian-

1932 3782 2031 3836 dos
2060 3781 2175 3835 dies
2198 3781 2320 3836 illos
2345 3780 2616 3849 pollicitus
2633 3788 2718 3835 est
2743 3779 2962 3834 divinus
2981 3793 3162 3834 sermo
3182 3777 3252 3831 "?
3278 3775 3432 3844 Quod
3455 3779 3502 3832 si

1930 3870 2154 3934 malum,
2181 3876 2238 3923 ut
2262 3869 2470 3934 aiebas,
2506 3884 2572 3923 ex
2617 3869 2720 3924 hoc
2748 3877 2991 3939 tempore
3025 3867 3134 3923 Deo
3177 3867 3353 3924 visum
3395 3877 3501 3931 est,

1930 3962 2115 4018 liberis
2133 3978 2354 4032 operam
2373 3963 2522 4024 dare,
2545 3977 2654 4032 quo
2677 3969 2836 4032 pacto
2867 3961 2942 4014 illi
2956 3976 3094 4030 quos
3114 3959 3324 4014 futuros
3341 3956 3504 4013 Chri-

1929 4059 2047 4107 stus
2078 4051 2347 4122 praadixit,
2403 4058 2672 4122 martyres
2695 4058 2749 4104 et
2772 4051 2970 4114 sancti,
3021 4057 3215 4105 contra
3245 4048 3340 4104 Dei
3365 4049 3504 4104 adeo

1931 4144 2188 4214 placitum
2219 4156 2272 4201 et
2309 4146 2641 4200 voluntatem
2669 4145 2805 4210 nati,
2867 4161 3039 4215 usque
3065 4146 3114 4200 ei
3147 4143 3299 4198 chari
3329 4151 3382 4198 et
3409 4158 3502 4199 ac-

1930 4237 2070 4308 cepti
2109 4253 2232 4293 esse
2297 4239 2590 4308 poterunt?
2616 4237 2726 4292 Aut
2781 4238 3053 4308 quomodo
3082 4253 3190 4292 no
3241 4237 3501 4307 plagiaria

1927 4329 2114 4384 nescio
2147 4344 2255 4399 qua
2287 4331 2633 4400 suppositum
2668 4339 2786 4385 arte
2836 4345 2901 4383 ac
2954 4345 3144 4394 manu,
3179 4345 3285 4383 non
3313 4326 3499 4383 divina

1925 4423 2136 4478 satione
2159 4430 2344 4476 natum
2373 4420 2507 4475 illud
2536 4420 2902 4491 quodcunque
2929 4419 3087 4474 fateri
3132 4434 3358 4475 necesse
3388 4428 3494 4480 est,

245 4521 386 4587 illud
462 4531 662 4589 praeter
715 4531 947 4578 mentem
1001 4540 1063 4580 ac
1085 4533 1275 4582 contra
1337 4526 1711 4597 praescriptum
1756 4521 1996 4577 creantis
2043 4516 2296 4588 potentiae
2361 4514 2704 4570 subdititium
2735 4514 3040 4569 exstiterit?
3087 4520 3222 4567 utet
3265 4511 3498 4568 faculta-

237 4615 352 4666 tem
375 4611 646 4665 condendi
677 4613 914 4670 hominis
951 4615 1266 4672 hominibus
1298 4617 1646 4671 tribuendam
1687 4614 1811 4684 quis
1842 4613 1993 4668 velit.

563 4748 694 4802 CAP.
734 4748 822 4807 lll.
858 4749 1030 4804 Locus
1057 4749 1344 4820 Scriptura:
1370 4760 1608 4806 vexatus.
1632 4749 1837 4820 Spurii,
1869 4765 1975 4804 non
1998 4747 2168 4803 solum
2192 4735 2396 4817 ﬁdeles,
2426 4743 2518 4800 sed
2539 4753 2588 4799 et
2611 4742 2921 4816 quandoque
2942 4743 3173 4814 prtvlati.

311 4869 425 4941 Καὶ
476 4873 509 4941 ἡ
557 4872 853 4943 Μαρκέλλα
902 4871 1266 4938 ὑπολαϐοῦσα,
1298 4878 1343 4928 ὼ
1382 4874 1635 4945 Θεοφίλα,
1683 4873 1825 4944 μέγα

1998 4869 2099 4925 Hic
2121 4868 2373 4925 Marcella
2401 4866 2773 4938 interpellans,
2811 4865 3006 4924 Gravis
3055 4883 3232 4933 error,
3253 4883 3288 4924 ο
3318 4867 3496 4923 Theo-

239 4962 486 5032 σφάλμα,
522 4964 648 5033 ἔφη,
681 4964 775 5017 καὶ
818 4964 1058 5019 ἐναντίον
1103 4961 1184 5030 οἷς
1232 4964 1392 5031 εἶπας
1424 4968 1779 5038 ἀναφαίνεται
1803 4983 1818 4998 ·

239 5057 336 5107 καὶ
373 5057 476 5108 οἴει
507 5057 786 5127 λεληθέναι
839 5061 1210 5131 παρωσαμένη
1256 5060 1570 5132 τηλικοῦτον
1624 5061 1819 5132 νέφος;

240 5149 399 5202 Ἡκει
437 5150 550 5220 γὰρ
588 5153 790 5214 ἐκεῖνος
818 5154 846 5205 ό
879 5151 1054 5220 λόγος,
1077 5154 1135 5206 ὃν
1169 5155 1316 5218 ἴσως,
1345 5154 1588 5208 ἁπαιτῶν
1638 5170 1696 5208 σε
1741 5171 1823 5217 τις

234 5240 305 5304 ὡς
330 5244 681 5312 σοφωτάτην,
715 5244 875 5309 λέξει.
912 5247 1045 5318 Περὶ
1082 5246 1190 5300 τῶν
1223 5248 1287 5300 ὲκ
1331 5246 1572 5318 μοιχείας
1603 5249 1821 5318 ἀνόμως

235 5333 523 5401 φυομένων
552 5334 605 5386 τί
628 5336 766 5406 φῄς
803 5336 1049 5401 Ἔδωκας
1072 5338 1180 5410 γὰρ
1211 5338 1472 5392 εἰσελθεῖν
1507 5341 1585 5402 εἰς
1612 5337 1705 5393 τὸν
1730 5339 1822 5392 κό-

300 5495 342 5523 ¹¹
375 5493 493 5552 Jer.
531 5514 569 5560 ι,
602 5497 655 5552 5.

308 5635 417 5705 (28)
450 5635 782 5702 Εὐκτικώς.
813 5637 1067 5704 Allatius,
1101 5639 1352 5705 εὐσεϐῶς.
1400 5639 1489 5695 Sic
1544 5647 1599 5696 et
1645 5641 1814 5697 codex

240 5701 432 5763 Mazar.
470 5701 769 5764 Constans.

1923 4965 2093 5037 phila,
2129 4965 2182 5018 in
2214 4973 2326 5027 tua,
2354 4961 2555 5032 inquit,
2583 4962 2832 5018 oratione
2861 4972 3104 5032 apparet,
3147 4964 3239 5034 qui
3269 4978 3386 5018 eam
3411 4977 3498 5018 se-

1923 5073 2047 5113 cum
2079 5058 2255 5128 ipsam
2300 5057 2612 5122 committit,
2673 5057 2953 5110 contraria
3004 5057 3210 5126 priuso
3259 5061 3313 5109 te
3335 5055 3500 5112 dictis

1923 5159 2177 5207 astruens
2209 5170 2222 5206 :
2249 5159 2302 5205 et
2333 5157 2492 5222 putas
2525 5158 2579 5206 te
2610 5151 2779 5204 latere
2808 5157 2959 5204 tanta
2987 5149 3160 5204 oll'usa
3187 5147 3364 5204 nube?
3391 5145 3500 5204 0c-

1923 5246 2096 5299 currit
2118 5253 2299 5300 tamen
2327 5245 2417 5300 ille
2452 5245 2550 5299 tibi
2580 5261 2647 5300 ex
2685 5243 2917 5300 adverso
2948 5257 3148 5305 sermo,
3181 5257 3291 5314 quo
3312 5248 3366 5297 te
3393 5242 3497 5297 alio

1924 5339 2048 5409 quis
2071 5349 2128 5394 ut
2154 5340 2614 5410 sapientissimam
2649 5340 2840 5396 adiens
2870 5341 3208 5412 interrogare
3256 5340 3366 5396 isto
3403 5354 3504 5413 pa-

733 5499 780 5530 “
807 5498 909 5553 Job
940 5516 1166 5565 xxxuu,
1199 5500 1286 5558 Μ.
1326 5519 1430 5556 sec.
1471 5499 1644 5554 LXX.
1721 5501 1766 5533 ⁸⁵
1788 5500 1888 5555 Job
1930 5518 1983 5564 x,
2025 5500 2082 5557 8.
2138 5501 2205 5532 ""
2237 5497 2432 5556 Matth.
2464 5513 2616 5564 ntv,
2647 5497 2752 5564 22;
2789 5496 2964 5556 Marc.
2996 5514 3116 5560 xm,
3150 5498 3240 5552 20.

1997 5641 2106 5704 (539)
2134 5638 2416 5709 Θεοφυές.
2452 5638 2527 5693 lta
2566 5641 2689 5695 cod.
2745 5637 2869 5694 Vat.
2927 5638 2995 5695 At
3028 5641 3256 5698 Allatius
3307 5646 3361 5696 et
3389 5653 3496 5697 ms.

1928 5710 2128 5765 Mazar.
2149 5750 2163 5774 ,
2186 5711 2450 5781 θεοφιλές,
2486 5710 2593 5765 Deo
2625 5713 2842 5765 charum
2898 5709 2974 5764 In.
