4052 6338
538 268 600 328 st
874 250 889 255 ⁷
1482 283 1539 340 s.
1584 287 1914 346 METHODII
1953 292 2259 353 EPISCOPI
2298 298 2385 353 ET
2425 299 2780 357 MARTYRIS
3102 250 3111 259 λ
3691 294 3756 353 5%

536 396 626 440 cto
651 389 841 457 possit.
876 389 951 447 De
983 391 1049 448 iis
1072 396 1164 464 qui
1214 411 1278 450 ex
1330 398 1597 455 adulterio
1621 402 1888 472 illigitime
1936 420 2099 477 gene-

2202 428 2336 482 σμον
2379 412 2659 484 ἀμήχανον
2708 414 2844 468 εἶναι
2877 415 2970 470 καὶ
3002 416 3277 485 ἀδύνατον,
3312 418 3385 491 μὴ
3428 437 3759 496 χειραγωγη-

537 486 752 544 rantur,
787 480 920 537 heus
955 493 1010 538 tu
1032 485 1162 554 quid
1194 486 1368 544 dicis?
1396 491 1727 547 (Ioncessisti
1774 496 1918 550 enim
1949 498 2100 552 nulla

537 584 699 640 posse
733 572 941 629 ratione
971 575 1085 630 ﬁeri
1107 587 1164 631 ut
1188 580 1311 649 quis
1340 582 1521 637 veniat
1542 587 1596 638 in
1635 587 1919 653 mundum,
1966 590 2099 659 quin

536 662 736 717 divinae
763 664 812 718 ei
846 665 1146 734 majestatis
1172 682 1336 728 nutus
1367 674 1563 730 ductor
1584 678 1875 744 exstiterit,
1911 691 2100 751 parato

534 756 583 809 ei
612 757 706 826 qui
735 757 806 810 sit
837 759 1171 825 nasciturus,
1203 778 1232 816 a
1270 763 1381 821 Deo
1401 771 1748 838 corpusculo.
1777 769 1842 824 Et
1869 787 1938 827 ne
1963 787 2097 827 con-

534 846 715 918 fugias
740 850 885 904 velut
917 852 971 905 in
1004 868 1182 909 arcem
1233 872 1507 925 securam,
1546 861 1758 930 prolato
1787 863 2101 921 testimonio

534 936 865 1010 Scripthrm,
924 941 1158 1001 dicentis
1213 947 1429 1017 :.Filii
1504 962 1679 1007 autem
1738 954 2101 1011 adulterorum

532 1032 896 1087 maturitatem
927 1051 1028 1090 non
1060 1051 1439 1111 consequentur
1463 1044 1543 1109 ¹⁶;
1576 1045 1784 1102 refellet
1806 1055 1858 1103 te
1882 1048 2099 1116 leniter,

531 1120 721 1181 dicens
759 1144 772 1180 :
804 1127 969 1199 Atqui
1000 1130 1247 1188 videmus
1275 1134 1417 1191 haud
1445 1153 1571 1194 raro
1591 1137 1882 1211 illegitimis
1905 1157 2103 1200 conce-

532 1225 657 1286 ptos
688 1224 902 1290 copulis
925 1232 1297 1283 maturescere
1323 1229 1377 1283 in
1405 1239 1596 1300 partus
1627 1232 1815 1291 vitales
1831 1237 2102 1294 valentes-

530 1327 638 1382 que
669 1313 1002 1373 adolescere.

602 1402 661 1459 Si
690 1411 874 1461 autem
940 1418 1132 1479 argute
1158 1409 1356 1467 iterum
1391 1413 1735 1488 distinguens
1765 1415 1941 1484 dicas,
1987 1418 2101 1490 Ego

528 1512 685 1562 vero,
713 1495 849 1553 heus
875 1506 954 1565 tu,
986 1504 1319 1562 maturitatis
1349 1507 1570 1563 nomine
1612 1524 1775 1579 quam
1835 1524 1943 1566 non
1976 1527 2104 1567 con-

529 1597 851 1659 sequantur,
878 1592 1147 1661 justitiam
1188 1594 1556 1653 Christianam
1626 1600 1887 1674 intelligo,
1944 1601 2102 1674 cuius

529 1681 610 1736 illi
638 1692 920 1756 compotes
962 1701 1071 1741 non
1113 1695 1260 1752 sunt,
1289 1700 1515 1761 reponet
1565 1693 1791 1749 statim:
1848 1695 2035 1764 Atqui,
2066 1711 2101 1750 ο

2200 502 2361 555 θέντα
2381 502 2459 573 τῷ
2486 502 2746 576 θελήματι
2769 504 2867 578 τῆς
2898 507 3264 581 μεγαλοσύνης
3291 510 3421 580 (50),
3451 529 3751 568 κατασκευ-

2199 595 2453 660 ασθέντος
2486 597 2644 651 αὐτοῦ
2677 598 2771 651 τοῦ
2811 598 3162 671 σκηνιῦματος
3188 602 3323 672 πρὸς
3350 601 3442 655 τοῦ
3472 602 3625 659 Θεοῦ.
3649 605 3758 660 Καὶ

2200 687 2286 741 ἵνα
2317 687 2390 760 μὴ
2432 689 2747 764 καταφύγῃς
2773 690 2958 755 ῶσπερ
2981 694 3065 757 εἰς
3084 693 3279 764 τειχίον
3313 695 3590 765 ἐχέγγυον,
3619 716 3757 770 προ-

2199 776 2542 855 χειριζομένη
2570 784 2669 855 τὴν
2694 783 2954 853 λέγουσαν
2980 786 3220 858 Γραφὴν,
3250 787 3433 843 Τέκνα
3453 789 3519 843 δὲ
3531 791 3758 860 μοιχῶν

2199 872 2666 942 ἀτελεσφόρητα,
2701 875 3095 947 ἀποκρούσεταί
3124 895 3181 930 σε
3220 877 3407 950 πράως
3436 880 3621 946 εἰπὼν,
3651 883 3751 938 ὅτι·

2199 964 2312 1017 Καὶ¹
2344 964 2449 1036 μὴν
2486 965 2828 1037 τελεσφόροις
2861 967 3138 1039 πολλαχῶς
3171 970 3351 1023 ὠδῖσιν
3390 969 3594 1044 ὦριμον
3623 990 3760 1045 καρ-

2201 1053 2301 1107 πὸν
2324 1056 2448 1119 τοὺς
2483 1057 2547 1110 ὲκ
2576 1058 2907 1130 παρανόμων
2950 1060 3345 1131 συλληφθέντας
3369 1057 3471 1120 ὧδε
3498 1064 3761 1120 συναλλα⁸

2200 1144 2310 1214 γῶν
2335 1146 2549 1217 ὁρῶμεν
2586 1150 2902 1220 φυομένους.

2269 1414 2332 1467 Εἰ
2359 1412 2401 1466 δ’
2437 1409 2503 1469 αὖ
2533 1413 2694 1468 πάλιν
2721 1413 3043 1485 σοφιζομένη
3080 1410 3339 1486 φαίης,Ὦ
3366 1432 3535 1481 ουτος,
3567 1412 3676 1484 ἐγῶ
3697 1418 3762 1474 τδ

2198 1504 2625 1578 ἁτελεσφόρητον
2673 1505 2764 1559 ἐπὶ
2809 1506 2915 1559 τῶν
2952 1507 3338 1578 τελειουμένων
3372 1507 3608 1579 ἡγοῦμαι
3635 1508 3762 1565 τάσ⁴

2198 1596 2385 1648 σεσθαι
2413 1599 2478 1667 τῇ
2518 1594 2950 1667 Χριστοδιδάκτῳ
2976 1595 3308 1671 δικαιοσύνῃ,
3332 1597 3622 1666 λελέξεταιο
3649 1600 3763 1656 Καὶ

2202 1685 2328 1755 μὴν,
2355 1680 2400 1739 ὧ
2439 1686 2701 1757 μακαρία,
2738 1686 2975 1741 πλεῖστοι
3009 1688 3288 1761 τεχθέντες
3319 1689 3378 1756 ἐξ
3415 1691 3598 1743 ἀδίκου
3638 1708 3764 1745 σπο-

526 1774 707 1843 beata,
738 1778 893 1831 multi
919 1794 985 1832 ex
1011 1778 1198 1850 iniquo
1245 1783 1348 1836 sati
1384 1785 1613 1853 semine,
1673 1785 1844 1840 nihilo
1894 1788 2097 1852 secius,

2203 1779 2303 1850 ρᾶς
2333 1777 2483 1832 οὐδὲν
2514 1765 2757 1849 ἥττον’ού
2791 1779 2948 1850 μόνον
2982 1784 3049 1852 τῇ
3076 1780 3276 1855 ποίμνῃ
3308 1783 3762 1851 συναγελάζεσθαι

527 1879 638 1920 non
674 1866 849 1922 solum
875 1869 1026 1939 gregi
1053 1870 1292 1925 ﬁdelium
1325 1872 1572 1939 adunati,
1610 1890 1799 1931 verum
1829 1876 1993 1932 etiam
2040 1886 2101 1933 ut

526 1955 637 2012 illis
665 1967 964 2026 praeessent
1002 1961 1147 2017 haud
1177 1976 1314 2030 raro
1360 1966 1538 2020 sortiti
1569 1976 1717 2022 sunt.
1750 1967 1930 2033 Quare
1972 1984 2097 2024 cum

526 2049 805 2103 communi
828 2051 1070 2105 omnium
1105 2069 1269 2110 sensu
1307 2062 1361 2111 et
1392 2057 1728 2127 experientia
1751 2057 2099 2113 notissimum

526 2137 621 2204 sit,
650 2148 802 2197 ortos
831 2157 899 2198 ex
949 2142 1221 2201 adulterio
1286 2147 1496 2204 utrovis
1544 2150 1707 2205 modo
1744 2149 1890 2220 quod
1920 2149 2101 2221 perfe-

523 2239 674 2287 ctum
710 2243 795 2290 est
825 2236 1076 2307 adipisci,
1113 2254 1220 2295 non
1254 2249 1339 2296 est
1380 2242 1679 2312 putandum
1725 2242 1793 2298 de
1821 2244 2100 2314 concepti-

524 2323 629 2381 bus
658 2335 753 2382 aut
811 2331 1080 2399 partubus
1111 2333 1491 2403 propheticum
1524 2335 1655 2391 illud
1698 2333 1937 2407 Spiritus
1970 2351 2100 2392 san-

523 2420 600 2474 cti
629 2422 912 2477 oraculum
968 2439 1091 2480 esse
1126 2426 1575 2498 intelligendum;
1628 2428 1723 2485 sed
1748 2428 1888 2484 forte
1917 2429 2098 2500 potius

522 2510 592 2565 de
622 2511 729 2568 illis
753 2514 845 2584 qui
879 2515 1188 2572 ndullerant
1216 2520 1497 2587 veritatem
1536 2539 1549 2574 :
1577 2521 1669 2591 qui
1722 2521 1977 2575 nimirum
2008 2536 2095 2577 so-

524 2601 778 2672 phisticis
812 2605 1050 2662 decretis
1070 2617 1488 2680 corrumpentes
1519 2608 1858 2680 Scripturas,
1909 2612 2099 2666 imma-

523 2701 702 2749 turam
757 2698 986 2769 gi‘gnunt
1017 2702 1375 2771 sapientiam,
1423 2703 1570 2773 quod
1615 2704 1800 2773 pietati
1838 2712 2096 2758 errorem

384 2818 397 2833 ς
452 2818 458 2825 -
523 2790 941 2846 commisceant.
981 2790 1188 2864 Itaque,
1224 2794 1327 2849 hoc
1361 2812 1581 2866 quoque
1606 2796 1704 2849 tibi
1736 2795 1935 2865 ell‘ugio
1958 2809 2101 2865 pra:-

523 2880 703 2945 cluso,
740 2883 966 2949 imodo,
1002 2894 1055 2940 et
1104 2902 1170 2941 ex
1206 2888 1476 2942 adulterio
1533 2902 1753 2957 quoque
1799 2896 2096 2956 conceptos

525 2973 692 3040 fetus,
730 2978 1022 3047 responde,
1059 2978 1169 3034 Deo
1213 2980 1352 3036 bene
1386 2981 1602 3036 volente
1644 2980 1913 3055 generari.
1948 2977 2099 3033 Dixi—

2200 1871 2660 1943 καταριθμοῦνται
2690 1871 2797 1925 τῶν
2834 1872 3096 1943 ἀδελφῶν,
3131 1874 3265 1928 ἀλλὰ
3296 1876 3388 1928 καὶ
3409 1876 3763 1950 καθηγεῖσθαι

2198 1963 2404 2018 τούτων
2432 1962 2760 2036 κληροῦνται
2782 1964 3081 2036 πολλαχῶς.
3098 1966 3304 2020 Οὐκοῦν
3330 1967 3480 2031 ὄντος
3503 1969 3762 2040 φανεροῦ,

2199 2055 2294 2108 καὶ
2323 2056 2539 2110 πάντων
2573 2055 2942 2126 ἱστορούντων,
2974 2057 3068 2110 καὶ
3085 2057 3153 2110 τὰ
3172 2061 3234 2111 ὲκ
3254 2058 3496 2129 μοιχείας
3521 2059 3766 2129 φυόμενα

2198 2147 2712 2219 τελεσιουργεῖσθαι,
2753 2148 2814 2201 ού
2850 2148 2956 2221 χρὴ
3002 2149 3240 2221 νομίζειν
3288 2151 3415 2221 περὶ
3453 2150 3767 2221 συλλήψεων

2200 2240 2293 2293 καὶ
2321 2240 2494 2294 τόκων
2535 2241 2596 2294 τὸ
2642 2239 2863 2312 Πνεῦμα
2907 2240 3440 2313 προπεφητευκέναιο
3490 2240 3604 2294 ἀλλ’
3635 2239 3768 2306 ἴσως

2201 2332 2330 2404 περὶ
2358 2332 2464 2386 τῶν
2496 2331 2594 2403 τὴν
2615 2331 2873 2404 ἀλήθειαν
2901 2333 3272 2404 μοιχωμένων,
3305 2333 3498 2396 οἵτινες
3525 2331 3769 2402 κλεψιαὲ-

2201 2442 2319 2494 φοις
2347 2423 2652 2488 νοθεύοντες
2680 2424 2914 2496 δόγμασι
2941 2426 3040 2489 τὰς
3063 2425 3305 2497 Γραφὰς,
3340 2424 3769 2497 ἁτελεσφόρητον

2198 2515 2425 2587 γεννῶσι
2459 2517 2665 2586 σοφίαν,
2693 2520 2755 2589 τῇ
2793 2517 3069 2589 θεοσεϐείᾳ
3095 2518 3470 2589 συγκρίνοντες
3496 2519 3595 2590 τὴν
3627 2516 3770 2572 πλαι-

2199 2622 2316 2676 νην.
2350 2604 2439 2658 Διὸ
2470 2606 2562 2658 καὶ
2588 2604 2787 2676 ταύτης
2813 2622 2905 2658 σου
2933 2605 3032 2676 τῆς
3055 2607 3375 2677 προφάσεως
3404 2606 3767 2681 ἐξῃρημένης,

2201 2695 2309 2749 ἴσθι
2336 2695 2421 2768 δὴ,
2455 2697 2504 2749 εἰ
2537 2695 2631 2749 καὶ
2669 2696 2738 2750 τὰ
2771 2698 2835 2748 ὲκ
2870 2694 3113 2766 μοιχείας
3154 2695 3520 2761 εὐδοκοῦντος,
3545 2697 3775 2770 ἀπόκρι-

2200 2807 2308 2853 ναι,
2344 2788 2638 2859 γεννῶνται
2665 2788 2758 2841 τοῦ
2793 2787 3135 2860 Θεοῦ.¹Ἔφης
3163 2787 3291 2860 γὰρ,
3322 2784 3459 2843 εἶναι
3487 2789 3769 2854 ἀδύνατον,

2200 2879 2485 2952 ἀνθρώπου
2531 2879 2985 2950 τελεσφορηθῆναι
3036 2879 3220 2950 γονὴν,
3256 2881 3331 2952 μὴ
3384 2879 3770 2953 μορφώσαντος

2200 2971 2369 3043 αὐτὴν
2398 2972 2492 3025 καὶ
2522 2968 2872 3041 ψυχώσαντος
2907 2970 2999 3023 τοῦ
3037 2970 3263 3043 Κυρίου.

525 3072 595 3128 sti
619 3073 933 3149 enim,_lieri
956 3092 1064 3131 non
1086 3092 1249 3146 posse
1272 3086 1331 3131 ut
1380 3077 1447 3132 ad
1473 3078 1845 3133 maturitatem
1876 3083 1932 3132 et
1983 3073 2508 3131 consummationem
2567 3067 2848 3139 perveniat
2891 3068 3164 3123 humanus
3217 3066 3383 3134 fctus,
3425 3067 3535 3122 nisi
3582 3065 3774 3123 Domi-

526 3179 639 3224 nus
656 3165 886 3223 formam
917 3169 1270 3242 animumque
1289 3170 1565 3227 indiderit.

1259 3290 1383 3344 CAP.
1421 3287 1511 3346 Ν.
1544 3287 1797 3344 Humana
1828 3286 2115 3360 generatio,
2140 3280 2336 3351 Deique
2367 3276 2421 3330 in
2444 3291 2506 3329 ea
2539 3289 2667 3343 opus
2699 3270 3048 3326 declaratum.

596 3402 698 3460 Hic
719 3403 1045 3478 Theophila,
1080 3408 1230 3463 velut
1272 3409 1484 3465 robusti
1547 3408 1768 3464 lacertis
1796 3404 2097 3462 adversarii

2268 3397 2381 3453 Καὶ
2407 3398 2442 3468 ἡ
2473 3393 2726 3464 Θεοφίλα,
2751 3393 2859 3448 ἀπὸ
2892 3391 3138 3461 γενναίου
3162 3390 3349 3464 ῶσπερ
3374 3390 3636 3464 ληφθεῖσα
3660 3395 3775 3453 τῶν

526 3493 704 3547 media
732 3503 1007 3565 correpta,
1042 3497 1307 3568 vertigine
1329 3506 1534 3552 tentata
1564 3499 1800 3570 quadam
1831 3505 1948 3563 est;
1984 3505 2099 3551 tum

524 3598 670 3654 aegre
687 3585 902 3642 tandem
926 3588 1120 3657 spiritu
1157 3597 1464 3660 resumpto,
1497 3589 1653 3653 Rem,
1680 3589 1877 3661 inquit,
1909 3604 1943 3645 o
1972 3589 2101 3644 bea-

524 3681 603 3739 ta,
634 3677 858 3746 quaeris,
889 3678 959 3732 ad
1000 3679 1085 3734 sui
1135 3681 1352 3750 plenam
1386 3682 1816 3738 declarationem
1846 3682 2103 3750 exemplo

525 3768 765 3839 quodam
795 3770 1147 3841 indigentem,
1185 3773 1345 3842 cuius
1375 3773 1638 3830 beneficio
1659 3776 1858 3830 melius
1897 3774 2102 3829 intelli-

523 3875 644 3932 gas,
677 3858 773 3916 Dei
803 3862 910 3917 vim
941 3863 1258 3918 creatricem
1288 3879 1386 3934 per
1406 3866 1590 3919 omnia
1621 3865 1841 3934 quidem
1888 3865 2100 3935 pertin-

524 3962 766 4026 gentem,
824 3956 1097 4027 praecipue
1152 3965 1334 4011 tamen
1381 3956 1554 4027 ipsam
1614 3971 1645 4009 a
1691 3972 1751 4011 se
1802 3954 2098 4010 humanam

527 4055 788 4118 praestare
821 4048 1253 4119 generationem,
1279 4048 1528 4118 augendo
1560 4063 1681 4118 quae
1706 4049 1761 4103 in
1808 4048 2099 4118 genitalem

526 4145 656 4191 sunt
691 4140 959 4193 seminata
992 4147 1214 4195 terram.
1251 4137 1440 4210 Neque
1469 4140 1615 4194 enim
1651 4140 1702 4194 id
1756 4138 1903 4210 quod
1937 4138 2101 4193 semi-

523 4235 692 4280 natur
721 4227 1052 4297 colpandum
1083 4238 1168 4284 est
1196 4248 1208 4282 :
1234 4230 1330 4285 sed
1365 4230 1421 4282 in
1454 4243 1519 4284 eo
1564 4231 1746 4285 omnis
1778 4229 1939 4299 culpa
1966 4228 2101 4285 resi-

522 4319 638 4385 det,
660 4321 752 4391 qui
784 4320 840 4375 in
872 4322 1107 4377 alienum
1135 4336 1349 4393 agrum,
1396 4320 1614 4378 furtivis
1651 4321 1947 4387 cubilibus,
1981 4323 2098 4377 vel-

523 4412 613 4467 uti-
672 4412 923 4469 mercede
952 4413 1134 4470 brevis
1154 4414 1471 4484 voluptatis,
1506 4415 1780 4486 prepriam
1810 4412 2098 4485 impudent—

524 4512 609 4560 ter
644 4513 943 4561 sementem
977 4506 1185 4561 vendit.
1218 4504 1457 4561 lnl‘orma
1479 4507 2096 4576 enim,quaeso,animo,

525 4597 690 4651 talem
721 4599 1014 4668 quamdam
1046 4598 1343 4670 imaginem
1369 4597 1547 4654 nostri
1579 4598 1634 4652 in
1668 4600 1835 4652 vitam
1856 4605 2012 4652 ortus
2035 4613 2100 4653 ac

524 4690 913 4761 generationis.
953 4689 1146 4761 Cogita
1174 4692 1418 4759 domum,
1449 4690 1608 4760 cujus
1636 4689 1918 4746 altissimis
1943 4705 2099 4746 mon-

2204 3494 2382 3566 μέσων
2409 3485 2830 3559 ἀνταγωνιστοῦ,
2866 3486 3283 3551 ἐσκοτοδινίασε,
3312 3488 3406 3540 καὶ
3438 3486 3584 3558 μάλα
3618 3489 3778 3560 μόλις

2199 3584 2601 3648 ἀναπνεύσασα,
2628 3583 2762 3654 ἔφη·
2802 3581 3040 3652 Ἐῳτᾷς
3082 3580 3339 3651 ἐρώτημα
3380 3580 3467 3635 διὰ
3513 3584 3778 3655 παραδεί-

2199 3696 2428 3751 γματος,
2477 3671 2522 3729 ὦ
2571 3674 2832 3746 μακαρία,
2888 3670 3086 3744 χρῇζον
3133 3664 3541 3744 ἀποδειχθῆναι,
3595 3675 3661 3728 ἵν’
3692 3673 3777 3731 ἔτι

2203 3770 2402 3843 μᾶλλον
2425 3768 2591 3839 εἰδῇς,
2619 3765 2693 3832 ὡς
2716 3765 2804 3820 διὰ
2833 3765 3049 3819 πάντων
3071 3766 3104 3835 ἡ
3132 3766 3386 3836 ποιητικὴ
3412 3766 3637 3838 δύναμις
3662 3767 3778 3840 διή-

2200 3880 2370 3917 κουσα
2401 3860 2496 3914 τοῦ
2524 3859 2679 3923 Θεοῦ,
2713 3857 2872 3912 πλέον
2914 3859 2995 3921 είς
3031 3856 3129 3928 τὴν
3157 3856 3265 3910 τῶν
3296 3857 3595 3930 ἀνθρώπων
3622 3859 3780 3927 γένεο

2202 3972 2285 4009 σιν
2326 3954 2636 4024 αύτουργεῖ,
2669 3950 2906 4018 αὔξουσα
2949 3950 3018 4003 τὰ
3056 3951 3137 4013 είς
3177 3949 3399 4020 γόνιμον
3437 3951 3779 4023 φυτευόμενα

2200 4047 2323 4116 γῆν.
2353 4047 2427 4099 Οὐ
2454 4044 2562 4115 γὰρ
2593 4044 2653 4096 τὸ
2675 4042 3028 4113 σπειρόμενον
3066 4042 3356 4108 αἰτιατέον,
3398 4042 3532 4096 ἀλλὰ
3558 4043 3649 4097 τὸν
3691 4046 3777 4111 εις

2198 4137 2480 4207 ἀλλοτρίαν
2509 4136 2747 4207 ἄρουραν
2778 4134 3134 4206 κλεψιγάμοις
3170 4135 3370 4198 εὐναῖς,
3393 4129 3481 4189 οἷα
3507 4135 3776 4206 μισθωτὸν

2199 4229 2385 4300 ὀλίγης
2428 4227 2640 4298 ἡδονῆς,
2666 4225 2762 4297 τὴν
2808 4226 2942 4280 ἰδίαν
2981 4225 3349 4297 ἀναισχύντως
3397 4228 3778 4297 πιπράσκοντα

2202 4316 2768 4392 σποράν.Ἀπείκασον
2808 4315 2916 4387 γὰρ
2958 4306 3182 4386 τοιούτῴ
3222 4316 3326 4368 τινί
3368 4314 3463 4385 τὴν
3501 4316 3779 4386 ἡμετέραν

2199 4413 2413 4483 γένεσιν
2452 4413 2531 4476 είς
2570 4410 2661 4463 τὸν
2702 4407 2835 4480 βίον,
2857 4403 2968 4462 οἷον
3000 4408 3133 4479 οἴκῳ
3160 4410 3566 4478 παρακειμένην
3599 4407 3779 4480 ἔχοντι

2199 4506 2297 4576 τὴν
2327 4503 2528 4558 εἴσοδον
2569 4502 2750 4573 δρεσιν
2777 4500 3028 4573 ὑψηλοῖς·
3052 4500 3256 4572 διήκειν
3299 4500 3356 4553 δὲ
3397 4500 3487 4553 τὸν
3512 4497 3656 4553 οἷκον
3681 4502 3777 4562 ἐπὶ

2200 4598 2336 4651 πολὺ
2361 4596 2530 4661 κάτω,
2564 4594 2756 4667 μέχρις
2782 4593 2963 4664 ἄκρων
2985 4592 3083 4663 τῆς
3122 4591 3323 4644 εἰσόδου
3360 4591 3551 4662 ἔχοντα
3575 4592 3776 4658 πολλὰς

2200 4688 2338 4752 ὀπὰς
2365 4690 2429 4740 ἐκ
2454 4686 2562 4740 τῶν
2585 4685 2780 4748 ὀπίσω,
2805 4683 2900 4736 καὶ¹
2939 4683 3207 4754 περιφερῆ
3248 4683 3389 4736 κατὰ
3414 4682 3572 4737 τοῦτο
3601 4684 3660 4737 τὸ
3686 4685 3778 4755 μέ-

528 4779 680 4835 tibus
705 4784 990 4851 ingressus
1014 4782 1283 4851 adjacent,
1320 4783 1549 4853 ipsaque
1585 4782 1745 4853 longe
1774 4783 1828 4835 in
1860 4782 2097 4835 multam

2200 4798 2289 4853 ρος
2312 4778 2586 4848 γεγονότα.
2610 4806 2679 4816 -
2693 4773 3020 4838 Ἀπεικὰζω,
3042 4773 3145 4844 ἔφη
3167 4776 3199 4845 ἡ
3222 4774 3608 4846 Μαρκέλλα.-
3628 4777 3769 4830 Uint-

526 4876 580 4922 et
599 4865 813 4923 inferne
840 4882 1097 4938 capacem
1125 4870 1363 4926 demissa
1386 4874 1458 4926 sit
1482 4870 1941 4941 profunditatem;
1975 4886 2097 4941 qua:

525 4960 761 5031 denique
786 4976 816 5014 a
846 4975 1062 5015 summo
1113 4963 1292 5031 capite
1321 4964 1391 5019 ab
1444 4965 1693 5034 ingressu
1729 4964 1898 5018 multa
1948 4971 2098 5018 retro

525 5053 795 5112 foramina
830 5054 1047 5120 habeat,
1080 5070 1143 5109 ac
1177 5057 1338 5123 cujus
1392 5055 1561 5127 ﬁgura
1613 5072 1678 5112 ea
1701 5064 1854 5128 parte
1879 5057 2098 5112 orbicu-

527 5144 661 5200 lxris
685 5146 934 5201 exsistat.
959 5175 1031 5185 —
1070 5143 1334 5210 lniormo,
1368 5146 1543 5216 inquit
1596 5145 1873 5210 Marcella,
1931 5160 2093 5215 quam

522 5238 685 5308 jubes
718 5239 1033 5309 imaginem.
1060 5269 1131 5279 —
1155 5237 1277 5293 Jam
1309 5239 1612 5309 imaginare
1641 5241 1918 5296 sedentem
1946 5239 2096 5294 intus

525 5330 748 5401 operari
771 5331 983 5401 plasten
1010 5339 1225 5387 statuas
1254 5332 1539 5401 plurimas,
1571 5348 1636 5387 ex
1692 5333 1821 5386 limo
1849 5347 2008 5402 quem
2044 5331 2095 5385 ei

527 5438 625 5494 per
648 5437 711 5478 ea
734 5438 854 5493 qua:
895 5422 1009 5477 dixi
1064 5423 1358 5488 foramina,
1392 5423 1546 5479 multi
1595 5423 1816 5478 assidue
1847 5422 2095 5477 homines

599 5582 644 5613 ’°
675 5580 802 5652 Sap.
833 5597 914 5647 tn,
948 5580 1037 5637 16.

2197 4871 2291 4926 οῦν
2339 4868 2578 4925 ἀπόλαϐε
2616 4866 2761 4921 ἔνδον
2793 4866 3150 4936 καθεζόμενον
3176 4866 3500 4935 ἐργάζεσθαι
3527 4866 3767 4940 πλάστην

2200 4962 2430 5023 πολλοὺς
2459 4961 2779 5032 ἀνδριάντας
2804 4977 2819 4991 ⁸
2839 4959 3012 5029 τούτῳ
3032 4958 3079 5011 δ’
3100 4954 3168 5013 αὖ
3194 4959 3291 5028 τὴν
3324 4957 3452 5029 ῦλην
3472 4959 3567 5013 τοῦ
3596 4961 3769 5032 πηλοῦ

2197 5054 2289 5109 διὰ
2326 5053 2437 5106 τῶν
2471 5050 2618 5104 ὀπῶν
2653 5051 2849 5115 ἔξωθεν
2874 5051 3063 5120 νόησον
3100 5050 3204 5103 ὑπὸ
3250 5049 3447 5104 πολλῶν
3470 5052 3776 5124 ἀνθρώπων

2203 5143 2463 5208 ἀνενδεῶς
2487 5141 2853 5214 χορηγεῖσθαι,
2878 5142 3089 5205 οὐδενὸς
3114 5141 3273 5194 αὑτὸν
3301 5141 3534 5213 ὁρῶντος
3566 5146 3656 5199 τὸν
3694 5164 3778 5199 τε-

2204 5238 2410 5309 χνίτην.
2435 5237 2533 5299 Δὸς
2552 5236 2609 5288 δὲ
2632 5233 2962 5305 κεκαλύφθαι
2985 5234 3073 5288 τὸν
3092 5231 3237 5288 οἷκον
3259 5234 3456 5309 ὀμίχλη
3494 5236 3588 5290 καὶ
3624 5241 3778 5307 νεφέ-

2205 5330 2345 5391 λαις,
2372 5328 2467 5381 κα“ι
2491 5327 2654 5399 μηδὲν
2676 5329 2857 5390 αὐτοῖς
2881 5326 3078 5392 ἔξωθεν
3116 5322 3253 5381 εἶναι
3286 5340 3590 5396 καταφανές
3613 5324 3645 5395 ἦ
3676 5330 3770 5397 μόη

2206 5439 2304 5486 νας
2324 5421 2420 5485 τὰς
2440 5421 2596 5485 ὀπάς.
2622 5418 2881 5486 Δεδόσθω,
2905 5419 3029 5492 ἔφη,
3054 5421 3146 5474 καὶ
3183 5419 3551 5491 τοῦτο.Ἔχειν
3578 5418 3629 5472 δὲ
3655 5419 3776 5472 ἕκα-

603 5704 713 5768 (30)
743 5702 1200 5771 Μεγαλοσύνης.
1232 5701 1335 5760 Ms.
1368 5701 1504 5759 Μαι.
1536 5710 1589 5757 et
1611 5700 1795 5768 Allat.,
1826 5700 2099 5772 δυνάμεως

2200 5702 2450 5759 iounurts.
