4052 6338
266 274 327 326 53
1321 269 1455 322 (10ft
1467 263 1704 321 VIVIUM
1745 262 1976 320 DECEM
2021 263 2378 320 VlRGlNUM.
3445 267 3514 320 ει

261 404 376 442 στον
399 385 584 438 αὐτῶν
608 385 715 438 τῶν
738 383 1151 454 συμπονούντων
1176 384 1254 446 είς
1277 384 1377 453 τὴν
1398 382 1489 435 τοῦ
1517 381 1687 453 πηλοῦ
1714 399 1842 446 συγ-

1945 388 2264 452 congerant,
2316 381 2533 435 nemine
2595 381 2772 451 ipsum
2821 379 3081 435 artiﬁcem
3143 379 3382 435 vidt-nte.
3408 379 3516 435 Fac

260 475 481 546 κομιδὴν
518 476 947 546 ἀπονεμημένην
995 474 1142 544 αὖτῷ
1190 475 1316 546 μίαν
1342 474 1598 542 δπῆννείς
1631 472 1696 543 ἢν
1739 471 1844 544 χρὴ

262 570 414 640 μζνον
447 567 615 620 αὑτὸν
656 568 890 638 φέροντα
928 566 1024 637 τὴν
1057 567 1187 620 ἰδίαν
1209 565 1338 637 ὕλην
1365 563 1736 627 ἀποτίθεσθαι,
1769 563 1842 635 μὴ

259 659 564 730 ἁπόμενον
589 659 802 730 ἐτέρας.
829 662 890 713 Εἰ
913 660 956 713 δ’
974 655 1038 712 αὖ
1064 658 1368 730 περιέργως
1393 655 1725 727 ἁνεῳγνύναι
1746 655 1843 727 τὴν

260 754 426 823 ἑτέρῳ
467 753 903 825 κεκληρωμένην
943 752 1265 823 ἐπιχειροίη,
1294 753 1404 824 πῦρ
1445 750 1592 821 αὐτῷ
1616 751 1709 804 καὶ
1747 750 1846 820 μά-

264 862 449 912 στιγας
477 844 585 897 ἀπε
597 844 827 915 ιλητέον.

1947 474 2109 527 etiam
2131 473 2394 528 occultari
2421 471 2640 528 domum
2674 473 2886 528 nebulis
2913 488 2975 528 ac
2993 473 3243 544 caligine.
3277 473 3520 542 nihilque

1946 566 2056 622 illis
2088 566 2178 636 qui
2208 567 2451 622 exterius
2485 567 2780 620 materiam.
2803 567 3140 631 ministrant,
3175 574 3370 635 prater
3401 565 3520 619 sola

1949 657 2237 722 foramina,
2271 658 2630 728 conspicuum
2660 673 2800 713 esse.
2837 657 3024 720 Detur,
3071 658 3269 727 inquit,
3305 666 3358 712 et
3393 658 3514 711 hoc.

1950 749 2160 806 Habere
2194 751 2320 805 item
2351 767 2792 820 unumquemque
2821 751 3272 806 collaborantium
3302 751 3358 804 in
3420 749 3521 803 luti

1952 843 2438 912 comportationem
2496 842 2830 912 assignatum
2887 843 2991 897 sibi
3024 842 3267 898 foramen
3325 857 3518 904 unum,

263 957 349 1010 per
371 941 525 1010 quod
577 941 756 996 solum
803 949 1017 1010 oportet
1061 956 1186 1016 eum,
1239 941 1520 995 materiam
1576 940 1855 1010 propriam
1905 939 2210 1011 deponere,
2263 939 2410 993 nulla
2463 939 2674 993 ratione
2718 938 2990 1008 tangendo
3039 938 3183 991 aliud
3231 937 3521 1007 quodcun-

261 1052 359 1106 que
395 1057 408 1090 :
443 1038 731 1107 proposita
763 1039 926 1092 etiam
974 1053 1138 1108 poena
1189 1037 1329 1108 ignis
1364 1045 1434 1092 et.
1468 1039 1778 1102 verberum,
1805 1037 1855 1092 ei
1894 1037 1988 1092 oui
2031 1035 2306 1092 curiosius
2341 1041 2631 1090 tentavcnt
2663 1033 2874 1104 aperire
2919 1033 3162 1087 foramen
3204 1031 3362 1086 alteri
3427 1045 3518 1085 as-

261 1130 559 1199 signatum.

323 1248 540 1303 Οὐκοῦν
565 1248 636 1301 τὰ
667 1248 804 1318 μετά
846 1248 1019 1304 ταῦτα
1045 1249 1228 1303 λοιπὸν
1264 1248 1328 1320 δὴ
1357 1247 1857 1320 Θειὲ›ρησο·.ρ.“Ἐνδο-⁵

261 1343 345 1396 θεν
368 1341 462 1394 τὸν
484 1341 737 1412 πλάστην
773 1342 1194 1412 περιερχόμευον
1215 1343 1311 1406 τὰς
1341 1343 1499 1406 ὀπάς,
1524 1344 1616 1396 καὶ
1644 1343 1734 1397 τὸν
1758 1343 1845 1394 εὑ-

266 1432 590 1505 ρισκόμενον
635 1433 692 1483 ἐν
736 1431 943 1504 ἑκάστῃ
981 1432 1147 1502 πηλὸν
1186 1436 1304 1486 κατ’
1333 1434 1467 1486 ἰδίαν
1506 1434 1847 1504 λαμϐάνοντα

266 1524 542 1588 πλάττειν,
570 1523 663 1575 καὶ
711 1522 895 1593 μηνῶν
937 1523 1200 1593 περιόδοις
1242 1524 1650 1587 ἁποπλάσαντα,
1687 1525 1846 1579 πάλιν

259 1616 572 1669 ἀποδιδόναι
594 1618 704 1678 τοῖς
726 1615 830 1680 ἔξω
853 1615 942 1669 διὰ
962 1615 1062 1685 τῆς
1087 1617 1258 1685 αὐτῆς
1294 1618 1382 1669 τὸν
1409 1617 1650 1688 πλάστην
1685 1617 1842 1688 ὀπῆς,

261 1709 448 1779 ἔχοντα
493 1707 754 1776 τοιαύτην
799 1707 1038 1778 ἐντολὴν,
1072 1709 1245 1760 πάντα
1286 1708 1375 1760 τὸν
1421 1709 1714 1779 δυνάμενον
1747 1709 1841 1779 δη-

2022 1242 2158 1299 Tum
2190 1243 2301 1314 jam
2328 1242 2459 1297 mihi
2488 1241 2743 1312 deinceps
2773 1241 2993 1312 tigillum
3039 1239 3267 1294 interius
3302 1237 3522 1294 forami-

1952 1352 2023 1391 na
2071 1337 2500 1390 circumeuntem
2533 1333 2844 1398 considera,
2894 1341 2949 1388 et
3001 1348 3387 1403 quamcunque
3420 1334 3524 1388 sub

1954 1444 2282 1499 unoquoque
2314 1427 2595 1482 materiam
2641 1424 2946 1486 offenderit,
3007 1423 3147 1478 hanc
3207 1423 3520 1492 fingentem,

1952 1522 2226 1591 certisque
2275 1520 2544 1574 mensium
2585 1516 2828 1587 periodis
2883 1513 3519 1577 ell'ormatam-statuam,

1954 1629 2052 1684 per
2072 1613 2212 1667 idem
2242 1626 2436 1665 rursus
2471 1609 2717 1664 foramen
2749 1607 2998 1661 emittere
3026 1606 3255 1675 :quippc
3285 1606 3370 1660 cui
3409 1605 3523 1659 inec

1950 1708 2125 1779 posita
2147 1707 2227 1760 lex
2247 1705 2338 1769 sit,
2359 1713 2414 1757 ut
2436 1703 2583 1757 nullo
2599 1700 2933 1762 discrimine,
2948 1713 3328 1768 quamcunque
3341 1705 3522 1766 aptam

261 1797 666 1870 μιουργηθῆναι
707 1799 876 1868 πηλὸν
913 1799 1215 1870 ἀδιαφόρως
1256 1799 1601 1870 ἐργάζεσθαι,
1627 1800 1727 1853 κᾶν
1769 1803 1842 1864 εἰς

1949 1799 2097 1870 operi
2127 1798 2363 1852 oblatam
2399 1795 2502 1850 sibi
2533 1794 2779 1864 argillam
2811 1791 2976 1862 ﬁngat
3007 1806 3070 1845 ac
3100 1789 3521 1860 ﬁguret,etiam-

258 1887 548 1958 ἀλλοτρίαν
576 1888 684 1942 ὐπὸ
704 1906 845 1952 τινος
870 1889 1269 1960 εἱσοχετεύηται
1308 1889 1660 1960 κακοτρόπως
1679 1890 1840 1960 ὀπήν.

259 1981 424 2033 Οὐδὲν
463 1981 578 2051 γὰρ
617 1981 936 2052 ἠδικηκέναι
975 1982 1072 2052 τὴν
1094 1982 1250 2052 ὓλην·
1274 1981 1351 2033 διὸ
1373 1982 1448 2044 ὡς
1472 1983 1719 2035 ἀναιτίαν
1745 1982 1844 2053 μὲν

258 2068 320 2138 δὴ
344 2069 547 2140 χρῆναι
573 2069 904 2124 πλάττεσθαι
925 2071 1016 2122 καὶ
1040 2070 1394 2141 μορφοῦσθαι.
1414 2069 1515 2122 Τὸν
1536 2069 1592 2123 δὲ
1617 2070 1764 2143 παρά
1784 2072 1845 2124 τὸ

259 2163 659 2233 διάταγμα-καὶ
680 2163 778 2234 τὴν
803 2163 1022 2233 ἐντολὴν
1052 2165 1128 2225 εἰς
1151 2163 1434 2234 ἀλλοτρίαν
1457 2163 1624 2234 αὐτὴν
1652 2165 1843 2217 ἀποτι-

259 2255 482 2327 θέμενον
533 2257 675 2328 ὀπὴν
716 2257 790 2319 ὡς
817 2257 1087 2328 ἀλάστορα
1111 2275 1167 2310 τε
1195 2257 1288 2309 καὶ
1316 2256 1641 2325 παραϐάτην
1670 2273 1844 2328 τιμω-

263 2350 491 2420 ρεῖσθαι.
521 2351 597 2404 Οὐ
620 2351 730 2421 γάρ
749 2352 840 2404 τὸν
871 2351 1038 2422 πηλὸν
1062 2354 1352 2415 αἰτιατέον,
1389 2352 1500 2405 ἀλλ’
1527 2355 1734 2406 ἐκεῖνον
1758 2352 1848 2405 τὸν

261 2443 412 2514 παρά
433 2444 496 2495 τὸ
517 2444 666 2495 ὅσιον
687 2443 846 2496 τοῦτο
870 2445 1204 2513 πεποιηκότα
1225 2461 1237 2472 ·
1265 2444 1537 2514 ἀκρασίας
1558 2445 1666 2516 γὰρ
1689 2445 1848 2515 χάριν

259 2538 334 2598 εἰς
359 2535 658 2607 ἀλλοτρίαν
699 2537 805 2588 ἀπο
817 2536 1040 2605 ιιομίτας
1065 2536 1201 2608 ὀπὴν
1234 2535 1465 2589 ἀπέθετο
1485 2537 1756 2608 λαθραίως
1779 2539 1844 2608 τῇ

259 2625 372 2698 βία..
396 2660 467 2669 -
483 2626 854 2698 ’Λληθέστατα
885 2629 1082 2697 λέγεις.

1952 1895 1998 1948 si
2029 1906 2283 1962 perverse
2317 1906 2410 1959 per
2440 1889 2674 1944 alienum
2707 1902 2734 1938 a
2784 1883 3039 1956 quopiam
3089 1884 3326 1938 demissa
3375 1880 3522 1936 fora-

1949 1999 2074 2038 men
2099 1982 2280 2037 fuerit.
2309 1980 2454 2035 Nihil
2482 1981 2626 2035 enim
2656 1993 2914 2049 peccasse
2947 1976 3261 2039 materiam;
3303 1989 3365 2028 ac
3393 1989 3522 2044 pro-

1950 2087 2133 2146 pterea
2163 2083 2421 2146 tanquam
2455 2074 2734 2128 innoxiam
2770 2071 2898 2142 fingi
2926 2085 3042 2124 eam
3077 2076 3328 2138 oportere
3358 2076 3522 2138 atque

1950 2168 2197 2222 formari.
2226 2166 2359 2221 Eum
2390 2182 2518 2222 vero
2547 2167 2640 2236 qui
2684 2173 2876 2218 contra
2929 2162 3274 2216 interdictum
3305 2162 3359 2215 in
3396 2148 3524 2218 alie~

1951 2277 2080 2315 num
2138 2260 2310 2331 ipsam
2371 2259 2612 2313 foramen
2677 2257 2952 2327 deposuit,
3007 2263 3067 2308 nt
3111 2255 3434 2309 sceleratum
3470 2262 3524 2307 et

1949 2360 2437 2423 transgressorem,
2499 2352 2691 2405 merito
2749 2365 2909 2418 pugna
2953 2356 3328 2402 mulctandum
3377 2361 3521 2401 eSse.

1950 2443 2068 2500 Non
2096 2445 2242 2500 enim
2300 2445 2354 2498 in
2404 2445 2576 2497 lutum
2623 2442 2780 2512 culpa
2810 2440 3119 2502 referenda,
3150 2439 3243 2494 sed
3274 2440 3330 2492 in
3367 2439 3518 2492 ilium

1948 2538 2043 2607 qui
2083 2552 2196 2592 rem
2224 2546 2422 2607 praeter
2455 2536 2537 2590 fas
2560 2535 2749 2607 gessit.
2787 2533 3143 2603 lmpudicitia:
3173 2531 3318 2586 enim
3365 2538 3522 2584 actus

1949 2628 2210 2694 stimulis,
2258 2629 2313 2682 in
2356 2628 2586 2682 alienam
2627 2628 2676 2680 vi
2739 2627 2924 2680 l'urtim
2967 2624 3296 2679 destinatam
3325 2621 3520 2677 rimam

1947 2723 2144 2778 intulit.
2160 2737 2223 2778 ac
2245 2722 2516 2793 deposuit.
2548 2751 2617 2762 —
2645 2719 2941 2775 Verissima
2977 2718 3236 2788 loqueris.

1123 2840 1234 2893 CAP
1293 2838 1353 2894 ν,
1393 2839 1540 2894 laeui
1584 2854 1950 2913 argumentum
1985 2846 2314 2911 persequitur
2345 2843 2403 2900 S.
2444 2844 2626 2898 Pater.

329 2952 545 3006 Οὐκοῦν
591 2952 777 3004 λοιπὸν
819 2952 884 3022 δὴ
937 2953 1124 3023 καιρὸς
1170 2953 1373 3006 τούτων
1423 2954 1520 3025 ἤδη
1558 2955 1842 3027 προδιηνν⁸

2020 2956 2159 3029 Ergo
2187 2959 2271 3014 his
2305 2959 2573 3013 liacrenus
2605 2956 2677 3011 ita
2728 2957 3070 3027 praeparatis,
3125 2964 3294 3011 restat
3325 2961 3384 3008 ut
3405 2970 3495 3010 om

266 3060 498 3114 σμενων,
541 3045 745 3114 ταύτην
779 3061 838 3097 σε
873 3046 1050 3097 πᾶσαν
1079 3046 1430 3117 προσάπτειν,
1467 3041 1511 3098 ὦ
1543 3048 1842 3116 σοφωτάτη,

1956 3066 2074 3104 nem
2097 3052 2237 3106 hanc
2270 3051 2706 3113 similitudinem,
2751 3066 2784 3104 o
2828 3049 3252 3122 sapientissima,
3285 3048 3370 3104 his
3399 3064 3519 3119 qua:

261 3141 364 3208 τὴν.
405 3138 593 3191 εἰκόνα
627 3143 740 3201 τοῖς
779 3138 879 3209 ἤδη
913 3137 1216 3210 ἔμπροσθεν
1245 3139 1572 3210 εἰρημένοις.
1608 3141 1709 3193 Τὸν
1745 3141 1842 3212 μὲν

262 3227 408 3285 οἷκον
441 3231 816 3300 ἀφομοιοῦσαν
865 3234 930 3301 τῇ
991 3231 1203 3302 ἀοράτῳ
1252 3232 1352 3302 τῆς
1393 3232 1656 3300 γενέσεως
1687 3233 1844 3304 ἡμῶν

267 3324 440 3393 east-:1“
469 3331 486 3345 '
504 3325 604 3394 τὴν
631 3324 686 3376 δὲ
709 3324 1106 3395 προσκειμένην
1130 3324 1328 3377 εἴσοδον
1349 3328 1456 3387 τοῖς
1481 3325 1630 3398 ὄρεσι
1650 3329 1714 3396 τῇ
1739 3327 1846 3380 ἀπὸ

265 3417 373 3470 τῶν
417 3417 667 3487 οὐρανῶν
698 3420 778 3480 εἰς
825 3417 891 3468 τά
943 3415 1166 3486 σώματα
1193 3417 1487 3470 καταϐάσει
1541 3418 1634 3470 καὶ
1680 3435 1846 3471 κατα-

272 3511 467 3578 mpm}
504 3509 610 3576 (3|)
643 3507 749 3560 τῶν
779 3507 966 3577 ψυχῶν
987 3525 1000 3538 ·
1034 3507 1129 3571 τὰς
1161 3509 1216 3560 δὲ
1236 3507 1374 3572 ὀπὰς
1399 3509 1474 3580 τῷ
1507 3509 1726 3580 θηλυκῷ
1753 3512 1845 3564 καὶ

269 3600 565 3668 γυναικείῳ
600 3598 746 3665 γένει
769 3615 782 3627 ο
822 3599 911 3651 τὸν
942 3599 997 3652 δὲ
1028 3598 1267 3669 πλάστην
1297 3602 1362 3670 τῇ
1397 3602 1649 3670 ποιητικῇ
1692 3599 1846 3653 δυνά-

270 3707 362 3760 μει
415 3689 511 3742 τοῦ
558 3690 717 3753 Θεοῦ,
772 3692 914 3760 ἥτις,
971 3691 1378 3763 ἐπικαλύμματι
1432 3693 1528 3762 τῆς
1578 3693 1844 3762 γενέσεως

265 3784 426 3852 ἡμων
452 3787 515 3852 τῇ
542 3785 702 3852 φύσει
731 3785 1007 3855 χρωμένη,
1033 3785 1180 3838 ἔνδον
1202 3787 1348 3856 ἡμᾶς
1374 3787 1618 3856 ἀοράτως
1644 3786 1846 3857 ἀνθρω-

269 3876 570 3928 ποπλαστεί
605 3877 742 3945 (52),
773 3875 841 3928 τὰ
873 3875 1142 3946 ἐνδύματα
1171 3881 1287 3941 ταῖς
1314 3879 1514 3948 ψυχαῖς
1547 3877 1844 3950 ἐργαζομέ-

337 4043 452 4112 (3|)
491 4041 827 4096 Καταϐάσει
861 4042 958 4096 καὶ
984 4045 1360 4113 καταποιιπιῖ.
1394 4044 1571 4100 Locus
1596 4044 1682 4098 hic
1705 4043 1844 4099 dim-

266 4112 424 4167 cilior
446 4153 462 4174 ,
487 4183 500 4193 .
529 4129 671 4193 quo]
706 4115 918 4193 videtur
984 4112 1520 4193 Methodiusiipsam
1595 4113 1844 4193 Origenis

268 4184 724 4256 prcessistentia;
779 4185 1085 4256 animorum
1160 4184 1471 4255 opinionem
1529 4184 1712 4256 sequi,
1780 4201 1844 4240 ac

266 4255 423 4321 quasi
459 4254 537 4306 illi
601 4254 809 4323 pridem
843 4254 1114 4308 πολιτείαν
1151 4254 1307 4310 snam
1361 4256 1505 4311 nacti
1563 4254 1620 4310 in
1661 4256 1838 4319 cmlis,

266 4324 391 4394 inde
442 4323 499 4376 in
547 4340 779 4394 corpora
830 4326 909 4378 sic
939 4340 968 4377 a
993 4324 1100 4378 Deo
1133 4326 1361 4380 formata
1417 4325 1750 4381 descendant
1777 4343 1843 4382 ac

266 4393 668 4467 demittantur}
707 4396 821 4449 sive
854 4395 991 4467 alias
1020 4395 1133 4448 haec
1162 4397 1268 4452 illis
1321 4412 1478 4467 pmna
1521 4405 1605 4451 est
1635 4405 1686 4452 et
1720 4413 1842 4451 car-

267 4479 377 4525 cer,
405 4463 761 4537 utAQrigencs
809 4466 1012 4530 voluit;
1046 4467 1158 4520 sive
1185 4463 1401 4529 natura,
1451 4467 1596 4537 quod
1643 4469 1841 4536 exponi

268 4535 444 4656 possit
478 4533 939 4600 Melliodius,'nee
995 4539 1065 4589 ita
1119 4539 1294 4606 palam
1327 4533 1648 4592 adversatur
1694 4533 1838 4594 fidei.

315 4605 502 4656 rudile
532 4606 827 4656 admodum
862 4607 1001 4656 hanc
1048 4617 1284 4656 snartam
1319 4608 1604 4656 adornavit
1627 4608 1732 4656 Leo
1760 4609 1838 4656 Al-

315 4605 502 4660 rudite
532 4606 827 4676 admodum
862 4607 1001 4661 hanc
1048 4605 1284 4676 spartam
1319 4608 1604 4664 adornavit
1626 4608 1732 4662 Leo
1758 4609 1843 4662 Al-

271 4677 462 4735 latius,
493 4693 556 4730 ac
590 4675 918 4749 iicthodium
941 4675 1267 4749 vindicavit;
1310 4696 1432 4733 cum
1472 4679 1520 4732 is
1570 4681 1662 4749 qui
1696 4680 1842 4735 illius

270 4749 563 4815 occupavit
593 4746 919 4801 Methodiani
947 4747 1208 4817 Symposii
1245 4750 1561 4812 editionem,
1589 4746 1845 4805 subolere

270 4817 624 4890 sibidiﬂicile
652 4818 856 4890 aliquid
881 4835 979 4872 nec
1004 4819 1344 4875 indicaverit.
1373 4820 1562 4874 Putem
1584 4821 1700 4890 ipse
1732 4819 1842 4874 Me-

270 4886 518 4960 thodium
550 4888 686 4941 nihil
716 4889 860 4942 aliud
895 4890 1047 4951 velle,
1077 4891 1222 4959 quod
1272 4892 1343 4944 ita
1373 4886 1648 4960 exprimit,
1676 4906 1838 4960 quam

270 4958 581 5012 animorum
634 4967 884 5013 naturam
933 4958 1270 5029 significare,
1314 4958 1488 5029 quae—a
1535 4961 1642 5016 Deo
1682 4958 1752 5016 sit
1787 4968 1840 5015 et

270 5029 538 5089 caelestis,
563 5043 662 5082 nec
700 5045 729 5082 a
761 5031 985 5083 materia
1039 5033 1434 5100 proficiscatur,
1475 5032 1618 5087 velut
1647 5033 1838 5085 anima:

269 5100 609 5172 reliqum-um
649 5101 966 5162 viventium,
1007 5103 1100 5156 sed
1135 5119 1165 5156 a
1212 5102 1320 5158 Deo
1362 5105 1580 5172 proprio
1617 5109 1840 5172 parente

270 5185 438 5238 supra
483 5170 590 5221 vim
615 5185 828 5225 onmem
885 5174 1114 5225 actionis
1147 5170 1393 5228 humana:
1421 5170 1669 5241 illiusque
1709 5189 1857 5241 sup--

271 5242 571 5314 plemenio,
609 5250 797 5314 exeat;
859 5242 967 5314 qui
1001 5243 1245 5298 singulas
1309 5246 1537 5314 singulis
1591 5246 1836 5298 formatis

269 5311 598 5385 corporibus
647 5312 766 5379 jure
798 5313 971 5385 quasi
1044 5323 1270 5377 naturze,
1326 5311 1497 5385 caque
1527 5329 1686 5384 quam
1731 5315 1834 5369 sibi

269 5381 500 5448 praefixit
555 5383 687 5447 lege,
722 5383 933 5436 animas
970 5385 1191 5448 tribuat,
1225 5402 1290 5439 ne
1318 5381 1558 5439 humana
1607 5385 1748 5438 actio
1769 5385 1832 5439 ad

271 5454 480 5524 prolem
508 5451 779 5514 ordinata,
801 5454 885 5506 sui
918 5453 1293 5509 insullicieutia
1333 5466 1384 5509 et
1415 5456 1724 5524 przestantia
1755 5456 1835 5508 ef-

273 5520 468 5584 fectus,
498 5539 656 5578 cassa
690 5532 923 5577 maneat.
970 5524 1104 5578 llinc
1135 5534 1279 5580 certe
1335 5520 1521 5581 nostra
1555 5526 1696 5579 dicta
1729 5543 1836 5582 ca:-

274 5592 424 5645 lcstis
451 5595 626 5661 origo,
656 5604 707 5647 ct
735 5611 841 5662 qua
880 5595 1036 5649 nobis
1080 5596 1219 5650 inest
1247 5604 1304 5648 nt
1357 5599 1410 5650 in
1448 5598 1614 5652 Deum
1644 5609 1832 5650 aucto-

274 5677 384 5733 rem
411 5672 658 5718 nostrum
689 5681 996 5733 vergamus,
1031 5667 1130 5719 etsi
1185 5665 1444 5721 inellicaci
1479 5676 1697 5729 conatu,
1723 5667 1827 5720 nisi

276 5729 367 5786 Dei
423 5733 595 5804 ipsius
646 5729 822 5804 gratia
857 5737 1158 5804 a-tjuvetur.
1199 5737 1318 5792 Hzec
1345 5739 1454 5794 t'cre
1485 5754 1640 5793 mens
1667 5739 1828 5792 scho-

1945 3143 2055 3213 jam
2089 3145 2342 3212 superius
2373 3145 2515 3198 dicta
2562 3151 2708 3209 sunt,
2741 3143 3023 3199 adhibeas.
3064 3142 3126 3196 Et
3154 3143 3373 3197 domum
3399 3143 3491 3211 qui

1947 3238 2070 3292 dem
2102 3238 2272 3301 illam,
2302 3238 2746 3308 inaspectabilem
2784 3237 3151 3308 generationis
3194 3242 3395 3288 nostra:
3417 3248 3516 3286 na-

1948 3339 2124 3384 turam
2159 3346 2280 3386 esse
2323 3331 2594 3400 intelligas
2642 3351 2654 3386 :
2704 3330 2910 3383 aditum
2941 3338 3122 3381 autem
3173 3325 3511 3394 adiacentem

1947 3423 2244 3485 montibus,
2277 3424 2601 3479 descensum
2621 3439 2650 3478 e
2677 3424 2832 3478 cretis
2857 3422 3160 3475 animarum
3188 3421 3240 3473 in
3264 3433 3516 3489 corpora,

1947 3524 2002 3570 et
2033 3517 2178 3586 quod
2216 3519 2268 3570 in
2303 3518 2392 3570 illa
2430 3519 2722 3570 mittuntur
2774 3535 2788 3571 :
2841 3514 3106 3569 foramina
3149 3526 3299 3573 vero,
3361 3510 3516 3564 femi-

1947 3611 2135 3664 ninum
2161 3624 2348 3664 sexum
2374 3625 2436 3664 ac
2463 3610 2780 3664 muliebrem
2815 3628 2828 3664 :
2861 3609 3074 3678 plasten
3094 3620 3332 3676 quoque,
3361 3617 3515 3658 crea-

1946 3703 2135 3755 trieem
2171 3700 2265 3756 Dei
2299 3702 2618 3772 potentiam,
2651 3716 2771 3770 quae
2835 3715 2932 3770 pro
2975 3695 3340 3769 generationis
3372 3695 3511 3756 velo,

1946 3801 2132 3848 nostra
2160 3803 2318 3849 utens
2355 3805 2566 3856 natura,
2599 3792 2977 3863 inaspectahili
3003 3792 3213 3844 ratione
3238 3789 3386 3843 intus
3416 3803 3516 3841 nos

1947 3886 2182 3940 humana
2235 3886 2406 3942 forma
2439 3887 2660 3958 ellingit,
2706 3887 3010 3939 animatum
3034 3881 3354 3938 indumenta
3378 3895 3514 3934 con-

1945 4041 2118 4095 liastae
2147 4058 2307 4114 quem
2351 4043 2575 4114 adducit
2600 4041 2835 4114 Allatins
2856 4057 3046 4114 (εχειιο
3069 4039 3277 4104 codice,
3310 4037 3514 4091 acerri-

1947 4129 2092 4166 mum
2123 4112 2186 4168 ac
2213 4114 2488 4168 eruditum
2531 4113 2787 4166 Methodii
2823 4112 3086 4165 vindicem
3123 4131 3136 4164 :
3179 4125 3339 4179 quem
3365 4119 3510 4163 certe

1944 4189 2154 4237 tantum
2189 4184 2450 4252 Origems.
2483 4185 2880 4243 adversarium,
2907 4183 3180 4250 przecipuo
3228 4181 3331 4233 hoc
3360 4179 3506 4232 illius

1941 4269 2130 4308 errore
2159 4253 2302 4325 haud
2339 4256 2636 4325 putandum
2672 4263 2760 4308 est
2797 4254 2870 4307 ita
2911 4257 3192 4321 abreptum
3222 4266 3344 4305 esse
3377 4268 3388 4302 :
3423 4252 3508 4303 vel

1945 4326 2138 4396 saltem
2171 4323 2686 4396 fautoresOrigenis
2719 4325 2796 4396 illi
2833 4340 3015 4396 ausos
3047 4336 3355 4396 aspergere,
3385 4335 3508 4396 cum

1948 4395 2131 4448 statim
2185 4394 2334 4450 fraus
2360 4412 2424 4449 ex
2479 4390 2708 4463 reliquis
2741 4395 2840 4447 viri
2897 4390 3369 4463 scriptis—ipsaque
3407 4390 3508 4443 hac

1947 4465 2067 4532 ejus
2121 4466 2496 4519 lucubratione
2528 4462 2802 4535 predenda
2844 4462 3380 4535 Forethlaceadem
3419 4476 3536 4513 raw

1949 4539 2095 4591 tione
2131 4531 2768 4605 GregoriusTlieologus
2819 4537 2873 4588 i'n
2915 4534 3121 4605 Christi
3171 4531 3420 4605 Natalem
3456 4540 3506 4605 et

1941 4617 2181 4661 sanctum
2215 4603 2440 4667 Pascha,
2489 4603 2762 4659 hominem
2818 4616 2973 4659 vocat
2997 4603 3240 4674 οὺράνιον
3268 4603 3359 4654 καὶ
3386 4603 3508 4654 ἐπί-

1941 4695 2087 4746 γειον
2110 4676 2246 4740 ζῶον
2270 4680 2363 4731 καὶ
2395 4677 2589 4748 μικρὸν
2642 4678 2845 4748 κόσμον
2873 4696 2888 4708 ο
2935 4675 3226 4748 cwlesteiet
3260 4683 3505 4727 terrestre

1942 4749 2145 4802 animal
2171 4765 2232 4802 ac
2258 4746 2474 4818 parvam
2499 4746 2747 4800 mundum
2777 4756 3047 4818 {utraque
3067 4746 3276 4799 scilicet
3308 4753 3501 4818 natura

1941 4816 2302 4881 constantem,
2359 4835 2465 4888 qua
2511 4819 2655 4887 ipse-
2697 4816 2870 4884 major
2920 4818 3158 4872 mundus
3210 4816 3496 4888 conﬂatur,

1939 4890 2171 4959 spiritali
2228 4898 2281 4943 et
2337 4886 2599 4959 corporea
2643 4909 2656 4942 :
2703 4890 2795 4956 qui
2841 4889 2954 4958 ipse
2985 4889 3217 4942 maxime
3249 4903 3386 4953 opus
3407 4886 3497 4950 sit,

1934 4958 2147 5024 ratione
2176 4961 2334 5025 cujus
2365 4958 2522 5029 usque
2555 4959 2708 5014 modo
2743 4959 2905 5012 Pater
2931 4970 3196 5027 operatur,
3228 4958 3499 5029 uti_snpra

1939 5031 2129 5085 citavit
2184 5027 2530 5085 Methodius:
2570 5048 2676 5085 non
2709 5032 2822 5085 sola
2876 5031 3078 5098 argilla:
3109 5027 3364 5098 membris
3402 5031 3500 5078 hu-

1937 5101 2114 5156 manis
2137 5101 2529 5163 ell‘ormatione,
2565 5103 2658 5156 sed
2695 5101 2866 5170 magis
2899 5096 3087 5163 animi,
3127 5099 3216 5167 qui
3244 5096 3332 5150 Dei
3364 5112 3503 5170 pro-

1938 5175 2112 5240 prium
2144 5188 2281 5242 opus
2314 5189 2375 5225 ac
2405 5172 2632 5232 fabrica.
2656 5169 2804 5226 mm
2825 5173 2877 5224 in
2911 5171 3067 5225 tinem
3100 5169 3501 5242 usquemundi,

1937 5258 2032 5312 per
2053 5241 2294 5313 singulas
2320 5244 2596 5296 hominum
2627 5243 3025 5309 generationes,
3056 5241 3314 5306 editione,
3355 5255 3388 5292 a
3417 5255 3475 5293 se

1935 5330 2038 5382 que
2078 5315 2372 5369 creatione.
2401 5315 2690 5368 COMBEFIS.

2008 5385 2118 5454 (59.)
2149 5387 2376 5451 Ἡτις...
2408 5382 2958 5452 ἀνθρωποπλαστεῖ.
2981 5383 3080 5454 Sic
3115 5390 3166 5437 et
3194 5379 3502 5454 Possumus.

1934 5450 2024 5508 Δι’
2051 5450 2332 5509 Allatius:
2369 5456 2490 5525 ἥτις
2516 5450 2680 5507 αἰτία
2719 5456 2818 5525 τῆς
2866 5453 3130 5525 γενέσεως
3175 5453 3340 5525 νήει-ὦν
3367 5491 3381 5514 ,
3417 5450 3505 5525 Αὼς

1935 5527 2092 5610 ἔφην,
2120 5529 2186 5610 τῇ
2223 5521 2702 5610 φύσειχρωμὲνης
2751 5521 2896 5578 ἐστίν
2935 5543 2948 5557 ο
2987 5524 3122 5606 αξὸτη
3164 5521 3376 5610 Caio-pi;
3405 5521 3504 5574 ἁν-

1934 5593 2365 5667 θρωποπλαστεῖ.
2401 5593 2584 5667 Neque
2649 5593 2806 5650 aliter
2860 5597 2986 5657 legit
3026 5596 3078 5667 in
3115 5593 3260 5667 eod.
3301 5593 3502 5644 Mazar.

1934 5665 2109 5720 editor
2144 5667 2446 5736 anareus,
2478 5666 2700 5722 omissis
2744 5666 3086 5720 solummodo
3133 5665 3187 5717 δὲ
3225 5665 3351 5725 ἴσως
3383 5670 3504 5732 post

1934 5739 2089 5801 αὕτη.
2117 5740 2156 5793 G
2173 5755 2386 5793 manu.
