4052 6338
500 308 575 366 55
1448 309 1504 365 S.
1550 308 1877 366 METHODH
1918 306 2224 364 EPISCOPI
2263 307 2351 364 ET
2394 307 2757 365 MARTYRIS
3658 313 3729 371 56

499 424 753 479 cinnans.
784 423 885 491 Qui
910 423 1145 496 denique
1190 423 1362 499 lutum
1410 427 1765 498 argillamque
1813 440 2057 497 compor-

2165 443 2251 499 νη.
2282 427 2419 490 Τοὺς
2447 426 2505 480 δὲ
2530 425 2850 498 κομίζοντας
2880 426 2978 497 τὴν
3021 424 3153 497 ὑλην
3177 425 3270 479 τοῦ
3297 425 3490 497 πηλοῦ,
3522 427 3599 499 τῷ
3631 430 3729 484 ἀν-

496 521 637 576 tant,
675 518 851 571 mares
871 531 933 571 ac
961 517 1106 571 viros
1128 516 1432 587 exprimere
1458 518 1731 589 cogitandi
1761 520 1908 583 Sunt,
1936 533 2060 573 cum

499 605 578 659 illi
608 602 907 661 liberorum
949 613 1141 677 agente
1168 606 1260 662 siti
1300 606 1354 661 in
1378 608 1655 664 naturales
1680 608 1893 665 femina:
1916 623 2065 663 mea-

497 705 585 749 tus
608 710 790 751 semen
814 696 1090 764 injiciunt,
1141 695 1288 750 haud
1332 711 1493 753 secus
1522 711 1585 753 ac
1617 699 1695 753 illi
1737 699 1979 770 argillam
2007 699 2063 754 in

496 783 762 839 foramina
789 784 1106 854 important.
1143 784 1352 842 Semini
1405 788 1573 855 enim,
1595 787 1830 860 quadam
1866 789 2064 846 divinae

491 876 777 932 creatrieis
828 880 1103 949 potentiae,
1153 887 1213 933 ut
1265 881 1347 936 sic
1396 881 1600 948 dicam,
1649 884 2065 955 participatione

491 984 740 1039 asperso,
771 970 915 1026 haud
938 970 1241 1042 imputandi
1290 983 1658 1032 exaestuantes
1686 977 1912 1047 impura:
1937 977 2062 1033 libi-

489 1060 634 1115 dinis
663 1062 912 1118 ardores.
946 1062 1051 1118 Ars
1080 1078 1244 1134 porro
1267 1063 1325 1118 in
1373 1065 1623 1136 subjecta
1670 1068 1774 1123 sibi
1810 1071 2063 1138 materia,

487 1153 636 1223 quod
668 1169 829 1208 suum
851 1164 954 1219 est,
988 1154 1119 1225 agit.
1151 1152 1365 1210 Nullam
1396 1172 1528 1213 vero
1561 1173 1675 1213 rem
1700 1172 1766 1213 ex
1789 1174 1850 1217 se
1874 1175 1938 1215 ac
1969 1177 2065 1231 per

487 1261 547 1300 sc
568 1245 742 1317 ipsam
768 1245 970 1300 malam
1000 1260 1153 1313 esse,
1177 1245 1601 1304 existimandum
1637 1258 1741 1313 est,
1775 1249 1870 1305 sed
1900 1251 2063 1308 talem

485 1338 604 1393 fieri
626 1353 725 1408 per
752 1338 1095 1394 abutentium
1124 1339 1517 1409 operationem.
1545 1339 1783 1398 Honeste
1809 1342 2066 1400 videlicet

490 1437 547 1485 et
574 1436 727 1485 caste
756 1428 1023 1493 exhibita,
1079 1429 1307 1485 honesta
1331 1429 1550 1497 evadit;
1583 1432 1815 1502 turpiter
1855 1449 1986 1491 vero
2008 1442 2066 1491 et

483 1520 804 1577 indecenter
861 1521 1265 1587 administrata,
1319 1522 1503 1593 turpis
1547 1523 1624 1578 fit.
1686 1525 1747 1581 ln
1785 1542 1894 1597 quo
1918 1527 2065 1583 enim

483 1616 625 1671 male
658 1614 857 1670 meruit
886 1615 1098 1669 ferrum
1126 1623 1353 1687 propter
1391 1617 1786 1688 agriculturam
1832 1626 1887 1674 et
1919 1625 2066 1675 artes

484 1707 786 1771 inventum,
810 1706 879 1762 de
909 1707 978 1762 iis
1011 1707 1102 1778 qui
1127 1707 1194 1762 ad
1218 1716 1435 1765 mutuas
1461 1709 1591 1765 illud
1620 1709 1797 1766 caedes
1827 1712 2065 1767 acuunt?

2162 518 2324 591 δρείῳ
2371 519 2466 574 καὶ
2509 517 2782 592 ἀρῤενικῷ
2813 518 3189 591 παραδλητέον
3209 534 3223 551 ο
3256 520 3438 584 ὁπότε,
3467 519 3730 593 διψήσαν-

2160 629 2253 677 τες
2283 612 2506 677 τέκνων,
2540 615 2621 676 είς
2647 613 2775 676 τοὺς
2823 610 2963 665 κατά
3008 610 3168 681 φύσιν
3195 611 3297 682 τῆς
3325 610 3541 684 θηλείας
3570 630 3733 686 φερο-

2167 706 2360 779 μένους
2411 706 2611 778 πόρους
2656 703 3117 774 έγκαταᾶίλλουσι
3160 702 3258 775 τὴν
3287 704 3513 776 σπορὰν,
3541 704 3731 780 ὥσπερ

2163 799 2323 851 κάκεῖ
2351 796 2442 850 τδν
2475 795 2643 868 πηλὸν
2677 799 2756 861 είς
2798 794 2896 859 τὰς
2937 795 3096 860 όπάς.
3130 795 3290 861 Θείας
3336 795 3464 868 γὰρ,
3492 795 3569 859 ὡς
3600 794 3732 861 ἔπος

2162 890 2354 954 εἰπεῖν,
2393 889 2584 962 μοίρας
2632 888 2730 958 τῆς
2777 887 3169 960 δημιουργικῆς
3201 887 3262 942 τὸ
3294 888 3511 960 σπέρμα
3562 905 3731 961 μετα·

2162 976 2463 1048 λαμϐάνον,
2484 979 2583 1032 οὑκ
2633 977 2766 1032 αὐτὸ
2810 976 2978 1031 αἴτιον
3026 976 3304 1047 νομιστέον
3329 974 3469 1032 εἶναι
3492 978 3602 1032 τῶν
3631 977 3734 1049 τῆς

2164 1064 2455 1134 ἀκολασίας
2482 1069 2939 1140 ὑπεκκαυμάτων.
2958 1069 3020 1122 Ἡ
3049 1069 3147 1139 μὲν
3163 1067 3272 1141 γὰρ
3300 1068 3461 1141 τέχνη
3486 1069 3585 1142 τὴν
3606 1069 3736 1123 ὑπο-

2164 1161 2418 1232 κειμένην
2448 1160 2579 1233 ὓλην
2597 1163 2684 1215 ἀεὶ
2713 1161 3248 1215 τεκταίνεται.οὑδὲν
3267 1161 3376 1233 γὰρ
3400 1161 3585 1216 αὐτόθι
3606 1160 3735 1217 καθ’

2165 1253 2327 1306 ἑαυτὸ
2352 1252 2460 1306 τῶν
2489 1252 2822 1324 πραγμάτων
2846 1252 3077 1324 ἡγητέον
3100 1247 3238 1306 εἶναι
3266 1251 3454 1316 κακὸν,
3470 1251 3604 1306 ἀλλὰ
3625 1270 3734 1307 πα-

2168 1343 2236 1415 ρὰ
2265 1344 2363 1417 τὴν
2387 1343 2585 1415 πρᾶξιν
2616 1343 2725 1397 τῶν
2754 1344 3050 1415 χρωμένων
3078 1344 3297 1398 τοιῶσδε
3325 1343 3589 1413 γίνεσθαι.
3624 1345 3735 1397 Κο-

2166 1434 2338 1506 σμίως
2373 1435 2471 1505 μὲν
2496 1434 2613 1507 γὰρ
2639 1435 3006 1507 πραττόμενον
3042 1435 3136 1490 καὶ
3167 1436 3477 1507 σωφρόνως,
3509 1434 3736 1506 κόσμιον

2164 1527 2345 1599 ἀπέϐη
2364 1545 2378 1559 ·
2407 1528 2647 1601 αἰσχρῶς
2676 1528 2734 1582 δὲ
2765 1530 2857 1583 καὶ
2887 1530 3228 1602 ἀσχημόνως,
3256 1530 3498 1602 αἰσχρόν.
3528 1530 3592 1584 Τί
3623 1528 3737 1604 γάρ

2164 1617 2391 1690 ⁴Ιῃδίκησε
2436 1619 2649 1693 σίδηρος
2693 1621 3004 1693 γεωργικῆς
3035 1622 3193 1694 χάριν
3226 1622 3320 1676 καὶ
3345 1622 3546 1694 τεχνῶν
3571 1623 3737 1695 εὑρε-

2167 1710 2298 1774 θεὶς,
2327 1711 2452 1775 τοὺς
2479 1712 2559 1775 εἰς
2581 1710 2970 1782 ἀλληλοφόνους
3010 1713 3171 1767 αὑτὸν
3204 1713 3469 1785 θήξαντας
3516 1714 3731 1784 μάχαςς

483 1796 543 1852 In
575 1813 684 1868 quo
709 1812 902 1852 aurum
955 1806 1050 1853 aut
1079 1807 1385 1870 argentum,
1419 1805 1514 1854 aut
1557 1814 1653 1866 tes,
1686 1809 1762 1865 et,
1806 1809 1865 1856 ut
1893 1802 2057 1859 verbo

2160 1801 2224 1854 Τί
2248 1801 2308 1855 δὲ
2340 1802 2540 1874 χρυσὸς
2581 1804 2615 1874 ἢ
2659 1780 2956 1875 ἄργυρος,ἢ
2994 1804 3211 1875 χαλκὸς,
3247 1780 3341 1859 καὶ
3366 1780 3663 1877 συλλήϐδην

484 1892 757 1962 colligam,
820 1890 1001 1947 omnis
1056 1893 1280 1947 materia
1332 1900 1497 1963 atque
1546 1894 1786 1960 metalla,
1845 1894 1975 1950 dum
1999 1912 2060 1952 se

482 1984 669 2038 mollia
696 1983 941 2053 praebent
972 1994 1038 2039 ac
1097 1983 1426 2047 tractabilia,
1461 1984 1529 2039 de
1562 1983 1653 2040 bis
1679 1987 1772 2057 qui
1826 1986 2058 2057 ingratis

482 2075 540 2128 in
572 2084 847 2131 auctorem
878 2090 1038 2131 suum
1091 2075 1312 2141 animis,
1362 2075 1419 2129 in
1446 2083 1659 2132 statuas
1690 2078 1840 2134 varie
1861 2077 2059 2134 distin-

480 2174 600 2221 ctas
630 2167 1067 2238 ellormatasque.
1098 2167 1211 2222 haec
1240 2166 1516 2223 adoranda
1547 2170 1899 2240 proponunt?
1927 2170 2059 2226 Cer-

481 2267 537 2313 te
568 2258 615 2313 si
640 2259 767 2330 quis
800 2259 945 2315 furto
965 2258 1196 2330 quaesita
1226 2258 1430 2315 vellera
1466 2259 1716 2315 textrina:
1740 2261 2054 2331 praebuerit,

479 2350 538 2403 in
574 2364 742 2404 unum
777 2350 923 2405 hunc
950 2364 1176 2419 scapum
1232 2348 1455 2407 intuens
1513 2366 1625 2417 ars,
1674 2351 1823 2423 quod
1872 2353 2058 2422 subje-

479 2450 630 2496 ctum
658 2453 741 2497 est
773 2442 1093 2508 fabricatur,
1126 2453 1185 2499 ut
1232 2452 1565 2500 structuram
1611 2444 1885 2511 admittat,
1921 2446 2056 2501 nihil

479 2549 747 2606 respuens
782 2551 970 2592 eorum
999 2552 1121 2608 quae
1150 2537 1228 2591 illi
1261 2536 1329 2592 ad
1360 2552 1519 2593 usum
1556 2551 1717 2593 suum
1751 2548 1876 2609 apta
1900 2538 2054 2609 obje-

480 2635 570 2680 cta
620 2634 776 2683 sunt.
828 2626 964 2682 Nam
998 2643 1175 2699 neque
1226 2629 1372 2701 quod
1422 2629 1567 2686 furto
1604 2631 1841 2685 ablatum
1871 2639 1973 2695 est,
1998 2632 2055 2687 in

476 2719 688 2773 crimen
719 2719 1023 2775 vocandum
1077 2722 1171 2787 sit,
1218 2722 1421 2793 quippe
1476 2722 1795 2777 inanimum.
1849 2722 2055 2777 Lanam

481 2819 661 2881 itaque
680 2811 961 2869 elaborare
996 2827 1061 2868 ac
1083 2816 1435 2879 concinnare,
1485 2814 1623 2870 nihil
1655 2813 1937 2884 prohibet;
1960 2815 2055 2885 qui

481 2916 610 2955 vero
645 2900 846 2970 injusta
876 2916 996 2956 eam
1041 2916 1206 2956 manu
1247 2901 1500 2973 furtoque
1534 2902 1778 2965 abstulit,
1813 2902 1859 2957 is
1891 2917 2055 2973 pmna

481 2993 812 3050 afﬁciendus.
844 2993 935 3051 Sic
956 3004 1305 3066 corruptores
1332 2996 1665 3066 nuptiarum,
1689 3010 1753 3050 ac
1799 2995 1892 3066 qui
1920 3010 2056 3051 con-

480 3086 656 3142 cinnae
685 3095 959 3158 castaeque
984 3088 1127 3151 vitae,
1159 3087 1305 3144 velut
1324 3088 1566 3151 citharae,
1592 3094 1796 3144 temere
1818 3087 2053 3143 chordas

482 3188 759 3251 rumpunt,
794 3179 1023 3237 eﬂ‘renes
1072 3179 1417 3235 inflammatae
1447 3179 1764 3251 cupiditatis
1792 3190 1960 3237 aestus
1992 3181 2049 3235 in

480 3271 747 3328 adulteria
777 3272 1045 3339 laxantes,
1071 3272 1175 3345 ipsi
1200 3271 1418 3344 quidem
1442 3272 1725 3329 cruciandi
1758 3271 2050 3342 puniendi-

481 3379 587 3434 que
607 3372 775 3421 sunt:
811 3374 1010 3421 nocent
1057 3364 1205 3421 enim
1252 3364 1511 3435 graviter,
1540 3379 1606 3420 ex
1648 3363 1841 3419 alienis
1874 3363 2051 3419 hortis

2158 1890 2485 1963 εὑέργαστος
2529 1891 2720 1946 ἅπασα
2764 1894 2860 1964 γῆ,
2896 1894 3020 1958 τοὺς
3066 1893 3518 1966 πλημμελοῦντας
3541 1895 3734 1967 ἀχαρί-

2158 2001 2298 2048 στως
2334 1985 2414 2048 είς
2451 1984 2541 2037 τὸν
2577 1984 2835 2054 σφέτερον
2870 1985 3221 2057 δημιουργὸν,
3255 1987 3311 2039 ὲν
3341 1985 3418 2056 τῷ
3453 1984 3732 2057 παρατρέ-

2156 2074 2351 2130 πεσθαι
2378 2075 2448 2129 τά
2482 2076 2577 2130 ἀπ’
2606 2076 2783 2130 αὑτῶν
2819 2076 3201 2147 ποικιλλόμενα
3237 2077 3401 2149 βρέτη
3429 2076 3578 2148 (55);
3613 2075 3733 2131 Κᾶν

2155 2166 2264 2240 γὰρ
2287 2167 2395 2222 ἀπὺ
2426 2168 2763 2239 κλεψιμαίων
2788 2171 2854 2240 τῇ
2893 2168 3160 2239 ὑφαντικῇ
3189 2169 3480 2241 παρέχοιτό
3503 2185 3585 2232 τις
3609 2168 3733 2240 ἔρια

2156 2261 2339 2334 τέχνῃ,
2375 2261 2512 2332 πρὸς
2564 2260 2622 2314 ἐν
2672 2262 2831 2332 μόνον
2862 2260 3241 2315 ἀποὸλέπουσα
3267 2258 3427 2314 τοῦτο
3469 2262 3502 2331 ὴ
3546 2260 3731 2332 τέχνη,

2154 2353 2473 2425 δημιουργεῖ
2514 2354 2614 2422 τὴν
2664 2353 3054 2424 ὑποκειμένην,
3091 2353 3139 2405 εἰ
3185 2348 3396 2416 δέξεται
3441 2350 3540 2422 τὴν
3569 2369 3735 2406 κατα-

2159 2445 2377 2517 σκευὴν,
2410 2445 2559 2499 οὐδὲν
2587 2444 2996 2516 ἁποόαλλομένη
3044 2443 3151 2497 τῶν
3195 2445 3361 2515 ἑαυτῇ
3408 2444 3694 2515 χρησίμων
3715 2461 3732 2474 ο

2155 2539 2277 2591 ἐπεὶ
2327 2537 2491 2609 μηδὲν
2529 2537 2702 2592 αἴτιόν
2734 2540 2882 2591 ἐστιν
2914 2536 3149 2590 ἐνταῦθα
3188 2535 3252 2588 τὸ
3295 2535 3498 2590 κλαπὲν
3531 2535 3735 2605 ἄψυχον

2154 2630 2235 2685 δν.
2269 2630 2361 2683 Διὸ
2404 2630 2468 2703 δὴ
2519 2631 2651 2684 αὑτὸ
2697 2631 2793 2702 μὲν
2826 2629 3119 2701 ἐργαστέον
3148 2628 3242 2683 καὶ
3274 2626 3574 2698 κοσμητέον
3598 2643 3612 2657 ·
3642 2626 3734 2679 τὸν

2153 2719 2209 2773 δὲ
2241 2720 2567 2791 ὑφελόμενον
2595 2720 2763 2791 ἀδίκῳ
2793 2722 2950 2792 φωρᾷ
2978 2719 3344 2791 τιμωρητέον.
3364 2717 3528 2788 Ἀτάρ
3549 2716 3613 2789 δὴ
3636 2716 3733 2772 καὶ

2153 2813 2280 2875 τοὺς
2310 2810 2617 2883 δηλήμονας
2648 2810 2756 2863 τῶν
2784 2812 2998 2882 γάμων,
3031 2811 3125 2863 καὶ
3155 2811 3487 2881 διαρῤήκτας
3514 2809 3611 2880 τῆς
3643 2809 3733 2861 εὑ-

2155 2903 2457 2975 αρμοστίας
2486 2902 2579 2956 τοῦ
2614 2902 2729 2975 βίου
2771 2902 2877 2956 τῶν
2923 2901 3126 2975 χορδῶν
3186 2900 3617 2972 φλεγμαίνοντας
3652 2900 3732 2954 οἰ-

2157 3012 2325 3067 στρῳ,
2357 2996 2450 3049 καὶ
2496 2994 2595 3067 τὴν
2646 2993 2825 3067 ὅρεξιν
2871 2996 2953 3059 είς
3010 2994 3248 3067 μοιχείαν
3278 2991 3730 3064 ὲκκαλουμένους,

2155 3088 2351 3153 αὐτοὺς
2387 3087 2483 3159 μὲν
2524 3087 2874 3160 βασανιστέον
2919 3088 3013 3141 καὶ
3043 3086 3380 3159 τιμωρητέον
3404 3103 3423 3116 ·
3451 3086 3546 3139 ἀπ’
3574 3083 3732 3139 ἀλλο-

2153 3180 2318 3252 τρίων
2347 3179 2455 3253 γὰρ
2487 3182 2675 3252 κήπων
2708 3180 2806 3245 τὰς
2840 3178 3186 3249 παιδογόνους
3217 3178 3565 3251 λυμαίνονται
3604 3176 3733 3230 κλέ-

2154 3289 2379 3337 πτοντες
2406 3273 2719 3344 συμπλοκάς
2744 3290 2757 3303 ·
2786 3273 2883 3344 τὴν
2912 3273 2968 3325 δὲ
3004 3272 3233 3343 σπορὰν,
3269 3271 3456 3343 ὥσπερ
3485 3270 3550 3342 δὴ
3576 3269 3735 3323 κάκεῖ

2157 3364 2226 3419 τὰ
2257 3363 2399 3438 ἔρια,
2437 3366 2749 3438 μορφωτέον
2776 3367 2871 3420 κα)⁸
2901 3365 3198 3437 ψυχωτέον.

481 3470 832 3513 meoneessos
859 3459 1095 3513 iurando
1120 3457 1673 3522 concubitus;semen
1696 3470 1823 3513 vero
1855 3457 2056 3527 ipsum,
2098 3458 2177 3513 uti
2241 3466 2295 3513 et
2326 3459 2437 3514 illic
2476 3459 2698 3525 vellera,
2741 3457 3091 3514 formandum
3137 3466 3221 3514 est
3284 3458 3575 3527 animaque
3633 3451 3733 3507 do—

482 3551 743 3606 nandum.

954 3693 1083 3750 Car.
1117 3692 1208 3748 Vl.
1247 3693 1426 3748 Etiam
1453 3694 1877 3749 adulterinorum
1907 3702 2156 3764 partarum
2190 3706 2323 3743 cura
2356 3687 2484 3752 Deo,
2527 3688 2593 3742 iis
2627 3687 2799 3757 angeli
2831 3694 3102 3740 curatores
3136 3686 3272 3740 dati.

554 3810 620 3863 Et
654 3809 785 3880 quid
817 3824 956 3881 opus
998 3819 1152 3865 tanta
1182 3812 1555 3882 exemplorum
1593 3813 1648 3866 vi
1686 3812 1887 3868 frustra
1933 3827 2055 3868 ser-

483 3914 698 3959 monem
730 3902 1055 3973 producere,
1106 3918 1233 3958 cum
1268 3904 1403 3959 satis
1440 3904 1645 3973 liqueat
1681 3902 1775 3958 Dei
1810 3904 2055 3974 profecto

483 4009 622 4065 cpus
672 4009 819 4059 esse,
873 4009 1167 4064 corporum
1210 3994 1585 4051 structuram?
1639 3993 1870 4061 Quando
1908 3995 2053 4049 enim

485 4095 683 4141 natura
710 4085 863 4143 brevi
908 4086 1046 4143 adeo
1079 4094 1344 4158 tempore,
1394 4087 1504 4142 nisi
1561 4085 1673 4143 Deo
1724 4087 2053 4157 adjutorinm

486 4179 959 4245 subministrante,
988 4186 1202 4235 tantum
1230 4194 1375 4250 opus
1398 4178 1724 4249 perliceret?
1749 4178 1886 4245 Quis
1907 4178 2055 4233 enim

486 4270 888 4342 incompactam
922 4270 1196 4342 compegit
1216 4270 1427 4327 ossium
1460 4271 1869 4328 substantiam?
1916 4270 2055 4337 Quis

484 4378 618 4420 vero
640 4363 943 4435 colligavit,
968 4371 1031 4418 ut
1054 4364 1238 4421 nervis
1261 4363 1689 4420 extenderentur
1722 4376 1785 4418 ac
1810 4363 2056 4419 remitte-

2228 3808 2339 3862 Καὶ
2363 3809 2416 3861 τί
2439 3807 2520 3861 δεῖ
2541 3805 2941 3879 παραδείγμασι
2964 3804 3238 3868 τοσούτοις
3251 3821 3350 3875 κεχ
3358 3822 3420 3877 ρη
3430 3805 3595 3877 μένην

2164 3899 2425 3972 μηκύνειν
2477 3898 2568 3951 τὸν
2618 3897 2816 3965 λόγον;
2852 3896 2984 3950 osse
3015 3896 3123 3967 γὰρ
3172 3895 3237 3949 ἂν
3284 3895 3462 3960 οὑτως
3486 3900 3542 3950 ἐν
3569 3898 3735 3971 ὀλίγῳ

2160 3993 2334 4065 χρόνῳ
2356 3990 2607 4045 τοσοῦτον
2631 3989 2735 4056 ἔξω
2764 3989 2914 4054 θείας
2940 3988 3170 4061 κομιδῆς
3201 3988 3359 4060 ἔργον
3388 3988 3611 4061 ἐξήνυσε
3635 3990 3738 4061 φύ-

2160 4102 2263 4150 σις.
2294 4084 2389 4148 Τίς
2413 4082 2519 4155 γὰρ
2557 4083 2757 4137 ὀστέων
2796 4083 3036 4153 ἀπηκτον
3065 4081 3261 4154 ἔπηξεν
3293 4080 3476 4134 οὐσίαν
3502 4099 3516 4147 ;
3549 4082 3644 4147 Τίς
3673 4082 3733 4136 δὲ

2160 4177 2417 4248 ξυνέδησε
2442 4173 2805 4229 ἐπιτείνεσθαι
2838 4173 3048 4246 νεύροις
3083 4177 3177 4228 καὶ
3208 4173 3453 4229 ἀνίεσθαι
3478 4173 3607 4244 περὶ
3634 4173 3732 4238 τὰς

2160 4269 2409 4342 ἀρμογάς
2431 4267 2793 4339 καμπτόμενα
2811 4266 2877 4319 τὰ
2898 4266 3031 4337 μέλη
3055 4283 3070 4331 ;
3097 4266 3192 4331 Τίς
3210 4267 3255 4320 δ’
3271 4268 3571 4337 ὑπονόμους
3600 4281 3735 4319 κατ-

2162 4360 2423 4414 εο-κεὺασε
2483 4358 2560 4431 τῷ
2608 4360 2803 4430 αἵματι
2835 4398 2849 4421 ,
2902 4360 2996 4412 καὶ
3049 4359 3292 4431 μαλακὴν
3345 4358 3611 4432 ἀρτηρίαν
3655 4357 3733 4429 τῷ

487 4464 682 4513 rentur
709 4456 1086 4528 adjuncturas
1114 4466 1332 4511 artuum
1364 4456 1446 4512 sic
1478 4456 1722 4513 membra
1753 4454 2057 4510 ﬂectentia?

2161 4454 2470 4525 πνεόματις
2499 4455 2567 4508 Ἦ
2598 4454 2681 4519 τίς
2712 4452 2868 4517 ἄλλος
2897 4453 3009 4523 (55)
3039 4451 3289 4524 ὲζὺμωσε
3331 4454 3500 4524 χυμὸν
3539 4452 3733 4517 δεύσας

486 4542 630 4611 Quis
651 4544 937 4601 cuniculos
968 4544 1245 4616 sanguini,
1275 4544 1608 4617 mollemque
1648 4544 1864 4614 spiritui
1914 4550 2059 4598 arte-

484 4635 627 4690 riam
653 4637 1018 4706 prmparavit?
1052 4637 1157 4691 Aut
1207 4635 1333 4707 quis
1387 4636 1532 4692 alius
1591 4635 1877 4691 humorem
1925 4650 2059 4691 san-

489 4728 655 4799 guine
680 4729 972 4793 imbutum,
1003 4744 1180 4800 exque
1214 4730 1347 4784 limo
1390 4729 1605 4785 mollem
1666 4727 1904 4799 palpam,
1957 4727 2060 4785 fee-

490 4828 675 4872 mento
704 4833 871 4888 prope
902 4817 1183 4885 dilatavit;
1214 4818 1323 4875 nisi
1364 4818 1518 4875 solus
1550 4832 1803 4874 summus
1832 4816 2054 4881 artifex.

487 4909 581 4981 qui
617 4910 799 4963 vivum
832 4923 935 4964 nos
974 4908 1277 4977 hominem,
1318 4910 1640 4966 rationalem
1695 4910 1780 4965 sui
1829 4908 2061 4983 emgiem

557 5062 669 5138 (53)
690 5067 1125 5138 Ποικμλόμεοςᾳ
1159 5062 1370 5138 βρέτη.
1426 5059 1643 5138 Variam
1677 5061 1977 5138 lectionem
1997 5060 2059 5115 in

486 5131 620 5208 voce
651 5131 1034 5208 ποικιλλόμενα
1060 5131 1325 5208 νοιηεοό.
1355 5134 1608 5208 agnoscit
1619 5132 1781 5208 etiam
1801 5131 2056 5208 Allatius:

593 5202 1020 5289 haec_Possi_nius
1052 5222 1151 5289 pro
1182 5205 1368 5289 ερέτη,
1398 5202 1947 5289 fallentibuspculis,
1970 5202 2057 5289 vel

487 5277 650 5331 etiam
676 5277 935 5332 illudcnte
956 5275 1158 5338 scriba.
1183 5275 1371 5348 ’βρέφη
1403 5275 1531 5348 legit
1548 5292 1567 5348 ς
1600 5275 1745 5348 quod
1764 5283 1833 5348 et
1885 5288 2054 5348 cona-

488 5356 581 5402 tur
610 5348 855 5409 reddere,
889 5362 1015 5402 cum
1076 5350 1147 5404 sit
1174 5344 1378 5402 nullius
1426 5346 1514 5399 hic
1540 5344 1734 5416 frugis.
1763 5344 1885 5399 Non
1910 5346 2055 5398 enim

488 5418 706 5473 metalla
735 5426 1050 5472 enumerata
1094 5420 1231 5474 bene
1279 5417 1347 5471 ad
1386 5416 1587 5472 liberos
1633 5421 2053 5486 componantur,

433 5485 439 5533 ἶ
489 5489 585 5543 sed
614 5488 679 5542 ad
708 5498 921 5543 statuas
945 5496 997 5542 et
1027 5490 1341 5551 simulacra,
1390 5501 1512 5558 qua:
1561 5488 1641 5543 sic
1664 5484 1814 5540 varia
1834 5500 1910 5558 ex
1953 5484 2060 5539 illis

434 5558 441 5631 ε
490 5559 660 5613 ϐαιξεί
691 5558 918 5631 colenda
948 5558 1325 5631 efformahant,
1377 5557 1545 5631 invita
1578 5566 1807 5631 natura,
1830 5557 1882 5609 in
1923 5569 2057 5608 con-

436 5627 442 5665 λ
490 5640 749 5699 temptmn
812 5629 923 5684 Dei.
962 5627 1079 5701 Vox
1130 5644 1348 5701 quoque
1385 5628 1752 5701 πηλικωμένοι
1795 5627 1913 5697 ipsa
1942 5640 2053 5678 non

490 5698 626 5756 satis
664 5700 870 5763 (ἔπειτα.
886 5708 947 5755 ιιι
973 5698 1211 5770 undique
1234 5698 1434 5770 pateat.
1451 5698 1623 5752 unam
1645 5698 1916 5770 duntaxat
1934 5709 2053 5764 pro-

490 5772 669 5827 batam
704 5773 1008 5837 lcetioncm,
1042 5767 1204 5829 quam
1235 5767 1313 5829 ex
1361 5770 1526 5825 Allat.
1548 5778 1601 5826 et
1641 5767 1776 5823 Μαι.
1813 5767 1935 5822 cozl.
1959 5782 2049 5822 sc-

2161 4546 2372 4616 αἵματι,
2406 4547 2500 4599 καὶ
2548 4541 2826 4615 μαλθακὴν
2875 4545 2937 4595 ὲκ
2985 4543 3109 4614 χοὸς
3162 4544 3372 4615 σάρκας
3404 4544 3473 4596 Ἦ
3522 4543 3681 4613 μόνος
3707 4544 3737 4595 ό

2161 4637 2547 4710 ἀριστοτέχνης
2574 4636 2671 4706 τὴν
2701 4633 3070 4705 λογικωτάτην
3100 4633 3283 4688 εἰκόνα
3325 4634 3419 4687 καὶ
3466 4631 3731 4704 ἔμψυχον,

2158 4724 2251 4784 τὸν
2282 4730 2588 4803 ἄνθρωπον,
2621 4730 2788 4800 ἡμᾶς,
2820 4726 3012 4780 ἑαυτοῦ
3040 4729 3473 4797 τεκταινόμενος,
3506 4725 3599 4779 καὶ
3631 4743 3733 4796 κη-

2162 4822 2479 4895 ροπλαστῶν
2511 4820 2572 4887 ἐξ
2601 4819 2784 4893 ὑγρῶν
2816 4820 2910 4875 καὶ
2943 4818 3292 4892 βραχυτάτων
3316 4817 3647 4890 σπερμάτων
3675 4818 3733 4870 ὲν

2168 4919 2394 4993 μήτρᾳς.
2433 4916 2528 4982 Τίς
2582 4915 2690 4988 γάρ
2727 4916 2872 4969 ἐστιν
2903 4915 2931 4968 ό
2964 4909 3412 4984 προμηθούμενος
3461 4908 3535 4982 μὴ
3592 4925 3733 4980 συμ-

2159 5071 2633 5144 (λυθῇ-(3013111⁸18.

2233 5141 2344 5215 (54)
2380 5138 2801 5265 ἕεχρημένην.
2842 5138 3008 5192 Allat.
3051 5145 3104 5192 et
3144 5132 3390 5199 Possim,
3444 5151 3733 5208 καταχρω-

2234 5231 2351 5265 νην.
2429 5227 2551 5265 ALL.

2163 5213 2351 5286 μέντν.
2380 5213 2551 5266 GALL.
3737 5233 3743 5269 θ

2234 5252 2345 5355 (ὃξ)
2371 5277 2561 5355 illd;-
2602 5278 2809 5355 ἄλλος.
2843 5277 3087 5355 [castra
3121 5275 3355 5355 quodam
3396 5276 3566 5355 codex
3608 5276 3728 5355 Vat.

2161 5347 2349 5417 “Η’τίς
2371 5352 2503 5415 Θεός
2539 5347 2554 5383 ³
2585 5351 2729 5422 quod
2757 5358 2815 5405 'et
2870 5347 3158 5422 Possinius
3187 5347 3457 5416 sequitur.
3506 5348 3727 5417 Accepi,

2157 5440 2266 5479 non
2292 5433 2352 5477 ut
2389 5437 2580 5476 novam
2602 5418 2916 5487 'fectionem,
2948 5418 3043 5473 sed
3075 5428 3134 5476 ut
3158 5427 3368 5488 partem
3388 5425 3586 5480 textus,
3621 5434 3739 5487 quo

2164 5496 2459 5569 exponitur
2479 5493 2615 5546 mira
2639 5492 2843 5546 fabrica
2871 5490 3094 5545 humani
3116 5489 3380 5569 corporis
3400 5506 3430 5569 7:
3473 5488 3615 5569 quod
3642 5503 3732 5569 ex

2163 5559 2332 5635 parvo
2363 5564 2591 5635 humore
2638 5577 2725 5635 ac_
2751 5574 2943 5635 spuma
2976 5561 3133 5629 quasi
3184 5560 3449 5635 fermento
3470 5559 3733 5613 dilatetur

2163 5630 2343 5689 inassa
2375 5633 2646 5707 corporis,
2714 5630 2953 5688 in'dura
3003 5646 3129 5687 ossa
3163 5647 3226 5684 ac
3259 5630 3473 5707 mollem
3506 5643 3741 5707 carnem

2157 5699 2550 5776 cruentumque
2579 5705 2857 5760 humorem
2882 5709 3220 5774 exporrecta.
3254 5699 3544 5756 Consurns.
