4052 6338
240 330 308 391 5Ἰ
1305 322 1690 384 CONVIVIUM
1730 319 1958 376 DECEM
1999 317 2360 377 VIRGINUM.
3420 322 3490 379 εκ

242 453 533 522 πνίγεσθαι
562 449 641 521 τῷ
674 449 824 522 ὑγρῷ
849 449 940 504 καὶ
963 453 1027 521 τῇ
1058 451 1250 520 συνοχῇ
1278 448 1386 501 τῶν
1415 447 1668 517 ἀγγείων,
1700 446 1811 498 ὲπι-

1925 441 2240 506 l'abrieatus,
2276 455 2341 495 ex
2376 436 2628 492 humanis
2676 436 3126 509 tenuissimisque
3159 437 3487 506 seminibus,

243 546 573 615 κλυζόμενον
606 544 715 596 ἔσω
736 542 796 596 τὸ
829 543 1093 614 ἕμὸρυονς
1119 544 1187 595 ἸΙ
1212 541 1291 604 τίς
1386 540 1520 611 μετὰ
1548 539 1608 592 τὸ
1632 538 1819 608 λοχευ-

244 639 397 707 θῆναι
432 637 527 690 καὶ
558 637 640 698 εἰς
670 634 785 704 φῶς
819 634 1079 697 ἀνελθεῖν,
1114 636 1193 697 εἰς
1224 632 1453 704 μέγεθος
1497 631 1587 684 καὶ
1628 630 1819 693 κάλλος

245 732 334 784 καὶ
376 729 571 799 ῥώμην
605 728 661 794 ἐξ
694 726 953 789 ἀσθενοῦς
1002 726 1091 778 καὶ
1138 724 1366 796 βραχέος
1410 723 1816 795 μεταϐάλλωνῆ

249 822 318 893 μὴ
362 804 528 883 αὐτὸς
575 815 729 883 οὗτος
772 820 799 869 6
832 819 1236 889 ἁριστοτέχνης,
1266 817 1340 880 ὡς
1383 817 1536 887 ἔφην,
1573 816 1721 879 Θεὸς,
1752 817 1817 886 τῇ

246 918 497 986 ποιητικῇ
546 915 773 983 δυνάμει
825 912 903 983 τῷ
949 911 1164 984 Χριστῷ
1208 908 1694 982 μετασχηματίζων
1728 908 1820 961 καὶ

246 1006 695 1080 μεταζωγραφῶν
720 1004 817 1067 τὰς
864 1004 1034 1068 ἰδὲας;
1071 1006 1089 1026 ⁶
1130 1002 1288 1055 Ὅθεν
1343 1001 1406 1071 δὴ
1437 1001 1529 1054 καὶ
1556 998 1822 1070 τημελού-

242 1119 352 1173 χοις
380 1100 658 1167 ἀγγέλοις,
697 1098 796 1151 κᾶν
827 1099 891 1150 ἐκ
917 1097 1158 1167 μοιχείας
1182 1089 1281 1147 ὦσι
1306 1094 1373 1147 τὰ
1398 1094 1816 1163 ἁποτικτόμενα,

245 1190 632 1262 παραδίδοσθαι
683 1188 1094 1262 παρειλήφαμεν
1142 1187 1198 1238 ὲν
1236 1184 1611 1248 θεοπνεύστοις
1640 1183 1821 1254 γράμ-

247 1304 419 1358 μασιν.
459 1287 523 1338 ΕΞ
557 1286 667 1357 γάρ
701 1283 849 1355 παρὰ
882 1282 981 1353 τὴν
1030 1279 1254 1351 γνώμην
1307 1278 1545 1347 ἐγίνοντο
1592 1277 1685 1330 καὶ
1729 1276 1819 1329 τὸν

244 1380 437 1450 θεσμὸν
496 1380 597 1449 τῆς
631 1378 906 1447 μακαρίας
939 1374 1147 1444 ἐκείνης
1170 1374 1381 1444 φύσεως
1410 1371 1503 1425 τοῦ
1525 1371 1679 1434 Θεοῦ,
1706 1370 1819 1433 πῶς

243 1476 493 1543 ἀγγέλοις
540 1471 710 1525 ταῦτα
744 1468 1057 1540 παρεδίδοτο
1090 1464 1477 1537 τρανρησόμενα
1513 1464 1650 1534 μετὰ
1691 1462 1818 1515 πολ-

241 1568 332 1635 λῆς
362 1564 731 1625 ἀναπαύσεως
766 1563 861 1615 καὶ
896 1558 1207 1633 ῥᾳστώνης;
1238 1556 1361 1618 Πῶς
1384 1555 1438 1608 δὲ
1471 1556 1562 1608 καὶ⁵
1586 1572 1820 1626 κατηγο-

224 1660 477 1729 ,ρήςοντα
502 1656 651 1725 σφῶν
680 1652 859 1709 αὐτῶν
883 1652 1010 1714 τοὺς
1033 1652 1206 1720 γονεῖς
1235 1649 1719 1721 εὐπαρρησιάστως
1741 1650 1819 1711 εἰς

238 1748 293 1801 τὸ
338 1748 697 1817 δικαστήριον
750 1743 1071 1815 ὲκίκλησκον
1132 1742 1225 1795 τοῦ
1274 1740 1549 1813 Χριστοῦ;
1603 1740 1674 1793 Σὺ
1720 1740 1818 1793 οὐκ

1921 533 2070 588 velut
2091 548 2153 587 ex
2186 546 2332 593 cera,
2364 530 2422 583 in
2451 531 2608 583 vulva
2634 528 2873 600 ellingit?
2928 531 3007 585 Ad
3057 532 3218 602 cujus
3259 534 3404 587 enim
3437 534 3489 587 id

1922 640 2108 679 curam
2152 632 2383 694 spectat,
2428 638 2495 675 ne
2531 629 2642 674 tum
2676 620 2921 684 humido,
2973 631 3197 693 tumque
3239 625 3491 679 vasculo-

1922 732 2042 770 rum
2073 717 2341 786 angustiis
2376 715 2691 778 sutlocetur,
2719 713 2867 767 intus
2901 714 3157 771 innatans
3188 724 3344 770 utero
3393 731 3490 785 ge-

1923 819 2100 865 status
2138 809 2491 878 imperfectus
2528 808 2703 863 fetus?
2731 807 2864 873 Quis
2894 823 2922 860 a
2956 814 3114 877 partu
3135 809 3246 876 jam
3280 810 3486 863 editum

1921 902 2086 971 inque
2138 902 2314 955 lucem
2352 910 2687 969 susceptum,
2728 902 2807 955 sic
2835 900 3160 955 imbecillem
3196 901 3485 969 exiguum—

1922 1010 2027 1064 que
2049 995 2103 1048 in
2129 995 2324 1047 molem
2359 1003 2413 1048 et
2441 994 2669 1048 formam
2698 1009 2760 1047 ac
2793 995 2961 1047 robur
2985 993 3238 1047 idoneum
3290 1007 3485 1061 prove-

1920 1088 2037 1141 hit?
2070 1088 2174 1142 nisi
2212 1088 2299 1141 ille
2331 1089 2493 1150 idem,
2529 1095 2584 1140 ut
2610 1088 2744 1148 dixi,
2771 1102 3063 1157 supremus
3098 1086 3290 1139 artifex
3319 1084 3484 1151 Deus,

1919 1180 2182 1233 creatrice
2214 1180 2286 1241 vi,
2318 1179 2475 1248 quasi
2527 1179 2748 1233 Christo
2799 1179 3093 1247 exemplari
3151 1176 3350 1246 ﬁguras
3383 1175 3479 1228 du.

1919 1282 2049 1320 cens
2080 1276 2243 1337 atque
2281 1266 2348 1321 ad
2404 1268 2585 1322 vivum
2634 1268 2848 1337 species
2893 1266 3221 1337 depingens?
3251 1265 3403 1321 Unde
3433 1272 3487 1321 et

1919 1357 2246 1411 tutelaribus
2278 1356 2509 1427 angelis,
2543 1357 2706 1411 etiam
2766 1372 2830 1411 ex
2888 1356 3155 1410 adulterio
3204 1363 3486 1427 susceptas

1918 1449 2099 1518 proles
2134 1449 2531 1513 commendari,
2565 1465 2629 1503 ex
2664 1448 2865 1503 divinis
2912 1449 3113 1503 litteris
3149 1448 3483 1517 accepimus.

1920 1538 1977 1594 Si
2004 1540 2148 1594 enim
2183 1540 2348 1593 invita
2396 1542 2567 1596 beata:
2620 1542 2768 1596 illius
2818 1548 3047 1602 naturae,
3104 1538 3197 1595 Dei
3251 1540 3483 1605 scilicet,

1916 1634 2218 1697 voluntate,
2249 1643 2553 1705 praeterque
2581 1635 2701 1703 ejus
2729 1634 3016 1689 consilium
3038 1650 3100 1688 ac
3124 1635 3293 1703 legem
3346 1633 3483 1690 exsi-

1918 1734 2145 1790 sterent,
2167 1729 2442 1797 quomodo
2469 1728 2674 1798 angelis
2710 1726 3052 1780 traderentur
3082 1726 3277 1780 blande
3305 1724 3483 1779 admo-

237 1841 538 1909 ἐφθόνησας
569 1841 725 1909 ἡμῖν,
756 1831 803 1889 ὦ
830 1836 1023 1906 Κύριε,
1053 1836 1113 1887 τὸ
1153 1835 1350 1898 κοινὸν,
1386 1835 1631 1902 λέγοντα,
1660 1832 1811 1886 τοῦτο

1917 1818 2044 1872 dum
2106 1834 2168 1872 ac
2212 1818 2553 1889 indulgenter
2607 1818 2943 1872 educandaa?
2994 1816 3276 1882 Quomodo
3322 1818 3481 1870 etiam

240 1933 379 2002 φῶς
417 1927 564 1984 οῦτοι
592 1929 648 1982 δὲ
682 1931 829 2000 ἡμᾶς
862 1930 940 1990 εἰς
978 1926 1203 1980 θάνατον
1249 1925 1508 1990 ἐξέθεντο,
1546 1942 1819 1995 καταφρο-

239 2025 499 2095 νήσαντες
536 2023 639 2093 τῆς
679 2022 777 2091 σῆς
824 2019 1173 2089 ἐντολῆς.Ἐκ
1207 2017 1314 2090 γὰρ
1342 2019 1598 2091 ἀιςόμων,
1633 2019 1815 2089 φησὶν,

240 2115 442 2167 ὕπνων
474 2112 588 2181 (56)
618 2112 800 2165 τέκνα
842 2110 1180 2179 γεννώμενα
1221 2107 1516 2178 μάρτιιρές
1562 2111 1676 2161 εἰσι
1714 2124 1817 2160 πο·-

239 2204 445 2268 ντιρὶας
492 2203 645 2256 κατὰ
687 2202 911 2271 γονέων
952 2202 1021 2254 ἐν
1060 2199 1368 2270 ἑξετασμῷ
1410 2198 1671 2254 πιθανῶν
1716 2201 1819 2253 λό-

240 2314 369 2365 των.

1913 1925 2043 1965 suos
2072 1910 2349 1979 genitores
2373 1916 2732 1975 accusaturus,
2764 1909 2929 1963 libere
2964 1909 3030 1962 ad
3057 1906 3264 1961 Christi
3302 1908 3482 1960 tribu-

1911 2002 2001 2056 nal
2032 2001 2300 2057 citarent?
2337 2001 2417 2055 Tu
2469 2002 2710 2072 quidem,
2767 2001 3014 2064 Domine,
3059 2002 3335 2071 inquiunt,
3372 2014 3484 2055 non

1912 2096 2153 2150 invidisti
2186 2094 2341 2149 nobis
2365 2110 2653 2149 commune
2680 2095 2784 2149 hoc
2826 2095 3039 2161 lumen;
3069 2095 3123 2148 bi
3167 2102 3347 2149 autem
3378 2110 3480 2150 nos

1913 2190 1967 2244 in
2003 2198 2230 2243 mortem
2264 2197 2661 2259 exposuerunt,
2698 2196 3009 2257 contempto
3044 2200 3139 2241 tuo
3198 2186 3478 2243 mandato.

1916 2281 1999 2335 Ex
2024 2283 2311 2352 illegitimis
2343 2283 2485 2337 enim
2514 2284 2734 2348 somnis,
2770 2282 2964 2352 inquit,
2994 2283 3097 2351 filii
3125 2283 3213 2353 qui
3244 2299 3481 2338 nascun-

1915 2388 2020 2443 tur,
2055 2387 2205 2431 testes
2232 2388 2352 2431 sunt
2398 2379 2640 2447 nequitia:
2672 2376 2917 2431 adversus
2964 2387 3202 2447 parentes
3236 2395 3288 2431 in
3319 2378 3485 2432 inter-

1910 2472 2179 2541 rogatione
2206 2470 2634 2539 persuasibilium
2666 2487 2966 2525 sermonum
2989 2472 3053 2527 ".

504 2632 639 2687 CAP.
668 2630 783 2687 VII.
815 2631 1008 2685 Anima
1041 2632 1323 2686 rationalis
1352 2633 1415 2685 ab
1440 2634 1553 2701 ipso
1579 2632 1706 2688 Deo.
1742 2632 1979 2689 Castitas
2010 2653 2113 2691 non
2152 2654 2259 2690 una
2288 2637 2444 2701 bona,
2478 2636 2577 2690 etsi
2603 2635 2789 2689 melior
2810 2644 2858 2689 et
2884 2634 3214 2692 honoratior.

302 2753 413 2806 Καὶ
440 2753 587 2823 τάχα
619 2754 716 2823 μὲν
749 2749 842 2807 οὖν
874 2753 938 2825 δὴ
981 2756 1163 2827 χώραν
1189 2754 1297 2819 ἕξει
1327 2756 1692 2826 πιθανολογῶν
1729 2775 1811 2822 τις

240 2850 292 2901 ὲν
336 2849 395 2901 οὐ
446 2852 717 2921 κριτικοῖς
758 2850 853 2903 καὶ
884 2851 1163 2923 φρονίμοις
1195 2852 1439 2923 ἀνδράσι,
1473 2852 1562 2906 τὸν
1610 2853 1810 2923 χιτῶνα

239 2943 330 3011 τῆς
361 2943 541 3012 ψυχῆς
571 2943 663 2995 τὸν
696 2944 949 3013 σάρκινον
985 2945 1174 2997 τοῦτον
1217 2944 1324 2996 ὑπὸ
1370 2943 1671 3017 ἀνθρώπων
1718 2964 1811 3015 φυ-

238 3040 522 3109 τευόμενον
550 3040 819 3109 αὐτοματὶ
857 3038 1190 3110 μορφοῦσθαι
1221 3038 1370 3111 παρὰ
1406 3039 1504 3110 τὴν
1538 3040 1808 3109 ἀπόφασιν

240 3131 323 3185 τοῦ
370 3132 505 3185 Θεοῦ
533 3150 546 3162 ·
585 3132 646 3185 οὺ
683 3132 787 3203 μὴν
954 3132 1064 3203 (57)
1096 3133 1187 3185 καὶ
1220 3132 1316 3203 τῆς
1346 3131 1519 3203 ψυχῆς
1547 3132 1643 3203 τὴν
1672 3132 1806 3187 ἀθά-

237 3243 387 3278 νατον
419 3225 610 3278 οὐσίαν
654 3224 791 3296 μετὰ
832 3224 925 3277 τοῦ
972 3224 1165 3295 θνητοῦ
1198 3224 1513 3296 σπείρεσθαι
1539 3225 1803 3281 διδάσκων

240 3319 659 3389 πιστευθήσεται
695 3317 961 3389 σώματος.
997 3319 1067 3370 Τὸ
1095 3323 1111 3339 '
1137 3319 1244 3390 γὰρ
1274 3319 1535 3373 ἀθάνατον
1566 3319 1655 3372 καί
1680 3318 1810 3390 ἀγή-

242 3428 342 3481 ρων
391 3412 547 3480 μόνος
579 3414 607 3463 6
644 3410 1041 3481 Παντοκράτωρ
1078 3412 1294 3480 ὲμφυσᾷ
1333 3411 1483 3480 ἡμῖν,
1520 3411 1612 3464 καὶ
1651 3409 1810 3481 μόνος

239 3502 344 3553 τῶν
372 3502 613 3571 ἀοράτων
638 3502 755 3553 ἐστὶ
783 3501 875 3553 καὶ
900 3500 1083 3553 ἀνολέθ
1094 3518 1199 3571 ρων
1224 3502 1470 3571 ποιητής.
1490 3502 1810 3569 Ἐι-εερύση-

243 3606 316 3643 σε
364 3590 468 3659 γὰρ
501 3592 583 3655 εἰς
621 3589 687 3643 τὸ
718 3590 1040 3657 πρόσωπον
1066 3589 1250 3644 αὐτοῦ
1280 3589 1477 3657 πνοὴν
1506 3588 1673 3657 ζωῆς,
1712 3591 1808 3644 καὶ

243 3682 495 3752 ἐγένετο,
545 3684 728 3755 φησιν,
782 3687 814 3737 ό
856 3682 1162 3755 ἅνθρωπος
1213 3686 1299 3748 εὶς
1344 3682 1553 3752 ψυχὴν
1594 3682 1805 3742 ζῶσαν.

254 3776 467 3845 Ἀμέλει
510 3777 638 3839 τοὺς
684 3775 1027 3846 χειροτέχνας
1059 3774 1279 3838 τούτους
1320 3774 1647 3845 ἀντιώμενος
1671 3777 1698 3828 6
1724 3773 1810 3828 λό-

242 3886 347 3936 70;,
380 3869 473 3920 ἐπὶ
502 3868 649 3939 λύμῃ
674 3867 781 3920 τῶν
808 3867 1106 3939 ἀνθρώπων
1150 3867 1217 3919 τὰ
1258 3868 1599 3937 ἀνδροείκελα
1644 3885 1811 3921 κατα-

244 3961 600 4025 σκευάζοντας
628 3961 935 4030 ἁγάλματα,
968 3960 1067 4013 οὐκ
1101 3960 1393 4029 αίσθόμενα
1420 3960 1509 4012 τὸν
1539 3959 1665 4013 ἴδιον
1693 3977 1811 4012 ποι-

241 4054 393 4123 ητὴν,
428 4055 485 4106 ὲν
519 4057 587 4124 τῇ
621 4053 911 4124 παναρέτῳ
934 4052 1101 4124 Σοφία
1136 4054 1267 4123 φησὶ
1291 4070 1304 4083 ⁸
1339 4054 1569 4120 Σποδὸς
1608 4057 1645 4123 ἡ
1674 4072 1811 4123 καρ-

241 4144 330 4199 δία
361 4144 583 4210 αὐτῶν,
614 4144 709 4197 καὶ
740 4144 849 4215 γῆς
874 4144 1263 4213 εὐτελεστέρα
1304 4147 1341 4212 ὴ
1386 4146 1561 4211 ἐλπὶς
1592 4145 1807 4212 αὐτῶν,

241 4238 437 4305 πηλοῦ
479 4256 545 4291 τε
578 4239 919 4307 ἀτιμότερος
946 4234 992 4291 ’ό
1024 4238 1165 4302 βίος
1196 4236 1419 4291 αὐτῶν·
1462 4237 1549 4289 ὅτι
1590 4239 1809 4308 ἠγνόη-

239 4348 357 4383 σαν
395 4331 500 4383 τὸν
530 4328 850 4383 πλάσαντα
875 4330 1111 4395 αὐτοὺς,
1136 4330 1233 4383 καὶ
1266 4329 1371 4383 τὸν
1393 4330 1811 4398 ἐμπνεύσαντα

241 4422 445 4488 αὐτοῖς
480 4422 688 4490 ψυχὴν
709 4422 1096 4493 ἐνεργοῦσαν,
1114 4423 1210 4475 καὶ
1239 4421 1676 4491 ἐμφυσὴσαντα
1704 4424 1811 4475 αὑ-

240 4516 357 4581 τοῖς
379 4514 616 4583 πνεῦμα
644 4507 1087 4575 ζωτικόν.οῦτός
1120 4514 1234 4567 ἐστι
1266 4513 1483 4568 πάντων
1512 4512 1811 4585 ἀνθρώπων

1988 2758 2054 2812 Ει
2088 2759 2267 2814 adhuc
2294 2758 2477 2814 locum
2510 2758 2731 2813 habebit
2765 2758 2964 2829 aliquis
2996 2760 3350 2829 probabiliter
3367 2758 3485 2816 dis-

1917 2852 2140 2922 putandi
2177 2850 2321 2922 apud
2356 2851 2640 2921 imperitos
2704 2859 2757 2905 et
2809 2850 3201 2920 imprudentes,
3238 2852 3480 2906 tunicam

1918 2942 2057 2995 hanc
2081 2943 2272 2995 auium:
2316 2956 2593 3004 carneam,
2657 2941 2724 2995 ab
2766 2941 3082 2997 hominibus
3118 2952 3315 3007 satam,
3345 2959 3478 2997 casu

1916 3036 2140 3091 formari
2175 3043 2367 3105 praeter
2399 3035 2491 3090 Dei
2518 3035 2872 3100 sententiam;
2911 3035 3269 3090 immortalem
3296 3045 3479 3089 tamen

1913 3128 2077 3181 animi
2106 3128 2465 3181 substantiam
2513 3142 2636 3181 cum
2682 3129 2902 3183 mortali
2936 3143 2999 3182 ac
3037 3126 3214 3197 fragili
3251 3142 3480 3196 corpore

1912 3221 2168 3278 seminari
2212 3220 2305 3291 qui
2341 3221 2551 3284 doceat,
2602 3221 2756 3276 ﬁdem
2786 3237 2895 3275 non
2942 3220 3260 3274 merebitur.
3322 3218 3478 3285 Quod

1910 3316 2053 3370 enim
2082 3314 2272 3368 mortis
2305 3314 2550 3382 seniique
2573 3329 2768 3383 expers
2803 3322 2907 3377 est,
2937 3313 3086 3368 solus
3111 3312 3294 3382 utique
3320 3312 3479 3367 nobis

1910 3407 2143 3477 inspirat
2170 3406 2545 3477 Omnipotens,
2593 3407 2855 3475 solusque
2892 3405 3247 3493 'pivisibilium
3295 3405 3480 3459 incor-

1910 3501 2356 3569 ruptibilimnque
2392 3506 2606 3554 creator
2633 3506 2734 3553 est.
2776 3498 3060 3567 Inspiravit
3083 3499 3249 3563 enim,
3276 3499 3476 3568 inquit,

1910 3594 1963 3646 in
1992 3593 2177 3661 faciem
2201 3593 2313 3661 ejus
2340 3592 2667 3661 spiraculum
2700 3594 2816 3647 vita:
2854 3609 2872 3647 :
2915 3602 2964 3647 et
3012 3592 3185 3662 factus
3218 3602 3293 3647 est
3324 3593 3477 3648 homo

1911 3687 1964 3737 in
1997 3684 2227 3736 animam
2254 3684 2502 3737 viventem
2530 3684 2593 3736 ’⁸.
2627 3683 2873 3753 Denique
2924 3683 3163 3737 artifices
3221 3683 3345 3737 illos
3401 3682 3480 3736 in-

1910 3791 2143 3845 crepans
2175 3775 2479 3846 Scriptura,
2508 3776 2597 3846 qui
2627 3776 2693 3829 ad
2720 3776 2999 3829 hominum
3038 3774 3331 3845 perniciem
3376 3774 3479 3828 hu-

1909 3885 2067 3923 mana
2088 3873 2256 3924 forma
2293 3877 2503 3925 statuas
2531 3870 2947 3931 concinnarent,
2983 3868 3134 3921 nullo
3162 3869 3282 3937 ejus
3310 3884 3475 3923 sensu

1911 3962 2184 4031 praeditas,
2238 3978 2346 4032 quo
2400 3971 2623 4016 auctore
2677 3960 2827 4024 ﬁant,
2883 3960 2937 4012 in
2991 3960 3130 4012 libro
3160 3959 3471 4029 Sapientiae,

1911 4055 2091 4109 omnis
2118 4056 2329 4110 scilicet
2378 4055 2599 4109 virtutis
2639 4053 2872 4117 oﬂicina,
2912 4053 2987 4106 ait
3034 4072 3046 4106 :
3090 4051 3235 4108 Cinis
3278 4065 3356 4107 est
3386 4069 3476 4107 sor

1909 4164 2110 4212 eorum,
2140 4158 2189 4203 et
2225 4158 2365 4202 terra
2396 4163 2715 4218 supervacua
2746 4162 2858 4215 spes
2878 4161 3075 4209 eorum,
3110 4154 3159 4198 et
3183 4146 3291 4199 luto
3322 4144 3476 4199 vilior

1912 4242 2017 4293 vita
2048 4256 2265 4293 eorum:
2298 4241 2547 4311 quoniam
2571 4240 2883 4309 ignorarunt
2911 4239 3002 4308 qui
3026 4255 3080 4292 se
3114 4239 3288 4307 finxit,
3318 4247 3367 4292 et
3387 4238 3476 4308 qui

1910 4333 2187 4400 inspiravit
2215 4334 2323 4387 illis
2351 4334 2583 4386 animam
2615 4348 2730 4401 quaz
2752 4340 3028 4398 operatur;
3070 4341 3117 4384 et
3142 4332 3229 4401 qui
3254 4331 3480 4401 insufﬂa-

1912 4424 1984 4477 vit
2018 4428 2089 4476 eis
2112 4424 2349 4491 spiritum
2388 4418 2594 4473 vitalem
2615 4421 2677 4474 “.
2704 4420 2799 4479 Hic
2819 4430 3141 4478 cunctorum
3194 4424 3476 4477 hominum

1913 4515 2165 4569 conditor
2191 4520 2296 4577 cst,
2321 4514 2483 4569 Deus.
2513 4512 2934 4583 Pr0ptereaque,
2974 4522 3033 4567 ut
3079 4514 3269 4568 scribit
3328 4514 3476 4583 Apo-

244 4606 489 4677 ποιητὴς,
531 4609 559 4658 6
607 4606 757 4669 Θεός.
782 4606 875 4659 Διὸ
924 4607 1016 4660 καὶ
1034 4604 1262 4671 πάντας
1277 4601 1642 4672 ἀνθρώπους,
1672 4604 1811 4659 κατὰ

1916 4604 2115 4672 stolus,
2162 4604 2293 4657 'Vult
2337 4621 2511 4658 omnes
2542 4604 2776 4658 homines
2804 4602 2977 4658 salvos
3014 4606 3152 4672 ﬁeri,
3178 4614 3227 4659 et
3244 4604 3311 4659 ad
3333 4607 3480 4674 agni-

244 4699 322 4750 τὸν
374 4698 717 4761 Ἀπόστολον,
759 4695 1043 4757 σώζεσθαι
1072 4695 1378 4760 βούλεται,
1418 4694 1515 4747 καὶ
1565 4696 1650 4761 εἰς
1676 4694 1805 4748 ἐπί-

246 4806 467 4858 γνωσιν
495 4790 779 4858 ἀληθείας
812 4788 1027 4845 ἐλθεῖν.
1063 4788 1172 4842 Καὶ
1221 4786 1406 4859 ἐπειδὴ
1454 4787 1609 4840 τοῦτο
1658 4786 1808 4857 μόλις

244 4883 399 4947 τέλος
432 4882 576 4954 ἔσχε,
610 4883 793 4935 λοιπὸν
822 4882 884 4952 δὴ
912 4879 980 4934 τά
1015 4881 1152 4952 μετὰ
1170 4879 1339 4933 ταῦτα
1365 4880 1603 4933 λεκτέον.
1623 4880 1811 4933 Ὁπότ-

306 5062 351 5093 ¹¹¹
379 5060 520 5130 Sap.
549 5076 623 5126 ιν,
653 5060 707 5115 6.
783 5058 829 5091 ³⁸
856 5057 983 5117 Gen.
1013 5059 1211 5125 it,7._”
1244 5057 1371 5127 Sap.
1424 5075 1515 5125 xv,
1574 5058 1659 5123 lO,
1716 5058 1802 5113 Η.

295 5229 407 5299 (56)
426 5228 685 5279 Ὑπνων.
711 5226 800 5281 Sic
818 5225 1041 5295 etVulg.
1064 5231 1369 5299 emendata,
1394 5247 1517 5287 cum
1544 5245 1641 5299 pro
1664 5249 1802 5289 sum-

248 5296 319 5351 ms
345 5296 655 5367 irrepsisset
674 5312 869 5363 omnes,
893 5307 950 5349 ut
972 5306 1197 5352 testatur
1212 5296 1475 5354 Nobilius.
1501 5296 1794 5360 Constans.

309 5378 419 5453 (Si)
457 5378 544 5453 Q13
566 5375 863 5453 pip-ﬂori.
901 5376 1128 5453 Planum
1172 5389 1551 5453 argumentum
1605 5380 1812 5453 Metho-

244 5446 333 5500 dii.
376 5445 520 5519 Etsi_
569 5448 781 5519 admitti
823 5449 998 5518 possit
1046 5445 1260 5519 corpus
1279 5451 1359 5504 sic
1388 5467 1419 5504 a
1465 5459 1660 5505 natura
1699 5452 1809 5504 for-

246 5519 401 5580 mari,
433 5516 593 5589 velut
616 5517 726 5572 fere
750 5519 804 5571 in
824 5516 1055 5589 reliquis
1085 5516 1476 5589 animantibus,
1518 5523 1568 5575 vi
1592 5522 1807 5577 scilicet

248 5586 480 5661 seminis
512 5588 630 5661 ;_de
673 5590 856 5661 animo
880 5586 1057 5644 tamen
1092 5592 1185 5661 qui
1223 5596 1293 5645 sit
1339 5586 1680 5656 immortalis,
1711 5594 1802 5661 qui

248 5657 638 5735 dicat,_nttllam
672 5660 829 5735 tidem
864 5662 1082 5735 mereri.
1111 5657 1213 5716 sed
1247 5678 1277 5715 a
1309 5662 1418 5735 Deo
1448 5664 1664 5735 ἀμέσως
1689 5657 1802 5718 lieri

249 5737 296 5804 et
318 5728 459 5779 dari.
487 5726 773 5804 Possinius
798 5738 999 5804 tamen,
1035 5732 1379 5804 interrogate
1407 5726 1609 5804 legens.
1645 5726 1694 5789 id
1719 5735 1801 5787 al-

252 5799 426 5849 ﬁnnat
456 5800 595 5868 quod
633 5811 792 5873 negat
834 5799 1137 5859 Methodius
1176 5822 1188 5859 :
1241 5799 1552 5876 quanquam
1599 5820 1665 5861 ex
1697 5805 1799 5862 ﬁde

1915 4694 2104 4748 tionem
2125 4696 2360 4749 veritatis
2382 4697 2549 4749 venire
2564 4696 2629 4749 ³ο.
2658 4695 2720 4749 Et
2744 4696 3001 4766 quoniam
3020 4696 3121 4751 hoc
3148 4698 3235 4752 vix
3258 4697 3481 4752 tandem

1914 4796 2075 4856 caput
2107 4786 2504 4858 expedivimus,
2561 4804 2682 4859 quas
2733 4796 3032 4860 supersunt
3086 4787 3347 4859 deinceps
3392 4788 3481 4842 di-

1917 4878 2092 4933 cenda
2126 4886 2274 4932 sunt.
2308 4878 2410 4933 Ubi
2436 4878 2579 4933 enim
2610 4879 2735 4950 quis
2768 4894 2957 4935 eorum
2996 4894 3119 4950 qua:
3147 4895 3215 4936 ex
3244 4879 3485 4935 humana

1880 5058 1925 5090 ³⁰
1966 5058 1998 5113 1
2050 5056 2186 5111 Tim.
2225 5073 2287 5122 ιι,
2346 5058 2399 5113 4.

1913 5241 2032 5312 ejus
2062 5243 2152 5311 qui
2178 5245 2243 5296 de
2274 5256 2502 5312 corpore
2530 5242 2602 5295 ita
2630 5244 2828 5307 sentit,
2863 5242 3017 5311 quasi
3063 5249 3255 5310 arguat
3274 5241 3482 5297 Metho-

1913 5311 2036 5367 dius
2069 5328 2235 5366 unum
2264 5329 2325 5366 ex
2357 5311 2529 5367 altero
2556 5314 2707 5382 sequi
2730 5331 2743 5376 ;
2765 5314 2906 5382 quod
2930 5320 3075 5367 esset
3102 5321 3479 5381 argumentum

1911 5396 1943 5435 a
1982 5384 2177 5436 minori
2209 5382 2273 5435 ad
2314 5384 2491 5452 majus
2510 5383 2788 5447 allii-male,
2813 5384 3040 5452 proinde
3061 5385 3265 5439 nullius
3288 5400 3483 5440 conse-

1909 5456 2166 5521 quentiae.
2224 5452 2450 5513 Contra,
2506 5454 2634 5507 dato
2685 5454 2864 5522 priore
2916 5454 3181 5518 membro,
3250 5456 3480 5509 alterum

1910 5524 2058 5576 nulla
2090 5523 2488 5593 probabilitatis
2528 5523 2708 5592 specie
2739 5524 2859 5579 dari
2916 5538 3077 5594 posse
3112 5533 3204 5577 aut
3248 5524 3481 5590 admitti,

1905 5594 2125 5662 ex.ipsa
2157 5595 2235 5647 rei
2271 5594 2453 5648 indole
2477 5594 2681 5648 evincit
2709 5604 2764 5649 et
2796 5593 2930 5648 locis
2978 5593 3306 5662 Scriptum:
3337 5596 3483 5662 quod

1912 5666 2099 5732 utique
2132 5666 2312 5735 gravis
2359 5664 2597 5733 theologi
2653 5673 2758 5720 est.
2804 5664 2958 5733 Apud
3010 5664 3265 5735 Allatinm
3317 5666 3482 5719 etiam

1909 5734 2174 5802 particula
2205 5736 2600 5806 nonobrepsit,
2649 5736 2845 5790 mendo
2885 5743 2942 5788 ut
2992 5734 3201 5788 videtur
3227 5742 3508 5806 typogra—,

1902 5806 2095 5876 phico;
2115 5821 2221 5876 qua
2249 5805 2517 5877 submota,
2544 5806 2727 5863 omnia
2746 5812 3020 5862 constant.
3052 5806 3128 5862 lo.
