4052 6338
530 286 600 345 ω
1472 282 1529 338 S.
1572 246 1901 338 METHOi)"
1941 276 2250 334 EPISCOPI
2289 275 2374 331 ET
2412 273 2770 332 MARTYRIS
3687 272 3758 329 60

526 417 738 464 ratione
777 404 984 461 homini
1030 403 1305 469 accidunt,
1346 404 1839 460 considerationem
1887 408 2085 455 natura

2189 416 2248 452 αν
2300 397 2408 470 γάρ
2448 415 2535 474 ⁴τις
2579 395 2677 467 τὴν
2728 391 2958 466 θεωρίαν
3003 392 3107 446 τῶν
3158 389 3300 447 κατὰ
3342 390 3434 446 τὸν
3474 390 3760 465 ἄνθρωπον

524 499 667 556 duce
698 499 986 570 diligenter
1007 496 1280 562 didicerit,
1302 512 1433 552 sane
1468 495 1681 551 noverit
1710 493 1854 549 haud
1886 492 2090 547 abomi-

523 593 763 648 nandam
787 592 1079 646 liberorum
1112 590 1565 659 procreationem,
1603 603 1728 643 cum
1787 594 1968 639 tamen
1999 598 2090 638 ca-

523 682 786 741 stimonia
817 681 1008 751 majori
1042 681 1201 736 laude
1229 688 1392 750 atque
1415 681 1621 735 honore
1652 676 1961 732 coronanda
1996 676 2085 731 sit.

522 769 711 842 Neque
749 771 892 827 enim
943 785 1009 825 eo
1036 770 1183 840 quod
1235 771 1343 826 mel
1389 771 1601 825 caeteris
1643 769 1861 824 dulcius
1891 774 1975 822 est
2023 781 2089 821 ac

525 863 768 927 anavius,
791 862 1053 917 continuo
1082 862 1289 932 reliqua
1320 876 1504 915 amara
1524 869 1781 931 reputare
1804 857 2084 922 convenit,

521 970 861 1027 quacunque
890 955 943 1008 in
969 953 1238 1009 fructibus
1262 952 1492 1022 jucundi
1525 953 1736 1023 saporis
1750 959 1960 1022 partem
1989 949 2090 1003 ali-

521 1062 685 1118 quam
746 1061 777 1099 a
826 1054 1023 1100 natura
1069 1045 1263 1100 sortita
1308 1051 1455 1098 sunt.
1508 1042 1573 1096 Et
1629 1043 1823 1097 horum
1868 1041 2086 1111 quidem

524 1138 776 1195 idoneum
818 1147 1011 1195 testem
1065 1136 1432 1209 producemus
1484 1135 1738 1198 Paulum,
1801 1135 1959 1203 cujus
1997 1133 2086 1187 illa

523 1240 654 1288 sunt
682 1250 695 1286 :
728 1231 832 1299 Qui
865 1231 1200 1286 matrimonio
1229 1230 1409 1299 jungit
1442 1229 1690 1300 virginem
1738 1245 1914 1289 suam,
1962 1227 2088 1281 bene

522 1325 689 1395 facit;
718 1334 767 1378 et
784 1324 871 1395 qui
889 1340 991 1378 non
1007 1323 1206 1393 jungit,
1233 1323 1419 1376 melius
1444 1322 1571 1391 facit
1593 1322 1657 1375 ³¹.
1681 1321 1798 1376 Νοη
1820 1321 1965 1376 enim
1987 1319 2089 1375 sci-

521 1417 649 1470 licet
689 1414 743 1469 id
777 1413 1132 1486 proponendo
1175 1413 1321 1483 quod
1362 1404 1559 1469 melius
1609 1428 1674 1469 ac
1716 1412 1931 1468 dulcius
1980 1418 2085 1477 est,

522 1511 668 1565 aliud
700 1510 924 1565 omnino
959 1507 1243 1578 Scriptura
1275 1507 1549 1563 sublatum
1592 1507 1791 1573 voluit;
1838 1506 1934 1561 sed
1964 1506 2089 1560 nni-

522 1601 722 1669 cuique
751 1598 896 1668 quod
928 1599 1207 1669 proprium
1234 1606 1318 1654 est
1348 1613 1412 1653 ac
1439 1597 1591 1658 utile,
1617 1596 1964 1651 tribuendum
1993 1597 2090 1652 de-

523 1691 722 1746 cernit.
759 1689 897 1745 Sunt
917 1690 1116 1760 quibus
1150 1690 1390 1744 nondum
1423 1688 1699 1744 concessit
1731 1689 1894 1758 potiri
1925 1687 2090 1760 virgi-

2191 492 2592 564 συμϐαινόντων
2635 486 2774 543 κατά
2819 486 2979 557 φύσιν
3017 484 3256 557 ἀκριϐῶς
3286 485 3521 558 ἐκμάθῃ,
3555 484 3759 541 εἴσεται

2194 584 2266 656 μὴ
2303 581 2679 655 βδελύσσεσθαι
2721 578 3092 633 παιδοποιίανο
3125 578 3363 632 ἐπαινεῖν
3400 576 3456 630 δὲ
3499 577 3590 630 καὶ
3624 595 3761 649 προ.

2187 675 2351 745 τιμᾷν
2385 671 2626 742 ἁγνείαν.
2659 670 2791 725 Οὐδὲ
2835 669 2963 741 γάρ,
3003 667 3189 739 ἐπειδὴ
3227 667 3336 722 τῶν
3375 667 3546 722 ἄλλων
3572 667 3766 739 ήδύτε-

2190 766 2282 838 ρόν
2319 767 2433 818 ἐστι
2483 765 2576 818 καὶ
2626 763 3052 836 προσηνέστερον
3100 761 3160 814 τὸ
3210 760 3349 832 μέλι,
3378 760 3446 814 τὰ
3490 760 3653 813 λοιπά
3696 760 3760 833 δὴ

2186 854 2357 926 ταύτῃ
2386 851 2699 925 νομίζεσθαι
2732 852 2996 923 προσήκει
3030 850 3223 922 πικρὰ,
3265 849 3436 903 ὁπόσα
3476 849 3538 920 δὴ
3569 852 3634 921 τῇ
3666 851 3763 920 έμ-

2189 946 2341 1017 ιρύτῳ
2368 944 2638 1015 γλυκασία
2665 942 2993 1014 κεκέρασται
3031 940 3138 995 τῶν
3160 939 3615 1013 ἀκροδρύων.Καὶ
3640 939 3765 993 τού-

2186 1056 2293 1092 των
2346 1039 2443 1110 μὲν
2490 1037 2748 1107 ἐχέγγυον
2794 1036 3047 1107 μάρτυρα
3077 1033 3383 1104 παρέξομαι
3410 1032 3501 1085 τὸν
3529 1030 3762 1096 Παῦλον,

2192 1130 2366 1183 Ὥστε
2388 1127 2486 1182 καὶ
2516 1130 2548 1181 ὁ
2575 1125 2845 1196 γαμίζων,
2869 1125 3115 1193 λέγοντα,
3147 1121 3260 1191 τὴν
3297 1120 3513 1175 ἑαυτοῦ
3549 1118 3771 1189 παρθέ-

2187 1239 2317 1286 νον,
2338 1217 2535 1286 καλῶς
2551 1217 2731 1272 ποιεῖ·
2752 1217 2847 1271 καὶ
2872 1215 2996 1286 ὁμὴ
3018 1212 3270 1286 γαμίζων
3284 1212 3570 1282 κρεῖσσον
3585 1211 3762 1270 ποιεῖ,

2189 1316 2263 1367 UO
2296 1312 2403 1385 γὰρ
2439 1312 2502 1383 δὴ
2533 1313 2598 1382 τῇ
2624 1309 2719 1363 τοῦ
2749 1310 3055 1381 κρείττονος
3084 1308 3177 1361 καὶ
3213 1305 3545 1377 γλυκυτέρου
3587 1321 3768 1375 παρα-

2188 1403 2334 1457 θέσει
2378 1403 2438 1456 τὸ
2486 1402 2670 1474 ἕτερον
2715 1400 2920 1454 ἀνεῖλεν
2950 1396 3321 1468 ἀπαγορεῦσαι
3363 1399 3391 1450 ὁ
3415 1395 3570 1463 λόγος
3597 1412 3611 1425 ο
3643 1393 3777 1448 ἀλλ”

2187 1485 2400 1565 ἑκάστῳ
2423 1493 2482 1545 τὸ
2510 1493 2704 1545 οἰκεῖον
2731 1490 2824 1544 καὶ
2852 1486 3125 1549 λυσιτελὲς
3155 1485 3449 1555 ἀπονέμειν
3473 1483 3763 1555 διαθεσμο-

2189 1585 2351 1640 θετεῖ.
2383 1584 2507 1648 Τοῖς
2557 1584 2653 1656 μὲν
2701 1583 2808 1654 γὰρ
2834 1580 3062 1655 ⁴οὐδέπω
3093 1577 3435 1649 συνεχώρησε
3469 1574 3774 1647 παρθενίας

2188 1680 2369 1748 τυχεῖν
2391 1694 2403 1708 ·
2435 1678 2560 1740 τοὺς
2605 1675 2661 1729 δὲ
2706 1674 2888 1727 οὐκέτι
2921 1669 3166 1741 βούλεται
3196 1666 3511 1742 χραίνεσθαι
3558 1681 3797 1736 φοινισ-·

523 1785 694 1840 nitate
730 1802 743 1838 :
778 1790 907 1839 sunt
934 1756 1086 1854 quos
1126 1798 1240 1838 non
1272 1783 1506 1852 amplius
1531 1756 1931 1837 titillationibus
1963 1756 2090 1836 eru—

2193 1768 2449 1850 σομένους
2473 1766 2800 1839 ἐρεθισμοῖς,
2845 1763 2977 1817 ἀλλά
3010 1761 3235 1833 μελετᾷν
3287 1756 3611 1813 ἀπεντεῦθεν
3658 1756 3759 1827 ἥδη

523 1875 810 1933 bescentes
831 1876 1104 1946 inquinari
1127 1875 1410 1947 permittit,
1438 1875 1531 1930 sed
1542 1873 1652 1943 jam
1672 1874 1798 1931 inde
1813 1875 2084 1940 meditari,

521 1972 890 2042 deincepsque
917 1971 1158 2041 cogitare
1187 1971 1324 2036 vult,
1356 1971 1614 2042 angelicae
1647 1970 1900 2040 puritatis
1921 1984 2090 2025 temu-

521 2062 631 2119 lam
666 2078 955 2135 corporum
998 2061 1569 2128 transformationem;
1605 2060 1697 2115 ubi
1730 2059 1885 2131 juxta
1922 2075 2089 2116 verax

523 2151 737 2209 Domini
770 2153 1052 2208 oraculum
1082 2170 1094 2205 :
1130 2150 1253 2205 Non
1280 2150 1500 2215 nubunt,
1538 2167 1696 2220 neque
1718 2149 1985 2203 nubuntur
2019 2150 2085 2206 ³².

520 2244 973 2317 Quandoquidem
1016 2260 1128 2299 non
1172 2243 1429 2298 onmibus
1480 2242 1945 2297 incontaminatus
1973 2240 2085 2306 ille,

520 2344 576 2393 et
606 2354 715 2408 quo
737 2353 961 2409 regnum
994 2337 1257 2392 caelorum
1284 2336 1589 2404 praebeatur
1609 2333 1676 2398 ⁸³,
1694 2334 2088 2389 eunuchismus

521 2431 766 2484 creditur
799 2447 812 2483 :
845 2428 941 2482 sed
971 2427 1080 2481 illis
1108 2425 1397 2489 duntaxat,
1440 2425 1531 2494 qui
1587 2432 1642 2479 et
1671 2438 1885 2494 semper
1916 2424 2091 2479 viren-

518 2529 630 2577 tem
681 2530 736 2578 et
781 2522 1267 2577 incontaminatum
1319 2520 1652 2591 virginitatis
1684 2518 1871 2573 ﬂorem
1907 2517 2091 2571 valent

520 2628 759 2669 servare.
789 2612 1204 2669 Florentissimo
1243 2614 1388 2668 enim
1431 2621 1485 2666 et
1534 2611 1769 2665 maxime
1811 2609 2090 2678 variegato

519 2710 676 2777 prato
702 2705 1007 2774 comparari
1028 2704 1328 2760 Ecclesiam
1374 2703 1538 2758 habet
1576 2701 1927 2773 propheticus
1973 2716 2091 2756 ser-

517 2808 630 2857 mo,
664 2809 771 2848 non
795 2795 956 2849 modo
988 2795 1317 2866 virginitatis
1342 2795 1657 2849 distinctam
1685 2800 1738 2848 ct
1770 2799 2089 2847 coronatam

2192 1862 2283 1915 ml.
2309 1848 2670 1930 φαντάζεσθαι
2703 1856 2802 1929 τὴν
2842 1853 3122 1924 ίσάγγελον
3157 1848 3629 1923 μεταστοιχείωσιν
3653 1848 3783 1903 τῶν·

2192 1954 2455 2025 σωμάτων
2479 1969 2492 1982 ·
2520 1951 2645 2004 ἔνθα
2670 1950 2809 2004 οὔτε
2839 1946 3156 2018 γαμοῦσιν,
3179 1944 3317 1997 οὔτε
3342 1942 3759 2013 γαμίσκονται,

2188 2046 2327 2101 κατά
2358 2046 2484 2110 τοὺς
2523 2042 2769 2114 ἀψευδεῖς
2796 2040 2891 2095 τοῦ
2930 2038 3132 2110 Κυρίου
3160 2034 3469 2109 χρησμούς·
3501 2034 3621 2114 επεὶ
3661 2048 3764 2103 μη-

2188 2139 2244 2193 δὲ
2272 2139 2435 2192 πᾶσιν
2460 2138 2489 2189 ὁ
2517 2111 2814 2207 ἀμόλυντος
2846 2133 2939 2186 καὶ
2966 2129 3293 2202 παρεκτικδς
3343 2129 3442 2198 τῆς
3490 2111 3769 2196 βασιλείας

2186 2230 2294 2284 τῶν
2326 2226 2566 2301 οὐρανῶν
2594 2224 2940 2296 εὐνουχισμδς
2969 2219 3349 2294 ἐμπιστεύεται
3368 2236 3381 2248 ·
3412 2216 3547 2271 ἀλλά
3583 2217 3775 2289 μόνοις-

2188 2320 2428 2391 δηλονότι
2461 2321 2573 2383 τοῖς
2615 2319 2709 2372 καὶ
2735 2316 3052 2387 δυναμένοις
3083 2314 3143 2367 τὸ
3180 2311 3427 2374 ἀειθαλὲς
3458 2309 3637 2373 ἀνθος,
3668 2308 3767 2362 καὶ

2189 2412 2453 2484 ἄχραντον
2497 2409 2597 2479 τῆς
2641 2407 2935 2480 παρθενίας
2964 2400 3610 2476 τηρῆσαι.Ἀνθηροτάτῳ
3654 2398 3765 2471 γὰρ

2190 2505 2283 2558 καὶ
2315 2500 2689 2571 ποικιλωτάτῳ
2732 2498 2956 2569 λειμῶνι
3006 2492 3395 2558 ἀπεικάζεσθαι
3438 2492 3594 2562 λόγος
3649 2490 3763 2561 ἔχει

2191 2592 2524 2667 προφητικδς
2551 2591 2652 2662 τὴν
2678 2589 3019 2660 Ἐκκλησίαν,
3037 2588 3093 2640 οὐ
3120 2586 3276 2657 μόνον
3296 2587 3408 2644 τοῖς
3421 2584 3519 2654 τῆς
3545 2581 3765 2651 ἁγνείας

2191 2684 2616 2756 πεποικιλμένην
2649 2683 2741 2737 καὶ
2770 2679 3214 2749 κατεστεμμένην
3242 2675 3477 2739 ἄνθεσιν,
3510 2672 3645 2728 ἀλλά
3671 2673 3765 2727 καὶ

2188 2781 2300 2843 τοῖς
2326 2779 2425 2849 τῆς
2455 2775 2797 2845 τεκνογονίας
2827 2773 2919 2826 καὶ
2962 2774 3073 2834 τοῖς
3106 2766 3452 2840 ἐγκρατείας.
3471 2767 3567 2818 Ἑν
3586 2777 3763 2832 1900'-

520 2882 768 2950 ﬂoribus,
793 2888 889 2943 sed
915 2895 969 2944 et
994 2855 1238 2959 conjugii
1272 2893 1326 2942 ct
1349 2886 1724 2942 continentiae.
1775 2882 1841 2937 In
1864 2883 2088 2954 ﬁm’briis

2189 2869 2402 2936 σωτοῖς
2426 2868 2535 2941 γὰρ
2564 2866 2814 2937 χρυσοῖς
2849 2860 3279 2931 πεποικιλμένη
3319 2857 3435 2913 ἀπὸ
3480 2855 3691 2921 δεξιῶν
3726 2856 3778 2923 ἡ

517 2980 667 3036 enim
696 2979 872 3035 aureis
915 2952 1191 3050 variegata
1236 2986 1380 3033 astat
1414 2978 1594 3049 regina
1627 2994 1661 3030 a
1692 2952 1892 3030 dextris
1923 2990 2091 3046 spon-

2189 2962 2530 3029 βασίλισσα
2558 2959 2913 3028 παρίσταται
2942 2953 3034 3008 τοῦ
3064 2952 3319 3024 νυμφίου.

516 3072 567 3128 si
599 3071 664 3127 ".
2116 3090 2162 3152 ε

587 3163 713 3220 Haec
759 3165 856 3222 tibi
905 3181 1005 3237 pro
1044 3165 1251 3221 viribus
1279 3181 1379 3236 ego
1412 3163 1569 3227 meis,
1598 3177 1632 3217 o
1656 3162 1836 3226 Arete,
1867 3158 2089 3216 confero

519 3254 588 3309 ad
639 3264 951 3328 susceptum
1010 3272 1112 3328 pro
1162 3255 1392 3311 veritate
1435 3249 2095 3316 sermonem—Quibus

517 3363 551 3402 a
582 3316 885 3419 Theophila
915 3316 1098 3418 dictis,
1130 3350 1249 3406 lene
1280 3366 1309 3404 a
1342 3347 1560 3405 cunctis
1594 3344 1905 3417 virginibus
1927 3342 2091 3399 exsti-

2199 3350 2315 3405 γον.
2349 3330 2712 3401 -Είπούσης
2762 3328 2818 3382 δὲ
2852 3326 3025 3381 ταῦτα
3069 3326 3167 3395 τῆς
3206 3322 3495 3391 Θεοφίλας,
3541 3316 3773 3389 θόρυϐον

519 3440 654 3497 tisse
686 3456 934 3497 murmur
963 3442 1223 3498 narrabat
1263 3440 1592 3512 TheOpatra,
1633 3438 1743 3493 illis
1790 3450 2091 3493 sermonem

2196 3428 2328 3500 ἡδὺν
2360 3428 2424 3481 ὲκ
2458 3422 2645 3479 πασῶν
2677 3424 2711 3493 ἡ
2743 3420 3028 3488 Θεοπάτρα
3048 3417 3151 3488 ἔφη
3183 3414 3461 3486 γεγονέναι
3491 3411 3598 3466 τῶν
3630 3427 3772 3481 παρ-

518 3532 890 3591 laudantibus.
924 3534 1027 3591 Ubi
1057 3543 1241 3591 autem
1273 3506 1538 3589 susurrus
1572 3531 1794 3601 quievit,
1826 3534 1950 3600 post
1977 3526 2091 3581 lon-

2200 3520 2385 3582 θένων,
2413 3512 2745 3570 ὲπαινουσῶν
2778 3513 2868 3565 τὸν
2897 3510 3072 3579 λόγον.
3109 3509 3197 3571 Ὠς
3225 3508 3281 3561 δὲ
3314 3506 3609 3579 ἡσύχασεν,
3646 3521 3772 3557 σιω-

518 3641 647 3697 gum
689 3628 989 3694 silentium,
1041 3628 1417 3683 assurrexisse
1465 3597 1716 3678 Thaliam
1772 3597 1845 3693 (ei
1899 3620 2091 3691 quippe

2200 3613 2310 3683 πῆς
2340 3613 2431 3666 ἐπὶ
2475 3609 2608 3663 πολὺ
2649 3604 2977 3677 γενομένης.
3017 3602 3312 3673 ἀναστῆναι
3355 3598 3455 3670 τὴν
3501 3597 3781 3650 Θάλειαν·

517 3719 685 3774 tertio
732 3720 853 3775 loco
906 3720 1220 3774 mandatum
1263 3725 1383 3773 erat
1425 3724 1548 3787 post
1577 3687 1935 3786 Theophilam
1966 3687 2091 3767 con-

2202 3706 2375 3778 ταύτῃ
2405 3703 2513 3774 γὰρ
2552 3703 2616 3753 ὲκ
2641 3698 2831 3770 τρίτου
2856 3694 3227 3765 ἐπετέτραπτο
3259 3691 3396 3762 μετὰ
3438 3690 3537 3761 τὴν
3576 3687 3779 3755 Θεοφί-

519 3810 779 3884 certare).
830 3810 905 3867 Ea
962 3812 1130 3883 igitur
1160 3826 1395 3867 seuuens
1425 3776 1576 3863 .hinc
1617 3815 1671 3865 et
1734 3776 1853 3878 ipsa
1902 3819 2091 3862 exorsa

2203 3797 2300 3850 λαν
2346 3776 2729 3863 ἀγωνίζεσθαι.
2788 3782 3163 3840 ’Υπολαϐοὖσα
3227 3777 3319 3834 οὖν
3379 3777 3656 3842 ἐντεῦθεν,
3694 3776 3772 3841 ὡς

518 3908 625 3959 est.
736 3881 746 3884 ν
989 3881 1004 3883 ⁷
2202 3886 2373 3961 οἶμαι,
2401 3886 2501 3957 ἢδη
2529 3883 2620 3937 καὶ
2653 3881 2812 3952 αὐτή.

2268 3147 2455 3204 Ταῦτά
2495 3165 2578 3201 σοι
2619 3146 2758 3201 κατά
2801 3143 3028 3215 δύναμιν
3071 3142 3226 3210 κάγὼ
3255 3139 3346 3194 τὸν
3399 3138 3673 3210 ἐμαυτῆς,
3722 3130 3772 3189 cii

2211 3240 2426 3314 Ἀρετὴ,
2461 3242 2541 3304 είς
2572 3239 2662 3292 τὸν
2692 3238 2818 3309 περ)⁵
2851 3237 2947 3307 τῆς
2981 3234 3236 3306 ἀληθείας
3279 3232 3654 3303 συμϐάλλομαι
3684 3227 3773 3281 λό-

2120 4036 2187 4051 ﬂ

952 4125 1406 4221 ORATIO
1485 4127 1673 4215 ΙΙΙ.

2723 4106 3083 4194 ΛΟΓΟΣ
3157 4102 3267 4190 Γ.

1170 4279 1445 4336 THALIA.
2845 4256 3114 4310 9AAEIA.

904 4395 1035 4453 Car.
1066 4395 1111 4455 l.
1136 4394 1308 4450 Locus
1336 4391 1590 4448 Geneseos
1624 4406 1684 4454 Il,
1711 4390 1801 4456 25,
1836 4388 1927 4454 24,
1958 4401 2077 4472 cum
2117 4391 2264 4437 textu
2299 4374 2531 4433 Paulino
2573 4372 2764 4444 Ephes.
2797 4390 2851 4437 ν,
2885 4370 3081 4435 28-52,
3115 4367 3364 4424 collatus.

587 4513 718 4572 Mihi
765 4513 993 4580 videris,
1046 4529 1079 4569 o
1117 4511 1440 4585 TheOphila,
1491 4518 1545 4566 et
1578 4509 1794 4565 actione
1827 4514 1880 4561 et
1912 4503 2091 4560 crudi-

2269 4497 2340 4550 Σύ
2374 4514 2462 4567 μοι
2494 4495 2692 4557 δοκεῖς,
2719 4485 2764 4545 ὦ
2793 4489 3050 4560 Θεοφίλα,
3077 4488 3202 4560 ἔφη,
3232 4488 3326 4541 καὶ
3356 4489 3423 4559 τῇ
3460 4484 3653 4558 πράξει
3680 4484 3785 4538 καὶ

518 4610 670 4666 tione
716 4610 934 4665 cunctis
986 4607 1322 4678 prmcellere,
1374 4621 1476 4660 nec
1522 4602 1779 4672 cuiquam
1815 4595 2091 4669 sapientia.-

2197 4590 2274 4662 τῷ
2301 4589 2444 4660 λόγῳ
2470 4586 2657 4642 πασῶν
2685 4583 3078 4654 κρατιστεύειν,
3109 4582 3203 4637 καὶ
3233 4580 3420 4651 σοφίας
3454 4580 3520 4633 τὰ
3547 4579 3779 4651 δεύτερα

519 4700 681 4755 laude
702 4700 915 4756 cedere.
944 4671 1062 4754 Non
1092 4699 1237 4753 enim
1266 4671 1349 4752 est
1380 4696 1471 4766 qui
1502 4671 1902 4765 reprehendere
1927 4688 2091 4759 possit

2199 4682 2459 4755 φέρεσθαι
2489 4679 2721 4743 οὐδενός.
2747 4677 2822 4731 Οὐ
2852 4676 2960 4748 γάρ
2992 4677 3140 4728 ἐστιν
3167 4674 3316 4737 ὅστις
3344 4671 3649 4727 αἰτιάσεταί
3675 4688 3769 4724 σου

520 4790 823 4848 orationem
850 4798 1021 4857 tuam,
1053 4793 1139 4847 vel
1168 4793 1215 4847 si
1244 4788 1623 4845 contentiosus
1645 4792 1699 4840 et
1719 4782 1973 4854 pervicax
2003 4781 2091 4836 sit.

2204 4777 2297 4830 τὸν
2334 4775 2510 4844 λόγον,
2539 4772 2644 4825 οὐδ’
2684 4773 2733 4824 εἰ
2762 4768 3074 4823 παντάπασι
3110 4766 3409 4835 φιλόνεικος
3442 4763 3525 4834 εἴη
3557 4763 3652 4816 καὶ
3680 4765 3774 4818 ἁν-

526 4886 705 4944 Unum
729 4898 908 4943 tamen
932 4887 987 4939 in
1007 4899 1070 4940 ea
1088 4899 1196 4946 me,
1222 4882 1344 4936 aliis
1369 4880 1631 4951 praeclare
1654 4877 1838 4940 dictis,
1860 4889 1893 4930 ο
1913 4875 2091 4937 beata,

2198 4867 2488 4937 τιλογικός.
2520 4866 2667 4936 Πλὴν
2694 4862 2865 4916 ἐκεῖνό
2908 4879 2973 4932 με
3003 4861 3161 4932 μόνον
3185 4899 3203 4924 ,
3241 4856 3347 4911 τῶν
3382 4855 3554 4910 ἄλλων
3598 4856 3775 4927 ὀρθῶς

522 4981 741 5036 videtur
775 4978 1019 5041 turbare,
1051 4989 1115 5029 ac
1143 4973 1301 5045 quasi
1335 4971 1538 5040 injecto
1576 4967 1835 5037 scrupulo
1869 4965 2091 5020 moleste

2201 4960 2529 5033 εἰρημένων,
2552 4952 2597 5010 ὧ
2631 4955 2896 5027 μακαρία,
2921 4953 3067 5006 δοκεῖ
3085 4949 3369 5020 ταράττειν
3395 4965 3455 5000 τε
3479 4950 3572 5002 καὶ
3592 4949 3772 5019 ἁνιᾷν,

525 5072 747 5135 habere,
805 5069 933 5124 dum
983 5039 1196 5121 mecum
1250 5039 1466 5132 reputo,
1525 5058 1669 5114 haud
1728 5058 1931 5114 frustra
1985 5057 2091 5127 spi-

2202 5051 2685 5122 ἀναλογιζομένην,
2717 5047 2792 5111 ὡς
2825 5046 2925 5098 οὐκ
2964 5044 3028 5098 ἀν
3054 5044 3082 5095 ό
3122 5039 3639 5111 πνευματικώτατος
3679 5056 3771 5093 σο-

521 5164 631 5219 ritu
686 5161 1063 5234 plenissimum
1118 5172 1182 5211 ac
1238 5155 1537 5225 sapientem
1593 5152 1807 5215 virum,
1864 5148 2091 5203 Paulum

2204 5148 2302 5216 φὺς
2332 5147 2490 5217 ἀνὴρ,
2534 5143 2625 5196 τὸν
2666 5139 2875 5193 Παῦλον
2913 5136 3089 5204 λέγω,
3117 5132 3356 5206 ματαίως
3396 5132 3660 5204 ἀνέφερεν
3692 5134 3775 5196 είς

523 5255 668 5318 dico,
688 5224 769 5307 ’ἰιι
806 5251 1087 5307 Christum
1116 5257 1170 5305 et
1204 5246 1500 5301 Ecclesiam
1534 5244 1833 5300 relaturum
1865 5242 2091 5311 conjun-

2202 5238 2433 5311 Χριστὸν
2466 5235 2560 5289 καὶ
2592 5233 2688 5305 τὴν
2720 5229 3065 5301 Ἐκκλησίαν,
3118 5226 3215 5297 τὴν
3257 5225 3503 5298 σύνερξιν
3533 5226 3640 5295 (58)
3675 5224 3772 5279 τοῦ

588 5394 630 5426 ⁸¹
672 5393 702 5448 1
741 5391 868 5449 Cbr.
908 5407 1004 5454 vn,
1046 5391 1134 5447 38.
1177 5390 1222 5422 "
1263 5387 1456 5444 Mafth.
1500 5405 1631 5455 xxn,
1666 5389 1756 5445 50.
1832 5388 1877 5420 ³⁸
1909 5385 2091 5440 ΜαιιΙι

2189 5401 2262 5448 Ix,
2320 5383 2408 5438 13.
2486 5378 2532 5412 “
2576 5378 2723 5434 Psal.
2767 5392 2912 5440 κων,
2955 5374 3039 5429 10.

595 5528 707 5602 ('58)
742 5527 862 5602 Τὴν
897 5529 1201 5602 σύνερξιν.
1241 5529 1402 5584 Malui
1445 5532 1682 5585 retinere
1723 5527 1848 5582 Vat.
1875 5542 2086 5589 vocem,
2197 5524 2445 5579 muniore
2493 5527 2787 5602 exponant.
2833 5518 2908 5601 Ea
2951 5517 3136 5597 utitur.
3161 5514 3317 5602 Plato
3341 5508 3770 5602 incamipsatn

523 5580 857 5669 quodetiam
887 5603 942 5656 in
967 5580 1188 5672 reliquis
1208 5580 1967 5672 postiﬁbli'dﬁééemuti,’ui
1983 5580 2089 5672 ειρέ
2198 5609 2336 5672 rem,
2380 5609 2480 5664 pro
2521 5580 2621 5645 viri
2664 5600 2735 5672 et_
2755 5591 2943 5644 uxoris
2984 5587 3139 5657 quasi
3158 5586 3228 5670 .in
3267 5590 3499 5672 secreto,
3547 5580 3778 5672 cingula-

525 5650 1597 5742 aliaatgidgséin'a'éé'éé'qﬁbﬁEleiet
1620 5650 1882 5742 iizii'ilié
1909 5650 2093 5731 σύζέυ-
2200 5650 2546 5742 ῑὶοιξόίῃιιιβ·
2585 5663 2923 5742 nuptiarum“
2948 5650 3265 5742 mysterium
3310 5660 3415 5742 est,
3450 5651 3595 5742 quod
3626 5650 3774 5742 Apr:-

522 5720 609 5809 ἑά
629 5720 1600 5815 Habiti?“4835i"Eiridilail."€6éédg
1629 5720 1895 5806 ὶὶῐέοὶρι,
2200 5736 2376 5792 stolus
2404 5720 2459 5788 in
2488 5720 2762 5790 Christum
2799 5740 2853 5787 et
2885 5720 3180 5786 EcclEsiam
3212 5720 3492 5781 transfert.
3531 5720 3766 5777 Cancer.
