4052 6338
245 307 300 363 6|
1301 304 1682 363 CONVIVIUM
1722 308 1953 367 DECEM
1995 305 2329 364 VIRGINUM
2340 347 2355 363 .
3404 300 3481 359 62

246 426 668 498 προποπλάστου
699 425 794 480 καὶ
822 426 925 497 τῆς
952 427 1228 495 γυναικὸς,
1267 431 1315 482 ει
1353 430 1518 500 μηδὲν
1554 430 1812 503 ὑψηλότε-

1916 432 2148 487 ctionem
2173 429 2335 500 primi
2360 427 2594 483 hominis
2623 441 2686 484 ac
2706 424 2950 482 mulieris
2975 424 3040 488 ⁸⁸,
3068 424 3113 480 si
3143 423 3281 479 nihil
3306 423 3481 479 subli-

248 535 337 591 ρον
362 517 699 587 ὲφαντάζετο
730 517 840 571 τῶν
875 518 1053 590 ῥητῶν
1080 521 1177 573 καὶ
1202 520 1304 591 τῆς
1337 521 1574 594 ἱστορίας
1611 526 1644 594 ἡ
1677 524 1817 595 Γρα-

247 610 336 680 φή.
365 609 427 661 Ei
456 608 569 680 γὰρ
604 609 743 673 ὅλως
768 611 849 674 εἰς
879 611 972 664 τὸν
995 612 1121 682 περὶ
1153 611 1517 676 συνελεύσεως
1542 614 1731 689 ἀνδρός
1754 632 1815 669 τε

249 700 335 753 καὶ
362 700 625 767 γυναικὸς
666 702 748 754 δεῖ
782 701 1305 773 παραλαμϐάνεσθαι
1333 703 1501 757 τύπον
1524 703 1693 773 ψιλῶς
1719 705 1816 777 τὴν

247 791 284 843 Γ
290 790 494 862 βαφὴν,
533 792 679 855 τίνος
715 793 780 864 δὴ
824 795 982 865 χάριν
1009 798 1037 848 ὁ
1074 794 1415 859 Ἀπόστολος,
1457 796 1658 850 τούτων
1695 800 1819 850 ἑπι-

190 873 529 954 τμνησθεὶς,
559 886 656 937 καὶ
698 887 779 949 εἰς
799 886 899 957 τὴν
932 885 1025 939 τοῦ
1066 886 1381 958 Πνεύματος
1422 889 1598 959 ἡμᾶς,
1640 884 1814 958 οἶμαι,

248 976 600 1049 χειραγωγῶν
646 977 792 1042 ὁδὸν,
839 979 919 1042 εἰς
965 977 1198 1049 Χριστὸν
1227 980 1320 1032 καὶ
1364 981 1445 1043 εὶς
1492 980 1816 1052 Ἐκκλησίαν

247 1068 565 1139 ἀναφέρων,
618 1068 908 1141 ἀλληγορεί
954 1073 1024 1123 τὰ
1063 1069 1204 1124 κατὰ
1262 1070 1362 1141 τὴν
1397 1070 1540 1124 Εὕαν
1587 1073 1682 1126 καὶ
1726 1073 1816 1126 τὸν

261 1161 425 1232 Ἀδάμ
444 1179 461 1226 ;
1010 1230 1015 1233 _

322 1257 385 1310 Ἠ
417 1258 518 1329 μὲν
553 1256 665 1329 γὰρ
696 1255 839 1324 λέξις
875 1256 978 1328 τῆς
1021 1257 1291 1321 Γενέσεως
1325 1255 1466 1311 οὕτω
1495 1258 1626 1329 φησι
1646 1276 1658 1289 ·
1702 1257 1814 1311 Καὶ

251 1345 405 1404 εἶπεν
438 1354 473 1404 ὁ
508 1351 681 1421 ’ὶδάμ
701 1368 716 1382 ·
761 1352 938 1406 Τοῦτο
966 1352 1081 1406 νῦν
1104 1351 1329 1406 ὀστοῦν
1348 1351 1417 1405 ἐκ
1450 1350 1567 1405 τῶν
1593 1351 1818 1406 ὀστέων

247 1461 373 1511 μου,
404 1442 503 1497 καὶ
539 1444 696 1512 σὰρξ
730 1443 796 1497 ἐκ
832 1441 942 1511 τῆς
971 1445 1197 1511 σαρκός
1217 1460 1369 1513 μουσ
1415 1444 1564 1512 αὕτη
1597 1443 1817 1512 κληθή-

254 1550 406 1587 σεται
440 1535 632 1605 γυνὴ,
674 1534 762 1590 ὅτι
806 1536 875 1590 ἐκ
914 1537 1022 1590 τοῦ
1071 1536 1288 1605 ἀνδρὸς
1331 1534 1518 1605 αὐτῆς
1559 1536 1814 1606 ἐλήφθη.

254 1622 496 1677 Ἕνεκεν
522 1627 735 1679 τούτου
762 1628 1108 1696 καταλείψει
1142 1627 1449 1696 ἅνθρωπος
1470 1626 1573 1681 τὸν
1593 1626 1817 1695 πατέρα

251 1716 425 1769 αὐτοῦ
477 1717 575 1770 καὶ
624 1715 738 1785 τὴν
774 1706 1005 1786 μητέρα
1045 1716 1250 1783 αὐτοῦ,
1294 1719 1391 1773 καὶ
1432 1723 1817 1787 προσκολλη-

251 1807 484 1873 θήσεται
516 1806 594 1876 cii
622 1809 856 1878 γυναικὶ
889 1808 1094 1874 αὐτοῦ,
1124 1811 1219 1864 καὶ
1243 1811 1485 1865 ἔσονται
1517 1815 1572 1864 οἱ
1593 1809 1701 1864 δύο
1729 1812 1816 1877 εὶς

248 1897 436 1967 σάρκα
455 1901 629 1968 μίαν.
667 1901 726 1954 '0
757 1900 815 1953 δὲ
852 1901 1188 1967 ’Δπόστολος,
1216 1903 1296 1965 εἰς
1314 1901 1482 1974 αὐτὴν
1514 1900 1579 1973 δὴ
1609 1900 1815 1972 ταύτην

248 1989 709 2062 ἐπισκεπτόμενος
737 1991 834 2063 τὴν
865 1992 1189 2065 περικοπὴν,
1227 1993 1408 2046 οὐκέτι
1447 1992 1585 2046 κατὰ
1619 1993 1679 2046 τὸ
1704 1993 1817 2046 κεί-

252 2099 400 2152 μενον
426 2083 625 2154 αὐτὴν,
650 2082 726 2145 ὠς
746 2081 903 2155 ἔφην,
940 2082 1212 2155 αἰσθητῶς
1242 2082 1334 2136 ἐπὶ
1367 2081 1665 2155 συνέρξεως
1694 2083 1817 2153 βού-

248 2170 386 2226 λεται
436 2172 967 2244 παραλαμϐάνεσθαι
1034 2173 1292 2243 γυναικός
1341 2190 1400 2225 τε
1451 2174 1545 2226 καὶ
1588 2173 1811 2243 ἀνδρὸς,

251 2260 424 2335 ὥσπερ
450 2264 519 2334 δὴ
544 2265 642 2316 καὶ⁸
682 2263 767 2317 σύ.
814 2262 887 2317 Σὺ
930 2264 1066 2335 γὰρ,
1102 2262 1471 2336 φυσικώτερον
1514 2264 1813 2334 ἐπεξεργα-

248 2353 436 2425 ζομένη
474 2357 569 2408 τὸν
594 2356 774 2424 λόγον,
812 2354 1122 2425 συλλήψεων
1144 2356 1272 2428 πέρι
1304 2355 1396 2409 καὶ
1430 2353 1663 2409 τοκετῶν
1686 2354 1815 2408 ἐδω-

247 2463 338 2511 κας
364 2448 529 2518 μόνον
578 2446 980 2516 ἀποφαίνεσθαι
1021 2445 1117 2517 τὴν
1162 2446 1404 2517 Γραφήν.
1450 2446 1564 2500 Ἵνα
1604 2445 1711 2517 γὰρ
1752 2446 1813 2499 τὸ

248 2536 346 2590 ἀπὸ
387 2536 500 2589 τῶν
540 2536 748 2590 ὀστέων
793 2534 984 2589 ὀστοῦν
1043 2534 1327 2609 ἄνθρωπος
1372 2535 1558 2607 ἕτερος
1610 2535 1813 2607 ληφθὲν

245 2625 492 2697 γεννηθῇ,
534 2626 713 2699 ταύτῃ
745 2630 984 2680 συνεῖναι
1024 2624 1094 2679 τὰ
1123 2624 1239 2689 ζῶα
1278 2624 1605 2697 σπαργῶντα
1636 2624 1812 2696 δρυῶν

243 2717 384 2788 δίκην
406 2717 521 2789 (39)
566 2720 627 2771 ὲν
652 2717 772 2789 ὥρᾳ
802 2717 896 2770 τοῦ
927 2717 1098 2771 κύειν.
1148 2718 1382 2780 Ἐκεῖνος
1408 2717 1486 2783 δὲ,
1517 2733 1813 2787 πνευματι-

244 2807 472 2876 κῶτερον
520 2810 605 2872 εις
650 2809 888 2881 Χριστὸν
950 2808 1277 2879 ἀναπέμψας
1319 2808 1410 2861 τὸν
1452 2807 1630 2876 λόγον,
1669 2807 1813 2861 mea.

245 2915 378 2953 των
404 2899 586 2964 οὓτως
615 2899 717 2971 ἔφη
740 2917 754 2930 ε
796 2901 859 2954 '0
889 2897 1135 2970 ἀγαπῶν
1169 2898 1284 2968 τὴν
1322 2899 1539 2953 ἑαυτοῦ
1562 2898 1813 2970 γυναῖκα

244 2989 449 3043 ἑαυτόν
464 2989 693 3061 ἀγαπᾷ.
714 2991 925 3058 Οὐδεὶς
948 2991 1058 3061 γάρ
1082 3006 1225 3044 ποτε
1246 2990 1360 3059 τὴν
1380 2990 1597 3045 ἑαυτοῦ
1618 2990 1813 3058 σάρκα

245 3083 697 3150 ἐμίσησεν.ἀλλ’
730 3084 1000 3153 ἐκτρέφει
1025 3084 1122 3137 καὶ
1161 3082 1394 3147 θάλπει,
1432 3080 1623 3149 καθὼς
1652 3080 1751 3136 καὶ
1778 3084 1811 3136 ό

1914 525 2057 579 mins
2088 520 2367 591 Scriptura
2393 520 2664 582 innueret,
2688 534 2848 588 quam
2879 516 3023 587 quod
3053 532 3121 572 ex
3154 515 3315 571 nudis
3344 516 3478 585 ipsis

1914 615 2095 670 verbis
2123 628 2187 668 ac
2217 612 2468 674 historia,
2501 611 2687 681 pervio
2731 624 2893 664 sensu
2941 608 3125 663 haberi
3174 617 3369 677 potest.
3419 604 3479 662 Si

1914 706 2058 762 enim
2089 705 2311 758 omnino
2341 702 2409 757 de
2447 702 2549 756 viri
2590 716 2654 756 ac
2702 700 2944 756 mulieris
2990 715 3288 769 congressu
3332 697 3480 753 nude

1913 796 2069 850 locus
2120 793 2415 865 Scriptum
2464 791 2636 862 accipi
2680 791 2857 851 debet,
2889 790 3018 859 quid
3060 805 3235 845 causae
3269 798 3350 844 est
3378 803 3479 843 cur

1913 886 2210 958 Apostolus
2259 901 2381 940 eum
2429 885 2627 948 citatis,
2673 890 2727 938 et
2770 881 2838 936 ad
2886 880 3143 952 Spiritus,
3190 888 3342 952 puto,
3377 896 3479 937 nos

1915 996 2080 1035 manu
2114 980 2321 1034 ducens
2352 980 2514 1044 viam,
2553 992 2673 1048 quae
2704 975 2772 1031 de
2802 976 3009 1030 Adamo
3043 984 3097 1031 et
3127 976 3235 1028 Eva
3267 990 3478 1031 memo-

1913 1081 2127 1134 rantur,
2168 1086 2264 1141 per
2300 1068 2611 1140 allegoriam
2650 1069 2703 1121 in
2745 1065 3021 1121 Christum
3056 1067 3315 1121 transfert
3343 1066 3480 1121 etin

1916 1162 2252 1218 Ecclesium?

1980 1255 2159 1308 Locus
2181 1253 2454 1308 Geneseos
2487 1251 2568 1307 sic
2591 1251 2756 1306 habet
2794 1292 2807 1305 .
2852 1248 2922 1303 Et
2964 1248 3100 1302 dixit
3135 1248 3328 1311 Adam,
3364 1248 3480 1303 Hoc

1915 1364 2052 1402 nunc
2077 1364 2132 1400 os
2160 1362 2223 1400 ex
2255 1346 2459 1400 ossibus
2490 1346 2637 1407 meis,
2677 1352 2726 1397 et
2752 1360 2875 1396 caro
2906 1342 2968 1395 de
2999 1358 3155 1394 carne
3187 1357 3298 1395 mea
3323 1356 3340 1395 :
3370 1340 3481 1396 haec

1914 1439 2183 1493 vocabitur
2212 1437 2420 1501 mulier,
2448 1436 2691 1507 quoniam
2723 1434 2786 1488 de
2818 1436 2925 1487 viro
2968 1442 3177 1501 sumpta
3206 1442 3301 1487 est.
3348 1432 3480 1488 Pro-

1914 1540 2027 1599 pter
2076 1529 2170 1582 hoc
2211 1528 2464 1599 relinquet
2512 1528 2664 1580 homo
2710 1536 2912 1595 patrem
2963 1542 3114 1579 suum
3166 1534 3213 1579 et
3258 1538 3479 1579 matrem

1914 1637 2087 1686 suam,
2117 1628 2167 1674 et
2196 1618 2479 1673 adhwrebit
2507 1618 2659 1671 uxori
2697 1634 2844 1673 sure:
2871 1628 2918 1671 et
2951 1627 3104 1671 erunt
3136 1616 3240 1669 duo
3274 1617 3330 1669 in
3358 1633 3480 1671 cur-

1915 1726 2030 1764 nem
2048 1726 2206 1762 unam
2223 1708 2286 1763 ³⁸.
2304 1709 2596 1778 Apostolus
2614 1715 2792 1763 autem
2816 1722 2933 1762 eam
2957 1708 3277 1762 sententiam
3294 1707 3480 1762 cousi-

1849 1796 1888 1850 B
1916 1800 2134 1865 derans,
2162 1815 2501 1869 nequaquam
2534 1800 2677 1852 illam
2707 1807 2867 1869 prout
2889 1799 3055 1867 jacet,
3077 1799 3230 1867 juxta
3258 1814 3479 1853 sensum

1915 1898 1973 1942 ut
2006 1890 2116 1943 dixi
2149 1904 2213 1943 ac
2250 1903 2443 1944 sonum
2474 1887 2683 1950 litterae,
2722 1887 2788 1941 de
2817 1887 2916 1940 viri
2953 1902 3015 1939 ac
3054 1886 3264 1940 feminze
3284 1884 3481 1955 copula

1915 1981 2028 2035 vult
2058 1979 2261 2051 accipi,
2294 1977 2751 2049 quemadmodum
2781 1985 2838 2031 tu
2872 1976 3029 2040 facis,
3055 1976 3287 2030 naturali
3319 1973 3479 2030 modo

1913 2070 1980 2125 de
2009 2070 2358 2139 coneeptihus
2393 2067 2735 2124 solummodo
2761 2082 2823 2121 ac
2845 2067 3109 2137 partubus
3136 2065 3477 2136 Scripturam

1914 2161 2071 2218 istam
2116 2159 2541 2230 interpretando.
2589 2157 2681 2213 Sic
2722 2159 2867 2214 enim
2914 2158 3172 2228 posuisti:
3221 2155 3289 2210 Ut
3315 2169 3377 2210 os
3410 2170 3479 2210 ex

1911 2254 2130 2310 ossibus
2164 2254 2326 2308 homo
2360 2254 2497 2306 alter
2529 2262 2803 2322 sumptum
2831 2253 3160 2321 gigneretur,
3190 2250 3335 2304 coire
3354 2249 3479 2303 viva

1913 2359 2167 2416 corpora,
2219 2345 2561 2415 distendique
2613 2359 2677 2398 ac
2717 2353 2947 2407 tumere,
2984 2342 3240 2396 arborum
3280 2341 3479 2405 instar,

1911 2451 2033 2490 eum
2064 2446 2364 2506 prmgnant.
2398 2434 2598 2491 Paulus
2630 2444 2830 2498 autem,
2864 2434 3181 2504 spiritaliter
3211 2432 3277 2487 ad
3312 2431 3483 2486 Chri-

1912 2536 2053 2583 stum
2092 2529 2207 2583 hmc
2246 2529 2510 2593 referens,
2561 2530 2617 2583 in
2647 2529 2791 2584 hunc
2817 2544 2917 2583 nos
2946 2528 3163 2582 modum
3199 2522 3478 2580 edocet":

1914 2620 2017 2687 Qui
2064 2637 2217 2674 suam
2266 2636 2483 2674 uxorem
2522 2621 2717 2689 diligit,
2769 2636 2823 2673 se
2861 2621 3028 2688 ipsum
3069 2617 3262 2688 diligit.
3311 2614 3491 2671 Nemo

1909 2714 2044 2768 enim
2072 2728 2300 2783 unquam
2327 2728 2536 2767 carnem
2558 2729 2709 2765 suam
2744 2710 2862 2764 odio
2891 2709 3094 2772 habuit,
3125 2708 3214 2762 sed
3238 2708 3401 2760 nutrit
3428 2715 3482 2763 et

1910 2806 2046 2875 [ovet
2065 2821 2203 2868 eam,
2230 2805 2366 2859 sicut
2395 2815 2442 2858 et
2472 2802 2715 2859 Christus
2750 2801 3041 2855 Ecclesium
3065 2817 3081 2853 :
3104 2800 3228 2870 quia
3248 2797 3479 2852 membra

1909 2916 2091 2954 sumus
2115 2899 2348 2967 corporis
2382 2897 2515 2965 eius.
2554 2896 2775 2965 Propter
2797 2895 2892 2949 hoc
2919 2893 3170 2963 relinquet
3200 2894 3351 2946 homo
3378 2906 3477 2959 ρας

1913 2999 2040 3044 trem
2088 3006 2240 3042 suum
2278 2998 2327 3042 et
2367 2999 2612 3052 matrem,
2652 2996 2701 3040 et
2732 2984 3016 3040 adhaerebit
3053 2984 3203 3037 uxori
3250 2997 3391 3046 sure;
3428 2989 3481 3036 et

1911 3090 2062 3134 erunt
2092 3081 2196 3133 duo
2226 3081 2281 3133 in
2315 3096 2522 3133 carnem
2567 3095 2746 3141 uuam.
2791 3077 3187 3131 Sacramentum
3226 3074 3320 3128 hoc
3364 3090 3481 3126 ma-

244 3173 485 3242 Χριστὸς
534 3177 656 3244 τὴν
709 3178 1101 3245 Ἐκκλησίανο
1158 3175 1246 3229 ὅτι
1284 3174 1437 3244 μέλη
1472 3173 1660 3244 ἐσμὲν
1699 3173 1806 3227 τοῦ

1912 3188 2063 3243 gnum
2080 3180 2189 3233 est;
2207 3187 2295 3240 ego
2313 3180 2487 3224 autem
2504 3170 2644 3231 dico,
2673 3170 2727 3223 in
2744 3167 3008 3223 Christum
3025 3177 3073 3220 et
3090 3168 3142 3220 in
3161 3165 3475 3219 Ecclesium.

243 3266 502 3337 σώματος
532 3269 743 3323 αὐτοῦ.
806 3270 953 3323 Ἀντὶ
1012 3270 1225 3323 τούτου
1279 3269 1623 3337 καταλείψει
1681 3265 1986 3335 ἄνθρωπος
2010 3265 2117 3319 τὸν
2147 3264 2371 3331 πατέρα
2418 3261 2603 3315 αὐτοῦ
2635 3258 2731 3313 καὶ
2752 3258 2866 3328 τὴν
2886 3259 3129 3327 μητέρα,
3156 3256 3253 3310 καὶ
3293 3267 3483 3324 προσ-

244 3360 678 3428 κολληθήσεται
742 3360 816 3429 τῇ
856 3362 1090 3430 γυναικὶ
1127 3358 1335 3423 αὐτοῦ,
1376 3359 1474 3412 καὶ
1508 3359 1752 3414 ἔσονται
1820 3361 1873 3413 ol
1901 3358 2008 3412 δύο
2054 3360 2141 3423 εὶς
2180 3355 2376 3424 σάρκα
2407 3354 2575 3423 μίαν.
2622 3353 2689 3406 Τὸ
2733 3350 3070 3421 μυστήριον
3116 3349 3291 3403 τοῦτο
3327 3346 3485 3417 μέγα

242 3457 440 3511 ἐστίν·
490 3456 605 3525 ἐγὼ
655 3455 725 3508 δὲ
763 3459 919 3526 λέγω
953 3457 1040 3524 εὶς
1100 3455 1359 3524 Χριστὸν
1415 3453 1516 3508 καὶ
1562 3456 1649 3521 εὶς
1707 3453 1826 3523 τὴν
1874 3452 2253 3533 Ἐκκλησίαν.
2895 3475 2920 3507 ι

248 3586 378 3642 Cu.
416 3587 477 3642 ιι.
506 3588 746 3657 Apostoli
768 3588 931 3643 Pauli
955 3588 1320 3660 digressioncs.
1351 3588 1483 3658 Ejus
1514 3588 1769 3660 doctrina:
1799 3586 2073 3660 character
2097 3624 2112 3649 ,
2144 3583 2289 3660 _nihil
2322 3584 2380 3660 in.
2401 3600 2462 3660 eo
2489 3583 2903 3638 dissentaneum.
2937 3579 3176 3651 Sufﬁxus
3206 3579 3478 3653 Origenes,

1257 3662 1346 3731 qui
1368 3653 1600 3730 improbe
1631 3660 1810 3712 omnia
1831 3657 1898 3711 ad
1932 3657 2243 3726 allegoriam
2274 3653 2457 3709 trahit.

1981 3767 2092 3824 Nec
2118 3784 2250 3823 vero
2282 3776 2335 3823 te
2356 3773 2589 3828 moveat,
2615 3765 2759 3836 quod
2789 3764 2910 3820 aliis
2938 3764 3005 3820 de
3033 3764 3197 3821 rebus
3227 3766 3481 3823 instituto

1912 3873 2184 3923 sermone,
2218 3857 2285 3912 ad
2311 3859 2415 3911 alia
2445 3856 2703 3924 transilit,
2730 3866 2789 3910 ut
2819 3857 3147 3925 permiscere
3176 3857 3483 3911 doctrinam

223 3802 232 3808 ·
306 3775 399 3847 Μὴ
439 3775 655 3829 κινείτω
698 3774 757 3827 δέ
802 3791 883 3839 σε,
928 3777 977 3829 εἰ
1027 3775 1153 3847 περὶ
1189 3774 1391 3846 ἑτέρων
1431 3770 1807 3842 διαλεγόμενος

246 3866 317 3929 τις
348 3868 510 3938 ἕτερα
552 3865 867 3937 μεταπηδᾷο
893 3865 1031 3919 ὥστε
1061 3864 1300 3936 νομίζειν
1329 3863 1687 3935 ἁναμιγνύναι
1714 3863 1809 3915 καὶ

247 3956 645 4028 παρεμϐάλλειν
694 3957 855 4009 αὐτὸν
924 3957 1152 4026 ἀνόμοια
1210 3960 1319 4018 τοῖς
1393 3956 1807 4028 προκειμένοις,

246 4048 683 4121 παρεκϐαίνοντα
712 4048 806 4100 τοῦ
843 4047 1176 4118 σκέμματος,
1204 4047 1394 4118 ὥσπερ
1442 4047 1506 4119 δὴ
1548 4048 1643 4100 καὶ
1691 4046 1804 4100 νῦν.

246 4141 375 4214 Περὶ
412 4140 514 4210 τῆς
556 4140 775 4209 ἁγνείας
801 4140 912 4211 γὰρ
950 4139 1228 4213 ἐθελήσας,
1257 4139 1333 4203 ὡς
1364 4140 1537 4205 εἰκὸς,
1570 4140 1811 4212 μεμελη-

244 4234 418 4304 μένως
449 4232 598 4303 αὑτῷ
626 4230 992 4304 κρατυνθῆναι
1025 4231 1202 4301 λόγον,
1236 4231 1643 4305 προδιοροοῖηαι
1675 4234 1811 4304 πρό-

240 4343 395 4398 τερον
438 4327 537 4398 τὴν
585 4328 963 4400 ἐπιχείρησιν,
1000 4327 1076 4398 τῷ
1121 4326 1376 4399 λειοτέρῳ
1420 4328 1519 4398 τῆς
1562 4328 1813 4399 φράσεως

241 4417 541 4488 ἀρχόμενος
582 4417 756 4488 τύπῳ.
794 4418 853 4469 'O
894 4418 1001 4489 γάρ
1051 4434 1133 4470 τοι
1182 4417 1466 4489 χαρακτὴρ
1511 4418 1658 4489 αὐτῷ
1704 4417 1811 4471 τῶν

1911 3951 2155 4005 videatur
2169 3966 2340 4020 eaque
2361 3950 2682 4004 interealare
2697 3963 2816 4018 quae
2831 3956 3149 4017 argumento
3161 3947 3482 4017 dissideant,

1912 4043 1980 4097 ab
2013 4041 2256 4097 instituta
2282 4041 2593 4111 digrediens
2623 4039 3081 4103 consideratione,
3118 4039 3194 4092 uti
3217 4054 3275 4093 se
3307 4055 3395 4094 res
3427 4040 3483 4093 in

1917 4134 2097 4189 verbis
2130 4133 2370 4188 inductis
2402 4133 2580 4187 habet.
2613 4130 2747 4184 Nam
2774 4146 2894 4184 cum
2916 4131 2983 4186 de
3002 4130 3273 4195 castitate,
3299 4140 3359 4184 ut
3386 4146 3484 4202 ap.

1913 4234 2083 4293 paret,
2122 4224 2311 4279 sedulo
2339 4223 2643 4277 doctrinam
2683 4221 2899 4276 tradere
2927 4236 2990 4276 ac
3018 4223 3341 4278 confirmare
3372 4224 3485 4278 vel-

1912 4314 2008 4379 let,
2034 4315 2275 4369 insinuat
2303 4329 2362 4368 se
2392 4312 2566 4382 prius,
2598 4322 2651 4367 et
2677 4312 2867 4367 molles
2894 4313 3047 4381 quasi
3072 4312 3253 4367 aditus
3272 4313 3337 4366 ad
3359 4328 3483 4367 eum

1915 4421 2139 4477 scopum
2161 4411 2364 4475 captat,
2395 4403 2590 4460 leniori
2616 4418 2680 4457 ac
2704 4404 3063 4473 plausibiliori
3090 4412 3249 4459 utens
3278 4418 3485 4459 sermo-

240 4506 436 4575 ὶόγισιν,
457 4506 848 4569 ποικιλώτατος
876 4505 969 4570 ὢν,
987 4506 1082 4559 καὶ
1112 4507 1253 4559 κατὰ
1277 4506 1615 4577 παραύξησιν
1637 4504 1811 4575 ἐξειρ-

1915 4499 2003 4555 nis
2031 4500 2303 4569 ingressu.
2348 4496 2442 4552 Est
2474 4496 2616 4552 enim
2647 4498 2767 4565 ejus
2798 4496 3053 4550 dictionis
3083 4496 3362 4551 character
3390 4498 3485 4553 ad-

241 4598 533 4667 τωμένος,
569 4596 798 4667 ἄρχεται
832 4595 928 4666 μὲν
956 4594 1412 4666 ἐπιπολαιότερον,
1449 4596 1729 4665 προχεῖται
1753 4594 1811 4647 δὲ

244 4689 316 4752 εἰς
347 4689 418 4740 τὸ
451 4688 777 4758 ὑψηλότερον
800 4687 897 4740 καὶ
939 4685 1378 4758 μεγαλοπρεπέςσ
1416 4681 1513 4738 εἴτ’
1548 4681 1700 4748 αὖθις
1731 4688 1812 4749 εἰς

245 4777 520 4848 βαθύτητα
550 4774 921 4847 μεταϐάλλων,
952 4775 1041 4827 ὁτὲ
1090 4775 1186 4846 μὲν
1216 4778 1296 4838 εἰς
1334 4775 1395 4828 τὸ
1442 4772 1807 4846 ἁπλούστερον

242 4872 333 4923 καὶ
366 4869 582 4938 ἀφελὲς,
612 4869 701 4920 ὁτὲ
741 4867 797 4921 δὲ
824 4869 904 4931 εἰς
947 4867 1008 4920 τὸ
1038 4867 1334 4939 δεινότερον
1379 4866 1677 4938 καταλήγει
1714 4867 1808 4920 ml.

243 4960 456 5023 λεπτὸν,
480 4960 634 5013 οὐδὲν
676 4958 954 5029 ἀλλότριον
1000 4960 1305 5028 ἐπεισάγων
1350 4958 1457 5012 τῶν
1504 4958 1809 5029 κεφαλαίων

242 5054 356 5114 ταῖς
390 5050 744 5119 ἐξαλλαγαῖς·
782 5049 918 5105 ἀλλὰ
951 5052 1126 5105 πάντα
1159 5051 1458 5106 κατὰτινα
1492 5051 1810 5123 Θαυμαστὴν

241 5143 548 5214 οἰκειότητα
581 5143 1047 5216 συμπεριγράφων
1107 5145 1186 5208 εἰς
1230 5143 1288 5198 ἐν
1337 5144 1397 5199 τὸ
1452 5145 1813 5216 προκείμενον

1918 4592 2143 4648 modum
2179 4591 2387 4653 varius,
2434 4597 2488 4644 et
2520 4590 2585 4642 ad
2620 4603 2733 4642 rem
2769 4588 2971 4642 sensim
3010 4587 3309 4657 augendam
3338 4605 3488 4645 com-

1917 4692 2161 4756 paratus.
2202 4683 2281 4736 Ac
2322 4682 2438 4753 ipso
2470 4679 2686 4750 quidem
2720 4679 2941 4733 exordio
2976 4694 3089 4733 rem
3121 4680 3293 4737 levius
3325 4684 3488 4738 attin-

1914 4793 2070 4848 gens,
2098 4790 2330 4845 moxque
2352 4789 2410 4830 se
2435 4773 2489 4826 in
2518 4772 2711 4825 altiora
2738 4785 2803 4824 ac
2831 4771 3117 4840 magniﬁca
3141 4770 3482 4830 diffundens:

1914 4880 2029 4925 tum
2065 4885 2259 4924 rursus
2285 4869 2339 4921 in
2370 4864 2795 4936 profunditatem
2825 4878 2945 4918 sese
2971 4863 3283 4930 demittens,
3316 4867 3487 4921 inter-

1918 4963 2047 5017 dum
2084 4961 2139 5014 in
2169 4960 2395 5029 simplex
2426 4956 2627 5026 aliquid
2662 4963 2715 5009 et
2750 4952 2928 5015 facile,
2963 4953 3232 5008 interdum
3268 4956 3319 5008 in
3348 4953 3487 5009 (ΜΠ-

1915 5054 2074 5110 cilius
2118 5050 2321 5122 aliquid
2364 5059 2417 5105 et
2468 5049 2720 5105 subtilius
2770 5045 3002 5111 desinit;
3049 5062 3151 5101 nec
3191 5048 3485 5117 quidquam

1916 5152 2101 5200 tamen
2139 5159 2235 5214 per
2272 5143 2405 5199 istas
2439 5140 2829 5197 alternationes
2862 5138 3098 5192 alienum
3139 5153 3171 5193 a
3202 5153 3372 5211 scopo
3396 5140 3486 5195 in-

243 5293 283 5327 ³⁸
321 5294 524 5365 Ephes.
570 5313 628 5361 ν,
662 5297 750 5353 32.
830 5299 875 5330 ³⁸
910 5297 1038 5353 Gen.
1081 5314 1142 5363 ιι,
1182 5299 1275 5365 2'5,
1314 5299 1406 5356 24.
1483 5299 1526 5332 ⁸⁷
1569 5300 1760 5369 Ephes.
1800 5318 1812 5342 π

1912 5300 2079 5357 ἰ8-52.

310 5460 427 5530 (59)
459 5458 665 5530 Δρυῷν
692 5459 891 5528 δίκην.
923 5460 1103 5515 Lectio
1129 5476 1190 5515 ex
1211 5461 1525 5527 conjectura
1547 5462 1821 5530 interpre-

242 5528 333 5583 tis.
380 5528 516 5584 Nam
568 5528 688 5583 Vat.
733 5533 906 5586 codex
959 5530 1189 5586 habebat
1233 5530 1375 5601 δρῶν
1423 5530 1596 5600 δίκην.
1649 5528 1810 5595 Mar...

243 5601 566 5672 glossemate
596 5602 742 5654 docti
789 5601 1009 5655 lectoris
1037 5617 1082 5672 _e
1103 5604 1346 5672 margine
1390 5601 1444 5672 in
1474 5609 1810 5668 contextum,

246 5677 301 5750 ut
320 5671 624 5750 ferisimhile
650 5679 756 5735 est,
788 5680 1010 5750 recepto
1032 5669 1257 5742 δένδρων
1283 5686 1380 5741 pro
1407 5671 1582 5750 δρυῶν
1610 5675 1810 5742 posuit.

246 5740 400 5811 Δρῠς,
434 5751 494 5795 ιιι
521 5740 709 5798 Graece
737 5740 1041 5799 scientibus
1071 5740 1297 5807 notum,
1313 5756 1421 5799 non
1440 5740 1625 5797 solani
1650 5757 1814 5800 ouer-

1916 5476 2063 5525 cum,
2094 5461 2186 5516 sed
2217 5460 2439 5516 omnino
2464 5470 2633 5528 genus
2663 5472 2823 5528 omne
2850 5455 3104 5528 arborum
3140 5470 3280 5528 szepe
3315 5453 3486 5528 signi:

1918 5524 2064 5593 ficat,
2107 5533 2217 5586 imo
2260 5538 2313 5586 et
2362 5524 2689 5601 plantarum.
2740 5527 2877 5601 Nam
2926 5525 3197 5601 ἀκρόδρνα
3238 5526 3305 5579 de
3336 5524 3486 5601 otiini

1916 5603 2096 5656 fructu
2122 5602 2252 5665 dici,
2275 5593 2440 5656 Caius
2460 5602 2619 5655 etiam
2641 5593 3069 5670 jurisconsultus
3099 5593 3483 5670 acliiot:zvit-.__Si

1916 5673 2004 5726 cui
2036 5673 2420 5743 tamenmagis
2452 5666 2705 5743 probetur
2735 5668 2982 5740 δένδρων,
3020 5682 3127 5721 non
3158 5666 3484 5736 repugnabi-

1917 5758 2058 5798 tnus.
2092 5742 2186 5795 En.
2215 5741 2411 5796 Lursn.
