4052 6338
476 328 489 335 -
523 294 595 354 83
1495 295 1554 351 S.
1597 290 1932 350 ΜΕΤΠοοΠ
1966 290 2279 352 EPISCOPI
2311 290 2401 349 ET
2441 290 2798 349 MARTYRIS
3690 290 3762 348 δι

519 420 674 475 ducit
708 437 721 473 :
757 416 854 473 sed
890 422 1087 473 cuncta
1133 414 1367 470 mirabili
1411 415 1645 486 quadam
1689 413 2094 471 necessitudine

2205 413 2342 487 ιύτῷ
2380 412 2602 484 σκέμμα
2630 413 2731 485 τῆς
2763 410 3074 477 ἀποθέσεως
3106 410 3493 485 ἀπεργάζεται.
3518 408 3640 483 Χρὴ
3669 405 3768 464 οὖν

519 526 586 567 ac
612 527 755 568 nexu
784 511 1101 581 complexus
1121 549 1136 575 ,
1192 509 1452 564 institutae
1485 523 1516 562 a
1547 525 1609 565 se
1632 506 2093 564 eonsiderationis

519 620 691 662 unum
723 611 1101 675 argumentum
1131 604 1380 659 absolvit.
1427 602 1617 674 Operae
1655 602 1888 674 pretium
1927 601 2093 673 igitur

519 699 735 758 factura
762 699 971 763 videar,
1017 699 1062 754 si
1094 699 1517 770 apostolicarum
1545 698 1935 753 sententiarum
1966 711 2093 751 sen-

2200 524 2268 579 με
2289 504 2677 577 ἀκριϐέστερον
2709 503 3049 570 ἀνακαλύψαι
3078 503 3170 558 τὸν
3197 502 3321 558 νοῦν
3359 502 3468 556 τῶν
3498 500 3642 555 κατά
3674 502 3769 556 τὸν

2210 596 2531 660 Ἀπόστολον
2573 596 3035 668 ἐπιχειρημάτων,
3093 594 3245 650 οὐδὲν
3298 594 3409 649 τῶν
3458 593 3770 668 ἔμπροσθεν

2194 689 2501 762 εἰρημένων
2532 687 2993 760 ἀνακρουομένην.

520 811 643 853 sum
688 795 852 866 paulo
896 794 1206 849 accuratius
1250 793 1630 863 explicavero;
1679 791 1754 846 ita
1800 796 2004 854 tamen,
2064 796 2124 843 ut
2177 798 2367 842 earum
2404 796 2526 853 quae
2557 781 2670 851 jam
2713 780 2767 834 in
2814 778 3191 850 superioribus
3236 777 3383 835 dicta
3424 784 3573 846 sunt,
3631 772 3772 831 nihil
3812 827 3818 833 .

519 888 785 960 rejiciam.

591 1006 822 1061 Abunde
846 1004 991 1061 enim
1024 1016 1186 1076 atque
1220 1005 1479 1075 praelate
1508 1004 1600 1058 illa
1636 1019 1854 1075 quoque
1890 1000 2095 1057 videris

522 1101 897 1163 edisseruisse,
923 1100 1160 1161 cautius,
1191 1115 1223 1152 ι)
1246 1096 1566 1168 TheOphila,
1590 1097 1705 1168 ipsa
1729 1109 1891 1168 prout
1909 1096 2098 1166 jacent

524 1191 817 1264 Scriptura:
845 1192 1007 1246 verba
1040 1207 1337 1261 exponens.
1372 1189 1507 1245 Nam
1531 1206 1705 1260 neque
1737 1190 1978 1261 periculo
2000 1205 2096 1245 va-

522 1295 633 1347 cat,
664 1284 895 1353 subjecti
927 1291 1111 1337 textus
1150 1283 1336 1346 verba,
1389 1285 1465 1337 uti
1497 1281 1705 1337 dictum
1736 1291 1841 1347 est,
1869 1283 2096 1339 omnino

522 1392 798 1449 Spernere,
824 1377 1122 1445 praesertim
1158 1372 1452 1441 Geneseos,
1486 1375 1579 1429 ubi
1608 1373 1891 1429 condenda
1912 1390 2095 1429 rerum

520 1467 688 1538 hujus
727 1466 1102 1522 universitatis
1151 1465 1294 1521 mole
1336 1480 1400 1520 ac
1442 1464 1750 1529 statuenda,
1797 1465 2098 1521 immobilia

518 1558 617 1617 Dei
649 1559 900 1614 feruntur
946 1558 1166 1612 oracula
1198 1572 1262 1611 ac
1308 1556 1526 1611 decreta
1560 1574 1574 1611 :
1604 1557 1805 1627 quibus
1849 1556 1905 1611 in
1951 1558 2098 1612 hunc

522 1668 695 1723 usque
724 1651 867 1707 diem
897 1658 1115 1720 aptatus
1158 1650 1417 1712 mundus,
1459 1649 1576 1704 suis
1608 1650 1814 1705 sensim
1847 1650 2097 1719 partibus

2282 991 2503 1056 ’Ῑκανῶς
2530 991 2638 1063 γάρ
2678 990 2903 1045 κάκεῖνά
2930 1007 3019 1062 μοι
3046 989 3469 1062 διεξεληλυθέναι
3502 993 3595 1045 καὶ
3626 991 3772 1064 λαμ·

2200 1085 2354 1158 πρῶς
2382 1082 2577 1150 δοκεῖς,
2613 1084 3052 1157 ἀκινδυνότερον,
3088 1078 3133 1138 ὦ
3170 1083 3421 1154 Θεοφίλα,
3445 1083 3513 1137 τά
3550 1086 3774 1156 ῥήματα

2198 1176 2300 1247 τῆς
2343 1175 2585 1247 Γραφῆς,
2624 1175 2700 1240 ὡς
2742 1171 2908 1248 εἶχεν,
2947 1177 3448 1249 ἐπεξεργασαμὲνη.
3496 1176 3772 1250 Σφαλερὸν

2200 1268 2308 1341 γάρ
2341 1270 2517 1340 πάντη
2549 1273 2908 1342 καταφρονεῖν
2949 1271 3057 1324 τῶν
3096 1270 3384 1341 κειμένων,
3417 1270 3493 1335 ὡς
3528 1272 3767 1343 εἴρηται,

2204 1361 2441 1434 μάλιστα
2458 1362 2555 1433 τῆς
2577 1363 2864 1427 Γενέσεως,
2886 1362 3015 1417 ἔνθα
3042 1364 3340 1435 ἀποφάσεις
3362 1363 3771 1435 ἀπαράλλακτοι

2198 1453 2449 1526 φέρονται
2480 1452 2574 1506 τοῦ
2603 1452 2738 1506 Θεοῦ
2765 1455 2847 1518 εἰς
2881 1454 2980 1526 τὴν
3020 1452 3275 1509 σύστασιν
3303 1452 3398 1507 τοῦ
3430 1452 3646 1515 παντὸς,
3679 1446 3771 1517 αἷς

2196 1544 2558 1618 ἡρμοσμένως
2595 1546 2762 1600 είσέτι
2806 1547 2903 1600 καὶ
2946 1546 3039 1600 νῦν
3087 1546 3345 1601 κάλλιστα
3378 1545 3531 1601 κατάι
3570 1545 3771 1619 μέτρον

2197 1638 2379 1691 τέλεον
2405 1637 2765 1693 ἀπευθύνεται
2800 1637 3020 1702 τελείως
3051 1638 3080 1690 ὁ
3111 1638 3334 1710 κόσμος,
3361 1638 3468 1691 ἐστ’
3501 1636 3567 1690 ἂν
3604 1637 3771 1691 αὑτὸν

522 1744 762 1816 perfecte
785 1744 1039 1815 dirigitur
1061 1784 1074 1809 ,
1112 1743 1287 1800 donec
1318 1759 1515 1799 rursus
1544 1744 1658 1812 ipse
1684 1745 1779 1814 qui
1807 1746 2104 1801 concinna-

2205 1727 2362 1783 πάλιν
2382 1726 2544 1794 αὐτὸς
2563 1731 2591 1782 ὁ
2607 1729 2977 1801 διακοσμήσας
2994 1729 3306 1801 νομοθέτης,
3320 1728 3771 1799 ἀναστοιχειῶσαι

522 1836 602 1890 vi;
643 1835 939 1905 legislator,
987 1850 1127 1905 epus
1149 1850 1308 1889 suum
1329 1834 1627 1891 reformare
1650 1835 1857 1900 volens,
1890 1837 2097 1906 primas

521 1940 732 1982 natura:
774 1927 919 1998 leges
968 1928 1073 1981 alia
1120 1928 1511 1983 constitutione
1556 1928 1939 2000 antiquaverit.
1990 1925 2097 1983 Sed

518 2019 779 2090 quoniam
824 2033 933 2073 non
964 2018 1119 2073 decet
1155 2019 1549 2089 inexploratam
1578 2034 1642 2075 ac
1684 2020 1831 2075 velut
1870 2019 2098 2076 dimidia

520 2125 618 2166 sua
647 2118 799 2180 parte
827 2109 1225 2166 elaudicantem
1263 2112 1683 2181 explicationem
1718 2112 1981 2168 doctrinae
2012 2129 2101 2169 re-

521 2203 800 2272 linquere;
833 2217 953 2273 age,
977 2202 1330 2272 anagogicum
1354 2217 1572 2272 quoque
1601 2202 1822 2258 litterali
1852 2219 2097 2270 sensum,

520 2294 669 2350 velut
693 2294 922 2349 alterum
959 2293 1096 2364 biga:
1146 2291 1346 2346 animal
1406 2292 1720 2360 reddamus,
1776 2294 2102 2364 profundius

521 2386 665 2443 hanc
716 2387 1054 2457 Scripturam
1103 2385 1456 2454 speculando.
1497 2384 1617 2440 Non
1644 2387 1788 2441 enim
1825 2387 1870 2442 is
1897 2396 1982 2443 est
2007 2387 2101 2458 qui

522 2476 797 2532 contemni
827 2475 999 2547 possit
1019 2474 1244 2543 Paulus,
1281 2492 1444 2546 quem
1469 2476 1630 2532 modo
1656 2478 1911 2543 vidimus,
1950 2484 2103 2531 tran-

521 2583 717 2625 scenso
749 2568 881 2624 dicti
921 2568 1084 2637 hujus
1131 2569 1342 2638 vulgari
1389 2584 1579 2632 sensu,
1634 2569 1703 2623 ad
1736 2570 1939 2625 Christi
1969 2569 2103 2625 illud

521 2660 844 2733 mysterium
872 2658 1239 2731 Ecclesiieque
1274 2659 1605 2716 traduxisse.

2202 1819 2500 1892 βουληθεὶς,
2537 1820 2706 1893 ἑτέρῳ
2735 1820 3062 1893 διατάγματι
3089 1823 3215 1885 τοὺς
3249 1819 3498 1892 πρώτους
3529 1819 3628 1891 τῆς
3662 1817 3772 1889 φύ-

2203 1929 2340 1976 σεως
2391 1913 2631 1987 ἀναλύσῃ
2676 1913 2929 1986 θεσμούς.
2972 1914 3109 1967 Ἀλλ’
3160 1915 3283 1967 ἐπεὶ
3325 1915 3385 1967 ού
3432 1913 3538 1986 χρὴ
3586 1911 3773 1979 ἀνεξέ-

2202 1999 2448 2072 λεγκτον,
2479 2004 2572 2059 καὶ
2599 2004 2787 2079 ὥσπερ
2811 2006 2868 2073 ἐξ
2896 2007 3153 2079 ἡμισείας
3179 2006 3355 2077 χωλὴν
3379 2006 3475 2078 τὴν
3500 2003 3773 2069 ἀπόδειξιν

2201 2097 2297 2149 τοῦ
2348 2096 2505 2166 λόγου
2553 2098 2904 2170 καταλήψαι·
2956 2100 3087 2171 φέρε
3120 2098 3183 2171 δὴ
3217 2100 3310 2153 καὶ
3338 2098 3437 2170 τὴν
3479 2099 3597 2151 κατ’
3642 2097 3776 2150 ἀνα-

2203 2187 2389 2257 γωγὴν
2419 2188 2554 2258 αὐτῇ
2585 2186 2844 2257 συζυγίαν
2896 2187 3182 2259 ἀποδῶμεν
3226 2190 3420 2260 ἡμεῖς,
3478 2186 3777 2258 βαθύτερον

2202 2277 2639 2350 ὲπισκεψάμεναι
2689 2280 2788 2350 τὴν
2835 2279 3074 2351 Γραφήν.
3125 2278 3200 2333 υύ
3256 2279 3363 2353 γὰρ
3417 2279 3508 2333 τοῦ
3561 2278 3775 2332 Παύλου

2203 2369 2658 2443 καταφρονητέον,
2687 2369 2781 2425 τοῦ
2816 2369 3342 2443 ύπεραναὸαίνοντος
3369 2370 3431 2425 τὸ
3463 2372 3645 2443 ῥητὸν,
3680 2369 3778 2425 καὶ

2200 2464 2282 2526 είς
2307 2462 2397 2516 τὸν
2429 2463 2661 2534 Χριστὸν
2694 2463 2824 2517 αὐτὸ
2854 2464 3144 2518 συντείνειν
3185 2463 3278 2518 καὶ
3306 2464 3405 2536 τὴν
3448 2463 3776 2536 Ἐκκλησίαν

2210 2554 2653 2627 ἀποφηναμένου.

1300 2778 1433 2834 Ωιι».
1470 2776 1556 2831 lll.
1599 2778 1769 2834 Primi
1796 2779 1966 2835 Adam
1990 2791 2041 2836 et
2061 2783 2280 2840 secundi
2309 2786 2637 2854 comparatio
2667 2786 2943 2843 instituta.

590 2896 766 2967 Atque
794 2897 881 2952 hic
915 2897 1150 2968 primum
1183 2895 1596 2968 disquirendum
1630 2912 1698 2952 an
1744 2896 1913 2952 Adam
1940 2915 2098 2955 com-

2282 2905 2391 2964 Καὶ
2434 2905 2649 2978 πρῶτον
2695 2904 3043 2971 ἐξεταστέον,
3087 2908 3136 2960 εί
3187 2906 3359 2978 Ἀδάμ
3397 2906 3508 2979 (40)
3550 2904 3781 2962 ἀπεικά-

522 2990 703 3061 parari
733 2990 905 3061 possit
938 2988 1074 3045 Filio
1107 2989 1234 3044 Dei:
1269 2991 1377 3053 ille,
1408 2990 1654 3059 inquam,
1683 2987 1856 3044 Adam
1913 2991 1969 3046 in
2015 2993 2098 3046 la-

2206 2994 2393 3061 ζεσθαι
2424 2996 2645 3049 δύναται
2689 2997 2767 3068 τῷ
2809 2997 2921 3069 Υἱῷ
2950 2997 3043 3051 τοῦ
3069 2995 3227 3065 Θεοῦ,
3260 3000 3318 3051 ὲν
3356 2997 3434 3068 τῷ
3477 2995 3778 3069 παραπτώ-

519 3096 623 3153 psu
672 3082 1132 3154 praevaricationis
1158 3081 1531 3151 deprehensus
1555 3122 1570 3145 ,
1603 3083 1805 3152 quique
1851 3083 2056 3138 audivit
2086 3103 2099 3139 :

527 3177 691 3231 Terra
718 3192 793 3241 es,
820 3185 869 3230 et
905 3176 959 3230 in
993 3186 1190 3229 terram
1232 3177 1503 3231 reverteris
1540 3176 1604 3231 ³⁸.
1659 3175 1943 3242 Quomodo
1977 3193 2105 3233 vero

522 3269 688 3327 etiam
744 3269 1131 3340 Primogenitus
1169 3271 1339 3324 omnis
1385 3277 1643 3324 creatura:
1682 3270 1726 3301 "
1770 3269 2052 3341 putabitur
2080 3309 2098 3337 ,

523 3361 615 3432 qui
648 3367 772 3431 post
802 3371 1001 3415 terram
1045 3369 1097 3415 et
1132 3359 1529 3416 firmamentum
1582 3377 1613 3416 e
1664 3361 1780 3415 luto
1839 3361 2105 3417 formatus

522 3454 646 3510 est?
677 3452 887 3508 Rursus
912 3468 1018 3524 qua
1047 3454 1258 3509 ratione
1308 3454 1514 3525 lignum
1543 3454 1668 3509 vitae
1708 3453 1753 3485 ⁸⁸
1802 3468 1926 3509 eum
1983 3469 2105 3510 esse

523 3546 870 3611 concedetur,
888 3551 981 3617 qui
1020 3547 1237 3617 ejicitur
1259 3556 1480 3618 propter
1508 3548 2005 3618 praevaricationem
2024 3550 2101 3617 δι,

523 3655 593 3696 ne
632 3655 824 3694 rursus
856 3640 1113 3695 extendat
1143 3655 1363 3694 manuni
1405 3650 1461 3695 et
1502 3640 1756 3695 comedat
1782 3656 1849 3696 ex
1879 3641 2017 3711 ipso,
2051 3647 2107 3696 et

522 3730 667 3786 vivat
696 3731 749 3784 in
777 3730 1079 3785 aeternum?
1105 3727 1260 3795 Quod
1314 3729 1460 3784 enim
1507 3737 1859 3800 comparatur
1908 3730 2102 3796 alteri,

525 3822 604 3877 illi
631 3822 879 3893 pluribus
905 3821 1082 3877 simile
1123 3821 1352 3876 exsistat
1384 3837 1612 3877 necesse
1655 3823 1728 3878 sit
1785 3838 1851 3877 ac
1906 3822 2101 3888 aliine,

524 3926 637 3966 non
666 3909 941 3966 contrario
993 3909 1152 3981 plane
1195 3908 1358 3964 modo
1414 3924 1478 3964 ac
1521 3909 1870 3966 dissentanee
1899 3926 1960 3967 se
2004 3910 2105 3965 ba-

526 4003 673 4064 beat.
707 4011 761 4059 et
781 4003 935 4074 quasi
965 4019 1031 4058 ex
1056 4002 1321 4073 oppositis
1341 4002 1627 4059 consistat.
1659 4002 1828 4059 Nemo
1848 4004 1992 4060 enim
2010 4005 2105 4076 qui

523 4098 699 4168 impar
727 4097 876 4166 pari,
922 4104 975 4152 et
1003 4096 1379 4152 harmonicum
1404 4105 1732 4152 concentum
1756 4113 1862 4153 non
1890 4097 2106 4153 harmo-

524 4191 650 4248 ἰίεύ
705 4191 1166 4260 dissentaneoque
1213 4205 1534 4261 comparare
1582 4189 1801 4257 audeat,
1837 4190 2103 4262 sapientis

526 4282 741 4338 laudem
773 4283 1145 4354 consequitur.
1192 4283 1299 4338 Sed
1330 4299 1428 4354 par
1454 4292 1649 4337 natura
1679 4284 1797 4353 pari
1824 4283 1970 4338 haud
1997 4283 2100 4337 im-

2209 3105 2338 3159 ματι
2365 3089 2466 3160 τῆς
2498 3089 2861 3162 παραὸἀσεως
2891 3091 3153 3164 εὑρεθεὶς,
3183 3091 3277 3144 καὶ⁵
3309 3091 3547 3154 ἀκούσας
3576 3092 3658 3153 τὸ,
3686 3085 3777 3160 Γῆ

2203 3176 2278 3243 εἴ,
2308 3180 2406 3233 καὶ
2432 3183 2519 3246 εἰς
2542 3178 2661 3250 γῆν
2684 3180 3021 3251 dxi-2.1615623.
3047 3180 3172 3245 Πῶς
3196 3179 3252 3234 δὲ
3280 3182 3374 3234 καὶ
3401 3181 3781 3247 Πρωτότοκος

2204 3272 2407 3341 πάσης
2441 3271 2549 3341 τῆς
2582 3275 2835 3340 κτίσεως
2861 3273 3268 3346 νομισθήσεται,
3298 3274 3327 3325 ὁ
3359 3271 3494 3343 μετά
3537 3272 3635 3343 τὴν
3672 3271 3781 3342 γῆν

2205 3365 2299 3417 καὶ
2329 3364 2389 3418 τὸ
2426 3365 2711 3439 στερέωμα
2739 3364 3315 3436 πηλοπλαστούμενος;
3343 3363 3464 3427 Πῶς
3491 3363 3549 3417 δὲ
3591 3365 3686 3417 καὶ
3719 3363 3783 3418 τδ

2208 3453 2362 3520 ξύλον
2390 3456 2492 3526 τῆς
2534 3455 2679 3526 ζωῆς
2708 3456 2872 3518 αὐτὸς
2908 3451 3046 3507 εἶναι
3086 3452 3588 3525 συγχωρηθήσεται,
3629 3452 3658 3505 ὀ
3690 3452 3784 3505 ὲκ-

2207 3545 2531 3619 6αλλόμενος
2567 3547 2655 3601 διὰ
2689 3549 2787 3619 τὴν
2824 3545 3165 3617 παράϐασιν,
3211 3547 3297 3599 ἵνα
3340 3544 3444 3616 μὴ,
3484 3544 3645 3597 πάλιν
3683 3544 3782 3596 ὲκ-

2205 3638 2385 3702 τείνας
2412 3638 2512 3702 τὴν
2551 3641 2708 3710 χεῖρα
2740 3639 2835 3692 καὶ
2867 3637 3058 3708 φαγὼν
3090 3639 3183 3691 ἀπ’
3215 3637 3400 3700 αὑτοῦ,
3446 3637 3669 3706 ζήσεται
3701 3636 3783 3699 εἰς

2206 3728 2299 3782 τὸν
2339 3728 2545 3794 αίῶνα;
2578 3736 2596 3752 “
2625 3729 2697 3782 Τὸ
2736 3729 2844 3801 γάρ
2875 3728 3305 3800 ἀπεικαζόμενον
3338 3727 3529 3799 ἐκείνῳ
3549 3721 3610 3781 οὗ
3637 3731 3783 3781 ἐστιν

2204 3821 2562 3891 ἀπείκασμα,
2624 3821 2941 3892 ὁμοιοῦσθαι
2998 3822 3092 3876 καὶ
3144 3819 3587 3893 παραϐάλλεσθαι
3639 3817 3785 3873 κατά

2206 3913 2375 3968 πολλά
2394 3913 2522 3985 χρὴ,
2552 3912 2687 3967 ἀλλά
2720 3915 2795 3987 μὴ
2840 3917 2905 3969 ἐκ
2934 3915 3042 3970 τῶν
3082 3914 3341 3970 ἐναντίων
3374 3915 3469 3968 καὶ
3501 3914 3786 3967 ἀνοικείων

2205 4007 2303 4080 τὴν
2334 4008 2591 4061 σύστασιν
2623 4005 2785 4077 ἔχειν.
2820 4006 2894 4059 Οὐ
2933 4005 3042 4077 γὰρ
3074 4005 3139 4059 ἂν
3166 4005 3227 4059 τὸ
3254 4005 3437 4059 ἄνισον
3468 4003 3546 4074 τῷ
3587 4002 3781 4074 ἀρτίῳ,

2204 4100 2237 4170 ἢ
2262 4099 2360 4171 τὴν
2388 4098 2654 4170 ἁρμονίαν
2680 4101 2745 4169 τῇ
2778 4098 3122 4170 ἀναρμοστία
3151 4115 3233 4161 τις
3267 4095 3511 4161 ἐξισάσαι
3545 4092 3781 4163 τολμῶν,

2205 4191 2281 4255 ὡς
2311 4190 2535 4263 ἔμφρων
2571 4189 3024 4262 ἀποδεχθήσεται·
3074 4188 3209 4243 ἀλλά
3244 4189 3305 4241 τὸ
3346 4188 3458 4241 ἴσον
3501 4186 3579 4257 τῷ
3619 4186 3785 4255 φύσει

2208 4281 2327 4352 ἴσῳ,
2359 4282 2461 4336 κᾶν
2494 4280 2553 4347 ἐξ
2596 4282 2775 4350 ὀλίγου
2821 4281 2933 4334 ἴσον
2965 4280 3019 4352 ᾖ,
3043 4282 3136 4334 καὶ
3178 4281 3240 4333 τὸ
3280 4280 3471 4333 λευκὸν
3503 4277 3581 4348 τῷ
3623 4278 3785 4347 φύσει

524 4374 721 4429 merito
752 4383 1099 4445 comparetur
1123 4414 1138 4438 ,
1197 4375 1301 4430 etsi
1344 4373 1521 4430 solum
1556 4373 1771 4429 modico
1824 4388 1922 4444 par
1950 4374 2099 4428 exsi-

2205 4358 2400 4444 λευκῷ,
2432 4374 2533 4427 κᾶν
2565 4374 2696 4428 αὐτὸ
2737 4373 3071 4445 βραχύτατον
3181 4373 3275 4426 καὶ
3312 4372 3546 4443 μετρίως
3580 4369 3784 4441 φαντάο

525 4471 666 4531 stat;
703 4465 995 4535 albumque
1022 4465 1148 4520 albo
1177 4474 1393 4529 natura,
1414 4466 1517 4521 etsi
1542 4465 1971 4520 minutissimum
2005 4465 2099 4529 sit,

525 4555 780 4626 illiusque
806 4556 1075 4612 albedinis
1112 4573 1333 4613 sensum
1390 4558 1604 4612 modice
1637 4556 1871 4620 referat,
1904 4563 2099 4626 quate-

523 4661 631 4702 nus
656 4648 833 4715 ipsum
873 4663 1089 4719 quoque
1116 4649 1299 4703 album
1345 4646 1551 4702 audiat.
1606 4646 1726 4703 Jam
1761 4663 1858 4718 par
1886 4655 1941 4703 et
1968 4648 2099 4701 har-

525 4739 802 4798 monicum
830 4747 885 4796 et
917 4740 1156 4797 candore
1190 4742 1535 4813 splendidum
1585 4743 1799 4799 cunctis
1826 4742 1986 4814 plane
2012 4742 2098 4799 ci-

2208 4465 2354 4531 ζοιτο
2387 4465 2486 4537 τὴν
2535 4465 2835 4535 λευκότητα
2891 4465 3135 4526 ἐκείνου,
3171 4463 3237 4517 δι’
3294 4464 3360 4535 ἢν
3401 4463 3464 4536 δὴ
3512 4462 3603 4517 καὶ
3652 4460 3788 4517 αὐτὸ

2207 4560 2425 4628 λέγεται
2456 4558 2667 4612 λευκόν.
2705 4559 2848 4611 Ἴσον
2872 4557 2927 4611 δὲ
2963 4558 3057 4609 καὶ
3093 4556 3351 4628 ἁρμόνιον
3387 4557 3479 4610 καὶ
3511 4556 3782 4628 λαμπρὸν,

2206 4650 2269 4705 τὸ
2295 4648 2681 4720 ἀναμάρτητον
2727 4642 2866 4702 εἶναι
2904 4647 2998 4701 καὶ
3039 4647 3362 4719 ἀδιάφθορον
3396 4647 3787 4711 ἀνενδοιάστως

2207 4741 2369 4795 παντί
2401 4758 2503 4793 που
2544 4740 2736 4810 σαφὲς,
2763 4738 2860 4811 τὴν
2901 4738 3091 4808 σοφίαν
3113 4737 3258 4810 (41)·
3302 4737 3556 4809 ἀνάρτιον
3595 4738 3653 4791 δὲ
3690 4737 3785 4792 καὶ

596 4891 641 4925 ³⁸
682 4889 807 4948 Gen.
840 4909 920 4959 ιιι,
947 4893 1033 4950 l9.
1106 4895 1379 4951 "Colon.
1414 4911 1454 4961 ι,
1496 4895 1585 4953 15.
1652 4897 1696 4929 ⁸ο
1730 4894 1893 4967 Apoc.
1937 4912 1999 4962 ll,
2041 4894 2092 4950 7.

2205 4917 2209 4927 ι
2250 4895 2379 4953 Gen.
2423 4910 2506 4963 ιιι,
2546 4893 2637 4949 22.

599 5063 710 5137 (ιθ)
741 5066 812 5119 ΕΖ
864 5063 1056 5135 Ἀδάμ.
1105 5063 1337 5123 Allatius
1382 5067 1750 5137 parenthesim
1781 5066 2100 5137 interponit.

525 5135 821 5208 Εἰκδςγάρ
862 5136 1305 5207 ἀντιπαραθεῖναί
1345 5135 1496 5202 τινας
1532 5138 1718 5193 ἄλλοτε
1751 5135 1953 5201 ἀλλωςῖ
1987 5137 2104 5202 πῶς

521 5206 552 5259 ὀ
594 5206 799 5276 Ἀδάμ,
828 5222 949 5278 qum
981 5206 1103 5261 aliis
1139 5208 1597 5274 desiderantibus,
1651 5224 1759 5263 non
1805 5209 2105 5263 admodum

524 5278 833 5349 necessaria
851 5277 987 5349 inihi
1013 5279 1129 5332 visa
1151 5286 1272 5333 est:
1301 5287 1355 5334 et
1385 5279 1523 5335 forte
1551 5278 1799 5333 sebolion
1830 5280 1923 5340 sit,
1957 5278 2105 5349 quod

523 5345 580 5422 in
615 5348 1129 5422 texti‘nn‘irrepserit
1160 5367 1174 5403 :
1211 5350 1300 5422 ubi
1333 5350 1564 5422 Allatius
1592 5345 1998 5422 ἀντιπροθεϊναι
2029 5349 2104 5422 le-

521 5418 620 5486 git.
662 5416 1021 5488 reddiditqu'e,
1056 5417 1179 5473 Non
1205 5420 1346 5474 enim
1373 5419 1582 5475 dedecet
1615 5416 1772 5475 alias'
1800 5420 1906 5475 alio
1949 5418 2106 5473 modo

519 5495 573 5559 ει
600 5495 826 5554 tempore
847 5488 1294 5546 consideratione;
1323 5493 1668 5559 interponere.
1695 5489 1875 5545 Malim
1897 5498 2102 5553 tamen.

523 5554 637 5611 Par
668 5561 807 5612 enim
834 5572 911 5613 est
942 5561 1201 5631 quosdam
1245 5562 1381 5614 alias
1426 5554 1583 5615 aliter
1628 5562 1767 5616 inter
1800 5578 1855 5616 se
1893 5575 2107 5629 compo-

520 5642 663 5701 nere.
712 5646 807 5685 seu
857 5646 1210 5701 comparare;
1248 5631 1302 5686 id
1344 5639 1447 5697 est,
1502 5633 1806 5687 secundum
1854 5631 2016 5685 aliam
2052 5640 2107 5687 et

525 5698 686 5751 aliam
721 5698 1115 5772 rationem'pro
1144 5704 1262 5757 loco
1291 5712 1346 5757 et
1372 5712 1630 5771 tempore,
1662 5702 1934 5772 quomodo
1963 5701 2104 5756 idem

530 5782 673 5839 swpe
715 5772 1009 5829 contrariis
1051 5779 1418 5844 comparatur,
1468 5780 1528 5828 ut
1570 5773 1716 5845 quod
1756 5782 1810 5828 et
1850 5772 2106 5829 Christus

2209 5068 2296 5122 leo
2337 5065 2557 5129 dicitur,
2605 5071 2662 5121 et
2699 5064 2992 5121 diabolus:
3024 5060 3214 5132 sicque
3257 5058 3417 5115 fuerit
3463 5057 3607 5132 istud
3651 5073 3787 5132 προ-

2209 5136 2495 5208 διόρθωσις
2538 5128 2605 5208 ad
2656 5143 2974 5208 sequentem
2986 5128 3475 5208 _coinparationein
3523 5128 3789 5208 pritni‘et

2212 5201 2437 5263 secundi
2472 5207 2663 5269 Adam,
2709 5201 2762 5260 in
2808 5221 2915 5276 qua
2955 5202 3260 5259 Methodius
3300 5217 3409 5256 non
3442 5201 3665 5255 omnino
3700 5214 3789 5252 re-

2212 5289 2359 5334 ctum
2388 5277 2643 5333 servavit.
2673 5276 2961 5331 COIIBEl-‘IS.

2285 5347 2395 5420 (ιι)
2432 5347 2549 5417 Τὴν
2594 5349 2836 5420 σοφίαν.
2868 5344 3131 5420 Alliulcam
3179 5342 3282 5398 sibi
3344 5343 3591 5420 litteram.
3636 5339 3790 5409 fingit

2213 5413 2505 5475 Po'ssinius
2527 5413 2831 5484 redditque,
2860 5418 2913 5470 in
2936 5415 3176 5484 confesso
3197 5424 3276 5469 est
3308 5419 3448 5483 apud
3474 5413 3733 5484 sapientes
3765 5424 3786 5465 ε

2214 5434 2498 5475 Ροδειιιιυε
2527 5434 2704 5472 renuit
2745 5434 2831 5483 ue,
2860 5434 2913 5470 ιιι
2936 5434 3176 5484 camena
3197 5434 3275 5469 ευ
3308 5434 3447 5483 apua
3474 5434 3733 5483 sapientes
3765 5434 3786 5465 ὅ

2212 5505 2336 5544 cum
2364 5490 2491 5544 velit
2526 5434 2853 5562 Methogius‘,
2887 5488 3061 5562 ipsam
3092 5486 3416 5555 sapientiam
3446 5484 3508 5538 τὸ
3535 5481 3787 5562 ἀναμάρ-

2210 5577 2371 5631 τητον
2397 5575 2539 5623 esse,
2564 5559 2709 5631 quod
2743 5558 2821 5631 ab
2839 5557 3236 5631 ontniimmune
3262 5564 3471 5631 peccato
3495 5557 3795 5631 est,_cuju§

2213 5622 2341 5686 sunt
2373 5638 2427 5685 et
2457 5622 2760 5685 aliie'dotes
2792 5629 2861 5683 ibi
2889 5630 3199 5699 assignatte,
3229 5622 3516 5699 contraria:
3540 5622 3786 5699 illiquod

2214 5701 2444 5756 mortale
2480 5710 2534 5755 et
2576 5707 2800 5769 peccato
2839 5695 3134 5769 obnoxium
3179 5707 3282 5759 est.
3324 5695 3629 5769 cuiusmodi
3658 5700 3791 5769 sunt

2215 5773 2424 5843 primus
2455 5780 2507 5828 et
2532 5766 2807 5828 secundus
2836 5768 3029 5839 Adam,
3062 5771 3202 5828 inter
3223 5783 3362 5840 quos
3390 5766 3615 5837 proinda
3642 5766 3789 5820 nulle
