4052 6338
566 342 639 401 67
1362 402 1373 413 ,
1527 340 1586 397 S.
1626 338 1953 400 METRODII
1993 338 2299 396 EPISCOPI
2337 340 2423 394 ET
2465 338 2823 395 MARTYRIS
3717 339 3795 396 68

566 459 712 515 enim
743 453 1166 526 Primogenitum
1215 450 1331 519 Dei,
1362 466 1426 506 ac
1478 453 1814 524 unigenitum
1858 468 2074 523 germen
2103 493 2117 517 ,

2223 468 2403 524 στημα
2426 471 2520 507 και
2551 454 2852 525 μονογενὲς,
2888 452 2985 525 τὴν
3016 452 3227 523 σοφίαν,
3265 454 3342 526 τῷ
3387 455 3795 533 πρωτοπλάστῳ

567 549 623 605 id
684 554 767 604 est
830 544 1159 616 Sapientiam
1191 583 1206 607 ,
1269 545 1500 614 primum
1557 544 1789 599 formato
1846 545 2129 615 primoque

568 655 634 695 ac
691 636 1050 710 primogenito
1093 635 1367 690 hominum
1424 637 1641 705 generis
1692 635 1899 691 homini
1955 636 2129 690 admi-

566 740 751 797 stum,
807 729 1079 783 hominem
1136 726 1271 781 ﬁeri.
1340 726 1394 781 ld
1443 728 1586 782 enim
1636 726 1913 783 Christum
1965 743 2125 795 esse,

564 821 836 877 hominem
861 833 995 890 pura
1025 818 1373 889 perfectaque
1403 816 1604 873 deitate
1626 819 1863 888 plenum,
1887 827 1939 874 et
1956 817 2125 873 Deum

565 915 657 985 qui
690 898 745 966 in
778 912 994 965 homine
1021 910 1287 980 capiatur.
1322 909 1883 981 Congruentissimum
1929 911 2128 981 quippe

562 1014 680 1062 erat
711 1002 1150 1073 antiquissimum
1202 1016 1416 1057 aeonum
1466 1010 1520 1056 et
1569 1003 1803 1072 primunt
1836 1002 2130 1074 archange-

562 1094 740 1152 lorum
770 1109 892 1148 cum
924 1094 1232 1148 hominibus
1269 1102 1633 1159 versaturum,
1662 1094 1715 1149 in
1748 1095 2127 1164 antiquissimo

561 1186 845 1256 primoque
884 1184 1162 1239 hominum
1191 1185 1523 1250 inhabitare,
1563 1184 1616 1239 id
1648 1194 1732 1241 est
1759 1186 1985 1242 Adamo.
2036 1185 2128 1240 Sic

562 1279 708 1333 enim
747 1292 868 1332 eum
894 1276 1040 1346 quia
1071 1276 1340 1348 principio
1389 1285 1542 1343 erat,
1596 1293 1899 1345 renovans,
1953 1293 2129 1348 exque

485 1410 492 1417 .
560 1366 781 1440 Virgine
808 1383 873 1422 ac
904 1366 1107 1437 Spiritu
1136 1367 1314 1437 ipsum
1365 1384 1557 1424 rursus
1590 1368 1930 1436 reformans,
1975 1384 2127 1424 eum-

560 1462 682 1517 dem
718 1460 1013 1515 fabricatur
1042 1479 1054 1513 :
1098 1459 1536 1530 quandoquidem
1571 1460 1822 1516 similiter
1853 1474 1883 1513 a
1923 1458 2129 1529 princi-

559 1554 684 1624 pio,
721 1560 862 1605 terra
892 1549 1097 1620 virgine
1121 1549 1352 1603 necdum
1389 1557 1631 1603 aratrum
1677 1562 1871 1618 passa,
1906 1557 2127 1617 accepto

559 1644 687 1699 inde
719 1644 852 1709 luto,
881 1657 947 1696 ex
988 1641 1081 1695 illo
1133 1639 1274 1695 Deus
1329 1640 1538 1696 ratione
1587 1639 1871 1713 pra-ditum
1926 1640 2128 1695 animal

560 1737 679 1793 sine
702 1744 940 1792 semente
974 1732 1322 1790 formaverat.

2224 545 2317 597 καὶ
2345 543 2544 616 πρώτῳ
2574 546 2668 599 καὶ
2697 544 3025 616 πρωτογόνῳ
3055 544 3164 598 τῶν
3191 544 3491 619 ἀνθρώπων
3519 547 3794 622 ἀνθρώπῳ

2224 635 2580 705 κερασθεῖσαν
2643 636 3134 707 ὲνηνθρωπηκέναι.
3174 637 3343 692 Τοῦτο
3382 637 3491 710 γάρ
3519 635 3659 695 εἶναι
3699 641 3796 697 τὸν

2223 726 2478 798 Χριστὸν,
2500 726 2783 798 ἄνθρωπον
2831 726 3056 798 ἀκράτῳ
3092 726 3304 799 θεότητι
3340 730 3435 782 καὶ
3469 729 3651 802 τελείᾳ
3696 748 3798 784 πε-

2224 817 2329 890 πλη
2340 818 2600 890 ρωμένον,
2623 818 2717 873 καὶ
2743 816 2875 871 Θεὸν
2898 820 2955 871 ὲν
2983 817 3080 871 ἀνθ
3090 817 3254 890 ρώπῳ
3278 821 3661 892 κεχωρημένον
3681 838 3692 852 ·
3721 818 3793 895 ἦν

2223 910 2333 982 γάρ
2393 909 2867 993 πρεπωδέστατον,
2916 908 3007 961 τὸν
3053 909 3425 979 πρεσϐύτατον
3482 911 3591 965 τῶν
3656 911 3792 966 αίώ-

2220 1018 2325 1056 νων
2347 1001 2455 1073 (44)
2470 1001 2563 1054 καὶ
2581 1001 2794 1072 πρῶτον
2808 999 2915 1053 τῶν
2938 1002 3312 1071 άρχαγγέλων,
3334 1001 3639 1074 ἀνθρώποις
3665 1004 3795 1074 μὲλ-

2221 1094 2377 1148 λοντα
2405 1093 2731 1164 συνομιλεῖν,
2772 1094 2853 1156 είς
2887 1093 2978 1147 τὸν
3019 1093 3388 1167 πρεσϐύτατον
3434 1097 3529 1149 καὶ
3574 1097 3795 1169 πρῶτον

2222 1187 2328 1241 τῶν
2361 1184 2661 1256 ἀνθρώπων
2689 1184 3075 1256 είσοικισθῆναι
3115 1185 3205 1239 τὸν
3237 1186 3427 1258 Ἀδάμ.
3467 1187 3651 1262 Ταύτῃ
3680 1189 3793 1262 γὰρ

2224 1276 2633 1348 άναζωγραφῶν
2660 1276 2728 1330 τά
2753 1276 2811 1343 ἐξ
2838 1279 3111 1349 ὑπαρχῆς,
3136 1280 3228 1333 καὶ
3248 1280 3609 1335 άναπλάσσων
3632 1279 3792 1348 αὖθις

2224 1373 2289 1425 ὲκ
2328 1371 2603 1444 Παρθένου
2628 1372 2722 1425 καὶ
2750 1370 3087 1442 Πνεύματος,
3114 1373 3452 1428 τεκταίνεται
3478 1374 3568 1428 τὸν
3595 1375 3789 1429 αὐτόν·

2224 1464 2411 1535 ἐπειδὴ
2446 1464 2541 1517 καὶ
2565 1464 2684 1516 κατ’
2712 1463 2906 1535 άρχὰς,
2939 1463 3104 1533 οὔσης
3132 1464 3400 1535 παρθένου
3436 1465 3539 1538 γῆς
3580 1465 3655 1519 ἔτι
3697 1467 3796 1522 καὶ

2222 1555 2482 1627 άνηρότου
2508 1594 2523 1619 ,
2572 1553 2751 1608 λαϐὼν
2797 1555 2923 1627 χοῦν
2949 1596 2963 1621 ,
3013 1555 3075 1608 τὸ
3115 1554 3476 1625 λογικώτατον
3518 1558 3796 1615 ἐπλάσατο

2224 1645 2362 1711 ζῶον
2398 1648 2491 1701 ἀπ’
2514 1646 2685 1718 αὐτῆς
2710 1649 2739 1702 ὁ
2766 1646 2901 1711 Θεὸς
2926 1647 3056 1702 ἄνευ
3082 1650 3311 1721 σπορᾶς.

1685 1851 1815 1908 CAP.
1846 1852 1911 1909 ν.
1945 1850 2192 1906 Jeremiw
2227 1847 2375 1906 locus
2401 1865 2677 1920 expensus.

630 1970 787 2026 Adsit
818 1971 948 2026 mihi
975 1969 1141 2039 hujus
1191 1968 1268 2024 rei
1313 1969 1469 2024 testis
1503 1968 1731 2024 idoneus
1761 1976 1815 2023 et
1843 1968 2082 2023 disertus
2103 2006 2117 2031 ,

2290 1966 2399 2021 Καί
2431 1983 2520 2037 μοι
2548 1965 2807 2037 ἐχέγγυος
2843 1964 3053 2038 μάρτυς
3097 1968 3192 2022 καὶ
3234 1967 3410 2041 σαφὴς
3436 1970 3466 2023 ὁ
3508 1972 3794 2045 προφήτης

558 2064 820 2136 propheta
841 2062 1104 2118 Jeremias
1130 2082 1142 2117 :
1184 2061 1248 2116 Et
1271 2062 1535 2127 descendi,
1561 2062 1733 2132 inquit
1750 2062 1816 2127 δ’,
1831 2060 1883 2113 in
1907 2059 2119 2114 domum

558 2155 713 2227 ﬁguli
731 2171 749 2219 ;
802 2162 849 2207 et
881 2169 994 2208 ecce
1022 2154 1129 2223 ipse
1166 2151 1394 2221 faciebat
1429 2168 1557 2221 opus
1588 2166 1742 2219 super
1773 2148 1991 2218 lapides.
2052 2147 2122 2203 Et

558 2244 743 2301 cecidit
774 2260 887 2306 ras,
913 2245 1048 2314 quod
1090 2243 1201 2309 ipse
1233 2241 1461 2311 faciebat
1506 2242 1561 2295 in
1592 2248 1700 2295 suis
1727 2240 1989 2295 manibus.
2053 2238 2122 2292 Et

560 2356 745 2395 rursus
772 2338 893 2407 fecit
935 2353 1024 2390 vas
1058 2333 1190 2388 illud
1238 2335 1464 2388 alterum
1491 2374 1508 2397 ,
1564 2334 1699 2388 sicut
1746 2332 2018 2402 placuerat
2068 2333 2121 2384 in

558 2437 835 2498 conspectu
863 2442 958 2479 suo
999 2424 1187 2492 facere.
1244 2423 1431 2477 Adhuc
1465 2422 1610 2477 enim
1641 2421 1768 2475 dum
1801 2436 1867 2476 ex
1899 2423 2034 2486 luto,
2065 2429 2124 2476 ut

558 2521 643 2578 sic
686 2522 968 2577 dicamus.
1029 2517 1270 2573 Adamus
1327 2515 1651 2570 formaretur
1685 2531 1806 2570 cum
1839 2515 2017 2571 mollis
2069 2522 2123 2571 et

558 2609 702 2666 udus
730 2616 893 2672 esset,
917 2621 981 2661 ac
1012 2608 1239 2662 necdum
1260 2606 1416 2676 quasi
1439 2621 1538 2675 pro
1560 2613 1711 2661 testa:
1739 2606 1869 2673 ritu,
1901 2604 2124 2661 immor-

555 2703 768 2757 talitate
815 2709 1073 2756 excoctus
1109 2706 1164 2753 et
1193 2698 1423 2752 duratus
1451 2696 1662 2764 fuisset,
1693 2707 1917 2768 peccato
1960 2706 2124 2767 gutta:

548 2790 733 2845 'instar
758 2788 1052 2843 distillantc
1076 2802 1139 2841 ac
1162 2786 1429 2842 deﬂuente
1449 2826 1463 2849 ,
1490 2788 1792 2844 dissolutus
1814 2796 1919 2843 est.
1943 2787 2125 2855 Quare

554 2900 682 2961 eum
715 2899 905 2938 rursus
938 2882 1005 2936 ab
1032 2882 1241 2952 integro
1266 2879 1654 2945 madefaciens,
1686 2896 1861 2951 exque
1885 2881 1999 2935 luto
2026 2896 2123 2937 vas

557 2979 612 3034 in
645 2978 905 3032 honorem
935 2976 1001 3041 “,
1032 2974 1283 3031 eumdem
1315 2972 1457 3029 Deus
1493 2975 1754 3040 formans,
1794 2974 1850 3028 in
1873 2972 2124 3044 virginali

556 3071 791 3140 primum
844 3068 1047 3122 durans
1089 3075 1143 3120 et
1192 3066 1544 3136 compingens
1602 3073 1791 3129 utero,
1856 3065 2125 3135 simulque

556 3161 751 3218 iniens
778 3174 841 3215 ac
868 3160 1106 3215 miscens
1138 3155 1337 3224 Verbo,
1369 3155 1601 3213 solidum
1640 3156 2042 3227 infractumque
2066 3156 2123 3211 in

554 3256 720 3310 vitam
753 3254 959 3319 eduxit,
991 3268 1057 3308 ne
1089 3266 1279 3307 rursus
1323 3249 1716 3306 inundantibus
1745 3248 1994 3319 corporis
2022 3247 2123 3301 llu-

2234 2058 2498 2129 Ἰερεμίας
2524 2058 2778 2130 παρήτω,
2814 2058 2920 2112 Kal
2958 2058 3214 2126 κατέϐην
3248 2061 3335 2125 είς
3357 2059 3463 2113 τὸν
3486 2056 3653 2116 οἶκον
3684 2062 3793 2117 τοῦ

2222 2152 2554 2220 κεραμέως,
2601 2150 2803 2219 λέγων,
2838 2149 2936 2204 καί
2993 2149 3121 2204 ίδοὺ
3170 2151 3351 2218 αὐτὸς
3384 2153 3570 2207 ἐποίει
3613 2154 3796 2223 ἔργον

2222 2242 2321 2296 ἐπὶ
2358 2239 2475 2295 τῶν
2511 2240 2716 2295 λίθων.
2739 2240 2849 2295 Kal
2889 2239 3131 2294 διέπεσε
3171 2240 3237 2293 τὸ
3266 2241 3524 2311 ἀγγεῖον,
3551 2242 3584 2296 ὃ
3610 2246 3794 2313 αὐτὸς

2221 2332 2407 2386 ἐποίει
2438 2330 2508 2384 ἐν
2541 2329 2670 2397 ταῖς
2693 2330 2906 2399 χερσίν
2926 2327 3131 2383 αὐτοῦ.
3161 2330 3268 2383 Kal
3292 2329 3478 2383 πάλιν
3504 2332 3797 2400 ἐποίησεν

2223 2421 2367 2477 αὐτὸ
2424 2420 2663 2490 ἀγγεῖον
2719 2420 2927 2489 ἕτερον
2953 2459 2970 2485 ,
3039 2419 3229 2486 καθὼς
3279 2421 3500 2490 ἤρεσεν
3537 2423 3797 2480 ἐνώπιον

2222 2514 2408 2569 αὐτοῦ
2442 2514 2549 2569 τοῦ
2587 2512 2855 2583 ποιῆσαι.
2882 2514 3005 2567 Ἔτι
3043 2514 3152 2587 γὰρ
3192 2514 3660 2587 πηλουργούμενον
3700 2516 3795 2571 τὸν

2236 2604 2426 2675 Ἀδάμ,
2452 2604 2527 2668 ὡς
2572 2604 2719 2658 ἐστιν
2748 2605 2944 2668 εἰπεῖν,
2974 2606 3067 2658 καὶ
3090 2604 3288 2677 τηκτὸν
3314 2606 3443 2661 ὄντα
3477 2607 3571 2661 καὶ
3597 2607 3791 2679 ὑδαρῆ.

2222 2698 2318 2752 καὶ
2351 2697 2574 2769 μηδέπω
2601 2694 2903 2767 φθάσαντα,
2930 2697 3083 2769 δίκην
3108 2697 3395 2770 ὀστράκου,
3421 2702 3486 2771 τῇ
3519 2700 3798 2774 ἀφθαρσίᾳ

2224 2789 2648 2862 κραταιωθῆναι,
2677 2787 2821 2860 ὕδωρ
2845 2787 3034 2860 ὥσπερ
3056 2788 3479 2863 καταλειϐομένη
3503 2793 3594 2846 καὶ
3619 2810 3792 2850 κατα-

2226 2881 2512 2947 στάζουσα,
2551 2881 2790 2935 διέλυσεν
2826 2880 2987 2935 αὐτὸν
3031 2882 3064 2950 ή
3098 2881 3358 2953 ἁμαρτία.
3400 2882 3490 2936 Διὸ
3532 2882 3596 2954 δὴ
3630 2881 3793 2938 πάλιν

2224 2973 2427 3029 άνωθεν
2460 2973 2733 3028 άναδεύων
2777 2973 2889 3046 (45)
2933 2974 3029 3027 καὶ
3071 2974 3461 3046 πηλοπλαστῶν
3501 2977 3592 3031 τὸν
3631 2977 3792 3032 αὐτὸν

2224 3068 2304 3130 είς
2325 3066 2490 3139 τιμὴν
2510 3068 2538 3120 ὁ
2563 3067 2717 3130 Θεὸς,
2750 3069 2808 3121 ὲν
2839 3069 2905 3138 τῇ
2940 3066 3239 3139 παρθενικῇ
3277 3068 3621 3141 κραταιώσας
3642 3068 3795 3140 πρῶ-

2223 3177 2315 3213 τον
2339 3160 2433 3212 καὶ
2459 3157 2635 3229 πήξας
2662 3159 2865 3230 μήτρᾳ,
2893 3158 2988 3213 καὶ
3007 3158 3307 3223 συνενώσας
3333 3161 3426 3213 καὶ
3448 3162 3794 3232 συγκεράσας

2224 3251 2303 3322 τῷ
2328 3250 2503 3319 Λόγῳ,
2541 3249 2773 3322 άτηκτον
2813 3250 2908 3303 καὶ
2937 3247 3240 3322 ἄθραυστον
3276 3249 3543 3321 ἐξήγαγεν
3588 3253 3669 3315 είς
3699 3252 3794 3307 τὸν

552 3347 738 3409 xibus,
770 3352 1048 3399 contracta
1094 3343 1220 3398 tabe
1240 3343 1537 3398 decideret.
1576 3339 1666 3396 Uti
1696 3341 1858 3395 etiam
1888 3340 1942 3394 in
1970 3355 2123 3410 para-

2226 3343 2367 3414 βίον·
2408 3345 2494 3398 ἴνα
2538 3342 2610 3415 μὴ
2642 3343 2799 3398 πάλιν
2833 3346 2944 3406 τοῖς
2974 3344 3072 3414 τῆς
3110 3343 3309 3415 φθορᾶς
3337 3343 3533 3409 ἔξωθεν
3573 3344 3797 3399 ἐπικλυ-

553 3438 678 3494 hola
706 3439 937 3492 inventa:
962 3438 1079 3492 ovis
1111 3437 1351 3492 cernitur
1381 3434 1642 3491 Dominus
1665 3434 1882 3496 docere,
1913 3433 2005 3487 ubi
2054 3433 2122 3488 ad

552 3536 796 3586 astantes
823 3530 899 3583 ait
923 3528 1182 3584 Dominus
1213 3543 1368 3584 meus
1415 3546 1429 3583 :
1467 3526 1598 3594 Quis
1644 3542 1709 3581 ea:
1757 3526 1896 3581 vobis
1944 3528 2119 3593 homo,

550 3620 1024 3693 quihabetcentum
1062 3635 1216 3673 oves:
1243 3628 1292 3673 et
1324 3620 1371 3673 si
1389 3618 1675 3687 perdiderit
1701 3634 1861 3672 unam
1878 3633 1943 3672 ea:
1965 3618 2076 3671 illis
2102 3656 2118 3680 ,

551 3727 723 3766 nonne
747 3711 989 3781 relinquit
1026 3712 1311 3780 nonaginta
1345 3727 1523 3764 novem
1550 3711 1604 3763 in
1634 3710 1860 3773 deserto,
1889 3719 1939 3763 et
1979 3708 2122 3764 vadit

553 3802 623 3859 ad
652 3802 801 3856 illaut
828 3819 945 3872 qua:
989 3803 1239 3871 perierat,
1272 3801 1432 3856 donec
1466 3803 1692 3855 inveniat
1720 3804 1874 3857 eam?
1906 3801 1974 3854 Et
2003 3817 2121 3855 cum

548 3896 803 3951 invenerit
848 3911 987 3960 eam,
1017 3894 1238 3964 imponit
1269 3894 1323 3947 in
1373 3893 1614 3947 humeros
1648 3909 1770 3947 suos
1791 3932 1805 3956 ,
1851 3892 2120 3963 gaudens;

549 4000 601 4046 et
634 3990 837 4046 veniens
858 3987 1091 4051 domum,
1125 3994 1372 4041 convocat
1400 3986 1595 4039 amicos
1627 3994 1676 4039 et
1702 3985 1922 4049 vicinos,
1943 3982 2120 4038 dicens

549 4084 700 4140 illis:
730 4080 1184 4154 Congratulamini
1210 4078 1337 4134 mihi
1360 4118 1377 4145 ,
1416 4079 1541 4150 quia
1576 4078 1745 4133 inveni
1776 4092 1917 4131 ovem
1950 4092 2120 4131 meam

549 4193 667 4249 quae
703 4176 929 4245 perierat
960 4172 1027 4231 “.

2224 3436 2372 3501 σθεὶς
2400 3435 2633 3508 ῥεύμασι
2679 3436 2941 3507 τηκεδόνα
2974 3436 3243 3506 γεννήσας
3291 3435 3553 3509 διαπέσῃο
3594 3437 3670 3501 ὡς
3698 3439 3795 3493 καὶ

2222 3526 2280 3578 ὲν
2313 3529 2380 3597 τῇ
2416 3526 2543 3599 περὶ
2582 3527 2681 3597 τῆς
2709 3526 3047 3597 ἀνευρέσεως
3079 3525 3174 3579 τοῦ
3209 3525 3480 3598 προϐάτου
3519 3526 3792 3596 φαίνεται,

2219 3616 2486 3672 διδάσκων
2519 3620 2547 3671 ὁ
2594 3617 2795 3689 Κύριος
2827 3615 3107 3688 παραϐολῇ
3129 3632 3143 3647 ’
3177 3615 3308 3671 ἔνθα
3336 3618 3499 3688 φησιν
3531 3619 3560 3670 ὁ
3591 3616 3795 3688 Κύριός

2226 3727 2325 3781 μου
2378 3710 2514 3781 πρὸς
2555 3711 2681 3773 τοὺς
2716 3708 3161 3781 παρεστηκότας·
3199 3709 3293 3783 Τίς
3322 3709 3493 3763 ἐστιν
3520 3709 3589 3774 ἐξ
3625 3708 3793 3779 ὑμῶν

2222 3799 2552 3869 ἄνθρωπος,
2581 3799 2649 3868 ὃς
2674 3800 2799 3869 ἔχει
2827 3799 3043 3853 ἑκατὸν
3068 3800 3349 3867 πρόϐατα,
3379 3798 3497 3854 κᾶν
3514 3800 3790 3870 ἀπολέσῃ

2221 3892 2290 3947 ἓν
2319 3892 2388 3957 ἐξ
2420 3891 2638 3955 αὐτῶν,
2667 3895 2779 3946 οὐκ
2824 3892 3038 3961 ἀφίησι
3069 3893 3142 3945 τὰ
3174 3890 3575 3958 ἐννενήκοντα
3613 3892 3791 3950 ἐννέα

2221 3984 2318 4038 ἐπὶ
2348 3984 2474 4050 τοῖς
2511 3984 2697 4052 ὄρεσι,
2735 3984 2838 4038 καί
2887 3985 3198 4054 πορευθείς
3218 3986 3317 4040 ἐπὶ
3351 3987 3418 4041 τὸ
3450 3988 3787 4056 ἀπολωλὸς.
3902 3988 3910 4001 ’

2196 4076 2382 4151 ,ζητεῖ
2417 4077 2562 4130 αὐτό
2581 4076 2692 4143 ἕως
2731 4077 2874 4145 εὒρη
2892 4092 2910 4139 ;
2948 4078 3057 4131 Kal
3089 4077 3282 4147 εὑρὼν
3319 4079 3658 4149 ἐπιτίθησιν
3687 4080 3787 4133 ἐπὶ

2222 4169 2364 4236 τοὺς
2392 4167 2589 4238 ὤμους
2621 4168 2806 4225 αὐτοῦ
2825 4185 2838 4199 ·
2868 4168 2965 4223 καὶ
2998 4168 3190 4224 ἐλθὼν
3217 4172 3303 4237 είς
3347 4166 3515 4224 οἷκον
3560 4188 3788 4241 συγκα-

547 4272 736 4328 λεῖται
763 4270 904 4337 τοὺς
932 4270 1149 4340 φίλους
1186 4269 1283 4323 καί
1310 4268 1601 4338 γείτονας,
1664 4265 1859 4339 λέγων
1895 4281 1909 4295 ο
1974 4262 2320 4335 Συτχὰρητέ
2350 4283 2486 4336 μοι,
2558 4266 2648 4320 ὅτι
2696 4264 2907 4335 εὑρέθη
2946 4265 3012 4319 τὸ
3059 4267 3353 4336 πρόϐατόν
3374 4284 3493 4336 μου
3526 4267 3591 4322 τὸ
3638 4268 3788 4323 ἀπο-

550 4368 766 4432 λωλός.

549 4476 680 4536 Cap.
704 4474 794 4532 VI.
832 4474 1163 4546 Spiritalium
1188 4474 1361 4529 ovium
1396 4474 1595 4544 integer
1625 4487 1895 4526 numerus.
1932 4470 2127 4595 ﬂagrat.
2153 4471 2290 4524 alter
2319 4470 2384 4594 of
2411 4470 2609 4541 angelis
2650 4471 2705 4526 in
2752 4472 2851 4527 Dei
2882 4472 3094 4527 laudem
3133 4473 3343 4529 chorus.
3394 4474 3517 4531 Ovis
3569 4476 3789 4546 perdita:

1889 4558 2019 4595 vara
2060 4561 2087 4595 ο
2116 4559 2147 4595 a
2177 4557 2354 4595 exnosi
2382 4558 2435 4595 a.

1889 4557 2147 4611 paraoota
2177 4557 2435 4611 exposita.

621 4662 889 4730 Quoniam
920 4664 1064 4719 enim
1104 4664 1219 4734 ipse
1247 4663 1529 4719 verissime
1550 4670 1667 4717 erat
1698 4671 1858 4731 atque
1888 4668 1993 4725 est,
2019 4661 2112 4731 qui
2144 4669 2189 4722 1)

549 4770 583 4811 a
613 4757 881 4827 principio
920 4767 1036 4810 erat
1072 4756 1213 4827 apud
1257 4754 1424 4811 Deum
1473 4766 1527 4810 et
1568 4754 1711 4811 Deus
1739 4763 1859 4811 erat
1884 4755 1927 4787 “
1951 4794 1967 4821 ,
2001 4755 2119 4824 ipse

550 4846 845 4918 imperator
867 4856 1158 4918 pastorque
1187 4847 1491 4904 caelestium
1516 4887 1531 4911 ,
1592 4848 1679 4902 cui
1730 4861 1919 4903 omnes
1950 4846 2134 4901 animiv

550 4939 923 5010 obtemperant
942 4954 1006 4993 ac
1034 4954 1193 5009 quem
1235 4948 1561 5010 sequuntur,
1586 4940 1892 5010 composito
1923 4954 2115 5009 regens

547 5030 741 5086 ordine
761 5037 923 5101 atque
954 5045 1245 5085 numerans
1260 5032 1538 5087 beatorum
1569 5043 1745 5088 cintus
1774 5033 2108 5103 angelorum.

548 5118 650 5175 Bic
684 5120 829 5175 enim
882 5121 971 5175 ille
1009 5136 1107 5191 par
1156 5128 1239 5177 est
1289 5128 1343 5177 et
1393 5121 1667 5192 perfectus
1718 5123 2106 5177 immortalium

2298 4661 2517 4734 Ἐπειδὴ
2540 4661 2650 4734 γάρ
2674 4662 2838 4727 αὐτὸς
2866 4661 2941 4727 ὼς
2965 4661 3180 4735 άληθῶς
3208 4659 3275 4735 ἦν
3307 4681 3366 4717 τε
3411 4668 3505 4719 καὶ
3531 4664 3699 4730 ἔστιν,
3727 4667 3788 4720 ὃν

2218 4754 2360 4828 ἀρχῇ
2386 4754 2461 4809 ὣν
2502 4756 2638 4827 πρὸς
2679 4756 2769 4809 τὸν
2808 4755 2960 4821 Θεὸν,
2985 4756 3079 4809 καὶ
3118 4755 3250 4819 Θεὸς
3288 4755 3383 4820 ὣν,
3419 4758 3447 4809 ὁ
3488 4759 3787 4830 ἀρχιστρά-

2218 4862 2383 4916 τηγος
2409 4849 2504 4901 καὶ
2554 4848 2756 4919 ποιμὴν
2798 4849 2906 4902 τῶν
2933 4849 3052 4902 κατ’
3082 4848 3341 4921 οὐρανὸν,
3372 4842 3417 4916 ᾧ
3451 4850 3628 4904 πάντα
3670 4852 3787 4905 italo

2218 4938 2399 4992 θονται
2444 4942 2538 4994 καὶ
2588 4938 2886 5011 ὀμαρτοῦσι
2938 4942 3005 4995 τὰ
3064 4940 3291 5010 λογικὰ,
3340 4941 3434 4993 καὶ
3484 4944 3786 5013 ποιμαίνων

2214 5032 2490 5095 εὐτάκτως
2539 5034 2633 5086 καὶ
2691 5033 2940 5105 ἀριθμῶν
2989 5034 3057 5087 τά
3114 5032 3292 5105 πλήθη
3346 5033 3453 5088 τῶν
3500 5037 3786 5107 μακαρίων

2214 5124 2479 5193 ἀγγέλων.
2504 5120 2672 5188 Οὗτος
2698 5124 2806 5198 γάρ
2836 5127 2947 5189 ίσος
2973 5126 3066 5179 καὶ
3092 5125 3297 5189 τέλειος
3328 5125 3560 5197 ἀριθμὸς
3586 5127 3786 5183 ἀθανά-

656 5275 701 5306 ⁸¹
740 5274 872 5345 Cap.
913 5290 1070 5338 xvm,
1101 5291 1232 5329 rers.
1262 5275 1315 5338 5,
1355 5274 1408 5331 4.
1480 5274 1525 5307 ⁸⁸
1568 5274 1631 5329 II
1667 5275 1805 5332 Tim.
1846 5293 1908 5340 ιι,
1947 5276 2039 5345 20,
2079 5277 2123 5330 2η

2243 5279 2291 5309 ⁸⁸
2327 5276 2455 5332 Luc.
2499 5256 2589 5343 sv,
2629 5280 2682 5343 6,
2724 5280 2777 5335 6.
2852 5282 2898 5315 “
2933 5279 3095 5337 Joan.
3140 5299 3179 5348 l,
3222 5284 3273 5338 1.

547 5442 676 5501 caro
705 5444 768 5485 ex
794 5427 1011 5501 Adamn
1030 5436 1342 5500 pr0pagata.
1364 5437 1417 5484 et
1439 5445 1559 5501 quae
1580 5439 1733 5501 parte
1762 5432 1845 5485 sui
1878 5431 2108 5501 quadam

548 5500 605 5555 in
630 5501 744 5568 ipso
772 5500 1062 5559 exstiterit,
1094 5509 1370 5570 assumpta
1396 5500 1556 5556 fuerit
1584 5500 1615 5554 a
1645 5500 1821 5556 Verbo
1848 5500 1907 5556 se
1931 5504 2107 5556 incar-

545 5580 732 5642 nantc.
758 5573 934 5639 Atque
962 5570 1091 5642 ideo
1107 5569 1353 5642 Adamus
1370 5572 1484 5641 ipse
1504 5571 1901 5642 quodammodo
1922 5588 2111 5628 secun-

547 5639 674 5693 dum
705 5642 905 5710 aliquid
938 5641 1021 5693 sui
1056 5640 1306 5696 Christus
1336 5639 1754 5698 fui-ritfPossm.

619 5711 727 5783 (44)
759 5712 1172 5781 Πρεσϐύτατον
1207 5711 1325 5765 τῶν
1364 5711 1606 5765 αἰώνων.
1646 5714 1834 5783 Allat..
1883 5714 2108 5771 alecula-

548 5781 665 5836 rum
691 5783 1132 5853 antiquissimum,
1161 5783 1306 5853 quod
1338 5783 1508 5855 magis
1540 5783 1734 5855 placet.
1757 5781 1923 5839 (λιιι.

2289 5434 2401 5511 (l5)
2445 5435 2788 5511 Ἀναδςύων.
2825 5436 3145 5511 _In[undens.
3198 5438 3537 5511 subigensqne
3576 5454 3595 5494 :
3636 5441 3782 5509 quod

2223 5502 2339 5557 Vat.
2362 5506 2717 5579 dvauop'gé'w.
2753 5502 3047 5575 reforinans
3076 5517 3240 5579 atque
3281 5502 3605 5564 instaurans.
3643 5502 3782 5568 illud

2214 5575 2443 5650 propius
2484 5576 2705 5650 modum
2756 5578 3007 5650 attingit,
3049 5575 3164 5648 quo
3197 5597 3263 5635 ex
3300 5582 3411 5636 Iulo
3445 5583 3650 5650 aliquid
3694 5598 3782 5638 re-

2220 5634 2479 5721 iingit_ur_:
2505 5634 2611 5721 eisi
2666 5662 2776 5721 non
2825 5634 3081 5721 videtur:
3116 5652 3260 5719 quod
3302 5634 3412 5721 jam
3464 5634 3778 5715 testaﬂfuivt,

2215 5715 2407 5793 quavis
2440 5716 2712 5793 inlusione
2739 5718 2791 5771 in
2824 5719 2919 5793 ιιῃὶ
2956 5715 3237 5774 materiam
3279 5715 3453 5793 subigi
3498 5739 3680 5793 posse,
3721 5740 3781 5782 ιιι

2210 5786 2336 5842 inde
2357 5800 2453 5843 vas
2479 5788 2833 5844 instauretur.
2858 5788 3147 5847 Consus.
