4052 6338
289 368 360 424 69
1347 371 1729 428 CONVIVIUM
1767 373 1843 427 DE

1951 372 1995 426 Μ
2037 371 2396 429 νιιιοιλυιι.
3451 388 3521 444 το

288 503 391 541 των
413 483 590 550 ζώων,
621 488 762 542 κατά
794 490 984 558 γενεάς
1011 493 1103 545 καὶ
1135 493 1307 561 φυλὰς
1335 494 1698 566 διῃρημένων,
1730 512 1843 565 συμι

1963 495 2274 548 animalium
2304 511 2585 559 numerus,
2619 513 2714 566 per
2738 500 3088 570 cognationes
3122 503 3403 576 tribusque
3435 505 3519 563 di-

292 576 737 646 παραληφθέντος
783 579 1015 634 ἐνταῦθα
1045 584 1111 652 τῇ
1159 584 1362 656 ποίμνῃ
1399 585 1492 636 καὶ
1523 585 1616 637 τοῦ
1650 584 1856 655 ἀνθρὼ-

288 690 406 726 που.
446 674 892 745 Δεδημιούργητο
916 676 1025 747 γὰρ
1054 677 1148 730 καὶ
1179 678 1337 738 αὐτὸς
1383 677 1485 742 ἔξω
1509 679 1731 751 φθορᾶς,
1770 680 1855 732 ἵνα

285 764 373 817 τὸν
419 763 644 834 βασιλέα
691 769 925 838 γεραίρῃ
974 769 1188 822 πάντων
1242 771 1334 823 καὶ
1373 771 1637 842 ποιητὴν,
1709 772 1855 825 ἀντί-

287 852 499 922 φθογγα
533 855 788 924 μελῳδῶν
818 862 935 922 ταῖς
967 859 1072 910 τῶν
1116 860 1359 927 ἀγγέλων
1387 862 1445 928 ἐξ
1497 864 1723 932 οὐρανοῦ
1762 881 1855 933 φε-

289 944 545 1015 ρομέναις
572 946 744 1015 βοαῖς.
781 948 916 1000 Ἀλλ’
945 949 1064 1001 ἐπεὶ
1091 950 1286 1020 συνέϐη
1319 952 1726 1023 παρεληλυθότα
1758 953 1854 1024 τὴν

291 1037 509 1108 ἐντολὴν
533 1081 546 1102 ,
578 1039 818 1111 ὀλέθριον
854 1039 1051 1112 πτῶμα
1091 1043 1184 1095 καὶ
1210 1043 1380 1096 δεινὸν
1426 1047 1607 1096 πεσεῖν
1651 1047 1728 1108 εἰς
1761 1045 1856 1098 θά-

282 1149 435 1186 νατον
477 1134 998 1205 ἀναστοιχειωθέντα
1019 1154 1032 1166 ’
1062 1135 1148 1189 διὰ
1183 1137 1339 1190 τοῦτό
1374 1155 1532 1210 φησιν
1570 1141 1598 1192 ό
1630 1138 1850 1211 Κύριος,

283 1227 469 1280 ἑαυτὸν
523 1231 605 1291 εἰς
649 1230 740 1282 τὸν
780 1229 893 1299 βίον
945 1233 1008 1283 ὲκ
1067 1230 1173 1282 τῶν
1222 1232 1462 1303 οὐρανῶν
1508 1231 1850 1302 ἐληλυθέναι,

286 1319 713 1373 καταλελοιπότα
760 1321 859 1383 τὰς
907 1323 1087 1386 τάξεις
1129 1323 1316 1376 καὶτὰ
1369 1323 1699 1393 στρατόπεδα
1745 1322 1852 1375 τῶν

284 1411 552 1477 ἀγγέλων.
594 1413 1019 1466 Ἀπεικονιστέον
1046 1413 1152 1484 γάρ
1179 1414 1244 1466 τὰ
1278 1415 1372 1483 μὲν
1417 1413 1515 1484 ὅρη
1552 1417 1661 1477 τοῖς
1695 1413 1854 1484 οὐρα-

284 1505 418 1562 νοίςο
450 1501 522 1553 τὰ
570 1501 627 1554 δὲ
660 1503 1006 1569 ἐννενήκοντα
1049 1503 1203 1556 ἐννέα
1237 1502 1481 1573 πρόϐατα
1525 1506 1644 1566 ταῖς
1699 1502 1853 1556 δυνά-

284 1609 402 1661 μεσι
437 1594 538 1670 καὶ
561 1596 681 1655 ταῖς
725 1594 919 1664 ἀρχαῖς
952 1596 1044 1647 καὶ
1088 1599 1208 1658 ταῖς
1249 1596 1535 1661 ἐξουσίαις,
1577 1594 1642 1658 ἃς
1684 1613 1851 1649 κατα-

280 1686 559 1751 λέλοιπεν,
610 1687 945 1757 ἀναζητῆσαι
987 1686 1257 1740 κατελθὼν
1287 1688 1348 1740 τὸ
1401 1687 1674 1749 ἀπολωλὸς
1722 1685 1853 1758 πρό-

279 1779 459 1843 ϐατον,
492 1782 521 1832 ὁ
558 1779 862 1849 στρατηγὸς
892 1781 986 1832 καὶ
1011 1781 1236 1849 ποιμήν.
1264 1780 1484 1832 Ἔλειπε
1512 1779 1620 1851 γὰρ
1643 1778 1850 1850 ἄνθρωυ

1960 588 2221 648 visorum,
2251 597 2538 656 aggregato
2585 589 2673 643 hic
2721 592 2812 646 tali
2862 594 3007 664 gregi
3059 597 3219 650 etiam
3280 599 3518 656 homine.

1958 677 2091 732 Nam
2121 689 2173 730 et
2205 679 2319 748 ipse
2347 681 2714 749 corruptionis
2746 697 2936 740 exsors
2965 696 3184 743 creatus
3213 697 3316 755 est,
3344 699 3402 744 ut
3430 707 3521 746 re-

1960 782 2076 837 gem
2105 767 2480 821 universorum
2508 775 2561 821 et
2598 778 2916 836 creatorem,
2949 776 3120 830 altero
3145 779 3287 833 velut
3316 781 3517 847 choro,

1961 863 2273 933 angelorum
2298 879 2328 916 e
2352 864 2488 918 cmlo
2521 865 2850 923 clamoribus
2885 874 3242 940 respondente
3265 915 3280 939 ,
3333 879 3522 933 lamia-

1961 963 2041 1010 ret
2069 971 2130 1009 ac
2152 956 2472 1011 celebraret.
2505 956 2608 1012 Sed
2647 960 2771 1028 quia
2797 963 3128 1032 contingeret
3152 983 3294 1034 eunt,
3317 971 3520 1026 violato

1958 1048 2051 1102 Dei
2088 1049 2366 1110 mandato,
2399 1049 2549 1116 gravi
2602 1064 2666 1102 ac
2706 1051 2936 1108 exitiose
2969 1055 3122 1125 lapsu
3177 1074 3434 1117 corruere
3462 1063 3517 1117 in

1960 1150 2185 1195 mortem
2214 1143 2533 1204 resolutum,
2578 1152 2861 1212 propterea
2889 1147 3017 1200 dicit
3060 1148 3340 1217 Dominus,
3375 1169 3432 1208 se
3461 1155 3519 1209 in

1958 1232 2240 1296 mundum,
2273 1235 2480 1289 relictis
2541 1237 2801 1303 angelicis
2843 1239 3125 1295 ordinibus
3164 1258 3226 1296 ac
3278 1245 3519 1301 cohorti-

1957 1323 2080 1384 bus,
2108 1339 2137 1378 e
2165 1325 2320 1378 cmlis
2352 1327 2582 1381 venisse.
2621 1328 2828 1385 Montes
2860 1332 3002 1385 enim
3033 1335 3199 1389 caelos
3234 1335 3519 1408 designare

1957 1415 2254 1484 putandum
2287 1425 2402 1480 est;
2446 1433 2540 1486 per
2589 1434 2716 1472 oves
2754 1435 2882 1473 vero
2941 1423 3234 1492 nonaginta
3281 1442 3470 1482 novem
3497 1470 3514 1494 ,

1956 1508 2188 1562 virtutes
2217 1515 2269 1560 et
2307 1509 2645 1579 principatus
2679 1522 2730 1565 et
2778 1521 3067 1583 potestates
3091 1532 3224 1585 quas
3256 1520 3513 1590 reliquit,

1956 1596 2290 1651 descendens
2324 1599 2437 1666 ipse
2465 1598 2762 1668 imperator
2783 1608 2834 1654 et
2873 1612 3056 1670 pastor
3081 1602 3144 1654 ad
3171 1605 3512 1673 quarrendam

1956 1703 2108 1741 ovem
2136 1705 2254 1758 qua:
2304 1690 2557 1758 perierat.
2608 1691 2867 1745 Restabat
2915 1694 3057 1748 enim
3103 1703 3158 1747 ut
3187 1706 3238 1750 et
3272 1697 3434 1750 homo
3459 1698 3514 1754 in

1956 1778 2095 1832 banc
2136 1782 2475 1834 matriculam
2507 1792 2558 1836 et
2599 1783 2902 1851 catalogum
2952 1784 3314 1852 adjiceretur,
3357 1803 3514 1857 quem

279 1887 374 1922 πον
413 1874 495 1933 εἰς
532 1870 632 1941 τὴν
684 1870 862 1940 βίϐλον
907 1870 1368 1940 ἐγκαταλεχθῆναι
1387 1871 1587 1940 ταύτην
1629 1870 1708 1924 ἔτι
1756 1871 1843 1923 καὶ

1951 1872 2066 1940 ipse
2091 1870 2348 1926 Dominus
2383 1883 2616 1944 gestaret
2655 1889 2717 1927 ac
2748 1874 3012 1930 induisset
3043 1894 3056 1931 :
3093 1894 3158 1931 ne
3187 1895 3410 1944 rursus,
3439 1882 3514 1936 uti

275 1963 362 2014 τὸν
423 1962 699 2033 ἀριθμὸν,
754 1963 1119 2033 βαστάσαντος
1154 1964 1314 2016 αὐτὸν
1366 1963 1458 2015 τοῦ
1509 1962 1710 2032 Κυρίου
1759 1963 1851 2015 καὶ

278 2055 729 2125 ἀμφιεσαμένου·
780 2055 867 2107 ἵνα
903 2055 975 2125 μὴ
1032 2055 1126 2108 καὶ
1179 2055 1372 2117 πάλιν,
1413 2055 1487 2117 ὼς
1533 2054 1687 2124 ἔφην,
1733 2055 1851 2117 ταῖς

275 2147 592 2216 τρικυμίαις
641 2146 736 2198 καὶ
792 2150 913 2210 ταῖς
968 2146 1201 2209 ἀπάταις
1251 2145 1630 2218 περικλυσθεὶς
1685 2163 1852 2199 κατα-

278 2240 546 2309 ποντωθῇ.
606 2239 787 2309 Ταύτῃ
840 2239 948 2310 γὰρ
1007 2241 1098 2292 τὸν
1153 2239 1435 2311 ἄνθρωπον
1489 2238 1773 2308 ἀνείληφεν
1822 2241 1850 2291 ὁ

278 2329 464 2396 Λόγος,
495 2331 649 2392 ὅπως
686 2330 748 2400 δὴ
778 2330 842 2382 δι’
887 2330 1050 2383 αὐτοῦ
1090 2330 1368 2402 καταλύσῃ
1394 2329 1492 2400 τὴν
1529 2332 1610 2382 ἐπ’
1647 2328 1849 2400 ὀλέθρῳ

275 2423 560 2487 γεγονυῖαν
613 2419 944 2490 καταδίκην,
997 2421 1232 2490 ἡττήσας
1270 2421 1359 2473 τὸν
1417 2420 1558 2488 ὅφιν.
1605 2418 1847 2489 ’Ἡρμοζε

275 2511 378 2580 γὰρ
409 2511 485 2581 μὴ
521 2510 590 2562 δι’
636 2512 822 2582 ἑτέρου
865 2511 1150 2581 νικηθῆναι
1181 2513 1271 2565 τὸν
1310 2512 1563 2582 πονηρὸν,
1607 2509 1741 2564 ἀλλά
1781 2510 1848 2563 δι’

277 2603 501 2666 ἐκείνου,
536 2603 596 2654 ὃν
629 2602 695 2672 δὴ
725 2602 818 2654 καὶ
843 2603 1154 2671 ἐκόμπαζεν
1193 2605 1477 2674 ἀπατήσας
1509 2603 1670 2656 αὑτὸν
1696 2619 1848 2654 τετυ-

281 2693 603 2762 ραννηκέναι
625 2709 639 2721 ·
673 2691 753 2743 ὅτι
790 2691 864 2762 μὴ
888 2691 1058 2755 ἄλλως
1080 2694 1180 2764 τὴν
1207 2694 1478 2765 ἁμαρτίαν
1503 2692 1725 2762 λυθῆναι
1753 2693 1847 2746 καὶ

276 2785 370 2853 τὴν
419 2785 749 2855 κατάκρισιν
797 2783 1019 2836 δυνατὸν
1068 2779 1158 2854 ἦν,
1212 2787 1258 2837 εί
1295 2785 1368 2855 μὴ
1410 2784 1568 2838 πάλιν
1611 2787 1638 2837 ὁ
1686 2784 1847 2847 αὐτὸς

279 2878 473 2938 ἐκεῖνος
507 2877 814 2948 ἄνθρωπος,
845 2876 911 2928 δι’
961 2876 1016 2929 ὃν
1059 2877 1243 2948 εἴρητο
1277 2878 1336 2930 τὸ
1379 2876 1468 2945 Γῆ
1516 2874 1587 2941 εἴ,
1622 2876 1720 2929 καὶ
1759 2878 1845 2942 εις

279 2967 386 3035 γῆν
416 2970 758 3035 ἀπελεύσῃ,
790 2968 1153 3031 ἁναπλασθεὶς
1178 2968 1284 3038 (46)
1322 2968 1543 3022 ἀνέλυσε
1586 2968 1682 3039 τὴν
1711 2968 1845 3020 ἀπό-

279 3073 454 3123 ςασιν,
475 3058 577 3127 τὴν
599 3058 668 3110 δι’
691 3057 849 3110 αὑτὸν
870 3059 949 3122 εἰς
976 3060 1181 3121 πάντας
1203 3058 1623 3130 ἐξενηνεγμένην
1638 3075 1650 3088 ·
1673 3059 1840 3122 ὅπως,

279 3148 451 3212 καθὼς
475 3151 535 3201 ἐν
561 3149 642 3219 τῷ
680 3149 851 3219 Ἀδάμ
877 3149 1139 3221 πρότερον
1165 3150 1365 3212 πάντες
1393 3148 1840 3220 ἀποθνήσκουσιν,

1955 1961 2198 2014 dicebam
2221 2001 2235 2026 ,
2287 1963 2606 2016 tricumanis
2637 1962 2888 2018 ﬂuctibus
2931 1965 3320 2038 iraudibusque
3349 1970 3514 2024 obru-

1955 2059 2063 2115 tus,
2096 2051 2204 2106 imo
2237 2053 2425 2122 pelago
2469 2063 2822 2122 mergeretur.
2877 2053 2952 2109 Eo
3002 2072 3235 2127 namque
3285 2061 3514 2118 consilio

1955 2151 2241 2212 susceptus
2272 2159 2300 2195 a
2327 2141 2505 2198 Verbo
2545 2144 2706 2198 homo
2743 2153 2846 2209 est,
2879 2155 2957 2209 ut,
2982 2148 3192 2203 devicto
3220 2161 3468 2220 serpente
3491 2191 3510 2218 ,

1955 2251 2055 2291 suo
2086 2253 2309 2290 munere
2335 2245 2497 2306 atque
2530 2252 2713 2307 opera,
2735 2239 2968 2295 hominis
2993 2243 3156 2296 exitio
3188 2244 3348 2297 latam
3381 2259 3514 2299 con-

1954 2328 2348 2384 demnationem
2384 2331 2634 2386 dilueret.
2695 2331 3131 2388 Consentaneum
3180 2336 3377 2406 quippe
3412 2336 3515 2394 fuit

1954 2437 2060 2474 non
2093 2421 2161 2474 ab
2187 2421 2293 2474 alio
2320 2421 2462 2474 vinci
2493 2421 2769 2475 diabolum
2801 2436 2961 2492 quam
2987 2424 3054 2477 ab
3093 2425 3186 2478 illo
3214 2426 3330 2495 ipso
3351 2442 3514 2497 quem

1953 2528 1980 2564 a
2005 2527 2062 2566 se
2088 2510 2370 2566 seductum
2411 2525 2521 2564 suae
2555 2526 2615 2565 se
2657 2513 2927 2581 tyrannidi
2971 2514 3271 2582 subjecisse
3317 2517 3516 2588 gloria-

1952 2603 2129 2657 batur.
2157 2601 2290 2656 Nam
2322 2617 2494 2670 neque
2527 2602 2684 2656 aliter
2714 2604 2848 2657 solvi
2884 2613 3162 2673 peccatum
3214 2617 3265 2660 et
3288 2606 3517 2663 damna-

1955 2696 2155 2749 tionem
2190 2693 2394 2748 aboleri
2422 2693 2681 2764 possibile
2703 2703 2840 2759 erat,
2875 2697 2981 2750 nisi
3024 2713 3216 2752 rursus
3261 2698 3350 2752 ille
3400 2699 3517 2768 ipse

1953 2789 2114 2842 homo
2135 2787 2206 2841 ob
2234 2801 2394 2856 quem
2426 2785 2629 2838 dictum
2671 2795 2806 2854 erat,
2859 2787 3020 2841 Terra
3079 2806 3153 2853 es,
3207 2800 3256 2842 et
3306 2792 3359 2845 in
3407 2800 3515 2846 ter-

1952 2898 2065 2934 ram
2085 2881 2351 2934 reverteris
2371 2879 2436 2944 “,
2456 2881 2802 2945 reformatus,
2822 2897 2941 2950 qua:
2956 2882 3073 2952 ejus
3089 2889 3239 2937 reatu
3257 2883 3309 2936 in
3326 2899 3514 2940 omnes

1950 2978 2284 3042 pervaserat,
2325 2970 2647 3025 sententiam
2682 2971 3057 3041 antiquasset:
3093 2981 3150 3026 ut
3181 2975 3321 3028 sicut
3359 2975 3513 3043 prius

1950 3065 2006 3116 in
2025 3063 2195 3117 Adam
2228 3079 2417 3118 omnes
2448 3063 2836 3126 moriebantur,
2862 3064 2942 3118 sic
2967 3075 3018 3119 et
3059 3065 3112 3117 in
3151 3063 3368 3120 Christo
3391 3079 3512 3119 rur-
3571 3128 3585 3142 _

1951 3172 2044 3211 sus
2090 3155 2181 3225 qui
2231 3156 2498 3210 Adamum
2545 3155 2970 3225 assumpsisset,
3026 3170 3212 3210 omnes
3271 3154 3513 3211 viviﬁca-

276 3242 411 3293 οὕτω
447 3242 512 3312 δὴ
561 3243 723 3295 πάλιν
756 3242 850 3294 καὶ
898 3242 957 3294 ὲν
1006 3241 1084 3313 τῷ
1126 3241 1435 3314 ἁνειληφότι
1489 3240 1708 3312 Χριστῷ
1753 3240 1843 3293 τὸν
1871 3257 1912 3314 C
1949 3257 2133 3302 rentur
2165 3248 2232 3302 ιτ,

288 3333 452 3403 ’Δὶἀμ
484 3335 686 3397 πάντες
715 3335 1113 3406 ζωοποιηθῶσι.

767 3475 895 3531 CAP.
928 3475 1038 3531 VII.
1071 3477 1270 3532 Christi
1303 3494 1480 3547 opera,
1514 3476 1612 3530 Dei
1645 3487 1692 3530 et
1723 3473 1946 3530 hominis
1972 3476 2208 3544 propria,
2236 3475 2348 3544 ejus
2393 3476 2581 3544 ipsius,
2611 3477 2700 3545 qui
2731 3492 2864 3529 unus
2889 3477 2978 3530 sit.

349 3615 459 3668 Καὶ
485 3618 603 3687 περὶ
635 3616 734 3686 μὲν
761 3613 853 3667 τοῦ
889 3616 978 3667 τὸν
1004 3615 1304 3688 ἄνθρωπον,
1327 3615 1555 3685 ὄργανον
1584 3615 1840 3683 γεγονότα

275 3709 368 3761 καὶ
396 3708 588 3778 ἔνδυμα
636 3710 728 3761 τοῦ
780 3709 1149 3777 Μονογενοῦς,
1184 3708 1342 3761 τοῦτο
1385 3707 1837 3779 ἀπεργάσασθαι,

275 3802 407 3872 ὅπερ
440 3803 531 3854 καὶ
558 3803 719 3865 αὐτος
760 3805 786 3856 ὁ
822 3805 901 3866 εἰς
942 3802 1102 3854 αὐτὸν
1131 3801 1495 3864 εἰσοικισθεὶς,
1527 3801 1710 3871 σχεδὸν
1739 3800 1838 3871 ἤδη

276 3908 360 3958 μοι
390 3891 542 3944 δοκεῖ
585 3892 739 3955 τέλος
782 3892 953 3962 ἔχειν’
985 3891 1046 3943 τὸ
1073 3891 1130 3942 δὲ
1159 3891 1238 3942 ὅτι
1285 3892 1420 3962 μήτε
1464 3891 1568 3962 μὴν
1601 3892 1840 3961 ἀναρμο-

274 3980 412 4037 στία,
449 3979 610 4031 πάλιν
645 3979 704 4043 ἐξ
744 3980 918 4051 ἀρχῆς
950 3979 1036 4033 διὰ
1069 3979 1310 4049 βραχέων
1357 3980 1733 4034 ἐπισκεπτέον.
1767 3980 1838 4033 Τὸ

269 4068 379 4140 γάρ
437 4069 731 4138 αὐτοφύσει
784 4070 945 4123 καλὸν
998 4073 1091 4123 καὶ
1139 4070 1431 4140 αὑτοιρύσει
1486 4071 1690 4124 δίκαιον
1746 4071 1840 4124 καὶ

269 4162 433 4224 ὅσιον,
465 4154 527 4213 οὗ
559 4161 628 4212 τὰ
679 4161 810 4214 ἄλλα
841 4161 982 4214 κατά
1029 4163 1259 4233 μετοχὴν
1297 4161 1504 4230 γίνεται
1545 4163 1710 4226 καλὰ,
1740 4163 1838 4233 τὴν

271 4254 463 4320 σοφίαν
490 4255 519 4304 ὀ
541 4253 714 4321 λέγων
759 4253 1048 4322 τυγχάνειν
1080 4253 1217 4324 μετὰ
1257 4255 1346 4306 τὸν
1393 4253 1523 4306 Θεὸν
1549 4252 1656 4323 (47)
1687 4254 1840 4325 ὀρθό-

269 4360 407 4396 τατα
439 4344 617 4412 λέγει·
641 4345 701 4398 τὸ
722 4345 775 4396 δὲ
811 4341 875 4398 αὖ
908 4346 1118 4398 ἀνόσιον
1149 4347 1241 4399 καὶ
1280 4347 1460 4400 ἄδικον
1485 4347 1577 4398 καὶ
1607 4345 1838 4416 πονηρὸν

267 4438 364 4506 τὴν
402 4437 692 4508 ἁμαρτίαν.
729 4437 832 4490 Δύο
863 4439 970 4510 γὰρ
1003 4438 1072 4491 τὰ
1111 4441 1190 4501 εἰς
1225 4439 1390 4509 ἄκρον
1420 4438 1664 4509 ἀλλήλοις
1687 4441 1839 4491 ἐναν-

268 4529 378 4593 τία,
411 4528 524 4600 ζωὴ
560 4531 655 4583 καὶ
689 4529 937 4596 θάνατος,
971 4530 1246 4600 ἀφθαρσία
1275 4532 1370 4584 καὶ
1407 4531 1597 4602 φθορά.
1639 4531 1838 4602 ’ἰσότης

331 4688 382 4720 ⁸⁸
415 4685 542 4744 Gen.
596 4703 677 4753 ιιι,
733 4689 819 4744 19.
893 4689 936 4720 ⁸⁷
989 4688 1020 4742 Ι
1057 4688 1182 4744 Cor.
1226 4704 1312 4752 xv,
1361 4686 1451 4740 2‘2.

2016 3611 2288 3664 Hactenus
2315 3609 2449 3664 satis
2489 3610 2805 3679 exposuisse
2838 3609 2965 3662 mihi
3006 3609 3209 3673 videor,
3241 3611 3506 3680 quemad-

1945 3702 2162 3756 modum
2191 3702 2352 3755 bomo
2379 3701 2796 3755 instrumentum
2827 3701 3002 3756 factus
3045 3708 3098 3755 et
3131 3701 3509 3759 indumentum

1943 3793 2217 3865 Unigeniti
2250 3795 2350 3848 hoc
2376 3794 2488 3864 ipse
2515 3793 2847 3865 praestiterit,
2881 3793 3025 3864 quod
3056 3804 3106 3849 et
3132 3795 3220 3849 ille
3242 3795 3334 3864 qui
3365 3797 3418 3850 in
3440 3811 3508 3853 eo

1943 3888 2226 3942 habitavit.
2258 3887 2411 3953 Quod
2440 3896 2618 3941 autem
2649 3902 2824 3956 neque
2851 3887 3139 3957 imparitas
3165 3889 3256 3942 illa
3288 3889 3379 3952 sit,
3405 3904 3509 3946 nec

1940 3981 2339 4037 inconcinnitas
2364 3979 2832 4049 dissonantiaque,
2862 3993 3059 4033 rursus
3094 3994 3123 4032 a
3155 3981 3332 4050 capite
3383 3981 3509 4037 bre-

1937 4075 2075 4130 viter
2103 4073 2578 4128 considerandum.
2629 4070 2809 4142 lpsum
2848 4071 2992 4126 enim
3033 4079 3225 4124 natura
3258 4072 3460 4130 bonum
3489 4112 3506 4136 ,

1936 4165 2112 4236 ipsum
2140 4173 2333 4220 natura
2373 4166 2581 4235 justum
2615 4173 2974 4235 sanctumque
3000 4207 3014 4230 ,
3081 4165 3238 4233 cujus
3294 4166 3505 4236 reliqua

1939 4258 2352 4327 participatione
2391 4259 2520 4312 ﬁant
2549 4257 2723 4324 bona;
2757 4258 2847 4327 qui
2875 4256 3174 4313 secundum
3213 4257 3380 4313 Deum
3406 4258 3508 4313 Sa-

1941 4351 2196 4419 pientiam
2232 4365 2354 4404 esse
2401 4350 2620 4413 dixerit,
2655 4350 2956 4405 rectissime
3004 4351 3277 4404 senserit:
3314 4358 3506 4404 contra

1939 4455 2068 4495 vero
2100 4440 2422 4496 sceleratum
2459 4448 2512 4494 et
2546 4440 2790 4510 impium,
2823 4440 3194 4509 injustnmque
3263 4455 3325 4493 ac
3380 4455 3506 4509 pra-

1940 4547 2102 4595 vum,
2139 4547 2262 4586 esse
2315 4539 2617 4601 peccatum.
2673 4529 2789 4583 Duo
2837 4545 3071 4600 namque
3120 4536 3247 4584 sunt
3291 4543 3504 4584 summe

337 4847 450 4923 (46)
495 4847 941 4923 Ἀναπᾳαρνθείς.
998 4844 1088 4923 Sic
1137 4844 1295 4923 Yat.;
1337 4845 1553 4923 _Mazar.
1609 4859 1741 4923 yero
1785 4849 1839 4898 et

1948 4858 2130 4923 στασιν
2172 4839 2424 4923 propria;
2459 4853 2568 4892 non
2607 4837 2820 4892 videtur
2856 4847 2976 4908 post
3007 4836 3170 4920 Deum
3202 4849 3391 4923 auctor
3417 4841 3501 4923 di-

269 4915 452 4983 Allatf,
493 4919 888 4982 ἀναπαλαίσας,
935 4917 1088 4986 quasi
1131 4915 1296 4971 demto
1329 4917 1472 4970 lucta
1506 4915 1834 4986 perfunctus,

268 4989 678 5061 instauratoque
722 4985 1033 5061 certamine.
1081 4986 1409 5061 l’robebaec
1441 4985 1835 5061 ecClesiastica,

270 5061 464 5127 quibus
496 5077 557 5116 ea
588 5057 710 5129 qua!
739 5065 866 5114 sunt
893 5057 1095 5129 Christi
1134 5058 1368 5129 hominis
1408 5067 1464 5110 ut
1497 5057 1714 5129 capitis,
1752 5062 1839 5108 to-

269 5131 371 5200 tius
395 5128 645 5200 corporis
677 5145 800 5185 esse
824 5128 1194 5200 perhibentur,
1226 5137 1284 5182 ut
1312 5128 1432 5197 ejus
1457 5128 1836 5200 victoria,_cu-

263 5198 461 5269 jusque
500 5197 753 5256 nostrum
792 5200 1020 5254 victoria
1062 5199 1413 5267 intelligatur,
1453 5197 1545 5267 qui
1577 5197 1835 5269 membris

267 5268 407 5326 illius
431 5274 794 5334 associamur,
825 5285 1123 5339 omnesque
1144 5284 1267 5322 cum
1296 5269 1389 5322 illo
1414 5285 1579 5321 unum
1609 5268 1836 5339 mystice

267 5356 466 5411 corpus
511 5357 701 5398 sumus
745 5361 756 5396 :
798 5340 954 5407 cujus
996 5337 1218 5411 perinde
1259 5339 1558 5411 membrum
1594 5337 1834 5411 A_d_amus

268 5406 384 5474 fuit,
433 5414 552 5482 ipse
599 5413 652 5465 in
701 5406 934 5482 Christo,
962 5406 1404 5482 praedestinatum,
1442 5417 1496 5463 et
1528 5408 1581 5461 in
1614 5406 1834 5482 Christo

266 5478 471 5542 victor;
515 5486 816 5538 instaurata
867 5481 940 5534 illi
965 5478 1180 5534 Christi
1215 5480 1525 5548 gratia,per
1561 5478 1829 5548 paeniten-

268 5553 389 5605 tiam
428 5555 596 5615 lucta,
631 5556 720 5622 qui
755 5555 808 5606 in
844 5568 902 5606 se
934 5553 1111 5605 victus
1141 5550 1430 5622 ceciderat.
1470 5549 1758 5622 Centauris.

334 5624 441 5691 (47)
476 5625 594 5691 Τὴν
633 5618 862 5691 Σοφίαν
906 5622 1053 5690 μετὰ
1099 5624 1277 5691 Geor.
1317 5620 1452 5673 Cum
1490 5618 1829 5691 Sapientiam

271 5688 439 5764 ipsum
469 5688 638 5764 Λόγον
677 5688 862 5748 dicere
897 5688 1158 5764 videatur,
1196 5690 1440 5764 cujusin
1475 5688 1695 5744 Christo
1719 5688 1830 5741 vult

271 5761 378 5827 ipsa
407 5761 640 5840 hominis
669 5781 856 5835 opera.
894 5763 1034 5832 quo"
1071 5779 1234 5818 ςθηδυ
1269 5761 1533 5840 οριῑιιιυιη
1573 5774 1830 5840 εἶξεᾟΨ

272 5841 386 5892 test.
417 5839 481 5891 de
508 5829 788 5892 1Verbo—ut
817 5837 869 5888 in
903 5829 1096 5889 natura
1129 5849 1222 5904 per
1253 5829 1506 5886 unionem
1545 5829 1666 5883 καθ’
1697 5829 1830 5880 ὑπό-

1942 4910 2189 4966 vinoruni
2218 4913 2273 4964 in
2302 4910 2457 4964 nobis
2480 4925 2785 4972 numerum,
2814 4918 2868 4961 et
2897 4910 3053 4977 quasi
3089 4911 3383 4965 secundum
3414 4912 3501 4964 αι’-

1941 5001 2073 5046 τιον,
2111 4982 2256 5050 quod
2294 4979 2480 5050 Ariani
2507 4981 2780 5049 ponebant
2812 4977 3067 5044 Verbum,
3100 4996 3222 5034 cum
3258 4981 3330 5034 sit
3358 4996 3501 5036 unus

1940 5069 2062 5108 cum
2095 5049 2204 5106 Deo
2231 5059 2284 5106 et
2313 5049 2472 5104 Patre
2503 5058 2693 5104 auctor
2721 5057 2774 5103 et
2799 5065 2982 5113 causa,
3019 5058 3076 5103 ut
3107 5059 3191 5105 est
3229 5066 3336 5104 una
3363 5051 3501 5104 divi-

1938 5124 2079 5178 nitas
2112 5129 2165 5177 et
2197 5123 2387 5176 virtus.
2427 5118 2521 5173 Sin
2559 5128 2736 5174 autem
2769 5119 2902 5183 haec,
2933 5121 3144 5175 divinas
3175 5121 3301 5174 velit
3335 5121 3504 5189 parti-

1939 5194 2259 5262 cipationes,
2286 5206 2349 5245 ac
2379 5192 2534 5261 quasi
2563 5191 2768 5262 primos
2808 5189 2899 5245 Dei
2928 5190 3170 5262 eilectus,
3203 5206 3268 5245 ex
3300 5191 3502 5260 quibus

1938 5260 2162 5332 reliquis
2193 5270 2277 5332 est
2306 5270 2364 5314 ut
2392 5260 2501 5332 Sint
2528 5260 2784 5332 talia,gsic
2805 5275 2929 5314 vera
2950 5261 3195 5332 doctrina
3223 5268 3327 5325 est,
3363 5261 3504 5330 ipsa-

1941 5330 2231 5404 que—toties
2261 5331 2519 5404 Dionysio
2551 5331 2850 5404 inculcata,
2890 5338 2944 5383 et
2983 5346 3087 5404 qua
3108 5330 3290 5404 Deum
3323 5332 3502 5386 omni-

1940 5399 2042 5459 bus
2077 5402 2354 5472 anteponit
2387 5399 2505 5471 qua:
2533 5400 2725 5472 deillo
2748 5399 2853 5453 dici
2877 5410 2967 5454 aut
2994 5401 3214 5472 intelligi
3246 5409 3498 5472 possunt.

1940 5474 2172 5544 huieque
2195 5470 2330 5527 adeo
2352 5470 2618 5544 ipsigquiod
2649 5470 3152 5544 Deusltominatur;
3175 5470 3297 5544 cuin
3322 5479 3374 5526 et
3397 5473 3502 5528 hoc

1938 5541 2226 5613 cujusdam
2259 5545 2329 5597 sit
2365 5542 2594 5596 actionis
2635 5541 2953 5613 et_ell_‘ectus
2999 5543 3310 5596 connotatio
3345 5560 3356 5594 :
3387 5558 3499 5597 non

1940 5611 2330 5676 nt‘Palamitre,
2372 5613 2546 5666 virtus
2589 5618 2642 5664 et
2689 5611 2942 5665 divinitas
2989 5627 3112 5666 vere
3150 5613 3217 5666 ab
3262 5614 3500 5668 essentia

1938 5687 2212 5740 distincta.
2242 5685 2426 5752 illique
2455 5683 2597 5736 velut
2625 5683 2868 5751 quaedam
2899 5682 3169 5736 emanatio
3200 5683 3268 5736 ab
3297 5691 3500 5736 aeterno

1935 5757 2246 5823 conjuncta,
2278 5765 2334 5807 ut
2360 5754 2560 5822 optime
2579 5761 2762 5807 noster
2784 5752 3027 5818 Calccas,
3071 5773 3135 5813 ac
3168 5753 3361 5821 reliqui
3379 5752 3500 5822 ejus

1933 5827 2154 5882 haeresis
2187 5827 2610 5898 impugnatores.
2646 5825 2718 5876 In.
