4052 6338
307 269 372 321 73
1383 284 1754 345 CONWVIL’M
1794 290 2016 349 ΒΕοΕλί
2058 297 2407 359 VIBGINUM.
3442 321 3514 378 ιι

305 387 467 442 Ὅθεν
508 390 538 442 ὁ
581 391 897 460 ’Δπόστολος
930 398 1225 466 εὐθυϐόλως
1253 403 1332 466 είς
1366 408 1597 479 Χριστὸν
1630 412 1827 482 ἀνηκόν

1925 453 1932 477 ι
1961 433 2082 486 quae
2112 419 2178 474 de
2221 421 2431 478 Adamo
2471 423 2615 482 dicta
2649 438 2823 484 erant.
2869 429 2960 486 Sic
3007 436 3150 491 enim
3184 442 3417 498 maxime
3445 462 3512 502 ex

304 494 414 530 τισε
454 480 519 532 τὰ
552 482 692 535 κατὰ
720 483 810 538 τὸν
863 486 1048 561 Ἀδάμ.
1084 491 1266 558 Οὕτως
1296 496 1400 569 γὰρ
1433 497 1498 552 ἂν
1534 480 1764 570 μάλιστα
1801 507 1864 559 ἐκ

302 570 408 621 τῶν
441 573 617 624 ὀστῶν
661 575 824 630 αὑτοῦ
875 580 964 632 καὶ
1004 581 1102 652 τῆς
1151 587 1350 656 σαρκὸς
1396 589 1493 660 τὴν
1543 590 1863 666 Ἐκκλησίαν

303 664 656 734 συμφωνήσει
693 669 970 736 γεγονέναι
989 688 1003 701 ο
1033 667 1101 745 ἧς
1129 674 1191 747 δὴ
1222 677 1401 749 χάριν,
1425 664 1749 754 καταλείψας
1772 688 1862 742 τὸν

301 750 520 824 Πατέρα
579 756 670 809 τὸν
717 759 777 811 ἐν
836 765 946 826 τοῖς
983 766 1267 836 οὐρανοῖς,
1307 773 1571 843 κατῆλθεν
1620 750 1668 828 ι’)⁷
1691 778 1861 848 Λόγος

300 842 907 919 προσκολληθησόμενος
946 856 1010 924 τῇ
1053 860 1307 924 γυναικί·
1361 864 1453 917 καὶ
1499 864 1714 920 ὕπνωσε
1763 869 1860 941 τὴν

299 931 553 987 ἔκστασιν
587 938 683 990 τοῦ
717 940 948 1007 πάθους,
994 946 1250 1013 ἑκουσίως
1293 951 1431 1026 ὑπὲρ
1458 955 1627 1027 αὐτῆς
1654 958 1858 1014 ἀποθα-

297 1023 435 1077 νὼν·
477 1029 679 1097 Ὅπως
711 1033 890 1100 αὐτὸς
920 1037 1108 1104 ἐαυτῷ
1160 1023 1517 1117 παραστῆσῃ
1571 1023 1693 1118 τὴν
1733 1054 1856 1107 Ἐκυ-

300 1117 563 1182 κλησιάν
585 1120 842 1187 ἔνδοξον
865 1127 959 1180 καὶ
983 1129 1239 1200 ἂμωμσν,
1271 1137 1596 1206 καθαρίσας
1622 1141 1699 1207 τῷ
1717 1147 1857 1197 λου-

298 1207 427 1274 τρῷ,
455 1210 594 1279 πρὸς
627 1213 888 1286 ὑποδοχὴν
919 1218 1010 1272 τοῦ
1044 1222 1233 1292 νοητοῦ
1268 1227 1358 1279 καὶ
1385 1232 1651 1301 μακαρίου
1687 1236 1853 1308 σπέρ-

298 1316 482 1368 ματος,
509 1303 538 1355 ὃ
573 1307 783 1377 σπείρει
804 1309 901 1378 μὲν
920 1312 1077 1377 αὐτὸς
1100 1315 1321 1388 ὑπηχῶν
1352 1323 1444 1374 καὶ
1472 1329 1854 1397 καταφυτεύων

294 1391 349 1441 ἐν
375 1391 444 1460 τῷ
467 1390 626 1460 βάθει
657 1397 748 1448 τοῦ
768 1399 887 1462 νοός
904 1418 918 1430 ο
950 1402 1262 1476 ὑποδέχεται
1288 1410 1344 1463 δὲ
1365 1414 1457 1467 καὶ
1481 1390 1675 1488 μορφοῖ
1699 1420 1852 1494 δίκην

294 1484 549 1548 γυναικός
579 1489 612 1556 ἡ
647 1489 936 1562 Ἐκκλησία
968 1496 1046 1558 εἰς
1082 1497 1141 1550 τὸ
1170 1505 1360 1572 γεννᾷν
1404 1506 1500 1577 τὴν
1529 1509 1726 1581 ἀρετὴν
1757 1515 1850 1568 καὶ

291 1573 596 1644 ἐκτρέφειν.
629 1579 811 1653 Ταύτῃ
855 1584 962 1655 γὰρ
991 1589 1082 1640 καὶ
1103 1589 1179 1654 τὸ,
1200 1573 1544 1658 Αὑξὰνεσθε
1569 1573 1849 1673 ’καὶυπλη-

289 1667 562 1732 οὐνεσθε,
602 1671 902 1744 πληροῦται
947 1683 1357 1752 προσηκόντως,
1402 1692 1480 1754 είς
1505 1692 1729 1762 μέγεθος
1754 1667 1846 1751 καὶ

288 1759 480 1824 κάλλος
515 1763 612 1815 καὶ
655 1765 855 1837 πλῆθος
887 1769 1009 1824 καθ’
1041 1773 1253 1846 ἡμέραν
1284 1759 1651 1858 αὐξανομένης
1677 1789 1847 1861 αὐτῆς

284 1850 368 1904 διὰ
407 1853 504 1924 τὴν
540 1855 789 1928 σῦνερξιν
830 1862 922 1914 καὶ
964 1867 1243 1922 κοινωνίαν
1275 1871 1368 1924 τοῦ
1397 1874 1565 1944 Λόγου
1587 1917 1601 1942 ,
1638 1897 1844 1949 συγκα-

284 1943 635 2012 ιῖεαίνοντος
672 1955 795 2020 ημῖν
826 1952 904 2006 ἔτι
936 1955 1028 2008 καὶ
1069 1955 1183 2021 νῦν,
1212 1961 1304 2014 καὶ
1331 1961 1676 2038 ἐξισταμένου
1710 1975 1846 2030 κατὰ

285 2040 380 2110 τὴν
402 2041 714 2112 ἀνάμνησιν
749 2042 841 2097 τοῦ
875 2045 1096 2113 πάθους.
1132 2051 1205 2103 Oti
1234 2054 1338 2126 γὰρ
1374 2057 1438 2109 ἂν
1458 2058 1628 2125 ἄλλως
1656 2065 1688 2135 ἡ
1728 2066 1845 2120 Ἐκ-

286 2129 480 2200 κλησία
517 2134 803 2188 συλλαϐεῖν
835 2140 958 2203 τοὺς
985 2143 1331 2210 πιστεύοντας
1368 2151 1457 2202 καὶ
1490 2152 1844 2229 ἀναγεννῆσαι

284 2222 364 2276 διὰ
401 2226 635 2297 λουτροῦ
682 2230 779 2300 τῆς
805 2232 1219 2303 παλιγγενεσίας
1249 2239 1483 2307 δύναιτο,
1514 2247 1606 2300 ἐὰν
1637 2250 1712 2322 μὴ
1737 2222 1844 2305 ’καὶ

284 2315 367 2368 διὰ
395 2318 626 2384 τούτους
656 2323 686 2374 ὁ
731 2324 961 2394 Χριστὸς
996 2328 1234 2396 κενώσας
1265 2334 1474 2403 ἑαυτὸν,
1509 2339 1593 2394 ἵνα
1617 2315 1841 2418 γωρηθῇ

285 2409 416 2461 κατά
468 2411 568 2480 τὴν
621 2413 1115 2486 ἀνακεφαλαίωσιν,
1161 2422 1236 2488 ὡς
1266 2425 1432 2497 ἔφην,
1469 2431 1562 2485 τοῦ
1599 2436 1838 2502 πάθους,

286 2502 441 2556 πάλιν
472 2504 719 2578 ἀποθάνῃ
756 2511 998 2576 καταϐὰς
1027 2514 1086 2578 ἐξ
1129 2517 1391 2589 οὐρανῶν,
1434 2525 1546 2588 καὶ,
1583 2531 1842 2599 προσκολ-

285 2591 463 2663 ληθεὶς
515 2598 585 2667 τῇ
619 2598 810 2652 ἑαυτοῦ
848 2605 1063 2670 γυναικὶ
1112 2611 1177 2680 τῇ
1212 2610 1532 2686 Ἐκκλησία,
1575 2591 1838 2694 παράσχοι

283 2684 378 2754 τῆς
411 2686 651 2760 πλευρᾶς
696 2690 1044 2762 ἀφαιρεῖσθαι
1087 2697 1183 2768 τῆς
1213 2701 1404 2756 ἑαυτοῦ
1436 2706 1664 2780 δύναμιν
1694 2730 1834 2780 τινα,

283 2778 424 2843 ὅπως
453 2779 759 2852 αὐξηθῶσιν
789 2785 838 2837 οἱ
863 2787 920 2839 ἐν
951 2789 1095 2861 αὐτῷ
1123 2794 1556 2868 οίκοδομηθέντες
1579 2803 1834 2872 ἅπαντες,

282 2872 732 2944 οίγεγεννημένοι
760 2877 846 2932 διὰ
882 2881 974 2933 τοῦ
1020 2881 1260 2956 λουτροῦ,
1297 2889 1361 2941 ἐκ
1405 2891 1511 2945 τῶν
1541 2893 1710 2949 ὀστῶν
1742 2900 1834 2952 καὶ

285 2964 342 3016 ὲκ
366 2965 464 3034 τῆς
507 2969 742 3038 σαρκὸς,
773 2974 1043 3028 τουτέστιν
1086 2978 1150 3029 ἐκ
1179 2979 1274 3050 τῆς
1311 2983 1613 3055 ἁγιωσύνης
1646 2989 1831 3054 αὑτοῦ,

284 3058 369 3110 καὶ
413 3060 477 3111 ὲκ
533 3060 634 3130 τῆς
664 3061 821 3132 δόξης
887 3068 1324 3140 προσειληιρότες.
1389 3076 1547 3130 Ὀστᾶ
1590 3079 1696 3151 γὰρ
1737 3084 1828 3137 καὶ

283 3147 452 3218 σάρκα
505 3153 696 3218 σοφίας
747 3156 776 3207 ὁ
827 3155 996 3226 λέγων
1041 3155 1178 3214 εἶναι
1230 3163 1441 3220 σύνεσιν
1487 3171 1578 3224 καὶ
1606 3147 1825 3244 ἀρετὴν,

277 3235 537 3309 ὀρθότατα
571 3243 747 3312 λέγει’
781 3247 1016 3320 πλευρὰν
1038 3250 1092 3305 δὲ
1125 3254 1184 3307 τὸ
1208 3257 1421 3327 πνεῦμα
1447 3260 1545 3330 τῆς
1572 3235 1824 3335 ἀληθείας

274 3331 334 3383 τὸ
365 3332 740 3405 Παρακλητον,
784 3338 876 3407 ἀφ’
909 3336 968 3396 οῦ
1000 3342 1383 3413 λαμῆάνοντες,
1417 3353 1496 3416 εἰς
1524 3331 1822 3423 ἀφθαρσίαν

273 3418 667 3488 ἀναγεννῶνται
715 3430 1092 3500 προσηκόντως
1125 3435 1173 3488 οἱ
1210 3443 1619 3511 πεφωτισμένοι.
1675 3443 1820 3496 Ἀδύ-

273 3527 437 3564 νατον
465 3513 521 3565 δὲ
550 3516 636 3568 τοῦ
681 3517 993 3590 Πνεῦματος
1034 3525 1125 3578 τοῦ
1180 3527 1330 3596 ἁγίου
1372 3535 1651 3603 μετασχεῖν
1699 3552 1818 3590 τινα

273 3606 369 3658 καὶ
397 3607 557 3674 μέλος
590 3612 979 3684 καταλεχθῆναι
1012 3619 1262 3690 Χριστοῦ,
1296 3625 1390 3679 ἐὰν
1433 3627 1506 3698 μὴ
1540 3627 1814 3700 πρότερον,

271 3695 362 3747 καὶ
392 3698 485 3751 ἐπὶ
516 3699 702 3754 τούτου
734 3705 1110 3771 συγκατελθὼν
1134 3711 1162 3762 ό
1189 3710 1379 3778 Λόγος,
1413 3695 1594 3784 ἐκστῇ-
1620 3695 1816 3787 κοιμη-

269 3785 396 3852 θεὶς,
427 3790 512 3844 ῖνα
537 3792 638 3862 τὴν
672 3795 969 3852 ἀνανέωσιν
999 3799 1092 3853 καὶ
1123 3801 1213 3854 τὸν
1244 3803 1652 3876 ἀνακαινισμὸν,
1693 3824 1813 3862 συν-

267 3879 564 3949 εξαναστὰς
595 3885 692 3939 τοῦ
730 3887 895 3942 ὕπνου
930 3891 1007 3962 τῷ
1036 3893 1172 3966 ὑπὲρ
1215 3895 1377 3971 αὐτοῦ
1412 3900 1809 3971 κεκοιμημένῳ,

265 3975 351 4026 καὶ
399 3976 561 4040 αὐτὸς
603 3980 922 4051 μεταλαϐεῖν
964 3984 1157 4056 δυνηθῇ
1207 3986 1540 4058 Πνεῦματος,
1574 3992 1814 4047 ἀναπλα-

264 4065 424 4130 σθείς.
460 4069 632 4123 Τοῦτο
677 4072 783 4143 γὰρ
833 4073 1032 4146 κυρίως
1065 4077 1188 4148 ἂνή
1237 4077 1444 4151 πλευρὰ
1484 4081 1686 4150 λέγοιτο
1716 4083 1809 4139 τοῦ

260 4158 468 4228 Λόγου,
517 4160 578 4212 τὸ
634 4163 846 4234 πνεῦμα
889 4164 987 4235 τῆς
1030 4165 1282 4237 ἀληθείας
1328 4170 1390 4223 τὸ
1443 4172 1807 4245 ἑπτὰμορερον,

257 4251 394 4304 κατά
426 4253 519 4304 τὸν
549 4256 862 4325 προφήτην·
900 4256 989 4324 ἀρ’
1026 4252 1086 4310 οῦ
1116 4259 1404 4330 λαμϐάνων
1434 4265 1463 4317 ὁ
1505 4265 1636 4331 Θεὸς
1669 4267 1807 4322 κατά

255 4342 348 4412 τὴν
382 4342 640 4396 ἔκστασιν
671 4345 761 4400 τοῦ
791 4347 1044 4416 Χριστοῦ,
1071 4349 1098 4402 δ
1125 4350 1185 4420 δή
1221 4353 1333 4404 ἐστι
1369 4355 1505 4422 μετὰ
1529 4356 1625 4427 τὴν
1658 4358 1808 4411 ἐναν-

1959 511 2180 568 ossibus
2203 521 2258 568 et
2284 530 2349 569 ex
2392 529 2554 571 carne
2593 518 2712 589 ejus
2756 520 3047 580 Ecclesiam
3077 530 3350 589 exstitisse
3381 551 3513 593 con-

1961 601 2149 657 venit:
2185 604 2344 674 cujus
2381 608 2588 663 scilicet
2633 613 2839 680 gratia,
2876 616 3064 671 relicto
3105 618 3264 678 Patre
3304 627 3394 694 qui
3427 639 3512 682 est

1959 692 2013 746 in
2043 696 2216 758 caelis.
2249 697 2528 754 descendit
2561 699 2794 758 Verbum
2833 713 2890 759 ut
2922 708 3215 766 adhaereret
3252 692 3426 782 inituri,
3456 729 3510 775 et

1957 784 2210 843 dormivit
2236 794 2493 848 exstasim
2539 797 2827 863 passionis,
2858 810 3048 863 sponte
3099 819 3198 874 pro
3252 807 3342 861 illa
3393 827 3509 865 mo-

1957 877 2142 934 riens:
2188 879 2254 936 Ut
2289 884 2398 952 ipse
2435 885 2535 940 sibi
2565 887 2823 943 exhiberet
2876 889 3164 950 Ecclesium
3222 899 3504 969 gloriosam

1950 979 2002 1022 ct
2040 971 2456 1042 immaculatum,
2485 982 2742 1035 mandans
2759 999 2872 1036 eam
2907 985 3113 1041 lavacro
3143 989 3211 1055 ⁸⁸,
3243 992 3310 1046 ad
3344 995 3504 1064 spiri-

1957 1063 2060 1118 tale
2092 1065 2413 1138 beatumque
2441 1085 2622 1126 semen
2648 1076 3072 1147 suscipiendum.
3103 1082 3245 1150 quod
3276 1088 3500 1140 seminat

1953 1154 2443 1224 ipseinsusurrans
2476 1165 2834 1238 plantatisque
2883 1171 2934 1225 in
2966 1175 3160 1229 tuentis
3211 1180 3501 1244 penetrali-

1952 1248 2054 1305 bus
2085 1270 2097 1304 :
2132 1254 2368 1324 concipit
2397 1272 2523 1312 vero
2569 1266 2623 1314 et
2660 1260 2857 1315 format
2886 1268 3057 1318 instar
3089 1267 3272 1322 uxoris
3312 1269 3500 1324 Eccle-

1951 1343 2048 1406 sia,
2090 1343 2154 1397 ad
2188 1347 2545 1415 generandam
2581 1353 2826 1408 virtutem
2865 1370 2928 1410 ac
2954 1357 3352 1415 enutriendam.
3397 1359 3502 1418 Per

1948 1451 2071 1492 eum
2100 1453 2332 1508 namque
2372 1441 2590 1498 modum
2628 1449 3011 1505 convenienter
3038 1452 3320 1520 impletur,
3353 1459 3497 1526 quod

1950 1521 2020 1576 ita
2044 1535 2362 1596 pneceptum
2403 1540 2486 1584 est
2533 1532 2576 1563 ⁵¹
2612 1552 2627 1587 :
2684 1535 2910 1592 Crescite
2945 1549 2994 1594 et
3041 1521 3497 1612 multiplicamini;

1947 1611 2074 1668 dmn
2111 1616 2226 1687 ipsa
2262 1618 2498 1677 Ecclesia
2543 1639 2638 1694 per
2682 1625 2841 1684 Verbi
2871 1632 3115 1701 copulam
3153 1645 3207 1692 et
3253 1655 3498 1694 comnm-

1947 1703 2182 1772 nionem,
2215 1709 2508 1767 etiamnum
2544 1716 2723 1771 adhuc
2771 1735 2829 1776 se
2876 1725 3034 1780 nobis
3080 1726 3411 1794 inclinantis,
3442 1742 3497 1786 et

2811 1774 2822 1776 ,
2878 1774 3032 1780 νη---
3443 1774 3494 1786 ν.

1876 1774 1918 1830 Β
1945 1811 2042 1866 per
2090 1801 2360 1867 passionis
2399 1814 2967 1870 commemorationem
2997 1822 3256 1875 exstasim
3294 1824 3494 1880 iacien-

1945 1888 2036 1950 tis,
2069 1888 2122 1942 in
2160 1893 2578 1960 magnitudinem
2604 1908 2657 1953 et
2684 1899 2930 1959 decorem
2974 1923 3039 1963 ac
3095 1913 3491 1968 multitudinem

1942 1988 2188 2046 augetur.
2218 1981 2336 2038 Non
2367 1987 2509 2040 enim
2545 1989 2703 2046 aliter
2740 1991 2983 2051 Ecclesia
3007 2003 3292 2071 concipere
3321 2008 3493 2074 possit

1941 2071 2247 2137 credentes,
2272 2083 2326 2130 et
2367 2093 2463 2147 per
2497 2079 2772 2139 lavacrum
2817 2093 3241 2159 regenerationis
3272 2109 3366 2151 eos
3405 2112 3492 2151 re-

1941 2177 2218 2233 generare,
2243 2155 2348 2222 nisi
2382 2180 2602 2241 propter
2627 2174 2725 2230 hos
2756 2155 2970 2250 quoque
3010 2180 3255 2240 Christus
3302 2201 3361 2242 se
3408 2188 3490 2258 ip-

1942 2266 2060 2307 sum
2091 2256 2408 2316 exinaniens
2457 2263 2587 2333 (quo
2632 2265 2885 2323 nimirum
2915 2286 3008 2340 per
3037 2274 3304 2340 passionis
3337 2292 3489 2332 reca-

1937 2345 2310 2413 pitulationem
2355 2353 2658 2426 capiatur),
2693 2361 3148 2428 quemadmodum
3190 2364 3435 2421 dicebam
3469 2409 3483 2432 ,

1939 2435 2315 2496 descendendo
2343 2443 2407 2498 de
2429 2447 2583 2502 cmlis
2614 2463 2828 2504 rursum
2863 2451 3143 2518 moriatur,
3167 2463 3222 2510 et
3247 2459 3486 2514 adiuero-

1937 2543 2097 2586 scens
2130 2535 2287 2589 uxori
2316 2552 2426 2592 suae
2454 2537 2724 2600 Ecclesiae.
2754 2541 2857 2594 vim
2879 2545 3165 2613 quamdam
3195 2564 3258 2604 ex
3284 2567 3382 2606 suo
3408 2555 3484 2606 la-

1936 2627 2050 2677 tere
2081 2623 2426 2681 aul’ercndam
2458 2630 2766 2697 prrelmerit,
2799 2639 2858 2686 ut
2879 2648 3222 2704 augmentum
3265 2653 3482 2698 sumant

1933 2726 2122 2772 omnes
2157 2718 2250 2787 qui
2285 2718 2337 2771 in
2392 2719 2486 2774 illo
2533 2721 2904 2794 aediﬁcantur;
2958 2729 3052 2799 qui
3101 2732 3355 2788 nimirum
3388 2751 3482 2806 per

1933 2801 2204 2860 lavacrum
2238 2817 2554 2873 nascuntur,
2612 2826 2676 2865 ex
2705 2815 2922 2872 ossibus
2973 2826 3028 2872 et
3075 2835 3139 2875 ex
3172 2823 3336 2878 car'uc
3359 2827 3479 2894 ejus

1933 2891 2018 2962 (ex
2046 2894 2190 2949 illius
2231 2895 2482 2950 nimirum
2531 2901 2818 2957 sanctitate
2861 2920 3036 2976 exque.
3091 2910 3283 2982 gloria)
3333 2891 3478 2967 acci-

1932 2985 2160 3055 pientes.
2188 2985 2322 3041 Ossa
2354 2990 2497 3042 euim
2524 2997 2577 3044 et
2605 3005 2822 3048 carnem
2860 2995 3167 3068 Sapientim,
3198 3007 3288 3073 qui
3332 3005 3477 3060 dicat

1854 3123 1898 3184 Ο
1930 3075 2266 3144 prudentiam
2295 3091 2418 3133 esse
2443 3087 2605 3149 atque
2638 3083 2930 3151 virtutem,
2979 3092 3281 3147 rectissime
3315 3093 3475 3150 dixe-

1927 3167 2033 3219 rit:
2067 3175 2269 3219 costam
2291 3175 2493 3233 autem,
2524 3168 2885 3241 Paracletum,
2919 3177 3178 3250 Spiritum
3209 3186 3470 3254 veritatis,

1923 3273 1988 3312 ex
2016 3272 2123 3327 quo
2172 3269 2464 3322 sumentes,
2498 3263 2550 3316 in
2583 3263 3036 3339 incorruptionem
3093 3279 3475 3336 convenienter

1920 3360 2304 3418 regenerantur
2330 3354 2422 3422 qui
2452 3355 2652 3410 fuerint
2701 3359 3005 3418 illuminati.
3053 3362 3192 3422 Fieri
3222 3385 3350 3425 vero
3377 3389 3472 3428 ne-

1917 3437 2036 3507 quit
2066 3445 2124 3490 ut
2147 3439 2430 3508 quisquam
2465 3440 2698 3514 Spiritus
2730 3450 2903 3504 sancti
2947 3456 3216 3527 particeps
3241 3459 3372 3527 ﬁat,
3416 3470 3471 3518 et

1917 3529 2215 3583 membrum
2246 3531 2445 3587 Christi
2493 3547 2851 3608 aggregetur,
2884 3543 2988 3598 nisi
3034 3547 3185 3615 prius
3243 3550 3299 3605 in
3353 3553 3470 3624 ipso

1914 3634 2130 3689 quoque
2183 3636 2301 3677 sese
2357 3623 2644 3683 dcmitteus
2690 3628 2922 3688 Verbum
2971 3640 3174 3696 exstasi
3207 3640 3347 3698 facta
3374 3623 3472 3700 ob-

1913 3708 2214 3779 dorntierit,
2242 3721 2300 3767 ut
2332 3719 2734 3776 renovationetn
2761 3731 2814 3778 et
2843 3723 3290 3790 instaurationem
3315 3776 3329 3801 ,
3375 3753 3471 3807 pa-

1913 3801 2046 3858 riter
2074 3819 2104 3858 e
2126 3819 2317 3860 somno
2345 3821 2640 3880 exsurgens
2668 3827 2790 3868 cum
2817 3828 2904 3882 eo,
2934 3819 3026 3888 qui
3069 3836 3167 3891 pro
3213 3825 3329 3896 ipso
3373 3829 3472 3883 oh-

1911 3892 2186 3959 dormivit,
2218 3898 2617 3958 reformationis
2667 3903 2902 3975 Spiritus
2946 3892 3249 3983 percipere'
3274 3926 3467 3988 possit.

1909 3982 1960 4039 is
1982 3987 2121 4040 enim
2151 3989 2366 4058 proprie
2389 3989 2546 4047 Verbi
2580 4003 2730 4049 costa
2760 3997 2990 4067 dicatur,
3014 3982 3336 4074 septiforuiis
3363 4013 3468 4067 sci-

1909 4077 2033 4134 licet
2056 4082 2295 4137 veritatis
2323 4083 2580 4154 Spiritus,
2605 4087 2759 4156 juxta
2791 4093 3107 4162 prophetam
3147 4097 3226 4158 ";
3257 4100 3324 4155 de
3358 4119 3466 4172 quo

1908 4173 2180 4242 accipiens
2211 4173 2368 4240 Deus,
2401 4187 2521 4246 post
2548 4177 2750 4234 Christi
2782 4185 3073 4251 exstasim,
3115 4201 3462 4262 posteaquam

1905 4263 2110 4320 scilicet
2137 4265 2297 4322 homo
2330 4269 2503 4325 lactus
2529 4285 2591 4324 ac
2616 4281 2860 4330 mortuus
2907 4287 3022 4342 est,
3073 4297 3193 4350 qua:
3236 4298 3357 4338 eum
3395 4289 3466 4341 sit

1906 4357 2156 4427 adjutura
2196 4358 2489 4415 fabricatur
2520 4380 2544 4416 ε·
2566 4378 2756 4434 nempe
2780 4366 2856 4420 illi
2884 4377 3095 4437 aptatas
3139 4388 3201 4427 ac
3231 4373 3465 4445 despon-

255 4432 534 4503 ορὼττησιν
579 4435 673 4488 καὶ
715 4436 776 4489 τὺ
807 4436 1007 4502 πάθος,
1035 4437 1136 4509 τὴν
1185 4439 1408 4509 βοηθὸν,
1449 4443 1593 4514 αὐτῷ
1641 4464 1808 4502 κατα-

1925 4461 1999 4502 ιοε
2036 4449 2263 4505 animas.
2311 4450 2492 4509 Multis
2547 4455 2689 4509 enim
2733 4455 2868 4512 locis
2919 4474 3087 4516 sacra:
3116 4463 3304 4519 litterae
3329 4480 3466 4520 cou—

256 4526 508 4590 σκευάζει
529 4544 542 4556 ·
565 4527 707 4594 λέγω
728 4528 789 4600 δὴ
813 4529 913 4592 τὰς
945 4533 1291 4602 ἡρμοσμένας
1319 4535 1465 4607 αὐτῷ
1491 4539 1582 4590 καὶ
1614 4556 1805 4612 νενυμ-

256 4621 524 4691 ςευμένας
563 4621 761 4692 ψυχάς.
798 4623 951 4676 Ἐστι
997 4624 1105 4696 γὰρ
1151 4625 1238 4679 ὅτε
1266 4628 1542 4700 πολλαχῶς
1587 4632 1716 4686 αὐτὸ
1743 4633 1804 4688 τὸ

253 4711 517 4782 ἄθροισμα
542 4714 635 4766 καὶ
664 4714 724 4766 τὸ
764 4713 948 4783 στῖφος
975 4716 1079 4769 τῶν
1115 4723 1551 4776 πεπιστευκότων
1580 4725 1801 4798 Ἐκκλη-

254 4803 366 4856 σίαν
401 4803 569 4868 οὕτως
591 4804 943 4874 ὀνομάζουσιν
973 4810 1027 4862 αἱ
1057 4808 1289 4880 Γραφαὶ,
1314 4813 1420 4867 τῶν
1456 4815 1799 4889 τελειοτέρων

253 4897 388 4951 κατὰ
439 4898 722 4969 προκοπὴν
753 4900 834 4961 είς
871 4899 928 4951 ἓν
969 4903 1256 4973 πρόσωπον
1291 4907 1382 4959 καὶ
1423 4907 1580 4979 σῶμα
1611 4909 1670 4963 τὸ
1701 4911 1798 4981 τῆς

260 4991 577 5061 Ἐκκλησίας
607 4991 971 5062 ἀναγομένων.
1007 4996 1066 5048 Oi
1096 4997 1194 5067 μὲν
1225 4998 1331 5070 γὰρ
1361 5001 1662 5071 κρείττονες
1705 5004 1798 5058 καὶ

247 5087 559 5156 τρανότερον
599 5085 905 5150 σπάσαντες
941 5088 1038 5160 ἤδη
1073 5091 1172 5161 τὴν
1211 5092 1463 5162 ἀλήθειαν
1485 5132 1500 5156 ,
1529 5089 1670 5150 οὗτοι
1710 5097 1796 5151 διὰ

243 5178 331 5246 τὴν
373 5176 592 5230 τελείαν
647 5177 910 5250 κάθαρσιν
943 5181 1034 5232 καὶ
1087 5181 1264 5235 πίστιν
1311 5185 1794 5257 ἀποστειρωθέντες

241 5269 337 5320 τῶν
379 5268 484 5338 τῆς
534 5269 736 5340 σαρκὸς
767 5271 1131 5343 ἀτοπημάτων
1158 5316 1173 5338 ,
1217 5275 1508 5348 Ἐκκλησία
1556 5279 1792 5348 γίνονται

245 5360 327 5410 καὶ
353 5358 548 5429 βοηθὸς
579 5359 672 5412 τοῦ
701 5360 956 5432 Χριστοῦ,
989 5363 1251 5437 παρθένος
1274 5365 1417 5420 ὥσπε
1427 5386 1459 5439 ρ
1479 5408 1493 5430 ,
1534 5371 1671 5425 κατὰ
1701 5371 1790 5424 τὸν

251 5451 582 5515 Ἀπόστειλον,
609 5452 754 5524 αὐτῷ
799 5454 1233 5527 καθηρμοσμένοι
1278 5477 1335 5512 τε
1375 5463 1468 5515 καὶ
1497 5480 1790 5533 νενυμφευ-

245 5543 416 5610 μένοι,
450 5543 576 5608 ἴνα,
610 5545 710 5616 την
742 5546 985 5620 καθαρὰν
1024 5550 1121 5623 τῆς
1155 5551 1498 5618 διδασκαλίας
1531 5555 1788 5620 ὑποδεξὰ-

333 5727 379 5758 ”
419 5726 610 5797 Ephes.
654 5746 718 5790 τ,
747 5729 834 5791 27,
865 5729 965 5787 "26.
1038 5733 1080 5766 "
1123 5734 1247 5791 Gen.
1305 5753 1342 5801 t,
1390 5738 1473 5792 i8.

391 5822 658 5885 Parnm"
694 5825 811 5884 Gn.
849 5826 1069 5889 XVI".

1550 5738 1594 5768 ⁸⁸
1635 5736 1748 5790 lsa.
1798 5754 1873 5802 ιι,
1909 5738 1962 5795 9..

1908 4539 2270 4608 gregatiouem
2319 4542 2486 4612 ipsam
2539 4556 2844 4616 cmtttmque
2873 4547 3106 4604 ﬁdelium
3159 4554 3239 4608 sic
3278 4553 3462 4611 Eccle-

1905 4633 2040 4686 siam
2072 4635 2384 4700 nominant,
2440 4635 2566 4692 dum
2597 4640 2850 4695 nimirum
2879 4643 3226 4713 perfectiores
3255 4647 3324 4704 ob
3349 4651 3460 4705 vir-

1908 4720 2038 4776 tutis
2069 4722 2367 4792 profectum
2401 4725 2456 4780 in
2485 4742 2645 4783 unam
2677 4746 2961 4800 personam
2997 4749 3062 4790 ac
3109 4751 3309 4810 corpus
3360 4743 3461 4796 Ec-

1903 4813 2078 4868 clesia:
2103 4815 2427 4873 referuntur.
2449 4807 2580 4874 Nam
2607 4823 2882 4892 meliores,
2910 4833 2965 4880 et
3005 4829 3097 4900 qui
3139 4829 3251 4900 jam
3297 4833 3462 4904 liqui-

1903 4907 2026 4964 dius
2058 4910 2336 4966 veritatem
2363 4927 2741 4988 perceperunt,
2769 4919 2820 4974 hi
2865 4937 2974 4991 prce
3007 4924 3244 4994 perfecta
3291 4943 3454 4998 quam

1902 5000 2079 5071 adepti
2099 5011 2246 5068 sunt,
2275 5008 2535 5064 rnuudit'ie
2563 5020 2615 5066 et
2640 5010 2762 5074 ﬁde,
2781 5017 2961 5070 carnis
2990 5017 3271 5072 libidinum
3297 5021 3458 5074 steri-

1903 5092 1980 5149 lcs
2021 5108 2084 5148 ac
2134 5095 2418 5163 vitiorum,
2476 5100 2676 5158 Christi
2725 5103 2967 5162 Ecclesia
3017 5109 3173 5178 eique
3219 5110 3455 5180 adiutrix

1901 5182 2067 5250 ﬁunt;
2115 5188 2206 5256 qui
2235 5188 2459 5259 virginis
2493 5191 2546 5248 in
2581 5209 2784 5250 merent
2812 5235 2827 5260 ,
2877 5207 2936 5250 ut
2967 5197 3257 5268 Apostolus
3291 5203 3456 5272 loqui-

1898 5284 1987 5330 tur
2012 5279 2078 5343 ⁸³,
2102 5279 2177 5333 illi
2205 5281 2370 5350 aptati
2397 5283 2504 5338 siut
2525 5293 2686 5356 atque
2728 5288 3005 5359 deSponsi,
3043 5304 3096 5347 ut
3131 5309 3267 5364 puro
3294 5304 3456 5367 atque

1896 5369 2058 5426 feraci
2087 5373 2348 5431 doctrina:
2382 5388 2635 5451 suscepto
2663 5384 2888 5444 semine.
2920 5397 3298 5457 cooperentur,
3331 5406 3456 5461 pro-

1894 5480 2060 5536 pensa
2089 5481 2190 5536 0pc
2218 5466 2286 5522 ad
2320 5470 2649 5541 reliquorum
2695 5475 2921 5531 salutem
2968 5480 3335 5548 praedicatioui
3377 5483 3459 5538 ΐο-

1895 5557 2086 5614 vendo.
2120 5558 2222 5625 Qui
2260 5568 2438 5616 autem
2469 5562 2768 5635 imperfecti
2803 5567 2979 5625 adhuc
3030 5579 3085 5628 et
3133 5574 3339 5632 tirones
3369 5574 3456 5631 di-

2041 5741 2084 5773 "
2128 5741 2188 5796 11
2217 5742 2342 5802 Cor.
2400 5761 2477 5815 ιι,
2513 5747 2569 5804 2.
