4052 6338
528 336 602 393 τι

1472 324 1529 383 s.
1574 326 1897 383 ammon
1932 304 2238 385 Episcort
2277 327 2362 382 ET
2404 327 2760 384 M.\RTYltlS
3680 323 3748 380 τε

534 457 779 529 sciplinis
804 453 1069 525 incipiunt
1116 450 1305 515 imbui,
1338 450 1390 504 hi
1420 466 1451 505 a
1481 452 1912 521 perfectioribus.
1951 460 2011 508 ut
2062 468 2069 505 :

2198 471 2347 525 μενοι
2375 453 2468 506 καὶ
2496 454 2716 526 γόνιμον
2757 453 2962 525 σπορὰν
2982 494 2995 518 ,
3032 455 3398 525 συνεργήσωσι
3435 440 3759 523 βοηθοῦντες

535 553 816 612 matribus,
848 547 1223 618 parturiuntur
1252 550 1412 613 atque
1446 545 1753 599 formantur
1774 585 1789 608 ,
1838 546 2007 599 donec
2034 555 2087 600 et

536 644 609 696 illi
651 649 863 696 maturo
896 646 1051 710 partu
1080 639 1244 704 editi,
1301 639 1357 692 in
1394 638 1611 694 virtutis
1662 638 2084 708 magnitudinem

532 750 597 789 ac
626 736 791 789 decus
825 742 1210 803 regenerentur
1244 749 1258 786 :
1299 745 1363 785 ac
1395 746 1587 786 rursus
1617 730 1717 799 ipsi
1746 745 1959 800 quoque
1993 744 2088 800 per

533 827 784 881 idoneum
816 822 1117 894 profectum
1152 823 1393 878 Ecclesia
1423 823 1572 886 facti,
1597 822 1665 877 ad
1699 822 1927 877 aliorum
1962 836 2085 892 par-

533 928 645 971 tum
673 915 1160 985 educationemqne
1191 915 1482 970 liberorum
1512 929 1729 984 operam
1759 911 2042 966 conferant
2068 951 2084 976 ,

531 1008 665 1064 uteri
699 1008 837 1066 vice.
861 1008 915 1063 in
936 1023 1062 1064 vase
1091 1008 1283 1063 anima:
1304 1047 1320 1072 ,
1371 1007 1701 1062 voluntatem
1741 1001 1903 1059 Verbi
1941 1002 2088 1057 nulla

529 1118 668 1158 noxa
696 1104 763 1158 ad
794 1104 1156 1159 maturitatem
1184 1103 1560 1173 pet-ducentes.

2189 543 2268 616 τῷ
2298 544 2606 616 κηρύγματι
2640 544 2774 616 πρὸς
2802 545 2899 616 τὴν
2920 544 3027 597 τῶν
3058 544 3255 597 λοιπῶν
3288 542 3576 614 σωτηρίαν.
3607 542 3668 594 Οἱ
3692 541 3751 594 δὲ

2192 634 2400 698 ἀτελεῖς
2426 635 2504 688 ἔτι
2526 635 2620 689 κα)⁵
2646 635 3013 706 ἀπαρχόμενοι
3041 633 3147 687 τῶν
3179 632 3513 704 μαθημάτων
3539 633 3618 694 εἰς
3645 647 3751 682 σω-

2189 728 2381 799 τηρίαν
2400 727 2674 781 ὠδίνονται
2700 728 2792 780 καὶ
2815 727 3159 799 μορφοῠνται,
3181 725 3365 795 ὥσπερ
3387 724 3491 776 ὑπο
3514 722 3751 794 μητράσι

2190 820 2326 890 πρὸς
2352 817 2460 872 τῶν
2496 818 2875 890 τελειοτέρων,
2910 816 3020 870 ἔστ’
3061 816 3126 869 ἂν
3174 813 3569 886 ἀποκυηθὲντες
3616 812 3751 865 ἁνα-

2190 911 2518 983 γεννηθῶσιν
2549 912 2628 975 εἷς
2657 909 2884 981 μέγεθος
2905 909 3000 963 καὶ
3028 908 3223 971 κάλλος
3250 907 3453 979 ἀρετῆς
3475 924 3488 936 ·
3520 906 3615 960 καὶ
3644 906 3751 959 πά-

2160 1002 2274 1056 .λιν
2309 998 2374 1058 αὖ
2422 1002 2562 1058 κατὰ
2611 1002 2889 1073 προκοπὴν
2928 1001 3221 1071 Ἐκκλησία
3259 1002 3354 1054 καὶ
3398 994 3541 1055 οὗτοι
3591 1014 3753 1066 γεγο-

2192 1093 2375 1156 νότες,
2424 1094 2500 1155 εἰς
2531 1091 2728 1163 ἑτέρων
2772 1091 2926 1145 τόκον
2976 1090 3358 1161 ὑπουργήσωσι
3398 1087 3604 1141 τέκνων
3652 1086 3748 1141 καὶ

527 1197 861 1273 ἀνατροφὴν,
894 1197 1105 1268 μήτρας
1135 1195 1310 1264 δίκην,
1344 1195 1400 1247 ὲν
1428 1192 1505 1264 τῷ
1534 1191 1724 1263 δοχεξῳ
1750 1190 1850 1261 τῆς
1882 1188 2077 1262 ψυχῆς,
2115 1185 2177 1240 τδ
2198 1184 2411 1256 θέλημα
2441 1184 2930 1255 τελεσφορήσαντες
2961 1181 3234 1253 ἀλώὸητον
3265 1178 3356 1234 τοῦ
3390 1181 3581 1249 Λόγου.

1458 1330 1587 1387 CAP.
1614 1329 1707 1385 1X.
1743 1328 1945 1385 Gratia:
1976 1327 2263 1384 oeconomia
2287 1326 2340 1380 in
2362 1323 2535 1378 Paulo
2563 1322 2821 1393 apostolo.

577 1454 1057 1530 Considerandum
1075 1466 1216 1523 enim
1235 1472 1293 1520 ut
1309 1471 1362 1519 et
1380 1465 1432 1519 in
1450 1464 1648 1536 inclyta
1662 1461 1831 1518 Paulo
1850 1476 1969 1519 sese
1995 1476 2082 1517 res

527 1564 794 1620 habuerit.
823 1562 956 1618 Cum
987 1561 1128 1616 enim
1162 1558 1209 1613 is
1253 1556 1491 1611 nondum
1538 1556 1593 1610 in
1639 1555 1858 1610 Christo
1907 1551 2085 1623 perfe-

525 1668 648 1714 ctus
675 1664 837 1718 esset,
871 1660 1158 1726 generatur
1189 1651 1420 1722 primum
1452 1658 1615 1719 atque
1642 1648 1893 1712 laetatur,
1917 1661 2083 1701 evan-

2272 1457 2694 1528 Ἑπισκέψασθαι
2727 1457 2834 1528 γὰρ
2867 1456 2969 1528 χρὴ
2996 1458 3088 1510 καὶ
3117 1455 3185 1509 τὰ
3220 1454 3356 1509 κατὰ
3388 1456 3477 1508 τὸν
3505 1455 3744 1529 ἀοίδιμον

2188 1552 2416 1607 Παῦλον.
2447 1553 2566 1605 Ὅτι
2590 1550 2751 1603 ὁπότε
2789 1548 2996 1602 οὐδέπω
3028 1548 3227 1611 τέλειος
3254 1543 3405 1613 οὗτος
3426 1544 3494 1621 ἦν
3518 1552 3574 1602 ἐν
3604 1552 3743 1623 Χρι-

2188 1643 2316 1713 στῷ,
2352 1642 2603 1711 γεννᾶται
2642 1641 2902 1712 πρότερον
2945 1639 3038 1693 καὶ
3069 1638 3428 1710 γαλουχεῖται,
3464 1641 3745 1710 εὐαγγελι-

526 1752 713 1821 gelicis
742 1748 1080 1804 documentis
1112 1745 1386 1800 imbuente
1411 1756 1474 1796 ac
1500 1757 1595 1810 per
1616 1742 1883 1811 baptisma
1906 1741 2069 1809 ipsun

2185 1737 2408 1808 ζομένου
2433 1736 2524 1788 καὶ
2548 1733 2982 1797 ἀνακαινίζοντος
3001 1733 3160 1787 αὐτὸν
3187 1733 3426 1787 Ἀνανίου
3448 1733 3524 1801 τῷ
3551 1734 3744 1804 βαπτί-

524 1853 818 1900 renovante
847 1839 1075 1903 Anania,
1109 1840 1251 1892 sicut
1280 1836 1334 1890 in
1363 1835 1588 1889 Actibus
1633 1831 1859 1887 historia
1910 1830 2084 1886 conti-

522 1938 702 1994 net”.
733 1936 802 1989 At
846 1932 935 1988 ubi
969 1930 1142 1985 factus
1184 1939 1327 1983 esset
1356 1928 1460 1991 vir,
1502 1926 1722 1996 jamque
1764 1922 2080 1986 aedificatus,

519 2028 751 2099 spiritali
785 2025 997 2083 scilicet
1022 2019 1355 2092 perfectione
1386 2034 1582 2074 novum
1606 2016 1890 2077 formatus,
1918 2013 2082 2068 etiam

518 2119 736 2190 adjutor
768 2129 821 2175 et
856 2130 1057 2187 sponsa
1091 2110 1250 2166 Verbi
1280 2110 1565 2169 evasisset,
1596 2109 1687 2179 qui
1721 2108 1842 2160 vitae.
1874 2104 2081 2160 semina

516 2221 572 2266 et
596 2212 930 2283 suscepisset
964 2214 1018 2264 et
1050 2203 1397 2271 concepisset
1431 2220 1444 2256 :
1479 2208 1631 2265 tunc,
1660 2200 1753 2270 qui
1784 2198 1899 2267 ipse
1929 2196 2080 2266 prius

517 2302 700 2359 infans
722 2306 1027 2366 exstiterat,
1064 2296 1305 2352 Ecclesia
1335 2306 1640 2363 parensque
1666 2288 1915 2352 efficitur,
1959 2301 2081 2358 par-

518 2395 726 2448 turiens
751 2402 803 2447 et
828 2394 944 2463 ipse
972 2406 1065 2447 eos
1098 2388 1189 2463 qui
1217 2385 1336 2456 ejus
1359 2397 1522 2453 opera
1555 2380 1783 2434 Domino
1820 2375 2080 2433 credidis-

517 2501 657 2556 sent,
692 2490 865 2545 donec
897 2488 951 2541 in
984 2487 1090 2540 illis
1114 2493 1333 2555 quoque
1357 2475 1621 2531 formatus
1652 2473 1902 2528 Christus
1927 2487 2081 2542 pare-

515 2592 685 2638 retur.
725 2579 909 2634 Fitioti
956 2578 1123 2641 enim,
1156 2573 1330 2645 inquit
1353 2570 1421 2633 ",
1455 2567 1575 2630 mei,
1600 2582 1727 2636 quos
1753 2565 1939 2619 iterum
1962 2579 2080 2633 par-

515 2678 678 2740 turia,
702 2674 864 2728 donec
883 2671 1138 2743 formetur
1160 2665 1402 2723 Christus
1420 2662 1477 2719 in
1496 2657 1659 2715 vobis.
1687 2656 1751 2710 Et
1768 2672 1964 2711 rursus
1984 2657 2031 2689 ⁸⁸
2060 2673 2074 2711 :

517 2767 582 2824 In
614 2767 823 2824 Christo
851 2765 985 2820 enini
1016 2763 1143 2818 Jesu
1171 2776 1263 2830 per
1291 2753 1637 2830 Evanget'ium
1668 2764 1762 2825 ego
1793 2764 1879 2804 eos
1902 2747 2073 2819 genui.

580 2944 717 3000 llinc
764 2944 928 3015 igitur
963 2948 1218 3012 apparet,
1252 2937 1317 2993 ad
1352 2935 1628 2993 Christum
1671 2937 1730 2991 et
1775 2926 2074 3007 Ecclesium

2186 1847 2368 1901 σματι,
2402 1828 2582 1892 καθὼς
2616 1830 2671 1881 ὲν
2704 1830 2822 1889 ταῖς
2859 1827 3126 1899 Πρὰξεσιν
3160 1828 3192 1898 ἡ
3225 1826 3432 1898 ἱστορία
3474 1826 3737 1899 περιέγει.

2185 1921 2311 1973 Ὅτε
2342 1918 2398 1972 δὲ
2431 1917 2676 1990 ἠνδρώθη
2705 1918 2798 1973 καὶ
2823 1917 3161 1990 ᾠκοδομήθη,
3187 1918 3286 1989 ἤδη
3322 1920 3400 1982 εἰς
3429 1919 3740 1991 τελειότητα

2182 2009 2550 2081 πνευματικὴν
2593 2007 2975 2072 ἀναπλασθεὶς,
3018 2010 3111 2063 καὶ
3162 2008 3350 2080 βοηθὸς
3396 2011 3736 2082 ἀπειργάσθη

2181 2103 2274 2155 καὶ
2298 2102 2479 2173 νύμφη
2511 2100 2603 2155 τοῦ
2633 2103 2824 2171 Λόγου,
2847 2101 2913 2155 τὰ
2940 2101 3225 2174 σπέρματα
3254 2102 3351 2174 τῆς
3376 2101 3519 2174 ζωῆς
3542 2103 3736 2157 ἀποδε-

2182 2192 2409 2265 ξάμενος
2447 2194 2539 2247 καὶ
2573 2193 2847 2248 συλλαϐών
2867 2212 2880 2225 ·
2916 2194 3214 2265 τηνικαῦτα
3245 2195 3272 2248 ὁ
3306 2196 3565 2266 πρότερον
3595 2214 3733 2268 χρη-

2182 2288 2410 2357 ματίσας
2439 2288 2646 2342 παιδίον
2689 2287 2979 2359 Ἐκκλησία
3011 2288 3216 2356 γίνεται
3251 2287 3346 2340 καὶ
3379 2288 3579 2360 μήτηρ,
3612 2288 3707 2341 ὡδί

2179 2395 2281 2430 νων
2312 2378 2408 2432 καὶ
2452 2379 2611 2443 αὐτὸς
2641 2383 2765 2442 τοὺς
2792 2379 2856 2432 δι’
2891 2378 3053 2433 αὑτοῦ
3096 2377 3174 2447 τῷ
3211 2377 3399 2449 Κυρίῳ
3446 2394 3737 2433 πεπιστευ-

2178 2470 2359 2535 κότας,
2392 2470 2503 2523 ἐστ’
2540 2470 2606 2526 ἂν
2638 2471 2730 2524 καὶ
2771 2474 2827 2524 ὲν
2858 2472 3064 2535 τούτοις
3104 2472 3132 2524 ὁ
3169 2471 3398 2542 Χριστὸς
3432 2471 3734 2543 μορᾳωοεὶς

2177 2561 2466 2634 ἀποτεχθῇ.
2509 2562 2710 2616 Ἰὶεκνία
2742 2563 3010 2633 γάρμου,
3038 2561 3220 2633 φησιν,
3252 2562 3358 2629 οὓς
3395 2562 3577 2617 πάλιν
3600 2560 3733 2615 ὠδί-

2175 2671 2278 2718 νω,
2305 2653 2476 2722 ἄχρις
2499 2648 2571 2708 οὗ
2602 2652 2881 2723 μορφωθῇ
2906 2652 3158 2721 Χριστὸς
3189 2652 3259 2706 ἐν
3298 2652 3468 2722 ὑμῖν*
3505 2653 3597 2707 καὶ
3629 2653 3732 2707 πά-

2176 2741 2289 2795 λινο
2328 2744 2422 2796 Ἑν
2458 2741 2566 2811 γὰρ
2588 2740 2816 2810 Χριστῷ
2854 2741 3056 2809 Ἰησοῦ
3094 2738 3191 2793 διὰ
3217 2739 3321 2793 τοῦ
3362 2742 3729 2810 Εὐαγγελίου

2173 2834 2287 2906 ἐγὼ
2318 2832 2472 2905 ὑμᾶς
2495 2832 2809 2904 ἐγέννησα.

2244 2925 2449 2980 Οὐκοῦν
2471 2925 2638 2997 ταύτῃ
2665 2924 2986 2996 συνέστηκεν
3018 2925 3095 2988 εἰς
3126 2923 3225 2996 τὴν
3256 2922 3574 2994 Ἐκκλησίαν
3596 2924 3726 2978 ἁνα-

511 3037 699 3093 referri
727 3014 844 3108 quae
886 3037 949 3089 tle
981 3034 1086 3088 Eva
1116 3042 1275 3104 atque
1320 3031 1528 3085 Adamo
1563 3028 1861 3098 Scriptura:
1894 3020 2069 3077 verbis

2176 3016 2433 3089 φέρεσθαι
2459 3017 2552 3070 καὶ
2574 3017 2662 3071 τὸν
2688 3016 2918 3088 Χριστὸν
2941 3014 3001 3069 τὸ
3022 3016 3161 3070 κατὰ
3180 3016 3276 3088 τὴν
3297 3016 3438 3071 Εὕαν
3467 3015 3727 3090 θεώρημα
3796 3040 3801 3045 -

510 3107 754 3187 narratio
777 3128 1026 3182 habetur.
1064 3123 1177 3179 Hoc
1204 3124 1349 3179 enim
1377 3138 1503 3178 vere
1529 3136 1782 3191 magnum
1809 3116 1941 3175 illud
1979 3130 2067 3170 sa-

2172 3110 2262 3163 καὶ
2318 3108 2409 3164 τὸν
2449 3109 2634 3181 Ἀδάμ.
2675 3108 2844 3161 Τοῦτο
2890 3107 2997 3180 γὰρ
3026 3107 3087 3161 τὸ
3142 3108 3280 3178 μέγα
3320 3109 3609 3180 μυστήριον
3651 3110 3727 3173 ὡς

509 3232 844 3278 cramentum
876 3230 979 3281 est,
1019 3229 1073 3274 et
1111 3216 1297 3271 mundi
1336 3231 1438 3270 usu
1470 3216 1720 3282 superius
1751 3228 1764 3263 :
1798 3212 1941 3282 quod
1967 3224 2069 3283 ego

2173 3201 2409 3272 ἀληθῶς,
2458 3202 2552 3256 καὶ
2590 3201 2976 3273 ὑπερκόσμιον,
3009 3198 3037 3255 ὃ
3072 3199 3180 3270 ἐγὼ
3220 3201 3287 3254 δι’
3321 3201 3601 3257 ἀσθένειαν
3631 3203 3725 3257 καὶ

506 3313 577 3368 ob
607 3311 1027 3369 imbecillitatem
1061 3316 1114 3364 et
1143 3306 1341 3362 mentis
1381 3305 1780 3366 hebetudinem,
1818 3318 1915 3373 pro
1948 3303 2068 3372 ejus

2172 3293 2487 3368 ἀμείλύτητα
2541 3294 2657 3358 νοὸς
2691 3293 2808 3347 κατ’
2841 3291 2995 3358 ἀξίαν
3039 3310 3099 3346 τε
3133 3293 3227 3346 καὶ
3277 3293 3500 3368 μέγεβος
3549 3296 3723 3348 εἰπεῖν

506 3403 765 3475 dignitate
796 3411 847 3458 et
878 3400 1247 3473 magnitudine
1269 3412 1526 3454 enarrare
1554 3412 1663 3452 non
1692 3397 1843 3451 valeo
1869 3415 1882 3450 :
1914 3395 1966 3450 id
1991 3403 2066 3449 ta-

2172 3388 2442 3448 ἀδυνατεῖν
2491 3388 2637 3459 ὅμως
2685 3387 2729 3440 δ’
2791 3382 2883 3440 οὖν
2939 3386 3328 3459 ἐπιχειρητέον.
3382 3387 3573 3454 Λέγειν
3614 3387 3719 3458 γὰρ

507 3474 628 3550 tuen
672 3495 1079 3550 connitcndum.
1111 3492 1303 3548 Restat
1333 3490 1476 3545 enim
1502 3495 1565 3543 ut
1603 3502 1724 3559 quae
1768 3487 1930 3559 hujus
1958 3485 2061 3542 loci

2172 3482 2426 3557 ἑπόμενον
2487 3477 2552 3533 ἂν
2614 3475 2698 3547 εῑη
2730 3474 2941 3529 ,λοιπὸν
3002 3475 3065 3545 δὴ
3118 3476 3210 3529 καὶ
3269 3476 3335 3531 τὰ
3396 3476 3522 3547 ἑξῆς
3585 3478 3719 3550 πρὸς

503 3587 710 3659 reliqua
742 3595 888 3653 sunt,
921 3585 1056 3656 apud
1092 3599 1186 3639 vos
1219 3596 1504 3652 exsequar.
2163 3579 2325 3651 ὑμᾶς.

1354 3715 1483 3771 Car.
1512 3713 1581 3769 Χ.
1614 3713 1867 3785 Ejusdem
1890 3715 2117 3786 apostoli
2142 3715 2380 3773 doctrina
2412 3716 2477 3772 de
2504 3713 2842 3774 castimonia.

566 3860 769 3920 Paulus
814 3860 1010 3935 igitur,
1065 3859 1133 3915 ad
1182 3859 1594 3915 sanctimoniam
1645 3866 1700 3915 et
1752 3861 2056 3916 castitatem

2241 3862 2298 3916 '0
2328 3862 2436 3934 γάρ
2477 3878 2558 3916 τοι
2591 3859 2837 3925 Παῦλος,
2884 3859 2967 3922 είς
3014 3856 3282 3930 ἅγιασμὸν
3328 3855 3719 3931 ἐκκαλούμενος

499 3967 726 4012 cunetos
748 3966 1070 4026 provocans,
1091 3952 1144 4005 in
1168 3950 1311 4006 hunc
1331 3950 1572 4017 modum,
1597 3966 1717 4022 qua:
1740 3951 1804 4005 ad
1822 3953 2054 4023 primum

2172 3952 2363 4015 πάντας
2395 3952 2485 4005 καὶ
2535 3949 2909 4025 σωφροσύνην,
2938 3946 3113 4022 ταύτῃ
3133 3947 3194 4003 τὸ
3222 3948 3360 4003 κατὰ
3393 3949 3483 4003 τὸν
3510 3950 3718 4023 πρωτό-

499 4049 770 4105 hominem
801 4055 853 4102 et
880 4030 1043 4098 Evam
1067 4050 1335 4115 spectant,
1366 4044 1600 4100 secunda
1622 4044 2054 4102 consideratione

2172 4039 2391 4115 alagzov
2419 4041 2511 4096 καὶ
2546 4039 2642 4113 τὴν
2674 4040 2848 4108 Εὕαν,
2900 4040 2994 4095 καὶ
3045 4036 3297 4111 δευτέραν
3342 4040 3713 4111 ὲπαπόρησιν.

498 4155 773 4215 sensuque
798 4140 853 4194 in
877 4108 1155 4193 Christum
1183 4136 1381 4194 direxit
1400 4146 1454 4193 et
1485 4136 1804 4201 Ecclesiam,
1829 4153 1939 4210 quo
1971 4139 2054 4193 in-

2172 4134 2236 4197 εὶς
2268 4108 2498 4205 ἶριστδν
2525 4108 2839 4205 ἀνηκόντισε
2865 4134 2959 4191 καὶ
2988 4134 3088 4205 τὴν
3120 4108 3460 4205 Ἐκκλησίαν,
3653 4134 3711 4188 τὲ

493 4234 675 4290 doctis
717 4249 786 4288 es
822 4230 1147 4293 Obstrueret,
1185 4244 1397 4285 omnem
1441 4228 1548 4285 illis
1578 4237 1890 4300 prmtextum
1939 4229 2053 4284 adi—

2172 4226 2279 4290 τοὺς
2327 4214 2758 4299 ἀνεπιστήμονας
2816 4225 3257 4299 κατασιγᾶσθαι,
3309 4227 3712 4297 γυμνουμένους

498 4342 650 4383 mens
679 4331 733 4381 et
759 4321 1184 4379 excusationem.
1212 4320 1473 4392 lmpudici
1503 4321 1645 4377 enim
1673 4336 1736 4376 ac
1778 4321 2050 4378 libidinosi

2172 4319 2492 4390 προφάσεων.
2528 4319 3022 4386 Ἀκολασταίνοντες
3054 4320 3165 4393 γὰρ
3198 4317 3285 4373 διὰ
3314 4317 3412 4381 τὰς
3444 4319 3712 4392 ὑπερϐαλ-

492 4419 760 4480 vomiues,
795 4417 865 4471 ob
896 4413 1090 4469 nimios
1128 4414 1182 4467 in
1211 4413 1289 4469 eis
1317 4413 1653 4484 voluptatum
1687 4412 1863 4468 ﬂuxus
1891 4427 1953 4469 ac
1984 4414 2050 4469 il-

2172 4409 2347 4473 ιούσας
2383 4409 2563 4482 ῥύσεις
2594 4411 2652 4463 ὲν
2681 4411 2860 4474 αὐτοῖς
2890 4412 2997 4465 τῶν
3041 4407 3405 4483 ἡδυπαθειῶν,
3439 4411 3588 4482 παρὰ
3618 4412 3708 4464 τὸν

496 4508 751 4566 lecebras.
776 4506 939 4561 etiam
959 4503 1268 4575 Scripturis
1297 4504 1402 4558 vim
1432 4503 1634 4561 inferre
1670 4515 1957 4570 conantur,
1991 4511 2049 4561 ut

2172 4501 2423 4573 ιρθὸδοξον
2448 4500 2732 4572 ,βιάζεσθαι
2772 4502 3007 4575 τολμῶσι
3048 4503 3301 4576 λογισμὸν
3343 4501 3443 4565 τὰς
3468 4501 3506 4553 Γ
3510 4503 3706 4573 ραφάς.

493 4611 746 4666 perverso
784 4610 878 4652 eas
920 4610 1083 4650 sensu
1116 4600 1409 4667 exponant,
1451 4611 1515 4650 ac
1549 4606 1805 4667 tanquam
1847 4597 2043 4652 vallum

2172 4592 2335 4665 ὒσπερ
2352 4592 2525 4664 ἔρυμα
2542 4595 3011 4666 προανατείνοντες
3028 4597 3310 4668 ἀκρασίας,
3336 4597 3395 4649 τό
3417 4612 3496 4651 τε·
3523 4593 3708 4652 Εἶπεν

491 4686 841 4741 defendendae
895 4685 1302 4740 incontinentiae
1353 4686 1472 4743 illas
1526 4686 1866 4753 obtendant;
1931 4694 2042 4742 tum

2172 4688 2180 4730 ε
2224 4688 2364 4752 Θεός
2385 4702 2398 4716 ο
2449 4685 2792 4751 Λὺξάνεσθε
2842 4688 2940 4742 καὶ
2993 4687 3372 4757 πληθύνεσθε
3393 4707 3407 4720 ⁸
3466 4690 3558 4745 καὶ
3610 4692 3702 4754 τὸ,

487 4775 632 4843 quod
656 4774 729 4828 ita
750 4773 1035 4828 habetur"
1068 4793 1082 4828 :
1119 4772 1183 4827 Et
1216 4774 1349 4828 dixit
1382 4774 1521 4830 Deus
1541 4792 1561 4831 :
1586 4774 1814 4833 Crescite
1836 4786 1887 4830 et
1915 4777 2053 4831 mut-

2172 4778 2392 4832 Ενεκεν
2420 4777 2630 4832 τούτου
2646 4780 2996 4849 καταλείψω
3019 4781 3325 4850 ἅνθρωπος
3351 4784 3459 4837 τὸν
3482 4783 3705 4852 πατέρα

489 4865 827 4934 tipticamini;
871 4873 981 4919 tum
1020 4865 1149 4918 illud
1193 4865 1338 4921 aliud
1377 4868 1425 4900 ⁸⁸
1459 4867 1720 4939 :Propter
1757 4869 1853 4953 hoc
1885 4869 2045 4925 relin-

2172 4873 2243 4924 ταὶ
2280 4869 2394 4939 τὴν
2424 4869 2680 4940 μητέρατ-
2729 4870 2846 4925 οὑδὲ
2898 4872 3235 4943 αἰσχύνονται
3283 4874 3705 4947 κατατρέχοντες

485 4967 604 5029 ψει
647 4957 801 5013 homo
844 4965 1045 5028 patrem
1074 4965 1125 5011 et
1166 4967 1405 5014 matrem.
1451 4957 1637 5030 Neque
1686 4961 1834 5032 ipsos
1880 4961 2045 5033 pudet

2172 4962 2237 5016 :05
2287 4963 2627 5034 Πνεύματοςλ·
2658 4965 2770 5018 ἀλλ’
2818 4964 3004 5037 ὥσπερ
3035 4966 3128 5018 ἐπὶ
3178 4965 3348 5036 τούτῳ
3378 4968 3663 5036 γεγονότες
3686 5017 3698 5038 ,

486 5048 746 5121 Spiritum
777 5049 1055 5104 incursare
1084 5049 1477 5121 adversamque
1505 5051 1615 5121 ire;
1657 5054 1749 5109 sed
1781 5061 2037 5125 tanquam

485 5144 537 5197 in
576 5143 676 5198 hoc
714 5143 848 5207 nati,
893 5142 984 5213 qui
1010 5140 1192 5197 adhuc
1218 5141 1502 5198 foveantur
1524 5160 1591 5201 ac
1608 5144 2038 5217 insideant,con-

481 5235 825 5305 cupiseentite
871 5234 1110 5290 fomitem
1141 5234 1265 5290 ﬂatu
1295 5251 1462 5306 prope
1488 5240 1784 5295 eventilant
1818 5254 1881 5294 ac
1909 5239 2038 5294 titil~

484 5314 779 5381 lzttionibus
826 5326 1212 5381 reaccendunt.
1245 5326 1424 5392 Qtiare
1468 5328 1602 5384 satis
1627 5330 1825 5385 acriter
1849 5330 2036 5384 dolosa

482 5419 594 5472 haec
617 5425 670 5473 et
705 5417 936 5487 maligna
967 5416 1207 5487 ipsorum
1238 5419 1464 5474 consilia
1494 5422 1858 5492 qutesitosque
1898 5436 2037 5492 pra:-

477 5516 655 5565 tuxtus
687 5509 990 5570 excutiens,
1014 5522 1135 5561 cum
1158 5524 1223 5563 eo
1254 5512 1611 5580 processisset
1637 5520 1691 5566 ut
1719 5513 2034 5583 pra-scribe-

479 5609 555 5655 τρι
597 5615 703 5669 qua
749 5599 959 5655 ratione
1006 5598 1152 5653 viros
1198 5602 1462 5658 uxoribus
1503 5604 1577 5658 uti
1615 5605 1932 5670 condeceat,
1970 5619 2033 5660 ac

534 5781 568 5814 "
613 5780 710 5837 ειη
772 5797 847 5850 tx,
888 5784 937 5839 Ἰ.

1048 5788 1092 5820 ⁸⁸
1126 5788 1241 5844 σοι.
1277 5805 1346 5854 ιτ,
1395 5790 1474 5846 19.
1552 5788 1595 5821 ⁸⁸
1638 5790 1668 5845 l
1702 5788 1831 5848 Cor.
1888 5808 1961 5855 tt’,
2000 5794 2084 5850 13.

2143 5056 2497 5127 ὲντυφιζμενον
2535 5056 2612 5109 ἔτι
2648 5056 2742 5110 καὶ
2766 5055 3128 5111 ὲνϐωκεύοντα
3160 5056 3248 5109 τὸν
3280 5053 3491 5129 οἶστρον
3535 5062 3701 5131 ἀναῤ-

2144 5146 2467 5216 ριπίζουσιν,
2512 5146 2830 5213 ἐξάπτοντες
2857 5146 3177 5219 ἐρεθισμοῖς.
3218 5149 3307 5201 Διὸ
3335 5150 3398 5221 δὴ
3428 5151 3522 5204 καὶ
3555 5151 3700 5222 μάλα

2141 5236 2374 5308 δριμέως
2403 5236 2499 5301 τὰς
2523 5238 2843 5303 ἐπικλόπους
2861 5238 3061 5302 ταύτας
3083 5239 3259 5293 αὐτῶν
3288 5242 3698 5315 καταφροσύνας

2141 5344 2200 5380 τε
2233 5327 2326 5380 καὶ
2356 5328 2730 5400 πεποιημένας
2755 5331 3050 5403 προφάσεις
3082 5332 3380 5398 ἐκκόπτων,
3416 5334 3579 5389 ἐλθὼν
3617 5337 3693 5397 εἰς

2140 5418 2202 5471 τὺ
2230 5418 2595 5487 διατάξασθαι,
2633 5420 2751 5486 πῶς
2780 5421 2886 5476 δέοι
2922 5423 3318 5497 προσφέρεσθαι
3346 5425 3470 5490 τοὺς
3502 5425 3694 5497 ἄνδρας

2139 5512 2258 5574 ταῖς
2289 5510 2520 5579 γυναιξὶ,
2544 5512 2990 5585 ἀποφηνάμενος,
3021 5516 3102 5570 ὃτι
3128 5514 3300 5580 οὓτως
3325 5514 3509 5589 ὥσπερ
3541 5517 3634 5572 καί
3666 5521 3695 5572 ἑ

2138 5602 2371 5676 Χριστὸς
2393 5606 2457 5674 τῇ
2524 5604 2815 5677 Ἐκκλησία
2838 5646 2852 5670 ,
2891 5607 3106 5663 ἑαυτὸν
3156 5608 3512 5677 παραδιδοὺς
3552 5609 3694 5683 ὑπὲρ

2161 5796 2203 5828 ’τ
2244 5793 2364 5853 Cen.
2424 5812 2483 5864 It,
2528 5795 2612 5853 ts.
2682 5797 2734 5830 "
2770 5799 2900 5854 ilia.
2941 5800 3024 5858 2L
