4052 6338
298 360 364 413 77
1383 358 1760 416 CONVIVIUM
1803 360 1839 414 D

1939 362 2024 417 ΕΜ
2064 363 2412 420 ViRGINL'M.
3445 371 3510 425 3’8

299 477 490 547 αὐτῆς,
534 479 634 532 ἵνα
672 479 865 546 αὐτὴν
893 479 1114 548 ἁγιάσῃ
1151 483 1477 550 καθαρίσας
1513 481 1593 548 τῷ
1624 484 1839 552 λουτρᾷ

1957 487 2382 554 pronuntiasset,
2415 490 2494 543 sic
2533 489 2784 541 nimirum
2817 497 2871 542 ut
2901 497 2953 544 et
2993 488 3245 546 Christus
3291 508 3404 562 ipse
3453 510 3511 548 se

297 570 402 623 τοῦ
427 570 648 637 ὕδατος
671 572 740 624 ἐν
760 571 978 640 ,ῥήματι
997 589 1010 602 ·
1041 573 1338 644 ἀνέδραμεν
1375 576 1452 636 είς
1489 574 1586 646 τὴν
1616 577 1654 627 Γ
1656 577 1851 637 ἐνεσιν,

298 663 651 733 ἐπιμνησθεὶς
679 664 786 717 τῶν
816 667 941 736 περ)⁵
966 667 1058 718 τὸν
1080 665 1498 735 πρωτόπλαστον
1522 668 1718 739 ῥητῶν,
1742 669 1856 734 €50-

301 752 542 821 μαλίζων
580 756 660 816 είς
692 754 782 807 τὸν
831 755 1184 824 προκείμενον
1225 754 1369 825 αὑτῷ
1413 757 1505 808 καὶ
1547 757 1684 810 αὐτὰ
1733 758 1855 810 νοῦν

296 845 391 914 τῆς
435 845 780 909 ὑποθέσεως·
822 848 964 909 ὅπως
1004 847 1075 917 μὴ
1109 847 1362 918 παράσχῃ
1393 847 1560 920 λαϐὴν
1595 852 1708 912 τοῖς
1762 867 1854 903 κε-

298 937 546 1005 φαλαίοις
611 939 1050 1009 καταχρήσασθαι
1105 937 1309 1000 τούτοις
1359 940 1483 1002 τοὺς
1534 941 1858 1010 πρεσϐεύον-

296 1048 392 1094 τας
422 1071 436 1090 ,
495 1032 766 1102 προφάσει
825 1033 1201 1100 τεκνογονίας,
1269 1034 1534 1105 σωμάτων
1594 1050 1858 1104 παρατρι-

299 1122 412 1185 ὕας.

1953 579 2140 648 gessit,
2174 581 2265 649 qui
2301 597 2354 634 se
2391 583 2557 650 ipsum
2591 596 2687 650 pro
2722 580 2958 634 Ecclesia
3002 583 3243 644 tradidit,
3293 595 3347 637 ut
3397 603 3514 639 eam

1953 670 2307 737 sanctiﬁcaret
2350 681 2397 724 et
2436 672 2708 725 mundaret
2741 672 2948 725 lavacro
2991 689 3139 742 aqua:
3176 676 3228 728 in
3263 675 3411 730 verba
3441 677 3511 738 ",

1954 765 2183 818 recurrit
2213 764 2278 817 ad
2311 763 2583 826 Genesim,
2610 782 2793 821 eorum
2821 782 2939 834 qua:
2963 766 3070 821 illic
3101 767 3167 822 de
3213 769 3387 836 primo
3416 770 3514 822 ho-

1956 853 2102 907 mine
2135 855 2391 909 dicuntur
2413 857 2738 911 mentionem
2774 857 3056 919 inducens,
3083 872 3256 926 exque
3285 858 3513 928 subjecti

1961 945 2263 1011 argumenti
2293 948 2558 1000 sententia
2587 947 2697 1001 haec
2721 948 2905 1002 eadem
2932 963 3233 1017 exponens,
3259 965 3328 1004 ne
3354 967 3513 1019 quam

1964 1035 2135 1088 sacris
2174 1035 2280 1090 illis
2308 1036 2488 1090 verbis
2519 1036 2771 1091 abutendi
2815 1037 3154 1090 occasionem
3186 1038 3254 1092 iis
3283 1040 3517 1106 praebeat

1959 1125 2075 1193 qui,
2121 1126 2410 1181 liberorum
2444 1127 2901 1196 procreandorum
2933 1133 3212 1197 praetextu,
3245 1127 3395 1184 hisce
3420 1142 3517 1188 v0-

1960 1217 2138 1272 ncrcis
2166 1219 2442 1273 immorari
2474 1220 2688 1274 docent.

1406 1334 1532 1391 CAP.
1567 1335 1658 1390 XI.
1691 1336 1764 1392 De
1790 1337 1968 1393 eodem
1999 1351 2326 1410 argumento.

373 1453 771 1524 Ἐπισκέψασθε
823 1455 965 1527 γὰρ,
995 1455 1074 1511 ὃτι
1106 1461 1426 1530 σωφρονεῖν,
1473 1455 1518 1513 ὦ
1564 1461 1816 1532 παρθένοι
1838 1502 1852 1523 ,

298 1546 430 1598 κατὰ
464 1547 666 1618 κράτος
701 1546 867 1600 θέλων
901 1551 1024 1612 τοὺς
1053 1553 1496 1616 πεπιστευκότας,
1537 1553 1622 1606 διὰ
1649 1554 1854 1608 πολλῶν

293 1639 471 1701 αὐτοῖς
501 1640 816 1711 τεκμηρίων
849 1641 1208 1712 ὑπεμφαίνειν
1257 1645 1508 1714 πειρᾶται
1542 1644 1601 1697 τὸ
1641 1645 1853 1716 ἀξίωμα

290 1733 382 1801 τῆς
405 1734 655 1802 ἁγνείας,
687 1735 776 1787 ὁτὲ
812 1735 932 1805 μὲν,
973 1736 1108 1802 Περὶ
1136 1736 1206 1789 δὲ
1251 1730 1340 1788 ὧν
1380 1737 1673 1806 ἐ-πράψατέ
1708 1757 1847 1807 μοι,

289 1825 480 1922 λέγων,
515 1828 721 1880 Καλὸν
764 1827 1051 1896 ἀνθρώπῳ
1082 1831 1365 1898 γυναικὸς
1399 1830 1484 1899 μὴ
1521 1831 1805 1887 ἅπτεσθαι
1831 1850 1843 1862 ·
1885 1869 1922 1922 Β

289 1914 505 1967 αὐτόθεν
537 1916 754 1981 δεικνὺς
795 1919 895 1989 ἢδη
944 1920 1249 1991 περιφανῶς
1270 1960 1283 1984 ,
1317 1922 1378 1973 τὸ
1412 1922 1485 1993 μὴ
1521 1919 1848 1995 προσψαῦειν

287 2006 538 2074 γυναικὸς
587 2004 726 2061 εἶναι
760 2010 940 2075 καλὸν,
987 2012 1256 2082 προτάξας
1289 2013 1417 2066 αὐτὸ
1467 2017 1557 2070 καὶ
1591 2016 1849 2088 προεκθέ-

291 2115 442 2167 μενος
476 2099 926 2170 ἀπολελυμένους
953 2099 1069 2157 εἶτα
1108 2103 1204 2174 τὴν
1234 2105 1510 2160 ἀσθένειαν
1543 2105 1697 2173 αὖθις
1730 2127 1850 2164 συνε-

291 2194 408 2246 ιὸὼν
439 2195 535 2246 καὶ
563 2194 662 2265 τὴν
696 2195 1030 2249 ὑπέκκαυσιν
1059 2197 1166 2250 τῶν
1214 2198 1605 2272 ἁκρατωτὲρων
1641 2202 1738 2273 τὴν
1771 2206 1850 2266 εἰς

288 2286 599 2348 συνουσίαν,
635 2287 978 2358 συνεχώρησε
1021 2290 1131 2352 τοῖς
1182 2290 1254 2362 μὴ
1305 2290 1619 2362 δυναμένοις
1663 2295 1847 2366 ἄρχειν

288 2378 486 2448 σαρκὸς
541 2379 775 2449 χρῆσθαι
826 2384 946 2443 ταῖς
990 2382 1195 2434 ἑαυτῶν
1237 2383 1482 2453 ὀμεύνοις
1525 2385 1760 2455 μᾶλλον,
1813 2388 1844 2458 ἢ

286 2471 736 2541 περιπίπτοντας
764 2472 1084 2542 ἀσχημόνως
1113 2475 1384 2544 ἐκκεῖσθαι
1410 2478 1534 2548 περὶ
1569 2479 1840 2548 πορνείας.

297 2563 506 2632 Ἀμέλει
544 2563 685 2634 μετὰ
723 2564 784 2616 τὸ
817 2565 1100 2636 ἐπιτρέψαι
1132 2567 1301 2620 ταῦτα
1332 2569 1531 2632 εὐθέως
1559 2572 1840 2642 παρήγαγε

284 2656 399 2708 τάδε
423 2673 437 2685 ·
476 2657 602 2710 Ἵνα
634 2657 721 2725 μὴ
777 2657 1012 2725 πειράζῃ
1039 2657 1194 2726 ὑμᾶς
1233 2664 1266 2713 ό
1299 2660 1564 2726 σατανᾶς
1593 2662 1688 2715 διὰ
1732 2663 1844 2730 τὴν

285 2749 604 2815 ἀκρασίαν.
644 2751 818 2822 Ὅπερ
855 2751 1034 2804 ἐστίν’
1071 2752 1131 2803 Εἰ
1181 2750 1254 2822 μὴ
1293 2751 1552 2816 δύνασθε,
1598 2746 1642 2805 ὦ
1675 2747 1839 2817 οὗτοι,

290 2841 601 2894 παντάπασι
638 2845 933 2912 σωφρονεῖν
962 2842 1048 2895 διὰ
1082 2842 1179 2914 τὴν
1207 2843 1479 2913 ὑγρότητα
1518 2841 1627 2896 τῶν
1660 2845 1845 2915 σωμά-

286 2948 404 2990 των,
454 2932 734 3004 ἐπιτρέψω
776 2932 972 3004 μᾶλλον
1020 2937 1137 2997 ταῖς
1173 2934 1317 3003 σφῶν
1350 2934 1526 2987 αὐτῶν
1571 2941 1842 2990 κοινωνεῖν

287 3027 576 3092 γαμεταῖςο
638 3025 723 3078 ἵνα
785 3024 878 3096 μὴ,
929 3026 1020 3079 καὶ
1056 3027 1376 3096 ἐγκράτειαν
1419 3027 1840 3094 ἐπαγγέλλεσθαι

288 3115 642 3185 νομιζόμενοι,
694 3117 1024 3188 πειράζησθε
1060 3118 1292 3188 συνεχῶς
1340 3118 1443 3172 ὑπὸ
1479 3119 1570 3173 τοῦ
1606 3119 1838 3192 πονηροῦ

287 3206 360 3266 τίς
393 3205 676 3278 ἀλλοτρίας
704 3207 1106 3277 ἐκφλεγόμενοι.

2025 1464 2377 1520 Considerate
2404 1465 2568 1524 enim.
2601 1481 2634 1519 ο
2679 1465 2928 1536 virgines.
2964 1475 3020 1520 ut
3069 1466 3291 1520 omnino
3319 1467 3512 1522 etiam-

1959 1572 2064 1626 que
2093 1565 2252 1626 atque
2277 1557 2438 1610 etiam
2473 1557 2656 1612 ﬁdeles
2691 1558 2758 1611 ad
2789 1559 3088 1612 castitatem
3115 1557 3372 1613 inducere
3401 1566 3512 1612 sat-

1958 1662 2141 1716 agens,
2181 1663 2274 1716 per
2303 1647 2466 1700 multa
2493 1656 2805 1718 argumenta
2829 1648 2936 1702 illis
2980 1648 3257 1703 insinuare
3284 1658 3511 1702 conetur

1955 1739 2073 1806 ejus
2112 1740 2512 1806 prmstantiam;
2541 1748 2599 1791 ut
2628 1755 2749 1792 cum
2782 1743 2940 1793 modo
2980 1741 3054 1792 ait
3095 1741 3172 1795 ‘°;
3211 1740 3287 1794 De
3321 1740 3508 1810 quibus

1957 1840 2126 1883 autem
2154 1831 2438 1899 scripsistis
2461 1831 2625 1884 mihi:
2661 1828 2861 1884 Bonum
2885 1849 2994 1886 esse
3019 1833 3213 1886 homini
3241 1833 3507 1888 mulierem

1951 1935 2052 1971 non
2101 1926 2346 1987 tangere;
2386 1919 2509 1974 inde
2538 1920 2648 1988 jam
2699 1920 2844 1976 clare
2873 1922 3185 1984 ostendens,
3221 1922 3506 1978 honestum

1950 2023 2206 2061 essenon
2253 2009 2508 2063 accedere
2554 2009 2622 2063 ad
2667 2026 2910 2075 uxorem,
2956 2027 3078 2064 cum
3124 2013 3225 2067 hoc
3260 2015 3507 2068 absolute

1950 2100 2351 2168 priestruxisset
2388 2116 2450 2154 ac
2480 2102 2866 2170 proposuisset.
2915 2102 3130 2164 Deinde,
3174 2104 3505 2160 inﬁrmitatis

1951 2191 2199 2246 liumanze
2225 2194 2498 2256 conscius,
2526 2204 2820 2263 testumque
2850 2195 3219 2250 vehementem
3248 2205 3506 2265 reputans

1948 2301 2055 2356 quo
2094 2285 2560 2354 intemperatiores
2605 2286 2656 2340 in
2691 2287 2892 2340 coitum
2931 2289 3236 2356 rapiuntur,
3269 2305 3375 2340 non
3411 2304 3507 2340 va-

1948 2379 2182 2432 lentibus
2206 2392 2421 2431 carnem
2455 2395 2518 2432 ex
2550 2379 2773 2448 imperio
2796 2394 3064 2442 coercere,
3091 2381 3204 2432 suis
3226 2380 3403 2448 potius
3426 2381 3503 2433 uti

1947 2468 2206 2522 uxoribus
2240 2469 2502 2536 permisit,
2535 2485 2696 2538 quam
2727 2477 2785 2522 ut
2817 2469 3068 2523 indecore
3100 2469 3151 2522 in
3185 2469 3503 2527 l'ornicarios

1946 2575 2273 2628 congressus
2322 2559 2686 2617 ellundantur.
2734 2561 2972 2630 Denique
3001 2562 3078 2615 sic
3114 2561 3250 2614 facta
3288 2562 3375 2615 illa
3421 2568 3504 2616 in-

1945 2648 2244 2719 dulgentia,
2282 2665 2405 2704 mox
2435 2650 2576 2704 istud
2610 2650 2807 2719 adjecit
2835 2653 2874 2682 ⁶¹
2905 2669 2918 2704 :
2952 2650 3033 2705 Ne
3060 2660 3214 2704 tentet
3246 2667 3331 2705 vos
3350 2651 3504 2704 Sata-

1945 2758 2062 2804 nas,
2091 2752 2302 2811 propter
2348 2744 2780 2797 incontinentiam
2818 2752 3061 2798 vestram.
3095 2743 3249 2809 Quod
3277 2753 3360 2799 cst
3392 2761 3406 2798 :
3442 2741 3500 2798 Si

1945 2851 2050 2888 non
2087 2836 2334 2904 potestis.
2371 2837 2506 2892 licus
2540 2853 2656 2898 vos,
2691 2837 2913 2892 omnino
2941 2838 2993 2892 in
3024 2841 3270 2893 castitate
3302 2839 3498 2900 vivere.

1885 2918 1892 2928 ’
1944 2936 2162 2997 propter
2212 2929 2456 2982 inclitam
2495 2930 2817 2998 corporibus
2851 2930 2957 2982 vim
2990 2930 3250 2992 libidinis,
3296 2930 3502 2986 suadeo

1943 3034 2006 3072 ac
2031 3019 2218 3072 hortor
2237 3029 2291 3072 ut
2309 3021 2504 3075 vestris
2524 3022 2702 3090 potius
2725 3021 2984 3075 uxoribus
3007 3023 3401 3084 consuescatis,
3433 3039 3499 3076 no

1939 3109 2068 3163 dum
2102 3111 2338 3178 proﬁteri
2374 3111 2625 3165 videmini
2654 3112 3060 3175 continentiam,
3093 3112 3369 3165 tentcmini
3416 3129 3501 3167 as-

1869 3213 1911 3270 c
1943 3202 2098 3256 sidue
2124 3218 2152 3254 a
2184 3205 2325 3256 malo
2361 3205 2622 3266 daemone,
2656 3205 2723 3258 ad
2757 3205 3048 3258 alienarum
3083 3204 3366 3258 mulierum
3396 3222 3496 3259 cu-

1945 3294 2220 3365 piditatem
2248 3295 2580 3353 inﬂammati.

891 3409 1016 3464 Car.
1041 3409 1153 3464 ΧΗ.
1184 3411 1386 3465 Paulus
1411 3409 1579 3467 viduis
1600 3413 1914 3482 exemplum,
1944 3423 1992 3468 et
2014 3414 2080 3466 iis
2106 3415 2195 3485 qui
2215 3413 2466 3468 uxoribus
2496 3431 2595 3468 non
2619 3423 2901 3468 tuerentur.

354 3527 487 3597 Φέρε
513 3527 613 3598 γὰρ
640 3527 780 3581 αὐτὰ
813 3527 1038 3597 κείμενα
1071 3528 1445 3599 διαθρήσωμεν
1491 3529 1836 3599 ἐπιμελέστε-

288 3635 419 3690 ρον·
464 3621 542 3674 ὅτι
591 3623 662 3692 μὴ
709 3621 1117 3691 ἀπολελυμένως
1155 3625 1183 3675 ὀ
1231 3623 1545 3686 Ἀπόστολος
1580 3621 1834 3675 ἐπένευσε

280 3711 449 3764 ταῦτα
495 3717 602 3776 τοῖς
634 3713 866 3777 πολλοῖς,
903 3713 1034 3768 ἀλλὰ
1071 3715 1324 3784 προσθεὶς
1351 3715 1448 3786 τὴν
1492 3716 1668 3769 αἰτίαν
1705 3717 1836 3788 πρό-

279 3821 468 3873 τερον,
518 3804 583 3856 δι’
614 3805 682 3874 ἦν
738 3807 817 3867 είς
875 3805 1029 3858 τοῦτο
1072 3806 1345 3880 παρήχθη.
1400 3808 1836 3879 Ἀποφηνάμενος

277 3895 422 3962 γοῦν,
457 3896 664 3949 Καλὸν
699 3893 850 3950 εἶναι
893 3895 1176 3964 ἀνθρώπῳ
1214 3898 1494 3966 γυναικὸς
1535 3898 1620 3968 μὴ
1657 3898 1834 3952 ἅπτε-

275 3991 408 4040 σθαι
431 4027 445 4050 ,
500 3987 701 4053 εὐθέως
765 3991 1080 4060 παρήγαγε·
1137 3989 1240 4043 Διά
1293 3989 1359 4043 δὲ
1402 3993 1505 4056 τὰς
1556 3995 1834 4059 πορνείας

271 4078 528 4144 ἕκαστος
556 4079 666 4147 τὴν
689 4080 903 4133 ἑαυτοῦ
934 4080 1184 4149 γυναῖκα
1209 4079 1407 4149 ἐχέτω.
1436 4083 1709 4148 Τουτέστι,
1746 4085 1830 4137 διὰ

272 4171 365 4241 τὴν
387 4171 634 4241 ἀνάγκην
654 4171 752 4240 τῆς
772 4173 1044 4241 πορνείας,
1079 4175 1124 4226 εί
1158 4175 1231 4243 μὴ
1257 4174 1448 4244 φέρετε
1473 4174 1715 4238 κολάζειν
1736 4175 1832 4247 τὴν

269 4265 482 4336 ἡδονήν.
517 4263 622 4317 Kal
652 4263 878 4333 ἑκάστη
910 4264 1062 4334 γυνὴ
1100 4265 1205 4318 τὸν
1234 4266 1384 4318 ἴδιον
1413 4266 1599 4334 ἄνδρα
1628 4266 1825 4336 ἐχέτω.

275 4357 353 4425 Τῇ
419 4358 656 4427 γυναικὶ
708 4361 741 4411 ό
790 4357 944 4424 ἀνὴρ
995 4357 1110 4425 τὴν
1162 4358 1413 4427 ὀφειλὴν
1467 4358 1824 4412 ἀποδιδότω·

269 4453 484 4519 ὁμοίως
511 4450 580 4502 δὲ
627 4451 723 4503 καὶ
763 4453 800 4518 ἡ
853 4450 1000 4519 γυνὴ
1039 4451 1119 4516 τῷ
1173 4451 1363 4519 ἀνδρί.
1424 4454 1491 4506 ’11
1530 4452 1683 4522 γυνὴ
1724 4453 1828 4504 τοῦ

2009 3531 2118 3600 Age
2141 3531 2306 3591 enim,
2339 3537 2649 3584 contextum
2679 3531 2855 3600 ipsum
2899 3531 3208 3601 diligentius
3240 3533 3496 3602 inspicia-

1941 3637 2082 3682 mus.
2118 3635 2181 3676 ac
2221 3622 2570 3676 observemus
2602 3637 2707 3674 non
2753 3621 2832 3675 sic
2863 3622 3107 3677 absolute
3139 3623 3253 3678 haec
3290 3625 3493 3693 passim

1940 3713 2190 3767 omnibus
2224 3711 2540 3780 Apostoluin
2573 3713 2934 3776 concessisse,
2969 3713 3062 3768 sed
3097 3714 3302 3780 adjecta
3342 3716 3494 3786 prius

1938 3818 2102 3858 causa
2133 3819 2198 3857 ex
2227 3819 2331 3873 qna
2362 3803 2424 3857 ad
2457 3803 2507 3857 id
2542 3800 2767 3859 adactus
2791 3814 2892 3860 est.
2923 3803 3055 3859 Cum
3083 3806 3261 3876 itaque
3291 3807 3342 3861 in
3379 3808 3492 3863 haec

1941 3897 2104 3950 verba
2139 3895 2459 3949 sententiam
2499 3895 2725 3950 dixisset
2755 3896 2837 3950 “z
2891 3895 3093 3950 Bonum
3139 3915 3249 3954 esse
3292 3898 3491 3954 homini

1942 3987 2207 4039 mulierem
2240 4004 2342 4040 non
2367 3995 2573 4056 tangere
2593 4027 2606 4048 ,
2641 3988 2818 4040 statim
2851 3987 3130 4057 subjunxit
3153 3991 3197 4022 ⁸³
3224 4007 3237 4043 :
3268 3989 3490 4062 Propter

1937 4080 2334 4149 fornicationem
2375 4090 2546 4132 autem
2581 4082 2927 4152 unusquisque
2963 4099 3112 4135 suam
3151 4098 3364 4137 uxorem
3393 4087 3490 4139 Ita-

1939 4174 2072 4224 beat.
2111 4170 2223 4226 Hoc
2265 4178 2369 4236 est,
2410 4181 2627 4241 propter
2667 4173 3040 4230 fornicationis
3084 4178 3485 4241 necessitatem,

1937 4259 1981 4313 si
2022 4260 2348 4328 voluptatem
2391 4261 2642 4315 cohibere
2664 4277 2770 4315 non
2795 4264 3095 4320 sustinetis.
3130 4263 3193 4316 Et
3235 4283 3488 4335 unaqueu-

1934 4368 2030 4419 que
2064 4352 2251 4405 mulier
2279 4356 2546 4421 proprium
2578 4355 2740 4406 virum
2775 4354 2982 4409 habeat.
3019 4355 3183 4410 Uxori
3224 4359 3302 4412 vir
3339 4358 3484 4411 debi-

1934 4453 2042 4495 tum
2074 4442 2278 4505 reddat,
2319 4443 2563 4496 similiter
2595 4453 2645 4496 et
2681 4460 2813 4497 uxor
2851 4447 2979 4498 viro.
3030 4446 3220 4500 Mulier
3248 4451 3331 4501 sui
3367 4465 3484 4501 cor-

271 4545 424 4598 ld’t'ov
481 4544 754 4612 σώματος
799 4546 909 4597 οὐκ
946 4543 1270 4608 ἐξουσιάζει
1294 4583 1308 4607 ,
1373 4546 1509 4599 ἀλλ’
1559 4549 1592 4599 ό
1645 4545 1825 4613 ἀνήρ·

1939 4536 2073 4599 poris
2101 4543 2402 4602 potestatem
2440 4552 2542 4588 non
2581 4535 2750 4599 habet,
2787 4537 2874 4590 sed
2907 4538 3016 4598 vir;
3055 4539 3296 4592 similiter
3323 4549 3372 4592 et
3407 4540 3484 4592 rir

269 4637 482 4706 ὁμοίως
509 4635 578 4688 δὲ
624 4637 720 4689 καὶ
773 4639 806 4690 ὁ
860 4635 1014 4704 ἀνὴρ
1065 4637 1168 4690 τοῦ
1205 4636 1354 4691 ἰδίου
1410 4637 1680 4706 σώματος
1718 4640 1828 4692 οὐκ

269 4726 616 4791 ἐξουσιάζει,
649 4727 784 4780 ἀλλ’
819 4728 857 4794 ἡ
887 4726 1057 4794 γυνή.
1098 4726 1192 4794 Μὴ
1227 4729 1603 4796 ἀποστερεῖτε
1643 4731 1828 4795 ἀλλή-

267 4823 436 4883 λους,
475 4821 527 4871 ει
549 4816 633 4886 μή
657 4834 712 4870 τι
741 4816 816 4871 ἀν
843 4818 911 4870 ἐκ
948 4818 1268 4886 συμφώνου
1302 4819 1449 4886 πρὸς
1475 4821 1699 4888 καιρὸν,
1727 4822 1827 4874 ἵνα

266 4908 596 4978 σχολάζητε
624 4909 699 4977 τῇ
725 4909 1066 4977 προσευχῇ·
1101 4912 1196 4965 καὶ
1232 4911 1416 4964 πάλιν
1447 4912 1543 4965 ἐπὶ
1587 4913 1652 4966 τὸ
1678 4913 1822 4966 αὑτύ

266 5002 660 5069 συνέρχεσθε,
691 5003 790 5054 ἵνα
823 5001 907 5070 μὴ
937 5001 1172 5070 πειράζῃ
1199 5000 1351 5071 ὑμᾶς
1377 5006 1408 5056 ό
1435 5001 1702 5069 σατανᾶς
1725 5004 1821 5057 διὰ

267 5097 376 5164 τήν
403 5097 723 5163 ἀκρασίαν.
760 5095 938 5149 Τοῦτο
962 5094 1028 5147 δὲ
1063 5094 1215 5165 λέγω
1257 5097 1406 5149 κατὰ
1441 5095 1821 5165 συγγνώμην,

264 5189 332 5239 οὐ
380 5185 514 5238 κατ’
549 5183 857 5252 ἐπιταγήν.
902 5182 1332 5253 Τεθεωρημένως
1385 5182 1440 5234 δὲ
1492 5182 1693 5252 σφόδρα
1733 5182 1827 5234 καὶ

264 5276 439 5330 τοῦτο.
479 5276 640 5330 Κατὰ
672 5275 1031 5345 συγγνώμην
1067 5274 1176 5345 γὰρ
1207 5275 1587 5345 ἐπεσημήνατο
1623 5273 1824 5343 συμϐε-

266 5367 614 5422 6ουλευκέναι
646 5367 760 5430 νῦν,
795 5369 854 5419 οὐ
897 5366 1012 5419 κατ’
1039 5367 1298 5436 ἐπιταγήν
1320 5382 1332 5395 ⁸
1379 5363 1562 5434 ἐπειδὴ
1593 5363 1686 5435 τὴν
1725 5365 1820 5433 μὲν

265 5464 531 5534 ἐπιταγὴν
553 5464 646 5516 ἐπὶ
676 5462 774 5532 τῆς
805 5458 1170 5529 σωφροσύνης,
1203 5457 1297 5510 καὶ
1328 5457 1420 5509 τοῦ
1458 5457 1528 5527 μὴ
1556 5457 1821 5511 ἅπτεσθαι

261 5555 516 5620 γυναικὸς
546 5554 839 5623 λαμϐάνει·
886 5551 981 5622 τὴν
1017 5550 1072 5604 δὲ
1105 5547 1427 5620 συγγνώμην
1468 5547 1560 5600 ἐπὶ
1598 5549 1706 5601 τῶν
1747 5551 1819 5619 μὴ

265 5645 593 5718 δυναμένων,
632 5647 708 5710 ὡς
737 5646 892 5714 ἔιρην,
935 5641 1176 5707 κολάζειν
1207 5641 1300 5710 τὴν
1346 5639 1652 5710 ἐπιθυμίαν.
1687 5641 1822 5714 Περὶ

1929 4627 2012 4678 sui
2042 4627 2272 4692 corporis
2309 4634 2615 4694 potestatem
2658 4645 2759 4680 non
2788 4627 2958 4688 habet,
3004 4628 3092 4683 sed
3126 4629 3330 4684 mulier.
3369 4629 3484 4683 No-

1930 4721 2019 4774 lite
2051 4719 2302 4790 fraudare
2328 4721 2563 4783 invicem,
2590 4721 2690 4774 nisi
2716 4721 2847 4790 forte
2879 4737 2943 4776 ex
2974 4739 3224 4777 consensu
3252 4723 3318 4777 ad
3355 4736 3483 4778 tem-

1928 4829 2046 4879 pus,
2076 4822 2131 4865 ut
2162 4813 2352 4867 vacetis
2378 4814 2613 4867 orationi
2637 4829 2653 4866 :
2681 4825 2729 4866 et
2752 4815 2940 4869 iterum
2969 4817 3284 4870 revertimini
3321 4818 3371 4870 in
3400 4817 3481 4870 id-

1928 4906 2098 4974 ipsum
2127 4923 2188 4958 ne
2220 4915 2376 4960 tentet
2416 4922 2503 4960 vos
2532 4905 2762 4962 Satanas
2791 4919 2999 4976 propter
3027 4911 3477 4963 incontinentiam.

1930 4997 2044 5051 Hoc
2079 5007 2248 5050 autem
2278 4998 2394 5050 dico
2427 4999 2710 5052 secundum
2740 4998 3138 5069 indulgentiam,
3166 5017 3266 5054 non
3299 5016 3483 5054 secun-

1927 5089 2051 5142 dum
2109 5090 2383 5158 imperium
2413 5090 2478 5145 “.
2536 5088 2940 5160 Circumspette
2991 5091 3278 5145 admodum
3337 5092 3481 5146 istud

1927 5184 2084 5236 etiam
2119 5182 2423 5250 appositum
2467 5191 2570 5237 est.
2607 5181 2903 5237 Secundum
2933 5181 3308 5252 indulgentiam
3333 5183 3478 5237 enim

1927 5274 2240 5342 significavit
2291 5289 2348 5329 se
2386 5291 2531 5330 nunc
2557 5276 2840 5330 consilium
2876 5275 3110 5339 dedisse,
3145 5291 3250 5330 non
3283 5291 3481 5331 secun-

1926 5367 2051 5420 dum
2096 5367 2399 5438 imperium.
2431 5366 2564 5421 Nam
2607 5369 2887 5438 imperiunm
2931 5369 3146 5438 quidem
3194 5369 3264 5422 ibi
3300 5368 3480 5439 potius

1927 5466 2174 5528 usurpat,
2219 5458 2310 5511 ubi
2354 5459 2656 5513 castitatem
2692 5459 2903 5522 suadet,
2931 5468 2984 5513 et
3022 5459 3166 5528 tangi
3201 5459 3478 5513 mulierem

1928 5556 2097 5611 vetat;
2134 5549 2519 5620 indulgentiam
2549 5566 2694 5612 vero,
2726 5553 2803 5605 uti
2827 5551 3094 5614 dicebam,
3130 5551 3234 5604 illis
3262 5551 3479 5606 adhibet

1927 5639 2018 5708 qui
2056 5641 2552 5710 concupiscentiam
2597 5642 2850 5696 cohibere
2878 5656 2983 5695 non
3017 5648 3262 5710 possunt.
3293 5640 3370 5694 Ac
3415 5641 3478 5695 de

333 5807 378 5836 "
422 5804 602 5856 Euius
650 5818 700 5853 v.
759 5800 847 5854 ‘26.
925 5797 968 5828 “
1013 5800 1036 5853 Ι
1080 5815 1199 5855 Lor.
1238 5815 1330 5854 vn.
1371 5800 1466 5854 [τ’
1509 5799 1633 5852 ἑόίιι.
1673 5797 1724 5852 5.
1804 5795 1839 5824 ⁸¹

1941 5793 1993 5848 id
2059 5795 2111 5882 i.
2186 5797 2228 5826 "
2269 5796 2392 5850 ibid.
2436 5797 2486 5850 Ξ.
2565 5797 2609 5828 ⁸⁸
2653 5796 2777 5853 ibid.
2823 5795 2938 5848 2-6.
