4052 6338
305 308 375 362 85
1390 316 1762 374 coxvmuu
1805 320 2028 376 ossea
2067 319 2425 378 vmcmuu.
3457 281 3523 372 ει.

305 435 418 496 τοὺς.
461 434 839 505 ἀσχημονῶσιν
873 435 1378 506 οἱστρηλατούμενοι
1421 439 1518 510 τὴν
1563 438 1757 511 ψυχήν.
1806 440 1871 493 Τί

1978 440 2188 511 perciti,
2223 437 2576 510 turpitudinis
2620 435 2824 509 aliquid
2873 439 3181 492 admittant.
3216 435 3356 503 Quid
3395 453 3523 493 vero

302 526 409 598 τὰρ
428 526 813 598 παραδίδωσιν,
835 527 1207 581 ἐπισκεπτέον.
1232 532 1299 583 El
1314 529 1379 583 δέ
1404 549 1490 595 τις
1505 531 1870 600 ἀσχημονεῖν

303 620 398 672 ἐπὶ
446 617 555 686 τῆς
610 619 910 688 παρθένου
955 619 1140 674 αὑτοῦ
1176 621 1416 690 νομίζει,
1461 624 1642 692 φησὶν,
1685 624 1792 678 ἐὰν
1830 619 1869 694 ᾗ

305 709 666 778 ὑπέρακμος,
693 711 792 764 και
829 710 1016 777 οὕτως
1045 712 1269 780 ὀφείλει
1292 713 1567 781 γενέσθαι
1592 731 1604 744 ο
1636 714 1668 767 ὃ
1711 713 1870 769 θέλει

306 803 573 855 ποιείτωο
623 804 736 871 οὐχ
804 801 1158 871 ἁμαρτάνει·
1200 805 1589 872 γαμείτωσαν.
1645 807 1870 871 Οἰκείως

305 891 537 945 ἐνταῦθα
575 893 886 964 προκρίνων
913 894 1002 946 τὸν
1040 895 1214 964 γάμον
1238 896 1336 965 τῆς
1371 897 1751 967 ἀσχημοσύνης
1781 899 1871 950 ἐπὶ

304 983 412 1036 τῶν
464 983 733 1053 ἑλομένων
784 986 883 1054 μὲν
930 985 1296 1057 παρθενεύειν,
1341 988 1870 1058 δυσανασχετούντων

305 1075 360 1127 δὲ
393 1075 453 1126 τὸ
485 1075 623 1144 μετά
650 1075 821 1129 ταῦτα
851 1078 942 1129 καὶ
972 1078 1362 1149 ἀποκαμόντων
1386 1097 1398 1109 ·
1443 1083 1535 1134 καὶ
1567 1081 1707 1152 λόγῳ
1751 1083 1868 1152 μὲν,

307 1166 369 1219 δι’
395 1165 530 1219 αέὂὼ
547 1167 648 1238 τὴν
676 1167 808 1238 πρὸς
843 1168 1179 1241 ἀνθρώπους,
1211 1172 1517 1242 αὐχούντων
1565 1175 1866 1244 ἐπιμένειν·

310 1259 451 1330 ipqu
479 1261 558 1321 δὲ,
585 1261 703 1314 ούδὲ
736 1263 1068 1334 μακρότερον
1105 1263 1438 1335 ὲνδιατρίῲαι
1465 1266 1769 1337 δυναμένων
1797 1268 1872 1339 τῷ

312 1352 673 1423 εύνουχισμῷ.
714 1354 815 1406 Τὸν
847 1354 1028 1424 μέντοι
1061 1355 1167 1425 (57)
1197 1357 1635 1428 αύτοκρατορικῷ
1665 1361 1753 1412 καὶ
1779 1363 1875 1414 αύ-

311 1446 546 1515 θαιρέτῳ
580 1445 831 1516 κρίνοντα
862 1447 1111 1517 προθέσει
1135 1452 1317 1521 τηρεῖν
1338 1451 1436 1523 τὴν
1473 1452 1663 1504 ἑαυτοῦ
1699 1453 1874 1523 σάρκα

313 1535 597 1604 παρθένον,
625 1535 722 1586 καὶ
742 1534 827 1603 μὴ
863 1537 1078 1602 ἔχοντα
1105 1539 1393 1608 ἀνάγκην,
1430 1543 1584 1612 (ὅπερ
1628 1543 1742 1594 ἐστὶ
1769 1543 1873 1595 πά-

309 1627 394 1690 θος
428 1627 825 1698 ἐπικαλούμενον
844 1629 942 1700 τὴν
973 1630 1140 1700 ὀσφὺν
1162 1635 1240 1695 εἰς
1264 1635 1574 1688 συνουσίαν·
1610 1633 1742 1688 εἶναι
1769 1636 1875 1706 γὰρ

311 1719 398 1770 καὶ
443 1718 728 1790 διαφορὰς,
782 1720 856 1783 ὡς
889 1721 1054 1786 εἰκὸς,
1087 1722 1351 1793 σωμάτων
1375 1725 1414 1793 ’)
1465 1725 1638 1796 τούτῳ
1666 1727 1877 1797 διαμιλ-

1974 533 2172 600 tradat,
2203 532 2641 588 examinandum.
2676 529 2829 596 Quod
2859 532 2904 585 ti
2937 530 3052 600 quis
3081 541 3228 597 turpe
3253 527 3352 583 sibi
3379 528 3524 583 ducit

1973 628 2027 683 in
2070 627 2265 697 virgine
2307 643 2424 691 sua,
2457 626 2502 678 si
2537 633 2814 693 prwtereat
2843 622 3067 676 nubendi
3109 631 3326 690 tempus,
3361 631 3414 676 et
3449 623 3524 676 sic

1975 730 2173 789 oportet
2197 721 2346 788 ﬁeri;
2377 718 2513 788 quod
2541 718 2647 772 vult
2679 717 2877 786 faciat;
2909 733 3012 770 non
3053 725 3231 784 peccat
3257 732 3275 771 :
3289 716 3524 786 jungun-

1974 823 2058 864 tur
2092 811 2430 866 matrimonio
2453 811 2518 861 ⁷³.
2547 809 2808 879 Apposite
2855 808 2941 862 hic
2983 807 3200 878 nuptias
3231 805 3524 876 praeferens

1973 904 2318 975 turpitudini,
2363 904 2417 957 in
2463 903 2568 957 illis
2593 901 2684 970 qui
2719 908 2935 970 arrepto
2967 901 3297 972 virginitatis
3327 915 3520 970 propo~

1974 1000 2102 1062 sito,
2151 1014 2289 1069 aegre
2321 995 2512 1051 deinde
2562 995 2740 1050 ferunt
2781 994 3082 1064 animisque
3129 993 3429 1062 fatiscunt;
3475 1006 3531 1050 et

1974 1105 2219 1146 surmone
2250 1088 2490 1160 quidem.
2533 1104 2643 1158 pra:
2678 1089 2915 1142 humano
2954 1086 3156 1158 pudore
3191 1090 3526 1158 propositum

1975 1195 2033 1235 se
2081 1189 2264 1233 tenere
2297 1178 2614 1248 gloriantur,
2667 1193 2725 1231 re
2771 1185 2947 1231 autem
2998 1178 3135 1246 ipsa,
3190 1191 3289 1230 nec
3335 1178 3531 1247 longas.

1975 1273 2110 1326 sime
2148 1272 2384 1326 salutare
2435 1269 2848 1323 eunuchismum
2898 1277 3145 1336 possunt.
3195 1266 3296 1334 Qui
3347 1275 3528 1320 tamen

1977 1368 2146 1420 libero
2180 1365 2374 1433 suique
2417 1362 2558 1431 juris
2602 1360 2880 1432 proposito
2921 1375 3039 1415 eam
3081 1360 3178 1415 sibi
3221 1361 3390 1430 legem
3441 1361 3527 1422 in,-

1974 1457 2190 1518 dixerit,
2225 1463 2282 1510 ut
2311 1469 2531 1509 carnem
2575 1469 2729 1508 suam
2780 1461 2956 1507 servet
3008 1452 3304 1522 virginem;
3343 1456 3531 1523 quique

1977 1566 2076 1604 ιιυιι
2107 1547 2254 1602 habet
2273 1545 3012 1616 necessitatem".(libidinem
3043 1545 3251 1602 scilicet
3280 1547 3334 1600 in
3363 1562 3524 1615 copu-

1977 1641 2081 1694 lam
2115 1639 2330 1694 lumbos
2378 1637 2725 1704 ineitantem;
2755 1652 2876 1691 esse
2921 1637 3064 1691 enim
3111 1652 3208 1707 par
3231 1645 3314 1692 est
3351 1639 3530 1692 varias

1977 1747 2265 1801 corporum
2296 1730 2548 1803 indoles),
2588 1730 2716 1784 huic
2752 1727 2957 1784 Paulus
2983 1730 3213 1784 certanti
3243 1738 3402 1800 atque
3436 1749 3530 1801 pu-

307 1809 534 1880 λωμένῳ
559 1812 653 1862 καὶ
683 1810 980 1865 διαϐλοῦντι
1018 1814 1110 1866 κα)⁴
1140 1815 1440 1879 σπουδαίως
1462 1817 1767 1888 ἐπιμένοντι
1810 1823 1874 1890 τῇ

1978 1825 2188 1895 guanti,
2222 1825 2386 1894 iuqttc
2418 1823 2757 1894 professione
2785 1831 3006 1878 strenue
3039 1824 3429 1892 perseveranti,
3467 1840 3532 1878 ac

309 1901 632 1971 ἐπαγγελία,
666 1903 758 1954 καὶ
805 1903 1006 1973 ταύτην
1031 1904 1224 1976 ἄριστα
1264 1906 1745 1982 διαπεραινομένῳ,
1779 1929 1876 1964 πα-

309 1993 662 2064 ρακελεύεται
696 1995 877 2064 μένειν
900 1999 992 2048 καὶ
1025 2001 1228 2069 τηρεῖν,
1251 2001 1314 2070 τῇ
1343 2001 1604 2074 παρθενίᾳ
1630 2003 1696 2056 τὰ
1731 2020 1876 2076 πρω-

310 2090 421 2139 τεῖα
449 2088 650 2158 νέμων.
693 2090 752 2142 '0
783 2089 892 2159 γὰρ
921 2089 1232 2160 δυνάμενος,
1261 2093 1412 2162 φησὶ,
1443 2097 1534 2146 καὶ
1569 2095 1874 2165 φιλοτιμού-

315 2197 468 2246 μενος
499 2183 685 2251 τηρεῖν
709 2181 806 2252 τὴν
839 2180 1032 2234 ἑαυτοῦ
1084 2182 1260 2253 σάρκα.
1303 2185 1589 2254 παρθένον,
1634 2189 1876 2257 κρεῖττον

316 2275 480 2324 ποιεῖ⁹
505 2274 533 2324 ὁ
565 2273 621 2326 δὲ
663 2272 738 2344 μὴ
771 2273 1086 2343 δυνάμενος,
1122 2274 1371 2345 γαμίζων
1395 2276 1451 2328 δὲ
1482 2277 1750 2347 νομίμως,
1786 2279 1877 2332 καὶ

311 2362 385 2434 μὴ
411 2364 816 2438 λαθροφθορῶν,
865 2364 1060 2430 καλῶς.
1112 2368 1221 2421 Καὶ
1263 2369 1390 2440 περὶ
1428 2369 1523 2440 μὲν
1563 2370 1761 2424 τούτων
1791 2373 1880 2425 αύ-

311 2455 550 2525 τάρκως.

382 2652 608 2706 Adsero
661 2653 718 2708 δὲ
777 2657 914 2726 μετά
974 2658 1155 2730 χειρὸς
1193 2661 1221 2712 ὁ
1265 2659 1582 2730 βουλόμενος
1617 2660 1712 2732 τὴν
1746 2661 1878 2732 πρὸς

317 2745 626 2816 Κορινθίους
672 2748 1006 2821 Ἐπιστολὴν,
1043 2752 1137 2805 καὶ
1183 2751 1300 2805 καθ’
1351 2753 1576 2806 ἕκαστον
1616 2753 1879 2824 ὁμιλήσας

317 2841 421 2901 1ιιδίς
438 2841 938 2911 ἐγγεγραμμένοις,
969 2842 1089 2896 τότε
1109 2845 1202 2897 καὶ
1225 2845 1293 2898 τὰ
1315 2845 1404 2914 ὑφ’
1433 2845 1588 2915 ἡμῶν
1614 2843 1878 2917 λεγόμενα

319 2930 620 2999 eam,
671 2933 1170 3004 ἀντιπαραϐάλλων,
1222 2937 1270 2988 εί
1323 2935 1396 3008 μὴ
1433 2937 1747 3007 συμφωνίας
1779 2938 1880 2992 πά-

321 3033 412 3087 σης
444 3019 663 3088 ἔχονται
689 3022 784 3074 καὶ
815 3023 1188 3095 ὁμοφροσύνης
1222 3026 1318 3096 τῆς
1354 3026 1490 3097 πρὸς
1518 3027 1674 3080 αὑτά.
1699 3026 1881 3080 Ταῦτά

325 3127 398 3162 cet
453 3112 595 3165 κατὰ
653 3114 881 3186 δύναμιν
930 3116 1069 3187 ὑπὲρ
1117 3117 1355 3186 ἁγνείας,
1381 3113 1424 3172 ὦ
1477 3119 1690 3190 Ἀρετὴ,
1727 3119 1880 3188 κάγὼ

322 3207 563 3274 συνεισφέ
571 3225 649 3277 ρω
656 3246 669 3258 .

389 3297 678 3351 ΕΥΒΟΥΛ.
703 3299 911 3371 Σφόδρα
938 3300 1024 3354 διὰ
1061 3302 1288 3368 πολλῶν,
1310 3298 1354 3357 ὦ
1384 3305 1698 3377 Γρηγόριον,
1734 3308 1884 3378 μόλις

321 3385 397 3450 ἐῢς
425 3392 484 3442 τε
515 3391 876 3462 προκείμενον
909 3395 1155 3463 ἀφίκετο,
1205 3397 1540 3468 μακρότατον
1585 3398 1887 3470 ἀναμετρη-

323 3481 656 3549 οσιμένηααὶ.
681 3485 1046 3554 περαιωθεῖσα
1072 3486 1306 3555 πέλαγος
1335 3488 1528 3556 λόγων.

399 3573 434 3624 Γ
439 3571 564 3624 ΡΗΓ
570 3613 581 3624 .
619 3574 836 3627 Ἔοικεν
852 3575 1024 3641 οὕτως
1048 3576 1216 3648 ἔχεινέ
1255 3578 1368 3631 ἀλλ’
1401 3579 1493 3641 ἴθι,
1525 3580 1703 3634 καὶτὰ
1725 3581 1885 3634 λοιπὰ

319 3672 518 3743 ἐφεξῆς
577 3677 1068 3746 μνημονεύσαντες,
1103 3678 1519 3749 μιμητικώτατα
1567 3680 1882 3750 διέλθωμεν,

317 3755 392 3814 ὧν
419 3763 500 3816 ἑτι
553 3765 772 3818 ἔναυλον
806 3767 1067 3838 ἀκρόασιν
1097 3767 1239 3838 ἔχειν
1274 3786 1362 3839 μοι
1407 3769 1566 3836 δοκῶ,
1597 3772 1726 3841 πρὶν
1760 3773 1886 3825 ἀπο-

319 3854 516 3923 πτῆναι
565 3860 660 3911 καὶ
690 3857 969 3927 διαφυγεῖν
989 3878 1002 3889 ο
1034 3859 1396 3927 εὐεξάλειπτοι
1440 3863 1548 3934 γὰρ
1568 3863 1700 3917 νέων
1725 3865 1886 3916 ἀκου-

319 3948 540 4016 σμάτων
577 3950 787 4021 μνῆμαι
823 3952 1110 4020 γερόντων.

388 4037 678 4091 εΥΒΟΥΛ.
744 4039 899 4094 Ἀλλά
933 4041 1056 4109 λέγε
1085 4059 1100 4072 ο
1128 4042 1331 4096 τούτων
1377 4043 1486 4116 γὰρ
1519 4047 1610 4099 καὶ
1637 4046 1886 4117 ἐληλύθα-

317 4142 417 4195 μεν
441 4127 693 4197 ἀσμένως
717 4130 1071 4202 ἀκουσόμενοι
1098 4131 1203 4185 τῶν
1239 4132 1429 4202 λόγων.

389 4310 585 4362 ῐῬῐ-ῘΓ.
616 4311 724 4362 Ναι
761 4311 856 4378 μὲν
901 4309 986 4380 δὴ,
1015 4309 1264 4382 καθάπερ
1289 4309 1466 4376 εἶπας,
1497 4312 1634 4382 μετά
1660 4313 1718 4365 τὸ
1751 4330 1884 4366 κατ-

317 4401 549 4472 ηθῆναι
603 4401 697 4471 τὴ)
753 4401 977 4454 Θάλειαν
1016 4400 1235 4472 δρόμοις
1272 4405 1602 4473 ἀκυμάντοις
1650 4405 1726 4467 εἰς
1779 4405 1875 4474 τὴν

315 4495 443 4562 γῆν,
490 4497 525 4564 ἡ
576 4494 860 4565 Θεοπάτρα
901 4493 1096 4566 ἐφεξῆς
1138 4495 1497 4560 ἀπολαϐοῦσα,
1555 4498 1752 4568 ἑαυτὴν
1779 4497 1880 4568 ἔφη

314 4604 488 4640 ιιπειν
518 4603 659 4640 ταοε.

391 4745 488 4800 "1
519 4746 642 4802 Cor.
681 4765 775 4814 HI,
813 4749 905 4806 56.
981 4749 1027 4781 "
1056 4749 1184 4803 ibid.
1232 4750 1319 4804 57.

389 4901 500 4970 (57)
540 4901 651 4955 Τὸν
670 4902 892 4971 μέντοι.
934 4903 1116 4957 Allatii
1163 4904 1352 4964 codex,
1385 4905 1499 4973 ipse
1562 4904 1682 4958 istis
1716 4904 1877 4957 dimi-

310 4983 503 5045 putus,
557 4973 662 5027 alia
703 4977 852 5043 ponit
891 4976 1088 5045 quibus
1117 4976 1306 5028 innuat
1335 4992 1450 5028 eam
1485 4976 1874 5043 indulgentiam

310 5042 490 5106 Pauli,
525 5055 583 5097 ut
612 5042 714 5114 qui
739 5042 1303 5100 habet—necessitatem
1321 5056 1373 5099 et
1406 5048 1607 5114 patitur
1629 5042 1878 5101 stiunulos

311 5131 374 5168 ac
403 5130 551 5183 aegre
585 5117 848 5178 continet,
883 5118 1193 5184 t.'0lljugtlttlt
1233 5117 1398 5180 ineat,
1426 5133 1522 5170 nec
1547 5116 1637 5170 illo
1671 5127 1874 5185 peccet,

310 5188 419 5240 illis
445 5188 715 5238 duntaxat
749 5187 1007 5255 prodesse
1051 5188 1141 5256 qui
1192 5203 1249 5242 Se
1283 5195 1408 5239 voto
1441 5203 1546 5240 non
1571 5187 1879 5240 obstrinxe-

307 5268 437 5310 runt
474 5257 666 5316 :aliis,
712 5272 812 5310 nec
867 5260 1039 5325 ipsam
1099 5262 1476 5311 necessitatem
1537 5257 1876 5311 excusationi

316 5330 450 5388 fore,
492 5344 559 5382 ne
585 5344 685 5396 suo
726 5327 826 5396 ipsi
852 5328 1059 5395 judicio
1088 5327 1431 5382 condemnati
1473 5327 1602 5382 sint.
1647 5328 1885 5380 Δύτοκα-

311 5402 582 5470 τάκριτοι,
615 5395 721 5453 Tit.
747 5395 840 5459 iu,
874 5400 961 5457 Η,
985 5399 1095 5470 ipsi
1136 5399 1236 5454 sibi
1263 5407 1723 5470 reatusauctnres
1748 5414 1761 5459 ;
1786 5398 1880 5467 qui

314 5468 431 5522 non
481 5473 733 5523 Consulta
775 5485 872 5523 sua
909 5468 1086 5523 indute
1119 5479 1172 5522 et
1219 5478 1416 5521 mentis
1451 5468 1564 5537 ipsa
1603 5470 1878 5532 lirmitate,

315 5541 487 5594 ievius
526 5551 713 5594 votum
747 5541 998 5592 emisere.
1034 5541 1141 5592 Καὶ
1183 5539 1286 5610 μὴν
1312 5539 1644 5610 αὐθαιρέτως
1681 5540 1883 5609 κρίνον-

310 5619 401 5664 ται
446 5615 492 5664 οἱ
538 5612 771 5664 τοιοῦτοι
820 5610 967 5679 παρά
1012 5611 1106 5679 τὴν
1132 5609 1458 5678 ἐπαγγελίαν
1486 5609 1676 5662 αὐτῶν.
1720 5611 1880 5676 Atqui

313 5701 412 5735 sua
446 5684 542 5748 ἱρεὶ
569 5683 839 5736 voluntate
886 5683 938 5732 Ιιὶ
997 5685 1125 5735 tates
1187 5683 1618 5739 condemnamur,
1671 5695 1879 5750 propter

316 5770 464 5803 suum
488 5768 685 5807 colum.
724 5752 864 5806 Velit
916 5752 1076 5821 igitur
1128 5751 1430 5806 Methodins
1465 5754 1598 5811 (sive
1627 5755 1878 5820 quisquis

316 5836 491 5880 auctet
525 5836 606 5881 cst
632 5824 797 5890 hujus
818 5825 972 5890 quasi
999 5824 1208 5885 SCIIOiiii
1243 5821 1391 5876 Pauli
1427 5823 1875 5884 lispcns..tiuncm

1909 3205 1956 3262 ο

1977 1918 2208 1972 stadium
2258 1917 2359 1972 hoc
2405 1917 2662 1986 praeclare
2702 1915 3032 1978 decurrenti,
3083 1917 3284 1985 primas
3319 1916 3530 1980 tribuit,

1975 2011 2102 2064 dum
2143 2010 2338 2078 emptis
2381 2022 2604 2062 manere
2639 2021 2702 2060 ac
2733 2021 2951 2062 servare
2980 2006 3230 2060 hortatur
3264 2007 3408 2075 quod
3441 2024 3530 2072 ge-

1976 2116 2184 2156 nerosae
2221 2099 2420 2153 indolis
2470 2099 2746 2168 proposito
2786 2099 2864 2152 illi
2897 2099 3248 2152 constitutum
3295 2101 3386 2153 sit.
3427 2097 3531 2164 Qui

1975 2195 2116 2250 enim
2157 2201 2352 2263 potest,
2403 2193 2599 2262 inquit,
2643 2191 2921 2260 ambitque
2961 2207 3178 2244 carnem
3220 2205 3372 2245 suam
3417 2205 3533 2243 ser-

1976 2304 2106 2342 vare
2143 2286 2424 2356 virginem,
2474 2284 2666 2338 melius
2722 2283 2876 2350 facit;
2912 2282 3002 2348 qui
3050 2291 3230 2336 autem
3281 2298 3387 2335 non
3432 2298 3530 2350 po-

1976 2385 2104 2439 test,
2152 2376 2390 2446 legitime
2439 2383 2618 2428 autem
2665 2374 2884 2442 nuptias
2933 2372 3052 2434 init,
3087 2386 3185 2424 nec
3225 2387 3282 2424 se
3319 2372 3530 2426 furtivi:

1977 2466 2254 2521 cubilibus
2301 2466 2570 2536 inquinat,
2613 2464 2750 2518 bene
2776 2470 2830 2519 et
2868 2463 2990 2534 ipse
3031 2462 3180 2517 facit.
3227 2460 3422 2517 Verum
3466 2463 3535 2517 de

1978 2559 2063 2614 bis
2087 2559 2352 2612 hactenus
2385 2558 2540 2613 satis.

2052 2652 2243 2706 Sumat
2275 2652 2366 2722 qui
2398 2652 2541 2706 volet
2584 2650 2726 2704 hanc
2759 2649 2823 2702 ad
2858 2648 3172 2704 Corinthios
3207 2647 3358 2702 Pauli
3406 2647 3533 2716 [ἰρί-⁴

1979 2746 2193 2808 stolam,
2227 2751 2280 2798 et
2312 2743 2541 2814 singulis
2579 2738 2695 2809 ejus
2731 2741 2834 2794 loci
2882 2741 3128 2810 partibus
3170 2749 3423 2795 accurate
3453 2745 3536 2794 in—

1981 2841 2204 2910 spectis,
2238 2839 2352 2893 haec
2386 2853 2507 2908 qua;
2543 2837 2782 2892 diximus
2817 2837 2981 2892 etiam
3027 2837 3352 2898 consideret,
3405 2836 3536 2887 alia-

1980 2950 2085 3004 que
2107 2933 2228 2987 aliis
2255 2940 2565 3002 componat,
2599 2946 2725 2986 num
2752 2945 2848 3000 per
2881 2930 3062 2984 omnia
3089 2928 3424 2984 consentiant
3455 2934 3534 2978 at-

1979 3043 2085 3097 que
2107 3033 2428 3095 congruant.
2468 3023 2590 3078 Ηαξσ
2613 3023 2708 3077 tibi
2737 3036 2834 3091 pro
2860 3021 3066 3076 viribus
3094 3021 3160 3075 de
3190 3021 3532 3080 caStimonta,

1981 3133 2014 3172 ο
2038 3119 2218 3181 Arete,
2247 3132 2313 3171 ex
2345 3116 2480 3172 meis
2500 3126 2552 3170 et
2583 3115 2698 3185 ipsa
2729 3113 3035 3168 rationibus
3061 3111 3310 3166 confero.

2054 3300 2302 3356 EUBUL.
2345 3298 2515 3366 Quam
2552 3298 2735 3353 multis
2759 3339 2773 3360 ,
2806 3296 3122 3367 Gregorium
3149 3337 3165 3355 ,
3196 3296 3285 3348 vix
3321 3295 3537 3350 tandem

1985 3396 2162 3459 attigit
2222 3393 2601 3464 propositum,
2666 3389 3040 3460 longissimum
3103 3403 3322 3442 emensa
3378 3397 3539 3458 atque

1983 3495 2324 3554 transgressa
2355 3483 2576 3552 pelagus
2609 3482 2953 3535 sermonum!

2055 3575 2257 3631 GREG.
2298 3575 2374 3628 lta
2421 3573 2654 3637 videtur,
2709 3580 2768 3626 ut
2812 3572 2952 3628 dicis
2985 3593 2996 3626 :
3028 3572 3118 3626 sed
3167 3588 3283 3642 age,
3333 3573 3537 3640 reliqua

1984 3673 2144 3727 etiam
2193 3677 2410 3725 servato
2442 3665 2654 3733 ordine,
2698 3673 2753 3720 et
2802 3673 2860 3719 ut
2911 3667 3248 3726 acciderunt,
3298 3665 3541 3732 vestigiis

1986 3760 2355 3832 pet-orantium
2403 3758 2718 3812 insistentes
2750 3770 3154 3824 percurramus,
3191 3757 3363 3811 donec
3409 3757 3538 3810 mihi

1985 3852 2192 3908 auditio
2223 3852 2311 3905 illa
2344 3851 2400 3904 in
2447 3849 2674 3904 auribus
2704 3850 3019 3919 perstrepit,
3053 3857 3342 3918 antequam
3373 3847 3541 3918 fugiat

1985 3947 2268 4014 avoletque
2295 3963 2307 3998 :
2334 3942 2491 3998 facile
2518 3943 2662 3997 enim
2690 3945 2998 3998 recordatio
3028 3955 3207 3998 rerum
3234 3941 3540 3995 auditarum

1983 4055 2047 4094 ex
2084 4040 2342 4092 memoria
2371 4037 2582 4092 deletur
2609 4053 2821 4093 senum.

2056 4131 2304 4188 EUBUL.
2348 4133 2442 4186 llic
2482 4148 2654 4188 sane:
2687 4131 2876 4184 talium
2909 4130 3052 4186 enim
3095 4143 3405 4184 sermonum
3455 4141 3544 4181 au-

1984 4227 2192 4282 ditores
2229 4227 2411 4297 cupidi
2440 4227 2812 4281 convenimus.

2056 4319 2261 4373 GBEG.
2309 4318 2408 4374 Ubi
2465 4335 2625 4389 ergo.
2684 4329 2743 4372 ut
2795 4326 2942 4372 recte
3005 4315 3258 4375 dicebas,
3311 4328 3544 4368 excurso

1985 4413 2280 4481 tranquillo
2329 4411 2562 4482 quodam
2613 4410 2807 4480 prolixi
2847 4410 3115 4463 sermonis
3160 4420 3398 4475 aequore.
3438 4414 3547 4455 lcr-
3635 4437 3638 4444 ι

1987 4519 2099 4556 ram
2131 4502 2421 4572 aliquando
2455 4500 2644 4555 Thalia
2672 4501 2844 4554 tenuit
2874 4518 2887 4554 :
2919 4514 3035 4553 eam
3068 4497 3373 4566 Theopatra
3399 4497 3548 4548 exci~

1910 4574 1954 4629 Β
1983 4591 2156 4662 piens,
2194 4608 2253 4647 se
2303 4593 2357 4648 in
2401 4591 2544 4645 hunc
2575 4589 2793 4645 modum
2826 4589 3062 4644 locutam
3104 4587 3220 4656 ipsa
3254 4583 3544 4640 referebat.

3319 4832 3344 4855 ι

1979 4923 2088 4962 non
2138 4907 2364 4972 tollere;
2417 4907 2547 4975 quin
2605 4903 2866 4973 sacrilega
2914 4902 3166 4971 coniugia
3198 4903 3542 4961 sinteorum,

1980 4979 2072 5048 qui
2099 4979 2206 5030 voti
2232 4974 2501 5032 castitatis
2525 4977 2625 5036 rei.
2652 4983 2908 5048 praetexta
2935 4975 3174 5048 libidinis
3200 4974 3547 5048 necessitate,

1981 5043 2088 5102 iiiis
2141 5048 2349 5101 inhiant
2382 5068 2394 5101 :
2429 5056 2487 5101 ut
2536 5043 2843 5103 nec—modo
2873 5045 3029 5098 facile
3053 5043 3424 5113 praesumenda
3457 5050 3547 5094 aut

1981 5119 2248 5174 credenda
2269 5119 2461 5187 juvare
2490 5135 2553 5174 ea
2583 5117 2913 5186 indulgentia
2938 5116 3028 5176 sit,
3055 5112 3119 5167 ac
3147 5115 3250 5167 nisi
3281 5112 3430 5187 gravi
3453 5113 3547 5166 ad-

1986 5191 2204 5243 modum
2255 5185 2418 5243 causa
2448 5206 2461 5255 ;
2516 5185 2830 5256 cumque’in
2867 5187 3061 5239 litteris
3093 5185 3410 5252 apostolicis
3445 5199 3549 5256 una

1985 5261 2097 5314 haec
2130 5262 2240 5314 fere
2291 5253 2985 5329 eXpriinatur,periculum
3032 5257 3226 5329 salutis
3259 5257 3453 5308 anima:
3481 5253 3550 5308 ob

1991 5346 2182 5400 graves
2213 5327 2462 5384 stimulos
2490 5327 2702 5389 carnis,
2744 5330 2948 5389 nescio,
2986 5327 3081 5400 qui
3109 5327 3230 5400 illos
3260 5329 3554 5400 sic__gl'a\_tes

1993 5396 2098 5454 non
2157 5410 2378 5470 patitur,
2433 5409 2488 5455 et
2551 5411 2607 5454 ut
2657 5401 3030 5470 necessitatem
3073 5399 3290 5460 habere,
3329 5396 3553 5450 Paulina

1989 5469 2196 5542 plirnsi,
2224 5472 2571 5540 intelligatur,
2602 5471 2697 5525 scd
2726 5472 2861 5523 alias
2900 5469 2968 5522 ub
2991 5484 3202 5542 causas,
3244 5477 3373 5542 puta
3403 5483 3553 5542 conio

1988 5539 2130 5596 inedi
2199 5539 2540 5611 terimur-alis,
2600 5551 2692 5594 aut
2756 5544 2920 5594 etiam
2985 5541 3128 5592 taedii
3191 5539 3556 5611 mollescentis

1988 5614 2177 5674 animi,
2201 5607 2384 5668 secum
2415 5613 2720 5682 dispensari
2760 5616 2912 5681 petit,
2945 5622 3107 5682 etiam
3130 5623 3391 5678 expressa
3421 5607 3554 5662 veri-

1989 5691 2116 5746 tate,
2148 5700 2242 5756 per
2269 5700 2391 5756 eum
2420 5681 2617 5756 styium
2652 5686 2837 5744 muriae.
2887 5698 2912 5734 a
2947 5681 3188 5751 periculo
3232 5683 3426 5736 anima
3476 5688 3552 5731 tu-

1987 5762 2073 5811 tus
2105 5755 2290 5811 Laberi
2325 5756 2510 5826 possit.
2544 5755 2828 5812 CHIBEFIS.
