4052 6338
615 327 676 384 9|
1526 322 1580 378 δ.
1625 322 1951 379 ΜΕΤΗοοιι
1995 322 2298 380 EPiSCOPl
2339 323 2426 378 ΕΤ
2462 320 2818 379 ΜΑιιτγιιιε
3762 316 3850 373 99..

614 449 753 504 viret
792 462 855 503 ac
904 445 1123 508 crescit,
1175 443 1257 500 sic
1304 442 1475 498 beatae
1517 442 1844 513 virginitatis
1873 459 1937 499 ea
1969 444 2158 498 indole:

2278 443 2478 515 νάμασι
2528 441 2844 514 ἀρδεύεται,
2887 440 3047 511 σοφία
3109 438 3513 510 καταψεκάζων.
3579 436 3676 493 ’ον
3726 417 3857 511 γὰρ’

613 546 730 605 est,
759 545 820 593 ut
875 538 1046 593 sacris
1103 551 1222 590 eam
1284 534 1605 605 impinguari
1637 536 1981 591 sermonibus
2009 544 2172 605 atque

614 629 877 686 doctrinis
923 628 989 681 ad
1032 627 1333 682 llorendum
1393 636 1555 697 atque
1607 627 1894 697 vigendum
1950 643 2174 683 necesse

617 721 710 782 sit,
742 733 842 773 nec
881 717 1040 771 aliter
1088 717 1140 771 in
1186 732 1306 771 eam
1353 719 1546 773 molem
1601 717 2016 788 firtnitatemquc
2048 735 2172 789 pro-

2271 535 2471 605 τρόπον
2507 533 2567 587 τὸ
2598 531 2809 602 δένδρον
2843 529 3000 584 τοῦτο
3045 530 3356 601 χλοηφορεῖν
3394 530 3631 599 πέφυκεν
3682 528 3848 582 ὒδατι

2273 627 2368 679 καὶ
2395 625 2708 697 βλαστάνειν
2730 642 2743 655 ·
2777 624 2947 688 οὕτως
2979 623 3227 677 ἐπανθεῖν
3255 622 3341 676 ἀεὶ
3374 622 3467 677 καί
3496 621 3849 693 ὲπακμάζειν

2278 717 2599 790 πιαινομένη
2629 716 2807 786 λόγοις
2846 716 3144 787 πέφυκενή
3179 715 3470 786 παρθενία·
3513 716 3599 769 ἴνα
3630 714 3696 785 δὴ
3740 716 3849 771 καὶ

616 812 788 875 ficiat,
820 824 887 865 ex
924 826 1030 881 qua
1068 825 1227 864 suum
1264 810 1493 880 quisque
1530 824 1793 880 organum
1843 809 2158 881 suspendere

2274 811 2653 884 άνακρεμάσαι
2684 809 2749 863 τὸ
2787 809 3013 880 ὄργανον
3050 810 3143 864 ἀπ’
3180 810 3350 882 αὐτῆς
3392 807 3582 862 ἑαυτοῦ
3613 807 3707 864 δύς·
3730 809 3849 878 ιτα(

611 904 803 977 possit.

2275 921 2380 968 τις.

1307 1014 1434 1071 CAP.
1468 1013 1556 1069 IV.
1601 1013 2091 1086 [interpretationem
2116 1014 2352 1086 ejusdem
2384 1017 2486 1070 laci
2515 1020 2846 1087 prosequitur
2884 1027 3085 1072 auctor.

681 1140 737 1196 Si
760 1156 886 1210 ergo
917 1138 1136 1193 ﬂumina
1168 1136 1457 1208 Babylonis
1483 1136 1660 1193 ﬂuxus
1698 1138 1988 1208 voluptatis
2017 1147 2165 1202 sunt,

609 1244 669 1290 ut
697 1235 971 1304 sapientes
997 1232 1204 1292 volunt,
1232 1229 1627 1286 confundentes
1662 1239 1715 1284 et
1744 1231 2027 1286 turbantes
2050 1231 2167 1286 ani-

607 1344 773 1389 mam.
807 1340 1029 1382 necesse
1051 1333 1133 1380 est
1170 1333 1227 1378 ut
1266 1325 1492 1379 castitas
1527 1324 1783 1379 salicibus
1832 1324 2165 1393 designetur,

605 1438 670 1478 ex
727 1434 833 1491 qua
894 1418 1286 1489 suspendentes
1342 1432 1559 1472 sursum
1618 1416 1885 1470 trahimus
1923 1415 2167 1473 libidinis

604 1530 826 1584 ongana,
862 1511 1139 1581 vergentia
1182 1510 1435 1565 deorsum
1483 1517 1825 1578 mentemque
1869 1508 2154 1579 degravan-

602 1607 713 1672 tia;
741 1621 808 1658 ne
826 1605 967 1659 velut
986 1602 1242 1658 torrentis
1271 1607 1469 1671 impetu
1499 1602 1551 1654 in
1574 1601 1787 1655 cloacas
1817 1600 2165 1670 impudicitiae

602 1707 888 1768 protrusm,
924 1695 1183 1749 vermium
1213 1695 1383 1749 instar
1411 1693 1478 1747 ad
1510 1693 1689 1748 sanies
1710 1702 1761 1747 et
1786 1703 1971 1762 putres
2010 1693 2165 1749 tabos

2345 1138 2405 1191 El
2438 1134 2530 1193 οῦν
2553 1140 2602 1192 οί
2644 1138 2874 1210 ποταμοὶ
2900 1137 3000 1208 τῆς
3033 1135 3344 1200 Βαϐυλῶνος
3363 1136 3428 1190 τὰ
3456 1135 3657 1208 {leuitas
3675 1156 3703 1192 ι
3736 1137 3848 1209 τῆς

2275 1230 2602 1302 ἡδυπαθείας
2624 1230 2778 1295 εἰσὶν,
2800 1231 2875 1295 ὡς
2894 1231 2943 1283 οί
2966 1229 3116 1298 σοφοί
3140 1245 3286 1299 φασι,
3310 1227 3376 1281 τὰ
3395 1228 3723 1299 συγχύνοντα
3743 1232 3848 1284 καὶ

2272 1323 2607 1394 ταράσσοντα
2623 1323 2716 1395 τὴν
2731 1323 2924 1395 ψυχήνο
2946 1323 3156 1392 ἀνάγκη
3177 1322 3273 1386 τὰς
3298 1321 3440 1384 ἰτέας
3459 1318 3708 1393 εἶναιτὴν
3734 1338 3848 1376 σω-

2272 1416 2564 1488 φροσύνην,
2592 1418 2682 1486 ἀφ’
2702 1411 2770 1488 ἦς
2790 1413 3203 1488 ἀνακρεμῶντες
3219 1413 3510 1482 ἁνέλκομεν
3534 1411 3602 1467 τὰ
3628 1412 3847 1485 ὄργανα

2270 1512 2337 1566 τά
2372 1511 2678 1579 παιδογόνα,
2710 1508 3115 1578 ταλαντούμενα
3147 1506 3295 1560 κάτω
3326 1506 3419 1559 καί⁵
3459 1504 3708 1577 βρίθοντα
3743 1504 3848 1558 τὸν

2270 1606 2411 1659 νοῦν·
2435 1606 2522 1660 ἴνα
2542 1605 2635 1677 μὴ,
2649 1603 3033 1675 κατενεχθέντα
3051 1619 3115 1655 πε
3126 1602 3175 1672 9".
3192 1602 3314 1663 τοὺς
3330 1600 3546 1671 ὀχετοὺς
3561 1600 3657 1670 τῆς
3672 1600 3848 1669 άκρα-
3866 1676 3869 1677 ν

2273 1697 2411 1764 σίας,
2433 1697 2722 1769 σκωλήκων
2737 1695 2889 1768 δίκην
2916 1697 2993 1759 είς
3012 1696 3136 1756 τοὺς
3170 1691 3369 1763 ἰχῶρας
3391 1692 3844 1763 ὲγχρίμπτωνται

599 1791 990 1845 adhaerescunt.
1027 1785 1383 1845 Utilissimum
1415 1802 1557 1840 enim
1588 1796 1640 1841 et
1672 1784 1726 1838 in
1768 1785 1957 1854 primis
1987 1783 2158 1840 elliea-

2268 1791 2361 1843 καὶ¹
2391 1790 2487 1853 τὰς
2526 1791 2841 1861 σηπεδόνας.
2873 1786 3308 1860 Χρησιμωτάτην
3340 1784 3448 1856 γάρ
3492 1784 3585 1837 καὶ
3612 1782 3845 1839 ἐπίκου-

602 1898 720 1938 cem
780 1882 846 1937 ad
913 1879 1349 1950 consequendam
1416 1879 1872 1947 incorruptionem
1944 1878 2166 1933 donarit

604 1972 745 2027 Deus
770 1973 1160 2043 virginitatem,
1207 1971 1365 2024 fidunt
1410 1986 1527 2025 eam
1562 1972 1762 2025 sociam
1814 1970 2053 2032 mittens.
2083 1971 2166 2025 bis

600 2067 921 2139 qui'cupide
954 2070 1017 2120 ad
1049 2066 1101 2120 id
1138 2066 1304 2121 decus
1331 2067 1573 2135 aspirant
1611 2084 1623 2118 :
1662 2064 1851 2134 quales
1876 2064 2169 2120 Psalmista

601 2160 912 2215 subindicat
963 2159 1180 2215 nomine
1228 2157 1430 2221 Siouis,
1481 2172 1601 2227 quae
1650 2173 1753 2212 vos
1804 2158 2163 2226 perillustrem

601 2250 944 2313 cbaritatem,
978 2256 1035 2304 et
1069 2248 1215 2320 quod
1239 2249 1306 2303 de
1337 2249 1425 2302 illa
1460 2248 1769 2302 mandatum
1794 2258 1895 2314 est,
1924 2248 2162 2303 denotat.

604 2343 810 2397 Etenim
830 2342 1152 2397 vocabulum
1180 2342 1308 2397 Sion
1341 2328 1388 2397 si
1423 2342 1792 2411 interpreteris
1813 2382 1828 2403 .
1860 2341 2166 2395 mandatum

598 2431 823 2501 specula:
856 2440 1035 2487 sonat.
1073 2430 1163 2485 Sic
1188 2432 1329 2487 enim
1372 2438 1686 2500 reputemus
1718 2429 1880 2484 etiam
1922 2444 2042 2500 quae
2072 2426 2167 2485 de-

597 2522 728 2579 inde
757 2531 1077 2591 sequuntur.

667 2609 811 2679 Quid
860 2611 1077 2666 tandem
1127 2618 1211 2666 est
1241 2627 1339 2665 cur
1367 2612 1464 2668 abs
1515 2626 1573 2667 se
1604 2614 1933 2682 postulatum
1955 2653 1967 2674 ,
2002 2612 2068 2665 ab
2099 2611 2167 2667 iis

598 2703 690 2774 qui
715 2702 956 2772 captivas
988 2692 1283 2765 duxerunt,
1318 2704 1515 2758 anima:
1548 2702 1842 2769 fateantur,
1895 2712 1954 2757 ut
1993 2705 2166 2758 ranti-

598 2810 723 2848 cum
757 2792 968 2848 Domini
1008 2803 1267 2851 canerent
1302 2795 1354 2849 in
1405 2801 1549 2850 terra
1576 2796 1789 2851 aliena?
1829 2794 2031 2867 Nempe
2062 2798 2164 2852 hoc

598 2886 829 2943 dicendo
860 2890 1015 2958 plane
1035 2888 1250 2955 docent,
1294 2889 1642 2960 Evangelium
1679 2904 1894 2944 sacrum
1937 2905 2059 2946 esse
2101 2907 2164 2946 ac

597 2995 857 3035 arcanum
882 2981 1177 3044 canticum,
1206 2980 1349 3051 quod
1389 2981 1482 3053 qui
1531 2991 1761 3053 peccant
1809 2991 1863 3037 et
1891 2982 2165 3037 fornican-

597 3081 686 3125 tur
711 3071 927 3128 diabolo
960 3080 1184 3127 canunt.
1210 3071 1477 3129 Insultant
1502 3076 1643 3127 enim
1675 3083 1728 3128 et
1759 3073 1985 3128 tacenda
2011 3090 2163 3128 man-

2273 1901 2365 1956 ρον
2390 1886 2467 1948 είς
2494 1882 2797 1955 ἀφθαρσίας
2827 1883 3016 1952 κτῆσιν
3046 1879 3143 1951 τὴν
3170 1877 3467 1951 παρθενίαν
3495 1878 3524 1930 ό
3545 1876 3675 1941 Θεὸς
3698 1877 3844 1933 ἑδω-

2274 1977 2493 2047 ρήσατο,
2528 1975 2809 2047 σύμμαχον
2844 1972 3163 2035 ἀποστείλας
3194 1973 3305 2034 τοῖς
3336 1968 3714 2042 ὀρεγννμένοις
3742 1969 3846 2025 καὶ

2272 2067 2529 2120 ποθοῦσι·
2580 2066 2762 2130 καθὼς
2810 2066 2838 2118 ὁ
2885 2065 3097 2135 ψαλμὸς
3129 2065 3416 2134 ὑφηγεῖται
3459 2061 3557 2133 τὴν
3601 2060 3770 2125 Σιὼν,
3808 2061 3848 2114 ὃ

2269 2159 2332 2230 δή
2390 2160 2504 2212 ἐστι
2529 2198 2543 2221 ,
2591 2157 2688 2229 τὴν
2742 2157 3053 2229 ἔκλαμπρον
3119 2156 3337 2225 ἀγάπην
3361 2193 3376 2216 ,
3428 2154 3520 2206 καὶ
3564 2153 3662 2224 τὴν
3707 2153 3847 2225 περὶ

2269 2255 2436 2324 αὐτῆς
2468 2252 2706 2324 ἐντολήν.
2748 2249 3070 2321 Ἐπειδήπερ
3101 2250 3133 2320 ἡ
3166 2245 3302 2300 Σιὼν
3334 2244 3550 2314 ἐντολὴ
3576 2244 3848 2312 σκοπιᾶς

2270 2345 2644 2419 ἑρμηνεύεται.
2670 2339 2796 2397 Ὧδε
2830 2341 2937 2415 γάρ
2977 2338 3420 2410 άναλογισώμεθα
3444 2337 3603 2392 πάλιν
3642 2339 3733 2392 καὶ
3767 2338 3850 2392 τὰ

2273 2439 2419 2510 ἑξῆς·

2341 2620 2405 2673 Τί
2432 2621 2628 2690 δήποτε
2651 2618 3032 2691 ὲπηρωτῆσθαι
3060 2616 3170 2688 (65)
3202 2617 3336 2687 πρὸς
3365 2615 3471 2669 τῶν
3500 2614 3846 2687 αἰχμαλωτι-

2271 2713 2410 2767 στῶν
2440 2710 2789 2784 ὁμολογοῦσιν
2818 2713 2875 2765 al
2902 2710 3088 2781 ψυχαὶ,
3112 2708 3209 2780 τὴν
3241 2708 3383 2780 ᾠδὴν
3413 2710 3505 2762 ἐπὶ
3531 2709 3632 2778 γῆς
3671 2708 3843 2764 ἀλλο-

2266 2802 2421 2876 τρίας
2471 2799 2598 2875 ᾄσαι
2638 2800 2878 2874 Κυρίου;
2908 2802 2980 2854 Ἢ
3017 2800 3230 2864 πάντως
3273 2800 3354 2853 ὅτι
3404 2800 3464 2852 τὸ
3508 2798 3847 2868 Εὑαγγέλιον

2270 2897 2418 2969 ἱεράν
2448 2896 2590 2968 ᾠδὴν
2622 2890 2759 2949 εἶναι
2808 2894 2900 2948 καὶ
2943 2894 3250 2966 ἀπόρρητον
3281 2892 3649 2956 διδάσκουσιν,
3682 2892 3750 2963 ὴν
3784 2894 3843 2947 οι

2270 2987 2669 3058 ἁμαρτάνοντες
2701 2985 2795 3040 καὶ
2827 2984 3148 3057 μοιχώμενοι
3181 2984 3277 3056 τῷ.
3290 2984 3509 3057 πονηρῷ
3534 2985 3845 3056 προσᾴδου-

2270 3094 2371 3133 σιν.
2398 3076 2769 3148 Ἐξορχοῦνται
2786 3076 2892 3147 (64)
2912 3076 3020 3146 γὰρ
3050 3075 3147 3138 τὰς
3163 3075 3397 3141 ἐντολάς,
3420 3076 3478 3129 τὸ
3501 3075 3708 3147 θέλημα
3724 3076 3845 3129 τῶν

595 3161 720 3216 data
759 3163 1013 3232 produnt,
1059 3163 1391 3219 voluntatem
1421 3164 1708 3234 implentes
1744 3165 2034 3235 spirituum
2068 3182 2158 3221 ne-

2267 3171 2588 3242 πνευμάτων
2619 3169 2895 3233 τελοῦντες
2921 3171 3018 3241 τῆς
3051 3169 3332 3240 πονηρίας,
3359 3168 3452 3222 καὶ
3485 3167 3733 3238 ῥίπτουσι
3764 3166 3846 3221 τὰ

595 3253 818 3323 quitiae;
847 3263 1143 3325 sanctaque
1165 3256 1458 3326 projiciunt
1492 3257 1740 3320 canibus,
1763 3265 1815 3311 et
1846 3259 2163 3328 margaritas

597 3352 724 3400 ante
750 3361 946 3416 porcos
969 3348 1187 3402 uiuunt
1207 3349 1273 3415 ⁷³,
1305 3347 1447 3402 baud
1478 3365 1503 3403 s
1524 3365 1636 3405 'cus
1660 3365 1723 3402 ac
1757 3350 1833 3403 illi
1868 3349 1934 3405 de
1966 3350 2163 3420 quibus

594 3438 855 3508 propheta
889 3438 1198 3510 indignatus
1221 3440 1297 3494 ait
1333 3460 1345 3493 :
1385 3439 1453 3493 Et
1478 3441 1708 3512 legerunt
1742 3440 1873 3510 {oris
1908 3441 2063 3513 legem
2095 3443 2159 3497 ³ο.

592 3529 709 3583 l\'ou
749 3531 891 3584 enim
933 3532 1138 3600 utique,
1163 3531 1307 3602 quod
1344 3540 1495 3587 extra
1524 3543 1707 3602 portas
1746 3535 2044 3590 Jerusalem
2072 3542 2162 3589 aut

592 3619 785 3672 domos
819 3636 946 3675 snas
983 3623 1205 3690 egressi,
1230 3622 1401 3692 legem
1429 3621 1599 3676 Judaei
1624 3624 1884 3695 legerent,
1919 3634 2163 3695 propter-

592 3727 655 3765 ea
690 3721 795 3763 tam
829 3711 1026 3765 acriter
1078 3713 1426 3783 increpantur
1465 3728 1493 3766 a
1535 3715 1793 3784 propheta
1818 3755 1833 3780 ,
1877 3718 2163 3787 gravisque

595 3802 819 3857 sceleris
850 3818 972 3857 reos
1005 3806 1323 3874 proclamat,
1382 3806 1475 3860 sed
1510 3806 1655 3876 quod
1700 3808 1951 3862 mandata
1983 3815 2161 3863 trans-

593 3894 903 3963 gredientes
927 3900 981 3947 et
1006 3894 1061 3947 in
1082 3891 1253 3947 Deum
1290 3894 1464 3964 impii,
1506 3895 1710 3948 larvata
1766 3897 1964 3966 pietate
2004 3897 2161 3968 quasi

592 3985 831 4055 religiosi
870 3984 1073 4055 Deique
1105 3987 1343 4042 cultores
1382 3995 1651 4056 praecepta
1700 3988 1992 4059 legebant:
2042 3990 2163 4044 ani-

591 4074 695 4128 mis
729 4090 855 4128 vero
878 4090 1214 4145 nequaquam
1244 4076 1621 4141 admittebant,
1647 4094 1743 4147 per
1773 4077 1930 4133 fidem
1981 4096 2041 4135 ea
2077 4097 2159 4136 re-

590 4166 847 4238 tinentes,
882 4166 975 4221 sed
1006 4168 1262 4236 operibus
1289 4168 1629 4239 abnegando,
1669 4170 1782 4240 ipsa
1807 4174 2159 4241 respuebant.

592 4254 728 4310 llinc
748 4258 890 4311 enim
912 4259 1185 4313 canticum
1218 4259 1428 4315 Domini
1456 4270 1679 4316 cantant
1707 4264 1759 4317 in
1786 4271 1934 4320 terra
1961 4266 2159 4331 aliena,

659 4414 703 4446 "
741 4413 934 4468 Matth.
974 4428 1082 4480 vn,
1122 4416 1175 4471 6.
1282 4417 1333 4448 ⁸⁸
1364 4416 1520 4472 Amos
1563 4435 1632 4485 Iv,
1675 4419 1728 4484 5,
1755 4420 1917 4490 juxta
1953 4418 2124 4474 LXX.

2266 3260 2399 3328 ἅγια
2433 3263 2544 3323 τοίς
2571 3258 2716 3324 κυσὶ,
2745 3259 2838 3313 καὶ
2861 3259 2987 3323 τοὺς
3012 3260 3353 3330 μαργαρίτας
3386 3258 3695 3330 ἔμπροσθεν
3723 3257 3846 3312 τῶν

2265 3352 2494 3425 χοίρων,
2536 3350 2596 3405 ὃν
2634 3352 2831 3423 τρόπον
2876 3351 3113 3405 κάκείνοι
3167 3351 3285 3420 περὶ
3341 3343 3415 3403 ὧν
3467 3352 3496 3403 ό
3546 3350 3847 3423 προφήτης

2261 3425 2631 3515 ’δυσχεραίνων
2688 3443 2850 3516 φησί·
2902 3442 3013 3497 Καὶ
3058 3442 3408 3512 ἀνέγνωσαν
3451 3440 3568 3506 ἔξω
3622 3442 3841 3511 νόμον.

2264 3533 2338 3587 οὐ
2370 3532 2479 3606 γάρ
2504 3534 2585 3587 ὃτι
2622 3532 2730 3587 τῶν
2765 3533 2945 3587 πυλῶν
2978 3531 3082 3598 ἔξω
3112 3533 3210 3603 τῆς
3261 3532 3629 3605 Ἰερουσαλὴμ,
3661 3532 3694 3603 ἢ
3725 3531 3844 3586 τῶν

2261 3624 2445 3678 οἰκιῶν
2488 3622 2846 3693 ἀνεγίνωσκον
2878 3623 3111 3689 ἐξιόντες
3148 3628 3196 3678 οἱ
3238 3625 3478 3680 Ἰουδαῖοι
3525 3626 3614 3679 τὸν
3647 3625 3838 3695 νόμον,

2260 3713 2349 3767 διὰ
2388 3714 2544 3767 τοῦτο
2583 3714 2645 3786 δὴ
2683 3714 2772 3767 καὶ
2799 3718 2827 3768 ὁ
2861 3718 3140 3788 προφήτης
3180 3717 3415 3789 ίσχυρῶς
3451 3716 3629 3771 αὐτῶν
3663 3733 3845 3787 κατη-

2260 3809 2412 3879 γορεῖ
2472 3807 2564 3860 καὶ
2616 3807 2945 3873 ὑπευθύνους
3004 3809 3305 3881 ἐγκλήματι
3516 3810 3834 3878 γεγονέναι·

2259 3898 2371 3951 ἀλλ’
2401 3899 2480 3951 ὅτι
2520 3900 2915 3971 παρερχόμενοι
2962 3900 3058 3964 τὰς
3094 3900 3311 3965 ἐντολὰς
3352 3902 3446 3955 καὶ
3504 3899 3837 3964 ἀσεὸοῦντες

2262 3992 2341 4055 είς
2388 3992 2477 4044 τὸν
2508 3990 2673 4054 Θεὸν,
2726 3994 3290 4065 ὲπιμεμορφασμένως
3328 3994 3424 4065 μὲν
3469 3995 3840 4062 ἀνεγίνωσκον

2262 4082 2419 4153 δῆθεν
2455 4082 2529 4148 ὡς
2562 4084 2801 4148 εὐσεϐεῖς
2830 4084 2899 4139 τά
2925 4086 3318 4157 προστάγματα
3339 4101 3351 4114 ·
3389 4085 3528 4138 κατὰ
3561 4085 3735 4157 ψυχὴν
3772 4086 3837 4139 δὲ

2264 4177 2362 4229 οὐκ
2396 4176 2632 4247 ἐδέχοντο
2674 4176 2811 4248 μετὰ
2839 4177 3076 4243 πίστεως
3100 4180 3360 4249 ίσχοντες,
3396 4177 3511 4232 ἀλλ’
3551 4179 3836 4233 ἀπέπτνον

2266 4267 2445 4341 ἔργοις
2478 4267 2812 4341 ἀρνούμενοι.
2857 4269 3130 4324 Ἐντεῦθεν
3171 4269 3277 4341 γὰρ
3304 4271 3403 4343 τὴν
3434 4271 3573 4342 ᾠδὴν
3599 4270 3688 4323 ἐπὶ
3728 4271 3838 4342 τῆς

658 4571 772 4642 (65)
814 4570 1275 4648 ’Emtpwtﬁo'aat.
1315 4572 1669 4648 Eivangelislae
1699 4574 1989 4648 passim‘ea
2015 4590 2146 4631 voce
2176 4582 2221 4637 ῐ)
2249 4575 2462 4648 psalmi,
2487 4575 2612 4638 τοὺς
2636 4576 2696 4648 θ’
2732 4575 2838 4648 illis
2872 4577 3170 4647 praeivisse,
3201 4592 3435 4648 quorum
3464 4575 3621 4634 facile
3649 4594 3825 4636 voces

589 4650 836 4716 utuntur.
857 4650 921 4716 _et
948 4643 1180 4716 simplici
1205 4645 1431 4716 ἐρωτᾷν.
1472 4643 1669 4699 eodem
1700 4643 1941 4715 rogandi
1981 4662 2145 4701 sensu

587 4722 749 4782 atque
790 4712 1036 4784 jubendi,
1078 4730 1184 4768 non
1228 4712 1625 4784 interrogandi;
1665 4716 1757 4784 qui
1790 4712 1941 4769 certe
1968 4716 2147 4774 minus

586 4784 903 4836 commodus
946 4783 1048 4837 hoc
1098 4784 1216 4837 loco
1253 4793 1337 4839 est
1372 4802 1385 4838 :
1421 4783 1566 4839 unde
1598 4793 1651 4837 et
1679 4800 1743 4839 ex
1779 4784 2003 4840 Hebrzeo
2027 4788 2147 4841 red-

586 4853 721 4905 dunt
754 4851 1017 4915 moderni,
1061 4855 1317 4920 petierunt
1361 4871 1453 4908 nos
1485 4870 1503 4907 :
1531 4856 1715 4917 Allat.,
1764 4873 1819 4910 se
1851 4856 2145 4922 postulatus

586 4922 778 4978 animat
804 4924 1054 4991 fatentur.
1105 4923 1214 4979 Nec
1257 4925 1413 4978 aliter
1442 4926 1703 4994 Agellius,
1748 4926 1990 4988 Dunivis,
2022 4928 2148 4983 Cla-

587 4994 721 5052 rius.
759 5002 814 5047 et
849 4994 935 5047 alii
969 4995 1111 5048 docti
1143 5013 1155 5046 :
1199 4996 1464 5064 velimque
1495 4993 1569 5048 uti
1604 4993 1759 5049 Joan.
1808 5013 1915 5056 xw,
1947 4999 2002 5057 2.
2034 5014 2152 5051 mu-

588 5071 755 5116 talum
786 5072 889 5127 est,
926 5064 1068 5140 quod
1112 5076 1318 5140 veteres
1350 5065 1712 5140 reddiderant,
1752 5065 1810 5121 οὗ
1841 5084 1906 5138 με
1937 5068 2148 5140 ἐρωτή-

590 5150 729 5208 σετε,
766 5150 865 5187 non
898 5151 977 5188 me
1006 5134 1390 5208 interrogabitis
1417 5136 1730 5206 quidquam;
1761 5134 1862 5191 nun
1894 5134 2155 5208 meroqu-

589 5203 743 5266 bitis;
790 5208 873 5258 hic
912 5221 1129 5279 quoque
1163 5203 1215 5258 in
1249 5203 1455 5279 psalmi)
1487 5203 1806 5271 minaretur,
1836 5210 1961 5279 quia
1992 5203 2145 5279 roga-

589 5284 773 5350 uerunt
794 5291 886 5328 nos
912 5295 928 5328 .·
960 5275 1100 5343 quod
1137 5292 1346 5350 rogare,
1380 5278 1519 5350 ineo
1544 5280 1635 5346 qui
1668 5275 1929 5350 potestate
1965 5275 2144 5350 pollet,

588 5345 872 5413 imperium
926 5354 1008 5399 est
1066 5362 1160 5399 seu
1212 5348 1403 5414 jussin.
1463 5345 1730 5403 Sic’bene
1773 5345 2148 5404 Tlteodoretus

585 5428 752 5488 veruti
785 5413 1025 5488 κελεῦειν
1059 5413 1325 5485 expressit
1360 5435 1372 5470 :
1409 5417 1850 5488 CliryStistomus,
1900 5421 2150 5473 instanti-

586 5481 683 5537 bus
713 5483 1037 5561 barbariae!
1066 5481 1309 5561 gravibus
1337 5490 1489 5561 mt'ut's
1521 5481 1918 5561 inducentibus;
1950 5490 2149 5561 βαρϐα-

589 5569 699 5625 Ρων
727 5554 1084 5631 ἐπικειμένων
1122 5558 1258 5626 μετὰ
1290 5560 1552 5629 τοσαύτης
1583 5561 1829 5631 ἀπειλῆς.
1863 5554 2001 5615 Bene
2021 5554 2149 5614 ἰιιυ-

589 5633 702 5699 net_
729 5624 985 5679 Thesauri
1035 5624 1240 5699 auctor.
1278 5631 1379 5685 etsi
1427 5624 1679 5699 frequens
1725 5624 1809 5686 eét
1844 5632 1945 5684 iste.
1985 5631 2145 5697 hujus

586 5695 735 5770 vocis
762 5712 891 5749 usus
913 5697 1048 5766 apud
1077 5702 1456 5769 evangelistas,
1485 5695 1622 5754 haud
1646 5700 1973 5755 credendum
2002 5695 2145 5769 ipsus

588 5765 730 5821 illius
777 5765 1025 5825 auct-tes
1069 5765 1367 5842 esscfligu
1418 5783 1617 5840 putetn,
1657 5774 1736 5826 vel
1788 5789 1853 5826 ex
1904 5765 2144 5826 ἔρευθος

2252 4647 2424 4703 secuti
2448 4653 2574 4701 sunt
2600 4645 2974 4719 aliideinceps
3004 4645 3360 4705 ecclesiastici
3389 4649 3487 4702 viri
3510 4667 3527 4702 ε
3549 4651 3601 4703 in
3625 4652 3830 4719 quibus

2254 4730 2447 4789 magna
2473 4730 2609 4789 opus
2636 4715 2936 4787 diligentia,
2985 4734 3054 4774 ne
3104 4735 3132 4773 a
3166 4735 3326 4774 sensu
3360 4720 3570 4789 magnis
3598 4715 3706 4776 illis
3741 4738 3801 4776 se

2253 4788 2496 4859 nioribus
2522 4788 2748 4859 intento,
2778 4803 3074 4859 per‘eorum
3101 4788 3666 4859 pbraseosins’eitiam.
3687 4793 3805 4846 exci

2253 4857 2481 4923 damus;
2509 4857 2652 4926 quod
2673 4856 2833 4911 etiam
2852 4856 3163 4913 Griecorum
3188 4858 3560 4914 disertissimis
3574 4863 3828 4917 evenissi»

2253 4925 2577 4999 quandoque
2603 4925 2952 4999 deprehendi.
2992 4928 3283 4999 Multisque
3313 4930 3346 4998 ἡ
3370 4928 3477 4982 τῶν
3502 4930 3557 4984 0'
3590 4931 3821 4996 ἔκδυσις.

2253 4998 2530 5053 Ηειιτειὶείε
2563 4998 2775 5051 veritati
2806 5000 2939 5052 nihil
2968 4998 3521 5068 dissona’appareret,
3554 5006 3600 5057 si
3631 5010 3683 5056 et
3713 5001 3821 5057 lle-

2252 5070 2432 5123 braica
2449 5069 2563 5139 ipsa
2583 5083 2717 5138 pura
2735 5069 2889 5123 nobis
2904 5071 3383 5139 exstarent,qualia
3400 5070 3473 5123 illi
3492 5072 3822 5137 habuerunt,

2252 5147 2306 5196 et
2335 5154 2522 5193 eorum
2561 5154 2658 5192 nos
2688 5140 2790 5208 ipsi
2820 5156 2976 5195 voces
3021 5143 3173 5209 plene
3216 5155 3548 5208 caperemus.
3580 5143 3825 5198 ϐοιωΕῆ

2484 5209 2911 5291 Ἐξορχρῦγξται.
2953 5209 3083 5264 Mal.
3122 5221 3170 5291 et
3196 5211 3321 5291 ᾼΙΙἿ
3353 5209 3826 5291 Ἐξέρχον-ταιτῶν

2255 5279 2502 5343 ἐντολῶν,
2529 5281 2863 5345 egrediuntur
2887 5296 2951 5334 ea:
2985 5281 3271 5343 "tendatis,
3306 5282 3448 5349 quod
3479 5279 3614 5336 nihil
3643 5285 3824 5339 cuba}-

2255 5358 2335 5404 ret
2372 5369 2383 5403 :
2412 5365 2511 5404 nec
2538 5349 2816 5405 Possinius
2848 5360 3090 5405 nostrum
3116 5353 3244 5405 illud
3269 5351 3509 5405 Vaticani
3536 5366 3828 5410 assecutus

2253 5432 2356 5485 est,
2396 5421 2527 5491 dum
2580 5420 2799 5483 reddit,‘
2827 5422 3133 5476 transiliunt
3163 5420 3317 5476 'euim
3362 5422 3613 5477 mandata
3638 5440 3661 5479 .'
3690 5425 3826 5491 imo,

2253 5490 2407 5563 quasi
2439 5492 2514 5544 eis
2544 5491 2818 5563 insultant,
2852 5502 3037 5546 temere
3064 5493 3160 5546 illa
3187 5494 3499 5562 divulgaut;
3531 5511 3651 5563 quae
3676 5490 3825 5554 illius

2254 5560 2403 5615 vocis
2429 5570 2557 5615 nota
2588 5560 2911 5632 signiﬁcatio
2944 5573 3026 5617 est
3060 5586 3073 5618 ;
3102 5560 3492 5632 conﬁrmatque
3516 5560 3695 5621 verbis
3721 5566 3828 5619 Do-

2254 5632 2470 5703 minicis
2502 5631 2825 5694 Methodius,
2859 5634 3059 5703 quibus
3089 5641 3350 5703 proiicere
3378 5631 3562 5688 sancta
3593 5637 3827 5693 canilnts

2255 5702 2623 5825 preliilrmur,
2670 5711 2757 5755 aut
2805 5716 2852 5756 u:
2884 5702 3223 5775 margaritas.
3250 5715 3371 5758 ante
3405 5722 3597 5774 porcos
3640 5709 3825 5761 initia-

2255 5789 2392 5825 mus.
2455 5790 2505 5825 ι).

2255 5789 2392 5826 lll'JS.
2429 5789 2505 5826 ID.
