4094 6342
802 475 1164 565 ΛΟΓΟΣ
1237 479 1355 564 E’.

865 625 1239 682 QAAAOTXA.

1303 320 1676 381 CONVIVIUM
1719 321 1947 376 DECEM
1988 318 2344 377 VlRGlNUM.

2397 473 2849 568 ORATIO
2921 480 3032 568 V.

2530 623 2919 682 THALLUSA.

1217 779 1345 834 CAP.
1373 775 1416 832 l.
1441 773 1692 848 Magnum
1718 784 1889 828 uotum
1913 783 1990 826 est
2022 770 2216 825 oblatio
2241 768 2523 824 castitatis.

353 921 516 983 Ἀλλ’.
545 914 591 975 ὦ
625 919 840 992 ’Λρετὴ,
866 920 1229 992 συλλήπτριαν
1253 918 1389 986 ἀξιῶ
1415 917 1756 992 παραστῆναι
1784 932 1842 970 σε

230 1019 234 1034 ³
269 1012 368 1068 καὶ
392 1014 461 1067 τὰ
486 1014 602 1079 νῦν,
629 1014 775 1077 ὅπως
803 1013 1018 1085 πρῶτον
1040 1013 1136 1084 μέν
1167 1031 1281 1080 σου,
1305 1012 1400 1067 καὶ
1424 1011 1532 1066 τῶν
1563 1011 1841 1083 παρόντων

267 1107 328 1161 δὲ
364 1106 622 1178 φανῶμεν
659 1107 784 1172 ἄξια
818 1106 1016 1176 λέγειν.
1050 1106 1122 1160 Τὸ
1162 1106 1269 1179 γὰρ
1309 1106 1560 1178 μέγιστον
1598 1103 1690 1157 καὶ
1726 1105 1844 1156 ὲπι-

271 1198 608 1269 φανέστατον
635 1198 889 1271 ἀνάθημα
925 1199 1020 1254 καὶ
1061 1197 1250 1271 δῶρον,
1281 1194 1373 1265 (οὗ
1399 1197 1566 1270 μηδὲν
1596 1194 1844 1263 ἀντάξιον

272 1293 404 1346 ἄλλο
441 1293 910 1365 προσενέγκασθαι
943 1294 1206 1366 πάρεστιν
1234 1293 1537 1364 ἀνθρώποις
1567 1291 1729 1363 Θεῷ,)
1753 1291 1845 1345 τὸν

272 1378 438 1438 ἆθλον
464 1386 564 1456 τῆς
593 1385 888 1456 παρθενίας
918 1385 1028 1457 (70)
1059 1383 1198 1440 εἶναι
1245 1385 1576 1456 πέπεισμαι,
1610 1383 1846 1456 διαρκῶς

272 1477 386 1531 ἀπὸ
409 1477 518 1530 τῶν
558 1477 715 1549 ἱερῶν
758 1478 1042 1551 ᾑσθημένη
1078 1478 1438 1551 γραμμάτων.
1476 1476 1584 1530 Καὶ
1628 1475 1734 1548 γάρ
1780 1475 1847 1530 ἂν

275 1568 490 1623 πολλῶν
527 1571 690 1624 πολλὰ
728 1573 844 1626 κατ’
877 1570 1039 1642 εὐχὰς
1073 1571 1131 1624 ἐν
1159 1570 1238 1642 τῷ
1281 1570 1448 1642 Νόμῳ
1478 1569 1614 1623 καλὰ
1653 1586 1848 1639 κατερ-

276 1663 627 1733 γασαμένων,
677 1664 826 1735 μόνοι
862 1663 1101 1736 μεγάλην
1129 1663 1292 1736 εὐχὴν
1335 1662 1579 1732 ἐλέγοντο
1607 1659 1845 1734 πληροῦν

275 1760 328 1812 οἱ
381 1758 523 1826 σφᾶς
575 1756 770 1820 αὐτοὺς
811 1757 1115 1828 αὐθαιρέτῳ
1171 1755 1332 1827 βουλῇ
1377 1753 1844 1826 προσενέγκασθαι

2007 908 2117 980 Ego
2147 923 2274 963 vero
2302 916 2374 971 te,
2409 906 2588 972 Arete,
2631 921 2765 978 rogo
2797 913 2856 961 ut
2910 921 3055 963 nunc
3093 920 3309 977 quoque
3367 924 3506 979 pra:-

1939 1011 2024 1060 sto
2074 1003 2278 1056 auxilio
2307 1002 2424 1057 sis:
2462 1017 2572 1072 quo
2607 1015 2911 1058 sermonem
2957 1001 3262 1064 instituere,
3309 1008 3360 1056 te
3399 1001 3511 1072 pri-

1939 1111 2110 1158 mum,
2144 1094 2340 1150 deinde
2375 1095 2537 1148 etiam
2567 1102 2621 1150 et
2642 1097 2851 1166 reliquo
2888 1101 3033 1148 coetu
3080 1108 3187 1147 non
3223 1093 3506 1163 indignum

1939 1189 2240 1245 videamur.
2280 1187 2462 1244 Sacris
2492 1188 2745 1243 videlicet
2779 1187 3028 1242 instituta
3067 1187 3221 1241 libris
3263 1201 3325 1240 ac
3367 1189 3510 1242 litte-

1942 1281 2019 1337 ris
2042 1282 2199 1352 plane
2230 1282 2360 1336 mihi
2390 1280 2659 1351 persuasi.
2693 1281 2990 1334 maximum
3022 1290 3075 1334 et
3108 1279 3508 1350 speetahilissl-

1943 1388 2090 1427 mum
2120 1371 2261 1444 quod
2297 1373 2498 1428 divinis
2536 1372 2769 1444 appendi
2807 1372 2971 1428 tholis
3015 1373 3186 1444 possit
3229 1372 3506 1442 (pulcher-

1943 1464 2164 1528 rimum,
2200 1465 2441 1533 inquam,
2467 1464 2610 1534 quod
2648 1465 2716 1520 ab
2751 1463 2970 1519 homine
3009 1480 3244 1533 unquam
3292 1463 3398 1517 Deo
3427 1462 3512 1518 of-

1944 1554 2070 1610 ferri
2101 1557 2294 1626 possit)
2317 1573 2514 1612 munus
2544 1572 2666 1612 esse
2693 1556 3042 1628 virginitatis.
3067 1554 3355 1610 Enimvero
3384 1571 3507 1609 cum

1942 1647 2112 1701 multa
2136 1648 2188 1701 in
2223 1649 2339 1718 lege
2367 1655 2735 1702 memorentur
2763 1649 3052 1702 multorum
3079 1663 3201 1702 cum
3235 1647 3393 1702 laude
3416 1663 3512 1702 vo-

1941 1746 2018 1800 ta.
2051 1741 2151 1795 soli
2178 1755 2373 1810 magno
2404 1757 2461 1796 se
2494 1748 2620 1794 voto
2657 1741 3021 1797 obstrinxisse
3047 1740 3388 1804 dicebantur,
3419 1741 3510 1811 qui

279 1824 616 1925 βουλόμενοι.
645 1852 798 1922 Ἔχει
817 1850 923 1923 γάρ
939 1824 999 1904 τὸ
1023 1824 1182 1922 me»;
1209 1824 1381 1914 οὓτως
1399 1824 1551 1903 (Καὶ
1578 1847 1844 1915 ἐλάλησε
1875 1825 1877 1878 Ῑ

1958 1849 2006 1890 se
2043 1834 2190 1904 ipsos
2236 1834 2404 1888 libera
2439 1834 2714 1890 voluntate
2767 1832 2878 1889 Deo
2920 1834 3115 1888 olTerrc
3163 1834 3219 1888 in
3268 1835 3508 1888 animum

276 1945 494 2011 Κύριος
519 1942 666 2010 πρὸς
689 1940 974 2010 Μωῦσῆν,
995 1939 1214 2012 λέγων·
1244 1939 1528 2008 Λάλησον
1549 1937 1671 2006 τοῖς
1696 1937 1846 2004 υἱοῖς

291 2033 562 2103 Ἰσραὴλ,
590 2033 683 2086 καὶ
732 2032 884 2101 ἐρεῖς
911 2032 1060 2100 πρὸς
1097 2032 1349 2099 αὐτούς·
1389 2029 1557 2100 Ἀνὴρ
1601 2029 1638 2098 ἣ
1672 2028 1844 2102 γυνὴ,

281 2127 347 2194 ὃς
366 2125 641 2198 μεγάλως
661 2125 899 2193 εὔξηται
929 2124 1120 2194 εὐχὴν
1139 2124 1582 2195 ἀφαγνίσασθαι
1606 2123 1852 2194 ἁγνείαν

277 2220 494 2286 Κυρίῳ.
558 2216 788 2287 Εὐχεται
833 2218 1012 2287 χρυσᾶ
1071 2215 1164 2270 καὶ
1205 2217 1418 2288 ἀργυρᾶ
1465 2217 1546 2280 εἰς
1594 2214 1684 2268 τὸν
1717 2213 1850 2267 νεὼν

280 2308 450 2380 σκεύη
494 2306 866 2378 προσκομίσας
898 2304 1171 2360 ἁναθεῖναὶ
1201 2323 1283 2368 τις
1304 2322 1316 2336 ·
1355 2305 1542 2376 ἔτερος
1575 2304 1851 2360 ἀναθεῖναι

280 2402 377 2470 τὴν
411 2399 644 2469 δεκάτην
681 2398 786 2452 τῶν
817 2397 1064 2469 καρπῶν,
1105 2396 1262 2462 ἄλλος
1293 2397 1389 2468 τῆς
1428 2397 1632 2461 οὐσίας,
1665 2397 1850 2470 ἕτερος

280 2495 349 2546 τὰ
371 2493 642 2562 κράτιστα
668 2491 776 2543 τῶν
825 2489 1110 2561 ποιμνίων,
1152 2489 1308 2552 ἄλλος
1347 2488 1442 2562 τὴν
1477 2489 1710 2563 ὕπαρξιν
1755 2509 1852 2544 κα-

281 2583 489 2658 θιεροῖ·
534 2584 624 2636 καὶ
648 2582 856 2636 οὐδέπω
892 2581 1130 2654 μεγάλην
1164 2581 1328 2653 εὐχὴν
1349 2581 1602 2645 εὔξασθαι
1633 2582 1851 2636 δύναται

283 2680 360 2748 σῷ
397 2678 624 2748 Κυρίῳ·
673 2675 784 2728 ἀλλ’
817 2676 1018 2740 ἐκεῖνος
1063 2676 1091 2727 ὁ
1129 2675 1318 2730 ἑαυτὸν
1377 2675 1591 2741 ἀναθεὶς
1625 2676 1704 2748 τῷ
1736 2673 1854 2746 Θεῷ

284 2771 402 2824 510‘.
410 2770 564 2834 ελῶς.

1949 1925 2312 1981 induxissent.
2346 1924 2437 1981 Sic
2459 1927 2602 1980 enim
2631 1941 2689 1981 se
2719 1927 2872 1982 locus
2906 1925 3066 1980 habet
3088 1925 3133 1957 ³³
3166 1946 3178 1980 :
3215 1925 3277 1980 Et
3305 1928 3510 1982 locutus

1941 2029 2020 2074 est
2055 2018 2311 2072 Dominus
2353 2017 2420 2072 ad
2454 2017 2692 2089 Moysen.
2724 2017 2938 2073 dicens:
2985 2016 3217 2088 Loquere
3260 2018 3386 2081 ﬁliis
3425 2017 3514 2072 Is-

1944 2110 2078 2173 rael,
2124 2119 2172 2165 et
2209 2109 2350 2164 dices
2393 2110 2464 2163 ad
2499 2127 2586 2164 eos
2620 2124 2638 2163 :
2680 2107 2772 2163 Vir
2818 2110 2922 2164 sive
2964 2111 3172 2171 mulier.
3224 2111 3515 2182 quicunque

1945 2219 2128 2274 magne
2170 2203 2359 2256 vorerit
2390 2212 2563 2256 votum
2612 2202 2948 2272 castiﬁcandi
2990 2204 3360 2256 castimoniam
3405 2202 3513 2256 Do-

1946 2295 2109 2350 mino.
2152 2293 2316 2351 Vovet
2347 2295 2543 2365 aliquis
2566 2310 2728 2349 aurea
2759 2304 3122 2364 argenteaque
3142 2310 3269 2350 vasa
3300 2296 3352 2349 in
3377 2303 3516 2348 tem-

1946 2384 2020 2456 pli
2053 2401 2210 2438 usum
2245 2399 2303 2438 se
2327 2394 2774 2439 consecraturum
2802 2403 2814 2439 :
2849 2384 2937 2438 hic
2961 2383 3259 2448 fructuum,
3298 2387 3386 2440 ille
3418 2384 3516 2438 bo-

1947 2494 2143 2533 norum
2172 2477 2412 2534 decimas
2453 2493 2482 2531 a
2511 2493 2569 2533 se
2598 2476 2934 2543 ollerendas;
2969 2479 3106 2533 alius
3159 2479 3515 2550 pinguissima

1950 2587 2176 2642 quaeque
2207 2571 2384 2641 capita
2427 2584 2648 2640 gregum
2677 2577 2732 2623 et
2769 2577 3182 2636 armentorum;
3219 2588 3326 2626 non
3359 2589 3517 2626 nemo

1950 2678 2078 2719 snas
2121 2678 2312 2718 omnes
2351 2663 2636 2717 facultates
2680 2661 2790 2716 Deo
2818 2670 3104 2716 consecrat
3139 2681 3155 2719 :
3190 2679 3290 2719 nec
3335 2672 3514 2720 tamen

1951 2755 2128 2810 adhuc
2175 2755 2319 2809 ullus
2373 2754 2564 2808 horum
2614 2754 2876 2825 consequi
2922 2763 3123 2825 potest,
3171 2763 3231 2810 ut
3262 2773 3515 2828 magnum

1947 2853 2130 2900 votum
2169 2846 2384 2901 vovisse
2417 2847 2655 2910 dicatur,
2687 2844 2781 2900 sed
2813 2845 2902 2900 ille
2929 2845 3194 2901 duntaxat
3221 2847 3314 2918 qui
3355 2865 3415 2902 se
3461 2851 3516 2901 in

1945 2939 2179 2996 solidum
2215 2939 2323 2995 Deo
2350 2940 2568 2994 obtulit.

289 3084 421 3139 (In.
461 3083 527 3138 ll.
559 3083 784 3136 Abrahae
816 3083 1139 3153 sacriﬁcium
1174 3098 1343 3138 vacca:
1373 3083 1592 3138 triennia
1624 3093 1673 3138 et
1695 3100 1868 3153 capra:
1899 3081 2066 3136 trima!
2088 3091 2137 3135 ct
2168 3083 2349 3136 arietis
2372 3097 2630 3136 annorum
2656 3081 2838 3147 trium,
2876 3081 3002 3153 quid
3022 3079 3520 3153 signiﬁcetIOmnis

1089 3152 1197 3208 Deo
1222 3153 1580 3208 consecranda
1613 3152 1766 3209 tetas.
1799 3153 2010 3222 Triplex
2038 3153 2218 3223 vigilia
2241 3162 2292 3206 et
2314 3162 2445 3206 ictas
2471 3166 2676 3207 nostra.

380 3273 780 3346 Ἐπιχειρητέον
831 3275 940 3346 γὰρ
1001 3273 1190 3346 ἀληθεῖ
1237 3273 1380 3347 λόγῳ
1431 3274 1567 3347 πρὸς
1603 3276 1779 3346 ὑμᾶς,
1818 3269 1862 3329 ὧ

2034 3273 2175 3331 Vera
2210 3275 2354 3330 enim
2396 3274 2527 3330 mihi
2569 3274 2711 3345 apud
2749 3291 2848 3331 vos
2880 3273 3324 3346 aggrediendnm.
3355 3289 3386 3329 ο
3410 3275 3522 3330 vir-

292 3369 574 3438 παρθὲνοι,
605 3371 700 3440 τὴν
732 3367 872 3422 κατὰ
901 3367 962 3422 τὸ
987 3369 1340 3439 προκείμενον
1363 3370 1474 3441 (71)
1503 3370 1738 3426 διάνοιαν
1764 3369 1857 3442 δη-

291 3459 468 3510 λῶσαι.
501 3457 599 3527 τῆς
630 3458 872 3528 Γραφῆς.
912 3460 968 3511 ὐ
993 3461 1102 3530 γὰρ
1123 3458 1263 3512 κατά
1289 3472 1343 3510 τι
1376 3458 1560 3530 μόριον
1591 3457 1858 3528 φυλασσό-

297 3567 459 3621 μενος
503 3550 598 3602 ml
628 3551 926 3622 προσέχων,
963 3551 1102 3604 κατά
1127 3567 1177 3604 τι
1220 3550 1276 3604 δὲ
1320 3549 1732 3621 περισπώμενος
1767 3552 1861 3603 καὶ

295 3641 664 3711 πλημμελῶν,
705 3643 825 3706 ὅλος
865 3645 961 3696 οὐκ
1003 3645 1281 3698 ἀνάκειται
1324 3643 1460 3714 Θεῷ.
1499 3643 1709 3715 Χρῆναι
1753 3645 1860 3718 γὰρ

298 3735 389 3786 τὸν
419 3735 625 3788 τέλειον
662 3735 837 3789 πάντα
869 3735 1161 3811 ἀναθεῖναι,
1197 3737 1290 3790 καὶ
1321 3737 1390 3791 τά
1423 3739 1519 3810 τῆς
1562 3740 1737 3811 ψυχῆς
1768 3740 1862 3792 καὶ

299 3827 370 3879 τά
403 3827 504 3896 τῆς
537 3826 767 3898 σαρκὸς,
814 3829 960 3892 ὅπως
1002 3828 1186 3900 ἄρτιος
1225 3831 1329 3900 εἴη,
1378 3831 1471 3884 καὶ
1504 3832 1576 3903 μὴ
1620 3831 1856 3903 ἐλλιπής.

298 3919 570 3990 Ταύτῃὸὴ
599 3920 692 3972 καὶ
731 3919 808 3990 τῷ
858 3919 1104 3991 ’Δὸραάμ
1125 3921 1153 3974 ὁ
1186 3920 1317 3985 Θεὸς
1343 3923 1627 3993 ὑφηγεῖται
1652 3941 1666 3955 ο
1709 3923 1864 3978 Λάϐε

291 4028 394 4080 μοι
424 4008 685 4078 δάμαλιν
723 4009 1141 4077 τριετίζουσαν,
1168 4010 1340 4080 λέγων
1359 4053 1373 4077 ,
1408 4013 1504 4066 καὶ
1555 4009 1692 4082 αἶγα
1717 4029 1864 4081 τριε-

299 4097 585 4160 τίζουσαν
613 4101 706 4153 καὶ
738 4100 906 4167 κριὸν
931 4099 1282 4169 τριετίζοντα
1301 4142 1317 4167 ,
1355 4102 1451 4156 καὶ
1479 4105 1736 4174 τρυγόνα
1766 4103 1865 4158 καὶ

300 4189 686 4258 περιστεράν·
721 4193 750 4244 ὃ
781 4195 926 4245 ἐστιν
960 4193 1237 4264 εὐφήμως.
1279 4193 1600 4265 Ἐπίστησον
1629 4194 1756 4268 γάρ,
1783 4197 1864 4250 ὅτι

299 4285 431 4355 περὶ
458 4283 663 4336 τούτων
692 4285 910 4338 κάκεῖνο
946 4289 1230 4358 παρεγγυᾷ
1247 4301 1260 4314 ⁸
1298 4287 1631 4360 Προσένεγκέ
1658 4305 1746 4360 μοι
1772 4290 1866 4342 καὶ

301 4373 542 4442 ςύλαξον
573 4374 746 4443 ἄζυγα
769 4376 861 4428 καὶ
890 4376 1173 4430 ἁκάκωτόν
1195 4394 1286 4430 σου
1318 4377 1417 4449 τὴν
1453 4377 1651 4448 ψυχὴν,
1691 4378 1865 4450 δαμά-

298 4467 436 4530 λεως
466 4465 641 4536 δίκην,
677 4469 768 4521 καὶ
786 4468 884 4539 τὴν
910 4469 1086 4540 σάρκα
1108 4470 1201 4522 καὶ
1223 4470 1311 4523 τὸν
1333 4469 1587 4540 λογισμόν
1607 4487 1619 4499 ·
1643 4469 1738 4542 τὴν
1769 4469 1866 4541 μὲν

302 4561 377 4624 ὡς
402 4556 561 4629 αἶγα,
589 4561 771 4630 ἐπειδὴ
795 4560 860 4613 τὰ
901 4561 1147 4632 μετέωρα
1185 4561 1279 4614 καὶ
1312 4561 1599 4635 κρημνώδη
1644 4580 1866 4636 περιποι-

1958 3369 2131 3439 gines,
2157 3369 2384 3429 ratione,
2407 3377 2462 3421 ut
2483 3368 2628 3422 allati
2650 3369 2762 3436 jam
2787 3377 2965 3423 textus
2985 3369 3279 3439 Scriptura:
3303 3382 3521 3423 sensmu

1958 3461 2220 3532 aperiam.
2271 3459 2536 3514 Nimirum
2585 3463 2678 3530 qui
2717 3476 2782 3515 ex
2828 3468 2982 3530 parte
3022 3476 3082 3516 se
3138 3461 3252 3531 ipse
3287 3462 3526 3516 custodit

1959 3553 2173 3624 sibique
2219 3552 2468 3617 attendit,
2513 3568 2580 3608 ex
2630 3561 2785 3624 parte
2837 3567 2968 3607 vero
3013 3553 3160 3609 curis
3202 3553 3527 3608 distrahitur

1959 3653 2120 3714 atque
2145 3645 2212 3698 ab
2243 3643 2419 3698 ollicio
2460 3647 2757 3710 relaxatur,
2804 3646 2850 3700 is
2885 3662 2994 3700 non
3038 3655 3183 3701 totus
3222 3645 3328 3701 Deo
3368 3646 3524 3701 addi-

1959 3741 2082 3786 ctus
2111 3742 2213 3807 est.
2261 3731 2444 3799 Quare
2485 3749 2708 3789 necesse
2740 3742 2821 3790 est
2854 3743 2911 3789 ut
2947 3737 3038 3805 qui
3089 3735 3360 3807 perfectus
3405 3751 3528 3792 esse

1959 3826 2110 3888 velit,
2147 3801 2341 3882 cuncta
2372 3825 2480 3882 Deo
2530 3835 2831 3891 consecret,
2867 3838 2978 3883 tum
3007 3845 3127 3900 qua:
3155 3830 3323 3883 animi
3377 3839 3525 3895 sunt,

1962 3925 2076 3972 tum
2123 3935 2242 3989 qua:
2273 3921 2476 3982 carnis,
2512 3928 2572 3974 ut
2616 3919 2824 3990 integer
2853 3921 2924 3975 sit
2967 3929 3020 3975 et
3068 3937 3229 3992 quem
3265 3923 3399 3975 nihil
3433 3922 3528 3976 de-

1964 4009 2130 4065 ﬁciat.
2183 4011 2393 4066 Idcirco
2439 4012 2582 4066 enim
2623 4010 2766 4067 Deus
2811 4013 3086 4066 Abraham
3131 4012 3392 4082 praecipit,
3443 4011 3530 4067 di-

1964 4116 2095 4158 cens
2117 4104 2162 4136 ⁸⁹
2189 4121 2202 4157 :
2239 4105 2398 4160 Sume
2422 4107 2550 4160 milii
2582 4123 2789 4161 vaccam
2822 4107 3070 4160 trienncm
3100 4115 3148 4160 et
3186 4121 3399 4174 capram
3431 4108 3529 4159 tri-

1966 4211 2129 4261 mam,
2169 4205 2216 4249 et
2259 4199 2475 4253 arietem
2521 4215 2779 4252 annorum
2814 4199 2996 4263 trium,
3032 4207 3289 4253 turturem
3330 4213 3529 4268 quoque

1963 4300 2009 4341 et
2032 4291 2346 4347 columbam.
2380 4289 2593 4360 Optime
2625 4305 2775 4345 sane.
2807 4290 3040 4344 Adverte
3069 4288 3215 4344 enim
3253 4289 3355 4343 hoc
3386 4303 3524 4358 quo-

1967 4393 2072 4448 qne
2089 4379 2156 4434 de
2181 4380 2286 4436 illis
2315 4379 2597 4444 mandare,
2619 4377 2870 4448 hancque
2900 4377 3000 4431 loci
3026 4376 3349 4431 sententiam
3367 4391 3486 4430 esse
3511 4390 3526 4428 :

1967 4468 2112 4524 Oller
2146 4471 2276 4525 mihi
2310 4480 2363 4526 ct
2399 4486 2578 4535 serva,
2612 4484 2732 4541 quae
2765 4469 2868 4524 sub
2895 4469 3086 4538 jugum
3112 4468 3279 4522 missa
3303 4481 3408 4520 non
3437 4468 3529 4528 sit,

1969 4577 2070 4618 nec
2114 4564 2282 4617 aratri
2311 4564 2588 4619 laboribus
2619 4563 2865 4625 subacta,
2898 4564 3131 4632 primum
3161 4575 3340 4616 vaccae
3387 4575 3532 4631 sym-

301 4654 414 4706 ὶεῖ·
460 4655 551 4707 τὸν
595 4653 653 4707 δὲ
683 4653 755 4717 ὡς
800 4655 986 4724 κριόν,
1023 4653 1108 4706 ἵνα
1156 4652 1416 4724 μηδαμῶς
1459 4633 1865 4726 ἀποσκιραιήσας

1958 4638 2115 4720 'bolo,
2150 4655 2386 4712 animam
2433 4664 2603 4722 tuam,
2631 4664 2748 4711 tum
2781 4669 3024 4719 carnem,
3057 4660 3332 4726 postremo
3379 4669 3532 4706 naen-

416 4811 464 4842 ³³
505 4807 671 4863 Num.
709 4810 857 4874 v1.1.
938 4809 982 4841 "
1023 4806 1150 4863 Gen.
1193 4825 1283 4874 xv,
1326 4809 1379 4863 9.

379 4954 496 5023 (70)
531 4953 642 5006 Ter
664 4947 853 5010 ἆθλον
879 4952 990 5019 τῆς
1017 4951 1360 5020 παρθενίας.
1405 4950 1731 5022 l’irginitatis
1755 4967 1871 5004 mu-

305 5044 406 5080 nus
444 5025 618 5078 libens
661 5025 886 5083 reddidi,
915 5033 1073 5092 prout
1109 5024 1217 5076 ludi
1249 5031 1302 5076 et
1341 5023 1869 5092 eertamina,_iisque

308 5094 582 5148 obeundis
625 5094 871 5157 labores,
917 5090 1130 5147 Latinis
1181 5109 1396 5146 munera
1446 5102 1604 5153 sunt;
1665 5090 1870 5145 Griecis

307 5164 494 5228 ἆθλος.
554 5162 870 5222 Possinius.
912 5166 1228 5234 virginitatis
1266 5163 1675 5230 professionem;
1727 5163 1868 5234 quod

307 5252 475 5289 sensu
513 5249 619 5288 non
659 5237 830 5288 abest.
879 5234 1190 5303 Sequentia,
1235 5234 1374 5287 ultro
1418 5243 1712 5300 susceptum
1756 5233 1869 5301 ejus

306 5323 497 5362 causa.
538 5305 731 5358 inutile
771 5307 1079 5372 glossema:
1115 5319 1220 5358 non
1255 5307 1398 5357 enim
1445 5305 1510 5356 de
1543 5307 1646 5356 alia
1689 5316 1872 5356 sermo

309 5378 624 5444 virginitate
649 5375 766 5427 viro
795 5375 1183 5438 ecclesiastico,
1213 5383 1271 5429 ut
1299 5388 1438 5443 opus
1473 5375 1542 5428 sit
1573 5374 1674 5427 hoc
1702 5375 1878 5427 adno-

310 5456 452 5499 tare.
485 5447 777 5500 COIBEFIS.

384 5515 498 5584 (7t)
530 5518 690 5569 Κατὰ
714 5515 781 5568 τὸ
802 5516 1208 5584 προκείμενον.
1242 5511 1364 5568 Vat.
1404 5512 1587 5576 habet,
1633 5513 1774 5567 κατὰ
1818 5512 1879 5565 τὸ

314 5587 552 5656 πνεῦμα,
573 5586 718 5654 quod
749 5595 894 5640 esset
922 5586 1251 5656 spiritualcm
1275 5599 1652 5656 semuminee
1678 5593 1760 5638 est
1786 5601 1881 5656 ne-

313 5654 471 5710 cesse
508 5667 563 5709 ut
592 5656 808 5727 πνεῦμα
843 5654 1076 5710 ιιίοΙοοί
1105 5657 1320 5710 divinus
1358 5656 1486 5778 ἆνερ
1519 5654 1755 5721 Spiritus
1797 5655 1878 5706 in-

315 5729 615 5778 tellicatnr.
635 5728 710 5778 uti
751 5725 978 5778 reddidit
1001 5726 1303 5778 Pnssinius.
1338 5725 1352 5743 '
1421 5727 1561 5777 mei
1581 5725 1640 5776 το
1669 5723 1878 5778 πνεῦμα

315 5729 615 5796 telligatnr.
635 5728 710 5779 uti
734 5723 978 5780 reddidit
1001 5726 1303 5780 Possinius.
1338 5723 1401 5778 Ἦ
1421 5727 1561 5777 κατᾶ
1581 5725 1640 5776 το
1669 5723 1881 5793 πνεῦμα

318 5797 550 5860 διάνοια,
583 5799 961 5867 opponitur/ri;
993 5797 1128 5851 κατὶ
1165 5797 1224 5848 sb
1262 5796 1443 5866 ῥητόν,
1494 5812 1673 5850 sensus
1727 5797 1883 5862 spn‘io

1977 4954 2121 5013 talis,
2174 4953 2411 5010 litterati.
2445 4951 2683 5022 Spiritali
2730 4966 2859 5021 ergo
2909 4969 3094 5015 sensu,
3124 4959 3308 5009 votum
3354 4949 3532 5022 Nam.

1974 5033 2179 5086 reatus,
2233 5033 2414 5078 votum
2447 5021 2554 5094 quo
2604 5025 2726 5091 quis
2785 5040 2978 5094 magne
3018 5033 3196 5086 vovet.
3245 5021 3530 5094 mirificum

1977 5094 2105 5147 illud
2135 5110 2271 5162 opus
2297 5098 2376 5162 (ut
2402 5090 2595 5149 sonant
2625 5090 3182 5154 Hebrzrafvoluernnt
3199 5094 3249 5147 οἱ
3278 5090 3416 5145 LXX
3448 5107 3534 5148 ex-

1976 5166 2207 5232 primere
2230 5181 2359 5218 voce
2399 5167 2510 5227 illa,
2539 5165 2786 5234 μεγάλως
2824 5164 3100 5232 εὔξασθαι)
3131 5168 3195 5219 de
3234 5163 3534 5232 virginibus

1976 5236 2196 5303 exponit
2229 5234 2549 5299 Methodius,
2578 5251 2696 5305 quae
2727 5234 2835 5290 Deo
2871 5249 2922 5290 et
2959 5236 3192 5289 animam
3226 5243 3279 5289 ct
3311 5249 3532 5303 corpus,

1979 5319 2040 5374 ac
2074 5306 2331 5373 quidquid
2368 5307 2581 5361 demum
2631 5313 2777 5366 sunt,
2812 5307 3056 5361 obtulere
3098 5315 3445 5374 servantque.
3480 5313 3532 5355 ut

1979 5371 2102 5428 Deo,
2117 5371 2301 5431 Sancta
2333 5385 2384 5430 et
2411 5383 2656 5446 separata
2683 5392 2698 5428 :
2730 5377 2872 5445 quod
2906 5393 3034 5430 sane
3063 5391 3158 5444 pro
3181 5371 3415 5446 humana
3439 5373 3537 5446 im-

1982 5446 2272 5501 beciil.tate
2324 5442 2568 5501 maximae
2612 5442 2828 5518 virtutis
2857 5455 2962 5518 est.
3007 5442 3137 5501 Post
3173 5442 3532 5518 πλημμε);ὦνο

1980 5518 2245 5589 Λιῑιιιιιις.·
2271 5518 2372 5571 οὐκ
2416 5519 2696 5589 εὐαρεστεῖ
2731 5515 2807 5586 τῷ
2843 5516 2984 5589 Qad);
3039 5533 3141 5570 non
3186 5513 3355 5589 placet
3405 5513 3535 5589 lico.

1983 5588 2125 5656 quod
2177 5591 2439 5655 glossema
2475 5582 2704 5648 videtur,
2749 5582 2853 5641 nisi
2897 5582 3194 5655 utrumque
3236 5582 3539 5643 Methodius

1985 5659 2226 5780 srripls)it.
2259 5659 2310 5780 idl
2339 5667 2442 5722 est,
2473 5675 2572 5714 non
2607 5661 2806 5728 inIegra
2828 5657 3022 5712 oblatio
3044 5667 3143 5723 est,
3174 5665 3266 5711 aut
3294 5672 3408 5729 qum
3429 5656 3539 5724 pia-

1986 5741 2096 5780 (cat
2177 5745 2253 5780 eu.
2318 5744 2367 5780 θ.

1986 5741 2096 5781 (ραι
2131 5741 2253 5782 νει).
2296 5741 2367 5781 ID.
