4052 6338
631 341 691 398 39
1529 342 1591 396 Β.
1642 341 1966 396 METHUDII
2008 338 2312 396 EPISCGPI
2350 341 2435 395 ET
2475 341 2831 400 MARTYRIS

3735 356 3852 411 {00

619 481 725 524 mn
765 483 777 518 :
814 478 1043 534 quarum
1100 462 1214 517 haec
1262 461 1480 533 quidem
1533 478 1753 541 capram
1810 461 2029 525 referat,
2073 478 2171 532 qua

2284 466 2489 536 ἐκπέσῃ
2524 467 2612 519 καὶ
2637 464 2951 538 ἐξολισθήσῃ
2979 466 3075 536 τῆς
3100 466 3367 539 ἀληθείας.
3388 466 3541 523 Οὖτω
3569 467 3676 543 γάρ
3694 473 3856 526 ἐντι-

606 557 761 611 .celsa
782 554 1116 625 abruptaque
1134 553 1489 623 perambulat,
1507 554 1595 606 illa
1619 556 1859 616 arietem,
1880 543 1947 610 ne
1965 555 2181 624 quando

624 646 830 701 resiliat
852 654 1017 715 atque
1047 659 1075 697 a
1103 644 1216 698 veri
1252 643 1472 697 tramite
1496 643 1733 698 excidat.
1759 641 1851 698 Sic
1889 645 2033 700 enim
2059 660 2183 713 per-

624 737 798 793 fectus
826 736 938 792 eris
978 742 1031 790 et
1059 750 1088 787 a
1132 736 1291 805 culpa
1343 736 1623 798 immunis,
1667 751 1700 788 ο
1743 735 2036 799 Abraham,
2073 736 2181 791 tuis

623 844 743 885 cum
775 828 977 889 anima,
1018 836 1131 881 tum
1159 842 1322 881 sensu
1355 834 1409 880 et
1439 833 1636 893 mente,
1674 826 1804 879 mihi
1835 826 2034 896 pariter
2060 842 2184 880 eon-

621 920 885 987 secratis;
915 934 1034 987 qum
1062 917 1356 989 symbolice
1387 932 1604 971 vaccam
1632 924 1685 971 et
1713 932 1932 987 capram
1955 923 2008 971 et
2041 918 2183 971 arie-

622 1022 725 1066 tem
752 1015 1018 1066 tricnnem
1049 1009 1280 1071 vocavit,
1314 1016 1570 1076 tanquam
1612 1024 1730 1078 quae
1759 1015 1962 1063 sancta:
1999 1006 2184 1063 Trini-

621 1104 747 1155 tatis
772 1103 1133 1170 cognitionem
1154 1109 1354 1153 rectam
1389 1114 1499 1167 pra:
1518 1114 1575 1152 se
1609 1098 1831 1152 ferrent.

686 1192 799 1247 Nisi
838 1193 973 1246 forte
1003 1192 1091 1245 hic
1120 1192 1321 1260 potius,
1363 1191 1536 1260 prima
1570 1201 1623 1245 et
1655 1191 1829 1246 media
1874 1206 1938 1247 ac
1966 1198 2180 1261 postre-

619 1300 727 1349 ma,
778 1283 900 1338 vita:
947 1289 1143 1336 nostra:
1189 1282 1469 1351 tetatisque
1518 1281 1602 1335 via
1654 1282 1866 1336 occulte
1913 1281 2179 1344 innuitur,

618 1377 730 1431 Deo
769 1376 873 1432 hoc
918 1384 1129 1445 agente,
1174 1382 1233 1427 ut
1277 1390 1439 1444 quam
1486 1373 1720 1428 maxime
1770 1373 2015 1437 licuerit,
2057 1390 2186 1444 pue-

614 1472 773 1524 rilem
809 1467 1129 1537 virilemque
1163 1482 1228 1520 ac
1268 1467 1492 1522 senilem
1521 1474 1732 1520 tetatem
1773 1473 1925 1520 caste
1967 1475 2182 1521 transa-

612 1567 757 1620 ctas,
809 1557 887 1610 illi
935 1554 1246 1611 oﬂeramus.
1298 1553 1764 1620 Quemadmodum
1815 1561 1869 1609 et
1921 1552 2182 1610 Dominus

614 1659 804 1706 noster
829 1648 988 1704 Jesus
1033 1647 1285 1702 Christus
1334 1647 1387 1701 iu
1420 1645 1706 1715 Evangelio
1729 1648 1774 1677 '°
1810 1646 2072 1717 praecipit,
2107 1647 2181 1700 ita

612 1742 871 1796 sanciens
914 1760 927 1795 :
975 1738 1267 1809 Lampadas
1323 1749 1505 1794 vestra:
1547 1755 1610 1793 ne
1651 1740 2083 1809 exstinguuntur,
2131 1748 2181 1792 et

2281 554 2375 625 λὴς
2398 555 2493 628 ἔσῃ
2513 556 2604 608 καὶ
2624 556 3004 627 ἀνεπίληπτος,
3023 550 3068 609 ὦ
3093 556 3356 629 Ἀϐραὰμ,
3375 559 3589 625 ἀναθεὶς
3609 563 3729 633 ἐμοὶ
3747 564 3855 617 καὶ

2281 646 2378 717 τὴν
2392 646 2565 717 ψυχὴν
2581 647 2673 701 καὶ
2684 646 2779 717 τὴν
2794 645 3044 717 αἴσθησιν
3069 648 3160 701 καὶ
3176 648 3266 702 τὸν
3286 648 3429 711 νοῦν,
3448 649 3484 703 ἃ
3505 651 3855 721 συμϐολικῶς

2282 735 2511 807 δάμαλιν
2560 738 2661 808 ἔφη
2696 739 2787 791 καὶ
2815 734 2945 807 αἶγα
2974 740 3066 792 καὶ
3094 739 3246 812 κριὸν
3276 740 3643 811 τριετίζοντα,
3681 744 3856 797 οἱονεὶ

2282 828 2379 899 τὴν
2441 828 2639 897 γνῶσιν
2698 829 3080 900 ἁκακέμφατον
3131 830 3232 901 τῆς
3292 832 3519 903 Τριάδος
3568 836 3856 907 ἐπανῃρη-

2287 922 2439 991 μένα.

2352 1183 2504 1254 Τάχα
2533 1183 2590 1236 δὲ
2630 1183 2724 1237 καὶ
2758 1184 2855 1255 τὴν
2889 1182 3109 1256 πρώτην
3151 1184 3245 1238 καὶ
3276 1183 3372 1256 τὴν
3403 1186 3573 1258 μέσην
3604 1190 3697 1240 καὶ
3744 1193 3853 1257 τὴν

2280 1274 2592 1329 τελευταίαν
2619 1276 2712 1329 τοῦ
2746 1275 2859 1347 βίου
2888 1279 2981 1330 καί
3007 1279 3103 1349 τῆς
3124 1277 3333 1349 ἡλικίας
3355 1279 3509 1349 ἡμῶν
3543 1280 3851 1335 αἰνίσσεται

2281 1366 2497 1437 τρίϐον,
2534 1366 2885 1439 βουλόμενος,
2926 1349 3024 1431 ὡς’
3038 1368 3116 1422 ἔνι
3159 1370 3419 1440 μάλιστα,
3470 1372 3562 1423 καὶ
3601 1372 3692 1425 τὸν
3735 1371 3852 1425 τῶν

2284 1457 2488 1511 παίδων
2534 1459 2628 1512 καὶ
2673 1459 2762 1512 τὸν
2805 1457 2913 1511 τῶν
2961 1458 3166 1531 ἀνδρῶν
3214 1461 3307 1513 καὶ
3366 1459 3474 1513 τῶν
3512 1461 3852 1535 γεραιτέρων

2283 1547 2471 1619 χρόνον
2500 1548 2790 1619 σωφρόνως
2824 1547 3142 1618 βιώσαντας,
3167 1548 3316 1620 αὐτῷ
3346 1550 3850 1623 προσενέγκασθαι·

2284 1639 2406 1693 καθ’
2446 1641 2505 1693 ὃν
2537 1641 2734 1712 τρόπον
2763 1642 2857 1694 καὶ
2896 1643 2925 1695 6
2970 1641 3170 1714 Κύριος
3206 1642 3361 1714 ἡμῶν
3405 1645 3462 1697 ὲν
3500 1643 3855 1713 Εὑαγγελίοις

2286 1732 2713 1804 παρακελεύεται
2760 1733 2967 1805 Ἰησοῦς
3002 1735 3254 1807 Χριστὸς,
3276 1728 3376 1788 ὧδε
3416 1735 3750 1806 νομοθετῶνο
3785 1739 3856 1791 οι

615 1834 779 1887 lumbi
828 1834 985 1887 vestri
1029 1848 1091 1885 ne
1122 1832 1410 1885 solvantur.
1440 1829 1567 1884 Ideo
1593 1840 1641 1884 et
1671 1848 1757 1884 vos
1786 1830 1980 1885 similes
2010 1841 2171 1887 estote

2275 1826 2488 1893 λύχνοι
2524 1825 2689 1895 ὑμῶν
2712 1826 2797 1895 μὴ
2845 1827 3314 1882 σϐεννύσθωσαν
3338 1868 3352 1890 ,
3398 1829 3495 1882 καί
3525 1829 3578 1882 oi
3620 1829 3855 1897 ὀσφύες

613 1923 909 1977 nominibus
940 1919 1355 1990 exspectantibus
1384 1920 1655 1975 dominum
1678 1938 1851 1985 suum,
1873 1921 2080 1991 quando
2098 1938 2173 1975 re-

614 2024 849 2069 vertatur
875 2031 907 2069 a
926 2015 1145 2087 nuptiis,
1177 2022 1234 2066 ut
1263 2029 1380 2067 cum
1409 2015 1600 2067 uenerit
1634 2022 1683 2067 et
1714 2014 2019 2083 pulsaverit,
2050 2031 2180 2068 con-

616 2108 788 2169 festim
819 2106 1060 2175 aperiant
1089 2106 1160 2159 ei.
1195 2104 1349 2158 Beati
1379 2104 1550 2168 eritis,
1584 2105 1706 2175 quia
1753 2105 1912 2173 faciet
1945 2104 2180 2160 discum-

602 2206 728 2250 bere
777 2213 886 2262 vos,
925 2209 970 2251 et
1005 2200 1261 2252 transiens
1296 2199 1632 2254 ministrabit.
1670 2199 1810 2255 Etsi
1851 2202 1904 2255 in
1941 2202 2172 2256 secunda

608 2288 812 2356 vigilia,
835 2299 883 2342 et
913 2291 957 2342 si
986 2290 1038 2342 in
1062 2292 1239 2354 tertia,
1263 2293 1402 2345 beati
1425 2292 1597 2347 eritis.
1624 2292 1976 2367 Considerate
2003 2294 2170 2361 enim,

604 2378 1065 2447 quemadmodum
1131 2390 1239 2437 tres
1302 2384 1478 2438 noctis
1548 2384 1882 2454 designando
1960 2385 2174 2457 vigilias

607 2472 1002 2541 (vespertinam
1028 2482 1081 2526 et
1115 2474 1408 2528 secundam
1433 2483 1486 2527 et
1509 2475 1744 2543 tertiam)
1787 2486 2006 2545 tresque
2042 2490 2173 2531 suos

614 2560 899 2623 adventus,
939 2575 973 2614 o
996 2559 1261 2631 virgines,
1296 2559 1563 2630 triplicem
1598 2568 1820 2616 aetatum
1864 2569 2175 2618 nostrarum

610 2653 783 2705 vicem
817 2653 1078 2715 innuerit,
1109 2652 1368 2721 puerilem
1410 2652 1644 2717 scilicet,
1672 2653 1910 2709 adultam
1940 2670 2005 2711 ac
2031 2657 2178 2713 seni-

603 2742 737 2798 tlem.
780 2742 982 2813 Nempe
1004 2744 1112 2798 hoc
1141 2752 1413 2814 satagens,
1451 2754 1507 2798 ut
1546 2747 1660 2800 sive
1697 2746 1924 2816 primam
1956 2756 2177 2819 agentes

607 2842 822 2888 :etatcm
848 2835 973 2904 (hoc
1006 2843 1090 2890 est
1125 2836 1411 2906 puerilem)
1443 2852 1505 2890 ex
1542 2836 1744 2891 mundo
1797 2851 2176 2908 assumpturus

604 2925 840 2989 venerit,
875 2934 1092 2993 paratos
1132 2940 1231 2981 nos
1270 2941 1337 2981 ac
1365 2924 1599 2981 mundos
1626 2927 1869 2998 nullique
1901 2945 2068 2998 pravo
2092 2930 2175 2984 in-

608 3017 802 3071 stituto
829 3019 1075 3073 addictos
1108 3019 1384 3085 inveniat;
1417 3034 1481 3073 ac
1506 3019 1760 3074 similiter
1797 3020 1911 3075 sive
1949 3022 2172 3076 alteram

604 3108 989 3171 decurrentes,
1025 3109 1158 3163 sive-
1182 3110 1424 3164 tertiam.
1456 3107 1776 3180 Vcspertina
1804 3111 1950 3164 enim
1995 3120 2174 3167 custo-

2286 1916 2451 1987 ὑμῶν
2475 1917 2562 1987 μὴ
2594 1917 2972 1973 λυέσθωσαν.
3004 1917 3108 1971 Διὰ
3134 1917 3307 1971 τοῦτο
3332 1917 3429 1971 καί
3464 1917 3633 1986 ὑμεῖς
3658 1916 3854 1987 ὅμοιοι

2284 1988 2520 2080 ’ξ-ἰνεσθε
2573 2008 2900 2077 ἀνθρώποις
2936 2008 3435 2079 προσδεχομένοις
3482 2009 3587 2063 τὸν
3636 2011 3857 2077 κύριον

2284 2102 2502 2167 αὐτῶν,
2539 2103 2683 2156 πότε
2702 2102 2979 2171 ἀναλύσῃ
3005 2101 3072 2154 ἐκ
3101 2100 3219 2154 τῶν
3244 2100 3460 2171 γάμων,
3488 2102 3588 2156 ira
3610 2102 3855 2157 ἐλθόντι

2284 2196 2381 2249 καί
2417 2195 2742 2263 κρούσαντι
2777 2192 2935 2258 αὐτῷ
2967 2192 3183 2260 εὐθέως
3211 2192 3514 2257 ἀνοίξωσι.
3556 2192 3855 2262 Μακάριοι

2282 2284 2442 2350 ἐστε,
2489 2287 2574 2341 ὅτι
2605 2284 2914 2340 ἀνακλινεῖ
2948 2283 3100 2354 ὑμᾶς
3120 2323 3134 2347 ,
3164 2283 3262 2337 καί
3306 2282 3613 2352 παρελθὼν
3645 2282 3853 2338 διακο-

2282 2376 2488 2443 νήσει·
2522 2375 2637 2430 κᾶν
2679 2374 2755 2445 τῇ
2796 2374 3071 2443 δευτέρᾳ,
3109 2373 3227 2429 κᾶν
3261 2373 3335 2442 τῇ
3371 2375 3536 2443 τρίτῃ
3575 2372 3853 2444 φυλακῇ.

2277 2467 2557 2537 μακάριοί
2585 2468 2742 2522 ἐστε.
2786 2464 3180 2537 Ἐπισκέψασθε
3205 2465 3332 2539 γὰρ,
3364 2466 3445 2520 ὅτι
3470 2469 3617 2539 τρεῖς
3647 2466 3854 2521 ὑποθέ-

2285 2572 2445 2628 μενος
2474 2559 2718 2628 φυλακὰς
2747 2558 2938 2622 νυκτὸς
2956 2600 2971 2625 ,
3005 2556 3293 2631 ἑσπερινὴν
3320 2559 3414 2612 καὶ
3450 2551 3709 2631 δευτέραν
3753 2561 3858 2615 καὶ

2277 2649 2490 2721 τρίτην,
2516 2651 2612 2704 καὶ
2640 2653 2788 2722 τρεῖς
2811 2649 3003 2704 ἑαυτοῦ
3031 2650 3347 2722 παρουσίας,
3375 2644 3419 2703 ὦ
3443 2650 3717 2724 παρθένοι,
3743 2652 3857 2717 τὰς

2274 2745 2428 2814 τρεῖς
2458 2745 2490 2812 ἡ
2500 2742 2614 2814 μῶν
2641 2743 2742 2814 τῆς
2772 2742 2986 2814 ἡλικίας
3007 2741 3222 2813 ᾐνίξατο
3248 2742 3697 2817 μεταϐολὰςητὴν
3728 2761 3854 2814 μει-

2284 2833 2520 2906 ρακιώδη
2574 2836 2667 2889 καὶ
2709 2834 2807 2906 τὴν
2855 2835 3127 2907 πρόσηϐον
3174 2835 3270 2890 καὶ
3317 2836 3415 2908 τὴν
3449 2837 3850 2907 πρεσϐυτικήν

2282 2926 2369 2980 ἵνα
2397 2926 2497 2980 κᾶν
2535 2926 2631 2998 τὴν
2663 2926 2887 2998 πρώτην
2923 2926 3151 2995 ἄγοντας
3179 2925 3412 2997 ἠλικίαν,
3446 2926 3688 2981 τουτέστι
3720 2930 3857 2982 παῖ-

2278 3018 2374 3081 δας
2418 3018 2611 3083 ὄντας,
2652 3019 2744 3073 ἐὰν
2781 3017 2909 3089 ἔλθῃ
2958 3018 3408 3090 παραληψόμενος
3460 3018 3555 3072 τοῦ
3604 3020 3853 3090 κόσμου,

2279 3111 2527 3181 ἑτοίμους
2550 3110 2827 3185 καταλάϐῃ
2852 3111 2944 3165 καὶ
2982 3110 3275 3181 καθαροὺς,
3308 3111 3471 3183 μηδὲν
3506 3112 3860 3184 ἐπιτετηδευ-

606 3201 695 3253 dia
724 3205 901 3254 aetatis
929 3199 1028 3254 ﬂos
1058 3209 1141 3255 est
1178 3210 1231 3255 et
1266 3201 1548 3269 juventus,
1587 3219 1711 3257 cum
1764 3219 1918 3257 mens
1962 3204 2168 3259 turbari

2276 3199 2437 3263 κότας
2484 3200 2703 3253 σκαιόν·
2744 3201 2847 3253 κᾶν
2873 3201 2993 3273 τὴν
3033 3200 3288 3271 δευτέραν
3332 3202 3568 3270 ὁμοίως,
3609 3202 3710 3256 κᾶν
3744 3204 3857 3276 τὴν

605 3292 797 3362 incipit
826 3295 947 3347 vitae
976 3294 1451 3358 alternationibus,
1494 3297 1821 3366 pubescente
1863 3297 1974 3366 jam
2006 3315 2172 3354 carne

597 3395 770 3455 atque
815 3384 869 3437 in
902 3385 1178 3439 libidinem
1211 3387 1498 3456 gestiente.
1535 3386 1787 3443 Secunda
1830 3405 1959 3445 vero
1997 3392 2053 3445 in
2091 3393 2171 3445 vi-

598 3489 726 3529 sum
750 3476 860 3545 jam
888 3476 1182 3545 perfectum
1201 3488 1478 3546 provecta,
1509 3479 1726 3549 quando
1755 3496 1907 3537 mens
1934 3482 2170 3552 quietem

599 3580 672 3619 ac
692 3565 1007 3621 ﬁrmitatem
1025 3568 1298 3624 adversus
1317 3570 1900 3638 perturbantcs'motus
1929 3573 2175 3629 inanem-

600 3668 712 3724 que
748 3655 1063 3723 jactantiam
1112 3658 1303 3726 incipit
1346 3674 1642 3715 assumere.
1696 3658 1879 3716 Tertia
1934 3661 2169 3733 denique

598 3759 728 3797 cum
778 3760 984 3816 magna
1043 3761 1167 3815 pars
1222 3747 1613 3803 desideriorum
1664 3764 1726 3804 ac
1775 3751 2164 3820 cogitationum

598 3832 901 3897 evanescit,
938 3844 1306 3891 marcescente
1325 3835 1438 3905 jam
1466 3851 1631 3893 carne
1664 3845 1828 3910 atque
1857 3840 1911 3894 in
1949 3842 2160 3898 senium

596 3931 878 3994 vergente.

2275 3294 2485 3365 τρίτην.
2548 3293 2837 3365 Ἐσπερινὴ
2891 3294 3001 3366 γὰρ
3047 3293 3255 3364 φυλακὴ
3289 3293 3317 3345 6
3366 3295 3553 3367 καιρός
3582 3295 3699 3347 ἐστι
3745 3297 3857 3370 τῆς

2276 3384 2461 3453 ἀκμῆς
2496 3383 2590 3436 τοῦ
2625 3384 2911 3457 ἀνθρώπου
2946 3386 3041 3440 καὶ
3071 3387 3104 3457 ἠ
3131 3386 3336 3455 νεότης,
3372 3385 3493 3439 καθ’
3520 3386 3587 3458 ἢν
3617 3386 3855 3460 ἄρχεται

2276 3476 2641 3548 ταράσσεσθαι
2659 3478 2718 3530 τὸ
2740 3479 3083 3549 ἡγεμονικὸν,
3114 3478 3524 3549 ἐπιθολούμενον
3543 3482 3663 3542 ταῖς
3689 3478 3856 3545 ἐξαλ-

2276 3567 2467 3639 λαγαῖς
2493 3569 2587 3622 τοῦ
2619 3570 2754 3641 βίου,
2797 3570 3021 3643 ήϐὡσης
3052 3570 3219 3625 αὐτοῦ
3251 3571 3350 3641 τῆς
3378 3571 3576 3643 σαρκὸς
3613 3571 3712 3643 ἤδη
3748 3571 3855 3626 καὶ

2272 3661 2615 3733 τρεπομένης
2643 3663 2723 3726 είς
2765 3661 2952 3727 πάθος.
2986 3662 3228 3733 Δευτέρα
3272 3661 3358 3725 δὲ,
3395 3663 3630 3733 ὁπηνίκα
3660 3662 3854 3719 λοιπὸν

2273 3758 2353 3819 είς
2401 3754 2568 3826 ἄνδρα
2598 3754 2800 3808 τέλειον
2837 3755 3057 3819 ἐλάσας,
3090 3753 3316 3825 ἄρχεται
3365 3754 3551 3809 στάσιν
3590 3754 3700 3825 (72)
3745 3755 3853 3808 καὶ

2272 3848 2597 3918 βεϐαιότητα
2621 3847 2727 3901 τῶν
2766 3846 3007 3920 θορύϐων
3042 3847 3072 3901 6
3116 3846 3241 3907 νοῦς
3275 3847 3708 3918 προσλαμϐάνειν
3747 3854 3853 3902 καὶ

2269 3939 2365 4007 τῆς
2398 3938 2645 4009 οἰήσεως.
2688 3939 2858 4010 Τρίτη
2897 3939 2980 4005 δὲ,
3023 3940 3113 3991 ὅτε
3146 3939 3202 3991 αἱ
3251 3938 3496 3992 πλεῖσται
3553 3939 3850 4008 φαντασίαι

2270 4030 2513 4100 φθίνουσι
2549 4031 2656 4084 τῶν
2687 4030 3007 4102 ἐπιθυμιῶν,
3050 4030 3570 4101 ἀπομαραινομένης
3612 4028 3711 4100 ήδη
3739 4028 3851 4100 τῆς

2269 4127 2471 4197 σαρκὸς
2500 4125 2593 4177 καὶ
2621 4125 2700 4187 εἰς
2730 4124 2903 4195 γῆρας
2932 4121 3375 4194 προκυπτούσης.

1424 4241 1551 4297 ειν.
1587 4240 1672 4297 Ill.
1709 4242 1748 4297 Α
1774 4258 1934 4313 puero
1964 4246 2204 4299 virtutem
2230 4244 2419 4308 coiere,
2444 4242 2593 4313 longe
2617 4241 2893 4310 optimum.

668 4350 1037 4420 Quamobrem
1070 4355 1343 4414 convenit.
1371 4368 1600 4412 accensa
1622 4357 1675 4411 in
1703 4359 1866 4413 corde
1893 4375 2012 4430 qua:
2026 4374 2171 4414 sem-

2338 4359 2427 4412 Διὸ
2460 4357 2725 4429 προσήκει
2753 4354 3013 4410 ἄσϐεστον
3044 4355 3100 4407 ὲν
3132 4356 3199 4425 τῇ
3230 4328 3430 4424 καρδίᾳ
3453 4352 3689 4416 πίστεως
3718 4352 3849 4419 ἐξά-

600 4461 701 4517 per
730 4446 919 4501 ardeat
951 4446 1072 4502 lldei
1106 4447 1372 4517 lampade.
1395 4455 1450 4502 et
1479 4447 1676 4506 lumbis
1699 4452 1874 4506 balteo
1898 4453 2165 4508 castitatis

2274 4452 2473 4521 ᾦαντας
2503 4449 2715 4520 λύχνον,
2745 4449 2840 4503 καὶ
2884 4448 3052 4516 ὀσφὺν
3084 4443 3540 4515 άναζωσαμένους
3580 4444 3680 4514 τῆς
3730 4463 3847 4499 ow-

598 4537 919 4601 succinotis,
954 4553 1055 4595 nos
1078 4537 1312 4609 vigilare
1342 4554 1415 4594 ac
1463 4538 1750 4596 Dominum
1811 4557 2027 4613 semper
2061 4559 2157 4599 ex-

2267 4542 2560 4617 φροσύνης,
2595 4538 2950 4614 ἐγρηγορέναι
2997 4539 3089 4592 καὶ
3131 4536 3439 4608 προσδοκᾷν
3476 4536 3562 4589 ἀεὶ
3592 4536 3683 4590 τὸν
3727 4538 3847 4590 Κύ-

597 4636 866 4699 spectare,
882 4640 952 4685 ait
974 4632 1087 4687 sive
1104 4633 1169 4685 vin
1182 4632 1369 4703 prima
1390 4641 1544 4688 aetate
1575 4642 1818 4690 nostrum
1846 4635 2057 4706 aliquos
2076 4652 2171 4699 ve—.

2274 4651 2386 4707 ριον
2404 4650 2417 4663 ·
2455 4634 2561 4694 ἵνα,
2586 4632 2687 4687 κᾶν
2712 4635 2767 4684 ὲν
2799 4633 2863 4702 τῇ
2891 4628 3078 4702 πρώτῃ
3105 4628 3289 4699 ἡλικίᾳ
3314 4625 3649 4696 παραλαϐεῖν
3682 4626 3846 4695 ἡμῶν

636 4784 681 4815 ⁵⁸
713 4783 844 4838 Luc.
872 4801 975 4851 ιη,
1009 4785 1213 4853 35,38.

669 4902 782 4968 (72')
815 4902 1079 4970 Ἀρχεται
1118 4901 1356 4956 στάσιν.
1403 4899 1500 4954 llic
1530 4908 1705 4954 status
1740 4900 1904 4970 priori
1938 4907 2159 4954 contra-

597 4972 713 5043 rius
759 4971 1110 5035 desertbitur,
1156 4988 1264 5041 quo
1296 4973 1530 5042 ἄρχεται
1560 4971 1960 5043 ταράσσεσθαι,
2014 4987 2157 5043 mens

597 5042 803 5095 turbari
829 5044 1013 5112 incipit
1042 5043 1398 5111 passionihus
1430 5056 1492 5094 ac
1536 5042 1818 5095 libidinum
1850 5049 1983 5096 aestu
2022 5060 2037 5094 :
2078 5042 2159 5092 al—

596 5120 714 5181 tero
746 5114 945 5181 itaque.
975 5112 1157 5165 adulta
1188 5112 1297 5179 jam
1322 5119 1477 5165 :etate
1507 5121 1559 5163 et
1590 5112 1643 5163 in
1677 5112 1848 5165 virum
1882 5121 2153 5181 provecta,

596 5180 771 5235 sedari
793 5180 970 5253 incipit
995 5188 1247 5251 rot‘urque
1263 5182 1504 5234 nancisci
1533 5184 1791 5235 adversus
1817 5180 2156 5235 turbationes

596 5253 865 5317 ejusmodi
906 5266 956 5307 et
978 5255 1288 5322 passiones,
1325 5267 1444 5321 qum
1473 5260 1965 5322 pcneevanescnnt
1997 5253 2155 5305 senili

596 5330 774 5381 aetate.
802 5320 1058 5376 membris
1077 5324 1185 5389 jam
1213 5320 1550 5393 frigentibus.
1572 5320 1688 5375 Non
1716 5323 1849 5377 bene
1872 5323 2153 5393 Possinius

595 5408 781 5462 vocem
814 5396 1019 5454 στάσιν,
1068 5401 1209 5446 s‘tatu
1245 5391 1340 5446 niti
1375 5392 1600 5462 quodam
1638 5394 1814 5461 incipit
1851 5406 1868 5443 :
1899 5400 1983 5447 est
2011 5391 2153 5445 enim

599 5461 707 5521 hic,
732 5476 890 5531 quain
921 5462 1239 5517 Aristoteles
1266 5461 1476 5533 κινήσει
1514 5466 1756 5532 opponit,
1786 5464 1836 5517 id
1863 5475 1946 5517 est
1964 5463 2114 5533 quies
2137 5475 2155 5512 :

595 5548 755 5603 qu_..nt
779 5534 870 5601 qui
896 5542 1091 5603 statum
1120 5534 1292 5586 reddit
1315 5531 1385 5603 ea
1406 5531 1739 5602 acceptione,
1774 5536 1930 5603 plane
1954 5531 2159 5603 βαρϐα-

598 5598 757 5672 ρίζει,
782 5598 880 5658 nec
908 5602 1095 5657 Latina
1121 5617 1302 5659 \ocem
1333 5598 1571 5658 Graecam
1602 5598 1841 5674 exponit.
1872 5598 2158 5658 Nihil‘t‘eli-

2261 4902 2382 4955 cius
2407 4902 2672 4970 explicata
2694 4916 2793 4955 vox
2815 4901 3056 4972 οἰήσεως.
3089 4898 3395 4957 Possiuius.
3418 4898 3687 4972 erroribus
3710 4898 3836 4972 sita:

2260 4967 2557 5035 dominari;
2594 4972 2840 5032 Allatius,
2883 4967 3096 5026 resectis
3133 4970 3545 5038 opinationibus.
3582 4967 3675 5021 Est
3714 4969 3833 5023 Ιιιυξο

2261 5043 2488 5096 alterum
2519 5043 2729 5102 vitium,
2780 5058 2888 5110 quo
2922 5044 3154 5095 maxime
3193 5041 3403 5094 laborat
3439 5040 3834 5110 adolescentia,

2260 5113 2435 5164 inanis
2476 5112 2716 5179 quwdam
2743 5109 3011 5180 jactantia
3046 5123 3095 5164 et
3127 5111 3460 5179 arrogantia,
3491 5109 3658 5178 τῦφος
3693 5127 3707 5161 :
3737 5110 3836 5175 qui

2263 5183 2379 5250 ipse.
2407 5182 2635 5235 allectus
2670 5184 2721 5234 in
2763 5184 2881 5235 viro
2909 5181 3019 5247 jam
3061 5184 3358 5234 maturiore
3383 5188 3541 5234 atate
3571 5194 3633 5231 ac
3658 5193 3835 5250 sensu

2261 5248 2496 5312 saniore.
2517 5253 2751 5306 mitescit
2770 5267 2832 5306 ac
2852 5251 3029 5306 sedari
3052 5251 3271 5319 incipit:
3295 5250 3433 5303 idem
3456 5250 3599 5319 quod
3622 5248 3794 5317 οἴημα
3815 5265 3831 5302 :

2261 5322 2404 5375 unde
2419 5322 2727 5393 οίηματίας,
2745 5321 3014 5389 superbus,
3047 5318 3275 5375 insolens
3298 5318 3523 5393 (a)._qui_
3545 5320 3611 5373 de
3635 5334 3693 5372 se
3716 5332 3836 5370 ina-

2260 5407 2363 5460 gna
2392 5390 2665 5463 concipit:
2696 5398 2765 5446 ita
2790 5394 3020 5461 juvenes
3051 5408 3144 5463 per
3172 5390 3616 5463 inexpcrientiam
3640 5403 3709 5463 ac
3733 5401 3835 5463 ea-

2260 5458 2375 5516 lore
2403 5458 2684 5532 sanguinis
2719 5479 2735 5517 :
2770 5458 2891 5531 quae
2927 5466 3006 5515 sic
3047 5458 3209 5516 docte
3238 5458 3496 5530 expressa
3532 5458 3831 5532 Methpdio,

2261 5527 2547 5587 verborum
2578 5527 2952 5604 plialerisTatio
2979 5533 3196 5587 trahere
3228 5527 3337 5585 non
3359 5528 3633 5585 convenit.
3655 5527 3829 5582 Con.

658 5722 730 5777 (ιι)
766 5719 836 5769 ita
876 5733 1073 5783 qquuo.
1118 5720 1326 5770 Butlmus
1366 5724 1626 5773 Comment.
1660 5723 1704 5771 ι..
1733 5723 1809 5772 G..
1846 5723 1896 5767 γ’
1918 5736 2131 5783 meum,
2162 5721 2291 5770 unde
2330 5732 2415 5768 sua
2445 5718 2664 5766 hausisse
2697 5714 2889 5765 videtur
2920 5713 3255 5766 Combeﬁsius.
3300 5712 3485 5775 Adisis,
3510 5704 3829 5784 iugem“),

597 5786 647 5827 ι*
670 5797 843 5841 Diaei“.
872 5796 1047 5831 nouss.
1075 5784 1192 5831 edit.
1223 5790 1335 5832 tom.
1366 5786 1423 5843 ll,
1455 5798 1564 5845 pag.
1596 5786 1702 5832 7'25.
1731 5788 1875 5832 (ista.
