4052 6338
238 296 336 354 tos

1327 296 1707 354 CONYIVIUM
1747 296 1975 352 DECEM
2020 295 2371 352 VIRGINUM.

3371 305 3469 360 101

693 438 824 495 Cu.
876 437 942 492 Ὗ.
988 437 1177 493 Votum
1199 441 1466 494 castitatis
1497 440 1713 510 ejusque
1743 441 1877 494 ritus
1915 441 1968 493 iu
2014 442 2143 510 lege.
2186 439 2348 506 Vites,
2379 439 2620 496 Christus
2646 449 2694 495 et
2731 438 2973 494 diabolus

299 581 644 653 Πειράσομαι
677 581 733 635 δὲ
761 581 853 635 καὶ
878 582 944 636 τὰ
972 583 1092 654 ἑξῆς
1119 582 1267 654 ὑμῖν,
1301 583 1578 656 παρθένοι,
1607 583 1800 657 φράσαι

1981 582 2120 637 llinc
2171 584 2284 654 jam
2329 592 2722 656 consequenter
2755 598 3028 655 exponere
3082 598 3297 655 pergam
3354 601 3476 656 qua:

231 675 334 730 τῶν
363 675 698 739 διατάξεων·
729 675 1024 746 ἐπειδήπερ
1061 675 1168 730 τῶν
1207 676 1480 748 σφετέρων
1517 677 1809 748 ἐξήρτηται

231 769 320 822 καὶ
344 767 486 822 αύτά
513 767 979 846 κατορθωμάτων,
1015 767 1204 839 θεσμοὶ
1235 771 1361 842 περὶ
1395 769 1688 840 παρθενίας
1721 770 1808 823 δν-

232 877 313 922 τα,
341 861 438 912 καὶ
469 859 714 933 χρησμοὶ
735 858 1076 924 διδάσκοντες
1102 859 1176 923 ὠς
1197 860 1492 931 ἀπέχεσθαι
1521 861 1806 932 προσήκει,

234 955 320 1007 καὶ
371 951 663 1020 ἀνατωγὸν
703 947 843 1004 εἶναι
895 952 990 1023 τήν
1035 951 1296 1022 παρθένον
1331 953 1462 1021 (79).
1499 953 1807 1026 Γέγραπται

233 1045 334 1114 γὰρ
375 1043 553 1106 οὕτως
577 1060 591 1072 °
625 1043 736 1097 Καὶ
770 1042 1038 1110 aldina:
1070 1045 1284 1112 Κύριος
1312 1043 1390 1111 τῷ
1427 1043 1676 1113 Μωῢσῇ,
1717 1046 1811 1098 .ῑέ-

233 1151 364 1202 των·
400 1133 700 1200 Adducor
729 1133 852 1199 τοῖς
882 1134 1032 1200 υἱοῖς
1065 1135 1322 1202 Ἰσραὴλ,
1355 1136 1451 1188 καὶ
1479 1135 1630 1204 ἐρεῖς
1659 1135 1808 1202 πρὸς

232 1226 482 1290 αὐτούς·
530 1224 701 1292 Ἀνὴρ
746 1225 784 1292 ἣ
828 1225 1003 1294 γυνὴ,
1040 1225 1108 1292 ὃς
1144 1225 1222 1279 ἂν
1253 1226 1527 1296 μεγάλως
1565 1227 1807 1294 εὔξηται

231 1318 420 1387 εὐχὴν
437 1315 883 1387 ἀςςαγνισθῆναι
902 1318 1112 1386 Κιιρίῳ,
1143 1318 1260 1372 ἀπὸ
1286 1320 1498 1386 σίκερα
1515 1319 1610 1372 καὶ
1639 1320 1806 1371 οἴνου

230 1395 685 1480 ἁγνισθήσεται,
717 1408 812 1462 καί
836 1409 975 1476 ὅξος
995 1409 1064 1474 ἐξ
1094 1411 1282 1475 οἴνου,
1319 1412 1415 1464 καὶ
1447 1411 1586 1477 ὄξος
1614 1412 1682 1465 ἐκ
1710 1412 1806 1465 σί-

234 1518 390 1570 κερα,
428 1502 530 1555 καὶ
569 1501 686 1553 ὅσα
714 1500 1119 1571 κατεργάζεται
1147 1503 1214 1555 ἐκ
1244 1500 1665 1571 σταφυλῆς,οὺ
1689 1503 1807 1555 πίε-

235 1611 347 1648 rat'
396 1593 498 1645 καί
531 1591 854 1661 σταφυλὴν
901 1594 1248 1662 πρόσφατον
1293 1593 1390 1646 καὶ
1434 1593 1697 1663 σταφίδα
1735 1596 1806 1648 οὐ

233 1689 496 1757 φάγεται,
530 1688 736 1752 πάσας
787 1688 894 1753 τὰς
943 1686 1163 1756 ἡμέρας
1212 1685 1322 1755 τῆς
1373 1685 1556 1757 εὐχῆς
1596 1689 1802 1742 αὐτοῦ.

237 1780 404 1849 Ὀπερ
438 1775 587 1830 ἐστίν
610 1793 623 1806 ⁸
671 1775 802 1828 Ἀπὸ
829 1775 923 1828 τοῦ
954 1774 1120 1845 φυτοῦ
1147 1776 1244 1846 τῆς
1275 1777 1536 1847 πονηρίας
1555 1774 1664 1827 τῶν
1687 1793 1807 1843 γεν-

233 1870 486 1940 νωμένων
519 1871 548 1922 ὁ
594 1869 976 1939 κατεγγυήσας
1017 1867 1207 1922 ἑαυτὸν
1235 1867 1312 1939 τῷ
1343 1867 1531 1940 Κυρίῳ
1561 1868 1653 1921 καὶ
1684 1867 1808 1920 ἀνα-

1911 677 2016 730 isto
2069 677 2202 748 legis
2261 678 2382 732 loco
2416 678 2878 748 prtescribuntur;
2931 675 3077 747 quod
3113 676 3226 731 haec
3255 692 3474 748 quoque

1908 769 2106 822 vestris
2143 785 2354 824 annexa
2387 770 2496 824 sint
2526 769 2847 823 muneribus
2890 768 3134 832 oracula,
3165 769 3414 822 docentia
3443 786 3473 823 a

1907 860 2108 930 quibus
2132 861 2395 932 virginem
2436 861 2708 916 abstinere
2741 860 2931 916 deceat
2988 871 3041 915 et
3095 877 3214 930 qua;
3240 875 3269 914 a
3299 877 3358 915 se
3387 879 3478 915 ar-

1907 967 2050 1007 cere.
2089 951 2179 1008 Sic
2211 962 2390 1008 autem
2432 953 2630 1008 habent
2659 955 2674 984 ¹
2711 972 2724 1007 :
2776 953 2843 1006 Et
2874 953 3079 1006 locutus
3103 962 3182 1007 est
3215 952 3474 1007 Dominus

1908 1044 1977 1098 ad
2000 1045 2241 1115 Moysen,
2278 1046 2455 1100 dicens
2489 1063 2505 1099 :
2538 1044 2766 1116 Loquere
2788 1046 2916 1115 ﬁliis
2948 1045 3146 1109 Israel,
3169 1055 3216 1100 et
3244 1046 3384 1100 dices
3405 1045 3474 1099 ad

1904 1152 1992 1191 eos
2020 1152 2038 1189 :
2079 1135 2168 1190 Vir
2195 1139 2300 1192 sive
2331 1137 2524 1192 mulier
2550 1139 2840 1208 quicunque
2871 1154 3054 1208 magne
3084 1138 3260 1207 fecerit
3301 1148 3491 1214 votum.

1907 1229 2244 1298 testiﬁcandi
2292 1231 2594 1284 castitatem
2655 1230 2900 1293 Domino,
2957 1247 2988 1282 a
3028 1230 3197 1283 sicera
3247 1217 3318 1284 et.
3356 1231 3473 1284 vino

1909 1321 2215 1390 temperabit
2249 1331 2336 1376 :et
2365 1331 2567 1375 acetum
2602 1337 2667 1374 ea:
2701 1323 2840 1383 vino,
2878 1331 2929 1374 et
2963 1333 3162 1375 acetum
3191 1338 3257 1375 ea:
3282 1323 3471 1384 sicera,

1905 1421 1953 1464 et
1984 1429 2302 1485 qua'cunque
2329 1430 2393 1468 ex
2419 1431 2518 1468 uva
2557 1416 2714 1484 ﬁunt,
2750 1432 2852 1468 non
2899 1413 3058 1479 bibet,
3105 1425 3154 1468 et
3204 1421 3371 1468 uvam'
3395 1431 3476 1469 re-

1905 1512 2124 1569 centem,
2155 1514 2205 1558 et
2232 1523 2383 1558 uvam
2414 1522 2628 1569 passam
2658 1523 2758 1559 non
2782 1506 3036 1570 comedet,
3077 1507 3316 1560 omnibus
3362 1508 3476 1560 die-

1909 1594 2003 1650 bus
2035 1599 2262 1652 t'otisui.
2298 1596 2412 1654 lloc
2435 1605 2519 1652 est
2549 1616 2561 1650 ε
2613 1598 2715 1663 Qui
2749 1614 2807 1652 se
2840 1596 3071 1652 Domino
3105 1600 3252 1652 vovit
3283 1599 3473 1670 illique

1905 1690 2268 1755 consecravit,
2301 1706 2408 1744 non
2438 1690 2615 1760 carpit
2637 1707 2700 1746 ex
2730 1691 2836 1746 illis
2881 1706 3001 1761 qua:
3043 1707 3106 1746 ex
3156 1691 3350 1746 arbore
3380 1708 3473 1745 ne-

1905 1780 2093 1850 quitia:
2122 1790 2446 1844 nascuntur,
2478 1782 2622 1852 quod
2653 1798 2716 1838 ea
2743 1799 2956 1852 semper
2988 1783 3309 1838 ebrietatem
3356 1789 3409 1837 et
3444 1798 3474 1836 ιι

1909 1889 2041 1928 sana
2091 1880 2272 1928 mente
2319 1874 2699 1928 alienationem
2754 1874 2966 1928 soleant
3025 1874 3304 1929 inducere.
3358 1873 3475 1928 Du)

235 1963 340 2027 θεὶς
366 1964 427 2017 οὗ
466 1962 747 2034 δρέψεται,
788 1961 874 2014 διὰ
902 1960 961 2014 τὸ
994 1961 1322 2033 παρεκτικὸν
1347 1961 1433 2014 ἀεὶ
1463 1960 1631 2031 μέθης
1669 1959 1798 2013 αὐτὸ

1904 1965 2043 2020 enim
2072 1965 2263 2018 vitium
2299 1981 2518 2035 genera,
2550 1973 2813 2036 quantum
2845 1981 2910 2020 ex
2938 1963 3239 2036 Scripturis
3273 1966 3473 2021 intellio

223 2056 324 2109 ’καὶ
353 2056 667 2117 ἐκστάσεως
698 2054 1011 2123 πεφυκέναι.
1047 2053 1150 2106 Δύο
1185 2053 1292 2124 γὰρ
1323 2052 1579 2124 ἀμπέλων
1617 2052 1802 2121 διαφο-

243 2149 331 2219 ρὶις
356 2151 420 2201 ἐκ
439 2148 547 2200 τῶν
567 2148 602 2199 Γ
609 2147 796 2219 ραφῶν
821 2147 1124 2219 ᾐσθήμεθα,
1151 2146 1206 2199 αἳ
1231 2147 1398 2218 χωρὶς
1425 2145 1668 2217 ἀλλήλων
1691 2147 1804 2213 ἐγε-

239 2241 444 2310 νέσθην,
472 2241 744 2312 ἀνομοίως
770 2257 828 2292 τε
862 2239 1098 2310 ἕχεσθον.
1148 2239 1211 2292 Ἦ
1241 2239 1337 2308 μὲν
1369 2238 1476 2309 γὰρ
1509 2237 1802 2300 ἀθανασίας

239 2353 294 2388 τε
325 2337 415 2388 καὶ
449 2335 794 2403 δικαιοσύνης
824 2333 940 2386 ἐστὶ
972 2333 1272 2404 παρεκτική
1293 2350 1307 2362 '
1345 2336 1377 2402 ή
1408 2332 1463 2386 δὲ
1496 2333 1690 2404 μανίας
1733 2331 1800 2386 αὖ

241 2428 325 2478 καὶ
359 2425 1093 2498 παραφροσύνης.”Δμπελος
1137 2424 1233 2495 μὲν
1275 2423 1383 2495 γὰρ
1423 2421 1680 2494 νηφάλιος
1713 2424 1804 2476 καὶ

242 2519 588 2588 ιύτραντικὴ,
642 2516 938 2588 κλημάτων
985 2516 1159 2588 δίκην,
1202 2517 1266 2570 ὲκ
1311 2516 1416 2571 τῶν
1469 2518 1803 2589 μαθημάτων

243 2612 358 2673 τοὺς
394 2609 588 2682 βότρυς
639 2608 839 2681 ἱλαρῶς
868 2607 1221 2680 ἀπαιωροῦσα
1270 2607 1377 2661 τῶν
1427 2609 1800 2680 χαρισμάτων,

242 2703 668 2767 καταστάζοντας
689 2703 927 2773 ἀγάπην,
951 2704 979 2755 ὁ
1007 2702 1208 2775 Κύριος
1227 2703 1380 2774 ἡμῶν
1402 2704 1547 2758 ἐστιν
1576 2702 1800 2772 Ἰησοῦς,

242 2795 452 2862 ὀλέγων
498 2794 796 2866 διαρρήδην
848 2797 959 2857 τοῖς
1009 2793 1353 2857 ἀποστόλοις·
1589 2795 1704 2862 εἰμι
1763 2794 1802 2862 ή

240 2885 495 2954 ἄμπελος
523 2882 806 2952 ἀληθινὴ,
837 2885 1006 2953 ὑμεῖς
1031 2884 1101 2937 τὰ
1128 2883 1431 2953 κλήματω
1463 2885 1496 2937 ὁ
1514 2882 1581 2936 δὲ
1603 2883 1804 2950 Πατήρ

236 2997 352 3047 μου
375 2983 404 3031 ὀ
445 2978 718 3047 γεωργός.
738 2977 929 3048 Ἀγρία
959 2977 1015 3029 δὲ
1051 2977 1143 3030 καὶ
1175 2975 1548 3048 θανατηφόρος
1576 2977 1604 3029 ὁ
1631 2974 1806 3028 διάδο-

240 3070 348 3133 λος,
376 3068 572 3124 λύσσαν
619 3069 715 3123 καὶ
773 3069 847 3122 ἱὸν
884 3069 978 3123 καὶ
1015 3068 1182 3141 ὀργὴν
1229 3069 1579 3134 ἀποστάζων·
1615 3067 1804 3139 ὥσπερ

234 3161 306 3231 δή
338 3164 421 3215 καὶ
452 3162 693 3231 Maliaci};
741 3163 1028 3232 ὑφηγεῖται
1077 3161 1390 3232 διαγράφων
1433 3161 1560 3233 περὶ
1605 3161 1798 3214 αὑτοῦ·

250 3254 345 3305 Ἕκ
375 3255 477 3322 γὰρ
506 3249 782 3323 ἀμπέλου
812 3253 1109 3323 Σοδόμων,
1133 3255 1314 3326 φησὶν,
1347 3256 1384 3322 ἠ
1411 3254 1675 3324 ἄμπελος
1697 3255 1804 3306 αὐ·-

1903 2057 2102 2127 gimus,
2137 2057 2364 2111 scorsim
2400 2057 2727 2126 diversaque
2755 2071 2880 2112 area
2926 2065 3228 2111 nascuntur
3259 2072 3322 2110 ac
3359 2058 3470 2111 dis-

1903 2149 2111 2203 similes
2139 2155 2285 2203 sunt.
2326 2147 2526 2202 llarum
2559 2164 2690 2212 una,
2734 2149 3156 2204 immortalitatis
3187 2157 3378 2202 auctor
3406 2164 3472 2202 ac

1898 2241 2163 2310 iustitiae;
2201 2242 2391 2305 altera,
2441 2241 2646 2296 furoris
2690 2256 2753 2296 ac
2803 2241 3087 2295 dementia:
3126 2256 3292 2295 causa
3326 2242 3444 2295 exsi

1903 2333 2236 2405 stit.Nempe
2263 2335 2387 2389 vitis
2413 2334 2630 2405 quidem
2654 2335 2744 2388 illa
2779 2335 2949 2406 prior,
2982 2335 3162 2389 sobria
3198 2349 3261 2388 ac
3294 2334 3462 2389 laetiti-

1902 2442 2034 2483 cans
2072 2443 2167 2483 cor
2198 2431 2240 2493 ³,
2282 2443 2312 2483 e
2353 2427 2638 2498 praeceptis
2670 2429 2804 2494 suis,
2837 2427 2982 2482 velut
3025 2443 3088 2481 ex
3135 2428 3472 2498 palinitibu,

1905 2520 2059 2574 laztas
2091 2527 2378 2574 ostentans
2415 2520 2711 2590 pendentes
2755 2519 3147 2573 charismatum
3181 2533 3316 2574 uvas
3358 2519 3476 2573 stil-

1903 2611 2076 2666 lantes
2125 2611 2471 2678 charitatem,
2525 2609 2790 2665 Dominus
2835 2620 3021 2664 noster
3051 2609 3212 2664 Jesus
3241 2620 3346 2675 est,
3381 2609 3473 2681 qui

1902 2704 2080 2774 palam
2107 2704 2182 2756 ait
2213 2703 2475 2771 apostolis
2509 2703 2529 2734 ³
2569 2721 2582 2756 :
2629 2701 2740 2772 Ego
2771 2717 2887 2755 sum
2915 2702 3033 2756 vitis
3064 2719 3205 2766 vera,
3242 2720 3328 2757 ras
3357 2701 3475 2771 pal-

1901 2796 2052 2850 mites
2083 2812 2099 2848 :
2130 2805 2179 2850 et
2204 2794 2367 2848 Pater
2398 2813 2542 2850 meus
2573 2795 2806 2866 agricola
2828 2804 2928 2849 est.
2953 2794 3198 2865 Agrestis
3221 2811 3349 2849 vero
3371 2797 3476 2850 alit

1902 2895 1955 2942 et
1980 2885 2262 2942 mortifera
2292 2887 2442 2949 vitis,
2474 2888 2724 2942 diabolus
2747 2894 2850 2948 est,
2888 2886 3094 2940 rabiem
3130 2895 3183 2941 et
3205 2903 3474 2941 venenum

1902 2987 1956 3033 et
1978 2979 2111 3032 iram
2135 2980 2422 3042 distillans,
2461 2981 2537 3034 uti
2571 2987 2624 3034 et
2657 2978 2871 3050 Moyses
2901 2987 3109 3044 narrat,
3158 2979 3230 3032 ita
3265 2979 3476 3033 deseri--

1903 3071 2042 3126 bens
2073 3071 2093 3103 ⁸
2126 3089 2141 3126 :
2179 3071 2262 3124 EI:
2286 3073 2386 3126 vite
2418 3071 2768 3126 Sodomorum
2803 3072 2920 3126 vitis
2949 3088 3150 3136 eorum,
3185 3081 3234 3123 et
3275 3072 3478 3139 palmes

1903 3181 2083 3220 eorum
2130 3180 2194 3218 ea:
2237 3163 2551 3218 Gomorrha.
2592 3163 2701 3217 Uva
2729 3181 2910 3218 eorum
2957 3180 3058 3217 uua
3085 3163 3249 3230 fellis,
3293 3162 3475 3215 botrus

1905 3256 2279 3311 amaritudinis
2319 3258 2415 3310 eis.
2458 3254 2638 3310 Furor
2672 3257 2964 3310 draconum
2996 3255 3173 3308 vinum
3201 3271 3402 3318 eorum,
3423 3264 3477 3309 et

233 3345 370 3411 τῶν,
403 3347 492 3398 καὶ
536 3347 572 3413 ἡ
599 3345 894 3414 κληματὶς
913 3344 1109 3399 αὐτῶν
1131 3345 1198 3398 ἐκ
1236 3347 1560 3415 Γομόρρας.
1580 3346 1641 3400 Ἠ
1660 3361 1800 3399 στα-

1905 3349 2056 3419 furor
2080 3348 2325 3418 aspidum
2349 3347 2686 3402 insanabilis.
2712 3347 2791 3402 Ex
2828 3348 2928 3402 hac
2956 3347 3067 3402 vite
3096 3347 3324 3400 collecta
3350 3348 3476 3400 vin-

229 3438 399 3508 φυλὴ
425 3437 616 3490 αὐτῶν
642 3437 924 3506 σταφυλὴ
955 3436 1164 3506 χολῆς,
1183 3439 1407 3505 ,βότρυς
1434 3439 1670 3506 πικρίας
1697 3439 1801 3491 αὐ-

235 3525 374 3579 τῶν.
409 3527 592 3594 Θιομίις
608 3526 951 3594 δρακόντων
979 3531 1011 3581 ό
1048 3523 1210 3594 οἶνος
1237 3529 1452 3594 αὐτῶν,
1479 3528 1575 3581 καὶ
1615 3528 1800 3595 θυμὸς

231 3617 510 3672 ἀσπίδων
533 3620 796 3684 ἀνίατος.
817 3619 910 3671 Ἐκ
937 3619 1140 3692 ταύτης
1171 3621 1541 3692 τρυγήσαντες
1567 3622 1614 3673 oi
1645 3620 1800 3672 Σοδό-

234 3728 346 3782 μων
371 3713 673 3783 οἰκήτορες,
710 3714 790 3776 εἰς
825 3713 1069 3784 ἄκαρπον
1103 3712 1343 3785 ἀρρένων
1380 3711 1558 3783 ὄρεξιν
1581 3713 1800 3783 οἰστρη-

232 3803 533 3876 λατήθησαν
571 3805 849 3876 τραπῆναι
899 3804 1048 3875 παρά
1078 3801 1552 3873 φύσιν.Ἐντεῦθεν
1580 3802 1674 3855 καὶ
1707 3805 1799 3856 ὲπι

234 3892 341 3947 Νῶε
369 3896 867 3966 κραιπαλήσαντες,
903 3897 982 3959 είς
1021 3894 1275 3948 ἀπιστίαν
1318 3892 1667 3956 κατὼλισθον,
1703 3895 1797 3948 καὶ

234 3987 541 4062 ύποῦρύχιοι
596 3987 1084 4059 κατεποντώθησαν
1112 3985 1500 4057 κατακλυσμῷ.
1519 3983 1796 4039 Ἐντεῦθεν

232 4079 564 4150 ἀρυσάμενος
591 4082 621 4132 ὁ
648 4080 808 4144 Κάῖν,
827 4080 926 4143 τὰς
957 4078 1315 4150 μισαδέλφους
1342 4076 1570 4145 ὲφοίνιξε
1589 4080 1795 4148 χεῖρας,

231 4172 311 4222 καὶ
344 4171 542 4241 εχρανε
572 4171 672 4241 τὴν
701 4170 804 4240 γῆν
836 4169 1014 4242 λύθρῳ
1054 4167 1376 4238 συγγενικῷ.
1394 4167 1671 4221 Ἐντεῦθεν
1705 4185 1801 4238 με·

231 4261 531 4328 θ’)σκόμενα
561 4262 632 4315 τὰ
662 4262 810 4333 ἔθνη,
844 4260 1101 4332 θήγουσιν
1135 4261 1343 4313 ἑαυτῶν
1381 4262 1458 4323 είς
1503 4257 1797 4330 ἀλληλοφὸ-

232 4370 335 4418 νους
355 4354 540 4424 μάχας
562 4355 689 4417 τοὺς
711 4353 914 4425 θυμούς
933 4371 946 4384 ·
969 4353 1111 4407 οὕτω
1138 4354 1246 4424 γὰρ
1273 4354 1369 4406 οὐκ
1391 4351 1664 4418 ἐξίσταται
1682 4349 1793 4421 (80)

289 4534 304 4565 ¹
340 4533 514 4587 Num.
545 4549 624 4588 vt.
661 4534 776 4588 1-4.

233 4617 371 4670 unt,
406 4608 526 4673 20;
560 4621 674 4668 nx,
696 4604 750 4661 4.
823 4603 846 4634 ⁸
879 4603 1004 4657 Gen.
1039 4618 1113 4667 vt,
1152 4604 1202 4667 7,
1277 4605 1297 4634 '
1338 4604 1464 4658 Gen.
1492 4620 1563 4670 tv,
1588 4605 1642 4660 8.

293 4785 401 4853 (79)
451 4783 785 4852 Ἆνατωτὸγ
832 4782 992 4853 εἶναι,
1033 4780 1146 4848 τὴν
1193 4781 1510 4848 παρθένον.
1545 4779 1800 4853 Allatius,

230 4849 541 4926 mpﬂavlav,
573 4849 716 4924 quod
754 4855 928 4922 ipsum
974 4852 1099 4926 ferri
1144 4861 1353 4922 potest;
1387 4867 1484 4921 pro
1507 4849 1799 4926 _avaymybl

233 4921 512 4994 ἀναγωγὴν
534 4921 911 4994 repraesentat,
934 4924 1074 4992 quod
1096 4921 1398 4994 utrumque
1419 4921 1795 4994 eodentsensu

230 4991 627 5065 exponendum,
668 5002 830 5064 prout
869 4991 1149 5063 ἀνάγωγος
1193 4991 1440 5065 δύναμις,
1488 4991 1799 5065 subductrix

232 5062 450 5130 facultas
495 5062 743 5120 dicitur:
786 5062 1074 5132 άναγωγὸς
1111 5062 1357 5124 πτυέλου,
1409 5062 1550 5131 apud
1596 5063 1790 5115 Athon.

235 5138 328 5200 LI,
367 5138 669 5192 extractiva
715 5135 932 5206 salitur;
977 5134 1264 5206 ἀναγωγὴ-
1285 5133 1536 5202 αἵματος,
1585 5133 1794 5206 νελθειὶο

232 5210 514 5278 sanguinis.
548 5203 763 5268 Galen},
796 5204 1064 5268 Dioscor.,
1089 5214 1192 5278 etc.
1226 5203 1324 5258 Sic
1346 5203 1795 5278 ergoconstituta

232 5278 288 5332 de
314 5273 517 5348 ntagno
547 5285 673 5331 voto
711 5287 763 5331 et
797 5286 1088 5348 nazareatu
1121 5274 1340 5335 docent,
1369 5274 1496 5348 quid
1528 5273 1680 5342 virgo
1709 5289 1796 5326 re-

229 5348 378 5410 iioere
407 5345 468 5404 Et
497 5365 527 5403 a
561 5365 621 5402 se
659 5361 940 5402 removere
977 5347 1190 5404 debeat,
1241 5353 1301 5399 ut
1341 5345 1413 5398 sit
1456 5359 1582 5400 vere
1604 5353 1793 5397 sancta

236 5417 464 5474 Domino.
522 5419 712 5472 Altero
769 5417 1077 5487 signiﬁcatu
1131 5415 1342 5484 accepit
1389 5412 1793 5487 _LeoAllatius

233 5500 374 5555 prout
401 5491 664 5560 ἀναγωγὴ
697 5484 856 5558 quasi
886 5504 1098 5560 sursum
1128 5487 1290 5560 uectio
1319 5484 1682 5560 sublimisque
1710 5485 1794 5560 in-

234 5554 427 5615 stitutio
447 5570 501 5616 et
521 5554 679 5614 ratio
703 5554 1015 5628 exponitur,
1051 5557 1179 5611 dum
1213 5558 1287 5628 ita
1327 5554 1524 5628 reddit,
1562 5565 1611 5628 et
1634 5555 1794 5628 virgi-

235 5634 432 5686 nitatem
466 5635 638 5700 ipsam
678 5632 760 5683 sui
778 5625 1126 5700 institutione
1159 5626 1228 5680 ad
1259 5626 1532 5700 superiora
1561 5625 1792 5678 homines

239 5697 519 5766 traducere;
552 5718 675 5772 qua:
712 5710 859 5772 certe
906 5699 1197 5772 remotiora
1228 5697 1521 5772 videntur;
1558 5711 1792 5763 ciunque

231 5785 540 5831 .mareatus
571 5767 773 5832 o'mnis,
809 5771 987 5835 deque
1022 5768 1112 5820 illo
1153 5768 1274 5822 latae
1313 5767 1457 5838 leges
1488 5767 1538 5820 in
1567 5782 1790 5836 separa-

535 5867 807 5925 Pn'nOL.
855 5861 974 5922 Gn.
1022 5860 1248 5921 XVI”.

863 4534 884 4564 ¹
922 4531 1086 4586 Zach.
1136 4547 1227 4596 Ix,
1287 4534 1380 4595 l7;
1424 4533 1571 4587 Psal.
1603 4548 1719 4597 cm,
1757 4533 1844 4588 15.

1907 3441 2086 3497 demia
2117 3441 2476 3496 Sodomorum
2507 3442 2653 3496 cives
2675 3441 2720 3505 ⁸,
2748 3442 2801 3494 iu
2833 3442 3070 3496 sterilem
3104 3442 3476 3495 masculorum

1906 3533 2616 3603 concupiscentiam,a:stro
2647 3532 2866 3587 furiosae
2895 3532 3138 3587 libidinis
3156 3541 3349 3587 contra
3381 3549 3479 3587 na-

1906 3634 2084 3681 turam
2102 3626 2245 3681 versi
2277 3632 2424 3680 sunt.
2459 3624 2701 3680 Indidem
2725 3625 2818 3696 qui
2844 3623 2957 3680 Noe
2981 3625 3321 3695 temporibus
3357 3641 3479 3680 cra-

1906 3719 2046 3788 pulte
2071 3717 2445 3788 indulgebant,
2477 3717 2532 3771 in
2567 3716 2944 3772 inﬁdelitatem
2981 3717 3220 3788 prolapsi
3251 3725 3401 3782 sunt,
3424 3725 3479 3772 et

1905 3808 2174 3864 submersi
2205 3807 2411 3862 diluvio
2453 3809 2732 3880 perierunt
2763 3809 2804 3862 ⁸.
2833 3808 2962 3863 lnde
2996 3808 3192 3863 hausto
3219 3808 3351 3862 Cain
3382 3825 3480 3879 po-

1902 3899 2046 3962 culo,
2072 3898 2426 3969 parricidales
2467 3914 2662 3954 manus
2705 3897 2950 3954 fraterno
2981 3901 3248 3970 sanguine
3274 3915 3476 3955 cruen-

1901 3989 2099 4054 tavit",
2125 4001 2180 4043 et
2208 3996 2412 4045 terram
2440 3997 2672 4061 cognato
2688 4005 2884 4044 cruore
2908 3991 3122 4060 polluit.
3156 3989 3287 4044 inde
3311 3990 3479 4046 chrias

1903 4088 2092 4152 gentes
2123 4083 2369 4138 barbarae
2394 4084 2591 4139 mentis
2622 4082 2836 4138 furores
2889 4099 3022 4140 suos
3073 4085 3128 4138 in
3177 4099 3390 4153 pugnas
3422 4090 3478 4137 et

1903 4181 2120 4228 mutuas
2148 4175 2323 4230 caedes
2348 4183 2623 4231 exacuunt
2665 4195 2678 4232 :
2707 4193 2816 4230 non
2846 4176 2926 4231 sic
2969 4177 3112 4231 enim
3138 4192 3166 4230 a
3195 4177 3325 4230 vino
3356 4191 3475 4232 mo—

1901 4273 2057 4319 vetur
2075 4266 2238 4321 homo
2261 4283 2290 4321 a
2315 4267 2442 4322 sede
2462 4269 2690 4324 rationis
2713 4276 2765 4323 et
2782 4269 3010 4338 pedibus
3037 4268 3254 4333 titubat,
3283 4285 3478 4339 quem-

1903 4353 2194 4409 admodum
2229 4358 2298 4411 ab
2332 4357 2534 4411 invidia
2570 4373 2633 4413 ac
2679 4359 2779 4412 ira.
2823 4357 2940 4412 Non
2988 4361 3068 4414 sic
3108 4374 3138 4411 a
3183 4360 3310 4412 vino
3363 4359 3481 4412 ine-

1919 4533 1941 4564 ³
1966 4530 2127 4588 Joan.
2165 4551 2254 4599 xv,
2298 4534 2348 4598 Ι,
2374 4536 2425 4588 5.
2504 4536 2526 4566 ⁸
2563 4534 2718 4588 Deut.
2746 4549 2920 4599 xxxn,
2961 4535 3052 4598 32,
3083 4535 3172 4589 '55.
3281 4536 3303 4566 ⁵
3344 4534 3474 4589 Gen.

1911 4777 2060 4838 tione
2085 4788 2138 4835 et
2164 4781 2463 4835 remotione
2489 4779 2872 4850 quorumdam,
2917 4795 3010 4836 seu
3038 4779 3365 4836 abstinentia
3412 4783 3480 4838 ab

1908 4852 2036 4915 illis,
2059 4867 2168 4922 per
2194 4851 2312 4918 ejus
2344 4859 2576 4922 tempus,
2617 4852 2806 4919 posita:
2833 4851 2962 4914 sint,
2990 4867 3052 4905 ac
3086 4853 3152 4905 de
3185 4852 3291 4905 illis
3313 4869 3480 4922 expo-

1905 4933 1996 4975 nat
2025 4921 2352 4984 Methodius,
2399 4921 2616 4990 planius
2643 4921 2947 4990 explicatur
2979 4939 3080 4976 vox
3122 4922 3210 4974 illa
3239 4921 3421 4990 priore
3445 4939 3477 4976 a

1906 4992 2066 5062 nobis
2105 4991 2266 5044 allato
2297 5006 2482 5051 sensu,
2518 5000 2576 5045 ut
2609 5006 2708 5044 vox
2740 5006 2926 5062 vocem
2959 4991 3219 5055 declaret,
3254 5008 3364 5062 quo
3393 4995 3479 5046 ni-

1901 5060 1978 5115 hil
2002 5061 2143 5132 apud
2177 5073 2430 5132 auctores
2459 5062 2760 5132 vulgatius,
2795 5061 3083 5116 Counsrts.

1973 5131 2085 5202 (80)
2109 5133 2230 5184 Οὐκ
2264 5131 2591 5194 ἐξίσταται.
2625 5131 2768 5184 Nihil
2799 5147 2937 5201 opus
2961 5148 3085 5186 cum
3117 5133 3372 5188 Possinio
3396 5134 3480 5188 in-

1903 5203 2233 5272 terrogando
2276 5203 2473 5268 legere.
2510 5202 2678 5272 Major
2724 5204 2805 5256 vis
2835 5212 2888 5256 et
2930 5202 3208 5272 emphasis
3248 5205 3301 5257 in
3345 5207 3480 5260 sim-

1903 5273 2027 5341 plici
2054 5271 2480 5342 comparatione,
2512 5289 2618 5341 qua
2647 5271 2885 5326 deterior
2915 5271 3154 5327 ebrietas
3186 5282 3242 5328 et
3278 5276 3481 5328 tituba-

1902 5344 1981 5396 tio
2006 5343 2364 5415 signiticatur,
2394 5358 2609 5415 quierex
2644 5342 2928 5415 allectibus
2959 5353 3066 5415 est,
3098 5358 3258 5415 quam
3282 5362 3415 5414 qua:
3447 5362 3478 5400 a

1901 5415 2056 5485 vino,
2088 5414 2315 5485 Allatius
2340 5427 2439 5482 pro
2469 5413 2652 5484 ζήλου,
2697 5412 2863 5485 ζάλης
2891 5414 3072 5475 habet,
3113 5412 3259 5482 Quod
3294 5412 3478 5485 putem

1901 5484 2156 5538 mendum
2185 5483 2398 5545 scribae,
2432 5491 2490 5537 ut
2507 5483 2566 5556 _et
2587 5484 2734 5556 quod
2762 5483 2954 5556 ᾷσσης.
2985 5500 3084 5555 pro
3106 5483 3309 5556 λύπης,
3337 5500 3480 5541 nova

1899 5568 2035 5625 voce
2079 5561 2456 5625 repraesentat.
2503 5552 2609 5625 Est
2645 5553 2864 5622 quidem
2890 5552 3043 5625 ἀτη,
3095 5552 3369 5619 damnum,
3423 5564 3481 5610 et

1901 5623 2050 5683 ἆται,
2086 5627 2216 5692 ipsze
2254 5623 2429 5685 furize,
2467 5623 2614 5693 quod
2641 5632 2908 5687 noceant;
2943 5623 3035 5680 sed
3068 5642 3167 5680 nec
3201 5625 3280 5680 sic
3310 5627 3477 5681 animi

1902 5696 2129 5748 allectus
2158 5702 2211 5748 et
2237 5693 2384 5763 πάθη
2413 5695 2548 5759 haec,
2581 5695 3051 5762 perquaranimus,
3066 5698 3290 5751 rationis
3305 5701 3466 5761 sedes.

1901 5772 2143 5819 mutatur
2181 5766 2352 5835 magis
2375 5779 2538 5834 quam
2569 5780 2599 5819 a
2629 5764 2775 5818 vino.
2812 5763 2889 5815 ιυ.

3111 5856 3147 5912 h
