4052 6338
507 264 603 318 lli

1497 260 1555 315 S.
1600 257 1930 314 METHODII
1967 255 2276 314 EPISCOPI
2315 256 2402 312 ET
2443 255 2802 313 MARTYRIS

3630 253 3740 310 ΗΞ

504 380 723 451 quando
742 380 854 450 jam
884 377 1020 434 facie
1043 376 1109 431 ad
1136 375 1330 432 faciem
1369 376 1414 409 ¹³
1466 384 1717 433 sanctum
1741 377 2066 432 tabernacu-

2169 376 2280 430 ἀλλ’
2303 376 2364 428 οὐ
2390 376 2457 428 δι’
2487 376 2822 446 αἰνιγμάτων
2859 375 2952 428 καὶ
2985 373 3047 426 ὲκ
3081 372 3278 444 μέρους
3305 367 3734 438 ὲποπτεύσομενα

503 489 616 544 lum
668 482 962 556 (caelestem
1016 480 1270 535 nimirum
1315 479 1599 544 civitatem,
1647 480 1800 548 cujus
1849 476 2045 546 artifex
2095 487 2147 532 et
2194 476 2434 532 conditor
2479 474 2620 530 Deus
2651 483 2727 528 est
2757 474 2822 544 “)
2873 489 2981 528 non
3010 482 3190 527 autem
3247 471 3482 542 amplius
3518 471 3578 525 in
3611 469 3738 524 aeni-

503 587 681 652 gmate
709 588 764 634 et
784 592 850 632 ex
874 584 1025 646 parte
1057 573 1458 628 contuebimur.

970 690 1100 748 CAP.
1136 690 1268 746 Vill.
1289 690 1495 761 Duplex
1533 692 1724 759 altare,
1749 693 1921 748 vidua:
1956 701 2006 747 et
2037 670 2278 760 rirgines.
2320 685 2523 739 Aurum
2562 682 2881 754 virginitatis
2914 680 3228 753 symbolum.

527 875 529 877 1
575 812 776 883 Nempe
825 809 996 866 Judaei
1047 827 1136 866 res
1159 817 1377 865 nostras
1420 819 2067 880 prasriuntiaveruntmos

501 922 632 963 vero
659 904 899 960 coelestia
925 904 1380 974 praenuntiamus;
1417 903 1855 973 quandoquidem
1885 903 2067 957 taber-

503 997 759 1053 naculum
788 996 1003 1066 quidem
1031 994 1289 1049 Ecclesiae
1321 1002 1508 1064 typum
1550 993 1790 1065 gerebat,
1824 991 2067 1047 Ecclesia

503 1104 634 1144 vero
655 1088 826 1143 caelos
856 1094 1230 1158 repraesentat.
1254 1085 1392 1141 Cum
1421 1088 1604 1156 itaque
1637 1086 1750 1140 haec
1779 1085 1852 1139 ita
1875 1100 1934 1141 se
1967 1085 2065 1139 ha-

503 1183 684 1245 beant,
715 1188 768 1236 et
799 1180 1228 1244 tabernaculum,
1256 1180 1334 1234 uti
1360 1179 1630 1242 dicebam,
1663 1177 1918 1233 Ecclesiae
1941 1186 2068 1248 typo

505 1281 834 1336 assumatur,
863 1270 1155 1327 videndum
1204 1278 1374 1327 restat
1405 1270 1473 1326 ad
1495 1285 1658 1341 quam
1697 1269 1913 1340 proprie
1960 1269 2066 1324 Ec-

504 1365 682 1420 clesiae
714 1374 920 1435 partem
952 1372 1258 1436 spectarent
1289 1363 1397 1419 duo
1431 1364 1624 1418 altaria
1669 1378 1904 1434 quorum
1947 1377 2065 1417 me-

503 1454 782 1508 minimus.
815 1453 924 1524 Ego
955 1468 1085 1508 sane
1139 1455 1292 1523 prius
1322 1452 1538 1523 quidem
1573 1468 1678 1507 aere
1709 1460 1927 1517 tectum,
1977 1466 2066 1506 se-

503 1547 653 1602 natui
687 1555 948 1618 septoque
974 1546 1264 1602 viduarum
1298 1546 1474 1602 simile
1504 1544 1756 1600 direrim.
1785 1545 1880 1600 Dei
1918 1545 2061 1600 enim

504 1639 720 1708 spirans
749 1651 842 1690 ara
864 1645 1011 1698 sunt,
1044 1636 1108 1689 ad
1137 1649 1297 1705 quam
1323 1634 1525 1705 passim
1558 1633 1858 1688 oﬁ‘eruntur
1909 1632 2064 1687 vituli

2252 803 2496 856 Ἰουδαῖοι
2544 801 2642 871 μὲν
2692 798 2801 870 γὰρ
2843 799 2910 854 τὰ
2950 799 3196 871 ἡμέτερα
3237 801 3734 874 προανεφώνησαν·

2171 896 2332 965 ἡμεῖς
2377 893 2432 946 δὲ
2474 892 2543 946 τά
2597 890 2821 962 οὐράνια
2852 890 3290 963 προαγγέλλομεν
3314 907 3328 920 α
3378 892 3672 965 ἐπειδήπερ
3701 894 3740 965 ἠ

2175 986 2274 1056 μὲν
2330 982 2500 1054 σκηνὴ
2552 980 2816 1052 σύμ6ολον
2837 976 2904 1051 ἦν
2951 981 3048 1052 τῆς
3096 981 3436 1051 Ἐκκλησίας,
3466 984 3499 1053 ὴ
3531 982 3588 1036 δὲ
3617 985 3735 1037 Ἐκ.

2171 1073 2368 1144 κλησία
2415 1073 2522 1126 τῶν
2563 1070 2825 1144 οὐρανῶν.
2865 1070 2973 1136 Διὸ,
3017 1068 3217 1122 τούτων
3266 1070 3437 1134 οὕτως
3485 1072 3738 1141 ἐχόντων,

2172 1167 2267 1220 καὶ
2294 1165 2392 1236 τῆς
2418 1163 2622 1236 σκηνῆς
2665 1165 2722 1216 ὲν
2768 1162 2922 1230 τύπῳ
2950 1162 3047 1232 τῆς
3093 1162 3436 1234 Ἐκκλησίας,
3469 1163 3544 1228 ὡς
3578 1164 3736 1235 ἔφην,

2171 1255 2604 1328 λαμϐανομένης,
2637 1254 2742 1326 χρὴ
2786 1254 2880 1308 καὶ
2936 1252 3003 1306 τά
3032 1253 3390 1325 θυσιαστήρια
3416 1254 3666 1326 σύνθημά
3682 1272 3738 1308 τι

2170 1349 2276 1418 τῶν
2307 1346 2447 1401 κατὰ
2491 1346 2589 1418 τὴν
2638 1345 2962 1417 Ἐκκλησίαν
3003 1345 3341 1417 πραγμάτων
3375 1345 3580 1417 φέρειν.
3625 1347 3740 1401 Καὶ

2168 1440 2229 1492 τὸ
2255 1441 2351 1511 μὲν
2381 1438 2921 1512 περικεχαλκωμένον
2961 1438 3351 1502 ἁπεικάζεσθαι
3377 1442 3444 1510 τῇ
3477 1441 3741 1513 γερουσίᾳ

2168 1535 2260 1588 καὶ
2290 1533 2366 1604 τῷ
2386 1549 2453 1584 πε
2463 1531 2655 1602 ριϐόλῳ
2679 1531 2786 1584 τῶν
2809 1531 2989 1603 χηρῶν
3005 1548 3018 1560 ο
3039 1530 3172 1584 Θεοῦ
3197 1532 3304 1603 γάρ
3332 1533 3468 1586 εἰσιν
3496 1532 3740 1604 ἔμψυχος

2171 1626 2371 1696 βωμὸς,
2396 1627 2476 1688 είς
2510 1624 2569 1678 ὃν
2619 1623 3041 1695 ἁνακομίζονται
3076 1625 3204 1687 τοὺς
3229 1626 3462 1696 μόσχους
3496 1626 3588 1680 καὶ
3634 1625 3738 1690 τὰς

503 1737 558 1785 et
591 1729 831 1791 decimae,
861 1736 915 1783 et
943 1726 1258 1782 voluntariae
1287 1727 1502 1790 oblatas,
1530 1743 1649 1796 qua:
1670 1727 1723 1780 in
1747 1725 1959 1780 Domini
1982 1740 2066 1780 sa-

2167 1720 2418 1782 δεκὰτας,
2449 1719 2542 1772 καὶ
2570 1717 2640 1771 τὰ
2688 1717 2908 1772 ἑκούσια
2963 1717 3150 1772 θυσίαν
3183 1718 3479 1790 τελούμενα
3512 1721 3732 1792 Κυρίῳο

503 1822 766 1877 oriﬁcium
795 1821 1011 1876 cedunt.
1050 1819 1359 1873 inauratum
1397 1829 1577 1874 autem
1630 1819 1801 1872 altare
1831 1818 1978 1872 intus
2009 1817 2065 1871 in

504 1915 720 1970 Sanctis
748 1920 1058 1969 sanctorum
1094 1911 1412 1981 repositum,
1449 1919 1573 1966 ante
1600 1909 1788 1964 faciem
1819 1909 2067 1964 testimo-

501 2009 600 2074 nii,
632 2009 687 2062 in
721 2021 828 2078 quo
857 2003 1187 2077 prohibitum
1223 2011 1307 2058 est
1337 2002 1519 2057 offerri
1557 2001 1885 2058 sacriﬁcium
1915 2009 1969 2056 et
1995 2001 2064 2056 li-

502 2101 719 2164 bamen,
753 2100 822 2154 ad
852 2113 946 2155 eas
975 2112 1095 2169 qua:
1123 2097 1176 2151 in
1204 2103 1350 2152 statu
1381 2095 1650 2165 virginum
1681 2101 1829 2156 sunt,
1852 2093 2066 2149 videtur

501 2190 881 2258 referendum;
917 2190 1234 2260 incorrupto
1293 2203 1452 2252 auro,
1509 2187 1937 2257 imputribilibus
1996 2186 2066 2240 ab

501 2284 647 2338 omni
673 2269 772 2338 viri
803 2297 1102 2352 congressu
1155 2281 1371 2334 illorum
1403 2283 1662 2350 protectis
1719 2277 2062 2349 corporibus.

501 2376 708 2430 Aurum
741 2375 885 2428 enim
918 2372 1131 2426 duabus
1156 2373 1356 2442 passim
1385 2369 1795 2426 commendatur
1823 2370 2063 2434 dotibus,

501 2477 616 2522 tum
647 2464 792 2536 quod
813 2464 1117 2534 rubiginem
1146 2479 1254 2517 non
1306 2461 1562 2526 admittit,
1617 2469 1732 2515 tum
1766 2461 1908 2530 quod
1960 2460 2067 2514 ful-

499 2574 630 2631 gore
685 2559 872 2612 innato
922 2554 1200 2610 radiorum
1249 2555 1380 2611 solis
1403 2553 1636 2625 speciem
1671 2569 1837 2624 prope
1861 2551 2067 2609 referre

500 2651 738 2706 videtur.
772 2648 969 2718 Aptum
995 2649 1049 2702 in
1077 2656 1309 2716 utroque
1357 2646 1685 2715 virginitatis
1738 2644 2063 2716 symbolum,

501 2743 680 2798 nullas
707 2741 1044 2796 admittentis
1074 2739 1264 2795 sordes
1292 2754 1356 2794 ac
1389 2740 1652 2803 maculas,
1695 2738 1788 2794 sed
1825 2745 1878 2794 et
1901 2736 2065 2792 Verbi

503 2849 720 2904 semper
782 2833 901 2887 luce
951 2832 1369 2902 resplendentis.
1399 2831 1659 2904 Intusque
1696 2839 1981 2903 propterea
2008 2831 2066 2884 in

505 2925 718 2981 Sanctis
746 2931 1060 2980 sanctorum
1088 2923 1322 2979 vicinius
1373 2931 1502 2987 stat,
1535 2933 1588 2978 et
1623 2932 1748 2978 ante
1776 2925 1952 2979 velum
1982 2923 2067 2976 iu-

500 3020 778 3089 temeratis
801 3017 1053 3074 manibus
1091 3017 1298 3071 incensi
1334 3016 1524 3079 instar,
1553 3023 1802 3090 acceptas
1838 3014 2064 3070 Domino

500 3127 688 3183 preces
741 3111 796 3164 in
835 3109 1060 3164 odorem
1119 3107 1403 3163 suavitatis
1464 3107 1754 3163 submittit.
1812 3105 1964 3162 Sicut
2011 3115 2065 3162 et

497 3205 735 3262 Joannes
771 3202 1094 3274 signiﬁcavit
1149 3202 1216 3268 ¹⁵,
1248 3201 1531 3255 incensum
1581 3200 1726 3270 quod
1786 3199 1838 3254 in
1869 3200 2068 3270 phialis

497 3296 690 3368 viginti
711 3307 943 3367 quatuor
971 3296 1246 3352 seniorum
1279 3301 1418 3359 erat,
1448 3300 1760 3349 sanctorum
1792 3292 2067 3348 orationes

498 3402 618 3443 esse
641 3387 849 3444 dicens.
876 3386 1000 3442 Haec
1025 3387 1120 3441 tibi
1142 3387 1208 3441 de
1239 3385 1506 3449 castitate,
1538 3391 1699 3454 prout
1730 3385 1782 3436 in
1810 3392 2062 3454 promptu

498 3481 673 3548 licuit,
705 3491 759 3536 et
785 3497 884 3553 ego
905 3497 1004 3552 pro
1042 3481 1271 3546 viribus,
1299 3496 1332 3534 o
1361 3479 1545 3543 Arete,
1575 3477 1818 3533 confero.

569 3572 694 3628 Haec
739 3575 919 3628 locuta
971 3571 1266 3637 Thallusa,
1323 3572 1502 3628 aiebat
1551 3571 1878 3641 Theopatra,
1934 3566 2064 3623 Are-

500 3671 591 3718 ten
631 3672 848 3733 sceptro
885 3662 1146 3732 Agatham
1183 3662 1448 3732 tetigisse,
1499 3661 1768 3730 hancque,
1809 3657 1973 3714 simul
1995 3671 2059 3712 ac

497 3755 691 3820 sensit,
718 3753 1114 3820 exsurrexisse,
1139 3758 1194 3807 et
1226 3751 1306 3806 sic
1331 3751 1696 3822 respondisse.

928 4035 1384 4130 ORATIO
1456 4038 1623 4126 VI.

1128 4187 1430 4243 AGATHA.

2164 1810 2223 1862 τὸ
2255 1811 2310 1862 δὲ
2337 1811 2662 1881 περίχρυσον
2701 1809 3096 1882 θυσιαστήριον,
3140 1809 3284 1864 ἔνδον
3305 1813 3362 1864 ὲν
3389 1814 3499 1876 τοῖς
3536 1812 3738 1881 ’Δγίοις

2163 1900 2272 1954 τῶν
2315 1903 2482 1970 ἁγίων
2531 1903 2886 1973 ἀνακείμενον
2912 1902 3052 1955 κατὰ
3093 1903 3379 1974 πρόσωπον
3406 1904 3499 1958 τοῦ
3533 1923 3740 1976 μαρτυο

2169 1994 2305 2064 ρίου,
2340 1997 2418 2057 είς
2446 1994 2474 2047 ὃ
2506 1994 2796 2066 ἀπείρηται
2846 1995 3030 2048 θυσίαν
3070 1997 3164 2050 καὶ
3208 1996 3436 2070 σπονδὴν
3465 1999 3738 2071 ἀναφέρε-

2167 2084 2310 2148 σθαι,
2357 2089 2478 2149 ταῖς
2525 2087 2582 2139 ἐν
2638 2086 2903 2158 παρθενίᾳ
2934 2088 3330 2160 παραϐλητέον,
3369 2089 3447 2161 τῷ
3470 2092 3739 2165 ἁκηράτῳ

2164 2179 2350 2253 χρυσῷ
2402 2179 2470 2233 τὰ
2521 2181 2740 2251 ἄσηπτα
2790 2182 3071 2246 συνουσίας
3127 2181 3357 2254 σώματα
3405 2185 3741 2256 κατησφαλι-

2166 2271 2408 2342 σμέναις.
2441 2267 2541 2324 Δύο
2573 2272 2681 2346 γὰρ
2697 2272 2762 2326 τά
2789 2276 2868 2337 εἰς
2894 2273 3106 2327 ἔπαινον
3131 2273 3475 2348 θρυλλοῦνται
3507 2278 3736 2349 γρ·.›σοῦ,

2164 2361 2245 2413 ὅτι
2270 2379 2328 2414 τε
2363 2362 2436 2416 ἰὸν
2473 2362 2534 2415 οὐ
2564 2363 2947 2435 παραδέχεται,
2983 2365 3076 2418 καὶ
3100 2367 3197 2437 τὴν
3219 2368 3406 2438 χροιάν
3436 2372 3554 2431 ταῖς
3579 2371 3736 2440 ἡλίου

2171 2453 2404 2524 μετρίως
2439 2455 2911 2527 παραπλησιόιζειν
2966 2457 3293 2526 φαντάζεται
3331 2459 3537 2530 βολαῖς·
3592 2463 3735 2536 σύμ-

2166 2545 2318 2600 ϐολον
2349 2548 2406 2600 δὲ
2461 2548 2686 2612 εἰκότως
2738 2550 2846 2621 ἄρα
2887 2549 3045 2604 τοῦτο
3073 2551 3172 2622 τῆς
3234 2553 3459 2622 ἁγνείας
3499 2555 3601 2626 τῆς
3659 2557 3740 2629 μὴ

2165 2639 2528 2712 προσιεμένης
2570 2641 2686 2693 ἐστὶ
2726 2641 2917 2710 κηλῖδα
2955 2644 3046 2697 καὶ
3080 2645 3285 2709 σπῖλον,
3311 2645 3446 2701 ἀλλὰ
3470 2648 3565 2702 καὶ
3594 2652 3738 2718 φωτὶ

2166 2735 2720 2805 καταστραπτομὲνης
2764 2735 2849 2788 ἀεὶ
2895 2735 2984 2788 τοῦ
3015 2737 3208 2805 Λόγου.
3247 2738 3337 2792 Διὸ
3363 2741 3456 2793 καὶ
3486 2739 3631 2793 ἔνδον
3655 2743 3738 2806 είς

2163 2825 2232 2879 τά
2266 2826 2432 2892 ’Ἀγια
2455 2823 2562 2878 τῶν
2615 2825 2784 2894 ἁγίων
2846 2826 3041 2898 ’ἐστηκε
3079 2828 3480 2901 πλησιαίτερον,
3510 2834 3604 2885 καὶ
3637 2833 3739 2904 ἐμ-

2166 2917 2398 2989 προσθεν
2422 2917 2530 2988 (84)
2562 2919 2654 2971 τοῦ
2705 2921 3205 2992 παραπετάσματος
3236 2922 3524 2994 ἀκράντοις
3553 2925 3735 2996 χερσὶ,

2167 3009 2522 3080 θυμιαμάτων
2568 3008 2742 3080 δίκην,
2795 3010 2893 3076 τὰς
2934 3013 3738 3085 προσευχάςάναπεμπάξουσα

2169 3101 2380 3172 Κυρίῳ,
2407 3101 2598 3166 δεκτάς
2620 3105 2698 3166 είς
2724 3103 2896 3175 ὀσμὴν
2929 3105 3153 3169 εὐωδίας
3175 3123 3188 3136 °
3220 3106 3398 3171 καθὼς
3426 3108 3519 3162 καὶ
3551 3109 3738 3165 Ἰωάν-

2164 3208 2262 3263 νης
2293 3194 2554 3264 ἐμήνυσε,
2583 3194 2653 3248 τὰ
2685 3194 3001 3267 θυμιάματα
3029 3196 3099 3251 τὰ
3129 3199 3186 3251 ὲν
3230 3202 3348 3262 ταῖς
3379 3201 3599 3270 φιάλαις
3625 3203 3740 3256 τῶν

2166 3285 2618 3356 εἰκοσιτεσσάρων
2637 3287 3040 3362 πρεσϐυτέρων,
3067 3291 3371 3361 προσευχὰς
3390 3293 3558 3360 ἁγίων
3590 3290 3740 3350 εἶναι

2166 3375 2398 3447 φράσας.
2436 3377 2618 3432 Ταῦτά
2641 3396 2721 3432 σοι
2747 3379 2822 3442 ὡς
2848 3382 2910 3434 ὲκ
2926 3380 3018 3433 τοῦ
3053 3383 3390 3454 παραχρῆμα
3417 3383 3570 3452 κάγὼ
3590 3386 3742 3442 κατὰ

2164 3464 2389 3536 δύναμιν
2421 3467 2559 3538 ὑπὲρ
2590 3469 2829 3537 ἁγνείας,
2859 3463 2904 3522 ὦ
2950 3471 3163 3542 Ἀρετὴ,
3198 3471 3590 3543 συμϐάλλομαι.

2237 3556 2510 3628 Εἰπούσης
2550 3558 2606 3612 δὲ
2643 3560 2816 3614 ταῦτα
2844 3562 2943 3632 τῆς
2995 3561 3320 3636 Θαλλούσης,
3376 3565 3411 3635 ἡ
3449 3563 3738 3639 Θεοπάτρα

2164 3646 2268 3719 ἔφη
2296 3647 2374 3719 τῷ
2397 3651 2656 3721 σκήπτρῳ
2706 3651 2804 3722 τὴν
2861 3653 3084 3724 Ἀρετὴν
3119 3653 3322 3724 ψαῦσαι
3345 3655 3442 3726 τῆς
3477 3656 3734 3727 Ἀγαθῆς,

2161 3739 2259 3810 τὴν
2305 3740 2350 3792 δ’
2400 3741 2722 3816 αἰσθομένην
2769 3743 2970 3808 εὐθέως
3031 3746 3329 3820 ἀναστῆναι
3376 3747 3470 3802 καὶ
3515 3749 3741 3820 ἀποκρί-

2165 3833 2380 3888 νασθαι.

2090 3955 2164 3970 ἒ

2694 4044 3049 4132 ΛΟΓΟΣ
3107 4055 3211 4132 <7.

2824 4196 3070 4251 ΑΓΑΘΗ.

497 4305 625 4362 CAP.
657 4303 698 4361 l.
736 4304 966 4378 Virginis
994 4305 1194 4361 decoris
1221 4304 1420 4361 tenacis
1441 4304 1776 4374 prwstantia.
1803 4304 1998 4360 Anima
2027 4303 2096 4356 ad
2127 4303 2224 4360 Dei
2249 4306 2521 4378 imaginis,
2551 4307 2608 4361 id
2629 4318 2707 4363 est
2742 4309 2896 4377 Filii,
2924 4311 3224 4382 imaginem.
3253 4309 3516 4370 Diabolus
3540 4315 3738 4373 «rima

1977 4389 2187 4443 procus.

555 4493 709 4548 'Cum
734 4492 902 4547 multa
937 4491 1131 4548 ﬁducia
1157 4500 1271 4546 tum
1304 4490 1664 4563 persuadendi
1695 4489 1839 4561 quod
1867 4490 2065 4558 dicam,
2100 4495 2144 4550 ο

497 4590 614 4639 tum
640 4584 776 4639 bene
801 4599 862 4637 ac
895 4583 1125 4638 feliciter
1149 4583 1460 4652 perorandi,
1495 4597 1529 4636 o
1557 4581 1737 4645 Areto,
1767 4580 2063 4651 suscipiam

568 4723 614 4803 '_’
643 4721 672 4777 1
693 4719 820 4778 Cor.
843 4736 964 4788 xm,
996 4719 1082 4776 12.
1165 4720 1210 4751 ³⁸
1237 4719 1402 4776 Hebr.
1429 4734 1506 4784 χι,
1534 4718 1620 4773 10.
1702 4717 1745 4749 ¹⁵
1772 4716 1935 4786 Apoc.
1960 4734 2014 4781 ν,
2041 4717 2095 4772 8-

570 4865 682 4937 (84)
743 4867 1139 4934 Ἐμπροσθεν.
1171 4863 1327 4930 Quod
1374 4862 1535 4937 paulo
1573 4860 1828 4937 superius
1869 4875 2062 4937 recen-

495 4931 1108 5005 setido'ipsu'mftextuin
1148 4931 1706 5005 sacrum’scripserat,
1747 4932 1841 5005 καὶ
1868 4931 2060 5005 δώσεις

497 5007 629 5061 αὐτὸ
662 5001 915 5060 ἀπέναντι
949 5006 1042 5058 τοῦ
1077 5001 1584 5072 καταπετάσματος,
1611 5004 1890 5072 constitues
1926 5001 2060 5054 illud

496 5089 686 5130 contra
708 5083 897 5140 velum,
932 5076 1046 5129 sive
1101 5083 1226 5128 ante
1267 5089 1330 5126 ac
1372 5071 1525 5140 juxta
1555 5074 1709 5139 illud,
1745 5073 1832 5126 hic
1855 5071 2072 5143 ἒμπροέ

499 5148 622 5200 σθεν
650 5148 814 5212 dicit;
846 5146 935 5199 ubi
971 5163 1068 5215 pro
1117 5145 1624 5213 καταπετάσματος,
1686 5143 1830 5215 [αξάο
1878 5157 2064 5215 errore

495 5217 749 5278 Allatius,
776 5211 1345 5287 Πνεύματος,νιλυι)ιιιξ.
1372 5211 1646 5287 Πατρός·
1704 5211 2058 5287 nulla_bujus

497 5291 633 5341 tanti
667 5289 747 5340 vel
779 5283 942 5341 errati
974 5288 1054 5340 vel
1086 5285 1416 5341 discriminis
1455 5283 1750 5348 mentione,
1780 5283 1882 5337 etsi
1909 5290 2058 5336 tanta

497 5359 553 5411 in
585 5358 828 5426 singulas
860 5357 1086 5426 paginas
1111 5356 1436 5409 variantium
1482 5356 1769 5409 lectionum
1804 5357 2061 5426 adnotata

497 5423 822 5498 segesfquze
862 5423 1068 5495 smpius
1124 5427 1424 5480 scribarum
1458 5426 1654 5498 potius
1689 5423 1883 5498 menda
1919 5431 2059 5498 sunt

497 5493 590 5550 au't
623 5493 792 5566 plagia
819 5493 980 5565 quani
1005 5511 1092 5552 res
1120 5498 1253 5550 satis
1310 5493 1586 5549 momenti.
1615 5494 1714 5549 llic
1752 5495 1885 5550 satis
1919 5493 2060 5566 indi-

495 5565 652 5622 casse
677 5587 689 5620 :
717 5565 964 5637 i‘avetquc
1014 5583 1144 5621 mea:
1187 5566 1551 5621 emendationi
1574 5570 1846 5635 “superius
1887 5565 2058 5637 adno-

495 5647 606 5709 tata
643 5639 706 5690 ad
743 5640 768 5709 §
795 5639 828 5691 4
857 5631 1018 5706 liujns
1042 5646 1206 5699 orat.,
1233 5638 1333 5709 ubi
1359 5631 1584 5709 prorsus
1634 5631 1921 5709 scripsisse
1944 5631 2060 5686 Me-

497 5707 950 5778 thodium'Aéyov
971 5709 1186 5778 Πατρός
1214 5707 1607 5777 conjiciebam;
1641 5707 1896 5762 inscitum
1925 5719 2058 5759 vero

2246 4491 2365 4545 Ὅτι
2410 4493 2546 4562 μετὰ
2585 4494 2780 4567 πολλῆς
2813 4495 3100 4567 εὐτολμίας
3136 4499 3228 4552 καὶ
3247 4499 3489 4564 πειθοῦς,
3518 4502 3739 4574 καὶτῆς

2170 4581 2263 4636 τοῦ
2297 4583 2474 4649 καλῶς
2512 4588 2682 4640 εἰπεῖν
2715 4588 3050 4660 ὑπολήψεως,
3076 4583 3121 4644 ὦ
3164 4593 3374 4663 Ἀρετὴ,
3412 4592 3508 4646 σοῦ
3559 4612 3738 4668 παρο-

2162 4860 2396 4916 scribam
2425 4864 2786 4934 exscripsisse
2811 4862 3145 4936 Πνεύματος.
3176 4865 3440 4919 Nimirum
3465 4872 3656 4921 contra
3677 4874 3735 4924 et

2160 4949 2332 5004 prope?
2350 4941 2402 4985 et
2432 4943 2558 4988 ante
2605 4937 2783 4988 velum
2837 4937 2983 5004 quod
3012 4953 3193 4990 arcam
3259 4937 3480 4993 I'mderis
3511 4946 3565 4992 et
3598 4953 3730 4991 san-

2163 5003 2432 5056 ctuariuin
2482 5005 2790 5072 obtegebat,
2823 5003 3134 5061 constituta:
3187 5006 3448 5075 virgines,
3489 5009 3734 5061 velutal-

2165 5083 2280 5153 tare
2302 5087 2559 5153 aureum,
2579 5076 2735 5143 quasi
2772 5080 2825 5153 in
2858 5077 3122 5153 vestibulo
3153 5078 3392 5146 ipsorum
3419 5079 3730 5148 adytorum,

2162 5144 2594 5222 iisque_reliqui_s
2654 5147 3113 5216 propinquiores;
3145 5144 3442 5222 quaenlaus
3487 5144 3727 5222 [uastum

2161 5213 2510 5282 vrrgmitatis.
2541 5215 2619 5269 Ac
2660 5213 2795 5269 num
2844 5213 2906 5270 ea
2935 5231 3102 5269 causa
3138 5213 3239 5271 Inei
3273 5215 3537 5278 Nazarazi,
3566 5218 3616 5271 id
3644 5225 3731 5272 est

2164 5283 2440 5347 monachi,
2476 5284 2628 5347 olim,
2653 5300 2776 5338 cum
2813 5286 2935 5340 laici
2965 5289 3142 5340 solum
3173 5298 3376 5351 essent,
3411 5289 3502 5343 sed
3547 5298 3729 5341 tamen

2165 5353 2381 5427 caelibes
2403 5361 2457 5408 et
2478 5356 2736 5422 cultores,
2771 5356 3050 5425 ﬁdelisquc
3093 5357 3262 5426 plebis
3314 5374 3440 5427 pars
3465 5360 3725 5419 sanctior,

2165 5421 2231 5474 ad
2287 5425 2430 5478 l'ores
2471 5421 2770 5481 sanctuarii
2816 5443 2880 5482 ac
2934 5421 3415 5496 juxta-cancellos,
3469 5430 3520 5481 in
3551 5428 3731 5497 capite

2165 5500 2340 5577 cretus
2389 5497 2572 5577 omnis
2622 5499 2881 5577 ﬁdelium,
2909 5500 3227 5577 etpi'tix'iiiie
3268 5507 3390 5568 post
3417 5499 3730 5577 cobguispa-

2163 5567 2418 5628 τεύοντας
2450 5568 2733 5622 stationem
2766 5568 3037 5623 habebant
3058 5569 3080 5622 ?
3103 5567 3275 5622 Erant
3290 5579 3434 5624 certe
3463 5578 3515 5623 et
3543 5567 3731 5621 illi’al-

2163 5643 2282 5689 tare
2325 5637 2458 5689 illud
2495 5653 2737 5711 aureum
2766 5639 3072 5710 ἔμπροσθεν
3122 5639 3218 5692 τοῦ
3289 5638 3729 5711 παραπετάσμα-

2163 5721 2275 5772 τος,
2308 5716 2471 5778 atque
2499 5723 2644 5765 nunc
2667 5709 2835 5765 etiam
2861 5708 3154 5777 exsistunt,
3181 5726 3305 5773 cum
3347 5708 3459 5782 iam
3492 5708 3605 5766 fere
3625 5708 3731 5763 au-
