4052 6338
293 388 396 445 H3

1355 394 1730 451 CONVIVIUM
1773 394 1999 450 DECEM
2037 392 2395 450 VIBGINUM.

3410 399 3511 457 ιιι

294 508 625 583 μαρτούσης,
668 512 998 585 πειράσομαι
1051 516 1114 586 δὴ
1149 518 1290 570 κατά
1340 517 1567 589 δύναμιν
1593 518 1746 588 κάγὼ
1778 518 1851 580 είς

1960 515 2292 586 provinciam
2314 529 2477 585 quam
2508 512 2767 585 imponis,
2798 513 2846 568 si
2895 520 2953 568 tu
2978 513 3110 569 mibi
3144 520 3343 585 presto
3371 513 3517 569 fave-

291 602 350 655 τὸ
381 604 739 674 προκείμενον
787 606 1195 675 εἰσενέγκασθαί
1222 626 1293 672 τι,
1318 611 1434 663 κατ’
1467 610 1707 681 ἐμαυτὴν
1733 610 1857 681 μέν·

290 710 390 756 τοι,
428 697 522 747 καὶ
551 696 612 748 οὐ
644 697 783 769 πρὸς
812 698 879 752 τὰ
911 699 1190 770 είρημένα.
1224 700 1297 753 Οὐ
1332 700 1440 772 γὰρ
1496 701 1560 755 ἂν
1592 702 1856 772 δυναίμην

289 787 563 856 ἐφάμιλλα
585 789 795 853 τούτοις
822 790 959 844 οὕτω
983 792 1235 856 ποικίλως
1265 794 1356 847 καὶ
1380 793 1643 865 λαμπρῶς
1674 794 1858 864 ἀπειρ-

287 876 583 945 γασμένοις
636 877 960 948 φιλοσοφεῖν.
1002 881 1145 944 Δόξω
1170 882 1277 953 γὰρ
1309 882 1672 953 ἀποφέρεσθαι
1690 882 1854 952 ψόγον

287 964 636 1036 ἀδελτηρίας,
685 970 735 1021 εί
767 972 878 1033 τοῖς
926 972 1065 1025 κατά
1097 972 1287 1041 σοφίαν
1318 971 1658 1038 ὲξισάζεσθαι
1684 972 1858 1044 κρείτ-

286 1072 404 1109 τοσι
454 1060 840 1133 προσπηδῴην.
888 1063 950 1117 Εἰ
994 1058 1086 1117 οὖν
1127 1062 1381 1129 ἀνέξεσθε
1441 1065 1536 1119 xa‘l
1562 1064 1671 1118 τῶν
1708 1064 1854 1128 ὅπως

289 1148 355 1201 ἂν
383 1149 526 1224 τύχῃ
573 1153 990 1224 ρητορευόντων,
1034 1156 1292 1228 ἐπιχειρῶ
1326 1156 1526 1226 λέγειν,
1549 1157 1699 1212 οὐδὲν
1721 1174 1853 1230 προ-

290 1240 488 1311 θυμίας
520 1244 917 1319 καθυφειμένη.
958 1250 1209 1320 Ἀρκτὲον
1234 1251 1290 1305 δὲ
1312 1249 1579 1304 ἐντεῦθεν.

1956 606 2054 660 ris.
2083 604 2286 675 Nempe
2312 604 2552 659 conabor
2576 612 2632 660 et
2652 618 2752 674 ego
2784 604 2850 657 ad
2884 604 3187 674 argumenti
3252 605 3512 674 propositi

1958 699 2333 754 tractationem
2364 696 2614 752 conferre
2634 694 2869 766 aliquid;
2900 695 3362 750 accommodatum
3388 699 3511 767 qui-

1957 790 2081 845 dcm
2116 788 2246 844 illud
2279 788 2461 858 potius
2489 786 2555 842 ad
2588 796 2806 863 captum
2859 786 3141 841 tenuitatis
3174 802 3325 850 meae,
3348 804 3512 858 quam

1956 884 2138 938 debita
2169 881 2519 953 proportione
2554 880 2886 951 reSpondens
2912 880 2979 936 iis
3007 896 3127 951 quae
3152 881 3265 949 jam
3288 881 3356 935 ah
3388 882 3509 937 aliis

1954 982 2206 1045 perorata
2234 982 2379 1029 sunt.
2410 972 2529 1028 Non
2548 974 2689 1028 enim
2716 973 2917 1043 possim
2954 974 3106 1043 paria
3128 973 3213 1028 his
3234 988 3354 1044 qua:
3374 974 3509 1029 adeo

1958 1068 2108 1122 varie
2161 1075 2214 1122 et
2269 1065 2552 1137 splendide
2603 1066 2881 1122 elaborata
2911 1076 3059 1131 sunt,
3112 1066 3407 1136 diSputare.
3442 1066 3509 1120 Et

1956 1159 2199 1214 stultitiae
2230 1157 2475 1229 profecto
2512 1166 2694 1213 notam
2736 1159 2791 1212 in
2826 1174 2911 1212 me
2952 1157 3251 1213 transferre
3301 1159 3507 1222 videar,

1955 1250 2003 1304 si
2038 1249 2105 1303 ad
2131 1249 2185 1303 id
2216 1249 2467 1303 connitar
2497 1264 2668 1317 eoque
2697 1248 2953 1309 insiliam,
2974 1254 3031 1300 ut
3077 1262 3261 1301 earum
3294 1246 3513 1302 dicendi

292 1332 450 1390 laude
513 1339 880 1408 :rqualitatem
940 1344 1071 1397 mihi
1103 1343 1219 1413 ipsa
1264 1345 1496 1398 ambiam
1547 1359 1667 1415 quae
1718 1342 1984 1414 sapientia
2038 1349 2318 1413 praestant.
2382 1339 2439 1394 Si
2471 1342 2593 1411 quis
2626 1340 2790 1410 igitur
2833 1346 2917 1394 est
2970 1339 3111 1408 apud
3151 1354 3247 1393 vos
3298 1338 3514 1392 dicendi

276 1428 445 1485 .locus
466 1427 539 1482 iis
570 1432 663 1498 qui
694 1432 956 1487 mediocri
1011 1442 1065 1490 et
1094 1436 1301 1508 vulgari
1346 1436 1561 1493 dicendi
1598 1437 1855 1492 facultate
1884 1435 2137 1491 instructi
2173 1444 2325 1500 sunt,
2353 1434 2536 1490 dicere
2576 1432 2891 1506 aggredior;
2935 1431 3073 1486 nihil
3105 1430 3250 1502 quod
3279 1430 3345 1485 ad
3387 1446 3516 1485 can-

291 1535 403 1575 sam
429 1522 574 1579 banc
594 1525 757 1581 faciat
781 1528 945 1584 studii
975 1546 1038 1585 ac
1066 1530 1361 1603 diligentiae
1418 1533 1857 1604 praetermittens.
1887 1531 2148 1602 Incipiam
2172 1538 2353 1586 autem
2385 1530 2535 1585 hinc.

368 1619 696 1690 ’Δμήχανο-ι,
736 1617 783 1677 ὦ
827 1624 1106 1698 παρθένοι,
1135 1628 1351 1694 κάλλος,
1387 1630 1481 1682 καὶ
1502 1630 1761 1699 συγγενὲς
1784 1631 1851 1701 τῇ

293 1711 449 1781 σοφίᾳ
476 1714 572 1765 καὶ
604 1716 926 1789 πρόσφορον,
954 1718 1188 1785 ἅπαντες
1216 1722 1295 1786 είς
1320 1722 1412 1775 τὸν
1440 1723 1641 1793 κόσμον
1665 1739 1855 1794 κεκτη-

296 1802 439 1870 μένοι
487 1804 678 1859 τοῦτον
718 1810 1106 1882 ἀφικνούμεθα.
1167 1814 1605 1886 Ἀπηκρίὸωνται
1650 1815 1757 1887 γὰρ
1795 1816 1851 1870 αἱ

292 1892 449 1963 ψυχαὶ
480 1895 560 1966 τῷ
588 1900 907 1969 γεννήσαντι
944 1904 1061 1957 τότε
1098 1906 1330 1977 μάλιστα
1361 1907 1453 1961 καὶ
1502 1907 1848 1979 πλασαμένῳ,

292 1984 443 2037 ὁπότε
471 1987 573 2059 τὴν
596 1990 714 2042 καθ’
733 1993 988 2063 ὁμοίωσιν
1012 1997 1150 2059 ἰδέαν
1174 1998 1435 2071 ἄχραντον
1457 2000 1849 2071 ἐκλάμπουσαι,

294 2080 381 2131 καὶ
437 2081 565 2144 τοὺς
600 2086 954 2157 χαρακτῆρας
1000 2089 1096 2161 τῆς
1122 2091 1295 2160 ὅψεως
1340 2094 1576 2165 ἐκείνης,
1624 2096 1759 2167 πρὸς
1786 2097 1851 2167 ἢν

295 2171 503 2242 ἀσορῶν
546 2176 574 2227 ὁ
618 2175 770 2242 Θεὸς,
830 2179 1095 2235 ἀθάνατον
1141 2186 1353 2255 μορφὴν
1398 2188 1492 2241 καὶ
1552 2188 1851 2262 ἀνώλεθρον

296 2265 513 2334 ἐχούσας
536 2269 705 2334 αὐτὰς
734 2272 1111 2343 ἀπειργάζετο,
1139 2277 1384 2331 τοιαῦται
1414 2281 1744 2351 διαμένουσι.
1779 2284 1852 2338 Τὸ

298 2356 396 2426 γὶρ
426 2359 719 2430 ἀγέννητον
742 2364 945 2429 ,κάλλος
980 2368 1071 2420 καὶ
1106 2368 1414 2439 ἀσώματον,
1446 2374 1538 2427 καὶ
1568 2376 1704 2447 μήτε
1748 2377 1851 2448 ἀρ-

300 2448 515 2519 χόμενον
577 2454 714 2525 μήτε
768 2456 984 2527 φθίνον,
1039 2460 1154 2514 ἀλλ’
1202 2463 1468 2534 ἄτρεπτον
1511 2467 1606 2519 καὶ
1662 2467 1851 2540 ἀγήοω

303 2543 383 2595 καὶ
438 2545 756 2616 ἀπροσδεὲς,
805 2550 968 2614 αὐτὸς
1010 2554 1067 2606 ὲν
1107 2554 1283 2625 ἐαυτῷ
1316 2558 1409 2609 κα)⁵
1455 2559 1535 2621 εἰς
1572 2559 1705 2613 αὐτὸ
1738 2560 1853 2629 φῶς

303 2632 352 2685 ὲν
398 2635 699 2706 ἀσράστοις
774 2639 887 2709 (85)
926 2642 1017 2695 καὶ
1062 2644 1373 2715 ἀπροσίτοις
1420 2649 1850 2722 ἀναπαυόμενον,

306 2726 538 2791 ἐξουσίας
579 2732 865 2803 περιουσίᾳ
944 2735 1121 2788 πάντα
1184 2739 1451 2809 περιέχων
1508 2743 1603 2796 καὶ⁸
1656 2744 1853 2809 κτίζων

311 2816 391 2867 καὶ
445 2818 885 2885 μετασκευάζων,
930 2824 1253 2896 ἐτεκτήνατο
1294 2829 1410 2882 κατ’
1444 2832 1625 2885 εἰκόνα
1655 2834 1753 2904 τῆς
1778 2836 1855 2887 εί·-

302 2904 441 2967 κόνος
489 2908 686 2961 ἑαυτοῦ
734 2909 832 2980 τὴν
858 2910 1053 2985 ψυχήν.
1106 2916 1197 2969 Διὸ
1223 2919 1317 2970 καὶ
1350 2918 1539 2993 λογικὴ
1572 2924 1665 2979 καὶ
1720 2924 1856 2978 ἀθά-

303 2995 444 3056 vero;
490 2998 629 3050 ἐστι.
674 3000 691 3019 ⁹
725 3001 860 3053 Κατ’
888 3004 1069 3060 εἰκόνα
1105 3008 1211 3079 γάρ
1254 3009 1713 3084 δημιουργηθεῑσα
1758 3014 1850 3071 τοῦ

302 3085 642 3155 Μονογενοῦς,
673 3090 749 3155 ὡς
778 3092 931 3166 ἔφην,
968 3097 1371 3169 ἀνυπέρϐλητον
1404 3102 1515 3173 ἔχει
1549 3103 1611 3157 τὸ
1636 3106 1849 3171 κάλλος.

2027 1625 2469 1697 lncomparabili,
2500 1639 2533 1679 ο
2564 1623 2827 1695 virgines,
2866 1628 3208 1692 cognataque
3250 1626 3411 1689 atque
3434 1616 3515 1670 af-

1955 1718 2049 1773 ﬁni
2076 1716 2354 1787 sapientiae
2382 1715 2651 1786 insignitae
2675 1715 2870 1779 forma,
2896 1713 2952 1767 in
2984 1712 3244 1767 mundum
3268 1711 3514 1765 venimus

1888 1852 1927 1906 B
1954 1826 2165 1867 omnes.
2198 1808 2399 1865 Exacte
2419 1808 2585 1872 enim,
2617 1806 2738 1877 ejus
2770 1806 2866 1878 qui
2894 1805 3080 1875 genuit
3109 1812 3271 1873 atque
3310 1801 3514 1857 forma-

1953 1903 2051 1970 vit,
2082 1904 2409 1957 lineamenta
2438 1900 2633 1955 animae
2665 1898 2929 1962 referunt,
2956 1905 3071 1951 tum
3121 1897 3355 1951 maxime
3389 1910 3513 1950 cum

1953 1994 2329 2052 similitudinis
2386 1993 2708 2047 intaminato
2761 1990 3079 2060 eifulgentes
3117 1988 3347 2059 idecore,
3395 1987 3514 2042 vul-

1952 2096 2151 2159 tusque
2181 2087 2328 2142 illius
2360 2100 2422 2140 ac
2453 2084 2777 2155 exemplaris
2813 2070 3156 2137 characteres
3188 2082 3397 2136 lucidos
3427 2097 3514 2137 re-

1953 2176 2209 2241 ferentes,
2237 2174 2306 2229 ad
2340 2173 2486 2247 quod
2521 2174 2738 2229 intuens
2768 2172 2931 2239 Deus,
2960 2172 3250 2227 immortali
3275 2187 3368 2228 eas
3399 2171 3513 2226 for-

1950 2286 2042 2327 ma
2070 2279 2232 2341 atque
2266 2269 2334 2323 ab
2365 2269 2675 2325 interitione
2697 2266 2923 2321 immuni
2953 2266 3143 2331 edidit,
3188 2265 3264 2319 ita
3301 2278 3511 2336 perma-

1950 2370 2103 2418 nent.
2160 2361 2400 2434 lngenita
2440 2362 2585 2417 enim
2616 2368 2670 2417 et
2698 2360 3019 2430 incorporea
3054 2357 3421 2428 pulchritudo,
3447 2371 3511 2411 ac

1950 2470 2072 2525 qua:
2098 2469 2199 2510 nec
2229 2453 2475 2524 coeperit,
2506 2468 2608 2509 nec
2656 2452 2767 2507 ulla
2820 2466 3058 2521 unquam
3087 2449 3209 2505 labe
3260 2448 3509 2511 intereat,

1952 2546 2048 2603 sed
2078 2546 2434 2601 immutabilis
2465 2546 2537 2602 sit
2571 2545 2819 2614 seuiique
2852 2559 3046 2615 expers
3077 2558 3140 2598 ac
3170 2541 3319 2598 nullo
3361 2542 3511 2595 labo-
3606 2599 3612 2605 δ

1950 2654 2080 2695 rans
2103 2638 2345 2707 defectu;
2373 2639 2489 2710 ipse
2520 2638 2575 2693 in
2603 2653 2662 2693 se
2683 2638 2800 2709 ipso
2821 2652 2885 2693 ac
2927 2652 3091 2707 penes
3112 2652 3172 2692 se
3195 2634 3422 2699 Lumen,
3454 2634 3511 2690 in

1952 2729 2319 2787 ineffabilibus
2347 2745 2409 2785 ac
2433 2729 2904 2785 inaccessibilibus
2952 2730 3323 2801 requiescens,
3359 2735 3511 2800 pote.

1951 2822 2108 2878 Statis
2155 2820 2430 2877 atlluentia
2471 2820 2654 2875 omnia
2701 2820 3028 2884 continens,
3090 2834 3390 2889 creansque
3448 2832 3513 2871 ac

1953 2922 2192 2976 struens,
2229 2912 2297 2967 ad
2347 2912 2600 2983 imaginis
2652 2927 2763 2967 sua:
2802 2912 3112 2982 imaginem,
3148 2911 3385 2965 animam
3430 2908 3513 2963 fa-

1953 3003 2196 3060 bricatus
2222 3011 2327 3060 est.
2357 3003 2724 3071 Quamobrem
2745 3003 2908 3059 etiam
2939 3003 3151 3056 ratione
3184 2999 3405 3070 prmdita
3427 3008 3512 3056 est

1953 3103 2007 3150 et
2040 3095 2383 3151 immortalis.
2415 3095 2493 3150 Ad
2518 3096 2805 3167 imaginem
2835 3095 3030 3164 quippe
3061 3092 3335 3163 Unigeniti
3378 3105 3511 3145 con-

299 3178 381 3229 Διὸ
421 3179 481 3251 δὴ
526 3184 620 3235 καὶ
667 3184 739 3237 τὰ
784 3190 1151 3257 πνευματικὰ
1194 3191 1303 3261 τῆς
1330 3197 1620 3265 πονηρίας
1653 3198 1849 3269 ἐρῶσιν

1954 3188 2088 3253 dita,
2149 3187 2584 3259 incomparabili,
2633 3189 2711 3242 uti
2746 3188 3012 3249 dicebam,
3068 3186 3231 3254 pollet
3291 3185 3507 3241 decore.

297 3269 474 3337 αὐτῆς,
504 3275 599 3325 καὶ
631 3275 979 3347 ἐφεδρεύουσι
1000 3283 1196 3351 χρᾶναι
1229 3284 1522 3356 βιαζόμενα
1560 3289 1657 3360 τὴν
1692 3289 1850 3344 θεοεί-

292 3362 439 3415 κελον
472 3367 644 3437 αὐτῆς
670 3369 884 3442 ἐκείνην
911 3373 1003 3425 καὶ
1031 3375 1326 3446 ἐπέραστον
1365 3379 1532 3435 ἰδέανο
1567 3381 1754 3454 ὥσπερ
1786 3384 1848 3457 δὴ

289 3456 385 3506 καὶ
435 3459 464 3508 ὁ
510 3461 795 3533 προερήτης
870 3464 1134 3536 Ἱερεμίας
1183 3470 1526 3541 παρίστησιν,
1577 3456 1848 3540 ὀνειδίζων

304 3543 649 3618 Ἰερουσαλήμ
673 3565 690 3579 ⁸
738 3551 909 3620 "Od-cc
935 3557 1161 3624 πόρνης
1183 3557 1420 3628 ἐγένετό
1456 3579 1586 3617 σοι’
1652 3566 1848 3634 ἀπην-

289 3636 699 3707 αισχϋντησας
748 3642 1034 3700 ἀπέναντι
1078 3647 1196 3700 τῶν
1248 3650 1514 3717 ἐραστῶν
1566 3671 1682 3709 σου
1702 3673 1716 3685 ο
1749 3656 1849 3727 τὴν

295 3728 675 3797 παρασχοῦσαν
716 3732 915 3805 ἑαυτὴν
963 3740 1081 3801 ταῖς
1129 3738 1527 3812 ἀντικειμέναις
1560 3743 1848 3815 δυνάμεσιν

295 3819 369 3879 εἰς
394 3818 694 3890 βεϐήλωσιν
719 3822 912 3892 λέγων.
966 3826 1221 3898 Ἐραστα)⁸
1247 3831 1354 3901 γάρ
1380 3835 1517 3886 εἰσιν
1545 3835 1574 3886 ό
1603 3834 1848 3900 διάϐολος

294 3908 382 3959 καὶ
406 3909 607 3981 οἱπερὶ
644 3912 814 3966 αὑτὸν
866 3914 1106 3984 ἄγγελοι,
1156 3920 1207 3971 οἱ
1234 3922 1295 3974 τὸ
1328 3922 1541 3991 λογικὸν
1570 3925 1723 3996 ἡμῶν
1752 3927 1847 3979 καὶ

286 3996 585 4067 ὁιορατικὸν
609 4003 711 4073 τῆς
748 4010 1055 4078 φρονήσεως
1082 4010 1275 4076 κάλλος
1312 4016 1541 4084 μιαίνειν
1564 4018 1658 4071 καὶ
1685 4019 1847 4090 μολύ-

285 4109 395 4145 νειν
435 4097 505 4165 τῇ
556 4096 767 4149 ἑαυτῶν
813 4101 1059 4173 ἐπιμιξία
1094 4105 1492 4177 τεχναζόμενοι,
1532 4110 1624 4162 καὶ
1670 4113 1850 4183 μοιχοὶ

284 4187 536 4253 γενέσθαι
583 4189 764 4261 πάσης
799 4191 899 4263 τῆς
927 4193 1004 4265 τῷ
1051 4197 1240 4269 Κυρίῳ
1271 4202 1711 4275 νενυμφευμένης
1734 4206 1853 4259 ὲπι-

282 4277 581 4349 θυμοῦντες
602 4280 800 4352 ψυχῆς.

1951 3280 2132 3348 Quare
2156 3282 2423 3352 spiritalia
2454 3282 2697 3353 nequitia:
2720 3283 2765 3314 ¹⁶
2796 3295 2915 3335 eam
2940 3278 3147 3350 perdite
3175 3285 3380 3343 amant,
3415 3294 3510 3333 ne-

1950 3380 2211 3444 ctuntque
2262 3374 2527 3438 insidias,
2580 3372 2817 3429 elllictim
2876 3372 3216 3427 connitentes
3283 3378 3345 3424 ut
3392 3368 3509 3437 ejus

1950 3465 2269 3521 deiformem
2298 3466 2443 3519 illam
2475 3464 3029 3534 amabilissimamque
3058 3462 3294 3533 speciem
3326 3462 3515 3518 detur-

1950 3566 2079 3629 pent
2109 3574 2172 3611 ac
2202 3559 2473 3629 polluant;
2504 3558 2583 3611 uti
2603 3567 2657 3633 et
2687 3558 2947 3629 propheta
2979 3555 3243 3612 Jeremias
3280 3555 3507 3618 indicat,

1949 3651 2285 3723 exprobrans
2325 3649 2625 3707 Jerusalem
2663 3671 2677 3708 :
2728 3649 2900 3706 Frons
2935 3650 3218 3705 meretricis
3263 3648 3406 3717 facta
3434 3657 3511 3701 est

1951 3743 2047 3797 tibi
2071 3758 2089 3795 :
2118 3742 2335 3797 noluisti
2357 3743 2652 3799 erubescere
2674 3746 2727 3799 in
2754 3752 3029 3812 conspectu
3065 3752 3361 3801 amatorum
3390 3748 3510 3793 tuo-

1951 3852 2069 3889 rum
2093 3838 2157 3900 ",
2189 3835 2257 3891 de
2285 3851 2347 3891 ea
2372 3837 2599 3907 loquens
2630 3851 2750 3906 qua!
2770 3851 2828 3891 se
2856 3834 3136 3906 prostituit
3178 3831 3509 3888 adversariis

1950 3928 2315 3997 potestatibus
2349 3928 2405 3982 in
2451 3928 2988 3983 contaminationem.
3042 3926 3327 3980 Amatores
3366 3925 3509 3979 enim

1951 4029 2079 4076 sunt
2101 4022 2351 4080 diabolus
2373 4029 2427 4078 et
2457 4022 2633 4094 angeli
2667 4022 2808 4092 ejus,
2838 4021 2929 4092 qui
2985 4029 3233 4075 nostrum
3263 4032 3386 4072 cum
3418 4031 3509 4069 ra-

1953 4114 2100 4168 tione
2126 4116 2435 4187 ingeniique
2464 4115 2878 4187 perspicacitate
2905 4112 3205 4184 prudentia:
3255 4109 3511 4164 decorem

1957 4206 2267 4275 polluereet
2296 4208 2583 4278 inquinare
2627 4206 2712 4261 sui
2764 4204 3139 4262 commistione
3191 4202 3520 4257 machinam

1954 4305 2059 4363 tes,
2090 4314 2308 4354 omnem
2331 4299 2442 4355 Deo
2470 4299 2852 4369 desponsatam
2887 4296 3125 4351 animam
3154 4301 3521 4365 constuprare‘

1950 4392 2291 4461 percupiunt.

679 4530 689 4538 -
1418 4497 1543 4553 CAP.
1572 4500 1633 4556 ll.
1660 4501 1927 4557 Parabola
1952 4502 2123 4558 decem
2152 4505 2427 4575 virginum.

362 4577 492 4631 Ἕάν
538 4573 632 4631 οὖν
668 4578 961 4648 ἀμόλυντον
987 4581 1145 4638 τοῦτο
1176 4592 1397 4661 τηρήσει
1426 4607 1508 4655 τις
1553 4594 1613 4647 τὸ
1661 4596 1851 4661 κάλλος

2026 4596 2082 4650 Si
2102 4573 2244 4668 ergo
2261 4598 2571 4653 inviolatam
2604 4596 2874 4653 custodiat
2894 4595 3017 4666 quis
3043 4602 3096 4649 et
3119 4594 3338 4649 illaesam
3369 4593 3511 4647 hanc

277 4671 377 4723 καὶ
425 4672 636 4735 ἀσινὲς,
689 4673 783 4725 καὶ
819 4673 1077 4739 τοιοῦτον,
1114 4679 1293 4732 ὁποῖον
1330 4683 1489 4745 αὐτὸς
1518 4686 1546 4737 ὁ
1582 4690 1849 4760 συστησά-

352 4790 401 4822 ¹⁸
437 4787 734 4857 Ephes.rt,
773 4789 860 4844 l2.
939 4792 979 4823 "
1021 4791 1316 4861 Jerenmu,
1344 4797 1398 4851 5.

280 4904 355 4957 ι·ιί
386 4904 725 4985 sacerdotio,
779 4922 881 4961 nec
907 4908 1087 4964 minus
1120 4910 1269 4985 cl_er_o
1298 4912 1511 4982 reliquo
1548 4912 1853 4985 ἱερατεύον-

280 4992 396 5037 τες,
433 4976 677 5058 potiores
696 4976 766 5058 .in
797 4993 863 5058 e_o
894 4990 1077 5058 partes
1114 4981 1397 5058 _ohtinent,
1420 4976 1576 5058 "quod
1600 4976 1656 5039 et
1677 4986 1852 5058 ἀσκή-

282 5061 363 5123 σει
385 5047 654 5115 cultuque
678 5047 906 5124 ,ἁγνείας
938 5050 1128 5118 majori
1158 5047 1464 5120 pmslantf
1482 5054 1602 5122 ejus
1660 5047 1853 5124 sponle

280 5116 359 5168 rei
396 5124 640 5193 votoque
677 5116 942 5193 labiorum
976 5116 1221 5193 suorum,
1254 5138 1363 5193 non
1418 5116 1564 5193 quod
1600 5116 1849 5181 Ecclesia

278 5188 675 5265 necessitatem
688 5188 1118 5265 ordinationibus
1118 5191 1248 5265 _suis
1269 5188 1541 5265 indixerit.
1555 5194 1844 5252 COMBEFIS.

351 5256 471 5323 (85)
491 5256 624 5322 φῶς
652 5257 722 5333 (ἓν
743 5258 1085 5333 ἀφράστως.
1116 5260 1335 5315 Ρηειυιί
1366 5279 1526 5333 quam
1563 5266 1845 5321 lectionem

276 5337 642 5394 repraesentat
662 5325 769 5382 Leo
787 5325 1045 5391 ’A'llatius,
1071 5333 1173 5386 etsi
1203 5334 1249 5386 is
1273 5334 1327 5386 in
1349 5325 1600 5389 versione
1623 5336 1849 5390 alteram

279 5408 507 5474 secutus
519 5406 625 5474 est,
644 5414 803 5474 quam
824 5403 1091 5474 expressit
1107 5402 1273 5457 editio
1291 5402 1487 5473 Lupar.
1510 5413 1761 5474 tanquam
1785 5423 1851 5461 ex

282 5463 429 5541 Vat.,
469 5474 530 5519 ut
551 5463 808 5541 nimirum
830 5463 1240 5538 τὸὶίφρὰστοις
1256 5473 1353 5525 καὶ
1369 5463 1730 5541 ἃπροσίτὸις,
1757 5478 1855 5531 ab-

277 5538 461 5612 s_o_iute
476 5546 729 5612 ponatur.
747 5537 1091 5612 [falaqnnenim
1113 5544 1347 5612 reSpexit
1367 5537 1667 5599 Methodius
1689 5537 1854 5601 illud!

282 5605 438 5681 Timr
456 5623 529 5667 vr,
564 5607 633 5660 16
660 5608 818 5681 ε--Φῶς
838 5609 1001 5662 οἰκῶν
1030 5605 1338 5681 ἀπρόσιτον,
1364 5614 1467 5679 Qui
1488 5615 1743 5669 inhabitat
1775 5618 1855 5670 lu-

278 5692 385 5756 cem
420 5678 871 5756 inaccessibilem;
914 5696 1071 5756 quem
1110 5678 1163 5756 is
1195 5678 1640 5756 regirtegeamdem
1679 5688 1848 5756 ipsam

280 5748 459 5799 lucem
491 5748 898 5817 interpretatur,
931 5751 1010 5802 sic
1038 5751 1090 5803 in
1140 5752 1500 5808 ineﬂ'abilibus
1526 5763 1579 5809 et
1608 5748 1850 5812 inacces-

281 5816 537 5873 sibilibus
561 5816 961 5888 quiescentem;
998 5836 1103 5875 non
1126 5824 1503 5892 potestatibus,
1532 5828 1625 5883 sed
1648 5829 1846 5885 divinis

1951 4694 2429 4764 pulchritudinem,
2476 4691 2700 4748 omnino
2759 4691 2924 4747 talem
2974 4690 3190 4761 qualem
3246 4690 3361 4761 ipse
3418 4688 3511 4760 qui

1955 4917 2070 4990 suis
2092 4920 2249 4975 bonis
2273 4934 2336 4974 ac
2366 4920 2583 4975 dotibus
2606 4920 2728 4987 ;qui
2765 4921 3048 4990 potestatis
3078 4918 3510 4990 abundantia‘sic

1952 4989 2162 5043 animas
2192 4990 2258 5043 ad
2293 4990 2542 5059 imaginis
2588 5007 2699 5045 sua:
2734 4988 3018 5061 imaginem
3052 4989 3371 5061 condiderit.
3407 4988 3511 5054 Qui

1953 5075 2094 5113 unus
2145 5075 2337 5114 sensus
2378 5069 2640 5129 angustus
2695 5070 2799 5124 est,
2851 5059 2914 5115 ac
2949 5059 3221 5114 Methodio
3266 5059 3508 5129 dignus:

1953 5130 2089 5182 alter
2119 5130 2272 5184 valde
2301 5130 2569 5200 insipidus
2597 5138 2650 5186 et
2678 5133 2910 5185 alienus.
2935 5130 3106 5183 Porro
3141 5130 3284 5199 quod
3320 5130 3513 5198 imagi-

1951 5200 2038 5252 nis
2068 5199 2353 5269 imaginem
2385 5201 2517 5255 dicit
2566 5210 2779 5256 creatas
2799 5202 3032 5266 anitnas,
3094 5201 3388 5255 secundum
3404 5215 3514 5269 gap-

1954 5271 2373 5341 propriationem
2401 5271 2559 5326 debet
2588 5273 2835 5340 intelligi,
2870 5280 2921 5325 et
2967 5274 3108 5341 quod
3141 5272 3316 5341 imago
3377 5268 3513 5324 Filio

1957 5340 2226 5411 tribuatur
2251 5343 2564 5411 ex_speciali
2584 5342 2791 5397 ratione
2813 5356 2923 5396 suae
2949 5340 3335 5411 processionis,
3369 5341 3514 5411 quod

1958 5409 2031 5480 sit
2084 5409 2261 5465 Patris
2321 5409 2580 5473 Verbum,
2616 5420 2672 5465 et
2700 5409 2964 5480 expressa
2991 5412 3137 5466 illius
3190 5410 3512 5467 similitudo.

1963 5478 2227 5533 Cmterum
2291 5489 2348 5533 ut
2379 5497 2483 5535 non
2515 5489 2662 5535 creat
2710 5478 2869 5536 Pater
2907 5490 2965 5535 ut
3011 5481 3189 5543 Pater,
3246 5482 3340 5535 sed
3372 5496 3512 5534 unus

1960 5547 2077 5621 i_pse
2102 5549 2264 5611 Deus,
2295 5566 2417 5616 cum
2451 5551 2588 5605 Filio
2620 5568 2682 5605 ac
2717 5552 2918 5621 Spiritu
2955 5560 3141 5608 sancto
3166 5550 3240 5621 (id
3265 5550 3515 5621 estbeata

1961 5617 2219 5691 Trinitas)
2258 5637 2364 5674 una
2420 5623 2613 5686 virtus,
2683 5617 2785 5675 una
2820 5630 3098 5691 potestas;
3133 5617 3211 5676 sic
3244 5636 3416 5689 neque
3447 5618 3514 5673 ad

1957 5689 2241 5760 imaginem
2278 5691 2433 5746 Verbi
2462 5700 2519 5746 ut
2550 5691 2782 5746 Verbum
2816 5689 2917 5754 est,
2940 5700 3111 5748 creat.
3141 5691 3233 5760 sed
3265 5692 3328 5745 ad
3360 5705 3512 5760 suam

1957 5759 2166 5834 ipse’ui
2195 5761 2335 5834 Deus
2368 5778 2508 5817 unus
2563 5770 2667 5834 est,
2705 5778 2953 5834 unusque
2990 5778 3113 5818 cum
3145 5759 3278 5817 Filio
3305 5768 3355 5815 et
3382 5759 3519 5815 Ver-

1953 5829 2021 5885 bo
2042 5845 2105 5886 ac
2136 5831 2340 5900 Spiritu
2364 5844 2593 5890 creator.
2624 5833 2698 5888 in.
