  <div class='ocr_page' id='page_1' title='image "/cluster/home/n/w/nwhite01/storage/ocr_20150623/18/hvd.32044073501215/065.png"; bbox 0 0 4052 6338; ppageno 0'>
   <div class='ocr_carea' id='block_1_1' title="bbox 522 371 641 442">
    <p class='ocr_par' dir='ltr' id='par_1_1' title="bbox 522 371 641 442">
     <span class='ocr_line' id='line_1_1' title="bbox 522 371 641 442; baseline 0.008 -1"><span class='ocrx_word' id='word_1_1' title='bbox 522 371 641 442; x_wconf 53' lang='lat' dir='ltr'><strong>&quot;iis</strong></span> 
     </span>
    </p>
   </div>
   <div class='ocr_carea' id='block_1_2' title="bbox 1516 368 2821 441">
    <p class='ocr_par' dir='ltr' id='par_1_2' title="bbox 1516 368 2821 441">
     <span class='ocr_line' id='line_1_2' title="bbox 1516 368 2821 441; baseline 0 -3"><span class='ocrx_word' id='word_1_2' title='bbox 1516 382 1576 440; x_wconf 88' lang='lat' dir='ltr'><strong>s.</strong></span> <span class='ocrx_word' id='word_1_3' title='bbox 1618 368 1951 441; x_wconf 59' lang='lat' dir='ltr'><strong>Heracon</strong></span> <span class='ocrx_word' id='word_1_4' title='bbox 1985 382 2289 440; x_wconf 68' lang='lat' dir='ltr'><strong>Episcopi</strong></span> <span class='ocrx_word' id='word_1_5' title='bbox 2330 382 2420 439; x_wconf 81' lang='lat' dir='ltr'><strong>ET</strong></span> <span class='ocrx_word' id='word_1_6' title='bbox 2460 381 2821 439; x_wconf 72' lang='lat' dir='ltr'><strong>MARTYBIS</strong></span> 
     </span>
    </p>
   </div>
   <div class='ocr_carea' id='block_1_3' title="bbox 3638 366 3775 436">
    <p class='ocr_par' dir='ltr' id='par_1_3' title="bbox 3638 366 3775 436">
     <span class='ocr_line' id='line_1_3' title="bbox 3638 366 3775 436; baseline 0.007 -1"><span class='ocrx_word' id='word_1_7' title='bbox 3638 366 3775 436; x_wconf 71' lang='lat' dir='ltr'><strong>&quot;ne</strong></span> 
     </span>
    </p>
   </div>
   <div class='ocr_carea' id='block_1_4' title="bbox 533 480 2077 579">
    <p class='ocr_par' dir='ltr' id='par_1_4' title="bbox 533 500 2077 578">
     <span class='ocr_line' id='line_1_4' title="bbox 533 500 2077 578; baseline -0.001 -16"><span class='ocrx_word' id='word_1_8' title='bbox 533 508 782 564; x_wconf 86' lang='lat' dir='ltr'><strong>condidit</strong></span> <span class='ocrx_word' id='word_1_9' title='bbox 800 506 1100 578; x_wconf 77' lang='lat' dir='ltr'><strong>pinxitque,</strong></span> <span class='ocrx_word' id='word_1_10' title='bbox 1119 519 1237 561; x_wconf 87' lang='lat' dir='ltr'><strong>eam</strong></span> <span class='ocrx_word' id='word_1_11' title='bbox 1269 500 1477 561; x_wconf 74' lang='lat' dir='ltr'><strong>eilinxit</strong></span> <span class='ocrx_word' id='word_1_12' title='bbox 1502 520 1567 561; x_wconf 88' lang='lat' dir='ltr'><strong>ac</strong></span> <span class='ocrx_word' id='word_1_13' title='bbox 1596 504 1917 575; x_wconf 80' lang='lat' dir='ltr'><strong>eﬂ‘ormavit,</strong></span> <span class='ocrx_word' id='word_1_14' title='bbox 1935 518 2077 563; x_wconf 68' lang='lat' dir='ltr'><strong>reter-</strong></span> 
     </span>
    </p>
   </div>
   <div class='ocr_carea' id='block_1_5' title="bbox 2179 480 3775 579">
    <p class='ocr_par' dir='ltr' id='par_1_5' title="bbox 2200 480 3775 579">
     <span class='ocr_line' id='line_1_5' title="bbox 2200 480 3775 579; baseline -0.003 -20"><span class='ocrx_word' id='word_1_15' title='bbox 2200 524 2358 579; x_wconf 87' lang='grc' dir='ltr'>μενος</span> <span class='ocrx_word' id='word_1_16' title='bbox 2412 506 2545 560; x_wconf 79' lang='grc' dir='ltr'>αὐτὸ</span> <span class='ocrx_word' id='word_1_17' title='bbox 2594 506 2689 560; x_wconf 68' lang='grc' dir='ltr'><strong>καὶ</strong></span> <span class='ocrx_word' id='word_1_18' title='bbox 2721 505 3087 579; x_wconf 77' lang='grc' dir='ltr'><strong>ζωγραφήσας</strong></span> <span class='ocrx_word' id='word_1_19' title='bbox 3131 480 3479 567; x_wconf 80' lang='grc' dir='ltr'>ἀπετύπωσε,</span> <span class='ocrx_word' id='word_1_20' title='bbox 3514 498 3614 574; x_wconf 77' lang='grc' dir='ltr'>τὴν</span> <span class='ocrx_word' id='word_1_21' title='bbox 3639 501 3775 555; x_wconf 71' lang='grc' dir='ltr'>αἰώ-</span> 
     </span>
    </p>
   </div>
   <div class='ocr_carea' id='block_1_6' title="bbox 533 597 2092 670">
    <p class='ocr_par' dir='ltr' id='par_1_6' title="bbox 533 597 2092 670">
     <span class='ocr_line' id='line_1_6' title="bbox 533 597 2092 670; baseline 0.001 -17"><span class='ocrx_word' id='word_1_22' title='bbox 533 614 662 653; x_wconf 86' lang='lat' dir='ltr'><strong>nam</strong></span> <span class='ocrx_word' id='word_1_23' title='bbox 722 600 967 654; x_wconf 75' lang='lat' dir='ltr'><strong>imitatus</strong></span> <span class='ocrx_word' id='word_1_24' title='bbox 1004 605 1255 653; x_wconf 86' lang='lat' dir='ltr'><strong>naturam</strong></span> <span class='ocrx_word' id='word_1_25' title='bbox 1287 608 1342 654; x_wconf 85' lang='lat' dir='ltr'><strong>et</strong></span> <span class='ocrx_word' id='word_1_26' title='bbox 1374 597 1769 670; x_wconf 85' lang='lat' dir='ltr'><strong>intelligibilem</strong></span> <span class='ocrx_word' id='word_1_27' title='bbox 1800 640 1816 665; x_wconf 87' lang='lat'><strong>,</strong></span> <span class='ocrx_word' id='word_1_28' title='bbox 1849 600 2008 670; x_wconf 87' lang='lat' dir='ltr'><strong>cujus</strong></span> <span class='ocrx_word' id='word_1_29' title='bbox 2036 609 2092 655; x_wconf 93' lang='lat' dir='ltr'><strong>et</strong></span> 
     </span>
    </p>
   </div>
   <div class='ocr_carea' id='block_1_7' title="bbox 529 685 2093 759">
    <p class='ocr_par' dir='ltr' id='par_1_7' title="bbox 529 685 2093 759">
     <span class='ocr_line' id='line_1_7' title="bbox 529 685 2093 759; baseline 0 -15"><span class='ocrx_word' id='word_1_30' title='bbox 529 689 697 746; x_wconf 87' lang='lat' dir='ltr'><strong>homo</strong></span> <span class='ocrx_word' id='word_1_31' title='bbox 719 690 1001 744; x_wconf 77' lang='lat' dir='ltr'><strong>character</strong></span> <span class='ocrx_word' id='word_1_32' title='bbox 1021 696 1104 744; x_wconf 90' lang='lat' dir='ltr'><strong>est</strong></span> <span class='ocrx_word' id='word_1_33' title='bbox 1123 702 1489 759; x_wconf 80' lang='lat' dir='ltr'><strong>expressaque</strong></span> <span class='ocrx_word' id='word_1_34' title='bbox 1506 685 1729 758; x_wconf 80' lang='lat' dir='ltr'><strong>eiiigies,</strong></span> <span class='ocrx_word' id='word_1_35' title='bbox 1747 687 1923 744; x_wconf 78' lang='lat' dir='ltr'><strong>factus</strong></span> <span class='ocrx_word' id='word_1_36' title='bbox 1947 689 2093 744; x_wconf 87' lang='lat' dir='ltr'><strong>velut</strong></span> 
     </span>
    </p>
   </div>
   <div class='ocr_carea' id='block_1_8' title="bbox 533 779 2093 850">
    <p class='ocr_par' dir='ltr' id='par_1_8' title="bbox 533 779 2093 850">
     <span class='ocr_line' id='line_1_8' title="bbox 533 779 2093 850; baseline 0.002 -17"><span class='ocrx_word' id='word_1_37' title='bbox 533 780 883 834; x_wconf 81' lang='lat' dir='ltr'><strong>simulacrum</strong></span> <span class='ocrx_word' id='word_1_38' title='bbox 907 779 1370 850; x_wconf 79' lang='lat' dir='ltr'><strong>elegantissimum</strong></span> <span class='ocrx_word' id='word_1_39' title='bbox 1398 790 1451 834; x_wconf 90' lang='lat' dir='ltr'><strong>et</strong></span> <span class='ocrx_word' id='word_1_40' title='bbox 1473 794 1692 835; x_wconf 86' lang='lat' dir='ltr'><strong>sacrum</strong></span> <span class='ocrx_word' id='word_1_41' title='bbox 1715 798 1729 835; x_wconf 89' lang='lat'><strong>:</strong></span> <span class='ocrx_word' id='word_1_42' title='bbox 1756 782 1883 836; x_wconf 77' lang='lat' dir='ltr'><strong>lrinc</strong></span> <span class='ocrx_word' id='word_1_43' title='bbox 1911 790 2093 837; x_wconf 83' lang='lat' dir='ltr'><strong>trans-</strong></span> 
     </span>
    </p>
   </div>
   <div class='ocr_carea' id='block_1_9' title="bbox 533 871 2093 937">
    <p class='ocr_par' dir='ltr' id='par_1_9' title="bbox 533 871 2093 937">
     <span class='ocr_line' id='line_1_9' title="bbox 533 871 2093 937; baseline 0.003 -13"><span class='ocrx_word' id='word_1_44' title='bbox 533 871 674 926; x_wconf 86' lang='lat' dir='ltr'><strong>latus</strong></span> <span class='ocrx_word' id='word_1_45' title='bbox 704 871 758 925; x_wconf 90' lang='lat' dir='ltr'><strong>in</strong></span> <span class='ocrx_word' id='word_1_46' title='bbox 794 871 1077 926; x_wconf 83' lang='lat' dir='ltr'><strong>beatorum</strong></span> <span class='ocrx_word' id='word_1_47' title='bbox 1102 872 1402 937; x_wconf 90' lang='lat' dir='ltr'><strong>civitatem,</strong></span> <span class='ocrx_word' id='word_1_48' title='bbox 1434 872 1488 928; x_wconf 86' lang='lat' dir='ltr'><strong>in</strong></span> <span class='ocrx_word' id='word_1_49' title='bbox 1504 873 1669 927; x_wconf 69' lang='lat' dir='ltr'><strong>caelos</strong></span> <span class='ocrx_word' id='word_1_50' title='bbox 1688 873 1918 937; x_wconf 87' lang='lat' dir='ltr'><strong>scilicet,</strong></span> <span class='ocrx_word' id='word_1_51' title='bbox 1942 874 2093 928; x_wconf 89' lang='lat' dir='ltr'><strong>velut</strong></span> 
     </span>
    </p>
   </div>
   <div class='ocr_carea' id='block_1_10' title="bbox 522 963 2090 1035">
    <p class='ocr_par' dir='ltr' id='par_1_10' title="bbox 522 963 2090 1035">
     <span class='ocr_line' id='line_1_10' title="bbox 522 963 2090 1035; baseline 0.004 -20"><span class='ocrx_word' id='word_1_52' title='bbox 522 964 584 1016; x_wconf 83' lang='lat' dir='ltr'><strong>in</strong></span> <span class='ocrx_word' id='word_1_53' title='bbox 614 964 818 1033; x_wconf 88' lang='lat' dir='ltr'><strong>templo</strong></span> <span class='ocrx_word' id='word_1_54' title='bbox 847 963 1226 1019; x_wconf 88' lang='lat' dir='ltr'><strong>collocabitur.</strong></span> <span class='ocrx_word' id='word_1_55' title='bbox 1252 963 1689 1019; x_wconf 82' lang='lat' dir='ltr'><strong>lncontaminata</strong></span> <span class='ocrx_word' id='word_1_56' title='bbox 1714 979 1880 1035; x_wconf 84' lang='lat' dir='ltr'><strong>porro</strong></span> <span class='ocrx_word' id='word_1_57' title='bbox 1901 973 2090 1022; x_wconf 90' lang='lat' dir='ltr'><strong>nostra</strong></span> 
     </span>
    </p>
   </div>
   <div class='ocr_carea' id='block_1_11' title="bbox 520 1058 2088 1130">
    <p class='ocr_par' dir='ltr' id='par_1_11' title="bbox 520 1058 2088 1130">
     <span class='ocr_line' id='line_1_11' title="bbox 520 1058 2088 1130; baseline 0.003 -19"><span class='ocrx_word' id='word_1_58' title='bbox 520 1058 877 1126; x_wconf 81' lang='lat' dir='ltr'><strong>pulchritudo</strong></span> <span class='ocrx_word' id='word_1_59' title='bbox 901 1066 1033 1113; x_wconf 91' lang='lat' dir='ltr'><strong>tunc</strong></span> <span class='ocrx_word' id='word_1_60' title='bbox 1076 1058 1282 1130; x_wconf 90' lang='lat' dir='ltr'><strong>optime</strong></span> <span class='ocrx_word' id='word_1_61' title='bbox 1313 1067 1562 1116; x_wconf 85' lang='lat' dir='ltr'><strong>servatur</strong></span> <span class='ocrx_word' id='word_1_62' title='bbox 1587 1068 1641 1116; x_wconf 91' lang='lat' dir='ltr'><strong>et</strong></span> <span class='ocrx_word' id='word_1_63' title='bbox 1662 1075 1873 1128; x_wconf 88' lang='lat' dir='ltr'><strong>secure,</strong></span> <span class='ocrx_word' id='word_1_64' title='bbox 1904 1075 2028 1116; x_wconf 92' lang='lat' dir='ltr'><strong>cum</strong></span> <span class='ocrx_word' id='word_1_65' title='bbox 2057 1076 2088 1116; x_wconf 92' lang='lat' dir='ltr'><strong>a</strong></span> 
     </span>
    </p>
   </div>
   <div class='ocr_carea' id='block_1_12' title="bbox 524 1150 2090 1223">
    <p class='ocr_par' dir='ltr' id='par_1_12' title="bbox 524 1150 2090 1223">
     <span class='ocr_line' id='line_1_12' title="bbox 524 1150 2090 1223; baseline 0.003 -20"><span class='ocrx_word' id='word_1_66' title='bbox 524 1150 837 1219; x_wconf 74' lang='lat' dir='ltr'><strong>virginitate</strong></span> <span class='ocrx_word' id='word_1_67' title='bbox 865 1157 1130 1220; x_wconf 89' lang='lat' dir='ltr'><strong>protecta,</strong></span> <span class='ocrx_word' id='word_1_68' title='bbox 1165 1150 1425 1207; x_wconf 78' lang='lat' dir='ltr'><strong>exteriori</strong></span> <span class='ocrx_word' id='word_1_69' title='bbox 1457 1152 1824 1223; x_wconf 83' lang='lat' dir='ltr'><strong>corruptionis</strong></span> <span class='ocrx_word' id='word_1_70' title='bbox 1853 1152 2090 1207; x_wconf 64' lang='lat' dir='ltr'><strong>aestuin-</strong></span> 
     </span>
    </p>
   </div>
   <div class='ocr_carea' id='block_1_13' title="bbox 527 1238 2086 1314">
    <p class='ocr_par' dir='ltr' id='par_1_13' title="bbox 527 1238 2086 1314">
     <span class='ocr_line' id='line_1_13' title="bbox 527 1238 2086 1314; baseline 0.004 -21"><span class='ocrx_word' id='word_1_71' title='bbox 527 1238 739 1294; x_wconf 83' lang='lat' dir='ltr'><strong>fuscata</strong></span> <span class='ocrx_word' id='word_1_72' title='bbox 766 1256 873 1295; x_wconf 89' lang='lat' dir='ltr'><strong>non</strong></span> <span class='ocrx_word' id='word_1_73' title='bbox 906 1239 1108 1309; x_wconf 80' lang='lat' dir='ltr'><strong>fuerit;</strong></span> <span class='ocrx_word' id='word_1_74' title='bbox 1140 1242 1235 1298; x_wconf 86' lang='lat' dir='ltr'><strong>sed</strong></span> <span class='ocrx_word' id='word_1_75' title='bbox 1264 1241 1382 1312; x_wconf 91' lang='lat' dir='ltr'><strong>ipsa</strong></span> <span class='ocrx_word' id='word_1_76' title='bbox 1417 1241 1472 1296; x_wconf 91' lang='lat' dir='ltr'><strong>in</strong></span> <span class='ocrx_word' id='word_1_77' title='bbox 1503 1258 1562 1297; x_wconf 90' lang='lat' dir='ltr'><strong>se</strong></span> <span class='ocrx_word' id='word_1_78' title='bbox 1587 1242 1704 1313; x_wconf 88' lang='lat' dir='ltr'><strong>ipsa</strong></span> <span class='ocrx_word' id='word_1_79' title='bbox 1736 1258 2086 1314; x_wconf 86' lang='lat' dir='ltr'><strong>permanens,</strong></span> 
     </span>
    </p>
   </div>
   <div class='ocr_carea' id='block_1_14' title="bbox 527 1332 2089 1404">
    <p class='ocr_par' dir='ltr' id='par_1_14' title="bbox 527 1332 2089 1404">
     <span class='ocr_line' id='line_1_14' title="bbox 527 1332 2089 1404; baseline 0.004 -19"><span class='ocrx_word' id='word_1_80' title='bbox 527 1340 723 1386; x_wconf 89' lang='lat' dir='ltr'><strong>ornatu</strong></span> <span class='ocrx_word' id='word_1_81' title='bbox 739 1333 967 1404; x_wconf 69' lang='lat' dir='ltr'><strong>ju‘stitize</strong></span> <span class='ocrx_word' id='word_1_82' title='bbox 993 1342 1231 1404; x_wconf 89' lang='lat' dir='ltr'><strong>compta,</strong></span> <span class='ocrx_word' id='word_1_83' title='bbox 1260 1334 1317 1388; x_wconf 89' lang='lat' dir='ltr'><strong>in</strong></span> <span class='ocrx_word' id='word_1_84' title='bbox 1346 1349 1602 1404; x_wconf 85' lang='lat' dir='ltr'><strong>sponsam</strong></span> <span class='ocrx_word' id='word_1_85' title='bbox 1620 1332 1759 1389; x_wconf 80' lang='lat' dir='ltr'><strong>Filio</strong></span> <span class='ocrx_word' id='word_1_86' title='bbox 1780 1333 1872 1390; x_wconf 89' lang='lat' dir='ltr'><strong>Dei</strong></span> <span class='ocrx_word' id='word_1_87' title='bbox 1902 1350 2089 1392; x_wconf 79' lang='lat' dir='ltr'><strong>acces-</strong></span> 
     </span>
    </p>
   </div>
   <div class='ocr_carea' id='block_1_15' title="bbox 514 1422 2088 1499">
    <p class='ocr_par' dir='ltr' id='par_1_15' title="bbox 514 1422 2088 1499">
     <span class='ocr_line' id='line_1_15' title="bbox 514 1422 2088 1499; baseline 0.001 -18"><span class='ocrx_word' id='word_1_88' title='bbox 514 1422 679 1489; x_wconf 79' lang='lat' dir='ltr'><strong>serit,</strong></span> <span class='ocrx_word' id='word_1_89' title='bbox 703 1425 1158 1496; x_wconf 83' lang='lat' dir='ltr'><strong>quemadmodum</strong></span> <span class='ocrx_word' id='word_1_90' title='bbox 1177 1426 1295 1498; x_wconf 88' lang='lat' dir='ltr'><strong>ipse</strong></span> <span class='ocrx_word' id='word_1_91' title='bbox 1312 1428 1575 1492; x_wconf 78' lang='lat' dir='ltr'><strong>insinuat,</strong></span> <span class='ocrx_word' id='word_1_92' title='bbox 1600 1427 1902 1484; x_wconf 86' lang='lat' dir='ltr'><strong>admonens</strong></span> <span class='ocrx_word' id='word_1_93' title='bbox 1925 1443 2088 1499; x_wconf 89' lang='lat' dir='ltr'><strong>opor-</strong></span> 
     </span>
    </p>
   </div>
   <div class='ocr_carea' id='block_1_16' title="bbox 522 1517 2088 1597">
    <p class='ocr_par' dir='ltr' id='par_1_16' title="bbox 522 1517 2088 1597">
     <span class='ocr_line' id='line_1_16' title="bbox 522 1517 2088 1597; baseline 0.003 -26"><span class='ocrx_word' id='word_1_94' title='bbox 522 1524 640 1572; x_wconf 89' lang='lat' dir='ltr'><strong>tere</strong></span> <span class='ocrx_word' id='word_1_95' title='bbox 674 1517 730 1571; x_wconf 90' lang='lat' dir='ltr'><strong>in</strong></span> <span class='ocrx_word' id='word_1_96' title='bbox 760 1519 1332 1597; x_wconf 81' lang='lat' dir='ltr'><strong>nostriscorporibus,</strong></span> <span class='ocrx_word' id='word_1_97' title='bbox 1356 1519 1506 1575; x_wconf 86' lang='lat' dir='ltr'><strong>velut</strong></span> <span class='ocrx_word' id='word_1_98' title='bbox 1528 1520 1583 1574; x_wconf 85' lang='lat' dir='ltr'><strong>in‘</strong></span> <span class='ocrx_word' id='word_1_99' title='bbox 1608 1518 1972 1591; x_wconf 82' lang='lat' dir='ltr'><strong>lampadibus,</strong></span> <span class='ocrx_word' id='word_1_100' title='bbox 1999 1520 2088 1575; x_wconf 85' lang='lat' dir='ltr'><strong>lu-</strong></span> 
     </span>
    </p>
   </div>
   <div class='ocr_carea' id='block_1_17' title="bbox 524 1609 2086 1684">
    <p class='ocr_par' dir='ltr' id='par_1_17' title="bbox 524 1609 2086 1684">
     <span class='ocr_line' id='line_1_17' title="bbox 524 1609 2086 1684; baseline 0.004 -22"><span class='ocrx_word' id='word_1_101' title='bbox 524 1624 649 1663; x_wconf 86' lang='lat' dir='ltr'><strong>men</strong></span> <span class='ocrx_word' id='word_1_102' title='bbox 666 1611 939 1667; x_wconf 83' lang='lat' dir='ltr'><strong>castitatis</strong></span> <span class='ocrx_word' id='word_1_103' title='bbox 969 1612 1212 1667; x_wconf 86' lang='lat' dir='ltr'><strong>accendi.</strong></span> <span class='ocrx_word' id='word_1_104' title='bbox 1245 1609 1524 1683; x_wconf 81' lang='lat' dir='ltr'><strong>Siquidem</strong></span> <span class='ocrx_word' id='word_1_105' title='bbox 1552 1611 1599 1644; x_wconf 81' lang='grc'>¹⁸</span> <span class='ocrx_word' id='word_1_106' title='bbox 1613 1610 1798 1667; x_wconf 85' lang='lat' dir='ltr'><strong>decem</strong></span> <span class='ocrx_word' id='word_1_107' title='bbox 1814 1613 2086 1684; x_wconf 75' lang='lat' dir='ltr'><strong>virginum</strong></span> 
     </span>
    </p>
   </div>
   <div class='ocr_carea' id='block_1_18' title="bbox 521 1702 2086 1775">
    <p class='ocr_par' dir='ltr' id='par_1_18' title="bbox 521 1702 2086 1775">
     <span class='ocr_line' id='line_1_18' title="bbox 521 1702 2086 1775; baseline 0.004 -21"><span class='ocrx_word' id='word_1_108' title='bbox 521 1715 805 1766; x_wconf 89' lang='lat' dir='ltr'><strong>numerus,</strong></span> <span class='ocrx_word' id='word_1_109' title='bbox 838 1702 1052 1761; x_wconf 89' lang='lat' dir='ltr'><strong>animas</strong></span> <span class='ocrx_word' id='word_1_110' title='bbox 1084 1704 1253 1775; x_wconf 83' lang='lat' dir='ltr'><strong>refert</strong></span> <span class='ocrx_word' id='word_1_111' title='bbox 1284 1703 1568 1760; x_wconf 84' lang='lat' dir='ltr'><strong>credentes</strong></span> <span class='ocrx_word' id='word_1_112' title='bbox 1599 1704 1655 1759; x_wconf 88' lang='lat' dir='ltr'><strong>in</strong></span> <span class='ocrx_word' id='word_1_113' title='bbox 1682 1702 1962 1760; x_wconf 87' lang='lat' dir='ltr'><strong>Christum</strong></span> <span class='ocrx_word' id='word_1_114' title='bbox 1991 1704 2086 1760; x_wconf 81' lang='lat' dir='ltr'><strong>Je-</strong></span> 
     </span>
    </p>
   </div>
   <div class='ocr_carea' id='block_1_19' title="bbox 521 1792 2086 1868">
    <p class='ocr_par' dir='ltr' id='par_1_19' title="bbox 521 1792 2086 1868">
     <span class='ocr_line' id='line_1_19' title="bbox 521 1792 2086 1868; baseline 0.004 -24"><span class='ocrx_word' id='word_1_115' title='bbox 521 1803 672 1851; x_wconf 85' lang='lat' dir='ltr'><strong>sum;</strong></span> <span class='ocrx_word' id='word_1_116' title='bbox 713 1792 921 1849; x_wconf 88' lang='lat' dir='ltr'><strong>denarii</strong></span> <span class='ocrx_word' id='word_1_117' title='bbox 948 1802 1099 1862; x_wconf 90' lang='lat' dir='ltr'><strong>nota,</strong></span> <span class='ocrx_word' id='word_1_118' title='bbox 1134 1804 1335 1852; x_wconf 89' lang='lat' dir='ltr'><strong>rectam</strong></span> <span class='ocrx_word' id='word_1_119' title='bbox 1370 1798 1429 1852; x_wconf 87' lang='lat' dir='ltr'><strong>in</strong></span> <span class='ocrx_word' id='word_1_120' title='bbox 1476 1795 1635 1853; x_wconf 73' lang='lat' dir='ltr'><strong>cmlis</strong></span> <span class='ocrx_word' id='word_1_121' title='bbox 1658 1797 1798 1852; x_wconf 82' lang='lat' dir='ltr'><strong>viam</strong></span> <span class='ocrx_word' id='word_1_122' title='bbox 1827 1812 1950 1868; x_wconf 67' lang='lat' dir='ltr'><strong>quae</strong></span> <span class='ocrx_word' id='word_1_123' title='bbox 1976 1803 2086 1852; x_wconf 89' lang='lat' dir='ltr'><strong>una</strong></span> 
     </span>
    </p>
   </div>
   <div class='ocr_carea' id='block_1_20' title="bbox 2192 591 3776 671">
    <p class='ocr_par' dir='ltr' id='par_1_20' title="bbox 2192 591 3776 671">
     <span class='ocr_line' id='line_1_20' title="bbox 2192 591 3776 671; baseline -0.004 -18"><span class='ocrx_word' id='word_1_124' title='bbox 2192 616 2303 653; x_wconf 89' lang='grc' dir='ltr'>νιον</span> <span class='ocrx_word' id='word_1_125' title='bbox 2336 599 2825 671; x_wconf 82' lang='grc' dir='ltr'>ἀπομιμησάμενος</span> <span class='ocrx_word' id='word_1_126' title='bbox 2854 597 3014 667; x_wconf 82' lang='grc' dir='ltr'>φύσιν</span> <span class='ocrx_word' id='word_1_127' title='bbox 3047 595 3145 650; x_wconf 81' lang='grc' dir='ltr'>’καὶ</span> <span class='ocrx_word' id='word_1_128' title='bbox 3178 594 3374 668; x_wconf 82' lang='grc' dir='ltr'>νοητὴν</span> <span class='ocrx_word' id='word_1_129' title='bbox 3401 593 3533 665; x_wconf 86' lang='grc'><strong>(86),</strong></span> <span class='ocrx_word' id='word_1_130' title='bbox 3571 591 3640 666; x_wconf 80' lang='grc' dir='ltr'><strong>ἧς</strong></span> <span class='ocrx_word' id='word_1_131' title='bbox 3668 592 3776 648; x_wconf 70' lang='grc' dir='ltr'>καὶ</span> 
     </span>
    </p>
   </div>
   <div class='ocr_carea' id='block_1_21' title="bbox 2191 687 3778 763">
    <p class='ocr_par' dir='ltr' id='par_1_21' title="bbox 2191 687 3778 763">
     <span class='ocr_line' id='line_1_21' title="bbox 2191 687 3778 763; baseline -0.004 -18"><span class='ocrx_word' id='word_1_132' title='bbox 2191 692 2474 763; x_wconf 82' lang='grc' dir='ltr'>χαρακτήρ</span> <span class='ocrx_word' id='word_1_133' title='bbox 2500 692 2644 744; x_wconf 75' lang='grc' dir='ltr'>ἐστιν</span> <span class='ocrx_word' id='word_1_134' title='bbox 2675 691 2705 744; x_wconf 84' lang='grc' dir='ltr'>ὁ</span> <span class='ocrx_word' id='word_1_135' title='bbox 2735 689 3019 761; x_wconf 78' lang='grc' dir='ltr'>ἄνθρωπος</span> <span class='ocrx_word' id='word_1_136' title='bbox 3055 689 3151 743; x_wconf 77' lang='grc' dir='ltr'><strong>καὶ</strong></span> <span class='ocrx_word' id='word_1_137' title='bbox 3186 687 3568 759; x_wconf 81' lang='grc' dir='ltr'>ἀπεικόνισμα,</span> <span class='ocrx_word' id='word_1_138' title='bbox 3604 698 3778 757; x_wconf 82' lang='grc' dir='ltr'>γεγο-</span> 
     </span>
    </p>
   </div>
   <div class='ocr_carea' id='block_1_22' title="bbox 2166 778 3774 855">
    <p class='ocr_par' dir='ltr' id='par_1_22' title="bbox 2166 778 3774 855">
     <span class='ocr_line' id='line_1_22' title="bbox 2166 778 3774 855; baseline -0.003 -18"><span class='ocrx_word' id='word_1_139' title='bbox 2166 782 2295 849; x_wconf 75' lang='grc' dir='ltr'>’νὼς</span> <span class='ocrx_word' id='word_1_140' title='bbox 2331 778 2443 838; x_wconf 82' lang='grc' dir='ltr'>οἷον</span> <span class='ocrx_word' id='word_1_141' title='bbox 2484 782 2707 855; x_wconf 80' lang='grc' dir='ltr'>ἄγαλμά</span> <span class='ocrx_word' id='word_1_142' title='bbox 2733 800 2785 836; x_wconf 91' lang='grc' dir='ltr'><strong>τι</strong></span> <span class='ocrx_word' id='word_1_143' title='bbox 2823 780 3307 853; x_wconf 80' lang='grc' dir='ltr'><strong>περικαλλέστατον</strong></span> <span class='ocrx_word' id='word_1_144' title='bbox 3340 781 3433 834; x_wconf 78' lang='grc' dir='ltr'><strong>καὶ</strong></span> <span class='ocrx_word' id='word_1_145' title='bbox 3463 778 3603 851; x_wconf 86' lang='grc' dir='ltr'>ίερόν</span> <span class='ocrx_word' id='word_1_146' title='bbox 3620 788 3645 809; x_wconf 79' lang='grc'><em>”</em></span> <span class='ocrx_word' id='word_1_147' title='bbox 3682 781 3774 833; x_wconf 80' lang='grc' dir='ltr'><strong>ὲν-</strong></span> 
     </span>
    </p>
   </div>
   <div class='ocr_carea' id='block_1_23' title="bbox 2191 868 3765 947">
    <p class='ocr_par' dir='ltr' id='par_1_23' title="bbox 2191 868 3765 947">
     <span class='ocr_line' id='line_1_23' title="bbox 2191 868 3765 947; baseline -0.001 -20"><span class='ocrx_word' id='word_1_148' title='bbox 2191 873 2380 928; x_wconf 84' lang='grc' dir='ltr'>τεῦθεν</span> <span class='ocrx_word' id='word_1_149' title='bbox 2433 875 2772 947; x_wconf 68' lang='grc' dir='ltr'>μετενεχθεὶς</span> <span class='ocrx_word' id='word_1_150' title='bbox 2812 877 2893 938; x_wconf 81' lang='grc' dir='ltr'><strong>είς</strong></span> <span class='ocrx_word' id='word_1_151' title='bbox 2919 874 3019 945; x_wconf 80' lang='grc' dir='ltr'>τὴν</span> <span class='ocrx_word' id='word_1_152' title='bbox 3056 874 3317 946; x_wconf 79' lang='grc' dir='ltr'><strong>μακάρων</strong></span> <span class='ocrx_word' id='word_1_153' title='bbox 3350 873 3505 926; x_wconf 86' lang='grc' dir='ltr'>πόλιν</span> <span class='ocrx_word' id='word_1_154' title='bbox 3531 872 3657 935; x_wconf 71' lang='grc' dir='ltr'>τοὺς</span> <span class='ocrx_word' id='word_1_155' title='bbox 3680 868 3765 926; x_wconf 77' lang='grc' dir='ltr'><strong>οὖ-</strong></span> 
     </span>
    </p>
   </div>
   <div class='ocr_carea' id='block_1_24' title="bbox 2190 965 3767 1040">
    <p class='ocr_par' dir='ltr' id='par_1_24' title="bbox 2190 965 3767 1040">
     <span class='ocr_line' id='line_1_24' title="bbox 2190 965 3767 1040; baseline -0.003 -19"><span class='ocrx_word' id='word_1_156' title='bbox 2190 966 2408 1038; x_wconf 79' lang='grc' dir='ltr'>ρανοὺς,</span> <span class='ocrx_word' id='word_1_157' title='bbox 2466 966 2656 1040; x_wconf 83' lang='grc' dir='ltr'>ὥσπερ</span> <span class='ocrx_word' id='word_1_158' title='bbox 2684 970 2743 1021; x_wconf 85' lang='grc' dir='ltr'>ὲν</span> <span class='ocrx_word' id='word_1_159' title='bbox 2781 966 2894 1038; x_wconf 82' lang='grc' dir='ltr'><strong>ναῷ</strong></span> <span class='ocrx_word' id='word_1_160' title='bbox 2930 965 3420 1038; x_wconf 78' lang='grc' dir='ltr'>κατοικισθήσεται.</span> <span class='ocrx_word' id='word_1_161' title='bbox 3463 966 3767 1037; x_wconf 78' lang='grc' dir='ltr'>Ἀχραντον</span> 
     </span>
    </p>
   </div>
   <div class='ocr_carea' id='block_1_25' title="bbox 2189 1057 3769 1132">
    <p class='ocr_par' dir='ltr' id='par_1_25' title="bbox 2189 1057 3769 1132">
     <span class='ocr_line' id='line_1_25' title="bbox 2189 1057 3769 1132; baseline -0.001 -20"><span class='ocrx_word' id='word_1_162' title='bbox 2189 1057 2301 1131; x_wconf 85' lang='grc' dir='ltr'><strong>γὰρ</strong></span> <span class='ocrx_word' id='word_1_163' title='bbox 2324 1059 2385 1113; x_wconf 80' lang='grc' dir='ltr'>τὸ</span> <span class='ocrx_word' id='word_1_164' title='bbox 2402 1059 2595 1125; x_wconf 81' lang='grc' dir='ltr'>κάλλος</span> <span class='ocrx_word' id='word_1_165' title='bbox 2646 1061 2801 1132; x_wconf 79' lang='grc' dir='ltr'>ἡμῶν</span> <span class='ocrx_word' id='word_1_166' title='bbox 2821 1060 3017 1131; x_wconf 78' lang='grc' dir='ltr'>ἄριστα</span> <span class='ocrx_word' id='word_1_167' title='bbox 3047 1060 3167 1114; x_wconf 88' lang='grc' dir='ltr'>τότε</span> <span class='ocrx_word' id='word_1_168' title='bbox 3192 1063 3434 1130; x_wconf 84' lang='grc' dir='ltr'><strong>τηρεῖται</strong></span> <span class='ocrx_word' id='word_1_169' title='bbox 3463 1059 3556 1112; x_wconf 78' lang='grc' dir='ltr'><strong>καὶ</strong></span> <span class='ocrx_word' id='word_1_170' title='bbox 3587 1059 3769 1128; x_wconf 73' lang='grc' dir='ltr'>ἀσφα-</span> 
     </span>
    </p>
   </div>
   <div class='ocr_carea' id='block_1_26' title="bbox 2185 1149 3769 1225">
    <p class='ocr_par' dir='ltr' id='par_1_26' title="bbox 2185 1149 3769 1225">
     <span class='ocr_line' id='line_1_26' title="bbox 2185 1149 3769 1225; baseline -0.001 -21"><span class='ocrx_word' id='word_1_171' title='bbox 2185 1149 2314 1216; x_wconf 66' lang='grc' dir='ltr'>λῶς,</span> <span class='ocrx_word' id='word_1_172' title='bbox 2337 1152 2538 1206; x_wconf 81' lang='grc' dir='ltr'>ὁπόταν</span> <span class='ocrx_word' id='word_1_173' title='bbox 2567 1151 2633 1224; x_wconf 80' lang='grc' dir='ltr'>δὴ</span> <span class='ocrx_word' id='word_1_174' title='bbox 2664 1151 2931 1225; x_wconf 80' lang='grc' dir='ltr'><strong>παρθενίᾳ</strong></span> <span class='ocrx_word' id='word_1_175' title='bbox 2980 1152 3331 1223; x_wconf 80' lang='grc' dir='ltr'><strong>σκεπόμενον,</strong></span> <span class='ocrx_word' id='word_1_176' title='bbox 3374 1150 3479 1204; x_wconf 81' lang='grc' dir='ltr'><strong>ὑπὸ</strong></span> <span class='ocrx_word' id='word_1_177' title='bbox 3501 1149 3594 1204; x_wconf 80' lang='grc' dir='ltr'>τοῦ</span> <span class='ocrx_word' id='word_1_178' title='bbox 3624 1150 3769 1204; x_wconf 86' lang='grc' dir='ltr'>καύ-</span> 
     </span>
    </p>
   </div>
   <div class='ocr_carea' id='block_1_27' title="bbox 2191 1236 3769 1316">
    <p class='ocr_par' dir='ltr' id='par_1_27' title="bbox 2191 1236 3769 1316">
     <span class='ocr_line' id='line_1_27' title="bbox 2191 1236 3769 1316; baseline -0.003 -18"><span class='ocrx_word' id='word_1_179' title='bbox 2191 1260 2360 1308; x_wconf 87' lang='grc' dir='ltr'>σωνος</span> <span class='ocrx_word' id='word_1_180' title='bbox 2389 1242 2588 1308; x_wconf 77' lang='grc' dir='ltr'>ἔξωθεν</span> <span class='ocrx_word' id='word_1_181' title='bbox 2618 1242 2693 1315; x_wconf 77' lang='grc' dir='ltr'><strong>μη</strong></span> <span class='ocrx_word' id='word_1_182' title='bbox 2739 1243 3057 1316; x_wconf 80' lang='grc' dir='ltr'>μελαίνηται</span> <span class='ocrx_word' id='word_1_183' title='bbox 3086 1243 3185 1315; x_wconf 80' lang='grc' dir='ltr'>τῆς</span> <span class='ocrx_word' id='word_1_184' title='bbox 3218 1241 3423 1314; x_wconf 80' lang='grc' dir='ltr'>φθορᾶς</span> <span class='ocrx_word' id='word_1_185' title='bbox 3442 1258 3456 1272; x_wconf 74' lang='grc'><strong>⁸</strong></span> <span class='ocrx_word' id='word_1_186' title='bbox 3486 1241 3601 1296; x_wconf 76' lang='grc' dir='ltr'>ἀλλ’</span> <span class='ocrx_word' id='word_1_187' title='bbox 3628 1236 3769 1295; x_wconf 71' lang='grc' dir='ltr'>αὑτὸ</span> 
     </span>
    </p>
   </div>
   <div class='ocr_carea' id='block_1_28' title="bbox 2190 1336 3771 1410">
    <p class='ocr_par' dir='ltr' id='par_1_28' title="bbox 2190 1336 3771 1410">
     <span class='ocr_line' id='line_1_28' title="bbox 2190 1336 3771 1410; baseline -0.001 -20"><span class='ocrx_word' id='word_1_188' title='bbox 2190 1337 2277 1408; x_wconf 74' lang='grc' dir='ltr'><strong>ἐφ’</strong></span> <span class='ocrx_word' id='word_1_189' title='bbox 2320 1337 2500 1410; x_wconf 78' lang='grc' dir='ltr'>ἑαυτῷ</span> <span class='ocrx_word' id='word_1_190' title='bbox 2559 1336 2717 1409; x_wconf 85' lang='grc' dir='ltr'>μένον</span> <span class='ocrx_word' id='word_1_191' title='bbox 2759 1336 3074 1410; x_wconf 82' lang='grc' dir='ltr'><strong>δικαιοσύνῃ</strong></span> <span class='ocrx_word' id='word_1_192' title='bbox 3124 1336 3416 1408; x_wconf 82' lang='grc' dir='ltr'>κοσμῆται,</span> <span class='ocrx_word' id='word_1_193' title='bbox 3462 1352 3771 1407; x_wconf 82' lang='grc' dir='ltr'>νυμφαγω-</span> 
     </span>
    </p>
   </div>
   <div class='ocr_carea' id='block_1_29' title="bbox 2186 1425 3767 1501">
    <p class='ocr_par' dir='ltr' id='par_1_29' title="bbox 2186 1425 3767 1501">
     <span class='ocr_line' id='line_1_29' title="bbox 2186 1425 3767 1501; baseline -0.002 -18"><span class='ocrx_word' id='word_1_194' title='bbox 2186 1427 2450 1501; x_wconf 82' lang='grc' dir='ltr'>γούμενον</span> <span class='ocrx_word' id='word_1_195' title='bbox 2474 1426 2553 1500; x_wconf 81' lang='grc' dir='ltr'><strong>τῷ</strong></span> <span class='ocrx_word' id='word_1_196' title='bbox 2586 1428 2701 1500; x_wconf 85' lang='grc' dir='ltr'><strong>Υίῷ</strong></span> <span class='ocrx_word' id='word_1_197' title='bbox 2749 1425 2845 1481; x_wconf 78' lang='grc' dir='ltr'>τοῦ</span> <span class='ocrx_word' id='word_1_198' title='bbox 2882 1426 3015 1481; x_wconf 81' lang='grc' dir='ltr'>Θεοῦ</span> <span class='ocrx_word' id='word_1_199' title='bbox 3040 1444 3053 1460; x_wconf 88' lang='grc'><strong>·</strong></span> <span class='ocrx_word' id='word_1_200' title='bbox 3078 1427 3138 1482; x_wconf 86' lang='grc' dir='ltr'><strong>δν</strong></span> <span class='ocrx_word' id='word_1_201' title='bbox 3172 1428 3371 1498; x_wconf 83' lang='grc' dir='ltr'>τρόπον</span> <span class='ocrx_word' id='word_1_202' title='bbox 3389 1426 3452 1499; x_wconf 82' lang='grc' dir='ltr'>δὴ</span> <span class='ocrx_word' id='word_1_203' title='bbox 3475 1427 3566 1481; x_wconf 82' lang='grc' dir='ltr'><strong>καὶ</strong></span> <span class='ocrx_word' id='word_1_204' title='bbox 3599 1425 3767 1490; x_wconf 72' lang='grc' dir='ltr'>αὐτὸς</span> 
     </span>
    </p>
   </div>
   <div class='ocr_carea' id='block_1_30' title="bbox 2186 1519 3765 1596">
    <p class='ocr_par' dir='ltr' id='par_1_30' title="bbox 2186 1519 3765 1596">
     <span class='ocr_line' id='line_1_30' title="bbox 2186 1519 3765 1596; baseline -0.003 -18"><span class='ocrx_word' id='word_1_205' title='bbox 2186 1524 2508 1595; x_wconf 67' lang='grc' dir='ltr'><strong>εἰσηγεῖται,</strong></span> <span class='ocrx_word' id='word_1_206' title='bbox 2558 1522 2754 1596; x_wconf 81' lang='grc' dir='ltr'>χρῆναι</span> <span class='ocrx_word' id='word_1_207' title='bbox 2812 1520 3112 1595; x_wconf 83' lang='grc' dir='ltr'>παραινῶν,</span> <span class='ocrx_word' id='word_1_208' title='bbox 3159 1520 3347 1592; x_wconf 85' lang='grc' dir='ltr'>ὥσπερ</span> <span class='ocrx_word' id='word_1_209' title='bbox 3386 1522 3444 1574; x_wconf 75' lang='grc' dir='ltr'>ἐν</span> <span class='ocrx_word' id='word_1_210' title='bbox 3485 1519 3765 1591; x_wconf 77' lang='grc' dir='ltr'>λαμπάσι,</span> 
     </span>
    </p>
   </div>
   <div class='ocr_carea' id='block_1_31' title="bbox 2184 1605 3764 1683">
    <p class='ocr_par' dir='ltr' id='par_1_31' title="bbox 2184 1605 3764 1683">
     <span class='ocr_line' id='line_1_31' title="bbox 2184 1605 3764 1683; baseline -0.004 -17"><span class='ocrx_word' id='word_1_211' title='bbox 2184 1615 2306 1676; x_wconf 86' lang='grc' dir='ltr'>ταῖς</span> <span class='ocrx_word' id='word_1_212' title='bbox 2362 1612 2649 1683; x_wconf 76' lang='grc' dir='ltr'>σφετέραις</span> <span class='ocrx_word' id='word_1_213' title='bbox 2709 1608 2901 1683; x_wconf 68' lang='grc' dir='ltr'>σαρξὶ,</span> <span class='ocrx_word' id='word_1_214' title='bbox 2954 1609 3017 1664; x_wconf 84' lang='grc' dir='ltr'><strong>τδ</strong></span> <span class='ocrx_word' id='word_1_215' title='bbox 3078 1609 3194 1679; x_wconf 82' lang='grc' dir='ltr'><strong>φῶς</strong></span> <span class='ocrx_word' id='word_1_216' title='bbox 3259 1605 3615 1664; x_wconf 79' lang='grc' dir='ltr'>ἁνακαῖεσθαι</span> <span class='ocrx_word' id='word_1_217' title='bbox 3658 1605 3764 1676; x_wconf 77' lang='grc' dir='ltr'>τῆς</span> 
     </span>
    </p>
   </div>
   <div class='ocr_carea' id='block_1_32' title="bbox 2185 1696 3763 1776">
    <p class='ocr_par' dir='ltr' id='par_1_32' title="bbox 2185 1696 3763 1776">
     <span class='ocr_line' id='line_1_32' title="bbox 2185 1696 3763 1776; baseline -0.008 -16"><span class='ocrx_word' id='word_1_218' title='bbox 2185 1703 2429 1775; x_wconf 76' lang='grc' dir='ltr'>ἁγνείας.</span> <span class='ocrx_word' id='word_1_219' title='bbox 2488 1703 2816 1776; x_wconf 84' lang='grc' dir='ltr'>Ἐπειδήπερ</span> <span class='ocrx_word' id='word_1_220' title='bbox 2847 1703 2877 1753; x_wconf 84' lang='grc' dir='ltr'>ὁ</span> <span class='ocrx_word' id='word_1_221' title='bbox 2911 1699 3020 1755; x_wconf 83' lang='grc' dir='ltr'><strong>τῶν</strong></span> <span class='ocrx_word' id='word_1_222' title='bbox 3045 1700 3178 1754; x_wconf 82' lang='grc' dir='ltr'>δέκα</span> <span class='ocrx_word' id='word_1_223' title='bbox 3210 1698 3496 1771; x_wconf 81' lang='grc' dir='ltr'>παρθένων</span> <span class='ocrx_word' id='word_1_224' title='bbox 3527 1696 3763 1769; x_wconf 68' lang='grc' dir='ltr'>ἀριθμὸς</span> 
     </span>
    </p>
   </div>
   <div class='ocr_carea' id='block_1_33' title="bbox 2184 1785 3764 1866">
    <p class='ocr_par' dir='ltr' id='par_1_33' title="bbox 2184 1785 3764 1866">
     <span class='ocr_line' id='line_1_33' title="bbox 2184 1785 3764 1866; baseline -0.006 -17"><span class='ocrx_word' id='word_1_225' title='bbox 2184 1795 2284 1858; x_wconf 84' lang='grc' dir='ltr'>τὰς</span> <span class='ocrx_word' id='word_1_226' title='bbox 2310 1795 2391 1859; x_wconf 88' lang='grc' dir='ltr'><strong>είς</strong></span> <span class='ocrx_word' id='word_1_227' title='bbox 2431 1792 2666 1866; x_wconf 82' lang='grc' dir='ltr'>Χριστὸν</span> <span class='ocrx_word' id='word_1_228' title='bbox 2711 1789 2914 1862; x_wconf 81' lang='grc' dir='ltr'>Ἰησοῦν</span> <span class='ocrx_word' id='word_1_229' title='bbox 2954 1788 3381 1854; x_wconf 70' lang='grc' dir='ltr'>πεπιστεμκυίας</span> <span class='ocrx_word' id='word_1_230' title='bbox 3413 1785 3764 1860; x_wconf 82' lang='grc' dir='ltr'>ἀριθμεῖσθαι</span> 
     </span>
    </p>
   </div>
   <div class='ocr_carea' id='block_1_34' title="bbox 521 1878 2077 1959">
    <p class='ocr_par' dir='ltr' id='par_1_34' title="bbox 521 1885 2077 1959">
     <span class='ocr_line' id='line_1_34' title="bbox 521 1885 2077 1959; baseline 0.003 -20"><span class='ocrx_word' id='word_1_231' title='bbox 521 1885 697 1939; x_wconf 86' lang='lat' dir='ltr'><strong>solum</strong></span> <span class='ocrx_word' id='word_1_232' title='bbox 719 1893 821 1949; x_wconf 86' lang='lat' dir='ltr'><strong>est,</strong></span> <span class='ocrx_word' id='word_1_233' title='bbox 838 1894 1253 1957; x_wconf 76' lang='lat' dir='ltr'><strong>repraesentans.</strong></span> <span class='ocrx_word' id='word_1_234' title='bbox 1279 1886 1481 1943; x_wconf 82' lang='lat' dir='ltr'><strong>Verum</strong></span> <span class='ocrx_word' id='word_1_235' title='bbox 1499 1903 1685 1943; x_wconf 91' lang='lat' dir='ltr'><strong>earum</strong></span> <span class='ocrx_word' id='word_1_236' title='bbox 1702 1888 1941 1959; x_wconf 88' lang='lat' dir='ltr'><strong>quinque</strong></span> <span class='ocrx_word' id='word_1_237' title='bbox 1957 1905 2077 1959; x_wconf 91' lang='lat' dir='ltr'><strong>pru-</strong></span> 
     </span>
    </p>
   </div>
   <div class='ocr_carea' id='block_1_35' title="bbox 2179 1878 3763 1959">
    <p class='ocr_par' dir='ltr' id='par_1_35' title="bbox 2190 1878 3763 1959">
     <span class='ocr_line' id='line_1_35' title="bbox 2190 1878 3763 1959; baseline -0.007 -18"><span class='ocrx_word' id='word_1_238' title='bbox 2190 1886 2436 1959; x_wconf 84' lang='grc' dir='ltr'>βούλεται</span> <span class='ocrx_word' id='word_1_239' title='bbox 2479 1884 2687 1957; x_wconf 82' lang='grc' dir='ltr'>ψυχάς·</span> <span class='ocrx_word' id='word_1_240' title='bbox 2722 1883 2802 1956; x_wconf 79' lang='grc' dir='ltr'>τῷ</span> <span class='ocrx_word' id='word_1_241' title='bbox 2847 1883 2978 1937; x_wconf 85' lang='grc' dir='ltr'>δέκα</span> <span class='ocrx_word' id='word_1_242' title='bbox 3012 1883 3113 1955; x_wconf 77' lang='grc' dir='ltr'>τὴν</span> <span class='ocrx_word' id='word_1_243' title='bbox 3151 1879 3557 1936; x_wconf 81' lang='grc' dir='ltr'>ἀπευθύνουσαν</span> <span class='ocrx_word' id='word_1_244' title='bbox 3589 1878 3763 1950; x_wconf 84' lang='grc' dir='ltr'>μόνην</span> 
     </span>
    </p>
   </div>
   <div class='ocr_carea' id='block_1_36' title="bbox 518 1977 2084 2051">
    <p class='ocr_par' dir='ltr' id='par_1_36' title="bbox 518 1977 2084 2051">
     <span class='ocr_line' id='line_1_36' title="bbox 518 1977 2084 2051; baseline 0.004 -20"><span class='ocrx_word' id='word_1_245' title='bbox 518 1977 712 2034; x_wconf 85' lang='lat' dir='ltr'><strong>dentes</strong></span> <span class='ocrx_word' id='word_1_246' title='bbox 740 1978 928 2049; x_wconf 90' lang='lat' dir='ltr'><strong>utique</strong></span> <span class='ocrx_word' id='word_1_247' title='bbox 955 1986 1009 2034; x_wconf 92' lang='lat' dir='ltr'><strong>et</strong></span> <span class='ocrx_word' id='word_1_248' title='bbox 1037 1980 1313 2050; x_wconf 89' lang='lat' dir='ltr'><strong>sapientes</strong></span> <span class='ocrx_word' id='word_1_249' title='bbox 1359 1989 1547 2048; x_wconf 88' lang='lat' dir='ltr'><strong>erant;</strong></span> <span class='ocrx_word' id='word_1_250' title='bbox 1603 1981 1845 2051; x_wconf 88' lang='lat' dir='ltr'><strong>quinque</strong></span> <span class='ocrx_word' id='word_1_251' title='bbox 1901 1989 2084 2037; x_wconf 87' lang='lat' dir='ltr'><strong>autem</strong></span> 
     </span>
    </p>
   </div>
   <div class='ocr_carea' id='block_1_37' title="bbox 517 2065 2059 2143">
    <p class='ocr_par' dir='ltr' id='par_1_37' title="bbox 517 2065 2059 2143">
     <span class='ocr_line' id='line_1_37' title="bbox 517 2065 2059 2143; baseline 0.005 -23"><span class='ocrx_word' id='word_1_252' title='bbox 517 2065 682 2123; x_wconf 67' lang='lat' dir='ltr'><strong>fatuae</strong></span> <span class='ocrx_word' id='word_1_253' title='bbox 708 2077 763 2124; x_wconf 93' lang='lat' dir='ltr'><strong>et</strong></span> <span class='ocrx_word' id='word_1_254' title='bbox 794 2069 1144 2141; x_wconf 82' lang='lat' dir='ltr'><strong>insipientes:</strong></span> <span class='ocrx_word' id='word_1_255' title='bbox 1184 2086 1295 2127; x_wconf 81' lang='lat' dir='ltr'><strong>non</strong></span> <span class='ocrx_word' id='word_1_256' title='bbox 1327 2072 1471 2128; x_wconf 89' lang='lat' dir='ltr'><strong>enim</strong></span> <span class='ocrx_word' id='word_1_257' title='bbox 1502 2071 1841 2143; x_wconf 81' lang='lat' dir='ltr'><strong>diligentiam</strong></span> <span class='ocrx_word' id='word_1_258' title='bbox 1865 2087 2059 2127; x_wconf 87' lang='lat' dir='ltr'><strong>curam</strong></span> 
     </span>
    </p>
   </div>
   <div class='ocr_carea' id='block_1_38' title="bbox 517 2161 2077 2236">
    <p class='ocr_par' dir='ltr' id='par_1_38' title="bbox 517 2161 2077 2236">
     <span class='ocr_line' id='line_1_38' title="bbox 517 2161 2077 2236; baseline 0.003 -22"><span class='ocrx_word' id='word_1_259' title='bbox 517 2177 625 2230; x_wconf 87' lang='lat' dir='ltr'><strong>que</strong></span> <span class='ocrx_word' id='word_1_260' title='bbox 656 2161 980 2230; x_wconf 81' lang='lat' dir='ltr'><strong>habuerunt,</strong></span> <span class='ocrx_word' id='word_1_261' title='bbox 1016 2172 1075 2218; x_wconf 91' lang='lat' dir='ltr'><strong>ut</strong></span> <span class='ocrx_word' id='word_1_262' title='bbox 1107 2179 1235 2220; x_wconf 88' lang='lat' dir='ltr'><strong>vasa</strong></span> <span class='ocrx_word' id='word_1_263' title='bbox 1265 2178 1364 2220; x_wconf 89' lang='lat' dir='ltr'><strong>sua</strong></span> <span class='ocrx_word' id='word_1_264' title='bbox 1387 2164 1506 2219; x_wconf 90' lang='lat' dir='ltr'><strong>oleo</strong></span> <span class='ocrx_word' id='word_1_265' title='bbox 1527 2165 1687 2236; x_wconf 87' lang='lat' dir='ltr'><strong>plena</strong></span> <span class='ocrx_word' id='word_1_266' title='bbox 1721 2164 2077 2231; x_wconf 88' lang='lat' dir='ltr'><strong>instruerent,</strong></span> 
     </span>
    </p>
   </div>
   <div class='ocr_carea' id='block_1_39' title="bbox 511 2253 2078 2322">
    <p class='ocr_par' dir='ltr' id='par_1_39' title="bbox 511 2253 2078 2322">
     <span class='ocr_line' id='line_1_39' title="bbox 511 2253 2078 2322; baseline 0.004 -15"><span class='ocrx_word' id='word_1_267' title='bbox 511 2253 722 2322; x_wconf 81' lang='lat' dir='ltr'><strong>justitia</strong></span> <span class='ocrx_word' id='word_1_268' title='bbox 751 2271 936 2311; x_wconf 74' lang='lat' dir='ltr'><strong>vacua:</strong></span> <span class='ocrx_word' id='word_1_269' title='bbox 954 2264 1318 2314; x_wconf 87' lang='lat' dir='ltr'><strong>remanentes.</strong></span> <span class='ocrx_word' id='word_1_270' title='bbox 1352 2255 1457 2312; x_wconf 87' lang='lat' dir='ltr'><strong>Per</strong></span> <span class='ocrx_word' id='word_1_271' title='bbox 1482 2257 1582 2314; x_wconf 89' lang='lat' dir='ltr'><strong>has</strong></span> <span class='ocrx_word' id='word_1_272' title='bbox 1610 2258 1757 2314; x_wconf 89' lang='lat' dir='ltr'><strong>enim</strong></span> <span class='ocrx_word' id='word_1_273' title='bbox 1791 2258 1912 2313; x_wconf 91' lang='lat' dir='ltr'><strong>illas</strong></span> <span class='ocrx_word' id='word_1_274' title='bbox 1928 2257 2078 2313; x_wconf 90' lang='lat' dir='ltr'><strong>desi-</strong></span> 
     </span>
    </p>
   </div>
   <div class='ocr_carea' id='block_1_40' title="bbox 515 2348 2076 2420">
    <p class='ocr_par' dir='ltr' id='par_1_40' title="bbox 515 2348 2076 2420">
     <span class='ocr_line' id='line_1_40' title="bbox 515 2348 2076 2420; baseline 0.003 -20"><span class='ocrx_word' id='word_1_275' title='bbox 515 2356 645 2416; x_wconf 83' lang='lat' dir='ltr'><strong>gnat</strong></span> <span class='ocrx_word' id='word_1_276' title='bbox 672 2363 793 2417; x_wconf 71' lang='lat' dir='ltr'><strong>quae</strong></span> <span class='ocrx_word' id='word_1_277' title='bbox 827 2348 895 2403; x_wconf 88' lang='lat' dir='ltr'><strong>ad</strong></span> <span class='ocrx_word' id='word_1_278' title='bbox 926 2348 1258 2420; x_wconf 77' lang='lat' dir='ltr'><strong>virginitatis</strong></span> <span class='ocrx_word' id='word_1_279' title='bbox 1285 2348 1423 2404; x_wconf 80' lang='lat' dir='ltr'><strong>lines</strong></span> <span class='ocrx_word' id='word_1_280' title='bbox 1449 2349 1683 2405; x_wconf 82' lang='lat' dir='ltr'><strong>evadere</strong></span> <span class='ocrx_word' id='word_1_281' title='bbox 1712 2349 2076 2413; x_wconf 87' lang='lat' dir='ltr'><strong>contendunt,</strong></span> 
     </span>
    </p>
   </div>
   <div class='ocr_carea' id='block_1_41' title="bbox 514 2440 2081 2512">
    <p class='ocr_par' dir='ltr' id='par_1_41' title="bbox 514 2440 2081 2512">
     <span class='ocr_line' id='line_1_41' title="bbox 514 2440 2081 2512; baseline 0 -15"><span class='ocrx_word' id='word_1_282' title='bbox 514 2448 822 2510; x_wconf 77' lang='lat' dir='ltr'><strong>Cunctaque</strong></span> <span class='ocrx_word' id='word_1_283' title='bbox 845 2440 1070 2497; x_wconf 87' lang='lat' dir='ltr'><strong>honeste</strong></span> <span class='ocrx_word' id='word_1_284' title='bbox 1091 2451 1253 2512; x_wconf 89' lang='lat' dir='ltr'><strong>atque</strong></span> <span class='ocrx_word' id='word_1_285' title='bbox 1279 2441 1461 2497; x_wconf 85' lang='lat' dir='ltr'><strong>sobrie</strong></span> <span class='ocrx_word' id='word_1_286' title='bbox 1478 2449 1758 2512; x_wconf 67' lang='lat' dir='ltr'><strong>praestant,</strong></span> <span class='ocrx_word' id='word_1_287' title='bbox 1781 2458 1846 2499; x_wconf 89' lang='lat' dir='ltr'><strong>eo</strong></span> <span class='ocrx_word' id='word_1_288' title='bbox 1867 2442 2081 2497; x_wconf 70' lang='lat' dir='ltr'><strong>condu~</strong></span> 
     </span>
    </p>
   </div>
   <div class='ocr_carea' id='block_1_42' title="bbox 514 2533 2083 2606">
    <p class='ocr_par' dir='ltr' id='par_1_42' title="bbox 514 2533 2083 2606">
     <span class='ocr_line' id='line_1_42' title="bbox 514 2533 2083 2606; baseline 0.003 -19"><span class='ocrx_word' id='word_1_289' title='bbox 514 2534 692 2588; x_wconf 82' lang='lat' dir='ltr'><strong>ccntia</strong></span> <span class='ocrx_word' id='word_1_290' title='bbox 721 2542 780 2587; x_wconf 93' lang='lat' dir='ltr'><strong>ut</strong></span> <span class='ocrx_word' id='word_1_291' title='bbox 808 2548 1047 2590; x_wconf 89' lang='lat' dir='ltr'><strong>amorem</strong></span> <span class='ocrx_word' id='word_1_292' title='bbox 1085 2533 1233 2589; x_wconf 83' lang='lat' dir='ltr'><strong>hunc</strong></span> <span class='ocrx_word' id='word_1_293' title='bbox 1278 2534 1533 2605; x_wconf 81' lang='lat' dir='ltr'><strong>expleant</strong></span> <span class='ocrx_word' id='word_1_294' title='bbox 1566 2554 1581 2589; x_wconf 90' lang='lat'><strong>:</strong></span> <span class='ocrx_word' id='word_1_295' title='bbox 1610 2551 1841 2606; x_wconf 67' lang='lat' dir='ltr'><strong>quaeque</strong></span> <span class='ocrx_word' id='word_1_296' title='bbox 1867 2535 1973 2591; x_wconf 83' lang='lat' dir='ltr'><strong>hoc</strong></span> <span class='ocrx_word' id='word_1_297' title='bbox 2017 2551 2083 2593; x_wconf 89' lang='lat' dir='ltr'><strong>se</strong></span> 
     </span>
    </p>
   </div>
   <div class='ocr_carea' id='block_1_43' title="bbox 514 2625 2077 2698">
    <p class='ocr_par' dir='ltr' id='par_1_43' title="bbox 514 2625 2077 2698">
     <span class='ocr_line' id='line_1_43' title="bbox 514 2625 2077 2698; baseline 0.003 -19"><span class='ocrx_word' id='word_1_298' title='bbox 514 2632 762 2695; x_wconf 82' lang='lat' dir='ltr'><strong>spectare</strong></span> <span class='ocrx_word' id='word_1_299' title='bbox 790 2625 1166 2696; x_wconf 84' lang='lat' dir='ltr'><strong>proﬁteantur,</strong></span> <span class='ocrx_word' id='word_1_300' title='bbox 1205 2632 1366 2696; x_wconf 90' lang='lat' dir='ltr'><strong>atque</strong></span> <span class='ocrx_word' id='word_1_301' title='bbox 1383 2636 1442 2681; x_wconf 86' lang='lat' dir='ltr'><strong>ut</strong></span> <span class='ocrx_word' id='word_1_302' title='bbox 1469 2627 1596 2682; x_wconf 83' lang='lat' dir='ltr'><strong>hinc</strong></span> <span class='ocrx_word' id='word_1_303' title='bbox 1624 2628 1944 2698; x_wconf 75' lang='lat' dir='ltr'><strong>glorientur,</strong></span> <span class='ocrx_word' id='word_1_304' title='bbox 1978 2642 2077 2683; x_wconf 90' lang='lat' dir='ltr'><strong>ne-</strong></span> 
     </span>
    </p>
   </div>
   <div class='ocr_carea' id='block_1_44' title="bbox 514 2717 2078 2789">
    <p class='ocr_par' dir='ltr' id='par_1_44' title="bbox 514 2717 2078 2789">
     <span class='ocr_line' id='line_1_44' title="bbox 514 2717 2078 2789; baseline 0.003 -19"><span class='ocrx_word' id='word_1_305' title='bbox 514 2717 805 2789; x_wconf 84' lang='lat' dir='ltr'><strong>gligentius</strong></span> <span class='ocrx_word' id='word_1_306' title='bbox 832 2726 1011 2773; x_wconf 78' lang='lat' dir='ltr'><strong>tamen</strong></span> <span class='ocrx_word' id='word_1_307' title='bbox 1044 2724 1226 2789; x_wconf 86' lang='lat' dir='ltr'><strong>agant,</strong></span> <span class='ocrx_word' id='word_1_308' title='bbox 1277 2725 1333 2774; x_wconf 90' lang='lat' dir='ltr'><strong>et</strong></span> <span class='ocrx_word' id='word_1_309' title='bbox 1376 2718 1568 2773; x_wconf 89' lang='lat' dir='ltr'><strong>mundi</strong></span> <span class='ocrx_word' id='word_1_310' title='bbox 1603 2719 2078 2776; x_wconf 79' lang='lat' dir='ltr'><strong>vicissitudinibus</strong></span> 
     </span>
    </p>
   </div>
   <div class='ocr_carea' id='block_1_45' title="bbox 516 2808 2079 2882">
    <p class='ocr_par' dir='ltr' id='par_1_45' title="bbox 516 2808 2079 2882">
     <span class='ocr_line' id='line_1_45' title="bbox 516 2808 2079 2882; baseline 0.004 -21"><span class='ocrx_word' id='word_1_311' title='bbox 516 2811 805 2865; x_wconf 79' lang='lat' dir='ltr'><strong>vincantur</strong></span> <span class='ocrx_word' id='word_1_312' title='bbox 837 2830 849 2865; x_wconf 87' lang='lat'><strong>:</strong></span> <span class='ocrx_word' id='word_1_313' title='bbox 879 2825 1007 2880; x_wconf 50' lang='lat' dir='ltr'><strong>qua!</strong></span> <span class='ocrx_word' id='word_1_314' title='bbox 1025 2808 1258 2880; x_wconf 91' lang='lat' dir='ltr'><strong>denique</strong></span> <span class='ocrx_word' id='word_1_315' title='bbox 1275 2810 1423 2867; x_wconf 89' lang='lat' dir='ltr'><strong>velut</strong></span> <span class='ocrx_word' id='word_1_316' title='bbox 1452 2813 1639 2882; x_wconf 88' lang='lat' dir='ltr'><strong>potius</strong></span> <span class='ocrx_word' id='word_1_317' title='bbox 1676 2811 1836 2867; x_wconf 91' lang='lat' dir='ltr'><strong>inane</strong></span> <span class='ocrx_word' id='word_1_318' title='bbox 1861 2812 2079 2867; x_wconf 87' lang='lat' dir='ltr'><strong>virtutis</strong></span> 
     </span>
    </p>
   </div>
   <div class='ocr_carea' id='block_1_46' title="bbox 512 2900 2077 2981">
    <p class='ocr_par' dir='ltr' id='par_1_46' title="bbox 512 2900 2077 2981">
     <span class='ocr_line' id='line_1_46' title="bbox 512 2900 2077 2981; baseline 0.002 -23"><span class='ocrx_word' id='word_1_319' title='bbox 512 2900 868 2981; x_wconf 73' lang='lat' dir='ltr'><strong>simulacrum</strong></span> <span class='ocrx_word' id='word_1_320' title='bbox 897 2903 1017 2958; x_wconf 91' lang='lat' dir='ltr'><strong>rudi</strong></span> <span class='ocrx_word' id='word_1_321' title='bbox 1050 2904 1364 2960; x_wconf 88' lang='lat' dir='ltr'><strong>umbrarum</strong></span> <span class='ocrx_word' id='word_1_322' title='bbox 1404 2904 1574 2960; x_wconf 92' lang='lat' dir='ltr'><strong>ductu</strong></span> <span class='ocrx_word' id='word_1_323' title='bbox 1609 2903 1885 2959; x_wconf 90' lang='lat' dir='ltr'><strong>delineant</strong></span> <span class='ocrx_word' id='word_1_324' title='bbox 1912 2919 2077 2974; x_wconf 87' lang='lat' dir='ltr'><strong>quam</strong></span> 
     </span>
    </p>
   </div>
   <div class='ocr_carea' id='block_1_47' title="bbox 511 2995 1920 3065">
    <p class='ocr_par' dir='ltr' id='par_1_47' title="bbox 511 2995 1920 3065">
     <span class='ocr_line' id='line_1_47' title="bbox 511 2995 1920 3065; baseline 0.002 -18"><span class='ocrx_word' id='word_1_325' title='bbox 511 2995 688 3063; x_wconf 80' lang='lat' dir='ltr'><strong>ipsam</strong></span> <span class='ocrx_word' id='word_1_326' title='bbox 712 2995 890 3049; x_wconf 80' lang='lat' dir='ltr'><strong>vivam</strong></span> <span class='ocrx_word' id='word_1_327' title='bbox 924 3009 988 3049; x_wconf 89' lang='lat' dir='ltr'><strong>ac</strong></span> <span class='ocrx_word' id='word_1_328' title='bbox 1025 2995 1320 3065; x_wconf 85' lang='lat' dir='ltr'><strong>spirantem</strong></span> <span class='ocrx_word' id='word_1_329' title='bbox 1350 2995 1644 3052; x_wconf 85' lang='lat' dir='ltr'><strong>veritatem</strong></span> <span class='ocrx_word' id='word_1_330' title='bbox 1666 2995 1920 3052; x_wconf 79' lang='lat' dir='ltr'><strong>emciant.</strong></span> 
     </span>
    </p>
   </div>
   <div class='ocr_carea' id='block_1_48' title="bbox 2182 1971 3763 2052">
    <p class='ocr_par' dir='ltr' id='par_1_48' title="bbox 2182 1971 3763 2052">
     <span class='ocr_line' id='line_1_48' title="bbox 2182 1971 3763 2052; baseline -0.007 -17"><span class='ocrx_word' id='word_1_331' title='bbox 2182 1979 2305 2034; x_wconf 80' lang='grc' dir='ltr'>ὁδὸν</span> <span class='ocrx_word' id='word_1_332' title='bbox 2327 1981 2407 2043; x_wconf 84' lang='grc' dir='ltr'><strong>είς</strong></span> <span class='ocrx_word' id='word_1_333' title='bbox 2431 1980 2556 2043; x_wconf 82' lang='grc' dir='ltr'>τοὺς</span> <span class='ocrx_word' id='word_1_334' title='bbox 2581 1980 2640 2032; x_wconf 87' lang='grc' dir='ltr'><strong>ού</strong></span> <span class='ocrx_word' id='word_1_335' title='bbox 2651 1979 2845 2052; x_wconf 80' lang='grc' dir='ltr'>ρανοὺς</span> <span class='ocrx_word' id='word_1_336' title='bbox 2889 1975 3353 2046; x_wconf 78' lang='grc' dir='ltr'>ἀποτυπούμενος.</span> <span class='ocrx_word' id='word_1_337' title='bbox 3402 1972 3542 2026; x_wconf 77' lang='grc' dir='ltr'>Ἀλλ’</span> <span class='ocrx_word' id='word_1_338' title='bbox 3569 1973 3625 2027; x_wconf 82' lang='grc' dir='ltr'><strong>αἱ</strong></span> <span class='ocrx_word' id='word_1_339' title='bbox 3655 1971 3763 2043; x_wconf 83' lang='grc' dir='ltr'>μὲν</span> 
     </span>
    </p>
   </div>
   <div class='ocr_carea' id='block_1_49' title="bbox 2185 2061 3769 2140">
    <p class='ocr_par' dir='ltr' id='par_1_49' title="bbox 2185 2061 3769 2140">
     <span class='ocr_line' id='line_1_49' title="bbox 2185 2061 3769 2140; baseline -0.006 -17"><span class='ocrx_word' id='word_1_340' title='bbox 2185 2069 2348 2123; x_wconf 85' lang='grc' dir='ltr'>πέντε</span> <span class='ocrx_word' id='word_1_341' title='bbox 2408 2068 2676 2140; x_wconf 74' lang='grc' dir='ltr'>ἔμφρονες</span> <span class='ocrx_word' id='word_1_342' title='bbox 2716 2067 3014 2137; x_wconf 76' lang='grc' dir='ltr'>ἐτύγχανον</span> <span class='ocrx_word' id='word_1_343' title='bbox 3059 2065 3172 2137; x_wconf 82' lang='grc' dir='ltr'>ἄρα</span> <span class='ocrx_word' id='word_1_344' title='bbox 3214 2065 3311 2119; x_wconf 71' lang='grc' dir='ltr'><strong>καὶ</strong></span> <span class='ocrx_word' id='word_1_345' title='bbox 3373 2062 3561 2133; x_wconf 77' lang='grc' dir='ltr'>σοφαί·</span> <span class='ocrx_word' id='word_1_346' title='bbox 3605 2064 3660 2116; x_wconf 81' lang='grc' dir='ltr'>αι</span> <span class='ocrx_word' id='word_1_347' title='bbox 3700 2061 3769 2116; x_wconf 75' lang='grc' dir='ltr'>δὲ</span> 
     </span>
    </p>
   </div>
   <div class='ocr_carea' id='block_1_50' title="bbox 2189 2155 3769 2232">
    <p class='ocr_par' dir='ltr' id='par_1_50' title="bbox 2189 2155 3769 2232">
     <span class='ocr_line' id='line_1_50' title="bbox 2189 2155 3769 2232; baseline -0.003 -18"><span class='ocrx_word' id='word_1_348' title='bbox 2189 2162 2352 2215; x_wconf 83' lang='grc' dir='ltr'>πέντε</span> <span class='ocrx_word' id='word_1_349' title='bbox 2382 2161 2566 2232; x_wconf 73' lang='grc' dir='ltr'>μωραὶ</span> <span class='ocrx_word' id='word_1_350' title='bbox 2608 2160 2704 2214; x_wconf 71' lang='grc' dir='ltr'><strong>καὶ</strong></span> <span class='ocrx_word' id='word_1_351' title='bbox 2749 2158 2942 2229; x_wconf 80' lang='grc' dir='ltr'>ἄσοφοί</span> <span class='ocrx_word' id='word_1_352' title='bbox 2963 2174 3139 2223; x_wconf 85' lang='grc' dir='ltr'>τινες·</span> <span class='ocrx_word' id='word_1_353' title='bbox 3189 2158 3249 2211; x_wconf 82' lang='grc' dir='ltr'>οὐ</span> <span class='ocrx_word' id='word_1_354' title='bbox 3278 2157 3387 2230; x_wconf 80' lang='grc' dir='ltr'><strong>γὰρ</strong></span> <span class='ocrx_word' id='word_1_355' title='bbox 3416 2155 3769 2230; x_wconf 75' lang='grc' dir='ltr'>ἐπρομηθεύ-</span> 
     </span>
    </p>
   </div>
   <div class='ocr_carea' id='block_1_51' title="bbox 2183 2250 3759 2323">
    <p class='ocr_par' dir='ltr' id='par_1_51' title="bbox 2183 2250 3759 2323">
     <span class='ocr_line' id='line_1_51' title="bbox 2183 2250 3759 2323; baseline -0.004 -14"><span class='ocrx_word' id='word_1_356' title='bbox 2183 2271 2344 2309; x_wconf 77' lang='grc' dir='ltr'>σαντο</span> <span class='ocrx_word' id='word_1_357' title='bbox 2364 2253 2545 2307; x_wconf 78' lang='grc' dir='ltr'>ἐλαίου</span> <span class='ocrx_word' id='word_1_358' title='bbox 2582 2252 2731 2323; x_wconf 85' lang='grc' dir='ltr'>σφῶν</span> <span class='ocrx_word' id='word_1_359' title='bbox 2755 2253 2826 2309; x_wconf 78' lang='grc' dir='ltr'>τὰ</span> <span class='ocrx_word' id='word_1_360' title='bbox 2864 2253 3060 2323; x_wconf 80' lang='grc' dir='ltr'>ἀγγεῖα</span> <span class='ocrx_word' id='word_1_361' title='bbox 3095 2250 3276 2323; x_wconf 84' lang='grc' dir='ltr'>πλήρη</span> <span class='ocrx_word' id='word_1_362' title='bbox 3316 2250 3759 2320; x_wconf 82' lang='grc' dir='ltr'>παρασκευάσαι,</span> 
     </span>
    </p>
   </div>
   <div class='ocr_carea' id='block_1_52' title="bbox 2180 2340 3765 2418">
    <p class='ocr_par' dir='ltr' id='par_1_52' title="bbox 2180 2340 3765 2418">
     <span class='ocr_line' id='line_1_52' title="bbox 2180 2340 3765 2418; baseline -0.003 -17"><span class='ocrx_word' id='word_1_363' title='bbox 2180 2345 2528 2418; x_wconf 82' lang='grc' dir='ltr'>δικαιοσύνης</span> <span class='ocrx_word' id='word_1_364' title='bbox 2567 2345 2927 2417; x_wconf 80' lang='grc' dir='ltr'>ἀπομείνασαι</span> <span class='ocrx_word' id='word_1_365' title='bbox 2970 2342 3146 2399; x_wconf 72' lang='grc' dir='ltr'>κεναί.</span> <span class='ocrx_word' id='word_1_366' title='bbox 3189 2343 3494 2397; x_wconf 79' lang='grc' dir='ltr'>Αίνίσσεται</span> <span class='ocrx_word' id='word_1_367' title='bbox 3530 2340 3639 2415; x_wconf 83' lang='grc' dir='ltr'><strong>γὰρ</strong></span> <span class='ocrx_word' id='word_1_368' title='bbox 3668 2341 3765 2397; x_wconf 65' lang='grc' dir='ltr'>διὰ</span> 
     </span>
    </p>
   </div>
   <div class='ocr_carea' id='block_1_53' title="bbox 2179 2436 3761 2512">
    <p class='ocr_par' dir='ltr' id='par_1_53' title="bbox 2179 2436 3761 2512">
     <span class='ocr_line' id='line_1_53' title="bbox 2179 2436 3761 2512; baseline -0.003 -16"><span class='ocrx_word' id='word_1_369' title='bbox 2179 2440 2390 2496; x_wconf 82' lang='grc' dir='ltr'>τούτων</span> <span class='ocrx_word' id='word_1_370' title='bbox 2416 2440 2517 2504; x_wconf 80' lang='grc' dir='ltr'>τὰς</span> <span class='ocrx_word' id='word_1_371' title='bbox 2559 2439 2655 2494; x_wconf 71' lang='grc' dir='ltr'><strong>ἐπὶ</strong></span> <span class='ocrx_word' id='word_1_372' title='bbox 2698 2439 2910 2512; x_wconf 81' lang='grc' dir='ltr'>πέρατα</span> <span class='ocrx_word' id='word_1_373' title='bbox 2951 2436 3247 2510; x_wconf 82' lang='grc' dir='ltr'>παρθενίας</span> <span class='ocrx_word' id='word_1_374' title='bbox 3285 2436 3761 2508; x_wconf 81' lang='grc' dir='ltr'>ὲπισπερχομένας</span> 
     </span>
    </p>
   </div>
   <div class='ocr_carea' id='block_1_54' title="bbox 2181 2529 3760 2604">
    <p class='ocr_par' dir='ltr' id='par_1_54' title="bbox 2181 2529 3760 2604">
     <span class='ocr_line' id='line_1_54' title="bbox 2181 2529 3760 2604; baseline -0.003 -15"><span class='ocrx_word' id='word_1_375' title='bbox 2181 2534 2377 2601; x_wconf 70' lang='grc' dir='ltr'>ἐλθεῖν,</span> <span class='ocrx_word' id='word_1_376' title='bbox 2403 2534 2500 2590; x_wconf 75' lang='grc' dir='ltr'>καὶ</span> <span class='ocrx_word' id='word_1_377' title='bbox 2514 2534 2694 2588; x_wconf 85' lang='grc' dir='ltr'>πάντα</span> <span class='ocrx_word' id='word_1_378' title='bbox 2723 2535 2804 2598; x_wconf 86' lang='grc' dir='ltr'><strong>είς</strong></span> <span class='ocrx_word' id='word_1_379' title='bbox 2828 2532 2889 2586; x_wconf 86' lang='grc' dir='ltr'>τὸ</span> <span class='ocrx_word' id='word_1_380' title='bbox 2916 2530 3272 2604; x_wconf 82' lang='grc' dir='ltr'>πληρωθῆναι</span> <span class='ocrx_word' id='word_1_381' title='bbox 3295 2529 3634 2585; x_wconf 82' lang='grc' dir='ltr'>συντείνοντα</span> <span class='ocrx_word' id='word_1_382' title='bbox 3663 2529 3760 2584; x_wconf 82' lang='grc' dir='ltr'>τὸν</span> 
     </span>
    </p>
   </div>
   <div class='ocr_carea' id='block_1_55' title="bbox 2180 2622 3760 2699">
    <p class='ocr_par' dir='ltr' id='par_1_55' title="bbox 2180 2622 3760 2699">
     <span class='ocr_line' id='line_1_55' title="bbox 2180 2622 3760 2699; baseline -0.002 -19"><span class='ocrx_word' id='word_1_383' title='bbox 2180 2624 2359 2699; x_wconf 70' lang='grc' dir='ltr'>ἔρωτα</span> <span class='ocrx_word' id='word_1_384' title='bbox 2404 2625 2592 2680; x_wconf 82' lang='grc' dir='ltr'>τοῦτον</span> <span class='ocrx_word' id='word_1_385' title='bbox 2632 2624 2874 2696; x_wconf 78' lang='grc' dir='ltr'>κοσμίως</span> <span class='ocrx_word' id='word_1_386' title='bbox 2904 2622 3118 2696; x_wconf 85' lang='grc' dir='ltr'>δρώσας</span> <span class='ocrx_word' id='word_1_387' title='bbox 3168 2622 3264 2676; x_wconf 76' lang='grc' dir='ltr'><strong>καὶ</strong></span> <span class='ocrx_word' id='word_1_388' title='bbox 3304 2622 3624 2694; x_wconf 65' lang='grc' dir='ltr'>σωφρόνωςυ</span> <span class='ocrx_word' id='word_1_389' title='bbox 3659 2623 3760 2677; x_wconf 74' lang='grc' dir='ltr'><strong>καὶ</strong></span> 
     </span>
    </p>
   </div>
   <div class='ocr_carea' id='block_1_56' title="bbox 2179 2713 3763 2789">
    <p class='ocr_par' dir='ltr' id='par_1_56' title="bbox 2179 2713 3763 2789">
     <span class='ocr_line' id='line_1_56' title="bbox 2179 2713 3763 2789; baseline -0.002 -17"><span class='ocrx_word' id='word_1_390' title='bbox 2179 2718 2280 2781; x_wconf 76' lang='grc' dir='ltr'><strong>τὰς</strong></span> <span class='ocrx_word' id='word_1_391' title='bbox 2324 2716 2800 2789; x_wconf 67' lang='grc' dir='ltr'>ἐπαγγελλομένας</span> <span class='ocrx_word' id='word_1_392' title='bbox 2856 2715 2958 2786; x_wconf 78' lang='grc' dir='ltr'>μὲν</span> <span class='ocrx_word' id='word_1_393' title='bbox 3000 2716 3093 2770; x_wconf 77' lang='grc' dir='ltr'><strong>καὶ</strong></span> <span class='ocrx_word' id='word_1_394' title='bbox 3142 2714 3545 2787; x_wconf 65' lang='grc' dir='ltr'>σεμνυνομὲνας</span> <span class='ocrx_word' id='word_1_395' title='bbox 3596 2713 3763 2769; x_wconf 79' lang='grc' dir='ltr'>τοῦτο</span> 
     </span>
    </p>
   </div>
   <div class='ocr_carea' id='block_1_57' title="bbox 2182 2805 3757 2881">
    <p class='ocr_par' dir='ltr' id='par_1_57' title="bbox 2182 2805 3757 2881">
     <span class='ocr_line' id='line_1_57' title="bbox 2182 2805 3757 2881; baseline -0.003 -18"><span class='ocrx_word' id='word_1_396' title='bbox 2182 2812 2429 2876; x_wconf 74' lang='grc' dir='ltr'>σκοπεῖν,</span> <span class='ocrx_word' id='word_1_397' title='bbox 2473 2808 2840 2881; x_wconf 84' lang='grc' dir='ltr'>ὀλιγωρούσας</span> <span class='ocrx_word' id='word_1_398' title='bbox 2861 2807 2918 2860; x_wconf 82' lang='grc' dir='ltr'>δὲ</span> <span class='ocrx_word' id='word_1_399' title='bbox 2961 2807 3054 2861; x_wconf 70' lang='grc' dir='ltr'><strong>καὶ</strong></span> <span class='ocrx_word' id='word_1_400' title='bbox 3079 2805 3398 2877; x_wconf 80' lang='grc' dir='ltr'>ἡττωμένας</span> <span class='ocrx_word' id='word_1_401' title='bbox 3424 2807 3519 2858; x_wconf 81' lang='grc' dir='ltr'>τοῦ</span> <span class='ocrx_word' id='word_1_402' title='bbox 3547 2806 3757 2877; x_wconf 80' lang='grc' dir='ltr'>κόσμου</span> 
     </span>
    </p>
   </div>
   <div class='ocr_carea' id='block_1_58' title="bbox 2181 2896 3757 2972">
    <p class='ocr_par' dir='ltr' id='par_1_58' title="bbox 2181 2896 3757 2972">
     <span class='ocr_line' id='line_1_58' title="bbox 2181 2896 3757 2972; baseline 0 -19"><span class='ocrx_word' id='word_1_403' title='bbox 2181 2904 2302 2966; x_wconf 72' lang='grc' dir='ltr'>ταῖς</span> <span class='ocrx_word' id='word_1_404' title='bbox 2335 2900 2673 2971; x_wconf 73' lang='grc' dir='ltr'>ἐξαλλαγαῖς,</span> <span class='ocrx_word' id='word_1_405' title='bbox 2708 2899 2805 2954; x_wconf 80' lang='grc' dir='ltr'><strong>καὶ</strong></span> <span class='ocrx_word' id='word_1_406' title='bbox 2840 2897 3029 2970; x_wconf 82' lang='grc' dir='ltr'>ὥσπερ</span> <span class='ocrx_word' id='word_1_407' title='bbox 3072 2896 3516 2972; x_wconf 70' lang='grc' dir='ltr'>σκιαγραιρούσας</span> <span class='ocrx_word' id='word_1_408' title='bbox 3551 2896 3757 2969; x_wconf 83' lang='grc' dir='ltr'>μᾶλλον</span> 
     </span>
    </p>
   </div>
   <div class='ocr_carea' id='block_1_59' title="bbox 2182 2988 3757 3065">
    <p class='ocr_par' dir='ltr' id='par_1_59' title="bbox 2182 2988 3757 3065">
     <span class='ocr_line' id='line_1_59' title="bbox 2182 2988 3757 3065; baseline 0 -20"><span class='ocrx_word' id='word_1_409' title='bbox 2182 2992 2400 3048; x_wconf 82' lang='grc' dir='ltr'>εἴδωλον</span> <span class='ocrx_word' id='word_1_410' title='bbox 2451 2992 2653 3065; x_wconf 78' lang='grc' dir='ltr'>ἀρετῆς</span> <span class='ocrx_word' id='word_1_411' title='bbox 2697 2992 2732 3064; x_wconf 77' lang='grc' dir='ltr'>ἢ</span> <span class='ocrx_word' id='word_1_412' title='bbox 2776 2990 2945 3063; x_wconf 77' lang='grc' dir='ltr'>αὐτὴν</span> <span class='ocrx_word' id='word_1_413' title='bbox 2978 2988 3350 3062; x_wconf 77' lang='grc' dir='ltr'>ὲργαζομένας</span> <span class='ocrx_word' id='word_1_414' title='bbox 3386 2990 3621 3062; x_wconf 80' lang='grc' dir='ltr'>ἔμπνουν</span> <span class='ocrx_word' id='word_1_415' title='bbox 3653 2990 3757 3065; x_wconf 67' lang='grc' dir='ltr'>τὴν</span> 
     </span>
    </p>
   </div>
   <div class='ocr_carea' id='block_1_60' title="bbox 2180 3085 2462 3157">
    <p class='ocr_par' dir='ltr' id='par_1_60' title="bbox 2180 3085 2462 3157">
     <span class='ocr_line' id='line_1_60' title="bbox 2180 3085 2462 3157; baseline -0.004 -16"><span class='ocrx_word' id='word_1_416' title='bbox 2180 3085 2462 3157; x_wconf 76' lang='grc' dir='ltr'>ἀλήθειαν.</span> 
     </span>
    </p>
   </div>
   <div class='ocr_carea' id='block_1_61' title="bbox 1181 3206 3048 3282">
    <p class='ocr_par' dir='ltr' id='par_1_61' title="bbox 1181 3206 3048 3282">
     <span class='ocr_line' id='line_1_61' title="bbox 1181 3206 3048 3282; baseline -0.002 -16"><span class='ocrx_word' id='word_1_417' title='bbox 1181 3207 1313 3266; x_wconf 71' lang='lat' dir='ltr'><strong>CAP.</strong></span> <span class='ocrx_word' id='word_1_418' title='bbox 1335 3206 1424 3266; x_wconf 85' lang='lat' dir='ltr'><strong>lIl.</strong></span> <span class='ocrx_word' id='word_1_419' title='bbox 1472 3207 1804 3282; x_wconf 80' lang='lat' dir='ltr'><strong>Virginitatis</strong></span> <span class='ocrx_word' id='word_1_420' title='bbox 1827 3208 1966 3264; x_wconf 84' lang='lat' dir='ltr'><strong>idem</strong></span> <span class='ocrx_word' id='word_1_421' title='bbox 2000 3217 2221 3264; x_wconf 78' lang='lat' dir='ltr'><strong>conatus</strong></span> <span class='ocrx_word' id='word_1_422' title='bbox 2255 3216 2307 3263; x_wconf 85' lang='lat' dir='ltr'><strong>et</strong></span> <span class='ocrx_word' id='word_1_423' title='bbox 2335 3208 2619 3281; x_wconf 81' lang='lat' dir='ltr'><strong>aggressio,</strong></span> <span class='ocrx_word' id='word_1_424' title='bbox 2648 3207 2852 3278; x_wconf 76' lang='lat' dir='ltr'><strong>dispari</strong></span> <span class='ocrx_word' id='word_1_425' title='bbox 2882 3209 3048 3265; x_wconf 81' lang='lat' dir='ltr'><strong>exitu.</strong></span> 
     </span>
    </p>
   </div>
   <div class='ocr_carea' id='block_1_62' title="bbox 556 3322 2077 3401">
    <p class='ocr_par' dir='ltr' id='par_1_62' title="bbox 556 3325 2066 3401">
     <span class='ocr_line' id='line_1_62' title="bbox 556 3325 2066 3401; baseline 0.005 -21"><span class='ocrx_word' id='word_1_426' title='bbox 556 3325 740 3393; x_wconf 73' lang='lat' dir='ltr'><strong>&#39;Quod</strong></span> <span class='ocrx_word' id='word_1_427' title='bbox 768 3327 913 3382; x_wconf 87' lang='lat' dir='ltr'><strong>enim</strong></span> <span class='ocrx_word' id='word_1_428' title='bbox 933 3327 1138 3385; x_wconf 83' lang='lat' dir='ltr'><strong>dicitur</strong></span> <span class='ocrx_word' id='word_1_429' title='bbox 1168 3327 1234 3397; x_wconf 83' lang='grc'><strong>¹⁹,</strong></span> <span class='ocrx_word' id='word_1_430' title='bbox 1268 3326 1454 3385; x_wconf 81' lang='lat' dir='ltr'><strong>Simile</strong></span> <span class='ocrx_word' id='word_1_431' title='bbox 1480 3328 1684 3399; x_wconf 81' lang='lat' dir='ltr'><strong>factum</strong></span> <span class='ocrx_word' id='word_1_432' title='bbox 1710 3346 1823 3385; x_wconf 80' lang='lat' dir='ltr'><strong>esse</strong></span> <span class='ocrx_word' id='word_1_433' title='bbox 1847 3346 2066 3401; x_wconf 84' lang='lat' dir='ltr'><strong>regnum</strong></span> 
     </span>
    </p>
   </div>
   <div class='ocr_carea' id='block_1_63' title="bbox 2179 3322 3753 3401">
    <p class='ocr_par' dir='ltr' id='par_1_63' title="bbox 2237 3322 3753 3399">
     <span class='ocr_line' id='line_1_63' title="bbox 2237 3322 3753 3399; baseline -0.002 -18"><span class='ocrx_word' id='word_1_434' title='bbox 2237 3327 2321 3382; x_wconf 74' lang='grc' dir='ltr'><strong>Τὸ</strong></span> <span class='ocrx_word' id='word_1_435' title='bbox 2350 3325 2461 3399; x_wconf 73' lang='grc' dir='ltr'>γὰρ</span> <span class='ocrx_word' id='word_1_436' title='bbox 2505 3324 2812 3398; x_wconf 81' lang='grc' dir='ltr'>λεγόμενον,</span> <span class='ocrx_word' id='word_1_437' title='bbox 2865 3324 3212 3395; x_wconf 79' lang='grc' dir='ltr'>Ὡμοιῶσθαι</span> <span class='ocrx_word' id='word_1_438' title='bbox 3261 3323 3382 3391; x_wconf 79' lang='grc' dir='ltr'><strong>τὴν</strong></span> <span class='ocrx_word' id='word_1_439' title='bbox 3413 3322 3753 3387; x_wconf 69' lang='grc' dir='ltr'>,Βασιλείαν</span> 
     </span>
    </p>
   </div>
   <div class='ocr_carea' id='block_1_64' title="bbox 508 3418 2074 3496">
    <p class='ocr_par' dir='ltr' id='par_1_64' title="bbox 508 3418 2074 3496">
     <span class='ocr_line' id='line_1_64' title="bbox 508 3418 2074 3496; baseline 0.006 -24"><span class='ocrx_word' id='word_1_440' title='bbox 508 3418 758 3474; x_wconf 63' lang='lat' dir='ltr'><strong>calorum</strong></span> <span class='ocrx_word' id='word_1_441' title='bbox 787 3420 962 3477; x_wconf 80' lang='lat' dir='ltr'><strong>decem</strong></span> <span class='ocrx_word' id='word_1_442' title='bbox 980 3422 1289 3494; x_wconf 83' lang='lat' dir='ltr'><strong>virginibus,</strong></span> <span class='ocrx_word' id='word_1_443' title='bbox 1317 3438 1436 3494; x_wconf 67' lang='lat' dir='ltr'><strong>qua?</strong></span> <span class='ocrx_word' id='word_1_444' title='bbox 1463 3423 1774 3492; x_wconf 81' lang='lat' dir='ltr'><strong>accipientes</strong></span> <span class='ocrx_word' id='word_1_445' title='bbox 1801 3424 2074 3496; x_wconf 79' lang='lat' dir='ltr'><strong>lampades</strong></span> 
     </span>
    </p>
   </div>
   <div class='ocr_carea' id='block_1_65' title="bbox 510 3513 2076 3597">
    <p class='ocr_par' dir='ltr' id='par_1_65' title="bbox 510 3513 2076 3597">
     <span class='ocr_line' id='line_1_65' title="bbox 510 3513 2076 3597; baseline 0.008 -32"><span class='ocrx_word' id='word_1_446' title='bbox 510 3527 636 3573; x_wconf 74' lang='lat' dir='ltr'><strong>suas</strong></span> <span class='ocrx_word' id='word_1_447' title='bbox 663 3513 901 3567; x_wconf 68' lang='lat' dir='ltr'><strong>exierunt</strong></span> <span class='ocrx_word' id='word_1_448' title='bbox 923 3515 1128 3568; x_wconf 82' lang='lat' dir='ltr'><strong>obviam</strong></span> <span class='ocrx_word' id='word_1_449' title='bbox 1157 3514 1387 3597; x_wconf 63' lang='lat' dir='ltr'><strong>Sponsa,</strong></span> <span class='ocrx_word' id='word_1_450' title='bbox 1410 3515 1516 3571; x_wconf 82' lang='lat' dir='ltr'><strong>hoc</strong></span> <span class='ocrx_word' id='word_1_451' title='bbox 1544 3514 1651 3572; x_wconf 85' lang='lat' dir='ltr'><strong>sibi</strong></span> <span class='ocrx_word' id='word_1_452' title='bbox 1672 3516 1808 3582; x_wconf 87' lang='lat' dir='ltr'><strong>vult,</strong></span> <span class='ocrx_word' id='word_1_453' title='bbox 1829 3518 2076 3576; x_wconf 86' lang='lat' dir='ltr'><strong>eamdem</strong></span> 
     </span>
    </p>
   </div>
   <div class='ocr_carea' id='block_1_66' title="bbox 510 3603 2076 3680">
    <p class='ocr_par' dir='ltr' id='par_1_66' title="bbox 510 3603 2076 3680">
     <span class='ocr_line' id='line_1_66' title="bbox 510 3603 2076 3680; baseline 0.005 -22"><span class='ocrx_word' id='word_1_454' title='bbox 510 3603 867 3673; x_wconf 77' lang='lat' dir='ltr'><strong>professionis</strong></span> <span class='ocrx_word' id='word_1_455' title='bbox 887 3620 951 3659; x_wconf 88' lang='lat' dir='ltr'><strong>ac</strong></span> <span class='ocrx_word' id='word_1_456' title='bbox 972 3605 1206 3661; x_wconf 82' lang='lat' dir='ltr'><strong>instituti</strong></span> <span class='ocrx_word' id='word_1_457' title='bbox 1252 3607 1394 3661; x_wconf 84' lang='lat' dir='ltr'><strong>viam</strong></span> <span class='ocrx_word' id='word_1_458' title='bbox 1425 3621 1618 3663; x_wconf 90' lang='lat' dir='ltr'><strong>omnes</strong></span> <span class='ocrx_word' id='word_1_459' title='bbox 1643 3607 1897 3677; x_wconf 75' lang='lat' dir='ltr'><strong>elegisse,</strong></span> <span class='ocrx_word' id='word_1_460' title='bbox 1929 3610 2076 3680; x_wconf 87' lang='lat' dir='ltr'><strong>quod</strong></span> 
     </span>
    </p>
   </div>
   <div class='ocr_carea' id='block_1_67' title="bbox 508 3694 2077 3765">
    <p class='ocr_par' dir='ltr' id='par_1_67' title="bbox 508 3694 2077 3765">
     <span class='ocr_line' id='line_1_67' title="bbox 508 3694 2077 3765; baseline 0.004 -16"><span class='ocrx_word' id='word_1_461' title='bbox 508 3695 629 3763; x_wconf 80' lang='lat' dir='ltr'><strong>ipsa</strong></span> <span class='ocrx_word' id='word_1_462' title='bbox 649 3694 900 3765; x_wconf 71' lang='lat' dir='ltr'><strong>designat</strong></span> <span class='ocrx_word' id='word_1_463' title='bbox 925 3695 1178 3751; x_wconf 87' lang='lat' dir='ltr'><strong>elementi</strong></span> <span class='ocrx_word' id='word_1_464' title='bbox 1205 3695 1328 3751; x_wconf 79' lang='lat' dir='ltr'><strong>[vis</strong></span> <span class='ocrx_word' id='word_1_465' title='bbox 1353 3709 1419 3750; x_wconf 85' lang='lat' dir='ltr'><strong>ac</strong></span> <span class='ocrx_word' id='word_1_466' title='bbox 1450 3697 1662 3753; x_wconf 85' lang='lat' dir='ltr'><strong>denarii</strong></span> <span class='ocrx_word' id='word_1_467' title='bbox 1690 3705 1844 3754; x_wconf 89' lang='lat' dir='ltr'><strong>nota.</strong></span> <span class='ocrx_word' id='word_1_468' title='bbox 1878 3697 1937 3755; x_wconf 82' lang='lat' dir='ltr'><strong>In</strong></span> <span class='ocrx_word' id='word_1_469' title='bbox 1954 3716 2077 3756; x_wconf 88' lang='lat' dir='ltr'><strong>eam</strong></span> 
     </span>
    </p>
   </div>
   <div class='ocr_carea' id='block_1_68' title="bbox 509 3786 2075 3864">
    <p class='ocr_par' dir='ltr' id='par_1_68' title="bbox 509 3786 2075 3864">
     <span class='ocr_line' id='line_1_68' title="bbox 509 3786 2075 3864; baseline 0.004 -23"><span class='ocrx_word' id='word_1_470' title='bbox 509 3786 656 3841; x_wconf 85' lang='lat' dir='ltr'><strong>enim</strong></span> <span class='ocrx_word' id='word_1_471' title='bbox 688 3802 750 3842; x_wconf 89' lang='lat' dir='ltr'><strong>se</strong></span> <span class='ocrx_word' id='word_1_472' title='bbox 788 3786 991 3857; x_wconf 89' lang='lat' dir='ltr'><strong>pariter</strong></span> <span class='ocrx_word' id='word_1_473' title='bbox 1038 3802 1158 3842; x_wconf 87' lang='lat' dir='ltr'><strong>rem</strong></span> <span class='ocrx_word' id='word_1_474' title='bbox 1191 3791 1566 3856; x_wconf 79' lang='lat' dir='ltr'><strong>accinxerunt,</strong></span> <span class='ocrx_word' id='word_1_475' title='bbox 1614 3800 1897 3864; x_wconf 89' lang='lat' dir='ltr'><strong>assumpta</strong></span> <span class='ocrx_word' id='word_1_476' title='bbox 1947 3808 2075 3864; x_wconf 87' lang='lat' dir='ltr'><strong>pro-</strong></span> 
     </span>
    </p>
   </div>
   <div class='ocr_carea' id='block_1_69' title="bbox 505 3875 2077 3951">
    <p class='ocr_par' dir='ltr' id='par_1_69' title="bbox 505 3875 2077 3951">
     <span class='ocr_line' id='line_1_69' title="bbox 505 3875 2077 3951; baseline 0.001 -19"><span class='ocrx_word' id='word_1_477' title='bbox 505 3875 750 3932; x_wconf 68' lang='lat' dir='ltr'><strong>fessione</strong></span> <span class='ocrx_word' id='word_1_478' title='bbox 772 3895 788 3946; x_wconf 84' lang='lat'><strong>;</strong></span> <span class='ocrx_word' id='word_1_479' title='bbox 811 3892 1039 3948; x_wconf 84' lang='lat' dir='ltr'><strong>eamque</strong></span> <span class='ocrx_word' id='word_1_480' title='bbox 1057 3877 1128 3933; x_wconf 91' lang='lat' dir='ltr'><strong>ob</strong></span> <span class='ocrx_word' id='word_1_481' title='bbox 1156 3893 1273 3934; x_wconf 87' lang='lat' dir='ltr'><strong>rem</strong></span> <span class='ocrx_word' id='word_1_482' title='bbox 1286 3888 1556 3935; x_wconf 78' lang='lat' dir='ltr'><strong>vocantur</strong></span> <span class='ocrx_word' id='word_1_483' title='bbox 1581 3879 1794 3949; x_wconf 88' lang='lat' dir='ltr'><strong>decem,</strong></span> <span class='ocrx_word' id='word_1_484' title='bbox 1816 3880 1962 3951; x_wconf 91' lang='lat' dir='ltr'><strong>quod</strong></span> <span class='ocrx_word' id='word_1_485' title='bbox 1997 3880 2077 3935; x_wconf 80' lang='lat' dir='ltr'><strong>ni-</strong></span> 
     </span>
    </p>
   </div>
   <div class='ocr_carea' id='block_1_70' title="bbox 507 3968 2072 4040">
    <p class='ocr_par' dir='ltr' id='par_1_70' title="bbox 507 3968 2072 4040">
     <span class='ocr_line' id='line_1_70' title="bbox 507 3968 2072 4040; baseline 0.003 -18"><span class='ocrx_word' id='word_1_486' title='bbox 507 3968 710 4023; x_wconf 85' lang='lat' dir='ltr'><strong>mirum</strong></span> <span class='ocrx_word' id='word_1_487' title='bbox 730 3968 873 4025; x_wconf 85' lang='lat' dir='ltr'><strong>idem</strong></span> <span class='ocrx_word' id='word_1_488' title='bbox 900 3969 1240 4040; x_wconf 89' lang='lat' dir='ltr'><strong>propositum</strong></span> <span class='ocrx_word' id='word_1_489' title='bbox 1259 3983 1325 4025; x_wconf 89' lang='lat' dir='ltr'><strong>ac</strong></span> <span class='ocrx_word' id='word_1_490' title='bbox 1352 3969 1684 4037; x_wconf 85' lang='lat' dir='ltr'><strong>institutum,</strong></span> <span class='ocrx_word' id='word_1_491' title='bbox 1708 3970 1786 4024; x_wconf 92' lang='lat' dir='ltr'><strong>uti</strong></span> <span class='ocrx_word' id='word_1_492' title='bbox 1802 3969 2072 4038; x_wconf 86' lang='lat' dir='ltr'><strong>dicebam,</strong></span> 
     </span>
    </p>
   </div>
   <div class='ocr_carea' id='block_1_71' title="bbox 507 4060 2074 4134">
    <p class='ocr_par' dir='ltr' id='par_1_71' title="bbox 507 4060 2074 4134">
     <span class='ocr_line' id='line_1_71' title="bbox 507 4060 2074 4134; baseline 0.002 -19"><span class='ocrx_word' id='word_1_493' title='bbox 507 4060 858 4130; x_wconf 78' lang='lat' dir='ltr'><strong>arripuerunt</strong></span> <span class='ocrx_word' id='word_1_494' title='bbox 894 4079 912 4117; x_wconf 88' lang='lat'><strong>:</strong></span> <span class='ocrx_word' id='word_1_495' title='bbox 943 4077 1047 4118; x_wconf 89' lang='lat' dir='ltr'><strong>nec</strong></span> <span class='ocrx_word' id='word_1_496' title='bbox 1088 4070 1272 4118; x_wconf 88' lang='lat' dir='ltr'><strong>tamen</strong></span> <span class='ocrx_word' id='word_1_497' title='bbox 1306 4062 1512 4134; x_wconf 89' lang='lat' dir='ltr'><strong>pariter</strong></span> <span class='ocrx_word' id='word_1_498' title='bbox 1558 4063 1723 4118; x_wconf 86' lang='lat' dir='ltr'><strong>etiam</strong></span> <span class='ocrx_word' id='word_1_499' title='bbox 1773 4076 1968 4119; x_wconf 88' lang='lat' dir='ltr'><strong>omnes</strong></span> <span class='ocrx_word' id='word_1_500' title='bbox 2014 4063 2074 4118; x_wconf 89' lang='lat' dir='ltr'><strong>in</strong></span> 
     </span>
    </p>
   </div>
   <div class='ocr_carea' id='block_1_72' title="bbox 504 4149 2068 4224">
    <p class='ocr_par' dir='ltr' id='par_1_72' title="bbox 504 4149 2068 4224">
     <span class='ocr_line' id='line_1_72' title="bbox 504 4149 2068 4224; baseline 0.001 -17"><span class='ocrx_word' id='word_1_501' title='bbox 504 4165 798 4207; x_wconf 86' lang='lat' dir='ltr'><strong>occursum</strong></span> <span class='ocrx_word' id='word_1_502' title='bbox 813 4149 1294 4221; x_wconf 81' lang='lat' dir='ltr'><strong>Sponsiexierunt.</strong></span> <span class='ocrx_word' id='word_1_503' title='bbox 1320 4149 1460 4207; x_wconf 87' lang='lat' dir='ltr'><strong>Nam</strong></span> <span class='ocrx_word' id='word_1_504' title='bbox 1482 4166 1672 4207; x_wconf 90' lang='lat' dir='ltr'><strong>earum</strong></span> <span class='ocrx_word' id='word_1_505' title='bbox 1685 4150 1906 4224; x_wconf 89' lang='lat' dir='ltr'><strong>quidem</strong></span> <span class='ocrx_word' id='word_1_506' title='bbox 1927 4152 2068 4220; x_wconf 69' lang='lat' dir='ltr'><strong>aliae,</strong></span> 
     </span>
    </p>
   </div>
   <div class='ocr_carea' id='block_1_73' title="bbox 502 4242 2075 4319">
    <p class='ocr_par' dir='ltr' id='par_1_73' title="bbox 502 4242 2075 4319">
     <span class='ocr_line' id='line_1_73' title="bbox 502 4242 2075 4319; baseline -0.001 -18"><span class='ocrx_word' id='word_1_507' title='bbox 502 4242 656 4319; x_wconf 71' lang='lat' dir='ltr'><strong>quod</strong></span> <span class='ocrx_word' id='word_1_508' title='bbox 684 4252 740 4299; x_wconf 90' lang='lat' dir='ltr'><strong>et</strong></span> <span class='ocrx_word' id='word_1_509' title='bbox 767 4243 824 4301; x_wconf 83' lang='lat' dir='ltr'><strong>in</strong></span> <span class='ocrx_word' id='word_1_510' title='bbox 854 4249 1091 4306; x_wconf 80' lang='lat' dir='ltr'><strong>futurum</strong></span> <span class='ocrx_word' id='word_1_511' title='bbox 1112 4242 1382 4302; x_wconf 81' lang='lat' dir='ltr'><strong>suiiiceret</strong></span> <span class='ocrx_word' id='word_1_512' title='bbox 1412 4244 1754 4315; x_wconf 86' lang='lat' dir='ltr'><strong>lampadibus</strong></span> <span class='ocrx_word' id='word_1_513' title='bbox 1773 4244 1896 4301; x_wconf 92' lang='lat' dir='ltr'><strong>oleo</strong></span> <span class='ocrx_word' id='word_1_514' title='bbox 1916 4243 2075 4300; x_wconf 79' lang='lat' dir='ltr'><strong>llam-</strong></span> 
     </span>
    </p>
   </div>
   <div class='ocr_carea' id='block_1_74' title="bbox 503 4320 2073 4410">
    <p class='ocr_par' dir='ltr' id='par_1_74' title="bbox 503 4320 2073 4410">
     <span class='ocr_line' id='line_1_74' title="bbox 503 4320 2073 4410; baseline 0.001 -19"><span class='ocrx_word' id='word_1_515' title='bbox 503 4353 651 4393; x_wconf 86' lang='lat' dir='ltr'><strong>mam</strong></span> <span class='ocrx_word' id='word_1_516' title='bbox 680 4338 975 4404; x_wconf 88' lang='lat' dir='ltr'><strong>alentibus,</strong></span> <span class='ocrx_word' id='word_1_517' title='bbox 1011 4338 1405 4393; x_wconf 89' lang='lat' dir='ltr'><strong>nutrimentum</strong></span> <span class='ocrx_word' id='word_1_518' title='bbox 1437 4320 1660 4408; x_wconf 87' lang='lat' dir='ltr'><strong>copiose</strong></span> <span class='ocrx_word' id='word_1_519' title='bbox 1698 4339 1954 4410; x_wconf 76' lang='lat' dir='ltr'><strong>largeque</strong></span> <span class='ocrx_word' id='word_1_520' title='bbox 1975 4354 2073 4410; x_wconf 81' lang='lat' dir='ltr'><strong>pa-</strong></span> 
     </span>
    </p>
   </div>
   <div class='ocr_carea' id='block_1_75' title="bbox 500 4430 2072 4501">
    <p class='ocr_par' dir='ltr' id='par_1_75' title="bbox 500 4430 2072 4501">
     <span class='ocr_line' id='line_1_75' title="bbox 500 4430 2072 4501; baseline 0.001 -15"><span class='ocrx_word' id='word_1_521' title='bbox 500 4438 797 4499; x_wconf 87' lang='lat' dir='ltr'><strong>raverant;</strong></span> <span class='ocrx_word' id='word_1_522' title='bbox 852 4431 972 4486; x_wconf 75' lang='lat' dir='ltr'><strong>alia:</strong></span> <span class='ocrx_word' id='word_1_523' title='bbox 996 4445 1147 4497; x_wconf 91' lang='lat' dir='ltr'><strong>vero,</strong></span> <span class='ocrx_word' id='word_1_524' title='bbox 1189 4430 1444 4501; x_wconf 64' lang='lat' dir='ltr'><strong>presenti</strong></span> <span class='ocrx_word' id='word_1_525' title='bbox 1492 4430 1755 4486; x_wconf 81' lang='lat' dir='ltr'><strong>duntaxat</strong></span> <span class='ocrx_word' id='word_1_526' title='bbox 1800 4440 2072 4489; x_wconf 66' lang='lat' dir='ltr'><strong>contentae</strong></span> 
     </span>
    </p>
   </div>
   <div class='ocr_carea' id='block_1_76' title="bbox 500 4523 2083 4598">
    <p class='ocr_par' dir='ltr' id='par_1_76' title="bbox 500 4523 2083 4598">
     <span class='ocr_line' id='line_1_76' title="bbox 500 4523 2083 4598; baseline 0.002 -20"><span class='ocrx_word' id='word_1_527' title='bbox 500 4538 657 4590; x_wconf 82' lang='lat' dir='ltr'><strong>cura,</strong></span> <span class='ocrx_word' id='word_1_528' title='bbox 685 4524 965 4595; x_wconf 76' lang='lat' dir='ltr'><strong>segniores</strong></span> <span class='ocrx_word' id='word_1_529' title='bbox 995 4526 1336 4583; x_wconf 76' lang='lat' dir='ltr'><strong>exstiterant.</strong></span> <span class='ocrx_word' id='word_1_530' title='bbox 1372 4523 1554 4592; x_wconf 84' lang='lat' dir='ltr'><strong>Quare</strong></span> <span class='ocrx_word' id='word_1_531' title='bbox 1598 4525 1764 4580; x_wconf 89' lang='lat' dir='ltr'><strong>etiam</strong></span> <span class='ocrx_word' id='word_1_532' title='bbox 1797 4526 1916 4596; x_wconf 87' lang='lat' dir='ltr'><strong>pari</strong></span> <span class='ocrx_word' id='word_1_533' title='bbox 1944 4526 2083 4598; x_wconf 19' lang='lat' dir='ltr'><strong>qui-g</strong></span> 
     </span>
    </p>
   </div>
   <div class='ocr_carea' id='block_1_77' title="bbox 2175 3416 3755 3489">
    <p class='ocr_par' dir='ltr' id='par_1_77' title="bbox 2175 3416 3755 3489">
     <span class='ocr_line' id='line_1_77' title="bbox 2175 3416 3755 3489; baseline -0.005 -13"><span class='ocrx_word' id='word_1_534' title='bbox 2175 3419 2297 3476; x_wconf 77' lang='grc' dir='ltr'>τῶν</span> <span class='ocrx_word' id='word_1_535' title='bbox 2323 3418 2595 3489; x_wconf 78' lang='grc' dir='ltr'>οὐρανῶν</span> <span class='ocrx_word' id='word_1_536' title='bbox 2613 3418 2760 3473; x_wconf 82' lang='grc' dir='ltr'>δέκα</span> <span class='ocrx_word' id='word_1_537' title='bbox 2787 3418 3124 3487; x_wconf 78' lang='grc' dir='ltr'>παρθένοις,</span> <span class='ocrx_word' id='word_1_538' title='bbox 3157 3417 3377 3483; x_wconf 75' lang='grc' dir='ltr'>αἳτινες</span> <span class='ocrx_word' id='word_1_539' title='bbox 3398 3416 3619 3470; x_wconf 72' lang='grc' dir='ltr'>ἔλαϐον</span> <span class='ocrx_word' id='word_1_540' title='bbox 3643 3417 3755 3483; x_wconf 83' lang='grc' dir='ltr'>τὰς</span> 
     </span>
    </p>
   </div>
   <div class='ocr_carea' id='block_1_78' title="bbox 2173 3507 3754 3584">
    <p class='ocr_par' dir='ltr' id='par_1_78' title="bbox 2173 3507 3754 3584">
     <span class='ocr_line' id='line_1_78' title="bbox 2173 3507 3754 3584; baseline -0.004 -15"><span class='ocrx_word' id='word_1_541' title='bbox 2173 3511 2497 3584; x_wconf 68' lang='grc' dir='ltr'>λαμπάδας</span> <span class='ocrx_word' id='word_1_542' title='bbox 2510 3509 2730 3576; x_wconf 80' lang='grc' dir='ltr'>αὐτῶν,</span> <span class='ocrx_word' id='word_1_543' title='bbox 2762 3510 2859 3565; x_wconf 74' lang='grc' dir='ltr'><strong>καὶ</strong></span> <span class='ocrx_word' id='word_1_544' title='bbox 2896 3509 3163 3579; x_wconf 69' lang='grc' dir='ltr'><strong>ἐξῆλθον</strong></span> <span class='ocrx_word' id='word_1_545' title='bbox 3187 3507 3648 3577; x_wconf 79' lang='grc' dir='ltr'>ἀπαντήσουσαι</span> <span class='ocrx_word' id='word_1_546' title='bbox 3668 3507 3754 3575; x_wconf 62' lang='grc' dir='ltr'><strong>νῷ</strong></span> 
     </span>
    </p>
   </div>
   <div class='ocr_carea' id='block_1_79' title="bbox 2176 3600 3754 3676">
    <p class='ocr_par' dir='ltr' id='par_1_79' title="bbox 2176 3600 3754 3676">
     <span class='ocr_line' id='line_1_79' title="bbox 2176 3600 3754 3676; baseline -0.004 -15"><span class='ocrx_word' id='word_1_547' title='bbox 2176 3606 2455 3675; x_wconf 70' lang='grc' dir='ltr'>Νυμφίφ,</span> <span class='ocrx_word' id='word_1_548' title='bbox 2503 3604 2785 3675; x_wconf 84' lang='grc' dir='ltr'>σημαίνειν</span> <span class='ocrx_word' id='word_1_549' title='bbox 2831 3603 3076 3674; x_wconf 88' lang='grc' dir='ltr'>βούλεται</span> <span class='ocrx_word' id='word_1_550' title='bbox 3125 3603 3259 3676; x_wconf 80' lang='grc'><strong>(8⁸1),</strong></span> <span class='ocrx_word' id='word_1_551' title='bbox 3289 3602 3389 3674; x_wconf 81' lang='grc' dir='ltr'>τὴν</span> <span class='ocrx_word' id='word_1_552' title='bbox 3431 3600 3599 3673; x_wconf 80' lang='grc' dir='ltr'>αὐτὴν</span> <span class='ocrx_word' id='word_1_553' title='bbox 3629 3601 3754 3655; x_wconf 77' lang='grc' dir='ltr'>ὁδὸν</span> 
     </span>
    </p>
   </div>
   <div class='ocr_carea' id='block_1_80' title="bbox 2180 3694 3753 3769">
    <p class='ocr_par' dir='ltr' id='par_1_80' title="bbox 2180 3694 3753 3769">
     <span class='ocr_line' id='line_1_80' title="bbox 2180 3694 3753 3769; baseline -0.001 -19"><span class='ocrx_word' id='word_1_554' title='bbox 2180 3696 2274 3761; x_wconf 82' lang='grc' dir='ltr'>τοῦ</span> <span class='ocrx_word' id='word_1_555' title='bbox 2331 3694 2758 3769; x_wconf 75' lang='grc' dir='ltr'>ἐπιτηδεύματος</span> <span class='ocrx_word' id='word_1_556' title='bbox 2800 3696 3226 3769; x_wconf 74' lang='grc' dir='ltr'>ἐπανῃρημένην</span> <span class='ocrx_word' id='word_1_557' title='bbox 3255 3695 3345 3750; x_wconf 86' lang='grc' dir='ltr'>διὰ</span> <span class='ocrx_word' id='word_1_558' title='bbox 3375 3694 3472 3767; x_wconf 82' lang='grc' dir='ltr'>τὴν</span> <span class='ocrx_word' id='word_1_559' title='bbox 3513 3695 3753 3767; x_wconf 77' lang='grc' dir='ltr'>ἔμφασιν</span> 
     </span>
    </p>
   </div>
   <div class='ocr_carea' id='block_1_81' title="bbox 2178 3787 3753 3860">
    <p class='ocr_par' dir='ltr' id='par_1_81' title="bbox 2178 3787 3753 3860">
     <span class='ocr_line' id='line_1_81' title="bbox 2178 3787 3753 3860; baseline -0.002 -18"><span class='ocrx_word' id='word_1_560' title='bbox 2178 3787 2273 3842; x_wconf 78' lang='grc' dir='ltr'><strong>τοῦ</strong></span> <span class='ocrx_word' id='word_1_561' title='bbox 2290 3789 2324 3843; x_wconf 91' lang='lat' dir='ltr'>I&#39;</span> <span class='ocrx_word' id='word_1_562' title='bbox 2342 3788 2625 3859; x_wconf 88' lang='grc' dir='ltr'>στοιχείου.</span> <span class='ocrx_word' id='word_1_563' title='bbox 2663 3787 2999 3843; x_wconf 85' lang='grc' dir='ltr'>Ἐστείλαντο</span> <span class='ocrx_word' id='word_1_564' title='bbox 3024 3788 3124 3860; x_wconf 80' lang='grc' dir='ltr'>μὲν</span> <span class='ocrx_word' id='word_1_565' title='bbox 3137 3788 3245 3859; x_wconf 81' lang='grc' dir='ltr'>γὰρ</span> <span class='ocrx_word' id='word_1_566' title='bbox 3271 3788 3328 3842; x_wconf 88' lang='grc' dir='ltr'>αἱ</span> <span class='ocrx_word' id='word_1_567' title='bbox 3352 3787 3753 3859; x_wconf 80' lang='grc' dir='ltr'>παραπλησίως</span> 
     </span>
    </p>
   </div>
   <div class='ocr_carea' id='block_1_82' title="bbox 2179 3879 3757 3953">
    <p class='ocr_par' dir='ltr' id='par_1_82' title="bbox 2179 3879 3757 3953">
     <span class='ocr_line' id='line_1_82' title="bbox 2179 3879 3757 3953; baseline -0.001 -18"><span class='ocrx_word' id='word_1_568' title='bbox 2179 3879 2376 3944; x_wconf 72' lang='grc' dir='ltr'>ἑαυτὰς</span> <span class='ocrx_word' id='word_1_569' title='bbox 2396 3882 2475 3945; x_wconf 87' lang='grc' dir='ltr'><strong>είς</strong></span> <span class='ocrx_word' id='word_1_570' title='bbox 2504 3879 2663 3935; x_wconf 80' lang='grc' dir='ltr'>τοῦτο</span> <span class='ocrx_word' id='word_1_571' title='bbox 2693 3880 3219 3952; x_wconf 83' lang='grc' dir='ltr'>καθομολογήσασαι,</span> <span class='ocrx_word' id='word_1_572' title='bbox 3253 3881 3348 3936; x_wconf 81' lang='grc' dir='ltr'><strong>καὶ</strong></span> <span class='ocrx_word' id='word_1_573' title='bbox 3373 3880 3544 3953; x_wconf 82' lang='grc' dir='ltr'>ταύτῃ</span> <span class='ocrx_word' id='word_1_574' title='bbox 3568 3879 3757 3953; x_wconf 72' lang='grc' dir='ltr'><strong>κικλή-</strong></span> 
     </span>
    </p>
   </div>
   <div class='ocr_carea' id='block_1_83' title="bbox 2180 3971 3754 4045">
    <p class='ocr_par' dir='ltr' id='par_1_83' title="bbox 2180 3971 3754 4045">
     <span class='ocr_line' id='line_1_83' title="bbox 2180 3971 3754 4045; baseline 0.001 -20"><span class='ocrx_word' id='word_1_575' title='bbox 2180 3987 2399 4026; x_wconf 86' lang='grc' dir='ltr'>σκονται</span> <span class='ocrx_word' id='word_1_576' title='bbox 2443 3972 2611 4037; x_wconf 86' lang='grc' dir='ltr'>δέκα,</span> <span class='ocrx_word' id='word_1_577' title='bbox 2665 3972 2850 4045; x_wconf 76' lang='grc' dir='ltr'>ἐπειδὴ</span> <span class='ocrx_word' id='word_1_578' title='bbox 2882 3973 2983 4045; x_wconf 75' lang='grc' dir='ltr'>τὴν</span> <span class='ocrx_word' id='word_1_579' title='bbox 3015 3972 3202 4045; x_wconf 80' lang='grc' dir='ltr'>αὐτὴν,</span> <span class='ocrx_word' id='word_1_580' title='bbox 3232 3972 3308 4038; x_wconf 77' lang='grc' dir='ltr'>ὡς</span> <span class='ocrx_word' id='word_1_581' title='bbox 3338 3972 3497 4045; x_wconf 73' lang='grc' dir='ltr'>ἔφην,</span> <span class='ocrx_word' id='word_1_582' title='bbox 3544 3971 3754 4027; x_wconf 76' lang='grc' dir='ltr'>εἴλοντο</span> 
     </span>
    </p>
   </div>
   <div class='ocr_carea' id='block_1_84' title="bbox 2180 4063 3753 4137">
    <p class='ocr_par' dir='ltr' id='par_1_84' title="bbox 2180 4063 3753 4137">
     <span class='ocr_line' id='line_1_84' title="bbox 2180 4063 3753 4137; baseline 0.003 -21"><span class='ocrx_word' id='word_1_583' title='bbox 2180 4063 2465 4136; x_wconf 67' lang='grc' dir='ltr'>πρόθεσινθ</span> <span class='ocrx_word' id='word_1_584' title='bbox 2512 4065 2695 4120; x_wconf 76' lang='grc' dir='ltr'>οὐκέτι</span> <span class='ocrx_word' id='word_1_585' title='bbox 2745 4065 2806 4120; x_wconf 75' lang='grc' dir='ltr'>δὲ</span> <span class='ocrx_word' id='word_1_586' title='bbox 2851 4066 3052 4137; x_wconf 82' lang='grc' dir='ltr'>ὁμοίως</span> <span class='ocrx_word' id='word_1_587' title='bbox 3091 4065 3313 4137; x_wconf 75' lang='grc' dir='ltr'>ἐξῆλθον</span> <span class='ocrx_word' id='word_1_588' title='bbox 3344 4065 3753 4137; x_wconf 77' lang='grc' dir='ltr'>ὑπαντήσουσαι</span> 
     </span>
    </p>
   </div>
   <div class='ocr_carea' id='block_1_85' title="bbox 2179 4156 3751 4233">
    <p class='ocr_par' dir='ltr' id='par_1_85' title="bbox 2179 4156 3751 4233">
     <span class='ocr_line' id='line_1_85' title="bbox 2179 4156 3751 4233; baseline -0.003 -17"><span class='ocrx_word' id='word_1_589' title='bbox 2179 4157 2258 4231; x_wconf 65' lang='grc' dir='ltr'><strong>τῷ</strong></span> <span class='ocrx_word' id='word_1_590' title='bbox 2279 4156 2536 4233; x_wconf 78' lang='grc' dir='ltr'>Νυμφίῳ.</span> <span class='ocrx_word' id='word_1_591' title='bbox 2571 4159 2639 4211; x_wconf 81' lang='grc' dir='ltr'><strong>Δί</strong></span> <span class='ocrx_word' id='word_1_592' title='bbox 2681 4157 2778 4230; x_wconf 86' lang='grc' dir='ltr'>μὲν</span> <span class='ocrx_word' id='word_1_593' title='bbox 2809 4157 2919 4231; x_wconf 85' lang='grc' dir='ltr'><strong>γὰρ</strong></span> <span class='ocrx_word' id='word_1_594' title='bbox 2942 4158 3149 4230; x_wconf 81' lang='grc' dir='ltr'>τροφὴν</span> <span class='ocrx_word' id='word_1_595' title='bbox 3172 4156 3401 4227; x_wconf 73' lang='grc' dir='ltr'>ἄφθονον</span> <span class='ocrx_word' id='word_1_596' title='bbox 3425 4159 3519 4211; x_wconf 77' lang='grc' dir='ltr'><strong>καὶ</strong></span> <span class='ocrx_word' id='word_1_597' title='bbox 3562 4157 3751 4212; x_wconf 78' lang='grc' dir='ltr'>είσαῦ-</span> 
     </span>
    </p>
   </div>
   <div class='ocr_carea' id='block_1_86' title="bbox 2179 4246 3754 4322">
    <p class='ocr_par' dir='ltr' id='par_1_86' title="bbox 2179 4246 3754 4322">
     <span class='ocr_line' id='line_1_86' title="bbox 2179 4246 3754 4322; baseline 0.001 -21"><span class='ocrx_word' id='word_1_598' title='bbox 2179 4246 2265 4312; x_wconf 89' lang='grc' dir='ltr'><strong>θις</strong></span> <span class='ocrx_word' id='word_1_599' title='bbox 2301 4247 2619 4319; x_wconf 76' lang='grc' dir='ltr'>ἐπορίσαντο</span> <span class='ocrx_word' id='word_1_600' title='bbox 2669 4250 2791 4313; x_wconf 88' lang='grc' dir='ltr'>ταῖς</span> <span class='ocrx_word' id='word_1_601' title='bbox 2828 4247 3231 4322; x_wconf 77' lang='grc' dir='ltr'>ὲλαιοθρέπτοις</span> <span class='ocrx_word' id='word_1_602' title='bbox 3270 4247 3581 4320; x_wconf 58' lang='grc' dir='ltr'>λαμπάσιν</span> <span class='ocrx_word' id='word_1_603' title='bbox 3606 4250 3665 4302; x_wconf 84' lang='grc' dir='ltr'>αἱ</span> <span class='ocrx_word' id='word_1_604' title='bbox 3689 4248 3754 4303; x_wconf 73' lang='grc' dir='ltr'>δὲ</span> 
     </span>
    </p>
   </div>
   <div class='ocr_carea' id='block_1_87' title="bbox 2177 4338 3747 4413">
    <p class='ocr_par' dir='ltr' id='par_1_87' title="bbox 2177 4338 3747 4413">
     <span class='ocr_line' id='line_1_87' title="bbox 2177 4338 3747 4413; baseline -0.001 -19"><span class='ocrx_word' id='word_1_605' title='bbox 2177 4338 2693 4413; x_wconf 74' lang='grc' dir='ltr'>κατερῤᾳθύμησαν,</span> <span class='ocrx_word' id='word_1_606' title='bbox 2715 4339 2807 4394; x_wconf 81' lang='grc' dir='ltr'>τοῦ</span> <span class='ocrx_word' id='word_1_607' title='bbox 2827 4341 3091 4412; x_wconf 86' lang='grc' dir='ltr'>παρόντος</span> <span class='ocrx_word' id='word_1_608' title='bbox 3121 4341 3279 4413; x_wconf 84' lang='grc' dir='ltr'>μόνον</span> <span class='ocrx_word' id='word_1_609' title='bbox 3310 4339 3747 4413; x_wconf 79' lang='grc' dir='ltr'>ὲπιμεληθεῑσαι.</span> 
     </span>
    </p>
   </div>
   <div class='ocr_carea' id='block_1_88' title="bbox 2175 4432 3751 4509">
    <p class='ocr_par' dir='ltr' id='par_1_88' title="bbox 2175 4432 3751 4509">
     <span class='ocr_line' id='line_1_88' title="bbox 2175 4432 3751 4509; baseline 0 -21"><span class='ocrx_word' id='word_1_610' title='bbox 2175 4434 2267 4488; x_wconf 79' lang='grc' dir='ltr'><strong>Διὸ</strong></span> <span class='ocrx_word' id='word_1_611' title='bbox 2287 4434 2353 4507; x_wconf 79' lang='grc' dir='ltr'>δὴ</span> <span class='ocrx_word' id='word_1_612' title='bbox 2368 4435 2462 4489; x_wconf 82' lang='grc' dir='ltr'><strong>καὶ</strong></span> <span class='ocrx_word' id='word_1_613' title='bbox 2490 4432 2667 4509; x_wconf 84' lang='grc' dir='ltr'>ίσάριθ</span> <span class='ocrx_word' id='word_1_614' title='bbox 2675 4452 2766 4506; x_wconf 88' lang='grc' dir='ltr'><strong>μοι</strong></span> <span class='ocrx_word' id='word_1_615' title='bbox 2806 4436 2944 4507; x_wconf 83' lang='grc' dir='ltr'>πρὸς</span> <span class='ocrx_word' id='word_1_616' title='bbox 2963 4436 3125 4491; x_wconf 82' lang='grc' dir='ltr'>πέντε</span> <span class='ocrx_word' id='word_1_617' title='bbox 3149 4434 3501 4508; x_wconf 80' lang='grc' dir='ltr'>διαιροῦνται,</span> <span class='ocrx_word' id='word_1_618' title='bbox 3529 4434 3751 4507; x_wconf 74' lang='grc' dir='ltr'>ἐπειδή-</span> 
     </span>
    </p>
   </div>
   <div class='ocr_carea' id='block_1_89' title="bbox 2177 4526 3752 4601">
    <p class='ocr_par' dir='ltr' id='par_1_89' title="bbox 2177 4526 3752 4601">
     <span class='ocr_line' id='line_1_89' title="bbox 2177 4526 3752 4601; baseline 0.001 -20"><span class='ocrx_word' id='word_1_619' title='bbox 2177 4545 2283 4601; x_wconf 90' lang='grc' dir='ltr'><strong>περ</strong></span> <span class='ocrx_word' id='word_1_620' title='bbox 2304 4529 2403 4592; x_wconf 84' lang='grc' dir='ltr'><strong>τὰς</strong></span> <span class='ocrx_word' id='word_1_621' title='bbox 2424 4526 2589 4581; x_wconf 84' lang='grc' dir='ltr'>πέντε</span> <span class='ocrx_word' id='word_1_622' title='bbox 2620 4528 2923 4601; x_wconf 74' lang='grc' dir='ltr'>αἰσθήσεις,</span> <span class='ocrx_word' id='word_1_623' title='bbox 2964 4531 3019 4584; x_wconf 89' lang='grc' dir='ltr'><strong>αί</strong></span> <span class='ocrx_word' id='word_1_624' title='bbox 3071 4530 3172 4601; x_wconf 86' lang='grc' dir='ltr'>μὲν</span> <span class='ocrx_word' id='word_1_625' title='bbox 3211 4529 3390 4584; x_wconf 81' lang='grc' dir='ltr'>αὐτῶν</span> <span class='ocrx_word' id='word_1_626' title='bbox 3416 4527 3752 4600; x_wconf 64' lang='grc' dir='ltr'>ἐφυλάξαντο</span> 
     </span>
    </p>
   </div>
   <div class='ocr_carea' id='block_1_90' title="bbox 498 4618 2077 4698">
    <p class='ocr_par' dir='ltr' id='par_1_90' title="bbox 498 4618 2074 4692">
     <span class='ocr_line' id='line_1_90' title="bbox 498 4618 2074 4692; baseline 0.003 -20"><span class='ocrx_word' id='word_1_627' title='bbox 498 4619 657 4675; x_wconf 88' lang='lat' dir='ltr'><strong>nario</strong></span> <span class='ocrx_word' id='word_1_628' title='bbox 679 4618 867 4674; x_wconf 64' lang='lat' dir='ltr'><strong>divisae</strong></span> <span class='ocrx_word' id='word_1_629' title='bbox 901 4632 1051 4686; x_wconf 90' lang='lat' dir='ltr'><strong>sunt,</strong></span> <span class='ocrx_word' id='word_1_630' title='bbox 1077 4635 1200 4692; x_wconf 70' lang='lat' dir='ltr'><strong>quae</strong></span> <span class='ocrx_word' id='word_1_631' title='bbox 1220 4620 1407 4679; x_wconf 87' lang='lat' dir='ltr'><strong>decem</strong></span> <span class='ocrx_word' id='word_1_632' title='bbox 1428 4628 1617 4677; x_wconf 88' lang='lat' dir='ltr'><strong>erant:</strong></span> <span class='ocrx_word' id='word_1_633' title='bbox 1642 4619 1791 4691; x_wconf 89' lang='lat' dir='ltr'><strong>quod</strong></span> <span class='ocrx_word' id='word_1_634' title='bbox 1818 4619 2074 4678; x_wconf 84' lang='lat' dir='ltr'><strong>videlicet</strong></span> 
     </span>
    </p>
   </div>
   <div class='ocr_carea' id='block_1_91' title="bbox 2179 4618 3749 4698">
    <p class='ocr_par' dir='ltr' id='par_1_91' title="bbox 2179 4620 3749 4698">
     <span class='ocr_line' id='line_1_91' title="bbox 2179 4620 3749 4698; baseline 0 -23"><span class='ocrx_word' id='word_1_635' title='bbox 2179 4620 2422 4693; x_wconf 77' lang='grc' dir='ltr'>καθαρὰς</span> <span class='ocrx_word' id='word_1_636' title='bbox 2451 4620 2546 4698; x_wconf 67' lang='grc' dir='ltr'><strong>καὶ</strong></span> <span class='ocrx_word' id='word_1_637' title='bbox 2596 4621 2897 4694; x_wconf 87' lang='grc' dir='ltr'>παρθένους</span> <span class='ocrx_word' id='word_1_638' title='bbox 2949 4623 3380 4695; x_wconf 81' lang='grc' dir='ltr'>ἁμαρτημάτων,</span> <span class='ocrx_word' id='word_1_639' title='bbox 3406 4620 3473 4685; x_wconf 77' lang='grc' dir='ltr'>ἃς</span> <span class='ocrx_word' id='word_1_640' title='bbox 3503 4622 3553 4674; x_wconf 77' lang='grc' dir='ltr'>οἱ</span> <span class='ocrx_word' id='word_1_641' title='bbox 3592 4621 3749 4675; x_wconf 78' lang='grc' dir='ltr'>πλεῖ-</span> 
     </span>
    </p>
   </div>
   <div class='ocr_carea' id='block_1_92' title="bbox 497 4700 2070 4786">
    <p class='ocr_par' dir='ltr' id='par_1_92' title="bbox 497 4700 2070 4786">
     <span class='ocr_line' id='line_1_92' title="bbox 497 4700 2070 4786; baseline 0.001 -20"><span class='ocrx_word' id='word_1_642' title='bbox 497 4712 737 4784; x_wconf 82' lang='lat' dir='ltr'><strong>quinque</strong></span> <span class='ocrx_word' id='word_1_643' title='bbox 766 4700 983 4778; x_wconf 84' lang='lat' dir='ltr'><strong>sensus,</strong></span> <span class='ocrx_word' id='word_1_644' title='bbox 1015 4729 1153 4784; x_wconf 89' lang='lat' dir='ltr'><strong>quos</strong></span> <span class='ocrx_word' id='word_1_645' title='bbox 1183 4714 1429 4786; x_wconf 89' lang='lat' dir='ltr'><strong>plerique</strong></span> <span class='ocrx_word' id='word_1_646' title='bbox 1452 4714 1732 4785; x_wconf 65' lang='lat' dir='ltr'><strong>sapientiae</strong></span> <span class='ocrx_word' id='word_1_647' title='bbox 1760 4721 1949 4785; x_wconf 91' lang='lat' dir='ltr'><strong>portas</strong></span> <span class='ocrx_word' id='word_1_648' title='bbox 1973 4729 2070 4785; x_wconf 90' lang='lat' dir='ltr'><strong>ap-</strong></span> 
     </span>
    </p>
   </div>
   <div class='ocr_carea' id='block_1_93' title="bbox 569 4866 1370 4929">
    <p class='ocr_par' dir='ltr' id='par_1_93' title="bbox 569 4866 1370 4929">
     <span class='ocr_line' id='line_1_93' title="bbox 569 4866 1370 4929; baseline 0.009 -8"><span class='ocrx_word' id='word_1_649' title='bbox 569 4868 615 4899; x_wconf 77' lang='lat'><strong>“</strong></span> <span class='ocrx_word' id='word_1_650' title='bbox 650 4866 994 4925; x_wconf 72' lang='lat' dir='ltr'><strong>Matth.xxv.</strong></span> <span class='ocrx_word' id='word_1_651' title='bbox 1070 4872 1113 4904; x_wconf 79' lang='lat'>”</span> <span class='ocrx_word' id='word_1_652' title='bbox 1150 4871 1280 4927; x_wconf 81' lang='lat' dir='ltr'><strong>ibid.</strong></span> <span class='ocrx_word' id='word_1_653' title='bbox 1316 4872 1370 4929; x_wconf 69' lang='grc'><strong>1.</strong></span> 
     </span>
    </p>
   </div>
   <div class='ocr_carea' id='block_1_94' title="bbox 567 5030 2068 5103">
    <p class='ocr_par' dir='ltr' id='par_1_94' title="bbox 567 5030 2068 5103">
     <span class='ocr_line' id='line_1_94' title="bbox 567 5030 2068 5103; baseline 0.001 -17"><span class='ocrx_word' id='word_1_654' title='bbox 567 5030 681 5101; x_wconf 84' lang='lat'><strong>(86)</strong></span> <span class='ocrx_word' id='word_1_655' title='bbox 701 5031 821 5103; x_wconf 74' lang='lat' dir='ltr'><strong>Kal</strong></span> <span class='ocrx_word' id='word_1_656' title='bbox 847 5031 1092 5099; x_wconf 79' lang='grc' dir='ltr'>νοητήν.</span> <span class='ocrx_word' id='word_1_657' title='bbox 1126 5031 1509 5103; x_wconf 89' lang='lat' dir='ltr'><strong>Propriissima</strong></span> <span class='ocrx_word' id='word_1_658' title='bbox 1541 5049 1644 5087; x_wconf 81' lang='lat' dir='ltr'><strong>vox</strong></span> <span class='ocrx_word' id='word_1_659' title='bbox 1675 5033 1731 5087; x_wconf 89' lang='lat' dir='ltr'><strong>in</strong></span> <span class='ocrx_word' id='word_1_660' title='bbox 1760 5030 1875 5087; x_wconf 88' lang='lat' dir='ltr'><strong>Deo</strong></span> <span class='ocrx_word' id='word_1_661' title='bbox 1901 5051 1915 5086; x_wconf 89' lang='lat'><strong>:</strong></span> <span class='ocrx_word' id='word_1_662' title='bbox 1948 5031 2068 5103; x_wconf 88' lang='lat' dir='ltr'><strong>ipse</strong></span> 
     </span>
    </p>
   </div>
   <div class='ocr_carea' id='block_1_95' title="bbox 492 5102 2063 5173">
    <p class='ocr_par' dir='ltr' id='par_1_95' title="bbox 492 5102 2063 5173">
     <span class='ocr_line' id='line_1_95' title="bbox 492 5102 2063 5173; baseline 0 -16"><span class='ocrx_word' id='word_1_663' title='bbox 492 5103 639 5157; x_wconf 91' lang='lat' dir='ltr'><strong>enim</strong></span> <span class='ocrx_word' id='word_1_664' title='bbox 665 5102 914 5156; x_wconf 88' lang='lat' dir='ltr'><strong>absolute</strong></span> <span class='ocrx_word' id='word_1_665' title='bbox 938 5103 1000 5155; x_wconf 81' lang='grc' dir='ltr'>τὸ</span> <span class='ocrx_word' id='word_1_666' title='bbox 1028 5102 1469 5173; x_wconf 68' lang='grc' dir='ltr'>νοητόν,ζίιιιὶρρε</span> <span class='ocrx_word' id='word_1_667' title='bbox 1503 5104 1753 5172; x_wconf 90' lang='lat' dir='ltr'><strong>superior</strong></span> <span class='ocrx_word' id='word_1_668' title='bbox 1787 5102 2063 5167; x_wconf 78' lang='lat' dir='ltr'><strong>omnibus,</strong></span> 
     </span>
    </p>
   </div>
   <div class='ocr_carea' id='block_1_96' title="bbox 495 5172 2067 5244">
    <p class='ocr_par' dir='ltr' id='par_1_96' title="bbox 495 5172 2067 5244">
     <span class='ocr_line' id='line_1_96' title="bbox 495 5172 2067 5244; baseline 0.001 -17"><span class='ocrx_word' id='word_1_669' title='bbox 495 5186 767 5244; x_wconf 81' lang='lat' dir='ltr'><strong>suumque</strong></span> <span class='ocrx_word' id='word_1_670' title='bbox 795 5173 896 5226; x_wconf 87' lang='lat' dir='ltr'><strong>sibi</strong></span> <span class='ocrx_word' id='word_1_671' title='bbox 936 5180 990 5227; x_wconf 90' lang='lat' dir='ltr'><strong>et</strong></span> <span class='ocrx_word' id='word_1_672' title='bbox 1030 5174 1245 5229; x_wconf 86' lang='lat' dir='ltr'><strong>cunctis</strong></span> <span class='ocrx_word' id='word_1_673' title='bbox 1275 5172 1500 5244; x_wconf 78' lang='lat' dir='ltr'><strong>reliquis</strong></span> <span class='ocrx_word' id='word_1_674' title='bbox 1547 5172 1902 5244; x_wconf 86' lang='lat' dir='ltr'><strong>intelligibile,</strong></span> <span class='ocrx_word' id='word_1_675' title='bbox 1956 5188 2067 5229; x_wconf 86' lang='lat' dir='ltr'><strong>non</strong></span> 
     </span>
    </p>
   </div>
   <div class='ocr_carea' id='block_1_97' title="bbox 495 5241 2069 5314">
    <p class='ocr_par' dir='ltr' id='par_1_97' title="bbox 495 5241 2069 5314">
     <span class='ocr_line' id='line_1_97' title="bbox 495 5241 2069 5314; baseline 0.002 -18"><span class='ocrx_word' id='word_1_676' title='bbox 495 5241 591 5311; x_wconf 84' lang='lat' dir='ltr'><strong>qui</strong></span> <span class='ocrx_word' id='word_1_677' title='bbox 620 5242 904 5314; x_wconf 81' lang='lat' dir='ltr'><strong>ordinetur</strong></span> <span class='ocrx_word' id='word_1_678' title='bbox 929 5244 995 5297; x_wconf 85' lang='lat' dir='ltr'><strong>ad</strong></span> <span class='ocrx_word' id='word_1_679' title='bbox 1028 5244 1131 5314; x_wconf 86' lang='lat' dir='ltr'><strong>alia</strong></span> <span class='ocrx_word' id='word_1_680' title='bbox 1167 5241 1534 5314; x_wconf 77' lang='lat' dir='ltr'><strong>intelligenda,</strong></span> <span class='ocrx_word' id='word_1_681' title='bbox 1565 5241 1743 5314; x_wconf 78' lang='lat' dir='ltr'><strong>eaque</strong></span> <span class='ocrx_word' id='word_1_682' title='bbox 1771 5245 1981 5300; x_wconf 86' lang='lat' dir='ltr'><strong>ratione</strong></span> <span class='ocrx_word' id='word_1_683' title='bbox 2011 5245 2069 5299; x_wconf 91' lang='lat' dir='ltr'><strong>in</strong></span> 
     </span>
    </p>
   </div>
   <div class='ocr_carea' id='block_1_98' title="bbox 498 5311 2071 5384">
    <p class='ocr_par' dir='ltr' id='par_1_98' title="bbox 498 5311 2071 5384">
     <span class='ocr_line' id='line_1_98' title="bbox 498 5311 2071 5384; baseline 0.001 -17"><span class='ocrx_word' id='word_1_684' title='bbox 498 5311 870 5384; x_wconf 15' lang='lat' dir='ltr'><strong>secuntlaredw</strong></span> <span class='ocrx_word' id='word_1_685' title='bbox 901 5313 1103 5384; x_wconf 87' lang='grc' dir='ltr'>νοερῶν</span> <span class='ocrx_word' id='word_1_686' title='bbox 1130 5312 1206 5377; x_wconf 84' lang='lat' dir='ltr'><strong>(id</strong></span> <span class='ocrx_word' id='word_1_687' title='bbox 1235 5323 1318 5370; x_wconf 92' lang='lat' dir='ltr'><strong>est</strong></span> <span class='ocrx_word' id='word_1_688' title='bbox 1355 5311 1825 5384; x_wconf 74' lang='lat' dir='ltr'><strong>intellectualium,</strong></span> <span class='ocrx_word' id='word_1_689' title='bbox 1856 5328 1951 5369; x_wconf 83' lang='lat' dir='ltr'><strong>seu</strong></span> <span class='ocrx_word' id='word_1_690' title='bbox 1982 5314 2071 5368; x_wconf 84' lang='lat' dir='ltr'><strong>in-</strong></span> 
     </span>
    </p>
   </div>
   <div class='ocr_carea' id='block_1_99' title="bbox 496 5383 2070 5455">
    <p class='ocr_par' dir='ltr' id='par_1_99' title="bbox 496 5383 2070 5455">
     <span class='ocr_line' id='line_1_99' title="bbox 496 5383 2070 5455; baseline 0.003 -18"><span class='ocrx_word' id='word_1_691' title='bbox 496 5383 876 5455; x_wconf 79' lang='lat' dir='ltr'><strong>telligentium)</strong></span> <span class='ocrx_word' id='word_1_692' title='bbox 908 5383 1083 5438; x_wconf 79' lang='lat' dir='ltr'><strong>claSse</strong></span> <span class='ocrx_word' id='word_1_693' title='bbox 1108 5390 1400 5440; x_wconf 87' lang='lat' dir='ltr'><strong>statuatur.</strong></span> <span class='ocrx_word' id='word_1_694' title='bbox 1432 5383 1505 5438; x_wconf 82' lang='lat' dir='ltr'><strong>De</strong></span> <span class='ocrx_word' id='word_1_695' title='bbox 1531 5400 1637 5455; x_wconf 89' lang='lat' dir='ltr'><strong>qua</strong></span> <span class='ocrx_word' id='word_1_696' title='bbox 1660 5400 1792 5441; x_wconf 89' lang='lat' dir='ltr'><strong>voce</strong></span> <span class='ocrx_word' id='word_1_697' title='bbox 1810 5386 2070 5454; x_wconf 84' lang='lat' dir='ltr'><strong>praeclare</strong></span> 
     </span>
    </p>
   </div>
   <div class='ocr_carea' id='block_1_100' title="bbox 492 5452 2067 5524">
    <p class='ocr_par' dir='ltr' id='par_1_100' title="bbox 492 5452 2067 5524">
     <span class='ocr_line' id='line_1_100' title="bbox 492 5452 2067 5524; baseline 0.001 -16"><span class='ocrx_word' id='word_1_698' title='bbox 492 5452 788 5524; x_wconf 80' lang='lat' dir='ltr'><strong>Dionysius</strong></span> <span class='ocrx_word' id='word_1_699' title='bbox 813 5452 1045 5524; x_wconf 81' lang='lat' dir='ltr'><strong>ejusque</strong></span> <span class='ocrx_word' id='word_1_700' title='bbox 1074 5456 1399 5510; x_wconf 87' lang='lat' dir='ltr'><strong>scholiastes</strong></span> <span class='ocrx_word' id='word_1_701' title='bbox 1434 5452 1726 5512; x_wconf 79' lang='lat' dir='ltr'><strong>Maximus.</strong></span> <span class='ocrx_word' id='word_1_702' title='bbox 1765 5452 1936 5510; x_wconf 70' lang='lat' dir='ltr'><strong>valde</strong></span> <span class='ocrx_word' id='word_1_703' title='bbox 1965 5456 2067 5510; x_wconf 90' lang='lat' dir='ltr'><strong>im-</strong></span> 
     </span>
    </p>
   </div>
   <div class='ocr_carea' id='block_1_101' title="bbox 493 5523 2069 5608">
    <p class='ocr_par' dir='ltr' id='par_1_101' title="bbox 493 5523 2069 5608">
     <span class='ocr_line' id='line_1_101' title="bbox 493 5523 2069 5608; baseline -0.002 -26"><span class='ocrx_word' id='word_1_704' title='bbox 493 5523 798 5608; x_wconf 65' lang='lat' dir='ltr'><strong>Vroprium,</strong></span> <span class='ocrx_word' id='word_1_705' title='bbox 833 5523 992 5608; x_wconf 44' lang='lat' dir='ltr'><strong>“quod</strong></span> <span class='ocrx_word' id='word_1_706' title='bbox 1037 5523 1163 5608; x_wconf 83' lang='lat' dir='ltr'><strong>boni</strong></span> <span class='ocrx_word' id='word_1_707' title='bbox 1202 5526 1368 5608; x_wconf 78' lang='lat' dir='ltr'><strong>etiam</strong></span> <span class='ocrx_word' id='word_1_708' title='bbox 1404 5537 1655 5608; x_wconf 73' lang='lat' dir='ltr'><strong>auctores</strong></span> <span class='ocrx_word' id='word_1_709' title='bbox 1690 5526 1753 5579; x_wconf 81' lang='grc' dir='ltr'>τὸ</span> <span class='ocrx_word' id='word_1_710' title='bbox 1790 5526 1981 5608; x_wconf 76' lang='grc' dir='ltr'>νοητόν</span> <span class='ocrx_word' id='word_1_711' title='bbox 2014 5532 2069 5581; x_wconf 88' lang='lat' dir='ltr'><strong>et</strong></span> 
     </span>
    </p>
   </div>
   <div class='ocr_carea' id='block_1_102' title="bbox 518 5593 2066 5668">
    <p class='ocr_par' dir='ltr' id='par_1_102' title="bbox 518 5593 2066 5668">
     <span class='ocr_line' id='line_1_102' title="bbox 518 5593 2066 5668; baseline 0.002 -22"><span class='ocrx_word' id='word_1_712' title='bbox 518 5594 672 5668; x_wconf 59' lang='grc' dir='ltr'>-ιερόν</span> <span class='ocrx_word' id='word_1_713' title='bbox 720 5593 1084 5668; x_wconf 78' lang='lat' dir='ltr'><strong>confundunt,</strong></span> <span class='ocrx_word' id='word_1_714' title='bbox 1126 5610 1252 5651; x_wconf 92' lang='lat' dir='ltr'><strong>cum</strong></span> <span class='ocrx_word' id='word_1_715' title='bbox 1295 5598 1522 5651; x_wconf 89' lang='lat' dir='ltr'><strong>alterum</strong></span> <span class='ocrx_word' id='word_1_716' title='bbox 1571 5598 1746 5668; x_wconf 90' lang='lat' dir='ltr'><strong>ipsum</strong></span> <span class='ocrx_word' id='word_1_717' title='bbox 1795 5593 2066 5668; x_wconf 68' lang='lat' dir='ltr'><strong>obiectum</strong></span> 
     </span>
    </p>
   </div>
   <div class='ocr_carea' id='block_1_103' title="bbox 491 5665 2067 5737">
    <p class='ocr_par' dir='ltr' id='par_1_103' title="bbox 491 5665 2067 5737">
     <span class='ocr_line' id='line_1_103' title="bbox 491 5665 2067 5737; baseline 0.001 -17"><span class='ocrx_word' id='word_1_718' title='bbox 491 5665 655 5737; x_wconf 56' lang='grc' dir='ltr'>λίθοι.</span> <span class='ocrx_word' id='word_1_719' title='bbox 706 5665 936 5737; x_wconf 85' lang='lat' dir='ltr'><strong>alterum</strong></span> <span class='ocrx_word' id='word_1_720' title='bbox 981 5668 1280 5736; x_wconf 89' lang='lat' dir='ltr'><strong>potentiam</strong></span> <span class='ocrx_word' id='word_1_721' title='bbox 1321 5675 1376 5722; x_wconf 93' lang='lat' dir='ltr'><strong>et</strong></span> <span class='ocrx_word' id='word_1_722' title='bbox 1424 5665 1756 5734; x_wconf 72' lang='lat' dir='ltr'><strong>facultatem,</strong></span> <span class='ocrx_word' id='word_1_723' title='bbox 1804 5665 1925 5737; x_wconf 67' lang='lat' dir='ltr'><strong>quae</strong></span> <span class='ocrx_word' id='word_1_724' title='bbox 1973 5667 2067 5722; x_wconf 89' lang='lat' dir='ltr'><strong>illo</strong></span> 
     </span>
    </p>
   </div>
   <div class='ocr_carea' id='block_1_104' title="bbox 488 5736 2069 5811">
    <p class='ocr_par' dir='ltr' id='par_1_104' title="bbox 488 5736 2069 5811">
     <span class='ocr_line' id='line_1_104' title="bbox 488 5736 2069 5811; baseline 0.004 -24"><span class='ocrx_word' id='word_1_725' title='bbox 488 5736 645 5811; x_wconf 84' lang='lat' dir='ltr'><strong>quasi</strong></span> <span class='ocrx_word' id='word_1_726' title='bbox 688 5736 929 5811; x_wconf 82' lang='lat' dir='ltr'><strong>pascitur</strong></span> <span class='ocrx_word' id='word_1_727' title='bbox 960 5752 1033 5811; x_wconf 80' lang='lat' dir='ltr'><strong>ac</strong></span> <span class='ocrx_word' id='word_1_728' title='bbox 1061 5737 1254 5811; x_wconf 82' lang='lat' dir='ltr'><strong>beatur</strong></span> <span class='ocrx_word' id='word_1_729' title='bbox 1279 5754 1294 5791; x_wconf 88' lang='lat'><strong>:</strong></span> <span class='ocrx_word' id='word_1_730' title='bbox 1318 5752 1440 5811; x_wconf 59' lang='lat' dir='ltr'><strong>quae</strong></span> <span class='ocrx_word' id='word_1_731' title='bbox 1483 5738 1537 5792; x_wconf 89' lang='lat' dir='ltr'><strong>in</strong></span> <span class='ocrx_word' id='word_1_732' title='bbox 1577 5737 1685 5794; x_wconf 86' lang='lat' dir='ltr'><strong>Deo</strong></span> <span class='ocrx_word' id='word_1_733' title='bbox 1725 5736 2069 5811; x_wconf 83' lang='lat' dir='ltr'><strong>simplicissi-</strong></span> 
     </span>
    </p>
   </div>
   <div class='ocr_carea' id='block_1_105' title="bbox 490 5807 1658 5882">
    <p class='ocr_par' dir='ltr' id='par_1_105' title="bbox 490 5807 1658 5882">
     <span class='ocr_line' id='line_1_105' title="bbox 490 5807 1658 5882; baseline 0.005 -22"><span class='ocrx_word' id='word_1_734' title='bbox 490 5823 596 5875; x_wconf 82' lang='lat' dir='ltr'><strong>ma,</strong></span> <span class='ocrx_word' id='word_1_735' title='bbox 634 5808 689 5862; x_wconf 84' lang='lat' dir='ltr'><strong>in</strong></span> <span class='ocrx_word' id='word_1_736' title='bbox 723 5809 949 5882; x_wconf 77' lang='lat' dir='ltr'><strong>reliquis</strong></span> <span class='ocrx_word' id='word_1_737' title='bbox 988 5807 1160 5867; x_wconf 85' lang='lat' dir='ltr'><strong>divisa</strong></span> <span class='ocrx_word' id='word_1_738' title='bbox 1192 5807 1658 5868; x_wconf 58' lang='lat' dir='ltr'><strong>suntiCoussns.</strong></span> 
     </span>
    </p>
   </div>
   <div class='ocr_carea' id='block_1_106' title="bbox 2178 4714 3751 4787">
    <p class='ocr_par' dir='ltr' id='par_1_106' title="bbox 2178 4714 3751 4787">
     <span class='ocr_line' id='line_1_106' title="bbox 2178 4714 3751 4787; baseline 0 -19"><span class='ocrx_word' id='word_1_739' title='bbox 2178 4729 2291 4769; x_wconf 91' lang='grc' dir='ltr'>στοι</span> <span class='ocrx_word' id='word_1_740' title='bbox 2324 4715 2514 4783; x_wconf 75' lang='grc' dir='ltr'>σοφίας</span> <span class='ocrx_word' id='word_1_741' title='bbox 2545 4716 2990 4787; x_wconf 82' lang='grc' dir='ltr'>προσηγόρευσαν</span> <span class='ocrx_word' id='word_1_742' title='bbox 3024 4715 3232 4780; x_wconf 84' lang='grc' dir='ltr'>πύλας·</span> <span class='ocrx_word' id='word_1_743' title='bbox 3263 4715 3320 4769; x_wconf 85' lang='grc' dir='ltr'>αἱ</span> <span class='ocrx_word' id='word_1_744' title='bbox 3350 4715 3408 4768; x_wconf 83' lang='grc' dir='ltr'>δὲ</span> <span class='ocrx_word' id='word_1_745' title='bbox 3439 4714 3751 4770; x_wconf 77' lang='grc' dir='ltr'>τούναντίον</span> 
     </span>
    </p>
   </div>
   <div class='ocr_carea' id='block_1_107' title="bbox 2233 5028 3751 5102">
    <p class='ocr_par' dir='ltr' id='par_1_107' title="bbox 2233 5028 3751 5102">
     <span class='ocr_line' id='line_1_107' title="bbox 2233 5028 3751 5102; baseline -0.001 -17"><span class='ocrx_word' id='word_1_746' title='bbox 2233 5029 2341 5102; x_wconf 87' lang='lat'><strong>(87)</strong></span> <span class='ocrx_word' id='word_1_747' title='bbox 2364 5031 3000 5101; x_wconf 70' lang='grc' dir='ltr'>Σημαίνεινβούλεται.</span> <span class='ocrx_word' id='word_1_748' title='bbox 3028 5030 3143 5102; x_wconf 76' lang='lat' dir='ltr'><strong>Alia</strong></span> <span class='ocrx_word' id='word_1_749' title='bbox 3166 5030 3328 5102; x_wconf 81' lang='lat' dir='ltr'><strong>lectio</strong></span> <span class='ocrx_word' id='word_1_750' title='bbox 3341 5028 3609 5102; x_wconf 80' lang='lat' dir='ltr'><strong>Allatiana</strong></span> <span class='ocrx_word' id='word_1_751' title='bbox 3627 5029 3751 5102; x_wconf 82' lang='lat' dir='ltr'><strong>ipsa</strong></span> 
     </span>
    </p>
   </div>
   <div class='ocr_carea' id='block_1_108' title="bbox 2162 5099 3749 5174">
    <p class='ocr_par' dir='ltr' id='par_1_108' title="bbox 2162 5099 3749 5174">
     <span class='ocr_line' id='line_1_108' title="bbox 2162 5099 3749 5174; baseline -0.001 -18"><span class='ocrx_word' id='word_1_752' title='bbox 2162 5099 2271 5174; x_wconf 76' lang='lat' dir='ltr'><strong>non</strong></span> <span class='ocrx_word' id='word_1_753' title='bbox 2295 5099 2667 5174; x_wconf 78' lang='lat' dir='ltr'><strong>improbanda,</strong></span> <span class='ocrx_word' id='word_1_754' title='bbox 2705 5102 2983 5174; x_wconf 81' lang='grc' dir='ltr'>σημαίνει,</span> <span class='ocrx_word' id='word_1_755' title='bbox 3009 5099 3447 5174; x_wconf 13' lang='grc' dir='ltr'>βουληθῆναιίτῂν</span> <span class='ocrx_word' id='word_1_756' title='bbox 3467 5099 3634 5174; x_wconf 76' lang='grc' dir='ltr'>αύτὴν</span> <span class='ocrx_word' id='word_1_757' title='bbox 3653 5099 3749 5174; x_wconf 77' lang='grc' dir='ltr'><strong>ἁν-</strong></span> 
     </span>
    </p>
   </div>
   <div class='ocr_carea' id='block_1_109' title="bbox 2161 5169 3750 5245">
    <p class='ocr_par' dir='ltr' id='par_1_109' title="bbox 2161 5169 3750 5245">
     <span class='ocr_line' id='line_1_109' title="bbox 2161 5169 3750 5245; baseline 0 -20"><span class='ocrx_word' id='word_1_758' title='bbox 2161 5172 2314 5245; x_wconf 32' lang='grc' dir='ltr'>δρ-ίαν</span> <span class='ocrx_word' id='word_1_759' title='bbox 2340 5169 2655 5245; x_wconf 72' lang='grc' dir='ltr'>ἐνδύσασθαι</span> <span class='ocrx_word' id='word_1_760' title='bbox 2687 5169 2886 5236; x_wconf 72' lang='grc' dir='ltr'>πάσας,</span> <span class='ocrx_word' id='word_1_761' title='bbox 2931 5169 3019 5245; x_wconf 16' lang='grc' dir='ltr'><strong>μῂή</strong></span> <span class='ocrx_word' id='word_1_762' title='bbox 3059 5169 3305 5245; x_wconf 78' lang='grc' dir='ltr'>μέντοιγε</span> <span class='ocrx_word' id='word_1_763' title='bbox 3336 5169 3613 5245; x_wconf 67' lang='grc' dir='ltr'>ἐξισχῦσαι</span> <span class='ocrx_word' id='word_1_764' title='bbox 3644 5173 3750 5235; x_wconf 76' lang='grc' dir='ltr'>τὰς</span> 
     </span>
    </p>
   </div>
   <div class='ocr_carea' id='block_1_110' title="bbox 2164 5240 3742 5311">
    <p class='ocr_par' dir='ltr' id='par_1_110' title="bbox 2164 5240 3742 5311">
     <span class='ocr_line' id='line_1_110' title="bbox 2164 5240 3742 5311; baseline 0 -16"><span class='ocrx_word' id='word_1_765' title='bbox 2164 5240 2348 5306; x_wconf 82' lang='grc' dir='ltr'>πέντε,</span> <span class='ocrx_word' id='word_1_766' title='bbox 2384 5244 2609 5299; x_wconf 81' lang='lat' dir='ltr'><strong>voluisse</strong></span> <span class='ocrx_word' id='word_1_767' title='bbox 2635 5260 2813 5298; x_wconf 83' lang='lat' dir='ltr'><strong>omnes</strong></span> <span class='ocrx_word' id='word_1_768' title='bbox 2843 5240 3080 5297; x_wconf 70' lang='lat' dir='ltr'><strong>eamdem</strong></span> <span class='ocrx_word' id='word_1_769' title='bbox 3105 5242 3320 5297; x_wconf 80' lang='lat' dir='ltr'><strong>induere</strong></span> <span class='ocrx_word' id='word_1_770' title='bbox 3351 5240 3742 5311; x_wconf 73' lang='lat' dir='ltr'><strong>fortitudinem,</strong></span> 
     </span>
    </p>
   </div>
   <div class='ocr_carea' id='block_1_111' title="bbox 2167 5313 3748 5385">
    <p class='ocr_par' dir='ltr' id='par_1_111' title="bbox 2167 5313 3748 5385">
     <span class='ocr_line' id='line_1_111' title="bbox 2167 5313 3748 5385; baseline -0.001 -17"><span class='ocrx_word' id='word_1_771' title='bbox 2167 5313 2256 5368; x_wconf 80' lang='lat' dir='ltr'><strong>sed</strong></span> <span class='ocrx_word' id='word_1_772' title='bbox 2284 5316 2512 5384; x_wconf 83' lang='lat' dir='ltr'><strong>quinque</strong></span> <span class='ocrx_word' id='word_1_773' title='bbox 2556 5325 2731 5369; x_wconf 80' lang='lat' dir='ltr'><strong>tamen</strong></span> <span class='ocrx_word' id='word_1_774' title='bbox 2778 5315 2912 5369; x_wconf 76' lang='lat' dir='ltr'><strong>vires</strong></span> <span class='ocrx_word' id='word_1_775' title='bbox 2952 5313 3239 5385; x_wconf 78' lang='lat' dir='ltr'><strong>defecisse;</strong></span> <span class='ocrx_word' id='word_1_776' title='bbox 3287 5327 3483 5381; x_wconf 88' lang='lat' dir='ltr'><strong>nempe</strong></span> <span class='ocrx_word' id='word_1_777' title='bbox 3513 5321 3748 5385; x_wconf 76' lang='lat' dir='ltr'><strong>arrepto</strong></span> 
     </span>
    </p>
   </div>
   <div class='ocr_carea' id='block_1_112' title="bbox 2169 5382 3750 5453">
    <p class='ocr_par' dir='ltr' id='par_1_112' title="bbox 2169 5382 3750 5453">
     <span class='ocr_line' id='line_1_112' title="bbox 2169 5382 3750 5453; baseline -0.001 -14"><span class='ocrx_word' id='word_1_778' title='bbox 2169 5382 2460 5441; x_wconf 79' lang='lat' dir='ltr'><strong>sanctioris</strong></span> <span class='ocrx_word' id='word_1_779' title='bbox 2491 5385 2615 5440; x_wconf 64' lang='lat' dir='ltr'><strong>vitae</strong></span> <span class='ocrx_word' id='word_1_780' title='bbox 2651 5385 2932 5449; x_wconf 88' lang='lat' dir='ltr'><strong>instituto,</strong></span> <span class='ocrx_word' id='word_1_781' title='bbox 2967 5382 3250 5453; x_wconf 68' lang='lat' dir='ltr'><strong>coeptaque</strong></span> <span class='ocrx_word' id='word_1_782' title='bbox 3288 5382 3557 5453; x_wconf 82' lang='lat' dir='ltr'><strong>castitatis</strong></span> <span class='ocrx_word' id='word_1_783' title='bbox 3587 5385 3750 5452; x_wconf 64' lang='lat' dir='ltr'><strong>palae-</strong></span> 
     </span>
    </p>
   </div>
   <div class='ocr_carea' id='block_1_113' title="bbox 2171 5452 3748 5525">
    <p class='ocr_par' dir='ltr' id='par_1_113' title="bbox 2171 5452 3748 5525">
     <span class='ocr_line' id='line_1_113' title="bbox 2171 5452 3748 5525; baseline -0.001 -16"><span class='ocrx_word' id='word_1_784' title='bbox 2171 5465 2306 5518; x_wconf 88' lang='lat' dir='ltr'><strong>st-ra,</strong></span> <span class='ocrx_word' id='word_1_785' title='bbox 2333 5456 2453 5525; x_wconf 85' lang='lat' dir='ltr'><strong>ejus</strong></span> <span class='ocrx_word' id='word_1_786' title='bbox 2480 5456 2699 5513; x_wconf 86' lang='lat' dir='ltr'><strong>virtutis</strong></span> <span class='ocrx_word' id='word_1_787' title='bbox 2731 5455 2879 5509; x_wconf 91' lang='lat' dir='ltr'><strong>cultu</strong></span> <span class='ocrx_word' id='word_1_788' title='bbox 2921 5452 3288 5524; x_wconf 84' lang='lat' dir='ltr'><strong>obtorpuisse.</strong></span> <span class='ocrx_word' id='word_1_789' title='bbox 3332 5452 3600 5525; x_wconf 83' lang='lat' dir='ltr'><strong>Videntur</strong></span> <span class='ocrx_word' id='word_1_790' title='bbox 3632 5453 3748 5525; x_wconf 75' lang='lat' dir='ltr'><strong>haec</strong></span> 
     </span>
    </p>
   </div>
   <div class='ocr_carea' id='block_1_114' title="bbox 2171 5523 3745 5607">
    <p class='ocr_par' dir='ltr' id='par_1_114' title="bbox 2171 5523 3745 5607">
     <span class='ocr_line' id='line_1_114' title="bbox 2171 5523 3745 5607; baseline -0.002 -27"><span class='ocrx_word' id='word_1_791' title='bbox 2171 5523 2445 5607; x_wconf 54' lang='lat' dir='ltr'><strong>respicere</strong></span> <span class='ocrx_word' id='word_1_792' title='bbox 2483 5526 2617 5581; x_wconf 91' lang='lat' dir='ltr'><strong>illud</strong></span> <span class='ocrx_word' id='word_1_793' title='bbox 2659 5525 2765 5607; x_wconf 54' lang='lat' dir='ltr'><strong>ise:</strong></span> <span class='ocrx_word' id='word_1_794' title='bbox 2794 5542 2869 5587; x_wconf 83' lang='lat' dir='ltr'><strong>LI,</strong></span> <span class='ocrx_word' id='word_1_795' title='bbox 2913 5525 2987 5607; x_wconf 53' lang='lat' dir='ltr'><strong>Si:</strong></span> <span class='ocrx_word' id='word_1_796' title='bbox 3026 5525 3284 5607; x_wconf 61' lang='grc' dir='ltr'>’ςΕνδυσαι</span> <span class='ocrx_word' id='word_1_797' title='bbox 3321 5527 3420 5607; x_wconf 65' lang='grc' dir='ltr'>τὴν</span> <span class='ocrx_word' id='word_1_798' title='bbox 3451 5523 3745 5607; x_wconf 42' lang='grc' dir='ltr'>ίσχὺνβρῇ</span> 
     </span>
    </p>
   </div>
   <div class='ocr_carea' id='block_1_115' title="bbox 2174 5593 3750 5667">
    <p class='ocr_par' dir='ltr' id='par_1_115' title="bbox 2174 5593 3750 5667">
     <span class='ocr_line' id='line_1_115' title="bbox 2174 5593 3750 5667; baseline 0.001 -19"><span class='ocrx_word' id='word_1_799' title='bbox 2174 5593 2454 5667; x_wconf 80' lang='grc' dir='ltr'>βραχίονός</span> <span class='ocrx_word' id='word_1_800' title='bbox 2490 5613 2607 5661; x_wconf 87' lang='grc' dir='ltr'>σου,</span> <span class='ocrx_word' id='word_1_801' title='bbox 2650 5595 2876 5651; x_wconf 84' lang='lat' dir='ltr'><strong>Induere</strong></span> <span class='ocrx_word' id='word_1_802' title='bbox 2917 5596 3283 5667; x_wconf 72' lang='lat' dir='ltr'><strong>fortitudinem</strong></span> <span class='ocrx_word' id='word_1_803' title='bbox 3315 5593 3647 5649; x_wconf 27' lang='lat' dir='ltr'><strong>brae/zii‘tui.</strong></span> <span class='ocrx_word' id='word_1_804' title='bbox 3682 5593 3750 5650; x_wconf 87' lang='lat' dir='ltr'><strong>Et</strong></span> 
     </span>
    </p>
   </div>
   <div class='ocr_carea' id='block_1_116' title="bbox 2168 5666 3752 5735">
    <p class='ocr_par' dir='ltr' id='par_1_116' title="bbox 2168 5666 3752 5735">
     <span class='ocr_line' id='line_1_116' title="bbox 2168 5666 3752 5735; baseline -0.003 -14"><span class='ocrx_word' id='word_1_805' title='bbox 2168 5666 2319 5721; x_wconf 81' lang='lat' dir='ltr'><strong>certe</strong></span> <span class='ocrx_word' id='word_1_806' title='bbox 2349 5670 2488 5722; x_wconf 80' lang='lat' dir='ltr'><strong>forte</strong></span> <span class='ocrx_word' id='word_1_807' title='bbox 2514 5675 2811 5734; x_wconf 89' lang='lat' dir='ltr'><strong>certamen,</strong></span> <span class='ocrx_word' id='word_1_808' title='bbox 2845 5666 3124 5723; x_wconf 85' lang='lat' dir='ltr'><strong>certamen</strong></span> <span class='ocrx_word' id='word_1_809' title='bbox 3153 5668 3425 5722; x_wconf 90' lang='lat' dir='ltr'><strong>castitatis</strong></span> <span class='ocrx_word' id='word_1_810' title='bbox 3457 5675 3621 5735; x_wconf 83' lang='lat' dir='ltr'><strong>atque</strong></span> <span class='ocrx_word' id='word_1_811' title='bbox 3647 5666 3752 5719; x_wconf 68' lang='grc' dir='ltr'><strong>ἀνα</strong></span> 
     </span>
    </p>
   </div>
   <div class='ocr_carea' id='block_1_117' title="bbox 2167 5736 3747 5810">
    <p class='ocr_par' dir='ltr' id='par_1_117' title="bbox 2167 5736 3747 5810">
     <span class='ocr_line' id='line_1_117' title="bbox 2167 5736 3747 5810; baseline 0.003 -20"><span class='ocrx_word' id='word_1_812' title='bbox 2167 5736 2341 5810; x_wconf 85' lang='grc' dir='ltr'>δρίας,</span> <span class='ocrx_word' id='word_1_813' title='bbox 2360 5748 2423 5810; x_wconf 12' lang='grc' dir='ltr'>ιιι,</span> <span class='ocrx_word' id='word_1_814' title='bbox 2442 5738 2735 5810; x_wconf 19' lang='lat' dir='ltr'><strong>in‘omnem</strong></span> <span class='ocrx_word' id='word_1_815' title='bbox 2764 5739 2930 5810; x_wconf 80' lang='lat' dir='ltr'><strong>vitam</strong></span> <span class='ocrx_word' id='word_1_816' title='bbox 2967 5738 3212 5793; x_wconf 83' lang='lat' dir='ltr'><strong>accensis</strong></span> <span class='ocrx_word' id='word_1_817' title='bbox 3246 5736 3589 5810; x_wconf 73' lang='lat' dir='ltr'><strong>lampadibus</strong></span> <span class='ocrx_word' id='word_1_818' title='bbox 3617 5749 3747 5795; x_wconf 74' lang='lat' dir='ltr'><strong>sus-</strong></span> 
     </span>
    </p>
   </div>
   <div class='ocr_carea' id='block_1_118' title="bbox 2168 5806 3635 5881">
    <p class='ocr_par' dir='ltr' id='par_1_118' title="bbox 2168 5806 3635 5881">
     <span class='ocr_line' id='line_1_118' title="bbox 2168 5806 3635 5881; baseline -0.001 -14"><span class='ocrx_word' id='word_1_819' title='bbox 2168 5806 2351 5881; x_wconf 78' lang='lat' dir='ltr'><strong>pensa:</strong></span> <span class='ocrx_word' id='word_1_820' title='bbox 2376 5808 2616 5881; x_wconf 83' lang='lat' dir='ltr'><strong>virgines</strong></span> <span class='ocrx_word' id='word_1_821' title='bbox 2645 5808 2754 5866; x_wconf 90' lang='lat' dir='ltr'><strong>sint</strong></span> <span class='ocrx_word' id='word_1_822' title='bbox 2784 5809 2839 5866; x_wconf 88' lang='lat' dir='ltr'><strong>in</strong></span> <span class='ocrx_word' id='word_1_823' title='bbox 2866 5813 3273 5881; x_wconf 83' lang='lat' dir='ltr'><strong>exspectatione</strong></span> <span class='ocrx_word' id='word_1_824' title='bbox 3302 5807 3521 5881; x_wconf 75' lang='lat' dir='ltr'><strong>Sponsi.</strong></span> <span class='ocrx_word' id='word_1_825' title='bbox 3555 5806 3635 5865; x_wconf 77' lang='lat' dir='ltr'><strong>lo.</strong></span> 
     </span>
    </p>
   </div>
  </div>
