4052 6338
241 362 340 417 H7

1334 360 1715 419 CONVIVIUM
1756 361 1982 418 DECEM
2029 360 2386 419 VIRGINUM.

3374 368 3477 425 “8

238 478 493 549 πλήθεσιν
506 478 863 550 ἀδικημάτων
888 478 1246 552 ἐλωϐήσαντο,
1280 480 1588 551 φυράσασαι
1614 479 1800 551 κακίᾳ.

1905 480 2192 551 pellarunt,
2235 494 2404 550 puros
2433 486 2596 549 atque
2634 479 2873 550 virgines
2902 495 2932 534 a
2970 482 3212 552 peccatis
3234 482 3317 537 hae
3346 487 3473 554 qui-

248 571 722 642 Ἐγκρατεύσασαι
773 572 882 643 γάρ
918 572 1011 626 καὶ
1057 571 1389 639 ἀγνεύσασαι
1445 571 1809 643 δικαιοσύνης,

235 663 548 733 εύφόρησαν
568 664 768 732 μᾶλλον
787 664 1223 736 παραπτώμασιν
1243 681 1257 696 ·
1286 663 1346 729 ἐξ
1369 657 1443 717 οὗ-
1474 664 1537 735 δὴ
1564 665 1655 717 καὶ
1688 682 1812 718 συν-

236 754 327 823 έϐη
359 754 473 807 τῶν
533 753 694 807 θείων
719 755 826 820 ἔξω
858 756 1156 829 περιϐόλων
1188 754 1636 819 ἀποκλεισθείσας
1664 756 1809 808 ἀπα-

234 845 579 916 γορευθῆναι.
614 848 737 901 Εἴτε
760 848 868 920 γὰρ
895 849 1281 920 κατορθοῦμεν,
1320 849 1428 901 εἴτε
1460 845 1809 918 πλημμελοῦ-

239 956 354 1009 μεν,
379 938 471 990 διὰ
485 938 694 993 τούτων
721 940 974 1011 ἑκάτερα,
991 941 1084 994 καὶ
1102 941 1169 992 τὰ
1188 939 1640 1011 ἀνδραγαθήματα
1670 956 1807 1010 κρα-

228 1030 472 1093 τύνεται,
504 1031 601 1084 καὶ
634 1032 703 1085 τὰ
730 1033 1225 1102 κακοπραγήματα.
1266 1032 1375 1085 Καὶ
1398 1030 1585 1101 ὥσπερ
1608 1032 1642 1101 ἡ
1670 1029 1807 1084 Θάλ-

233 1122 419 1185 λουσα,
443 1124 558 1176 Καὶ
596 1122 913 1192 ὀφθαλμῶν,
948 1122 1070 1194 ἔφη,
1107 1123 1197 1175 καὶ
1217 1120 1367 1175 ὢτων
1400 1121 1617 1190 ἁγνείαν
1645 1118 1803 1185 εἶναι,

238 1215 325 1267 καὶ
356 1213 635 1283 γλώσσης,
669 1217 764 1268 καί⁹
777 1215 883 1269 τῶν
913 1194 1112 1267 λοιπῶν
1138 1213 1369 1284 καθεξῆς
1401 1212 1800 1285 αἰσθητηρίωνο

236 1300 372 1354 οὕτω
403 1302 467 1372 δὴ
494 1304 590 1354 καὶ
611 1302 843 1356 ἐνταῦθα
872 1304 971 1375 τὴν
998 1304 1177 1357 πίστιν
1201 1304 1439 1375 ἀσυλονὴ
1456 1302 1802 1375 φυλαξαμένη

240 1393 340 1445 τῶν
381 1394 544 1446 πέντε
597 1394 780 1449 διόδων
827 1395 929 1465 τῆς
975 1396 1192 1466 ἀρετῆς,
1234 1397 1496 1467 ὁράσεως,
1531 1394 1801 1463 γεύσεως,

239 1486 574 1556 ὀσφρήσεως,
591 1487 735 1555 ἁφῆς
754 1504 811 1539 τε
831 1487 924 1541 καὶ
948 1488 1135 1558 ἀκοῆς,
1154 1488 1312 1541 πέντε
1341 1488 1800 1560 προσαγορεύεται

247 1578 513 1649 παρθένοι,
570 1579 656 1633 διὰ
708 1582 767 1633 τὸ
829 1582 930 1644 τὰς
972 1581 1130 1635 πέντε
1173 1582 1267 1653 τῆς
1296 1582 1605 1652 αἰσθήσεως.
1632 1581 1801 1649 ἁγνὰς

245 1673 683 1744 ἀποκαταστῆσαι
708 1675 786 1746 τῷ
829 1677 1046 1748 Χριστῷ
1096 1678 1415 1746 φαντασίας,
1444 1678 1535 1746 ἀφ’
1564 1678 1798 1748 ἑκάστης

250 1766 411 1817 αὐτῶν
436 1762 522 1820 οἷα
552 1767 807 1841 λαμπτὴρ
833 1769 931 1841 τὴν
962 1771 1211 1841 ὁσιότητα
1232 1770 1521 1841 λάμπουσα
1563 1769 1792 1841 τρανῶς.

254 1860 316 1911 Ἦ
344 1861 447 1931 γάρ
474 1863 820 1931 πεντάφωτος
850 1864 1004 1935 ἡμῶν
1023 1864 1098 1927 ὡς
1121 1864 1332 1935 ἀληθῶς
1363 1861 1583 1935 λαμπὰς
1611 1866 1643 1933 ή
1669 1860 1803 1933 σάρξ

248 1958 401 2019 ἐστιν,
436 1958 501 2027 ἢν
528 1960 562 2026 ἡ
582 1957 727 2029 ψυχὴ
756 1958 1091 2028 βαστάζουσα
1134 1958 1287 2031 δᾳδὸς
1326 1958 1503 2030 δίκην,
1541 1956 1617 2029 τῷ
1650 1958 1803 2028 Νυμ-

252 2051 346 2120 erit?
371 2051 701 2123 παρίσταται
728 2051 950 2123 Χριστῷ
987 2055 1053 2123 τῇ
1085 2052 1267 2125 ἡμέρᾳ
1311 2051 1410 2122 τῆς
1434 2051 1801 2116 ἀναστάσεως,

253 2144 649 2214 παραφαίνουσα
665 2145 751 2198 διὰ
773 2145 961 2199 πασῶν
979 2146 1083 2199 τῶν
1103 2145 1405 2217 αἰσθήσεων
1420 2144 1803 2217 διεκθρώσκου·

252 2252 339 2288 σαν
364 2236 627 2309 λαμπράν
653 2238 749 2309 τὴν
782 2238 986 2303 πίστιν,
1031 2236 1212 2302 καθὼς
1244 2238 1404 2300 αὐτὸς
1432 2236 1689 2301 ἐδίδαξεν,
1722 2239 1800 2290 εἰ-

248 2326 384 2379 πών·
429 2328 555 2396 Πῦρ
608 2324 800 2397 ἦλθον
840 2329 1058 2394 βαλεῖν
1104 2332 1191 2396 εἷς
1247 2328 1363 2397 τὴν
1398 2328 1551 2399 γῆν,
1612 2329 1711 2382 καὶ
1745 2329 1803 2383 τι

246 2418 452 2484 ἤθελον
488 2421 540 2472 εὶ
579 2419 697 2490 ἤδη
734 2420 1007 2489 ἀνήφθτυ
1046 2422 1149 2493 γῆν
1193 2421 1349 2495 ἡμῶν
1379 2421 1448 2474 τὰ
1470 2420 1801 2492 σκηνώματα

246 2512 464 2579 φράσας,
506 2513 586 2574 εἰς
618 2513 654 2566 ἃ
695 2514 946 2568 ἐϐούλετο
975 2515 1185 2585 ταχέως
1230 2514 1534 2585 ἀναφθῆναι
1554 2515 1652 2586 τὴν
1680 2514 1801 2581 ὀξυ-

248 2601 445 2671 κίνητον
476 2602 576 2672 τῆς
606 2602 956 2668 διδασκαλίας
988 2604 1152 2658 αὑτοῦ
1172 2605 1266 2659 καὶ
1289 2604 1548 2674 διάπυρον
1580 2603 1795 2675 πρᾶξιν.

247 2691 315 2745 Τὸ
338 2694 436 2765 γὰρ
461 2694 638 2748 ἔλαιον
658 2698 724 2767 τῇ
768 2698 930 2768 σοφίᾳ
963 2696 1057 2750 καὶ
1084 2699 1149 2768 τῇ
1183 2696 1493 2767 δικαιοσύνη
1521 2694 1800 2766 παραϐλη-

246 2787 372 2841 τέον.
427 2788 828 2862 ’Δνομϐρούσης
865 2790 974 2863 γὰρ
1011 2789 1179 2844 ταῦτα
1207 2790 1304 2859 τῆς
1350 2789 1526 2859 ψυχῆς
1554 2788 1800 2857 ἀφθόνως

248 2877 333 2927 καὶ
363 2877 680 2949 έπιχεούσης
736 2879 816 2951 τῷ
868 2879 1101 2949 σώματι,
1146 2882 1226 2943 είς
1260 2879 1394 2948 ὕψος
1435 2877 1798 2950 ἀναφλέγεται

246 2965 337 3034 τῆς
362 2967 551 3039 ἀρετῆς
581 2970 845 3024 ἄσϐεστον
871 2970 931 3023 τὸ
954 2969 1088 3040 φῶς,
1120 2969 1425 3043 ἔμπροσθεν
1449 2969 1557 3022 τῶν
1585 2966 1798 3039 ἀνθρώ-

246 3073 353 3110 πων
376 3060 649 3131 ἐκλάμπον
668 3062 767 3128 τὰς
805 3063 1034 3135 πράξεις
1080 3063 1180 3127 τὰς
1215 3063 1408 3129 καλὰς,
1443 3064 1518 3128 ὡς
1541 3061 1800 3134 δοξασθῆ-

245 3162 331 3203 ναι
349 3153 430 3205 τὸν
455 3155 675 3228 Πατέρα
711 3156 804 3211 τὸν
846 3159 905 3212 ἐν
922 3160 1033 3223 τοῖς
1057 3157 1325 3229 οὐρανοῖς.

1915 569 2036 624 dem
2063 577 2449 636 servaverunt;
2487 569 2591 623 illa
2612 585 2740 625 vero
2765 576 2958 625 contra
2985 570 3086 627 bos
3116 573 3317 628 malitia
3345 575 3475 630 sub-

1898 661 2139 732 igentes,
2184 676 2380 733 magno
2427 677 2655 717 numero
2709 663 3036 732 injustorum
3071 681 3297 735 operum
3354 683 3476 722 cor-

1911 763 2192 824 ruperunt.
2228 754 2583 811 Continentes
2604 757 2748 811 enim
2772 757 3110 813 castimonia:
3132 760 3417 829 dispendia
3440 777 3470 816 a

1904 847 2114 917 justitia
2154 847 2256 902 sibi
2301 847 2620 913 indicentes,
2676 848 2877 919 ingenti
2930 851 3112 919 potius
3145 852 3473 907 delictorum

1906 948 2091 1011 segete
2124 937 2329 995 fertiles
2375 941 2699 995 exstiterunt
2739 960 2752 995 :
2807 941 2950 997 unde
2973 949 3027 995 et
3049 944 3279 1015 contigit
3309 955 3368 999 ut
3388 944 3474 999 di-

1905 1032 2049 1087 vinis
2087 1032 2284 1087 merito
2315 1033 2497 1103 septis
2528 1041 2870 1090 arcerentur.
2906 1033 3043 1088 Nam
3096 1051 3357 1091 sensuum
3408 1045 3473 1093 ea

1905 1121 1988 1177 vis
2015 1128 2119 1187 est,
2142 1130 2201 1176 ut
2228 1122 2341 1177 sive
2367 1129 2515 1177 recte
2537 1123 2771 1194 agimus,
2790 1125 2905 1180 sive
2937 1140 3246 1195 peccamus,
3267 1141 3473 1197 pereos

1903 1222 2020 1269 tum
2048 1215 2189 1269 bona
2211 1231 2373 1286 opera
2403 1225 2515 1270 tum
2547 1218 2687 1270 mala
2710 1218 2877 1272 robur
2904 1220 3311 1273 nanciscantur.
3332 1218 3395 1274 Et
3414 1226 3473 1274 ut

1904 1307 2163 1364 Thallusa
2198 1310 2355 1375 dixit,
2391 1309 2454 1364 Et
2488 1311 2769 1365 oculorum
2803 1319 2856 1367 et
2888 1312 3102 1365 aurium
3143 1322 3196 1367 et
3248 1312 3467 1384 linguae,

1902 1412 1955 1459 ct
1987 1404 2321 1475 reliquorum
2347 1405 2602 1477 deinceps
2629 1420 2889 1461 sensuum
2915 1406 3281 1477 virginitatem
3317 1422 3462 1472 esse,

1902 1493 1976 1548 ita
2003 1503 2057 1549 et
2081 1496 2190 1558 hic,
2233 1511 2354 1566 quae
2404 1495 2768 1550 inviolabilem
2790 1495 3035 1565 quinque
3062 1496 3282 1551 virtutis
3315 1510 3473 1550 mea-

1899 1595 2052 1643 tuum
2085 1586 2245 1642 ﬁdem
2290 1588 2523 1642 servarit
2551 1586 2745 1657 (visus,
2785 1596 3000 1657 gustus,
3051 1586 3334 1652 odoratus,
3387 1594 3473 1641 ta-

1899 1690 2123 1749 ctusque
2143 1693 2205 1733 ac
2220 1678 2479 1747 auditus),
2504 1693 2609 1732 una
2635 1679 2777 1742 licet,
2796 1679 3037 1750 quinque
3068 1679 3304 1751 virgines
3332 1694 3474 1733 nun-

1898 1779 2132 1841 cupatur
2166 1790 2178 1825 :
2217 1771 2361 1841 quod
2392 1786 2583 1841 nempe
2604 1772 2845 1842 quinque
2881 1787 3077 1828 sensus
3110 1772 3471 1843 cogitationes

1836 1851 1878 1909 Β
1907 1871 2087 1918 castas
2116 1862 2423 1918 exhibendo
2456 1862 2697 1927 Christo,
2746 1880 2813 1917 ex
2846 1879 3033 1918 earum
3064 1864 3294 1935 singulis
3328 1861 3472 1918 velut

1908 1957 2117 2026 lampas
2148 1956 2453 2011 sanctitatis
2503 1954 2672 2009 radiis
2702 1955 2848 2010 clare
2892 1956 3164 2028 etfulgeat.
3217 1956 3474 2026 Quinque

1906 2047 2049 2103 enim
2080 2048 2432 2103 lucernarum
2466 2046 2673 2116 lampas
2700 2063 2825 2103 vere
2852 2063 2980 2103 caro
3001 2058 3106 2115 est,
3141 2064 3303 2119 quam
3324 2047 3473 2102 velut

1907 2137 2078 2195 facem
2102 2148 2322 2211 gestans
2352 2140 2553 2203 anima,
2589 2140 2814 2195 Christo
2838 2140 3052 2211 Sponsa
3084 2140 3285 2196 astabit
3306 2139 3361 2194 in
3384 2139 3473 2194 die

1906 2234 2327 2289 resurrectionis
2358 2273 2373 2299 ,
2426 2232 2791 2305 fulgurantem
2835 2248 2901 2288 ex
2954 2236 3169 2289 cunctis
3218 2233 3472 2289 sensibus

1906 2323 2242 2392 splendidam
2272 2323 2431 2379 ﬁdem
2459 2326 2746 2396 magnifice
2802 2324 3123 2390 ostendens,
3167 2325 3311 2380 sicut
3354 2325 3473 2394 ipse

1907 2415 2115 2483 docuit,
2135 2417 2323 2474 dicens
2342 2417 2388 2449 ²⁰
2419 2437 2431 2473 :
2470 2416 2652 2488 Ignem
2682 2420 2797 2473 veni
2836 2419 3041 2473 mittere
3072 2418 3126 2471 in
3162 2427 3378 2484 terram,
3420 2425 3474 2472 et

1904 2506 2029 2577 quid
2059 2506 2174 2561 volo
2202 2509 2306 2562 nisi
2333 2517 2391 2562 ut
2413 2510 2779 2564 accendatur?
2810 2517 3009 2564 terram
3051 2508 3259 2564 scilicet
3282 2513 3471 2562 nostra

1906 2614 2136 2669 corpora
2167 2601 2470 2670 appellans,
2503 2600 2558 2655 in
2589 2601 2790 2671 quibus
2824 2601 2940 2656 vult
2970 2601 3219 2655 celeriter
3244 2597 3472 2654 accendi

1904 2689 2014 2744 cito
2029 2691 2280 2746 mobilem
2306 2690 2640 2762 ignitamque
2662 2692 2923 2747 doctrinae
2946 2707 3059 2748 suae
3076 2691 3468 2762 operationem.

1905 2778 2021 2836 Olei
2049 2790 2230 2837 autem
2279 2783 2524 2854 symbolo
2556 2784 2880 2854 sapientiam
2925 2792 2980 2839 et
3023 2784 3295 2854 justitiam
3325 2781 3472 2837 desi-

1905 2875 2059 2945 gnari
2082 2875 2490 2946 intelligendum
2505 2884 2610 2932 est.
2626 2875 2735 2933 llas
2763 2878 2907 2932 enim
2929 2876 3098 2931 veluti
3120 2876 3324 2930 imbres
3340 2873 3471 2928 dum

1906 2965 2087 3019 anima
2123 2966 2271 3037 large
2316 2967 2625 3037 suppeditat
2674 2982 2737 3023 ac
2769 2969 2986 3038 corpOri
3042 2966 3309 3033 allundit,
3366 2964 3473 3019 alte

1905 3057 2118 3114 sublata
2147 3058 2384 3126 ﬂamma,
2416 3059 2855 3131 inexstinguibile
2876 3060 3127 3131 assurgit
3147 3056 3361 3112 virtutis
3388 3055 3443 3111 lu
3472 3092 3475 3093 ν

1904 3164 2049 3215 men,
2079 3164 2188 3220 quo
2216 3150 2433 3205 luceant
2466 3167 2649 3207 coram
2675 3151 2990 3207 hominibus
3030 3164 3196 3221 opera
3220 3148 3386 3215 bona,
3411 3152 3484 3201 ut

1821 3234 1865 3295 C
1896 3241 2229 3315 gloriﬁcetur
2258 3241 2420 3298 Pater
2449 3245 2544 3314 qui
2566 3244 2621 3300 in
2651 3245 2806 3301 caelis
2836 3252 2925 3301 est
2948 3245 3018 3300 ¹¹.

1286 3357 1417 3415 CAP.
1449 3357 1538 3413 IV.
1572 3356 1715 3426 Quid
1749 3356 1921 3411 oleum
1952 3355 2009 3410 in
2037 3354 2415 3425 lampadibus?

305 3473 551 3527 Τοιοῦτον
600 3475 778 3530 ἔλαιον
832 3476 941 3549 ἆρα
971 3478 1212 3539 κάκεῖνοι
1262 3475 1597 3551 προσέφερον
1631 3480 1689 3530 ἐν
1723 3474 1800 3548 τῷ

234 3566 536 3632 Δευττωῷ,
570 3570 866 3639 ’Δτρυγον
883 3570 1108 3634 ἔλαιον,
1128 3571 1405 3638 καθαρὸν,
1426 3568 1803 3639 κεκομμένον

236 3658 456 3711 καῦσαι
512 3658 741 3727 λύχνον
765 3658 879 3722 ἔξω
910 3659 1015 3713 τοῦ
1048 3658 1577 3730 καταπετάσματος
1600 3660 1803 3715 ἔναντι

235 3751 467 3818 Kvplov.
502 3750 640 3802 Ἀλλ’
665 3750 891 3815 ἐκείνοις
920 3753 1017 3823 μὲν
1043 3751 1372 3824 βραχύτατον
1406 3751 1521 3821 φῶς
1552 3752 1804 3823 προσετέο

235 3856 391 3892 τακτο
447 3840 776 3912 θεραπεύειν
828 3843 919 3910 ἀφ’
966 3842 1205 3913 ἑσπέρας
1228 3845 1308 3906 είς
1343 3842 1438 3896 ἕω.
1481 3844 1540 3896 Ὀ
1573 3845 1682 3913 γάρ
1719 3860 1800 3896 τοι

236 3932 415 4002 λύχνος
446 3935 631 3987 αὐτῶν
650 3935 822 3989 ἔοικεν
844 3936 1153 4000 εἰκάζεσθαι
1172 3936 1250 4008 τῷ
1291 3935 1431 4007 λόγῳ
1458 3934 1797 4009 προφητικῷ,

233 4024 321 4095 τὴν
346 4028 439 4078 ἐπὶ
472 4027 795 4100 σωφροσύνῃ
841 4028 1079 4098 φαίνοντι
1115 4029 1441 4101 παρρησίαν,
1470 4030 1803 4102 τρεφόμενος

234 4118 335 4171 ἀπὸ
380 4120 495 4173 τῶν
552 4120 803 4192 πράξεων
856 4122 949 4173 καὶ
1002 4121 1103 4191 τῆς
1141 4122 1377 4186 πίστεως
1418 4122 1509 4176 τοῦ
1564 4123 1726 4177 λαοῦ)
1769 4126 1807 4178 ὁ·

231 4208 282 4263 δέ
308 4212 435 4275 ναὸς
485 4209 568 4276 τῷ
599 4212 980 4281 σχοινίσματι
1025 4213 1135 4281 τῆς
1175 4214 1611 4284 κληρονομίας*
1650 4216 1799 4268 ἐπει-

233 4302 396 4373 δήπερ
420 4302 618 4373 λύχνος
640 4305 765 4374 περὶ
794 4297 942 4358 οἷκον
992 4305 1086 4359 ἐνα
1118 4307 1275 4377 μόνον
1310 4305 1529 4362 δύναται
1566 4307 1795 4375 φαίνειν.

234 4392 337 4465 llr/5
364 4395 470 4464 τῆς
523 4394 735 4466 ἡμέρας
761 4390 853 4448 οὖν
884 4395 1048 4467 ἐχρῆν
1073 4396 1259 4451 τοῦτον
1286 4396 1535 4451 καίεσθαι
1570 4398 1661 4452 τὸν
1706 4398 1792 4450 λύ-

1965 3471 2096 3528 Tale
2131 3474 2381 3531 videlicet
2428 3475 2606 3530 oleum
2652 3483 2709 3531 et
2738 3476 2817 3530 illi
2845 3475 3147 3531 oil'erebant
3179 3474 3234 3529 in
3264 3474 3435 3541 Leviti
3465 3506 3469 3509 “
3496 3508 3501 3517 -

1894 3580 1961 3621 co
1990 3567 2055 3631 ²¹,
2102 3566 2285 3622 Oleum
2334 3568 2666 3637 defwcatum,
2706 3568 2980 3633 mundum,
3041 3584 3343 3638 expressum
3401 3569 3469 3623 ad

1897 3660 2089 3723 lumen,
2114 3660 2389 3714 ut‘ardeat
2412 3662 2628 3715 lucerna
2656 3672 2805 3715 extra
2827 3662 2995 3716 velum
3018 3671 3140 3716 ante
3163 3662 3467 3716 Dominum.

1901 3752 2009 3807 Sed
2048 3751 2157 3808 illis
2192 3752 2413 3822 quidem
2468 3752 2785 3807 mandatum
2837 3761 2956 3809 erat
2990 3762 3049 3807 ut
3084 3753 3471 3808 brevissimum

1900 3844 2085 3899 lumen
2125 3851 2156 3899 τι
2189 3860 2414 3915 vespera
2443 3860 2618 3915 usque
2655 3861 2813 3900 mane
2836 3854 3113 3902 curarent.
3142 3846 3324 3913 Quare
3354 3847 3473 3901 illo-

1897 3951 2020 3991 rum
2080 3936 2302 3991 lucerna
2351 3936 2724 4007 propheticum
2772 3953 3078 3993 sermonem
3118 3938 3473 3994 similitudine

1898 4028 2131 4101 quadam
2163 4029 2380 4085 videtur
2407 4029 2634 4095 referre,
2676 4031 2993 4101 profitendae
3018 4032 3288 4087 castitatis
3332 4032 3473 4086 ﬁdu-

1897 4121 2036 4175 ciam
2084 4125 2475 4184 ostentantem,
2504 4136 2569 4174 ex
2602 4119 2787 4189 populi
2816 4119 3120 4174 actionibus
3152 4126 3207 4173 et
3230 4116 3335 4173 fide
3377 4118 3475 4171 ali-

1896 4217 2139 4265 mentum
2178 4210 2491 4265 habentem.
2525 4209 2810 4280 Templum
2840 4225 2969 4265 vero
2996 4208 3073 4281 [in
3104 4225 3212 4280 quo
3244 4208 3469 4265 lucerna

1902 4304 2148 4377 ardebat]
2177 4305 2279 4361 rite
2304 4305 2369 4359 ad
2396 4304 2690 4375 funiculum
2715 4305 3041 4360 hazreditatis
3066 4305 3112 4337 ³³
3135 4305 3222 4375 (ad
3246 4304 3469 4360 domum

1902 4397 2091 4470 Israel)
2121 4399 2371 4455 refertur.
2404 4398 2650 4455 Lucerna
2683 4399 2901 4471 quippe,
2950 4398 3006 4453 in
3044 4414 3152 4453 una
3203 4398 3470 4453 duntaxat

231 4506 364 4556 χνον.
396 4490 720 4545 Καύσουσι
743 4489 851 4560 γὰρ
874 4490 1078 4554 αὐτὸν,
1107 4492 1287 4561 φησὶν,
1316 4491 1425 4557 ἕως
1453 4493 1617 4566 πρωΐξ
1648 4509 1798 4547 τουτ-

1906 4489 2086 4543 lucere
2108 4488 2271 4544 domo
2300 4497 2500 4560 potest.
2534 4489 2673 4545 Ante
2697 4489 2838 4544 diem
2874 4489 3039 4558 igitur
3072 4489 3214 4543 hanc
3244 4488 3471 4555 accendi

234 4582 366 4634 ἐστιν
386 4624 401 4647 ,
456 4583 564 4644 ἕως
617 4584 915 4655 παρουσίας
942 4583 1030 4637 τοῦ
1052 4584 1305 4657 Χριστοῦ·
1339 4586 1441 4648 ὅτι,
1472 4583 1564 4639 τοῦ
1616 4586 1796 4639 Ἡλίου

233 4673 323 4742 τῆς
350 4675 585 4743 ἁγνείας
642 4674 1014 4740 ἀνατείλαντος
1066 4678 1160 4733 καὶ
1198 4675 1299 4747 τῆς
1348 4675 1793 4748 δικαιοσύνης,ού

231 4754 380 4833 χρεία
418 4764 641 4835 λύχνου.

296 4922 463 4975 Ὅσον
494 4921 595 4991 μὲν
621 4917 713 4974 οὖν
734 4924 763 4975 ό
788 4920 913 4985 λαὸς
943 4925 1147 4988 ἐκεῖνος
1180 4924 1368 4995 χρόνον
1390 4925 1796 4998 ἀπεθησαύρισε

228 5015 289 5064 τά
310 5014 587 5085 τρέφοντα
637 5012 727 5066 τὸν
777 5013 986 5086 λύχνον,
1030 5016 1373 5087 ἐπιχορηγῶν
1417 5018 1478 5071 τὸ
1511 5018 1683 5071 ἔλαιον
1707 5017 1795 5072 διὰ

230 5103 328 5181 τῶν
352 5106 558 5177 ἔργων,
583 5105 611 5157 ὁ
649 5104 838 5175 λύχνος
864 5106 1045 5172 αὐτοῖς
1067 5108 1165 5161 οὐκ
1194 5107 1414 5161 έσϐεστο
1453 5109 1552 5180 τῆς
1580 5126 1795 5181 σωφρο-

235 5197 409 5268 σύνης,
463 5199 578 5251 ἀλλ’
616 5194 684 5270 ἦν
731 5200 1047 5270 φαινόμενος
1102 5202 1189 5256 dial.
1238 5203 1331 5256 καὶ
1359 5203 1587 5274 λάμπων
1628 5205 1685 5257 ἐν
1718 5203 1796 5275 τῷ

235 5294 613 5361 claricitat:
637 5293 745 5362 τῆς
774 5297 1191 5366 κληρονομίας.
1232 5298 1359 5350 Ὅτε
1390 5297 1445 5350 δέ
1478 5297 1701 5351 ἐπέλιπε
1738 5297 1806 5350 τὸ.

234 5379 421 5445 ἔλαιον,
454 5384 564 5437 ἀπὺ
608 5386 706 5456 τῆς
728 5385 964 5449 πίστεως
990 5389 1067 5450 είς
1098 5386 1393 5441 ἀκολασίαν
1419 5387 1597 5441 αὐτῶν
1620 5389 1801 5461 ἐκτρο-

235 5475 626 5546 παλιζομένων,
677 5480 706 5530 ὁ
772 5479 963 5549 λύχνος
1004 5481 1171 5552 ἄρδην
1214 5481 1525 5553 ἀπεσϐέσθη
1551 5499 1565 5512 ο
1603 5481 1687 5536 ἵνα
1735 5481 1799 5554 δὴ

236 5568 386 5622 πάλιν
427 5568 810 5643 ἑξαστράψωσι
857 5572 956 5635 τάς
1001 5573 1282 5645 λαμπάδας
1328 5575 1647 5646 ἐπαλλήλοις
1679 5577 1798 5629 δια-

240 5658 430 5729 δοχαῖς,
476 5664 687 5717 ἀνωθεν
716 5666 770 5718 αί
815 5664 1071 5737 παρθένοι
1107 5666 1184 5739 τῷ
1216 5668 1405 5741 κόσμῳ
1430 5668 1796 5740 πυρσεύουσαι

1905 4582 2207 4652 oportebat.
2239 4582 2540 4635 Accendant
2559 4583 2700 4635 enim
2728 4581 2883 4645 hanc,
2912 4581 3006 4645 ait,
3040 4587 3202 4649 usque
3228 4596 3380 4634 mane
3400 4581 3468 4644 “,

1902 4676 2006 4730 hoc
2057 4684 2140 4731 est
2192 4691 2365 4746 usque
2413 4677 2480 4732 ad
2526 4675 2817 4731 adventum
2867 4674 3088 4730 Christi.
3127 4674 3473 4746 Virginitatis

1901 4768 2103 4823 etenim
2133 4777 2186 4823 et
2208 4768 2434 4839 justitiae
2457 4776 2648 4823 exorto
2682 4767 2808 4823 Sole
2834 4768 2901 4831 ³⁵,
2926 4767 3061 4822 nihil
3084 4767 3196 4838 jam
3234 4769 3474 4823 lucerna:

1908 4866 2194 4994 opaizfilitto
2244 4929 2410 4999 igitur
2431 4937 2674 4999 tempore
2731 4930 2965 5000 populus
3009 4930 3098 4984 ille
3150 4944 3270 4999 quae
3312 4937 3474 4983 erant

1902 5019 2109 5075 alenda:
2136 5020 2371 5075 lucernae
2388 5020 2658 5091 suggessit
2680 5018 2896 5090 (nempe
2915 5018 3271 5090 suppeditans
3289 5017 3471 5072 oleum

1904 5128 1999 5182 per
2030 5115 2236 5184 opera),
2252 5113 2475 5168 lucerna
2502 5113 2768 5169 castitatis
2792 5114 2875 5168 eis
2892 5112 3219 5168 inexstincta
3236 5110 3470 5178 mansit;

1901 5210 2126 5273 eratque
2153 5219 2365 5274 semper
2397 5206 2586 5260 lucens
2612 5213 2666 5259 et
2700 5203 2990 5275 splendens
3022 5204 3079 5257 in
3113 5203 3347 5272 funiculo
3368 5200 3473 5254 hce-

1904 5293 2167 5351 reditatis.
2200 5296 2331 5352 Oleo
2367 5304 2547 5352 autem
2577 5297 2883 5360 deliciente,
2916 5297 3023 5354 illis
3058 5314 3089 5350 a
3117 5295 3221 5351 fide
3259 5293 3326 5350 ad
3372 5308 3469 5364 pe-

1886 5388 2189 5442 tulantiam
2221 5389 2414 5453 versis,
2442 5389 2665 5443 lucerna
2694 5388 2911 5458 penitus
2944 5388 3233 5450 exstincta,
3289 5384 3473 5439 lucere

1905 5479 1984 5534 eis
2023 5479 2225 5535 desiit:
2272 5495 2380 5550 quo
2412 5479 2668 5534 nimirum
2709 5480 2934 5536 alternis
2980 5494 3197 5535 rursum
3232 5478 3473 5548 virgines

1905 5571 2370 5636 successionibus,
2402 5572 2551 5626 velut
2577 5572 2794 5627 caalitus
2827 5573 3047 5642 prazlata
3079 5571 3195 5624 face
3231 5570 3473 5623 incorru«

1902 5667 2141 5739 ptionem
2165 5664 2369 5720 mundo
2392 5664 2706 5732 inferentes,
2728 5667 2847 5723 laete
2870 5664 3115 5721 accensis
3131 5662 3475 5733 lampadibus

308 5844 499 5906 "'Luc.
522 5869 616 5921 ιιι,
653 5852 741 5907 ιτ).
822 5854 865 5885 ³³
891 5850 1076 5906 Matth.
1108 5869 1157 5922 v,
1181 5856 1230 5910 b’.
1310 5830 1531 5910 "licvit.
1566 5854 1785 5923 nm?“
1864 5852 2209 5926 “Psal.ctv,
2237 5848 2321 5912 ll.
2402 5852 2629 5910 "Leuit.
2664 5867 2792 5907 xxiv
2850 5853 2903 5908 5.
2981 5851 3025 5884 ³⁵
3048 5848 3283 5919 ΜαίαεΙι.
3318 5861 3391 5914 tv,
3414 5844 3468 5901 3.
