4052 6338
570 334 680 420 με

1551 338 1607 391 S.
1651 337 1980 394 METHODII
2023 339 2332 398 EPISCOPI
2371 342 2459 396 ET
2501 341 2856 398 MARTYRIS

3701 349 3812 404 19.0

573 455 1035 526 splendescerent.
1063 453 1600 512 Subministrandum
1629 457 1796 529 igitur
1824 475 1971 515 nunc
2005 476 2134 532 quo

2243 465 2341 536 τὴν
2371 463 2698 534 ἀφθαρσίαν.
2722 463 3067 536 Χορηγητέον
3094 460 3186 520 οὖν
3208 465 3271 538 δὴ
3285 464 3346 519 τδ
3369 467 3599 539 ἄτρυγον
3627 467 3810 523 ἔλαιον

573 556 681 618 qde
713 547 993 602 aﬂluenter
1023 545 1344 602 defaecatum
1368 548 1638 604 bonorum
1671 567 1898 622 operum
1930 561 1985 608 et
2015 570 2143 622 pru-

573 638 780 696 dentia:
808 640 1006 704 oleum,
1051 639 1121 695 ab
1167 639 1314 694 omni
1364 639 1618 696 deorsum
1662 652 1923 715 gravante
1943 659 2137 701 corru-

573 732 758 803 ptione
776 731 1155 802 depurgatum,
1185 748 1255 788 ne
1280 747 1488 787 moram
1513 732 1746 792 faciente
1768 735 2003 807 Sponso,
2037 754 2141 794 no-

571 830 698 877 stra:
715 822 877 876 etiam
909 823 1112 891 pariter
1129 823 1404 894 lampades
1434 827 1867 898 exstinguuntur.
1891 830 2040 885 Mora
2061 811 2152 886 vi;

569 913 764 968 delicet
795 911 990 983 Sponsi
1024 925 1235 986 tempus
1264 925 1350 970 est
1372 917 1518 987 quod
1549 919 1675 974 hinc
1695 919 1764 974 ad
1779 919 1982 977 Christi
2007 922 2137 977 ulti-

567 1021 716 1060 mum
745 1008 1036 1061 adventum
1063 1008 1387 1078 intercedit;
1414 1011 1734 1069 dormitatio
1751 1029 1884 1070 vero
1915 1023 1969 1070 et
1999 1031 2141 1071 sont-

567 1113 674 1153 nus
712 1097 1003 1168 virginum,
1034 1115 1291 1156 excessus
1323 1118 1356 1158 e
1386 1103 1538 1172 vita;
1569 1121 1681 1161 nox
1708 1113 1887 1161 autem
1937 1107 2136 1174 media,

567 1205 793 1261 regnum
823 1189 1165 1257 Antichristi,
1222 1195 1444 1264 quando
1474 1198 1872 1252 exterminator
1912 1199 2138 1269 angelus

568 1280 824 1336 transibit
853 1297 950 1352 per
983 1282 1174 1339 domos
1204 1285 1268 1338 ".
1299 1286 1518 1341 Clamor
1536 1303 1690 1353 vero,
1725 1287 1859 1343 Ecce
1902 1289 2135 1358 Sponsus

565 1373 723 1438 seuit,
747 1373 884 1428 exite
925 1373 1130 1428 obviam
1158 1375 1209 1430 ei
1250 1377 1293 1407 ’⁷
1314 1391 1333 1430 :
1359 1392 1464 1432 vox
1491 1387 1576 1436 est
1614 1379 1682 1436 de
1708 1381 1863 1436 caelis
1895 1389 1950 1436 et
1984 1381 2136 1446 tuba,

565 1464 786 1535 quando
825 1465 1026 1531 sancti,
1050 1466 1269 1522 cunctis
1297 1482 1490 1523 eorum
1519 1471 1862 1526 resuscitatis
1887 1472 2134 1542 corpori-

565 1559 689 1624 bus,
720 1557 775 1612 in
800 1557 1038 1614 nubibus
1069 1559 1207 1632 rapti
1236 1560 1536 1631 precedent
1587 1562 1646 1617 in
1687 1577 1980 1619 occursum
2033 1561 2138 1618 Do-

565 1650 702 1705 mini
734 1652 780 1683 "

634 1784 1043 1892 Observanuum
1074 1839 1219 1894 enim
1248 1847 1332 1896 est
1361 1839 1566 1896 dixisse
1597 1839 1936 1910 Scripturam
1960 1882 1976 1907 ,
2007 1849 2136 1910 post
2166 1845 2209 1901 Β

562 1929 858 1984 clamorem
871 1933 1251 1988 exsurrexisse
1269 1948 1460 1989 omnes
1495 1932 1764 2004 virgines;
1781 1942 1902 2002 post
1922 1933 2134 1988 scilicet

563 2019 842 2090 delapsum
873 2037 904 2078 e
931 2024 1086 2080 caelis
1137 2025 1432 2080 clamorem
1454 2065 1469 2091 ,
1525 2031 1774 2080 mortuos
1805 2040 1927 2080 esse
1957 2023 2136 2080 susci-

563 2114 779 2182 tandos,
813 2117 1267 2188 quemadmodum
1299 2126 1352 2175 et
1383 2117 1590 2174 Paulus
1644 2118 1881 2189 quodam
1933 2120 2056 2174 loco
2085 2118 2130 2150 ²⁹

566 2207 840 2270 admonet,
872 2208 993 2280 Ipse
1043 2209 1324 2278 Dominus,
1379 2211 1654 2282 inquiens,
1687 2211 1742 2264 in
1777 2211 1935 2278 jussu
1983 2220 2033 2265 et
2075 2211 2131 2265 in

563 2313 690 2353 voce
726 2300 1048 2372 archangeli,
1087 2309 1136 2355 et
1170 2302 1224 2356 in
1272 2301 1398 2356 tuba
1441 2301 1538 2357 Dei
1577 2301 1848 2357 descendet
1875 2301 1938 2356 de
1967 2303 2130 2366 calo,

560 2401 610 2443 rt
639 2393 835 2446 mortui
859 2395 948 2462 qui
991 2394 1048 2448 in
1091 2393 1300 2451 Christo
1323 2404 1481 2462 sunt,
1508 2403 1780 2467 resurgent
1813 2395 1992 2464 primi,
2027 2394 2132 2451 hoc

559 2494 644 2540 est
675 2498 944 2554 corpora;
974 2485 1066 2539 illa
1088 2485 1236 2541 enim
1259 2495 1472 2542 mortua
1502 2495 1654 2556 sunt,
1683 2487 1904 2543 amissis
1929 2486 2134 2540 anima-

561 2576 682 2632 bus.
714 2575 913 2632 Deinde
941 2593 1036 2632 nos
1071 2579 1163 2648 qui
1216 2579 1458 2644 vivimus,
1496 2579 1655 2634 simul
1708 2581 1975 2649 rapiemur
2013 2594 2132 2632 cum

559 2667 689 2732 illis,
721 2668 934 2724 animas
960 2669 1297 2740 signiﬁcans.
1329 2671 1441 2728 Nos
1461 2671 1607 2728 enim
1647 2672 1740 2742 qui
1765 2687 1894 2727 vere
1925 2686 1989 2725 ac
2009 2685 2134 2741 pro-

561 2759 676 2830 prie
707 2759 960 2826 vivimus,
981 2763 1178 2818 animae
1203 2778 1428 2831 sumus;
1466 2780 1587 2834 quae
1624 2779 1750 2819 cum
1782 2764 2130 2834 corporibus,

557 2850 629 2906 iis
683 2853 998 2922 resumptis,
1045 2853 1102 2908 in
1135 2854 1374 2910 nubibus
1421 2870 1802 2923 occurremus,
1849 2853 2128 2925 lampades
2183 2929 2186 2932 ἢ

560 2942 794 2999 terentes
827 2955 1069 3012 ornatas,
1123 2961 1234 3002 non
1279 2947 1460 3004 alieno
1503 2958 1556 3004 et
1585 2948 1866 3003 mundano
1906 2954 2132 3010 ornatu,

559 3035 655 3091 sed
690 3051 809 3107 quae
838 3038 1138 3107 prudentia:
1158 3047 1214 3095 et
1265 3041 1555 3108 castitatis,
1595 3047 1870 3097 astrorum
1898 3040 2004 3094 ritu
2023 3039 2132 3095 late

554 3125 717 3198 iubar
749 3131 981 3194 vibrent,
1012 3130 1246 3186 mthereo
1269 3132 1558 3202 splendore
1587 3133 1988 3203 plenissimum.

2244 556 2337 610 καὶ
2364 555 2457 609 νῦν
2483 557 2589 611 τῶν
2622 555 2801 609 καλῶν
2839 555 3014 628 ἓργων
3047 557 3217 623 ἀδεῶς
3256 559 3352 611 καὶ
3381 559 3480 628 τῆς
3514 559 3805 625 συνέσεως,

2241 643 2422 716 πάσης
2449 645 2597 698 κάτω
2637 644 2926 717 βριθούσης
2957 645 3316 718 ἀφυλισμένον
3344 648 3546 720 φθορᾶς
3570 667 3584 680 ο
3614 650 3700 703 ἵνα
3731 652 3809 723 μὴ

2239 737 2582 807 χρονίσαντος
2629 737 2725 791 τοῦ
2775 738 3064 809 Νυμφίου,
3119 740 3417 794 σϐεσθῶσιν
3452 743 3653 812 ὁμοίως
3708 746 3810 797 καὶ

2240 828 2394 899 ἡμῶν
2416 829 2472 882 ai
2499 827 2796 900 λαμπάδες.
2828 830 2885 884 '0
2916 831 3025 903 γάρ
3049 848 3130 884 τοι
3153 832 3440 903 χρονισμός
3477 835 3592 885 ἐστι
3621 834 3680 887 τὸ
3700 835 3810 908 πρὸ

2237 915 2334 988 τῆς
2365 919 2668 990 παρουσίας
2695 919 2969 991 διάστημα
3017 920 3112 974 τοῦ
3141 921 3396 993 Χριστοῦ.
3444 923 3502 976 '0
3537 923 3594 977 δὲ
3617 941 3812 978 νυστα-

2237 1007 2379 1077 γμὸς
2410 1008 2504 1062 καὶ
2525 1011 2558 1080 ἡ
2578 1010 2830 1080 κοίμησις
2859 1010 2968 1064 τῶν
2992 1011 3295 1083 παρθένων,
3320 1014 3352 1084 ἡ
3377 1012 3552 1079 ἔξοδος
3575 1014 3683 1068 ἀπὸ
3708 1015 3808 1068 τοῦ

2239 1097 2375 1168 βίου.
2405 1098 2478 1151 Τὸ
2505 1099 2562 1151 δὲ
2609 1098 2951 1170 μεσονύκτιον
2981 1101 3015 1169 ἡ
3049 1099 3294 1170 βασιλεία
3318 1100 3410 1153 τοῦ
3434 1102 3810 1173 ἀντιχρίστου,

2237 1188 2358 1244 καθ’
2374 1191 2438 1261 ἢν
2459 1192 2488 1242 ὁ
2507 1191 2626 1244 ὀλοθ
2637 1192 2828 1263 ρευτὴς
2849 1178 3076 1261 ἄγγελος
3095 1193 3478 1264 ἐπιπορεύεται
3489 1193 3588 1258 τὰς
3605 1197 3806 1260 οίκίας.

2249 1290 2314 1342 Ἦ
2370 1288 2427 1341 δὲ
2481 1289 2694 1361 κραυγὴ
2733 1291 2767 1360 ἡ
2814 1289 3078 1360 γενομένη
3137 1292 3231 1343 καὶ
3290 1290 3541 1358 λέγουσα,
3579 1291 3726 1344 Ἰδοὺ
3774 1295 3812 1346 ὁ

2234 1380 2504 1447 Νυμφίος
2543 1379 2794 1447 ἔρχεται,
2847 1379 3162 1449 ἐξέρχεσθε
3199 1383 3287 1446 εὶς
3320 1380 3661 1450 ἀπάντησιν
3691 1384 3808 1436 αὑ-

2240 1472 2368 1535 τοῦ,
2401 1470 2548 1526 ἔστιν
2588 1474 2621 1543 ἡ
2669 1472 2819 1543 φωνὴ
2863 1475 2897 1544 ἡ
2932 1473 3038 1526 ἀπὸ
3062 1473 3170 1528 τῶν
3209 1474 3451 1546 οὐρανῶν
3478 1476 3572 1528 καὶ
3603 1477 3636 1546 ἡ
3677 1476 3812 1530 σάλ-

2237 1564 2387 1632 πιγξ,
2429 1565 2588 1618 ὁπότε
2636 1565 2850 1620 πάντων
2885 1565 3292 1633 ἐξαναστάντων
3343 1569 3527 1634 αὐτοῖς
3568 1572 3616 1623 οἱ
3658 1571 3809 1639 ἅγιοι

2234 1654 2341 1709 τῶν
2373 1654 2640 1726 σωμάτων
2673 1655 2765 1708 ἐπὶ
2812 1656 3048 1726 νεφελῶν
3078 1658 3387 1729 οἰχήσονται
3409 1661 3490 1724 είς
3511 1661 3610 1731 τὴν
3634 1661 3815 1716 ἀπάν-

2239 1763 2392 1818 τησιν
2420 1745 2791 1818 ἁρπασθέντες
2818 1747 2912 1801 τοῦ
2947 1749 3176 1820 Κυρίου.

2307 1837 2640 1910 Προσεκτέον
2670 1839 2801 1912 γάρ,
2835 1841 2917 1894 ὅτι
2948 1840 3086 1912 μετά
3107 1841 3207 1913 τὴν
3235 1841 3479 1914 κραυγὴν
3510 1841 3812 1914 ὲγηγέρθαι

2239 1938 2422 2000 πάσας
2474 1936 2575 2006 ἔφη
2623 1937 2724 2001 τάς
2770 1935 3071 2009 παρθένους
3118 1938 3147 1990 ὁ
3173 1937 3355 2005 λόγος⁸
3390 1937 3632 1991 τουτέστι
3668 1937 3815 2009 μετὰ

2237 2030 2336 2101 τὴν
2382 2031 2446 2083 ὲκ
2486 2029 2593 2082 τῶν
2639 2031 2880 2102 οὐρανῶν
2914 2030 3217 2100 ἐνεχθεῖσαν
3251 2029 3375 2101 βοὴν
3405 2031 3814 2101 ἀναστήσεσθαι

2237 2121 2362 2182 τοὺς
2407 2119 2664 2192 νεκροὺς,
2707 2120 2782 2184 ὦς
2825 2138 2926 2175 που
2977 2120 3070 2176 καὶ
3111 2120 3321 2184 Παῦλος
3368 2123 3676 2192 παρεγγυᾷ,
3720 2122 3812 2177 ὅτι

2231 2209 2419 2270 Αὐτὸς
2446 2215 2480 2268 ὀ
2506 2215 2740 2282 Κύριος,
2772 2213 2963 2283 λέγων,
2993 2214 3062 2267 ἐν
3099 2214 3479 2282 κελεύσματι,
3525 2214 3596 2266 ἐν
3636 2212 3812 2282 φωνῇ

2235 2304 2634 2376 ἀρχαγγέλου,
2671 2306 2769 2360 καὶ
2799 2305 2869 2359 ἐν
2899 2305 3183 2376 σάλπιγγι
3222 2305 3368 2358 Θεοῦ
3409 2304 3810 2370 καταϐήσεται

2237 2397 2336 2452 ἀπ’
2367 2396 2647 2465 οὐρανοῦ,
2679 2397 2776 2452 καὶ
2824 2399 2878 2451 οἱ
2927 2397 3125 2465 νεκροί
3166 2397 3238 2450 ὲν
3261 2397 3492 2465 Χριστῷ
3538 2395 3814 2462 ἀναστή-

2236 2506 2446 2544 σονται
2472 2487 2706 2558 πρῶτον
2726 2507 2740 2520 °
2771 2490 3015 2543 τουτέστι
3055 2489 3124 2543 τὰ
3163 2489 3492 2562 σκηνώματα
3523 2489 3658 2560 (88)-
3690 2491 3814 2542 ὲνε-

2236 2579 2526 2652 κρώθησαν
2567 2579 2678 2652 γάρ
2723 2581 3176 2652 ἀπαμφιασθέντα
3205 2582 3310 2635 τῶν
3348 2581 3814 2652 ψυχῶν.Ἔπειτα

2235 2672 2406 2742 ἡμεῖς
2434 2676 2486 2726 οὶ
2518 2671 2726 2738 ζῶντες
2755 2672 2875 2741 ἅμα
2915 2673 3037 2726 σὺν
3075 2673 3279 2740 αὐτοῖς
3319 2674 3811 2743 ἁρπαγησόμεθα,

2235 2767 2331 2830 τάς
2346 2765 2519 2835 ψυχὰς
2538 2764 2728 2833 λέγων.
2746 2765 2935 2836 Ἡμεῖς
2956 2766 3063 2837 γάρ
3087 2767 3288 2840 κυρίως
3307 2769 3356 2820 οἱ
3387 2767 3607 2832 ζῶντες,
3633 2767 3816 2837 ἐσμὲν

2235 2858 2292 2910 αἱ
2331 2855 2520 2926 ψυχαὶ,
2551 2855 2750 2918 αἵτινες
2795 2853 2935 2925 μετά
2979 2855 3084 2910 τῶν
3118 2857 3404 2926 σωμάτων,
3455 2854 3816 2925 ἀπειληφυῖαι

2233 2947 2427 3012 ταῦτα,
2475 2949 2532 3001 ὲν
2579 2945 2827 3015 νεφέλαις
2880 2947 3327 3018 ἀπαντησόμεθα,
3371 2946 3468 3010 τὰς
3519 2945 3816 3018 λαμπάδας

2236 3039 2498 3111 φέρουσαι
2530 3037 2944 3108 κεκοσμημένας
2985 3039 3083 3092 οὐκ
3117 3037 3377 3110 ἀλλοτρίῳ
3419 3037 3510 3092 καὶ
3555 3034 3816 3107 κοσμικῷ

2232 3147 2360 3193 τινι,
2397 3127 2536 3182 ἀλλά
2579 3127 2640 3179 τὸ
2682 3128 2992 3199 φρονήσεως
3044 3128 3142 3182 καὶ
3185 3127 3556 3202 σωφροσύνης,
3590 3127 3816 3196 ἄστρων

556 3224 712 3298 δίκην
756 3227 1211 3292 ἀποστιλϐόντων,
1238 3228 1396 3292 σέλας
1441 3230 1612 3302 αὐγῆς
1647 3229 1884 3299 αἰθερίου
1919 3227 2360 3302 πεπληρωμένον.

1704 3394 1834 3451 CAP.
1867 3394 1933 3450 γ.
1969 3391 2302 3466 Virginitatis
2331 3386 2630 3458 praemium.

630 3524 754 3582 Haec
789 3537 1141 3600 nostrorum,
1173 3548 1207 3589 ο
1252 3535 1494 3606 pulchrae
1514 3537 1773 3607 virgines,
1819 3536 1968 3607 orgia
2001 3551 2122 3607 my-

2295 3527 2482 3584 Ταῦτα
2519 3527 2626 3582 τῶν
2660 3526 2968 3598 ἡμετέρων,
2999 3518 3044 3580 ὦ
3067 3522 3504 3596 καλλιπάρθενοι,
3539 3523 3608 3577 τὰ
3643 3523 3812 3598 ὄργια

559 3613 884 3670 steriorum:
917 3617 1000 3672 hac
1022 3635 1210 3675 earum
1244 3637 1366 3692 qua:
1393 3625 1725 3695 virginitatis
1749 3626 1861 3680 ritu
1895 3625 2122 3680 initian-

559 3711 670 3766 tur,
706 3704 1031 3764 cserimoniaa
1053 3725 1370 3769 sacrorum:
1408 3715 1511 3771 ista
1541 3718 1763 3786 praemia
1788 3719 1836 3750 ³ο
1864 3717 2127 3773 immacu-

558 3794 789 3850 latorum
805 3801 1071 3858 castitatis
1086 3805 1466 3861 certaminum.
1486 3805 1663 3863 Verbo
1677 3809 1967 3880 desponsa,
1981 3818 2132 3864 aeter-

556 3902 682 3942 nam
719 3887 1144 3961 incorruptionis
1195 3895 1376 3950 dotem
1404 3937 1422 3963 ,
1455 3913 1713 3954 coronam
1749 3916 1813 3955 ac
1843 3901 2061 3956 divitias
2095 3917 2128 3955 a

556 3974 720 4034 Patre
751 3981 993 4050 accipio;
1030 3993 1083 4038 et
1109 3986 1165 4039 in
1207 3988 1406 4042 saecula
1463 3989 1762 4060 triumpho,
1823 3990 2127 4061 splendidis

556 4071 1178 4134 etimmarecscibilibus
1238 4079 1517 4150 sapientia:
1550 4083 1776 4138 ﬂoribus
1831 4092 2142 4142 coronataz.

557 4177 684 4217 cum
713 4162 931 4221 Christo
962 4170 1182 4238 puemia
1198 4169 1462 4242 largiente
1485 4173 1543 4227 in
1571 4173 1713 4228 caelo
1740 4173 1941 4230 choros
1961 4173 2123 4237 duco,

556 4249 703 4304 circa
735 4253 1002 4324 principio
1021 4266 1296 4314 carentem
1312 4267 1366 4315 et
1389 4262 1456 4316 ab
1484 4263 1634 4317 omni
1657 4267 1951 4320 immunem
1985 4264 2126 4318 inte-

557 4344 666 4397 ritu
704 4341 928 4416 Regem.
961 4348 1252 4422 Nunquam
1279 4354 1642 4410 occidentium
1692 4366 1853 4412 nacta
1897 4371 2018 4413 sum
2046 4355 2126 4410 fa-

2232 3623 2572 3695 μυστηρίων·
2620 3611 2779 3673 αὗται
2823 3616 2928 3672 τῶν
2959 3619 3017 3670 ὲν
3045 3616 3309 3688 παρθενίᾳ
3345 3615 3809 3686 μυσταγωγηθέν-

2227 3735 2338 3771 των
2369 3716 2426 3768 al
2455 3713 2700 3767 τελεταί·
2740 3709 2910 3765 ταῦτα
2957 3709 3025 3763 τὰ
3077 3709 3330 3780 ἐπίχειρα
3366 3709 3473 3764 τῶν
3520 3707 3811 3777 ἀμιάντων

2235 3808 2409 3861 ἄθλων
2439 3806 2539 3876 τῆς
2573 3801 2940 3875 σωφροσύνης.
2978 3801 3341 3871 Νυμφεύομαι
3379 3818 3457 3868 τῳ
3498 3800 3672 3869 Λόγῳ,
3706 3801 3810 3853 καὶ

2233 3900 2323 3954 τὸν
2361 3897 2527 3952 ἀΐδιον
2557 3897 2654 3968 τῆς
2683 3893 2990 3966 ἀφθαρσίας
3018 3896 3216 3964 προῖκα
3251 3892 3510 3963 λαμϐάνω
3539 3891 3812 3960 στέφανον

2233 3993 2327 4046 καὶ
2359 3976 2587 4043 πλοῦτον
2627 3987 2774 4059 παρά
2800 3985 2893 4039 τοῦ
2931 3985 3176 4056 Πατρόςο
3224 3985 3318 4037 καὶ¹
3371 3985 3428 4036 ὲν
3475 3985 3586 4042 τοῖς
3641 3981 3808 4036 αἱῶσι

2231 4079 2712 4151 στεφανηφοροῦσα
2743 4075 3010 4148 πομπεύω
3035 4075 3106 4130 τα
3129 4074 3356 4147 λαμπρὰ
3385 4074 3480 4128 καὶ
3513 4075 3810 4146 ἀμάραντα

2227 4174 2326 4244 τῆς
2356 4172 2547 4241 σοφίας
2577 4170 2739 4242 ἄνθη’
2771 4167 3081 4238 συγχορεύω
3105 4167 3422 4240 βραϐεύοντι
3460 4165 3538 4236 τῷ
3582 4164 3813 4236 Χριστῷ

2229 4267 2350 4318 κατ’
2382 4262 2629 4334 οὐρανὸν,
2661 4261 2804 4332 ἀμφὶ
2824 4261 2914 4313 τὸν
2941 4259 3172 4330 ἄναρχον
3202 4259 3295 4312 καὶ
3313 4257 3612 4328 ἀνώλεθρον
3635 4257 3806 4309 Βασι-

2229 4355 2344 4411 λὲα.
2364 4355 2593 4408 Ἀδύτων
2626 4352 2822 4422 γέγονα
2859 4350 3282 4424 λαμπαδηφόρος
3313 4349 3505 4420 φώτων
3539 4349 3672 4418 (89),
3705 4350 3810 4403 καὶ

662 4522 710 4553 ³⁸
749 4521 918 4578 Exod.
953 4543 1028 4593 χι,
1056 4528 1110 4582 4.
1187 4529 1230 4560 "
1271 4528 1464 4586 Matth.
1495 4547 1621 4598 xxv,
1648 4532 1702 4588 6.
1779 4533 1825 4565 ’⁸
1865 4531 1896 4586 1
1931 4533 2112 4589 Thess.

2253 4533 2337 4588 16.
2413 4534 2458 4565 ⁸³
2497 4531 2623 4586 ibid.
2656 4549 2730 4597 1v,
2768 4531 2872 4597 15,
2915 4530 2999 4587 16.
3079 4530 3126 4564 ³ο
3166 4530 3292 4599 Sap.
3324 4545 3408 4596 iv,
3457 4529 3514 4584 2.

629 4706 740 4784 (88)
775 4710 1048 4784 γους-ἐστι
1071 4711 1141 4764 τὰ
1160 4712 1538 4784 σκηνώματα.
1565 4714 1708 4769 Dura
1731 4716 1846 4771 haec
1872 4716 2127 4771 Methodii

554 4779 848 4852 expositio,
886 4778 1084 4834 Verum
1133 4778 1378 4852 quidem'
1407 4786 1725 4840 suscitanda
1774 4787 2126 4840 tabernacula

555 4863 677 4924 qua:
701 4850 1031 4911 ceciderant.
1068 4852 1121 4924 id
1149 4850 1232 4908 est
1262 4869 1528 4924 corpora;
1567 4857 1662 4912 sed
1707 4858 1920 4912 illorum
1951 4857 2122 4911 susci-

2233 4715 2644 4791 nobiliorpars,
2677 4721 2737 4791 et_
2768 4714 2886 4784 ejus
2915 4721 3026 4768 tota
3054 4713 3213 4791 quasi
3251 4710 3580 4791 hypostasis.
3614 4711 3741 4791 ipsa.
3769 4727 3808 4765 ιι

2233 4803 2294 4842 se
2341 4781 2669 4849 subsistens,
2723 4781 2933 4854 hocque
2973 4781 3133 4838 nacta
3159 4784 3210 4838 vi
3235 4781 3362 4854 sua:
3400 4781 3804 4854 productionis,

2233 4856 2344 4911 Deo
2368 4857 2486 4925 ejus
2516 4864 2758 4919 auctore,
2788 4850 2887 4910 nec
2917 4856 3139 4925 materia
3184 4853 3250 4925 ad
3290 4850 3410 4920 ejus
3441 4850 3803 4907 substantiam

556 4918 759 4996 tatione
795 4928 1063 4996 resurget
1085 4923 1267 4996 homo,
1300 4918 1437 4979 et'in
1471 4918 1759 4982 occursum
1790 4927 2007 4982 Christo
2041 4944 2126 4980 ra-
2157 4936 2202 4990 1)
2231 4918 2434 4996 aliquid
2473 4918 2806 4995 conferente)
2844 4926 3004 4996 nimis
3027 4918 3499 4996 Platonicunrest,
3551 4937 3652 4996 nec
3697 4937 3803 4976 ne-

555 4989 886 5067 picturtnec
919 4989 1098 5067 quivis
1130 4993 1307 5054 homo.
1348 4996 1441 5048 sed
1472 5013 1610 5065 quos
1644 4998 1855 5067 signate
1882 4999 2130 5053 viventes
2159 4989 2180 4990 ί
2228 4989 2526 5052 cessarium
2563 4996 2628 5050 ad
2663 4989 2812 5050 Pauli
2841 4994 3246 5067 intelligentiam
3278 5007 3343 5049 eo
3371 4992 3528 5059 loco;
3552 4992 3619 5046 ad
3638 5006 3806 5061 quem

557 5067 712 5133 vocat
752 5060 1068 5133 Apostolus,
1117 5079 1178 5116 ac
1218 5080 1449 5133 quorum
1482 5060 1538 5121 se
1571 5060 1764 5122 classis
1805 5067 1972 5133 facit;
2013 5069 2128 5124 sive

556 5127 813 5196 loquatur
834 5132 887 5184 in
919 5130 1123 5208 Christi
1150 5127 1385 5188 lidélimn
1419 5145 1841 5208 sanctorumque
1871 5127 2124 5207 persona,

445 5197 454 5206 °
553 5213 786 5273 quorum
823 5202 1062 5269 potiores
1083 5212 1242 5257 erunt
1274 5213 1454 5273 partes
1477 5209 1528 5260 in
1559 5197 1988 5272 resurrectione;
2015 5197 2130 5262 sive

557 5269 610 5347 in
641 5283 828 5322 eorum
851 5287 989 5347 quos
1015 5274 1103 5328 illa
1135 5275 1252 5329 dies
1276 5269 1451 5330 adhuc
1482 5279 1722 5334 viventes
1750 5269 2004 5337 oﬂ‘endet.
2032 5280 2128 5347 qui

553 5345 607 5396 et
655 5352 929 5418 momento
975 5344 1404 5418 innnutahuntur
1435 5366 1447 5400 :
1483 5363 1712 5417 quorum
1770 5351 1886 5418 ipsa
1940 5344 2097 5403 resur
2153 5399 2161 5407 .

555 5409 726 5488 uectio
758 5417 812 5461 et
853 5426 1141 5488 occursus,
1185 5417 1332 5469 nulla
1370 5409 1628 5488 temporis
1659 5409 1810 5473 mora
1842 5421 2123 5473 antecedet

555 5479 770 5558 illorum
825 5484 1301 5558 resurrectionem,
1345 5479 1573 5557 quorum
1619 5491 1747 5543 olim
1797 5494 2033 5544 resoluta
2066 5490 2121 5543 in

555 5555 768 5630 cineres
798 5566 1029 5620 Corpora
1074 5555 1284 5630 fuerant
1313 5575 1325 5610 ε
1357 5555 1436 5614 sic
1489 5561 1543 5613 in
1584 5569 1880 5623 momento,
1921 5563 1973 5614 in
2011 5560 2121 5614 ictu

554 5619 733 5700 petiti,
769 5619 997 5700 canente
1047 5627 1174 5679 tuba
1223 5641 1506 5700 resurgent
1557 5646 1783 5695 omnes,
1839 5619 1901 5685 ac
1951 5631 2118 5698 judici

553 5688 775 5744 Christo
809 5693 1098 5760 sistentur;
1135 5697 1244 5751 veri
1293 5688 1499 5754 scilicet
1537 5688 1805 5762 homines,
1854 5688 1970 5754 non
2003 5703 2122 5754 ani-

561 5773 695 5829 mm;
729 5778 864 5834 quas
895 5765 1163 5822 hominem
1204 5769 1382 5826 dicere
1417 5779 1510 5824 aut
1536 5772 1669 5828 velle
1693 5773 1857 5842 (quod
1888 5772 2124 5827 hominis

2227 5067 2443 5122 videndi
2470 5069 2812 5136 interpretes.
2841 5065 3126 5119 COIBEFIS.

2299 5139 2410 5208 (89;
2455 5131 2768 5191 Ἆδύτὶυν...
2823 5136 3049 5205 φώτων.
3103 5133 3270 5199 Quasi
3320 5133 3620 5187 ἀσϐέστων.
3669 5131 3806 5195 ρυω

2229 5222 2505 5276 nunquam
2553 5208 2809 5261 occidant
2855 5212 2949 5258 aut
2981 5207 3440 5276 exstinguantur;
3473 5218 3579 5272 qua
3627 5211 3799 5276 meta:-

2231 5272 2402 5348 phora
2428 5279 2560 5333 solis
2585 5287 2638 5332 et
2665 5279 2946 5348 stellarum
2975 5274 3124 5348 δύσις
3149 5274 3351 5348 dicitur
3372 5287 3625 5348 occasus;
3657 5282 3707 5324 et
3731 5272 3810 5325 τὰ

2230 5344 2420 5420 δυτικά
2449 5349 2612 5420 μέρη,
2639 5345 2980 5420 occidentales
3009 5345 3196 5420 plagw.
3228 5344 3532 5420 Lampades
3553 5357 3682 5420 ergo
3708 5359 3809 5397 ca-

2231 5415 2461 5482 stitatis,
2489 5415 2718 5489 quorum
2743 5418 2906 5487 jubar
2936 5417 3217 5489 stellarum
3251 5415 3429 5470 simile
3476 5417 3634 5489 paulo
3676 5424 3804 5466 ante

2227 5491 2460 5551 dicebat,
2490 5485 2766 5559 lampades
2787 5494 2912 5542 sunt
2935 5487 3196 5559 luminum
3226 5502 3347 5559 qua:
3373 5485 3616 5559 nesciant
3642 5497 3805 5559 occu-

2229 5575 2370 5633 sum.
2391 5553 2617 5633 liudius
2642 5559 2924 5614 l’ossinius
2963 5555 3105 5633 κατά
3136 5553 3444 5633 πρόχειρον,
3468 5553 3804 5633 inacchessihi-

2230 5630 2357 5703 lium
2381 5631 2638 5703 luminum
2655 5647 2682 5703 ;_
2700 5645 2819 5703 qua:
2841 5636 2924 5683 est
2948 5628 3114 5681 altera
3137 5623 3428 5703 ej'us'vocis
3455 5623 3800 5703 signiﬁcatio,

2229 5700 2497 5774 llesyehio
2517 5709 2570 5756 et
2595 5695 2896 5774 Suid'aeuna
2922 5695 3319 5774 notata_:_’quod
3354 5713 3412 5774 re
3443 5695 3523 5750 sic
3556 5695 3803 5774 proclivi,

2230 5767 2407 5827 virum
2443 5771 2660 5827 doctum
2699 5771 2884 5826 fallere
2931 5783 3040 5823 non
3090 5767 3298 5822 debuit.
3354 5768 3595 5822 Alterum
3645 5767 3806 5835 quasi
