4052 6338
363 291 454 347 εει

1464 286 1842 344 CONVIVIUM
1878 286 2104 357 DECEM
2143 290 2497 348 VIBGINUM.

3484 297 3589 352 m

359 404 582 475 ἔφυμνῶ
627 403 689 456 τὸ
739 401 925 457 καινὸν
965 398 1099 473 μετὰ
1126 404 1227 473 τῆς
1266 403 1587 475 ὁμηγύρεως
1625 400 1775 476 ᾆσμα
1817 406 1917 459 τῶν

2024 422 2141 462 cem
2165 411 2305 465 ferre
2327 410 2592 465 luminum
2618 428 2633 478 ;
2659 425 2966 482 novumque
2990 427 3113 467 cum
3137 412 3405 468 so‘da'uum
3436 425 3579 468 cmtu

362 495 735 566 ἀρχαγγέλων,
791 496 889 566 τὴν
937 496 1129 566 καινὴν
1187 495 1346 565 χάριν
1392 495 1782 565 ἐξαγγέλλουσα
1830 498 1928 568 τῆς

374 586 731 655 Ἐκκλησίαςο
802 584 1123 649 ξυνέπεσθαι
1170 585 1278 657 γὰρ
1322 587 1408 639 ἀεὶ
1453 586 1542 639 τὸν
1586 587 1771 657 ὅμιλον
1820 587 1928 640 τῶν

362 677 643 749 παρθένων
694 676 773 745 τῷ
806 677 995 747 Κυρίῳ
1026 678 1119 729 καὶ
1167 676 1607 731 συνθιασωτεύειν
1645 678 1771 732 ἔνθα
1819 679 1927 749 εἴη,

361 769 512 835 λόγος
540 771 681 839 ἠχεῖ.
715 768 884 822 Τοῦτο
933 768 1027 821 καὶ
1066 768 1317 839 Ἰωάννης
1366 771 1423 821 ἐν
1472 773 1539 840 τῇ
1586 769 1693 821 τῶν
1738 771 1928 823 ἑκατὸν

361 858 612 928 χιλιάδων
646 859 741 911 καὶ
772 856 1176 927 τεσσαράκοντα
1205 858 1297 910 καὶ
1320 859 1597 930 τεσσάρων
1630 858 1927 912 αἰνίσσεται

362 952 571 1020 μνήμῃ-

434 1042 540 1094 Ἰτε
587 1037 703 1102 οὖν,
734 1034 778 1094 ὧ
827 1040 1039 1093 νεολαία
1076 1038 1185 1092 τῶν
1233 1038 1431 1092 καινῶν
1466 1036 1827 1102 αἰώνων.Ἵτε,
1860 1036 1926 1091 τὰ

362 1134 556 1201 ἀγγεῖα
598 1132 923 1203 πληρώσατε
957 1131 1104 1200 σφῶν
1139 1130 1479 1201 δικαιοσύνης
1502 1147 1514 1159 ·
1544 1130 1663 1201 ὥρα
1686 1131 1790 1201 γὰρ
1822 1130 1928 1181 λοι-

366 1226 462 1279 πὸν
492 1222 879 1295 ἐξεγείρεσθαι,
913 1224 1006 1277 καὶ
1038 1222 1385 1286 ὑπαντιάζειν
1422 1221 1499 1292 τῷ
1532 1222 1923 1292 Νυμφίῳ.”1τε,

366 1318 457 1379 τὰς
490 1318 682 1383 ῖῡγγας
715 1315 808 1366 καὶ
856 1313 926 1367 τὰ
974 1314 1241 1385 θέλγητρα
1268 1312 1482 1380 κούφως
1509 1310 1619 1381 (90)
1656 1313 1927 1383 παραμει-

367 1408 529 1475 dae-1:
554 1405 648 1459 τοῦ
688 1405 823 1474 βίου,
858 1405 927 1457 τὰ
962 1404 1328 1476 περιδινοῦντα
1352 1403 1447 1456 καὶ
1474 1403 1798 1472 γοητεύοντα
1829 1402 1926 1476 τὴν

371 1495 534 1567 ψυχήν
558 1512 573 1525 ο
601 1493 855 1558 τεύξεσθε
880 1494 988 1566 γὰρ
1020 1493 1126 1547 τῶν
1158 1493 1609 1564 ὲπαγγελμάτων.
1728 1488 1731 1493 ’

433 1692 537 1746 Ναὶ
559 1694 645 1762 μὰ
675 1692 781 1748 τὸν
804 1691 1087 1761 ἁμετέρας
1110 1689 1255 1756 ζωᾶς
1277 1688 1555 1753 δείξαντα
1578 1689 1886 1743 κέλευθον.

370 1808 451 1859 Σοὶ
474 1807 620 1859 τόνδε
653 1808 1008 1878 προφητείαις
1033 1806 1258 1860 πλεκτὸν
1293 1805 1552 1873 στέφανον
1576 1805 1639 1855 ὲκ
1658 1803 1764 1856 τῶν
1787 1819 1923 1874 προ-

369 1894 604 1964 φητικῶν
631 1895 931 1965 λειμώνων,
951 1889 993 1948 ὦ
1036 1895 1248 1967 Ἀρετὴ,
1272 1893 1426 1963 κάγὼ
1457 1892 1729 1963 κομίσασα
1758 1909 1926 1963 προσ-

409 1988 531 2038 ἐοω.

409 2003 531 2038 εοω.

368 2003 915 2147 ιξίὶιειπεραναμένης
957 2072 1048 2130 οὖν
1101 2077 1297 2147 ἄριστα
1346 2078 1440 2131 καὶ
1487 2075 1741 2147 Ἀγάθης,
1794 2075 1920 2148 ἔφη,

368 2166 448 2219 τὸν
485 2168 663 2234 λόγον,
690 2168 783 2219 καὶ
815 2168 1245 2238 εὐδοκιμησάσης
1266 2169 1349 2237 ἐφ’
1374 2163 1452 2231 οἷς
1476 2169 1763 2239 ίσηγὸρησε
1788 2169 1919 2235 (91),

368 2259 517 2311 πάλιν
556 2261 588 2329 ἡ
628 2259 819 2329 Ἀρετὴ
873 2259 969 2328 τὴν
1014 2259 1313 2330 Προκίλλαν
1360 2258 1608 2311 ἐκέλευσε
1648 2258 1842 2327 λέγειν.
1861 2259 1923 2311 Ἡ

2027 498 2277 555 collaudo
2304 501 2749 571 archangelorum
2783 502 3077 567 canticum,
3104 517 3297 557 novam
3332 501 3584 559 Ecclesia:

2026 594 2252 665 gratiam
2286 594 2610 649 enuntians:
2661 594 2814 664 sequi
2846 595 2994 650 enim
3042 592 3330 651 Dominum
3371 612 3585 667 semper

2027 683 2423 737 multitudinem
2454 684 2741 753 virginum,
2762 690 2817 739 et
2851 685 3160 755 ubicunque
3190 685 3372 750 fuerit,
3397 687 3583 743 beatos

2028 790 2155 829 suos
2178 776 2244 829 ab
2274 776 2381 830 illis
2410 774 2742 845 frequentari
2763 784 2957 841 cretus,
2992 776 3269 847 Scriptura
3318 779 3581 848 loquitur.

2026 866 2139 921 Iloc
2169 876 2221 922 et
2246 866 2482 924 Joannes
2515 868 2690 923 innuit
2724 868 2789 933 ⁸⁸,
2835 870 2928 923 ubi
2976 878 3191 924 centum
3225 870 3581 941 quadraginta

2026 970 2257 1031 quatuor
2286 960 2511 1013 millium
2540 959 2804 1016 meminit.

2096 1052 2174 1107 Ite
2206 1053 2393 1123 igitur,
2419 1067 2451 1106 ο
2484 1068 2748 1106 novorum
2777 1053 3100 1109 saeculorum
3124 1067 3261 1107 nova
3289 1066 3352 1107 ac
3385 1052 3583 1109 florens

2024 1146 2292 1218 virginum
2316 1145 2505 1215 pubes.
2560 1142 2654 1206 ltc.
2685 1158 2813 1200 vasa
2846 1152 3028 1199 vestra
3070 1143 3293 1213 implete
3327 1142 3576 1211 justitia:

2019 1236 2129 1306 jam
2160 1236 2302 1290 enim
2324 1236 2454 1287 bora
2480 1242 2563 1287 est
2584 1233 2929 1305 exsurgendi,
2954 1241 3007 1288 et
3038 1232 3090 1286 in
3137 1232 3336 1301 Sponsr
3385 1246 3583 1285 occur-

2025 1342 2143 1383 sum
2176 1328 2359 1382 eundi.
2396 1328 2493 1395 lte,
2528 1328 2646 1382 vita:
2677 1326 2969 1381 blanditias
3007 1332 3060 1379 et
3106 1323 3387 1378 illecebras
3414 1336 3579 1391 expe-

2023 1418 2135 1473 dito
2175 1419 2309 1473 calle
2348 1427 2744 1489 praatergressaa
2772 1458 2787 1482 ,
2848 1431 2967 1487 qua:
3020 1416 3482 1484 circumtorquent
3528 1421 3584 1468 et

2023 1513 2182 1583 quasi
2230 1512 2506 1566 maleﬁciis
2539 1511 2916 1566 contaminant
2967 1510 3241 1577 animam;
3286 1523 3583 1580 conseque-

2023 1603 2153 1656 mini
2178 1602 2322 1657 enim
2350 1618 2469 1672 qua:
2501 1602 2654 1656 vobis
2676 1602 2942 1673 promissa
2973 1608 3122 1657 sunt.

2082 1713 2207 1768 [hec
2226 1730 2314 1781 per
2337 1732 2452 1769 eum
2478 1715 2566 1785 qui
2585 1724 2838 1768 monstrat
2867 1716 2966 1769 iter
2989 1714 3135 1777 mihi,
3157 1714 3305 1783 jura,
3327 1715 3538 1769 salutis.

2023 1805 2172 1861 Hanc
2205 1808 2299 1861 tibi
2331 1808 2625 1877 prophetiis
2664 1814 2863 1861 textam
2916 1822 3174 1861 coronam
3198 1847 3213 1873 ,
3246 1822 3311 1861 ex
3343 1806 3578 1876 prophe-

2024 1899 2149 1955 ticis
2196 1894 2479 1953 colleCtam
2533 1900 2733 1970 pratis,
2765 1915 2798 1954 o
2828 1898 3009 1964 Arete,
3042 1905 3097 1954 et
3123 1913 3223 1969 ego
3252 1913 3283 1951 a
3315 1913 3401 1953 me
3441 1912 3577 1952 con-

2020 1992 2295 2047 cinnatam
2323 1990 2513 2045 oﬂ'ero.

2094 2083 2192 2137 Ubi
2223 2085 2300 2138 sic
2331 2083 2533 2152 Optime
2561 2082 2768 2153 Agatha
2817 2090 3124 2152 perorasset
3153 2121 3170 2146 ,
3226 2090 3281 2136 et
3324 2096 3581 2150 magnam

2017 2176 2255 2231 universi
2305 2191 2595 2231 consessus
2643 2174 2853 2229 laudern
2890 2176 3122 2230 tulisset.
3173 2175 3330 2230 Arete
3383 2173 3584 2227 Procil-

2018 2268 2122 2320 lam
2150 2267 2316 2335 jussit
2338 2267 2535 2321 dicere.
2566 2264 2661 2318 Illa
2688 2281 2817 2319 vero
2848 2280 3107 2334 surgens,
3143 2276 3195 2319 et
3226 2272 3350 2319 ante
3377 2262 3577 2318 ostium

365 2350 437 2410 δὲ,
470 2353 766 2411 ἀναστᾶσα,
797 2352 889 2403 καὶ
940 2351 1247 2423 ἔμπροσθεν
1298 2351 1642 2424 παρελθοῦσα
1680 2352 1777 2423 τῆς
1810 2352 1917 2405 κλι‹

2019 2357 2351 2414 tabernaculi
2387 2369 2693 2428 progressa,
2729 2354 2784 2409 in
2815 2355 2959 2409 hunc
2989 2354 3207 2409 modum
3230 2354 3411 2409 locuta
3436 2361 3541 2409 est.
3577 2410 3590 2430 κ

366 2442 559 2506 σιάδος,
588 2440 733 2506 ἔλεξε
768 2441 967 2495 τοιάδε.

908 2688 1265 2777 ΛΟΓΟΣ
1303 2684 1408 2775 Ζ’.

948 2837 1324 2893 ΠΡΟΚῘΛΛΛ.

2412 2680 2865 2777 ORATIO
2957 2682 3181 2775 VII.

2613 2830 2971 2887 PROCILLA.

367 2950 482 3007 Car.
511 2949 551 3006 I.
587 2952 821 3020 Quinam
851 2970 999 3026 verus
1026 2972 1086 3007 ac
1113 2957 1284 3025 gravis
1326 2954 1584 3026 laudandi
1618 2956 1821 3012 modus.
1860 2957 2022 3013 Pater
2060 2957 2233 3026 major
2263 2954 2404 3009 Filio
2448 2953 2786 3026 auctoritate
2809 2952 3072 3019 principii,
3096 2967 3199 3006 non
3246 2947 3571 3003 substantia:

890 3021 1195 3094 Virginitus,
1225 3026 1420 3081 lilium.
1452 3025 1660 3081 Fideles
1688 3030 1880 3082 anima:
1908 3046 1970 3083 ac
1993 3021 2235 3099 virgines,
2269 3044 2374 3078 una
2401 3027 2555 3079 unius
2590 3021 2786 3077 Christi
2811 3039 3023 3091 sponsa.

441 3132 1013 3204 ’Δπορῤᾳθυμεῖἣκαὶ
1049 3135 1184 3206 μετὰ
1213 3136 1492 3201 τοσούτους
1523 3137 1583 3189 οὐ
1617 3136 1773 3207 θέμις
1820 3155 1905 3207 μοι

2077 3135 2338 3190 Cunctari
2372 3150 2458 3189 me
2486 3140 2539 3187 et
2568 3132 2638 3187 ad
2668 3131 2957 3187 dicendum
3007 3130 3213 3200 pigram
3266 3142 3417 3191 esse,
3450 3134 3579 3198 post

366 3221 561 3290 λόγους,
598 3219 644 3277 ὦ
687 3225 897 3296 Ἀρετὴ,
932 3227 1352 3298 ἀναμφισϐήτως
1397 3230 1815 3281 πεπιστευκυῖαν
1846 3231 1912 3300 τῇ

367 3314 720 3386 πολυποικίλῳ
767 3316 929 3387 σοφίᾳ
957 3316 1047 3369 τοῦ
1078 3317 1234 3382 Θεοῦ,
1266 3318 1533 3382 πλουσίως
1557 3318 1753 3391 ἐχούσῃ
1778 3318 1917 3371 8:66-

370 3421 449 3456 ναι
478 3406 564 3459 καὶ
589 3406 881 3478 διαφόρως,
914 3408 1017 3477 ὅτῳ
1052 3408 1314 3477 βούλεται.
1350 3412 1367 3431 ¹
1402 3411 1510 3463 Καὶ
1538 3409 1642 3481 γὰρ
1674 3410 1919 3478 πελάγιοι

372 3496 635 3568 τλοπῆρές
667 3516 819 3568 φασι,
846 3499 1103 3570 φέρεσθαι
1136 3502 1234 3571 μὲν
1259 3504 1369 3566 τοῖς
1400 3503 1827 3574 ναυτιλλομένοις
1856 3504 1917 3557 τὸ

369 3587 489 3639 αὐτὸ
517 3588 734 3659 πνεῦμα
757 3607 772 3619 ’
809 3590 998 3654 ἄλλους
1037 3592 1093 3644 δὲ
1120 3592 1190 3645 τὰ
1222 3592 1349 3661 περὶ
1376 3592 1468 3645 τὸν
1498 3592 1663 3645 πλοῦν
1695 3593 1917 3657 ἀλλοίως

364 3678 531 3731 αὐτῶν
561 3680 1122 3753 μεταχειριζομένους,
1157 3682 1256 3736 οὐκ
1298 3685 1377 3746 είς
1418 3684 1515 3751 τὴν
1546 3685 1711 3755 αὐτὴν
1745 3686 1918 3756 εἰσορ-

362 3769 617 3838 μίσασθαι
648 3772 913 3827 σπεύδειν.
938 3768 1031 3836 Οἷς
1061 3773 1159 3843 μὲν
1176 3774 1281 3843 γὰρ
1302 3774 1361 3827 τὸ
1385 3774 1597 3845 πνεῦμα
1617 3776 1757 3828 κατὰ
1778 3776 1917 3847 πρύ-

361 3876 493 3927 μναν
543 3858 724 3931 οὔριον
764 3861 1005 3915 ἵσταται·
1038 3865 1162 3926 τοὺς
1195 3864 1251 3916 δὲ
1280 3864 1372 3916 καὶ
1403 3864 1460 3929 ἐξ
1490 3864 1793 3935 ἐγκαρσίων
1821 3865 1921 3933 φέ-

360 3969 458 4023 ρει,
483 3954 575 4005 καὶ
597 3955 742 4024 ὅμως
770 3955 1084 4026 ἑκατέροιςὸ
1104 3955 1263 4019 πλοῦς
1286 3956 1501 4009 ἀνύεται
1527 3958 1741 4028 ρᾷστα.¹
1757 3956 1918 4027 Ἀτάρ

354 4041 417 4112 δὴ
466 4046 560 4097 καὶ
605 4045 665 4096 τὸ
711 4046 809 4114 τῆς
839 4047 1029 4116 σοφίας
1058 4047 1239 4119 νοερὸν
1269 4046 1492 4117 Πνεῦμα
1524 4047 1617 4101 καὶ
1644 4046 1795 4115 ἅγιον
1824 4047 1918 4099 καὶ

2020 3236 2100 3282 tot
2127 3228 2287 3282 etiam
2325 3234 2614 3293 tantosque
2647 3238 2950 3288 sermones,
2979 3220 3154 3281 nefas.
3189 3236 3222 3274 ο
3247 3218 3431 3281 Arete,
3470 3222 3578 3287 sit;

2020 3336 2140 3391 qum
2173 3319 2422 3373 videlicet
2454 3315 2775 3369 multiformi
2818 3314 2911 3368 Dei
2944 3312 3207 3381 sapientia
3269 3311 3585 3364 indubitan-

2023 3419 2105 3464 ter
2126 3408 2244 3471 fisa,
2275 3408 2396 3477 ejus
2435 3405 2675 3460 noverim
2710 3411 2895 3464 nutus,
2922 3410 2981 3455 ut
3010 3402 3288 3456 afﬂuenter
3322 3401 3579 3469 varieque

2022 3502 2180 3557 donis
2206 3499 2455 3553 munifica
2484 3496 2709 3559 tribuat,
2736 3495 2822 3549 cui
2858 3494 3097 3549 libuerit.
3125 3493 3290 3547 Aiunt
3316 3492 3459 3547 enim
3500 3492 3580 3546 rei

2023 3590 2253 3645 nauticae
2303 3585 2691 3658 experientiam
2747 3585 3030 3648 habentes,
3068 3583 3312 3653 aspirare
3364 3582 3581 3652 quidem

2019 3679 2400 3751 navigantibus
2445 3694 2611 3732 unum
2661 3676 3021 3746 eumdemque
3066 3684 3285 3731 ventum
3306 3694 3326 3731 7:
3389 3675 3582 3728 borum

2019 3782 2201 3827 tamen
2226 3772 2361 3826 alios
2387 3771 2543 3825 aliter
2566 3770 2963 3841 navigationem
2989 3783 3143 3823 suam
3169 3768 3582 3839 regentes,alios

2019 3865 2083 3917 ad
2112 3872 2302 3934 portus
2325 3876 2561 3931 orasque
2594 3862 2699 3915 iter
2735 3860 3086 3915 contendere.
3133 3858 3341 3929 Nempe
3398 3858 3519 3913 aliis
3550 3872 3584 3911 a

2018 3956 2183 4026 puppi
2220 3954 2399 4009 ferens
2417 3954 2469 4007 in
2485 3952 2749 4008 directum
2770 3952 2910 4006 amat
2934 3967 3101 4018 aura;
3132 3953 3251 4005 aliis
3269 3965 3394 4005 vero
3416 3951 3583 4009 etiam

2018 4047 2297 4117 obliquata
2345 4045 2585 4115 implevit
2616 4044 2735 4099 vela
2760 4082 2775 4106 ,
2813 4058 2877 4098 ac
2916 4052 3096 4098 tamen
3128 4042 3403 4111 utrisque,
3461 4038 3583 4108 ejus

356 4136 640 4203 μονογενὲς
670 4136 778 4207 (92)
810 4138 916 4190 ἀπὸ
944 4137 1049 4190 τῶν
1081 4138 1346 4210 πατρῴων
1373 4139 1576 4193 ἄνωθεν
1606 4139 1794 4210 πράως
1824 4155 1917 4193 κα-

2026 4152 2271 4204 munere,
2305 4136 2461 4193 facile
2482 4135 2754 4208 navigatio
2788 4135 3050 4191 succedit.
3073 4134 3192 4201 Quo
3212 4135 3458 4204 exemplo
3475 4146 3579 4186 no-

427 4294 473 4326 ⁸³
512 4296 677 4366 Apoc.
705 4314 801 4365 vu,
834 4298 890 4353 4.

352 4436 529 4490 active
558 4437 759 4492 dicitur
788 4437 855 4509 de
902 4436 987 4509 bis
1034 4450 1155 4509 quae
1205 4434 1297 4509 ita
1325 4435 1479 4504 quasi
1524 4434 1806 4489 subeundo
1831 4434 1917 4509 vel
1946 4442 1994 4501 υ
2020 4433 2114 4489 tha
2142 4434 2336 4509 offerre
2357 4452 2415 4492 se
2434 4436 2524 4504 bic
2542 4438 2854 4509 pr0phetica
2880 4437 3030 4503 dicit,
3057 4451 3152 4493 sua
3180 4436 3444 4509 oratione.
3470 4453 3581 4493 non-

353 4518 554 4561 terram
587 4508 670 4561 vel
709 4508 836 4577 quid
886 4506 1180 4577 ejusmodi,
1220 4505 1363 4577 velut
1395 4520 1715 4559 evanescere
1744 4513 1797 4559 et
1831 4506 1914 4558 in-

352 4579 536 4639 terire,
566 4578 650 4630 vel
680 4575 824 4631 certe
847 4577 1018 4630 oculis
1048 4575 1279 4630 subduci
1313 4590 1419 4629 non
1438 4584 1691 4644 possunt;
1725 4577 1807 4629 vel
1832 4576 1917 4629 lu-

353 4649 521 4709 mina,
553 4646 639 4701 vel
673 4648 965 4714 sidera,vel
998 4646 1243 4700 homines
1276 4664 1290 4699 :
1322 4645 1548 4699 alterum
1586 4646 1816 4715 passive,
1849 4646 1917 4700 de

352 4717 437 4770 bis
466 4734 587 4785 quae
618 4717 835 4786 pervadi
870 4723 963 4769 aut
993 4715 1260 4784 penetrari
1306 4730 1415 4769 non
1464 4722 1712 4784 possunt,
1746 4723 1799 4769 et
1841 4718 1915 4769 ita

352 4788 629 4842 inaccessa
677 4797 822 4850 sunt,
878 4795 935 4840 ut
977 4786 1271 4855 penetralia
1314 4801 1378 4839 ac
1423 4787 1603 4856 templi
1651 4786 1915 4841 sacratior

352 4860 525 4913 locus.
555 4859 840 4912 COIBEFIS.

423 4929 533 4995 (90)
562 4930 825 4995 Κούριος.
854 4925 1039 4980 Editor
1059 4926 1282 4995 Lupar.,
1312 4925 1459 4979 nulla
1497 4926 1741 4979 codicum
1784 4926 1906 4987 fide,

350 4997 601 5065 Κούφως,
648 5006 741 5061 ait,
789 4996 924 5065 quod
955 4997 1260 5066 legebatur,
1314 4996 1517 5049 videtur
1556 5013 1651 5064 per
1682 5012 1911 5050 errorem

349 5070 547 5134 factum
595 5083 658 5119 ex
692 5067 907 5135 κωφῶς.
944 5065 1139 5135 Sicque
1180 5067 1399 5120 intrusit
1430 5067 1481 5118 in
1522 5073 1749 5131 textum,
1783 5067 1909 5121 red-

348 5140 553 5206 ditque,
582 5139 744 5190 surda
775 5154 919 5197 aure.
956 5138 1110 5206 quasi
1143 5138 1394 5206 respiciat
1427 5135 1727 5206 Metliodius
1760 5135 1910 5189 Sire-

348 5205 475 5259 num
508 5208 828 5271 cantilenas,
859 5205 1084 5274 quarum
1118 5222 1175 5259 se
1200 5208 1438 5276 periculo
1472 5205 1708 5277 Ulysses.
1740 5206 1907 5261 surda

347 5278 619 5331 transiens
662 5293 816 5336 aure.
864 5277 1215 5331 liberaverit:
1249 5293 1355 5329 non
1408 5277 1530 5330 vita:
1582 5278 1907 5345 voluptates,

346 5362 482 5413 quas
511 5349 651 5400 velut
688 5348 930 5415 laqueos,
969 5356 1060 5401 aut
1094 5348 1294 5415 gluten,
1339 5362 1433 5401 seu
1478 5346 1639 5399 etiam
1672 5362 1912 5411 cmnum,

345 5418 424 5467 vel
458 5418 647 5485 quavis
680 5419 785 5470 alia
821 5418 984 5471 simili
1011 5417 1345 5485 metaphora,
1379 5417 1503 5485 quis
1535 5417 1749 5485 κούφως
1779 5416 1914 5469 cllu-

342 5487 472 5555 giat.
503 5488 599 5539 levi
636 5498 687 5539 et
731 5488 967 5552 expedito
997 5486 1148 5548 calle,
1180 5488 1377 5551 volatu,
1407 5503 1585 5549 cursu,
1617 5503 1679 5539 ac
1712 5488 1755 5540 si
1781 5486 1910 5555 quid

345 5558 608 5617 ejusmodi
644 5574 744 5610 vox
797 5559 885 5610 illa
918 5558 1061 5609 nulla
1098 5557 1145 5609 vi
1191 5565 1368 5627 potest
1412 5557 1599 5623 reddi;
1647 5572 1745 5610 nec
1795 5558 1913 5610 sine

343 5627 585 5697 exemplo
616 5628 670 5679 in
701 5627 1002 5696 Scriptura,
1034 5627 1191 5695 cujus
1232 5628 1405 5697 magis
1436 5643 1597 5681 voces
1629 5628 1911 5680 attendunt

344 5694 527 5753 Patres
560 5707 616 5754 et
648 5694 933 5753 imitantur
970 5694 1129 5769 quam
1162 5694 1441 5767 poetarum
1474 5716 1486 5751 :
1518 5698 1659 5753 unde
1686 5705 1739 5753 et
1769 5698 1909 5768 Aga-

2019 4508 2249 4575 poetica.
2280 4506 2617 4562 Continen‘da
2642 4506 2780 4577 'ergo
2809 4513 3031 4570 manus,’
3061 4523 3160 4561 nec
3192 4508 3271 4560 sic
3302 4508 3458 4562 facile
3482 4526 3577 4563 νεα

2018 4585 2189 4648 terum
2221 4579 2589 4633 monumentis
2622 4579 2851 4648 quodam
2884 4578 3058 4647 plagio
3096 4577 3453 4638 immittenda,
3484 4580 3574 4633 ubi

2018 4647 2223 4701 nullum
2247 4659 2597 4708 momentum,
2635 4647 2727 4703 Sed
2773 4649 2904 4702 levis
2930 4650 3109 4703 minus
3137 4648 3359 4701 erudita:
3382 4650 3577 4703 mentis

2019 4716 2155 4770 ludit
2194 4718 2524 4785 conjectura.
2568 4718 2683 4771 illeo
2717 4725 2897 4771 tamen
2946 4718 3205 4786 periculo,
3252 4717 3396 4786 quod
3441 4720 3578 4772 scri-

2020 4794 2190 4856 ptum,
2218 4787 2526 4857 ισηγόρησε,
2554 4788 2709 4857 plane
2730 4784 2961 4857 barbara
2979 4804 3107 4842 voce
3132 4804 3194 4841 ac
3219 4784 3349 4841 nifiil
3367 4786 3591 4851 Graeca,-

2020 4858 2357 4918 mutandum,
2377 4856 2781 4928 ἐδημηγόρησε.
2811 4856 3010 4927 Nempe
3033 4858 3242 4912 laudata
3267 4859 3469 4927 Agatha
3493 4873 3577 4913 est

2017 4940 2046 4977 a
2080 4934 2192 4998 toto
2220 4942 2501 4998 consessu,
2550 4943 2648 4997 pro
2685 4928 2948 4982 concione
2976 4930 3060 4998 sic
3094 4929 3326 4998 graviter
3358 4943 3567 4996 presse-

2012 5011 2117 5069 que
2145 4996 2361 5069 habita;
2392 4989 2693 5069 nulla'cum
2740 4989 3572 5069 superioribbs'gcomparatione,

2013 5066 2105 5119 sed
2145 5066 2350 5140 judicio
2396 5069 2461 5140 in,
2497 5068 2655 5122 tinem
2702 5084 2884 5140 usque
2916 5070 3091 5124 Areten
3122 5066 3475 5140 βραδέυούσῃ,
3509 5082 3578 5122 ac

2010 5136 2322 5190 certaminis
2351 5138 2587 5199 arbitrm,
2614 5136 2844 5191 servato.
2870 5139 2945 5191 In.

2082 5203 2189 5279 (Ψὲ)
2236 5207 2604 5279 ἰσηγόρησεσ
2630 5208 3080 5279 ,Ἐδῃμηγόρησκεο
3112 5208 3188 5263 1»-

2081 5276 2190 5344 (92)
2220 5278 2326 5347 Καὶ
2354 5277 2693 5347 μονογενὲς.
2730 5276 2995 5347 suspecta
3024 5278 3187 5333 Leoni
3214 5280 3413 5335 Allatio
3442 5295 3570 5345 vox,

2011 5346 2168 5415 quasi
2197 5346 2265 5399 ab
2286 5346 2774 5402 Arianisllletbodii
2800 5346 2924 5402 huic
2942 5349 3305 5405 lucubrationi
3330 5353 3566 5406 inserta:

2011 5416 2143 5490 mihi
2168 5418 2234 5490 ab
2261 5419 2377 5485 ipso
2412 5417 2683 5490 Methodio
2705 5434 2767 5471 es
2792 5418 2920 5487 Sap.
2944 5435 3039 5483 vu,
3069 5420 3158 5483 2‘2,
3184 5432 3437 5490 accepta;
3470 5436 3571 5474 nec

2010 5486 2189 5557 minus
2207 5487 2267 5557 in
2294 5504 2358 5539 eo
2377 5502 2537 5557 quam
2564 5488 2617 5540 in
2644 5490 2761 5557 ipso
2786 5486 2943 5542 sacro
2969 5497 3117 5557 textu
3149 5506 3278 5557 sana
3303 5486 3355 5545 et
3385 5486 3569 5543 ortho-

2008 5556 2169 5627 doxa.
2207 5554 2407 5611 Verba‘
2426 5554 2732 5611 Salomonis
2762 5566 2889 5612 sunt
2928 5595 2938 5605 .
2967 5555 3058 5609 Est
3087 5554 3222 5608 enim
3250 5561 3299 5610 in
3326 5560 3419 5612 illa
3442 5558 3567 5627 (sa-

2007 5626 2232 5698 pientia,
2289 5643 2408 5695 qua:
2434 5636 2538 5698 test
2570 5629 2830 5698 “omnium
2880 5629 3095 5691 artifex)
3139 5629 3354 5698 Πνεῦμα
3387 5626 3569 5698 vosva

2008 5696 2178 5765 ἅγιον,
2217 5697 2519 5767 μονογενὲς,
2556 5697 2784 5768 Spiritus
2812 5699 3168 5769 intelligentia:
3189 5695 3422 5762 sanctus,
3449 5695 3539 5749 uni
3550 5723 3571 5737 -
