4052 6338
439 234 545 290 123

1423 236 1480 292 S.
1527 236 1857 298 METllODll
1897 241 2205 301 EPISCOPI
2245 238 2334 296 ET
2376 235 2736 299 MARTYRIS

3553 237 3662 294 εει

436 357 521 410 bis
545 371 760 426 quoque
809 357 1124 426 intelligens,
1160 365 1476 429 sanctusque
1506 370 1556 414 et
1583 362 1768 416 unicus
1797 364 1980 433 sapient

2099 362 2461 432 ταπνεόμενον
2494 353 2802 430 θησαυρῶν,
2830 355 3032 420 πάσαις
3074 357 3206 428 ἡμῖν
3257 352 3476 426 λιγυρὸν
3505 349 3666 426 οὖρον

435 449 526 501 tite
555 447 784 515 Spiritus
819 449 885 511 ",
919 465 948 502 a
983 449 1223 518 paternis
1253 465 1488 520 superne
1527 450 1720 507 leniter
1748 455 1995 524 aspirans

434 539 709 595 thesauris
760 541 915 594 nobis
941 541 1193 596 omnibus
1247 557 1413 597 suave
1441 543 1750 599 sibilantem
1806 562 1999 601 secun-

2101 453 2334 509 πνεῦσαν
2378 451 2667 522 γνώσεως,
2727 449 3018 522 ἐπαρκέσει
3066 449 3158 500 τὸν
3198 448 3394 520 δρόμον
3443 446 3668 509 ἀλύπως

2101 545 2400 600 ἀπευθῦναι
2423 544 2530 597 τῶν
2561 543 2751 612 λόγων.
2770 542 2922 613 Ἐμοὶ¹
2948 541 3055 612 γὰρ
3087 539 3274 610 καιρὸς
3297 538 3396 610 ήδη
3425 537 3622 606 λέγειν.

432 635 558 686 dam
606 633 807 687 afllabit
859 634 1098 689 scientiae
1150 650 1361 700 auram,
1393 653 1514 706 qua:
1547 638 1830 708 dirigendo
1868 641 1987 694 sine
2035 639 2242 694 oll'ensa
2293 653 2358 692 ac
2402 637 2656 693 molestia
2699 636 3006 691 orationum
3055 646 3252 687 cursus
3283 669 3299 696 ,
3353 629 3662 686 dicentibus

433 726 650 782 abunde
692 725 941 782 suﬂiciat.
992 728 1120 783 Mihi
1165 746 1330 800 porro
1371 731 1484 802 jam
1536 733 1725 788 incidit
1772 733 1988 790 dicendi
2019 744 2252 806 tempus.

444 831 446 833 ’
506 820 658 877 Unus
680 823 729 879 is
755 822 972 878 demum
1001 840 1164 881 verus
1193 841 1257 880 ac
1287 827 1466 898 gravis
1493 828 1747 884 laudandi
1777 831 1989 896 modus,

431 913 742 983 ovirgines,
772 921 875 981 est,
906 915 1121 984 quando
1148 916 1377 973 laudans
1398 927 1452 973 et
1479 934 1536 974 re
1563 936 1681 990 quae
1723 921 1990 989 laudatur,

433 1011 489 1058 et
519 1006 730 1058 caeteris
763 1021 882 1074 qua:
919 1006 1227 1072 lrudantur,
1259 1009 1509 1064 omnibus
1541 1010 1698 1081 longe
1730 1019 1994 1082 praestan-

431 1098 624 1153 tiorem
653 1113 764 1152 suae
791 1098 1118 1156 laudationis
1147 1107 1338 1156 testem
1365 1101 1604 1157 adhibet.
1655 1102 1781 1158 Inde
1823 1103 2004 1173 siquig

431 1190 552 1245 dem
584 1190 730 1245 clare
759 1191 1058 1262 intelligere
1089 1192 1234 1256 licet,
1265 1192 1518 1262 nequead
1536 1193 1787 1264 gratiam,
1818 1210 1992 1264 neque

430 1285 496 1335 ex
531 1281 876 1346 necessitate,
903 1299 1078 1354 neque
1102 1284 1254 1354 juxta
1288 1285 1550 1340 incertam
1582 1286 1728 1356 vulgi
1778 1287 1994 1357 opinio-

429 1387 576 1439 nem,
614 1375 977 1432 laudationem
1010 1378 1364 1448 compositam
1400 1394 1555 1434 esse:
1611 1379 1706 1434 sed
1739 1388 1990 1435 exactum

431 1469 508 1521 ad
532 1469 813 1524 veritatem
844 1470 1141 1534 continere,
1174 1486 1274 1526 nec
1302 1472 1408 1525 ulla
1433 1472 1763 1528 adulationis
1813 1474 1994 1544 suspi-

429 1559 586 1614 cione
618 1561 870 1617 laborans
905 1562 1192 1632 judicium.
1229 1557 1440 1618 Etenim
1467 1565 1560 1634 qui
1588 1565 1655 1620 de
1686 1564 1824 1620 Filio
1872 1565 1988 1629 Dei,

426 1649 537 1719 jam
563 1658 675 1705 tum
700 1661 825 1707 ante
856 1654 1051 1707 saecula
1080 1654 1391 1719 exsistente,
1412 1655 1622 1726 plenius
1638 1671 1700 1710 ac
1727 1655 1983 1712 disertius

429 1743 705 1812 prophetae
750 1745 1088 1816 apostolique
1116 1746 1486 1817 disputarunt,
1517 1763 1580 1803 ac
1605 1764 1715 1820 prae
1763 1749 1988 1818 reliquis

430 1837 754 1892 mortalibus
790 1837 907 1908 ejus
951 1847 1250 1895 assertores
1285 1848 1446 1911 atque
1464 1857 1742 1912 praecones
1769 1841 1989 1899 deitatis

429 1926 669 1992 fuerunt,
702 1945 808 1984 non
838 1930 1025 2000 utique
1074 1933 1294 1999 angelos
1324 1941 1594 2002 auctores,
1641 1949 1828 1988 earum
1852 1951 1988 2004 quas

428 2016 506 2072 illi
531 2021 858 2086 tribuebant,
892 2021 1111 2077 laudum
1136 2023 1460 2096 allegarunt,
1493 2024 1591 2080 sed
1623 2024 1776 2080 illum
1809 2026 1988 2097 ipsum

439 2239 444 2246 ,
529 2176 575 2210 ³¹
613 2175 742 2246 Sap.
777 2193 873 2243 vn,
906 2177 979 2233 22
1010 2197 1025 2216 ο

423 2325 536 2380 cui,
560 2327 664 2390 etc.
697 2317 788 2373 Sic
812 2317 993 2388 Vulg,
1025 2320 1117 2390 qui
1148 2319 1284 2375 forte
1312 2319 1567 2375 Allatium
1602 2318 1812 2383 fefellit,
1854 2335 1979 2374 cum

423 2403 586 2461 voces
632 2389 831 2443 Graeca:
871 2392 979 2444 sint
1023 2389 1150 2460 ipsae
1194 2390 1477 2458 Methodii;
1529 2391 1812 2461 redditque
1841 2390 1979 2460 ipse,

423 2455 654 2533 Spiritus
698 2461 972 2533 sapientia;
1000 2455 1371 2516 intellectualis
1403 2455 1697 2515 et'sanctus
1725 2455 1776 2517 et
1801 2455 2024 2533 unige-w

420 2529 584 2602 nitus,
609 2538 738 2602 etc_.,
759 2545 822 2584 ac
852 2530 918 2585 de
946 2531 1179 2602 Spiritus
1207 2533 1322 2600 ipsa
1357 2547 1587 2602 persona
1620 2533 1844 2602 accepit,
1879 2529 1984 2586 etsi

421 2598 554 2678 nihil
586 2600 750 2669 cogit,
776 2610 833 2654 ut
859 2598 1030 2671 magis
1055 2602 1120 2657 de
1149 2598 1373 2672 Spiritu,
1401 2617 1562 2726 quam
1591 2602 1657 2656 de
1680 2598 1818 2655 Filio
1838 2602 1985 2656 acci-

421 2681 656 2726 piamus.
689 2671 770 2724 vel
799 2672 959 2724 etiam
993 2672 1059 2726 de
1087 2673 1250 2726 Dono.
1283 2671 1400 2726 Ouo
1459 2672 1600 2726 enim
1635 2672 1836 2726 dicitur
1859 2687 1983 2726 esse

420 2671 656 2739 piamus.
689 2671 770 2724 vel
799 2672 959 2724 etiam
993 2672 1059 2726 de
1087 2671 1250 2726 Dono.
1283 2671 1432 2739 Quod
1459 2672 1600 2727 enim
1635 2672 1836 2726 dicitur
1859 2687 1983 2727 esse

423 2736 759 2813 Spiritusin
803 2741 1082 2813 Sapientia
1133 2736 1472 2813 reddiditque
1513 2742 1836 2803 Methodius,
1883 2758 1980 2797 seu

384 2853 391 2858 .
417 2808 726 2887 esplicavit,
767 2811 827 2864 τὸ
854 2808 952 2882 τῆς
977 2813 1174 2887 Σοφίας
1205 2808 1445 2887 Πνεῦμα
1469 2814 1610 2884 (qua:
1643 2829 1748 2887 una
1781 2812 1981 2887 illium-

420 2882 832 2955 rietas‘a‘sacro
859 2889 1029 2955 textu,
1069 2882 1372 2954 mirumque
1405 2885 1449 2938 si
1480 2882 1644 2955 quem
1680 2883 1771 2938 illa
1803 2882 1977 2955 offen-

419 2946 534 3023 dat)
576 2945 1164 3023 SpiritumwSapientiw,
1197 2945 1301 3008 rite
1345 2945 1652 3023 experiatur
1691 2955 1758 3010 de
1800 2954 1973 3018 Dono,

2162 825 2258 895 Εἷς
2281 830 2479 902 τρόπος
2507 829 2709 902 ἀληθὴς
2741 827 2977 881 ἐπαίνων
3005 816 3157 887 οὗτός
3181 825 3345 884 ἐστιν,
3387 814 3432 873 ὦ
3455 816 3661 890 παρθέ-

2091 940 2193 986 νοι,
2229 923 2321 976 καὶ
2352 923 2564 993 σεμνὸς,
2590 922 2788 974 ὁπόταν
2825 922 2853 972 ό
2881 915 3118 971 ἐπαινῶν
3145 914 3238 967 τοῦ
3272 910 3659 981 ἐπαινουμένου

2093 1013 2186 1065 καὶ
2222 1011 2330 1064 τῶν
2362 1009 2770 1080 ἐπαινουμένων
2817 1006 3070 1060 ἁπάντων
3117 1003 3398 1073 κρείττονα
3443 999 3662 1073 παρέχῃ

2097 1105 2367 1176 μάρτυρα.
2401 1104 2635 1174 Πάρεστι
2663 1101 2772 1172 γὰρ
2801 1097 3048 1152 ἐντεῦθεν
3082 1095 3271 1168 μαθεῖν
3297 1092 3556 1164 ἀκριϐῶς,
3575 1092 3661 1145 ὅτι

2096 1197 2169 1269 μὴ
2203 1197 2338 1268 πρὸς
2367 1196 2543 1267 χάριν,
2579 1194 2709 1266 μηδὲ
2737 1192 2794 1259 ἐξ
2823 1190 3087 1262 ἀνάγκης,
3117 1188 3250 1260 μηδὲ
3291 1185 3430 1241 κατά
3476 1183 3656 1249 δόξαν,

2090 1292 2124 1362 ἠ
2150 1289 2390 1360 εὐφημία
2426 1287 2633 1356 γίνεται
2676 1285 2783 1339 τῶν
2826 1283 2998 1352 λόγων
3023 1322 3036 1345 ,
3075 1280 3209 1334 ἀλλά
3235 1278 3374 1332 κατά
3404 1275 3660 1348 ἀλήθειαν

2091 1383 2182 1436 καὶ
2214 1381 2524 1436 ἀθώπευτον
2551 1379 2748 1451 κρίσιν.
2778 1376 2888 1431 Καὶ
2914 1375 3021 1447 γάρ
3047 1378 3094 1428 οἱ
3121 1371 3484 1444 πληρέστερον
3508 1371 3664 1440 εἰση-

2091 1476 2389 1546 γησάμενοι
2440 1474 2569 1545 περὶ
2612 1471 2705 1525 τοῦ
2758 1469 2887 1524 Υἱοῦ
2937 1468 3027 1522 τοῦ
3077 1465 3210 1520 Θεοῦ
3246 1465 3518 1537 προφῆται
3561 1463 3658 1518 και

2090 1566 2396 1631 ἀπόστολοι,
2426 1564 2519 1619 καὶ
2549 1563 2746 1635 μᾶλλον
2780 1562 2940 1617 αὐτὸν
2964 1559 3070 1614 τῶν
3102 1557 3274 1614 ἄλλων
3301 1556 3658 1627 θεολογήσαν-

2087 1676 2179 1723 τες
2229 1656 2548 1730 ἀνθρώπων,
2581 1656 2681 1709 οὐκ
2725 1655 2804 1718 εἰς
2853 1652 3149 1722 ἀγγελικὴν
3195 1650 3464 1720 ἀνήγαγον
3510 1644 3657 1717 αὐτῷ

2019 1723 2060 1778 Β
2091 1723 2400 1820 ῥῆσιν-τοὺς
2426 1747 2703 1810 ἐπαίνους,
2745 1745 2856 1798 ἀλλ’
2888 1746 2968 1807 εἰς
2999 1744 3159 1798 αὑτὸν
3206 1743 3298 1797 τὸν
3343 1739 3657 1812 ἀνημμένον

2084 1840 2299 1894 πάντων
2328 1839 2388 1891 τὸ
2421 1836 2587 1910 κῦρος
2617 1837 2792 1890 καὶτὸ
2813 1831 3179 1907 κράτος.’*Ην
3213 1831 3321 1904 γὰρ
3350 1830 3654 1902 ἑμπρεπὲς.

2082 1931 2190 1985 τῶν
2228 1929 2480 1984 ἁπάντων
2521 1927 2741 2000 μείζονα
2775 1927 2882 1980 τῶν
2915 1926 3086 1980 ἄλλων
3124 1923 3261 1996 μετά
3292 1923 3382 1976 τὸν
3412 1921 3654 1993 Πατέρα,

2087 2025 2231 2097 μόνῳ
2255 2024 2332 2096 τῷ
2359 2024 2553 2078 ἑαυτοῦ
2585 2021 2789 2094 μείζονι
2821 2020 2932 2094 (93)
2965 2019 3138 2091 Πατρὶ
3173 2016 3478 2092 χρήσασθαι
3513 2014 3656 2086 μάρ-

2077 2321 2132 2374 ἱη
2166 2317 2258 2373 Dei
2293 2318 2433 2374 ﬁlios
2462 2320 2864 2389 promovemur)
2893 2333 3014 2388 quae
3044 2323 3222 2381 vocat,
3253 2314 3462 2389 putavit
3487 2329 3650 2389 exor-

2079 2390 2297 2445 nanda?
2325 2391 2414 2444 Sic
2445 2386 2591 2444 certe
2626 2390 2801 2444 solent
2830 2386 3126 2460 Scriptores
3156 2389 3319 2453 sacri,
3344 2386 3466 2460 aliis
3495 2386 3650 2440 aliis-

2081 2478 2187 2532 que
2210 2461 2435 2532 vocihus
2454 2461 2644 2532 eodem
2667 2468 2923 2532 contextu
2945 2459 3189 2514 eamdem
3207 2473 3320 2512 rem
3339 2459 3646 2532 illustrare:

2051 2526 2184 2587 nec
2217 2529 2374 2586 facile
2402 2531 2468 2584 ad
2498 2531 2601 2584 alia
2632 2531 2910 2598 trahendaa
2949 2545 3129 2592 voces,
3178 2528 3392 2598 quando
3437 2526 3529 2580 uni
3570 2529 3653 2582 ei-

2082 2602 2316 2671 demque
2357 2602 2433 2656 rei
2476 2601 2639 2654 nullo~
2668 2601 3013 2656 incommodo
3044 2607 3282 2671 possunt
3318 2599 3649 2671 convenire;

2081 2689 2150 2726 ne
2181 2668 2339 2743 quasi
2373 2686 2635 2743 parergon
2671 2672 2799 2742 quid
2848 2673 2992 2741 loqui
3037 2668 3273 2743 Spiritus
3317 2677 3539 2743 sanctus
3590 2668 3644 2725 in

2081 2744 2161 2798 eis
2193 2739 2461 2797 videatur.
2497 2739 2810 2808 Quidenim
2841 2739 3044 2796 adhoc
3077 2739 3221 2812 quod
3252 2755 3412 2794 omne
3443 2739 3648 2812 donum

2119 2813 2379 2868 erfectum
2417 2813 2482 2867 de
2511 2814 2652 2866 caelo
2691 2821 2796 2876 est,
2832 2812 2885 2866 id
2932 2821 3016 2868 est
3060 2809 3108 2864 a'
3136 2810 3264 2873 Deo,
3310 2826 3431 2865 esse
3480 2809 3647 2862 Deunt

2127 2891 2296 2939 atrem
2357 2883 2644 2949 luminum;
2700 2883 2754 2937 id
2793 2890 2878 2938 est
2916 2882 3034 2936 Filii
3069 2890 3122 2938 et
3164 2879 3398 2950 Spiritus
3436 2878 3648 2950 sancti;

2081 2957 2167 3012 vel
2205 2954 2373 3010 etiam
2398 2953 2710 3023 angelorum
2745 2968 2806 3007 ac
2840 2954 3138 3016 hominum,
3162 2949 3272 3023 aut
3309 2951 3544 3020 denique
3573 2949 3649 3004 si-

417 3017 574 3108 $1:th
604 3029 796 3108 auctor
827 3017 1124 3097 Sapientia,
1152 3017 1207 3106 et
1247 3041 1366 3107 quae
1407 3017 1543 3108 ipsa,
1593 3026 1770 3108 ipsum
1815 3017 1974 3108 suum
2005 3047 2048 3108 ο
2081 3026 2304 3108 derum;
2337 3033 2392 3077 et
2422 3017 2530 3077 non
2565 3025 2745 3108 potius
2785 3023 3099 3105 eorumdem
3146 3021 3419 3108 donorum,
3522 3035 3650 3108 gra-

419 3074 627 3162 Do'num
651 3074 1555 3162 fucata}?iii'ébhii‘nﬁi‘inﬁiné

416 3160 614 3228 quibus
646 3159 786 3216 Deus
814 3179 879 3218 ex
906 3163 1096 3218 eﬂertu
1131 3159 1377 3220 noscitur
1409 3174 1462 3219 et
1502 3167 1834 3220 nominatur.
1885 3165 1977 3220 Di-

415 3236 569 3306 citur
607 3247 735 3306 vero
780 3235 828 3288 is
873 3233 1106 3306 Spiritus
1155 3235 1459 3306 μονογενὲς,
1509 3236 1560 3292 id
1600 3245 1685 3291 est
1727 3238 1972 3305 unigena,

415 3303 570 3376 quasi
598 3304 757 3358 unius
788 3305 1036 3366 rationis.
1066 3303 1277 3376 sibique
1301 3303 1416 3375 ipse
1446 3307 1640 3362 similis
1664 3313 1718 3361 et
1747 3303 1978 3361 consen-

415 3370 578 3448 tiens,
614 3389 718 3427 non
750 3376 926 3448 qualis
958 3378 1140 3431 mundi
1178 3370 1527 3448 spiritusuaut
1557 3377 1780 3448 diaboli,
1810 3377 1974 3448 spiri-

416 3447 515 3522 tus.
528 3441 887 3522 dissensionis
910 3464 953 3522 _:_
965 3448 1190 3522 proinde
1211 3441 1356 3522 bene
1391 3445 1585 3522 Unicus
1611 3447 1792 3522 dictus
1823 3441 1854 3501 εἰ
1884 3463 1977 3502 ve-

415 3513 526 3589 teri
557 3513 869 3589 interprete.
895 3513 1066 3589 Aliter
1093 3519 1273 3589 dictus
1301 3517 1495 3572 Joanni
1533 3535 1571 3582 ι,
1605 3518 1691 3583 18,
1733 3519 1790 3572 ’0
1822 3536 1978 3589 μονο-

416 3531 517 3563 teri
557 3531 695 3567 inter
739 3531 869 3570 rete.
895 3531 1066 3571 Aliter
1093 3531 1273 3574 dictus
1301 3531 1495 3572 Joanm
1533 3535 1571 3582 ι,
1605 3531 1691 3583 ιδ,
1735 3531 1790 3572 υ
1822 3536 1977 3589 μονο-

413 3587 577 3657 γενὴς
623 3531 766 3648 mi},
815 3588 1040 3658 unigena
1087 3588 1283 3650 Filius,
1336 3590 1427 3644 ubi
1462 3605 1565 3644 vox
1605 3590 1719 3658 ipsa
1757 3589 1885 3655 Υἱὸς
1917 3589 1977 3642 τὸ

412 3657 747 3731 μονογενής
774 3657 1027 3725 appellat.
1054 3666 1114 3710 ut
1162 3659 1459 3731 loquuntur
1487 3657 1775 3726 dialectici,
1807 3660 1860 3731 ﬁl
1891 3667 1977 3714 est

415 3727 737 3800 determinat
766 3749 778 3784 :
808 3740 864 3783 ut
891 3745 990 3800 pro
1012 3744 1138 3785 vera
1158 3727 1504 3800 generatione
1526 3738 1650 3790 stet,
1675 3745 1780 3797 qua
1807 3727 1974 3784 Filius

416 3798 568 3852 solus
601 3813 630 3850 a
659 3799 777 3853 solo
805 3798 1102 3863 est’Patre,
1135 3798 1260 3856 vere
1284 3816 1349 3854 ex
1373 3800 1466 3853 illo
1488 3811 1669 3860 natus,
1696 3814 1802 3852 non
1832 3801 1978 3852 arbi-

413 3868 580 3938 traria
608 3868 715 3922 ulla
743 3868 1024 3925 effectione
1067 3870 1268 3934 editus,
1309 3870 1451 3924 sicut
1477 3880 1560 3922 est
1590 3868 1823 3932 Donum,
1859 3869 1977 3938 ipsa

415 3934 689 4010 Sapientia
710 3956 871 4009 quam
897 3941 1083 3994 eﬂ‘udit
1108 3957 1270 4010 super
1291 3955 1452 4008 opera
1477 3941 1656 4010 omnia
1681 3954 1800 4010 sua,
1824 3934 1978 4010 ejus-

412 4012 519 4077 que
546 4007 1018 4082 ipsius_Spiritns,
1061 4007 1189 4082 ipsa
1212 4007 1562 4082 nihilominus
1591 4007 1976 4082 Sapientiajn-

412 4081 716 4151 transitive,
749 4096 779 4134 a
803 4078 1362 4151 ’Sapientia'manans.
1388 4078 1736 4151 Patre._Filio
1767 4091 1820 4132 et
1851 4079 1976 4150 Spi-

413 4148 520 4221 ritu
569 4162 788 4221 salicto,
837 4148 927 4221 qui
977 4167 1083 4205 una
1132 4151 1437 4220 Sapientia,
1486 4149 1587 4205 etsi
1633 4148 1978 4221 appropriate

413 4216 584 4289 Filius
615 4216 890 4289 Sapientia
914 4230 967 4276 et
989 4216 1274 4276 dicatur-et
1301 4221 1574 4282 credatur,
1599 4216 1843 4287 ac'c—uju—s
1869 4237 1976 4272 πα-

409 4287 577 4363 τριῖὲοι
627 4287 908 4363 Θη⁷σαυροῐ,
958 4293 1163 4361 paterni
1203 4291 1453 4363 thesauri,
1488 4291 1631 4343 unde
1651 4289 1976 4363 Virginibus

2343 3089 2616 3164 quomodo
2667 3093 2830 3149 Pater
2875 3093 3357 3164 misericordigrnm
3402 3089 3489 3162 (II
3518 3089 3646 3164 Cor.

2078 3098 2300 3154 tiarum.

2079 3183 2116 3228 ι,
2148 3167 2225 3235 '5).
2258 3165 2341 3227 Et,
2361 3161 2409 3218 “ὁ
2437 3164 2494 3218 δὲ
2525 3163 2658 3228 Θεὸς
2696 3165 2877 3236 πάσης
2915 3164 3136 3236 χάριτος
3168 3162 3221 3232 (I
3252 3161 3484 3236 Pelr.'v_,
3529 3162 3644 3231 10),

2075 3245 2129 3294 et
2157 3234 2352 3292 similia
2375 3250 2494 3304 qua:
2524 3245 2670 3290 certe
2686 3234 2874 3290 eodem
2892 3234 3224 3306 respiciunt;
3259 3249 3357 3288 nec
3389 3234 3648 3306 substan-

2076 3308 2295 3366 tiarum,
2328 3307 2422 3362 sed
2449 3306 2716 3360 donorum
2764 3322 2827 3360 ac
2858 3305 3268 3366 charismatum,
3309 3320 3403 3359 seu
3443 3305 3647 3372 gratiae

2075 3392 2195 3431 rum
2229 3377 2394 3430 Deum
2424 3384 2700 3430 auctorem
2719 3377 2973 3437 innuunt,
2997 3382 3324 3444 monentque
3343 3371 3498 3428 ofﬁcii
3518 3389 3646 3444 erga

2075 3448 2251 3519 ipsum
2269 3461 2336 3500 eo
2351 3447 2572 3519 nomine
2588 3456 2640 3519 et
2661 3447 2890 3519 quodab
2909 3447 3346 3519 illoaccepinins.
3359 3445 3645 3519 Counsris.

2149 3518 2259 3586 (95)
2288 3519 2464 3582 Μόνῳ
2501 3516 2582 3582 τῷ
2615 3515 2834 3571 ἑαυτοῦ
2867 3515 3110 3587 μείζονι.
3141 3517 3396 3582 Majorem
3426 3515 3645 3587 quidem

2077 3604 2136 3644 sc
2187 3588 2400 3642 Patrem
2448 3589 2563 3657 ipse
2607 3586 3179 3656 Christusproﬁtetur
3218 3587 3377 3640 Joan.
3406 3601 3519 3652 xw,
3551 3586 3643 3651 28,

2077 3659 2218 3727 quod
2251 3658 2341 3711 alii
2380 3659 2735 3712 humanitatis
2782 3659 2993 3712 ratione
3037 3667 3335 3726 exponunt,
3383 3666 3648 3727 qua_erat

2079 3725 2254 3783 iturus
2287 3730 2350 3782 ad
2386 3729 2635 3790 Patrem;
2665 3729 2752 3782 alii
2777 3730 2939 3783 etiam
2972 3725 3210 3788 deita’tis.
3247 3743 3340 3783 seu
3371 3743 3476 3795 qua
3506 3725 3648 3782 Deus

2076 3808 2160 3854 est
2187 3816 2252 3854 ex
2280 3797 2440 3853 Patre
2484 3814 2546 3852 ac
2590 3797 2782 3862 Filius,
2815 3814 2920 3868 qua
2955 3799 3072 3867 ipsa
3105 3800 3313 3852 ratione
3345 3795 3558 3851 Patrem
3593 3805 3650 3850 ut

2078 3879 2355 3924 auclorem
2392 3869 2634 3936 respicit,
2671 3884 2734 3923 ac
2768 3869 2994 3939 proinde
3024 3871 3348 3922 auctoritate
3373 3868 3649 3939 principii,

2079 3947 2138 3993 ut
2191 3947 2386 3993 vocant
2429 3939 2685 4007 majorem
2713 3959 2726 3993 :
2752 3937 2871 4008 qua:
2919 3939 3227 4003 Athanasii,
3258 3939 3481 3998 Basilii,
3511 3937 3648 3993 Gre-

2077 4010 2214 4080 gorii
2272 4008 2532 4078 Theologi
2580 4018 2932 4079 veterumque
2981 4011 3212 4080 aliorum
3267 4009 3646 4078 theologorum

2079 4079 2309 4134 concors
2345 4081 2753 4150 sententia_est,
2790 4095 3006 4150 unaque
3053 4081 3134 4135 eis
3162 4079 3323 4150 digna
3351 4080 3466 4133 visa
3497 4093 3649 4139 com-9

2079 4152 2292 4220 paratio
2317 4150 2435 4204 Filii
2461 4166 2584 4204 cum
2623 4148 2801 4213 Patre,
2829 4163 2883 4205 ut
2905 4148 3046 4219 Quod
3080 4148 3243 4205 unius
3272 4166 3393 4204 cum
3423 4151 3514 4202 illo
3549 4164 3650 4203 na-

2077 4229 2214 4275 tura:
2243 4237 2306 4274 ac
2341 4221 2661 4276 substantize
2711 4221 2819 4287 sit;
2863 4237 2962 4275 nec
3017 4229 3140 4291 apta
3185 4221 3257 4276 sit
3311 4223 3649 4291 comparatio

2079 4292 2184 4347 nisi
2218 4292 2358 4345 inter
2386 4307 2448 4346 ea
2503 4307 2624 4362 quae
2680 4301 2808 4346 sunt
2841 4292 2960 4358 ejus
3015 4289 3250 4361 generis.
3287 4289 3455 4362 quue
3513 4291 3648 4346 mihi

411 4358 476 4416 ac
494 4358 718 4444 Sanctis
735 4358 986 4444 omnibus
1011 4364 1232 4444 aspiret.
1252 4361 1360 4444 N_ec
1379 4362 1547 4444 aliter
1579 4362 1708 4415 velit
1736 4358 1973 4444 Ja’cqbus
2007 4389 2049 4444 υ
2081 4363 2316 4444 maxime
2342 4358 3039 4444 argumento,.abrogando
3059 4358 3648 4444 Athanasio‘Symbolo

411 4445 452 4503 I_,
488 4431 555 4503 Π
585 4433 749 4503 εᾼΠᾶν
776 4431 1003 4503 δώρημα
1033 4433 1232 4487 τέλειον
1265 4432 1465 4503 ἄνωθέν
1494 4433 1614 4503 ἐστι
1646 4431 1966 4484 καταϐαῖνον

409 4501 517 4574 ἀπὸ
543 4501 636 4556 τοῦ
660 4501 868 4574 Πατρὸξ
896 4501 1002 4556 τῶν
1037 4504 1246 4572 φώτων·
1274 4501 1437 4574 Omne
1467 4502 1660 4574 donum
1687 4503 1968 4574 perfectum

410 4569 686 4627 desursum
719 4569 814 4637 est,
849 4569 1160 4629 descendens
1188 4591 1220 4626 a
1274 4572 1436 4626 Patre
1480 4573 1755 4626 luminum.
1778 4569 1970 4628 Plane

409 4643 552 4695 enim
597 4641 810 4699 Patrem
864 4645 1127 4699 luminum
1173 4643 1337 4698 Deum
1370 4644 1545 4713 ipsum
1576 4643 1838 4706 nominat,
1867 4658 1968 4696 au-

410 4723 615 4784 ctorem
650 4714 1084 4783 intelligentium,
1111 4716 1424 4784 angelorum
1455 4722 1508 4767 et
1531 4713 1831 4775 hominum,
1857 4715 1972 4769 sive

409 4783 584 4854 etiam_
606 4785 864 4844 siderum.
896 4789 940 4839 si
971 4786 1094 4854 quis
1129 4783 1201 4838 ad
1224 4785 1498 4839 sensibilia
1539 4786 1749 4838 trahere
1785 4785 1968 4846 malit;

410 4867 521 4906 non
547 4852 667 4908 Filii
705 4863 759 4910 et
803 4852 1060 4925 Spiritus,
1106 4855 1369 4925 quidquid
1409 4855 1578 4924 aliqui
1616 4854 1670 4908 in
1701 4868 1818 4925 eam
1856 4869 1970 4907 rem

409 4925 698 4984 traxerint.
730 4923 854 4980 nam
893 4923 1054 4980 Pater
1089 4923 1208 4994 ipse
1245 4924 1367 4978 Filii
1399 4923 1589 4978 auctor
1621 4936 1674 4978 et
1711 4923 1968 4994 Spiritus.

410 5008 516 5060 qua
547 4997 624 5049 sic
648 4994 808 5050 Pater
839 5005 892 5049 et
924 4991 1125 5059 relate,
1146 4993 1265 5047 Filii
1298 4994 1516 5063 proprie
1541 4994 1717 5056 Pater,
1737 4991 1982 5064 Spiritus

409 5068 782 5133 communiore
822 5067 1088 5120 vocabulo
1127 5065 1203 5133 (id
1243 5076 1349 5128 est,
1388 5071 1579 5118 auctor
1617 5074 1670 5118 et
1712 5065 1970 5133 spirator)

406 5131 514 5206 τῶν
545 5133 879 5206 δωρημάτων
905 5147 1093 5191 auctor
1119 5131 1221 5206 est.
1251 5149 1418 5206 causa
1443 5135 1652 5188 scilicet
1680 5131 1968 5206 donorum,

409 5203 502 5274 god
548 5203 654 5272 qua
682 5203 845 5261 Deus
886 5208 1133 5262 absoluta
1175 5203 1396 5267 deitate,
1435 5206 1500 5258 ad
1539 5221 1696 5274 quain
1737 5205 1972 5261 Jacobus

453 5275 586 5330 atris
615 5277 832 5347 nomine
852 5277 1076 5331 alfectus
1110 5287 1328 5347 nostros
1350 5285 1526 5340 vocat,
1550 5286 1598 5347 et
1631 5285 1689 5329 ut
1719 5280 1856 5347 grati
1884 5277 1976 5330 bo-

406 5357 600 5413 norum
655 5345 788 5399 fonti
844 5359 908 5399 ac
957 5347 1166 5400 auctori
1224 5346 1427 5413 simus;
1474 5345 1741 5400 nimirum
1770 5356 1976 5405 sancta:

408 5410 685 5487 Irinitati,
713 5431 835 5486 qua:
865 5417 986 5487 ipsa
1015 5417 1176 5471 Pater
1203 5426 1390 5487 noster
1415 5410 1520 5484 est,
1549 5416 1641 5487 qui
1673 5425 1758 5487 est
1782 5419 1833 5470 in
1868 5433 1977 5472 cte-

408 5481 500 5558 lis.
535 5486 690 5558 Quid
719 5481 765 5540 si
801 5481 977 5555 φῶτα,
1019 5488 1137 5556 ipsa
1170 5486 1484 5558 χαρίσματα
1506 5481 1680 5542 voluit
1708 5485 1970 5554 Jacobus;

411 5553 536 5628 inde
562 5557 792 5628 lumina,
815 5553 958 5627 quod
982 5573 1012 5612 a
1042 5553 1155 5612 Deo
1172 5553 1410 5614 Lumine
1440 5558 1835 5625 emanationes,
1861 5553 1980 5628 qui-

409 5623 724 5698 bus_div.ina
749 5623 1081 5698 atl'undimur
1111 5628 1262 5693 luce;
1289 5628 1474 5698 sicque
1498 5636 1734 5698 augusto
1753 5623 1976 5684 nomine

401 5695 644 5764 perfecta
674 5697 767 5755 Dei
797 5714 934 5756 uona
973 5696 1206 5768 (ordinis
1235 5695 1443 5756 scilicet
1477 5695 1647 5756 divini
1680 5714 1743 5755 ac
1775 5701 1974 5770 quibus

2079 4433 2152 4486 illi
2180 4434 2437 4501 ascripto,
2490 4435 2631 4501 quod
2694 4433 2769 4486 ita
2815 4441 3020 4487 asserte
3055 4443 3108 4487 et
3129 4432 3450 4502 dogmatice,
3503 4432 3555 4485 in
3583 4448 3650 4488 eo

2075 4504 2253 4557 omnis
2298 4505 2389 4555 illa
2427 4504 2762 4572 comparatio
2817 4504 2884 4558 ad
2923 4503 3313 4556 humanitatem
3349 4501 3642 4572 referatur,

2074 4582 2262 4627 contra
2292 4588 2355 4627 ac
2376 4571 2567 4626 verus
2601 4574 2934 4628 Athanasius
2962 4574 3026 4627 ad
3055 4573 3226 4642 ipsam
3268 4572 3449 4626 retulit
3469 4571 3644 4625 deita-

2074 4651 2180 4698 tem
2218 4661 2231 4695 :
2267 4659 2365 4698 nec
2393 4644 2521 4712 quin
2552 4642 2668 4712 ipse
2697 4645 2892 4714 aliique
2919 4643 3012 4697 τοῦ
3032 4643 3314 4714 ὁμοουσῐου
3343 4652 3645 4714 assertores

2076 4713 2363 4776 referrent,
2389 4715 2602 4784 obstitit
2655 4713 2908 4769 Arianica
2965 4713 3247 4784 impietas,
3267 4717 3358 4782 qui
3407 4713 3532 4784 inde
3557 4714 3642 4767 vel

2077 4784 2308 4839 maxime
2331 4783 2408 4855 τῷ
2431 4784 2688 4855 ἀνομοίῳ,
2719 4794 2771 4840 et
2797 4795 2856 4839 ut
2890 4781 3058 4839 unum
3080 4800 3204 4840 vere
3235 4781 3400 4838 Deum
3426 4781 3645 4855 Patrem

2077 4853 2454 4924 agnoscerent,
2493 4853 2685 4908 Filium
2741 4871 2871 4910 vero
2925 4856 3081 4924 quasi
3137 4854 3647 4924 tutncupatione_ct

2078 4921 2748 4996 ti'tuloiseurdignatione,
2809 4921 3117 4996 praesidium
3180 4921 3514 4996 quaerebant.
3555 4921 3648 4976 Sic

2079 5011 2218 5066 saepe
2243 4993 2516 5066 Eusebii].
2561 5013 2612 5061 ν,
2673 4993 2852 5065 οιψίά
2890 4994 2965 5049 De
3025 4993 3382 5049 Demonstrat.
3417 4993 3645 5066 Euangq

2077 5075 2131 5119 et
2157 5067 2316 5134 epist.
2343 5067 2410 5120 ad
2440 5065 2866 5133 Euphrasionem
2899 5067 3230 5135 episcopum,
3259 5069 3426 5120 relata
3459 5065 3513 5118 in
3573 5079 3645 5116 ru

2079 5137 2294 5207 synod.,
2330 5145 2434 5190 act.
2465 5136 2520 5191 6.
2556 5136 2860 5191 Methodius
2881 5151 2947 5189 an
2975 5144 3028 5207 et
3069 5137 3182 5204 ipse
3217 5137 3358 5207 male
3388 5135 3646 5207 senserit,

2080 5204 2236 5276 negat
2255 5208 2485 5262 Allatius
2517 5224 2530 5258 :
2566 5208 2724 5260 velim
2749 5214 2801 5260 et
2827 5221 2949 5275 ego,
2971 5205 3021 5258 ni
3047 5206 3298 5275 superius
3331 5215 3516 5261 notata
3549 5204 3642 5256 ob.

2080 5275 2307 5343 starent,
2339 5277 2429 5330 ubi
2453 5278 2752 5332 secundum
2788 5292 2967 5332 rerum
2991 5285 3292 5340 auctorem,
3319 5287 3373 5331 et
3409 5275 3644 5330 archan-

2080 5350 2319 5418 gelorum
2344 5349 2667 5417 principem,
2686 5355 2740 5402 et
2766 5356 2928 5418 caput
2953 5346 3042 5399 τὸν
3057 5346 3226 5414 Λόγον
3257 5349 3470 5409 statuit,
3499 5347 3647 5418 velut

2079 5415 2467 5488 Adamnsglest
2503 5415 2782 5472 hominum
2811 5415 2969 5488 {quae
3013 5432 3238 5487 prorsus
3271 5415 3645 5488 Arianicagvi-

2079 5489 2296 5544 dentur.
2328 5485 2427 5542 Hic
2449 5487 2588 5543 forte
2618 5485 2880 5542 excusari
2903 5485 3105 5558 posset,
3145 5494 3198 5542 et
3228 5489 3366 5558 trahi
3411 5490 3476 5542 ad
3510 5485 3647 5558 aliuo'

2081 5575 2202 5614 rum
2224 5558 2443 5613 Patrum
2496 5558 2858 5628 orthodoxum
2903 5556 3152 5621 sensum,
3183 5557 3330 5628 quod
3362 5559 3470 5614 Leo
3497 5556 3648 5628 Alla-

2081 5631 2190 5699 tius
2223 5631 2307 5698 pie
2357 5637 2623 5684 conatur:
2651 5627 2746 5682 sed
2779 5645 2844 5682 an
2886 5629 3119 5696 evincat,
3144 5627 3373 5682 aliorum
3403 5637 3522 5684 esto
3554 5627 3647 5694 ju-

2080 5700 2280 5756 dicium
2306 5716 2322 5769 ;
2353 5709 2500 5757 certe
2547 5699 2880 5770 comparatio
2901 5699 3044 5756 aliud
3090 5701 3366 5770 postulare
3409 5699 3646 5762 videtur,
