4052 6338
361 322 458 379 125
1458 324 1593 381 CON
1605 323 1839 382 VlVlUM
1882 324 2108 381 DECEM
2148 321 2511 382 VIRGINUM.
3497 330 3600 386 ηε

351 459 489 513 cupi.
529 442 639 495 Kal.
691 440 756 513 δὴ
799 442 891 495 καὶ
935 443 1039 513 τῆς
1082 441 1297 511 ἁγνείας
1342 444 1442 496 οὐκ
1478 446 1555 508 είς
1584 445 1906 519 ἀνθρωπίνη·

2027 462 2092 501 ex
2120 460 2230 517 quo
2250 444 2495 499 omnium
2510 444 2808 500 auctoritas
2832 445 3028 515 pendet
3052 461 3114 500 ac
3137 447 3324 504 robur.
3362 448 3599 506 Decebat

349 535 551 589 ἀνοίσω
582 533 741 603 κάγὼ
773 533 931 599 δόξαν
968 537 1089 597 τοὺς
1123 535 1394 600 ἐπαίνους,
1424 535 1537 587 ἀλλ’
1572 539 1650 601 είς
1678 539 1859 601 αὐτὸν,
1885 533 1906 606 εί

2028 538 2173 595 enim
2203 545 2282 601 ut,
2310 537 2432 591 aliis
2466 536 2722 591 omnibus
2750 536 3048 593 secundum
3072 538 3285 596 Patrem
3316 543 3509 612 major,
3530 560 3596 597 eo

350 629 603 699 μὲλομεν,
639 630 733 680 καὶ
753 627 812 691 ὃς
832 628 890 679 τὸ
915 630 1022 683 πᾶν
1052 627 1318 699 ἀνῄρηται
1342 628 1582 699 γεωργὸν
1607 631 1773 701 αὐτῆς
1794 631 1906 684 ἀπο

2028 640 2167 687 teste
2197 638 2440 685 uteretur
2466 629 2558 698 qui
2592 628 2745 685 solus
2770 630 2889 699 ipso
2918 631 3091 697 major
3116 642 3261 688 esset
3291 635 3356 689 ³³.
3409 634 3469 688 Et
3494 652 3595 708 ego

344 720 662 774 δεικνύουσα
695 718 905 785 τοῦτον,
940 721 1031 773 καὶ
1067 721 1299 791 ἐραστὴν
1342 720 1441 791 τῆς
1472 720 1622 794 ὧρας
1653 722 1804 786 ὄντα,
1834 724 1929 778 καί

344 812 639 883 ἀξιόχρεων
678 812 950 884 μάρτυρα.
986 813 1095 866 Καὶ
1119 812 1277 865 τοῦτο
1307 814 1399 867 καὶ
1428 816 1485 867 ὲν
1518 814 1594 885 τῷ
1619 815 1725 868 τῶν
1749 816 1928 887 ᾀσμά-

340 922 446 957 των
477 906 724 975 ’ᾼσματι
764 905 995 975 πάρεστι
1032 904 1321 975 διαθρῆσαι
1370 905 1447 976 τῷ
1480 906 1786 979 βουλομένῳ
1822 926 1925 977 φα-

341 996 532 1067 νερῶς,
559 996 691 1049 ἔνθα
714 997 877 1060 αὐτὸς
901 998 929 1049 ό
959 992 1189 1069 Χρι’στὸς
1210 996 1309 1061 τὰς
1339 999 1397 1050 ἐν
1420 998 1687 1071 παρθενίᾳ
1712 1000 1923 1069 παγίως

341 1104 685 1160 καταγεγενη
695 1088 860 1159 μένας
889 1088 1268 1159 ἐγκωμιάζων,
1299 1089 1463 1159 φησί·
1482 1092 1575 1157 Ὠς
1604 1092 1813 1160 κρίνον
1852 1094 1925 1146 ὲν

340 1182 502 1252 μέσῳ
538 1182 840 1248 ἀκανθῶν,
880 1184 1069 1250 οὓτως
1112 1185 1150 1252 ὴ
1196 1186 1471 1252 ’πλησίον
1503 1203 1623 1255 μου
1652 1186 1721 1239 ἐν
1751 1186 1920 1255 μέσῳ

345 1274 455 1327 τῶν
481 1274 854 1344 θυγατέρων-⁸
896 1276 1068 1345 κρίνῳ
1097 1276 1445 1347 παρεικάζων
1478 1278 1565 1332 διὰ
1596 1278 1654 1331 τὸ
1683 1279 1919 1351 καθαρὸν

345 1367 431 1421 καὶ
478 1366 713 1420 εὔπνουν
765 1370 857 1422 καὶ
904 1371 1004 1440 ἡδὺ
1050 1372 1144 1423 καὶ
1190 1370 1369 1442 ἱλαρὸν
1418 1370 1481 1423 τὺ
1525 1370 1769 1442 χάρισμα
1819 1372 1919 1441 τῆς

345 1461 579 1527 ἁγνείας.
600 1460 847 1533 Ἐαρινὸν
879 1461 987 1533 γάρ
1022 1463 1053 1532 ὴ
1084 1461 1293 1530 ἁγνεία,
1323 1461 1416 1514 καὶ
1441 1461 1707 1515 ἐπανθοῦν
1732 1463 1915 1534 ἁϐρῶς

345 1553 422 1605 ἀεὶ
450 1552 665 1616 λευκοῖς
696 1555 808 1616 τοῖς
838 1553 1030 1619 κάλυξι
1068 1553 1165 1623 τὴν
1205 1552 1699 1624 ἁφθαρσίαν.“Οθεν
1725 1553 1789 1625 δὴ
1822 1555 1917 1608 καὶ

344 1644 563 1713 ἐρᾶσθαι
599 1643 693 1696 τοῦ
726 1644 956 1707 κάλλους
979 1645 1077 1716 τῆς
1104 1644 1287 1715 ἀκμῆς
1318 1645 1484 1716 αὐτῆς
1511 1646 1789 1716 ὁμολογεῖν
1814 1648 1914 1700 οὐκ

345 1735 750 1807 ἐπαισχύνεται·
809 1734 1203 1803 Ἐκαρδίωσας
1254 1733 1430 1805 ἡμᾶς,
1484 1738 1541 1789 ὲν
1596 1740 1708 1800 τοῖς
1762 1736 1909 1808 ἑξῆς,

2026 736 2216 777 eorum
2240 737 2359 792 quae
2380 722 2435 775 in
2466 722 2678 777 laudem
2702 724 2973 779 castitatis
2989 738 3301 793 peroratura
3321 744 3461 792 sum,
3484 744 3591 783 non

2026 814 2273 871 homines
2307 812 2600 885 producam
2621 826 2893 878 auctores,
2921 816 3013 870 sed
3041 832 3166 871 eum
3215 820 3303 873 cui
3337 836 3482 875 cura:
3497 838 3592 876 su-

2024 923 2167 971 mus,
2201 916 2254 963 et
2278 909 2371 978 qui
2395 906 2611 963 cunctis
2640 910 2841 964 eminet
2863 923 3187 980 omnemque
3218 912 3340 965 tulit
3359 921 3588 981 partem,

2023 999 2168 1055 hunc
2200 1000 2348 1056 illius
2364 1002 2629 1058 cultorem
2651 1016 2916 1066 asseram,
2943 1002 3221 1075 ipsiusque
3241 1004 3423 1061 forma:
3441 1024 3591 1061 ama-

2022 1100 2196 1147 torem
2229 1108 2292 1148 ac
2315 1094 2475 1165 plane
2509 1094 2763 1148 idoneum
2794 1102 3009 1149 testem.
3063 1095 3224 1165 idque
3253 1097 3386 1152 adeo
3427 1099 3588 1154 etiam

2019 1184 2076 1239 in
2104 1184 2333 1239 Cantico
2366 1186 2727 1249 canticorum,
2773 1186 3032 1240 omnibus
3065 1186 3156 1256 qui
3194 1188 3359 1241 velint
3405 1229 3421 1254 ,
3463 1206 3590 1259 per-

2020 1278 2207 1348 spicue
2235 1278 2534 1348 intelligere
2556 1278 2701 1344 licet,
2743 1280 2833 1334 ubi
2869 1280 3122 1334 Christus
3146 1280 3332 1349 ipsein
3366 1282 3588 1352 virgini-

2021 1370 2145 1423 tatis
2165 1369 2390 1424 firmiter
2405 1370 2686 1441 proposito
2706 1379 3022 1427 constantes
3043 1373 3292 1428 laudibus
3316 1389 3586 1430 coronans

2018 1462 2093 1513 ait
2125 1459 2172 1491 “
2205 1477 2218 1512 :
2248 1459 2399 1515 Sicut
2430 1461 2603 1513 lilium
2630 1462 2684 1515 in
2718 1462 2887 1515 medio
2916 1463 3208 1529 spinarum,
3242 1463 3316 1516 sic
3342 1464 3585 1531 proxima

2015 1569 2130 1605 mea
2168 1552 2221 1605 in
2257 1551 2423 1605 medio
2458 1552 2722 1620 ﬁliarum,-
2758 1553 2871 1606 lilio
2900 1568 3221 1623 comparans
3251 1562 3471 1623 propter
3494 1571 3589 1625 pu-

2013 1644 2227 1699 ritatem
2259 1645 2552 1714 odorisque
2579 1644 2927 1715 fragrantiam
2961 1655 3014 1701 et
3041 1647 3361 1702 suavitatem
3394 1663 3457 1702 ac
3496 1648 3583 1703 lii-

2014 1737 2285 1791 laritatem
2310 1738 2638 1808 virginitatis
2666 1739 2890 1793 donum.
2928 1738 3105 1807 Verna
3130 1740 3329 1810 quippe
3354 1755 3441 1794 res
3470 1741 3581 1793 vir-

340 1825 560 1894 ddsdgij
598 1844 721 1893 μου
750 1826 974 1895 νύμφη,
1011 1825 1203 1893 λέγων,
1231 1825 1598 1893 ἐκαρδίωσας
1630 1825 1787 1897 ἡμᾶς
1815 1828 1905 1882 ἐνὶ

2011 1829 2228 1900 ginitas,
2258 1829 2492 1883 molliter
2520 1829 2986 1885 efﬂorescentibus
3018 1842 3070 1885 et
3095 1846 3307 1899 semper
3335 1830 3582 1886 candidis

342 1917 449 1971 ἀετὸ
477 1917 805 1986 ὀφθαλμῶν
832 1934 971 1980 σου,
1000 1916 1069 1969 ἐν
1090 1913 1197 1986 μιᾷ
1223 1916 1493 1986 ἐνθέματι
1529 1917 1640 1987 (94)
1693 1918 1911 1987 τραχή-

338 2014 444 2064 va
492 2028 634 2065 σου.
662 2013 785 2063 ’Ὁτι
834 2008 1291 2076 ἐκαλλιώθησαν
1343 2010 1566 2079 μαστοί
1614 2014 1731 2063 σου
1754 2048 1769 2074 ,
1814 2009 1912 2063 καὶ

343 2104 486 2171 ὀσμὴ
522 2103 772 2170 (patitur
814 2118 929 2155 σου
964 2100 1113 2169 ὑπὲρ
1147 2100 1341 2154 πάντα
1367 2100 1658 2169 ἀρώματα.
1690 2102 1912 2170 Κηρίον

336 2195 736 2254 ἀπεστάζουσι
783 2196 958 2264 χείλη
1000 2210 1136 2260 σου,
1169 2195 1399 2263 romam
1439 2193 1582 2263 μέλι
1623 2194 1721 2248 καὶ
1752 2193 1910 2263 γάλα

336 2285 442 2345 ὑπὸ
470 2286 590 2351 τὴν
615 2285 906 2356 γλῶσσάν
931 2302 1077 2341 σου·
1108 2285 1205 2340 καί
1233 2285 1390 2355 ὀσμὴ
1420 2286 1663 2355 ἱματίων
1688 2302 1803 2339 σου
1829 2286 1909 2351 ὡς

332 2378 482 2447 ὁσμὴ
512 2378 788 2433 λιϐάνου.
832 2378 1042 2447 Κῆπος
1069 2376 1508 2447 κεκλεισμένος,
1536 2377 1766 2445 ἀδελφή
1791 2394 1910 2445 μου

332 2473 523 2540 νύμφη
550 2512 567 2538 ,
627 2472 826 2541 κῆπος
874 2470 1300 2541 κεκλεισμένος
1328 2508 1345 2535 ,
1402 2468 1566 2541 πηγὴ
1628 2470 1911 2540 ἐσφραγι-

329 2565 535 2635 σμένη.

2010 1919 2469 1990 incorruptionem
2499 1921 2763 1976 exhalans
2780 1922 3048 1975 caliculis.
3075 1920 3229 1975 Unde
3252 1933 3303 1975 et
3321 1938 3377 1976 se
3398 1938 3582 1977 amare

2008 2010 2236 2065 formam
2268 2011 2572 2081 iuventutis
2598 2012 2718 2081 ejus
2751 2011 2909 2068 fateri
2946 2029 3053 2067 non
3101 2014 3397 2074 erubescit,
3448 2013 3579 2066 dum

2006 2102 2081 2156 ita
2115 2102 2168 2155 in
2199 2102 2551 2171 sequentibus
2582 2103 2656 2156 ait
2682 2104 2723 2135 ³⁸
2752 2124 2764 2157 :
2795 2102 2901 2158 Cor
2936 2104 3204 2158 abstulisti
3232 2104 3399 2166 nobis,
3428 2120 3581 2157 soror

2006 2210 2121 2247 mea
2142 2211 2335 2263 sponsa
2361 2210 2378 2254 ,'
2411 2210 2498 2247 cor
2518 2193 2949 2249 abstulistinobis
2965 2197 3015 2249 in
3047 2214 3149 2249 uno
3172 2196 3440 2249 oculorum
3469 2206 3579 2248 tunc

2009 2302 2149 2349 rum,
2179 2287 2230 2339 in
2254 2302 2356 2340 uno
2386 2297 2691 2342 ornamento
2713 2288 2837 2341 colli
2856 2289 2948 2341 tui.
2981 2288 3149 2355 Quam
3172 2288 3404 2357 pulchra:
3418 2289 3577 2358 facta

2010 2390 2131 2432 sunt
2164 2395 2405 2432 mammae
2436 2388 2575 2444 tua,
2625 2388 2675 2433 et
2720 2382 2851 2433 odor
2899 2381 3319 2433 vestimentorum
3364 2390 3575 2433 tuorum

2008 2486 2163 2539 super
2208 2473 2386 2524 omnia
2420 2482 2663 2525 aromata
2690 2472 2710 2525 !
2742 2470 2943 2525 Forum
2985 2471 3249 2525 distillant
3281 2471 3423 2524 labia
3459 2480 3574 2533 tua,

2008 2579 2199 2632 sponsa
2232 2579 2250 2617 :
2306 2563 2406 2616 mel
2443 2574 2492 2617 et
2525 2563 2607 2616 lac
2640 2562 2733 2617 sub
2788 2564 2968 2634 lingua
3013 2574 3123 2627 tua,
3177 2573 3225 2618 et
3263 2564 3392 2617 odor
3420 2564 3577 2617 vesti-

330 2672 615 2718 mentorum
657 2670 873 2717 tuorum
909 2664 1045 2718 sicut
1083 2662 1214 2718 ador
1262 2661 1451 2717 thuris.
1513 2660 1716 2715 Hortus
1764 2659 2063 2723 conclusus,
2120 2676 2272 2714 soror
2321 2675 2435 2713 mea
2486 2674 2702 2728 sponsa,
2752 2658 2934 2713 hortus
2966 2658 3273 2725 conclusus,
3317 2658 3435 2728 fons
3499 2655 3574 2710 si.

327 2768 535 2827 gnatus.

391 2875 575 2930 Ταῦτα
608 2877 850 2948 Χριστὸς
876 2880 995 2940 ταῖς
1027 2876 1116 2930 ὲπί
1149 2877 1361 2949 πέρατα
1389 2876 1683 2948 παρθενίας
1715 2874 1901 2929 ἐλθού-

331 2985 438 3032 σαις
468 2969 536 3021 τά
580 2968 836 3040 ἐγκώμια
867 2970 1076 3039 ψάλλει,
1110 2972 1292 3034 πάσας
1320 2970 1401 3023 ἑνὶ
1444 2969 1792 3041 περιγράψας
1824 2967 1902 3039 τῷ

333 3059 533 3129 νύμφης
566 3060 833 3130 ὀνόματι’
866 3060 1051 3131 ἐπειδὴ
1098 3061 1195 3131 τὴν
1243 3060 1458 3130 νύμφην
1498 3060 1771 3131 ἡρμόσθαι
1806 3060 1903 3130 μὲν
1929 3100 1971 3159 C

331 3147 402 3199 δεῖ
425 3150 516 3201 καὶ
547 3149 1019 3219 κατονομάζεσθαι
1055 3149 1131 3219 τῷ
1163 3149 1649 3220 μνηστευσαμένῳο
1696 3149 1897 3221 ἄχραν-

328 3258 410 3292 τον
445 3242 500 3294 δὲ
548 3241 633 3294 ἔτι
671 3242 765 3295 καὶ
811 3242 986 3313 ἀμιγῆ
1014 3242 1322 3311 τυγχάνειν,
1353 3242 1680 3313 παράδεισον
1711 3242 1900 3314 ὥσπερ

329 3334 796 3404 ὶσιρραγισμένην,
837 3336 893 3386 ὲν
920 3327 964 3401 ᾧ
993 3334 1168 3387 πάντα
1204 3335 1305 3405 τῆς
1335 3334 1563 3398 εὐωδίας
1604 3334 1714 3388 τῶν
1744 3337 1903 3407 οὐρα-

332 3427 433 3479 νῶν
459 3428 575 3495 φύει
610 3427 679 3480 τά
708 3426 998 3499 ἀρώματα,
1036 3428 1122 3481 ἵνα
1155 3427 1310 3498 μόνος
1347 3426 1515 3481 ἐλθὼν
1542 3426 1678 3482 αὐτὰ
1702 3428 1903 3499 δρέψηο

331 3538 419 3575 ται
460 3520 712 3591 Χριστὸς,
756 3519 1063 3589 ἀσωμάτοις
1099 3519 1469 3589 βλαστήσαντα
1502 3520 1902 3592 σποραῖς.Ἐρᾷ

329 3613 433 3682 γὰρ
462 3615 489 3665 ό
521 3613 695 3680 Λόγος
743 3612 955 3674 οὐδενὸς
997 3611 1104 3664 τῶν
1152 3610 1369 3683 σαρκὸς,
1404 3611 1485 3664 ὅτι
1542 3611 1616 3682 μὴ
1662 3612 1900 3681 πέφυκεν

324 3702 677 3773 ἀποδέχεσθαί
699 3719 751 3754 τι
779 3702 885 3755 τῶν
904 3701 1289 3773 φθειρομένων,
1311 3700 1421 3756 οἷον
1450 3705 1654 3774 χεῖρας,
1683 3702 1714 3773 ἦ
1740 3704 1901 3774 πρόσς

325 3814 488 3857 ωπον,
521 3795 554 3865 ἧ
594 3795 759 3858 πόδας
780 3812 793 3825 ·
830 3795 945 3849 ἀλλ’
995 3796 1075 3857 είς
1110 3795 1239 3847 αὐτὸ
1262 3794 1322 3847 τὸ
1347 3796 1505 3849 ᾶῦλον
1532 3796 1624 3847 καὶ
1657 3812 1899 3865 πνευμα-

2074 2866 2201 2923 Haec
2236 2866 2511 2933 Christus,
2550 2868 2618 2923 iis
2648 2884 2768 2939 quae
2809 2867 2876 2921 ad
2907 2869 3233 2939 virginitatis
3271 2870 3405 2925 fines
3438 2886 3573 2926 evao

2006 2972 2219 3026 serunt,
2247 2963 2493 3016 encomia
2527 2962 2694 3026 canit,
2727 2962 2937 3016 cunctis
2973 2964 3225 3017 nimirum
3260 2979 3367 3017 uno
3394 2962 3572 3034 Spon-

2009 3067 2082 3106 sa:
2116 3052 2336 3107 nomine
2373 3052 2825 3122 circumscriptis,
2859 3069 2921 3108 ea
2952 3054 3137 3124 utique
3162 3055 3394 3119 ratione,
3424 3055 3572 3125 quod

2008 3162 2267 3217 sponsam
2305 3144 2523 3216 Sponso
2554 3147 2708 3201 decet
2740 3148 2935 3217 aptari,
2965 3164 3138 3218 exque
3164 3149 3311 3203 illius
3338 3150 3445 3204 dici
3472 3167 3574 3205 no-

2002 3240 2177 3307 mine;
2198 3239 2258 3291 wd
2284 3239 2507 3309 hacque
2546 3240 2923 3294 intemeratam
2953 3239 3456 3311 incommistamque
3486 3245 3568 3297 si-

1996 3333 2146 3401 gnati
2176 3331 2315 3385 horti
2351 3332 2406 3385 in
2438 3346 2643 3385 morem
2673 3331 2959 3395 exsistere,
2995 3331 3087 3385 ubi
3111 3332 3293 3385 omnia
3330 3332 3570 3388 cmlestis

1996 3424 2307 3491 fragrantia:
2335 3429 2579 3477 aromata
2613 3432 2934 3487 nascuntur,
2969 3429 3027 3475 ut
3069 3423 3217 3477 solus
3249 3424 3468 3478 veniens
3502 3440 3568 3479 ea

1996 3519 2184 3581 carpat
2224 3511 2496 3574 Christus,
2531 3512 2864 3582 incorporeis
2918 3496 3278 3583 germinantia
3325 3514 3560 3581 salibus.

1995 3605 2206 3659 Nullius
2255 3606 2398 3659 enim
2428 3621 2615 3660 eorum
2648 3620 2769 3674 qua:
2811 3605 2993 3659 carnis
3040 3615 3188 3669 sunt,
3223 3620 3413 3671 amore,
3436 3606 3567 3662 Ver-

1998 3698 2123 3752 bum
2174 3697 2433 3765 aﬂicitur;
2467 3699 2611 3767 quod
2657 3714 2765 3752 non
2806 3698 2925 3767 ejus
2966 3699 3055 3762 sit,
3084 3707 3142 3752 ut
3170 3699 3236 3753 iis
3266 3700 3568 3755 delectetur

1995 3805 2113 3859 quaa
2135 3790 2510 3860 corruptibilia
2540 3799 2698 3857 sunt;
2732 3798 2860 3860 puta
2881 3798 2939 3844 ut
2973 3806 3187 3854 manus,
3221 3799 3311 3845 aut
3336 3792 3561 3855 vultum,

321 3887 472 3940 τικδν
508 3886 721 3955 βλέπων
751 3886 1097 3957 εὐφραίνεται
1129 3885 1338 3951 κάλλος,
1375 3886 1449 3960 μὴ
1482 3886 1782 3957 ἁπτόμενος
1802 3886 1894 3941 τοῦ

2003 3890 2082 3937 ιιιι
2108 3883 2291 3952 pedes,
2320 3883 2543 3939 insanus
2574 3892 2784 3939 amator
2811 3884 3063 3954 depereat
3095 3885 3223 3939 :sed
3250 3886 3313 3937 ad
3344 3885 3393 3939 id
3421 3885 3565 3955 quod

326 3976 574 4047 σώματος
600 3977 697 4048 τῆς
732 3976 900 4049 ὧρας.

1980 3974 2377 4045 incorporeum
2422 3990 2483 4028 ac
2508 3976 2751 4045 spiritale
2793 3985 2875 4031 est
2899 3978 3213 4048 respiciens,
3238 3978 3339 4031 hoc
3365 3978 3564 4048 jucun-

1988 4066 2166 4133 datur,
2203 4067 2275 4119 ita
2299 4074 2357 4120 ut
2391 4068 2637 4137 corporis
2668 4068 2896 4123 formam
2930 4085 3036 4124 non
3070 4070 3319 4140 attingat.

392 4244 440 4276 ⁸⁸
476 4242 642 4299 Joan.
674 4260 786 4311 11v,
819 4243 911 4301 28.
953 4244 997 4277 “
1038 4242 1194 4301 Cant.
1226 4259 1286 4312 ιι,
1320 4243 1376 4299 2.
1454 4243 1503 4275 ³⁸
1541 4243 1697 4298 Cant.
1735 4259 1809 4309 iv,
1842 4242 1994 4297 9-12.

316 4450 374 4503 in
408 4462 474 4501 eo
500 4445 700 4523 posita,
751 4446 985 4523 utnsicut
1026 4458 1084 4498 se
1115 4441 1314 4523 haheat
1359 4440 1600 4523 virgines
1635 4437 1701 4493 ad
1739 4438 1892 4523 (31.1τί-
1921 4467 1963 4521 D
1992 4438 2065 4523 illi
2094 4439 2281 4521 jurare
2312 4438 2469 4523 licet;
2504 4438 2738 4523 hincque
2767 4439 2991 4523 omnino
3044 4438 3565 4523 immobilemhlidem’

317 4510 609 4579 stumfsic
654 4518 769 4585 ipse
802 4515 1052 4568 Christus
1075 4513 1140 4565 ad
1196 4512 1385 4585 Deum,
1417 4510 1509 4585 qui
1542 4513 1656 4585 ipse
1690 4528 1724 4585 7a
1780 4510 1890 4563 Deo

317 4602 372 4644 et
409 4588 569 4640 Patre
602 4582 826 4654 majore,
852 4586 1218 4639 testimonium
1254 4584 1453 4654 habere
1481 4582 1891 4654 debuerithm

319 4663 390 4713 ab
423 4658 630 4719 angelis
664 4648 862 4725 quibus
896 4655 1064 4723 major
1091 4662 1238 4718 erat;
1290 4652 1706 4725 sicivirginesa
1736 4648 1896 4704 Chri-

318 4740 432 4789 sto,
466 4728 600 4796 ipsis
654 4721 857 4794 majore
907 4721 1272 4796 testiinonium
1308 4724 1562 4777 habeant.
1595 4721 1710 4796 Nisi
1763 4737 1893 4788 ergo

321 4793 538 4855 ratione
569 4793 920 4850 humanitatis
978 4795 1316 4863 intelligitur,
1350 4807 1577 4863 prorsus
1605 4793 1892 4863 Arianicns

319 4885 522 4925 sensus
555 4876 669 4929 est;
705 4883 827 4920 cum
854 4867 941 4919 illa
974 4862 1274 4933 majoritas,
1310 4862 1367 4917 ut
1399 4872 1503 4917 stet
1535 4862 1890 4930 comparatio,

316 4959 432 4994 nun
461 4940 838 4992 auctoritatem
876 4936 1045 4997 illam,
1066 4934 1340 5003 principii,
1370 4934 1464 4989 sed
1503 4940 1774 5003 naturam,
1799 4947 1893 4999 pe-

321 5028 423 5071 nes
446 5008 927 5080 quamauctoritas
957 5000 1301 5080 __testinioiiii,
1357 5004 1633 5080 respiciat.
1660 5001 1723 5080 Et
1754 5000 1892 5055 forte

323 5072 1086 5150 respexitiblethodiusillud
1145 5073 1306 5150 Hebr.
1344 5091 1418 5136 γι,
1454 5072 1520 5150 ιο
1551 5072 1892 5150 ε’ᾼνθρωποι

322 5142 466 5204 κατά
496 5149 586 5201 τοῦ
620 5147 863 5219 μείζονος
912 5146 1192 5219 ὀμνύουσι,
1246 5142 1441 5219 {utare
1493 5142 1748 5203 homines,
1800 5156 1893 5219 per

318 5239 441 5275 cum
464 5222 551 5290 qui
572 5214 745 5287 major
778 5219 885 5271 illis
919 5214 1037 5290 sit:
1083 5214 1683 5290 proindeDAeumucnxn
1717 5214 1890 5277 majo-

318 5310 437 5347 rem
465 5284 522 5347 se
552 5283 666 5343 ιιι)ιὶ
708 5290 922 5352 habent,
974 5283 1157 5357 ὤμοσε
1210 5284 1330 5337 καθ’
1372 5283 1586 5357 ἑαυτοῦ,
1614 5298 1704 5348 per
1729 5290 1890 5357 semet

320 5362 721 5429 ipsumjurasse
754 5375 773 5412 :
804 5351 914 5412 non
938 5351 1037 5410 ita'
1064 5355 1257 5429 Filium
1287 5370 1382 5429 per
1413 5353 1649 5429 Patrem,
1683 5352 1758 5403 uti
1793 5351 1891 5403 de-

323 5424 484 5487 torsit
508 5424 845 5491 Methodius,
871 5440 919 5484 et
941 5428 1093 5497 quasi
1138 5425 1298 5497 Pater
1320 5424 1385 5478 ad
1450 5424 1604 5477 fidem
1633 5430 1891 5497 przestau-

322 5504 473 5565 dam,
497 5504 667 5570 major
709 5499 845 5554 Filio
874 5493 1040 5557 esset,
1076 5495 1221 5573 quod
1264 5511 1369 5547 non
1404 5502 1683 5573 prastaret
1707 5493 1883 5573 origo,

325 5574 539 5640 etquod
576 5566 770 5625 auctor
813 5580 895 5623 est
920 5566 1305 5640 ιιῑιιιιιεαῖτιονἰ
1327 5566 1425 5640 sed
1452 5572 1672 5640 natura}
1708 5566 1762 5640 in
1783 5630 1796 5640 _
1820 5576 1887 5615 eo

333 5630 570 5714 μείωσις.
600 5658 765 5697 sensu
789 5656 913 5694 vere
934 5630 1206 5714 Ariauico.
1260 5634 1430 5703 Major
1449 5635 1593 5714 enim
1618 5633 1709 5686 illa
1732 5630 1885 5714 fides,

332 5701 626 5783 indigniore
673 5720 868 5783 natura
906 5708 1159 5779 procedat
1204 5701 1426 5783 neceSSe
1454 5713 1537 5761 est
1576 5721 1590 5757 :
1633 5701 1889 5783 quodque

336 5777 475 5841 nulla
520 5785 735 5853 dignior
786 5777 1038 5837 Deo‘uno
1084 5786 1136 5835 et
1157 5777 1322 5843 trino,
1374 5791 1469 5846 per
1532 5777 1885 5841 semetipsum

1998 4510 2197 4572 facere,
2231 4511 2383 4578 juxta
2420 4512 2582 4579 quod
2617 4509 2953 4579 impossibile
2984 4519 3068 4562 est
3130 4511 3341 4563 mentiri
3370 4509 3556 4571 lleuui,

1996 4596 2105 4649 non
2140 4579 2276 4633 Filio
2297 4596 2391 4649 per
2418 4578 2655 4641 Patrem,
2696 4578 2761 4631 ut
2804 4594 2898 4647 per
2932 4580 3211 4647 majorem,
3248 4581 3475 4647 etquasi
3504 4582 3561 4633 in

1996 4648 2134 4703 Filio
2153 4648 2381 4705 necdum
2413 4651 2626 4703 animus
2660 4650 3032 4717 conquiescat,
3084 4648 3411 4717 majorisque
3460 4650 3561 4702 ali-

1994 4722 2123 4789 quid
2157 4722 2502 4775 auctoritatis
2532 4721 2880 4787 qumrendum
2911 4719 3002 4783 sit,
3029 4727 3088 4773 ut
3117 4720 3239 4773 linis
3275 4722 3345 4775 sit
3378 4720 3559 4791 πάσης

1992 4792 2318 4863 ἀντιλογίας.
2358 4792 2649 4844 Couneris.

2064 4885 2174 4956 (ιιι)
2195 4886 2309 4956 ΔἙν
2326 4882 2433 4956 μιᾷ
2463 4883 2753 4956 ἑνθέματι,
2776 4881 2949 4956 _Qu_id
2987 4882 3042 4935 in
3087 4889 3320 4935 mentem
3349 4882 3559 4956 venerit

1992 4952 2529 5015 LXX'Seniorihus,
2572 4962 2629 5006 ut
2665 4955 2744 5006 sic
2769 4952 3086 5006 femininum
3129 4962 3321 5006 neutro
3360 4952 3560 5019 junxe-

1992 5027 2120 5087 rint,
2143 5026 2410 5079 neminem
2438 5025 2593 5079 video
2615 5025 2936 5093 explicasse.
2954 5022 3143 5076 Putem
3181 5022 3557 5077 llehraismuut

1990 5111 2134 5160 esse,
2168 5095 2419 5164 quodque
2457 5105 2559 5181 pm
2600 5095 2665 5149 et'
2702 5094 2986 5148 masculini
3034 5093 3245 5164 generis
3285 5101 3461 5147 exstet
3502 5102 3556 5145 et

1993 5184 2262 5249 feminini,
2321 5188 2477 5255 quasi
2513 5184 2753 5238 feminini
2812 5186 3059 5255 legerint,
3120 5185 3195 5255 ita
3242 5186 3552 5239 retinuisse.

1990 5255 2158 5309 Nobis
2218 5254 2413 5309 nomen
2471 5258 2703 5324 torquis,
2753 5263 2890 5309 teste
2956 5254 3132 5310 Probo
3166 5254 3551 5314 Grammatice.

1991 5326 2216 5396 perinde
2244 5326 2481 5395 ambigui
2511 5327 2742 5396 generis,
2780 5326 3065 5396 masculini
3098 5336 3151 5379 et
3173 5325 3458 5396 feminini;
3491 5340 3557 5375 ac

1991 5393 2299 5467 proclivius
2325 5393 2591 5449 feminini.
2642 5396 2791 5449 Unde
2824 5393 3130 5466 Pagninus:
3156 5395 3219 5448 In
3242 5412 3345 5467 una
3377 5405 3554 5467 torque

1990 5464 2112 5520 colli
2133 5467 2230 5521 tui.
2258 5464 2440 5535 Vulg.,
2492 5467 2542 5517 in
2572 5482 2675 5519 uno
2724 5467 2885 5526 crine,
2908 5464 2921 5466 ⁷
2944 5467 3034 5519 alii
3066 5468 3122 5519 ἐν
3156 5468 3236 5519 ἐνὶ
3272 5464 3550 5533 πλοκάμιρ,

1990 5538 2168 5590 inuno
2199 5536 2461 5589 cincinno.
2488 5538 2611 5598 Ant,
2649 5552 2775 5589 num
2811 5538 2968 5589 aliam
3002 5552 3185 5589 vocem
3227 5535 3554 5604 responden-

1989 5614 2097 5661 tem
2138 5607 2258 5660 voci
2292 5606 2565 5661 Hebraicm
2592 5614 2907 5676 posuerunt,
2934 5623 3054 5674 qua:
3083 5605 3428 5676 sicfeininini
3458 5620 3549 5676 ge'

1991 5678 2327 5739 neriscsset,
2355 5692 2514 5745 quam
2536 5674 3049 5746 velutappositioue,
3072 5675 3249 5729 verbis
3271 5676 3380 5746 his,
3398 5674 3553 5729 ἐνθε-

1996 5766 2122 5820 ματι
2153 5748 2258 5802 τῶν
2287 5746 2589 5821 τραχήλων,
2620 5749 2823 5803 clarius
2841 5746 3235 5816 cxposucrini?
3264 5745 3339 5799 in.
