4052 6338
407 275 512 336 137

1395 278 1453 332 S.
1497 277 1825 336 METHODII
1858 279 2170 338 EPISCOPI
2211 281 2298 338 ET
2341 280 2699 338 MARTYRIS

3540 283 3661 340 ηδ

1385 415 1516 473 CAP.
1551 417 1612 471 ll.
1649 415 1776 471 Loci
1797 417 1954 474 Cant.
1993 436 2068 485 IV,
2095 419 2246 479 9-l2.
2285 421 2666 490 interpretatio.

477 536 721 608 Cogitate
751 537 917 599 enim,
947 551 980 591 ο
1004 537 1274 608 virgines;
1313 539 1458 609 quod
1482 541 1555 594 ita
1579 517 1855 609 sponsam
1894 541 1973 594 al-

2157 542 2551 612 Ἐπισκέψασθε
2593 542 2723 613 γὰρ,
2753 541 2834 595 ὅτι
2861 539 3354 608 τὸ,Ἐκαρδίωσας
3392 539 3570 608 ἡμας,
3601 532 3657 592 ὧ

409 630 669 701 loquitur,
693 630 975 685 Abstulisti
996 631 1144 685 nobis
1183 647 1274 685 cor
1307 649 1411 686 uno
1443 635 1713 688 oculorum
1741 644 1972 699 tuorum,

409 723 780 794 perSpicacem
849 723 958 776 vim
1017 724 1215 779 mentis
1268 725 1636 796 intelligentiae
1686 725 1976 792 ostendit;

411 809 697 886 postquam
723 815 933 868 scilicet
963 814 1126 870 homo
1151 816 1376 871 interior
1401 831 1519 870 eam
1556 815 1842 873 deterserit
1869 819 1980 888 pla-

411 921 586 977 neque
616 906 980 971 mundaverit,
1007 915 1065 962 ut
1089 907 1348 978 liquidius
1377 909 1656 964 veritatem
1679 910 1973 966 intueatur.

411 996 689 1070 Duplicem
723 1001 865 1054 enim
900 1015 1022 1055 esse
1051 1001 1291 1064 oculum,
1328 1001 1557 1055 alterum
1589 1000 1777 1067 animi,
1814 1011 1977 1071 atque

411 1077 640 1146 alterum
697 1093 963 1161 corporis,
1028 1093 1201 1149 cuivis
1261 1092 1608 1149 manifestum
1664 1101 1768 1150 est.
1822 1093 1978 1150 Haud

410 1185 690 1239 enimvero
719 1199 842 1239 eum
865 1169 969 1254 ἠιιί
1000 1194 1084 1241 est
1117 1186 1383 1256 corporis,
1428 1201 1487 1240 se
1523 1200 1705 1242 amare
1740 1185 1975 1243 Verbum

410 1270 715 1345 proﬁtetur,
753 1276 846 1330 sed
881 1277 1144 1331 duntaxat
1187 1293 1310 1332 eum
1359 1278 1451 1348 qui
1479 1287 1562 1333 est
1590 1279 1808 1343 mentis,
1847 1279 1977 1334 dum

409 1369 526 1444 ait,
569 1369 853 1424 Abstulisti
897 1371 1043 1425 nobis
1088 1389 1178 1424 cor
1217 1373 1273 1425 in
1305 1389 1408 1426 uno
1440 1374 1711 1427 oculorum
1742 1384 1974 1438 tuorum,

409 1470 460 1516 et
491 1463 545 1514 in
575 1478 678 1516 uno
706 1473 1010 1518 ornamento
1044 1463 1167 1518 colli
1191 1465 1287 1517 tui.
1319 1463 1483 1530 Quasi
1511 1464 1716 1521 diceret
1749 1484 1762 1519 :
1791 1464 1873 1519 Tu
1903 1465 1980 1520 ni-

412 1548 651 1620 mirum,
706 1556 1098 1612 amabilissimo
1148 1557 1450 1628 prudentiae
1505 1565 1612 1612 tuaa
1669 1558 1863 1612 obtutu
1924 1558 1978 1612 in

413 1637 651 1702 amorem
678 1663 773 1702 cor
802 1657 1052 1706 nostrum
1081 1649 1343 1714 incitasti,
1378 1666 1442 1706 ac
1469 1652 1626 1720 quasi
1668 1652 1732 1705 ad
1772 1658 1825 1707 te
1854 1666 1981 1705 avo-

413 1730 528 1794 lare
569 1738 766 1807 fecisti,
817 1742 1078 1796 mundum
1125 1742 1195 1798 ab
1236 1743 1384 1798 intus
1417 1742 1686 1799 castitatis
1725 1744 1979 1800 evibrans

414 1831 933 1904 splendidissimum.
951 1833 1068 1889 Jam
1086 1836 1226 1890 enim
1243 1835 1366 1891 colli
1381 1846 1696 1890 ornamenta
1721 1847 1983 1892 vocantur

2076 635 2353 707 παρθένοι,
2383 635 2670 708 λεγόμενον
2699 635 2835 706 πρὸς
2877 633 3038 688 αὐτοῦ
3066 633 3135 704 τῇ
3167 633 3373 704 νύμφῃ,
3403 633 3495 686 ἐνὶ
3525 633 3657 687 ἀπὸ

2075 727 2398 798 ὀφθαλμῶν
2467 744 2620 793 σου,
2670 728 2761 782 τὸν
2817 724 3118 798 διορατικδν
3171 726 3272 793 τῆς
3334 726 3643 796 φρονήσεως

2075 818 2350 890 ὀφθαλμὸν
2393 819 2691 873 δείκνυσιν·
2737 819 2896 872 ὁπότε
2927 818 2992 890 δὴ
3019 816 3205 871 τοῦτον
3235 818 3262 870 6
3291 817 3400 870 έσω
3433 815 3644 888 σμήξαί,

2076 912 2360 984 ἄνθρωπος
2401 911 2656 983 καθαρῶς
2685 911 3009 986 τρανότερον
3061 909 3158 982 τὴν
3208 909 3468 982 ἀλήθειαν
3516 910 3646 962 ὲπο-

2077 1004 2283 1058 πτεύει.
2312 1004 2509 1077 Δισσὴν
2549 1004 2657 1077 γὰρ
2701 1002 2872 1073 ὕψεως
2902 997 3038 1055 εἶναι
3066 1001 3292 1072 δύναμιν
3339 1000 3502 1055 παντί
3542 1014 3661 1078 που

2078 1080 2413 1166 καταφανές·
2466 1096 2592 1167 μίαν
2643 1095 2742 1168 μὲν
2784 1095 2982 1166 ψυχῆς,
3028 1093 3257 1166 θατέραν
3286 1093 3342 1146 δὲ
3375 1093 3647 1165 σώματος.

2091 1187 2230 1240 Ἀλλ’
2263 1189 2383 1258 οὐχὶ
2411 1187 2510 1258 τῆς
2536 1185 2626 1240 τοῦ
2664 1185 2911 1257 σώματος
2940 1187 3070 1256 ὲρᾷν
3109 1187 3138 1238 6
3175 1185 3345 1254 Λόγος
3377 1185 3653 1256 ὁμολογεῖ,

2079 1279 2210 1337 em
2257 1281 2355 1352 τῆς
2404 1279 2542 1334 κατὰ
2584 1279 2820 1333 διάνοιαν
2878 1279 3057 1350 μόνον,
3097 1280 3194 1332 Ἐν
3233 1279 3346 1344 ἐνὶ,
3399 1278 3652 1348 φάσκων,

2078 1375 2443 1443 ἐκαρδίωσας
2468 1371 2626 1443 ἡμᾶς
2649 1373 2765 1428 ἀπὸ
2795 1371 3115 1442 ὀφθαλμῶν
3140 1387 3278 1436 σου,
3307 1371 3407 1425 καὶ
3447 1371 3519 1425 ἐν
3541 1369 3660 1442 μιᾷ

2077 1466 2352 1537 ἐνθέματι
2383 1464 2687 1536 τραχήλου
2729 1479 2865 1518 σου.
2888 1465 3061 1534 Ὅπερ
3093 1464 3260 1519 ἐστίν’
3284 1458 3355 1515 Ὦ
3383 1462 3542 1532 αὕτη,
3572 1461 3661 1534 τῷ

2082 1560 2366 1632 ὲπεράστῳ
2396 1575 2488 1613 σου
2533 1557 2802 1628 βλέμματι
2835 1555 2935 1625 τῆς
2967 1553 3235 1618 συνέσεως
3267 1553 3660 1626 ἀνεπτέρωσας

2081 1650 2237 1724 ἡμῶν
2280 1651 2380 1723 τὴν
2422 1649 2648 1722 καρδίαν
2695 1650 2776 1712 είς
2816 1647 2999 1713 πόθον,
3036 1646 3235 1699 ἔσωθεν
3265 1645 3358 1698 τὸν
3401 1643 3657 1717 ἀρίδηλον

2081 1745 2285 1816 κόσμον
2331 1743 2777 1815 ὲξαστράπτουσα
2816 1741 2914 1810 τῆς
2963 1737 3332 1809 σωφροσύνης.
3351 1736 3661 1807 Ἐνθέματοι

2082 1839 2191 1909 γὰρ
2221 1836 2491 1910 τραχήλου
2521 1834 2764 1888 καλεῖται
2791 1832 2859 1886 τὰ
2891 1831 3226 1906 περιδέραια,
3257 1827 3327 1882 τὰ
3363 1828 3428 1882 ὲκ
3472 1825 3658 1880 ποικίο-

413 1931 636 1996 torques
665 1934 758 1980 aut
793 1927 1038 1992 monilia,
1078 1944 1145 1983 ex
1175 1928 1345 1984 variis
1375 1936 1427 1982 et
1459 1929 1713 1998 pretiosis
1755 1931 1983 2000 gemmis

2090 1933 2193 1986 λων
2235 1930 2331 1985 καὶ
2359 1930 2556 2001 τιμίων
2589 1927 2942 1998 συντιθέμενα
2969 1924 3152 1978 λίθων.
3168 1923 3306 1976 Ἀλλ’
3336 1923 3394 1974 αἱ
3422 1921 3520 1992 μὲν
3550 1937 3660 1973 σω-

413 2024 692 2083 contexta.
734 2017 1002 2074 Caeterum
1051 2036 1171 2091 qua).
1226 2021 1474 2090 corporis
1527 2022 1697 2076 cultui
1763 2023 1984 2077 student

411 2111 626 2176 animae,
671 2113 982 2169 sensibilem
1012 2113 1157 2168 hunc
1198 2114 1483 2176 mundum,
1514 2115 1768 2168 exteriori
1800 2115 1984 2169 carnis

413 2203 613 2258 cervici
645 2204 710 2260 ad
742 2205 986 2260 fraudem
1016 2206 1406 2260 contuentibus
1440 2205 1768 2270 faciendam,
1816 2222 1986 2277 appo-

413 2304 582 2363 nunt;
617 2304 808 2352 contra
840 2313 971 2352 vero
1005 2314 1125 2368 quae
1158 2297 1319 2352 vitam
1350 2307 1501 2364 caste
1540 2301 1854 2363 instituunt,
1901 2300 1986 2354 in-

415 2388 668 2443 teriorem
708 2389 809 2443 sibi
841 2390 1102 2445 mundum
1135 2391 1416 2455 adhibent,
1449 2408 1512 2447 ex
1553 2393 1809 2463 pretiosis
1832 2407 1986 2448 vere-

414 2494 520 2552 que
551 2480 718 2535 variis
755 2481 950 2552 lapillis
998 2483 1334 2552 gemmisque
1365 2483 1660 2549 (libertate,
1700 2483 1987 2554 magnani-

415 2571 622 2636 mitate,
666 2573 950 2642 sapientia,
977 2575 1268 2647 charitate)
1296 2576 1622 2644 conﬂatum;
1664 2592 1853 2646 parum
1890 2591 1986 2630 cu-

415 2672 621 2728 rantes,
674 2665 807 2721 istos
843 2682 940 2737 pro
984 2667 1169 2723 saeculi
1202 2685 1306 2723 usu
1329 2670 1438 2724 cito
1481 2669 1787 2726 dillluentes
1822 2684 1988 2724 orna-

415 2763 526 2818 tus,
559 2756 653 2826 qui
695 2756 946 2812 foliorum
971 2759 1080 2813 ritu
1112 2760 1176 2814 ad
1206 2768 1421 2832 tempus
1445 2758 1699 2817 ﬂorentes
1730 2761 1988 2815 mutatio-

417 2846 576 2903 nibus
601 2850 845 2918 corporis
871 2866 969 2921 per
997 2861 1167 2908 statas
1199 2853 1346 2910 vices
1389 2853 1828 2925 contingentibus
1861 2867 1988 2908 eva-

416 2949 665 2995 nescunt.
693 2940 895 3012 Duplex
932 2945 1074 2999 enim
1107 2947 1159 2998 in
1193 2945 1412 3003 homine
1434 2947 1668 3001 mundus
1699 2946 1942 3001 cernitur
1969 2961 1986 3002 :

415 3043 646 3098 quorum
677 3030 902 3085 alterum
930 3033 1022 3102 qui
1057 3033 1281 3089 interior
1309 3043 1392 3091 est
1420 3051 1483 3090 ac
1511 3035 1855 3101 immortalis,
1883 3035 1994 3094 Do—.
2030 3065 2034 3070 ’

418 3118 598 3174 minus
635 3120 856 3190 accipit,
892 3139 982 3177 cor
1011 3124 1110 3177 sibi
1141 3126 1398 3187 ablatum.
1430 3125 1641 3190 dicens,
1679 3126 1732 3180 in
1761 3141 1864 3180 uno
1901 3143 1990 3180 or-

421 3221 666 3266 namento
699 3214 823 3267 cotli
849 3230 1089 3283 sponsae;
1117 3217 1276 3287 quasi
1313 3219 1604 3288 pellectum
1643 3234 1703 3274 se
1735 3227 1898 3288 atque
1921 3217 1986 3271 ad

2092 2023 2396 2097 μασκοῦσαι
2427 2021 2596 2092 ψυχαὶ
2621 2019 2711 2073 τὸν
2742 2017 2995 2089 αίσθητὸν
3037 2013 3244 2070 τουτονὶ
3288 2014 3488 2083 κόσμον
3513 2011 3665 2082 ἀμφὶ

2089 2116 2179 2169 τὸν
2204 2112 2472 2188 τράχηλον
2517 2112 2608 2165 τὸν
2655 2109 2759 2176 ἔξω
2799 2111 2895 2182 τῆς
2928 2107 3125 2178 σαρκὸς
3159 2104 3490 2178 περιτιθέασι
3520 2103 3664 2174 πρὸς

2090 2207 2306 2278 ἀπάτην
2353 2206 2461 2258 τῶν
2502 2203 2820 2274 θεωμένων·
2871 2203 2924 2254 αἱ
2975 2199 3032 2253 δὲ
3076 2197 3400 2268 ἁγνεύουσαι
3450 2193 3664 2248 ἔνδοθεν

2091 2297 2324 2372 ἔμπαλιν
2350 2297 2441 2351 τὸν
2473 2297 2673 2368 κόσμον
2701 2295 3036 2362 ἐξάπτονται,
3066 2293 3155 2346 τὸν
3186 2290 3292 2344 ἀπὸ
3322 2289 3430 2342 τῶν
3461 2287 3664 2360 τιμίων

2091 2391 2186 2446 καί¹
2228 2390 2486 2444 ποικίλων
2534 2389 2610 2453 ὼς
2657 2386 2869 2459 ἀληθῶς
2913 2384 3267 2456 συγκείμενον
3314 2381 3510 2445 λίθων,
3559 2378 3664 2450 τῆς

2092 2482 2549 2555 ἐλευθερίας,’τῆς
2603 2477 3101 2552 μεγαλοφροσύνης,
3153 2475 3252 2546 τῆς
3304 2474 3514 2544 σοφίας,
3557 2471 3666 2541 τῆς

2091 2575 2311 2646 ἀγάπης
2343 2573 2474 2644 (95)’
2505 2572 2659 2640 ὀλίγα
2698 2571 3051 2642 φροντίσασαι
3097 2568 3204 2621 τῶν
3236 2567 3361 2637 τῇδε
3395 2562 3664 2636 προσκαί-

2095 2685 2202 2742 ρων
2234 2665 2625 2736 ποικιλμάτων,
2655 2663 2690 2717 ἃ
2729 2661 2938 2732 φύλλων
2971 2661 3125 2731 δίκην
3166 2659 3304 2732 πρὸς
3345 2657 3492 2728 ὥραν
3528 2654 3660 2709 θάλ-

2091 2761 2250 2814 λοντα
2297 2755 2777 2826 συναφαυαίνονται
2820 2753 2913 2808 τοῦ
2964 2752 3210 2824 σώματος
3253 2753 3372 2814 ταῖς
3411 2749 3666 2820 τροπαῖς.

2091 2845 2321 2915 Διπλοῦς
2347 2849 2454 2922 γὰρ
2502 2851 2530 2903 6
2577 2848 2702 2920 περὶ
2729 2847 2818 2900 τὸν
2843 2846 3124 2917 ἄνθρωπον
3153 2843 3396 2914 φαίνεται
3433 2841 3664 2911 κόσμος,

2093 2937 2167 2998 ὧν
2199 2944 2290 2998 τὸν
2335 2942 2480 2996 ένδον
2519 2943 2548 2995 6
2587 2938 2790 3011 Κύριος
2833 2938 3177 3009 ἀποδέχεται,
3223 2937 3318 2990 τὸν
3366 2935 3664 3004 ἀκήρατον,

2105 3039 2189 3090 Ἐς
2240 3034 2368 3106 μιᾷ,
2401 3034 2594 3102 λέγων,
2627 3031 2944 3102 τραχήλων
2975 3029 3247 3099 ἐνθέματι
3278 3027 3388 3095 τῆς
3424 3027 3668 3094 νύμφης

2094 3127 2522 3197 κεκαρδιῶσθαι
2540 3143 2553 3156 ·
2585 3127 2768 3188 οἱονεὶ,
2799 3123 2891 3178 τοῦ
2920 3122 3120 3176 ἔσωθεν
3142 3119 3426 3192 ἀνθρώπου
3443 3117 3543 3188 τῆς
3567 3132 3667 3171 κα·

2091 3219 2354 3292 ταστολῆς
2386 3219 2580 3290 αἴγλην
2619 3216 3049 3281 ἀποστίλϐοντος,
3082 3212 3319 3286 ὠρέχθαι
3351 3209 3661 3282 σημαίνων·

419 3318 656 3358 amorem
681 3321 972 3363 accensum
1001 3307 1335 3379 signiﬁcans,
1360 3309 1650 3380 splendore
1675 3309 1742 3364 ab
1767 3309 1986 3364 interio-

2093 3310 2168 3374 ὥς
2200 3327 2301 3363 που
2341 3310 2432 3364 καὶ
2474 3310 2504 3362 6
2532 3307 2817 3380 ψαλμῳδὸς
2847 3308 3131 3378 μαρτυρεῖ,
3165 3302 3357 3368 Πᾶσα,
3391 3301 3588 3371 λέγων,
3621 3299 3666 3373 ἠ

419 3393 497 3448 ris
528 3393 766 3451 hominis
810 3397 1010 3453 vestitu
1051 3401 1339 3464 emicante,
1384 3400 1460 3453 uti
1500 3408 1554 3454 et
1583 3397 1872 3454 Psalmista
1905 3406 1992 3452 te-

418 3491 617 3550 statur,
644 3487 774 3541 dum
798 3504 1001 3543 omnem
1020 3491 1246 3560 gloriam
1270 3491 1399 3560 ﬁlia:
1429 3489 1564 3562 regis
1599 3489 1663 3543 ab
1694 3491 1835 3544 intus
1857 3503 1969 3542 esse

420 3576 495 3629 ait
519 3576 586 3632 ⁸⁸.
947 3592 949 3594 ‘

2093 3401 2243 3467 δόξα
2265 3399 2374 3470 τῆς
2404 3399 2694 3472 θυγατρὸς
2720 3399 2825 3454 τοῦ
2840 3396 3146 3464 βασιλέως
3169 3395 3416 3450 ἔσωθεν.

1085 3693 1213 3748 CAP.
1244 3691 1335 3747 Ill.
1375 3694 1635 3765 Virgines,
1663 3695 1792 3764 ipsa:
1814 3703 2096 3764 martyres,
2136 3693 2273 3746 inter
2293 3690 2494 3745 Christi
2529 3687 2761 3752 sodales,
2794 3686 3007 3756 primae.

493 3797 668 3852 Nolim
691 3815 819 3854 vero
838 3801 1107 3873 quispiam
1129 3805 1403 3860 existimet
1426 3807 1725 3876 improbari
1752 3822 1817 3862 ac
1837 3808 1992 3876 rejici

421 3891 580 3968 aliam
628 3893 1026 3948 multitudinem
1074 3895 1431 3961 credentium,
1464 3905 1661 3967 putans
1706 3914 1806 3953 nos
1846 3901 1994 3954 solas

421 3981 658 4053 virgines
679 3983 1046 4038 introductum
1079 3986 1165 4052 iri,
1205 3986 1473 4055 potituras
1496 3988 1654 4044 bonis
1682 3991 1989 4058 promissis,

422 4091 532 4130 non
577 4075 904 4145 intelligens,
937 4077 1111 4133 tribus
1152 4094 1372 4148 quoque
1404 4088 1458 4134 et
1490 4081 1866 4150 cognationes,
1901 4099 1993 4137 or-

421 4168 685 4238 dinesque
725 4177 780 4223 et
824 4169 1027 4224 classes
1076 4169 1311 4233 futuras,
1344 4186 1443 4240 pro
1472 4171 1740 4241 cujusque
1774 4172 1990 4227 illorum

425 4259 548 4314 ﬁdei
573 4260 798 4315 ratione.
822 4259 877 4314 ld
903 4260 1045 4330 quod
1065 4270 1116 4316 et
1139 4261 1337 4315 Paulus
1361 4261 1628 4332 signiﬁcat
1649 4263 1776 4316 dum
1802 4262 1883 4316 ait
1904 4264 1946 4294 ³⁷
1973 4281 1989 4318 :

424 4352 550 4406 Alia
578 4353 798 4407 claritas
843 4353 992 4419 solis,
1024 4354 1135 4408 alia
1173 4353 1394 4409 claritas
1433 4354 1594 4419 (ante,
1628 4355 1740 4408 alia
1769 4355 1990 4410 claritas

425 4443 722 4498 Stellarum.
753 4443 920 4499 Stella
948 4445 1126 4515 differt
1162 4463 1194 4498 a
1225 4445 1381 4501 stella
1410 4447 1464 4499 in
1495 4445 1742 4500 claritate
1774 4463 1792 4500 :
1832 4447 1907 4500 ita
1944 4458 1992 4502 et

2165 3807 2256 3878 Μὴ
2287 3802 2711 3874 ὑπολαμϐανέτω
2741 3799 2797 3854 δέ
2839 3817 2945 3863 τις,
2992 3797 3378 3870 ἀποκρίνεσθαι
3417 3797 3525 3870 (96)
3575 3799 3668 3853 τὸν

2096 3899 2279 3970 ἕτερον
2309 3896 2492 3969 ὅμιλον
2533 3893 2641 3947 τῶν
2690 3891 3149 3955 πεπιστευκότων,
3187 3890 3342 3956 δόξας
3380 3893 3526 3963 ἡμᾶς
3571 3893 3669 3956 τὰς

2098 3989 2398 4061 παρθένους
2445 3987 2607 4059 μόνας
2649 3981 2983 4055 εἰσηγεῖσθαι
3015 3981 3342 4052 τευξομένας
3370 4001 3466 4055 της
3495 3986 3668 4053 ἐπαγ..

2099 4081 2280 4151 γελίας
2298 4097 2312 4110 ο
2347 4080 2408 4133 ού
2439 4079 2756 4150 συννοήσας,
2789 4078 2871 4130 ὅτι
2901 4077 2994 4130 καὶ
3025 4075 3184 4145 φυλαὶ
3208 4077 3300 4129 καὶ
3329 4075 3552 4146 πατριαὶ⁴
3576 4077 3669 4134 καὶ

2096 4172 2354 4243 τάγματα
2409 4173 2530 4224 κατῖ
2557 4169 2845 4238 ἀναλογίαν
2897 4169 3124 4224 ἑκάστου
3180 4167 3388 4222 ἔσονται
3425 4168 3526 4238 τῆς
3577 4169 3670 4222 πί-

2099 4281 2285 4328 στεως.
2312 4264 2424 4318 Καὶ
2447 4262 2602 4316 τοῦτο
2627 4263 2720 4316 καὶ
2753 4261 2961 4324 Παῦλος
2987 4260 3493 4335 διαγράφει,”Αλλη
3520 4259 3669 4326 δόξα

2097 4355 2299 4423 ἡλίου,
2333 4354 2431 4407 καὶ
2463 4353 2622 4419 ἄλλη
2653 4350 2801 4416 δόξα
2827 4350 3116 4418 σελήνης,
3162 4351 3354 4421 λέγων,
3384 4352 3477 4405 καί
3507 4350 3667 4422 ἄλλη

2099 4447 2248 4512 δόξα
2291 4446 2578 4514 ἀστέρων.
2597 4444 2805 4512 Ἀστὴρ
2843 4444 2951 4514 γὰρ
2997 4443 3248 4512 ἀστέρος
3284 4443 3545 4513 διαφέρει
3599 4443 3671 4498 ἐν

426 4539 736 4591 resurrectio
787 4549 1137 4594 mortuorum.
1192 4538 1256 4594 Et
1305 4538 1568 4593 Dominus
1615 4554 1726 4593 non
1773 4539 1986 4595 eosdem

2099 4541 2246 4610 δόξῃ
2267 4557 2281 4571 ο
2314 4539 2466 4594 οὕτω
2512 4538 2612 4593 καὶ
2638 4539 2677 4606 ἢ
2706 4536 3041 4603 ἀνάστασις
3079 4536 3196 4590 τῶν
3223 4535 3468 4605 νεκρῶν.
3501 4536 3611 4590 Καὶ
3639 4536 3669 4590 6

426 4631 679 4686 omnibus
706 4647 764 4686 se
804 4632 1038 4688 honores
1085 4633 1339 4688 daturum
1381 4636 1688 4704 prolitetur,
1731 4633 1826 4687 sed
1856 4633 1994 4688 alios

425 4725 685 4779 ctelorum
706 4741 868 4797 regno
899 4735 1243 4794 annumerat,
1269 4729 1390 4785 aliis
1406 4737 1564 4783 terrae
1592 4727 1992 4798 possessionem

427 4817 732 4888 pollicetur,
762 4804 898 4873 alios
929 4820 1192 4887 promittit
1215 4820 1431 4876 visuros
1470 4819 1686 4874 Patrem
1716 4819 1781 4872 ³⁸.
1814 4817 1993 4884 Quare

425 4915 481 4961 et
514 4908 601 4962 hic
633 4909 866 4977 primum
896 4909 1144 4966 ordinem
1181 4919 1234 4966 et
1280 4913 1506 4968 chorum
1550 4917 1993 4967 consecratarum

427 5000 531 5070 ipsi
584 5003 851 5074 virginum
903 5003 959 5058 in
1014 5003 1256 5073 requiem
1325 5019 1588 5059 novorum
1646 5004 1992 5065 saeculorum,

425 5101 681 5164 tanquam
714 5097 767 5150 in
802 5097 1119 5159 thalamum,
1154 5098 1209 5153 in
1241 5113 1341 5152 suo
1375 5100 1633 5152 comitatu
1670 5112 1854 5152 secum
1906 5094 1994 5148 in-

425 5188 822 5244 troduccndum
842 5205 909 5245 ex
939 5191 1163 5244 oraculo
1190 5191 1407 5260 promit.
1439 5189 1658 5244 Functa:
1685 5189 1828 5242 enim
1857 5201 1998 5240 mar-

426 5280 570 5352 tyrio
596 5288 746 5344 sunt,
780 5297 888 5336 non
922 5283 987 5336 ad
1026 5283 1189 5337 breve
1211 5282 1472 5351 temporis
1503 5289 1836 5336 momentum
1869 5294 1994 5333 sus-

533 5376 578 5408 ³⁸
614 5375 767 5431 Psal.
813 5393 960 5442 xuv,
985 5378 1069 5432 ll.
1146 5377 1187 5410 ³⁷
1231 5376 1260 5432 1
1295 5377 1417 5433 Cor.
1451 5394 1540 5444 xv,
1571 5377 1658 5430 ll.

498 5469 609 5539 (95)
641 5468 915 5537 Ἀγάπης.
954 5468 1028 5522 Ita
1057 5471 1228 5526 codex
1245 5469 1367 5525 Vat.
1401 5478 1456 5524 et
1488 5469 1794 5525 Possinius.
1836 5467 1988 5521 Alla-

424 5541 542 5613 tius
565 5556 692 5613 vero
719 5557 840 5594 eum
875 5556 976 5613 ins.
1019 5540 1218 5613 Mazar.
1245 5582 1260 5605 ,
1298 5541 1668 5613 σωφροσύνης.
1695 5540 1988 5613 Councrls.

497 5610 608 5680 (96')
638 5611 1108 5679 Ἀποκρίνεσθαι.
1143 5610 1233 5665 Sic
1266 5609 1526 5679 Allatins;
1567 5609 1666 5668 nis.
1697 5609 1843 5674 Vat.,
1869 5623 1992 5662 cum

429 5681 692 5752 l’ossinio.
726 5682 1141 5752 ἀποκρούεσθαι.
1174 5680 1248 5738 In.

497 5752 608 5817 (97)
652 5750 753 5806 Ἐν
790 5745 1072 5819 βασιλείᾳ
1130 5751 1576 5820 καταριθμεῖται.
1645 5750 1873 5807 Allatius
1905 5745 1996 5802 ἐπὶ

1738 5377 1784 5408 ³⁸
1822 5372 2015 5429 Matth.

2100 4633 2304 4705 Κύριος
2341 4632 2396 4685 δὲ
2426 4631 2486 4684 ού
2519 4633 2651 4685 πᾶσι
2670 4629 2768 4694 τὰς
2795 4629 2962 4692 αὐτὰς
2989 4628 3240 4699 ὁμολογεῖ
3256 4627 3453 4680 διδόναι
3477 4626 3666 4696 τιμάς,

2101 4725 2212 4780 ἀλλ’
2233 4725 2437 4796 ἑτέροις
2460 4725 2557 4797 μὲν
2574 4726 2631 4777 ὲν
2649 4722 2893 4794 βασιλείᾳ
2907 4721 3016 4793 (97)
3033 4719 3447 4791 καταριθμεῖται
3464 4718 3570 4770 τῶν
3585 4719 3672 4771 ού⁹

2102 4815 2298 4888 ρανῶν,
2315 4815 2494 4878 ἄλλοις
2516 4813 2874 4886 κληρονομίαν
2894 4810 3279 4880 ἐπαγγέλλεται
3303 4810 3404 4881 γῆς
3463 4808 3670 4880 ἑτέροις

2093 4909 2318 4978 ὄψεσθαι
2345 4907 2436 4960 τὸν
2466 4907 2706 4978 Πατέρα.
2743 4907 2851 4960 Καὶ
2877 4905 2941 4976 δὴ
2967 4904 3060 4957 καὶ
3086 4901 3318 4956 ἐνταῦθα
3350 4901 3563 4973 πρῶτον
3609 4901 3670 4954 τὺ

2094 5001 2281 5070 τάγμα
2313 4997 2407 5051 καὶ
2434 4997 2524 5049 τὸν
2548 4997 2706 5069 χορὸν
2740 4997 2832 5050 τὸν
2863 4994 3016 5064 ἅγιον
3045 4993 3192 5064 αύτῷ
3225 4992 3334 5047 τῶν
3361 4992 3664 5063 παρθένων,

2097 5091 2282 5162 ὥσπερ
2319 5091 2398 5154 είς
2423 5089 2707 5160 νυμφῶνα,
2733 5088 2830 5160 τὴν
2856 5086 3158 5141 ἀνάπαυσιν
3187 5085 3294 5138 τῶν
3322 5083 3522 5138 καινῶν
3544 5081 3670 5136 αἰὼ-

2096 5200 2202 5236 νων
2282 5179 2688 5251 ὲφομαρτοῦντα
2765 5175 3264 5231 συνεισελεύσεσθαι
3336 5172 3666 5246 χρησμῳδεῖ.

2109 5272 2525 5346 Ἐμαρτύρησαν
2555 5271 2664 5343 (98)
2694 5270 2821 5342 γάρ,
2851 5271 2911 5324 ού
2934 5269 3074 5324 κατά
3094 5285 3147 5320 τι
3180 5267 3366 5339 μόριον
3390 5266 3582 5338 χρόνου
3609 5265 3670 5316 ὲν

2054 5388 2108 5427 ν.

2093 5463 2162 5516 τὰ
2212 5461 2476 5531 βασίλεια.
2533 5457 2843 5531 Lectionem
2880 5464 3130 5531 Bostram
3189 5472 3254 5513 ex
3345 5453 3466 5531 Vat.
3499 5453 3663 5531 _eod.

2097 5524 2683 5616 expressitoPossinius.
2704 5528 2778 5580 lo.
2794 5559 2861 5568 ——
2880 5527 3037 5584 Forte
3056 5530 3158 5598 leg.
3194 5524 3663 5598 καταριθμεῖσθαι,

2100 5620 2154 5657 ιιι
2173 5607 2788 5745 ὣιῶηξὲἷιὲίοτύρησαν.
2845 5669 3012 5735 Quasi
3072 5671 3384 5741 martyrium
3414 5667 3662 5738 fecerunt.
