4052 6338
24 5264 57 5495 l

240 302 323 358 £29
1268 302 1658 359 CONYIVIUM
1695 303 1927 361 DECEM
1972 304 2331 365 VlRGlNUM.
3345 320 3448 375 ISO

237 418 414 488 βραχεῖ
444 418 853 491 καρτερήσασαι
890 419 1152 490 σωμάτων
1182 418 1495 500 ἁχθηᾷόνας,
1530 418 1663 472 ἀλλὰ
1708 419 1787 473 διὰ

1895 421 2130 479 tinentes
2170 439 2459 495 corporum
2498 428 2832 497 gravamina,
2883 426 2977 482 sed
3007 428 3184 498 quoad
3224 430 3331 485 vita
3360 448 3454 486 su-

234 511 422 573 παντὸς
462 509 724 579 τλήσασαι
772 509 867 561 τοῦ
921 510 1057 579 βίου,
1091 512 1165 581 μὴ
1196 510 1668 564 ἀποδειλιάσασθαι
1698 511 1789 565 τὸν

234 598 409 666 ἀγῶνα
484 599 573 651 τὸν
615 599 980 669 Ὀλυμπιακὸν
1057 599 1271 671 ἀληθῶς
1339 600 1620 671 διαθλῆσαι
1691 602 1790 671 τῆς

231 691 437 759 ἁγνείας
457 708 472 720 ’
503 690 757 761 βασάνοις
788 709 845 745 τε
875 692 981 763 γὰρ
1014 693 1223 764 ἀγρίοις
1254 691 1454 764 ἡδονῶν
1486 694 1579 746 καὶ
1608 692 1792 762 φόϐοις

230 783 310 834 καὶ
354 782 556 846 λύπαις
599 784 968 854 ἀντισχοῦσαι,
996 786 1230 850 καὶτοῖς
1260 786 1438 850 ἄλλοις
1480 786 1582 855 τῆς
1623 803 1785 857 πονη-

233 872 333 943 ρίας
384 873 497 925 τῶν
546 873 848 943 ἀνθρώπων
880 878 1087 941 κακοῖς,
1122 876 1483 947 ἀποφέρονται
1532 876 1603 929 τὰ
1653 876 1792 948 γέρα

230 967 432 1035 πρῶται
483 966 591 1019 τῶν
636 968 832 1031 ἄλλων,
861 971 940 1032 είς
969 970 1055 1022 τὸν
1092 970 1296 1041 ἀμείνω
1326 971 1427 1041 τῆς
1465 969 1792 1039 ἐπαγγελίας

228 1057 612 1126 ἑκτασσόμεναι
646 1058 843 1130 χῶρον.
864 1060 1075 1130 Ἀμέλει
1109 1060 1309 1124 ταύτας
1348 1061 1502 1131 μόνον
1532 1060 1791 1131 ὲκλεκτὴν

231 1149 436 1219 νύμφην
472 1148 569 1211 τὰς
608 1149 807 1219 ψυχὰς,
842 1151 937 1203 καὶ
967 1152 1192 1222 γνησίαν
1220 1155 1248 1206 ὁ
1275 1153 1442 1221 Λόγος
1471 1152 1663 1206 ἑαυτοῦ
1694 1171 1795 1206 κα-

229 1239 302 1291 λεῖ
319 1256 332 1269 ·
359 1241 459 1302 τὰς
484 1241 540 1292 δὲ
567 1240 780 1305 λοιπὰς,
811 1243 1089 1307 παλλακὰς
1119 1245 1209 1297 καὶ
1239 1245 1484 1309 νεανίδας
1513 1246 1606 1298 καὶ
1630 1244 1792 1314 θυγα-

232 1332 402 1402 τέρας,
432 1332 607 1402 λέγων
630 1328 732 1386 ὦδε
750 1349 765 1363 '
806 1332 1126 1400 Ἐξήκοντά
1149 1337 1265 1389 sim
1288 1335 1675 1400 βασίλισσαι,
1696 1333 1792 1389 καί

237 1424 588 1493 ὁγδοήκοντα
650 1428 989 1479 παλλακαὺ
1042 1427 1139 1480 καὶ
1191 1427 1497 1493 νεανιδες,
1545 1421 1631 1481 ὧν
1682 1436 1790 1483 οἰκ

236 1516 391 1571 ἐστιν
432 1517 696 1586 ἀριθμός,
728 1518 845 1571 Μία
886 1518 1015 1571 ἐστὶ
1044 1520 1359 1588 περιστερά
1408 1538 1549 1589 μου,
1596 1519 1793 1574 τελεία

240 1629 373 1681 μου·
392 1613 497 1681 μία
521 1613 652 1665 ἐστι
691 1611 763 1681 τῇ
804 1612 982 1681 μητρὶ
1029 1609 1235 1678 αὐτῆς,
1271 1609 1527 1677 ἐκλεκτὴ
1579 1609 1653 1678 τῇ
1702 1625 1792 1662 τε·

244 1707 416 1775 θεούσῃ
461 1704 679 1771 αὐτὴν·
718 1704 1036 1759 ἐνἐίόοσαν
1083 1705 1275 1769 αὐτὴν
1327 1701 1661 1771 θυγατέρες,
1692 1701 1788 1755 καὶ

1892 525 2101 581 perstes
2148 513 2266 577 fuit,
2303 515 2594 571 tolerantes
2626 518 2889 583 laborum,
2925 517 3295 589 Olympiacum
3328 537 3456 578 vero

1891 606 2225 661 castimoniae
2262 622 2486 677 agonem
2516 608 2726 663 fortiter
2755 610 2906 664 obire
2932 627 3039 665 non
3070 612 3452 680 formidarunt,

1892 696 2155 766 saevisque
2177 698 2513 767 voluptatum
2550 702 2835 756 tormentis
2867 710 2919 755 et
2950 706 3240 772 pavoribus
3274 722 3337 761 ac
3365 710 3458 763 do-

1893 788 2123 850 loribus,
2150 790 2378 860 aliisque
2405 791 2683 845 hominum
2718 794 2970 863 nequitia:
3008 797 3168 851 malis
3197 799 3457 855 resisten-

1892 886 1996 944 tes,
2032 881 2217 950 prima:
2237 893 2360 938 ante
2394 884 2528 938 alios
2559 899 2783 938 munera
2811 885 2865 938 in
2888 887 3202 944 melioribus
3231 893 3457 960 promis.

1892 974 2064 1029 sionis
2094 974 2227 1029 locis
2247 976 2523 1032 collocata
2548 987 2845 1047 reportant.
2874 980 3112 1051 Denique
3146 983 3244 1039 has
3280 986 3455 1041 solum

1893 1066 2122 1130 animas,
2153 1064 2389 1121 Verbum
2422 1070 2647 1125 electam
2692 1088 2945 1141 sponsam
2994 1084 3154 1143 atque
3186 1075 3460 1131 sinceram

1893 1167 2046 1211 vocat
2078 1176 2091 1212 :
2128 1159 2365 1229 reliquas
2394 1168 2597 1227 autem,
2631 1164 2963 1219 concubinas
2996 1173 3047 1219 ct
3081 1166 3460 1222 adolescentu-

1894 1249 1974 1304 las
2007 1258 2168 1319 atque
2214 1252 2369 1316 ﬁlias,
2404 1254 2484 1307 sic
2513 1253 2701 1309 dicens
2726 1254 2771 1287 ”
2802 1276 2814 1309 :
2848 1254 3134 1326 Sexaginta
3165 1269 3286 1311 sunt
3323 1260 3460 1329 regi-

1893 1351 1993 1402 tur,
2041 1349 2090 1392 et
2128 1342 2391 1409 octoginta
2426 1342 2763 1407 concubium;
2800 1354 2848 1398 et
2882 1347 3284 1401 adolescentulo:
3326 1366 3458 1420 qua-

1892 1443 2010 1481 rum
2045 1446 2146 1482 non
2190 1440 2267 1483 est
2314 1448 2577 1486 numerus.
2619 1432 2735 1487 Una
2767 1445 2844 1488 est
2888 1435 3128 1489 columba
3168 1453 3302 1500 mea,
3337 1454 3457 1506 per-

1893 1519 2029 1587 fecta
2065 1535 2213 1585 mea;
2246 1537 2350 1573 una
2373 1524 2449 1574 est
2481 1525 2641 1576 matri
2674 1540 2817 1588 sure;
2858 1526 3019 1580 electa
3054 1529 3292 1598 genitrici
3323 1547 3465 1586 sure.

1903 1610 2159 1665 Viderunt
2191 1629 2306 1666 eam
2353 1614 2511 1683 ﬁliaz,
2556 1625 2603 1668 et
2648 1615 2850 1670 beatam
2882 1620 3245 1686 prwdicubunt
3287 1638 3401 1675 eam
3435 1638 3458 1677 :

1895 1706 2084 1774 regina!
2116 1713 2165 1757 et
2197 1705 2497 1760 concubina:
2528 1707 2816 1762 laudabunt
2842 1727 2977 1764 eam.
3012 1710 3147 1766 Cum
3178 1714 3320 1767 enim
3354 1715 3459 1768 uti--

243 1784 613 1860 μακαρισῦὼν
635 1792 858 1860 αὐτήν·
894 1792 1262 1856 βασίλισσαι
1330 1792 1430 1845 καί
1461 1809 1526 1861 γε
1558 1795 1787 1845 παλλα-

1893 1812 1998 1866 que
2022 1797 2203 1849 multa:
2232 1797 2341 1851 sint
2367 1796 2621 1853 Ecclesia:
2650 1800 2791 1865 ﬁliae,
2823 1818 2927 1855 una
2951 1803 3065 1855 sola
3098 1804 3267 1859 electa
3295 1814 3378 1860 est
3405 1812 3460 1858 et

247 1884 331 1937 καὶ
373 1886 643 1939 αἰνοῦσιν
690 1885 901 1952 αὐτήν.
958 1884 1168 1938 Πολλῶν
1200 1884 1308 1956 γὰρ
1343 1883 1516 1937 οὐσῶν
1552 1883 1791 1953 δηλονότι

246 1977 333 2046 τῆς
370 1978 686 2049 Ἐκκλησίας
717 1978 823 2031 τῶν
854 1977 1182 2050 θυγατέρων,
1215 1977 1313 2047 μία
1339 1976 1455 2029 ἐστὶ
1486 1971 1619 2048 μόνη
1649 1976 1793 2029 ὲκλε-

249 2068 336 2137 κτὴ
359 2068 443 2121 καὶ
470 2068 772 2139 τιμιωτάτη
809 2070 867 2121 ὲν
898 2066 1197 2139 ὀφθαλμοῖς
1225 2066 1391 2137 αὐτῆς
1423 2067 1561 2139 ὑπὲρ
1590 2067 1789 2131 πάσας,

246 2159 300 2211 τὸ
323 2160 487 2231 τάγμα
515 2159 623 2212 τῶν
658 2159 962 2231 παρθένων.

1896 1889 2215 1942 charissima
2246 1889 2300 1942 in
2323 1890 2497 1946 oculis
2518 1891 2636 1961 ejus
2666 1907 2830 1962 supra
2862 1894 3116 1965 reliquas,
3147 1898 3281 1951 ordo
3310 1897 3459 1953 scili-

1894 1989 1979 2034 cet
2003 1980 2293 2051 virginum.

247 2275 358 2332 Cn.
385 2276 465 2332 IV.
493 2276 666 2330 Locus
693 2274 851 2331 Cant.
885 2292 961 2337 vr,
1000 2274 1051 2337 7,
1074 2276 1128 2348 8,
1161 2292 1451 2348 expensus.
1472 2275 1700 2348 Reginae,
1730 2284 1929 2330 sancta:
1963 2283 2084 2328 ante
2115 2273 2372 2348 diluvium
2406 2275 2617 2329 animat.
2650 2274 2988 2335 Concubime.
3011 2276 3201 2331 animm
3234 2280 3456 2347 prop/tc-

343 2359 519 2403 tarum.
550 2348 796 2401 Divinum
829 2363 1000 2401 semen
1027 2346 1094 2399 ad
1123 2348 1385 2415 spiritales
1427 2345 1588 2416 fetus,
1622 2349 1676 2472 ξῦι
1725 2364 1787 2471 ῗτς

1676 2435 1732 2472 er
1768 2435 1787 2472 ι

1889 2355 2092 2399 etarum
2123 2346 2293 2401 libris.
2332 2345 2499 2411 Quasi
2528 2348 2870 2400 clandestina:
2905 2364 3021 2400 cum
3064 2345 3347 2418 prophetis,

1888 2423 2037 2487 Lpliaz.

317 2532 492 2586 Ἐὰνδέ
528 2549 605 2602 τῳ
637 2532 765 2603 περὶ
789 2531 993 2584 τούτων
1023 2532 1449 2604 ἀμφισόήτησις,
1483 2533 1559 2597 ὡς
1578 2533 1788 2587 οὐδέπω

244 2623 342 2676 τῶν
392 2624 697 2693 κεφαλαίων
744 2623 944 2688 ἱκανῶς
990 2624 1526 2695 ἐπεξειργασμένων,
1568 2625 1661 2678 καὶ
1710 2625 1789 2679 ἔτι

245 2717 457 2787 βούλοιτο
498 2718 615 2769 κατ’
662 2715 954 2786 ἀναγωγὴν
1003 2714 1180 2768 αὐτῶν
1225 2715 1594 2787 πνευματικὴν
1635 2717 1788 2789 διαρά

244 2811 489 2883 θρωθῆναι
554 2810 959 2882 πληρεστερον,
1005 2811 1147 2875 τίνες
1193 2811 1328 2865 εἰσὶν
1378 2810 1436 2863 αἱ
1485 2810 1789 2881 βασίλισσαι

239 2906 327 2955 καὶ
351 2907 397 2956 αἱ
426 2904 657 2968 νεάνιδες
679 2920 692 2933 ·
722 2902 969 2975 λέξομεν,
991 2902 1246 2958 δύνασθαι
1275 2903 1444 2957 ταῦτα
1468 2903 1790 2974 λελαλῆσθαι

236 2996 328 3046 καὶ
354 2995 437 3047 ἐπὶ
475 2996 580 3048 τῶν
620 2994 681 3061 ἐξ
716 2995 889 3065 ἀρχῆς
909 2995 1048 3048 κατὰ
1087 2994 1350 3067 πρόϐασιν
1383 2995 1588 3066 χρόνων
1621 2998 1677 3049 ἐν
1717 2994 1792 3047 δι-

232 3085 477 3158 καωτᾶνῃ
521 3084 970 3156 διαπρεψὰντων·
1015 3082 1123 3137 οἷον
1174 3084 1281 3137 τῶν
1332 3085 1438 3155 πρὸ
1480 3082 1574 3137 τοῦ
1624 3100 1789 3136 κατα-

228 3177 459 3247 κλυσμοῦ
480 3218 493 3240 ,
536 3178 628 3231 καὶ
669 3177 777 3230 τῶν
812 3176 947 3248 μετὰ
980 3176 1070 3230 τὸν
1104 3176 1516 3246 κατακλυσμὸν,
1547 3176 1639 3230 καὶ
1682 3175 1789 3229 τῶν

224 3272 334 3325 ἀπὸ
378 3272 464 3325 τοῦ
495 3272 731 3343 Χριστοῦ
779 3273 1029 3344 καθεξῆς.
1075 3270 1226 3326 Εἶναι
1269 3272 1379 3344 γὰρ
1418 3272 1634 3343 νύμφην
1693 3271 1791 3343 μὲν

218 3366 321 3435 τὴν
353 3365 692 3437 Ἐκκλησίαν,
727 3364 1042 3435 βασιλίσσας
1070 3364 1125 3417 δὲ
1150 3365 1247 3427 τὰς
1277 3362 1556 3434 βασιλικὰς
1582 3362 1790 3426 ὲκείνας

218 3460 320 3521 τὰς
373 3458 479 3527 πρὸ
520 3457 611 3510 τοῦ
664 3456 1050 3527 κατακλυσμοῦ
1083 3457 1294 3527 ψυχὰς,
1351 3457 1677 3526 εὐαρέστους
1713 3454 1790 3526 τῷ

218 3551 339 3621 Θεῷ
370 3550 736 3621 γεγενημένας
754 3566 767 3579 ·
797 3549 1039 3602 τουτέστι
1074 3548 1173 3612 τὰς
1204 3549 1346 3619 ἀμφὶ
1372 3550 1463 3601 τὸν
1490 3547 1673 3613 Ἀδελ,
1698 3548 1791 3601 καὶ

219 3645 307 3697 τον
338 3644 451 3715 Σὴθ
487 3646 577 3696 καὶ
602 3643 691 3696 τὸν
752 3642 922 3712 Ἑνώχ
944 3658 957 3671 ⁸
996 3641 1273 3706 παλλακὰς
1305 3642 1361 3695 δὲ
1402 3642 1501 3706 τὰς
1536 3641 1672 3711 μετὰ
1699 3640 1790 3694 τὸν

214 3736 633 3807 κατακλυσμὸν,
670 3735 777 3787 τῶν
831 3733 1155 3805 προφητῶν·
1218 3729 1341 3800 αἶς,
1398 3734 1503 3807 πρὸ
1548 3734 1639 3787 τοῦ
1691 3734 1790 3805 τὴν

225 3828 553 3899 Ἐκκλησίαν
599 3826 938 3898 ἁρμοσθῆναι
974 3825 1052 3896 τῷ
1078 3828 1298 3897 Κυρίῳ,
1328 3812 1673 3881 παλλακίδων
1712 3827 1790 3881 δί-

211 3940 311 3994 κην
369 3922 800 3992 συγγινόμενος,
862 3919 1078 3990 ἀληθεῖς
1139 3921 1434 3992 ὑπέσπειρε
1484 3920 1674 3990 λόγους
1732 3922 1789 3974 ἐν

211 4020 432 4089 ἁξθύρῳ
478 4018 579 4070 καὶ
609 4014 826 4086 καθαρᾷ
860 4012 1176 4084 φιλοσοφίᾳ,
1221 4013 1307 4065 ἵνα
1344 4011 1601 4081 γεννῶσιν
1642 4011 1789 4082 αὐτῷ

210 4113 577 4167 συλλαϐοῦσαι
608 4110 815 4173 πίστιν,
844 4107 1062 4181 πνεῦμα
1088 4108 1379 4179 σωτηρίας.
1414 4106 1649 4161 Τοιαῦτα
1681 4106 1788 4178 γὰρ

206 4207 685 4275 ἀποϐλαστήματα
736 4201 960 4272 φύουσιν
1003 4202 1057 4254 αί
1097 4201 1298 4271 ψυχαὶ,
1340 4200 1662 4272 ἀείμνηστον
1695 4199 1789 4269 φέ·

206 4317 368 4371 ρσντα
394 4300 455 4353 τὸ
485 4296 669 4359 κλέος,
708 4294 933 4357 ὁπόσαις
970 4293 1035 4347 ἂν
1062 4292 1091 4343 ό
1118 4292 1352 4365 Χριστὸς
1386 4292 1782 4364 συνανακραθῇ.

207 4394 267 4447 εξ
295 4394 413 4463 γὰρ
451 4388 709 4461 βούλεσθε
739 4389 817 4451 είς
848 4386 1125 4449 Μωῦσέως
1153 4385 1453 4456 ἀποϐλέψαι
1485 4385 1715 4455 βίϐλους.
1750 4384 1782 4457 ἥ

1964 2530 2058 2586 Sin
2090 2530 2180 2586 cui
2214 2545 2344 2586 vero
2368 2529 2496 2585 hinc
2541 2529 2708 2584 lueret
2761 2532 3088 2601 scrupulus,
3139 2533 3293 2604 quasi
3340 2533 3457 2589 haec

1892 2626 2070 2681 adhuc
2128 2625 2195 2679 ad
2234 2641 2430 2695 purum
2479 2623 2761 2693 Scriptura
2800 2640 3141 2695 nequaquam
3182 2626 3458 2680 declarata

1894 2720 1984 2785 sit,
2030 2734 2093 2773 ac
2116 2728 2373 2788 prmterea
2400 2716 2465 2771 ad
2498 2717 2833 2788 spiritualem
2858 2732 2976 2771 eam
3004 2734 3223 2773 sensum
3254 2720 3460 2775 referre

1894 2813 2054 2876 velit,
2101 2812 2366 2881 juxtaque
2416 2811 2569 2865 illum
2626 2811 2939 2865 distinctius
2967 2811 3161 2880 exponi
3210 2827 3460 2881 quamam

1896 2904 2004 2957 sint
2022 2905 2245 2975 reginae,
2268 2920 2388 2975 qua:
2411 2920 2541 2958 vero
2563 2904 2880 2959 concubina:
2910 2919 2972 2958 ac
3002 2920 3120 2974 qua:
3149 2906 3462 2960 adolescen-

1897 2998 2022 3051 tulaa
2047 3038 2063 3063 ,
2097 2997 2343 3063 dicemus
2378 2996 2489 3051 ﬁeri
2539 3012 2701 3068 posse
2750 3006 2809 3050 ut
2848 2997 2951 3051 ista
2982 2998 3125 3051 dicta
3157 2997 3266 3052 sint
3296 2996 3364 3051 de
3390 2996 3460 3051 iis

1815 3113 1857 3171 ρ
1896 3091 1988 3159 qui
2021 3088 2353 3159 a‘principio
2384 3105 2480 3159 per
2504 3088 2883 3144 successiones
2912 3097 3212 3158 temporum
3265 3089 3317 3141 in
3364 3103 3456 3157 ιιι-

1894 3184 2044 3238 stitia
2076 3184 2390 3238 claruerunt
2422 3198 2436 3234 :
2474 3190 2625 3252 puta,
2662 3182 2754 3252 qui
2785 3190 2909 3235 ante
2941 3180 3224 3242 diluvium,
3255 3180 3459 3250 quique

1893 3284 2015 3346 post
2044 3276 2329 3341 diluvium,
2363 3283 2415 3330 et
2446 3276 2539 3345 qui
2582 3277 2838 3344 deinceps
2871 3283 2993 3344 post
3027 3273 3323 3327 Christum.
3356 3272 3459 3328 Ec-

1892 3369 2059 3423 clesia
2082 3368 2331 3423 videlicet
2360 3382 2559 3437 sponsa
2587 3376 2692 3422 est.
2726 3366 2946 3436 Regina:
2970 3380 3099 3419 vero
3123 3404 3137 3425 ,
3163 3365 3323 3433 regia:
3353 3365 3458 3419 illa:

1892 3459 2087 3513 animm
2119 3474 2238 3527 qum
2284 3465 2409 3512 ante
2433 3456 2695 3509 diluvium
2742 3454 2849 3508 Deo
2873 3456 3191 3524 placuerunt
3212 3467 3458 3523 ,.ncmpe

1891 3552 2045 3616 Abel,
2084 3549 2236 3613 Seth,
2272 3549 2478 3605 Enoch.
2501 3547 2853 3610 Concubinze,
2889 3561 3008 3616 qua:
3038 3552 3159 3615 post
3192 3544 3457 3599 diluvium

1891 3644 2084 3698 anima:
2117 3643 2354 3709 fuerunt,
2386 3656 2581 3710 nempe
2611 3639 3034 3710 prephetarum;
3066 3637 3263 3707 quibus
3304 3644 3458 3690 ante-

1890 3748 2051 3804 quam
2085 3732 2327 3786 Ecclesia
2375 3731 2604 3785 Domino
2661 3736 2975 3801 optaretur,
3030 3727 3455 3781 concubinarum

1890 3840 2042 3880 more
2072 3839 2420 3894 congressus,
2452 3824 2507 3878 in
2541 3826 2853 3894 incorrupta
2879 3820 3188 3892 mundaque
3222 3820 3456 3890 philoso-

1889 3918 2016 3988 phia
2046 3932 2204 3971 veros
2242 3916 2635 3971 subseminavit
2666 3930 2946 3971 sermones
2970 3955 2983 3978 ,
3014 3923 3073 3970 ut
3102 3914 3225 3969 inde
3255 3929 3453 3969 conce-

1888 4019 1978 4082 pta
2007 4011 2109 4065 [ide
2136 4049 2150 4074 ,
2189 4010 2443 4079 spiritum
2485 4008 2679 4063 salutis
2707 4008 2756 4063 ei
2796 4016 3067 4077 parerent.
3113 4005 3272 4065 Tales
3306 4006 3451 4061 enim

1888 4104 2031 4159 fetus
2069 4103 2238 4159 edunt
2270 4101 2537 4172 ejusmodi
2570 4101 2782 4163 animae,
2809 4106 3161 4153 monumenta
3196 4099 3279 4154 sui
3301 4108 3456 4153 teter-

1888 4211 2018 4251 num
2049 4207 2307 4249 mansura
2360 4192 2763 4261 relinquentes,
2826 4190 3151 4260 quibuscum
3201 4187 3452 4244 Christus

1887 4301 2217 4356 congressus
2248 4284 2431 4338 fuerit.
2465 4282 2522 4337 Si
2558 4283 2701 4337 enim
2728 4283 2783 4336 in
2827 4280 3032 4352 Moysis
3066 4287 3159 4333 aut
3196 4279 3450 4347 Davidis,

1888 4389 1982 4435 aut
2010 4378 2316 4433 Salomonis
2335 4417 2351 4441 ,
2381 4385 2474 4430 aut
2503 4376 2686 4439 Isaiae,
2715 4380 2807 4426 aut
2841 4374 3070 4427 aliorum
3111 4371 3451 4443 subsequene

209 4462 431 4554 Anton
470 4481 787 4553 Σολομῶνος
816 4480 851 4549 ἣ
887 4478 1129 4542 Ἡσαΐου,
1170 4476 1336 4547 ἦτῶν
1373 4476 1609 4546 καθεξῆς
1649 4492 1784 4546 προ-

1890 4473 2022 4523 tium
2051 4468 2437 4538 pmpbetarum
2471 4465 2640 4519 libros
2661 4464 2900 4518 animum
2939 4462 3241 4527 advertere,
3274 4476 3307 4515 ο
3338 4462 3451 4516 vir-

208 4576 428 4643 ςητῷν,
480 4567 530 4627 ὦ
586 4569 881 4643 παρθένοι,
926 4567 1167 4632 εἴσεσθε,
1201 4563 1289 4620 οἷα
1338 4566 1785 4620 καταλελοίπασιν

210 4667 417 4719 ἑαυτῶν
460 4665 666 4733 ἔκγονα
708 4662 785 4715 τῶ
818 4661 916 4731 βίῳ
961 4662 1199 4731 σωτήρια
1243 4658 1329 4713 διὰ
1372 4660 1472 4729 τὴν
1520 4658 1654 4730 πρὸς
1696 4659 1785 4711 τὸν

212 4760 335 4812 ἴῖὂν
370 4758 463 4811 τοῦ
499 4755 637 4810 Θεοῦ
667 4754 967 4808 κοινωνίαν.
1000 4753 1158 4807 Ὅθεν
1194 4751 1617 4823 τεθεωρημὲνως
1648 4751 1786 4804 παλ-

210 4849 383 4911 hri;
430 4846 840 4918 προσηγόρευσε
882 4843 981 4907 τὰς
1028 4842 1205 4913 ψυχὰς
1246 4840 1344 4905 τὰς
1388 4841 1727 4912 προφητικὰς
1757 4844 1785 4895 ό

214 4941 403 5006 Λόγος,
434 4940 520 4990 ὅτι
553 4936 627 5007 μὴ
654 4934 901 5006 φανερῶς
932 4934 1099 4996 αὐτὰς
1127 4932 1287 4996 οὓτω,
1322 4930 1569 5003 καθάπερ
1598 4930 1658 5002 δὴ
1692 4933 1783 4984 καὶ

214 5034 311 5102 τὴν
366 5029 691 5099 Ἐκκλησίαν
757 5026 1099 5097 ἐπηγάγετο,
1152 5024 1319 5089 θύσας
1368 5024 1434 5077 δι’
1477 5026 1644 5096 αὐτὴν
1691 5024 1780 5077 τὸν

223 5130 412 5195 μόσχον
446 5124 540 5176 τὸν
570 5119 834 5176 σιτευτόν.

284 5279 328 5311 ³⁸
367 5277 527 5335 Cant.
557 5294 636 5344 Vt,
669 5277 721 5341 7,
751 5276 805 5332 8.
880 5275 930 5309 ⁸⁸
968 5273 1098 5331 Luc.
1122 5290 1215 5340 xv,
1245 5273 1338 5330 25.

226 5433 425 5489 Possin.
465 5433 843 5506 Ἑμαρτύρησε
861 5431 991 5506 γὰρ.
1021 5431 1095 5494 ὡς
1128 5431 1209 5506 οὐ,
1235 5427 1537 5506 redditque,
1561 5432 1778 5506 attesta-

233 5515 296 5556 ιιι
331 5510 466 5561 enim
486 5498 949 5570 eosfetclfcuj'us'
974 5510 1153 5555 tamen
1197 5500 1465 5564 lectionis,
1505 5498 1775 5570 nee_AAlla-_

233 5582 327 5629 ltus
354 5567 618 5639 meminit,
654 5591 752 5629 nec
777 5567 871 5644 qui
916 5571 1249 5644 Possinianae
1297 5570 1516 5644 Lupar._
1547 5567 1773 5644 editioni

232 5648 445 5714 prefuit.
482 5648 544 5701 Et
579 5636 729 5700 certe
756 5636 891 5714 nihil
922 5642 1188 5714 congruit,
1209 5649 1261 5695 et
1292 5636 1552 5714 particula
1584 5636 1659 5699 ὡς
1680 5652 1776 5705 pa-

236 5711 325 5769 lam
353 5720 623 5787 adjectitia
661 5724 747 5771 est
798 5713 864 5767 ad
898 5712 1216 5787 servandam
1267 5711 1770 5787 syntaxim,_‘qu’am

237 5797 395 5845 tamen
418 5776 706 5846 inmeritus
736 5783 1093 5853 interpolator
1116 5776 1331 5839 servare
1360 5779 1621 5851 nequivit.
1646 5776 1773 5834 Vult

1884 4562 2059 4632 gines.
2095 4557 2398 4623 volueritis,
2420 4556 2679 4611 videbitis
2717 4555 2905 4625 quales
2936 4567 3205 4623 quamque
3232 4555 3356 4608 vita:
3381 4569 3446 4608 ac

1882 4652 2084 4708 mundo
2114 4652 2382 4706 salutares
2412 4657 2534 4717 pOst
2557 4663 2615 4702 se
2642 4647 2783 4701 fetus
2807 4645 3146 4715 reliquerint,
3180 4660 3448 4701 commer-

1882 4748 1951 4801 cii
1980 4748 2126 4802 illius
2160 4738 2369 4800 ratione
2390 4744 2534 4815 quod
2571 4742 2679 4796 illis
2696 4757 2818 4795 cum
2847 4740 2982 4795 Filio
3001 4739 3093 4794 Dei
3117 4741 3446 4797 intercessit.

1882 4837 2060 4904 Quare
2088 4837 2428 4892 considerate
2461 4834 2750 4888 admodum
2784 4832 3124 4885 concubinas
3159 4831 3449 4900 appellavit

1885 4930 2120 4985 Verbum
2174 4929 2556 4998 prephetarum
2602 4926 2812 4979 animas
2839 4964 2853 4988 ,
2907 4922 3051 4993 quod
3100 4937 3209 4976 non
3244 4922 3324 4977 sic
3352 4938 3449 4977 eas

1882 5023 2095 5094 palam,
2153 5022 2227 5075 uti
2286 5021 2539 5075 nimirum
2571 5018 2911 5083 Ecclesiam,
2956 5016 3219 5081 duxerat,
3262 5014 3447 5071 occiso

1879 5116 2029 5171 illius
2062 5114 2233 5186 gratia
2262 5113 2434 5169 vitulo
2470 5112 2714 5183 saginato
2747 5109 2815 5162 ⁸⁸.

1880 5438 2014 5493 ergo
2031 5422 2259 5476 arduum
2287 5420 2522 5476 tenenda
2552 5420 2804 5477 castitate
2822 5421 3121 5493 virginibus
3142 5431 3443 5485 certamen,

1883 5492 2213 5563 martyribus
2246 5508 2380 5563 pene
2415 5508 2656 5560 compar,
2711 5492 2852 5561 quod
2889 5494 3072 5549 multis
3105 5507 3288 5563 postea
3343 5510 3445 5548 sa:-

1881 5565 2039 5625 culis,
2072 5564 2138 5617 de
2171 5563 2257 5617 his
2285 5564 2375 5632 qui
2410 5563 2660 5631 religiosa
2696 5564 2944 5633 palmstra
2996 5567 3048 5617 in
3087 5566 3240 5619 linem
3272 5578 3445 5633 usque

1880 5635 2132 5694 militant,
2169 5635 2406 5704 graviter
2438 5634 2727 5686 edisseruit
2762 5633 3069 5689 Bernardus
3098 5654 3111 5687 :
3144 5634 3343 5703 quibus
3372 5632 3443 5688 ad

1876 5704 2242 5772 virginitatem
2304 5719 2397 5757 seu
2453 5705 2780 5763 castitatem,
2819 5705 3028 5759 accedit
3054 5705 3216 5758 etiam
3247 5705 3441 5757 volun-

1876 5776 2029 5829 taria:
2054 5774 2387 5846 paupertatis
2418 5783 2473 5829 et
2502 5774 2821 5830 obedientiae
2851 5775 3106 5830 stadium.
3139 5775 3376 5830 Couur.
