4052 6338
617 302 715 363 l3!

691 565 1047 633 Qumrendum
1099 580 1262 635 porro
1321 575 1575 635 prmterea
1609 563 1849 624 videtur
1874 603 1890 628 ,
1951 579 2018 618 ne
2053 561 2184 634 quid
2213 571 2260 626 Α

620 673 722 712 ιιοε
752 658 899 710 dictu
932 657 1302 711 necessarium
1347 655 1550 726 fugiat,
1581 654 1710 725 quid
1751 670 1932 709 causa:
1976 655 2048 709 sit
2086 671 2184 709 cur

620 751 819 821 regina:
847 749 1065 818 quidem
1113 749 1389 818 sexaginta
1440 757 1824 810 numerentur,
1867 748 2188 804 concubina;

617 854 748 893 vero
801 838 1115 908 octoginta,
1169 837 1590 893 adulescentula:
1649 845 1829 890 autem
1864 847 1971 892 tam
2005 837 2187 891 multae

617 932 968 996 inducantur,
1001 941 1060 991 ut
1090 946 1276 987 earum
1321 947 1584 987 numerus
1622 939 1840 1002 propter
1883 931 2188 984 multitudi-

517 1061 520 1064 ~
617 1041 743 1092 nem
775 1025 899 1079 iniri
947 1033 1216 1094 nequeat;
1269 1039 1466 1094 sponsa
1511 1023 1743 1094 denique
1785 1031 2016 1093 ponatur
2055 1038 2182 1077 una.

620 1115 954 1187 Incipiamus
986 1131 1017 1169 a
1041 1116 1345 1187 sexaginta.
1386 1114 1700 1186 Sexaginta,
1726 1115 1941 1186 opinor,
1972 1115 2184 1186 reginas

619 1206 749 1261 hinc
781 1208 1104 1262 vocaviteos
1133 1207 1226 1277 qui
1273 1207 1342 1261 ab
1378 1208 1584 1262 Adamo
1615 1223 1787 1276 usque
1821 1208 1888 1262 ad
1918 1204 2031 1262 Noe
2053 1221 2187 1262 con-

617 1297 771 1350 tinua
802 1298 1150 1352 successione
1177 1305 1482 1372 temporum
1524 1297 1634 1352 Deo
1669 1299 2017 1367 placuerunt,
2049 1313 2187 1368 quo-

617 1389 764 1448 niam
795 1388 916 1444 aliis
945 1389 998 1442 hi
1032 1390 1312 1460 praeceptis
1347 1404 1412 1444 ac
1445 1389 1655 1459 legibus
1688 1389 1752 1444 ad
1793 1390 2022 1446 salutem
2053 1405 2188 1444 con-

619 1477 952 1546 sequendam
982 1493 1120 1548 opus
1145 1494 1255 1534 non
1280 1479 1610 1540 habuerunt.
1639 1480 1938 1535 etiamnum
1967 1487 2184 1536 recente

620 1569 762 1640 apud
799 1585 894 1624 eos
923 1570 1182 1626 memoria
1229 1571 1520 1626 creatiouis
1567 1571 1790 1637 mundi,
1837 1587 1933 1628 sex
1990 1571 2184 1627 diebus

619 1664 844 1719 conditi.
879 1661 1353 1726 Recordabantur,
1391 1663 1631 1732 inquam,
1657 1678 1749 1716 sex
1780 1661 1988 1716 dierum
2011 1662 2184 1730 spatio

618 1771 802 1811 rerum
837 1755 980 1809 hanc
1013 1753 1418 1808 universitatem
1451 1768 1480 1806 a
1507 1752 1616 1807 Deo
1642 1752 1812 1808 fuisse
1836 1752 2181 1816 fabricatam,

617 1863 915 1917 eorumque
935 1861 1054 1916 quae
1079 1847 1133 1900 in
1163 1845 1418 1916 paradiso
1447 1845 1790 1920 contigerant
1823 1844 2044 1899 infixam
2067 1859 2184 1900 scn-

619 1941 771 1996 sibus
822 1939 1103 1993 historiam
1156 1937 1428 1992 habebant
1482 1955 1497 1991 :

621 2032 783 2086 homo
811 2038 1035 2100 accepto
1064 2028 1320 2085 mandato
1345 2045 1453 2082 non
1472 2027 1752 2099 tangenda
1778 2027 1989 2082 arboris
2012 2027 2185 2082 scien-

620 2121 728 2185 tiae,
757 2120 1090 2190 impegisset,
1111 2118 1302 2173 fraude
1323 2116 1581 2172 inductus
1604 2116 1845 2171 auctoris
1875 2115 2179 2170 malitiae“.

617 2213 756 2269 liinc
784 2228 875 2268 eas
897 2212 1107 2266 animas
1135 2227 1254 2282 qua;
1292 2211 1474 2265 statim
1510 2225 1540 2262 a
1569 2208 1774 2263 mundo
1799 2209 2016 2263 condito
2048 2223 2184 2263 con-

615 2284 768 2360 tinua
800 2305 1150 2363 successione
1174 2303 1340 2356 Deum
1375 2300 1478 2357 sibi
1507 2301 1798 2355 amandum
1829 2300 2179 2371 delegerunt,

617 2398 880 2463 ferme,ut
903 2399 982 2452 sic
1005 2397 1206 2460 dicam,
1245 2395 1400 2465 primi
1433 2393 1618 2448 szeculi
1642 2394 1876 2460 soboles,
1901 2403 1954 2448 et
1974 2393 2182 2448 vicinas

616 2490 800 2560 magni
831 2489 1032 2545 senarii
1056 2488 1287 2549 dierum,
1317 2487 1600 2558 sexaginta
1638 2486 1857 2556 reginas
1884 2486 2181 2559 symbolice

614 2589 794 2646 vocat,
819 2581 970 2652 quia,
1002 2589 1061 2635 ut
1091 2581 1359 2644 dicebam,
1393 2595 1425 2634 a
1448 2596 1639 2637 senum
1668 2579 1879 2634 dierum
1903 2580 2181 2636 creatione

615 2672 800 2728 statim
832 2674 1182 2728 exstiterunt.
1226 2670 1422 2742 Magno
1467 2673 1664 2742 quippe
1717 2671 1921 2725 honore
1958 2671 2179 2740 praacel-

616 2765 857 2832 luerunt,
898 2763 1150 2818 familiari
1170 2763 1483 2833 angelorum
1517 2763 1752 2834 dignata;
1772 2762 2043 2831 colloquio
2066 2803 2082 2830 ,
2115 2777 2179 2816 ac

613 2870 735 2926 qua
767 2853 931 2909 Deum
963 2855 1161 2925 palam,
1209 2870 1318 2909 non
1355 2870 1450 2924 per
1505 2855 1815 2918 somnium,
1873 2870 2014 2924 saepe
2070 2854 2180 2908 sint

614 2947 894 3003 contuilae.
922 2945 1279 3001 Considerate
1303 2947 1446 3002 enim
1465 2957 1668 3015 quanta
1701 2945 1869 3002 Setho
1899 2947 2180 3002 familiari-

615 3050 698 3095 tas
736 3055 858 3094 cum
889 3037 999 3094 Deo
1029 3038 1333 3103 exstiterit,
1369 3045 1571 3108 quanta
1603 3053 1725 3092 cum
1754 3039 1940 3104 Abele,
1977 3047 2179 3109 quanta

610 3147 736 3188 cum
769 3131 968 3194 Enoso,
993 3139 1196 3200 quanta
1231 3145 1355 3184 curn
1387 3129 1610 3193 Enocho
1633 3169 1648 3194 ,
1677 3139 1878 3200 quanta
1918 3147 2041 3185 cum
2067 3131 2180 3185 Ma-

613 3223 849 3286 thusala,
881 3230 1085 3293 quanta
1115 3238 1239 3277 cum
1277 3221 1479 3277 Noemo
1506 3223 1877 3278 necessitudo.
1918 3221 2086 3276 Primi
2121 3222 2176 3276 hi

1535 301 1593 356 S.
1639 297 1974 356 METRODII
2012 291 2444 354 EP'ISCOPI‘ET
2483 290 2844 350 MABTYRIS

3750 294 3853 350 {39.

901 449 1032 506 CAP.
1060 447 1126 503 Υ.
1156 447 1442 520 Sexaginta
1470 427 1683 518 reginaz,
1717 463 1812 500 cur
1853 447 2149 517 sexaginta,
2176 454 2226 500 et
2253 461 2350 498 cur
2383 445 2594 514 reginae.
2626 421 2798 495 Primi
2825 440 2921 494 a'vi
2945 445 3243 492 sanctorum
3277 422 3606 508 praestantia.

2368 557 2772 630 Ἐπαπορητέον
2791 557 2846 610 δὲ
2870 555 3134 610 καὶτοῦτο
3162 556 3297 628 πρὸς
3318 539 3546 621 τούτοις,
3570 557 3656 610 ἵνα
3687 559 3856 630 μηδὲν

2283 656 2430 726 ἡμᾶς
2478 652 2585 706 τῶν
2633 650 2941 720 ἀναγκαίων
2988 649 3282 721 ἀποδράναι
3310 648 3540 721 δυνηθῇ,
3573 651 3626 703 τί
3657 650 3854 720 δήποτε

2283 748 2381 810 τὰς
2416 745 2512 816 μὲν
2560 742 2873 814 βασιλίσσας
2904 739 3162 812 ἑξήκοντα
3189 739 3311 812 ἔφη,
3349 740 3446 804 τὰς
3476 739 3531 792 δὲ
3576 740 3855 806 παλλακὰς

2283 840 2640 909 ὁγδοήκοντα·
2683 836 2782 899 τὰς
2826 834 2882 888 δὲ
2929 833 3172 897 νεάνιδας
3213 831 3514 896 τοσαύτας,
3549 834 3670 887 ὅσον
3718 834 3857 906 μηδὲ

2284 928 2629 1001 ἀριθμεῖσθαι
2659 926 2747 980 διὰ
2792 926 2888 996 τὴν
2931 923 3171 996 πληθύνο
3206 924 3304 995 τὴν
3339 923 3395 976 δὲ
3437 923 3658 1000 νύμφην.
3701 925 3852 995 μίαν.

2283 1023 2396 1075 Καὶ
2421 1020 2630 1092 πρῶτον
2674 1018 2772 1090 μὲν
2807 1018 2932 1090 περὶ
2973 1016 3080 1070 τῶν
3113 1016 3375 1087 ἑξήκοντα
3412 1015 3648 1070 λεκτέον.
3700 1015 3858 1087 Ἑξῆς

2283 1131 2448 1168 κοντα
2474 1109 2787 1183 βασιλίσσας
2830 1107 3079 1163 ἐντεῦθεν
3103 1150 3115 1172 ,
3147 1107 3222 1171 ὡς
3257 1103 3410 1178 οἶμαι
3450 1106 3543 1178 δὴ,
3571 1108 3696 1171 τοὺς
3746 1108 3855 1161 ἀπὸ

2283 1202 2375 1258 τοῦ
2400 1201 2823 1272 πρωτοπλάστου
2853 1200 3012 1272 μέχρι
3039 1198 3161 1251 Νῶε
3205 1197 3342 1254 κατά
3384 1198 3628 1269 διαδοχὴν
3661 1200 3857 1272 εὐαρε-

2286 1297 2587 1368 στήσαντας
2613 1295 2838 1350 ἐκάλεσε
2870 1292 2948 1364 τῷ
2971 1292 3116 1363 Θεῷ·
3145 1287 3604 1364 ἐπειδήπερηοῦτοι
3639 1309 3856 1365 παραγ-

2283 1390 2567 1462 γελμάτων
2602 1389 2698 1443 καὶ
2743 1387 2958 1459 θεσμῶν
3003 1386 3082 1450 εἰς
3125 1385 3184 1438 τὸ
3237 1385 3474 1456 σωθῆναι
3517 1385 3706 1458 χρείαν
3753 1388 3857 1440 οὐκ

2283 1484 2596 1555 ἐσχήκασιν,
2632 1480 2711 1533 ἐτι
2758 1481 3069 1552 προσφάτου
3108 1479 3206 1551 τῆς
3243 1476 3384 1530 κατὰ
3415 1475 3856 1548 τὴν.ἑξαήμερον

2282 1571 2448 1644 οὔσης
2479 1573 2661 1636 αὐτοῖς
2687 1570 2776 1624 τοῦ
2805 1570 3009 1640 κόσμου
3034 1569 3359 1631 συστάσεως.
3391 1565 3725 1637 Ἐμέμνηντο
3745 1566 3855 1636 γὰρ

2283 1659 2444 1729 οῦτοι,
2466 1663 2542 1728 ὡς
2562 1665 2618 1717 ὲν
2642 1663 2700 1730 ἒξ
2729 1663 2960 1735 ἡμέραις
2982 1665 3010 1716 6
3035 1661 3166 1724 Θεὸς
3186 1661 3508 1731 ἐτεκτήνατο
3532 1659 3630 1731 τὴν
3655 1659 3853 1722 κτίσιν,

2282 1758 2350 1812 τά
2379 1774 2438 1810 τε
2464 1759 2522 1810 ὲν
2549 1755 2624 1826 τῷ
2659 1755 2967 1828 παραδείσῳ
2989 1753 3278 1823 γεγονότα·
3305 1751 3399 1806 καὶ
3433 1750 3549 1814 πῶς
3581 1754 3609 1805 ό
3641 1750 3856 1823 ἄνθρω-

2284 1867 2404 1913 πος,
2439 1847 2655 1919 ἐντολὴν
2689 1847 2826 1917 ἔχων
2859 1845 2932 1916 μὴ
2970 1845 3206 1914 ἅψασθαι
3242 1843 3337 1898 τοῦ
3373 1843 3540 1912 φυτοῦ
3585 1845 3683 1915 τῆς
3722 1860 3856 1915 φρο-

1573 1951 1682 2006 qua
1729 1950 1923 2013 nempe
1973 1939 2178 1994 ratione

2283 1942 2488 2012 νήσεως
2512 1939 2638 2011 (99),
2669 1938 2970 2004 ἐξώκειλεν,
3011 1937 3548 2008 άποὸουκολήσαντος
3572 1935 3734 1989 αὐτὸν
3757 1933 3854 1989 τοῦ

2283 2034 2380 2104 τῆς
2425 2033 2622 2095 κακίας
2681 2030 2955 2100 σοφιστοῦ.
3013 2026 3289 2082 Ἐντεῦθεν
3335 2028 3397 2099 δὴ
3438 2027 3538 2092 τὰς
3597 2028 3704 2081 ἀπὸ
3753 2029 3857 2096 τῆς

2285 2125 2592 2187 συστάσεως
2640 2122 2839 2184 εὐθέως
2884 2121 2976 2174 τοῦ
3029 2121 3232 2191 κόσμου
3274 2121 3413 2174 κατὰ
3465 2120 3716 2192 διαδοχὴν
3760 2121 3857 2174 τὸν

2281 2217 2411 2270 Θεὸν
2447 2216 2626 2270 ποθεῖν
2675 2214 2933 2286 ὲλομένας
2983 2213 3201 2284 ψυχάς,
3245 2214 3338 2267 καὶ
3397 2213 3600 2284 σχεδὸν,
3648 2215 3697 2266 εί
3744 2214 3858 2286 χρὴ

2281 2310 2466 2380 φάναι,
2487 2308 2577 2362 τοῦ
2605 2306 2819 2379 πρώτου
2844 2306 3034 2368 αἰῶνος
3056 2304 3220 2368 οῦσας
3244 2305 3460 2374 ἔκγονα,
3486 2305 3580 2360 καὶ
3604 2305 3857 2374 γείτονας

2278 2402 2380 2472 τῆς
2427 2399 2666 2471 μεγάλης
2705 2397 3039 2470 ὲξαημέρου,
3087 2397 3347 2469 ἑξήκοντα
3389 2397 3702 2468 βασιλίσσας
3747 2397 3858 2467 ἔφη

2282 2489 2640 2562 συμϐολικῶς,
2671 2489 2757 2542 διὰ
2787 2488 2846 2540 τὸ
2878 2487 3014 2558 μετὰ
3049 2487 3147 2560 τὴν
3179 2487 3479 2560 ὲξαήμερον
3511 2486 3735 2551 εὐθέως,
3767 2487 3855 2551 ὡς

2279 2583 2434 2655 ἔφην,
2469 2581 2770 2652 γεγονέναι.
2808 2580 3066 2650 Μεγάλην
3112 2580 3220 2652 γάρ
3250 2580 3543 2651 ἐσχήκασιν
3581 2572 3728 2630 οῦτοι
3769 2595 3858 2630 τι-

2281 2675 2408 2746 μὴν,
2455 2673 2704 2743 ἀγγέλοις
2747 2672 3219 2744 συνομιλήσαντες,
3257 2671 3351 2724 καὶ
3379 2670 3469 2723 τὸν
3501 2670 3632 2722 Θεὸν
3677 2670 3857 2741 ῦπαρ,

2279 2768 2378 2835 οῦκ
2411 2766 2578 2838 ὅναρ,
2629 2765 2884 2830 πολλάκις
2923 2765 3264 2835 θεασάμενοι.
3316 2762 3708 2831 Ἐπισκέψασθε
3743 2763 3859 2834 γὰρ

2277 2859 2408 2930 ὅσην
2432 2858 2556 2929 ἔσχε
2591 2857 2900 2930 παρρησίαν
2932 2857 2959 2909 6
3008 2855 3112 2926 Σὴθ
3150 2855 3285 2927 πρὸς
3327 2855 3416 2908 τὸν
3465 2855 3617 2919 Θεὸν,
3650 2855 3784 2926 ὅσην
3827 2856 3858 2908 6

2281 2949 2446 3003 ’Ἅϐελ
2467 2950 2563 3020 (1),
2603 2950 2734 3020 ὅσην
2767 2951 2796 3002 6
2835 2945 3019 3013 Ἑνὼς,
3055 2948 3187 3017 ὅσην
3215 2947 3243 2999 6
3289 2946 3478 3017 Ἑνὼχ,
3512 2947 3642 3018 ὅσην
3672 2948 3700 2999 6
3731 2947 3859 3000 Μα-

2278 3041 2530 3106 θουσάλα,
2565 3042 2697 3112 ὅσην
2724 3042 2752 3094 6
2788 3040 2930 3104 Νῶε,
2963 3038 3166 3111 πρῶτοι
3193 3038 3536 3108 δικαιοσύνης
3565 3039 3859 3106 γεγονότες

2277 3136 2522 3208 ἐρασταὶ,
2549 3135 2643 3188 καὶ
2669 3135 2872 3206 πρῶτοι
2895 3132 3002 3186 τῶν
3034 3131 3391 3205 πρωτοτόκων
3414 3131 3618 3185 τέκνων
3646 3132 3860 3200 ἀπογε-

2279 3229 2613 3301 γραμμένων
2649 3229 2705 3281 ἐν
2745 3227 3011 3299 οὐρανοῖς,
3047 3229 3144 3300 τῆς
3176 3225 3451 3299 βασιλείας
3481 3225 3857 3292 καταξιωθέν-

611 3323 882 3372 amatores
911 3316 1168 3386 iustitia},
1212 3314 1478 3385 primique
1512 3314 1654 3369 inter
1681 3315 2068 3384 primogenitos
2109 3314 2171 3368 li-

2278 3338 2380 3384 τες,
2400 3319 2586 3390 ὥσπερ
2602 3319 2822 3390 ἀπαρχὴ
2849 3337 2932 3383 τις
2958 3319 3064 3373 τῶν
3089 3318 3441 3391 φυτευμάτων
3467 3319 3546 3381 είς
3573 3319 3856 3390 σωτηρίαν

609 3411 770 3464 heros
807 3409 900 3479 qui
930 3409 1225 3478 conscripti
1262 3418 1385 3462 sunt
1428 3407 1482 3460 in
1514 3409 1672 3463 caelis
1709 3406 1788 3472 “,
1823 3421 2045 3476 regnum
2086 3421 2176 3463 as-

612 3499 819 3562 secuti,
853 3514 953 3553 ceu
995 3499 1247 3568 primitiae
1286 3500 1530 3568 quaedam
1561 3496 1955 3568 plantationnm
2002 3496 2058 3550 in
2086 3511 2176 3551 sa-

612 3589 800 3652 lutem,
839 3602 903 3641 ac
926 3589 1020 3658 qui
1051 3587 1156 3643 Deo
1180 3603 1390 3658 prmcox
1436 3587 1647 3646 fructus
1688 3585 2055 3658 provenerint.
2095 3584 2176 3640 Ac

611 3676 680 3733 de
712 3678 800 3734 his
832 3679 1049 3748 quidem
1081 3679 1235 3732 satis.

2282 3409 2527 3483 πρώῖμος
2572 3410 2650 3482 τῷ
2693 3410 2810 3484 Θεῷ
2844 3411 3238 3484 βλαστήσαντες
3288 3411 3516 3484 καρπός.
3557 3410 3670 3464 Kai.
3717 3412 3856 3483 περὶ

2283 3503 2382 3574 μὲν
2409 3502 2609 3557 τούτων
2635 3501 2942 3573 αὐτάρκως.

1055 3795 1186 3852 αλιι.
1225 3795 1314 3852 Vl.
1350 3796 1630 3868 Octoginta
1654 3796 1996 3864 concubinae;
2012 3813 2128 3868 qua:
2151 3798 2176 3852 .’
2206 3792 2392 3849 Facta:
2416 3791 2682 3862 prophetis
2719 3789 3111 3845 lncarnationis
3134 3791 3393 3846 notiones.

621 3915 626 3918 ’
681 3912 758 3969 De
782 3911 1104 3968 concubinis
1133 3919 1303 3968 restat
1349 3913 1549 3968 dicere.
1589 3914 1745 3984 Apud
1791 3931 1886 3970 eos
1918 3915 2009 3985 qui
2051 3919 2174 3984 post

610 4007 880 4066 diluvium
931 4005 1183 4071 luerunt,
1215 4006 1307 4060 illa
1332 4007 1446 4076 jam
1493 4006 1586 4063 Dei
1631 4007 1869 4077 cognitio
1915 4006 2174 4061 remotior

612 4101 778 4166 facta,
807 4115 940 4170 pene
973 4099 1311 4165 exoleverat;
1350 4097 1565 4171 aliaque
1610 4099 1691 4154 eis
1737 4113 1874 4169 Opus
1919 4098 2170 4152 doctrina

609 4194 726 4245 erat
755 4205 876 4260 qua:
903 4188 1162 4243 adversus
1191 4195 1535 4242 enascentem
1571 4203 1634 4242 ac
1653 4186 1766 4256 jam
1791 4203 2011 4257 serpere
2034 4188 2174 4241 inci-

612 4282 845 4353 pit-mem
879 4279 1238 4334 idololatriam
1282 4278 1600 4335 mortalibus
1631 4278 1884 4350 praesidio
1925 4294 1989 4335 ac
2022 4279 2174 4334 auxi-

625 4435 693 4477 ι⁵¹
733 4435 860 4492 Gen.
894 4450 978 4500 ιιι,
1007 4435 1060 4489 '5.
1136 4434 1180 4467 “
1221 4433 1385 4488 Hebr.
1414 4449 1514 4502 xu,
1536 4435 1628 4490 25.

2347 3910 2484 3981 Περὶ
2527 3909 2585 3963 δὲ
2629 3908 2736 3962 τῶν
2782 3909 3070 3963 παλλακῶν
3115 3908 3274 3963 πάλιν
3319 3907 3558 3962 λεκτέον.
3591 3910 3713 3973 Τοῖς
3750 3928 3860 3982 με-

2275 4003 2346 4058 τὰ
2375 4004 2464 4057 τὸν
2497 4002 2878 4074 κατακλυσμὸν
2925 4002 3188 4074 ἀπωτέρω
3234 4000 3307 4073 (2)
3353 4001 3536 4054 λοιπὸν
3573 4003 3606 4073 ἡ
3645 4002 3856 4071 γνῶσις

2273 4092 2342 4167 ἦν
2374 4093 2465 4148 τοῦ
2496 4094 2628 4148 Θεοῦ
2649 4111 2662 4125 ·
2703 4095 2799 4149 καὶ
2820 4093 3048 4166 ἔχρῃζον
3069 4095 3263 4166 ἑτέρας
3293 4093 3534 4164 διδαχῆς,
3571 4095 3857 4168 ἑρπούσης

2251 4189 2378 4260 ’ἤδη
2407 4187 2507 4257 τῆς
2538 4179 2998 4258 εἰδωλολατρείας,
3041 4187 3162 4257 ἥτις
3193 4186 3376 4249 αὐτοῖς
3409 4181 3562 4250 αὖθις
3591 4186 3854 4254 ἀλεξίκα-

2277 4297 2370 4344 κος
2401 4279 2575 4332 ἔσοιτο
2613 4281 2706 4335 καὶ
2741 4279 2949 4351 βοηθός.
3003 4277 3060 4330 '0
3084 4275 3176 4332 οὖν
3219 4276 3372 4342 Θεὸς,
3411 4279 3500 4332 ἵνα
3545 4277 3622 4350 μὴ
3665 4279 3858 4353 πάντη

689 4553 800 4636 (θθ)
944 4553 1232 4638 “diana-Om
1261 4555 1368 4638 τοῖς
1420 4555 1769 4638 primunt-11¢
1809 4553 2174 4638 ςρροιςήσεως.

2281 4553 2617 4638 insipienti?)
2654 4569 2826 4638 quam.
2851 4556 3180 4638 φρονήσεως,
3213 4559 3522 4638 prudentia}.
3556 4558 3666 4638 Leo
3697 4559 3858 4638 Alla-

611 4623 691 4679 lta
727 4626 907 4692 juuxit
941 4625 1222 4680 Possiuius
1249 4641 1312 4679 ac
1352 4623 1486 4682 bene
1513 4627 1764 4686 reddidit,
1795 4623 2046 4679 mandato
2083 4643 2174 4678 ac-

612 4704 763 4766 cepto
799 4711 901 4747 non
935 4694 1203 4766 tangenda:
1245 4697 1450 4751 arboris
1488 4699 1748 4760 scientia’;
1783 4697 1940 4764 cujus
1973 4711 2172 4766 ιιι-δινη-

612 4763 876 4818 ricatione
914 4769 992 4818 sic
1029 4763 1304 4830 ἐξώκειλε,
1350 4769 1590 4836 impegit;
1630 4783 1728 4822 nec
1758 4782 1894 4836 opus
1924 4763 2047 4820 cum
2079 4766 2172 4819 illo

614 4835 888 4904 supplere,
914 4836 965 4888 in
997 4837 1214 4888 exitium
1257 4838 1434 4892 miser.
1468 4835 1558 4892 Sic
1579 4841 1720 4892 enim
1747 4835 1924 4891 Latini
1954 4851 2017 4891 ea
2041 4851 2172 4890 voce

614 4906 861 4976 absolute
897 4907 1225 4974 Signiﬁcant,
1266 4909 1409 4976 quod
1445 4907 1619 4962 Graeci
1653 4909 1744 4962 illa
1783 4910 1972 4968 altera,
2003 4917 2173 4960 meta-

614 4980 786 5045 phora
815 4975 977 5029 ducta
1043 4991 1071 5027 a
1107 4975 1358 5038 navibUs,
1388 4994 1507 5046 qua:
1538 4980 1617 5033 sic
1661 4980 1715 5032 in
1745 4985 1932 5032 cautes
1965 4983 2018 5031 et
2049 4977 2173 5030 bre-

612 5049 696 5097 via
721 5060 783 5098 ac
809 5048 924 5098 loca
954 5060 1145 5114 aspera
1178 5049 1473 5115 impingi-re
1495 5050 1750 5103 dicuntur
1773 5058 1826 5101 ct
1847 5047 2016 5105 allidi,
2042 5047 2171 5100 dum

613 5122 831 5236 portum
897 5124 1178 5184 tutamque
1234 5121 1523 5173 Stationem
1595 5123 1854 5189 cogitant.
1930 5117 2162 5187 llesych.

644 5184 836 5236 εέπεσε
873 5187 1089 5236 exmiiit
1139 5205 1152 5236 :
1190 5186 1284 5236 sed
1310 5189 1422 5236 insa
1463 5203 1738 5236 emoriens
1785 5204 1915 5236 vox.
1967 5187 2162 5236 obscu-

644 5184 836 5258 ξέπεσε
873 5187 1089 5255 expauit
1139 5205 1152 5240 :
1190 5186 1284 5240 sed
1310 5189 1422 5255 ipsa
1463 5184 1738 5258 exponens
1785 5204 1915 5247 vox.
1967 5184 2168 5242 obscu-

611 5256 725 5306 rior
751 5271 815 5329 eo
844 5271 1005 5329 sensu
1036 5272 1166 5329 voce
1185 5260 1454 5327 exposita,
1482 5256 1549 5312 ac
1578 5259 1989 5329 inl‘requeutior,
2026 5267 2081 5310 ut
2110 5265 2164 5311 et

613 5339 762 5400 quas.
784 5324 980 5379 Suidas
1009 5326 1226 5400 adhibet
1248 5324 1272 5386 ,⁷
1293 5330 1382 5396 qui
1413 5337 1467 5382 et
1499 5331 1611 5397 ipse
1632 5324 1908 5400 ἀπὸνηός.
1945 5328 2008 5380 de
2034 5344 2166 5400 nave

612 5395 718 5468 dici
753 5395 891 5468 hanc
909 5410 1108 5468 _vocem
1139 5395 1358 5468 adnotat
1387 5417 1400 5452 ε
1438 5395 1538 5452 nec
1561 5417 1698 5468 opus
1730 5395 1898 5454 altera
1925 5398 2160 5466 explica-

611 5466 758 5519 tione
790 5463 879 5539 Fr.
907 5463 1098 5539 Portie.
1130 5467 1390 5538 Φρόνησις
1420 5485 1549 5539 ergo
1576 5463 1694 5524 ἄντὶ
1728 5470 1824 5539 τῆς
1857 5463 2165 5539 ἐπιστήμης

612 5542 718 5593 est,
765 5537 878 5611 sive
923 5535 1192 5611 γνιὶισεῳς,
1239 5535 1336 5611 pro
1383 5535 1736 5611 intelligentia
1784 5535 1856 5592 'ac
1907 5535 2156 5600 si'ieutia,

612 5605 882 5674 quomodo
904 5608 1064 5659 vertit
1085 5605 1274 5662 Cicero
1298 5605 1820 5679 docetque'Budaeus
1841 5625 1981 5678 saepe
2006 5625 2168 5664 usur-

615 5679 762 5750 pari;
799 5693 905 5750 non
940 5692 1036 5750 pro
1070 5681 1373 5746 prudentia,
1409 5696 1530 5750 quae
1555 5684 1727 5735 virtus
1757 5691 1860 5741 est,
1892 5681 2167 5749 quomodo

611 5747 794 5818 potius
822 5745 1129 5821 ἀφροσύνης
1163 5750 1325 5808 arbor
1367 5745 1595 5809 dicenda
1620 5751 1894 5817 videretur
1913 5745 2168 5821 '(summw

2283 4627 2391 4699 tius
2420 4627 2480 4679 τὸ
2511 4627 2618 4692 τῆς
2641 4627 2984 4694 φρονήσεως
3002 4627 3179 4699 jungit
3211 4627 3374 4686 Verbo
3406 4629 3679 4697 ἐξώκειλε,
3718 4633 3854 4686 red-

2277 4698 2483 4769 ditque,
2527 4709 2678 4751 extra
2714 4709 2930 4769 mentem
2977 4699 3064 4752 ille
3104 4698 3387 4769 delapsus;
3418 4709 3704 4755 attendens
3732 4703 3852 4755 sci-

2274 4765 2401 4840 licet
2417 4769 2807 4840 expositionem
2832 4767 2925 4821 τοῦ
2940 4769 3211 4832 ἐξέπεσε,
3226 4765 3579 4840 ’ἐξωλισθησε
3607 4772 3708 4826 Sed
3731 4789 3850 4827 non

2277 4838 2490 4912 videtur
2517 4840 2629 4912 haec
2660 4839 3117 4912 visnietaphorze,
3150 4845 3321 4911 quasi‘
3337 4838 3544 4896 scilicet
3584 4859 3649 4897 ex
3683 4854 3852 4912 portu

2276 4908 2452 4962 delabi
2503 4909 2655 4962 navis
2701 4908 2948 4973 dicatur,
3001 4921 3055 4964 et
3108 4908 3210 4966 hoc
3258 4914 3330 4967 sit
3374 4908 3696 4978 ἐξοκέλλειν,
3732 4929 3849 4968 non

2275 4979 2393 5053 ejus
2427 4979 2918 5053 aberratiuuekila
2981 4987 3044 5053 ut
3096 4980 3298 5035 dictum
3365 4992 3486 5046 est,
3543 4984 3852 5053 impingere

2272 5049 2557 5117 frangique
2581 5059 2743 5118 atque
2770 5049 2918 5102 allidi
2947 5051 3011 5103 ad
3036 5051 3215 5105 brevia
3239 5062 3290 5107 et
3311 5063 3520 5107 cautes.
3544 5049 3850 5112 Conscius.

2340 5119 2415 5186 (l)
2453 5120 2646 5186 Ὅσην
2667 5124 2699 5172 o'
2729 5123 2915 5173 Ἅϐελ.
2946 5119 3069 5173 llaec
3094 5124 3414 5178 exciderunt
3436 5140 3499 5177 ex
3523 5124 3854 5177 edito‘Com-

2267 5189 2551 5247 belisiano.
2575 5205 2694 5258 quae
2718 5201 2896 5244 tamen
2923 5193 3180 5245 exhibent
3211 5194 3442 5248 Allatius
3465 5202 3518 5249 et
3537 5194 3850 5254 Possinius.

2266 5259 2420 5336 apud
2466 5262 2734 5336 Allatium-
2774 5261 3016 5314 vicissim
3073 5263 3175 5336 ista
3208 5273 3575 5336 ornitnmtur,
3632 5267 3766 5336 ὅσην
3817 5268 3853 5322 ὁ

2281 5329 2463 5394 Ἐνώς,
2496 5347 2616 5400 quae
2657 5333 2910 5401 lo-guntur
2953 5347 3019 5385 ex
3051 5334 3173 5385 cod.
3208 5331 3326 5389 Vat.
3368 5337 3424 5390 in
3464 5335 3625 5390 editis
3657 5329 3851 5392 Possi-

2270 5401 2344 5452 nii
2374 5415 2426 5454 et
2460 5399 2794 5456 comhetisii.
2825 5399 2994 5455 ΟΑιι..
3394 5445 3406 5456 .

2338 5471 2411 5540 (2)
2465 5471 2781 5540 Ἀετωτέρω.
2842 5471 2937 5526 Sic
2977 5471 3229 5530 Allatius.
3275 5474 3558 5530 Possinius
3604 5491 3732 5531 vero
3775 5493 3849 5534 ex

2265 5543 2388 5594 cod.
2433 5541 2550 5596 Vat.
2591 5543 2958 5614 ἁνωτέρω.....
3013 5544 3188 5611 Atque
3235 5548 3372 5600 hanc
3403 5545 3522 5600 Vat.
3552 5549 3848 5603 lectionem

2272 5615 2506 5684 retinere
2579 5614 2770 5667 maluit
2831 5615 3007 5668 editor
3075 5615 3386 5684 Luparens.
3458 5619 3673 5672 etiamsi
3729 5633 3846 5675 nis.

2271 5679 2472 5809 ἕλκειν.
2507 5690 2562 5737 et
2599 5695 2850 5754 excerpta
2891 5679 3172 5741 Pbotiaua
3191 5688 3454 5759 ἀπωτέρω
3495 5690 3842 5762 praeferrent.

2318 5767 2558 5809 οιιΒει-ιε.

2318 5767 2558 5810 OIBEHS.
