4052 6338
548 313 664 370 135

1423 305 1480 362 S.
1526 306 1850 364 METHODII
1891 303 2198 360 EPISCOPI
2240 302 2327 356 ET
2368 298 2726 355 MARTYRIS

3667 288 3784 343 136.

1289 441 1418 498 CAP.
1453 442 1586 500 Vill.
1620 442 1819 500 Christi
1853 454 2041 498 natura
2073 444 2326 504 humana,
2353 456 2460 493 una
2488 438 2583 492 illa
2613 439 2725 507 ejus
2755 434 3016 490 columba.

614 562 798 624 Possit
850 576 978 618 vero
1027 561 1225 632 aliquis
1276 561 1385 615 alio
1411 577 1629 631 quoque
1659 561 1819 616 modo
1860 561 2111 616 inconta-

2283 557 2576 628 Δυνήσεται
2610 553 2668 607 δέ
2703 570 2787 616 τις
2829 551 3026 623 ἑτέρως
3056 548 3154 620 τὴν
3208 545 3427 618 νύμφην
3459 545 3624 615 φάναι
3673 545 3774 616 τὴν

546 657 804 712 minatam
871 653 1083 708 Domini
1138 667 1356 707 carnem
1407 667 1659 722 sponsam
1721 653 2103 724 interpretari,

546 750 706 818 cujus
742 747 946 817 gratia,
993 745 1182 800 relicto
1222 743 1416 808 Patre,
1467 745 1574 799 huc
1622 745 1904 800 descendit
1947 745 2106 815 eique

547 841 811 903 adhaesit,
869 855 932 894 ac
970 838 1135 892 homo
1165 836 1343 891 factus
1385 837 1439 890 in
1481 852 1601 891 eam
1649 837 1868 893 invasit.
1928 835 2108 902 Quare

543 933 706 989 etiam
740 935 964 1004 ﬁgurate
993 929 1301 986 columbam
1329 929 1586 983 vocitavit
1609 971 1624 997 ,
1669 931 1816 1000 quod
1846 931 1948 985 hoc
1992 930 2108 984 ani-

545 1025 652 1079 mal
678 1033 1016 1079 mansuetum
1045 1024 1136 1086 sit,
1162 1023 1265 1078 sub
1292 1030 1438 1077 tecto
1463 1021 1663 1092 degens
1693 1037 1935 1092 peneque
1950 1022 2107 1078 nobis

546 1115 957 1181 eontubernale,
1019 1123 1183 1186 atque
1244 1114 1482 1168 humano
1540 1115 1793 1168 convictu
1843 1113 2103 1184 gaudens.

549 1207 662 1264 Una
693 1209 835 1263 enim
862 1205 1120 1277 proiecto,
1152 1215 1211 1261 ut
1239 1205 1406 1261 verbo
1435 1205 1632 1271 dicam,
1659 1205 1797 1260 labis
1826 1220 2019 1276 expers
2043 1219 2108 1259 ac

547 1300 825 1370 impolluta
853 1298 1071 1354 inventa
1093 1307 1197 1364 est,
1255 1302 1575 1368 cunctisque
1597 1297 1913 1367 praecellens
1939 1296 2106 1366 justi-

547 1393 635 1446 tia
671 1391 870 1445 mundo
900 1399 1064 1459 atque
1099 1389 1328 1453 decore,
1373 1397 1433 1443 ut
1471 1405 1630 1443 nemo
1656 1403 1844 1443 eorum
1883 1388 1972 1457 qui
2021 1387 2106 1443 vel

545 1496 755 1536 summe
785 1480 893 1535 Deo
922 1480 1276 1550 placuerunt,
1318 1494 1488 1549 prope
1530 1479 1596 1533 ad
1627 1494 1780 1542 eam,
1812 1479 1857 1534 si
1889 1478 2108 1533 virtutis

546 1558 684 1627 ratio
716 1573 948 1635 ineatur,
983 1571 1267 1627 consistat.
1323 1571 1591 1638 Quocirca
1634 1571 1828 1625 merito
1876 1571 1930 1624 in
1973 1586 2108 1625 con-

547 1665 777 1733 sortium
801 1665 951 1735 regni
979 1663 1249 1735 Unigeniti
1275 1665 1444 1720 ascita
1469 1672 1572 1728 est,
1591 1665 1683 1718 illo
1703 1665 1806 1719 sibi
1834 1679 1952 1718 eam
1976 1663 2108 1718 ada-

547 1763 732 1826 ptante
755 1763 915 1826 atque
947 1757 1185 1813 uniente.
1219 1755 1404 1826 itaque
1428 1757 1483 1811 in
1510 1757 1722 1827 psalmo
1751 1757 2107 1828 quadragesi-

547 1864 636 1903 mo
665 1857 858 1918 quarto
878 1889 891 1914 ,
925 1833 1046 1919 qua:
1077 1850 1220 1903 inter
1248 1851 1430 1919 plures
1453 1863 1485 1902 a
1517 1849 1724 1904 dextris
1780 1847 1873 1902 Dei
1920 1848 2104 1918 regina

545 1947 710 2000 astat.
743 1940 1158 2001 anrea,virtutis
1189 1941 1391 1995 mundo
1420 1947 1612 1994 ornata
1631 1979 1646 2004 ,
1679 1939 1839 2009 cujus
1863 1955 1959 1994 rex
1986 1939 2106 2008 pul-

543 2030 908 2086 chritudinem
938 2033 1249 2102 concupivit
1280 2032 1355 2099 δδ,
1392 2047 1522 2087 caro
1557 2041 1674 2096 est,
1709 2031 1786 2085 uti
1818 2012 2064 2086 dicebam
2084 2069 2102 2094 ,

547 2121 863 2178 intemerata
889 2124 979 2178 illa
1019 2133 1072 2179 et
1103 2123 1256 2179 beata
1283 2163 1298 2187 ,
1343 2139 1506 2193 quam
1541 2123 1655 2194 ipse
1691 2122 1832 2177 Dens
1865 2120 2104 2177 Verbum

543 2214 701 2269 cmlis
728 2213 998 2268 invectam
1037 2230 1067 2268 a
1109 2213 1317 2269 dextris
1357 2213 1534 2268 Patris
1579 2214 1864 2269 collocavit
1903 2213 2110 2268 auratis

544 2304 788 2358 vestibus
817 2304 1091 2369 decoram,
1125 2305 1179 2357 in
1212 2303 1406 2358 studiis
1430 2303 1637 2359 scilicet
1662 2303 2108 2372 incorruptionis,

545 2409 666 2466 quae
697 2395 994 2464 symbolice
1029 2395 1243 2450 vocavit
1271 2395 1509 2464 ﬁmbrias
1535 2411 1747 2458 aureas,
1771 2394 1917 2464 quod
1945 2393 2110 2448 nimi-

545 2501 665 2540 rum
693 2485 1067 2541 indumentum
1107 2486 1244 2550 hoc,
1292 2487 1461 2541 variis
1506 2501 1572 2540 ex
1615 2486 1945 2550 virtutibus,
1983 2494 2113 2556 puta

545 2579 821 2644 castitate,
852 2577 1140 2649 prudentia
1158 2619 1171 2642 ,
1197 2577 1321 2642 ﬁde,
1351 2577 1617 2632 cbaritate
1642 2617 1656 2641 ,
1693 2577 1952 2648 patientia
1971 2617 1987 2640 ,
2015 2577 2115 2632 bo-

548 2669 743 2739 nisque
787 2670 1055 2739 reliquis,
1104 2669 1413 2740 variegatur
1461 2677 1515 2724 et
1563 2669 1718 2738 quasi
1767 2670 2111 2736 contexitur;

547 2777 668 2832 quae
696 2763 855 2832 plane
900 2762 1198 2832 operientia
1245 2762 1426 2818 carnis
1457 2762 1848 2832 turpitudinem
1872 2801 1890 2829 ,
1941 2778 2111 2819 aureo

549 2851 823 2910 hominem
857 2853 1062 2908 mundo
1087 2853 1346 2924 cultuque
1374 2854 1739 2911 convestiunt.

2209 652 2382 722 σάρκα
2411 647 2508 719 τὴν
2535 645 2828 717 ἁμόλυντον
2860 643 2954 697 τοῦ
2990 643 3218 714 Κυρίου,
3243 636 3310 714 ἧς
3343 639 3502 711 χάριν
3533 639 3625 692 τὸν
3663 639 3779 690 Πα-

2204 741 2340 810 τέρα
2376 723 2724 806 καταλείψας,
2766 734 3027 806 κατῆλθεν
3057 730 3307 794 ἐνταῦθα,
3356 729 3452 784 καὶ
3486 728 3779 801 προσεκυλ-

2204 831 2361 902 λήθη,
2385 830 2478 883 xal
2503 827 2907 898 ἐγκατέσκηψεν
2933 824 3006 894 (7)
3029 822 3449 893 ἐνανθρωπήσας
3473 820 3551 882 είς
3580 819 3775 890 αὑτήν.

2206 919 2298 972 Διὸ
2323 920 2388 991 δὴ
2432 920 2522 973 καὶ
2571 915 2898 989 περιστερὰν
2939 914 3107 985 αὑτὴν
3156 911 3431 984 τροπικῶς
3481 911 3774 964 ἐκάλεσεν·

2205 1010 2391 1080 ἐπειδὴ
2424 1008 2676 1063 τιθασσὸν
2708 1007 2768 1060 τὸ
2811 1005 2946 1071 ζῶον
2980 1005 3072 1057 καὶ
3107 1002 3437 1074 ὑπωρόφιον,
3465 1001 3556 1054 καὶ
3596 1000 3778 1071 διαίτῃ

2205 1105 2271 1172 τῇ
2301 1101 2408 1154 τῶν
2449 1098 2747 1170 ἀνθρώπων
2779 1095 3146 1167 ἐνασμενίζον.
3170 1094 3321 1163 Μόνη
3359 1091 3488 1163 γὰρ,
3532 1090 3606 1156 ὡς
3646 1090 3780 1153 ἔπος

2205 1195 2400 1255 εἰπεῖν,
2433 1190 2657 1254 άσπιλος
2700 1188 2795 1242 καὶ
2843 1187 3102 1259 ἀμίαντος
3154 1184 3348 1257 εὑρέθη
3373 1223 3390 1248 ,
3434 1183 3528 1236 καὶ
3570 1182 3783 1244 πάντας

2207 1284 2549 1357 ὑπερέχουσα
2582 1282 2660 1354 τῷ
2687 1282 2785 1352 τῆς
2822 1279 3167 1350 δικαιοσύνης
3204 1278 3391 1348 κόσμῳ
3423 1276 3517 1330 καὶ
3559 1274 3777 1328 κάλλει·

2204 1375 2344 1428 ὥστε
2377 1375 2577 1446 μηδένα
2604 1372 2698 1426 καὶ
2733 1370 2841 1424 τῶν
2871 1373 2949 1435 είς
2978 1371 3145 1443 ἄκρον
3188 1366 3667 1440 εὑαρεστησάντων
3701 1364 3782 1436 τῷ

2205 1467 2322 1538 Θεῷ
2361 1467 2565 1536 ταύτης
2619 1463 2908 1535 δυνηθῆναι
2961 1462 3148 1526 πέλας,
3183 1462 3257 1525 ὼς
3306 1459 3441 1530 πρδς
3493 1458 3784 1530 σύγκρισιν

2202 1561 2424 1633 ἀρετῆς,
2449 1560 2658 1630 στῆναι.
2692 1557 2800 1610 Kal
2831 1556 2916 1609 διά
2940 1555 3094 1608 τοῦτο
3120 1551 3490 1623 κατηξιῶσθαι
3521 1550 3783 1604 κοινωνὸν

2207 1653 2377 1724 αὐτὴν
2411 1649 2661 1720 γενέσθαι
2693 1649 2790 1720 τῆς
2821 1645 3090 1718 βασιλείας
3117 1644 3210 1698 τοῦ
3245 1640 3602 1712 Μονογενοῦς,
3629 1639 3784 1711 αὑτῷ

2206 1741 2662 1814 καθηρμοσμένην
2701 1757 2761 1792 τε
2800 1739 2895 1792 καὶ
2931 1737 3241 1790 ένωθεῖσαν.
3275 1735 3382 1789 Kal
3419 1735 3477 1786 ἐν
3507 1748 3786 1802 τεσσαρα-

2206 1834 2383 1906 κοστῶ
2423 1834 2480 1887 δὲ
2513 1834 2607 1887 καὶ
2656 1831 2897 1904 τετάρτῳ
2939 1829 3138 1901 ψαλμῷ
3181 1829 3214 1899 ἡ
3264 1829 3326 1880 ἐκ
3358 1825 3467 1880 τῶν
3520 1825 3785 1896 πλειόνων

2209 1925 2586 1998 παρισταμένη
2616 1925 2680 1978 ἐκ
2714 1923 2901 1990 δεξιῶν
2950 1920 3232 1992 βασίλισσα
3264 1917 3355 1972 τοῦ
3395 1916 3527 1970 Θεοῦ
3573 1914 3786 1986 μερῶν,

2209 2020 2242 2089 ἠ
2275 2017 2352 2088 τῷ
2375 2015 2649 2087 διαχρύσῳ
2687 2015 2785 2085 τῆς
2828 2012 3027 2086 ἀρετῆς
3069 2012 3257 2081 κόσμῳ
3297 2005 3784 2076 κατεστολισμένη,

2207 2107 2276 2183 ἧς
2308 2108 2622 2180 ἐπεθύμησε
2652 2106 2746 2160 τοῦ
2776 2105 3004 2167 κάλλους
3027 2106 3055 2158 ό
3082 2103 3351 2175 βασιλεὺς,
3380 2103 3411 2172 ἡ
3442 2099 3576 2172 σάρξ
3611 2101 3787 2163 ἐστιν,

2207 2201 2285 2264 ὡς
2317 2199 2473 2271 ἔφην,
2504 2199 2538 2269 ἡ
2571 2198 2834 2269 ἄχραντος
2871 2196 3055 2265 ἐκείνη
3089 2196 3182 2248 καὶ
3223 2191 3490 2264 μακαρία,
3514 2192 3580 2259 ἡν
3620 2188 3790 2253 αὐτὸς

2209 2281 2545 2364 ἀνακομίσας
2571 2293 2600 2344 ὁ
2639 2290 2810 2359 Λόγος
2851 2289 2930 2354 είς
2965 2288 3248 2360 ούρανοὺς,
3285 2288 3348 2338 ἐκ
3387 2283 3574 2350 δεξιῶν
3609 2281 3789 2353 παρέ-

2213 2401 2376 2456 στησε
2403 2383 2496 2438 τοῦ
2531 2383 2760 2454 Πατρὸς,
2794 2383 2850 2434 ἐν
2889 2379 3170 2451 ἱματισμῷ
3199 2375 3472 2448 διαχρύσῳ
3503 2388 3789 2442 κεκοσμη-

2216 2477 2414 2549 μένην·
2453 2475 2482 2529 ὃ
2510 2475 2574 2546 δή
2610 2476 2778 2536 ἐστιν,
2821 2474 2877 2526 ὲν
2909 2470 3300 2541 ἐπιτηδεύμασι
3323 2469 3419 2539 τῆς
3453 2463 3788 2537 ἀφθαρσίας,

2208 2567 2243 2621 ἀ
2283 2564 2622 2638 συμϐολικῶς
2649 2564 2815 2635 ἔφησε
2846 2561 3046 2633 χρυσᾶ
3075 2559 3407 2630 κροσσωτά.
3439 2557 3652 2628 Ἐπειδὴ
3674 2554 3791 2628 γάρ

2209 2661 2274 2712 ὲκ
2309 2657 2566 2712 ποικίλων
2594 2657 2924 2710 ποικίλλεται
2953 2653 3112 2707 τοῦτο
3151 2653 3246 2706 καὶ
3289 2649 3792 2720 συγκαθυφαίνεται

2213 2751 2647 2823 κατορθωμάτων
2668 2750 2728 2803 τὸ
2751 2749 2953 2819 ἔνδυμα
3000 2742 3139 2814 (οἷον
3174 2745 3417 2815 ἁγνείας,
3450 2745 3788 2814 φρονήσεως,

2215 2842 2467 2904 πίστεως,
2495 2841 2749 2912 ἀγάπης,
2792 2839 3087 2910 ὑπομονῆς,
3130 2837 3226 2892 καὶ
3262 2836 3372 2889 τῶν
3413 2833 3613 2887 λοιπῶν
3652 2833 3795 2899 ἀγα-

2209 2931 2337 3002 θῶν)
2359 2948 2372 2961 ·
2419 2930 2456 2985 ἃ.
2497 2931 2582 3002 δὴ,
2613 2929 3095 2983 κατακαλύπτοντα
3137 2927 3236 2999 τὴν
3273 2923 3655 2997 ἀσχημοσύνην
3687 2923 3792 2993 τῆς

2214 3024 2434 3098 σαρκὸς,
2457 3026 2653 3094 κοσμεῖ
2679 3023 2769 3076 τὸν
2797 3021 3081 3094 ἄνθρωπον
3105 3021 3294 3091 κόσμῳ
3321 3018 3529 3092 χρυσῷ.

1345 3136 1474 3194 CAP.
1506 3137 1596 3196 IX.
1638 3137 1874 3210 Virgines
1900 3140 2079 3194 statim
2105 3150 2219 3211 post
2254 3139 2505 3212 Reginam
2533 3157 2596 3194 ac
2621 3139 2907 3210 Sponsam.

617 3251 805 3310 Restat
825 3260 886 3310 ut
905 3253 1036 3326 quid
1061 3253 1116 3308 in
1139 3253 1600 3323 consequentibus
1621 3255 1814 3325 psalmi
1837 3262 1959 3325 post
1978 3270 2120 3309 com—
2147 3261 2188 3318 c

548 3356 903 3400 memoratum
936 3345 1208 3400 hominem
1231 3360 1261 3398 a
1291 3343 1468 3400 Verbo
1500 3353 1861 3416 assumptum,
1885 3345 1949 3399 ad
1987 3344 2116 3399 Otu-

548 3439 847 3507 nipotentis
862 3438 1138 3494 dexteram
1160 3440 1506 3503 collocatum,
1528 3439 1707 3493 tradat
1732 3438 1968 3508 Spiritus
1990 3453 2119 3493 san-

550 3540 696 3594 ctus,
715 3532 1142 3587 consideremus.
1161 3530 1521 3598 Adducentur,
1550 3532 1726 3602 inquit
1747 3529 1814 3596 “,
1838 3531 1945 3602 regi
1962 3532 2116 3600 virgi-

552 3634 640 3671 nes
665 3627 781 3685 post
808 3634 958 3683 eam;
990 3621 1246 3688 proxima:
1275 3621 1388 3689 ejus
1421 3621 1710 3690 aﬁ'erentur
1740 3620 1852 3676 tibi.
1877 3620 2114 3690 A/feren-

551 3716 640 3760 tur
668 3708 721 3760 in
749 3707 940 3762 lwtisi-‘t
969 3719 1017 3763 et
1037 3709 1418 3772 exsultatione;
1443 3711 1841 3766 adducenturin
1865 3711 2112 3780 templum

551 3797 708 3866 regis.
735 3794 904 3853 Valde
927 3799 1210 3854 manifeste
1245 3801 1460 3855 videtur
1489 3801 1579 3854 hic
1627 3802 1845 3856 divinus
1874 3800 2112 3871 Spiritus

551 3889 912 3959 virginitatem
939 3891 1178 3957 laudare,
1212 3905 1276 3945 ac
1303 3892 1572 3961 polliceri,
1604 3894 1842 3964 virgines
1873 3896 2114 3950 secundo

553 3992 677 4056 post
725 3981 933 4040 Domini
979 3998 1234 4055 sponsam
1281 3984 1436 4048 loco,
1490 3991 1551 4039 ut
1602 3986 1990 4055 exposuimus,
2048 3986 2118 4041 ad

554 4074 988 4147 Omnipotentem
1016 4089 1335 4131 accessuras
1363 4075 1417 4130 in
1440 4076 1624 4131 laetitia
1650 4087 1702 4132 ct
1731 4077 2113 4144 exsultatione,

556 4166 844 4238 ambitioso
873 4166 1023 4220 cultu
1066 4165 1453 4222 comitantibus
1501 4167 1709 4237 angelis
1750 4183 1813 4222 ac
1845 4167 2118 4224 deducen-

557 4257 724 4312 tibus.
754 4257 901 4312 Adeo
933 4257 1076 4312 enim
1115 4259 1344 4313 amabile
1373 4265 1427 4313 et
1482 4274 1646 4330 supra
1677 4259 1897 4314 modum
1929 4277 2118 4318 revera

554 4348 914 4404 desiderabile
957 4341 1287 4418 virginitatis
1332 4349 1532 4415 decus,
1592 4361 1651 4405 ut
1703 4359 1823 4422 post
1876 4353 2117 4424 reginam

559 4455 722 4510 quam
755 4441 1011 4496 exaltavit
1055 4439 1352 4506 Dominus,
1397 4449 1560 4512 atque
1603 4443 1672 4498 ab
1700 4444 1850 4498 omni
1896 4453 2122 4515 peccato

628 4595 675 4628 “
717 4594 864 4650 Psal.
896 4611 1042 4660 xuv,
1066 4594 1156 4652 10.
1237 4593 1283 4628 ⁸⁸
1321 4594 1450 4653 ibid.
1485 4595 1582 4661 15,
1627 4597 1711 4651 16.

2293 3257 2524 3310 Ἔπειτα
2549 3256 2601 3308 τί
2634 3255 2697 3326 δὴ
2724 3254 2885 3308 πάλιν
2909 3253 3002 3308 καὶ
3032 3253 3090 3306 ἐν
3131 3253 3242 3315 τοῖς
3279 3250 3402 3321 ἑξῆς
3431 3249 3523 3304 τοῦ
3550 3249 3806 3322 ψαλμοῦ,

2225 3346 2361 3417 μετὰ
2395 3346 2456 3400 τὸ
2498 3346 2589 3399 τὸν
2613 3345 2894 3417 ἄνθρωπον
2920 3345 2984 3398 ἐκ
3030 3341 3218 3408 δεξιῶν
3263 3339 3667 3412 ἐνθρονισθῆναι
3699 3337 3801 3394 τοῦ

2222 3437 2455 3510 Πατρός,
2501 3437 2530 3490 ὃ
2571 3438 2856 3508 ἀνείληφεν
2897 3437 2926 3489 ό
2959 3436 3161 3504 Λόγος,
3200 3433 3262 3486 τὸ
3290 3431 3514 3502 Πνεῦμα
3558 3432 3799 3503 παραδί-

2221 3530 2407 3593 δωσιν,
2436 3529 2814 3584 ἐπισκεπτέον.
2833 3525 3382 3596 Ἀπενεχθήσονται,
3411 3523 3564 3593 φησὶ,
3592 3523 3804 3588 τῷβαο

2217 3623 2382 3678 σιλεῖ
2388 3623 2666 3691 παρθένοι
2679 3622 2868 3674 ὀπίσω
2885 3617 3092 3686 αὐτῆς
3114 3620 3171 3672 al
3187 3617 3451 3684 πλησίον
3461 3615 3647 3683 αὐτῆς
3659 3617 3794 3671 ἀπό.

2218 3715 2617 3786 νεχθήσονταί
2633 3730 2752 3768 σοι.
2798 3711 3340 3780 Ἀπενεχθήσονται
3359 3709 3430 3762 ἐν
3447 3709 3802 3780 εὐφροσύνη

2218 3809 2312 3862 καὶ
2331 3807 2703 3878 ἀγαλλιάσειο
2720 3804 3086 3876 ἀχθήσονται
3103 3805 3188 3868 εὶς
3199 3799 3348 3854 ναὸν
3362 3800 3466 3854 τοῦ
3479 3799 3803 3865 βασιλέως.

2221 3901 2366 3953 Πάνυ
2397 3898 2686 3970 προφανῶς
2714 3896 2897 3951 ἐνθάδε
2930 3894 3116 3948 λοιπὸν
3141 3893 3314 3946 ἔοικεν
3351 3890 3714 3960 ἐγκωμιάζειν
3735 3891 3806 3944 τὸ

2223 3991 2444 4062 Πνεῦμα
2459 3991 2554 4062 τὴν
2569 3990 2812 4058 ἁγνείαν,
2836 3987 2972 4060 μετὰ
2987 3987 3085 4058 τὴν
3111 3985 3173 4038 νύ
3182 4003 3346 4056 μφην.
3365 3982 3440 4046 ὡς
3455 3981 3809 4036 ἀποδεδώκα-

2225 4100 2343 4153 μεν,
2371 4081 2464 4134 τοῦ
2483 4082 2708 4153 Κυρίου,
2725 4079 2978 4150 δευτέρας
2999 4077 3278 4150 προσιέναι
3299 4074 3376 4145 τῷ
3392 4073 3804 4145 Παντοκράτορι

2223 4175 2280 4226 ἐν
2309 4173 2622 4248 ἀγαλλιάσει
2651 4173 2743 4226 καὶ
2768 4172 3073 4244 εὐφροσύνῃ
3092 4168 3191 4230 τὰς
3208 4166 3505 4237 παρθένους
3525 4163 3807 4242 ἐπαγγελχ

2221 4263 2468 4335 λομένου,
2497 4263 2587 4319 ὑπ’
2616 4262 2859 4332 ἀγγέλων
2895 4260 3361 4333 δορυφορουμένας
3393 4275 3452 4310 τε
3494 4257 3587 4310 καὶ
3617 4273 3806 4326 παραι-

2223 4356 2597 4427 πεμπομένας.
2633 4355 2788 4410 Οῦτω
2815 4353 2921 4427 γάρ
2957 4352 3258 4423 ἐπέραστόν
3289 4368 3343 4403 τι
3373 4349 3434 4402 τὸ
3459 4348 3559 4418 τῆς
3592 4347 3803 4419 παρθε-

2223 4447 2341 4512 νίας
2367 4449 2512 4502 έστὶν
2543 4447 2619 4512 ὡς
2645 4445 2859 4517 άληθῶς
2900 4445 2993 4500 καὶ
3039 4442 3401 4518 περιπόθητον
3439 4439 3612 4506 κλέος,
3653 4438 3802 4493 ὥστε

631 4750 707 4821 (7)
751 4751 1255 4820 Ἐγκατέσκηψεν.
1289 4749 1517 4820 "lapsus
1540 4757 1639 4812 est,
1665 4751 1876 4808 invasit.
1907 4748 2046 4804 Maz.
2071 4758 2122 4805 et

2226 4749 2318 4813 sit,
2354 4757 2408 4806 et
2431 4749 2632 4805 unione
2678 4749 2993 4816 honoraria,
3045 4763 3156 4805 non
3192 4750 3335 4804 κατά
3367 4748 3525 4820 φύσιν
3566 4756 3632 4821 ει
3660 4747 3802 4802 ὑπό-

561 4823 747 4884 Allat.,
777 4821 1272 4892 ἐγκατεσκήνωσεν.
1300 4824 1352 4874 in
1379 4838 1440 4875 ea
1472 4822 1747 4884 habitavit,
1769 4821 1913 4892 quod
1965 4837 2118 4890 aeque

561 4894 866 4962 probatum.
899 4891 1178 4962 Possinius
1199 4933 1213 4954 ,
1249 4892 1603 4962 agglutinatus
1629 4902 1728 4953 est,
1772 4891 1915 4961 quod
1948 4891 2119 4961 expli-

562 4960 706 5018 catio
753 4970 836 5016 est
865 4961 1012 5015 vocis
1040 4960 1468 5031 apossxo‘}.ﬁ6q,
1502 4977 1611 5016 non
1659 4960 1839 5017 minus
1862 4960 2030 5028 quam
2053 4962 2122 5014 il-

565 5033 678 5097 lud,
710 5033 757 5085 ei
786 5031 1030 5093 adita-sit,
1055 5046 1128 5102 _ac
1161 5031 1502 5102 ταυτολαγία,
1541 5047 1646 5084 non
1675 5033 1942 5102 expositio
1969 5045 2122 5085 novae

565 5102 818 5156 Methodii
853 5102 1021 5156 vocis.
1054 5099 1185 5153 Illud
1219 5101 1380 5154 etiam
1405 5141 1420 5164 ,
1457 5099 1834 5154 incarnmts'se
1887 5104 1938 5154 in
1981 5118 2119 5165 eam,

563 5187 724 5240 quam
758 5172 952 5224 durum
994 5185 1291 5240 parumque
1323 5170 1709 5240 tlieologicum!
1741 5171 1800 5224 τὸ
1827 5174 1913 5236 εὶς
1942 5174 2115 5230 αὐτή)

565 5239 788 5296 verbum
843 5239 1219 5309 ἐγκατέσκηψε
1281 5239 1532 5310 respicit;
1601 5242 1793 5296 modus
1858 5257 1986 5296 vero
2033 5240 2127 5294 de-

567 5319 786 5366 notatur
841 5308 932 5364 illa
985 5328 1116 5365 voce
1171 5308 1611 5380 ὲνανθρωπὴσας,
1661 5311 1884 5364 hominis
1921 5327 2128 5363 assum-

567 5383 738 5452 ptione
764 5389 814 5434 et
835 5380 1216 5452 factusimmo:
1247 5380 1326 5432 sic
1365 5381 1419 5433 in
1445 5396 1562 5435 eam
1599 5384 1745 5452 venit
1773 5392 1934 5451 atque
1976 5382 2127 5452 iuva:

569 5449 641 5507 sit
689 5452 872 5517 illique
906 5451 1170 5511 incubuit,
1213 5465 1332 5518 quae
1367 5452 1448 5504 vis
1482 5460 1566 5505 est
1607 5451 1726 5517 ejus
1771 5449 1938 5505 vocis.
1974 5449 2129 5515 Quod

569 5530 750 5577 tamen
777 5522 1098 5583 Methodius,
1129 5521 1388 5591 singulari
1412 5537 1474 5575 ea
1498 5523 1785 5591 sanctitate
1813 5531 1866 5575 et
1892 5522 2126 5589 jnstitin,

569 5591 934 5662 κατηξιῶσθαι
977 5591 1108 5645 dicit
1160 5589 1412 5643 κοινωνὸν
1457 5589 1700 5658 γίνεσθαι
1737 5593 1833 5662 τῆς
1864 5591 2134 5662 βασιλείας

571 5662 664 5715 τοῦ
697 5659 1050 5732 Μονογενοῦς.
1079 5663 1328 5715 meruisse
1354 5674 1643 5732 consortem
1690 5659 1802 5730 ﬁeri
1833 5659 1975 5731 regni
2007 5659 2136 5713 Uni-

569 5734 748 5806 geniti,
780 5731 920 5805 aegre
951 5748 981 5788 a
1006 5732 1342 5790 Nestorianis
1378 5731 1680 5788 furfuribus
1725 5733 1983 5787 vindicari
2007 5747 2134 5801 pos-

2228 4837 2434 4883 οτασιν,
2462 4837 2567 4891 qua
2602 4822 2761 4876 homo
2800 4831 3151 4878 consecratus
3182 4823 3234 4874 in
3268 4821 3358 4875 Dei
3393 4822 3559 4874 tilium
3589 4820 3656 4873 ab
3678 4821 3804 4888 ipso

2226 4899 2504 4946 momento
2526 4892 2693 4946 creati
2734 4891 2924 4955 animi.
2970 4900 3023 4946 et
3063 4891 3203 4946 Deus
3230 4891 3406 4947 factus
3445 4893 3638 4954 homo;
3687 4905 3804 4944 non

2227 4963 2354 5016 ullis
2387 4961 2592 5016 meritis
2643 4970 2735 5013 aut
2763 4961 3030 5030 profectu,
3063 4977 3130 5014 eo
3155 4972 3440 5029 provectus
3472 4960 3561 5013 ille
3609 4959 3802 5024 homo,

2229 5039 2287 5083 ut
2321 5030 2414 5085 Dei
2449 5031 2588 5085 illius
2613 5029 2839 5099 ejusque
2859 5033 3007 5102 regni
3029 5046 3259 5085 consors
3284 5032 3581 5102 diceretur.
3603 5029 3808 5102 Comes

2231 5101 2398 5169 igitur
2423 5112 2476 5154 et
2512 5101 2668 5170 quasi
2721 5097 2946 5156 ellectus
2974 5102 3166 5155 divinae
3194 5103 3338 5155 illius
3398 5099 3618 5154 unionis
3665 5097 3798 5162 fuit,

2230 5171 2410 5224 omnis
2443 5172 2532 5224 illa
2567 5171 2767 5224 Christi
2803 5173 3036 5226 hominis
3059 5172 3268 5238 justitia
3294 5181 3348 5224 et
3379 5173 3664 5226 sanctitas.
3687 5185 3802 5223 non

2231 5239 2352 5307 ejus
2398 5245 2555 5300 ratio,
2591 5241 2853 5309 obrquam
2916 5243 3111 5295 meruit
3137 5242 3282 5294 illam
3321 5241 3569 5309 adipisci.
3626 5239 3804 5293 litium

2234 5311 2527 5380 Gregorius
2556 5311 2610 5364 in
2645 5308 2838 5364 Homil.
2876 5310 3016 5364 hanc
3060 5312 3370 5380 nuptiarum
3402 5308 3521 5364 Filii
3550 5309 3640 5362 Dei
3671 5323 3805 5364 etim

2234 5396 2331 5435 sua
2355 5395 2520 5435 carne
2553 5380 2669 5451 (seu
2702 5381 3058 5450 humanitate)
3117 5383 3582 5451 comparationem
3613 5380 3806 5451 statim

2234 5451 2431 5519 reiicit.
2499 5449 2568 5504 ut
2607 5451 2786 5504 minus
2843 5449 3272 5512 accommodata}
3329 5458 3381 5503 et
3447 5465 3566 5516 qum
3622 5449 3808 5502 faveat

2235 5519 2523 5576 Nestorio:
2559 5521 2703 5591 quod
2761 5521 3074 5591 nuptiarum
3111 5521 3311 5576 foedera
3361 5536 3467 5574 non
3521 5521 3629 5573 sint
3677 5519 3807 5591 nisi

2240 5591 2380 5644 inter
2406 5607 2550 5662 _eos,
2575 5587 2697 5662 wqui
2757 5587 3031 5646 distincta!
3085 5607 3330 5662 personae
3376 5598 3503 5646 sunt
3534 5607 3546 5640 :
3574 5587 3808 5662 proinde

2240 5660 2571 5734 mavultdici
2610 5659 2676 5715 de
2713 5661 2932 5734 Christo
2963 5673 3016 5716 et
3046 5659 3308 5731 Ecclesia,
3335 5677 3454 5734 qua:
3496 5671 3580 5717 est
3625 5659 3808 5731 prima

2244 5731 2499 5788 Metltodii
2528 5733 2816 5796 expositio.
2843 5730 3132 5789 Conueris.
