4052 6338
632 248 733 311 1⁷59

1606 259 1663 316 S.
1705 258 2032 319 METIIODII
2069 265 2373 325 EPISCOPI
2411 267 2499 322 ET
2541 268 2896 326 MARTYRIS

3725 275 3829 331 ιιο

630 377 835 447 luptate
863 392 1014 448 aeque
1042 392 1136 433 seu
1180 376 1404 435 libidine
1447 389 1612 452 atque
1660 365 1846 440 dolore
1894 393 2165 443 semotum

2282 389 2376 443 καὶ
2398 388 2709 458 κουφίζεται
2756 389 3048 461 πτέρωμα,
3088 389 3198 444 τῶν
3228 387 3578 462 ἀνθρωπίνων
3612 388 3832 455 ἐξίπτα-

627 468 799 541 Cujus
831 470 1034 540 irriguo
1065 470 1259 526 animre
1295 486 1471 541 penna
1520 474 1668 530 ebria
1697 492 1821 533 vere
1848 480 2076 545 crescit,
2106 481 2184 536 le-

626 561 853 631 viorque
881 560 1092 627 eﬂ‘ecta,
1111 561 1179 616 ab
1206 562 1460 620 humanis
1481 565 1678 622 studiis
1706 568 1922 626 avolare
1943 571 2182 641 quotidie

629 650 916 706 assuescit.

696 741 960 807 Quoniam
1006 744 1151 798 enim
1211 745 1524 816 panegyrim
1565 761 1687 804 esse
1733 749 1896 813 vitam
1938 762 2179 809 nostram

625 834 897 903 sapientes
928 834 1207 902 dixerunt;
1241 851 1342 891 nos
1371 845 1549 893 autem
1578 840 1735 909 quasi
1758 856 2018 911 personas
2044 844 2185 900 veri-

623 925 752 980 tatis
782 940 1001 980 scenam
1034 927 1110 994 (id
1140 935 1223 983 est
1245 927 1537 1000 justitiam)
1567 930 1621 985 in
1644 932 1911 988 theatrum
1944 934 2135 992 dantes
2160 979 2175 1002 ,

624 1015 1121 1071 contranitentibus
1145 1023 1198 1070 et
1223 1017 1291 1071 ad
1325 1033 1385 1072 se
1409 1020 1779 1088 spectaculum
1807 1022 2028 1079 trahere
2059 1038 2178 1079 cer-

624 1109 867 1163 tantibus
900 1108 1117 1163 diabolo
1159 1123 1222 1163 ac
1253 1108 1590 1167 daemonibus
1611 1150 1627 1171 .
1656 1112 1714 1166 in
1744 1114 1943 1169 ctelum
1988 1116 2176 1171 oculos

624 1202 878 1257 tollamus
903 1216 1129 1257 necesse
1161 1208 1284 1266 est,
1319 1203 1725 1274 assumptisque
1771 1205 1873 1261 alis
1902 1205 1957 1259 in
2006 1206 2173 1260 altum

622 1295 897 1359 feramur,
929 1301 1092 1365 atque
1135 1308 1322 1351 earum
1376 1294 1559 1350 suavis
1593 1295 1746 1351 vocis
1789 1296 1964 1351 illices
2009 1311 2175 1353 sonos

620 1395 913 1459 gestusque
940 1386 1244 1457 impudicos
1263 1427 1279 1449 .
1308 1385 1577 1443 castitatis
1604 1388 1843 1444 exterius
1887 1389 2175 1460 probatque

619 1479 920 1534 honestatis
949 1478 1216 1534 obductos
1245 1479 1425 1549 specie
1444 1518 1459 1543 ,
1490 1495 1601 1550 prae
1632 1478 1935 1536 Homericis
1966 1480 2171 1537 Sirenis

620 1570 913 1642 fugiamus.
949 1570 1104 1625 Multi
1149 1572 1292 1626 enim
1316 1612 1331 1636 ,
1387 1573 1590 1627 erroris
1627 1572 1895 1629 illecebris
1924 1571 2168 1637 deliniti,

620 1663 983 1720 deﬂuentibus
1011 1664 1204 1735 pennis
1237 1663 1598 1734 degravantur
1629 1666 1685 1719 in
1718 1664 1858 1718 hanc
1893 1665 2171 1720 venientes

2283 478 2403 533 σθαι
2426 481 2547 533 καθ’
2573 481 2783 553 ἡμέραν
2811 481 3116 551 ἐθιζόμενον
3145 481 3591 549 σπουδασμάτων.

2359 761 2569 832 Ἐπειδὴ
2614 762 2722 832 γὰρ
2774 761 3075 833 πανήγυριν
3122 760 3214 814 τὸν
3262 759 3374 831 βίον
3432 758 3588 832 ἡμῶν
3647 756 3831 830 σοφῶν

2275 852 2461 916 παῖδες
2488 853 2772 924 εἰρήκασιν
2791 847 2928 905 εῖναι
2947 892 2963 918 ,
2997 853 3143 923 ἡμᾶς
3174 852 3231 906 δὲ
3256 852 3318 906 τὸ
3352 851 3534 924 δρᾶμα
3562 851 3661 923 τῆς
3695 851 3830 924 ἀλη-

2275 941 2441 1005 θείας,
2472 941 2966 1014 τὴν-δικαιοσύνην,
2992 943 3147 1014 ἥκειν
3171 942 3247 1006 ὡς
3274 943 3353 1007 εἰς
3374 942 3598 1014 θέατρον
3624 943 3829 997 ἐπιδει-

2274 1033 2548 1105 ξομένους,
2578 1035 3021 1106 ἀντιτεχνούντων
3042 1036 3173 1106 ἡμῖν
3197 1034 3289 1088 καὶ
3315 1032 3827 1105 ἀνταγωνιζομένων

2273 1126 2365 1180 τοῦ
2413 1126 2654 1181 διαϐόλου
2690 1129 2785 1181 καὶ
2824 1127 2931 1180 τῶν
2979 1126 3242 1199 δαιμόνων
3261 1167 3277 1191 ,
3325 1126 3676 1190 ἀνανεύοντας
3711 1127 3829 1181 ἀνω

2271 1218 2350 1272 δεῖ
2376 1219 2470 1272 καὶ
2498 1219 2894 1290 ἀνιπταμένους
2922 1218 3360 1291 μετεωρίζεσθαι,
3386 1217 3480 1272 καὶ
3507 1218 3727 1287 φεύγειν
3754 1217 3829 1270 τά

2271 1309 2541 1382 θέλγητρα
2573 1309 2674 1381 τῆς
2712 1310 3070 1379 καλλιφωνίας
3094 1308 3289 1375 αὐτῶν,
3320 1309 3414 1363 καὶ
3452 1309 3520 1363 τὰ
3566 1309 3853 1380 σχήματα

2270 1400 2465 1467 ἔξωθεν
2506 1401 2772 1473 φαντασίᾳ
2804 1400 3151 1472 σωφροσύνης
3176 1399 3639 1472 ἐπικεχρωσμένα,
3664 1399 3699 1471 ἤ
3722 1400 3829 1464 τὰς

2270 1492 2529 1563 Σειρῆνας
2581 1490 2777 1562 μᾶλλον
2825 1490 2925 1553 τὰς
2965 1489 3280 1563 Ὁμηρικὰς.
3326 1487 3663 1560 Κηλούμενοι
3710 1490 3825 1560 γὰρ

2269 1586 2387 1646 ταῖς
2424 1583 2636 1654 ἡδοναῖς
2663 1581 2762 1652 τῆς
2797 1580 3023 1652 πλάνης,
3062 1578 3452 1651 πτερορῤυοῦσι
3490 1577 3695 1643 πολλοὶ,
3729 1579 3828 1634 καὶ

2273 1673 2588 1747 βαρύνονται
2615 1674 2695 1737 εἰς
2726 1673 2817 1726 τὸν
2854 1673 2975 1727 καθ’
3015 1673 3160 1744 ἡμᾶς
3192 1670 3302 1741 βίον
3328 1671 3572 1741 ⁴ἡκοντες,
3612 1687 3829 1741 χαυνω-

616 1756 807 1819 vitam,
834 1755 1088 1810 relaxatis
1106 1764 1159 1810 et
1176 1754 1430 1825 languida
1454 1754 1679 1811 mollitie
1698 1754 1951 1811 resolutis
1966 1755 2165 1821 nervis,

2268 1764 2464 1818 θέντων
2501 1764 2683 1827 αὐτοῖς
2716 1764 2810 1817 καὶ
2836 1762 3205 1834 χαλασθέντων
3234 1761 3342 1815 τῶν
3370 1760 3557 1825 τόνων,
3577 1759 3701 1815 καθ’
3727 1759 3827 1826 οὒς

617 1849 816 1919 quibus
848 1849 1054 1903 alarum
1083 1848 1352 1903 castitatis
1380 1847 1591 1903 indoles
1619 1848 1927 1916 roboratur,
1956 1863 2020 1903 ea
2049 1864 2173 1904 sur-

616 1956 736 1995 sum
787 1942 971 1996 levans
1026 1956 1145 2011 qua
1199 1940 1535 2010 corruptioni
1598 1955 1885 2010 corporum
1948 1940 2171 1998 libidine

616 2031 868 2087 deorsum
894 2037 1140 2101 vergunt.
1174 2029 1333 2093 Hinc,
1365 2044 1400 2083 ο
1430 2028 1624 2093 Arete,
1673 2030 1769 2084 tibi
1806 2044 1999 2085 nomen
2054 2039 2167 2096 est,

615 2126 693 2179 sic
723 2125 881 2180 dictae
912 2124 1025 2179 sive
1051 2123 1194 2193 quod
1229 2137 1326 2192 per
1354 2129 1409 2177 te
1442 2122 1614 2192 ipsam
1652 2123 1840 2193 αἱρετὴ
1865 2162 1880 2186 ,
1924 2124 2168 2195 ειὶῃὶόίιίε

612 2232 666 2270 es
686 2255 702 2278 ,
738 2214 1010 2286 dignaque
1036 2229 1158 2283 quae
1198 2214 1538 2284 pratopteris,
1569 2214 1710 2284 quod
1744 2212 1915 2285 αἴρεις
1933 2254 1949 2281 ,
1978 2214 2034 2269 id
2059 2221 2164 2278 est,

614 2306 816 2359 attollis
847 2313 900 2359 et
926 2304 980 2358 in
1010 2303 1177 2358 caelos
1210 2303 1388 2367 levas,
1424 2303 1479 2357 in
1515 2302 1920 2357 candidissimis
1953 2317 2167 2373 semper

611 2397 883 2450 mentibus
909 2394 1168 2450 incedens
1201 2412 1214 2447 :
1250 2402 1309 2448 tu
1341 2394 1474 2449 mihi
1496 2409 1699 2465 auspex
1731 2393 1993 2449 orationis
2025 2401 2163 2461 esto,

611 2500 773 2554 quam
802 2485 919 2553 ipsa
950 2485 1149 2540 habere
1174 2485 1503 2555 praecepisti.

2265 1857 2426 1928 ἡτῶν
2450 1856 2662 1929 πτερῶν
2695 1856 2795 1927 τῆς
2838 1853 3184 1927 σωφροσύνης
3228 1851 3605 1923 συγκρατεῖται
3636 1850 3824 1922 φύσις,

2265 1950 2593 2021 κουφίζουσα
2642 1947 2710 2002 τὰ
2741 1943 2890 2002 κάτω
2922 1940 3145 2001 νεύοντα
3180 1945 3309 2018 περὶ
3351 1943 3680 2017 τὴν,φθορὰν
3711 1945 3826 1997 τῶν
3940 2011 3947 2017 υ

2265 2042 2547 2113 σωμάτων.
2601 2040 2759 2094 Ὅθεν
2779 2078 2793 2103 ,
2841 2032 2886 2093 ὦ
2931 2037 3155 2111 Ἀρετὴ,
3208 2035 3318 2092 εἴτε
3375 2033 3456 2091 ὅτι
3496 2036 3565 2090 δι’
3621 2036 3824 2107 ἑαυτὴν

2260 2132 2482 2203 αἱρετὴ,
2516 2131 2624 2186 εἴτε
2676 2130 2763 2185 διὰ
2801 2130 2862 2184 τὸ
2910 2129 3098 2199 αἴρειν
3144 2129 3238 2184 καὶ
3289 2123 3633 2199 μετεωρίζειν
3684 2128 3825 2197 πρὸς

2263 2222 2515 2294 οὐρανὸν,
2544 2220 2744 2290 ταύτην
2780 2218 3016 2290 ἔσχηκας
3052 2216 3148 2289 τὴν
3190 2215 3530 2287 ἐπωνυμίαν,
3573 2216 3665 2269 ἐπὶ
3693 2214 3823 2268 λευ-

2265 2308 2505 2362 κοτάτων
2557 2307 2642 2361 ἀεὶ
2682 2305 2940 2377 βαίνουσα
2987 2303 3226 2376 φρενῶνο
3274 2303 3346 2357 ῐθι
3383 2321 3471 2375 μοι
3507 2302 3830 2374 συναντιλη-

2262 2398 2471 2471 ψομένη
2511 2396 2604 2451 τοῦ
2636 2395 2813 2465 λόγου,
2838 2394 2898 2450 δν
2924 2392 3062 2466 αὐτὴ
3089 2391 3426 2466 προσέταξας
3451 2393 3646 2447 εἰπεῖν.

679 2602 808 2659 CAP.
837 2602 904 2659 ll.
935 2601 1059 2656 Alta
1081 2618 1354 2657 sacrarum
1375 2603 1634 2673 virginum
1661 2619 1801 2657 mens
1831 2611 1881 2657 et
1902 2601 2221 2658 constantia.
2254 2599 2529 2672 Virginum
2559 2598 2615 2653 in
2637 2597 2815 2652 beatas
2838 2595 2983 2652 sedes
3012 2605 3132 2651 ante
3155 2595 3382 2667 reliquos
3403 2595 3745 2653 introdnctto.

678 2715 780 2783 Qui
809 2716 951 2771 enim
984 2715 1274 2780 dcﬂuxum.
1303 2730 1465 2787 quem
1500 2714 1634 2782 dixi,
1664 2730 1961 2786 pennarum
1982 2715 2153 2786 passi,

610 2807 666 2862 in
695 2808 999 2878 voluptates
1023 2809 1262 2879 prolapsi
1287 2816 1435 2873 sunt,
1461 2823 1572 2864 non
1601 2809 1755 2879 prius
1785 2809 1967 2864 dolere
1996 2823 2061 2864 ac
2076 2809 2156 2863 la-

608 2898 833 2955 boribus
850 2898 1147 2955 conﬂictari
1170 2900 1428 2956 desinunt
1453 2915 1616 2971 quam
1641 2900 1880 2957 libidinis
1900 2901 2159 2971 concupi-

2329 2714 2392 2768 Oi
2418 2712 2525 2783 γὰρ
2553 2711 3054 2784 πτερορρυήσαντες
3083 2709 3178 2763 καὶ
3205 2710 3459 2773 πεσόντες
3478 2711 3557 2773 εἰς
3577 2684 3675 2773 τὰς
3694 2711 3826 2783 ἡδο-

2261 2805 2354 2869 νάς
2376 2806 2438 2859 οὐ
2472 2805 2733 2877 πρότερον
2764 2804 2986 2875 λήγουσι
3013 2803 3187 2875 λύπης
3217 2804 3313 2858 καὶ
3344 2803 3541 2867 πόνων,
3578 2802 3689 2856 ἐστ’
3723 2804 3821 2870 ἀν,

2260 2901 2326 2971 τῇ
2358 2897 2451 2952 τοῦ
2485 2898 2687 2962 πάθους
2720 2897 2979 2983 ἐπιθυμίᾳ
3007 2898 3106 2968 τὴν
3136 2895 3377 2966 ἀνάγκην
3416 2895 3822 2967 ἐκπληροῦντες

607 2990 813 3044 scentia
845 2990 1269 3061 intemperantia:
1325 2990 1650 3045 necessitate
1681 2990 1913 3060 expleta,
1944 2990 2159 3062 profani

2261 2991 2358 3060 τῆς
2384 2989 2671 3061 ἀκρασίας,
2694 2988 2927 3061 ἀμύητοι
2955 2989 3048 3043 καὶ
3072 2988 3276 3052 ἀτελεῖς
3306 2987 3399 3041 τοῦ
3428 2987 3528 3058 τῆς
3558 2987 3824 3058 ἀληθείας

607 3082 886 3152 sacrisque
905 3082 1130 3146 exclusi,
1160 3098 1191 3136 a
1211 3082 1453 3138 veritatis
1482 3097 1646 3139 scena
1661 3090 1905 3138 extorres
1936 3080 2158 3138 exstite-

2260 3050 2589 3152 ἀπομείνωσι
2632 3050 2943 3153 *δράματοςο
2996 3081 3116 3134 ἀντὶ
3164 3050 3269 3151 τῆς⁷
3308 3079 3447 3151 μετά
3484 3050 3668 3143 αἰδοῦς
3716 3050 3824 3135 καί

605 3177 739 3240 rint,
774 3183 833 3231 ut
878 3191 986 3231 non
1026 3175 1231 3245 pudore
1274 3175 1551 3246 castisque
1580 3174 1784 3247 nuptiis
1816 3174 2003 3231 liberis
2038 3189 2160 3245 pro-

604 3268 854 3324 creandis
879 3275 1081 3340 ponant
1097 3282 1336 3337 operam,
1358 3267 1453 3323 sed
1481 3268 1637 3323 saevis
1650 3282 1896 3322 amorum
1920 3267 2160 3337 volupta-

605 3359 751 3413 tihus
777 3358 959 3414 furore
981 3358 1270 3414 insaniant.
1300 3356 1430 3424 Quae
1445 3372 1575 3413 vero
1599 3356 1724 3411 forti
1745 3356 1957 3427 levique
1980 3370 2158 3427 penna

605 3451 789 3506 saeculi
820 3458 1153 3521 emergentes
1181 3464 1360 3515 coeno,
1394 3450 1451 3505 in
1493 3451 1676 3506 locum
1697 3449 1957 3504 mundum
1993 3464 2156 3520 supe-

602 3544 801 3597 riorem
835 3543 1023 3597 oculos
1050 3548 1394 3612 mentemque
1418 3542 1762 3608 extulerunt,
1791 3542 1982 3611 procul
2011 3542 2156 3612 aspi-

600 3634 807 3689 cientes
825 3648 943 3703 qute
970 3649 1128 3689 nemo
1140 3634 1279 3689 alius
1301 3634 1518 3698 viderit,
1552 3637 1667 3706 ipsa
1691 3635 1950 3690 nimirum
1976 3635 2157 3690 incor.

580 3722 871 3794 .ruptionis
885 3731 1058 3793 prata,
1082 3714 1476 3778 inaestimabilia
1497 3724 1692 3780 decora
1712 3725 1978 3796 ﬂoresque
1997 3727 2155 3797 pleno

581 3814 708 3868 .illis
734 3828 903 3867 cornu
926 3812 1222 3878 fundentia,
1250 3812 1317 3866 ad
1338 3814 1452 3883 ipsa
1471 3830 1590 3884 qua:
1610 3815 1721 3869 illic
1748 3825 1875 3870 sunt
1900 3817 2155 3872 continue

601 3900 782 3958 animo
810 3904 974 3959 erecti
1002 3911 1128 3958 sunt
1157 3911 1486 3975 versantque
1506 3906 1815 3974 spectacula
1844 3923 1858 3972 ;
1886 3923 1995 3976 quo
2020 3906 2076 3960 tit
2095 3915 2152 3960 ut

601 4003 856 4064 tanquam
902 4009 1065 4065 parva
1090 3993 1389 4064 despiciant
1415 4010 1536 4064 qua:
1570 3995 1658 4051 hic
1693 3998 1918 4067 pulchra
1964 3998 2154 4054 existi-

597 4095 836 4153 mantur,
867 4102 1016 4157 Opes,
1057 4087 1313 4152 honores,
1360 4087 1719 4154 nobilitatem,
1767 4091 2006 4161 nuptias,
2050 4107 2152 4147 nec

596 4176 789 4231 horum
819 4178 1112 4248 quidquam
1140 4178 1364 4248 majoris
1394 4178 1598 4250 aliquid
1613 4179 1772 4249 pretii
1794 4182 2147 4239 arbitrentur.

575 4266 736 4335 Quin
761 4277 814 4324 et
836 4270 883 4325 si
913 4272 1033 4341 quis
1058 4284 1244 4325 earum
1277 4285 1504 4342 corpora
1539 4270 1668 4327 feris
1685 4271 1984 4330 ﬂammisve
2012 4275 2151 4344 obji-

2262 3173 2608 3246 σωφροσύνης
2640 3173 3065 3241 παιδοποιήσεως
3095 3171 3313 3243 ἀγρίαις
3354 3170 3568 3242 ἐρώτων
3611 3170 3821 3243 λυττή-

2222 3294 2225 3296 -
2258 3280 2450 3328 σαντες
2494 3264 2726 3335 ἡδοναῖς.
2761 3265 2826 3316 Αἱ
2857 3263 2916 3317 δέ
2961 3262 3215 3334 εὓπτεροι
3256 3262 3349 3315 καὶ
3379 3261 3577 3330 κοῦφαι
3608 3262 3691 3323 εἰς
3721 3260 3826 3317 τὸν

2255 3356 2619 3429 ὑπερκόσμιον
2649 3357 2811 3411 τόπον
2840 3355 3217 3427 ὕπερκύψασαι
3247 3353 3339 3408 τοῦ
3374 3353 3508 3424 βίου,
3543 3354 3639 3407 καὶ
3675 3354 3827 3409 ί,δοῦ-

2257 3466 2346 3503 σαι
2376 3448 2654 3521 πόρρωθεν
2680 3447 2716 3503 ἀ
2744 3448 2817 3520 μή
2846 3447 3030 3518 ἐτερος
3050 3445 3347 3518 ἀνθρώπων
3376 3445 3657 3510 ἐθεάσατο,
3683 3448 3823 3511 τοὺς

2253 3541 2522 3613 λειμῶνας
2568 3541 2763 3605 αὐτοὺς
2806 3541 2907 3611 τῆς
2958 3538 3282 3611 ἀφθαρσίας,
3333 3539 3590 3610 ἀμήχανα
3632 3538 3817 3612 κάλλη

2254 3632 2348 3686 καὶ
2386 3631 2518 3703 ἀνθη
2567 3633 2858 3706 φέροντας,
2893 3630 2987 3684 καὶ
3021 3630 3499 3701 πεπληρωμένους,
3538 3631 3625 3684 ἀεὶ
3670 3631 3821 3702 πρὸς

2253 3724 2441 3788 αὑταῖς
2472 3725 2608 3777 εἰσιν
2653 3722 3012 3777 ἀναπολοῢσαι
3044 3722 3110 3776 τά
3137 3724 3252 3775 ἐκεῖ
3291 3722 3569 3794 θεάματα·
3595 3722 3689 3776 καὶ
3714 3722 3820 3778 διὰ

2253 3815 2408 3869 τοῦτο
2456 3815 2626 3887 μικρά
2672 3815 2925 3887 ἡγοῦνται
2954 3814 3021 3870 τὰ
3072 3814 3304 3870 ἐνταῦθα
3352 3814 3428 3887 (9)
3474 3814 3822 3886 νομιζόμενα

2254 3905 2410 3969 καλὰ,
2433 3906 2676 3972 πλοῦτον,
2702 3907 2794 3960 καὶ
2827 3907 3002 3972 δόξας,
3027 3907 3121 3960 καὶ
3146 3906 3297 3977 γένη,
3323 3906 3418 3960 καὶ
3448 3907 3674 3977 γάμους,
3707 3909 3820 3961 καὶ

2251 3996 2400 4051 οὐδέν
2426 4014 2478 4051 τι
2507 3999 2728 4052 ἐκείνων
2760 3999 2887 4068 περὶ
2917 3999 3155 4062 πλείονος
3183 3997 3479 4052 ποιοῦνται.
3521 3997 3678 4051 Ἀλλά
3706 4001 3820 4054 καὶ

2252 4087 2307 4139 εί
2331 4104 2415 4151 τις
2458 4087 2635 4140 αὐτῶν
2687 4087 2895 4160 θηρίοις
2939 4090 2973 4160 ἢ
3020 4089 3149 4160 πυρὶ
3184 4089 3421 4160 βούλοιτο
3459 4087 3527 4142 τά
3576 4086 3821 4158 σώματα.

2252 4179 2596 4251 παραδιδόναι
2642 4181 2736 4234 καὶ⁴
2777 4181 3155 4251 τιμωρεῖσθαι,
3199 4180 3429 4251 ἑτοίμως
3476 4179 3658 4250 έχουσι
3693 4179 3819 4235 τῶν

2249 4270 2552 4342 ἀλγηδόνων
2600 4271 2970 4343 ἀφροντιστεῖν
3014 4272 3100 4326 διὰ
3143 4272 3233 4325 τὸν
3266 4270 3488 4325 ἐκείνων
3519 4270 3679 4324 πόθον
3706 4271 3824 4325 καὶ

518 4413 522 4416 ι
593 4360 718 4418 cere
731 4363 980 4426 voluerit,
994 4361 1236 4432 dirisque
1254 4361 1639 4419 excarniﬁcare
1661 4364 1963 4434 suppliciis,
1981 4383 2149 4437 quan-

2260 4364 2344 4433 τὴν
2378 4364 2595 4418 ἐκείνων
2623 4364 2908 4437 ἔκπληξινο
2938 4364 3078 4418 ὥστε
3106 4365 3277 4418 δοκεῖν
3306 4363 3494 4428 αὐτὰς,
3526 4366 3582 4417 ἐν
3612 4362 3821 4436 κόσμῳ

591 4456 785 4513 tamvis
848 4464 1239 4512 tormentorum
1292 4456 1642 4513 acerbitatem
1689 4464 2032 4512 contemnere
2087 4458 2142 4513 in

2260 4455 2431 4521 οὔσας,
2483 4458 2556 4529 μὴ
2590 4453 2728 4512 εἶναι
2762 4459 2819 4511 ἐν
2852 4458 3059 4529 κόσμῳ,
3098 4456 3234 4511 ἀλλὰ
3264 4456 3342 4527 τῷ
3371 4456 3674 4528 φρονήματι
3706 4455 3820 4510 καὶ

564 4556 567 4567 '
590 4556 843 4619 promptu
866 4549 1082 4613 habent,
1102 4545 1247 4619 quod
1262 4545 1476 4601 illorum
1489 4559 1675 4602 amore
1694 4562 1758 4603 ac
1777 4549 1957 4619 specie
1974 4564 2138 4620 quam

2260 4552 2311 4621 τῇ
2349 4553 2491 4623 ὁρμῇ
2530 4550 2630 4621 τῆς
2658 4549 2951 4622 ἐπιθυμίας
2987 4552 3065 4616 είς
3095 4549 3194 4621 τὴν
3240 4550 3435 4619 ἀγυριν
3462 4550 3564 4621 ήδη
3593 4547 3704 4601 τῶν
3747 4550 3817 4603 ἐν

561 4640 722 4706 Δῖαί,
756 4640 942 4697 deﬁxae
977 4648 1121 4704 sunt,
1147 4648 1206 4694 ut
1233 4638 1481 4711 quamvis
1501 4637 1557 4694 in
1588 4639 1792 4695 mundo
1829 4650 2136 4705 versentur,

2260 4645 2357 4707 τοῖς
2387 4643 2635 4714 οὐρανοῖς
2669 4642 2778 4714 (10)
2804 4642 3102 4713 τυγχάνειν.

589 4751 698 4791 non
730 4736 783 4790 in
818 4735 1019 4791 mundo
1036 4750 1156 4791 esse
1186 4735 1489 4799 videantur,
1523 4734 1619 4791 sed
1674 4735 1870 4791 mentis
1917 4750 2081 4792 sensu
2138 4750 2202 4792 ac
2249 4738 2500 4794 desiderii
2538 4739 2633 4806 vi,
2684 4740 2739 4793 in
2779 4741 2955 4811 ipsum
2999 4738 3112 4810 jam
3160 4738 3402 4795 caelitum
3452 4744 3653 4794 coetum
3711 4750 3825 4791 as-

560 4856 571 4869 »
586 4836 834 4899 sumptae.

2240 4986 2412 5043 sinius
2436 4984 2704 5057 habuerit,
2725 5000 2884 5055 quam
2904 4995 3085 5041 tamen
3107 4986 3221 5057 ipse
3247 4985 3301 5039 in
3331 5000 3432 5057 suo
3458 4999 3563 5040 non
3586 4982 3819 5057 habuit.

695 5055 851 5128 τοῦτο
883 5055 956 5126 μὴ
985 5054 1239 5126 ῥέπουσαι
1260 5055 1398 5128 πρὸς
1418 5055 1485 5108 τὰ
1512 5059 1687 5111 ἐντ....
1721 5057 1777 5111 In
1809 5057 1954 5112 edito
1977 5058 2136 5128 Com-

2260 5058 2359 5112 iieo
2389 5056 2625 5128 periculo
2657 5053 3053 5128 quidvis_aliud
3092 5053 3290 5128 potius
3325 5056 3547 5125 scripsit
3584 5054 3816 5128 Metho-

582 5122 854 5197 belisiano
881 5122 1159 5194 perperam
1182 5122 1520 5197 _adnotatum
1568 5129 1623 5179 in
1678 5130 1949 5195 margine,
1997 5126 2134 5181 hanc
2239 5122 2574 5197 dius—Forte
2596 5122 2782 5194 ἁγίων,
2815 5126 2899 5180 vel
2927 5122 3119 5197 potius
3141 5125 3407 5195 ἀγγέλων,
3436 5122 3496 5197 ut
3533 5124 3824 5194 exprimat

568 5206 703 5267 esse
720 5192 1020 5267 lectionem
1053 5209 1150 5267 ms.
1182 5193 1376 5267 Mazar.
1402 5193 1583 5267 _Gu.r..
1800 5192 1822 5195 ⁷
2240 5197 2371 5251 illud
2397 5195 2558 5267 Hebr.
2589 5192 2687 5260 xu,
2719 5197 2808 5259 23,
2834 5192 2946 5251 ubi‘
2967 5196 3035 5251 de
3076 5198 3168 5250 illo
3192 5192 3327 5267 ipso
3365 5192 3815 5267 caelitum—emtu,

654 5263 765 5338 (ιο)
804 5263 924 5338 Ἰξῶν
946 5265 1016 5316 ὲν
1040 5263 1162 5338 τοῖς
1182 5265 1805 5338 ορρανοῒςηιηιρονιιιιιο
1842 5268 2003 5324 nimis
2027 5267 2136 5323 edi-

2260 5284 2295 5321 n
2327 5283 2434 5338 quo
2464 5266 2575 5334 jam
2602 5268 2809 5321 versari
2862 5267 3099 5338 virgines
3146 5263 3309 5338 sensu
3341 5264 3538 5320 mentis
3576 5264 3821 5338 videan-

568 5331 696 5414 ‘tum
730 5334 785 5386 in
818 5331 1174 5420 Pu‘paruﬁfby
1201 5331 1441 5419 ἄστρων,
1467 5337 1535 5392 de
1564 5331 1670 5420 qua
1706 5347 1883 5420 tamen
1924 5339 2131 5420 vaccis

2261 5331 2360 5400 ur,'
2382 5331 2479 5391 καῖ
2519 5331 3042 5420 μυριάσινιέὶγγέλξων
3070 5336 3390 5420 πανηγύρει,
3413 5334 3816 5420 quamaipsan}

576 5403 672 5476 qui
702 5403 915 5476 praefuit
944 5402 1186 5476 editioni,
1217 5419 1280 5476 ac
1308 5402 1870 5464 variantes‘lectiones
1909 5407 2124 5476 adjecit,
2232 5423 2419 5462 vocem
2448 5402 2727 5476 scripserit
2765 5402 3065 5463 Methodius
3113 5402 3238 5463 nisi
3269 5402 3498 5476 simplici
3547 5402 3823 5459 maluerit.

586 5472 1217 5548 Yox‘amptovhinquit,
1248 5475 1425 5531 deerat
1456 5484 1509 5532 in
1548 5477 1665 5533 Vat.
1716 5479 1907 5533 codice.
1956 5472 2044 5541 Ᾱι,
2082 5479 2128 5532 si
2231 5472 2698 5548 reddereﬁyuptv.
2754 5476 2983 5534 Perinde
3024 5479 3168 5534 enim
3218 5481 3321 5543 e'st,
3375 5472 3579 5548 concio,
3613 5484 3815 5548 emtas,

576 5542 781 5617 deerat,
814 5541 958 5617 unde
996 5543 1245 5617 l‘ossinio
1279 5548 1466 5608 ascita,
1516 5564 1620 5617 qua
1656 5548 1922 5603 reddenda
1965 5549 2129 5601 tantis
2234 5547 2514 5603 multitudo
2534 5541 2779 5609 'co'llecta.
2819 5563 2928 5602 non
2959 5548 3194 5604 siderum
3230 5541 3461 5615 (nug:e),
3488 5546 3584 5600 sed
3630 5546 3820 5599 coele—

578 5612 787 5690 laborat
817 5614 1396 5690 verburum__phaleris_?
1432 5612 1586 5690 Ponit
1613 5619 1841 5690 Allatius
1876 5622 2131 5690 interva-
2235 5619 2399 5690 stium
2427 5619 2710 5690 spirituum
2733 5626 2787 5675 et
2811 5620 3145 5690 angelorum,
3171 5612 3492 5690 quibuscum
3517 5619 3669 5690 beata
3698 5630 3822 5690 no—

575 5683 688 5741 rias
716 5684 973 5742 lectiones
1004 5700 1070 5742 ex
1095 5683 1214 5743 Vat.
1246 5694 1299 5742 et
1343 5685 1499 5742 Barb.
1535 5688 1716 5753 codd.,
1747 5689 1976 5759 indeque
2001 5688 2131 5745 Pos-
2236 5688 2321 5744 bis
2349 5683 2580 5746 societas
2619 5688 2674 5745 in
2711 5688 2867 5745 caelis
2886 5683 3290 5761 'exspectatur;
3320 5687 3541 5758 jamque
3575 5685 3825 5760 virgini-

658 4983 733 5055 (9)
762 4984 865 5039 Διὰ
896 4983 1069 5038 τοῦτο
1102 4985 1281 5053 μικρά
1304 4985 1585 5053 ἡγοῦνται
1622 4987 1693 5041 τὰ
1726 4987 1848 5042 ert.
1885 4987 2132 5050 Allatius,
