4052 6338
181 345 273 403 ιιι

1273 344 1653 405 CONVIVIUM
1695 348 1922 404 DECEM
1967 348 2322 403 V'lllGlNUM.

3305 349 3407 403 142

249 456 329 508 υὺ
361 455 473 525 γὰρ
519 455 674 526 Θέμις
709 457 802 510 ἐπὶ
840 458 941 529 γῆς
984 458 1185 528 βρίθειν
1234 460 1372 513 κατά
1416 459 1513 531 τὴν
1557 459 1744 512 ἑαυτοῦ

1921 457 2037 512 Non
2067 459 2210 512 enim
2239 459 2320 513 fas
2343 465 2426 512 est
2473 457 2799 528 virginitatis
2830 459 2968 512 alam
3010 467 3200 530 suapte
3230 459 3409 513 indole

181 546 344 618 φύσιν
374 549 437 600 τὺ
465 549 565 618 τῆς
594 549 889 620 παρθενίας
922 549 1138 622 πτερὸν,
1164 551 1276 604 ἀλλ’
1309 552 1418 605 ἄνω
1451 553 1634 624 φέρειν
1671 555 1749 615 εἰς

178 643 432 713 ὠρανὸν,
461 644 540 704 εἰς
571 641 808 712 καθαρὸν
851 641 1062 712 αἰθέρα,
1108 644 1200 696 καὶ
1238 645 1328 697 τὸν
1367 646 1749 716 τῶνοάγγέλων

183 735 400 802 γείτονα
436 732 569 802 βίον.
608 732 767 786 Ὅθεν
795 735 890 786 καὶ
915 733 1123 804 πρῶται
1150 735 1257 789 τῶν
1284 736 1455 790 ἄλλων
1490 739 1624 809 μετά
1651 741 1749 811 τὴν

182 824 484 891 ἀνάκλησιν
525 825 616 876 καὶ
642 825 741 894 τὴν
773 824 1018 878 ἐντεῦθεν
1057 825 1320 896 ἐκδημίαν
1359 831 1414 882 αἱ
1452 829 1624 900 ὀρθῶς
1659 833 1751 884 καὶ

184 917 390 980 πιστῶς
421 916 852 986 παρθενεύσασαι
879 917 956 987 τῷ
986 919 1202 990 Χριστῷ
1229 921 1296 973 τὰ
1329 925 1614 994 νικητήρια
1650 926 1744 994 φέ-

187 1023 366 1081 ρονται
416 1009 521 1061 τῶν
560 1009 767 1072 ἄθλων,
819 1013 931 1072 τοῖς
961 1010 1061 1078 τῆς
1088 1011 1392 1084 ἀφθαρσίας
1421 1014 1602 1068 ἄνθεσι
1633 1033 1750 1068 στε-

189 1103 404 1170 φθεῖσαι
441 1101 574 1173 πρὸς
619 1100 805 1156 αὑτοῦ.
845 1103 995 1172 Ἅμα
1043 1101 1151 1172 γὰρ
1190 1104 1267 1174 τῷ
1309 1106 1627 1175 καταλείψαι
1660 1107 1749 1160 τὸν

192 1197 388 1264 κόσμον
423 1195 522 1257 τὰς
568 1195 766 1264 ψυχάς,
803 1195 956 1262 λόγος
981 1197 1100 1259 ταῖς
1142 1195 1426 1268 παρθένοις
1475 1199 1750 1252 ὑπαντῶν-

194 1306 286 1351 τας
319 1288 578 1356 ἀγγέλους
615 1286 754 1357 μετὰ
784 1286 984 1356 πολλῆς
1015 1286 1283 1356 εὐφημίας
1311 1291 1389 1352 εἰς
1420 1291 1544 1353 τοὺς
1568 1309 1750 1362 προει-

202 1382 454 1452 ρημένους
483 1379 876 1450 παραπέμπειν
905 1377 1171 1447 λειμῶνας
1205 1380 1396 1443 αὑτὰς,
1428 1383 1504 1443 εἰς
1528 1381 1619 1444 οὓς
1656 1385 1748 1435 καὶ

205 1473 421 1544 πρὸσθεν
450 1472 626 1524 ἐλθεῖν
669 1470 974 1541 ὲγλίχοντο,
1014 1471 1283 1541 μακρόθεν
1315 1473 1509 1536 αὐτοὺς
1548 1492 1748 1542 φαντα-

209 1564 464 1616 σιωθεῖσαι
501 1565 640 1627 τότε,
674 1565 855 1626 ὁπότε,
887 1562 966 1615 ἔτι
998 1562 1391 1634 ἐπενδημοῦσαι
1424 1570 1534 1630 τοῖς
1568 1567 1748 1638 σώμα-

212 1675 308 1723 σιν,
335 1657 625 1711 ἰνδάλλοντο
653 1657 722 1709 τά
748 1657 885 1709 θεῖα.

1848 551 1901 604 in
1941 557 2141 604 terram
2171 562 2413 618 vergere,
2437 549 2594 617 cujus
2624 551 2801 616 potius
2838 549 3076 602 muneris
3115 549 3186 603 sit
3211 548 3266 602 in
3301 565 3412 602 cm-

1849 643 1958 695 lum
1989 655 2290 710 purumque
2317 640 2516 694 :cthera
2547 655 2610 694 ac
2640 641 2870 694 vicinam
2896 641 3206 708 angelorum
3243 641 3409 695 vitam

1849 732 2120 786 hominem
2145 732 2351 785 tollere.
2389 730 2633 801 Reliquis
2665 733 2846 800 itaque
2871 734 3080 799 priores
3117 733 3244 786 hinc
3273 747 3406 787 evo-

1851 833 1985 879 cata:
2013 841 2075 877 ac
2109 825 2458 894 emigrantes,
2485 841 2604 894 qua:
2633 833 2780 880 recte
2812 825 3148 895 ﬁdeliterque
3186 826 3412 881 Christo

1854 917 2091 986 virgines
2135 917 2452 979 militavere,
2484 916 2725 970 victoriae
2775 916 2993 986 praemia
3029 917 3290 978 referunt,
3327 919 3410 970 in-

1850 1008 2212 1078 corruptionis
2241 1009 2308 1062 ab
2340 1023 2404 1062 eo
2432 1009 2654 1066 ﬂoribus
2687 1010 2953 1076 sertisque
2983 1007 3265 1063 redimitae.
3286 1007 3411 1063 Mox

1847 1102 1990 1154 enim
2019 1116 2080 1155 ac
2113 1102 2304 1155 animae
2331 1104 2590 1154 mundum
2611 1101 3163 1171 reliquerint,praasto
3179 1117 3299 1156 esse
3313 1116 3413 1155 an-

1847 1194 1996 1264 gelos
2052 1194 2256 1257 ferunt,
2290 1194 2380 1264 qui
2422 1193 2722 1264 virginibus
2765 1194 2982 1248 obviam
3028 1193 3406 1263 procedentes,

1849 1285 2135 1340 ambitioso
2163 1285 2422 1339 famulatu
2449 1286 2759 1355 ingentique
2787 1286 3079 1355 praeconio,
3111 1285 3175 1339 ad
3199 1299 3261 1339 ea
3291 1299 3411 1354 quae

1852 1379 2270 1434 memoravimus
2299 1386 2454 1450 prata
2489 1378 2760 1434 deducant
2789 1419 2804 1443 ,
2857 1393 2965 1448 quo
2991 1389 3044 1433 et
3072 1387 3197 1433 ante
3225 1379 3412 1434 venire

1851 1473 2184 1542 gliscebant;
2221 1474 2407 1543 procul
2440 1482 2569 1526 tunc
2582 1473 2762 1527 animo
2786 1471 3162 1536 inl‘ormantes,
3181 1489 3303 1528 cum
3324 1471 3416 1526 ad-

1853 1565 1958 1618 huc
1989 1565 2045 1618 in
2091 1565 2411 1634 corporibus
2447 1573 2756 1628 versantes,
2804 1564 3096 1618 simulacro
3157 1565 3416 1634 tenuique

1853 1659 2087 1729 imagine
2124 1660 2308 1712 divina
2341 1667 2519 1714 mente
2541 1659 3021 1729 repraasentabant.

1241 1774 1369 1830 Car.
1393 1775 1482 1832 Ill.
1525 1772 1856 1844 Virginitatis
1877 1789 1991 1829 sors
2021 1784 2070 1828 et
2103 1774 2384 1831 hereditas.

289 1887 537 1941 Ἐνταῦθα
564 1887 628 1958 δὴ
661 1888 943 1952 ἐλθούσας,
970 1890 1256 1960 θαυμαστά
1287 1908 1404 1943 τινα
1436 1887 1750 1948 θεάσασθαι,

1925 1886 2042 1942 Jam
2059 1902 2189 1942 vero
2218 1889 2344 1942 illuc
2376 1887 2686 1958 perductis,
2732 1887 2978 1940 miranda
3013 1887 3258 1956 quaedam
3289 1888 3411 1944 illuc

213 1978 296 2028 καὶ
324 1977 604 2048 έκλαμπρα
650 1979 746 2031 καὶ
779 1980 1020 2049 μακάρια
1065 1979 1232 2050 κάλλη
1254 2019 1268 2042 ,
1303 1980 1394 2032 καὶ
1421 1981 1576 2031 ὁποῖα
1609 1979 1747 2044 ἐξει-

212 2071 318 2120 πεῖν
347 2071 421 2132 εἰς
460 2068 780 2140 ἀνθρώπους
820 2071 1095 2142 δυσχερές.
1132 2067 1282 2124 Εἶναι
1332 2071 1438 2143 γάρ
1471 2071 1634 2142 αὐτὴν
1673 2072 1750 2124 δι-

209 2162 476 2232 καιοσύνην
526 2162 623 2216 καὶ
668 2163 949 2235 φρόνησιν,
1003 2164 1218 2234 ἀγάπην
1272 2165 1441 2235 αὐτὴν
1490 2167 1604 2218 ἐκεῖ
1657 2165 1750 2218 καὶ

208 2255 437 2324 ἀλήθειαν
488 2256 584 2308 καὶ
641 2256 1018 2328 σωφροσύνην,
1061 2257 1155 2310 καὶ
1201 2256 1270 2309 τὰ
1317 2257 1451 2311 ἄλλα
1491 2257 1751 2322 ὡσαύτως

208 2348 421 2418 ἐπιφανῆ
453 2349 555 2418 τῆς
582 2349 771 2417 σοφίας
792 2350 927 2421 ἄνθη
957 2351 1050 2403 καὶ
1077 2352 1248 2419 φυτά·
1275 2342 1350 2404 ὧν
1380 2353 1538 2420 ἡμεῖς
1571 2351 1752 2404 ἐνθάδε

206 2442 348 2502 σκιὰς
380 2441 549 2510 μόνας
594 2440 974 2512 φασματώδεις
1025 2441 1463 2512 ὀνειρώσσοντες,
1497 2444 1605 2496 ἀπὸ
1645 2443 1752 2498 τῶν

205 2532 437 2600 πράξεων
465 2533 756 2604 ἡγούμεθα
791 2535 899 2587 τῶν
927 2534 1278 2603 ἀνθρωπίνων
1308 2537 1644 2598 συνεστάναι,
1671 2539 1752 2591 ὅτι

205 2627 274 2695 μή
300 2627 435 2679 ἐστιν
458 2627 641 2680 αὐτῶν
661 2627 821 2699 δεῦρο
848 2628 1014 2698 μηδὲν
1036 2629 1251 2681 εἴδωλον
1278 2631 1603 2697 καταφανὲς,
1637 2631 1751 2684 ἀλλ’

202 2719 621 2790 ἀπεικονίσματα
667 2720 827 2790 μόνον
857 2719 1040 2790 ἀειδῆ,
1069 2720 1104 2774 ἃ
1147 2719 1210 2791 δὴ
1255 2723 1346 2774 καὶ
1374 2721 1512 2774 αὐτὰ
1541 2739 1752 2776 σκοτει-

199 2810 298 2872 vi};
347 2810 604 2873 πολλάκις
651 2811 1043 2874 ἀπεικάζοντες
1087 2811 1467 2883 αἰσθανόμεθα.
1525 2815 1598 2867 Οὐ
1645 2816 1754 2886 γάρ

195 2900 262 2953 ἄν
294 2901 504 2955 mimo-:5
533 2903 878 2973 δικαιοσύνης
910 2904 1076 2974 αὐτῆς
1104 2904 1137 2974 ἢ
1173 2905 1435 2970 συνέσεως
1468 2906 1500 2976 ἢ
1535 2908 1754 2978 εἰρήνης

193 2989 479 3060 ὀφθαλμοῖς
509 2991 775 3043 ἐθεάσατό
804 3009 889 3054 τις
920 2992 1167 3061 μέγεθος,
1199 2993 1232 3064 ἢ
1270 2994 1505 3066 σχῆμαῆ
1539 2996 1750 3061 κάλλος·

189 3079 306 3132 ἐκεῖ
336 3081 392 3132 δὲ
421 3083 475 3133 ὲν
503 3080 583 3150 τῷ
622 3083 792 3133 Ὄντι
825 3081 957 3149 (Η),
990 3079 1066 3143 ὥς
1106 3084 1262 3146 εἰσιν,
1285 3082 1502 3153 ὁλοτελῆ
1537 3085 1755 3154 βλέπον-

187 3189 283 3225 ται
316 3172 411 3224 καὶ
437 3173 592 3242 σαφῆ.
631 3168 785 3225 Εἶναι
818 3171 926 3241 γὰρ
957 3171 1167 3244 δένδρον
1199 3191 1251 3226 τι
1280 3178 1631 3247 σωφροσύνης
1655 3178 1753 3230 αύ-

1853 1979 2234 2049 strissimaque
2258 1987 2311 2033 et
2341 1980 2517 2043 beata,
2549 1988 2603 2033 et
2634 1994 2797 2049 supra
2835 1994 2994 2048 quam
3030 1979 3273 2034 humano
3299 1983 3413 2034 elo-

1850 2071 1979 2142 quio
2001 2071 2228 2142 exprimi
2264 2071 2417 2125 facile
2450 2071 2622 2139 possit
2643 2069 2871 2125 fruenda
2893 2069 3072 2124 olferri
3108 2071 3413 2140 pulchritu-

1853 2163 2038 2217 dinum
2073 2164 2400 2234 spectacula.
2453 2165 2572 2234 Ipsa
2620 2164 2818 2234 quippe
2869 2164 2978 2218 illic
3026 2165 3261 2233 justitia,
3296 2165 3413 2234 ipsa

1853 2255 2159 2325 prudentia,
2205 2256 2320 2325 ipsa
2367 2272 2487 2310 sese
2537 2256 2714 2326 palam
2752 2263 3022 2310 monstrat
3063 2256 3414 2327 indulgetque

1851 2361 1974 2402 cum
2028 2347 2288 2401 charitate
2329 2349 2526 2401 veritas
2560 2355 2613 2401 ct
2635 2347 2892 2413 castitas,
2952 2348 3149 2417 aliique
3171 2348 3223 2402 id
3246 2363 3417 2418 genus

1852 2435 2243 2506 speciosissimi
2285 2436 2565 2506 sapientia:
2612 2435 2772 2489 ﬂores
2802 2450 2867 2488 ac
2912 2436 3148 2506 plantae:
3182 2452 3414 2506 quorum

1852 2544 1954 2583 nos
1982 2529 2070 2582 hic
2089 2529 2309 2583 umbras
2343 2530 2488 2584 solas
2510 2529 2666 2598 quasi
2688 2543 2783 2598 per
2811 2532 3083 2584 somnium
3112 2531 3416 2602 imaginan-

1851 2627 1954 2682 tes,
1987 2628 2243 2690 putamus
2284 2635 2346 2674 ex
2389 2621 2642 2676 humanis
2688 2633 2943 2678 constare
2985 2623 3416 2692 operationibus,

1851 2714 1994 2783 quod
2019 2714 2228 2767 nullum
2258 2713 2417 2768 nobis
2437 2713 2526 2768 hic
2559 2729 2744 2768 eorum
2784 2717 3138 2786 conspicuum
3164 2723 3417 2785 suppetat

1853 2802 2227 2868 simulacrum,
2266 2803 2360 2858 sed
2393 2805 2640 2858 obscurae
2680 2806 2942 2859 duntaxat
2991 2806 3415 2875 designationes.

1851 2911 1987 2965 quas
2033 2905 2086 2950 et
2116 2897 2262 2966 ipsas
2291 2900 2487 2965 saepius
2514 2897 2746 2952 obscure
2777 2899 3108 2953 delineantes
3142 2897 3420 2966 densaque

1852 2986 2104 3056 caligine,
2141 2989 2422 3043 sentimus.
2453 2987 2560 3044 Nec
2597 2991 2741 3044 enim
2789 2991 2928 3045 ullus
2958 3005 3196 3060 unquam
3248 2990 3422 3059 ipsius

1849 3077 2096 3145 justitiae,
2124 3087 2218 3132 aut
2233 3081 2552 3148 prudentiae,
2569 3089 2660 3134 aut
2684 3081 2855 3151 pacis,
2880 3079 3307 3149 magnitudinem
3325 3087 3419 3131 aut

1857 3171 2106 3233 formam,
2141 3179 2300 3226 autve
2329 3172 2580 3226 decorem
2603 3173 2776 3227 oculis
2807 3171 3119 3241 usurpavit;
3157 3170 3266 3224 illic
3287 3186 3420 3224 vero

187 3263 312 3332 τῆς,
347 3259 482 3316 εἶναι
514 3264 754 3335 ἀγάπης,
797 3259 938 3318 εἶναι
974 3266 1268 3328 συνέσεωςο
1295 3265 1481 3339 ὥσπερ
1524 3270 1616 3321 καὶ
1649 3270 1753 3322 τῶν

1861 3265 1912 3316 in
1966 3278 2033 3316 eo
2093 3263 2197 3329 Qui
2219 3274 2294 3317 est
2327 3265 2394 3327 ⁵⁷,
2426 3265 2504 3316 uti
2544 3279 2668 3317 vere
2690 3272 2838 3325 sunt,
2864 3263 3070 3333 integra
3099 3278 3162 3315 ac
3201 3263 3423 3331 conspi-

185 3352 376 3405 ἐνθάδε
397 3356 463 3406 τὰ
487 3357 625 3422 φυτὰ
647 3355 897 3425 καρπῶν,
921 3350 1032 3408 οἷον
1049 3357 1340 3428 σταφυλῆς,
1365 3361 1516 3428 ῥοιᾶς
1543 3363 1635 3414 καὶ
1658 3363 1758 3432 μή·

187 3441 315 3506 λων,
345 3446 488 3497 οὕτω
510 3447 573 3518 δὴ
594 3448 865 3500 κάκείνων
889 3448 1180 3519 δρέπεσθαι
1211 3451 1322 3519 (12)
1347 3451 1446 3520 μὲν
1473 3454 1562 3504 καὶ
1588 3453 1759 3506 ἐσθίε-

189 3536 314 3589 σθαι
362 3539 489 3599 τοὺς
521 3541 780 3608 καρποὺς,
816 3541 877 3592 οὐ
916 3540 1020 3611 μὴν
1049 3541 1376 3595 ἀπόλλυσθαι
1411 3545 1503 3595 καὶ
1531 3543 1754 3611 φθίνειν,

189 3628 300 3681 ἀλλ’
326 3631 412 3692 εἰς
435 3629 725 3684 ἀθανασίαν
752 3630 934 3695 αύξειν
961 3633 1053 3685 καὶ
1080 3631 1327 3703 θειότητα
1348 3635 1471 3696 τοὺς
1492 3633 1758 3704 δρεπομέ-

191 3738 312 3784 νους
333 3739 348 3751 ·
391 3722 570 3786 καθὼς
598 3725 851 3786 κάκεῖνος
879 3724 938 3790 ἐξ
975 3719 1035 3778 οὗ
1079 3725 1278 3788 πάντες
1311 3726 1494 3795 ἐσμὲν,
1532 3726 1635 3797 πρὸ
1666 3725 1757 3779 τοῦ

195 3817 528 3883 παραπεσεῖν
559 3817 654 3867 καὶ
687 3815 1011 3886 πηρωθῆναι
1039 3817 1137 3878 τᾶς
1167 3814 1336 3884 ὄψεις,
1370 3817 1428 3868 ὲν
1472 3816 1547 3886 τῷ
1584 3833 1761 3888 παρα-

194 3902 345 3974 δείσῳ
379 3907 700 3975 τυγχάνων,
732 3906 1167 3976 ἁπεκαρπεύετο,
1200 3907 1291 3959 τοῦ
1324 3907 1458 3960 Θεοῦ
1485 3907 1763 3978 θεμιστεύ-

195 4012 338 4059 om;
369 3999 458 4051 τὸν
485 3998 775 4069 ἄνθρωπον
800 3999 904 4050 τῶν
925 3998 1022 4066 τῆς
1054 3997 1240 4066 σοφίας
1269 3999 1504 4068 ἐργάτην
1536 4000 1756 4070 τεθῆναι

198 4091 281 4141 καὶ
320 4090 541 4157 φύλακα
574 4089 776 4157 φυτῶν.
821 4089 1104 4151 Τοιούτους
1132 4088 1240 4160 γάρ
1271 4085 1337 4160 ἦν
1372 4092 1613 4160 καρποὺς
1661 4108 1752 4144 πε-

195 4183 544 4251 πιστευμένος
574 4183 839 4251 γεωργεῖν
887 4182 980 4232 καὶ
1025 4182 1054 4232 ὁ
1099 4181 1309 4252 πρῶτος
1355 4183 1540 4252 Ἀδάμ.
1575 4182 1682 4234 Καὶ
1727 4184 1756 4234 ὁ

204 4273 461 4342 Ἱερεμίας
509 4274 567 4326 δὲ
607 4273 779 4326 ταῦτα
832 4273 1115 4342 τυγχάνειν
1155 4273 1334 4336 tamn;
1367 4274 1422 4326 ἔν
1454 4291 1559 4325 τινι
1605 4275 1753 4344 τόπῳ

198 4365 283 4413 ni.
333 4363 613 4431 ἀφεστῶτι
668 4363 910 4434 μεγάλην
967 4363 1262 4416 ἀπόστασιν
1308 4364 1403 4433 τῆς
1453 4362 1572 4415 καθ’
1606 4365 1752 4432 ἡμᾶς

263 4518 303 4546 ⁸⁷
349 4517 524 4572 Exod.
563 4533 647 4584 ιιι,
679 4519 761 4572 14.

1862 3369 1960 3407 cua
1983 3355 2406 3424 perspiciuntur.
2442 3354 2535 3408 Est
2562 3354 2707 3408 enim
2743 3355 2916 3423 ipsius
2947 3353 3418 3416 castitatisarbor,

1861 3455 1946 3499 est
1974 3446 2241 3511 caritatis,
2296 3454 2379 3501 est
2433 3446 2750 3516 prudentiae,
2784 3445 2860 3498 uti
2893 3461 3024 3499 sane
3050 3455 3102 3500 et
3141 3445 3420 3499 fructuum

1861 3538 1951 3592 hic
1980 3548 2314 3592 terrenarum
2372 3539 2567 3607 planta:
2589 3538 2737 3606 (vitis
2779 3538 3008 3600 scilicet,
3041 3537 3419 3608 mal0granati,

1863 3629 2128 3682 malorum
2155 3641 2549 3700 pomorumque
2564 3629 2848 3698 omnium),
2881 3630 2959 3683 sic
2978 3636 3031 3683 et
3065 3629 3277 3682 illarum
3301 3643 3423 3682 car-

1863 3727 2066 3789 puntur
2095 3718 2304 3773 fructus
2337 3729 2498 3790 atque
2533 3721 2788 3785 eduntur,
2823 3736 2932 3774 non
2973 3720 3065 3790 qui
3109 3727 3330 3791 pereant
3357 3733 3424 3772 ac

1865 3821 2224 3872 irarcescant,
2257 3815 2349 3867 sed
2371 3813 2462 3882 qui
2501 3814 2738 3884 legentes
2762 3813 2828 3867 ad
2859 3814 3317 3868 immortalitatem
3339 3812 3424 3867 di-

1862 3899 2250 3970 vinitatemque
2264 3902 2596 3972 adaugeant:
2621 3903 3241 3972 quemadmodumetille
3263 3901 3424 3972 cujus

1862 4007 2052 4047 omnes
2085 4009 2274 4048 smnus
2321 3996 2556 4059 soboles,
2586 4006 2710 4050 ante
2735 3997 2946 4066 lapsum
2995 4011 3059 4048 ac
3105 4003 3304 4049 caecata
3333 3995 3420 4048 lu-

1863 4084 2030 4148 mina,
2066 4085 2119 4138 in
2168 4086 2419 4155 paradiso
2453 4086 2726 4140 fructuum
2767 4103 2932 4142 usura
2967 4085 3254 4156 gaudebat,
3291 4099 3424 4139 con-

1861 4177 2052 4231 stituto
2085 4193 2178 4246 per
2203 4177 2294 4232 Dei
2318 4178 2513 4232 scitum
2545 4178 2786 4246 homine,
2814 4190 2866 4234 ut
2885 4179 3189 4247 plantarum
3207 4178 3421 4245 sapien-

1863 4270 1948 4323 tia:
1975 4272 2152 4324 cultor
2183 4286 2247 4325 ac
2268 4282 2452 4326 custos
2483 4282 2647 4327 esset.
2682 4271 2840 4326 Tales
2863 4285 3093 4338 namque
3120 4271 3329 4323 fructus
3365 4276 3422 4322 ut

1860 4364 2084 4428 coleret,
2107 4365 2312 4434 primus
2351 4364 2521 4417 Adam
2547 4364 2776 4418 insuam
2804 4363 2957 4417 ﬁdem
2991 4369 3292 4430 acceperat.
3323 4360 3420 4412 Αι-

202 4673 291 4728 hos
319 4691 380 4728 ac
409 4677 479 4730 iis
506 4690 738 4744 quorum
770 4691 893 4729 cum
931 4673 1094 4728 Paulo
1139 4679 1495 4744 conversatio,
1525 4677 1756 4731 munici-
1787 4682 1832 4741 D
1858 4678 1984 4732 item
2031 4676 2241 4730 Baruch
2290 4692 2397 4730 non
2444 4675 2509 4728 ad
2549 4677 2718 4745 ipsam
2765 4674 2857 4729 Dei
2907 4675 3169 4730 visionem
3208 4676 3424 4733 videtur

202 4755 345 4867 alus:
374 4747 720 4816 (πολίτευμα)
753 4755 836 4800 est
868 4748 920 4799 in
951 4749 1122 4811 caelis,
1154 4757 1416 4817 occupato
1451 4757 1750 4818 praestatur.

271 4832 475 4867 IEEFIS.

271 4832 475 4870 IEEFIS.

264 4887 370 4951 ill)
413 4885 574 4940 Ἐκεῖ
590 4886 662 4938 δὲ
687 4886 757 4938 ἑν
777 4885 858 4952 τῷ
882 4888 1056 4940 Ὄντι.
1085 4886 1174 4940 Sic
1204 4887 1430 4957 accipio,
1455 4897 1513 4941 ut
1551 4887 1640 4942 Dei
1667 4904 1757 4941 no-

205 4969 312 5009 men
347 4959 699 5025 intelligatur,
733 4973 840 5025 quo
859 4973 933 5028 _se
981 4959 1094 5028 ipse
1138 4958 1304 5012 Exod.
1347 4975 1426 5024 ιιι,
1462 4959 1546 5021 14,
1580 4968 1752 5022 vocat,

209 5030 462 5098 gemelque
505 5039 560 5081 et
612 5029 806 5098 iterum
849 5025 959 5081 Jer.
1001 5025 1094 5080 xiv
1144 5037 1196 5081 et
1241 5045 1392 5082 xxxii
1445 5030 1751 5098 compellat.

208 5092 304 5148 Illic
339 5092 468 5168 ergo
499 5099 557 5149 ἐν
591 5096 669 5164 τῷ
689 5100 860 5161 Ὄντι,
889 5100 948 5150 in
984 5099 1076 5151 illo
1103 5100 1190 5167 qui
1221 5108 1318 5157 est.
1355 5099 1407 5151 in
1459 5092 1586 5154 Deo'
1611 5100 1756 5154 fonte

209 5168 422 5228 essendi,
451 5179 511 5223 et
545 5170 637 5236 qui
683 5177 768 5222 est
813 5169 987 5236 ipsum
1035 5185 1174 5230 esse,
1209 5169 1365 5237 cujus
1407 5185 1629 5224 munere
1671 5178 1756 5222 est

211 5238 445 5308 quidquid
479 5246 586 5298 est,
620 5246 853 5291 cernunt
901 5238 1063 5291 animi
1112 5239 1455 5308 primigenias
1495 5241 1626 5293 istas
1665 5255 1754 5292 ra-

213 5306 362 5378 tiones
400 5317 454 5361 et
491 5310 868 5362 emanationes
917 5311 1060 5363 clare
1098 5325 1149 5362 et
1194 5306 1418 5378 integre.
1453 5326 1558 5363 non
1594 5320 1649 5362 ut
1701 5309 1754 5360 in

217 5375 344 5430 nobis
367 5380 624 5432 visuntur
657 5378 712 5430 in
741 5394 862 5433 esse
899 5381 1103 5432 caduco
1129 5389 1181 5433 et
1207 5375 1442 5439 mortali,
1469 5381 1756 5432 contrariis

218 5446 430 5517 admistz
461 5467 475 5500 :
515 5463 855 5517 quaecunque
884 5450 1099 5502 tandem
1137 5451 1224 5502 illa
1265 5449 1356 5502 Dei
1388 5450 1543 5511 visio,
1583 5459 1636 5502 et
1666 5450 1754 5501 τοῦ

223 5515 378 5590 Ὦπος
412 5519 488 5573 sit
529 5515 823 5580 Methodio,
849 5525 952 5590 vel,
976 5519 1144 5587 ipsius
1177 5520 1230 5573 in
1262 5535 1320 5573 se
1352 5520 1547 5573 divina:
1574 5536 1761 5573 essen-

223 5589 301 5658 Et.
330 5590 408 5642 vel
453 5592 676 5658 qualem
711 5599 864 5642 extra
903 5589 1047 5640 illam
1091 5591 1250 5642 animi
1286 5599 1512 5653 possunt
1543 5591 1758 5644 habere.

224 5651 310 5709 5am
336 5651 488 5728 loqui
505 5675 640 5713 vero
663 5658 990 5712 Mettiodium
1015 5659 1080 5712 de
1108 5661 1221 5727 ipsa
1248 5651 1300 5712 in
1327 5675 1385 5714 se
1417 5661 1505 5712 Dei
1532 5660 1759 5721 visione,

226 5737 505 5794 argenteola
546 5739 634 5783 est
682 5732 986 5797 exemplum
1023 5731 1367 5798 prot0plasti,
1409 5732 1497 5783 cui
1532 5741 1655 5782 ante
1687 5731 1762 5782 la-

229 5807 346 5858 μω
368 5800 617 5856 eamdem
640 5798 1009 5868 cognitionem
1042 5799 1250 5854 videtur
1287 5801 1544 5856 tribucre.
1587 5799 1762 5854 Locus

1857 4749 2084 4810 hortari,
2114 4755 2206 4801 sed
2239 4749 2304 4800 ad
2340 4752 2563 4799 virtutes
2585 4747 2772 4814 quales
2809 4748 3040 4799 humana
3068 4746 3324 4800 facultate
3357 4761 3423 4801 ac

1853 4817 1948 4872 Dei
1980 4835 2199 4872 nutriere
2233 4818 2392 4870 homo
2421 4818 2593 4868 viator
2629 4817 2870 4869 nancisci
2910 4824 3102 4884 potest.
3140 4816 3421 4871 Possinius

1854 4905 2030 4940 coram
2061 4900 2107 4941 et
2141 4905 2251 4941 rere
2296 4887 2547 4944 reddidit,
2578 4901 2639 4938 ac
2671 4887 2715 4939 si
2751 4902 2812 4940 ea
2857 4887 3056 4940 locutio
3098 4887 3204 4938 vim
3246 4889 3423 4941 solum

1854 4959 2088 5013 adverbii
2127 4959 2343 5011 haberet
2372 4976 2382 5010 :
2415 4957 2505 5026 qui
2533 4972 2725 5010 sensus
2754 4957 2905 5010 valde
2933 4957 3154 5011 humilis
3181 4965 3285 5011 est.
3313 4957 3423 5011 Me-

1855 5029 1958 5082 lius
2009 5029 2255 5090 Allatius,
2313 5029 2368 5080 in
2415 5029 2530 5093 ipsa
2570 5029 2804 5086 veritate.
2845 5042 3007 5095 quam
3050 5028 3205 5082 velim
3253 5026 3422 5082 Deum

1856 5098 2146 5154 Veritatem
2201 5099 2564 5162 intellexisse;
2608 5099 2730 5152 inde
2777 5097 3096 5162 Veritatem,
3141 5097 3288 5166 quod
3338 5105 3426 5152 est

1856 5169 1972 5239 ipse
1999 5171 2217 5238 quiest,
2253 5170 2730 5239 (latqueotnnilitis
2767 5186 2888 5223 esse
2926 5178 2978 5222 et
3014 5184 3138 5239 vere
3168 5167 3422 5239 esse._ln.

1930 5237 2037 5309 (la)
2072 5240 2414 5306 Δρέπεσθαι.
2445 5238 2687 5309 Proclive
2729 5239 2827 5292 fuit
2872 5246 3082 5290 mutare
3110 5237 3420 5307 βλέπεσθαι,

1858 5327 1981 5364 cum
2030 5311 2228 5379 liqueat
2276 5310 2561 5378 scripsisse
2609 5308 2958 5370 Metliodium,
2990 5309 3132 5376 quod
3174 5309 3245 5361 ita
3276 5324 3306 5361 a
3338 5324 3425 5379 me

1859 5378 2124 5434 mutatum
2175 5388 2288 5446 est;
2328 5380 2471 5448 quod
2519 5393 2741 5446 carpere
2795 5386 3056 5447 sequatur
3099 5379 3159 5432 τὸ
3214 5378 3424 5448 eamea;

1856 5453 1938 5504 vel
1965 5451 2256 5512 ἐσθίεσθαι,
2285 5446 2458 5502 ut‘alii
2486 5460 2537 5502 et
2575 5449 2662 5501 alii
2691 5446 2904 5502 codices
2939 5449 3169 5513 habent;
3196 5457 3247 5500 et
3278 5446 3422 5516 quod

1856 5537 2054 5589 augere
2083 5521 2149 5572 ad
2179 5520 2635 5574 immortalitatem
2661 5528 2713 5570 et
2744 5519 3080 5571 divinitatem
3117 5519 3274 5570 addat
3300 5519 3422 5589 τοὺς

1854 5585 2234 5660 δρεπομένους,
2268 5607 2352 5644 eos
2384 5591 2470 5659 qui
2497 5598 2734 5656 carpant,
2763 5603 2866 5660 non
2898 5591 2990 5656 qui
3015 5589 3248 5649 videant,
3277 5585 3424 5660 quod

1857 5656 2118 5715 remotius
2147 5669 2231 5713 est
2261 5661 2326 5713 ad
2356 5656 2738 5727 metaphoram.
2772 5657 2978 5712 Vitiosa
3011 5673 3236 5724 prorsus
3279 5656 3426 5710 Alla-

1861 5733 1920 5784 tii
1949 5731 2110 5794 edita,
2135 5746 2200 5786 ex
2231 5732 2430 5786 nostris
2461 5729 2819 5784 emendanda.
2851 5731 3137 5784 ϐοιδειίε.
