4052 6338
630 357 734 413 145

1606 354 1667 412 S.
1709 352 2035 412 METEODII
2075 353 2383 412 EPISCOPI
2420 354 2510 411 ΕΤ
2547 352 2906 414 ΜΑΒΤῘΒΙΞ

3757 363 3859 419 ιιι

626 492 736 548 que
763 475 877 533 bac
897 473 1159 533 Jeremias
1184 473 1417 546 quodam
1460 476 1582 533 loco
1614 491 1886 542 seorsum,
1914 477 2102 548 procul
2132 477 2192 532 ab

2297 478 2619 552 οἰκουμένης
2668 475 2829 545 οἶδεν,
2885 479 3012 534 ἔνθα
3057 479 3187 545 τούς
3238 479 3690 553 ἐξολισθήσαντας
3751 482 3858 534 τῶν

628 569 763 625 orbe
793 576 984 625 nostro
1015 569 1191 623 sensit
1220 568 1511 625 exsistere.
1544 568 1635 625 Sic
1666 584 1901 641 namque
1949 568 2048 636 ait,
2102 584 2199 625 eos

629 659 923 731 deplorans
980 659 1074 730 qui
1120 658 1264 714 beati
1302 659 1449 716 illius
1488 661 1588 717 aevi
1625 660 1788 716 bonis
1824 659 2140 715 exciderunt
2182 678 2196 715 :

633 751 833 809 Discite
853 750 944 805 ubi
981 752 1053 806 sit
1081 749 1385 821 prudentia,
1409 751 1500 805 ubi
1522 753 1592 806 sit
1618 752 1803 815 virtus,
1832 750 1922 805 ubi
1946 752 2015 806 sit
2049 752 2201 806 intelo

628 844 794 901 lectus
815 849 1094 904 :utsciatis
1122 843 1306 908 simul,
1336 843 1427 897 ubi
1451 844 1520 897 sit
1554 842 1827 914 longitudo
1850 843 1971 898 vita!
1989 852 2039 898 et
2056 845 2199 909 vita;

624 935 813 991 ubisit
843 936 1016 991 lumen
1062 936 1335 991 oculorum
1379 943 1433 991 et
1480 952 1605 1006 pax.
1646 937 1779 1005 Quis
1810 939 2003 993 invenit
2030 938 2200 993 locum

623 1028 742 1099 ejus
760 1032 784 1085 ?
802 1038 852 1083 et
884 1030 1001 1101 quis
1040 1029 1257 1083 intravit
1287 1029 1341 1082 in
1365 1027 1640 1083 thesauros
1674 1046 1857 1084 eorum
1879 1030 1927 1063 ⁸⁸
1950 1033 1974 1089 2
2000 1029 2059 1086 In
2100 1030 2201 1085 lio-

626 1138 749 1178 rum
779 1137 970 1192 nempe
1011 1121 1301 1178 thesauros
1335 1123 1596 1191 ingressae
1622 1123 1884 1194 virgines,
1935 1122 2199 1178 virtutum

619 1210 870 1265 rationes
891 1209 1215 1280 decerpunt;
1234 1210 1422 1266 multis
1439 1225 1501 1266 ac
1515 1212 1652 1268 bene
1672 1212 1940 1267 ordinatis
1961 1212 2200 1285 irrigataz

626 1302 948 1366 luminibus.
999 1301 1311 1359 aﬂundente
1352 1302 1460 1360 illis
1489 1303 1599 1360 Deo
1623 1304 1790 1361 fontis
1827 1306 2003 1362 instar
2026 1343 2045 1371 ,
2105 1305 2199 1376 qui

627 1395 886 1453 saeculum
921 1394 1075 1460 illud,
1110 1394 1263 1449 nullo
1288 1410 1525 1466 unquam
1548 1411 1750 1452 occasu
1784 1397 2198 1469 exstinguendis

625 1487 926 1544 luminibus
974 1486 1311 1558 splendidius
1350 1487 1604 1543 illustret.
1658 1487 1751 1543 Hae
1786 1503 2200 1561 porro.semper

626 1581 826 1637 choros
866 1587 1034 1652 agunt
1068 1579 1364 1635 modulatis
1409 1580 1639 1638 vocibus
1682 1580 1968 1640 laudantes
2002 1581 2196 1640 Deum.

624 1672 1010 1729 Circumfusus
1033 1687 1267 1743 namque
1288 1672 1396 1728 illis
1423 1687 1517 1729 aer
1540 1689 1711 1744 purus
1738 1682 1844 1741 est,
1859 1681 1916 1731 et
1941 1690 2050 1747 quo
2065 1676 2199 1733 solis

625 1765 801 1819 orbita
835 1778 1115 1834 nunquam
1143 1762 1452 1819 invehatur.

2298 571 2530 626 αἰωνίων
2578 572 2686 645 (13)
2736 571 2952 642 ἀγαθῶν
3000 571 3354 652 κατοικτίζων
3404 572 3581 642 λέγει’
3632 572 3859 630 Μὰθετε

2297 664 2416 719 ποῦ
2435 664 2566 720 ἐστι
2599 668 2912 736 φρόνησις,
2949 665 3067 721 ποῦ
3101 665 3273 720 ἐστιν
3308 665 3512 735 ἰσχὺς,
3541 664 3660 720 ποῦ
3689 666 3861 720 ἐστιν

2297 757 2337 825 ἠ
2379 757 2660 824 σύνεσις,
2698 755 2804 810 τοῦ
2848 754 3068 827 γνῶναι
3129 755 3251 826 ἅμα
3301 756 3421 811 ποῦ
3464 756 3597 810 ἐστι
3633 774 3859 827 μακρο-

2299 850 2502 917 ϐἰωσις
2531 850 2629 903 καί
2663 848 2795 917 ζωὴ,
2822 848 2941 903 ποῦ
2970 849 3101 903 ἐστι
3143 845 3269 917 φῶς
3293 845 3612 917 ὀφθαλμῶν
3640 847 3738 901 καί
3778 848 3861 901 εἰ-

2289 941 2484 1011 ρήνη*
2537 942 2628 1008 τίς
2670 938 2808 1010 εὗρε
2848 941 3036 994 τόπον
3083 937 3306 1008 αὐτῆς,
3354 938 3393 1008 ἢ
3437 939 3531 1005 τίς
3574 936 3864 1007 εἰσῆλθεν

2296 1037 2385 1101 εἰς
2444 1033 2783 1103 θησαυροὺς
2848 1033 3076 1095 αὐτῶν;
3136 1031 3352 1085 Τούτων
3400 1026 3493 1085 οῦν
3546 1028 3863 1095 διελθούσας

2298 1123 2378 1185 εἰς
2402 1122 2527 1185 τούς
2552 1119 2856 1192 θησαυροὺς
2881 1119 3359 1193 άποκαρπεύεσθαι
3382 1118 3571 1190 λόγους
3601 1119 3711 1173 τῶν
3741 1120 3866 1193 ἀρε-

2296 1215 2405 1269 τῶν
2429 1217 2529 1279 τάς
2549 1213 2865 1287 παρθένους,
2888 1214 3165 1278 εὐτάκτοις
3197 1213 3337 1283 (ίρωσλ⁵
3363 1213 3456 1267 καὶ
3485 1212 3699 1276 πολλοῖς
3731 1229 3864 1266 κατ-

2297 1306 2618 1379 αρδομένας,
2651 1305 2688 1361 ἃ
2731 1305 2884 1377 δίκην
2918 1307 3096 1378 πηγῆς
3126 1306 3316 1369 αὐταῖς
3342 1307 3371 1359 ὁ
3398 1303 3529 1368 Θεὸς
3568 1304 3863 1376 ἀνερεύγε-

2297 1416 2407 1464 ται,
2468 1397 2837 1470 καταλάμπων
2898 1398 3106 1451 ἐκεῖνον
3151 1395 3241 1450 τὸν
3292 1395 3465 1449 αἰῶνα.
3518 1394 3689 1463 φωσὶν
3735 1394 3864 1448 ἀδύ-

2296 1508 2407 1555 τοις
2433 1490 2574 1562 (14)*
2597 1491 2651 1544 αἱ
2678 1490 2735 1543 δὲ
2761 1488 3074 1561 χορεύουσιν
3098 1486 3350 1559 ἐμμελῶς
3384 1488 3740 1558 γεραίρουσαι
3769 1485 3866 1541 τὸν

2297 1583 2448 1638 Θεὸν.
2480 1581 2839 1655 Περικέχυται
2867 1581 2977 1655 γὰρ
3002 1581 3192 1646 αὐταῖς
3219 1580 3326 1654 ἀὴρ
3351 1579 3610 1653 καθαρὸς,
3649 1581 3746 1635 καὶ
3786 1580 3863 1653 μὴ

2298 1675 2767 1748 καθιππευόμενος
2792 1675 2947 1747 ἡλίῳ.

753 1896 886 1953 Car.
918 1892 1003 1951 IV.
1033 1899 1335 1954 Purwnesis
1365 1898 1434 1952 ad
1463 1900 1810 1972 virginitatem
1842 1902 2203 1959 excolendam.
2239 1903 2562 1975 Proponitur
2600 1900 2939 1958 excutiendas
2971 1900 3116 1955 locus
3145 1896 3306 1967 Apoc.
3331 1912 3430 1962 xu,
3461 1894 3581 1953 1-6.

693 2042 849 2102 Nunc
880 2062 1030 2118 ergo,
1061 2046 1325 2117 virgines,
1359 2046 1695 2117 incorruptae
1742 2047 2015 2105 castitatis
2046 2047 2190 2113 tiliae,

2363 2048 2477 2103 Νῦν
2523 2044 2637 2114 οὖν,
2681 2043 2727 2102 ὧ
2773 2045 3052 2119 παρθένοι,
3072 2040 3425 2115 σωφροσύνης
3464 2039 3732 2113 ἁχράντου
3766 2038 3867 2096 θυ-

624 2141 690 2196 de
723 2141 834 2193 vita
874 2141 1035 2195 bonis
1077 2139 1332 2194 omnibus
1382 2138 1562 2203 beata,
1597 2138 1770 2210 deque
1808 2140 2073 2195 caelorum
2106 2155 2195 2197 re-

625 2248 730 2304 gno
763 2232 1186 2288 studium'nobis
1211 2237 1296 2285 est
1329 2238 1383 2286 et
1416 2231 1714 2286 contentio.
1746 2229 1840 2285 Eia
1868 2230 1924 2285 in
1948 2233 2191 2287 eamdem

626 2326 960 2380 intemerata:
992 2323 1322 2394 virginitatis
1379 2321 1595 2377 laudem
1625 2337 1749 2377 cum
1776 2322 2052 2393 prioribus
2093 2339 2191 2378 vos

623 2430 842 2486 quoque
886 2414 1055 2468 alacri
1103 2414 1285 2468 animo
1320 2414 1653 2484 conspirate,
1704 2429 1897 2484 parum
1934 2423 2192 2470 curantes

623 2506 727 2562 hoc
758 2506 1014 2561 saeculum
1044 2518 1108 2557 ac
1131 2504 1416 2560 mundum.
1465 2502 1582 2559 Non
1615 2518 1805 2575 parum
1837 2504 1981 2560 enim
2016 2505 2083 2559 ad
2113 2504 2193 2561 ie-

622 2598 883 2653 licitatem
917 2596 1191 2667 vitamque
1217 2596 1368 2651 curis
1416 2596 1641 2650 liberam
1668 2595 2008 2666 incorruptio
2055 2611 2190 2650 con-

624 2688 777 2743 ducit
823 2702 886 2742 ac
918 2687 1261 2751 castimonia,
1292 2687 1491 2756 quippe
1513 2700 1635 2757 qua:
1671 2701 1891 2741 carnem
1913 2686 2080 2740 humo
2114 2686 2191 2741 le-

622 2795 778 2848 vans,
801 2780 1088 2835 sublimem
1113 2777 1239 2834 lcrri
1261 2777 1443 2843 faciat,
1466 2776 1768 2847 ejusuimio
1794 2778 2070 2834 exsiccato
2082 2777 2190 2832 hu-

623 2884 774 2925 more
823 2871 1076 2940 luteoque
1104 2883 1367 2939 expresso
1405 2866 1665 2937 pondere,
1697 2868 1905 2939 majore
1938 2868 2189 2924 trahendi

620 2963 675 3017 vi
721 2977 786 3017 ac
816 2962 1165 3033 impulsione.
1212 2960 1400 3032 Neque
1436 2976 1537 3017 vos
1566 2961 1692 3016 ulla:
1714 2960 1969 3017 audiendi
1999 2963 2188 3020 sordes

616 3061 872 3125 repentes
918 3054 975 3107 in
1025 3062 1224 3108 terram
1257 3053 1586 3122 deprimant.
1617 3050 1804 3122 Neque
1822 3066 2028 3107 mceror
2058 3068 2191 3124 gau-

619 3148 769 3202 dium
792 3146 1099 3217 interpolet.
1139 3146 1286 3216 ipsas
1306 3160 1427 3216 qua:
1448 3145 1766 3201 melioribus
1789 3146 2057 3210 nitantur,
2088 3146 2190 3201 eli-

614 3240 757 3297 dens
776 3256 901 3312 spes
934 3259 947 3295 :
981 3239 1076 3296 sed
1105 3240 1255 3293 nulla
1295 3238 1617 3294 morositate
1659 3238 2059 3309 ingruentesin
2091 3253 2189 3295 vos

621 3333 805 3390 clades
836 3332 1143 3403 damnaque
1174 3332 1431 3394 excutitc,
1456 3330 1624 3386 nullis
1653 3330 1851 3386 mentis
1874 3329 2067 3386 faciem
2098 3329 2186 3385 fu-

2298 2141 2547 2214 γατέρες,
2602 2141 2742 2211 ὑπερ
2782 2137 2928 2210 ζωῆς
2979 2138 3107 2209 ἡμῖν
3147 2132 3392 2204 -ὰφθόνου
3436 2133 3530 2187 καὶ
3587 2132 3867 2203 βασιλείας

2297 2233 2539 2304 οὐρανῶν
2569 2233 2603 2304 ή
2634 2231 2852 2303 σπουδή.
2884 2231 2979 2294 Εἰς
3004 2230 3101 2300 τὴν
3126 2226 3298 2298 αὐτὴν
3332 2224 3490 2292 δόξαν
3519 2224 3618 2295 τῆς
3639 2226 3867 2294 ἁγνείας

2298 2327 2392 2382 καὶ
2425 2328 2582 2398 ὑμεῖς
2611 2324 2906 2398 προθύμως
2931 2324 3050 2387 ταῖς
3092 2319 3199 2393 πρὸ
3231 2319 3384 2391 ὑμῶν
3425 2320 3864 2390 συμφρονήσατε,

2276 2418 2450 2493 ,ὀλίγα
2500 2416 2851 2489 φροντίσασαι
2900 2414 2993 2469 τοῦ
3056 2413 3192 2485 βίου.
3249 2413 3325 2468 Οὐ
3374 2411 3482 2484 γάρ
3540 2410 3731 2484 μικρὸν
3783 2413 3868 2475 εἰς

2299 2507 2576 2582 ῥᾳστώνην
2605 2507 2881 2579 ἀφθαρσία
2912 2508 3007 2560 καὶ
3039 2505 3252 2575 ἁγνεία,
3274 2502 3528 2576 ἀνωφερῆ
3555 2503 3652 2573 τὴν
3682 2502 3866 2573 σάρκα

2296 2600 2432 2675 πρὸς
2464 2601 2595 2672 ὕψος
2633 2600 2881 2674 αἴρουσα,
2911 2600 3007 2653 καὶ
3048 2597 3111 2651 τὺ
3153 2597 3425 2668 κάθυγρον
3463 2595 3631 2665 αὐτῆς
3665 2594 3871 2664 ἀναξη.

2298 2695 2554 2767 ραίνουσα
2603 2694 2695 2748 καὶ⁹
2737 2692 2980 2765 πηλῶδες
3028 2689 3211 2763 βάρος,
3259 2689 3390 2760 ὁλκῇ
3442 2687 3673 2760 μείζονι·
3727 2685 3868 2756 μηδὲ

2298 2786 2527 2859 βριθέτω
2558 2786 2656 2857 τῆς
2699 2786 2867 2857 ἀκοῆς
2905 2786 2934 2838 ὁ
2986 2783 3175 2856 ῥύπος,
3223 2782 3403 2856 ῥέπων
3450 2781 3530 2843 εἰς
3572 2777 3669 2850 τήν
3714 2778 3867 2850 γῆνο

2298 2878 2434 2951 μηδὲ
2464 2878 2873 2950 μετακοσμείτω
2899 2875 3043 2947 λύπη
3074 2876 3171 2947 τὴν
3200 2874 3392 2946 χαρὰν,
3426 2875 3729 2945 ἐκτήκουσα
3762 2869 3873 2936 τὰς

2296 2972 2386 3026 ἐπὶ
2436 2975 2548 3035 τοῖς
2596 2972 2898 3043 κρείττοσιν
2946 2968 3197 3032 ἐλπίδας·
3238 2967 3372 3022 ἀλλὰ
3425 2965 3674 3039 άτρύχως
3723 2964 3872 3017 ἀπο-

2297 3063 2505 3117 σείεσθε
2552 3062 2652 3127 τὰς
2697 3059 3194 3133 ἐπισυμόαινούσας
3250 3061 3378 3130 ὑμῖν
3429 3055 3731 3129 συμφορὰςν
3786 3055 3869 3128 μὴ

2295 3151 2542 3207 θολοῦσαι
2582 3153 2728 3222 γόοις
2766 3151 2857 3205 τὸν
2889 3149 3165 3221 λογισμόν.
3214 3147 3435 3201 Νικάτω
3473 3145 3639 3218 γάρὴ
3678 3143 3871 3209 πίστις

2294 3245 2492 3317 πάντη,
2534 3246 2629 3298 καὶ
2667 3242 2989 3298 άπωθείσθω
3024 3241 3086 3296 τὸ
3133 3240 3250 3310 φῶς
3295 3240 3461 3310 αὐτῆς
3495 3236 3874 3310 τάφερόμενα

2294 3335 2387 3390 τοῦ
2429 3332 2667 3407 πονηροῦ
2717 3333 2847 3406 περί
2895 3333 2994 3405 τὴν
3048 3331 3277 3403 καρδίαν
3322 3329 3603 3399 φάσματα.
3650 3327 3874 3402 Ὥσπερ

619 3434 899 3482 nestantes
923 3425 1168 3497 querulis
1205 3424 1516 3496 gemitibus.
1548 3422 1743 3478 Vincat
1772 3437 2000 3495 prorsus
2036 3423 2188 3487 fides.

2294 3426 2400 3499 γάρ
2441 3428 2570 3481 ὅταν
2612 3428 2647 3499 ή
2682 3426 2876 3498 σελήνη
2910 3425 3002 3479 τὸν
3038 3422 3264 3497 οὐρανὸν
3308 3420 3499 3492 αἴγλης
3537 3419 3875 3492 ἐκλάμψασα

619 3519 847 3590 ejusque
877 3519 1079 3582 lumen,
1114 3533 1236 3589 quae
1261 3519 1407 3572 circa
1438 3531 1535 3572 cor
1555 3516 1808 3579 volitant,
1842 3516 1971 3570 mali
2020 3516 2193 3572 hostis

616 3608 766 3664 fmda
794 3609 1089 3664 simulacra
1128 3608 1382 3678 depellat.
1426 3606 1722 3675 Nimirum,
1757 3615 1819 3663 ut
1847 3607 2067 3679 quando
2103 3624 2193 3664 se-

618 3718 806 3758 renam
824 3711 1036 3757 noctem
1056 3704 1183 3756 luna
1206 3703 1362 3772 plena
1385 3685 1690 3769 illustrans,
1704 3699 1894 3758 allusis
1906 3703 1974 3758 ab
1993 3717 2193 3758 occasu

608 3795 805 3850 densis
832 3794 1075 3864 atrisque
1128 3794 1365 3850 nubibus
1397 3795 1462 3849 ad
1495 3804 1712 3866 tempus
1756 3796 2048 3858 occulitur,
2090 3810 2192 3850 nec

620 3895 805 3940 tamen
834 3882 1110 3951 aufertur;
1141 3884 1338 3954 quippe
1356 3884 1539 3938 statim
1565 3885 1617 3938 vi
1647 3884 1795 3939 venti
1836 3883 2056 3938 dimatis
2092 3899 2193 3937 nu-

618 3977 802 4040 bibus.
844 3977 991 4031 clara
1012 3976 1217 4030 mundo
1249 3976 1369 4031 luce
1399 3974 1685 4030 redditur:
1741 3973 1823 4030 sic
1860 3982 1915 4030 et
1959 3989 2078 4038 vos,
2108 3974 2195 4028 lu-

609 4084 738 4124 cem
756 4067 1086 4139 virginitatis
1110 4067 1459 4123 ostendentes
1487 4065 1709 4131 mundo,
1733 4065 1836 4121 etsi
1858 4067 2124 4137 angustiis
2140 4073 2195 4122 et

619 4162 901 4217 laboribus
914 4160 1211 4226 vexamini,
1243 4176 1330 4227 ne,
1364 4175 1572 4232 quaeso.
1597 4159 1861 4230 virgines,
1881 4159 2193 4217 fatiscentes

617 4270 773 4328 spem
793 4262 1030 4311 vestram
1059 4253 1297 4324 abjicite.
1322 4254 1511 4310 Aderit
1534 4268 1661 4308 mox
1684 4251 1944 4324 Spiritus,
1978 4252 2073 4324 qui
2098 4269 2193 4308 ne-

614 4347 871 4418 quissimi
900 4346 1064 4401 dilllet
1101 4346 1311 4411 nubila,
1344 4347 1390 4402 si
1417 4361 1516 4401 vos
1546 4345 2003 4417 quemadmodum
2027 4344 2194 4401 Mater

619 4449 829 4503 vestra,
862 4454 983 4509 qua:
1004 4439 1058 4493 in
1088 4439 1228 4494 cwlo
1256 4440 1400 4510 parit
1432 4439 1738 4494 masculum
1777 4436 2076 4507 Virginem,
2112 4437 2194 4491 in-

618 4528 759 4585 fensi
790 4529 985 4601 anguis
1033 4529 1261 4585 insidias
1295 4530 1519 4584 minime
1560 4528 1819 4584 timcatis.
1848 4527 1925 4584 De
1957 4544 2065 4599 qua
2093 4543 2193 4599 ego

608 4620 850 4676 muliere
899 4620 1213 4677 distinctius
1247 4621 1400 4676 vobis
1427 4618 1581 4690 loqui
1614 4618 1896 4685 constitui,
1939 4618 2102 4690 idque
2133 4626 2194 4673 ut

621 4726 777 4782 agam
802 4710 965 4765 modo
990 4721 1202 4782 tempus
1231 4710 1418 4782 exigit.

2294 3519 2577 3594 πληρώσῃ,
2610 3521 2704 3574 καὶ
2741 3520 2851 3583 πᾶς
2875 3519 2904 3571 ὁ
2941 3516 3049 3590 ἀήρ
3091 3516 3299 3589 αἴθριος
3339 3513 3565 3585 γεηθῇ,
3610 3512 3765 3583 ἄφνω
3803 3512 3874 3567 δὲ

2292 3611 2508 3681 νεφέλαι
2544 3609 2708 3664 ποθὲν
2750 3611 2814 3662 ἐκ
2840 3608 3083 3680 δυσμῶν,
3130 3605 3538 3680 ὑποδραμοῦσαι
3575 3604 3870 3676 βάσκανοι,

2291 3704 2352 3758 τὸ
2383 3704 2495 3773 φῶς
2538 3703 2708 3774 αὐτῆς
2748 3702 2883 3774 πρὸς
2930 3701 3113 3771 ὀλίγον
3156 3699 3598 3765 ἐπισκιάζουσιν,
3640 3697 3698 3751 οὐ
3751 3695 3873 3769 μὴν

2292 3794 2681 3866 ἀφαιροῦνται,
2725 3792 2820 3849 ἅτε
2856 3794 3058 3859 εὐθέως
3095 3797 3159 3867 τῇ
3210 3792 3356 3866 ῥύμῃ
3404 3791 3500 3846 τοῦ
3554 3790 3877 3863 πνεύματος

2293 3886 2690 3959 ἐξωθούμεναι,
2716 3885 2859 3940 οὕτω
2895 3885 2959 3958 δὴ
2987 3888 3082 3941 καὶ
3110 3888 3288 3957 ὑμεῖς,
3320 3888 3378 3940 ἐν
3400 3886 3480 3957 τῷ
3507 3886 3695 3957 κόσμῳ
3726 3885 3879 3957 λάμ.-

2294 3997 2489 4035 πουσαι
2526 3981 2625 4052 τὴν
2674 3980 2915 4049 ἁγνείαν,
2968 3980 3073 4035 ὑπὸ
3125 3979 3354 4050 θλίψεων
3401 3980 3709 4052 ὀχληθεῖσαι
3764 3980 3876 4035 καὶ

2293 4073 2490 4135 πόνων,
2521 4067 2566 4125 ὧ
2598 4072 2875 4145 παρθένοι,
2917 4072 2991 4143 μὴ
3027 4070 3291 4126 ὀκλάσατε
3326 4072 3461 4144 πρὸς
3489 4072 3587 4135 τὰς
3615 4069 3875 4135 ἐλπίδας.

2306 4163 2657 4229 Ἔξωθοῦνται
2695 4162 2804 4235 γὰρ
2831 4162 2911 4235 τῷ
2955 4163 3233 4235 Πνεύματι
3276 4164 3347 4218 τὰ
3387 4166 3451 4217 ἐκ
3494 4162 3585 4217 τοῦ
3618 4163 3876 4236 πονηροῦ

2292 4257 2448 4328 νέφη,
2483 4257 2578 4310 ἐὰν
2616 4255 2802 4329 ῶσπερ
2842 4259 2875 4329 ἡ
2912 4257 3110 4328 Μήτηρ
3136 4255 3289 4326 ὑμῶν
3322 4255 3417 4309 καί
3451 4255 3638 4326 ὑμεῖς,
3669 4254 3701 4325 ή
3728 4270 3879 4323 γεν-

2292 4350 2439 4403 νῶσα
2471 4349 2560 4403 τὸν
2603 4349 2807 4422 ἄρσενα
2846 4347 3121 4421 Παρθένον
3164 4351 3221 4402 ἐν
3256 4347 3334 4419 τῷ
3362 4346 3595 4419 οὐρανῷ,
3642 4346 3716 4418 μὴ
3756 4346 3883 4400 δει-

2291 4443 2512 4514 λιάσητε
2561 4442 2801 4514 λοχῶντα
2854 4442 2949 4497 καὶ
2995 4440 3352 4513 ἐφεδρεύοντα
3391 4440 3483 4493 τὸν
3531 4440 3685 4510 ὅφιν
3729 4441 3883 4511 περὶ

2289 4530 2357 4608 ἦς
2391 4534 2502 4605 ἐγὼ
2539 4540 2676 4607 πρὸς
2710 4535 2853 4605 ὑμᾶς
2878 4533 3138 4606 ἀμηγέπη
3160 4531 3563 4603 διεξελεύσομαι
3589 4528 3834 4601 δηλοῦσα
3855 4545 3877 4562 ·

2291 4627 2480 4700 καιρὸς
2515 4625 2624 4699 γάρ
2658 4625 2729 4681 τὰ
2758 4624 2873 4680 νῦν.

694 4801 913 4874 Signum
936 4818 1184 4874 magnum
1235 4802 1481 4871 apparuit
1532 4800 1588 4856 in
1629 4802 1781 4865 coelo,
1828 4798 1904 4853 ait
1952 4796 2190 4856 Joannes

2360 4808 2469 4863 Kal
2511 4807 2676 4876 ὤφθη
2720 4804 2874 4876 μέγα
2919 4821 3175 4875 σημειον
3217 4802 3289 4857 ἐν
3336 4802 3418 4870 τῷ
3468 4799 3720 4871 οὐρανῷ,
3762 4801 3883 4872 τὴν

612 4894 982 4966 Apocalypsin
1009 4909 1274 4949 enarrans
1301 4893 1368 4960 δ’,
1396 4894 1584 4950 mulier
1614 4894 1808 4948 amicta
1833 4891 1962 4957 sole,
1984 4902 2034 4947 et
2063 4892 2190 4948 luna

620 4990 715 5043 sub
736 4987 951 5057 pedibus
985 4987 1136 5056 ejus;
1166 4994 1215 5040 et
1242 4987 1297 5040 in
1325 4990 1494 5057 capite
1522 4988 1635 5056 ejus
1684 5004 1880 5042 corona
1913 4986 2190 5041 stellarum

615 5081 929 5136 duodecim:
977 5088 1027 5134 et
1060 5082 1114 5133 in
1145 5089 1293 5132 utero
1323 5079 1516 5134 habens
1567 5080 1834 5134 clamabat
1866 5080 2187 5146 parturiens,

617 5184 668 5229 et
690 5173 1026 5228 cruciabatur
1053 5181 1112 5226 ut
1131 5182 1359 5243 pareret.
1390 5171 1457 5225 Et
1480 5173 1649 5226 visum
1671 5181 1751 5227 est
1786 5170 1934 5225 aliud
1980 5172 2187 5241 signum

618 5266 676 5320 in
707 5266 867 5320 caelo:
902 5274 952 5319 et
981 5281 1097 5319 ecce
1118 5262 1286 5320 draco
1317 5281 1538 5336 magnus
1569 5264 1743 5334 rufus,
1788 5262 1982 5316 habens
2012 5263 2188 5333 capita

616 5365 808 5425 septem
836 5366 885 5411 et
905 5372 1103 5412 cornua
1127 5355 1321 5426 decem,
1335 5367 1384 5411 et
1406 5357 1463 5411 in
1477 5355 1734 5425 capitibus
1748 5353 1864 5424 ejus
1876 5352 2180 5407 diademata

689 5514 735 5547 ⁸⁸
766 5512 899 5570 Bar.
927 5528 1013 5581 Ill,
1037 5513 1125 5577 14,
1151 5513 1237 5569 15.
1313 5511 1357 5546 ⁸⁸
1396 5514 1557 5581 Apoc.
1598 5526 1699 5575 ιη,
1724 5511 1835 5566 1-6.

686 5626 803 5701 (15)
831 5628 1122 5701 Αιιιινίων·ὲ
1152 5627 1243 5683 Sic
1277 5641 1379 5701 nos
1420 5640 1544 5681 cum
1599 5624 1817 5689 Allatio,
1846 5637 1944 5693 pro
1975 5620 2185 5676 αἰώνων

618 5698 762 5770 quod
786 5698 878 5753 alii
910 5701 1062 5757 dant.
1084 5698 1240 5755 Εοιτ.
1271 5700 1509 5755 Parum"

689 5772 799 5817 (ut
830 5771 1030 5817 Φωσὶν
1074 5772 1330 5817 dsistam.
1376 5768 1545 5817 Paulo
1574 5764 1820 5817 inferius.
1866 5762 1927 5815 τὸ
1972 5761 2087 5817 φῶς
2123 5762 2187 5817 τὸ

639 5764 650 5770 ’
688 5772 799 5898 ΞΗ)
830 5771 1030 5825 Φωσίν
1074 5772 1330 5835 ἀδύτοις.
1376 5768 1545 5820 Paulo
1574 5764 1820 5827 inferius,
1866 5764 1927 5815 τὸ
1972 5764 2184 5846 φῶςθτδ

617 5845 684 5899 ἀν
718 5859 913 5915 σπερον
940 5849 1118 5919 vocat,
1157 5843 1338 5897 lumen
1388 5836 1533 5909 quod
1588 5836 1734 5891 nulla
1784 5849 1886 5889 nox
1931 5840 2184 5903 excipiat,

2306 4897 2667 4968 Ἀποκάλυψιν
2705 4896 2734 4948 ὁ
2787 4893 3037 4966 Ἰωάννης
3085 4892 3444 4965 ἐξηγούμενος
3482 4891 3657 4961 λέγει,
3697 4893 3879 4964 τυνὴ

2292 4987 2759 5057 περιϐεϐλημένη
2795 4985 2903 5041 τὸν
2948 4986 3152 5054 ἣλιον·
3200 4986 3299 5040 καί
3339 4986 3376 5053 ἡ
3425 4982 3658 5051 σελήνη
3705 4986 3881 5038 ὑπο-

2292 5077 2447 5133 κάτω
2476 5076 2595 5131 τῶν
2636 5077 2834 5133 ποδῶν
2880 5075 3104 5145 αὐτῆς*
3149 5076 3249 5130 καί
3285 5074 3384 5128 ἐπὶ
3430 5072 3542 5142 τῆς
3590 5072 3885 5143 κεφαλῆς

2290 5167 2478 5238 αὐτῆς
2505 5168 2804 5240 στέφανος
2824 5168 3091 5238 ἀστέρων
3132 5165 3386 5221 δὼδεκιν
3422 5164 3519 5219 καί
3550 5164 3620 5218 ἐν
3647 5167 3881 5234 γαστρί

2292 5259 2522 5330 ἔχουσα
2574 5260 2766 5330 κράζει
2804 5261 3104 5315 ὠδίνουσα
3143 5256 3243 5312 καί
3280 5253 3726 5323 βασανιζομένη
3769 5272 3887 5310 τε-

2293 5351 2441 5407 κεῖν.
2483 5352 2596 5408 Καί
2640 5352 2805 5422 ὤφθη
2854 5352 3008 5407 ἄλλο
3055 5348 3306 5420 σημεῖον
3349 5348 3419 5402 ἐν
3461 5346 3549 5415 τῷ
3590 5344 3881 5414 οὐρανῷ’

2292 5619 2474 5674 nullus
2516 5632 2746 5674 occasus
2787 5618 3132 5688 exstinguat;
3164 5629 3266 5688 nec
3294 5628 3356 5670 re
3382 5610 3467 5688 sic
3500 5613 3649 5669 clara
3682 5617 3880 5685 potuit

2292 5689 2471 5746 doceri
2501 5689 2802 5749 Possinius.
2835 5696 2892 5742 ut
2934 5686 3343 5742 inaccessibilem
3372 5686 3539 5740 lucem
3563 5699 3718 5740 suam
3748 5701 3878 5745 mo-

2295 5761 2416 5817 liori
2453 5760 2558 5816 alia
2583 5774 2716 5816 voce
2753 5760 2940 5831 reique
2967 5757 3235 5830 apposita,
3264 5763 3517 5812 mutaret.
3555 5749 3871 5807 Conatus.
