4052 6338
619 318 725 375 167

1623 317 1681 374 S.
1722 318 2047 376 METHODll
2085 317 2389 377 EPISCOPI
2427 317 2514 373 ET
2554 315 2910 373 MARTYRIS

3730 314 3833 369 με

620 435 896 508 pretiosis,
929 431 1340 504 splendentibus
1369 433 1540 489 stellis
1570 433 1780 488 circum
1808 441 1971 504 caput
2010 449 2160 488 orna-

2281 433 2451 504 φαλὴν
2503 432 2936 503 κεκοσμημένην.
3000 431 3064 482 ⁸³0
3114 428 3220 500 γὰρ
3268 429 3399 500 ἡμῖν
3439 426 3631 514 ἐσθὴς,
3678 429 3832 486 τοῦτο

621 538 754 581 tam.
815 525 969 592 Quod
996 524 1141 579 enim
1182 524 1340 580 nobis
1405 525 1607 591 vestis,
1650 525 1753 580 hoc
1813 526 1892 581 illi
1941 527 2065 594 lux;
2124 538 2160 582 e1

2281 525 2461 597 ἐκείνῃ
2502 525 2647 593 φῶς·
2688 525 2716 576 ὃ
2760 524 2816 577 δὲ
2854 525 2985 594 ἡμῖν
3030 521 3225 594 χρυσὸς
3274 523 3306 593 ἢ
3360 522 3636 592 διαφανεῖς
3678 522 3829 589 λίθοι,

616 618 762 688 quod
786 616 944 671 nobis
974 630 1169 670 aurum
1192 623 1286 671 aut
1315 614 1572 685 pellucidi
1603 615 1794 685 lapilli,
1825 617 1929 672 hoc
1949 618 2029 672 illi
2055 618 2179 673 stel-

2278 615 2434 669 τοῦτο
2463 616 2642 686 ἐκείνῃ
2680 614 2750 668 τὰ
2785 616 2990 685 ἄστρα·
3024 613 3200 685 ἄστρα
3230 613 3308 679 δὲ,
3339 614 3437 684 ούχ
3476 616 3635 667 ὁποῖα
3664 613 3832 668 ταῦτα

618 708 700 762 ιω.
728 705 907 760 Stellae
932 720 1062 760 vero
1091 721 1202 760 non
1225 705 1477 776 vulgares
1506 705 1612 760 illae
1637 721 1757 776 quae
1782 705 1837 759 in
1858 708 2160 777 aspectabil,

2276 709 2343 763 τά
2374 712 2430 762 ὲν
2468 707 2544 779 τῷ
2579 707 2758 779 ὁρατῷ
2792 708 3017 779 κείμενα
3066 707 3237 778 τόπῳ,
3283 707 3419 761 ἀλλά
3453 725 3573 761 τινα
3604 708 3834 778 κρείττω

614 800 734 856 sita:
760 806 887 853 sunt
918 798 1060 862 loco,
1098 797 1190 852 sed
1227 797 1345 851 aliae.
1375 796 1621 867 quaedam
1672 797 1912 867 potiores
1943 798 2173 853 lucidio-

615 905 843 961 resque,
876 890 1011 945 adeo
1044 899 1102 944 ut
1140 889 1221 943 ha:
1254 903 1390 958 quas
1426 889 1721 953 cernimus,
1746 888 1882 943 nihil
1909 889 2017 944 nisi
2054 888 2174 942 illa-

613 996 737 1035 rum
779 981 934 1050 picta:
972 980 1236 1050 imagines
1274 994 1337 1033 ac
1380 977 1693 1050 imperfecta
1735 980 2027 1036 simulacra
2054 995 2175 1037 esse

613 1072 922 1127 vidcantur.

2281 802 2374 854 καὶ
2400 801 2801 873 εύφεγγέστερα
2820 818 2832 829 ·
2864 800 3004 853 ὥστε
3032 799 3243 864 εἰκόνας
3271 801 3492 855 ἐκείνων
3520 800 3719 872 μᾶλλον
3752 816 3834 854 w-

2285 891 2534 961 μίςεσθαι
2568 892 2741 946 ταῦτα
2765 894 2858 948 καὶ
2889 893 3297 964 ἀπεικάσματα.

608 1190 744 1246 Car.
790 1187 880 1244 Vl.
924 1188 1173 1244 Ecclesiae
1205 1205 1386 1259 opera,
1426 1190 1662 1260 ﬁliorum
1707 1193 1762 1244 in
1810 1191 2067 1261 baptismo
2123 1190 2445 1274 parturitio.‘
2485 1187 2637 1243 Luna
2680 1191 2734 1244 in
2777 1192 3077 1260 baptismo:
3115 1189 3458 1259 plenilunium
3482 1184 3682 1243 Christi
3712 1205 3835 1259 pas-

2148 1280 2334 1318 διοηιδ.

680 1352 799 1407 Jam
822 1353 1173 1409 lunaemulier
1199 1355 1453 1412 insistere
1479 1357 1701 1413 dicitur.
1721 1357 1886 1412 Lunae
1904 1359 2169 1429 symbolo,

611 1447 855 1510 illorum,
887 1447 943 1500 ni
967 1446 1145 1511 fallor,
1179 1446 1460 1518 designata
1492 1448 1617 1516 lide,
1645 1450 1739 1519 qui
1778 1465 1873 1518 per
1896 1450 2172 1504 lavacrum

611 1538 1022 1607 acorruptione
1051 1538 1419 1593 mundantur:
1457 1550 1740 1611 prepterea
1766 1540 1912 1611 quod
1934 1540 2057 1610 ejus
2079 1543 2164 1595 lu-

609 1645 735 1686 men
776 1644 929 1700 aqua:
966 1629 1159 1699 tepidae
1196 1646 1365 1701 prope
1423 1632 1579 1687 aliine
1612 1633 1880 1699 videatur,
1919 1633 2173 1704 quodque

2344 1357 2640 1427 Βεϐηκέναι
2660 1373 2719 1408 τε
2750 1357 2842 1409 ἐπὶ
2876 1357 3123 1428 σελήνην,
3164 1356 3240 1419 ὡς
3274 1354 3535 1427 ἠγοῦμαι,
3561 1354 3835 1426 τροπικῶς

2271 1450 2370 1520 τὴν
2410 1449 2592 1502 πίστιν
2638 1447 2744 1500 τῶν
2794 1446 3310 1518 ἀποκαθαιρομένων
3355 1446 3454 1516 τὴν
3497 1445 3702 1517 φθορὰν
3760 1445 3839 1517 τῷ

2271 1542 2479 1615 λουτρῷ
2520 1542 2715 1610 λέγων,
2759 1540 2847 1594 διὰ
2886 1541 2947 1593 τὸ
2998 1538 3375 1611 προσεοικέναι
3420 1538 3482 1590 τὸ
3522 1537 3639 1606 φῶς
3669 1538 3837 1608 αὐτῆς

2276 1616 2476 1705 μᾶλλον
2509 1632 2659 1686 ὕδατι
2688 1628 2916 1703 χλιαρῷ,
2947 1631 3043 1684 καὶ
3073 1632 3251 1684 πᾶσαν
3280 1629 3338 1696 ἐξ
3369 1630 3538 1701 αὐτῆς
3568 1628 3836 1701 ἠρτῆσθαι

610 1735 678 1773 ex
711 1722 839 1774 luna
881 1720 1103 1774 humida
1140 1721 1320 1776 omnis
1361 1723 1667 1778 substantia
1706 1721 1954 1792 pendeat.
1998 1721 2160 1792 Super

2271 1716 2370 1792 τὴν
2405 1720 2577 1792 ὑγρὰν
2604 1720 2810 1774 οὐσίαν.
2866 1721 3194 1790 Ἐφέστηκεν
3232 1716 3323 1773 οὖν
3355 1721 3448 1773 ἐπὶ
3476 1719 3573 1790 τῆς
3604 1720 3836 1786 πίστεως

610 1813 793 1866 lunam
822 1813 1005 1883 itaque
1026 1820 1335 1883 sortemque
1358 1821 1599 1868 nostram
1627 1828 1691 1869 ac
1722 1814 2041 1869 electionem
2065 1821 2160 1868 stat

2277 1813 2372 1865 καὶ
2408 1810 2759 1882 προσλήψεως
2799 1808 2954 1881 ἡμῶν
2995 1810 3160 1881 (1ῖ)ἡ
3214 1810 3525 1881 Ἐκκλησία,
3556 1808 3695 1863 κατὰ
3737 1810 3839 1883 τὴν

608 1902 875 1967 Ecclesia,
912 1920 1011 1974 pro
1037 1905 1181 1960 luna:
1209 1906 1366 1976 quasi
1389 1914 1704 1976 conspectu,
1738 1907 1954 1962 interim
1985 1915 2172 1978 partu-

608 1997 758 2051 riens
786 1997 968 2067 quoad
1007 1997 1295 2053 intraverit
1324 1999 1603 2069 plenitudo
1641 2001 1916 2070 gentium,
1959 2015 2022 2055 ac
2060 2002 2173 2055 ani-

604 2088 776 2143 males
816 2089 873 2143 in
903 2090 1180 2159 spiritales
1213 2107 1576 2162 regenerans;
1607 2109 1718 2164 quo
1756 2093 1875 2163 ipso
1909 2104 1961 2149 ct
1999 2104 2171 2150 mater

604 2189 710 2236 est.
747 2179 813 2235 Ut
842 2184 985 2237 enim
1018 2185 1232 2247 mulier,
1269 2184 1489 2239 informi
1512 2185 1611 2240 viri
1640 2193 1895 2256 suscepto
1923 2187 2166 2251 semine,

603 2274 756 2323 certo
811 2271 1080 2325 mensium
1114 2273 1246 2327 orbe
1286 2275 1556 2344 integrum
1609 2274 1883 2332 hominem
1935 2278 2171 2346 concipit

602 2367 873 2431 partuque
901 2353 1159 2428 eli'undit,
1197 2364 1448 2420 similiter
1477 2374 1533 2421 et
1562 2368 1687 2437 quis
1729 2368 1928 2424 dixerit
1953 2385 2048 2425 eos
2076 2370 2168 2440 qui

602 2453 671 2508 ad
713 2453 949 2510 Verbum
1000 2456 1348 2528 confugiant,
1400 2458 1657 2517 Ecclesiae
1716 2470 1872 2517 utero
1910 2465 2169 2518 continue

601 2549 993 2617 concipiendos
1031 2560 1087 2605 et
1117 2550 1184 2606 ad
1221 2551 1428 2609 Christi
1468 2555 1882 2613 similitudinem
1915 2557 2169 2612 formam-

599 2653 708 2706 que
734 2637 1065 2708 ellingendos
1098 2642 1264 2697 certis
1316 2651 1618 2714 temporum
1654 2648 1925 2716 periodis,
1983 2648 2168 2703 beato-

601 2744 723 2784 rum
751 2730 966 2785 illorum
989 2735 1313 2789 sarculorum
1334 2735 1483 2792 cives
1498 2739 1767 2807 praestari.
1793 2738 1973 2806 Quare
1990 2749 2168 2795 astare

600 2824 747 2878 illam
778 2825 994 2880 lavacro
1033 2840 1258 2882 necesse
1288 2839 1372 2882 est
1391 2869 1407 2893 ,
1439 2844 1534 2886 eos
1562 2840 1909 2901 generantem
1941 2833 2035 2902 qui
2073 2832 2167 2889 illo

600 2915 964 2986 intinguntur.
1032 2915 1146 2973 Hoc
1183 2918 1327 2975 enim
1366 2919 1531 2975 modo
1567 2929 1622 2976 et
1654 2922 1849 2996 σελήνη
1891 2924 1912 2993 (
1945 2924 2047 2979 hoc
2084 2933 2169 2980 est

598 3006 750 3077 luna)
782 3016 1010 3064 vocatur
1037 3025 1100 3065 ea
1131 3026 1295 3081 quam
1319 3012 1464 3069 circa
1489 3013 1765 3069 lavacrum
1803 3015 2012 3072 obtinet
2047 3017 2163 3083 vis,

2275 1906 2373 1975 τῆς
2412 1904 2638 1975 σελήνης
2672 1901 2910 1973 σύνοψιν,
2956 1902 3222 1973 μέχριπερ
3250 1901 3316 1955 ἂν
3359 1901 3575 1975 εἰσέλθῃ
3606 1903 3667 1954 τὸ
3708 1901 3840 1976 πλή-

2279 2014 2436 2068 ρωμα
2480 1995 2586 2049 τῶν
2634 1994 2830 2060 ὲθνῶν,
2877 1994 3137 2048 ὠδίνουσα
3174 1995 3268 2048 καὶ
3319 1994 3665 2063 ἁναγεννῶσα
3710 1997 3838 2063 τοίις

2274 2088 2534 2159 ψυχικοὺς
2561 2088 2640 2151 εἰς
2667 2085 3064 2158 πνευματικούς
3083 2102 3096 2115 ο
3132 2084 3251 2139 καθ’
3275 2085 3333 2138 ὃν
3351 2085 3508 2154 λόγον
3529 2086 3623 2139 καὶ
3654 2087 3838 2159 μήτηρ

2276 2179 2440 2233 ἐστίν.
2475 2179 2683 2250 Ὥσπερ
2711 2178 2821 2250 γὰρ
2865 2177 3071 2247 σπορὰν
3112 2178 3303 2250 ἀνδρὸς
3341 2179 3663 2250 ἀμόρφωτον
3700 2182 3834 2234 fim-

2273 2271 2536 2344 δεξαμένη
2574 2272 2731 2343 γυνὴ,
2772 2271 3039 2344 περιόδοις
3076 2270 3279 2343 χρόνων
3307 2270 3588 2343 ἄνθρωπον
3614 2271 3837 2343 ὁλόκληι⁵

2279 2381 2367 2435 ρον
2401 2362 2629 2416 ἀποκύει
2648 2380 2662 2394 ·
2695 2362 2866 2436 ταύτῃ
2903 2362 2968 2435 δὴ
3000 2364 3093 2416 καὶ
3124 2362 3248 2427 τοὺς
3291 2363 3731 2435 προσφεύγοντας
3758 2364 3841 2434 τῷ

2273 2456 2450 2527 Λόγῳ,
2477 2456 2698 2528 φήσειεν
2737 2455 2803 2511 ἄν
2825 2473 2931 2519 τις,
2965 2455 3330 2510 συλλαϐοῦσαν
3361 2458 3447 2510 ἀεὶ
3475 2456 3573 2528 τὴν
3612 2457 3839 2529 Ἐκκλη-

2275 2548 2415 2613 σίαν,
2450 2550 2544 2602 καὶ
2570 2549 2670 2618 τὴν
2712 2549 2832 2602 καθ’
2871 2548 3126 2620 ὁμοίωσιν
3161 2548 3305 2603 ἰδέαν
3339 2550 3535 2625 αρτοὺς
3576 2551 3672 2605 καὶ
3703 2550 3839 2623 μόρ-

2275 2657 2444 2710 φωσιν
2475 2640 2783 2713 μορφοῦσαν
2813 2640 2905 2694 τοῦ
2934 2642 3190 2712 Χριστοῦ,
3220 2641 3486 2713 περιόδοις
3511 2642 3717 2714 χρόνων
3738 2659 3838 2696 πο-

2273 2731 2421 2794 λίτας
2462 2732 2742 2803 μακαρίων
2773 2732 2995 2785 ἐκείνων
3037 2729 3246 2787 αίώνων
3278 2732 3625 2805 ἐργάζεσθαι.
3674 2733 3844 2791 Ὅθεν

2273 2823 2333 2888 ἐξ
2373 2824 2614 2896 ἀνάγκης
2650 2823 2815 2895 αὐτὴν
2857 2824 3147 2894 ἐφεστάναι
3182 2825 3263 2878 δεῖ
3305 2825 3384 2897 τῷ
3435 2826 3661 2898 λουτρῷ,
3708 2829 3840 2895 τοὺς

2272 2914 2593 2986 λουομένους
2643 2915 2935 2984 γεννῶσαν.
2973 2916 3159 2987 Τούτῳ
3190 2916 3299 2989 γὰρ
3343 2917 3537 2990 σελήνη
3575 2919 3837 2991 κέκληται

2270 3005 2350 3077 τῷ
2377 3005 2562 3077 τρόπῳ
2591 3008 2625 3078 ή
2653 3006 2780 3077 περὶ
2808 3007 2867 3059 τὸ
2889 3006 3110 3079 λουτρὸν
3141 3007 3310 3077 αὐτῆς
3337 3009 3609 3080 ὲνέργεια’
3643 3012 3838 3085 ἐπειδὴ

596 3100 855 3169 quoniam
885 3100 1190 3169 νέονσέλας
1214 3103 1423 3176 (novum
1442 3105 1652 3161 scilicet
1671 3105 1859 3180 jubar)
1894 3108 2160 3174 renovati,

2274 3096 2391 3151 νέον
2419 3097 2576 3160 σέλας
2600 3097 3016 3164 ἁνανεασθέντες
3048 3102 3098 3154 οἱ
3124 3100 3554 3173 ἀναγεννώμενοι
3586 3103 3839 3175 λάμπου-

596 3193 689 3261 qui
720 3202 1111 3264 regenerantur
1143 3196 1270 3267 (hoc
1297 3204 1403 3261 est,
1434 3214 1618 3252 novum
1655 3198 1851 3271 lucem)
1880 3208 2157 3270 spargunt.

599 3281 754 3339 Unde
786 3292 841 3338 et
866 3284 1211 3353 νεαρώτιστοι
1244 3286 1445 3356 (recens
1476 3286 1685 3342 scilicet
1712 3286 2028 3361 illuminati)
2066 3304 2163 3359 per

592 3376 885 3446 quamdam
949 3378 1490 3434 circumlocutionem
1560 3389 1821 3435 vocantur
1869 3399 1883 3435 :
1925 3396 2032 3452 qua
2082 3381 2165 3435 ni-

594 3468 795 3523 mirum
842 3467 1086 3539 spiritale
1114 3469 1222 3525 illis
1254 3469 1612 3539 plenilunium
1670 3471 1971 3527 secundum
2033 3488 2164 3544 pas-

599 3559 774 3614 sionis
815 3561 1098 3630 periodum
1138 3575 1203 3615 ac
1243 3562 1674 3618 recordationem
1715 3576 1929 3634 semper
1963 3577 2165 3618 novum

594 3650 846 3717 exhibet,
877 3650 1056 3723 quoad
1084 3658 1138 3707 et
1166 3651 1468 3723 perfectum
1497 3654 1679 3709 lumen
1717 3671 1928 3727 magna:
1948 3655 2054 3711 diei
2085 3655 2161 3710 illi

593 3743 829 3798 oriatur.

2268 3204 2372 3252 σιν,
2411 3189 2440 3242 ὅ
2481 3190 2596 3242 ἐστι
2625 3190 2743 3243 νέον
2781 3189 2928 3259 φῶς·
2979 3196 2997 3217 ‘
3040 3192 3163 3247 ὃθεν
3213 3195 3305 3248 καὶ
3340 3194 3686 3264 νεοφώτιστοι
3732 3213 3840 3250 κα-

2267 3276 2504 3345 λοῦνται,
2539 3282 3005 3352 παραφραπικῶς
3033 3282 3128 3354 τήν
3163 3285 3535 3357 πνευματικὴν
3565 3285 3840 3359 πανσέληο

2269 3388 2357 3426 νον
2383 3373 2565 3437 αὐτοῖς
2593 3373 2691 3444 τὴν
2714 3373 2957 3444 περίοδον
2983 3374 3076 3428 τοῦ
3108 3376 3313 3440 πάθους
3342 3377 3434 3431 καὶ
3462 3376 3561 3446 τὴν
3591 3378 3842 3450 ἀνάμνη-

2271 3479 2375 3528 σιν,
2405 3463 2531 3517 νέαν
2566 3464 2655 3517 ἀεὶ
2678 3465 3148 3547 παραφαινούσης,
3180 3467 3289 3521 ἐστ’
3324 3467 3389 3521 ἂν
3413 3469 3446 3538 ἡ
3478 3467 3621 3540 αὐγὴ
3651 3469 3748 3523 καὶ
3770 3468 3847 3525 τὸ

2271 3555 2385 3625 φῶς
2416 3556 2477 3609 τὸ
2513 3555 2716 3611 τέλειον
2739 3557 2994 3633 ἀνατείλῃ
3022 3559 3120 3629 τῆς
3158 3559 3398 3631 μεγάλης
3424 3560 3654 3632 ἡμέρας.

979 3861 1109 3916 (λη.
1135 3861 1250 3918 Vll.
1277 3863 1520 3919 Mulieris
1540 3874 1725 3935 partus
1747 3868 1805 3920 in
1829 3867 2169 3940 Apocalypsi,
2203 3887 2307 3925 non
2356 3872 2467 3939 ipse
2491 3871 2710 3938 Christi,
2741 3873 2832 3926 sed
2857 3873 3092 3941 ﬁdelium
3117 3874 3173 3927 in
3199 3873 3436 3929 lavacro.

667 3975 763 4030 Sin
785 3991 915 4032 vero
942 3978 1067 4048 quis
1089 3977 1288 4050 (neque
1316 3982 1460 4037 enim
1495 3998 1657 4052 grave
1679 3985 1751 4039 sit
1780 3986 1954 4055 palam
1981 3987 2160 4042 denuo

592 4070 765 4141 loqui)
802 4085 944 4142 aegre
983 4071 1166 4128 ferens
1199 4074 1363 4130 dictis
1401 4075 1622 4143 objiciat
1666 4098 1678 4132 :
1717 4077 1849 4144 Quae
1885 4086 1969 4134 est
2008 4080 2156 4147 haec,

592 4177 863 4232 quamque
893 4164 960 4219 ad
994 4173 1230 4220 mentem
1268 4164 1565 4237 Scriptura:
1598 4169 1762 4236 hujus
1799 4172 2086 4241 expositio,
2127 4189 2161 4229 o

590 4256 850 4326 virgines,
884 4272 1008 4312 cum
1040 4259 1228 4329 utique
1246 4261 1603 4333 Apocalypsis
1624 4264 1927 4318 masculum
1958 4266 2026 4321 ab
2058 4265 2162 4321 Ec-

589 4348 758 4404 clesia
789 4351 1035 4419 generari
1066 4350 1290 4406 deﬁniat
1323 4372 1336 4407 :
1373 4369 1468 4410 vos
1499 4362 1678 4410 autem
1704 4356 1870 4411 istum
1899 4357 2156 4414 Ecclesia:

588 4448 804 4511 partum
834 4441 916 4496 sic
957 4443 1412 4512 interpretamini,
1438 4454 1496 4499 ut
1526 4446 1582 4500 in
1612 4446 1680 4502 iis
1713 4448 1804 4516 qui
1849 4463 1945 4518 per
1973 4450 2156 4520 bapti-

590 4548 774 4589 smum
807 4545 1202 4605 regeneranlur
1228 4536 1439 4607 impleri
1472 4538 1750 4595 doceatis?
1792 4540 1921 4596 huic
1958 4541 2032 4595 ita
2070 4558 2157 4598 re-

588 4626 975 4696 spondebimus
1004 4646 1019 4683 :
1058 4628 1224 4700 Atqui
1274 4646 1342 4686 ne
1386 4633 1519 4699 tibi,
1554 4633 1895 4705 vitilitigator
1929 4643 2151 4706 argute,

583 4716 746 4773 :‘aeile
770 4717 937 4774 fuerit
972 4722 1282 4789 ostendere,
1309 4723 1592 4781 Christum
1624 4741 1748 4782 esse
1786 4727 1953 4783 istum
1993 4728 2152 4798 cujus

655 4851 767 4936 (in?)
804 4854 939 4936 [feel
967 4856 1373 4927 προσλήψεως
1424 4861 1613 4936 ἡμῶν.
1667 4860 1781 4916 Vox
1826 4863 2149 4933 theologica,

581 4923 649 5003 de
687 4922 892 5003 Christi
927 4922 1164 4980 humana
1195 4922 1420 4983 "natura
1450 4922 1662 5001 Saepius
1694 4942 1974 5002 usurpata,
2008 4922 2154 5003 wquas

582 4993 663 5048 sic
690 5008 722 5046 a
754 4992 933 5073 Verbo
955 5005 1501 5073 assumptatnosqne
1540 4992 1595 5056 in
1628 5003 1740 5058 illa.
1770 4992 1975 5073 llicque
1993 4992 2150 5071 adeo,

582 5073 767 5151 nostra
792 5065 934 5151 ﬁdes
959 5073 1017 5151 et
1045 5065 1369 5151 πρόσληψις,
1405 5065 1589 5151 fideles
1634 5082 1760 5151 sunt
1788 5088 1841 5129 et
1860 5065 1952 5151 (ιῖυί
1992 5065 2152 5151 (ᾎιιείξ

581 5135 1000 5216 ειοειξροόιιιιι,
1031 5135 1282 5216 ejusque
1322 5156 1442 5216 sors
1483 5152 1537 5197 et
1565 5145 1851 5199 haereditas
1879 5135 2151 5215 'baptismi

581 5207 887 5284 initiatione
912 5207 1091 5284 ﬁunt“;
1114 5207 1279 5284 quam
1325 5211 1465 5266 lunae
1494 5216 1738 5284 symbolo
1759 5207 2031 5284 designari
2054 5232 2150 5269 au-

578 5282 807 5357 ctor‘est
838 5275 1162 5357 Methodius,
1187 5280 1259 5357 ob
1287 5275 1549 5357 aquaLun'i
1578 5300 1701 5357 cum
1730 5287 1849 5357 ejus
1880 5275 2151 5357 iucewalli-

563 5351 803 5426 nitatem
840 5360 908 5426 ac_
930 5351 1412 5426 necessitudinem.
1434 5351 1772 5412 Fallentibus
1807 5356 1981 5411 oculis
2014 5356 2150 5415 Pos-

577 5419 910 5499 siniu‘snacm
933 5430 1078 5474 esset
1099 5420 1438 5499 προλήψεως,
1463 5432 1513 5479 et
1539 5428 1965 5499 persuasionem;
1997 5428 2149 5482 item-

581 5501 683 5566 que
706 5485 1317 5566 Allatius,_antecepta'm
1350 5485 1525 5550 animo
1539 5485 1993 5566 informationem,
2020 5513 2143 5551 cum

574 5556 736 5639 ambo
775 5556 1074 5639 ediderint,
1112 5556 1256 5639 quod
1294 5566 1395 5619 loci
1434 5568 1573 5620 ratio
1604 5556 1864 5638 postulat,
1902 5556 2142 5639 προσλή-

2346 3987 2470 4042 Ἐὰν
2513 3987 2570 4040 δέ
2617 4005 2698 4051 τις
2749 3987 2936 4057 (οὐδὲν
2980 3988 3087 4060 γὰρ
3135 3986 3368 4057 χαλεπὸν
3410 3986 3491 4039 ἔτι
3531 3986 3841 4059 διαρρήδην

2261 4080 2452 4146 εἰπεῖν)
2482 4081 2862 4151 ἀγανακτήσας
2900 4079 3082 4150 φράσῃ
3122 4080 3257 4151 πρὸς
3292 4080 3361 4134 τὰ
3398 4079 3680 4150 εἰρημένα,
3714 4078 3839 4133 Καὶ

2262 4171 2378 4235 πῶς
2426 4173 2554 4242 ὑμῖν
2600 4175 2633 4244 ή
2690 4171 2968 4243 ἐξήγησις,
3017 4166 3063 4225 ὦ
3113 4171 3392 4244 παρθένοι,
3442 4173 3648 4241 γίνεται
3686 4172 3842 4227 κατὰ

2261 4264 2384 4317 νοῦν
2415 4264 2513 4335 τῆς
2543 4264 2782 4336 Γραφῆς,
2812 4264 2971 4317 ὁπότε
3022 4266 3056 4335 ἡ
3100 4264 3196 4334 μὲν
3234 4264 3597 4334 Ἀποκάλυψις
3625 4264 3844 4336 ἄρσενα.

2266 4359 2362 4428 τὴν
2406 4357 2727 4428 Ἐκκλησίαν
2760 4357 3049 4430 διορίζεται
3083 4359 3295 4429 γεννᾷν,
3325 4358 3480 4429 ὑμεῖς
3504 4358 3560 4410 δὲ
3588 4357 3693 4410 ἀπὸ
3719 4359 3843 4410 τῶν

2257 4448 2669 4518 ἀπολουομένων
2705 4449 3076 4520 παρειλήφατε
3116 4449 3215 4513 τὰς
3247 4447 3604 4520 τελεσφόρους
3631 4448 3843 4513 ὠδῖνας

2262 4542 2430 4612 αὐτῆς
2476 4540 2809 4612 πληροῦσθαι
2861 4541 3183 4612 λουομένας;
3244 4541 3498 4611 λέξομεν·
3567 4540 3728 4604 Ἀλλ’,
3786 4534 3842 4595 ὦ

2263 4633 2525 4701 φιλαίτιε,
2560 4631 2673 4685 ἀλλ’
2708 4632 2829 4685 οὐδέ
2859 4650 2940 4686 σοι
2989 4634 3246 4704 πάρεστιν
3274 4633 3535 4697 ἐπιδεῖξαι
3573 4632 3660 4687 τὸν
3699 4634 3839 4704 Χρι-

2264 4724 2385 4778 στὸν
2428 4724 2588 4778 αὑτὸν
2635 4720 2773 4777 εἷναι
2806 4725 2898 4779 τὸν
2938 4723 3293 4795 γεννώμενον.
3339 4724 3511 4779 Πάλαι
3565 4724 3670 4796 γὰρ
3722 4725 3843 4795 πρὸ

2255 4862 2476 4917 Christo
2524 4869 2875 4915 renascentes
2912 4880 2924 4914 :
2962 4876 3125 4930 quam
3173 4859 3400 4930 proinde
3442 4860 3729 4916 ministros
3775 4869 3845 4918 et

2256 4932 2613 4986 hierarchiam
2670 4931 3030 5000 perlicientem
3086 4932 3366 5001 intelligat,
3414 4946 3510 4985 seu
3569 4931 3844 4986 sacerdo-

2255 5003 2416 5057 talem
2447 5002 2713 5067 ordinem,
2762 5003 2813 5056 in
2870 5002 3131 5071 apostolis
3164 5010 3399 5071 cmptum
3443 5002 3607 5071 inique
3634 5015 3845 5058 eorum

2256 5073 2671 5128 successoribus
2731 5074 2784 5126 in
2824 5070 2982 5127 linem
3028 5088 3201 5143 usque
3252 5070 3452 5143 mundi
3477 5070 3841 5143 duraturum.

2256 5143 2423 5198 Luna:
2452 5144 2555 5197 ista
2598 5144 2911 5213 metaphora
2943 5149 2998 5197 et
3030 5141 3272 5213 etymum
3311 5141 3525 5211 longius
3560 5142 3845 5213 arcessita

2256 5214 2549 5269 videntur:
2576 5210 2818 5282 planiora
2874 5229 2995 5283 quae
3025 5210 3187 5267 habet
3236 5210 3546 5284 Dionysius,
3587 5210 3665 5284 De
3690 5212 3844 5267 εισι.

2256 5284 2474 5348 hieran,
2516 5299 2638 5356 cap.
2675 5286 2729 5343 5.
2767 5282 2998 5356 aliique,
3023 5298 3302 5354 exponens
3347 5282 3495 5356 quod
3528 5284 3602 5356 ita
3643 5282 3846 5356 bapti-

2258 5371 2409 5411 smus
2462 5352 2633 5410 lumen
2676 5352 2922 5418 vocatur,
2955 5352 3184 5424 ejusque
3216 5352 3742 5424 ritus—ilrluminatio,
3775 5365 3847 5410 et

2255 5426 2349 5496 qui
2369 5427 2460 5482 illo
2493 5426 2852 5495 intinguntur,
2879 5423 3052 5479 recens
3074 5425 3384 5496 illuminati,
3410 5423 3595 5479 Graece
3626 5424 3848 5496 νεοφὼ-

2251 5493 2441 5562 τιστοι,
2480 5493 2747 5567 (ιιιοιῖοει
2780 5504 3180 5567 sacramentum
3227 5494 3349 5551 ﬁdei
3380 5496 3661 5567 primaque
3695 5493 3848 5548 illuc-

2251 5564 2584 5647 minatio,'et
2614 5582 2720 5647 qua
2744 5565 2810 5620 ad
2824 5568 3070 5647 _reliquas
3100 5566 3275 5647 idonei
3311 5564 3697 5647 rejldimuriin
3729 5579 3847 5619 cu-

573 5624 740 5749 ἓεως.
775 5626 985 5686 Fefellit
1011 5624 1073 5685 τδ
1107 5624 1363 5698 πίστεως,
1394 5639 1549 5707 quasi
1575 5624 1635 5693 ea
1672 5653 1803 5695 voce
1837 5624 2142 5713 Methodiiis
2245 5639 2337 5707 jus
2376 5624 2548 5707 ipsius
2572 5624 2650 5691 rei
2702 5624 3004 5708 symboluin
3052 5650 3215 5707 super
3237 5636 3578 5705 baptizandis
3607 5624 3846 5703 lampas

614 5696 699 5749 del
729 5713 1033 5749 assensum-
1084 5718 1193 5749 nnn
1221 5705 1367 5749 insae
1411 5708 1580 5749 mnuie
1623 5708 1805 5749 ﬁdnlnc
1852 5710 2114 5749 αἰσιιίίίρρι
2251 5708 2582 5749 ρρρρηιὶιιηιι,
2620 5706 2733 5749 sive
2769 5708 2929 5749 otium
2977 5708 3234 5749 tractanda
3279 5707 3386 5749 illis
3420 5707 3671 5749 lrmlilnr-
3716 5705 3841 5749 Sed

614 5695 699 5779 dei
729 5713 1044 5779 assensum,
1084 5718 1193 5779 non
1220 5695 1367 5775 ipsos
1410 5695 1580 5776 inagis
1623 5708 1806 5764 ﬁdeles
1840 5695 2138 5779 °signilicet,

573 5781 637 5822 ea
667 5767 922 5840 baptismi
948 5767 1293 5844 intinctione,
1328 5767 1842 5848 quasiparturientc
1871 5767 2134 5848 Eucclcsia,

2250 5705 2585 5778 accenditur,
2620 5705 2745 5762 sive
2769 5708 2931 5762 etiam
2977 5705 3236 5778 gestanda
3279 5707 3386 5759 illis
3420 5707 3672 5763 traditur.
3715 5705 3845 5763 Sed

2249 5779 2362 5834 hanc
2388 5777 2610 5834 alterius
2634 5779 2731 5834 otii
2763 5786 2926 5852 atque
2957 5794 3153 5850 operae.
3190 5778 3479 5835 Counsrts.
3644 5788 3711 5796 ”“
