  <div class='ocr_page' id='page_1' title='image "/cluster/home/n/w/nwhite01/storage/ocr_20150623/18/hvd.32044073501215/082.png"; bbox 0 0 4052 6338; ppageno 0'>
   <div class='ocr_carea' id='block_1_1' title="bbox 276 330 374 387">
    <p class='ocr_par' dir='ltr' id='par_1_1' title="bbox 276 330 374 387">
     <span class='ocr_line' id='line_1_1' title="bbox 276 330 374 387; baseline 0.031 -3"><span class='ocrx_word' id='word_1_1' title='bbox 276 330 374 387; x_wconf 68' lang='lat' dir='ltr'><strong>HG</strong></span> 
     </span>
    </p>
   </div>
   <div class='ocr_carea' id='block_1_2' title="bbox 1352 326 2390 388">
    <p class='ocr_par' dir='ltr' id='par_1_2' title="bbox 1352 326 2390 388">
     <span class='ocr_line' id='line_1_2' title="bbox 1352 326 2390 388; baseline -0.009 0"><span class='ocrx_word' id='word_1_2' title='bbox 1352 329 1727 388; x_wconf 81' lang='lat' dir='ltr'><strong>CONVIVIUM</strong></span> <span class='ocrx_word' id='word_1_3' title='bbox 1769 329 1995 385; x_wconf 82' lang='lat' dir='ltr'><strong>DECEM</strong></span> <span class='ocrx_word' id='word_1_4' title='bbox 2035 326 2390 384; x_wconf 75' lang='lat' dir='ltr'><strong>VIRGINUM.</strong></span> 
     </span>
    </p>
   </div>
   <div class='ocr_carea' id='block_1_3' title="bbox 3380 331 3481 385">
    <p class='ocr_par' dir='ltr' id='par_1_3' title="bbox 3380 331 3481 385">
     <span class='ocr_line' id='line_1_3' title="bbox 3380 331 3481 385; baseline -0.01 0"><span class='ocrx_word' id='word_1_5' title='bbox 3380 331 3481 385; x_wconf 72' lang='grc'><strong>150</strong></span> 
     </span>
    </p>
   </div>
   <div class='ocr_carea' id='block_1_4' title="bbox 272 433 1831 515">
    <p class='ocr_par' dir='ltr' id='par_1_4' title="bbox 272 433 1831 515">
     <span class='ocr_line' id='line_1_4' title="bbox 272 433 1831 515; baseline 0 -18"><span class='ocrx_word' id='word_1_6' title='bbox 272 445 370 514; x_wconf 86' lang='grc' dir='ltr'><strong>τῆς</strong></span> <span class='ocrx_word' id='word_1_7' title='bbox 411 443 827 514; x_wconf 69' lang='grc' dir='ltr'>Ἀποκαλύψεως</span> <span class='ocrx_word' id='word_1_8' title='bbox 853 444 1205 515; x_wconf 79' lang='grc' dir='ltr'>ἐπεπλήρωτο</span> <span class='ocrx_word' id='word_1_9' title='bbox 1237 447 1528 515; x_wconf 87' lang='grc' dir='ltr'>μυστήριον</span> <span class='ocrx_word' id='word_1_10' title='bbox 1552 445 1650 515; x_wconf 82' lang='grc' dir='ltr'><strong>τῆς</strong></span> <span class='ocrx_word' id='word_1_11' title='bbox 1681 433 1831 499; x_wconf 70' lang='grc' dir='ltr'>ἔναν-</span> 
     </span>
    </p>
   </div>
   <div class='ocr_carea' id='block_1_5' title="bbox 1935 433 3482 515">
    <p class='ocr_par' dir='ltr' id='par_1_5' title="bbox 1935 440 3482 514">
     <span class='ocr_line' id='line_1_5' title="bbox 1935 440 3482 514; baseline 0.001 -18"><span class='ocrx_word' id='word_1_12' title='bbox 1935 443 2226 512; x_wconf 68' lang='lat' dir='ltr'><strong>Scriptura:</strong></span> <span class='ocrx_word' id='word_1_13' title='bbox 2251 441 2428 495; x_wconf 85' lang='lat' dir='ltr'><strong>verbis</strong></span> <span class='ocrx_word' id='word_1_14' title='bbox 2451 448 2636 511; x_wconf 91' lang='lat' dir='ltr'><strong>partus</strong></span> <span class='ocrx_word' id='word_1_15' title='bbox 2665 441 2946 498; x_wconf 76' lang='lat' dir='ltr'><strong>referatur.</strong></span> <span class='ocrx_word' id='word_1_16' title='bbox 2974 440 3182 496; x_wconf 84' lang='lat' dir='ltr'><strong>Dudum</strong></span> <span class='ocrx_word' id='word_1_17' title='bbox 3218 444 3482 514; x_wconf 79' lang='lat' dir='ltr'><strong>siquidem</strong></span> 
     </span>
    </p>
   </div>
   <div class='ocr_carea' id='block_1_6' title="bbox 273 533 1830 604">
    <p class='ocr_par' dir='ltr' id='par_1_6' title="bbox 273 533 1830 604">
     <span class='ocr_line' id='line_1_6' title="bbox 273 533 1830 604; baseline 0.001 -18"><span class='ocrx_word' id='word_1_18' title='bbox 273 533 602 604; x_wconf 83' lang='grc' dir='ltr'>θρωπήσεως</span> <span class='ocrx_word' id='word_1_19' title='bbox 629 533 724 586; x_wconf 76' lang='grc' dir='ltr'>τοῦ</span> <span class='ocrx_word' id='word_1_20' title='bbox 754 533 949 602; x_wconf 80' lang='grc' dir='ltr'>Λόγου.</span> <span class='ocrx_word' id='word_1_21' title='bbox 992 535 1050 586; x_wconf 86' lang='lat'><strong>&#39;0</strong></span> <span class='ocrx_word' id='word_1_22' title='bbox 1077 534 1133 586; x_wconf 81' lang='grc' dir='ltr'><strong>δὲ</strong></span> <span class='ocrx_word' id='word_1_23' title='bbox 1174 533 1443 604; x_wconf 75' lang='grc' dir='ltr'><strong>Ἰωάννης,</strong></span> <span class='ocrx_word' id='word_1_24' title='bbox 1479 535 1606 604; x_wconf 86' lang='grc' dir='ltr'><strong>περί</strong></span> <span class='ocrx_word' id='word_1_25' title='bbox 1633 534 1830 604; x_wconf 83' lang='grc' dir='ltr'>παρόν-</span> 
     </span>
    </p>
   </div>
   <div class='ocr_carea' id='block_1_7' title="bbox 273 623 1830 694">
    <p class='ocr_par' dir='ltr' id='par_1_7' title="bbox 273 623 1830 694">
     <span class='ocr_line' id='line_1_7' title="bbox 273 623 1830 694; baseline 0.002 -20"><span class='ocrx_word' id='word_1_26' title='bbox 273 641 377 677; x_wconf 87' lang='grc' dir='ltr'><strong>των</strong></span> <span class='ocrx_word' id='word_1_27' title='bbox 410 624 502 675; x_wconf 77' lang='grc' dir='ltr'><strong>καὶ</strong></span> <span class='ocrx_word' id='word_1_28' title='bbox 540 623 837 693; x_wconf 76' lang='grc' dir='ltr'><strong>μελλόντων</strong></span> <span class='ocrx_word' id='word_1_29' title='bbox 891 623 1172 694; x_wconf 82' lang='grc' dir='ltr'>θεσμῳδεῖ.</span> <span class='ocrx_word' id='word_1_30' title='bbox 1229 624 1288 676; x_wconf 90' lang='lat'><strong>&#39;0</strong></span> <span class='ocrx_word' id='word_1_31' title='bbox 1328 623 1384 675; x_wconf 85' lang='grc' dir='ltr'><strong>δὲ</strong></span> <span class='ocrx_word' id='word_1_32' title='bbox 1432 623 1685 694; x_wconf 81' lang='grc' dir='ltr'>Χριστὸς,</span> <span class='ocrx_word' id='word_1_33' title='bbox 1726 624 1830 677; x_wconf 83' lang='grc' dir='ltr'><strong>πά-</strong></span> 
     </span>
    </p>
   </div>
   <div class='ocr_carea' id='block_1_8' title="bbox 273 716 1828 790">
    <p class='ocr_par' dir='ltr' id='par_1_8' title="bbox 273 716 1828 790">
     <span class='ocr_line' id='line_1_8' title="bbox 273 716 1828 790; baseline 0.003 -22"><span class='ocrx_word' id='word_1_34' title='bbox 273 717 358 768; x_wconf 84' lang='grc' dir='ltr'><strong>λαι</strong></span> <span class='ocrx_word' id='word_1_35' title='bbox 399 716 644 788; x_wconf 76' lang='grc' dir='ltr'>κυηθεὶς,</span> <span class='ocrx_word' id='word_1_36' title='bbox 679 719 778 788; x_wconf 84' lang='grc' dir='ltr'><strong>οὐχ</strong></span> <span class='ocrx_word' id='word_1_37' title='bbox 813 717 1090 788; x_wconf 78' lang='grc' dir='ltr'><strong>ἡρπάσθη,</strong></span> <span class='ocrx_word' id='word_1_38' title='bbox 1121 717 1280 771; x_wconf 82' lang='grc' dir='ltr'>ὁπότε</span> <span class='ocrx_word' id='word_1_39' title='bbox 1312 717 1526 788; x_wconf 83' lang='grc' dir='ltr'>ὲτέχθη,</span> <span class='ocrx_word' id='word_1_40' title='bbox 1561 718 1695 790; x_wconf 77' lang='grc' dir='ltr'>πρὸς</span> <span class='ocrx_word' id='word_1_41' title='bbox 1738 720 1828 774; x_wconf 81' lang='grc' dir='ltr'><strong>τὸν</strong></span> 
     </span>
    </p>
   </div>
   <div class='ocr_carea' id='block_1_9' title="bbox 273 807 1829 881">
    <p class='ocr_par' dir='ltr' id='par_1_9' title="bbox 273 807 1829 881">
     <span class='ocr_line' id='line_1_9' title="bbox 273 807 1829 881; baseline 0.003 -22"><span class='ocrx_word' id='word_1_42' title='bbox 273 807 458 878; x_wconf 82' lang='grc' dir='ltr'>θρόνον</span> <span class='ocrx_word' id='word_1_43' title='bbox 497 808 592 860; x_wconf 79' lang='grc' dir='ltr'>τοῦ</span> <span class='ocrx_word' id='word_1_44' title='bbox 651 809 808 871; x_wconf 77' lang='grc' dir='ltr'>Θεοῦ,</span> <span class='ocrx_word' id='word_1_45' title='bbox 850 810 997 879; x_wconf 77' lang='grc' dir='ltr'><strong>φόϐῳ</strong></span> <span class='ocrx_word' id='word_1_46' title='bbox 1039 809 1132 864; x_wconf 79' lang='grc' dir='ltr'>τοῦ</span> <span class='ocrx_word' id='word_1_47' title='bbox 1178 809 1252 880; x_wconf 85' lang='grc' dir='ltr'><strong>μὴ</strong></span> <span class='ocrx_word' id='word_1_48' title='bbox 1298 809 1635 881; x_wconf 82' lang='grc' dir='ltr'><strong>λυμήνασθαι</strong></span> <span class='ocrx_word' id='word_1_49' title='bbox 1669 812 1829 864; x_wconf 81' lang='grc' dir='ltr'>αὑτὸν</span> 
     </span>
    </p>
   </div>
   <div class='ocr_carea' id='block_1_10' title="bbox 274 900 1829 975">
    <p class='ocr_par' dir='ltr' id='par_1_10' title="bbox 274 900 1829 975">
     <span class='ocr_line' id='line_1_10' title="bbox 274 900 1829 975; baseline 0.003 -24"><span class='ocrx_word' id='word_1_50' title='bbox 274 901 360 951; x_wconf 73' lang='grc' dir='ltr'><strong>τὸν</strong></span> <span class='ocrx_word' id='word_1_51' title='bbox 403 902 558 968; x_wconf 65' lang='grc' dir='ltr'>ὅφιν*</span> <span class='ocrx_word' id='word_1_52' title='bbox 601 900 737 954; x_wconf 75' lang='grc' dir='ltr'>ἀλλὰ</span> <span class='ocrx_word' id='word_1_53' title='bbox 782 900 869 953; x_wconf 80' lang='grc' dir='ltr'><strong>διὰ</strong></span> <span class='ocrx_word' id='word_1_54' title='bbox 909 900 1062 954; x_wconf 82' lang='grc' dir='ltr'>τοῦτο</span> <span class='ocrx_word' id='word_1_55' title='bbox 1105 902 1386 973; x_wconf 80' lang='grc' dir='ltr'>ἐγεννήθη,</span> <span class='ocrx_word' id='word_1_56' title='bbox 1430 903 1522 955; x_wconf 77' lang='grc' dir='ltr'>καὶ</span> <span class='ocrx_word' id='word_1_57' title='bbox 1567 903 1829 975; x_wconf 87' lang='grc' dir='ltr'>κατῆλθεν</span> 
     </span>
    </p>
   </div>
   <div class='ocr_carea' id='block_1_11' title="bbox 277 992 1831 1071">
    <p class='ocr_par' dir='ltr' id='par_1_11' title="bbox 277 992 1831 1071">
     <span class='ocr_line' id='line_1_11' title="bbox 277 992 1831 1071; baseline 0.004 -25"><span class='ocrx_word' id='word_1_58' title='bbox 277 992 435 1055; x_wconf 70' lang='grc' dir='ltr'>αὐτὸς</span> <span class='ocrx_word' id='word_1_59' title='bbox 462 992 570 1046; x_wconf 79' lang='grc' dir='ltr'><strong>ἀπὸ</strong></span> <span class='ocrx_word' id='word_1_60' title='bbox 594 992 703 1046; x_wconf 89' lang='grc' dir='ltr'><strong>τῶν</strong></span> <span class='ocrx_word' id='word_1_61' title='bbox 732 992 936 1064; x_wconf 86' lang='grc' dir='ltr'>θρόνων</span> <span class='ocrx_word' id='word_1_62' title='bbox 961 993 1053 1049; x_wconf 72' lang='grc' dir='ltr'>τοῦ</span> <span class='ocrx_word' id='word_1_63' title='bbox 1081 995 1311 1066; x_wconf 82' lang='grc' dir='ltr'>Πατρὸς,</span> <span class='ocrx_word' id='word_1_64' title='bbox 1339 995 1426 1049; x_wconf 85' lang='grc' dir='ltr'>ἵνα.</span> <span class='ocrx_word' id='word_1_65' title='bbox 1455 996 1544 1050; x_wconf 84' lang='grc' dir='ltr'><strong>τὸν</strong></span> <span class='ocrx_word' id='word_1_66' title='bbox 1567 997 1831 1071; x_wconf 86' lang='grc' dir='ltr'>δράκοντα</span> 
     </span>
    </p>
   </div>
   <div class='ocr_carea' id='block_1_12' title="bbox 277 1083 1830 1160">
    <p class='ocr_par' dir='ltr' id='par_1_12' title="bbox 277 1083 1830 1160">
     <span class='ocr_line' id='line_1_12' title="bbox 277 1083 1830 1160; baseline 0.005 -25"><span class='ocrx_word' id='word_1_67' title='bbox 277 1083 623 1156; x_wconf 80' lang='grc' dir='ltr'>χειρὼσηται,</span> <span class='ocrx_word' id='word_1_68' title='bbox 664 1084 850 1155; x_wconf 83' lang='grc' dir='ltr'><strong>μείνας</strong></span> <span class='ocrx_word' id='word_1_69' title='bbox 910 1086 1258 1157; x_wconf 80' lang='grc' dir='ltr'>ἐπιτρέχοντα</span> <span class='ocrx_word' id='word_1_70' title='bbox 1317 1088 1383 1159; x_wconf 77' lang='grc' dir='ltr'>τῇ</span> <span class='ocrx_word' id='word_1_71' title='bbox 1441 1090 1618 1160; x_wconf 88' lang='grc' dir='ltr'>σαρκί.</span> <span class='ocrx_word' id='word_1_72' title='bbox 1671 1090 1830 1144; x_wconf 85' lang='grc' dir='ltr'>Ὥστε</span> 
     </span>
    </p>
   </div>
   <div class='ocr_carea' id='block_1_13' title="bbox 276 1173 1829 1247">
    <p class='ocr_par' dir='ltr' id='par_1_13' title="bbox 276 1173 1829 1247">
     <span class='ocr_line' id='line_1_13' title="bbox 276 1173 1829 1247; baseline 0.004 -22"><span class='ocrx_word' id='word_1_73' title='bbox 276 1173 480 1244; x_wconf 68' lang='grc' dir='ltr'>ἁναγκη</span> <span class='ocrx_word' id='word_1_74' title='bbox 527 1174 808 1244; x_wconf 79' lang='grc' dir='ltr'>ὁμολογεῖν</span> <span class='ocrx_word' id='word_1_75' title='bbox 838 1175 902 1247; x_wconf 81' lang='grc' dir='ltr'>δή</span> <span class='ocrx_word' id='word_1_76' title='bbox 948 1176 1041 1230; x_wconf 75' lang='grc' dir='ltr'>καὶ</span> <span class='ocrx_word' id='word_1_77' title='bbox 1086 1177 1164 1241; x_wconf 82' lang='grc' dir='ltr'><strong>σὲ,</strong></span> <span class='ocrx_word' id='word_1_78' title='bbox 1191 1175 1287 1247; x_wconf 82' lang='grc' dir='ltr'>τὴν</span> <span class='ocrx_word' id='word_1_79' title='bbox 1332 1176 1653 1246; x_wconf 85' lang='grc' dir='ltr'>Ἐκκλησίαν</span> <span class='ocrx_word' id='word_1_80' title='bbox 1693 1174 1829 1231; x_wconf 83' lang='grc' dir='ltr'>εἶναι</span> 
     </span>
    </p>
   </div>
   <div class='ocr_carea' id='block_1_14' title="bbox 279 1266 1830 1343">
    <p class='ocr_par' dir='ltr' id='par_1_14' title="bbox 279 1266 1830 1343">
     <span class='ocr_line' id='line_1_14' title="bbox 279 1266 1830 1343; baseline 0.003 -26"><span class='ocrx_word' id='word_1_81' title='bbox 279 1266 368 1336; x_wconf 68' lang='grc' dir='ltr'><strong>τὴν</strong></span> <span class='ocrx_word' id='word_1_82' title='bbox 417 1266 708 1320; x_wconf 78' lang='grc' dir='ltr'>ὠδίνουσαν</span> <span class='ocrx_word' id='word_1_83' title='bbox 749 1267 842 1321; x_wconf 76' lang='grc' dir='ltr'>καὶ</span> <span class='ocrx_word' id='word_1_84' title='bbox 899 1267 1170 1335; x_wconf 82' lang='grc' dir='ltr'>γεννῶσαν</span> <span class='ocrx_word' id='word_1_85' title='bbox 1224 1270 1351 1332; x_wconf 79' lang='grc' dir='ltr'>τοὺς</span> <span class='ocrx_word' id='word_1_86' title='bbox 1400 1269 1830 1343; x_wconf 81' lang='grc' dir='ltr'>ἀπολουτρουμέ-</span> 
     </span>
    </p>
   </div>
   <div class='ocr_carea' id='block_1_15' title="bbox 281 1358 1825 1433">
    <p class='ocr_par' dir='ltr' id='par_1_15' title="bbox 281 1358 1825 1433">
     <span class='ocr_line' id='line_1_15' title="bbox 281 1358 1825 1433; baseline 0.004 -25"><span class='ocrx_word' id='word_1_87' title='bbox 281 1375 396 1420; x_wconf 77' lang='grc' dir='ltr'>νους</span> <span class='ocrx_word' id='word_1_88' title='bbox 433 1358 542 1427; x_wconf 85' lang='grc'><strong>(18)</strong></span> <span class='ocrx_word' id='word_1_89' title='bbox 567 1375 579 1388; x_wconf 78' lang='grc'><strong><em>⁸</em></strong></span> <span class='ocrx_word' id='word_1_90' title='bbox 624 1358 701 1422; x_wconf 85' lang='grc' dir='ltr'><strong>ῶς</strong></span> <span class='ocrx_word' id='word_1_91' title='bbox 726 1376 828 1412; x_wconf 82' lang='grc' dir='ltr'><strong>που</strong></span> <span class='ocrx_word' id='word_1_92' title='bbox 871 1359 963 1413; x_wconf 67' lang='lat' dir='ltr'><strong>xui.</strong></span> <span class='ocrx_word' id='word_1_93' title='bbox 993 1361 1050 1413; x_wconf 80' lang='grc' dir='ltr'><strong>ἐν</strong></span> <span class='ocrx_word' id='word_1_94' title='bbox 1095 1359 1286 1430; x_wconf 77' lang='grc' dir='ltr'>Ἡσαΐᾳ</span> <span class='ocrx_word' id='word_1_95' title='bbox 1319 1361 1380 1414; x_wconf 82' lang='grc' dir='ltr'><strong>τὸ</strong></span> <span class='ocrx_word' id='word_1_96' title='bbox 1413 1361 1635 1432; x_wconf 82' lang='grc' dir='ltr'>Πνεῦμά</span> <span class='ocrx_word' id='word_1_97' title='bbox 1663 1379 1825 1433; x_wconf 79' lang='grc' dir='ltr'>φησι·</span> 
     </span>
    </p>
   </div>
   <div class='ocr_carea' id='block_1_16' title="bbox 282 1432 1831 1520">
    <p class='ocr_par' dir='ltr' id='par_1_16' title="bbox 282 1432 1831 1520">
     <span class='ocr_line' id='line_1_16' title="bbox 282 1432 1831 1520; baseline 0.003 -18"><span class='ocrx_word' id='word_1_98' title='bbox 282 1451 419 1516; x_wconf 72' lang='grc' dir='ltr'><strong>Πρὶν</strong></span> <span class='ocrx_word' id='word_1_99' title='bbox 444 1448 557 1518; x_wconf 71' lang='grc' dir='ltr'>τὴν</span> <span class='ocrx_word' id='word_1_100' title='bbox 593 1450 936 1506; x_wconf 71' lang='grc' dir='ltr'>ὠδίνουσαν</span> <span class='ocrx_word' id='word_1_101' title='bbox 971 1450 1161 1504; x_wconf 77' lang='grc' dir='ltr'>τεκεῖν</span> <span class='ocrx_word' id='word_1_102' title='bbox 1200 1432 1296 1505; x_wconf 73' lang='grc' dir='ltr'>κάι</span> <span class='ocrx_word' id='word_1_103' title='bbox 1325 1453 1468 1520; x_wconf 77' lang='grc' dir='ltr'>πρὶν</span> <span class='ocrx_word' id='word_1_104' title='bbox 1495 1453 1691 1508; x_wconf 76' lang='grc' dir='ltr'><strong>ἐλθεῖν</strong></span> <span class='ocrx_word' id='word_1_105' title='bbox 1726 1432 1831 1507; x_wconf 79' lang='grc' dir='ltr'><strong>τὸν</strong></span> 
     </span>
    </p>
   </div>
   <div class='ocr_carea' id='block_1_17' title="bbox 285 1541 1826 1613">
    <p class='ocr_par' dir='ltr' id='par_1_17' title="bbox 285 1541 1826 1613">
     <span class='ocr_line' id='line_1_17' title="bbox 285 1541 1826 1613; baseline 0.005 -20"><span class='ocrx_word' id='word_1_106' title='bbox 285 1541 459 1593; x_wconf 67' lang='grc' dir='ltr'>πόνον</span> <span class='ocrx_word' id='word_1_107' title='bbox 502 1541 620 1594; x_wconf 85' lang='grc' dir='ltr'>τῶν</span> <span class='ocrx_word' id='word_1_108' title='bbox 653 1543 880 1595; x_wconf 76' lang='grc' dir='ltr'>ὠδίνων</span> <span class='ocrx_word' id='word_1_109' title='bbox 900 1584 915 1607; x_wconf 89' lang='grc'><strong>,</strong></span> <span class='ocrx_word' id='word_1_110' title='bbox 953 1543 1223 1613; x_wconf 56' lang='grc' dir='ltr'>ἐξέφυγε,</span> <span class='ocrx_word' id='word_1_111' title='bbox 1250 1544 1347 1598; x_wconf 84' lang='grc' dir='ltr'>καὶ</span> <span class='ocrx_word' id='word_1_112' title='bbox 1393 1544 1596 1600; x_wconf 81' lang='grc' dir='ltr'>ἔτεκεν</span> <span class='ocrx_word' id='word_1_113' title='bbox 1621 1545 1826 1613; x_wconf 80' lang='grc' dir='ltr'>ἄρσε-ν.</span> 
     </span>
    </p>
   </div>
   <div class='ocr_carea' id='block_1_18' title="bbox 291 1631 1830 1704">
    <p class='ocr_par' dir='ltr' id='par_1_18' title="bbox 291 1631 1830 1704">
     <span class='ocr_line' id='line_1_18' title="bbox 291 1631 1830 1704; baseline 0.003 -19"><span class='ocrx_word' id='word_1_114' title='bbox 291 1633 372 1696; x_wconf 81' lang='grc' dir='ltr'>Τίς</span> <span class='ocrx_word' id='word_1_115' title='bbox 397 1631 624 1700; x_wconf 68' lang='grc' dir='ltr'>ἢκουσε</span> <span class='ocrx_word' id='word_1_116' title='bbox 655 1635 920 1697; x_wconf 83' lang='grc' dir='ltr'>τοιοῦτο;</span> <span class='ocrx_word' id='word_1_117' title='bbox 959 1636 1056 1688; x_wconf 76' lang='grc' dir='ltr'>καὶ</span> <span class='ocrx_word' id='word_1_118' title='bbox 1097 1635 1187 1702; x_wconf 85' lang='grc' dir='ltr'><strong>τίς</strong></span> <span class='ocrx_word' id='word_1_119' title='bbox 1223 1637 1480 1704; x_wconf 77' lang='grc' dir='ltr'>ἑώρακεν</span> <span class='ocrx_word' id='word_1_120' title='bbox 1519 1636 1734 1703; x_wconf 56' lang='grc' dir='ltr'>οτΰτως;</span> <span class='ocrx_word' id='word_1_121' title='bbox 1761 1639 1830 1690; x_wconf 83' lang='lat' dir='ltr'><strong>El</strong></span> 
     </span>
    </p>
   </div>
   <div class='ocr_carea' id='block_1_19' title="bbox 287 1721 1829 1798">
    <p class='ocr_par' dir='ltr' id='par_1_19' title="bbox 287 1721 1829 1798">
     <span class='ocr_line' id='line_1_19' title="bbox 287 1721 1829 1798; baseline 0.005 -25"><span class='ocrx_word' id='word_1_122' title='bbox 287 1721 479 1776; x_wconf 74' lang='grc' dir='ltr'>ὤδινεν</span> <span class='ocrx_word' id='word_1_123' title='bbox 512 1726 548 1792; x_wconf 77' lang='grc' dir='ltr'><em>ἠ</em></span> <span class='ocrx_word' id='word_1_124' title='bbox 576 1725 654 1794; x_wconf 73' lang='grc' dir='ltr'><strong>γῆ</strong></span> <span class='ocrx_word' id='word_1_125' title='bbox 678 1727 748 1778; x_wconf 77' lang='grc' dir='ltr'><strong>ἐν</strong></span> <span class='ocrx_word' id='word_1_126' title='bbox 771 1726 871 1792; x_wconf 85' lang='grc' dir='ltr'>μιᾷ</span> <span class='ocrx_word' id='word_1_127' title='bbox 899 1726 1103 1796; x_wconf 73' lang='grc' dir='ltr'>ἡμέρᾳ,</span> <span class='ocrx_word' id='word_1_128' title='bbox 1123 1728 1217 1780; x_wconf 81' lang='grc' dir='ltr'>καὶ</span> <span class='ocrx_word' id='word_1_129' title='bbox 1235 1730 1286 1780; x_wconf 88' lang='grc' dir='ltr'>εὶ</span> <span class='ocrx_word' id='word_1_130' title='bbox 1310 1729 1636 1798; x_wconf 76' lang='grc' dir='ltr'>ἐγέννησεν</span> <span class='ocrx_word' id='word_1_131' title='bbox 1655 1728 1829 1793; x_wconf 77' lang='grc' dir='ltr'>ἔθνος</span> 
     </span>
    </p>
   </div>
   <div class='ocr_carea' id='block_1_20' title="bbox 1931 534 3482 605">
    <p class='ocr_par' dir='ltr' id='par_1_20' title="bbox 1931 534 3482 605">
     <span class='ocr_line' id='line_1_20' title="bbox 1931 534 3482 605; baseline 0.001 -17"><span class='ocrx_word' id='word_1_132' title='bbox 1931 544 2054 590; x_wconf 89' lang='lat' dir='ltr'><strong>ante</strong></span> <span class='ocrx_word' id='word_1_133' title='bbox 2083 534 2461 604; x_wconf 87' lang='lat' dir='ltr'><strong>Apocalypsim</strong></span> <span class='ocrx_word' id='word_1_134' title='bbox 2493 534 2774 605; x_wconf 73' lang='lat' dir='ltr'><strong>impletum</strong></span> <span class='ocrx_word' id='word_1_135' title='bbox 2805 543 2888 590; x_wconf 90' lang='lat' dir='ltr'><strong>est</strong></span> <span class='ocrx_word' id='word_1_136' title='bbox 2909 534 3298 592; x_wconf 87' lang='lat' dir='ltr'><strong>lncarnatiouis</strong></span> <span class='ocrx_word' id='word_1_137' title='bbox 3323 535 3482 591; x_wconf 83' lang='lat' dir='ltr'><strong>Verbi</strong></span> 
     </span>
    </p>
   </div>
   <div class='ocr_carea' id='block_1_21' title="bbox 1929 623 3484 697">
    <p class='ocr_par' dir='ltr' id='par_1_21' title="bbox 1929 623 3484 697">
     <span class='ocr_line' id='line_1_21' title="bbox 1929 623 3484 697; baseline 0.001 -17"><span class='ocrx_word' id='word_1_138' title='bbox 1929 626 2265 697; x_wconf 81' lang='lat' dir='ltr'><strong>mysterium.</strong></span> <span class='ocrx_word' id='word_1_139' title='bbox 2291 624 2461 679; x_wconf 85' lang='lat' dir='ltr'><strong>Porro</strong></span> <span class='ocrx_word' id='word_1_140' title='bbox 2487 623 2726 681; x_wconf 84' lang='lat' dir='ltr'><strong>Joannes</strong></span> <span class='ocrx_word' id='word_1_141' title='bbox 2765 625 2832 680; x_wconf 91' lang='lat' dir='ltr'><strong>de</strong></span> <span class='ocrx_word' id='word_1_142' title='bbox 2869 625 2936 680; x_wconf 89' lang='lat' dir='ltr'><strong>iis</strong></span> <span class='ocrx_word' id='word_1_143' title='bbox 2973 625 3210 694; x_wconf 89' lang='lat' dir='ltr'><strong>loquitur</strong></span> <span class='ocrx_word' id='word_1_144' title='bbox 3245 643 3363 696; x_wconf 73' lang='lat' dir='ltr'><strong>qua:</strong></span> <span class='ocrx_word' id='word_1_145' title='bbox 3405 629 3484 682; x_wconf 86' lang='lat' dir='ltr'><strong>vel</strong></span> 
     </span>
    </p>
   </div>
   <div class='ocr_carea' id='block_1_22' title="bbox 1930 715 3486 788">
    <p class='ocr_par' dir='ltr' id='par_1_22' title="bbox 1930 715 3486 788">
     <span class='ocr_line' id='line_1_22' title="bbox 1930 715 3486 788; baseline 0.002 -18"><span class='ocrx_word' id='word_1_146' title='bbox 1930 725 2060 772; x_wconf 91' lang='lat' dir='ltr'><strong>tunc</strong></span> <span class='ocrx_word' id='word_1_147' title='bbox 2081 718 2271 774; x_wconf 85' lang='lat' dir='ltr'><strong>fierent</strong></span> <span class='ocrx_word' id='word_1_148' title='bbox 2293 718 2375 772; x_wconf 86' lang='lat' dir='ltr'><strong>vel</strong></span> <span class='ocrx_word' id='word_1_149' title='bbox 2397 732 2515 788; x_wconf 68' lang='lat' dir='ltr'><strong>qua:</strong></span> <span class='ocrx_word' id='word_1_150' title='bbox 2547 717 2674 770; x_wconf 91' lang='lat' dir='ltr'><strong>olim</strong></span> <span class='ocrx_word' id='word_1_151' title='bbox 2697 725 2955 776; x_wconf 69' lang='lat' dir='ltr'><strong>eventura</strong></span> <span class='ocrx_word' id='word_1_152' title='bbox 2992 726 3195 772; x_wconf 88' lang='lat' dir='ltr'><strong>essent.</strong></span> <span class='ocrx_word' id='word_1_153' title='bbox 3220 715 3486 773; x_wconf 61' lang='lat' dir='ltr'><strong>Praeterea</strong></span> 
     </span>
    </p>
   </div>
   <div class='ocr_carea' id='block_1_23' title="bbox 1929 809 3484 880">
    <p class='ocr_par' dir='ltr' id='par_1_23' title="bbox 1929 809 3484 880">
     <span class='ocr_line' id='line_1_23' title="bbox 1929 809 3484 880; baseline -0.002 -15"><span class='ocrx_word' id='word_1_154' title='bbox 1929 810 2200 874; x_wconf 88' lang='lat' dir='ltr'><strong>Christus,</strong></span> <span class='ocrx_word' id='word_1_155' title='bbox 2225 810 2428 865; x_wconf 90' lang='lat' dir='ltr'><strong>dudum</strong></span> <span class='ocrx_word' id='word_1_156' title='bbox 2453 817 2767 878; x_wconf 88' lang='lat' dir='ltr'><strong>conceptus,</strong></span> <span class='ocrx_word' id='word_1_157' title='bbox 2794 818 3078 880; x_wconf 82' lang='lat' dir='ltr'><strong>postquam</strong></span> <span class='ocrx_word' id='word_1_158' title='bbox 3101 809 3292 865; x_wconf 85' lang='lat' dir='ltr'><strong>deinde</strong></span> <span class='ocrx_word' id='word_1_159' title='bbox 3325 819 3484 863; x_wconf 85' lang='lat' dir='ltr'><strong>natus</strong></span> 
     </span>
    </p>
   </div>
   <div class='ocr_carea' id='block_1_24' title="bbox 1929 900 3484 971">
    <p class='ocr_par' dir='ltr' id='par_1_24' title="bbox 1929 900 3484 971">
     <span class='ocr_line' id='line_1_24' title="bbox 1929 900 3484 971; baseline -0.003 -13"><span class='ocrx_word' id='word_1_160' title='bbox 1929 911 2030 968; x_wconf 92' lang='lat' dir='ltr'><strong>est,</strong></span> <span class='ocrx_word' id='word_1_161' title='bbox 2066 918 2175 956; x_wconf 89' lang='lat' dir='ltr'><strong>non</strong></span> <span class='ocrx_word' id='word_1_162' title='bbox 2207 912 2290 957; x_wconf 91' lang='lat' dir='ltr'><strong>est</strong></span> <span class='ocrx_word' id='word_1_163' title='bbox 2314 911 2497 970; x_wconf 86' lang='lat' dir='ltr'><strong>raptus</strong></span> <span class='ocrx_word' id='word_1_164' title='bbox 2522 901 2587 954; x_wconf 87' lang='lat' dir='ltr'><strong>ad</strong></span> <span class='ocrx_word' id='word_1_165' title='bbox 2623 901 2875 954; x_wconf 84' lang='lat' dir='ltr'><strong>thronum</strong></span> <span class='ocrx_word' id='word_1_166' title='bbox 2917 900 3031 966; x_wconf 87' lang='lat' dir='ltr'><strong>Dei,</strong></span> <span class='ocrx_word' id='word_1_167' title='bbox 3074 911 3218 954; x_wconf 88' lang='lat' dir='ltr'><strong>metu</strong></span> <span class='ocrx_word' id='word_1_168' title='bbox 3259 917 3324 956; x_wconf 88' lang='lat' dir='ltr'><strong>ne</strong></span> <span class='ocrx_word' id='word_1_169' title='bbox 3353 903 3484 971; x_wconf 87' lang='lat' dir='ltr'><strong>quid</strong></span> 
     </span>
    </p>
   </div>
   <div class='ocr_carea' id='block_1_25' title="bbox 1931 991 3482 1063">
    <p class='ocr_par' dir='ltr' id='par_1_25' title="bbox 1931 991 3482 1063">
     <span class='ocr_line' id='line_1_25' title="bbox 1931 991 3482 1063; baseline -0.001 -15"><span class='ocrx_word' id='word_1_170' title='bbox 1931 995 2007 1048; x_wconf 91' lang='lat' dir='ltr'><strong>illi</strong></span> <span class='ocrx_word' id='word_1_171' title='bbox 2037 1009 2190 1049; x_wconf 75' lang='lat' dir='ltr'><strong>noxa:</strong></span> <span class='ocrx_word' id='word_1_172' title='bbox 2221 993 2491 1063; x_wconf 88' lang='lat' dir='ltr'><strong>serpentis</strong></span> <span class='ocrx_word' id='word_1_173' title='bbox 2522 993 2644 1047; x_wconf 89' lang='lat' dir='ltr'><strong>dolo</strong></span> <span class='ocrx_word' id='word_1_174' title='bbox 2685 991 2976 1048; x_wconf 78' lang='lat' dir='ltr'><strong>inferretur</strong></span> <span class='ocrx_word' id='word_1_175' title='bbox 3004 1012 3015 1045; x_wconf 94' lang='lat'>:</span> <span class='ocrx_word' id='word_1_176' title='bbox 3049 993 3178 1062; x_wconf 88' lang='lat' dir='ltr'><strong>quin</strong></span> <span class='ocrx_word' id='word_1_177' title='bbox 3210 994 3388 1061; x_wconf 92' lang='lat' dir='ltr'><strong>potius</strong></span> <span class='ocrx_word' id='word_1_178' title='bbox 3428 994 3482 1047; x_wconf 92' lang='lat' dir='ltr'><strong>in</strong></span> 
     </span>
    </p>
   </div>
   <div class='ocr_carea' id='block_1_26' title="bbox 1931 1083 3485 1154">
    <p class='ocr_par' dir='ltr' id='par_1_26' title="bbox 1931 1083 3485 1154">
     <span class='ocr_line' id='line_1_26' title="bbox 1931 1083 3485 1154; baseline 0 -16"><span class='ocrx_word' id='word_1_179' title='bbox 1931 1085 2032 1140; x_wconf 87' lang='lat' dir='ltr'><strong>hoc</strong></span> <span class='ocrx_word' id='word_1_180' title='bbox 2055 1087 2230 1154; x_wconf 90' lang='lat' dir='ltr'><strong>ipsum</strong></span> <span class='ocrx_word' id='word_1_181' title='bbox 2262 1093 2418 1139; x_wconf 89' lang='lat' dir='ltr'><strong>natus</strong></span> <span class='ocrx_word' id='word_1_182' title='bbox 2443 1094 2548 1149; x_wconf 89' lang='lat' dir='ltr'><strong>est,</strong></span> <span class='ocrx_word' id='word_1_183' title='bbox 2575 1092 2628 1139; x_wconf 91' lang='lat' dir='ltr'><strong>et</strong></span> <span class='ocrx_word' id='word_1_184' title='bbox 2653 1100 2683 1139; x_wconf 90' lang='lat' dir='ltr'><strong>e</strong></span> <span class='ocrx_word' id='word_1_185' title='bbox 2709 1083 2885 1140; x_wconf 82' lang='lat' dir='ltr'><strong>Patris</strong></span> <span class='ocrx_word' id='word_1_186' title='bbox 2916 1084 3030 1154; x_wconf 89' lang='lat' dir='ltr'><strong>ipse</strong></span> <span class='ocrx_word' id='word_1_187' title='bbox 3046 1084 3241 1139; x_wconf 88' lang='lat' dir='ltr'><strong>throno</strong></span> <span class='ocrx_word' id='word_1_188' title='bbox 3260 1084 3485 1139; x_wconf 90' lang='lat' dir='ltr'><strong>descen-</strong></span> 
     </span>
    </p>
   </div>
   <div class='ocr_carea' id='block_1_27' title="bbox 1931 1172 3481 1244">
    <p class='ocr_par' dir='ltr' id='par_1_27' title="bbox 1931 1172 3481 1244">
     <span class='ocr_line' id='line_1_27' title="bbox 1931 1172 3481 1244; baseline 0 -15"><span class='ocrx_word' id='word_1_189' title='bbox 1931 1176 2030 1238; x_wconf 74' lang='lat' dir='ltr'><strong>dit,</strong></span> <span class='ocrx_word' id='word_1_190' title='bbox 2076 1184 2132 1231; x_wconf 92' lang='lat' dir='ltr'><strong>ut</strong></span> <span class='ocrx_word' id='word_1_191' title='bbox 2161 1175 2416 1230; x_wconf 80' lang='lat' dir='ltr'><strong>draconis</strong></span> <span class='ocrx_word' id='word_1_192' title='bbox 2441 1177 2496 1229; x_wconf 90' lang='lat' dir='ltr'><strong>in</strong></span> <span class='ocrx_word' id='word_1_193' title='bbox 2528 1190 2746 1230; x_wconf 89' lang='lat' dir='ltr'><strong>carnem</strong></span> <span class='ocrx_word' id='word_1_194' title='bbox 2777 1183 3029 1244; x_wconf 88' lang='lat' dir='ltr'><strong>suscepto</strong></span> <span class='ocrx_word' id='word_1_195' title='bbox 3071 1175 3273 1228; x_wconf 89' lang='lat' dir='ltr'><strong>insultu</strong></span> <span class='ocrx_word' id='word_1_196' title='bbox 3295 1172 3365 1229; x_wconf 59' lang='lat' dir='ltr'><strong>&#39;ac</strong></span> <span class='ocrx_word' id='word_1_197' title='bbox 3397 1181 3481 1229; x_wconf 84' lang='lat' dir='ltr'><strong>to-</strong></span> 
     </span>
    </p>
   </div>
   <div class='ocr_carea' id='block_1_28' title="bbox 1933 1265 3482 1336">
    <p class='ocr_par' dir='ltr' id='par_1_28' title="bbox 1933 1265 3482 1336">
     <span class='ocr_line' id='line_1_28' title="bbox 1933 1265 3482 1336; baseline 0 -16"><span class='ocrx_word' id='word_1_198' title='bbox 1933 1268 2122 1332; x_wconf 86' lang='lat' dir='ltr'><strong>lerato,</strong></span> <span class='ocrx_word' id='word_1_199' title='bbox 2162 1267 2416 1321; x_wconf 89' lang='lat' dir='ltr'><strong>draconis</strong></span> <span class='ocrx_word' id='word_1_200' title='bbox 2448 1267 2732 1336; x_wconf 85' lang='lat' dir='ltr'><strong>potiretur.</strong></span> <span class='ocrx_word' id='word_1_201' title='bbox 2776 1265 2956 1333; x_wconf 85' lang='lat' dir='ltr'><strong>Quare</strong></span> <span class='ocrx_word' id='word_1_202' title='bbox 2995 1274 3045 1321; x_wconf 90' lang='lat' dir='ltr'><strong>te</strong></span> <span class='ocrx_word' id='word_1_203' title='bbox 3075 1283 3288 1336; x_wconf 87' lang='lat' dir='ltr'><strong>quoque</strong></span> <span class='ocrx_word' id='word_1_204' title='bbox 3327 1266 3482 1320; x_wconf 80' lang='lat' dir='ltr'><strong>fateri</strong></span> 
     </span>
    </p>
   </div>
   <div class='ocr_carea' id='block_1_29' title="bbox 1931 1357 3487 1428">
    <p class='ocr_par' dir='ltr' id='par_1_29' title="bbox 1931 1357 3487 1428">
     <span class='ocr_line' id='line_1_29' title="bbox 1931 1357 3487 1428; baseline 0 -16"><span class='ocrx_word' id='word_1_205' title='bbox 1931 1374 2150 1414; x_wconf 83' lang='lat' dir='ltr'><strong>necesse</strong></span> <span class='ocrx_word' id='word_1_206' title='bbox 2184 1369 2264 1413; x_wconf 90' lang='lat' dir='ltr'><strong>est</strong></span> <span class='ocrx_word' id='word_1_207' title='bbox 2286 1399 2300 1421; x_wconf 88' lang='lat'><strong>,</strong></span> <span class='ocrx_word' id='word_1_208' title='bbox 2332 1357 2627 1412; x_wconf 80' lang='lat' dir='ltr'><strong>Ecclesium</strong></span> <span class='ocrx_word' id='word_1_209' title='bbox 2659 1373 2780 1413; x_wconf 89' lang='lat' dir='ltr'><strong>esse</strong></span> <span class='ocrx_word' id='word_1_210' title='bbox 2813 1374 2933 1427; x_wconf 72' lang='lat' dir='ltr'><strong>qua:</strong></span> <span class='ocrx_word' id='word_1_211' title='bbox 2971 1358 3204 1428; x_wconf 86' lang='lat' dir='ltr'><strong>parturit</strong></span> <span class='ocrx_word' id='word_1_212' title='bbox 3244 1373 3306 1412; x_wconf 90' lang='lat' dir='ltr'><strong>ac</strong></span> <span class='ocrx_word' id='word_1_213' title='bbox 3347 1360 3487 1428; x_wconf 87' lang='lat' dir='ltr'><strong>parit</strong></span> 
     </span>
    </p>
   </div>
   <div class='ocr_carea' id='block_1_30' title="bbox 1931 1451 3487 1522">
    <p class='ocr_par' dir='ltr' id='par_1_30' title="bbox 1931 1451 3487 1522">
     <span class='ocr_line' id='line_1_30' title="bbox 1931 1451 3487 1522; baseline 0 -16"><span class='ocrx_word' id='word_1_214' title='bbox 1931 1467 2026 1507; x_wconf 88' lang='lat' dir='ltr'><strong>eos</strong></span> <span class='ocrx_word' id='word_1_215' title='bbox 2054 1452 2143 1521; x_wconf 88' lang='lat' dir='ltr'><strong>qui</strong></span> <span class='ocrx_word' id='word_1_216' title='bbox 2172 1468 2237 1506; x_wconf 86' lang='lat' dir='ltr'><strong>ex</strong></span> <span class='ocrx_word' id='word_1_217' title='bbox 2287 1453 2501 1504; x_wconf 87' lang='lat' dir='ltr'><strong>lavacro</strong></span> <span class='ocrx_word' id='word_1_218' title='bbox 2548 1451 2920 1521; x_wconf 89' lang='lat' dir='ltr'><strong>suscipiuntur</strong></span> <span class='ocrx_word' id='word_1_219' title='bbox 2945 1491 2958 1516; x_wconf 95' lang='lat'><strong>,</strong></span> <span class='ocrx_word' id='word_1_220' title='bbox 3019 1453 3093 1504; x_wconf 92' lang='lat' dir='ltr'><strong>uti</strong></span> <span class='ocrx_word' id='word_1_221' title='bbox 3152 1453 3311 1507; x_wconf 89' lang='lat' dir='ltr'><strong>etiam</strong></span> <span class='ocrx_word' id='word_1_222' title='bbox 3345 1453 3487 1522; x_wconf 88' lang='lat' dir='ltr'><strong>apud</strong></span> 
     </span>
    </p>
   </div>
   <div class='ocr_carea' id='block_1_31' title="bbox 1932 1542 3487 1614">
    <p class='ocr_par' dir='ltr' id='par_1_31' title="bbox 1932 1542 3487 1614">
     <span class='ocr_line' id='line_1_31' title="bbox 1932 1542 3487 1614; baseline 0.002 -20"><span class='ocrx_word' id='word_1_223' title='bbox 1932 1543 2123 1598; x_wconf 89' lang='lat' dir='ltr'><strong>Isaiam</strong></span> <span class='ocrx_word' id='word_1_224' title='bbox 2181 1542 2412 1614; x_wconf 81' lang='lat' dir='ltr'><strong>Spiritus</strong></span> <span class='ocrx_word' id='word_1_225' title='bbox 2450 1544 2683 1613; x_wconf 88' lang='lat' dir='ltr'><strong>quodam</strong></span> <span class='ocrx_word' id='word_1_226' title='bbox 2731 1543 2850 1598; x_wconf 90' lang='lat' dir='ltr'><strong>loco</strong></span> <span class='ocrx_word' id='word_1_227' title='bbox 2887 1543 3018 1597; x_wconf 89' lang='lat' dir='ltr'><strong>dicit</strong></span> <span class='ocrx_word' id='word_1_228' title='bbox 3047 1545 3090 1574; x_wconf 84' lang='grc'>³¹</span> <span class='ocrx_word' id='word_1_229' title='bbox 3120 1563 3132 1597; x_wconf 92' lang='lat'><strong>:</strong></span> <span class='ocrx_word' id='word_1_230' title='bbox 3168 1543 3487 1613; x_wconf 82' lang='lat' dir='ltr'><strong>Priusquam</strong></span> 
     </span>
    </p>
   </div>
   <div class='ocr_carea' id='block_1_32' title="bbox 1930 1634 3486 1704">
    <p class='ocr_par' dir='ltr' id='par_1_32' title="bbox 1930 1634 3486 1704">
     <span class='ocr_line' id='line_1_32' title="bbox 1930 1634 3486 1704; baseline 0.001 -17"><span class='ocrx_word' id='word_1_231' title='bbox 1930 1636 2257 1702; x_wconf 85' lang='lat' dir='ltr'><strong>parturiret,</strong></span> <span class='ocrx_word' id='word_1_232' title='bbox 2317 1635 2542 1702; x_wconf 82' lang='lat' dir='ltr'><strong>peperit;</strong></span> <span class='ocrx_word' id='word_1_233' title='bbox 2595 1643 2643 1687; x_wconf 87' lang='lat' dir='ltr'><strong>et</strong></span> <span class='ocrx_word' id='word_1_234' title='bbox 2680 1645 2954 1704; x_wconf 80' lang='lat' dir='ltr'><strong>antequam</strong></span> <span class='ocrx_word' id='word_1_235' title='bbox 3005 1636 3230 1688; x_wconf 83' lang='lat' dir='ltr'><strong>venirent</strong></span> <span class='ocrx_word' id='word_1_236' title='bbox 3283 1634 3486 1689; x_wconf 82' lang='lat' dir='ltr'><strong>dolores</strong></span> 
     </span>
    </p>
   </div>
   <div class='ocr_carea' id='block_1_33' title="bbox 1931 1728 3488 1798">
    <p class='ocr_par' dir='ltr' id='par_1_33' title="bbox 1931 1728 3488 1798">
     <span class='ocr_line' id='line_1_33' title="bbox 1931 1728 3488 1798; baseline 0.003 -17"><span class='ocrx_word' id='word_1_237' title='bbox 1931 1739 2135 1796; x_wconf 89' lang='lat' dir='ltr'><strong>partus,</strong></span> <span class='ocrx_word' id='word_1_238' title='bbox 2169 1729 2381 1798; x_wconf 75' lang='lat' dir='ltr'><strong>e/fugit,</strong></span> <span class='ocrx_word' id='word_1_239' title='bbox 2409 1739 2457 1783; x_wconf 91' lang='lat' dir='ltr'><strong>et</strong></span> <span class='ocrx_word' id='word_1_240' title='bbox 2505 1728 2702 1798; x_wconf 79' lang='lat' dir='ltr'><strong>peperit</strong></span> <span class='ocrx_word' id='word_1_241' title='bbox 2752 1728 3061 1784; x_wconf 81' lang='lat' dir='ltr'><strong>masculum.</strong></span> <span class='ocrx_word' id='word_1_242' title='bbox 3115 1731 3244 1794; x_wconf 86' lang='lat' dir='ltr'><strong>Quis</strong></span> <span class='ocrx_word' id='word_1_243' title='bbox 3290 1730 3488 1785; x_wconf 77' lang='lat' dir='ltr'><strong>audivit</strong></span> 
     </span>
    </p>
   </div>
   <div class='ocr_carea' id='block_1_34' title="bbox 288 1815 1831 1913">
    <p class='ocr_par' dir='ltr' id='par_1_34' title="bbox 288 1815 1830 1888">
     <span class='ocr_line' id='line_1_34' title="bbox 288 1815 1830 1888; baseline 0.006 -23"><span class='ocrx_word' id='word_1_244' title='bbox 288 1815 639 1880; x_wconf 66' lang='grc' dir='ltr'>εἰσάπαξρτι</span> <span class='ocrx_word' id='word_1_245' title='bbox 650 1818 908 1887; x_wconf 60' lang='lat' dir='ltr'><strong>diali-nae</strong></span> <span class='ocrx_word' id='word_1_246' title='bbox 923 1820 1091 1879; x_wconf 71' lang='grc' dir='ltr'>Σιὼν,</span> <span class='ocrx_word' id='word_1_247' title='bbox 1111 1820 1207 1876; x_wconf 79' lang='grc' dir='ltr'>καὶ</span> <span class='ocrx_word' id='word_1_248' title='bbox 1222 1821 1423 1873; x_wconf 76' lang='grc' dir='ltr'>ἔτεκεν</span> <span class='ocrx_word' id='word_1_249' title='bbox 1437 1819 1683 1888; x_wconf 58' lang='lat' dir='ltr'><strong>tipatam;</strong></span> <span class='ocrx_word' id='word_1_250' title='bbox 1699 1822 1830 1874; x_wconf 87' lang='grc' dir='ltr'>Τίνα</span> 
     </span>
    </p>
   </div>
   <div class='ocr_carea' id='block_1_35' title="bbox 1935 1815 3487 1913">
    <p class='ocr_par' dir='ltr' id='par_1_35' title="bbox 1935 1819 3487 1893">
     <span class='ocr_line' id='line_1_35' title="bbox 1935 1819 3487 1893; baseline 0.003 -21"><span class='ocrx_word' id='word_1_251' title='bbox 1935 1837 2163 1890; x_wconf 80' lang='lat' dir='ltr'><strong>unquam</strong></span> <span class='ocrx_word' id='word_1_252' title='bbox 2207 1820 2346 1876; x_wconf 84' lang='lat' dir='ltr'><strong>tale?</strong></span> <span class='ocrx_word' id='word_1_253' title='bbox 2386 1831 2477 1874; x_wconf 89' lang='lat' dir='ltr'><strong>aut</strong></span> <span class='ocrx_word' id='word_1_254' title='bbox 2502 1821 2617 1890; x_wconf 88' lang='lat' dir='ltr'><strong>quis</strong></span> <span class='ocrx_word' id='word_1_255' title='bbox 2653 1819 2780 1874; x_wconf 84' lang='lat' dir='ltr'><strong>vidit</strong></span> <span class='ocrx_word' id='word_1_256' title='bbox 2811 1821 2930 1874; x_wconf 84' lang='lat' dir='ltr'><strong>huic</strong></span> <span class='ocrx_word' id='word_1_257' title='bbox 2969 1823 3182 1877; x_wconf 81' lang='lat' dir='ltr'><strong>simile?</strong></span> <span class='ocrx_word' id='word_1_258' title='bbox 3235 1822 3487 1893; x_wconf 70' lang='lat' dir='ltr'><strong>Nlnquid</strong></span> 
     </span>
    </p>
   </div>
   <div class='ocr_carea' id='block_1_36' title="bbox 288 1904 1824 1985">
    <p class='ocr_par' dir='ltr' id='par_1_36' title="bbox 288 1904 1824 1985">
     <span class='ocr_line' id='line_1_36' title="bbox 288 1904 1824 1985; baseline 0.004 -25"><span class='ocrx_word' id='word_1_259' title='bbox 288 1905 525 1976; x_wconf 62' lang='grc' dir='ltr'>ἐξέφυγεν</span> <span class='ocrx_word' id='word_1_260' title='bbox 547 1926 561 1974; x_wconf 87' lang='grc'>;</span> <span class='ocrx_word' id='word_1_261' title='bbox 585 1904 735 1980; x_wconf 83' lang='grc' dir='ltr'>ῆ(αί.</span> <span class='ocrx_word' id='word_1_262' title='bbox 753 1910 815 1979; x_wconf 85' lang='grc' dir='ltr'><strong>ἢ)</strong></span> <span class='ocrx_word' id='word_1_263' title='bbox 843 1911 1053 1974; x_wconf 75' lang='grc' dir='ltr'>πάντως</span> <span class='ocrx_word' id='word_1_264' title='bbox 1074 1912 1162 1965; x_wconf 83' lang='grc' dir='ltr'><strong>τὸν</strong></span> <span class='ocrx_word' id='word_1_265' title='bbox 1178 1912 1462 1983; x_wconf 81' lang='grc' dir='ltr'>δράκοντα,</span> <span class='ocrx_word' id='word_1_266' title='bbox 1489 1913 1572 1966; x_wconf 76' lang='grc' dir='ltr'>ἵνα</span> <span class='ocrx_word' id='word_1_267' title='bbox 1592 1914 1824 1985; x_wconf 78' lang='grc' dir='ltr'>γεννήσῃ</span> 
     </span>
    </p>
   </div>
   <div class='ocr_carea' id='block_1_37' title="bbox 285 1998 1828 2076">
    <p class='ocr_par' dir='ltr' id='par_1_37' title="bbox 285 1998 1828 2076">
     <span class='ocr_line' id='line_1_37' title="bbox 285 1998 1828 2076; baseline 0.006 -27"><span class='ocrx_word' id='word_1_268' title='bbox 285 1998 362 2050; x_wconf 68' lang='grc' dir='ltr'>τὸν</span> <span class='ocrx_word' id='word_1_269' title='bbox 388 2000 510 2053; x_wconf 76' lang='grc' dir='ltr'>λαὸν</span> <span class='ocrx_word' id='word_1_270' title='bbox 538 2003 570 2071; x_wconf 84' lang='grc' dir='ltr'><strong>ή</strong></span> <span class='ocrx_word' id='word_1_271' title='bbox 613 2002 776 2072; x_wconf 84' lang='grc' dir='ltr'>νοητὴ</span> <span class='ocrx_word' id='word_1_272' title='bbox 810 2002 966 2066; x_wconf 85' lang='grc' dir='ltr'>Σιὼν,</span> <span class='ocrx_word' id='word_1_273' title='bbox 996 2003 1086 2055; x_wconf 80' lang='grc' dir='ltr'>τὸν</span> <span class='ocrx_word' id='word_1_274' title='bbox 1133 2005 1352 2076; x_wconf 80' lang='grc' dir='ltr'>ἄρσενα,</span> <span class='ocrx_word' id='word_1_275' title='bbox 1385 2005 1475 2058; x_wconf 85' lang='grc' dir='ltr'><strong>τὸν</strong></span> <span class='ocrx_word' id='word_1_276' title='bbox 1504 2005 1612 2058; x_wconf 89' lang='grc' dir='ltr'><strong>τῶν</strong></span> <span class='ocrx_word' id='word_1_277' title='bbox 1649 2023 1828 2074; x_wconf 81' lang='grc' dir='ltr'>γυναι-</span> 
     </span>
    </p>
   </div>
   <div class='ocr_carea' id='block_1_38' title="bbox 285 2093 1825 2170">
    <p class='ocr_par' dir='ltr' id='par_1_38' title="bbox 285 2093 1825 2170">
     <span class='ocr_line' id='line_1_38' title="bbox 285 2093 1825 2170; baseline 0.003 -24"><span class='ocrx_word' id='word_1_278' title='bbox 285 2093 429 2146; x_wconf 76' lang='grc' dir='ltr'>κείων</span> <span class='ocrx_word' id='word_1_279' title='bbox 459 2093 650 2146; x_wconf 84' lang='grc' dir='ltr'>παθῶν</span> <span class='ocrx_word' id='word_1_280' title='bbox 684 2096 778 2148; x_wconf 79' lang='grc' dir='ltr'><strong>καὶ</strong></span> <span class='ocrx_word' id='word_1_281' title='bbox 811 2096 909 2168; x_wconf 89' lang='grc' dir='ltr'><strong>τῆς</strong></span> <span class='ocrx_word' id='word_1_282' title='bbox 940 2096 1208 2159; x_wconf 78' lang='grc' dir='ltr'>ὲκλύσεως</span> <span class='ocrx_word' id='word_1_283' title='bbox 1236 2099 1315 2161; x_wconf 83' lang='grc' dir='ltr'>εἰς</span> <span class='ocrx_word' id='word_1_284' title='bbox 1349 2097 1446 2169; x_wconf 84' lang='grc' dir='ltr'>τὴν</span> <span class='ocrx_word' id='word_1_285' title='bbox 1479 2098 1702 2170; x_wconf 79' lang='grc' dir='ltr'>ἑνότητα</span> <span class='ocrx_word' id='word_1_286' title='bbox 1729 2097 1825 2151; x_wconf 75' lang='grc' dir='ltr'>τοῦ</span> 
     </span>
    </p>
   </div>
   <div class='ocr_carea' id='block_1_39' title="bbox 284 2185 1822 2262">
    <p class='ocr_par' dir='ltr' id='par_1_39' title="bbox 284 2185 1822 2262">
     <span class='ocr_line' id='line_1_39' title="bbox 284 2185 1822 2262; baseline 0.004 -27"><span class='ocrx_word' id='word_1_287' title='bbox 284 2185 466 2256; x_wconf 76' lang='grc' dir='ltr'>Κυρίου</span> <span class='ocrx_word' id='word_1_288' title='bbox 486 2189 900 2258; x_wconf 77' lang='grc' dir='ltr'>καταντήσαντα</span> <span class='ocrx_word' id='word_1_289' title='bbox 925 2190 1014 2242; x_wconf 72' lang='grc' dir='ltr'><strong>καὶ</strong></span> <span class='ocrx_word' id='word_1_290' title='bbox 1029 2189 1484 2262; x_wconf 76' lang='grc' dir='ltr'>απαρσενωθέντα</span> <span class='ocrx_word' id='word_1_291' title='bbox 1512 2193 1576 2262; x_wconf 81' lang='grc' dir='ltr'>τῇ</span> <span class='ocrx_word' id='word_1_292' title='bbox 1603 2189 1822 2261; x_wconf 78' lang='grc' dir='ltr'>σπουδῇ.</span> 
     </span>
    </p>
   </div>
   <div class='ocr_carea' id='block_1_40' title="bbox 1911 1912 3488 1990">
    <p class='ocr_par' dir='ltr' id='par_1_40' title="bbox 1911 1912 3488 1990">
     <span class='ocr_line' id='line_1_40' title="bbox 1911 1912 3488 1990; baseline 0.002 -25"><span class='ocrx_word' id='word_1_293' title='bbox 1911 1914 2179 1990; x_wconf 87' lang='lat' dir='ltr'><strong>parturiit</strong></span> <span class='ocrx_word' id='word_1_294' title='bbox 2207 1922 2347 1966; x_wconf 90' lang='lat' dir='ltr'><strong>terra</strong></span> <span class='ocrx_word' id='word_1_295' title='bbox 2380 1913 2433 1966; x_wconf 88' lang='lat' dir='ltr'><strong>in</strong></span> <span class='ocrx_word' id='word_1_296' title='bbox 2457 1912 2540 1966; x_wconf 85' lang='lat' dir='ltr'><strong>die</strong></span> <span class='ocrx_word' id='word_1_297' title='bbox 2572 1917 2721 1970; x_wconf 86' lang='lat' dir='ltr'><strong>una?</strong></span> <span class='ocrx_word' id='word_1_298' title='bbox 2747 1931 2808 1967; x_wconf 87' lang='lat' dir='ltr'><strong>ac</strong></span> <span class='ocrx_word' id='word_1_299' title='bbox 2832 1916 2878 1968; x_wconf 89' lang='lat' dir='ltr'><strong>si</strong></span> <span class='ocrx_word' id='word_1_300' title='bbox 2901 1925 3100 1986; x_wconf 82' lang='lat' dir='ltr'><strong>gentem</strong></span> <span class='ocrx_word' id='word_1_301' title='bbox 3144 1916 3302 1968; x_wconf 82' lang='lat' dir='ltr'><strong>simul</strong></span> <span class='ocrx_word' id='word_1_302' title='bbox 3337 1931 3488 1983; x_wconf 86' lang='lat' dir='ltr'><strong>pepe-</strong></span> 
     </span>
    </p>
   </div>
   <div class='ocr_carea' id='block_1_41' title="bbox 1932 2005 3485 2077">
    <p class='ocr_par' dir='ltr' id='par_1_41' title="bbox 1932 2005 3485 2077">
     <span class='ocr_line' id='line_1_41' title="bbox 1932 2005 3485 2077; baseline 0.005 -20"><span class='ocrx_word' id='word_1_303' title='bbox 1932 2008 2092 2070; x_wconf 83' lang='lat' dir='ltr'><strong>rerit,</strong></span> <span class='ocrx_word' id='word_1_304' title='bbox 2155 2006 2282 2075; x_wconf 85' lang='lat' dir='ltr'><strong>quia</strong></span> <span class='ocrx_word' id='word_1_305' title='bbox 2321 2007 2569 2073; x_wconf 88' lang='lat' dir='ltr'><strong>parturiit</strong></span> <span class='ocrx_word' id='word_1_306' title='bbox 2619 2005 2778 2071; x_wconf 86' lang='lat' dir='ltr'><strong>Sion,</strong></span> <span class='ocrx_word' id='word_1_307' title='bbox 2819 2017 2866 2062; x_wconf 90' lang='lat' dir='ltr'><strong>et</strong></span> <span class='ocrx_word' id='word_1_308' title='bbox 2917 2010 3109 2077; x_wconf 86' lang='lat' dir='ltr'><strong>peperit</strong></span> <span class='ocrx_word' id='word_1_309' title='bbox 3152 2009 3485 2064; x_wconf 82' lang='lat' dir='ltr'><strong>masculum?</strong></span> 
     </span>
    </p>
   </div>
   <div class='ocr_carea' id='block_1_42' title="bbox 1932 2093 3486 2170">
    <p class='ocr_par' dir='ltr' id='par_1_42' title="bbox 1932 2093 3486 2170">
     <span class='ocr_line' id='line_1_42' title="bbox 1932 2093 3486 2170; baseline 0.003 -20"><span class='ocrx_word' id='word_1_310' title='bbox 1932 2093 2103 2162; x_wconf 87' lang='lat' dir='ltr'><strong>Quem</strong></span> <span class='ocrx_word' id='word_1_311' title='bbox 2143 2095 2371 2168; x_wconf 74' lang='lat' dir='ltr'><strong>effugit?</strong></span> <span class='ocrx_word' id='word_1_312' title='bbox 2409 2113 2517 2152; x_wconf 93' lang='lat' dir='ltr'><strong>non</strong></span> <span class='ocrx_word' id='word_1_313' title='bbox 2570 2113 2701 2154; x_wconf 87' lang='lat' dir='ltr'><strong>sane</strong></span> <span class='ocrx_word' id='word_1_314' title='bbox 2737 2099 2900 2153; x_wconf 89' lang='lat' dir='ltr'><strong>alium</strong></span> <span class='ocrx_word' id='word_1_315' title='bbox 2941 2115 3101 2170; x_wconf 89' lang='lat' dir='ltr'><strong>quam</strong></span> <span class='ocrx_word' id='word_1_316' title='bbox 3159 2101 3486 2165; x_wconf 87' lang='lat' dir='ltr'><strong>draconem,</strong></span> 
     </span>
    </p>
   </div>
   <div class='ocr_carea' id='block_1_43' title="bbox 1934 2177 3485 2262">
    <p class='ocr_par' dir='ltr' id='par_1_43' title="bbox 1934 2177 3485 2262">
     <span class='ocr_line' id='line_1_43' title="bbox 1934 2177 3485 2262; baseline 0.001 -18"><span class='ocrx_word' id='word_1_317' title='bbox 1934 2199 1993 2244; x_wconf 94' lang='lat' dir='ltr'><strong>ut</strong></span> <span class='ocrx_word' id='word_1_318' title='bbox 2046 2190 2302 2260; x_wconf 91' lang='lat' dir='ltr'><strong>populum</strong></span> <span class='ocrx_word' id='word_1_319' title='bbox 2363 2192 2664 2246; x_wconf 90' lang='lat' dir='ltr'><strong>masculum</strong></span> <span class='ocrx_word' id='word_1_320' title='bbox 2728 2198 2940 2262; x_wconf 89' lang='lat' dir='ltr'><strong>pareret</strong></span> <span class='ocrx_word' id='word_1_321' title='bbox 2999 2177 3257 2261; x_wconf 80' lang='lat' dir='ltr'><strong>spiritalis</strong></span> <span class='ocrx_word' id='word_1_322' title='bbox 3316 2193 3485 2259; x_wconf 86' lang='lat' dir='ltr'><strong>Sion;</strong></span> 
     </span>
    </p>
   </div>
   <div class='ocr_carea' id='block_1_44' title="bbox 281 2281 3487 2363">
    <p class='ocr_par' dir='ltr' id='par_1_44' title="bbox 281 2281 3487 2363">
     <span class='ocr_line' id='line_1_44' title="bbox 281 2281 3487 2363; baseline 0.003 -31"><span class='ocrx_word' id='word_1_323' title='bbox 281 2281 356 2349; x_wconf 86' lang='lat' dir='ltr'><strong>qui</strong></span> <span class='ocrx_word' id='word_1_324' title='bbox 417 2283 681 2337; x_wconf 86' lang='lat' dir='ltr'><strong>nimirum</strong></span> <span class='ocrx_word' id='word_1_325' title='bbox 727 2301 796 2339; x_wconf 80' lang='lat' dir='ltr'><strong>ex</strong></span> <span class='ocrx_word' id='word_1_326' title='bbox 840 2286 1192 2341; x_wconf 79' lang='lat' dir='ltr'><strong>muliebribus</strong></span> <span class='ocrx_word' id='word_1_327' title='bbox 1251 2287 1397 2343; x_wconf 85' lang='lat' dir='ltr'><strong>vitiis</strong></span> <span class='ocrx_word' id='word_1_328' title='bbox 1449 2287 1664 2357; x_wconf 87' lang='lat' dir='ltr'><strong>vitaque</strong></span> <span class='ocrx_word' id='word_1_329' title='bbox 1721 2285 1981 2342; x_wconf 89' lang='lat' dir='ltr'><strong>solutiore</strong></span> <span class='ocrx_word' id='word_1_330' title='bbox 2021 2284 2090 2338; x_wconf 89' lang='lat' dir='ltr'><strong>ad</strong></span> <span class='ocrx_word' id='word_1_331' title='bbox 2131 2283 2343 2363; x_wconf 84' lang='lat' dir='ltr'><strong>Domini</strong></span> <span class='ocrx_word' id='word_1_332' title='bbox 2413 2286 2676 2340; x_wconf 87' lang='lat' dir='ltr'><strong>unitatem</strong></span> <span class='ocrx_word' id='word_1_333' title='bbox 2735 2285 3303 2358; x_wconf 86' lang='lat' dir='ltr'><strong>necessitudincmque</strong></span> <span class='ocrx_word' id='word_1_334' title='bbox 3360 2303 3487 2342; x_wconf 84' lang='lat' dir='ltr'><strong>eva-</strong></span> 
     </span>
    </p>
   </div>
   <div class='ocr_carea' id='block_1_45' title="bbox 277 2376 2207 2452">
    <p class='ocr_par' dir='ltr' id='par_1_45' title="bbox 277 2376 2207 2452">
     <span class='ocr_line' id='line_1_45' title="bbox 277 2376 2207 2452; baseline 0.003 -23"><span class='ocrx_word' id='word_1_335' title='bbox 277 2376 432 2440; x_wconf 85' lang='lat' dir='ltr'><strong>serit,</strong></span> <span class='ocrx_word' id='word_1_336' title='bbox 455 2394 523 2434; x_wconf 89' lang='lat' dir='ltr'><strong>ac</strong></span> <span class='ocrx_word' id='word_1_337' title='bbox 550 2379 774 2435; x_wconf 74' lang='lat' dir='ltr'><strong>virtutis</strong></span> <span class='ocrx_word' id='word_1_338' title='bbox 799 2389 1147 2437; x_wconf 87' lang='lat' dir='ltr'><strong>concertante</strong></span> <span class='ocrx_word' id='word_1_339' title='bbox 1172 2382 1354 2436; x_wconf 90' lang='lat' dir='ltr'><strong>studio</strong></span> <span class='ocrx_word' id='word_1_340' title='bbox 1378 2382 1608 2437; x_wconf 88' lang='lat' dir='ltr'><strong>masculi</strong></span> <span class='ocrx_word' id='word_1_341' title='bbox 1631 2383 1826 2438; x_wconf 88' lang='lat' dir='ltr'><strong>robore</strong></span> <span class='ocrx_word' id='word_1_342' title='bbox 1854 2381 2207 2452; x_wconf 88' lang='lat' dir='ltr'><strong>promoverit.</strong></span> 
     </span>
    </p>
   </div>
   <div class='ocr_carea' id='block_1_46' title="bbox 719 2493 3074 2568">
    <p class='ocr_par' dir='ltr' id='par_1_46' title="bbox 719 2493 3074 2568">
     <span class='ocr_line' id='line_1_46' title="bbox 719 2493 3074 2568; baseline 0.002 -19"><span class='ocrx_word' id='word_1_343' title='bbox 719 2493 848 2549; x_wconf 75' lang='lat' dir='ltr'><strong>CAP.</strong></span> <span class='ocrx_word' id='word_1_344' title='bbox 873 2493 1007 2549; x_wconf 80' lang='lat' dir='ltr'><strong>Vill.</strong></span> <span class='ocrx_word' id='word_1_345' title='bbox 1039 2493 1247 2550; x_wconf 83' lang='lat' dir='ltr'><strong>Fideles</strong></span> <span class='ocrx_word' id='word_1_346' title='bbox 1273 2497 1327 2551; x_wconf 90' lang='lat' dir='ltr'><strong>in</strong></span> <span class='ocrx_word' id='word_1_347' title='bbox 1357 2496 1614 2566; x_wconf 88' lang='lat' dir='ltr'><strong>baptismo</strong></span> <span class='ocrx_word' id='word_1_348' title='bbox 1641 2512 1833 2562; x_wconf 85' lang='lat' dir='ltr'><strong>mares,</strong></span> <span class='ocrx_word' id='word_1_349' title='bbox 1866 2494 2078 2553; x_wconf 76' lang='lat' dir='ltr'><strong>Christo</strong></span> <span class='ocrx_word' id='word_1_350' title='bbox 2121 2496 2454 2567; x_wconf 84' lang='lat' dir='ltr'><strong>con/igurati.</strong></span> <span class='ocrx_word' id='word_1_351' title='bbox 2491 2497 2692 2564; x_wconf 85' lang='lat' dir='ltr'><strong>Sancti,</strong></span> <span class='ocrx_word' id='word_1_352' title='bbox 2719 2500 2816 2568; x_wconf 87' lang='lat' dir='ltr'><strong>ipsi</strong></span> <span class='ocrx_word' id='word_1_353' title='bbox 2840 2498 3074 2555; x_wconf 56' lang='lat' dir='ltr'><strong>Christi;</strong></span> 
     </span>
    </p>
   </div>
   <div class='ocr_carea' id='block_1_47' title="bbox 333 2606 1828 2686">
    <p class='ocr_par' dir='ltr' id='par_1_47' title="bbox 333 2606 1828 2686">
     <span class='ocr_line' id='line_1_47' title="bbox 333 2606 1828 2686; baseline 0.005 -24"><span class='ocrx_word' id='word_1_354' title='bbox 333 2610 593 2680; x_wconf 84' lang='grc' dir='ltr'>Λέγωμεν</span> <span class='ocrx_word' id='word_1_355' title='bbox 624 2606 718 2664; x_wconf 77' lang='grc' dir='ltr'><strong>οὖν</strong></span> <span class='ocrx_word' id='word_1_356' title='bbox 743 2612 900 2666; x_wconf 76' lang='grc' dir='ltr'>πάλιν</span> <span class='ocrx_word' id='word_1_357' title='bbox 933 2612 990 2678; x_wconf 73' lang='grc' dir='ltr'>ἐξ</span> <span class='ocrx_word' id='word_1_358' title='bbox 1016 2615 1188 2685; x_wconf 80' lang='grc' dir='ltr'>ἀρχῆς</span> <span class='ocrx_word' id='word_1_359' title='bbox 1215 2616 1694 2681; x_wconf 78' lang='grc' dir='ltr'>ἐπαναποδίσασαι,</span> <span class='ocrx_word' id='word_1_360' title='bbox 1734 2615 1828 2686; x_wconf 85' lang='grc' dir='ltr'>μέ-</span> 
     </span>
    </p>
   </div>
   <div class='ocr_carea' id='block_1_48' title="bbox 265 2703 1831 2778">
    <p class='ocr_par' dir='ltr' id='par_1_48' title="bbox 265 2703 1831 2778">
     <span class='ocr_line' id='line_1_48' title="bbox 265 2703 1831 2778; baseline 0.004 -24"><span class='ocrx_word' id='word_1_361' title='bbox 265 2719 454 2773; x_wconf 73' lang='grc' dir='ltr'>χριπερ</span> <span class='ocrx_word' id='word_1_362' title='bbox 483 2703 552 2756; x_wconf 73' lang='grc' dir='ltr'><strong>ἂν</strong></span> <span class='ocrx_word' id='word_1_363' title='bbox 587 2703 825 2775; x_wconf 79' lang='grc' dir='ltr'>καθεξῆς</span> <span class='ocrx_word' id='word_1_364' title='bbox 871 2706 1006 2774; x_wconf 80' lang='grc' dir='ltr'>πρὸς</span> <span class='ocrx_word' id='word_1_365' title='bbox 1048 2707 1106 2759; x_wconf 81' lang='grc' dir='ltr'><strong>τὸ</strong></span> <span class='ocrx_word' id='word_1_366' title='bbox 1135 2707 1286 2770; x_wconf 80' lang='grc' dir='ltr'>τέλος</span> <span class='ocrx_word' id='word_1_367' title='bbox 1319 2707 1580 2778; x_wconf 82' lang='grc' dir='ltr'>ἔλθωμεν,</span> <span class='ocrx_word' id='word_1_368' title='bbox 1609 2707 1831 2778; x_wconf 74' lang='grc' dir='ltr'>ἐξηγού-</span> 
     </span>
    </p>
   </div>
   <div class='ocr_carea' id='block_1_49' title="bbox 266 2792 1828 2868">
    <p class='ocr_par' dir='ltr' id='par_1_49' title="bbox 266 2792 1828 2868">
     <span class='ocr_line' id='line_1_49' title="bbox 266 2792 1828 2868; baseline 0.003 -22"><span class='ocrx_word' id='word_1_369' title='bbox 266 2811 414 2861; x_wconf 83' lang='grc' dir='ltr'>μεναι</span> <span class='ocrx_word' id='word_1_370' title='bbox 432 2793 503 2847; x_wconf 77' lang='grc' dir='ltr'>τὰ</span> <span class='ocrx_word' id='word_1_371' title='bbox 532 2794 817 2865; x_wconf 75' lang='grc' dir='ltr'>εἰρημένα.</span> <span class='ocrx_word' id='word_1_372' title='bbox 853 2795 1050 2848; x_wconf 78' lang='grc' dir='ltr'>Σκόπει</span> <span class='ocrx_word' id='word_1_373' title='bbox 1082 2792 1172 2850; x_wconf 81' lang='grc' dir='ltr'><strong>οὖν</strong></span> <span class='ocrx_word' id='word_1_374' title='bbox 1203 2797 1296 2850; x_wconf 75' lang='grc' dir='ltr'><strong>ἐὰν</strong></span> <span class='ocrx_word' id='word_1_375' title='bbox 1324 2815 1436 2860; x_wconf 83' lang='grc' dir='ltr'><strong>πως</strong></span> <span class='ocrx_word' id='word_1_376' title='bbox 1460 2799 1555 2850; x_wconf 74' lang='grc' dir='ltr'><strong>καὶ</strong></span> <span class='ocrx_word' id='word_1_377' title='bbox 1587 2798 1668 2850; x_wconf 59' lang='grc' dir='ltr'><strong>σοὶ¹</strong></span> <span class='ocrx_word' id='word_1_378' title='bbox 1701 2797 1828 2868; x_wconf 81' lang='grc' dir='ltr'>δοκῇ</span> 
     </span>
    </p>
   </div>
   <div class='ocr_carea' id='block_1_50' title="bbox 264 2886 1832 2961">
    <p class='ocr_par' dir='ltr' id='par_1_50' title="bbox 264 2886 1832 2961">
     <span class='ocr_line' id='line_1_50' title="bbox 264 2886 1832 2961; baseline 0.003 -24"><span class='ocrx_word' id='word_1_379' title='bbox 264 2887 394 2956; x_wconf 70' lang='grc' dir='ltr'>πρὸς</span> <span class='ocrx_word' id='word_1_380' title='bbox 433 2886 680 2952; x_wconf 70' lang='grc' dir='ltr'>εὐδοξίαν</span> <span class='ocrx_word' id='word_1_381' title='bbox 731 2888 761 2940; x_wconf 80' lang='grc' dir='ltr'><strong>ό</strong></span> <span class='ocrx_word' id='word_1_382' title='bbox 812 2889 968 2957; x_wconf 80' lang='grc' dir='ltr'>λόγος</span> <span class='ocrx_word' id='word_1_383' title='bbox 1012 2889 1362 2961; x_wconf 74' lang='grc' dir='ltr'>πληροῦσθαι.</span> <span class='ocrx_word' id='word_1_384' title='bbox 1411 2887 1551 2958; x_wconf 86' lang='grc' dir='ltr'>Ἐγὼ</span> <span class='ocrx_word' id='word_1_385' title='bbox 1594 2889 1700 2960; x_wconf 77' lang='grc' dir='ltr'><strong>γὰρ</strong></span> <span class='ocrx_word' id='word_1_386' title='bbox 1743 2888 1832 2942; x_wconf 84' lang='grc' dir='ltr'><strong>τὸν</strong></span> 
     </span>
    </p>
   </div>
   <div class='ocr_carea' id='block_1_51' title="bbox 261 2980 1828 3056">
    <p class='ocr_par' dir='ltr' id='par_1_51' title="bbox 261 2980 1828 3056">
     <span class='ocr_line' id='line_1_51' title="bbox 261 2980 1828 3056; baseline 0.004 -25"><span class='ocrx_word' id='word_1_387' title='bbox 261 2980 460 3050; x_wconf 72' lang='grc' dir='ltr'>ἄρσενα</span> <span class='ocrx_word' id='word_1_388' title='bbox 501 2980 676 3052; x_wconf 76' lang='grc' dir='ltr'>ταύτῃ</span> <span class='ocrx_word' id='word_1_389' title='bbox 711 2983 904 3052; x_wconf 83' lang='grc' dir='ltr'>γεννᾷν</span> <span class='ocrx_word' id='word_1_390' title='bbox 937 2982 1184 3054; x_wconf 81' lang='grc' dir='ltr'>εἰρῆσθαι</span> <span class='ocrx_word' id='word_1_391' title='bbox 1221 2983 1426 3054; x_wconf 81' lang='grc' dir='ltr'>νομίζω</span> <span class='ocrx_word' id='word_1_392' title='bbox 1460 2982 1556 3054; x_wconf 82' lang='grc' dir='ltr'>τὴν</span> <span class='ocrx_word' id='word_1_393' title='bbox 1599 2983 1828 3056; x_wconf 85' lang='grc' dir='ltr'>Ἐκκλη-</span> 
     </span>
    </p>
   </div>
   <div class='ocr_carea' id='block_1_52' title="bbox 267 3071 1829 3149">
    <p class='ocr_par' dir='ltr' id='par_1_52' title="bbox 267 3071 1829 3149">
     <span class='ocr_line' id='line_1_52' title="bbox 267 3071 1829 3149; baseline 0.007 -27"><span class='ocrx_word' id='word_1_394' title='bbox 267 3071 414 3123; x_wconf 80' lang='grc' dir='ltr'>σίαν·</span> <span class='ocrx_word' id='word_1_395' title='bbox 460 3073 652 3143; x_wconf 70' lang='grc' dir='ltr'>ἐπειδὴ</span> <span class='ocrx_word' id='word_1_396' title='bbox 692 3074 820 3136; x_wconf 75' lang='grc' dir='ltr'>τοὺς</span> <span class='ocrx_word' id='word_1_397' title='bbox 858 3075 1204 3149; x_wconf 82' lang='grc' dir='ltr'>χαρακτῆρας</span> <span class='ocrx_word' id='word_1_398' title='bbox 1251 3075 1342 3128; x_wconf 73' lang='grc' dir='ltr'>καὶ</span> <span class='ocrx_word' id='word_1_399' title='bbox 1390 3077 1488 3148; x_wconf 78' lang='grc' dir='ltr'><strong>τὴν</strong></span> <span class='ocrx_word' id='word_1_400' title='bbox 1521 3077 1829 3134; x_wconf 81' lang='grc' dir='ltr'>ὲκτύπωσιν</span> 
     </span>
    </p>
   </div>
   <div class='ocr_carea' id='block_1_53' title="bbox 264 3165 1828 3239">
    <p class='ocr_par' dir='ltr' id='par_1_53' title="bbox 264 3165 1828 3239">
     <span class='ocr_line' id='line_1_53' title="bbox 264 3165 1828 3239; baseline 0.006 -25"><span class='ocrx_word' id='word_1_401' title='bbox 264 3165 366 3215; x_wconf 69' lang='grc' dir='ltr'><strong>καὶ</strong></span> <span class='ocrx_word' id='word_1_402' title='bbox 402 3165 498 3233; x_wconf 77' lang='grc' dir='ltr'>τὴν</span> <span class='ocrx_word' id='word_1_403' title='bbox 538 3165 885 3235; x_wconf 71' lang='grc' dir='ltr'>ἀρρενωπίαν</span> <span class='ocrx_word' id='word_1_404' title='bbox 938 3165 1030 3218; x_wconf 78' lang='grc' dir='ltr'>τοῦ</span> <span class='ocrx_word' id='word_1_405' title='bbox 1061 3165 1293 3234; x_wconf 78' lang='grc' dir='ltr'>Χριστοῦ</span> <span class='ocrx_word' id='word_1_406' title='bbox 1329 3167 1828 3239; x_wconf 77' lang='grc' dir='ltr'>προσλαμϐάνουσιν</span> 
     </span>
    </p>
   </div>
   <div class='ocr_carea' id='block_1_54' title="bbox 2001 2615 3489 2689">
    <p class='ocr_par' dir='ltr' id='par_1_54' title="bbox 2001 2615 3489 2689">
     <span class='ocr_line' id='line_1_54' title="bbox 2001 2615 3489 2689; baseline 0.001 -20"><span class='ocrx_word' id='word_1_407' title='bbox 2001 2615 2256 2672; x_wconf 87' lang='lat' dir='ltr'><strong>Dicamus</strong></span> <span class='ocrx_word' id='word_1_408' title='bbox 2289 2633 2418 2689; x_wconf 82' lang='lat' dir='ltr'><strong>ergo</strong></span> <span class='ocrx_word' id='word_1_409' title='bbox 2456 2618 2568 2673; x_wconf 70' lang='lat' dir='ltr'><strong>haec</strong></span> <span class='ocrx_word' id='word_1_410' title='bbox 2602 2633 2794 2674; x_wconf 89' lang='lat' dir='ltr'><strong>rursus</strong></span> <span class='ocrx_word' id='word_1_411' title='bbox 2819 2618 3028 2682; x_wconf 86' lang='lat' dir='ltr'><strong>eadem,</strong></span> <span class='ocrx_word' id='word_1_412' title='bbox 3055 2625 3108 2671; x_wconf 87' lang='lat' dir='ltr'><strong>et</strong></span> <span class='ocrx_word' id='word_1_413' title='bbox 3130 2617 3198 2672; x_wconf 91' lang='lat' dir='ltr'><strong>ab</strong></span> <span class='ocrx_word' id='word_1_414' title='bbox 3219 2617 3381 2672; x_wconf 90' lang='lat' dir='ltr'><strong>initio</strong></span> <span class='ocrx_word' id='word_1_415' title='bbox 3402 2631 3489 2671; x_wconf 89' lang='lat' dir='ltr'><strong>re-</strong></span> 
     </span>
    </p>
   </div>
   <div class='ocr_carea' id='block_1_55' title="bbox 1932 2709 3492 2781">
    <p class='ocr_par' dir='ltr' id='par_1_55' title="bbox 1932 2709 3492 2781">
     <span class='ocr_line' id='line_1_55' title="bbox 1932 2709 3492 2781; baseline 0 -17"><span class='ocrx_word' id='word_1_416' title='bbox 1932 2716 2229 2774; x_wconf 81' lang='lat' dir='ltr'><strong>sumentes,</strong></span> <span class='ocrx_word' id='word_1_417' title='bbox 2260 2710 2517 2765; x_wconf 86' lang='lat' dir='ltr'><strong>continua</strong></span> <span class='ocrx_word' id='word_1_418' title='bbox 2543 2711 2682 2767; x_wconf 90' lang='lat' dir='ltr'><strong>serie</strong></span> <span class='ocrx_word' id='word_1_419' title='bbox 2707 2711 2775 2766; x_wconf 89' lang='lat' dir='ltr'><strong>ad</strong></span> <span class='ocrx_word' id='word_1_420' title='bbox 2800 2712 2957 2764; x_wconf 89' lang='lat' dir='ltr'><strong>linem</strong></span> <span class='ocrx_word' id='word_1_421' title='bbox 2990 2726 3160 2781; x_wconf 87' lang='lat' dir='ltr'><strong>usque</strong></span> <span class='ocrx_word' id='word_1_422' title='bbox 3179 2709 3492 2765; x_wconf 81' lang='lat' dir='ltr'><strong>distinctius</strong></span> 
     </span>
    </p>
   </div>
   <div class='ocr_carea' id='block_1_56' title="bbox 1931 2798 3491 2872">
    <p class='ocr_par' dir='ltr' id='par_1_56' title="bbox 1931 2798 3491 2872">
     <span class='ocr_line' id='line_1_56' title="bbox 1931 2798 3491 2872; baseline -0.003 -15"><span class='ocrx_word' id='word_1_423' title='bbox 1931 2801 2281 2857; x_wconf 88' lang='lat' dir='ltr'><strong>deducamus.</strong></span> <span class='ocrx_word' id='word_1_424' title='bbox 2320 2801 2561 2857; x_wconf 85' lang='lat' dir='ltr'><strong>Attende</strong></span> <span class='ocrx_word' id='word_1_425' title='bbox 2599 2801 2794 2872; x_wconf 77' lang='lat' dir='ltr'><strong>igitur,</strong></span> <span class='ocrx_word' id='word_1_426' title='bbox 2876 2817 3054 2857; x_wconf 88' lang='lat' dir='ltr'><strong>annon</strong></span> <span class='ocrx_word' id='word_1_427' title='bbox 3135 2802 3213 2857; x_wconf 90' lang='lat' dir='ltr'><strong>sic</strong></span> <span class='ocrx_word' id='word_1_428' title='bbox 3273 2800 3368 2856; x_wconf 88' lang='lat' dir='ltr'><strong>tibi</strong></span> <span class='ocrx_word' id='word_1_429' title='bbox 3424 2798 3491 2853; x_wconf 86' lang='lat' dir='ltr'><strong>ad</strong></span> 
     </span>
    </p>
   </div>
   <div class='ocr_carea' id='block_1_57' title="bbox 1933 2889 3490 2964">
    <p class='ocr_par' dir='ltr' id='par_1_57' title="bbox 1933 2889 3490 2964">
     <span class='ocr_line' id='line_1_57' title="bbox 1933 2889 3490 2964; baseline -0.004 -15"><span class='ocrx_word' id='word_1_430' title='bbox 1933 2903 2135 2950; x_wconf 87' lang='lat' dir='ltr'><strong>rectam</strong></span> <span class='ocrx_word' id='word_1_431' title='bbox 2165 2903 2218 2950; x_wconf 93' lang='lat' dir='ltr'><strong>et</strong></span> <span class='ocrx_word' id='word_1_432' title='bbox 2249 2893 2580 2964; x_wconf 85' lang='lat' dir='ltr'><strong>probabilem</strong></span> <span class='ocrx_word' id='word_1_433' title='bbox 2611 2893 2932 2949; x_wconf 80' lang='lat' dir='ltr'><strong>sententiam</strong></span> <span class='ocrx_word' id='word_1_434' title='bbox 2968 2895 3118 2949; x_wconf 88' lang='lat' dir='ltr'><strong>locus</strong></span> <span class='ocrx_word' id='word_1_435' title='bbox 3167 2894 3254 2948; x_wconf 90' lang='lat' dir='ltr'><strong>hic</strong></span> <span class='ocrx_word' id='word_1_436' title='bbox 3294 2889 3490 2960; x_wconf 83' lang='lat' dir='ltr'><strong>exponi</strong></span> 
     </span>
    </p>
   </div>
   <div class='ocr_carea' id='block_1_58' title="bbox 1935 2983 3492 3056">
    <p class='ocr_par' dir='ltr' id='par_1_58' title="bbox 1935 2983 3492 3056">
     <span class='ocr_line' id='line_1_58' title="bbox 1935 2983 3492 3056; baseline -0.003 -15"><span class='ocrx_word' id='word_1_437' title='bbox 1935 2986 2200 3042; x_wconf 85' lang='lat' dir='ltr'><strong>videatur.</strong></span> <span class='ocrx_word' id='word_1_438' title='bbox 2226 2985 2337 3056; x_wconf 80' lang='lat' dir='ltr'><strong>Ego</strong></span> <span class='ocrx_word' id='word_1_439' title='bbox 2379 2985 2524 3041; x_wconf 87' lang='lat' dir='ltr'><strong>enim</strong></span> <span class='ocrx_word' id='word_1_440' title='bbox 2566 2985 2668 3040; x_wconf 88' lang='lat' dir='ltr'><strong>hac</strong></span> <span class='ocrx_word' id='word_1_441' title='bbox 2694 2985 2760 3040; x_wconf 86' lang='lat' dir='ltr'><strong>de</strong></span> <span class='ocrx_word' id='word_1_442' title='bbox 2817 3000 2979 3040; x_wconf 86' lang='lat' dir='ltr'><strong>causa</strong></span> <span class='ocrx_word' id='word_1_443' title='bbox 3019 2985 3217 3039; x_wconf 89' lang='lat' dir='ltr'><strong>dictum</strong></span> <span class='ocrx_word' id='word_1_444' title='bbox 3242 2983 3492 3037; x_wconf 80' lang='lat' dir='ltr'><strong>existimo</strong></span> 
     </span>
    </p>
   </div>
   <div class='ocr_carea' id='block_1_59' title="bbox 1933 3075 3491 3149">
    <p class='ocr_par' dir='ltr' id='par_1_59' title="bbox 1933 3075 3491 3149">
     <span class='ocr_line' id='line_1_59' title="bbox 1933 3075 3491 3149; baseline -0.003 -17"><span class='ocrx_word' id='word_1_445' title='bbox 1933 3078 2078 3149; x_wconf 74' lang='lat' dir='ltr'><strong>gigni</strong></span> <span class='ocrx_word' id='word_1_446' title='bbox 2109 3093 2311 3133; x_wconf 90' lang='lat' dir='ltr'><strong>marem</strong></span> <span class='ocrx_word' id='word_1_447' title='bbox 2335 3080 2402 3134; x_wconf 89' lang='lat' dir='ltr'><strong>ab</strong></span> <span class='ocrx_word' id='word_1_448' title='bbox 2425 3078 2685 3146; x_wconf 84' lang='lat' dir='ltr'><strong>Ecclesia,</strong></span> <span class='ocrx_word' id='word_1_449' title='bbox 2720 3077 2862 3148; x_wconf 90' lang='lat' dir='ltr'><strong>quod</strong></span> <span class='ocrx_word' id='word_1_450' title='bbox 2896 3093 3086 3146; x_wconf 88' lang='lat' dir='ltr'><strong>nempe</strong></span> <span class='ocrx_word' id='word_1_451' title='bbox 3106 3077 3141 3129; x_wconf 92' lang='lat' dir='ltr'><strong>ii</strong></span> <span class='ocrx_word' id='word_1_452' title='bbox 3175 3077 3272 3143; x_wconf 84' lang='lat' dir='ltr'><strong>qui</strong></span> <span class='ocrx_word' id='word_1_453' title='bbox 3294 3075 3491 3130; x_wconf 88' lang='lat' dir='ltr'><strong>illumi-</strong></span> 
     </span>
    </p>
   </div>
   <div class='ocr_carea' id='block_1_60' title="bbox 1934 3166 3488 3237">
    <p class='ocr_par' dir='ltr' id='par_1_60' title="bbox 1934 3166 3488 3237">
     <span class='ocr_line' id='line_1_60' title="bbox 1934 3166 3488 3237; baseline -0.002 -14"><span class='ocrx_word' id='word_1_454' title='bbox 1934 3176 2154 3230; x_wconf 85' lang='lat' dir='ltr'><strong>nantur.</strong></span> <span class='ocrx_word' id='word_1_455' title='bbox 2183 3169 2386 3224; x_wconf 87' lang='lat' dir='ltr'><strong>Christi</strong></span> <span class='ocrx_word' id='word_1_456' title='bbox 2442 3169 2764 3224; x_wconf 90' lang='lat' dir='ltr'><strong>lineamenta</strong></span> <span class='ocrx_word' id='word_1_457' title='bbox 2795 3167 3125 3237; x_wconf 69' lang='lat' dir='ltr'><strong>effigiemque</strong></span> <span class='ocrx_word' id='word_1_458' title='bbox 3165 3181 3228 3221; x_wconf 86' lang='lat' dir='ltr'><strong>ac</strong></span> <span class='ocrx_word' id='word_1_459' title='bbox 3284 3166 3488 3221; x_wconf 84' lang='lat' dir='ltr'><strong>virilem</strong></span> 
     </span>
    </p>
   </div>
   <div class='ocr_carea' id='block_1_61' title="bbox 263 3243 1831 3332">
    <p class='ocr_par' dir='ltr' id='par_1_61' title="bbox 263 3254 1831 3331">
     <span class='ocr_line' id='line_1_61' title="bbox 263 3254 1831 3331; baseline 0.008 -26"><span class='ocrx_word' id='word_1_460' title='bbox 263 3254 318 3305; x_wconf 79' lang='lat' dir='ltr'><strong>oi</strong></span> <span class='ocrx_word' id='word_1_461' title='bbox 349 3254 722 3326; x_wconf 71' lang='grc' dir='ltr'>φωτιζόμενοι,</span> <span class='ocrx_word' id='word_1_462' title='bbox 752 3257 850 3327; x_wconf 90' lang='grc' dir='ltr'><strong>τῆς</strong></span> <span class='ocrx_word' id='word_1_463' title='bbox 877 3256 996 3309; x_wconf 90' lang='grc' dir='ltr'>καθ’</span> <span class='ocrx_word' id='word_1_464' title='bbox 1024 3257 1279 3328; x_wconf 81' lang='grc' dir='ltr'>ὁμοίωσιν</span> <span class='ocrx_word' id='word_1_465' title='bbox 1311 3260 1523 3331; x_wconf 74' lang='grc' dir='ltr'>μορφῆς</span> <span class='ocrx_word' id='word_1_466' title='bbox 1560 3262 1618 3315; x_wconf 83' lang='grc' dir='ltr'>ὲν</span> <span class='ocrx_word' id='word_1_467' title='bbox 1651 3262 1831 3327; x_wconf 80' lang='grc' dir='ltr'>αὐτοῖς</span> 
     </span>
    </p>
   </div>
   <div class='ocr_carea' id='block_1_62' title="bbox 1935 3243 3485 3332">
    <p class='ocr_par' dir='ltr' id='par_1_62' title="bbox 1935 3256 3485 3332">
     <span class='ocr_line' id='line_1_62' title="bbox 1935 3256 3485 3332; baseline -0.003 -16"><span class='ocrx_word' id='word_1_468' title='bbox 1935 3277 2058 3317; x_wconf 86' lang='lat' dir='ltr'><strong>vere</strong></span> <span class='ocrx_word' id='word_1_469' title='bbox 2085 3261 2324 3316; x_wconf 88' lang='lat' dir='ltr'><strong>animum</strong></span> <span class='ocrx_word' id='word_1_470' title='bbox 2358 3269 2746 3332; x_wconf 86' lang='lat' dir='ltr'><strong>aspectumque</strong></span> <span class='ocrx_word' id='word_1_471' title='bbox 2776 3267 3080 3322; x_wconf 84' lang='lat' dir='ltr'><strong>assumunt,</strong></span> <span class='ocrx_word' id='word_1_472' title='bbox 3107 3256 3259 3312; x_wconf 82' lang='lat' dir='ltr'><strong>Verbi</strong></span> <span class='ocrx_word' id='word_1_473' title='bbox 3289 3257 3485 3324; x_wconf 87' lang='lat' dir='ltr'><strong>forma,</strong></span> 
     </span>
    </p>
   </div>
   <div class='ocr_carea' id='block_1_63' title="bbox 265 3348 1832 3425">
    <p class='ocr_par' dir='ltr' id='par_1_63' title="bbox 265 3348 1832 3425">
     <span class='ocr_line' id='line_1_63' title="bbox 265 3348 1832 3425; baseline 0.006 -26"><span class='ocrx_word' id='word_1_474' title='bbox 265 3349 675 3418; x_wconf 72' lang='grc' dir='ltr'>ἐκτυπουμένης</span> <span class='ocrx_word' id='word_1_475' title='bbox 706 3348 801 3402; x_wconf 76' lang='grc' dir='ltr'>τοῦ</span> <span class='ocrx_word' id='word_1_476' title='bbox 830 3350 1001 3417; x_wconf 83' lang='grc' dir='ltr'>Λόγου</span> <span class='ocrx_word' id='word_1_477' title='bbox 1023 3389 1036 3412; x_wconf 93' lang='grc'><strong>,</strong></span> <span class='ocrx_word' id='word_1_478' title='bbox 1071 3349 1164 3402; x_wconf 62' lang='grc' dir='ltr'><strong>καὶ⁹</strong></span> <span class='ocrx_word' id='word_1_479' title='bbox 1197 3352 1252 3403; x_wconf 83' lang='grc' dir='ltr'>ὲν</span> <span class='ocrx_word' id='word_1_480' title='bbox 1279 3352 1462 3416; x_wconf 86' lang='grc' dir='ltr'>αὐτοῖς</span> <span class='ocrx_word' id='word_1_481' title='bbox 1491 3355 1832 3425; x_wconf 76' lang='grc' dir='ltr'>γεννωμένης</span> 
     </span>
    </p>
   </div>
   <div class='ocr_carea' id='block_1_64' title="bbox 262 3437 1835 3518">
    <p class='ocr_par' dir='ltr' id='par_1_64' title="bbox 262 3437 1835 3518">
     <span class='ocr_line' id='line_1_64' title="bbox 262 3437 1835 3518; baseline 0.005 -27"><span class='ocrx_word' id='word_1_482' title='bbox 262 3437 410 3491; x_wconf 71' lang='grc' dir='ltr'>κατὰ</span> <span class='ocrx_word' id='word_1_483' title='bbox 430 3437 528 3509; x_wconf 82' lang='grc' dir='ltr'>τὴν</span> <span class='ocrx_word' id='word_1_484' title='bbox 555 3440 757 3511; x_wconf 76' lang='grc' dir='ltr'>ἀκριϐῆ</span> <span class='ocrx_word' id='word_1_485' title='bbox 784 3440 982 3508; x_wconf 90' lang='grc' dir='ltr'>γνῶσιν</span> <span class='ocrx_word' id='word_1_486' title='bbox 1014 3441 1105 3494; x_wconf 75' lang='grc' dir='ltr'><strong>καὶ</strong></span> <span class='ocrx_word' id='word_1_487' title='bbox 1129 3441 1308 3496; x_wconf 86' lang='grc' dir='ltr'>πίστιν</span> <span class='ocrx_word' id='word_1_488' title='bbox 1330 3459 1345 3474; x_wconf 75' lang='grc' dir='ltr'><strong><em>ο</em></strong></span> <span class='ocrx_word' id='word_1_489' title='bbox 1367 3441 1508 3497; x_wconf 82' lang='grc' dir='ltr'>ὥστε</span> <span class='ocrx_word' id='word_1_490' title='bbox 1536 3446 1592 3497; x_wconf 79' lang='grc' dir='ltr'>ἐν</span> <span class='ocrx_word' id='word_1_491' title='bbox 1625 3446 1835 3518; x_wconf 78' lang='grc' dir='ltr'>ἑκάστῳ</span> 
     </span>
    </p>
   </div>
   <div class='ocr_carea' id='block_1_65' title="bbox 263 3531 1832 3608">
    <p class='ocr_par' dir='ltr' id='par_1_65' title="bbox 263 3531 1832 3608">
     <span class='ocr_line' id='line_1_65' title="bbox 263 3531 1832 3608; baseline 0.005 -26"><span class='ocrx_word' id='word_1_492' title='bbox 263 3531 558 3598; x_wconf 73' lang='grc' dir='ltr'>γεννᾶσθαι</span> <span class='ocrx_word' id='word_1_493' title='bbox 613 3532 702 3585; x_wconf 78' lang='grc' dir='ltr'><strong>τὸν</strong></span> <span class='ocrx_word' id='word_1_494' title='bbox 749 3533 980 3604; x_wconf 73' lang='grc' dir='ltr'>Χριστὸν</span> <span class='ocrx_word' id='word_1_495' title='bbox 1016 3533 1238 3604; x_wconf 86' lang='grc' dir='ltr'>νοητῶς.</span> <span class='ocrx_word' id='word_1_496' title='bbox 1286 3534 1395 3588; x_wconf 75' lang='grc' dir='ltr'><strong>Καὶ</strong></span> <span class='ocrx_word' id='word_1_497' title='bbox 1447 3534 1536 3588; x_wconf 78' lang='grc' dir='ltr'><strong>διὰ</strong></span> <span class='ocrx_word' id='word_1_498' title='bbox 1591 3536 1745 3590; x_wconf 79' lang='grc' dir='ltr'>τοῦτο</span> <span class='ocrx_word' id='word_1_499' title='bbox 1799 3540 1832 3608; x_wconf 79' lang='grc' dir='ltr'><strong>ἠ</strong></span> 
     </span>
    </p>
   </div>
   <div class='ocr_carea' id='block_1_66' title="bbox 277 3621 1835 3700">
    <p class='ocr_par' dir='ltr' id='par_1_66' title="bbox 277 3621 1835 3700">
     <span class='ocr_line' id='line_1_66' title="bbox 277 3621 1835 3700; baseline 0.006 -27"><span class='ocrx_word' id='word_1_500' title='bbox 277 3621 575 3692; x_wconf 80' lang='grc' dir='ltr'>Ἐκκλησία</span> <span class='ocrx_word' id='word_1_501' title='bbox 613 3625 838 3695; x_wconf 83' lang='grc' dir='ltr'>σπαργᾷ</span> <span class='ocrx_word' id='word_1_502' title='bbox 870 3626 962 3678; x_wconf 75' lang='grc' dir='ltr'><strong>καὶ</strong></span> <span class='ocrx_word' id='word_1_503' title='bbox 992 3625 1190 3688; x_wconf 82' lang='grc' dir='ltr'>ὡδίνει,</span> <span class='ocrx_word' id='word_1_504' title='bbox 1227 3627 1494 3698; x_wconf 82' lang='grc' dir='ltr'>μέχριπερ</span> <span class='ocrx_word' id='word_1_505' title='bbox 1527 3626 1591 3681; x_wconf 84' lang='grc' dir='ltr'><strong>ἂν</strong></span> <span class='ocrx_word' id='word_1_506' title='bbox 1635 3630 1662 3681; x_wconf 83' lang='grc' dir='ltr'>ὁ</span> <span class='ocrx_word' id='word_1_507' title='bbox 1704 3631 1835 3700; x_wconf 83' lang='grc' dir='ltr'>Χρι-</span> 
     </span>
    </p>
   </div>
   <div class='ocr_carea' id='block_1_67' title="bbox 268 3713 1835 3787">
    <p class='ocr_par' dir='ltr' id='par_1_67' title="bbox 268 3713 1835 3787">
     <span class='ocr_line' id='line_1_67' title="bbox 268 3713 1835 3787; baseline 0.004 -21"><span class='ocrx_word' id='word_1_508' title='bbox 268 3713 394 3776; x_wconf 73' lang='grc' dir='ltr'>στὸς</span> <span class='ocrx_word' id='word_1_509' title='bbox 417 3717 476 3766; x_wconf 84' lang='grc' dir='ltr'>ὲν</span> <span class='ocrx_word' id='word_1_510' title='bbox 503 3717 636 3785; x_wconf 77' lang='grc' dir='ltr'>ἡμῖν</span> <span class='ocrx_word' id='word_1_511' title='bbox 681 3715 942 3786; x_wconf 75' lang='grc' dir='ltr'>μορφωθῇ</span> <span class='ocrx_word' id='word_1_512' title='bbox 966 3715 1263 3787; x_wconf 73' lang='grc' dir='ltr'>γεννηθεὶς,</span> <span class='ocrx_word' id='word_1_513' title='bbox 1291 3718 1438 3781; x_wconf 83' lang='grc' dir='ltr'>ὅπως</span> <span class='ocrx_word' id='word_1_514' title='bbox 1475 3718 1701 3784; x_wconf 77' lang='grc' dir='ltr'>ἕκαστος</span> <span class='ocrx_word' id='word_1_515' title='bbox 1730 3719 1835 3774; x_wconf 85' lang='grc' dir='ltr'><strong>τῶν</strong></span> 
     </span>
    </p>
   </div>
   <div class='ocr_carea' id='block_1_68' title="bbox 268 3807 1835 3886">
    <p class='ocr_par' dir='ltr' id='par_1_68' title="bbox 268 3807 1835 3886">
     <span class='ocr_line' id='line_1_68' title="bbox 268 3807 1835 3886; baseline 0.006 -27"><span class='ocrx_word' id='word_1_516' title='bbox 268 3807 455 3875; x_wconf 78' lang='grc' dir='ltr'>ἁγίων,</span> <span class='ocrx_word' id='word_1_517' title='bbox 490 3808 569 3879; x_wconf 84' lang='grc' dir='ltr'>τῷ</span> <span class='ocrx_word' id='word_1_518' title='bbox 596 3809 844 3880; x_wconf 86' lang='grc' dir='ltr'>μετέχειν</span> <span class='ocrx_word' id='word_1_519' title='bbox 873 3810 1130 3881; x_wconf 79' lang='grc' dir='ltr'>Χριστοῦ,</span> <span class='ocrx_word' id='word_1_520' title='bbox 1167 3813 1397 3884; x_wconf 83' lang='grc' dir='ltr'>Χριστὸς</span> <span class='ocrx_word' id='word_1_521' title='bbox 1423 3815 1677 3886; x_wconf 84' lang='grc' dir='ltr'>γεννηθῇ.</span> <span class='ocrx_word' id='word_1_522' title='bbox 1701 3816 1835 3869; x_wconf 85' lang='grc' dir='ltr'>Καθ’</span> 
     </span>
    </p>
   </div>
   <div class='ocr_carea' id='block_1_69' title="bbox 265 3896 1838 3972">
    <p class='ocr_par' dir='ltr' id='par_1_69' title="bbox 265 3896 1838 3972">
     <span class='ocr_line' id='line_1_69' title="bbox 265 3896 1838 3972; baseline 0.004 -24"><span class='ocrx_word' id='word_1_523' title='bbox 265 3896 324 3948; x_wconf 76' lang='grc' dir='ltr'>ὃν</span> <span class='ocrx_word' id='word_1_524' title='bbox 354 3897 511 3965; x_wconf 80' lang='grc' dir='ltr'>λόγον</span> <span class='ocrx_word' id='word_1_525' title='bbox 565 3900 662 3951; x_wconf 75' lang='grc' dir='ltr'><strong>καὶ</strong></span> <span class='ocrx_word' id='word_1_526' title='bbox 708 3897 765 3950; x_wconf 79' lang='grc' dir='ltr'><strong>ἔν</strong></span> <span class='ocrx_word' id='word_1_527' title='bbox 816 3916 917 3952; x_wconf 89' lang='grc' dir='ltr'>τινι</span> <span class='ocrx_word' id='word_1_528' title='bbox 950 3901 1138 3972; x_wconf 83' lang='grc' dir='ltr'>Γραφῇ</span> <span class='ocrx_word' id='word_1_529' title='bbox 1188 3900 1441 3972; x_wconf 69' lang='grc' dir='ltr'>φέρεται·</span> <span class='ocrx_word' id='word_1_530' title='bbox 1481 3901 1574 3971; x_wconf 78' lang='grc' dir='ltr'><strong>Μὴ</strong></span> <span class='ocrx_word' id='word_1_531' title='bbox 1601 3903 1838 3971; x_wconf 68' lang='grc' dir='ltr'>ἇψησθε</span> 
     </span>
    </p>
   </div>
   <div class='ocr_carea' id='block_1_70' title="bbox 271 3989 1836 4062">
    <p class='ocr_par' dir='ltr' id='par_1_70' title="bbox 271 3989 1836 4062">
     <span class='ocr_line' id='line_1_70' title="bbox 271 3989 1836 4062; baseline 0.003 -21"><span class='ocrx_word' id='word_1_532' title='bbox 271 3989 384 4042; x_wconf 69' lang='grc' dir='ltr'>τῖιν</span> <span class='ocrx_word' id='word_1_533' title='bbox 417 3989 683 4059; x_wconf 79' lang='grc' dir='ltr'>χριστῶν</span> <span class='ocrx_word' id='word_1_534' title='bbox 704 4009 842 4059; x_wconf 85' lang='grc' dir='ltr'>μου,</span> <span class='ocrx_word' id='word_1_535' title='bbox 871 3991 969 4044; x_wconf 80' lang='grc' dir='ltr'>καὶ</span> <span class='ocrx_word' id='word_1_536' title='bbox 998 3992 1067 4046; x_wconf 80' lang='grc' dir='ltr'><em>ἐν</em></span> <span class='ocrx_word' id='word_1_537' title='bbox 1096 3991 1219 4059; x_wconf 81' lang='grc' dir='ltr'>τοῖς</span> <span class='ocrx_word' id='word_1_538' title='bbox 1250 3992 1578 4062; x_wconf 60' lang='grc' dir='ltr'>προφήταις</span> <span class='ocrx_word' id='word_1_539' title='bbox 1610 4012 1727 4062; x_wconf 85' lang='grc' dir='ltr'><strong>μου</strong></span> <span class='ocrx_word' id='word_1_540' title='bbox 1750 3994 1836 4062; x_wconf 80' lang='grc' dir='ltr'>μὴ</span> 
     </span>
    </p>
   </div>
   <div class='ocr_carea' id='block_1_71' title="bbox 269 4084 1836 4155">
    <p class='ocr_par' dir='ltr' id='par_1_71' title="bbox 269 4084 1836 4155">
     <span class='ocr_line' id='line_1_71' title="bbox 269 4084 1836 4155; baseline 0.001 -20"><span class='ocrx_word' id='word_1_541' title='bbox 269 4085 700 4151; x_wconf 62' lang='grc' dir='ltr'>πονιιρεύησθε.</span> <span class='ocrx_word' id='word_1_542' title='bbox 750 4084 924 4136; x_wconf 67' lang='lat' dir='ltr'><strong>(Movet</strong></span> <span class='ocrx_word' id='word_1_543' title='bbox 967 4084 1196 4155; x_wconf 85' lang='grc' dir='ltr'>χριστῶν</span> <span class='ocrx_word' id='word_1_544' title='bbox 1234 4086 1530 4154; x_wconf 82' lang='grc' dir='ltr'>γεγονότων</span> <span class='ocrx_word' id='word_1_545' title='bbox 1563 4085 1667 4136; x_wconf 83' lang='grc' dir='ltr'><strong>τῶν</strong></span> <span class='ocrx_word' id='word_1_546' title='bbox 1701 4084 1836 4137; x_wconf 75' lang='grc' dir='ltr'>κατὰ</span> 
     </span>
    </p>
   </div>
   <div class='ocr_carea' id='block_1_72' title="bbox 273 4174 1834 4249">
    <p class='ocr_par' dir='ltr' id='par_1_72' title="bbox 273 4174 1834 4249">
     <span class='ocr_line' id='line_1_72' title="bbox 273 4174 1834 4249; baseline 0.001 -23"><span class='ocrx_word' id='word_1_547' title='bbox 273 4175 562 4244; x_wconf 81' lang='grc' dir='ltr'>μετουσίαν</span> <span class='ocrx_word' id='word_1_548' title='bbox 599 4174 694 4227; x_wconf 75' lang='grc' dir='ltr'>τοῦ</span> <span class='ocrx_word' id='word_1_549' title='bbox 742 4174 1055 4246; x_wconf 80' lang='grc' dir='ltr'>Πνεύματος</span> <span class='ocrx_word' id='word_1_550' title='bbox 1095 4177 1174 4239; x_wconf 87' lang='grc' dir='ltr'><strong>είς</strong></span> <span class='ocrx_word' id='word_1_551' title='bbox 1212 4176 1442 4249; x_wconf 80' lang='grc' dir='ltr'>Χριστὸν</span> <span class='ocrx_word' id='word_1_552' title='bbox 1473 4175 1834 4246; x_wconf 73' lang='grc' dir='ltr'>βεϐαπτισμέ-</span> 
     </span>
    </p>
   </div>
   <div class='ocr_carea' id='block_1_73' title="bbox 269 4267 1838 4340">
    <p class='ocr_par' dir='ltr' id='par_1_73' title="bbox 269 4267 1838 4340">
     <span class='ocr_line' id='line_1_73' title="bbox 269 4267 1838 4340; baseline -0.001 -17"><span class='ocrx_word' id='word_1_553' title='bbox 269 4287 402 4323; x_wconf 80' lang='grc' dir='ltr'>νων·</span> <span class='ocrx_word' id='word_1_554' title='bbox 451 4269 865 4340; x_wconf 73' lang='grc' dir='ltr'>συμϐαλλούσης</span> <span class='ocrx_word' id='word_1_555' title='bbox 898 4269 1127 4324; x_wconf 76' lang='grc' dir='ltr'>ἐνταῦθα</span> <span class='ocrx_word' id='word_1_556' title='bbox 1161 4268 1257 4338; x_wconf 79' lang='grc' dir='ltr'><strong>τήν</strong></span> <span class='ocrx_word' id='word_1_557' title='bbox 1292 4270 1348 4320; x_wconf 75' lang='grc' dir='ltr'><strong>ἐν</strong></span> <span class='ocrx_word' id='word_1_558' title='bbox 1396 4267 1473 4339; x_wconf 77' lang='grc' dir='ltr'><strong>τῷ</strong></span> <span class='ocrx_word' id='word_1_559' title='bbox 1515 4269 1670 4338; x_wconf 86' lang='grc' dir='ltr'>Λόγῳ</span> <span class='ocrx_word' id='word_1_560' title='bbox 1711 4268 1838 4339; x_wconf 74' lang='grc' dir='ltr'>τρά-</span> 
     </span>
    </p>
   </div>
   <div class='ocr_carea' id='block_1_74' title="bbox 268 4361 1838 4434">
    <p class='ocr_par' dir='ltr' id='par_1_74' title="bbox 268 4361 1838 4434">
     <span class='ocr_line' id='line_1_74' title="bbox 268 4361 1838 4434; baseline -0.002 -18"><span class='ocrx_word' id='word_1_561' title='bbox 268 4379 428 4417; x_wconf 75' lang='grc' dir='ltr'>νωσιν</span> <span class='ocrx_word' id='word_1_562' title='bbox 471 4363 587 4434; x_wconf 79' lang='grc'><strong>(19)</strong></span> <span class='ocrx_word' id='word_1_563' title='bbox 637 4362 812 4416; x_wconf 74' lang='grc' dir='ltr'>αὐτῶν</span> <span class='ocrx_word' id='word_1_564' title='bbox 860 4365 952 4418; x_wconf 71' lang='grc' dir='ltr'><strong>καὶ</strong></span> <span class='ocrx_word' id='word_1_565' title='bbox 1003 4362 1418 4434; x_wconf 69' lang='grc' dir='ltr'>μεταμόρφωσιν</span> <span class='ocrx_word' id='word_1_566' title='bbox 1469 4362 1569 4432; x_wconf 87' lang='grc' dir='ltr'><strong>τῆς</strong></span> <span class='ocrx_word' id='word_1_567' title='bbox 1614 4361 1838 4431; x_wconf 83' lang='grc' dir='ltr'>Ἐκκλη-</span> 
     </span>
    </p>
   </div>
   <div class='ocr_carea' id='block_1_75' title="bbox 271 4451 1834 4524">
    <p class='ocr_par' dir='ltr' id='par_1_75' title="bbox 271 4451 1834 4524">
     <span class='ocr_line' id='line_1_75' title="bbox 271 4451 1834 4524; baseline -0.001 -20"><span class='ocrx_word' id='word_1_568' title='bbox 271 4455 406 4517; x_wconf 77' lang='grc' dir='ltr'>σίας.</span> <span class='ocrx_word' id='word_1_569' title='bbox 445 4454 670 4508; x_wconf 75' lang='grc' dir='ltr'>Βεϐαιοῖ</span> <span class='ocrx_word' id='word_1_570' title='bbox 708 4453 764 4506; x_wconf 80' lang='grc' dir='ltr'><strong>δὲ</strong></span> <span class='ocrx_word' id='word_1_571' title='bbox 795 4455 886 4506; x_wconf 71' lang='grc' dir='ltr'><strong>καὶ</strong></span> <span class='ocrx_word' id='word_1_572' title='bbox 926 4451 1096 4506; x_wconf 81' lang='grc' dir='ltr'>ταῦτα</span> <span class='ocrx_word' id='word_1_573' title='bbox 1137 4451 1374 4514; x_wconf 80' lang='grc' dir='ltr'>Παῦλος,</span> <span class='ocrx_word' id='word_1_574' title='bbox 1407 4451 1651 4524; x_wconf 80' lang='grc' dir='ltr'>φανερῶς</span> <span class='ocrx_word' id='word_1_575' title='bbox 1694 4451 1834 4505; x_wconf 77' lang='grc' dir='ltr'><strong>διδά-</strong></span> 
     </span>
    </p>
   </div>
   <div class='ocr_carea' id='block_1_76' title="bbox 275 4543 1834 4616">
    <p class='ocr_par' dir='ltr' id='par_1_76' title="bbox 275 4543 1834 4616">
     <span class='ocr_line' id='line_1_76' title="bbox 275 4543 1834 4616; baseline -0.001 -18"><span class='ocrx_word' id='word_1_576' title='bbox 275 4562 435 4610; x_wconf 70' lang='grc' dir='ltr'>σκων,</span> <span class='ocrx_word' id='word_1_577' title='bbox 471 4545 606 4598; x_wconf 78' lang='grc' dir='ltr'>ἔνθα</span> <span class='ocrx_word' id='word_1_578' title='bbox 652 4544 808 4616; x_wconf 75' lang='grc' dir='ltr'>φησί·</span> <span class='ocrx_word' id='word_1_579' title='bbox 847 4544 1069 4598; x_wconf 86' lang='grc' dir='ltr'>Τούτου</span> <span class='ocrx_word' id='word_1_580' title='bbox 1111 4543 1284 4612; x_wconf 77' lang='grc' dir='ltr'>χάριν</span> <span class='ocrx_word' id='word_1_581' title='bbox 1330 4543 1571 4612; x_wconf 73' lang='grc' dir='ltr'>κάμπτω</span> <span class='ocrx_word' id='word_1_582' title='bbox 1620 4543 1691 4597; x_wconf 77' lang='grc' dir='ltr'><strong>τιί</strong></span> <span class='ocrx_word' id='word_1_583' title='bbox 1737 4544 1834 4612; x_wconf 64' lang='grc' dir='ltr'>’ρό-</span> 
     </span>
    </p>
   </div>
   <div class='ocr_carea' id='block_1_77' title="bbox 1937 3349 3488 3422">
    <p class='ocr_par' dir='ltr' id='par_1_77' title="bbox 1937 3349 3488 3422">
     <span class='ocr_line' id='line_1_77' title="bbox 1937 3349 3488 3422; baseline -0.002 -16"><span class='ocrx_word' id='word_1_584' title='bbox 1937 3369 2056 3422; x_wconf 69' lang='lat' dir='ltr'><strong>qua:</strong></span> <span class='ocrx_word' id='word_1_585' title='bbox 2106 3353 2401 3408; x_wconf 88' lang='lat' dir='ltr'><strong>secundum</strong></span> <span class='ocrx_word' id='word_1_586' title='bbox 2437 3351 2844 3408; x_wconf 85' lang='lat' dir='ltr'><strong>similitudinem</strong></span> <span class='ocrx_word' id='word_1_587' title='bbox 2890 3360 2993 3413; x_wconf 89' lang='lat' dir='ltr'><strong>est,</strong></span> <span class='ocrx_word' id='word_1_588' title='bbox 3053 3349 3158 3404; x_wconf 86' lang='lat' dir='ltr'><strong>illis</strong></span> <span class='ocrx_word' id='word_1_589' title='bbox 3203 3351 3488 3419; x_wconf 87' lang='lat' dir='ltr'><strong>impressa,</strong></span> 
     </span>
    </p>
   </div>
   <div class='ocr_carea' id='block_1_78' title="bbox 1935 3444 3490 3516">
    <p class='ocr_par' dir='ltr' id='par_1_78' title="bbox 1935 3444 3490 3516">
     <span class='ocr_line' id='line_1_78' title="bbox 1935 3444 3490 3516; baseline -0.005 -14"><span class='ocrx_word' id='word_1_590' title='bbox 1935 3454 1990 3502; x_wconf 87' lang='lat' dir='ltr'><strong>et</strong></span> <span class='ocrx_word' id='word_1_591' title='bbox 2017 3462 2110 3516; x_wconf 90' lang='lat' dir='ltr'><strong>per</strong></span> <span class='ocrx_word' id='word_1_592' title='bbox 2137 3455 2340 3501; x_wconf 88' lang='lat' dir='ltr'><strong>certam</strong></span> <span class='ocrx_word' id='word_1_593' title='bbox 2385 3445 2664 3502; x_wconf 89' lang='lat' dir='ltr'><strong>scientiam</strong></span> <span class='ocrx_word' id='word_1_594' title='bbox 2700 3444 2964 3514; x_wconf 82' lang='lat' dir='ltr'><strong>iidemque</strong></span> <span class='ocrx_word' id='word_1_595' title='bbox 2990 3444 3044 3496; x_wconf 90' lang='lat' dir='ltr'><strong>in</strong></span> <span class='ocrx_word' id='word_1_596' title='bbox 3075 3445 3155 3498; x_wconf 89' lang='lat' dir='ltr'><strong>eis</strong></span> <span class='ocrx_word' id='word_1_597' title='bbox 3190 3444 3490 3513; x_wconf 81' lang='lat' dir='ltr'><strong>progenita,</strong></span> 
     </span>
    </p>
   </div>
   <div class='ocr_carea' id='block_1_79' title="bbox 1937 3535 3489 3609">
    <p class='ocr_par' dir='ltr' id='par_1_79' title="bbox 1937 3535 3489 3609">
     <span class='ocr_line' id='line_1_79' title="bbox 1937 3535 3489 3609; baseline -0.001 -15"><span class='ocrx_word' id='word_1_598' title='bbox 1937 3540 2011 3594; x_wconf 89' lang='lat' dir='ltr'><strong>ita</strong></span> <span class='ocrx_word' id='word_1_599' title='bbox 2047 3548 2103 3593; x_wconf 92' lang='lat' dir='ltr'><strong>ut</strong></span> <span class='ocrx_word' id='word_1_600' title='bbox 2141 3540 2195 3594; x_wconf 93' lang='lat' dir='ltr'><strong>in</strong></span> <span class='ocrx_word' id='word_1_601' title='bbox 2225 3553 2550 3609; x_wconf 89' lang='lat' dir='ltr'><strong>unoquoque</strong></span> <span class='ocrx_word' id='word_1_602' title='bbox 2573 3537 2889 3606; x_wconf 90' lang='lat' dir='ltr'><strong>spiritaliter</strong></span> <span class='ocrx_word' id='word_1_603' title='bbox 2943 3543 3197 3590; x_wconf 87' lang='lat' dir='ltr'><strong>nascatur</strong></span> <span class='ocrx_word' id='word_1_604' title='bbox 3220 3535 3489 3592; x_wconf 85' lang='lat' dir='ltr'><strong>Christus.</strong></span> 
     </span>
    </p>
   </div>
   <div class='ocr_carea' id='block_1_80' title="bbox 1936 3628 3492 3701">
    <p class='ocr_par' dir='ltr' id='par_1_80' title="bbox 1936 3628 3492 3701">
     <span class='ocr_line' id='line_1_80' title="bbox 1936 3628 3492 3701; baseline -0.002 -17"><span class='ocrx_word' id='word_1_605' title='bbox 1936 3632 2012 3686; x_wconf 85' lang='lat' dir='ltr'><strong>Ac</strong></span> <span class='ocrx_word' id='word_1_606' title='bbox 2043 3641 2321 3701; x_wconf 87' lang='lat' dir='ltr'><strong>propterea</strong></span> <span class='ocrx_word' id='word_1_607' title='bbox 2373 3629 2615 3685; x_wconf 87' lang='lat' dir='ltr'><strong>Ecclesia</strong></span> <span class='ocrx_word' id='word_1_608' title='bbox 2671 3629 2815 3683; x_wconf 91' lang='lat' dir='ltr'><strong>velut</strong></span> <span class='ocrx_word' id='word_1_609' title='bbox 2868 3628 3039 3683; x_wconf 81' lang='lat' dir='ltr'><strong>fervet</strong></span> <span class='ocrx_word' id='word_1_610' title='bbox 3091 3634 3373 3698; x_wconf 79' lang='lat' dir='ltr'><strong>turgetque</strong></span> <span class='ocrx_word' id='word_1_611' title='bbox 3427 3642 3492 3681; x_wconf 85' lang='lat' dir='ltr'><strong>ac</strong></span> 
     </span>
    </p>
   </div>
   <div class='ocr_carea' id='block_1_81' title="bbox 1937 3717 3494 3792">
    <p class='ocr_par' dir='ltr' id='par_1_81' title="bbox 1937 3717 3494 3792">
     <span class='ocr_line' id='line_1_81' title="bbox 1937 3717 3494 3792; baseline -0.002 -17"><span class='ocrx_word' id='word_1_612' title='bbox 1937 3723 2168 3792; x_wconf 87' lang='lat' dir='ltr'><strong>parturit</strong></span> <span class='ocrx_word' id='word_1_613' title='bbox 2195 3722 2262 3788; x_wconf 81' lang='grc'><strong>⁵³,</strong></span> <span class='ocrx_word' id='word_1_614' title='bbox 2285 3721 2456 3775; x_wconf 89' lang='lat' dir='ltr'><strong>donec</strong></span> <span class='ocrx_word' id='word_1_615' title='bbox 2508 3718 2768 3774; x_wconf 79' lang='lat' dir='ltr'><strong>formetur</strong></span> <span class='ocrx_word' id='word_1_616' title='bbox 2807 3718 2862 3773; x_wconf 88' lang='lat' dir='ltr'><strong>in</strong></span> <span class='ocrx_word' id='word_1_617' title='bbox 2910 3718 3066 3773; x_wconf 90' lang='lat' dir='ltr'><strong>nobis</strong></span> <span class='ocrx_word' id='word_1_618' title='bbox 3096 3718 3308 3788; x_wconf 81' lang='lat' dir='ltr'><strong>genitus</strong></span> <span class='ocrx_word' id='word_1_619' title='bbox 3335 3717 3494 3772; x_wconf 86' lang='lat' dir='ltr'><strong>Chri-</strong></span> 
     </span>
    </p>
   </div>
   <div class='ocr_carea' id='block_1_82' title="bbox 1938 3812 3495 3885">
    <p class='ocr_par' dir='ltr' id='par_1_82' title="bbox 1938 3812 3495 3885">
     <span class='ocr_line' id='line_1_82' title="bbox 1938 3812 3495 3885; baseline -0.002 -14"><span class='ocrx_word' id='word_1_620' title='bbox 1938 3825 2054 3871; x_wconf 79' lang='lat' dir='ltr'><strong>stus</strong></span> <span class='ocrx_word' id='word_1_621' title='bbox 2081 3833 2092 3867; x_wconf 87' lang='lat'><strong>:</strong></span> <span class='ocrx_word' id='word_1_622' title='bbox 2123 3832 2229 3885; x_wconf 87' lang='lat' dir='ltr'><strong>quo</strong></span> <span class='ocrx_word' id='word_1_623' title='bbox 2261 3815 2514 3868; x_wconf 90' lang='lat' dir='ltr'><strong>nimirum</strong></span> <span class='ocrx_word' id='word_1_624' title='bbox 2545 3813 2775 3883; x_wconf 87' lang='lat' dir='ltr'><strong>quisque</strong></span> <span class='ocrx_word' id='word_1_625' title='bbox 2798 3819 3130 3875; x_wconf 88' lang='lat' dir='ltr'><strong>sanctorum,</strong></span> <span class='ocrx_word' id='word_1_626' title='bbox 3154 3827 3260 3880; x_wconf 87' lang='lat' dir='ltr'><strong>qua</strong></span> <span class='ocrx_word' id='word_1_627' title='bbox 3286 3812 3495 3868; x_wconf 80' lang='lat' dir='ltr'><strong>ratione</strong></span> 
     </span>
    </p>
   </div>
   <div class='ocr_carea' id='block_1_83' title="bbox 1937 3900 3495 3974">
    <p class='ocr_par' dir='ltr' id='par_1_83' title="bbox 1937 3900 3495 3974">
     <span class='ocr_line' id='line_1_83' title="bbox 1937 3900 3495 3974; baseline -0.004 -13"><span class='ocrx_word' id='word_1_628' title='bbox 1937 3906 2136 3961; x_wconf 84' lang='lat' dir='ltr'><strong>Christi</strong></span> <span class='ocrx_word' id='word_1_629' title='bbox 2201 3905 2466 3974; x_wconf 85' lang='lat' dir='ltr'><strong>particeps</strong></span> <span class='ocrx_word' id='word_1_630' title='bbox 2528 3912 2639 3966; x_wconf 89' lang='lat' dir='ltr'><strong>cst,</strong></span> <span class='ocrx_word' id='word_1_631' title='bbox 2695 3902 2946 3957; x_wconf 90' lang='lat' dir='ltr'><strong>Christus</strong></span> <span class='ocrx_word' id='word_1_632' title='bbox 3003 3913 3276 3957; x_wconf 89' lang='lat' dir='ltr'><strong>nascatur.</strong></span> <span class='ocrx_word' id='word_1_633' title='bbox 3332 3900 3495 3954; x_wconf 75' lang='lat' dir='ltr'><strong>Juxta</strong></span> 
     </span>
    </p>
   </div>
   <div class='ocr_carea' id='block_1_84' title="bbox 1939 3990 3496 4066">
    <p class='ocr_par' dir='ltr' id='par_1_84' title="bbox 1939 3990 3496 4066">
     <span class='ocr_line' id='line_1_84' title="bbox 1939 3990 3496 4066; baseline -0.004 -16"><span class='ocrx_word' id='word_1_634' title='bbox 1939 4013 2096 4066; x_wconf 88' lang='lat' dir='ltr'><strong>quem</strong></span> <span class='ocrx_word' id='word_1_635' title='bbox 2127 4010 2346 4050; x_wconf 84' lang='lat' dir='ltr'><strong>sensum</strong></span> <span class='ocrx_word' id='word_1_636' title='bbox 2372 3995 2425 4047; x_wconf 90' lang='lat' dir='ltr'><strong>in</strong></span> <span class='ocrx_word' id='word_1_637' title='bbox 2454 3994 2685 4064; x_wconf 87' lang='lat' dir='ltr'><strong>quadam</strong></span> <span class='ocrx_word' id='word_1_638' title='bbox 2715 3991 2995 4063; x_wconf 87' lang='lat' dir='ltr'><strong>Scriptura</strong></span> <span class='ocrx_word' id='word_1_639' title='bbox 3026 3993 3225 4047; x_wconf 89' lang='lat' dir='ltr'><strong>dicitur</strong></span> <span class='ocrx_word' id='word_1_640' title='bbox 3257 3993 3302 4024; x_wconf 68' lang='grc'>³⁵</span> <span class='ocrx_word' id='word_1_641' title='bbox 3337 4013 3348 4047; x_wconf 91' lang='lat'><strong>:</strong></span> <span class='ocrx_word' id='word_1_642' title='bbox 3387 3990 3496 4045; x_wconf 84' lang='lat' dir='ltr'><strong>No-</strong></span> 
     </span>
    </p>
   </div>
   <div class='ocr_carea' id='block_1_85' title="bbox 1940 4084 3495 4159">
    <p class='ocr_par' dir='ltr' id='par_1_85' title="bbox 1940 4084 3495 4159">
     <span class='ocr_line' id='line_1_85' title="bbox 1940 4084 3495 4159; baseline -0.003 -17"><span class='ocrx_word' id='word_1_643' title='bbox 1940 4091 2030 4144; x_wconf 88' lang='lat' dir='ltr'><strong>lite</strong></span> <span class='ocrx_word' id='word_1_644' title='bbox 2051 4099 2258 4159; x_wconf 88' lang='lat' dir='ltr'><strong>tangere</strong></span> <span class='ocrx_word' id='word_1_645' title='bbox 2291 4088 2510 4143; x_wconf 86' lang='lat' dir='ltr'><strong>christos</strong></span> <span class='ocrx_word' id='word_1_646' title='bbox 2539 4103 2697 4150; x_wconf 87' lang='lat' dir='ltr'><strong>meos,</strong></span> <span class='ocrx_word' id='word_1_647' title='bbox 2720 4096 2768 4138; x_wconf 88' lang='lat' dir='ltr'><strong>et</strong></span> <span class='ocrx_word' id='word_1_648' title='bbox 2796 4087 2847 4138; x_wconf 88' lang='lat' dir='ltr'><strong>in</strong></span> <span class='ocrx_word' id='word_1_649' title='bbox 2877 4086 3133 4155; x_wconf 85' lang='lat' dir='ltr'><strong>prophetis</strong></span> <span class='ocrx_word' id='word_1_650' title='bbox 3176 4085 3300 4138; x_wconf 90' lang='lat' dir='ltr'><strong>meis</strong></span> <span class='ocrx_word' id='word_1_651' title='bbox 3337 4084 3495 4138; x_wconf 78' lang='lat' dir='ltr'><strong>nolite</strong></span> 
     </span>
    </p>
   </div>
   <div class='ocr_carea' id='block_1_86' title="bbox 1940 4175 3495 4251">
    <p class='ocr_par' dir='ltr' id='par_1_86' title="bbox 1940 4175 3495 4251">
     <span class='ocr_line' id='line_1_86' title="bbox 1940 4175 3495 4251; baseline -0.004 -17"><span class='ocrx_word' id='word_1_652' title='bbox 1940 4181 2237 4251; x_wconf 86' lang='lat' dir='ltr'><strong>malignari.</strong></span> <span class='ocrx_word' id='word_1_653' title='bbox 2272 4179 2551 4249; x_wconf 89' lang='lat' dir='ltr'><strong>Tanquam</strong></span> <span class='ocrx_word' id='word_1_654' title='bbox 2602 4177 2790 4232; x_wconf 90' lang='lat' dir='ltr'><strong>christi</strong></span> <span class='ocrx_word' id='word_1_655' title='bbox 2825 4178 3126 4241; x_wconf 62' lang='lat' dir='ltr'><strong>evaserint,</strong></span> <span class='ocrx_word' id='word_1_656' title='bbox 3151 4175 3380 4246; x_wconf 86' lang='lat' dir='ltr'><strong>Spiritus</strong></span> <span class='ocrx_word' id='word_1_657' title='bbox 3413 4176 3495 4230; x_wconf 87' lang='lat' dir='ltr'><strong>in-</strong></span> 
     </span>
    </p>
   </div>
   <div class='ocr_carea' id='block_1_87' title="bbox 1937 4267 3494 4340">
    <p class='ocr_par' dir='ltr' id='par_1_87' title="bbox 1937 4267 3494 4340">
     <span class='ocr_line' id='line_1_87' title="bbox 1937 4267 3494 4340; baseline -0.006 -14"><span class='ocrx_word' id='word_1_658' title='bbox 1937 4272 2085 4328; x_wconf 90' lang='lat' dir='ltr'><strong>dulto</strong></span> <span class='ocrx_word' id='word_1_659' title='bbox 2110 4270 2456 4334; x_wconf 88' lang='lat' dir='ltr'><strong>commercio,</strong></span> <span class='ocrx_word' id='word_1_660' title='bbox 2485 4269 2574 4340; x_wconf 90' lang='lat' dir='ltr'><strong>qui</strong></span> <span class='ocrx_word' id='word_1_661' title='bbox 2605 4269 2658 4322; x_wconf 90' lang='lat' dir='ltr'><strong>in</strong></span> <span class='ocrx_word' id='word_1_662' title='bbox 2711 4268 2983 4322; x_wconf 87' lang='lat' dir='ltr'><strong>Christum</strong></span> <span class='ocrx_word' id='word_1_663' title='bbox 3033 4267 3285 4337; x_wconf 79' lang='lat' dir='ltr'><strong>baptizati</strong></span> <span class='ocrx_word' id='word_1_664' title='bbox 3333 4272 3494 4330; x_wconf 87' lang='lat' dir='ltr'><strong>sunt;</strong></span> 
     </span>
    </p>
   </div>
   <div class='ocr_carea' id='block_1_88' title="bbox 1939 4357 3494 4427">
    <p class='ocr_par' dir='ltr' id='par_1_88' title="bbox 1939 4357 3494 4427">
     <span class='ocr_line' id='line_1_88' title="bbox 1939 4357 3494 4427; baseline -0.008 -7"><span class='ocrx_word' id='word_1_665' title='bbox 1939 4380 2066 4420; x_wconf 88' lang='lat' dir='ltr'><strong>suas</strong></span> <span class='ocrx_word' id='word_1_666' title='bbox 2100 4364 2185 4417; x_wconf 86' lang='lat' dir='ltr'><strong>hic</strong></span> <span class='ocrx_word' id='word_1_667' title='bbox 2217 4361 2456 4418; x_wconf 87' lang='lat' dir='ltr'><strong>Ecclesia</strong></span> <span class='ocrx_word' id='word_1_668' title='bbox 2508 4359 2820 4414; x_wconf 85' lang='lat' dir='ltr'><strong>conferente</strong></span> <span class='ocrx_word' id='word_1_669' title='bbox 2867 4367 3044 4427; x_wconf 89' lang='lat' dir='ltr'><strong>partes</strong></span> <span class='ocrx_word' id='word_1_670' title='bbox 3097 4358 3162 4410; x_wconf 87' lang='lat' dir='ltr'><strong>ad</strong></span> <span class='ocrx_word' id='word_1_671' title='bbox 3193 4371 3378 4410; x_wconf 89' lang='lat' dir='ltr'><strong>eorum</strong></span> <span class='ocrx_word' id='word_1_672' title='bbox 3438 4357 3494 4409; x_wconf 90' lang='lat' dir='ltr'><strong>in</strong></span> 
     </span>
    </p>
   </div>
   <div class='ocr_carea' id='block_1_89' title="bbox 1941 4446 3493 4521">
    <p class='ocr_par' dir='ltr' id='par_1_89' title="bbox 1941 4446 3493 4521">
     <span class='ocr_line' id='line_1_89' title="bbox 1941 4446 3493 4521; baseline -0.005 -12"><span class='ocrx_word' id='word_1_673' title='bbox 1941 4452 2114 4509; x_wconf 82' lang='lat' dir='ltr'><strong>Verbo</strong></span> <span class='ocrx_word' id='word_1_674' title='bbox 2143 4453 2286 4506; x_wconf 87' lang='lat' dir='ltr'><strong>clara</strong></span> <span class='ocrx_word' id='word_1_675' title='bbox 2318 4450 2551 4521; x_wconf 80' lang='lat' dir='ltr'><strong>imagine</strong></span> <span class='ocrx_word' id='word_1_676' title='bbox 2575 4449 2798 4519; x_wconf 76' lang='lat' dir='ltr'><strong>elligiem</strong></span> <span class='ocrx_word' id='word_1_677' title='bbox 2853 4458 2906 4502; x_wconf 90' lang='lat' dir='ltr'><strong>et</strong></span> <span class='ocrx_word' id='word_1_678' title='bbox 2938 4446 3493 4502; x_wconf 87' lang='lat' dir='ltr'><strong>transformationem.</strong></span> 
     </span>
    </p>
   </div>
   <div class='ocr_carea' id='block_1_90' title="bbox 1937 4537 3494 4608">
    <p class='ocr_par' dir='ltr' id='par_1_90' title="bbox 1937 4537 3494 4608">
     <span class='ocr_line' id='line_1_90' title="bbox 1937 4537 3494 4608; baseline -0.012 -6"><span class='ocrx_word' id='word_1_679' title='bbox 1937 4546 2233 4602; x_wconf 80' lang='lat' dir='ltr'><strong>Conﬁrmat</strong></span> <span class='ocrx_word' id='word_1_680' title='bbox 2283 4550 2460 4597; x_wconf 85' lang='lat' dir='ltr'><strong>autem</strong></span> <span class='ocrx_word' id='word_1_681' title='bbox 2489 4551 2542 4596; x_wconf 92' lang='lat' dir='ltr'><strong>et</strong></span> <span class='ocrx_word' id='word_1_682' title='bbox 2568 4542 2679 4595; x_wconf 63' lang='lat' dir='ltr'><strong>haec</strong></span> <span class='ocrx_word' id='word_1_683' title='bbox 2709 4540 2908 4594; x_wconf 88' lang='lat' dir='ltr'><strong>Paulus</strong></span> <span class='ocrx_word' id='word_1_684' title='bbox 2930 4582 2942 4605; x_wconf 96' lang='lat'><strong>,</strong></span> <span class='ocrx_word' id='word_1_685' title='bbox 2972 4539 3149 4608; x_wconf 80' lang='lat' dir='ltr'><strong>palam</strong></span> <span class='ocrx_word' id='word_1_686' title='bbox 3195 4537 3392 4592; x_wconf 85' lang='lat' dir='ltr'><strong>docens</strong></span> <span class='ocrx_word' id='word_1_687' title='bbox 3426 4538 3494 4583; x_wconf 71' lang='lat'><strong>“2</strong></span> 
     </span>
    </p>
   </div>
   <div class='ocr_carea' id='block_1_91' title="bbox 271 4611 1831 4707">
    <p class='ocr_par' dir='ltr' id='par_1_91' title="bbox 271 4611 1831 4707">
     <span class='ocr_line' id='line_1_91' title="bbox 271 4611 1831 4707; baseline 0 -19"><span class='ocrx_word' id='word_1_688' title='bbox 271 4637 414 4690; x_wconf 66' lang='grc' dir='ltr'><strong>γαῖά</strong></span> <span class='ocrx_word' id='word_1_689' title='bbox 447 4657 571 4707; x_wconf 84' lang='grc' dir='ltr'>μου</span> <span class='ocrx_word' id='word_1_690' title='bbox 596 4611 746 4705; x_wconf 60' lang='grc' dir='ltr'><strong>πρἀξ</strong></span> <span class='ocrx_word' id='word_1_691' title='bbox 774 4637 878 4690; x_wconf 80' lang='grc' dir='ltr'><strong>τὸν</strong></span> <span class='ocrx_word' id='word_1_692' title='bbox 911 4636 1058 4690; x_wconf 79' lang='grc' dir='ltr'><strong>Θεὸν</strong></span> <span class='ocrx_word' id='word_1_693' title='bbox 1085 4611 1458 4703; x_wconf 13' lang='grc' dir='ltr'>καὶΫΠατέρα,</span> <span class='ocrx_word' id='word_1_694' title='bbox 1490 4635 1557 4699; x_wconf 78' lang='grc' dir='ltr'><strong>ἐξ</strong></span> <span class='ocrx_word' id='word_1_695' title='bbox 1582 4631 1652 4691; x_wconf 80' lang='grc' dir='ltr'>οὗ</span> <span class='ocrx_word' id='word_1_696' title='bbox 1675 4611 1831 4690; x_wconf 62' lang='grc' dir='ltr'><strong>στᾶσα</strong></span> 
     </span>
    </p>
   </div>
   <div class='ocr_carea' id='block_1_92' title="bbox 1935 4611 3494 4707">
    <p class='ocr_par' dir='ltr' id='par_1_92' title="bbox 1944 4627 3494 4704">
     <span class='ocr_line' id='line_1_92' title="bbox 1944 4627 3494 4704; baseline -0.006 -17"><span class='ocrx_word' id='word_1_697' title='bbox 1944 4633 2116 4704; x_wconf 80' lang='lat' dir='ltr'><strong>Hujus</strong></span> <span class='ocrx_word' id='word_1_698' title='bbox 2140 4634 2212 4687; x_wconf 89' lang='lat' dir='ltr'><strong>rei</strong></span> <span class='ocrx_word' id='word_1_699' title='bbox 2242 4633 2416 4702; x_wconf 87' lang='lat' dir='ltr'><strong>gratia</strong></span> <span class='ocrx_word' id='word_1_700' title='bbox 2444 4632 2594 4699; x_wconf 79' lang='lat' dir='ltr'><strong>[lecto</strong></span> <span class='ocrx_word' id='word_1_701' title='bbox 2623 4647 2790 4700; x_wconf 86' lang='lat' dir='ltr'><strong>genua</strong></span> <span class='ocrx_word' id='word_1_702' title='bbox 2814 4645 2926 4682; x_wconf 85' lang='lat' dir='ltr'><strong>mea</strong></span> <span class='ocrx_word' id='word_1_703' title='bbox 2958 4627 3024 4681; x_wconf 86' lang='lat' dir='ltr'><strong>ad</strong></span> <span class='ocrx_word' id='word_1_704' title='bbox 3073 4627 3233 4682; x_wconf 91' lang='lat' dir='ltr'><strong>Deum</strong></span> <span class='ocrx_word' id='word_1_705' title='bbox 3261 4628 3494 4690; x_wconf 78' lang='lat' dir='ltr'><strong>Patrem,</strong></span> 
     </span>
    </p>
   </div>
   <div class='ocr_carea' id='block_1_93' title="bbox 270 4725 1838 4797">
    <p class='ocr_par' dir='ltr' id='par_1_93' title="bbox 270 4725 1838 4797">
     <span class='ocr_line' id='line_1_93' title="bbox 270 4725 1838 4797; baseline -0.002 -15"><span class='ocrx_word' id='word_1_706' title='bbox 270 4729 482 4797; x_wconf 64' lang='grc' dir='ltr'>πατριὰ</span> <span class='ocrx_word' id='word_1_707' title='bbox 529 4731 601 4782; x_wconf 80' lang='grc' dir='ltr'><strong>ἐν</strong></span> <span class='ocrx_word' id='word_1_708' title='bbox 644 4726 874 4796; x_wconf 78' lang='grc' dir='ltr'>οὐρανῷ</span> <span class='ocrx_word' id='word_1_709' title='bbox 908 4728 1008 4781; x_wconf 82' lang='grc' dir='ltr'>καὶ</span> <span class='ocrx_word' id='word_1_710' title='bbox 1053 4727 1150 4780; x_wconf 82' lang='grc' dir='ltr'><strong>ἐπὶ</strong></span> <span class='ocrx_word' id='word_1_711' title='bbox 1188 4726 1298 4797; x_wconf 77' lang='grc' dir='ltr'><strong>γῆς</strong></span> <span class='ocrx_word' id='word_1_712' title='bbox 1339 4725 1703 4795; x_wconf 71' lang='grc' dir='ltr'>ὀνομάζεται,</span> <span class='ocrx_word' id='word_1_713' title='bbox 1739 4727 1838 4780; x_wconf 82' lang='grc' dir='ltr'><strong>ἵνα</strong></span> 
     </span>
    </p>
   </div>
   <div class='ocr_carea' id='block_1_94' title="bbox 270 4818 1837 4892">
    <p class='ocr_par' dir='ltr' id='par_1_94' title="bbox 270 4818 1837 4892">
     <span class='ocr_line' id='line_1_94' title="bbox 270 4818 1837 4892; baseline -0.001 -18"><span class='ocrx_word' id='word_1_714' title='bbox 270 4820 351 4886; x_wconf 74' lang='grc' dir='ltr'>ἰῷ</span> <span class='ocrx_word' id='word_1_715' title='bbox 392 4823 554 4892; x_wconf 73' lang='grc' dir='ltr'>ὑμῖν,</span> <span class='ocrx_word' id='word_1_716' title='bbox 591 4821 742 4875; x_wconf 83' lang='grc' dir='ltr'>κατὰ</span> <span class='ocrx_word' id='word_1_717' title='bbox 799 4821 905 4874; x_wconf 74' lang='grc' dir='ltr'><strong>τὸν</strong></span> <span class='ocrx_word' id='word_1_718' title='bbox 955 4821 1218 4874; x_wconf 74' lang='grc' dir='ltr'>πλοῦτον</span> <span class='ocrx_word' id='word_1_719' title='bbox 1279 4818 1385 4886; x_wconf 86' lang='grc' dir='ltr'><strong>τῆς</strong></span> <span class='ocrx_word' id='word_1_720' title='bbox 1433 4821 1837 4887; x_wconf 77' lang='grc' dir='ltr'>χρηστότητος</span> 
     </span>
    </p>
   </div>
   <div class='ocr_carea' id='block_1_95' title="bbox 337 4958 1395 5026">
    <p class='ocr_par' dir='ltr' id='par_1_95' title="bbox 337 4958 1395 5026">
     <span class='ocr_line' id='line_1_95' title="bbox 337 4958 1395 5026; baseline -0.004 -11"><span class='ocrx_word' id='word_1_721' title='bbox 337 4964 382 4994; x_wconf 82' lang='lat'>&quot;</span> <span class='ocrx_word' id='word_1_722' title='bbox 422 4961 542 5017; x_wconf 81' lang='lat' dir='ltr'><strong>lsa.</strong></span> <span class='ocrx_word' id='word_1_723' title='bbox 574 4977 725 5026; x_wconf 70' lang='lat' dir='ltr'><strong>LIVI,</strong></span> <span class='ocrx_word' id='word_1_724' title='bbox 751 4961 802 5025; x_wconf 89' lang='lat'><strong>7,</strong></span> <span class='ocrx_word' id='word_1_725' title='bbox 827 4961 880 5015; x_wconf 91' lang='lat'><strong>8.</strong></span> <span class='ocrx_word' id='word_1_726' title='bbox 957 4959 1004 4992; x_wconf 80' lang='grc'>⁸³</span> <span class='ocrx_word' id='word_1_727' title='bbox 1044 4958 1164 5014; x_wconf 81' lang='lat' dir='ltr'><strong>Gal.</strong></span> <span class='ocrx_word' id='word_1_728' title='bbox 1199 4975 1269 5022; x_wconf 85' lang='lat' dir='ltr'><strong>Iv,</strong></span> <span class='ocrx_word' id='word_1_729' title='bbox 1312 4958 1395 5012; x_wconf 76' lang='grc'><strong>19.</strong></span> 
     </span>
    </p>
   </div>
   <div class='ocr_carea' id='block_1_96' title="bbox 337 5097 1836 5174">
    <p class='ocr_par' dir='ltr' id='par_1_96' title="bbox 337 5097 1836 5174">
     <span class='ocr_line' id='line_1_96' title="bbox 337 5097 1836 5174; baseline -0.005 -15"><span class='ocrx_word' id='word_1_730' title='bbox 337 5104 450 5174; x_wconf 79' lang='grc'><strong>(18)</strong></span> <span class='ocrx_word' id='word_1_731' title='bbox 485 5099 1121 5170; x_wconf 65' lang='grc' dir='ltr'>Ἀπολουτρουμένους.</span> <span class='ocrx_word' id='word_1_732' title='bbox 1139 5097 1388 5164; x_wconf 83' lang='lat' dir='ltr'><strong>Allatius,</strong></span> <span class='ocrx_word' id='word_1_733' title='bbox 1407 5098 1666 5170; x_wconf 81' lang='grc' dir='ltr'>ἁπολυτρ.</span> <span class='ocrx_word' id='word_1_734' title='bbox 1691 5097 1836 5154; x_wconf 73' lang='lat' dir='ltr'><strong>Cou-</strong></span> 
     </span>
    </p>
   </div>
   <div class='ocr_carea' id='block_1_97' title="bbox 265 5192 434 5231">
    <p class='ocr_par' dir='ltr' id='par_1_97' title="bbox 265 5192 434 5231">
     <span class='ocr_line' id='line_1_97' title="bbox 265 5192 434 5231; baseline -0.012 0"><span class='ocrx_word' id='word_1_735' title='bbox 265 5192 434 5231; x_wconf 63' lang='lat' dir='ltr'><strong>mis.</strong></span> 
     </span>
    </p>
   </div>
   <div class='ocr_carea' id='block_1_98' title="bbox 335 5238 1837 5316">
    <p class='ocr_par' dir='ltr' id='par_1_98' title="bbox 335 5238 1837 5316">
     <span class='ocr_line' id='line_1_98' title="bbox 335 5238 1837 5316; baseline -0.004 -17"><span class='ocrx_word' id='word_1_736' title='bbox 335 5247 450 5316; x_wconf 81' lang='lat' dir='ltr'><strong>(i9)</strong></span> <span class='ocrx_word' id='word_1_737' title='bbox 493 5241 706 5316; x_wconf 62' lang='grc' dir='ltr'><strong>Τὴνὲν</strong></span> <span class='ocrx_word' id='word_1_738' title='bbox 729 5240 815 5316; x_wconf 68' lang='grc' dir='ltr'>τῷ</span> <span class='ocrx_word' id='word_1_739' title='bbox 850 5240 1017 5316; x_wconf 75' lang='grc' dir='ltr'>Λόγῳ</span> <span class='ocrx_word' id='word_1_740' title='bbox 1066 5238 1378 5316; x_wconf 57' lang='grc' dir='ltr'>τράνωσιγ.</span> <span class='ocrx_word' id='word_1_741' title='bbox 1425 5239 1531 5316; x_wconf 90' lang='lat' dir='ltr'><strong>_Leo</strong></span> <span class='ocrx_word' id='word_1_742' title='bbox 1561 5239 1727 5316; x_wconf 64' lang='lat' dir='ltr'><strong>Allat.</strong></span> <span class='ocrx_word' id='word_1_743' title='bbox 1753 5239 1837 5316; x_wconf 69' lang='lat' dir='ltr'><strong>vi—</strong></span> 
     </span>
    </p>
   </div>
   <div class='ocr_carea' id='block_1_99' title="bbox 263 5310 1834 5384">
    <p class='ocr_par' dir='ltr' id='par_1_99' title="bbox 263 5310 1834 5384">
     <span class='ocr_line' id='line_1_99' title="bbox 263 5310 1834 5384; baseline -0.004 -14"><span class='ocrx_word' id='word_1_744' title='bbox 263 5310 442 5372; x_wconf 60' lang='lat' dir='ltr'><strong>detur&#39;</strong></span> <span class='ocrx_word' id='word_1_745' title='bbox 487 5315 692 5384; x_wconf 83' lang='lat' dir='ltr'><strong>legisse</strong></span> <span class='ocrx_word' id='word_1_746' title='bbox 740 5311 1038 5384; x_wconf 87' lang='grc' dir='ltr'>τελείωσιν,</span> <span class='ocrx_word' id='word_1_747' title='bbox 1081 5326 1203 5384; x_wconf 85' lang='lat' dir='ltr'><strong>cum</strong></span> <span class='ocrx_word' id='word_1_748' title='bbox 1229 5310 1595 5384; x_wconf 78' lang='lat' dir='ltr'><strong>perfectionem</strong></span> <span class='ocrx_word' id='word_1_749' title='bbox 1639 5310 1834 5384; x_wconf 80' lang='lat' dir='ltr'><strong>reddit,</strong></span> 
     </span>
    </p>
   </div>
   <div class='ocr_carea' id='block_1_100' title="bbox 261 5381 1837 5455">
    <p class='ocr_par' dir='ltr' id='par_1_100' title="bbox 261 5381 1837 5455">
     <span class='ocr_line' id='line_1_100' title="bbox 261 5381 1837 5455; baseline -0.003 -14"><span class='ocrx_word' id='word_1_750' title='bbox 261 5388 362 5442; x_wconf 69' lang='lat' dir='ltr'><strong>etsi</strong></span> <span class='ocrx_word' id='word_1_751' title='bbox 405 5381 771 5455; x_wconf 52' lang='lat' dir='ltr'><strong>repraesentat</strong></span> <span class='ocrx_word' id='word_1_752' title='bbox 809 5391 864 5437; x_wconf 88' lang='lat' dir='ltr'><strong>et</strong></span> <span class='ocrx_word' id='word_1_753' title='bbox 892 5383 1007 5455; x_wconf 84' lang='lat' dir='ltr'><strong>ipse</strong></span> <span class='ocrx_word' id='word_1_754' title='bbox 1034 5381 1320 5455; x_wconf 73' lang='grc' dir='ltr'>τρᾲνωσιν,</span> <span class='ocrx_word' id='word_1_755' title='bbox 1352 5397 1468 5455; x_wconf 68' lang='lat' dir='ltr'><strong>nec</strong></span> <span class='ocrx_word' id='word_1_756' title='bbox 1489 5382 1649 5455; x_wconf 59' lang='lat' dir='ltr'><strong>varia</strong></span> <span class='ocrx_word' id='word_1_757' title='bbox 1675 5381 1837 5455; x_wconf 82' lang='lat' dir='ltr'><strong>ullius</strong></span> 
     </span>
    </p>
   </div>
   <div class='ocr_carea' id='block_1_101' title="bbox 269 5451 1834 5521">
    <p class='ocr_par' dir='ltr' id='par_1_101' title="bbox 269 5451 1834 5521">
     <span class='ocr_line' id='line_1_101' title="bbox 269 5451 1834 5521; baseline -0.004 -10"><span class='ocrx_word' id='word_1_758' title='bbox 269 5451 518 5512; x_wconf 69' lang='lat' dir='ltr'><strong>lcctionis</strong></span> <span class='ocrx_word' id='word_1_759' title='bbox 545 5453 820 5514; x_wconf 85' lang='lat' dir='ltr'><strong>meminit.</strong></span> <span class='ocrx_word' id='word_1_760' title='bbox 860 5454 940 5506; x_wconf 86' lang='lat' dir='ltr'><strong>uti</strong></span> <span class='ocrx_word' id='word_1_761' title='bbox 980 5451 1081 5506; x_wconf 88' lang='lat' dir='ltr'><strong>nec</strong></span> <span class='ocrx_word' id='word_1_762' title='bbox 1113 5451 1311 5521; x_wconf 86' lang='lat' dir='ltr'><strong>Lupar.</strong></span> <span class='ocrx_word' id='word_1_763' title='bbox 1350 5451 1604 5506; x_wconf 86' lang='lat' dir='ltr'><strong>Methodii</strong></span> <span class='ocrx_word' id='word_1_764' title='bbox 1639 5451 1834 5505; x_wconf 90' lang='lat' dir='ltr'><strong>editor.</strong></span> 
     </span>
    </p>
   </div>
   <div class='ocr_carea' id='block_1_102' title="bbox 263 5521 1834 5590">
    <p class='ocr_par' dir='ltr' id='par_1_102' title="bbox 263 5521 1834 5590">
     <span class='ocr_line' id='line_1_102' title="bbox 263 5521 1834 5590; baseline -0.004 -10"><span class='ocrx_word' id='word_1_765' title='bbox 263 5525 512 5582; x_wconf 81' lang='lat' dir='ltr'><strong>Placeret</strong></span> <span class='ocrx_word' id='word_1_766' title='bbox 561 5525 700 5578; x_wconf 89' lang='lat' dir='ltr'><strong>illud</strong></span> <span class='ocrx_word' id='word_1_767' title='bbox 745 5522 1043 5583; x_wconf 87' lang='grc' dir='ltr'>τελείωσιν,</span> <span class='ocrx_word' id='word_1_768' title='bbox 1075 5522 1119 5577; x_wconf 90' lang='lat' dir='ltr'><strong>si</strong></span> <span class='ocrx_word' id='word_1_769' title='bbox 1149 5522 1363 5577; x_wconf 84' lang='lat' dir='ltr'><strong>codices</strong></span> <span class='ocrx_word' id='word_1_770' title='bbox 1390 5521 1834 5590; x_wconf 73' lang='lat' dir='ltr'><strong>sutl‘ragarentur,</strong></span> 
     </span>
    </p>
   </div>
   <div class='ocr_carea' id='block_1_103' title="bbox 263 5591 1837 5664">
    <p class='ocr_par' dir='ltr' id='par_1_103' title="bbox 263 5591 1837 5664">
     <span class='ocr_line' id='line_1_103' title="bbox 263 5591 1837 5664; baseline -0.004 -14"><span class='ocrx_word' id='word_1_771' title='bbox 263 5607 312 5650; x_wconf 65' lang='lat' dir='ltr'><strong>ct</strong></span> <span class='ocrx_word' id='word_1_772' title='bbox 365 5598 478 5652; x_wconf 89' lang='lat' dir='ltr'><strong>nisi</strong></span> <span class='ocrx_word' id='word_1_773' title='bbox 538 5594 694 5651; x_wconf 84' lang='lat' dir='ltr'><strong>brevi</strong></span> <span class='ocrx_word' id='word_1_774' title='bbox 757 5602 882 5664; x_wconf 90' lang='lat' dir='ltr'><strong>post</strong></span> <span class='ocrx_word' id='word_1_775' title='bbox 911 5593 1121 5664; x_wconf 84' lang='lat' dir='ltr'><strong>eadem</strong></span> <span class='ocrx_word' id='word_1_776' title='bbox 1149 5607 1276 5646; x_wconf 86' lang='lat' dir='ltr'><strong>voce</strong></span> <span class='ocrx_word' id='word_1_777' title='bbox 1307 5591 1495 5664; x_wconf 85' lang='lat' dir='ltr'><strong>eodem</strong></span> <span class='ocrx_word' id='word_1_778' title='bbox 1528 5591 1638 5664; x_wconf 83' lang='lat' dir='ltr'><strong>fere</strong></span> <span class='ocrx_word' id='word_1_779' title='bbox 1673 5607 1837 5664; x_wconf 84' lang='lat' dir='ltr'><strong>sensu</strong></span> 
     </span>
    </p>
   </div>
   <div class='ocr_carea' id='block_1_104' title="bbox 265 5661 1834 5738">
    <p class='ocr_par' dir='ltr' id='par_1_104' title="bbox 265 5661 1834 5738">
     <span class='ocr_line' id='line_1_104' title="bbox 265 5661 1834 5738; baseline -0.003 -19"><span class='ocrx_word' id='word_1_780' title='bbox 265 5678 424 5738; x_wconf 78' lang='lat' dir='ltr'><strong>atque</strong></span> <span class='ocrx_word' id='word_1_781' title='bbox 454 5669 547 5722; x_wconf 90' lang='lat' dir='ltr'><strong>hic</strong></span> <span class='ocrx_word' id='word_1_782' title='bbox 573 5661 842 5738; x_wconf 83' lang='lat' dir='ltr'><strong>uteretur,</strong></span> <span class='ocrx_word' id='word_1_783' title='bbox 869 5663 967 5733; x_wconf 81' lang='grc' dir='ltr'>τὴν</span> <span class='ocrx_word' id='word_1_784' title='bbox 1000 5663 1301 5738; x_wconf 77' lang='grc' dir='ltr'>ἐκτύπωσιν</span> <span class='ocrx_word' id='word_1_785' title='bbox 1322 5663 1414 5716; x_wconf 75' lang='grc' dir='ltr'>καὶ</span> <span class='ocrx_word' id='word_1_786' title='bbox 1446 5662 1542 5738; x_wconf 74' lang='grc' dir='ltr'><strong>τῂν</strong></span> <span class='ocrx_word' id='word_1_787' title='bbox 1563 5661 1834 5738; x_wconf 76' lang='grc' dir='ltr'>ἐκτράνω-</span> 
     </span>
    </p>
   </div>
   <div class='ocr_carea' id='block_1_105' title="bbox 271 5732 1833 5803">
    <p class='ocr_par' dir='ltr' id='par_1_105' title="bbox 271 5732 1833 5803">
     <span class='ocr_line' id='line_1_105' title="bbox 271 5732 1833 5803; baseline -0.004 -14"><span class='ocrx_word' id='word_1_788' title='bbox 271 5732 347 5790; x_wconf 70' lang='grc' dir='ltr'>τιοὶ</span> <span class='ocrx_word' id='word_1_789' title='bbox 391 5738 490 5792; x_wconf 76' lang='grc' dir='ltr'>τοῦ</span> <span class='ocrx_word' id='word_1_790' title='bbox 555 5737 776 5803; x_wconf 81' lang='grc' dir='ltr'>Λόγου,</span> <span class='ocrx_word' id='word_1_791' title='bbox 821 5732 1202 5802; x_wconf 74' lang='lat' dir='ltr'><strong>expressionem</strong></span> <span class='ocrx_word' id='word_1_792' title='bbox 1261 5742 1309 5786; x_wconf 93' lang='lat' dir='ltr'><strong>et</strong></span> <span class='ocrx_word' id='word_1_793' title='bbox 1354 5732 1833 5803; x_wconf 79' lang='lat' dir='ltr'><strong>manifestationem</strong></span> 
     </span>
    </p>
   </div>
   <div class='ocr_carea' id='block_1_106' title="bbox 281 5802 1836 5876">
    <p class='ocr_par' dir='ltr' id='par_1_106' title="bbox 281 5802 1836 5876">
     <span class='ocr_line' id='line_1_106' title="bbox 281 5802 1836 5876; baseline -0.005 -16"><span class='ocrx_word' id='word_1_794' title='bbox 281 5811 449 5876; x_wconf 76' lang='lat' dir='ltr'><strong>lerbi,</strong></span> <span class='ocrx_word' id='word_1_795' title='bbox 477 5810 571 5865; x_wconf 89' lang='lat' dir='ltr'><strong>ubi</strong></span> <span class='ocrx_word' id='word_1_796' title='bbox 607 5807 842 5861; x_wconf 74' lang='lat' dir='ltr'><strong>Allatius</strong></span> <span class='ocrx_word' id='word_1_797' title='bbox 870 5803 1146 5874; x_wconf 82' lang='lat' dir='ltr'><strong>imaginem</strong></span> <span class='ocrx_word' id='word_1_798' title='bbox 1171 5804 1363 5871; x_wconf 86' lang='lat' dir='ltr'><strong>reddit,</strong></span> <span class='ocrx_word' id='word_1_799' title='bbox 1396 5802 1677 5859; x_wconf 81' lang='lat' dir='ltr'><strong>Possinius</strong></span> <span class='ocrx_word' id='word_1_800' title='bbox 1727 5802 1836 5870; x_wconf 73' lang='lat' dir='ltr'><strong>for-</strong></span> 
     </span>
    </p>
   </div>
   <div class='ocr_carea' id='block_1_107' title="bbox 1943 4717 3496 4794">
    <p class='ocr_par' dir='ltr' id='par_1_107' title="bbox 1943 4717 3496 4794">
     <span class='ocr_line' id='line_1_107' title="bbox 1943 4717 3496 4794; baseline -0.006 -17"><span class='ocrx_word' id='word_1_801' title='bbox 1943 4740 2006 4778; x_wconf 76' lang='lat' dir='ltr'><strong>ex</strong></span> <span class='ocrx_word' id='word_1_802' title='bbox 2032 4739 2130 4794; x_wconf 90' lang='lat' dir='ltr'><strong>quo</strong></span> <span class='ocrx_word' id='word_1_803' title='bbox 2174 4723 2339 4776; x_wconf 84' lang='lat' dir='ltr'><strong>omnis</strong></span> <span class='ocrx_word' id='word_1_804' title='bbox 2364 4721 2650 4790; x_wconf 85' lang='lat' dir='ltr'><strong>paternitas</strong></span> <span class='ocrx_word' id='word_1_805' title='bbox 2678 4719 2729 4772; x_wconf 87' lang='lat' dir='ltr'><strong>in</strong></span> <span class='ocrx_word' id='word_1_806' title='bbox 2756 4717 2895 4772; x_wconf 67' lang='lat' dir='ltr'><strong>caelis</strong></span> <span class='ocrx_word' id='word_1_807' title='bbox 2919 4727 2966 4772; x_wconf 89' lang='lat' dir='ltr'><strong>et</strong></span> <span class='ocrx_word' id='word_1_808' title='bbox 2995 4719 3048 4771; x_wconf 88' lang='lat' dir='ltr'><strong>in</strong></span> <span class='ocrx_word' id='word_1_809' title='bbox 3075 4727 3215 4770; x_wconf 70' lang='lat' dir='ltr'><strong>terra</strong></span> <span class='ocrx_word' id='word_1_810' title='bbox 3258 4718 3496 4771; x_wconf 84' lang='lat' dir='ltr'><strong>nomina-</strong></span> 
     </span>
    </p>
   </div>
   <div class='ocr_carea' id='block_1_108' title="bbox 1946 4810 3498 4869">
    <p class='ocr_par' dir='ltr' id='par_1_108' title="bbox 1946 4810 3498 4869">
     <span class='ocr_line' id='line_1_108' title="bbox 1946 4810 3498 4869; baseline -0.005 -1"><span class='ocrx_word' id='word_1_811' title='bbox 1946 4828 2028 4869; x_wconf 83' lang='lat' dir='ltr'><strong>tur</strong></span> <span class='ocrx_word' id='word_1_812' title='bbox 2052 4833 2068 4868; x_wconf 92' lang='lat'><em>:</em></span> <span class='ocrx_word' id='word_1_813' title='bbox 2101 4824 2154 4868; x_wconf 88' lang='lat' dir='ltr'><strong>ut</strong></span> <span class='ocrx_word' id='word_1_814' title='bbox 2182 4815 2264 4869; x_wconf 86' lang='lat' dir='ltr'><strong>det</strong></span> <span class='ocrx_word' id='word_1_815' title='bbox 2289 4813 2428 4868; x_wconf 84' lang='lat' dir='ltr'><strong>vobis</strong></span> <span class='ocrx_word' id='word_1_816' title='bbox 2452 4810 2732 4867; x_wconf 86' lang='lat' dir='ltr'><strong>secundum</strong></span> <span class='ocrx_word' id='word_1_817' title='bbox 2753 4811 2965 4865; x_wconf 78' lang='lat' dir='ltr'><strong>divitias</strong></span> <span class='ocrx_word' id='word_1_818' title='bbox 2989 4810 3234 4864; x_wconf 78' lang='lat' dir='ltr'><strong>bonitatis</strong></span> <span class='ocrx_word' id='word_1_819' title='bbox 3266 4825 3374 4863; x_wconf 74' lang='lat' dir='ltr'><strong>sum</strong></span> <span class='ocrx_word' id='word_1_820' title='bbox 3395 4810 3498 4862; x_wconf 76' lang='lat' dir='ltr'><strong>vir-</strong></span> 
     </span>
    </p>
   </div>
   <div class='ocr_carea' id='block_1_109' title="bbox 1505 4947 2667 5021">
    <p class='ocr_par' dir='ltr' id='par_1_109' title="bbox 1505 4947 2667 5021">
     <span class='ocr_line' id='line_1_109' title="bbox 1505 4947 2667 5021; baseline -0.01 -11"><span class='ocrx_word' id='word_1_821' title='bbox 1505 4957 1550 4988; x_wconf 74' lang='lat'>”</span> <span class='ocrx_word' id='word_1_822' title='bbox 1588 4955 1733 5011; x_wconf 82' lang='lat' dir='ltr'><strong>Psal.</strong></span> <span class='ocrx_word' id='word_1_823' title='bbox 1763 4973 1869 5021; x_wconf 85' lang='lat' dir='ltr'><strong>CIV,</strong></span> <span class='ocrx_word' id='word_1_824' title='bbox 1901 4957 1985 5012; x_wconf 74' lang='grc'><strong>15.</strong></span> <span class='ocrx_word' id='word_1_825' title='bbox 2063 4955 2107 4984; x_wconf 75' lang='grc'>³⁵</span> <span class='ocrx_word' id='word_1_826' title='bbox 2150 4950 2339 5021; x_wconf 76' lang='grc' dir='ltr'>Ερίιεδ.</span> <span class='ocrx_word' id='word_1_827' title='bbox 2378 4964 2458 5013; x_wconf 89' lang='grc' dir='ltr'>ιιι,</span> <span class='ocrx_word' id='word_1_828' title='bbox 2487 4947 2667 5002; x_wconf 73' lang='grc'><strong>14-17.</strong></span> 
     </span>
    </p>
   </div>
   <div class='ocr_carea' id='block_1_110' title="bbox 1945 5089 3503 5164">
    <p class='ocr_par' dir='ltr' id='par_1_110' title="bbox 1945 5089 3503 5164">
     <span class='ocr_line' id='line_1_110' title="bbox 1945 5089 3503 5164; baseline -0.006 -12"><span class='ocrx_word' id='word_1_829' title='bbox 1945 5113 2105 5154; x_wconf 87' lang='lat' dir='ltr'><strong>mam.</strong></span> <span class='ocrx_word' id='word_1_830' title='bbox 2141 5094 2230 5149; x_wconf 90' lang='lat' dir='ltr'><strong>Sic</strong></span> <span class='ocrx_word' id='word_1_831' title='bbox 2272 5108 2401 5164; x_wconf 78' lang='lat' dir='ltr'><strong>ergo</strong></span> <span class='ocrx_word' id='word_1_832' title='bbox 2429 5091 2602 5164; x_wconf 53' lang='lat' dir='ltr'><strong>bimi)</strong></span> <span class='ocrx_word' id='word_1_833' title='bbox 2640 5092 2697 5164; x_wconf 74' lang='grc' dir='ltr'>ὲν</span> <span class='ocrx_word' id='word_1_834' title='bbox 2727 5091 2884 5161; x_wconf 85' lang='grc' dir='ltr'>Λόγῳ</span> <span class='ocrx_word' id='word_1_835' title='bbox 2913 5090 3179 5164; x_wconf 80' lang='grc' dir='ltr'>τράνωσις</span> <span class='ocrx_word' id='word_1_836' title='bbox 3221 5089 3311 5164; x_wconf 72' lang='grc' dir='ltr'>καὶ</span> <span class='ocrx_word' id='word_1_837' title='bbox 3337 5106 3503 5158; x_wconf 82' lang='grc' dir='ltr'>μετα-</span> 
     </span>
    </p>
   </div>
   <div class='ocr_carea' id='block_1_111' title="bbox 1945 5159 3503 5241">
    <p class='ocr_par' dir='ltr' id='par_1_111' title="bbox 1945 5159 3503 5241">
     <span class='ocr_line' id='line_1_111' title="bbox 1945 5159 3503 5241; baseline -0.002 -23"><span class='ocrx_word' id='word_1_838' title='bbox 1945 5169 2244 5241; x_wconf 69' lang='grc' dir='ltr'>μόρφωσις,</span> <span class='ocrx_word' id='word_1_839' title='bbox 2279 5159 2440 5241; x_wconf 68' lang='lat' dir='ltr'><strong>Verbi</strong></span> <span class='ocrx_word' id='word_1_840' title='bbox 2475 5159 3186 5241; x_wconf 41' lang='lat' dir='ltr'><strong>imit&#39;atio,._qua_ejusclare</strong></span> <span class='ocrx_word' id='word_1_841' title='bbox 3213 5159 3503 5241; x_wconf 70' lang='lat' dir='ltr'><strong>characte—</strong></span> 
     </span>
    </p>
   </div>
   <div class='ocr_carea' id='block_1_112' title="bbox 1939 5229 3503 5303">
    <p class='ocr_par' dir='ltr' id='par_1_112' title="bbox 1939 5229 3503 5303">
     <span class='ocr_line' id='line_1_112' title="bbox 1939 5229 3503 5303; baseline -0.005 -9"><span class='ocrx_word' id='word_1_842' title='bbox 1939 5229 2032 5294; x_wconf 74' lang='lat' dir='ltr'><strong>i&#39;es</strong></span> <span class='ocrx_word' id='word_1_843' title='bbox 2052 5229 2349 5298; x_wconf 75' lang='lat' dir='ltr'><strong>reddimus,</strong></span> <span class='ocrx_word' id='word_1_844' title='bbox 2382 5233 2664 5303; x_wconf 88' lang='lat' dir='ltr'><strong>formaque</strong></span> <span class='ocrx_word' id='word_1_845' title='bbox 2693 5229 2838 5286; x_wconf 79' lang='lat' dir='ltr'><strong>illius</strong></span> <span class='ocrx_word' id='word_1_846' title='bbox 2869 5229 3190 5303; x_wconf 71' lang='lat' dir='ltr'><strong>imbuimur.</strong></span> <span class='ocrx_word' id='word_1_847' title='bbox 3221 5229 3503 5286; x_wconf 86' lang='lat' dir='ltr'><strong>Possinius</strong></span> 
     </span>
    </p>
   </div>
   <div class='ocr_carea' id='block_1_113' title="bbox 1941 5301 3501 5370">
    <p class='ocr_par' dir='ltr' id='par_1_113' title="bbox 1941 5301 3501 5370">
     <span class='ocr_line' id='line_1_113' title="bbox 1941 5301 3501 5370; baseline -0.005 -7"><span class='ocrx_word' id='word_1_848' title='bbox 1941 5309 2222 5363; x_wconf 85' lang='lat' dir='ltr'><strong>transitum</strong></span> <span class='ocrx_word' id='word_1_849' title='bbox 2284 5306 2338 5358; x_wconf 89' lang='lat' dir='ltr'><strong>in</strong></span> <span class='ocrx_word' id='word_1_850' title='bbox 2403 5301 2626 5358; x_wconf 77' lang='lat' dir='ltr'><strong>Verbum</strong></span> <span class='ocrx_word' id='word_1_851' title='bbox 2679 5303 2884 5365; x_wconf 84' lang='lat' dir='ltr'><strong>reddit;</strong></span> <span class='ocrx_word' id='word_1_852' title='bbox 2922 5302 3122 5355; x_wconf 86' lang='lat' dir='ltr'><strong>viderit</strong></span> <span class='ocrx_word' id='word_1_853' title='bbox 3179 5301 3294 5370; x_wconf 90' lang='lat' dir='ltr'><strong>ipse</strong></span> <span class='ocrx_word' id='word_1_854' title='bbox 3340 5318 3501 5370; x_wconf 89' lang='lat' dir='ltr'><strong>quam</strong></span> 
     </span>
    </p>
   </div>
   <div class='ocr_carea' id='block_1_114' title="bbox 1941 5372 3506 5446">
    <p class='ocr_par' dir='ltr' id='par_1_114' title="bbox 1941 5372 3506 5446">
     <span class='ocr_line' id='line_1_114' title="bbox 1941 5372 3506 5446; baseline -0.006 -11"><span class='ocrx_word' id='word_1_855' title='bbox 1941 5392 2104 5434; x_wconf 87' lang='lat' dir='ltr'><strong>recte.</strong></span> <span class='ocrx_word' id='word_1_856' title='bbox 2142 5376 2252 5429; x_wconf 74' lang='lat' dir='ltr'><strong>Vox</strong></span> <span class='ocrx_word' id='word_1_857' title='bbox 2281 5375 2472 5446; x_wconf 85' lang='grc' dir='ltr'>τρανός</span> <span class='ocrx_word' id='word_1_858' title='bbox 2501 5383 2554 5446; x_wconf 89' lang='lat' dir='ltr'><strong>et</strong></span> <span class='ocrx_word' id='word_1_859' title='bbox 2590 5372 2918 5446; x_wconf 79' lang='grc' dir='ltr'>τρανωτικός</span> <span class='ocrx_word' id='word_1_860' title='bbox 2947 5387 3010 5446; x_wconf 82' lang='lat' dir='ltr'><strong>ac</strong></span> <span class='ocrx_word' id='word_1_861' title='bbox 3034 5372 3240 5444; x_wconf 83' lang='grc' dir='ltr'>τρανόω</span> <span class='ocrx_word' id='word_1_862' title='bbox 3264 5372 3334 5446; x_wconf 72' lang='lat' dir='ltr'><strong>in_</strong></span> <span class='ocrx_word' id='word_1_863' title='bbox 3353 5373 3506 5446; x_wconf 83' lang='lat' dir='ltr'><strong>I_heo-</strong></span> 
     </span>
    </p>
   </div>
   <div class='ocr_carea' id='block_1_115' title="bbox 1943 5441 3504 5518">
    <p class='ocr_par' dir='ltr' id='par_1_115' title="bbox 1943 5441 3504 5518">
     <span class='ocr_line' id='line_1_115' title="bbox 1943 5441 3504 5518; baseline -0.008 -14"><span class='ocrx_word' id='word_1_864' title='bbox 1943 5451 2081 5518; x_wconf 73' lang='lat' dir='ltr'><strong>logia</strong></span> <span class='ocrx_word' id='word_1_865' title='bbox 2138 5441 2672 5518; x_wconf 7' lang='lat' dir='ltr'><strong>Gregoriopaliisque</strong></span> <span class='ocrx_word' id='word_1_866' title='bbox 2723 5443 3005 5518; x_wconf 78' lang='lat' dir='ltr'><strong>familiaris</strong></span> <span class='ocrx_word' id='word_1_867' title='bbox 3041 5441 3248 5518; x_wconf 54' lang='lat' dir='ltr'><strong>{utque</strong></span> <span class='ocrx_word' id='word_1_868' title='bbox 3287 5441 3504 5518; x_wconf 74' lang='grc' dir='ltr'>γλῶσσα</span> 
     </span>
    </p>
   </div>
   <div class='ocr_carea' id='block_1_116' title="bbox 1945 5512 3501 5592">
    <p class='ocr_par' dir='ltr' id='par_1_116' title="bbox 1945 5512 3501 5592">
     <span class='ocr_line' id='line_1_116' title="bbox 1945 5512 3501 5592; baseline -0.005 -20"><span class='ocrx_word' id='word_1_869' title='bbox 1945 5512 2156 5592; x_wconf 63' lang='grc' dir='ltr'>τρανός,</span> <span class='ocrx_word' id='word_1_870' title='bbox 2183 5512 2370 5592; x_wconf 69' lang='lat' dir='ltr'><strong>lingua</strong></span> <span class='ocrx_word' id='word_1_871' title='bbox 2397 5512 2616 5592; x_wconf 66' lang='lat' dir='ltr'><strong>diserto,</strong></span> <span class='ocrx_word' id='word_1_872' title='bbox 2642 5530 2761 5583; x_wconf 68' lang='lat' dir='ltr'><strong>quae</strong></span> <span class='ocrx_word' id='word_1_873' title='bbox 2790 5513 2987 5592; x_wconf 79' lang='lat' dir='ltr'><strong>mentis</strong></span> <span class='ocrx_word' id='word_1_874' title='bbox 3017 5528 3173 5592; x_wconf 78' lang='lat' dir='ltr'><strong>sensa</strong></span> <span class='ocrx_word' id='word_1_875' title='bbox 3204 5513 3348 5592; x_wconf 66' lang='lat' dir='ltr'><strong>clare</strong></span> <span class='ocrx_word' id='word_1_876' title='bbox 3378 5512 3501 5565; x_wconf 85' lang='lat' dir='ltr'><strong>red-</strong></span> 
     </span>
    </p>
   </div>
   <div class='ocr_carea' id='block_1_117' title="bbox 1945 5582 3503 5655">
    <p class='ocr_par' dir='ltr' id='par_1_117' title="bbox 1945 5582 3503 5655">
     <span class='ocr_line' id='line_1_117' title="bbox 1945 5582 3503 5655; baseline -0.004 -15"><span class='ocrx_word' id='word_1_877' title='bbox 1945 5582 2057 5652; x_wconf 82' lang='lat' dir='ltr'><strong>dit,</strong></span> <span class='ocrx_word' id='word_1_878' title='bbox 2083 5590 2161 5641; x_wconf 84' lang='lat' dir='ltr'><strong>sic</strong></span> <span class='ocrx_word' id='word_1_879' title='bbox 2183 5588 2237 5640; x_wconf 90' lang='lat' dir='ltr'><strong>in</strong></span> <span class='ocrx_word' id='word_1_880' title='bbox 2268 5582 2502 5655; x_wconf 76' lang='lat' dir='ltr'><strong>imagine</strong></span> <span class='ocrx_word' id='word_1_881' title='bbox 2534 5593 2586 5638; x_wconf 85' lang='lat' dir='ltr'><strong>et</strong></span> <span class='ocrx_word' id='word_1_882' title='bbox 2615 5585 2962 5653; x_wconf 78' lang='lat' dir='ltr'><strong>expressione</strong></span> <span class='ocrx_word' id='word_1_883' title='bbox 3009 5585 3277 5651; x_wconf 88' lang='lat' dir='ltr'><strong>ductaque</strong></span> <span class='ocrx_word' id='word_1_884' title='bbox 3309 5582 3503 5644; x_wconf 88' lang='lat' dir='ltr'><strong>forma,</strong></span> 
     </span>
    </p>
   </div>
   <div class='ocr_carea' id='block_1_118' title="bbox 1943 5655 3504 5730">
    <p class='ocr_par' dir='ltr' id='par_1_118' title="bbox 1943 5655 3504 5730">
     <span class='ocr_line' id='line_1_118' title="bbox 1943 5655 3504 5730; baseline -0.004 -18"><span class='ocrx_word' id='word_1_885' title='bbox 1943 5662 2004 5712; x_wconf 84' lang='grc' dir='ltr'><strong>τὸ</strong></span> <span class='ocrx_word' id='word_1_886' title='bbox 2034 5659 2224 5730; x_wconf 81' lang='grc' dir='ltr'>τρανόν</span> <span class='ocrx_word' id='word_1_887' title='bbox 2255 5667 2307 5711; x_wconf 81' lang='lat' dir='ltr'><strong>et</strong></span> <span class='ocrx_word' id='word_1_888' title='bbox 2339 5657 2623 5730; x_wconf 65' lang='grc' dir='ltr'>τρανωσις,</span> <span class='ocrx_word' id='word_1_889' title='bbox 2678 5655 2840 5709; x_wconf 87' lang='lat' dir='ltr'><strong>semel</strong></span> <span class='ocrx_word' id='word_1_890' title='bbox 2877 5662 2929 5730; x_wconf 59' lang='lat' dir='ltr'><strong>et</strong></span> <span class='ocrx_word' id='word_1_891' title='bbox 2960 5656 3153 5730; x_wconf 81' lang='lat' dir='ltr'><strong>iterum</strong></span> <span class='ocrx_word' id='word_1_892' title='bbox 3188 5663 3504 5720; x_wconf 87' lang='lat' dir='ltr'><strong>usurpatum</strong></span> 
     </span>
    </p>
   </div>
   <div class='ocr_carea' id='block_1_119' title="bbox 1946 5724 3500 5852">
    <p class='ocr_par' dir='ltr' id='par_1_119' title="bbox 1946 5724 3500 5852">
     <span class='ocr_line' id='line_1_119' title="bbox 1946 5724 3500 5852; baseline -0.004 -68"><span class='ocrx_word' id='word_1_893' title='bbox 1946 5724 2251 5852; x_wconf 80' lang='lat' dir='ltr'><strong>llictliodio,l</strong></span> <span class='ocrx_word' id='word_1_894' title='bbox 2295 5724 2453 5798; x_wconf 79' lang='lat' dir='ltr'><strong>quasi</strong></span> <span class='ocrx_word' id='word_1_895' title='bbox 2497 5727 2643 5782; x_wconf 86' lang='lat' dir='ltr'><strong>clara</strong></span> <span class='ocrx_word' id='word_1_896' title='bbox 2671 5726 2950 5795; x_wconf 81' lang='lat' dir='ltr'><strong>expressio</strong></span> <span class='ocrx_word' id='word_1_897' title='bbox 2986 5724 3270 5794; x_wconf 81' lang='lat' dir='ltr'><strong>lucidaque</strong></span> <span class='ocrx_word' id='word_1_898' title='bbox 3303 5737 3500 5793; x_wconf 72' lang='lat' dir='ltr'><strong>reprae-</strong></span> 
     </span>
     <span class='ocr_line' id='line_1_120' title="bbox 1947 5808 2308 5852; baseline 0 0"><span class='ocrx_word' id='word_1_899' title='bbox 1947 5808 2192 5852; x_wconf 83' lang='lat' dir='ltr'><strong>sentatio.</strong></span> <span class='ocrx_word' id='word_1_900' title='bbox 2257 5816 2308 5852; x_wconf 86' lang='grc' dir='ltr'>ι).</span> 
     </span>
    </p>
   </div>
   <div class='ocr_carea' id='block_1_120' title="bbox 1947 5801 2308 5857">
    <p class='ocr_par' dir='ltr' id='par_1_120' title="bbox 1947 5801 2308 5857">
     <span class='ocr_line' id='line_1_121' title="bbox 1947 5801 2308 5857; baseline -0.006 0"><span class='ocrx_word' id='word_1_901' title='bbox 1947 5801 2192 5857; x_wconf 81' lang='lat' dir='ltr'><strong>scntatio.</strong></span> <span class='ocrx_word' id='word_1_902' title='bbox 2235 5801 2308 5855; x_wconf 86' lang='lat' dir='ltr'><strong>lo.</strong></span> 
     </span>
    </p>
   </div>
  </div>
