4052 6338
589 260 684 316 151
1539 265 1600 324 S.
1641 267 1974 326 METHODII
2017 269 2122 324 EPI

2218 267 2324 324 0P!
2365 268 2452 321 ET
2490 267 2848 324 MARTYRIS
3711 275 3820 330 £53

585 391 698 436 tute
746 380 1081 437 corroborari
1130 398 1221 453 per
1249 381 1506 454 Spiritum
1558 389 1726 456 ipsius
1762 390 1817 442 in
1845 391 2126 444 interioren

2218 446 2220 451 ,
2245 387 2450 452 αὐτοῦ,
2479 387 2725 458 δυνάμει
2753 386 3181 457 κραταιωθῆναι
3208 388 3306 444 διὰ
3340 388 3447 444 τοῦ
3470 392 3808 460 Πιτεύματος

583 473 874 539 hominem;
920 474 1158 529 habitare
1189 473 1458 532 Christum
1495 495 1587 548 per
1619 480 1774 549 ﬁdem
1804 483 1860 535 in
1901 481 2126 536 cordibut

2247 478 2434 532 αὑτοῦ
2478 482 2565 544 είς
2616 480 2722 533 τὸν
2771 479 2895 534 ἔσω
2935 478 3264 547 ἄνθρωπον,
3301 479 3657 550 κατοικῆσαι
3702 483 3814 537 τὸν

583 568 788 622 uestris.
816 565 1022 621 Etenim
1058 581 1286 626 necesse
1312 579 1428 635 est,
1478 571 1532 626 in
1560 582 1998 643 regeneratorum
2024 575 2126 629 ani-

2245 570 2502 640 Χριστὸν
2523 571 2622 625 διὰ
2660 570 2770 641 τῆς
2797 571 3054 637 πίστεως
3081 571 3150 624 ἐν
3171 572 3298 638 ταῖς
3328 573 3595 641 καρδίαις
3618 573 3808 642 ὑμῶν.

583 660 708 724 mis,
742 657 902 712 veluti
930 658 1095 730 sigilli
1132 661 1260 726 ritu,
1281 661 1519 718 Verbum
1553 664 1796 721 veritatis
1835 666 2061 736 exprimi
2090 674 2144 722 et

577 746 866 803 eﬁ'ormari.

2251 665 2346 727 Εἰς
2410 662 2518 735 γὰρ
2582 661 2681 726 τὰς
2745 662 3200 733 ἀναγεννωμένων
3270 661 3446 733 ψυχὰς
3513 665 3817 734 ἀναγκαῖον

2251 755 2709 826 ἐξομοργνύμενον
2755 751 3116 808 ἐκτυποῦσθαι
3169 751 3263 808 τὸν
3310 753 3483 824 Λόγον
3519 753 3620 826 τῆς
3672 755 3818 828 ἁλη-

2249 845 2417 908 θείας.

931 953 1060 1010 Car.
1095 953 1184 1010 IX.
1219 955 1394 1012 Filius
1432 957 1550 1024 Dei,
1573 960 1662 1029 qui
1687 959 1794 1028 ipse
1815 975 2013 1029 semper
2041 967 2132 1024 sit,
2157 958 2310 1014 hodie
2339 959 2572 1030 gignitur
2591 961 2644 1012 in
2677 959 2869 1012 animis
2904 973 3158 1027 sensuque
3192 957 3448 1026 ﬁdelium.

645 1075 870 1134 Videtur
899 1087 1076 1134 autem
1111 1080 1194 1135 vel
1224 1083 1455 1138 maxime
1480 1099 1778 1155 congruere
1824 1099 1948 1138 cum
1982 1084 2141 1140 dictis

573 1173 732 1244 eique
763 1173 919 1228 aliine
965 1190 1106 1240 esse,
1142 1175 1287 1245 quod
1333 1191 1396 1230 ex
1431 1191 1660 1246 persona
1715 1177 1892 1232 Patris
1919 1177 2140 1233 Christo

572 1267 810 1322 venienti
840 1267 907 1321 ad
933 1266 1223 1323 Iordanem
1257 1277 1317 1323 ut
1370 1284 1510 1338 aqua
1563 1271 1909 1334 lustraretur,
1936 1286 1966 1326 e
2000 1272 2139 1326 etelo

571 1359 850 1412 oraculum
883 1357 1140 1420 defertur,
1174 1357 1349 1414 Filius
1399 1377 1542 1414 meus
1587 1378 1639 1414 es
1696 1370 1749 1414 tu
1781 1377 1799 1414 :
1853 1360 1963 1432 Ego
1989 1361 2140 1416 hodie

568 1448 722 1518 genui
747 1459 794 1501 te
827 1449 892 1500 ³⁸.
925 1448 1333 1505 Observandum
1391 1451 1532 1506 enim
1563 1459 1665 1516 est,
1697 1451 1888 1506 Filium
1921 1453 2136 1522 quidem

570 1552 728 1592 suum
756 1553 878 1592 esse
907 1538 1184 1593 indeﬁnite
1209 1538 1609 1609 pronuntiasse,
1638 1546 1692 1594 et
1717 1541 1835 1594 sine
1869 1539 1976 1593 ulla
2011 1549 2140 1594 tem-

569 1630 718 1702 poris
766 1631 1265 1688 determinatione:
1316 1649 1370 1687 es
1429 1633 1592 1697 enim,
1642 1633 1738 1696 ait,
1790 1648 1900 1686 non
1956 1639 2135 1686 autem

2312 1084 2494 1136 Ἐοικε
2521 1081 2577 1135 δὲ
2601 1084 2711 1144 τοῖς
2737 1079 3044 1152 εἰρημένοις
3075 1080 3168 1133 καὶ
3198 1080 3356 1134 τοῦτο
3384 1081 3612 1152 μάλιστα
3639 1101 3816 1155 προσ-

2240 1173 2470 1228 εοικέναι
2502 1173 2594 1226 καὶ
2636 1174 2964 1242 συμφωνεῖν,
2987 1171 3048 1224 τὸ
3082 1172 3568 1244 χρησμῳδούμενον
3599 1173 3810 1228 ἄνωθεν

2238 1265 2298 1331 ἐξ
2326 1264 2488 1320 αὑτοῦ
2519 1264 2611 1318 τοῦ
2660 1265 2871 1335 Πατρὺς
2922 1262 3000 1334 τῷ
3033 1262 3253 1336 Χριστῷ
3284 1263 3377 1316 ἐπὶ
3405 1264 3496 1316 τὸν
3542 1265 3809 1337 ἁγνισμὸν

2236 1359 2422 1426 ἥκοντι
2455 1356 2546 1409 τοῦ
2597 1355 2793 1419 ὓδατος
2822 1354 2932 1425 (20)
2979 1357 3035 1407 ἐν
3076 1355 3154 1426 τῷ
3202 1355 3470 1428 Ἰορδάνῃ*
3515 1359 3647 1423 Υἱός
3682 1375 3810 1426 μου

2234 1444 2294 1502 εἴ
2323 1446 2434 1501 σὺ’
2470 1445 2586 1517 ἐγὼ
2621 1445 2886 1516 σήμερον
2917 1443 3245 1514 γεγέννηκά
3273 1461 3364 1499 σε.
3384 1447 3811 1520 Παρατηρητέον

2233 1541 2362 1611 γὰρ,
2389 1540 2467 1594 ὃτι
2492 1540 2550 1593 τὸ
2583 1539 2680 1609 μὲν
2709 1539 2836 1591 Υίὸν
2864 1537 3026 1592 αὑτοῦ
3049 1533 3187 1591 εἶναι
3210 1537 3473 1609 ἀορίστως
3493 1541 3811 1610 ἀπεφήνατο

2235 1634 2328 1686 καὶ
2358 1633 2628 1704 ἁχρόνωςο
2659 1631 2731 1684 El
2777 1631 2886 1702 γὰρ
2939 1630 3086 1702 αύτῴ
3132 1630 3255 1701 ἔφη,
3297 1630 3391 1684 καὶ
3427 1632 3498 1699 ,ού
3534 1632 3804 1702 Γέγοναςο

568 1722 742 1789 fuisti,
779 1733 871 1779 aut
901 1725 1073 1780 factus
1097 1742 1185 1792 es;
1243 1723 1586 1795 signiﬁcans,
1643 1739 1741 1778 nec
1784 1738 1908 1778 cum
1942 1738 2126 1778 recens

2237 1724 2514 1796 ἐμφαίνων
2579 1724 2714 1794 μήτε
2772 1723 3080 1794 πρόσφατον
3138 1723 3298 1778 αὑτὸν
3355 1725 3633 1794 τετυχέναι
3701 1728 3808 1798 τῆς

565 1825 731 1881 esset,
780 1817 835 1870 in
887 1815 1224 1886 adoptionem
1276 1830 1400 1869 eum
1448 1813 1569 1868 Filii
1627 1814 1845 1868 venisse
1895 1832 1909 1868 :
1963 1827 2138 1882 neque

565 1924 762 1965 rursus
794 1923 916 1963 cum
947 1915 1072 1962 ante
1093 1907 1415 1970 exstitisset,
1449 1906 1793 1977 postmodum
1833 1905 1993 1960 ﬁnem
2042 1920 2135 1959 ac-

564 2003 775 2074 cepisse
807 2021 820 2056 :
853 2001 945 2057 sed
976 2002 1068 2073 qui
1112 2008 1236 2055 ante
1266 2001 1481 2072 genitus
1512 2002 1600 2062 sit,
1658 2000 1905 2057 eumdem
1933 2006 1988 2055 et
2022 1998 2137 2054 fore

561 2104 616 2150 et
643 2111 782 2151 esse.
810 2093 961 2161 Quod
985 2109 1111 2148 vero
1137 2094 1306 2158 addit,
1336 2093 1445 2164 Ego
1467 2093 1618 2148 hodie
1637 2094 1789 2164 genui
1811 2103 1875 2157 te,
1897 2093 1999 2147 boc
2029 2091 2134 2147 sibi

562 2186 716 2243 vult:
750 2185 852 2251 Qui
883 2193 1009 2240 ante
1041 2185 1240 2242 smcula
1300 2184 1517 2254 illisque
1572 2183 1848 2253 antiquior
1890 2181 1943 2236 in
1979 2179 2134 2235 caelis

561 2297 704 2344 eras,
738 2283 883 2337 volui
916 2289 971 2336 et
1019 2279 1222 2334 mundo
1267 2278 1658 2350 gignerezhoc
1703 2285 1808 2340 est,
1865 2277 1958 2347 qui
2007 2281 2132 2330 ante

562 2374 780 2443 ignotus
819 2387 976 2435 eras,
1027 2372 1084 2426 in
1122 2371 1400 2426 hominum
1443 2370 1809 2440 cognitionem
1862 2369 2131 2424 adducere

562 2474 724 2536 teque
750 2466 856 2520 illis
883 2464 1251 2520 manifestare.
1294 2462 1537 2536 Denique
1591 2463 1790 2534 quibus
1819 2462 2130 2517 hominibus

562 2559 789 2613 necdum
836 2573 1032 2614 sensus
1080 2557 1262 2613 illatus
1303 2565 1387 2613 est
1440 2555 1792 2611 multiformis
1851 2553 2127 2624 sapientiae

559 2648 677 2711 Dei,
709 2651 775 2705 iis
803 2650 1034 2705 necdum
1058 2650 1309 2706 Christus
1338 2657 1501 2704 natus
1525 2654 1630 2712 est,
1648 2647 1889 2702 nondum
1918 2645 2126 2702 scilicet

559 2747 810 2817 cognitus
837 2753 941 2807 cst,
974 2746 1210 2799 nondum
1248 2743 1650 2805 manifestatus,
1681 2741 1923 2797 nondum
1959 2756 2126 2811 appa-

559 2837 690 2891 ruit.
717 2835 772 2890 Si
810 2853 940 2891 vero
969 2837 1238 2892 senserint
1269 2844 1324 2890 et
1376 2837 1478 2906 ipsi
1536 2835 1851 2906 mysterium
1900 2835 2119 2904 gratiae,

558 2937 690 2983 tunc
717 2938 768 2984 et
797 2929 922 2993 illis,
943 2945 1066 2983 cum
1098 2926 1556 2982 fuerintconversi
1579 2925 1844 2995 ﬁdemque
1875 2939 2123 2996 suscepe-

557 3024 686 3085 rint,
734 3036 838 3090 qua
871 3021 1096 3076 scientia
1121 3035 1186 3074 ac
1228 3018 1578 3088 intelligentia
1606 3015 1900 3080 donantur,
1933 3015 2118 3070 nasci-

557 3122 664 3168 tur.
695 3084 872 3180 Quare
902 3113 1028 3166 hinc
1058 3084 1440 3167 convenienter
1470 3107 1732 3173 Ecclesia,
1777 3107 1834 3162 in
1870 3106 1977 3161 illis
2021 3106 2115 3176 qui
2146 3084 2186 3140 c

556 3208 855 3262 lustrantur
885 3205 994 3277 (qui
1019 3205 1214 3260 scilicet
1251 3204 1508 3273 baptismo
1559 3203 1851 3272 tinguntur)
1873 3199 2112 3258 Verbum

553 3300 851 3353 masculum
882 3313 1096 3368 semper
1137 3298 1374 3353 formare
1402 3312 1465 3351 ac
1494 3297 1715 3368 gignere
1765 3295 1986 3351 dicitur.
2047 3291 2114 3347 Et

551 3393 766 3461 quidem
800 3393 1062 3447 hactenus
1094 3392 1160 3447 de
1215 3393 1360 3446 illius
1398 3399 1556 3462 partu
1597 3406 1697 3461 pro
1733 3389 1991 3444 facultate
2031 3386 2116 3440 di-

551 3493 697 3539 ctum
723 3485 814 3538 sit.
864 3483 1125 3556 Deinceps
1172 3485 1237 3540 de
1270 3486 1524 3550 dracone,
1557 3483 1732 3556 deque
1763 3484 1887 3540 aliis
1933 3483 1990 3538 in
2022 3482 2114 3536 illa

554 3574 833 3642 Scriptura
885 3577 1215 3641 memoratis,
1265 3577 1397 3632 ﬁdes
1449 3577 1729 3632 liberanda
1791 3583 1894 3632 est.
1935 3574 2113 3642 Quare

552 3665 747 3719 iterum
797 3681 1055 3720 conemur
1109 3683 1213 3731 ea,
1271 3685 1304 3724 ο
1357 3671 1632 3740 virgines,
1702 3671 1895 3742 quovis
1952 3667 2111 3724 modo

549 3768 838 3823 exponere,
871 3755 1004 3808 nihil
1036 3756 1380 3825 aenigmatum
1411 3759 1781 3829 magnitudine
1803 3767 1896 3814 aut
1916 3758 2111 3815 obscu-

2238 1816 2526 1881 υἱοθεσίας,
2557 1816 2692 1887 μήτε
2719 1811 2784 1869 αὖ
2818 1815 3257 1888 προῦπάρξαντα,
3291 1817 3425 1887 μετὰ
3455 1817 3627 1871 ταῦτα
3649 1819 3809 1884 τέλος

2235 1907 2554 1978 ἐσχηκέναι·
2612 1907 2749 1960 ἀλλὰ
2799 1906 3228 1980 προγεννηθέντα
3251 1946 3264 1970 ,
3317 1906 3411 1961 καὶ
3443 1907 3660 1961 ἔσεσθαι
3706 1912 3809 1963 καὶ

2234 1996 2371 2053 εἶναι
2401 1999 2491 2053 τὸν
2525 1999 2705 2053 αὐτόν.
2739 1999 2811 2053 Τὸ
2857 2000 2934 2062 δὲ,
2974 2000 3120 2069 Ἐγὼ
3161 1999 3428 2070 σήμερον
3472 2001 3809 2072 γεγέννηκά

2232 2106 2326 2154 σε,
2357 2090 2437 2143 ὅτι
2471 2090 2712 2162 Προόντα
2744 2090 2842 2162 ἤδη
2873 2090 2976 2162 πρὸ
3005 2090 3115 2143 τῶν
3146 2089 3356 2145 αἰώνων
3394 2094 3450 2145 ἐν
3485 2096 3596 2156 τοῖς
3632 2095 3806 2164 ούρα-

2231 2185 2360 2247 νοῖς,
2395 2181 2689 2253 ἐϐουλήθην
2721 2182 2816 2235 καὶ
2853 2181 2928 2252 τῷ
2964 2181 3152 2254 κόσμῳ
3186 2183 3466 2254 γεννῆσαιο
3495 2183 3524 2237 ὃ
3554 2184 3616 2256 δή
3655 2188 3801 2252 ἐστι,

2232 2272 2463 2345 πρόσθεν
2484 2273 2842 2344 ἀγνοούμενον
2867 2273 3149 2346 γνωρίσαι.
3188 2275 3402 2345 ’Δμέλει
3425 2279 3535 2339 τοῖς
3571 2276 3803 2346 μηδέπω

2228 2367 2336 2440 τῶν
2370 2366 2668 2437 ἀνθρώπων
2703 2365 3126 2438 συνῃσθημένοις
3153 2366 3251 2439 τὴν
3286 2366 3665 2421 πολυποίκιλον
3705 2385 3802 2421 σο-

2229 2461 2355 2530 φίαν
2397 2458 2492 2513 τοῦ
2520 2458 2655 2512 Θεοῦ
2682 2462 2710 2512 6
2747 2459 2976 2529 Χριστὸς
3016 2459 3226 2512 οὐδέπω
3257 2460 3609 2529 γεγέννηται·
3656 2462 3803 2534 ὅπερ

2227 2551 2372 2604 ἐστὶν
2393 2592 2407 2614 ,
2436 2550 2646 2604 οὐδέπω
2683 2549 2962 2620 ἐγνώσθη,
2994 2549 3202 2603 οὐδέπω
3239 2550 3656 2622 πεφανέρωται,
3697 2551 3798 2604 οὐ·

2225 2643 2371 2698 δέπω
2403 2643 2594 2714 ἐφάνη.
2626 2644 2687 2697 El
2719 2643 2775 2696 δὲ
2812 2642 3080 2697 αἴσθοιντο
3120 2643 3215 2696 καὶ
3255 2637 3397 2697 οὗτοι
3443 2643 3541 2714 τῆς
3571 2643 3801 2715 χάριτος

2223 2737 2283 2790 τὺ
2319 2737 2613 2809 μυστήριον
2635 2775 2650 2800 ,
2682 2735 2801 2788 τότε
2853 2733 2916 2805 δὴ
2955 2735 3050 2788 καὶ
3095 2734 3304 2797 αὐτοῖς,
3333 2734 3492 2787 ὁπότε
3535 2734 3803 2805 ἐπέστρε-

2221 2827 2328 2898 ψαν
2359 2829 2452 2882 καὶ
2486 2829 2827 2891 ἐπίστευσαν,
2862 2825 3002 2879 κατὰ
3034 2825 3131 2897 τὴν
3165 2825 3364 2895 γνῶσιν
3397 2827 3491 2879 καὶ
3521 2825 3618 2898 τὴν
3665 2826 3800 2880 σύν-

2221 2937 2335 2974 εσιν
2356 2922 2626 2989 γεννᾶται.
2653 2919 2745 2972 Διὸ
2783 2917 3165 2992 προσηκόντως
3198 2916 3445 2972 ἐντεῦθεν
3479 2920 3511 2989 ἡ
3555 2918 3793 2990 Ἐκκλη-

2223 3015 2313 3069 σία
2335 3014 2425 3067 τὸν
2447 3013 2648 3084 ἄρσενα
2676 3013 2844 3082 Λόγον
2878 3014 2934 3066 ἐν
2978 3013 3090 3074 τοῖς
3126 3009 3498 3082 ἁγνιζομένοις
3523 3012 3611 3065 ἀεὶ
3651 3030 3795 3084 μορ-

2221 3107 2353 3178 φοῦν
2393 3106 2606 3176 λέγεται
2652 3107 2745 3160 καὶ
2789 3105 3003 3176 γεννᾷν.
3037 3104 3146 3157 Καὶ
3184 3103 3253 3157 τὰ
3283 3104 3388 3175 μὲν
3419 3104 3484 3174 δὴ
3518 3105 3645 3177 περὶ
3676 3105 3796 3159 τῶν

2220 3199 2420 3254 ὠδίνων
2463 3199 2629 3271 αὐτῆς
2675 3201 2753 3262 είς
2780 3198 3006 3270 δύναμιν
3037 3199 3281 3271 εἴρηταιο
3322 3199 3391 3252 τὰ
3431 3199 3487 3253 δέ
3518 3199 3644 3272 περὶ
3689 3199 3791 3254 τοῦ

2219 3292 2508 3363 δράκοντος
2540 3289 2632 3343 καὶ
2664 3288 2771 3343 τῶν
2793 3289 2966 3343 ἄλλων
2996 3288 3121 3360 τῇδε
3159 3287 3536 3360 μεταϐλητέον.
3575 3289 3797 3345 Οὐκοῦν

2221 3381 2538 3456 πειρώμεθα
2565 3381 2723 3435 πάλιν
2754 3380 2926 3444 ἄλλως
2957 3381 3020 3450 γέ
3049 3399 3165 3445 πως
3187 3381 3398 3453 δηλοῦν,
3419 3377 3464 3435 ὦ
3502 3382 3793 3455 παρθένοι,

2222 3476 2387 3548 μηδὲν
2427 3474 2805 3529 ἀποδειλιῶσαι
2837 3474 2972 3544 πρὸς
3007 3474 3068 3526 τὸ
3119 3474 3345 3545 μέγεθος
3381 3475 3488 3529 τῶν
3528 3478 3796 3548 αἰνιγμά-

2217 3587 2325 3624 των
2356 3567 2458 3640 τῆς
2503 3568 2759 3640 Γραφῆςο
2795 3569 2843 3620 εί
2873 3567 2931 3620 δέ
2983 3584 3037 3620 τι
3075 3566 3330 3621 δύσκολον
3371 3569 3632 3640 ἐμπίπτει
3669 3574 3795 3636 τοῖς

2215 3662 2394 3731 λόγοις
2419 3703 2433 3726 ,
2491 3660 2600 3731 ἐγὼ
2653 3660 2812 3715 πάλιν
2860 3661 3002 3732 ὑμᾶς
3065 3659 3250 3733 ὥσπερ
3309 3664 3554 3735 ποταμὸν
3608 3663 3792 3719 διασι-

2219 3756 2391 3810 ὁὰσω.

551 3848 709 3901 ritate
761 3848 1050 3904 deterritas.
1102 3849 1257 3915 Quod
1312 3851 1359 3906 si
1403 3852 1534 3921 quid
1587 3854 1901 3923 perplexum
1948 3860 2041 3907 aut
2088 3848 2310 3905 difﬁcile
2370 3848 2664 3914 inciderit,
2716 3862 2818 3920 ego
2860 3863 3079 3906 rursum
3133 3850 3314 3907 vobis
3341 3852 3498 3922 quasi
3555 3858 3788 3922 pontem

549 3950 810 4007 sternam,
865 3951 958 3998 aut
1003 3945 1281 4016 portitoris
1327 3947 1483 4016 quasi
1537 3947 1714 4002 ofﬁcio
1746 3959 1896 4004 trans
1927 3962 2139 4002 amnem
2169 3945 2388 4000 veham‘.

548 4061 678 4116 CAP.
718 4059 782 4117 X.
817 4061 1013 4127 Draco,
1040 4060 1302 4119 diabolus.
1330 4061 1532 4129 Stellae,
1563 4062 1811 4118 draconis
1841 4065 2012 4118 cauda
2033 4065 2160 4119 caelo
2200 4079 2457 4121 excussae.
2488 4061 2742 4118 hazretici.
2777 4060 3056 4118 Trinitatis
3085 4042 3308 4128 numeri,
3335 4062 3391 4118 id
3425 4073 3502 4118 est
3536 4077 3784 4132 persona:

1055 4149 1062 4158 ’
1705 4144 1992 4190 numerata:
2013 4152 2032 4191 :
2061 4137 2204 4189 circa
2231 4151 2342 4198 eas,
2373 4149 2593 4188 errores.

619 4248 793 4304 Draco
826 4250 936 4317 ille,
971 4267 1220 4323 magnus,
1251 4253 1427 4318 rufus,
1460 4262 1734 4318 versutus,
1783 4254 2102 4320 multiﬁdus,

546 4344 833 4415 septiceps,
861 4346 1132 4416 corniger,
1164 4347 1378 4403 tertiam
1411 4347 1634 4404 trahens
1671 4347 1948 4403 stellarum
1982 4363 2109 4419 par-

545 4448 677 4503 ιθιιι,
707 4439 762 4490 in
784 4437 999 4494 insidiis
1027 4439 1246 4495 latitans
1284 4447 1344 4494 ut
1373 4440 1616 4496 mulieris
1645 4440 1996 4511 parturientis
2038 4440 2102 4496 ﬁ-

610 4592 660 4624 ⁵⁸
693 4591 846 4647 Psal.
874 4609 934 4659 ιι,
963 4594 1050 4652 17.

2287 4253 2347 4306 Ὃ
2378 4251 2611 4323 δράκων,
2655 4254 2683 4306 6
2723 4253 2929 4325 μέγας,
2961 4254 2990 4306 6
3027 4254 3260 4327 πυρρὸς,
3293 4255 3323 4306 6
3355 4251 3710 4324 πολύτροπος,
3743 4253 3784 4305 6

2207 4344 2555 4415 πολυσχιδὴς,
2592 4344 2621 4396 6
2654 4345 3046 4416 έπτακέφαλος,
3075 4348 3103 4400 6
3144 4345 3498 4419 κερασφόρος,
3534 4346 3562 4397 ό
3589 4342 3782 4415 σύρων

2206 4441 2269 4495 τὸ
2298 4440 2477 4513 τρίτον
2503 4437 2625 4494 τῶν
2649 4439 2915 4512 ἀστέρων,
2953 4440 3012 4503 ὃς
3039 4441 3185 4493 ἐστιν
3216 4438 3536 4510 ἐφεδρεύων,
3583 4436 3668 4492 ἵνα
3707 4434 3783 4492 τὸ

614 4745 862 4836 (20)
884 4748 990 4833 τὸν
1007 4749 1302 4836 ἀχνςᾳμςξν
1316 4749 1416 4836 τοῦ
1439 4749 1855 4836 ὕδατοςεᾱοιὶςιι
1879 4752 2097 4836 σφάλμα
2132 4758 2170 4810 D
2202 4761 2348 4836 runt.
2407 4752 2590 4836 Joanz
2627 4771 2708 4836 ιιι,
2759 4754 2948 4836 ἐὰν-μή
2995 4770 3078 4817 τις
3113 4753 3344 4836 γεννηθῇ
3392 4750 3626 4836 ᾅνωθε¹ν;
3670 4753 3776 4836 alii

544 4817 647 4892 hoc
682 4819 1010 4892 μνημονικόν
1037 4817 1306 4875 Methbdio
1343 4822 1494 4888 dare,
1528 4822 1684 4891 quasi
1711 4822 1875 4876 verba
1899 4817 2035 4892 psal:
2061 4839 2094 4875 ιι

542 4887 657 4956 ipsa
688 4887 1003 4957 evangelica
1059 4892 1484 4959 putaveritzsed
1537 4887 1715 4945 malim
1767 4892 1866 4946 sibi
1899 4887 2100 4947 'indul-

543 4960 703 5022 sisse,
730 4966 788 5012 ut
844 4961 1159 5030 prophetica
1196 4961 1382 5024 verba,
1413 4962 1480 5016 de
1502 4962 1720 5016 Christo
1749 4964 1830 5017 sic
1851 4965 2006 5030 quasi
2031 4979 2092 5017 ex

541 5042 681 5100 aqua
712 5039 988 5090 nascente.
1023 5040 1337 5100 exponeret,
1367 5032 1638 5100 quomodo
1667 5033 1827 5087 etiam
1857 5034 2098 5089 Ecclesia

541 5098 595 5150 in
626 5099 743 5165 ejus
796 5101 960 5154 natali
1006 5116 1066 5154 ea
1094 5098 1342 5169 usurpat,
1388 5098 1531 5156 velut
1575 5103 1642 5158 de
1681 5119 1746 5158 eo
1783 5105 1924 5160 dicta
1965 5108 2094 5169 sint,

538 5178 902 5244 aeternamque
924 5172 1042 5240 ejus
1057 5172 1389 5244 nativitatem
1411 5181 1464 5244 et
1481 5175 1852 5243 temporalem,
1875 5185 2097 5244 paterno

537 5240 692 5316 quasi
709 5242 1171 5316 oraculo_sonent.
1210 5243 1302 5305 Τὸ,
1334 5242 1536 5316 ἄνωθεν
1582 5240 2088 5316 γρησμῳδοῦμενον,

538 5310 680 5387 quod
714 5309 888 5387 reddit
909 5310 1222 5387 _Possinius,
1259 5314 1531 5387 oraculum
1565 5309 1857 5385 antiquum,
1898 5309 2086 5387 parum

538 5379 677 5454 mihi
718 5381 1156 5454 ecclesiasticum
1210 5386 1424 5440 videtur
1482 5379 1915 5454 etiappositumf
1953 5385 2087 5439 Nam

537 5449 677 5518 quod
707 5451 906 5521 ἄνωθεν
934 5452 1070 5507 dixit
1098 5454 1416 5516 Methodius,
1441 5455 1491 5509 id
1515 5449 1701 5511 Matth.
1728 5457 2019 5521 m,etMar.
2047 5472 2085 5516 ι.

614 5519 874 5602 οὐρανῶν,
911 5521 1056 5602 _Luc.
1112 5540 1197 5602 tu,
1229 5527 1286 5593 ἐξ
1321 5525 1571 5602 ούρανοῦ,
1598 5543 1625 5580 e
1652 5519 1814 5592 caelis,
1849 5527 1912 5582 de
1937 5528 2084 5591 cazlo,

536 5592 807 5653 dixerunt,
836 5592 1064 5667 indeque
1106 5592 1403 5666 delapsam'
1442 5597 1658 5652 Christo
1686 5607 1961 5667 paternam
1992 5614 2089 5653 vo-

535 5675 650 5741 cent
674 5671 776 5741 ςιιι
805 5665 882 5741 sit
918 5665 1243 5741 adverbium
1267 5668 1388 5741 loci.
1433 5682 1538 5721 non
1563 5665 1842 5741 temporis,
1874 5685 1938 5724 ac
1967 5669 2092 5723 ἀντὶ

524 5733 971 5806 λοοῠ,οὑρανόθεν,
998 5746 1057 5791 ιιι
1097 5738 1184 5794 hic
1227 5739 1478 5804 sumitur,
1503 5737 1645 5808 quod
1675 5733 1726 5793 et
1749 5740 1836 5797 alii
1867 5747 2088 5796 notave-

2198 4825 2386 4885 denuo,
2409 4825 2522 4887 alii,
2565 4823 2702 4879 forte
2747 4821 2963 4886 melius,
2999 4842 3027 4879 e
3079 4821 3342 4892 supernis,
3383 4825 3496 4878 sive
3538 4821 3600 4874 de
3631 4825 3776 4878 caelo

2198 4895 2453 4964 (superna
2484 4894 2692 4950 scilicet
2723 4902 2777 4948 et
2805 4910 2867 4949 ex
2893 4896 3077 4949 divino
3099 4894 3303 4949 semine
3331 4892 3630 4962 nativitatc)
3663 4908 3774 4948 ex-

2198 4972 2497 5034 posuerunt
2533 4981 2545 5015 :
2574 4966 2662 5020 ubi
2719 4974 2896 5020 tamen
2960 4967 3098 5019 ratio
3144 4964 3322 5033 aliqua
3357 4965 3554 5034 estsic
3586 4979 3769 5034 expo-

2197 5033 2380 5096 nendi,
2415 5035 2468 5088 id
2522 5044 2606 5090 est
2651 5035 2840 5094 denuo,
2892 5036 3034 5104 quod
3083 5036 3157 5090 ita
3215 5050 3400 5090 crasse
3432 5033 3772 5092 Nicodemus

2198 5105 2472 5160 Dominica
2527 5107 2690 5161 verba
2752 5106 3094 5176 intellexerit,
3143 5119 3207 5159 ac
3246 5105 3402 5176 quasi
3445 5119 3636 5160 novam
3690 5121 3774 5163 ex

2197 5186 2351 5231 utero
2383 5177 2530 5231 senis
2583 5176 2819 5230 hominis
2861 5175 3196 5232 nativitatem
3248 5175 3472 5237 diceret,
3505 5191 3611 5230 non
3635 5189 3774 5244 quae

2195 5261 2258 5300 ex
2294 5245 2403 5301 Deo
2441 5255 2585 5302 esset
2635 5262 2698 5299 ac
2745 5247 3036 5316 spiritalis;
3073 5246 3214 5317 quod
3249 5250 3327 5302 sic
3365 5247 3619 5301 adverbio
3650 5251 3770 5307 loci

2198 5332 2294 5386 pro
2311 5323 2496 5371 nostra
2536 5317 3085 5388 ruditatetpraeeunte
3105 5317 3290 5388 divino
3323 5320 3564 5383 oraculo,
3591 5323 3774 5388 expli-

2194 5401 2320 5442 care
2347 5388 2611 5458 cogimur.
2641 5387 2749 5442 Nec
2777 5386 3014 5443 Joannes
3035 5386 3182 5443 aliud
3207 5389 3434 5443 voluerit
3463 5386 3766 5448 Dominum

2193 5459 2398 5514 dixisse
2425 5457 2545 5514 eam
2591 5458 2927 5529 nativitatem
2955 5474 3116 5529 quam
3144 5457 3288 5528 quod
3321 5460 3436 5529 ipse
3464 5475 3580 5514 eam
3615 5459 3769 5518 dixit

2193 5545 2313 5599 cap.
2339 5545 2375 5596 ι,
2410 5531 2474 5583 ἐκ
2495 5530 2587 5583 τοῦ
2612 5529 2766 5591 Θεοῦ,
2791 5543 2854 5600 ex
2882 5528 3030 5591 Deo;
3063 5545 3183 5600 quae
3213 5528 3597 5600 ipsa’secunda
3630 5535 3767 5600 qui.

2194 5601 2316 5655 dem
2346 5608 2500 5655 estet
2528 5615 2692 5659 nova;
2723 5599 2817 5670 sed
2850 5615 2912 5653 ea
2949 5599 3102 5670 voce,
3138 5616 3244 5655 non
3276 5599 3329 5654 id
3357 5601 3531 5668 primo
3560 5599 3745 5670 impar

2197 5679 2312 5724 tare
2339 5670 2570 5733 videtur,
2595 5669 2739 5741 qu_od
2763 5669 2998 5726 secunda
3022 5677 3076 5725 et
3097 5685 3233 5726 nova
3257 5680 3362 5735 est,
3386 5669 3651 5741 sedquod
3675 5685 3731 5726 ta

2199 5743 2264 5797 lis
2288 5741 2512 5813 originis
2537 5739 2625 5813 (ex
2646 5739 2754 5797 Deo
2780 5741 2988 5798 scilicet
3012 5749 3064 5797 et
3085 5755 3114 5798 e
3136 5742 3310 5814 caelis)
3333 5749 3435 5798 est.
3459 5739 3737 5800 conserte
