4052 6338
257 311 360 366 153

1318 319 1699 377 CONVIVIUM
1739 316 1967 374 DECEM
2006 316 2363 375 VIRGINUM.

3389 319 3493 377 154

255 428 445 481 τέκνον
478 430 572 499 τῆς
601 429 898 500 ὡδινούσης
923 434 1175 501 γυναικὸς
1200 436 1512 511 καταφάγῃ,
1543 439 1572 491 ό
1594 435 1809 490 διάϐολο

1935 434 2063 489 lium
2094 435 2332 499 devoret,
2362 432 2613 487 diabolus
2652 430 2742 487 hic
2794 438 2899 495 est,
2948 432 3005 486 in
3054 432 3157 487 hoc
3190 432 3402 488 locatus
3434 449 3497 492 ac

254 518 410 585 οὗτός
452 525 597 575 ἐστιν
637 524 667 575 ό
708 523 1020 595 ἐνεδρεύων,
1055 527 1082 579 ὁ
1119 526 1290 597 λοχῶν
1330 528 1669 599 λυμήνασθαι
1715 526 1824 580 τῶν

257 613 633 685 φωτισθέντων
676 613 765 666 τὸν
796 616 1188 686 χριστόληπτον
1219 617 1361 683 νοῦν,
1399 621 1493 673 καὶ
1528 620 1626 690 τὴν
1661 618 1822 672 ἐκτύ-

258 720 428 760 πῶσιν
454 707 546 758 καὶ
582 707 853 777 τράνωσιν
884 709 982 779 τὴν
1010 712 1067 763 ὲν
1108 710 1289 774 αὐτοῖς
1316 710 1701 781 άππεχθείσαν
1728 709 1821 764 τοῦ

257 799 425 867 Λόγου
449 814 463 828 ο
492 798 609 851 ἀλλ’
637 800 856 869 ἀστοχεῖ
884 802 975 854 καὶ
1018 802 1311 871 σφάλλεται
1354 804 1452 874 τῆς
1480 804 1676 875 ἄγρας,
1711 803 1823 857 ἄνω

259 890 389 961 πρὸς
439 888 572 959 ὕψος
612 890 1008 962 ἁρπαζομένων
1038 894 1145 946 τῶν
1186 894 1637 965 ἀναγεννωμένων
1687 894 1823 967 πρὸς

258 984 342 1035 τδν
377 983 564 1054 θρόνον
614 983 709 1036 τοῦ
752 984 907 1037 Θεοῦ.
958 988 1021 1037 "0
1065 984 1126 1056 δή
1160 988 1337 1052 ἐστιν,
1390 987 1503 1040 ἀνω
1548 988 1673 1059 περὶ
1722 986 1822 1059 τὴν

262 1072 403 1126 θείαν
448 1074 639 1144 ἕδραν,
680 1076 773 1129 καὶ
807 1078 905 1147 τὴν
950 1078 1367 1132 ἀσκανδάλιστον
1413 1078 1674 1133 ὑπόϐασιν
1723 1080 1822 1151 τῆς

265 1166 527 1237 ἀληθείας,
552 1168 769 1239 αἴρεται
798 1168 861 1222 τὸ
886 1171 1138 1241 φρόνημα
1167 1173 1271 1225 τῶν
1309 1173 1817 1238 ἀγακαινισθέντων,

268 1256 329 1307 τὰ
350 1259 455 1307 ἐκεῖ
486 1256 707 1325 βλέπειν
741 1261 836 1312 καὶ
873 1260 941 1312 τὰ
973 1262 1086 1313 ἐκεῖ
1132 1262 1497 1330 φαντάζεσθαι
1544 1264 1817 1332 παιδαγω-

270 1349 548 1419 γουμένων,
581 1351 670 1404 ἵνα
700 1352 777 1422 μὴ
798 1353 1049 1425 άπατηθῇ
1074 1355 1208 1425 πρὸς
1243 1355 1334 1407 τοῦ
1376 1356 1665 1427 δράκοντος
1706 1357 1816 1429 βρί-

273 1444 433 1506 θοντος
460 1445 628 1499 κάτω.
668 1446 740 1498 Οὐ
769 1445 878 1519 γὰρ
910 1447 1055 1517 αὐτῷ
1083 1448 1240 1519 θέμις
1270 1451 1397 1513 τοὺς
1426 1450 1537 1503 ἄνω
1568 1451 1817 1515 νεύοντας

274 1538 355 1589 καὶ
379 1538 670 1607 βλέποντας
692 1540 971 1609 ἀφανίσαι.
1000 1543 1060 1595 UE
1094 1542 1148 1594 δὲ
1175 1542 1401 1615 ἀστέρες
1431 1543 1588 1606 εἰσὶν,
1619 1543 1711 1607 οὓς
1742 1546 1817 1615 τῷ

274 1630 358 1699 τῆς
380 1630 541 1701 οὐρᾶς
563 1631 719 1701 ἄκρῳ
751 1633 889 1686 κατὰ
932 1634 1171 1705 κορυφῆς
1202 1636 1573 1705 ἐφαπτόμενος
1616 1638 1693 1700 εὶς
1720 1637 1817 1707 τὴν

270 1726 359 1795 γῆν
388 1727 657 1795 κατασπᾷ,
691 1726 801 1779 τῶν
828 1727 1088 1796 αἱρέσεων
1108 1730 1163 1779 αἱ
1205 1727 1524 1798 συστροφαί.
1561 1726 1816 1798 Ἀστέρας

1931 527 2193 591 insidens,
2224 535 2282 580 ut
2308 540 2495 580 eorum
2520 524 2613 596 qui
2648 524 2939 579 illuminati
2992 533 3121 580 sunt
3148 525 3367 581 Christo
3410 527 3515 605 af-l

1929 621 2109 675 natam
2136 621 2379 676 destruat
2408 627 2675 685 mentem,
2724 617 2995 686 Verbique
3043 618 3099 671 in
3147 618 3229 672 eis
3276 628 3516 706 enatam.

1930 712 2159 767 formam
2217 726 2281 765 ac
2329 710 2555 781 efﬁgiem
2607 709 2925 779 lucidosque
2972 707 3092 777 ejus
3151 708 3523 781 characteres,

1929 805 2161 859 aboleat.
2188 801 2386 858 Verum
2416 802 2621 859 frustra
2674 812 2775 868 est,
2817 800 3116 872 praedaeque
3164 802 3238 854 illi
3268 812 3497 860 conatus

1928 896 1982 949 in
2027 911 2242 951 cassum
2283 896 2501 959 cedunt,
2567 895 2711 964 quod
2750 894 2801 947 hi
2850 893 2943 962 qui
3002 903 3404 963 regenerantur,
3436 895 3494 950 in

1928 986 2156 1041 sublime
2184 987 2466 1055 rapiuntur
2487 985 2553 1040 ad
2592 984 2683 1039 Dei
2721 984 2993 1038 thronum.
3029 983 3141 1038 lloc
3168 992 3271 1051 est,
3305 1000 3494 1040 eorum

1926 1095 2080 1135 mens
2108 1089 2163 1134 et
2191 1080 2447 1149 cogitatio
2494 1079 2587 1149 qui
2640 1078 2882 1133 renovati
2946 1085 3112 1143 sunt,
3143 1079 3495 1149 cmlestiaque

1926 1172 2108 1227 animo
2132 1170 2425 1225 informare
2450 1171 2703 1233 instituti,
2736 1171 2841 1225 alte
2873 1170 3079 1225 circum
3137 1170 3372 1225 divinam
3406 1188 3495 1227 se-

1925 1264 2046 1318 dem
2081 1279 2145 1318 ac
2176 1264 2495 1319 inoffensam
2525 1264 2769 1318 veritatis
2816 1263 3022 1327 basim,
3085 1263 3369 1327 attollitur,
3422 1279 3493 1319 ne

1924 1356 2179 1411 draconis
2206 1356 2258 1409 in
2295 1366 2493 1409 terram
2528 1356 2802 1426 gravantis
2844 1370 2908 1410 ac
2968 1356 3261 1411 detinentis
3304 1355 3493 1412 fraude

1924 1446 2156 1518 doloque
2181 1449 2539 1518 decipiantur.
2568 1447 2683 1502 Non
2712 1447 2857 1503 enim
2908 1446 2991 1503 fas
3022 1448 3097 1501 illi
3134 1456 3216 1502 est
3268 1455 3324 1501 ut
3369 1448 3493 1504 illos

1923 1542 2135 1612 perdat,
2160 1542 2250 1611 qui
2287 1542 2510 1596 intentis
2541 1555 2758 1596 sursum
2789 1538 2985 1592 animis
3008 1538 3074 1592 ad
3104 1538 3345 1593 caalestia
3374 1537 3491 1592 eni-

1925 1644 2133 1690 tuntur.
2161 1634 2340 1689 Stellae
2374 1652 2524 1699 vero,
2548 1649 2684 1704 quas
2714 1646 2924 1687 sumina
2971 1630 3143 1685 cauda
3169 1631 3332 1686 draco
3358 1647 3492 1688 con-

1925 1726 2158 1796 tingens,
2213 1728 2267 1779 in
2315 1734 2515 1780 terram
2564 1723 2866 1795 praecipites
2908 1722 3166 1785 detrahit,
3222 1724 3491 1778 hatresum

268 1817 362 1887 γαρ
392 1820 717 1880 σκοτεινοὺς,
753 1819 1026 1889 ἀμυδροὺς
1072 1820 1166 1872 καὶ
1194 1821 1686 1890 ταπεινοστρεφεῖς,
1721 1819 1809 1881 τὰς

1920 1833 2187 1887 perversa:
2249 1828 2409 1872 sectae
2462 1824 2610 1872 sunt.
2670 1814 2866 1870 Stellas
2917 1823 3094 1868 autem
3147 1815 3487 1881 tenebrosas,

269 1909 586 1973 ἑπιτυνόδους
622 1909 732 1963 τῶν
770 1910 1088 1981 ἑτεροδόξων
1127 1906 1264 1965 εἶναι
1298 1910 1595 1982 φραστέον·
1630 1910 1817 1981 ἐπειδὴ

268 2002 362 2055 τῶν
407 2003 670 2073 οὐρανίων
713 2006 1070 2075 ἐπιστήμονες
1119 1999 1257 2058 εἶναι
1299 2006 1363 2077 δὴ
1406 2004 1681 2075 βούλονται
1724 2005 1817 2058 καὶ

265 2094 420 2155 αὐτοὶ,
448 2096 539 2147 καὶ
570 2096 653 2159 εἰς
677 2095 911 2165 Χριστὸν
945 2097 1383 2164 πεπιστευκέναι,
1414 2099 1508 2150 καὶ
1536 2097 1633 2169 τὴν
1655 2097 1817 2169 ἕδραν

266 2184 391 2254 ελειν
432 2188 529 2257 τῆς
560 2188 746 2258 ψυχῆς
778 2189 835 2243 ἐν
883 2192 994 2252 τοῖς
1046 2190 1326 2261 οὐρανοῖς,
1371 2190 1465 2244 καὶ
1500 2189 1816 2261 πλησιάζειν

260 2281 357 2339 τοῖς
381 2280 618 2349 ἄστροις,
651 2279 729 2343 ὡς
761 2279 940 2347 φωτὸς
980 2281 1165 2335 τέκνα.
1212 2281 1369 2335 Ἀλλά
1394 2282 1813 2354 κατασύρονται,

258 2369 337 2421 τοῦ
376 2370 670 2440 δράκοντος
728 2372 1098 2436 ἑκσεισθέντες
1134 2377 1251 2438 ταῖς
1302 2374 1554 2439 πλοκαῖς,
1604 2375 1685 2428 ὅτι
1739 2375 1813 2447 μὴ

253 2459 345 2513 τὼ
368 2462 649 2532 τριγώνων
669 2464 800 2516 εἵσω
821 2464 922 2533 τῆς
946 2465 1223 2530 εὐσεϐείας
1243 2466 1477 2527 ἔστησαν
1498 2467 1812 2537 σχημάτων,

256 2554 561 2615 πταίσαντες
612 2556 784 2627 αὐτῆς
832 2559 961 2629 περὶ
1009 2558 1106 2629 τὴν
1154 2558 1429 2630 ὀρθόδοξον
1483 2558 1808 2630 θρησκείαν’

248 2644 357 2697 ὅθεν
390 2648 479 2699 καὶ
516 2649 703 2718 τρίτον
736 2650 841 2702 τῶν
874 2652 1117 2722 ἀστέρων
1145 2650 1452 2722 ἐκλήθησαν
1490 2652 1672 2722 μέρος,
1703 2644 1812 2706 οἷον

250 2740 364 2810 περὶ
412 2741 507 2791 ἕνα
542 2740 654 2793 τῶν
694 2742 944 2813 ἀριθμῶν
987 2744 1085 2815 τῆς
1142 2742 1367 2813 Τριὰδος
1404 2742 1808 2814 διεσφαλμένοι,

241 2834 323 2884 ὁτὲ
364 2834 457 2901 μὲν
484 2834 577 2886 τὸν
631 2835 726 2888 τοῦ
763 2837 1009 2908 Πατρὸς,
1041 2837 1117 2901 ὼς
1170 2836 1484 2901 Σαϐέλλιος,
1516 2836 1675 2889 αὐτὸν
1719 2839 1810 2892 τὸν

243 2922 659 2997 Παντοκράτορα
682 2926 796 2996 (2|)
823 2927 980 2992 λέξας
1005 2928 1361 2982 πεπονθέναι·
1398 2929 1486 2982 ὁτὲ
1513 2929 1568 2983 δὲ
1599 2930 1690 2983 τὸν
1714 2931 1808 2984 τοῦ

241 3015 392 3075 Υἱοῡ,
420 3017 494 3081 ὡς
536 3019 833 3089 Ἀρτεμᾶς,
870 3020 963 3073 καὶ
992 3021 1041 3073 οἱ
1082 3020 1300 3093 δοκήσει
1332 3022 1492 3076 αὐτὸν
1525 3023 1808 3095 ἀποφηνά-

244 3125 399 3176 μενοι
430 3111 765 3178 πεφυκέναι·
810 3113 899 3166 ὁτὲ
940 3113 997 3166 δὲ
1044 3114 1172 3186 περὶ
1216 3114 1307 3168 τὸν
1336 3116 1429 3169 τοῦ
1469 3116 1805 3187 Πνεύματος,
1835 3154 1876 3211 C

238 3200 319 3263 ὡς
387 3201 690 3268 Ἑϐιοναῖοι,
747 3204 806 3268 ἐξ
862 3205 992 3269 ἰδίας
1025 3206 1287 3277 κινήσεως
1337 3210 1463 3272 τοὺς
1527 3210 1808 3280 προφήτας

235 3291 582 3363 λελαλήκέναι
644 3297 1090 3365 φιλονεικοῦντες.
1149 3300 1473 3373 Μαρκίωνος
1540 3300 1646 3372 γάρ
1712 3302 1805 3353 καὶ

236 3388 606 3456 Οὐαλεντίνου,
629 3394 726 3445 καὶ
746 3393 854 3446 τῶν
884 3411 949 3446 πε
959 3395 1011 3467 pi.
1031 3395 1120 3449 τὸν
1149 3395 1454 3451 Ἐλκεσαῖον
1478 3397 1570 3450 καὶ
1592 3396 1803 3461 ἄλλους,

237 3479 402 3532 καλὸν
430 3482 556 3551 μηδὲ
595 3485 985 3555 μνημονεῦσαι.

1917 1907 2201 1971 obscuras,
2250 1908 2305 1961 in
2340 1906 2563 1960 humilia
2599 1905 2858 1974 dejectas,
2906 1905 3279 1959 conventicula
3338 1904 3493 1959 hete-

1917 1996 2243 2051 rodoxorum
2276 2006 2419 2050 recte
2447 1995 2746 2049 dixerimus
2790 2014 2801 2048 :
2853 1996 3072 2065 quando
3122 2004 3176 2051 et
3224 1996 3327 2065 ipsi
3373 2010 3491 2050 cm-

1916 2088 2130 2143 lestium
2196 2102 2377 2143 rerum
2438 2086 2539 2142 sibi
2604 2088 2886 2141 scientiam
2943 2089 3247 2153 vindicant,
3314 2096 3368 2142 et
3432 2090 3490 2143 in

1914 2182 2191 2239 Christum
2226 2198 2284 2238 se
2318 2181 2620 2237 credidisse
2645 2184 2969 2253 gloriantur,
3003 2182 3402 2251 stationemque
3433 2182 3489 2235 in

1915 2274 2069 2329 caelis
2101 2274 2299 2328 habere
2342 2282 2505 2343 atque
2555 2273 2696 2327 inter
2748 2280 2897 2328 astra
2947 2274 3193 2337 versari,
3246 2282 3304 2326 ut
3351 2274 3489 2329 lucis

1914 2367 2073 2424 filios.
2112 2366 2309 2429 Verum
2349 2366 2709 2421 detrahuntur
2761 2367 3017 2423 draconis
3068 2368 3283 2423 excussi
3337 2366 3491 2422 flexi-

1914 2462 2036 2525 bus,
2068 2461 2211 2531 quod
2241 2461 2385 2515 intra
2410 2460 2770 2531 triangulares
2793 2460 3012 2531 pietatis
3042 2460 3241 2530 ﬁguras
3274 2476 3383 2514 non
3427 2476 3489 2516 se

1912 2553 2319 2615 continuerunt,
2347 2551 2696 2621 prolabentes
2720 2567 2785 2606 ex
2821 2552 2941 2622 ipsa
2991 2558 3045 2606 et
3076 2567 3139 2605 ex
3180 2551 3488 2606 orthodoxo

1911 2640 2006 2698 Dei
2038 2642 2184 2697 cultu
2211 2642 2607 2697 exorbitantes.
2648 2640 2801 2697 Unde
2829 2650 2883 2697 et
2933 2643 3093 2697 tertia
3136 2657 3263 2712 pars
3304 2642 3489 2697 stella-

1912 2750 2032 2788 rum
2064 2735 2240 2789 vocati
2271 2741 2421 2799 sunt,
2454 2734 2619 2789 veluti
2668 2734 2816 2788 circa
2863 2750 3030 2789 unum
3078 2751 3144 2790 ex
3200 2733 3487 2791 Trinitatis

1911 2828 2155 2884 numeris
2213 2829 2548 2883 deerrantes.
2600 2828 2907 2897 Aliquando
2941 2828 3158 2897 quidem
3202 2827 3347 2881 circa
3382 2826 3486 2881 l’a-

1854 2944 1859 2951 ’
1910 2926 2032 2991 tris,
2070 2935 2130 2981 ut
2160 2925 2450 2987 Sabellius,
2475 2927 2568 2994 qui
2603 2925 2779 2994 ipsum
2806 2922 3238 2993 Omnipotentem
3264 2937 3483 2992 passum

1910 3019 2183 3085 asseruit;
2213 3016 2506 3087 aliquando
2526 3031 2655 3070 vero
2685 3016 2831 3070 circa
2858 3012 3000 3079 Filii,
3035 3020 3094 3066 ut
3121 3012 3390 3073 Artemas,
3428 3016 3485 3065 et

1910 3112 2002 3181 qui
2047 3110 2195 3164 nudo
2221 3117 2439 3180 spectro
2471 3123 2569 3163 seu
2603 3106 2922 3177 apparentia
2973 3119 3095 3159 eum
3133 3111 3317 3156 natum
3360 3116 3484 3158 esse

1909 3202 2206 3268 dixerunt;
2253 3199 2580 3271 quandoque
2639 3198 2787 3252 circa
2853 3195 3093 3265 Spiritus
3154 3192 3365 3255 sancti,
3422 3198 3483 3246 ut

1911 3294 2171 3357 Ebionari,
2215 3294 2308 3363 qui
2342 3290 2634 3362 prophetas
2665 3294 2814 3342 motu
2860 3284 3078 3355 proprio
3121 3283 3333 3338 locutos
3361 3295 3483 3336 esse

1910 3387 2267 3443 contendunt.
2324 3382 2617 3438 Marcionis
2668 3379 2812 3434 enim
2861 3385 2915 3433 et
2962 3374 3268 3436 Valentini,
3326 3371 3481 3425 Elce-

1911 3481 2113 3549 saeique
2150 3488 2205 3534 et
2234 3478 2495 3541 aliorum,
2529 3473 2795 3544 optimum
2842 3468 3007 3525 fuerit
3052 3484 3121 3523 ne
3166 3463 3481 3521 meminisse

1911 3574 2151 3645 quidem.

244 3700 368 3756 CAP.
404 3701 735 3781 Xl._Mutier
757 3723 883 3781 cumg
913 3705 1025 3776 ﬁlio
1075 3710 1310 3781 masculo
1361 3710 1417 3763 in
1446 3710 1669 3775 deserto,
1703 3710 1963 3766 Ecclesia.
2006 3710 2301 3781 Virginum,
2345 3716 2747 3781 sanctorumque
2770 3695 3477 3781 _desertu~m.‘Numerorum

308 3778 551 3842 perlectio
576 3768 1057 3854 ac_niysterio'ru_m.
1090 3779 1301 3854 δεικανὶὶ
1328 3781 1609 3854 inqualitas
1639 3768 1686 3836 et
1711 3782 1983 3854 perfectio.
2037 3768 2297 3837 senarius
2322 3781 2377 3833 in
2406 3768 2675 3832 Christum
2704 3777 2926 3827 relatus.
2968 3768 3052 3823 Ex
3081 3769 3179 3823 hoc
3223 3769 3347 3821 item
3377 3782 3479 3821 mt-

306 3862 440 3898 uzero
475 3847 662 3899 mundi
682 3850 878 3902 creatio
903 3863 950 3902 et
971 3848 1248 3905 harmonia
1277 3847 1395 3905 tota'
1415 3852 1665 3921 conﬂata.

315 3961 375 4014 Ἠ
405 3958 463 4015 δὲ
512 3963 758 4031 γεννῶσα
794 3966 888 4018 καὶ
927 3966 1233 4037 γεννήσασα
1266 3967 1355 4022 τὸν
1388 3970 1702 4042 ἀρρενωπὸν
1741 3971 1801 4024 ἐν

242 4058 348 4117 ταῖς
379 4055 633 4127 καρδίαις
660 4056 769 4109 τῶν
804 4059 1164 4112 πιστευόντων
1189 4062 1378 4131 Λόγον,
1411 4064 1503 4117 καὶ
1538 4064 1801 4137 ἄχραντος

244 4147 323 4200 καὶ
347 4148 586 4218 ἀϐλαῆς
620 4149 727 4202 άπὸ
751 4150 844 4203 τοῦ
866 4150 1027 4222 θηρὸς
1053 4152 1153 4224 τῆς
1176 4154 1344 4225 ὀργῆς
1368 4156 1445 4219 εἰς
1476 4155 1574 4226 τὴν
1597 4155 1801 4228 ἔρημον

244 4238 721 4309 παραγεγενημένη
743 4280 757 4303 ,
791 4242 824 4310 ἡ
861 4241 1041 4312 μήτηρ
1076 4241 1230 4313 ήμῶν
1280 4245 1456 4309 ἐστιν,
1492 4246 1567 4309 ὡς
1609 4246 1801 4299 ἀποδε-

240 4332 497 4405 δώκαμεν,
530 4338 564 4405 ἠ
605 4335 919 4407 Ἐκκλησία.
956 4338 1021 4391 Ἠ
1045 4338 1101 4391 δὲ
1124 4338 1348 4411 ἔρημος,
1379 4343 1459 4404 εἰς
1482 4341 1546 4411 ἥν
1571 4340 1800 4395 ἐλθοῦσα

239 4428 483 4496 τρέφεται
512 4427 614 4488 τὰς
640 4427 817 4498 χιλίας
856 4431 947 4483 καί
980 4430 1255 4496 διακοσίας
1290 4432 1501 4503 ἡμέρας
1532 4434 1625 4487 καὶ
1668 4432 1794 4504 ἑξή-

239 4529 403 4577 κοντα,
425 4518 460 4585 ή
496 4515 682 4569 κακῶν
708 4516 910 4589 ἔρημος
932 4519 1142 4591 ἀληθῶς
1165 4523 1257 4575 καὶ
1280 4523 1470 4589 ἄγονος
1492 4523 1582 4575 καὶ
1611 4522 1796 4595 στείρα

240 4607 450 4678 ςθορᾶς,
488 4610 585 4660 καὶ
626 4609 976 4679 δυσπρόσιτος
1012 4612 1102 4665 καὶ
1134 4612 1395 4675 δύσϐατος
1423 4616 1536 4677 τοῖς
1564 4612 1797 4676 πολλοῖς,

236 4698 501 4769 εὐκαρπος
536 4700 618 4762 δὲ,
649 4700 741 4752 καὶ
786 4700 1021 4766 εὔϐοτος,
1070 4705 1162 4756 καὶ
1198 4703 1447 4775 εὐθαλὴς,
1485 4703 1577 4757 καὶ
1618 4703 1801 4756 εὐεπί-

238 4788 382 4854 ϐατος
410 4792 613 4857 ἁγίοις,
643 4793 735 4844 καὶ
764 4793 1040 4864 πλήθουσα
1074 4798 1261 4866 σοφίας
1290 4799 1382 4851 καὶ
1430 4798 1799 4868 βλαστάνουσα

237 4878 387 4953 ζωὴν,
421 4884 558 4937 αὐτὸ
599 4883 662 4956 δὴ
690 4884 846 4938 τοῦτο
870 4887 967 4957 τῆς
1009 4888 1229 4961 Ἀρετῆς
1263 4890 1377 4943 ἐστι
1414 4890 1473 4944 τὸ
1515 4891 1798 4945 κάλλιπον

236 4978 314 5026 καὶ
354 4973 731 5048 καλλξδενδρον
759 4977 852 5029 καὶ
899 4978 1219 5034 καλλίπνουν
1250 4981 1475 5052 χωρίον·
1512 4982 1639 5037 ἔνθα
1673 4983 1797 5049 Ἐξ-

233 5068 435 5136 ηγέρθη
474 5072 507 5122 ό
550 5070 749 5134 νότος,
799 5070 895 5123 καὶ
941 5071 1299 5127 διέπνευσεν
1348 5076 1645 5144 όβορῤἇς,
1698 5076 1797 5130 καὶ

228 5158 422 5225 ῥέουσι
461 5160 533 5213 τὰ
584 5158 890 5230 ἀρώματα,
945 5165 1036 5216 καὶ
1096 5165 1271 5220 πάντα
1319 5165 1425 5219 τῶν
1480 5167 1795 5240 ἀμϐροσίων

236 5253 583 5323 πεπλήρωται
613 5253 839 5325 δρόσων,
877 5255 1141 5313 ἀθανάτου
1170 5259 1315 5329 ζωῆς
1355 5258 1610 5329 βλάσταις
1650 5262 1797 5332 ἀμα-

235 5344 432 5413 ράντοις
465 5347 906 5417 κατεστεμμένα,
937 5349 1015 5412 εἰς
1042 5350 1070 5403 ὅ
1101 5350 1266 5421 ἐσμεν
1289 5352 1450 5425 ήμεῖς
1476 5350 1795 5422 ἀνθολογοῦ-

286 5501 330 5532 ⁸⁷
370 5500 537 5558 Cant.
571 5517 658 5568 tv,
696 5502 783 5558 16.

290 5661 398 5728 (il)
432 5658 913 5729 Παντοκρὰτοριι.
956 5659 1044 5714 Sic
1103 5661 1331 5716 Allatius
1380 5670 1433 5717 et
1477 5659 1782 5719 Possinins.

236 5730 402 5799 Neque
431 5734 602 5786 aliam
656 5729 827 5785 fuisse
883 5732 1166 5785 lectionem
1198 5732 1402 5788 codicis
1433 5732 1785 5788 Malariniani

238 5804 600 5859 moueteditor
636 5799 936 5872 Lupareus.
974 5800 1327 5860 Conibeiisius
1358 5812 1537 5861 tamen
1568 5805 1785 5876 Πατέρα

1973 3972 2103 4038 Qua:
2131 3977 2309 4024 autem
2344 3967 2484 4039 parit
2508 3964 2821 4037 peperitque
2854 3961 2909 4015 in
2943 3962 3179 4016 fidelium
3218 3959 3475 4017 cordibus

1904 4061 2139 4118 Verbum
2172 4059 2495 4120 masculum,
2530 4056 2896 4126 inviolataque
2947 4061 3000 4108 et
3031 4054 3195 4107 illaasa
3226 4068 3252 4105 a
3287 4052 3477 4109 bestiae

1903 4154 1982 4209 ira
2026 4155 2079 4208 in
2112 4153 2388 4207 desertum
2412 4148 2637 4213 secedit,
2692 4155 2867 4201 mater
2895 4154 3083 4201 nostra
3135 4152 3239 4207 est,
3274 4144 3351 4198 uti
3377 4160 3475 4198 ex-

1903 4245 2208 4316 posuimus,
2256 4244 2308 4298 id
2340 4249 2423 4298 est
2450 4241 2713 4296 Ecclesia.
2749 4239 3034 4296 Desertum
3066 4254 3194 4293 vero
3224 4239 3277 4291 in
3325 4237 3471 4307 quod

1904 4338 2123 4397 veniens
2150 4335 2392 4406 pascitur
2417 4335 2533 4389 dies
2554 4334 2699 4389 mille
2730 4333 2993 4387 ducentos
3017 4329 3318 4400 sexaginta,
3348 4344 3473 4385 vere

1903 4444 1932 4482 a
1957 4428 2114 4483 malis
2138 4428 2413 4483 desertum
2442 4434 2495 4481 et
2517 4425 2868 4480 infecundum
2892 4443 2904 4477 :
2932 4422 3135 4478 sterilis
3165 4420 3472 4488 corruptio-

1897 4520 2005 4585 nis,
2042 4535 2141 4574 nec
2173 4518 2323 4574 ferax
2357 4525 2503 4572 terra
2533 4516 2817 4570 noxiorum
2848 4514 3183 4584 germinum;
3236 4511 3471 4567 dillicilis

1900 4612 2047 4667 aditu
2081 4614 2292 4675 eadem,
2317 4624 2416 4665 nec
2446 4606 2728 4663 commode
2760 4607 2893 4661 satis
2940 4605 3099 4674 vulgo
3153 4602 3467 4668 calcabilis;

1900 4705 2151 4752 caeterum
2180 4695 2429 4766 frugibus
2460 4691 2839 4761 fructibusque
2862 4690 3009 4750 felix,
3028 4688 3160 4759 quin
3179 4693 3231 4742 et
3250 4685 3471 4756 pascuis

1900 4795 2204 4857 abundans,
2236 4801 2290 4847 et
2314 4805 2527 4845 amoene
2554 4788 2752 4843 florens
2788 4786 3081 4857 per-viaque
3118 4782 3344 4845 sanctis,
3370 4796 3466 4836 co-

1898 4896 1986 4958 pia
2019 4886 2329 4942 redundans
2364 4880 2659 4951 sapientiae,
2697 4895 2759 4934 ac
2808 4878 3118 4950 germinans
3138 4875 3339 4929 vitam:
3377 4873 3469 4929 hic

1900 4982 2018 5052 ipse
2039 4986 2123 5036 est
2147 4979 2203 5033 in
2220 4992 2329 5048 quo
2358 4990 2570 5034 sumus.
2603 4972 3024 5043 pulcherrimus,
3048 4966 3470 5039 speciosissimis

1901 5074 2191 5128 umbrosus
2257 5068 2410 5125 silvis
2459 5066 2909 5135 suavissimisque
2966 5063 3156 5117 haians
3206 5060 3465 5125 tioribus,

1898 5166 2133 5221 Virtutis
2162 5164 2372 5220 hortus.
2398 5159 2499 5227 lbi,
2528 5160 2758 5216 surrexit
2781 5158 2990 5222 Auster,
3016 5164 3064 5210 et
3087 5155 3235 5224 ﬂavit
3254 5152 3463 5223 Aquilo,

1895 5268 1944 5314 et
1994 5258 2164 5328 ﬂuunt
2208 5266 2451 5309 aromata
2478 5254 2553 5321 'i;
2591 5250 2987 5318 ambrosiisque
3014 5247 3193 5303 omnia
3250 5244 3468 5299 roribus

1898 5352 2139 5418 madent,
2185 5347 2507 5404 immortalis
2556 5345 2682 5400 vita:
2734 5356 2950 5413 semper
2977 5339 3279 5397 virentibus
3310 5351 3468 5393 coro-

1892 5638 2063 5723 tutius
2108 5679 2232 5720 esse
2298 5662 2582 5727 legendum
2634 5659 2867 5715 advertit
2901 5660 2956 5713 in
3008 5652 3364 5717 emendandis
3392 5652 3458 5709 ad

1893 5736 2095 5792 calcem
2122 5746 2253 5792 tom.
2280 5732 2559 5790 lAuctarii
2584 5733 2777 5789 novin.
2799 5730 2968 5786 ϐλιι..
