4052 6338
547 309 654 370 185

1484 305 1541 364 S.
1584 305 1914 363 METHODII
1953 305 2261 362 EPISCOPI
2296 305 2386 361 ET
2423 304 2785 362 MARTYRIS

3645 310 3765 366 ηδ.

546 439 669 485 nata
698 428 913 499 plantis.
941 426 1059 493 Quo
1084 425 1141 479 in
1168 424 1325 481 horto
1349 425 1457 495 jam
1483 441 1581 483 nos
1613 442 1800 481 sumus
1821 425 1983 481 ilores
2012 404 2089 481 le-

2195 444 2278 479 σαι
2309 424 2415 479 ’νῦν
2464 426 2556 479 καὶ
2609 425 2896 479 πλέκουσαι
2929 426 2994 495 τῇ
3037 422 3318 496 βασιλίσσῃ
3363 424 3464 478 τδν
3512 424 3757 503 ἁλουργῆ

546 527 754 589 gentes.
785 526 837 574 et
865 533 931 572 ex
976 516 1044 571 iis
1084 530 1405 585 purpuream
1458 515 1721 585 longeque
1761 516 2095 585 splendidam

548 609 841 681 impollutis
864 607 1044 677 digitis
1069 606 1267 676 regina:
1313 614 1555 662 terentes
1575 606 1898 677 virginitatis
1939 621 2097 662 coro-

544 716 693 758 nam.
732 698 893 754 Verbi
924 697 1067 752 enim
1107 712 1329 766 sponsa,
1367 696 1582 752 virtutis
1624 704 1849 752 ornatur
1904 696 2094 752 fructi-

546 793 667 848 bus.
699 790 839 845 Mille
898 804 1061 861 porro
1088 788 1307 845 ducenti
1363 789 1642 859 sexaginta
1673 788 1789 844 dies
1829 805 1922 859 per
1958 805 2095 860 quos

546 886 634 940 hic
663 899 967 947 versamur,
997 881 1176 938 Patris
1201 889 1306 952 est,
1336 898 1369 937 ο
1395 881 1653 952 virgines,
1681 888 1735 936 et
1759 878 1877 934 Filii
1898 888 1952 936 et
1974 879 2096 951 Spi-

545 977 681 1033 ritus
714 977 887 1033 sancti
919 976 1057 1030 citra
1096 989 1310 1030 omnem
1340 974 1615 1043 ambagem
1641 980 1827 1027 exacta
1865 974 2096 1042 Optima-

545 1085 651 1140 qne
678 1067 1055 1138 intelligentia,
1084 1080 1191 1136 qua
1224 1064 1419 1135 gaudet
1451 1072 1622 1120 mater
1643 1073 1845 1130 nostra,
1875 1081 1969 1137 per
1995 1066 2095 1121 hoc

545 1171 758 1231 tempus
786 1173 1085 1230 augescens
1122 1164 1283 1227 atque
1309 1157 1608 1222 exsultans,
1633 1157 1759 1212 dum
1793 1159 1848 1212 in
1878 1159 2097 1213 restitu-

545 1253 691 1309 tione
740 1267 1002 1308 novorum
1041 1250 1378 1313 saaculorum,
1436 1250 1490 1305 in
1522 1250 1835 1305 concionem
1880 1266 1997 1319 qua:
2040 1250 2095 1304 in

542 1346 697 1401 crelis
722 1352 806 1400 est
832 1344 1076 1406 veniens,
1114 1357 1221 1398 non
1252 1341 1363 1412 jam
1390 1356 1485 1413 per
1514 1343 1749 1398 rationes
1795 1342 2095 1411 mentisque

544 1435 882 1491 contentioso
931 1441 1128 1490 conatu
1160 1432 1215 1487 id
1248 1433 1384 1504 quod
1413 1442 1513 1499 est,
1567 1432 1951 1496 considerabit,
2000 1431 2094 1486 sed

544 1529 689 1584 clare
716 1536 771 1583 et
798 1527 1105 1597 conspicue.
1142 1540 1248 1581 una
1298 1540 1421 1579 cum
1472 1522 1691 1580 Christo
1738 1523 1805 1578 ad
1840 1523 2095 1578 interiora

545 1615 803 1678 admissa,
833 1614 1175 1686 inspeCtabit.
1216 1612 1551 1670 Millenarius
1580 1614 1795 1683 quippe,
1821 1629 1883 1667 ex
1911 1621 2095 1668 cente-

545 1708 701 1762 nario
746 1707 926 1762 decies
959 1706 1312 1776 multiplicato
1338 1712 1614 1774 constans,
1648 1703 1942 1775 perfectum
1992 1721 2093 1758 nu-

2197 518 2455 587 στέφανον
2501 518 2594 570 καὶ
2654 516 2964 588 ἔκλαμπρον
3010 518 3108 587 τῆς
3161 517 3455 589 παρθενίας
3509 518 3766 584 ἀθίκτοις

2193 604 2493 668 δακτύλοις.
2532 604 2753 676 Ἀρετῆς
2790 604 2898 675 γὰρ
2930 606 3209 674 κοσμεῖται
3242 608 3531 679 καρποῖςή
3564 605 3755 678 νύμφη

2192 697 2287 751 τοῦ
2320 698 2514 767 Λόγου.
2558 698 2625 750 Αἱ
2669 698 2726 751 δὲ
2763 697 2926 768 χίλιαι
2971 699 3064 751 καὶ
3104 698 3369 752 διακόσιαι
3420 699 3621 770 ἡμέραι
3655 700 3756 753 καὶ

2194 789 2470 861 ἑξήκοντα,
2495 789 2561 854 ἀς
2590 790 2773 843 ἐνθάδε
2802 790 2967 860 έσμὲν
2991 792 3072 853 είς
3095 789 3405 861 ἐπιδημίαν,
3434 792 3468 861 ή
3501 790 3629 863 περὶ
3653 790 3755 844 τοῦ

2192 880 2404 952 Πατρός
2436 883 2612 947 ἐστιν,
2657 874 2703 934 ὦ
2735 880 3021 954 παρθένοι,
3061 881 3157 935 καὶ
3202 880 3296 934 τοῦ
3346 881 3475 935 Υίοῦ
3509 882 3602 935 καὶ
3652 882 3765 936 τοῦ

2193 972 2505 1044 Πνεύματος
2554 974 2671 1026 κατ’
2704 973 2919 1027 εὐθεῖαν
2966 973 3196 1044 ἀκριϐὴς
3242 972 3351 1043 (22)
3407 974 3502 1026 καὶ
3550 974 3751 1046 ἀρίστη

2194 1063 2423 1129 σύνεσις,
2520 1062 2749 1135 γέγηθεν
2788 1063 2942 1135 ήμῶν
2969 1066 3002 1134 ή
3045 1064 3222 1135 μήτηρ
3261 1062 3617 1135 αὐξανομένη,
3652 1064 3754 1118 καὶ

2192 1154 2480 1223 ἀγάλλεται
2526 1157 2734 1209 τουτονὶ
2777 1156 2868 1210 τδν
2927 1156 3115 1227 χρόνον
3136 1197 3151 1221 ,
3208 1155 3477 1227 μέχριπερ
3519 1155 3585 1209 ἀν
3646 1156 3751 1227 τῆς

2193 1246 2679 1310 ἀποκαταστάσεως
2707 1246 2817 1321 (23)
2861 1248 2969 1301 τῶν
3018 1246 3217 1301 καινῶν
3262 1246 3470 1301 αἰώνων
3488 1286 3504 1311 ,
3539 1249 3618 1311 είς
3647 1247 3752 1318 τὴν

2192 1338 2384 1409 άγυριν
2407 1337 2632 1392 ἐλθοῦσα
2663 1338 2802 1392 κατὰ
2830 1339 2955 1403 τοὺς
2984 1340 3260 1410 οὐρανοὺς,
3302 1340 3495 1410 μηκέτι
3526 1339 3591 1393 δι’
3624 1341 3751 1393 ἐπι-

2194 1432 2405 1503 στήμης
2450 1433 2889 1502 κατασκέπτηται
2950 1430 3015 1485 τὸ
3049 1433 3167 1496 "Or,
3218 1431 3351 1486 ἀλλά
3389 1431 3599 1502 τρανῶς
3643 1430 3752 1484 ὲπ-

2191 1524 2425 1596 οπτεύσῃ
2458 1524 2675 1597 Χριστῷ
2708 1523 3049 1579 συπισὸᾶσα.
3083 1524 3163 1578 Τά
3199 1524 3308 1596 γὰρ
3338 1524 3502 1595 χίλια,
3536 1526 3592 1578 ὲν
3618 1525 3755 1579 ἑκα-

2190 1615 2403 1669 τοντάσι
2479 1614 3003 1669 δεκαπλασιασθέντα
3025 1654 3040 1680 ,
3105 1614 3304 1669 τέλειον
3355 1615 3581 1687 ἀριθμὸν
3649 1616 3752 1669 καὶ

2194 1706 2372 1779 πλήρη
2432 1707 2702 1779 περιέχει-
2757 1706 2787 1758 6
2835 1706 2899 1777 δή
2962 1708 3077 1760 ἐστι
3129 1705 3392 1778 σύμϐολον
3444 1706 3609 1761 αὑτοῦ
3645 1707 3747 1762 τοῦ

544 1815 752 1855 merum
800 1806 853 1854 et
906 1797 1390 1869 plenumcontinet
1420 1816 1434 1852 :
1468 1798 1609 1868 quod
1655 1804 1740 1852 est
1789 1797 2090 1867 symbolum

2195 1796 2420 1867 Πατρὸς,
2453 1797 2545 1849 τοῦ
2575 1796 2667 1866 ἀφ’
2699 1794 2893 1850 ἑαυτοῦ
2925 1795 3419 1868 δημιουργήσαντος
3445 1798 3537 1852 καὶ
3566 1798 3749 1869 ἑαυτῷ

544 1891 739 1954 Patris,
771 1891 863 1961 qui
915 1906 981 1945 ex
1030 1905 1089 1946 se
1119 1891 1236 1960 ipso
1284 1905 1465 1945 rerum
1516 1890 1654 1944 hanc
1695 1889 2094 1944 universitatem

543 1980 805 2046 Condidit,
857 1989 910 2036 et
940 1980 994 2034 in
1020 1995 1078 2035 se
1104 1981 1221 2050 ipso
1266 1980 1506 2035 continet
1552 1995 1615 2034 ac
1647 1987 1947 2035 conservat.
1984 1978 2095 2032 Du-

543 2079 699 2128 centa
727 2087 876 2139 vero,
904 2087 966 2126 ex
993 2070 1205 2125 duobus
1238 2069 1489 2140 perfectis
1523 2086 1779 2125 numerus
1805 2069 2092 2131 conﬂatus,

545 2165 846 2236 symbolum
871 2172 956 2218 est
990 2163 1223 2233 Spiritus
1248 2165 1419 2218 sancti
1443 2205 1457 2227 ,
1481 2172 1747 2233 quatenus
1780 2165 1826 2220 is
1854 2162 1973 2218 Filii
1998 2179 2087 2218 no-

545 2260 628 2314 bis
658 2273 720 2311 ac
746 2256 922 2313 Patris
943 2255 1146 2312 notitia:
1174 2262 1362 2311 auctor
1389 2256 1621 2311 exsistit.
1653 2254 1890 2325 Denique
1933 2270 2093 2310 sexa-

543 2349 690 2421 ginta
714 2349 986 2404 senarium
1011 2363 1294 2401 numerum
1329 2347 1383 2401 in
1403 2346 1695 2402 decadibus
1729 2346 2096 2416 ba’bet,eoque

546 2439 845 2510 symbolum
872 2437 1070 2493 Christi
1099 2445 1183 2493 est
1218 2457 1233 2494 :
1270 2437 1472 2493 idcirco
1508 2437 1759 2491 nimirum
1780 2479 1795 2504 ,
1829 2436 1971 2508 quod
2003 2453 2093 2493 se-

546 2529 731 2584 narius
760 2544 1019 2585 numerus
1051 2544 1119 2583 ex
1139 2528 1345 2583 unitate
1374 2527 1742 2598 progrediens,
1766 2543 1831 2582 ex
1862 2528 2094 2599 propriis

544 2618 886 2688 componitur
906 2618 1171 2687 partibus,
1190 2617 1262 2670 ita
1293 2624 1353 2671 ut
1380 2616 1434 2670 in
1455 2632 1519 2671 eo
1542 2616 1672 2670 nihil
1702 2616 1914 2672 deficiat
1936 2625 2094 2673 autve

547 2708 806 2764 redundet
840 2728 853 2763 :
888 2710 942 2763 in
988 2724 1115 2765 suas
1156 2708 1296 2763 enim
1341 2715 1521 2777 partes
1551 2709 1822 2764 resolutus
1858 2709 2094 2779 comple-

547 2805 655 2853 tur.
697 2798 959 2853 Nimirum
1009 2799 1054 2855 si
1090 2814 1183 2853 sex
1222 2801 1276 2852 in
1318 2798 1453 2853 alios
1490 2807 1650 2867 atque
1698 2798 1833 2854 alios
1860 2800 2093 2869 aequales

545 2905 801 2947 numeros
834 2891 1126 2956 dividatur,
1175 2905 1399 2945 necesse
1425 2897 1509 2945 est
1538 2905 1605 2946 ex
1653 2890 1842 2946 iisdem
1897 2891 2093 2954 iterum

540 2981 749 3051 junctis
767 2986 1056 3054 segmentis
1075 2982 1322 3038 eumdem
1367 2997 1647 3037 numerum
1678 2982 1936 3053 reparari.
1976 2982 2095 3037 Pri-

546 3089 693 3129 mum
722 3075 934 3146 quidem
966 3075 1014 3131 si
1041 3074 1251 3130 medius
1278 3073 1566 3139 dividatur,
1595 3075 1698 3130 tria
1728 3074 1926 3143 eilieit;
1975 3091 2096 3131 rur-

546 3184 642 3225 sus
664 3170 710 3224 si
744 3170 797 3223 in
829 3177 941 3225 tres
968 3177 1148 3240 partes
1174 3167 1464 3232 dividatur,
1512 3166 1674 3222 edicit
1714 3166 1855 3234 duo;
1903 3166 1950 3223 si
2000 3166 2095 3221 de-

547 3260 711 3330 nique
766 3260 822 3315 in
854 3277 947 3317 sex
979 3268 1162 3332 partes
1192 3259 1577 3323 distribuatur,
1609 3257 1899 3327 unicuique
1953 3256 2094 3326 parti

548 3354 723 3409 solum
754 3354 935 3410 unitas
955 3354 1231 3424 competit;
1262 3354 1512 3423 idemque
1542 3352 1823 3415 rursusin
1857 3352 2095 3420 seipsum

547 3445 837 3516 colligitur.
858 3444 992 3499 Nam
1015 3446 1070 3500 in
1095 3446 1179 3499 bis
1213 3446 1337 3513 tria,
1366 3454 1447 3499 ter
1464 3445 1592 3507 duo,
1618 3442 1794 3499 sexies
1819 3458 1982 3496 unum
2012 3440 2096 3495 di-

548 3536 718 3600 visus,
741 3536 1046 3605 conjunctis
1079 3536 1217 3591 inter
1256 3551 1315 3591 se
1344 3535 1516 3590 tribus
1551 3544 1604 3589 et
1652 3533 1863 3588 duobus
1890 3543 1942 3587 et
1966 3547 2093 3595 uno,

550 3640 740 3680 rursus
769 3626 1040 3679 senarium
1069 3626 1335 3697 integrum
1367 3624 1595 3695 perlicit.
1620 3623 1916 3679 Perfectum
1952 3622 2096 3677 enim

550 3715 859 3771 necessario
885 3724 989 3778 est,
1012 3700 1272 3785 quidquid
1298 3729 1471 3783 neque
1496 3715 1602 3769 alio
1640 3715 1708 3770 ad
1750 3714 1833 3769 sui
1862 3713 2099 3784 complev

550 3816 786 3861 mentum
815 3815 951 3877 eget,
988 3820 1087 3860 nec
1114 3820 1350 3876 unquam
1388 3806 1651 3862 redundat
1698 3806 1978 3875 majusque
2011 3820 2098 3859 se-

550 3897 669 3968 ipso
733 3905 837 3953 est.
895 3897 1139 3952 Aliorum
1210 3904 1389 3951 autem
1458 3911 1805 3950 numerorum
1878 3893 2099 3965 quidam

549 3990 673 4061 plus
703 4005 865 4059 quam
913 3990 1141 4060 perfecti
1180 3996 1339 4054 sunt,
1371 3997 1430 4042 ut
1475 3987 1860 4041 duodenarius.
1924 3984 2098 4039 Media

545 4081 747 4152 quippe
780 4096 906 4151 pars
934 4080 1052 4150 ejus
1072 4081 1319 4135 senarius
1348 4086 1452 4143 est,
1476 4077 1634 4132 tertia
1661 4092 1785 4131 vero
1810 4082 2101 4145 quaterna-

548 4175 684 4236 rius,
710 4180 900 4241 quarta
940 4172 1227 4235 ternarius,
1279 4178 1434 4228 sexta
1482 4168 1745 4231 binarius,
1784 4165 2100 4220 duodecima

548 4264 748 4320 unitas.
803 4262 926 4317 Haec
955 4271 1132 4318 autent
1163 4264 1219 4318 in
1249 4278 1369 4334 qua:
1396 4259 1758 4315 duodenarius
1790 4265 1965 4327 potest
2016 4256 2099 4311 di-

545 4356 681 4420 vidi,
711 4356 755 4412 si
789 4372 980 4413 rursus
1002 4355 1056 4410 in
1084 4372 1143 4412 se
1173 4362 1586 4426 componantur,
1605 4352 1870 4409 excedunt
1897 4350 2102 4406 duode-

2195 1886 2617 1959 συγκρατοῦντος
2653 1888 2712 1941 τὸ
2748 1890 2884 1941 πᾶν·
2923 1889 2991 1941 τὰ
3033 1888 3090 1942 δὲ
3139 1888 3386 1942 διακόσια
3428 1889 3518 1942 τὸν
3551 1892 3614 1943 ὲκ
3650 1890 3753 1944 δύο

2192 1976 2407 2030 τελείων
2430 1976 2675 2048 ἀριθμῶν
2703 1977 3140 2049 συνεζευγμένον,
3180 1978 3209 2031 ὃ
3233 1978 3297 2049 δή
3325 1979 3440 2033 ἐστι
3479 1978 3749 2049 σύμϐολον

2192 2068 2285 2123 τοῦ
2318 2070 2469 2139 ἁγίου
2513 2070 2854 2142 Πνεύματος,
2888 2071 3024 2124 καθὸ
3065 2071 3160 2143 τῆς
3204 2070 3458 2141 γνώσεώς
3504 2074 3619 2127 ἐστι
3646 2074 3747 2128 τοῦ

2194 2159 2322 2215 Υἱοῦ
2382 2161 2538 2215 τοῦτο
2593 2164 2686 2216 καὶ
2735 2163 2828 2217 τοῦ
2875 2164 3087 2234 Πατρὸς
3138 2166 3496 2235 περιεκτικόν.
3547 2167 3626 2221 Τὰ
3682 2166 3749 2221 δὲ

2193 2254 2471 2326 ἐξήκοντα,
2494 2255 2584 2308 τὸν
2617 2256 2676 2320 ἓξ
2702 2256 2929 2327 ἀριθμὸν
2960 2258 3017 2310 ἐν
3046 2256 3264 2311 δεκάσιν
3297 2259 3431 2329 ἔχει,
3455 2259 3485 2312 δ
3524 2260 3589 2332 δή
3624 2262 3748 2315 ἐστι

2195 2347 2455 2419 σύμϐολον
2504 2348 2597 2402 τοῦ
2647 2349 2913 2421 Χριστοῦ·
2948 2350 3240 2422 ἐπειδήπερ
3295 2354 3324 2405 6
3373 2350 3480 2404 τῶν
3523 2349 3582 2415 ἓξ
3635 2352 3757 2406 ἀπὸ

2196 2440 2416 2512 μονάδος
2462 2440 2665 2512 προῖὼν
2719 2442 2947 2514 ἀριθμὸς
3001 2444 3066 2497 ὲκ
3095 2442 3201 2496 τῶν
3256 2443 3398 2497 ἰδίων
3444 2444 3750 2499 συντίθεται

2195 2532 2394 2605 μερῶν,
2424 2533 2564 2588 ὥστε
2592 2536 2727 2605 μήτε
2767 2535 2974 2589 λείπειν
3009 2537 3066 2589 ὲν
3102 2535 3277 2607 ἑαυτῷ
3308 2553 3381 2601 τι,
3419 2537 3552 2608 μήτε
3586 2536 3752 2590 πλεο-

2192 2623 2398 2690 νάζεινο
2430 2626 2510 2689 είς
2539 2625 2607 2679 τὰ
2653 2625 2844 2679 ἑαυτοῦ
2873 2626 2982 2698 γὰρ
3018 2627 3156 2700 μέρη
3204 2627 3581 2698 ἀναλυόμενος·
3609 2629 3754 2698 συμο

2193 2716 2513 2787 πληροῦται.
2545 2713 2669 2771 Οἷον
2694 2717 2784 2771 τὸν
2807 2716 2867 2782 ἒξ
2896 2720 2975 2782 είς
3010 2718 3098 2771 ἴσα
3134 2719 3272 2791 μέρη
3309 2718 3367 2785 ἐξ
3392 2719 3518 2772 ἰσων
3556 2719 3753 2789 τεμνό-

2197 2825 2352 2879 μενον
2407 2808 2614 2880 μερῶν,
2644 2809 2853 2881 ἀνάγκη
2902 2809 3003 2879 τὴν
3044 2810 3211 2880 αὐτὴν
3246 2813 3311 2865 ὲκ
3344 2811 3452 2866 τῶν
3502 2812 3754 2883 διαμερι-

2196 2900 2427 2954 σθέντων
2488 2901 2789 2973 τμημάτων
2854 2900 3015 2955 πάλιν
3069 2903 3337 2974 ποσότητα
3389 2903 3748 2975 πληροῦσθαι.

2194 2990 2415 3062 Πρῶτον
2440 2991 2547 3061 γὰρ
2591 2992 2785 3062 μέρος,
2827 2991 2967 3045 κατά
3024 2991 3182 3063 μέσον
3213 2991 3578 3064 διαιρούμενος
3603 2996 3756 3046 ποιεῖ

2193 3083 2283 3137 τὸν
2308 3084 2431 3156 τρία
2448 3100 2463 3115 ’
2497 3079 2616 3138 εἶτα
2643 3084 2721 3148 είς
2745 3083 2870 3156 τρία
2901 3083 3269 3155 διαιρούμενος
3297 3084 3458 3156 μέρη,
3492 3089 3632 3139 ποιεί
3656 3087 3755 3141 τὸν

2193 3173 2313 3228 δύο·
2346 3172 2464 3228 εἶτα
2494 3176 2573 3238 είς
2596 3174 2654 3241 ἒξ
2685 3176 2977 3246 μερισθεὶς,
3021 3178 3163 3230 ποιεῖ
3194 3176 3286 3229 τὸν
3313 3175 3427 3241 ἕνα,
3471 3177 3563 3230 καὶ
3608 3194 3754 3249 συμ-

2194 3264 2491 3338 πληροῦται
2546 3265 2706 3319 πάλιν
2737 3269 2817 3331 είς
2860 3267 3065 3321 ἑαυτόν.
3097 3268 3191 3332 Et;
3223 3268 3330 3340 γάρ
3370 3269 3451 3332 δὶς
3489 3267 3614 3339 τρία
3653 3270 3757 3327 καὶ

2194 3356 2311 3427 τρὶς
2334 3356 2426 3410 δύο
2457 3357 2548 3410 καὶ
2582 3356 2766 3421 ἑξάκις
2812 3357 2869 3410 ἒν
2907 3357 3277 3430 διαιρούμενος
3297 3398 3312 3423 ,
3356 3359 3756 3430 συντιθεμένων

2194 3447 2300 3501 τῶν
2330 3447 2494 3519 τριῶν
2515 3449 2607 3502 καὶ
2635 3448 2742 3504 τῶν
2770 3448 2862 3502 δύο
2882 3450 3085 3503 καὶτοῦ
3106 3450 3243 3515 ἑνὸς,
3266 3450 3425 3504 πάλιν
3450 3449 3765 3524 ἀναπληροῖ

2194 3539 2285 3592 τὸν
2312 3539 2390 3604 ἒξ.
2409 3538 2622 3593 Τέλειον
2651 3540 2706 3594 δὲ
2724 3543 2829 3595 πᾶν
2851 3540 2911 3606 ἐξ
2936 3541 3176 3611 ἀνάγκης
3203 3543 3318 3595 ἐστὶ
3340 3542 3399 3596 τὸ
3424 3544 3558 3614 μήτε
3579 3560 3755 3615 προσ-

2195 3630 2444 3700 δεόμενον
2474 3632 2553 3694 είς
2601 3630 2991 3702 συμπλήρωσιν
3024 3630 3211 3703 ἐτέρου
3231 3670 3247 3697 ,
3282 3633 3419 3703 μήτε
3459 3631 3769 3695 πλεονάζονι

2196 3721 2385 3775 ἑαυτοῦ
2438 3722 2673 3777 πώποτε.
2732 3722 2851 3777 Τῶν
2904 3723 2961 3777 δὲ
3011 3724 3182 3779 ἄλλων
3238 3724 3488 3797 ἀριθμῶν
3541 3726 3588 3778 οί
3647 3724 3756 3795 μὲν

2198 3815 2525 3887 ὑπερτέλειοι
2572 3817 2726 3880 εἰσιν,
2768 3816 2843 3881 ὡς
2874 3818 2903 3870 ό
2933 3814 3159 3871 δώδεκα.
3193 3816 3266 3869 Τὸ
3305 3817 3413 3890 γὰρ
3440 3818 3551 3871 ῐσον
3581 3816 3754 3872 αὐτοῦ

2202 3907 2361 3978 μέρος
2400 3905 2469 3959 τὰ
2500 3906 2578 3973 ἒξ,
2612 3908 2703 3960 καὶ
2748 3908 2808 3961 τὸ
2842 3909 3020 3980 τρίτον
3050 3908 3118 3962 τά
3157 3910 3416 3981 τέσσαρα,
3450 3911 3541 3964 καὶ
3579 3912 3638 3964 τὸ
3660 3909 3761 3963 τέ-

2197 4014 2392 4069 ταρτον
2423 3997 2491 4051 τά
2532 3999 2678 4070 τρία,
2724 4000 2817 4053 καὶ
2847 3999 2906 4053 τὸ
2938 3999 3093 4054 ἕκτον
3121 4001 3188 4055 τὰ
3220 4001 3332 4065 δύο,
3365 4001 3457 4054 καὶ
3505 4001 3565 4054 τὸ
3589 4001 3758 4056 δωδέ-

2198 4104 2358 4143 κατον
2389 4088 2449 4140 τὸ
2496 4088 2572 4142 ἓν.
2604 4090 2698 4152 Εἰς
2729 4088 2765 4144 ἃ
2791 4089 3010 4144 δύναται
3056 4089 3397 4162 μερίζεσθαι,
3432 4091 3759 4147 συντεθέντα.

2199 4177 2587 4249 ὑπερϐάλλουσι
2640 4180 2728 4235 τὸν
2777 4179 2981 4236 δώδεκα
3004 4222 3019 4247 ,
3069 4183 3130 4236 οὐ
3180 4184 3512 4254 τηρήσαντος
3560 4182 3758 4237 ἑαυτὸν

2200 4270 2312 4323 ῐσον
2341 4272 2452 4333 τοῖς
2480 4268 2641 4324 αὐτοῦ
2676 4271 2914 4342 μέρεσιν,
2946 4272 3021 4337 ὡς
3066 4275 3094 4327 6
3125 4272 3204 4340 ἓξ.
3235 4274 3297 4328 Οἱ
3340 4274 3397 4327 δὲ
3430 4273 3756 4342 ύποτέλειοι,

2198 4360 2273 4424 ὡς
2298 4364 2326 4414 6
2345 4361 2503 4416 ὀκτώ.
2536 4362 2607 4415 Τὸ
2646 4362 2753 4435 γὰρ
2778 4364 2947 4434 ἥμισυ
2978 4363 3140 4418 αὑτοῦ
3171 4363 3237 4417 τὰ
3263 4366 3519 4437 τέσσαρα,
3563 4367 3655 4420 καὶ
3687 4367 3759 4420 τὸ
3812 4376 3821 4384 ⁵

548 4448 783 4513 narium,
831 4451 924 4520 qui
958 4465 1017 4505 se
1054 4448 1278 4520 proinde
1317 4463 1423 4502 non
1464 4454 1639 4502 servat
1680 4444 1936 4516 aequalem
1982 4442 2095 4498 suis

2200 4451 2454 4525 τέταρτον
2476 4454 2543 4506 τὰ
2568 4453 2679 4517 δύο,
2710 4453 2802 4506 καὶ¹
2828 4454 2888 4506 τὸ
2918 4454 3100 4523 ὃγδοον
3125 4456 3184 4508 τὸ
3211 4456 3285 4510 ἓν.
3319 4457 3411 4521 Είς
3434 4456 3469 4511 ἃ
3496 4458 3758 4528 τέμνεται

549 4541 815 4609 partibus,
848 4541 989 4596 sicut
1027 4542 1293 4597 senarius.
1340 4539 1443 4593 Alii
1483 4538 1816 4609 imperfecti,
1853 4546 1909 4591 ut
1946 4544 2098 4591 octo-

548 4633 753 4688 narius.
782 4632 953 4702 Hujus
976 4633 1118 4688 enim
1140 4634 1439 4698 dimidium,
1469 4632 1877 4703 quaternarius;
1908 4640 2098 4700 quarta

550 4738 677 4779 vero
724 4738 870 4794 pars,
900 4725 1183 4793 binarius;
1226 4733 1436 4790 octava,
1484 4725 1683 4780 unitas.
1732 4724 1789 4781 In
1841 4738 1978 4794 quas
2012 4723 2097 4777 di-

512 4876 535 4921 δ
621 4877 733 4949 (εξ)
747 4880 880 4933 Κατ’
895 4879 1129 4935 εὐθεῖαν
1150 4880 1414 4948 ἀκριϐής.
1434 4880 1599 4947 Quasi
1622 4890 1762 4933 recta
1788 4895 1851 4934 ac
1883 4881 2094 4946 directe,

549 4962 635 5013 ac,
669 4951 810 5018 quod
846 4950 1155 5012 reddebam,
1201 4952 1335 5003 citra
1361 4968 1560 5004 omnem
1585 4951 1872 5019 ambagem.
1896 4950 2100 5019 Nempe

548 5019 926 5090 κατ’-εὐθεῖαν,
965 5020 1215 5090 subaudi,
1232 5021 1513 5090 γραμμήν,
1539 5020 1589 5073 id
1618 5027 1701 5077 est
1724 5019 1963 5090 tineam;
1989 5037 2099 5077 non

588 5088 692 5158 uod
705 5087 1008 5151 Possinius.
1022 5087 1303 5143 secundum
1320 5087 1509 5142 rectam
1527 5089 1702 5158 ﬁdem.
1718 5089 1913 5144 Dicunt
1925 5091 2097 5145 Grmci

549 5103 692 5208 agon
705 5103 1008 5170 rossmtus,
1022 5103 1303 5171 secundum
1320 5103 1509 5142 rectam
1527 5103 1702 5177 paeni.
1718 5103 1913 5144 Utcunt
1925 5103 2094 5145 timet

626 5172 709 5231 ent
732 5158 1180 5231 dquv,_btncque
1221 5159 1346 5231 lling
1378 5158 1690 5231 ὀρθοτομειν
1715 5170 1767 5214 et
1791 5160 2094 5231 νόρθοδοξία,

488 5258 499 5303 ς
548 5226 699 5303 θεελεὶ
734 5226 864 5296 quid
896 5226 1300 5303 ejusmodiest,
1336 5226 1735 5300 ipseque'adeo
1771 5226 2093 5301 Apostolus:

492 5294 495 5363 ξ
549 5293 785 5367 εὐθεῖαν,
816 5293 1111 5367 nunquam.
1141 5293 1434 5367 Centauris.

615 5363 725 5433 (23)
743 5363 1051 5439 Méxpuisp.
1062 5405 1099 5421 ..
1117 5365 1220 5434 τῆς
1231 5368 1781 5436 ἀποκαταστάσεως.
1799 5368 1887 5424 Sic
1900 5369 2098 5439 ubique

551 5430 739 5488 Patres
766 5430 1210 5509 ἀπόκατάστασιν
1243 5449 1457 5503 vocant,
1497 5441 1655 5509 quasi
1702 5430 2096 5509 reparationem

551 5511 747 5567 status,
776 5512 830 5560 et
866 5506 920 5578 in
953 5506 1217 5577 integrum
1248 5506 1680 5564 restitutionem:
1711 5506 1846 5566 sano
1877 5511 2095 5578 quidem

551 5588 735 5637 sensu,
795 5575 888 5645 qui
944 5575 1088 5648 sana
1131 5578 1264 5640 fide.
1311 5580 1518 5647 lapsum
1552 5579 1768 5648 quidem
1822 5575 2095 5634 hominem

552 5654 872 5719 agnoscunt,
904 5647 1013 5719 sed
1061 5647 1252 5702 Adami
1298 5647 1758 5719 praevaricatione,
1789 5664 1895 5719 qua
1937 5651 2095 5704 nobis

552 5714 753 5771 amissa
788 5717 1049 5776 rectitudo
1088 5714 1350 5775 naturalis
1392 5727 1446 5774 et
1474 5717 1565 5774 Dei
1595 5719 1766 5791 gratia
1796 5714 1993 5792 jusque
2026 5720 2093 5775 ad

2204 4544 2364 4615 μέρη.
2410 4545 2726 4599 συντεθέντα
2781 4546 2923 4598 ποιεῖ
2962 4546 3051 4599 τὸν
3084 4546 3259 4613 ἑπτὰ,
3294 4549 3387 4601 καὶ
3441 4549 3757 4621 προσδεῖται

2203 4633 2424 4702 μονάδος
2459 4635 2539 4698 είς
2566 4634 2662 4705 τὴν
2706 4633 2897 4688 ἑαυτοῦ
2937 4636 3353 4709 συμπλήρωσιν
3391 4640 3487 4709 οὐχ
3518 4639 3593 4703 ὡς
3631 4641 3659 4693 ὁ
3688 4639 3764 4705 ἒξ

2202 4723 2465 4787 παντοίως
2488 4722 2661 4794 ἑαυτῷ
2694 4723 2977 4796 σύμφωνος
3003 4722 3096 4779 ὢν.
3122 4726 3211 4778 Διὸ
3236 4724 3326 4779 καὶ
3359 4725 3633 4797 ἀναφορὰν
3668 4728 3763 4792 εἰς

2200 4883 2424 4952 gloriam
2451 4896 2730 4952 ;7quorum
2769 4880 3005 4952 perfecta
3035 4879 3330 4952 restitutio,
3367 4881 3591 4951 ipsaque
3630 4881 3754 4952 glo-

2199 4951 2279 5005 ria
2309 4968 2372 5006 ac
2403 4951 2496 5005 Dei
2523 4953 2796 5021 possessio
2817 4954 2872 5005 in
2904 4951 3008 5004 fine
3039 4951 3198 5005 nobis
3229 4959 3608 5021 exspectetur;
3641 4951 3761 5010 non

2198 5020 3062 5092 Origenianoidelirio,cujusque
3094 5022 3316 5090 proprio
3328 5020 3557 5092 delicto,
3597 5029 3765 5078 ante-

2197 5089 2358 5162 quam
2380 5090 2547 5144 animi
2574 5090 2893 5162 corporibus
2915 5089 3286 5161 alligarentur.
3328 5089 3443 5144 Non
3483 5098 3762 5162 apteergo

2198 5161 2501 5222 Possinius,
2552 5160 2713 5215 donec
2764 5160 3108 5214 instituantur
3137 5176 3268 5212 nova
3300 5160 3539 5224 sarcula:
3589 5160 3760 5214 resti-

2199 5241 2415 5285 tuantur
2443 5230 2691 5294 dixisset,
2747 5230 2895 5285 nuilo
2930 5230 3171 5299 periculo
3210 5228 3466 5285 Methodii
3509 5231 3759 5299 phrasim

2197 5308 2440 5363 secutus,
2473 5316 2576 5370 qua
2621 5300 2822 5355 Christi
2857 5302 3027 5370 gratia
3057 5300 3359 5368 reparativa
3408 5309 3462 5354 et
3500 5301 3761 5356 sanativa

2199 5375 2330 5439 (non
2365 5372 2480 5439 ipsa
2514 5370 2724 5439 prima,
2773 5371 3055 5439 primaque
3103 5370 3197 5424 Dei
3242 5370 3564 5425 liberalitate
3609 5385 3761 5423 con-

2198 5441 2372 5513 cessa)
2391 5440 2618 5513 ejusque
2647 5441 2910 5494 terminus
2943 5440 3243 5494 indicatur:
3266 5456 3379 5513 nec
3403 5456 3504 5513 nos
3534 5441 3763 5509 sapien-

2199 5508 2364 5565 tiores
2391 5508 2645 5564 Patribus
2695 5525 2905 5580 sumus,
2932 5516 2989 5563 ut
3019 5526 3208 5580 eorum
3241 5511 3567 5580 theologiras
3591 5508 3764 5568 voces

2198 5580 2471 5650 communi
2522 5595 2622 5633 usu
2679 5579 2832 5634 tritas
2862 5620 2876 5643 ,
2932 5596 3031 5634 nec
3074 5579 3331 5635 Ecclesiae
3372 5579 3599 5650 usquam
3650 5580 3764 5635 im-

2198 5648 2472 5770 probaias,
2520 5664 2874 5720 respuamus,
2933 5659 3259 5720 nostrasque
3303 5651 3409 5707 illis
3453 5648 3766 5708 substitua-

2199 5734 2337 5770 mus.
2392 5733 2447 5770 Β.

2199 5734 2337 5774 ntus.
2372 5733 2447 5774 ID.
