4052 6338
261 331 366 389 157

1332 344 1712 401 CONVIVIUM
1754 344 1982 401 DECEM
2026 342 2382 400 VIRGINUM.

3390 343 3497 398 158

257 457 347 515 τὸν
384 461 512 515 Υίὸν
556 464 810 535 ἀνείληφε
865 464 957 517 τοῦ
990 462 1143 529 Θεοῦ,
1176 464 1283 517 ἀπὸ
1313 465 1405 518 τοῦ
1465 466 1825 537 πληρώματος

1944 467 2078 521 visus
2108 474 2290 536 partes
2337 465 2384 518 si
2431 479 2626 519 rursus
2654 480 2721 519 ex
2776 464 2910 535 ipsis
2935 472 3315 537 componatur,
3362 467 3497 521 nihil

257 554 354 622 τῆς
387 552 637 625 θεότητος
668 559 747 621 είς
781 557 873 610 τὸν
907 557 1018 626 βίον
1052 556 1384 626 ἐληλυθότος,
1422 561 1691 621 Κενωθεὶς
1717 560 1825 631 γὰρ

262 647 351 698 καὶ
400 646 497 716 τὴν
560 648 772 719 μορφὴν
818 648 912 701 τοῦ
971 648 1154 701 δούλου
1199 648 1549 719 προσλαϐὼν,
1602 652 1679 712 εἰς
1732 651 1827 720 τὴν

262 736 450 790 ἑαυτοῦ
478 738 792 809 τελειότητα
820 740 979 792 πάλιν
1006 737 1358 808 ἀνεπληρώοη
1396 740 1489 791 καὶ
1520 738 1615 809 τὴν
1648 738 1824 803 ἀξίαν.

262 828 426 891 Αὐτὸς
456 829 566 901 γάρ
596 831 652 882 ἐν
676 830 850 901 ἑαυτῴ
878 830 1244 901 σμικρυνθεὶς,
1270 830 1362 881 καὶ
1390 831 1448 881 ἐν
1478 832 1589 892 τοῖς
1635 829 1826 881 ἑαυτοῦ

263 918 481 989 μέρεσιν
514 921 820 987 ἀναλυθεὶς,
850 925 913 974 ὲκ
946 923 1044 991 τῆς
1084 921 1270 975 ἑαυτοῦ
1326 922 1681 992 σμικρότητος
1736 921 1828 973 καὶ

260 1010 361 1061 τῶν
395 1012 588 1064 ἑαυτοῦ
624 1012 804 1082 μερῶν
835 1015 913 1075 εἰς
972 1012 1069 1083 τὴν
1094 1010 1477 1081 συμπλήρωσιν
1524 1012 1681 1064 πάλιν
1729 1012 1827 1083 τὴν

262 1102 448 1155 ἑαυτοῦ
478 1106 574 1157 καὶ
595 1104 656 1155 τὸ
691 1104 918 1174 μέγεθος
959 1104 1213 1175 κατέστη,
1237 1106 1485 1160 οὐδέποτε
1511 1104 1604 1157 τοῦ
1627 1105 1828 1167 τέλειος

264 1188 395 1247 εἶναι
430 1195 710 1264 μειωθείς.

1931 559 2034 611 nisi
2071 558 2435 626 septenarium
2486 556 2663 612 reddit
2708 575 2719 610 :
2766 558 3014 627 indigens
3047 560 3275 625 unitate,
3328 568 3387 613 ut
3428 560 3497 613 ad

1930 649 2011 701 sui
2041 649 2494 716 complementum
2532 648 2845 717 perveniat:
2884 664 2989 701 non
3048 650 3205 718 plane
3237 666 3303 704 ex
3349 651 3517 718 omni}

1932 680 2011 701 θυι
2041 680 2494 716 ιυιιιμιῠιιιῠιιιιιυι
2532 680 2617 717 γῠι
2636 680 2807 701 νῦιιιαι
2834 690 2845 701 ο
2884 680 2989 701 Ιιυιι
3049 680 3205 718 γιαιιΰ
3237 680 3303 704 ελ
3349 680 3497 703 υιιηιι

1932 746 2080 804 parte
2104 737 2207 790 sibi
2234 736 2335 805 ipsi
2375 752 2705 799 consonans,
2750 747 2807 789 ut
2857 739 3127 791 senarius.
3158 680 3535 808 Quapropteri

1931 828 2019 881 hic
2067 827 2134 880 ad
2166 827 2360 881 Filium
2387 826 2481 882 Dei
2528 828 2781 892 refertur,
2833 829 2925 897 qui
2966 844 2995 881 a
3030 829 3363 898 plenitudine
3410 830 3497 883 di-

1934 920 2173 974 vinitatis
2227 919 2281 972 in
2317 920 2578 973 mundum
2618 922 2844 975 venerit.
2897 920 3218 975 Exinanitus
3263 921 3407 974 enim
3444 931 3501 975 et

1934 1011 2105 1064 forma
2162 1011 2301 1065 servi
2365 1019 2616 1081 suscepta
2655 1012 2723 1076 ⁸⁸,
2792 1012 2846 1065 in
2906 1027 3061 1065 suam
3123 1027 3317 1067 rursus
3376 1027 3501 1081 per-

1935 1102 2218 1155 fectionem
2259 1117 2323 1156 ac
2360 1103 2676 1173 dignitatem
2710 1104 3026 1173 plenissime
3070 1104 3359 1159 restitutus
3388 1113 3493 1160 est.

1934 1192 2053 1263 ipse
2078 1194 2222 1247 enim
2264 1196 2318 1249 in
2360 1212 2418 1250 se
2457 1195 2575 1264 ipso
2612 1195 2934 1262 diminutas,
2976 1202 3029 1251 et
3061 1197 3117 1250 in
3150 1204 3331 1266 partes
3369 1212 3499 1253 suas

267 1287 531 1340 resolutus
562 1303 629 1342 ex
658 1303 757 1342 sua
790 1288 1149 1343 diminutione
1203 1289 1427 1359 suisque
1475 1289 1741 1359 partibus,
1794 1289 1849 1341 in
1887 1288 2279 1357 plenitudinem
2336 1304 2528 1346 rursus
2584 1291 2819 1360 priorem
2849 1306 2913 1345 ac
2953 1291 3377 1361 magnitudinem
3414 1308 3504 1348 re-

269 1392 476 1452 paratus
502 1392 587 1438 est
613 1402 627 1437 :
665 1400 942 1455 nunquam
966 1384 1283 1448 diminutus,
1310 1395 1367 1438 ut
1386 1385 1655 1455 perfectus
1681 1402 1785 1439 non
1813 1392 1975 1439 esset.

348 1482 509 1534 Ἀλλὰ
529 1484 625 1535 καὶ
651 1484 683 1553 ὴ
708 1482 802 1536 τοῦ
828 1484 1031 1552 κόσμου
1058 1484 1232 1545 κτίσις
1267 1486 1331 1537 ὲκ
1372 1482 1563 1536 τούτου
1591 1483 1837 1551 φαίνεται

265 1578 401 1628 πᾶσα
432 1575 768 1645 συγκειμένη
793 1574 887 1627 τοῦ
922 1573 1154 1646 ἀριθμοῦ
1194 1576 1287 1627 καὶ
1327 1575 1426 1645 τῆς
1459 1575 1742 1645 ἁρμονίας,
1779 1576 1835 1626 ὲν

2016 1481 2123 1536 Sed
2149 1489 2205 1537 et
2237 1483 2426 1537 mundi
2461 1485 2664 1539 creatio
2692 1494 2745 1540 et
2794 1487 3074 1541 harmonia
3122 1502 3191 1542 ex
3247 1487 3349 1541 hoc
3380 1488 3503 1540 'nu-

1942 1588 2091 1628 mero
2127 1582 2238 1627 tota
2262 1574 2493 1629 conﬂata
2523 1575 2758 1631 videtur.
2802 1576 2907 1632 Sex
2938 1578 3139 1648 quippe
3166 1577 3377 1632 dierum
3407 1592 3503 1631 nu-

268 1667 318 1730 ἒξ
346 1667 583 1738 ἡμέραις
610 1667 937 1737 ποιήσαντος
969 1666 1060 1719 τοῦ
1088 1665 1220 1718 Θεοῦ
1249 1667 1339 1718 τὸν
1364 1666 1588 1735 οὐρανὸν
1618 1666 1709 1719 καὶ
1736 1664 1834 1734 τὴν

1944 1680 2091 1718 mero
2124 1664 2265 1720 Deus
2298 1667 2495 1721 ccelum
2520 1676 2572 1721 et
2607 1674 2807 1721 terram
2839 1668 3082 1723 condidit
3120 1676 3173 1724 et
3199 1685 3261 1724 ea
3302 1684 3421 1738 qua:
3445 1668 3502 1722 in

264 1761 379 1830 γῆν,
408 1761 505 1813 καὶ
534 1761 605 1813 τὰ
639 1762 697 1813 έν
726 1762 910 1824 αὐτοῖς
929 1779 941 1790 ·
977 1761 1074 1831 τῆς
1110 1761 1395 1830 ποιητικῆς
1426 1759 1703 1829 δυνάμεως
1735 1758 1828 1811 τοῦ

264 1852 426 1918 Λόγου
452 1851 545 1902 τὸν
568 1851 627 1917 ἒξ
656 1851 1071 1922 ἐμπεριέχοντος
1090 1849 1340 1921 ἀριθμὸν,
1373 1849 1494 1902 καθ’
1525 1849 1583 1901 ὃν
1617 1851 1649 1919 ἡ
1679 1849 1833 1919 τριάς

264 1944 523 2013 apudsz
550 1944 669 1995 ἐστὶ
700 1946 975 2014 ποιητική.
1010 1944 1199 2013 Μῆκος
1230 1944 1337 2013 γάρ
1381 1942 1474 1995 καὶ
1501 1941 1699 2004 πλάτος
1742 1942 1834 1995 καὶ

264 2038 414 2108 βάθος
450 2038 615 2109 σῶμα
646 2039 958 2110 ἐργάζεται.
996 2040 1054 2091 ὐ
1102 2039 1159 2091 δὲ
1201 2037 1260 2101 ἒξ
1305 2039 1369 2089 ἐκ
1416 2035 1524 2089 τῶν
1555 2034 1834 2106 τριγώνων

262 2133 371 2184 ἐστὶ
414 2132 804 2202 συγκείμενοςέ
845 2134 955 2185 Καὶ
1000 2132 1127 2201 περὶ
1181 2131 1277 2200 μὲν
1326 2129 1529 2182 τούτων
1573 2129 1672 2181 οὐκ
1718 2128 1832 2181 ἔστι

265 2223 441 2294 καιρὸς
479 2224 709 2294 πρέπων
754 2226 811 2277 ὲν
847 2224 925 2294 τῷ
969 2223 1194 2294 παρόντι
1245 2220 1529 2288 διεξελθεῖν
1568 2220 1634 2273 δι’
1678 2221 1833 2290 ἀκρι-

265 2317 425 2378 ϐείας,
463 2316 555 2369 ἵνα
588 2316 685 2388 μὴ,
716 2317 776 2370 τὸ
804 2316 1163 2389 προκείμενον
1185 2314 1550 2381 ὲάσαντες,τὰ
1582 2313 1831 2384 πάρεργα

266 2407 577 2478 σκοπῶμεν.

1936 1755 2017 1811 eis
2051 1764 2212 1821 sunt;
2245 1759 2519 1812 senarium
2545 1759 2600 1812 in
2634 1774 2693 1814 se
2714 1775 2998 1814 numerum
3029 1759 3342 1814 continente
3358 1773 3508 1813 crea-

1942 1847 2095 1901 tricis
2125 1848 2343 1903 virtutis
2391 1849 2625 1914 ratione,
2660 1849 2713 1902 in
2739 1863 2845 1919 qua
2889 1850 3163 1905 ternarias
3211 1864 3502 1918 corporum

1940 1938 2160 1993 effector
2193 1954 2256 1994 ac
2287 1954 2484 2009 parens
2546 1949 2817 1995 censetur.
2852 1940 3156 2012 Longitudo
3190 1942 3389 2013 quippe
3448 1947 3506 1997 et

1940 2029 2168 2084 latitudo
2223 2037 2277 2085 et
2346 2030 2689 2101 profunditas
2749 2048 2946 2103 corpus
3010 2033 3267 2089 elIiciunt.
3332 2032 3505 2090 Porro

1941 2121 2190 2176 senarius
2238 2136 2305 2176 ex
2348 2122 2579 2193 trigonis
2647 2133 2730 2179 est
2777 2124 3132 2194 compositus.
3187 2124 3263 2179 Ac
3306 2126 3373 2180 de
3419 2125 3506 2181 his

1939 2212 2160 2283 quidem
2200 2214 2343 2271 haud
2396 2224 2763 2287 opportunum
2815 2217 2868 2270 in
2918 2232 3159 2286 praesens
3211 2224 3507 2288 aptumque

1939 2307 2250 2363 accuratius
2306 2308 2615 2364 disserendi
2663 2318 2915 2379 tempus;
2975 2325 3040 2363 ne
3100 2309 3306 2364 omisso
3359 2310 3505 2378 quod

1948 2397 2025 2450 rei
2058 2406 2221 2466 caput
2249 2413 2313 2453 ac
2329 2399 2629 2469 principale
2663 2406 3037 2470 argumentum
3061 2409 3165 2463 est,
3209 2398 3263 2451 in
3299 2398 3363 2453 iis
3387 2414 3507 2467 quae

1944 2489 2182 2543 secunda
2232 2499 2359 2545 sunt
2400 2506 2464 2546 ac
2510 2500 2868 2548 consectanea
2911 2491 3148 2547 studium
3177 2505 3508 2562 operamque

1945 2588 2209 2638 teramus.

329 2697 457 2750 CAP.
496 2696 615 2751 XII.
644 2698 730 2751 Ad
756 2700 1107 2754 imitationem
1136 2699 1385 2755 Ecclesia:
1414 2703 1469 2754 in
1497 2699 1780 2754 solitudine
1798 2698 2030 2769 degentis
2064 2712 2112 2755 et
2135 2703 2418 2759 draconem
2450 2707 2768 2776 superantis,
2790 2714 3142 2775 provocamur
3176 2704 3418 2775 virgines.

330 2808 538 2862 ῡυκοῦν
565 2809 728 2881 δεῦρο
755 2814 833 2875 εἰς
877 2812 976 2884 τὴν
1008 2813 1210 2885 ἔρημον
1241 2815 1469 2868 ἐλθοῦσα
1506 2814 1710 2885 ταύτην
1744 2812 1836 2865 καὶ

265 2900 449 2967 ἄγονον
494 2902 685 2954 κακῶν
737 2905 770 2973 ἡ
818 2904 1111 2977 Ἐκκλησία
1162 2906 1454 2978 τρέφεται,
1497 2906 1834 2977 πτερουμένη

267 2996 375 3055 τοῖς
408 2995 801 3067 οὗρανοπόροις
834 3000 931 3069 τῆς
972 3001 1268 3072 παρθενίας
1300 3003 1540 3071 πτεροῖς,
1569 3000 1632 3063 ἃς
1659 2999 1836 3054 ἀετοῦ

2012 2816 2070 2869 ln
2102 2819 2242 2873 hanc
2267 2821 2430 2891 igitur
2453 2823 2720 2877 malorum
2760 2822 3000 2877 sterilem
3029 2820 3379 2877 solitudinem
3416 2833 3511 2875 ve-

1945 2911 2101 2965 niens
2132 2910 2377 2968 Ecclesia
2427 2915 2691 2983 pascitur,
2725 2915 2981 2982 celsaque
3033 2913 3157 2967 caeli
3202 2910 3508 2983 petentibus

1943 3004 2250 3073 grandescit
2294 3007 2625 3077 virginitatis
2671 3008 2794 3072 alis,
2834 3023 2973 3077 quas
3006 3005 3288 3075 Scriptura
3328 3005 3372 3036 ⁵ο
3396 3019 3511 3056 ηια-

268 3086 523 3154 perita)
553 3090 857 3159 πτέρυγας
894 3093 921 3143 ὁ
950 3093 1104 3161 λόγος
1132 3094 1255 3164 ἔφη,
1278 3095 1543 3165 νικήσασα
1582 3094 1673 3146 τὸν
1694 3094 1835 3162 ὄφιν,

1944 3111 2056 3163 gna:
2085 3096 2277 3164 aquin
2309 3097 2426 3151 alas
2484 3098 2858 3167 nuncupavit:
2894 3104 3047 3167 parta
3098 3097 3213 3166 jam
3266 3094 3334 3150 de
3387 3110 3505 3152 ser—

277 3180 371 3230 καὶ
396 3180 489 3249 τῆς
520 3182 930 3255 πληροσελήνου
967 3186 1065 3255 τῆς
1105 3186 1305 3256 ἑαυτῆς
1342 3186 1438 3250 τὰς
1472 3186 1699 3255 νεφέλας
1741 3186 1838 3249 τὰς

270 3268 655 3342 δυσχειμέρους
681 3275 1068 3346 άπεωσαμένη.
1087 3276 1303 3329 Τούτων
1330 3277 1437 3347 γάρ
1460 3277 1613 3347 χάριν
1637 3274 1839 3346 μεταξὺ

267 3361 465 3425 πάντες
492 3361 641 3418 οὗτοι
672 3366 1093 3438 παρηνέχθησαν
1112 3368 1278 3435 λόγοι,
1309 3368 1646 3430 διδάσκοντες
1677 3368 1838 3436 ὑμᾶς,

268 3445 316 3505 ὦ
365 3455 820 3526 καλλιπάρθενοι,
856 3459 996 3513 κατὰ
1035 3461 1233 3531 κράτος
1275 3460 1555 3531 μιμεῖσθαι
1601 3460 1697 3531 τὴν
1741 3477 1843 3530 μη-

270 3544 421 3615 τέρα,
465 3548 535 3617 μὴ
576 3549 959 3603 ἐπιθολοῦσθαι
992 3551 1049 3604 δὲ
1071 3554 1190 3615 ταῖς
1217 3552 1472 3624 ἀχθηδόσι
1498 3553 1591 3605 καὶ
1620 3555 1845 3625 τροπαῖς

274 3639 367 3688 καὶ
400 3638 606 3709 θλίψεσι
638 3642 733 3695 τοῦ
782 3643 917 3713 βίου,
958 3644 1043 3698 ἴνα
1088 3646 1456 3717 συνεισέλθητε
1491 3645 1684 3716 γαῦροι
1729 3645 1843 3715 μετ’

273 3732 439 3801 αὐτῆς
470 3736 551 3797 είς
580 3734 673 3787 τὸν
703 3737 964 3805 νυμφῶνα
984 3776 998 3799 ,
1034 3740 1473 3808 παραφαίνουσαι
1506 3740 1603 3804 τὰς
1627 3741 1845 3810 λαμπά-

272 3822 381 3885 δας.
404 3826 497 3895 Μὴ
524 3821 622 3879 οὖν
658 3828 1069 3899 ἀποδειλιάσητε
1112 3831 1248 3902 πρὸς
1276 3832 1374 3895 τὰς
1425 3832 1702 3902 μεθοδείας
1754 3834 1847 3886 καὶ

274 3912 519 3980 διαϐολάς
562 3918 660 3972 τοῦ
704 3920 899 3992 θηρὸς,
942 3922 1075 3976 ἀλλὰ
1124 3924 1406 3996 καρτερῶς
1450 3927 1845 3980 ἐνσκευάσασθε

278 4009 407 4077 πρὸς
438 4010 539 4081 τὴν
573 4011 777 4083 μάχην,
832 4014 929 4085 τὴν
962 4015 1125 4085 κόρυν
1172 4016 1267 4068 τοῦ
1303 4018 1569 4089 σωτηρίου
1618 4020 1711 4072 καὶ
1757 4019 1848 4071 τὸν

278 4098 494 4172 θώρακα
550 4106 650 4158 καὶ
697 4108 796 4169 τὰς
854 4108 1120 4178 κνημῖδας
1164 4106 1582 4180 έξωπλισμέναι.
1633 4113 1848 4182 Μυρίαν

279 4193 379 4264 γὰρ
411 4194 562 4263 αὑτῷ
610 4197 947 4267 κατάπληξιν
995 4196 1275 4269 παράξετέ
1303 4200 1440 4270 μετὰ
1474 4202 1669 4255 πολλοῦ
1710 4204 1848 4275 λήμ-

282 4301 443 4353 ματος
480 4288 575 4339 καὶ
607 4288 868 4357 εὐψυχίας
917 4290 1383 4359 προσϐάλλουσαι*
1428 4292 1548 4345 οὐδὲ
1596 4296 1849 4365 στήσεται

279 4376 513 4441 πάντως,
539 4380 606 4430 ἐκ
627 4379 719 4431 τοῦ
750 4381 1056 4450 κρείττονος
1084 4381 1349 4453 agema;
1381 4384 1702 4451 ἀντιπάλους
1748 4406 1850 4440 πα-

281 4471 720 4540 ρατεταγμένας·
783 4472 896 4525 ἀλλ’
961 4473 1189 4527 αὐτόθεν
1252 4474 1486 4547 ἄρασθαι
1536 4478 1644 4530 τῶν
1707 4480 1845 4533 ἑπτά

282 4561 673 4632 παλαισμάτων
698 4565 839 4636 ὑμᾶς
876 4570 1214 4640 συγχωρήσει
1249 4569 1319 4623 τὰ
1356 4570 1602 4641 ἀριστεῖα
1623 4574 1651 4625 ὁ
1684 4574 1844 4628 πολυ-

284 4653 510 4722 κέςξαλος
546 4657 641 4709 καὶ
671 4658 1095 4729 πολυπρόσωπος
1135 4659 1256 4730 θήρ.

1944 3197 2100 3257 pente
2123 3189 2374 3253 victoria,
2406 3205 2470 3244 ac
2511 3207 2611 3245 suo
2650 3190 2947 3261 plenilunio
2980 3189 3316 3244 brumalibus
3348 3189 3509 3244 nubi-

1945 3280 2047 3334 bus
2083 3279 2407 3350 infestisque
2436 3280 2702 3351 disjectis.
2748 3281 2952 3335 llorum
2986 3282 3129 3336 enim
3156 3280 3351 3351 gratia,
3371 3295 3509 3349 quos

1944 3366 2211 3422 hactenus
2247 3369 2633 3439 impendimus,
2670 3386 2861 3426 omnes
2897 3371 2952 3425 hi
2982 3386 3012 3424 a
3047 3370 3205 3425 nobis
3231 3386 3512 3426 sermones

1947 3459 2141 3528 prolati
2174 3466 2301 3513 sunt
2332 3479 2344 3514 :
2381 3460 2731 3517 adhortantes
2761 3477 2879 3527 vos,
2903 3476 2936 3515 ο
2977 3462 3205 3532 egregiae
3250 3462 3509 3532 virgines,

1948 3558 2006 3605 ut
2032 3553 2158 3605 totis
2186 3551 2393 3607 viribus
2422 3559 2653 3608 matrem
2684 3553 2994 3619 imitemini,
3027 3568 3126 3608 nec
3163 3553 3351 3607 mundi
3385 3569 3503 3607 mo-

1946 3644 2118 3699 lestiis
2168 3644 2445 3715 variisque
2486 3653 2539 3700 et
2589 3644 2801 3701 alliictis
2850 3646 2973 3701 vita:
3024 3646 3266 3712 casibus,
3314 3646 3511 3702 mentis

1949 3751 2200 3791 serenum
2231 3738 2493 3805 turbetis;
2534 3744 2594 3791 ut
2633 3754 2740 3792 una
2776 3753 2900 3792 cum
2934 3738 3025 3791 illa
3058 3738 3415 3801 exsultantes,
3449 3752 3513 3791 ac

1950 3828 2193 3885 lucentes
2221 3829 2569 3900 praeferentes
2587 3830 2886 3901 lampades,
2907 3831 2962 3885 in
2992 3831 3287 3885 thalamum
3317 3827 3517 3899 Sponsi

1949 3922 2210 3978 subeatis.
2240 3922 2317 3978 Ne
2370 3937 2499 3993 ergo
2555 3934 2776 3994 pr0pter
2819 3924 2998 3977 varias
3048 3922 3317 3993 serpentis
3368 3930 3515 3976 artes

1949 4012 2176 4081 ejusque
2205 4012 2505 4065 calumnias
2535 4012 2773 4065 animum
2810 4011 3212 4080 despondeatis,
3245 4009 3339 4064 sed
3378 4024 3518 4079 pra:-

1950 4115 2136 4177 parate
2168 4123 2261 4160 vos
2284 4107 2483 4160 acriter
2511 4106 2576 4159 ad
2613 4122 2869 4177 pugnam,
2904 4107 3109 4176 galeam
3143 4106 3335 4160 salutis
3359 4114 3412 4160 et
3434 4105 3517 4160 ιο-

1950 4199 2142 4262 ricam,
2174 4206 2286 4251 tum
2326 4213 2549 4251 crurum
2588 4198 2965 4267 l'cmorumque
3011 4213 3161 4251 arma
3202 4197 3398 4253 bellica
3430 4197 3517 4251 in-

1950 4292 2175 4346 dutae“.
2224 4291 2602 4345 Incredibilem
2645 4291 2790 4345 enim
2820 4290 2896 4343 illi
2943 4298 3222 4360 stuporem
3252 4289 3512 4354 all'eretis,

1880 4422 1926 4477 Β
1953 4385 2082 4440 dum
2118 4400 2311 4456 magno
2333 4386 2387 4438 in
2424 4386 2600 4455 ipsum
2634 4384 2814 4437 animo
2850 4384 3180 4453 robustaque
3198 4383 3515 4437 constantia

1954 4478 2192 4533 irruetis.
2247 4477 2433 4546 Neque
2488 4476 2709 4530 omnino
2762 4475 3051 4529 sustinebit
3104 4475 3386 4543 impetum,
3419 4473 3515 4542 qui

1955 4571 2048 4625 Dei
2074 4571 2233 4640 jussu
2265 4569 2538 4638 ductuque
2577 4567 2873 4621 instructas
2912 4573 3073 4635 atque
3107 4566 3380 4619 accinctas
3414 4563 3512 4617 ad-

1954 4678 2170 4719 versum
2203 4678 2262 4717 se
2294 4661 2589 4732 procedere
2619 4659 2764 4713 acies
2811 4658 3009 4712 videat.
3045 4656 3151 4713 Sed
3194 4658 3375 4711 statim
3408 4657 3514 4710 tol-

288 4750 395 4805 lere
428 4766 525 4804 vos
585 4750 943 4804 certaminum
1001 4757 1206 4819 septem
1267 4750 1445 4820 opima
1483 4753 1654 4823 spolia
1687 4759 2037 4830 prmmiaque,
2092 4753 2375 4823 multiceps
2428 4759 2481 4805 et
2524 4749 2836 4805 multilrons
2876 4748 3050 4805 bestia
3098 4748 3284 4803 volens
3323 4750 3512 4805 nolens

287 4842 436 4897 feret.

262 4993 268 4997 '
352 4980 584 5046 Πρόσθε
604 4976 762 5030 λέων
782 4975 914 5048 (24),
946 4976 1151 5031 ὄπιθεν
1184 4976 1251 5029 δὲ
1277 4976 1527 5045 δράκων,
1549 4979 1751 5048 μέσση
1787 4981 1855 5034 δὲ

353 5121 559 5175 Aen-or
593 5120 1010 5175 ἀποπνείουσα
1041 5120 1228 5190 πυρὸς
1250 5119 1434 5188 μένος
1466 5048 1815 5187 άίῖἕὶιίὲξοῖο.

352 5192 460 5245 Καὶ
488 5192 603 5259 τὴν
622 5191 739 5260 μὲν
773 5190 1186 5259 κατέπεφνεν-ό
1212 5191 1699 5334 Βελλεροφόῖτῃς

1584 5278 1695 5329 την

349 5421 394 5451 ³³
433 5418 581 5473 Phil.
610 5435 673 5486 ιι,
699 5419 752 5472 7.

352 5580 464 5653 (21)
493 5582 735 5650 Πρόσθε
768 5582 831 5633 .1.
867 5578 1024 5635 Hom.
1089 5578 1252 5634 Iliad.
1294 5578 1353 5643 Z,
1387 5577 1510 5638 181.
1558 5576 1680 5633 190.
1711 5576 1853 5629 (ὶοιιοΔ

287 5664 449 5705 ιειτιε.

350 5724 463 5781 (25)
498 5720 890 5789 Κατέπεφνεν
929 5724 961 5773 ό
1002 5722 1505 5787 Βελλεροφόντης.
1541 5714 1856 5789 ΙλευιιὶεήΑ-Ι-

293 5789 400 5848 latii
430 5785 750 5860 lectionem,
778 5793 955 5863 ipsam
986 5785 1341 5859 laborantem,
1363 5789 1507 5859 quod
1538 5790 1659 5843 loco
1684 5790 1711 5840 ὁ
1737 5785 1860 5839 Βελ-

1987 4984 2185 5038 Fronte
2212 4986 2312 5050 leo,
2342 4981 2612 5052 caudaque
2630 4978 2810 5043 draco,
2842 4974 3110 5046 mediaque
3128 4974 3377 5029 chimtera

1991 5122 2093 5179 Ore
2124 5136 2327 5174 vomens
2357 5118 2505 5172 swvis
2536 5114 2776 5170 incendia
2807 5112 2983 5166 lurida
3003 5110 3233 5180 ﬂammis
3259 5126 3277 5163 :

1990 5192 2061 5245 Et
2089 5192 2238 5246 illam
2283 5188 2489 5259 quidem
2526 5185 2874 5256 Bellerophon
2918 5182 3183 5239 sustulit:
3218 5181 3353 5235 hanc
3398 5194 3515 5233 vero

832 5418 876 5449 ’θ
917 5416 1103 5471 Ειιεείι.
1133 5433 1264 5482 xvn,
1308 5418 1362 5473 5.
1439 5418 1483 5448 ⁶⁰
1528 5416 1717 5487 Ephes.
1753 5432 1826 5480 vr,
1866 5416 1952 5470 l7.

1961 5570 2283 5642 λεροφόντης
2304 5575 2469 5642 esset,
2486 5571 2513 5621 ὁ
2542 5566 2805 5640 Περσεύς,
2827 5566 3043 5642 praalixa
3073 5564 3233 5642 etiam
3254 5559 3513 5642 particula

1962 5631 2187 5714 πρίνίειό
2223 5631 2544 5714 explendum
2584 5631 2814 5714 metrum
2829 5631 2859 5714 ζ.
2884 5638 2965 5714 sic
2995 5635 3139 5689 nulla
3172 5633 3244 5714 vi,
3269 5631 3501 5714 exigente

1964 5700 2141 5765 fabula
2166 5726 2260 5765 seu
2295 5700 2543 5769 historia,
2582 5708 2881 5763 emendavi.
2919 5705 3099 5773 Longe
3123 5703 3287 5773 enim,
3313 5700 3505 5773 distat.-

1966 5782 2197 5839 l’erscus
2226 5788 2279 5836 et
2301 5778 2671 5849 BellerOphon,
2702 5777 3006 5845 diversique
3026 5771 3242 5830 illorum
3275 5771 3502 5831 labores,
