4052 6338
497 275 600 334 I39

1442 273 1501 333 8.
1543 271 1872 331 ΜΕΤΗΟΒῘΙ
1904 271 2213 331 EPISCOPI
2247 272 2335 328 ET
2362 268 2721 328 MABTYBIS

3623 267 3725 322 160

523 392 769 452 Christus
791 408 883 449 rex
904 409 925 448 :
948 391 1128 447 multis
1150 391 1335 462 quippe
1356 392 1522 446 exitio
1559 390 1684 471 fuit.
1715 409 1806 471 nec
1836 391 2041 471 ferenda

2220 388 2474 458 Χριστὸς
2502 385 2656 452 ἄναξ
2679 403 2692 416 ·
2729 381 2997 449 πολλοὺς
3049 382 3160 454 γὰρ
3205 381 3544 471 (indutam-:3,
3567 380 3728 471 .6666

1705 464 1785 516 uis
1805 464 1916 516 erat

1705 464 1785 516 uis
1805 461 1916 516 erat

524 532 699 601 Quam
731 548 795 588 ea:
824 533 967 604 genis
1002 545 1216 586 noxiam
1239 546 1478 601 spumam
1501 461 1802 613 eruc'tLtItat;
1925 503 1939 528 ’

489 669 593 726 nisi
624 667 960 741 proﬂigatam
988 665 1240 721 Christus
1258 666 1411 734 prius
1433 662 1778 724 debellasset,
1798 677 2054 732 prorsus-

485 779 594 833 que
639 761 912 816 infirmam
963 767 1127 831 atque
1164 763 1532 827 contemptam
1560 754 1745 824 .nobis
1778 753 2051 810 reddidis-

487 863 590 910 sct.

2221 529 2458 598 Λοιγιον
2506 527 2576 581 ἐκ
2623 526 2850 597 γενύων
2887 523 3079 594 ἀφρὸν
3120 451 3651 593 ἐρευγοιΕΞξαΞτψ

2158 667 2208 718 εἰ
2241 663 2314 737 μὴ
2357 664 2620 736 πρότερον
2668 663 2901 727 ἐκλύσας
2943 662 3110 734 αὐτὴν
3152 661 3574 732 κατειργάσατο,
3627 661 3727 714 καὶ

2157 757 2356 827 ἀσθενῆ
2388 757 2483 810 καὶ
2509 755 2980 827 εὐκαταφρόνητον
3005 755 3136 825 ἡμῖν
3177 752 3461 817 παντελῶς
3499 751 3726 823 ἐποίησε

2157 848 2413 920 Χριστός.

484 971 614 1027 CAP.
643 967 782 1028 XIII.
814 971 1008 1027 Bestia:
1030 971 1337 1027 diademata
1364 981 1582 1041 septem,
1609 971 1819 1041 victrice
1848 969 2096 1041 castitate
2151 968 2405 1024 tollenda.
2443 969 2702 1023 Draconis
2729 985 2927 1023 cornua
2960 967 3157 1033 decem,
3190 965 3450 1037 Decalogo
3482 964 3728 1034 opposita

1568 1043 1715 1098 uitia.
1747 1039 1878 1095 Fati
1901 1040 2094 1109 opinio,
2127 1041 2326 1094 malum
2358 1041 2667 1094 maximum.

553 1155 735 1223 Quare
767 1157 1010 1212 masculo
1041 1157 1334 1228 sobrioque
1382 1165 1665 1228 assumpto
1697 1159 1899 1221 animo,
1935 1155 2050 1210 fru-

483 1256 595 1306 stra
631 1247 864 1318 ringenti
893 1249 1083 1304 belluas
1112 1264 1175 1304 ac
1197 1251 1422 1304 tumenti
1447 1264 1598 1304 arma
1629 1250 1902 1320 opponite.
1919 1248 2048 1319 Ejus

482 1340 618 1394 nihil
651 1340 1146 1410 oppugnationibus
1166 1340 1360 1404 cedite,
1393 1351 1553 1395 autve
1578 1340 1703 1395 hinc
1731 1341 2046 1406 turbemini,

483 1431 626 1501 quod
659 1429 1007 1486 ferocientem
1037 1430 1287 1486 videatis.
1325 1429 1598 1485 Inﬁnitam
1629 1431 1774 1486 enim
1799 1431 2048 1489 referetis

485 1523 733 1594 g'oriam.
770 1522 814 1577 si
847 1522 1072 1576 victoria
1097 1521 1299 1593 potitae.
1325 1538 1462 1593 quas
1491 1530 1666 1594 gestat
1710 1531 1916 1594 septem
1948 1539 2046 1580 co-

485 1629 652 1668 ronas
675 1627 738 1667 ac
765 1613 1095 1678 diademata,
1119 1614 1185 1668 ab
1220 1615 1311 1668 illa
1343 1615 1714 1682 abstuleritis;
1750 1615 1817 1670 de
1846 1615 2044 1685 quTbus

485 1704 642 1759 nobis
673 1713 948 1760 certamen
984 1720 1048 1760 ac
1077 1705 1220 1759 lucta
1261 1707 1538 1776 proposita
1568 1715 1674 1773 est,
1699 1714 1758 1761 ut
1791 1706 2050 1778 magister

486 1807 669 1853 noster
689 1797 890 1853 Paulus
916 1797 1098 1854 tradit.
1131 1799 1264 1866 Quae
1290 1801 1435 1856 enim
1457 1800 1724 1856 debellato
1753 1801 1905 1871 prius
1930 1800 2051 1856 dia-

481 1887 627 1953 bolo,
659 1897 864 1961 septem
905 1889 1083 1961 capita
1116 1895 1406 1958 necaverit,
1435 1900 1640 1964 septem
1683 1893 1900 1948 virtutis
1954 1908 2050 1948 co-

481 1996 646 2037 reuas
686 1982 1040 2052 adipiscetur,
1076 1993 1279 2054 septem
1327 1983 1538 2055 magnis
1565 1983 1848 2055 perfuncta
1880 1985 2048 2040 casti-

483 2074 610 2127 tatis
631 2074 1047 2129 certaminibus.
1082 2073 1258 2146 Caput
1281 2075 1424 2131 enim
1457 2076 1715 2132 draconis
1745 2083 1829 2132 est
1852 2075 2047 2132 intem-

482 2168 726 2235 perantia
757 2174 810 2222 et
841 2167 1000 2223 luxus
1023 2184 1036 2234 ;
1060 2168 1154 2238 qui
1177 2167 1280 2224 hoc
1305 2176 1469 2239 caput
1499 2167 1850 2240 confregerit,
1880 2169 2048 2225 casti-

480 2258 607 2312 tatis
631 2272 832 2312 corona
857 2259 1161 2314 ornabitur.
1195 2261 1367 2330 Caput
1396 2267 1556 2316 estet
1587 2260 1820 2332 ignavia,
1860 2259 2048 2314 fracti-

481 2362 586 2418 que
617 2349 785 2403 animi
815 2351 1046 2406 imbellis
1073 2366 1274 2420 pavor;
1316 2353 1410 2420 qui
1459 2352 1563 2408 hoc
1613 2352 1747 2422 pede
1794 2368 2046 2424 premens

481 2439 707 2505 eliserit,
739 2454 994 2494 coronam
1018 2440 1228 2497 auferet
1263 2443 1527 2513 martyrii.
1569 2441 1745 2512 Caput
1779 2451 1939 2500 estet
1964 2444 2047 2497 in-

482 2529 714 2584 fidelitas
745 2537 800 2584 et
830 2533 1082 2599 stultitia,
1107 2542 1161 2589 et
1203 2535 1409 2605 reliqua
1441 2535 1494 2589 id
1523 2551 1695 2606 genus
1724 2537 2047 2607 improbita-

481 2613 552 2678 tis
582 2631 859 2682 monstra:
889 2625 982 2694 qui
1005 2641 1068 2680 ea
1106 2625 1399 2680 confecerit
1422 2641 1485 2680 ac
1516 2628 1833 2698 perdiderit,
1863 2630 2042 2699 opima

477 2711 545 2766 de
577 2714 684 2770 illis
714 2714 953 2770 vietoria:
983 2718 1205 2786 praamia
1229 2721 1548 2791 reportabit,
1582 2722 1878 2778 multifarie
1911 2738 2044 2777 eon-

480 2815 600 2861 lusa
625 2809 867 2877 potentia
904 2810 1179 2867 draconis.
1216 2812 1350 2874 Nam
1375 2822 1425 2869 et
1458 2813 1643 2870 decem
1680 2831 1884 2872 cornua
1920 2833 2045 2872 acu-

478 2897 655 2968 leique
679 2915 800 2970 quae
824 2901 876 2956 in
908 2903 1178 2972 capitibus
1201 2903 1343 2960 ferre
1365 2905 1534 2960 draco
1564 2906 1745 2962 dictus
1783 2915 1888 2973 est,
1910 2923 2042 2963 con-

2223 1155 2340 1220 Διὸ,
2375 1155 2546 1226 θυμὸν
2572 1155 2776 1226 ἄρρενα
2802 1152 3062 1206 λαϐοῦσαι
3091 1151 3186 1204 καὶ
3215 1151 3469 1220 νήφοντα,
3503 1149 3725 1205 ἐναντία

2154 1247 2310 1300 θέσθε
2353 1244 2431 1317 τῷ
2463 1245 2591 1316 θηρλ⁸
2630 1243 2925 1315 σφριγῶντι
2962 1242 3030 1294 τὰ
3071 1241 3238 1294 ὅπλα·
3277 1240 3397 1311 μηδ’
3438 1241 3728 1312 ὑποχωρή-

2153 1357 2284 1412 σητε
2334 1339 2394 1392 τὸ
2426 1337 2642 1392 σύνολον
2665 1375 2679 1398 ,
2725 1338 2808 1405 ἐφ’
2851 1329 2933 1399 οἷς
2978 1334 3300 1406 θρασύνεται
3333 1332 3719 1404 ταραχθεῖσαι·

2157 1431 2346 1503 μυρίον
2377 1430 2485 1502 γὰρ
2509 1428 2657 1494 ἕξετε
2681 1427 2858 1491 κλέος,
2889 1427 2984 1480 ὲάν
3019 1425 3251 1497 ἀφέλητε
3281 1426 3569 1496 νικήσασαι
3594 1425 3725 1489 τοὺς

2150 1526 2235 1578 ἐπ’
2263 1522 2424 1578 αὑτοῦ
2456 1521 2750 1592 στεφάνους
2777 1517 2938 1582 ἑπτὰ,
2971 1518 3039 1571 δι’
3067 1517 3161 1581 οὒς
3187 1520 3216 1570 6
3244 1515 3392 1586 ἀγὼν
3425 1519 3555 1587 ἡμῖν
3588 1517 3729 1589 πρό-

2150 1634 2325 1672 κειται
2353 1615 2448 1669 καὶ
2478 1617 2511 1687 ἡ
2536 1615 2702 1685 πάλη,
2734 1611 2873 1666 κατά
2899 1611 2990 1665 τὸν
3023 1609 3338 1665 διδάσκαλον
3382 1610 3609 1665 Παῦλον.
3655 1613 3723 1665 Ἡ

2150 1710 2258 1782 γάρ
2306 1706 2787 1778 καταγωνισαμένη
2839 1703 2928 1758 τοῦ
2975 1703 3220 1758 διαϐόλου
3280 1703 3575 1775 πρότερον,
3623 1705 3724 1758 καὶ

2148 1799 2472 1872 νεκρώσασα
2501 1798 2599 1862 τὰς
2636 1796 2776 1850 ἑπτὰ
2812 1795 3072 1866 κεφαλὰς,
3107 1796 3214 1849 τῶν
3261 1795 3399 1848 ἑπτὰ
3440 1797 3724 1864 στεφάνων

2147 1893 2246 1964 τῆς
2297 1892 2499 1964 ἀρετῆς
2550 1888 2818 1963 ἐγκρατὴς
2875 1888 3113 1957 γίνεται,
3173 1887 3441 1959 μεγάλους
3502 1888 3722 1956 ἀγῶνας

2146 1982 2480 2054 διαθλήσασα
2501 1981 2595 2052 τῆς
2632 1980 2872 2048 ἁγνείας.
2901 1980 3125 2051 Κεφαλὴ
3152 1981 3259 2052 γὰρ
3292 1979 3386 2032 τοῦ
3429 1978 3722 2053 δράκοντός

2147 2077 2294 2130 ἐστιν
2330 2077 2363 2146 ἡ
2392 2073 2630 2146 ἀκρασία
2668 2075 2824 2144 καὶή
2873 2074 3050 2146 τρυφή
3077 2089 3090 2102 ·
3126 2075 3155 2126 6
3181 2071 3384 2144 ταύτην
3419 2073 3720 2137 συνθλάσας

2147 2167 2419 2222 ἀναδεῖται
2469 2167 2559 2220 τὸν
2603 2167 2864 2236 στέφανον
2919 2167 3018 2236 τῆς
3067 2165 3434 2238 σωφροσύνης.
3490 2165 3718 2237 Κεφαλή

2145 2262 2260 2313 ἐστι
2296 2262 2388 2315 καὶ
2418 2262 2450 2330 ἡ
2484 2259 2652 2314 δειλία
2686 2261 2778 2313 καὶ
2809 2261 2842 2330 ἡ
2886 2258 3080 2331 θρύψις
3101 2275 3114 2289 ·
3160 2261 3189 2312 6
3222 2257 3423 2330 ταύτην
3468 2260 3722 2331 πατήσας

2144 2353 2234 2406 τὸν
2257 2353 2518 2422 στέφανον
2548 2353 2847 2424 ἀναιρεῖται
2875 2352 2966 2407 τοῦ
3003 2352 3318 2424 μαρτυρίου.
3347 2353 3568 2424 Κεφαλή
3598 2353 3720 2406 ἐστι

2145 2446 2239 2498 καὶ
2263 2446 2295 2516 ἡ
2325 2445 2550 2498 ἀπιστία
2582 2445 2674 2498 καὶ
2697 2447 2730 2515 ἡ
2760 2444 2931 2512 ἄνοια,
2961 2445 3054 2497 καὶ
3073 2443 3141 2497 τὰ
3170 2444 3301 2497 ἀλλα
3328 2445 3585 2508 ὡσαύτως
3614 2443 3720 2516 τῆς

2145 2538 2404 2610 πονηρίας
2449 2537 2921 2608 πλεονεκτήματα·
2958 2539 2986 2589 6
3017 2536 3188 2590 ταῦτα
3239 2536 3718 2608 κατεργασάμενος

2144 2632 2238 2686 καὶ
2268 2629 2470 2684 ἀνελὼν
2496 2630 2596 2694 τὰς
2627 2630 2713 2683 ἐπ’
2755 2631 2938 2692 αὐτοῖς
2967 2628 3130 2699 τιμὰς
3163 2629 3517 2701 ἀποφέρεται,
3553 2629 3719 2682 πολυ-

2142 2725 2358 2796 τρόπως
2397 2723 2859 2793 ὲκκεραῖζομένης
2898 2719 2994 2774 τοῦ
3039 2721 3328 2792 δράκοντος
3370 2722 3470 2791 τῆς
3510 2721 3712 2792 ἰσχύος.

2142 2817 2252 2871 Καὶ
2275 2814 2383 2888 γὰρ
2421 2814 2516 2868 καὶ
2535 2813 2604 2866 τά
2633 2808 2763 2866 δέκα
2805 2812 3010 2883 κέρατα
3057 2812 3148 2864 καὶ
3181 2811 3403 2883 κέντρα,
3441 2811 3584 2883 ἅπερ
3621 2810 3718 2866 ἐπὶ

2139 2912 2259 2975 ταῖς
2284 2907 2539 2976 κεφαλαῖς
2567 2904 2759 2976 ἐλέχθη
2789 2904 2993 2976 φέρειν,
3011 2904 3066 2956 αἱ
3086 2903 3216 2957 δέκα
3236 2902 3532 2966 ἀντιθέσεις
3555 2903 3713 2966 εἰσίν,

477 2991 646 3044 traria
669 2991 854 3048 decem
888 2992 1156 3066 Decalogo
1184 3005 1503 3068 argumenta
1533 3007 1680 3063 sunt,
1711 3014 1743 3054 ο
1770 3001 2040 3070 praeclara:

2143 2997 2184 3056 ὦ
2217 2997 2650 3070 καλλιπάρθενοι,
2688 2995 2782 3049 τοῦ
2818 2995 3142 3062 Δεκαλόγου,
3185 2989 3270 3057 αἷς
3305 2993 3716 3065 ἀνακερατίζειν

477 3081 738 3153 virgines,
765 3087 962 3156 quibus
1000 3089 1232 3144 arietare
1279 3091 1568 3161 acriusque
1598 3099 1782 3162 petere
1809 3106 1872 3146 ac
1907 3093 2043 3162 deji-

479 3188 602 3229 cere
635 3177 988 3246 plurimorum
1045 3182 1255 3237 animos
1302 3184 1625 3249 consuevit;
1668 3200 1861 3253 nempe
1909 3184 2039 3239 huic

477 3277 744 3339 praecepto
773 3288 786 3324 :
820 3269 1015 3342 Diliges
1049 3272 1332 3327 Dominum
1353 3274 1518 3328 Deum
1552 3287 1698 3328 tuum
1726 3277 1791 3339 ⁸⁸,
1822 3291 1885 3331 ac
1913 3277 2043 3331 reli-

476 3360 599 3429 quis
615 3360 870 3433 deinceps
900 3365 1170 3421 mandatis
1199 3367 1471 3422 contraria
1504 3368 1720 3438 sapiens
1745 3368 2044 3440 ipse,aliis-

476 3466 583 3521 que
629 3453 920 3511 obtruderc
971 3466 1243 3529 satagens.
1295 3457 1424 3515 Vide
1484 3461 1629 3515 enim
1683 3460 1828 3515 illius
1868 3475 2039 3514 cornu

477 3543 599 3612 igne
623 3561 913 3603 accensum
937 3565 1000 3604 ac
1033 3553 1451 3616 amarulentum,
1473 3552 1910 3619 fornicationem,
1929 3570 2037 3624 quo

478 3634 901 3705 intemperantes
929 3639 1052 3694 ferit
1082 3661 1094 3696 :
1132 3643 1251 3698 vide
1279 3645 1628 3711 adulterium,
1665 3646 1784 3702 vide
1815 3646 2039 3701 menda-

2147 3092 2301 3146 εἴωθε
2353 3091 2444 3144 καὶ
2493 3088 2703 3159 βάλλειν
2753 3087 2848 3150 τὰς
2897 3085 3004 3138 τῶν
3063 3085 3325 3139 πλείστων
3372 3085 3574 3156 ψυχάς·
3605 3086 3712 3156 τῇ·

2160 3183 2539 3255 Ἀγαπήσεις,
2573 3179 2782 3251 ἐντολῇ,
2815 3178 2918 3232 τὸν
2948 3179 3167 3246 Κύριόν
3202 3194 3316 3232 σου
3336 3218 3350 3242 ,
3393 3177 3460 3231 τά
3492 3177 3716 3232 ἐναντία

2149 3277 2355 3350 φρονῶν
2388 3274 2481 3328 καὶ
2521 3273 2951 3342 τεκταινόμενος,
2980 3270 3074 3325 καὶ
3106 3272 3218 3335 τοῖς
3259 3270 3382 3341 έξῆς
3421 3271 3716 3344 νομοθετή-

2150 3385 2302 3442 μασι.
2353 3367 2449 3420 ’ἰδὲ
2477 3366 2586 3437 γὰρ
2633 3365 2798 3436 κέρας
2845 3362 3010 3416 αὐτοῦ
3063 3363 3321 3433 διάπυρον
3353 3365 3446 3416 καὶ
3493 3364 3711 3436 πικρὸν,

2145 3461 2243 3532 τὴν
2278 3458 2525 3530 πορνείαν
2551 3499 2564 3523 ,
2607 3448 2651 3523 ᾧ
2695 3455 2820 3519 τοὺς
2865 3453 3177 3524 ἀκράτορας
3229 3452 3438 3524 βάλλει·
3495 3454 3568 3507 ἰδὲ
3613 3455 3714 3511 τὴν

2140 3555 2408 3628 μοιχείαν,
2437 3551 2513 3605 ίδὲ
2541 3550 2601 3604 τὸ
2631 3548 2843 3620 ψεῦδος,
2871 3547 2944 3600 ἰδὲ
2971 3545 3066 3618 τὴν
3098 3545 3476 3618 φιλαργυρίαν,
3513 3546 3586 3600 ἰδὲ
3611 3547 3714 3618 τὴν

2136 3646 2361 3718 κλοπὴν,
2407 3641 2600 3697 καὶτὰ
2646 3640 2781 3695 ἄλλα
2823 3637 3034 3702 τούτοις
3071 3637 3276 3707 ἀδελφά
3315 3638 3409 3691 καὶ
3452 3638 3709 3708 συγγενῆ,

477 3729 643 3792 cium,
676 3729 798 3784 vide
843 3733 1141 3798 avaritiam,
1182 3736 1305 3791 vide
1356 3737 1584 3802 furtum,
1621 3747 1781 3809 atque
1827 3739 2037 3810 reliqua

2143 3740 2306 3793 ὂπόσα
2375 3731 2792 3806 ὑπερισχύουσιν
2854 3730 2997 3802 ἀμφὶ
3057 3733 3178 3794 ταῖς
3224 3729 3483 3798 κεφαλαῖς
3542 3727 3708 3783 αὑτοῦ

475 3816 562 3873 his
587 3833 843 3890 germana
869 3829 923 3876 et
962 3822 1172 3892 affinia,
1201 3833 1401 3896 quanta
1449 3827 1597 3883 circa
1634 3829 1781 3884 illius
1813 3829 2040 3900 panici-

2143 3829 2253 3890 ταῖς
2303 3821 2765 3904 ἀνθρωποκτόνοις
2825 3818 3138 3890 πεφυκότα·
3197 3817 3264 3883 ἃς
3297 3820 3450 3890 ὑμεῖς
3491 3835 3711 3890 συμμα-

548 3965 593 3998 ⁶¹
632 3963 790 4021 Deut.
823 3981 898 4033 v1,
922 3965 978 4023 5.

476 4122 560 4178 vel
589 4123 723 4186 veri,
750 4123 833 4200 vel
865 4124 1004 4179 ficti:
1043 4139 1143 4200 nec
1171 4131 1318 4200 tanta
1362 4123 1615 4200 Methodii
1658 4125 2028 4200 ἀνιστορῃσία,

479 4203 538 4247 ιιι
558 4210 675 4262 qua:
698 4195 858 4249 unius
883 4203 1010 4249 sunt
1044 4198 1125 4266 (re
1142 4197 1220 4249 sic
1240 4196 1388 4258 trita,
1418 4204 1470 4250 et
1505 4197 1559 4249 in
1584 4198 1776 4264 patria,
1805 4195 2031 4266 cui'ipse

479 4265 692 4336 praefuit
733 4266 1042 4336 episcopus)
1095 4266 1385 4336 tribuerit:
1418 4266 1512 4320 sed
1558 4267 1844 4336 antiquarii
1882 4265 2028 4322 istud

481 4335 715 4406 plagium
741 4335 861 4397 fuit,
894 4334 951 4390 ut
982 4334 1035 4390 et
1062 4337 1203 4406 quod
1229 4334 1522 4391 Vaticanus
1538 4334 2030 4406 atitiquarius,ipse

483 4405 1093 4490 ridiculusLsubdidit,
1119 4407 1475 4490 ξατέπεςῖνῇ.
1510 4408 1720 4490 ῌατρδς
1745 4409 2030 4490 τερᾲτεσσι
2065 4435 2106 4490 D

485 4476 716 4548 πιθήσας
744 4476 974 4548 Χριστὸς
1013 4476 1197 4548 ἄναξ·
1231 4478 1386 4546 quasi
1419 4476 1667 4532 Christus
1707 4476 1829 4534 vere
1861 4479 2032 4548 ipsius

484 4546 750 4602 chimzeraa
776 4546 1010 4602 domitor
1033 4547 1194 4602 fuerit
1220 4564 1447 4617 eamque
1475 4548 1755 4612 occiderit,
1786 4546 1896 4604 non
1912 4549 2032 4604 dia-

485 4617 666 4690 bolum
713 4625 767 4674 et
798 4620 1112 4690 draconem,
1151 4623 1310 4688 cujus
1337 4620 1424 4674 ille
1450 4628 1575 4690 typo
1601 4620 1911 4674 chimaaram
1942 4635 2032 4675 as-

483 4688 652 4760 sumit
679 4707 691 4743 :
717 4689 809 4757 qui
838 4705 1031 4745 sensus
1060 4691 1426 4758 pcrabsurdus
1455 4688 1558 4752 est,
1590 4706 1698 4760 quo
1726 4690 1888 4745 etiam
1925 4691 2035 4744 hiat

481 4759 676 4822 oratio,
708 4759 1014 4814 desiderata
1035 4763 1201 4815 altera
1228 4771 1379 4830 parte
1413 4759 1734 4815 adversante
1760 4779 1772 4814 :
1808 4775 1928 4814 nam
1951 4761 2033 4824 τὸ,

480 4830 580 4902 τὴν
609 4830 726 4899 μὲν,
752 4833 850 4902 τὴν
887 4830 943 4883 δέ
962 4831 1194 4901 postulat
1217 4833 1330 4886 sive
1353 4832 1514 4885 etiam
1545 4830 1634 4884 τὸν
1660 4831 1911 4902 6é,7qnod
1940 4830 2036 4884 lia-

486 4899 662 4970 btterit
690 4899 868 4955 Allatii
892 4899 1095 4968 codex;
1128 4911 1316 4969 estque
1355 4903 1576 4960 indicio.
1617 4901 1761 4970 quod
1789 4899 2032 4955 'mascuo

484 4969 596 5043 lino
615 4987 811 5040 genere
840 4972 1194 5043 ἐρευγόμενον
1227 4974 1407 5034 habet,
1432 4973 1588 5040 quasi
1617 4969 1902 5026 referendo
1945 4971 2036 5024 τὸν

482 5040 750 5110 δράκοντα
782 5049 836 5097 et
860 5040 1164 5098 diabolum:
1202 5056 1363 5111 quam
1397 5043 1679 5098 lectionem
1706 5043 1886 5097 minus
1909 5056 2036 5111 pro-

487 5112 578 5167 bat
605 5112 781 5166 editor
811 5111 1038 5182 Lupar.,
1086 5128 1185 5182 ego
1215 5113 1387 5182 magis
1431 5113 1622 5180 probo,
1652 5114 1941 5182 malimque
1968 5112 2035 5166 ad

487 5196 606 5254 eam
637 5183 827 5254 omnia
846 5181 1246 5254 ceniponi,’etsi
1278 5181 1534 5254 _feminine
1559 5182 1685 5237 ferri
1715 5181 2035 5254 poteSt,qua

485 5251 766 5308 Chimaera:
801 5251 991 5322 figura,
1022 5253 1222 5308 Christi
1260 5252 1326 5307 de
1360 5251 1592 5306 dracone
1628 5263 1680 5308 et
1715 5251 1928 5307 diabolo
1950 5251 2038 5306 ’vi-

489 5323 717 5377 ctoriam
747 5323 1028 5388 describit,
1062 5324 1154 5393 qui
1197 5323 1269 5394 sit
1297 5325 1527 5394 mystica
1555 5323 1839 5378 Chimaera.
1865 5323 2036 5377 Porro

486 5395 752 5449 Chimaera
807 5407 964 5448 mons
991 5391 1154 5448 est—in
1203 5391 1367 5463 Lycia
1416 5393 1742 5464 ignivomus.
1786 5396 1840 5448 in
1883 5394 2037 5463 cujus

488 5465 769 5519 cacumine
805 5463 986 5519 leones
1016 5463 1350 5534 habitarent,
1390 5463 1455 5517 in’
1484 5463 1659 5518 medio
1697 5466 1786 5520 ubi
1820 5465 2037 5534 pascuis

491 5534 747 5606 abundat,
771 5549 949 5606 caprae
972 5551 993 5606 ;
1022 5533 1077 5606 in
1105 5533 1400 5606 radicibus,
1427 5545 1727 5605 serpentes,
1745 5533 1903 5606 quem
1921 5535 2038 5589 Bel-

493 5603 748 5676 lerophon
796 5605 1144 5676 habitabilem
1191 5603 1534 5672 reddiderit;
1581 5603 1816 5676 hincque
1865 5606 2037 5676 poetis

491 5672 796 5747 edomuisse
817 5672 1139 5732 Chitntcram
1153 5683 1460 5747 monstrum
1475 5691 1570 5747 per
1596 5672 1830 5747 fabulam
1858 5672 2038 5747 dictus

495 5749 586 5805 sit.
617 5746 860 5804 Meminit
884 5748 1046 5806 etiam
1075 5747 1193 5821 ejus
1227 5746 1427 5804 montis
1451 5745 1704 5819 ignivomi
1733 5745 2036 5804 Methodius

2138 4127 2280 4196 apud
2309 4125 2675 4196 Epiphaniam
2717 4121 2874 4196 ILDe
2902 4123 3314 4196 resurrectione,
3373 4120 3708 4196 plantasque

2139 4191 2283 4266 haud
2320 4191 2506 4266 procul
2540 4197 2608 4266 ab
2633 4193 3167 4266 ebullientibusejtts
3200 4191 3432 4266 flammis
3453 4191 3706 4266 miratur.

2139 4265 2276 4321 Nota
2305 4264 2411 4320 alia
2441 4265 2507 4320 de
2540 4265 2976 4334 BellerOphonte,
3013 4264 3263 4332 datisque
3304 4264 3497 4318 litteris
3522 4275 3579 4318 ut
3606 4280 3708 4319 oc-

2138 4336 2430 4400 cideretur,
2490 4352 2612 4390 cum
2656 4335 2984 4406 impudicam
3026 4335 3308 4389 mulierem
3360 4349 3390 4386 a
3445 4349 3504 4388 se
3543 4350 3708 4404 repu-

2140 4408 2331 4473 lisset;
2384 4421 2489 4478 qua
2529 4417 2708 4462 tamen
2737 4405 3362 4478 ’molition_e_sic_clauus
3410 4411 3702 4478 evaserit;

2138 4478 2280 4549 haud
2306 4474 2529 4549 proinde
2553 4477 2902 4549 importunus
2929 4476 3014 4530 vel
3038 4475 3242 4549 Christi
3271 4474 3497 4549 figura,“
3513 4476 3594 4530 vel
3634 4477 3706 4529 li-

2137 4548 2218 4602 bri
2250 4545 2567 4618 argumento
2596 4545 2662 4601 de
2687 4547 2993 4618 virginitate
3019 4555 3073 4601 et
3098 4545 3446 4618 castimonia.
3467 4545 3704 4602 Perseus

2137 4619 2272 4674 nihil
2300 4615 2621 4689 ιξιῑιιειῐιοίιί,Δ
2641 4619 2755 4686 ipse
2777 4615 3000 4672 Danaes
3027 4631 3092 4671 ac
3122 4615 3273 4689 Jovis
3324 4624 3513 4689 stupro
3563 4631 3704 4689 conf

2136 4685 2346 4758 ceptus,
2377 4701 2430 4745 et
2454 4689 2544 4760 qui
2574 4685 2877 4760 Medusam,
2894 4703 3152 4760 unamex
3180 4687 3542 4758 Gorgonibus,
3577 4686 3704 4742 orci

2135 4756 2516 4830 clypeotectus
2533 4759 2809 4814 occiderit.
2835 4757 2936 4813 Ubi
2963 4756 3114 4813 Iovis
3133 4756 3472 4830 assumptum
3496 4771 3704 4830 nomen

2137 4828 2201 4884 ad
2229 4828 2510 4902 tegendam
2530 4829 2688 4902 proci
2723 4845 3033 4902 personam_,
3063 4829 3155 4898 qui
3185 4828 3302 4882 auri
3337 4829 3383 4902 vi
3419 4828 3702 4902 corruptis

2136 4899 2477 4962 custodibus,
2527 4899 2580 4952 in
2623 4899 2805 4955 arcem
2856 4915 2961 4970 qua
3001 4899 3186 4953 Danae
3232 4899 3536 4970 tenebatur,
3589 4900 3701 4954 sibi

2136 4973 2276 5024 viam
2312 4973 2498 5025 fecerit
2521 4967 3214 5040 puellamque'corruperit.
3254 4967 3701 5040 Facessantergo

2137 5041 2487 5111 impudicitia:
2508 5039 2779 5111 exempla,
2813 5057 2880 5095 ne
2899 5056 3003 5094 non
3031 5039 3289 5094 illustrari
3314 5040 3566 5111 splendor
3589 5042 3703 5094 vir-

2139 5109 2384 5180 ginitatis
2410 5109 2694 5180 perorante
2711 5109 2910 5166 Thecla
2931 5111 3141 5180 virgine
3168 5109 3464 5180 earumque
3490 5109 3700 5180 princi-

2137 5179 2222 5250 pe,
2256 5179 2520 5246 videatur,
2553 5180 2648 5236 sed
2694 5179 2884 5235 ftedari
2923 5200 2936 5236 :
2972 5179 3334 5250 maneantque
3378 5179 3504 5250 quae
3538 5179 3701 5234 forti-

2137 5252 2345 5308 tudinis
2360 5268 2511 5322 aeque
2524 5267 2587 5306 ac
2603 5252 2870 5306 castitatis
2885 5252 3095 5322 illustre
3117 5253 3390 5322 specimen
3430 5251 3692 5322 habeant,

2137 5323 2187 5378 ei
2215 5319 2441 5394 prorsus
2481 5323 2714 5394 gemina,
2746 5323 2892 5392 quod
2937 5322 3004 5377 de
3052 5319 3242 5394 divino
3283 5319 3541 5394 .Iosepho,
3571 5321 3696 5389 ipso

2137 5391 2336 5465 Christi
2365 5391 2532 5465 figura
2563 5391 2841 5465 prtenohili
2865 5433 2880 5458 ,
2921 5392 3368 5465 sacrisgoraculis
3409 5391 3697 5465 olim_ntjo-

2138 5463 2308 5518 dituni
2335 5460 2425 5520 est
2452 5483 2466 5520 :
2500 5460 2647 5534 quod
2706 5463 2880 5533 ipsum
2917 5464 3053 5518 forte
3079 5461 3249 5517 Grteei
3283 5462 3338 5516 in
3367 5476 3466 5517 suo
3518 5460 3694 5516 Belle-

2140 5535 2402 5603 rophonte
2426 5544 2812 5604 repraesentare
2845 5534 3136 5596 voluerint,
3163 5541 3220 5604 ut
3250 5540 3379 5587 sunt
3419 5539 3606 5604 nostra
3635 5540 3694 5586 et

2139 5602 2293 5660 sacra
2326 5602 2748 5676 longe—profanis
2769 5602 3079 5659 Graecorum
3110 5603 3440 5674 antiquiora,
3471 5602 3692 5672 illisque

2141 5673 2465 5745 praeiverutit
2497 5673 2519 5729 ἱ
2539 5689 2644 5745 qua
2681 5673 2750 5730 de
2788 5689 2848 5730 re
2876 5690 2999 5730 cum
3022 5673 3255 5745 veteres
3272 5683 3386 5729 tum
3416 5680 3470 5731 ct
3494 5687 3691 5730 recen-

2139 5743 2304 5804 tiores
2327 5743 2624 5803 luculenter
2657 5751 2974 5803 traetavere.
3005 5743 3293 5801 COIBEI‘IS.
