4052 6338
503 245 613 303 155

1441 237 1500 295 s.
1536 235 1864 295 MErnomI
1899 212 2203 293 EPISCOPI
2243 234 2331 289 ET
2367 231 2723 290 MARTYRIS

3613 240 3722 298 "Si

502 359 586 417 ris
611 357 703 422 sit,
731 355 959 414 servatis
986 368 1198 425 semper
1221 352 1412 410 iisdem
1444 354 1681 424 partium
1728 353 2049 417 intervallis,

2165 352 2366 423 ἀνάγκη
2390 390 2405 416 ,
2459 351 2630 421 φασὶ,
2682 350 2820 404 κατὰ
2870 350 2969 416 τὰς
3007 350 3197 423 ὁμοίας
3257 349 3562 418 διαστάσεις
3609 355 3725 411 τῶν

504 451 739 508 mediam
783 447 1013 517 hujusce
1049 460 1228 501 rerum
1261 444 1631 501 universitatis
1653 453 1852 500 terram
1876 444 2061 500 consi-

509 542 641 598 dere
685 554 907 595 necesse
934 545 1039 605 est,
1068 538 1215 591 circa
1245 552 1407 608 quam
1436 536 1554 606 ipso
1586 536 1855 591 seniorem
1898 533 2063 589 verti-

506 636 601 685 tur
624 628 841 684 costum.
895 624 1029 680 Nam
1079 626 1126 680 si
1181 640 1245 680 ex
1286 631 1487 695 puncto
1517 631 1572 679 et
1616 630 1804 679 centro
1846 630 2064 678 constat

508 722 731 795 sphaerae
757 714 1204 781 circumductus,‘
1232 717 1326 787 qui
1366 717 1553 787 utique
1586 714 1737 771 orbis
1768 731 1890 773 esse
1912 715 2064 772 vide-

483 806 601 870 .‘tur
629 818 684 867 et
712 810 985 867 circulus:
1009 823 1132 863 cum
1164 806 1278 863 ﬁeri
1308 822 1415 862 non
1438 807 1610 877 possit
1636 816 1692 861 ut
1721 808 1840 864 sine
1860 815 2063 879 puncto

505 903 749 959 circulus
782 901 1147 964 describatur,
1183 913 1283 953 nec
1314 898 1555 955 circulus
1582 914 1703 955 esse
1733 902 1906 970 possit
1936 902 2065 957 abs-

506 1011 612 1066 que
660 1002 885 1066 puncto,
925 981 1147 1063 quinam
1202 990 1319 1045 ﬁeri
1349 997 1583 1060 potest,
1620 991 1794 1057 aiunt,
1838 998 1896 1044 ut
1953 1006 2062 1046 non

507 1085 762 1141 omnibus
789 1084 940 1155 prior
970 1090 1113 1137 terra
1136 1081 1427 1145 exstiterit,
1450 1081 1678 1152 ejusque
1704 1082 1876 1151 ipsius
1896 1081 2063 1137 chaos

506 1184 563 1233 et
587 1175 952 1247 profundum?
978 1173 1141 1227 Planc
1162 1172 1306 1226 enim
1343 1172 1396 1226 in
1429 1174 1632 1229 erroris
1662 1170 1988 1243 profundum
2010 1181 2064 1228 et

509 1269 676 1324 chaos
707 1266 890 1322 miseri
933 1265 1169 1336 prolapsi
1223 1275 1368 1319 sunt.
1404 1264 1557 1331 Quod
1607 1282 1723 1319 cum
1773 1264 1933 1319 Deum
1973 1281 2061 1318 co-

509 1362 827 1433 gnovissent,
854 1377 957 1414 non
995 1361 1130 1414 sicut
1168 1359 1329 1413 Deum
1360 1360 1804 1429 gloriﬁcaverunt,
1828 1370 1918 1413 aut
1939 1377 2063 1430 gra-

513 1454 617 1508 tias
650 1462 897 1524 egerunt;
919 1450 1008 1505 sed
1046 1459 1366 1504 evanuerunt
1404 1451 1457 1504 in
1502 1451 1900 1520 cogitationibus
1928 1453 2060 1515 suis,

511 1550 563 1596 et
591 1542 926 1596 obscuratum
969 1548 1047 1594 est
1082 1539 1332 1608 insipiens
1380 1556 1470 1591 cor
1506 1555 1681 1592 eorum
1703 1541 1779 1603 ⁶’;
1829 1540 1912 1594 vel
1960 1540 2063 1595 hoc

510 1633 751 1689 maxime
778 1633 922 1703 quod
955 1648 1144 1688 eorum
1194 1630 1469 1701 sapientes
1495 1630 1630 1684 nihil
1661 1646 1783 1686 esse
1831 1630 2062 1685 terrenis

2161 445 2339 500 αὐτῶν
2382 445 2548 499 ὄντων
2593 443 3003 516 διαστημάτων,
3037 444 3208 516 μέσην
3250 443 3344 497 τοῦ
3396 447 3595 512 παντὸς
3620 449 3725 520 τὴν

2161 540 2265 611 γῆν
2297 537 2602 609 τυγχάνειν,
2638 538 2764 608 περὶ
2816 537 2883 608 ἣν
2912 538 2941 589 6
2971 537 3195 608 οὐρανὸς
3226 537 3553 610 περιδίνεται
3585 556 3725 613 προ-

2162 630 2483 703 γενεστέραν
2512 626 2695 684 οὖσαν.
2738 629 2803 682 Ei
2831 630 2940 701 γὰρ
2975 631 3041 682 ὲκ
3088 629 3313 700 σημείου
3357 631 3450 684 καὶ
3493 630 3725 703 κέντρου

2165 722 2482 795 περιφέρεια
2516 720 2861 791 συνέστηκεν.
2894 720 2924 772 ὃ
2947 719 3011 791 δὴ
3034 719 3230 785 κύκλος
3253 720 3363 792 (29)
3396 718 3533 776 εἶναι
3573 722 3730 777 δοκεῖ

2165 814 2440 884 (ἀδύνατον
2483 813 2539 867 δὲ
2584 813 2753 884 χωρὶς
2796 812 3018 883 σημείου
3066 813 3464 886 περιγραφῆναι
3501 814 3723 879 κύκλον,

2164 905 2360 960 κύκλον
2403 904 2447 958 δ’
2474 904 2692 957 ἔσεσθαι
2732 903 2988 960 ἀδύνατον
3031 903 3157 957 ἄνευ
3206 903 3475 975 σημείου),
3506 900 3625 970 πῶς
3655 906 3725 960 οὐ

2165 997 2271 1068 πρὸ
2292 997 2505 1051 πάντων
2533 999 2566 1067 ἡ
2590 997 2682 1066 γῆ,
2700 996 2852 1065 φησι,
2877 995 3189 1064 συνέστηκε,
3213 996 3306 1048 καὶ
3324 995 3385 1048 τδ
3411 996 3531 1050 κατ’
3553 996 3730 1069 αὐτὴν

2164 1089 2292 1159 χάος
2319 1088 2411 1142 καὶ
2434 1087 2628 1158 βάθος;
2658 1088 2751 1151 Εἰς
2776 1085 2938 1156 βάθος
2965 1086 3072 1157 γὰρ
3105 1086 3199 1139 καὶ
3229 1086 3359 1157 χάος
3389 1088 3557 1153 ὅντως
3586 1106 3727 1143 κατ-

2163 1177 2465 1249 ωλίσθησαν
2479 1178 2526 1230 οἱ
2541 1177 2769 1248 σχέτλιοι
2782 1176 3005 1247 πλάνης.
3024 1175 3091 1230 Οἳ
3103 1176 3199 1245 (al.
3218 1177 3343 1243 ὅτι),
3356 1180 3601 1247 γνόντες
3616 1180 3730 1234 τὸν

2166 1272 2340 1335 Θεὸν,
2374 1272 2484 1340 οὐχ
2523 1270 2602 1336 ὡς
2637 1269 2784 1323 Θεὸν
2813 1268 3116 1333 ἐδόξασαν
3160 1269 3199 1336 ἢ
3241 1271 3727 1339 εὐχαρίστησαν,

2163 1361 2300 1415 ἀλλ’
2346 1356 2794 1428 ἐματαιώθησαν
2830 1356 2901 1410 ἐν
2952 1354 3076 1421 τοῖς
3131 1355 3571 1427 διαλογισμοῖς,
3623 1357 3728 1412 καὶ

2163 1452 2482 1518 ἐσκοτίσθη
2515 1452 2554 1518 ὴ
2574 1449 2873 1515 ἀσύνετος
2902 1446 3097 1502 αὐτῶν
3139 1446 3349 1515 καρδία
3366 1465 3380 1477 ’
3430 1448 3523 1501 καὶ
3550 1448 3730 1503 ταῦτα

2164 1544 2258 1597 καὶ
2300 1543 2408 1596 τῶν
2437 1543 2568 1614 παρ’
2599 1541 2782 1606 αὐτοῖς
2835 1540 3129 1613 εἰρηκότων
3173 1539 3350 1608 σοφῶν
3370 1584 3386 1605 ,
3438 1541 3513 1605 ὡς
3571 1541 3730 1596 οὐδὲν

2178 1634 2484 1706 Ὀλυμπίων
2544 1632 2887 1705 ἐντιμότερον
2950 1631 3178 1703 γηγενὲς
3227 1626 3260 1700 ἢ
3334 1632 3726 1704 πρεσϐύτερον,

508 1723 747 1786 inrebus
768 1698 1081 1780 coelestibus
1104 1698 1342 1778 nobilius
1372 1729 1466 1775 aut
1488 1722 1758 1792 antiquius
1784 1723 2058 1778 dixerunt.

2166 1698 2325 1776 Ὅθεν
2354 1724 2452 1777 οὐκ
2492 1722 2579 1776 ἀεὶ
2615 1698 2810 1786 παῖδες·
2836 1698 3081 1787 ὅντως-οἱ
3123 1698 3354 1796 Χριστὸν
3378 1698 3725 1793 ’ἐγνωκότεῇ

506 1812 677 1872 Plane
708 1816 874 1888 igitur
899 1830 1008 1871 non
1042 1830 1258 1885 semper
1281 1814 1434 1884 pueri
1472 1813 1564 1882 qui
1599 1814 1877 1869 Christum
1901 1829 2066 1887 agno-

508 1923 661 1972 vere,
689 1907 838 1962 velut
868 1905 1040 1961 Graeci
1070 1906 1165 1976 qui
1210 1904 1408 1960 fabulis
1437 1902 1618 1974 potius
1658 1920 1721 1959 ac
1775 1904 2064 1976 figmentis,

507 2014 672 2069 quam
708 1997 1034 2054 eruditionis
1074 2004 1192 2052 arte
1224 1997 1330 2050 ulla
1362 2003 1455 2050 aut
1489 1995 1741 2051 facundia
1783 1998 2065 2054 veritatem

512 2089 842 2153 obruentes,
873 2086 1625 2162 humanasque_calamitates
1662 2087 1817 2142 caelis
1859 2086 2068 2143 adscri-

507 2177 722 2244 bentes,
753 2193 856 2233 nec
875 2177 1368 2243 erubescunt,dum
1389 2184 1549 2232 terra:
1576 2176 1835 2232 ambitum
1860 2193 2068 2248 geome-

508 2271 667 2326 tricis
709 2270 947 2325 inventis
973 2269 1271 2340 ﬁgurisque
1302 2268 1707 2337 describentes,
1729 2269 1925 2327 cmlum
1967 2270 2068 2327 do-

507 2369 656 2428 cent,
699 2364 989 2418 volucrum
1019 2361 1437 2432 natatiliumque
1478 2377 1540 2417 ac
1578 2364 1917 2418 terrestrium
1946 2364 2065 2419 ani-

516 2455 741 2510 malium
791 2450 1101 2512 simulacris
1161 2464 1413 2509 ornatum
1464 2470 1621 2518 esse,
1680 2455 2109 2535 stellarumque

507 2547 801 2620 qualitates
828 2549 911 2617 {ex
954 2547 1256 2619 priscorum
1302 2546 1579 2600 hominum
1614 2545 1858 2601 cladibus
1890 2561 1954 2602 ac
1980 2549 2067 2601 in-

509 2638 768 2696 fortuniis
798 2638 1056 2695 habuisse
1098 2646 1277 2695 ortum
1307 2656 1320 2692 :
1350 2637 1484 2693 adeo
1513 2644 1573 2691 ut
1609 2652 1676 2693 ex
1721 2639 1912 2692 horum
1951 2655 2070 2696 sen-

508 2731 700 2796 tentia,
727 2730 829 2801 ipsi
858 2730 1193 2801 planetarum
1223 2736 1404 2783 motus
1440 2743 1508 2784 ex
1539 2728 1806 2798 ejusmodi
1833 2732 2071 2804 corpori-

509 2818 616 2876 bm
636 2821 925 2891 pendeant.
950 2819 1156 2892 Gyrare
1184 2818 1435 2874 videlicet
1465 2819 1611 2873 circa
1636 2822 1917 2893 signorum
1941 2824 2072 2877 duo-

2164 1811 2411 1884 καθάπερ
2437 1810 2711 1882 Ἕλληνες,
2742 1811 2815 1874 οἳ,
2844 1810 3032 1882 μύθοις
3062 1811 3258 1883 μᾶλλον
3290 1814 3382 1866 καὶ
3414 1813 3730 1884 πλάσμασιν

2164 1903 2198 1975 ἢ
2234 1903 2394 1975 τέχνῃ
2426 1903 2534 1957 τῶν
2561 1903 2733 1973 λόγων
2763 1903 2861 1974 τὴν
2883 1903 3457 1975 ἀλήθειανχώσαντες,
3482 1906 3578 1959 καὶ
3608 1903 3731 1969 τοῖς

2163 1995 2409 2069 οὐρανοῖς
2441 1995 2539 2060 τὰς
2566 1993 2675 2049 τῶν
2718 1994 3017 2068 ἀνθρώπων
3062 1995 3542 2069 προσαρμόσαντες
3587 2015 3732 2070 συμ-

2165 2087 2363 2158 φορὰς,
2420 2086 2571 2140 οὐδὲν
2617 2085 2956 2158 αἰσχύνονται
2989 2089 3429 2161 καταγράφοντες
3476 2090 3574 2162 τὴν
3621 2087 3729 2160 τῆς

2163 2178 2484 2250 οἰκουμένης
2513 2178 2814 2251 περιφορὰν
2838 2184 3227 2251 γεωμετρικοῖς
3265 2181 3577 2254 θεωρήμασι
3626 2183 3729 2235 καὶ

2167 2274 2428 2342 σχήμασι,
2462 2271 2558 2323 καὶ
2592 2270 2685 2323 τὸν
2723 2268 2948 2340 οὐρανὸν
2975 2269 3211 2335 εἰδώλοις
3247 2272 3465 2343 πτηνῶν
3496 2272 3588 2325 καὶ
3624 2289 3727 2343 νη-

2165 2359 2309 2413 κτῶν
2341 2360 2435 2414 καὶ¹
2460 2359 2727 2432 χερσαίων
2767 2359 3141 2432 εἰσηγούμενοι
3189 2362 3591 2434 κεκοσμῆσθαι,
3627 2362 3730 2415 καὶ

2167 2451 2265 2515 τὰς
2300 2452 2587 2524 ποιότητας
2631 2452 2740 2505 τῶν
2780 2452 3023 2526 ἀστέρων
3055 2454 3118 2506 ἐκ
3147 2453 3252 2506 τῶν
3301 2454 3428 2524 περὶ
3451 2453 3576 2517 τοὺς
3621 2454 3729 2523 ἁρ-

2166 2541 2352 2612 χαίους
2395 2541 2709 2612 ἀνθρώπους
2753 2544 3041 2616 συμφορῶν
3079 2542 3534 2611 κατεσκευάσθαι,
3578 2543 3726 2597 ὥστε

2166 2634 2263 2698 τὰς
2288 2634 2394 2687 τῶν
2418 2634 2699 2706 πλανητῶν
2727 2635 2906 2698 αὐτοῖς
2930 2637 3168 2708 κινήσεις
3190 2636 3254 2690 ἐκ
3273 2635 3527 2689 τοιούτων
3554 2637 3713 2708 ἠρτῆ-

2170 2724 2291 2779 σθαι
2326 2728 2620 2797 σωμάτωψ
2655 2725 2981 2781 είλίσσεσθαι
3012 2727 3118 2799 γὰρ
3159 2728 3287 2799 περὶ
3326 2726 3424 2799 τὴν
3471 2727 3576 2781 τῶν
3620 2727 3731 2782 δώ-

2167 2816 2291 2874 δεκα
2328 2816 2530 2882 ζωδίων
2562 2815 2722 2886 φύσιν
2754 2816 2888 2885 φασὶ⁸
2942 2817 3068 2881 τοὺς
3100 2818 3355 2890 ἀστέρας,
3402 2818 3730 2890 ἑλκομένους

510 2912 690 2969 decim
730 2917 976 2966 naturam
998 2911 1183 2967 stellas
1215 2910 1385 2975 aiunt,
1423 2910 1611 2980 rapida
1642 2913 1850 2967 zodiaci
1877 2914 2064 2969 circuli

2166 2905 2260 2959 τοῦ
2302 2903 2562 2969 ζωδιακοῦ
2593 2904 2790 2958 κύκλου
2829 2907 2894 2976 τῇ
2936 2907 3096 2977 φορᾷ,
3124 2906 3198 2970 ὼς
3231 2907 3325 2960 καὶ
3359 2907 3445 2960 διὰ
3480 2909 3728 2980 συγκρά-

511 3011 719 3060 tractas
762 3002 1069 3074 vertigine:
1117 3011 1281 3072 atque
1316 3015 1384 3056 ex
1431 3000 1624 3056 harum
1682 3006 2064 3075 temperatione

2170 3011 2305 3058 σεως
2342 2993 2516 3047 αὐτῶν
2566 2994 2788 3068 ὁρᾶσθαι
2816 2996 2885 3050 τὰ
2927 2997 3287 3051 ἀποϐαίνοντα
3322 2997 3554 3064 πολλοῖς,
3580 3000 3729 3055 κατὰ

511 3092 785 3165 provideri
820 3070 941 3163 quae
968 3092 1127 3162 vulgo
1155 3070 1415 3147 eventura
1451 3098 1579 3146 sunt
1611 3108 1624 3144 :
1653 3106 1751 3161 pro
1770 3070 1953 3147 earum
1984 3095 2064 3149 in-

2165 3085 2264 3147 τὰς
2310 3086 2446 3156 πρὸς
2472 3084 2731 3156 ἀλλήλους
2759 3087 2939 3141 αὐτῶν
2992 3090 3282 3158 συναφείας
3319 3106 3378 3142 τε
3418 3090 3511 3143 καὶ
3549 3091 3730 3163 ἀπορ-

510 3192 597 3239 ter
621 3198 680 3240 se
706 3184 923 3239 diversa
948 3183 1292 3248 cohaerentia,
1325 3182 1539 3253 alioque
1586 3188 1640 3237 et
1686 3182 1794 3238 alio
1839 3184 2065 3254 inﬂuxu,

511 3281 744 3344 ortuque
770 3282 826 3329 et
848 3288 1074 3328 occasu.

580 3364 718 3421 Cum
745 3365 891 3421 enim
919 3366 1119 3421 coelum
1167 3378 1328 3420 omne
1380 3364 1437 3419 in
1466 3363 1653 3419 orbem
1684 3365 2066 3436 conglobatum

510 3457 605 3523 sit,
651 3466 947 3529 centroqne
990 3473 1054 3513 ac
1083 3464 1287 3527 puncto
1317 3464 1463 3511 terra
1490 3463 1695 3521 utatur,
1737 3462 1796 3510 ut
1837 3456 1917 3510 illi
1951 3456 2068 3511 exi-

511 3548 759 3611 stimant,
787 3546 935 3617 quod
964 3562 1153 3602 omnes
1181 3546 1337 3601 linea:
1362 3553 1523 3601 rectae
1541 3542 1609 3601 ab
1638 3546 1843 3601 ambitu
1876 3546 1931 3600 in
1958 3558 2065 3602 ter-

511 3651 630 3691 ram
670 3636 996 3701 incidentes,
1023 3637 1170 3693 inter
1206 3652 1266 3692 se
1300 3638 1539 3707 aequales
1570 3638 1701 3704 sint,
1734 3639 1802 3694 ab
1832 3640 2066 3694 ambien-

472 3740 477 3745 '
511 3728 661 3782 tibus
693 3727 872 3797 ipsum
919 3730 1142 3785 circulis
1197 3730 1442 3788 dominio
1492 3737 1746 3803 praevalet
1789 3750 2064 3806 :quorum

512 3818 846 3874 meridianus
873 3818 1016 3874 inter
1036 3821 1301 3878 maximos
1333 3827 1585 3882 emineat.
1628 3827 1709 3882 Ab
1742 3827 1845 3880 hoc
1873 3841 2067 3881 secun-

513 3908 617 3965 dus
647 3910 738 3975 sit,
764 3909 859 3981 qui
892 3918 947 3965 et
996 3910 1111 3981 ipse
1156 3913 1211 3966 in
1261 3922 1443 3984 partes
1484 3919 1718 3987 aequales
1746 3917 2058 3972 universum

509 4012 679 4067 secet,
704 4017 865 4072 quem
896 4002 1231 4059 horizontem
1268 4006 1345 4077 (id
1391 4016 1475 4062 est
1511 4000 1794 4079 ﬁniiorem)
1823 4017 2056 4065 vocant:

515 4093 709 4149 tertius
742 4094 842 4151 hos
864 4095 1221 4161 intersecans,
1243 4097 1656 4167 aequinoctialis.
1687 4098 1915 4154 Istorum
1940 4114 2062 4170 por-

517 4198 580 4237 ro
616 4184 743 4239 hinc
783 4184 909 4241 inde
937 4185 1005 4239 ad
1048 4179 1228 4240 latera'
1250 4188 1441 4258 tropici
1476 4188 1606 4254 duo,
1638 4190 1860 4245 aestivus
1897 4199 1950 4245 et
1980 4190 2060 4245 hi-

518 4272 751 4342 bernus;
784 4274 873 4330 hic
898 4291 930 4330 a
963 4274 1362 4348 Septentrione,
1381 4280 1472 4336 ille
1500 4280 1570 4335 ah
1601 4281 1822 4347 Austro.
1854 4281 1933 4336 Ad
1959 4283 2058 4337 hos

583 4430 632 4465 ⁸⁸
664 4429 816 4486 Rom.
846 4448 888 4498 ι,
915 4430 1019 4489 Si.

2166 3177 2334 3249 ροίας,
2362 3178 2622 3242 ἀνατολάς
2652 3196 2710 3232 τε
2739 3179 2832 3232 καὶ
2860 3178 3055 3243 δύσεις.

2231 3360 2582 3434 Σφαιροειδὴς
2634 3359 2741 3432 γὰρ
2787 3358 3045 3431 ὑπάρχων
3090 3361 3119 3414 6
3166 3361 3274 3424 πᾶς
3311 3360 3535 3433 οὐρανὸς
3558 3404 3572 3426 ,
3626 3363 3728 3417 καὶ

2163 3455 2372 3529 κέντρῳ
2425 3455 2517 3509 καὶ
2558 3452 2767 3525 σημείῳ
2811 3455 2930 3507 κατ’
2970 3454 3164 3518 αὐτοὺς
3198 3458 3266 3525 τῇ
3310 3458 3381 3527 γῇ
3422 3454 3725 3526 χρώμενος,

2164 3545 2250 3601 διὰ
2273 3547 2333 3600 τὸ
2354 3547 2530 3610 πάσας
2569 3546 2673 3599 ἀπὸ
2701 3545 2798 3615 τῆς
2834 3546 3186 3617 περιφερείας
3211 3545 3317 3617 (50)
3356 3546 3455 3610 τὰς
3487 3563 3726 3618 προσπι-

2168 3641 2404 3703 πτούσας
2455 3639 2665 3702 εὐθείας
2707 3640 2799 3691 ἐπὶ
2828 3638 2924 3710 τὴν
2958 3640 3063 3710 γῆν
3100 3642 3218 3704 ῐσας
3258 3640 3515 3712 ἀλλήλαις
3559 3637 3723 3704 εἶναι,

2170 3735 2276 3789 ἀπὸ
2301 3733 2409 3786 τῶν
2445 3730 2803 3803 περιεχόντων
2832 3730 2994 3785 αὐτὸν
3041 3731 3321 3804 διακρατεῖ
3367 3732 3580 3787 κύκλων
3600 3752 3614 3764 ·
3646 3728 3726 3789 ὧν

2173 3823 2372 3895 μείζων
2428 3822 2524 3893 μὲν
2566 3823 2595 3874 6
2649 3821 3010 3894 μεσημερινδς
3051 3822 3229 3875 δοκεῖ’
3266 3822 3359 3877 καὶ
3402 3823 3646 3898 δεύτερος
3691 3827 3726 3879 6

2164 3917 2244 3978 εἰς
2278 3914 2366 3967 ῐσα
2393 3914 2602 3983 τέμνων
2638 3913 2797 3984 μέρη,
2828 3912 3157 3983 καλούμενος
3189 3915 3385 3986 ὁρίζων
3405 3933 3418 3946 ·
3453 3917 3634 3987 τρίτος
3663 3917 3725 3970 δὲ

2166 4010 2195 4060 6
2232 4007 2451 4069 τούτους
2490 4003 2802 4074 ὲπιδιαιρῶν
2842 4005 3176 4076 ἰσημερινός·
3224 4007 3355 4077 παρ’
3396 4007 3626 4078 ἑκάτερα
3664 4007 3727 4059 δὲ

2165 4097 2353 4152 τούτου
2400 4096 2648 4168 τροπικοὶ
2680 4096 2792 4160 δύο,
2822 4095 3031 4168 θερινὸς
3068 4097 3161 4149 καὶ
3188 4098 3491 4169 χειμερινός
3510 4114 3524 4129 ο
3567 4098 3659 4151 καὶ
3692 4100 3726 4151 6

2168 4189 2266 4260 μὲν
2312 4187 2447 4258 πρὸς
2491 4188 2601 4250 τοῖς
2632 4186 2893 4257 ἀρκτίοις,
2918 4188 2947 4240 6
2986 4186 3044 4241 δὲ
3068 4186 3207 4259 πρὸς
3250 4190 3361 4251 τοῖς
3391 4188 3584 4252 νοτίοις
3626 4188 3729 4259 μέ-

2168 4296 2303 4350 ρεσι.
2322 4278 2536 4333 Τούτων
2552 4280 2581 4332 6
2600 4277 2885 4350 λεγόμενος
2898 4276 3061 4344 ἄξων,
3080 4278 3208 4349 περὶ
3231 4278 3289 4332 ὃν
3315 4278 3376 4333 αἴ
3396 4268 3454 4332 τε
3475 4281 3723 4352 Ἀρκτοι,

514 4549 660 4624 enim
677 4558 829 4624 certe
860 4567 1053 4609 sensus
1079 4551 1335 4624 postulat,
1360 4549 1710 4624 habebatque
1725 4545 1846 4603 Vat.
1874 4554 1926 4624 et
1951 4555 2067 4602 red-
2097 4561 2140 4620 ι)
2167 4550 2511 4624 συνέστηκεν,
2545 4552 2613 4607 ad
2651 4553 2878 4624 alterum
2904 4552 3047 4624 quod
3079 4566 3203 4607 mox
3231 4550 3728 4624 subsequitur,_in-

515 4620 652 4675 didit
677 4619 981 4686 Possinius,
1016 4618 1119 4678 etsi
1151 4623 1310 4691 longo
1343 4618 1631 4675 verborum
1664 4618 2059 4691 circumductu,

516 4691 652 4744 nihil
682 4692 801 4761 ipso
829 4696 1155 4747 necessario.
1191 4689 1389 4745 Al‘latio
1419 4706 1548 4745 vero
1581 4691 1673 4761 qui
1701 4689 1960 4761 γηγενοῦς
1989 4691 2064 4744 le-

518 4770 629 4831 gat,
651 4760 768 4813 ἀντὶ
789 4762 882 4814 τοῦ
902 4763 1148 4831 γηγενές,
1176 4761 1481 4817 contrarius
1508 4760 1727 4815 omnino
1747 4760 1938 4813 Sensus
1958 4768 2063 4824 est,

519 4829 670 4883 Nihil
689 4847 860 4885 rerum
878 4829 1159 4887 caelestium
1186 4832 1400 4885 terrenis
1426 4847 1535 4885 esse
1560 4832 1837 4899 pretiosius
1856 4839 1946 4882 aut
1967 4847 2066 4883 an-

518 4902 746 4972 tiquius;
779 4904 923 4972 quod
959 4902 1141 4958 nescio
1172 4917 1240 4954 an
1273 4902 1366 4955 ulli
1398 4898 1671 4969 sapientia:
1704 4898 1859 4972 laude
1885 4900 2064 4968 aliqua

517 4968 720 5026 Graecis
751 4968 1022 5027 celebrato
1055 4972 1111 5024 in
1152 4981 1386 5025 mentem
1428 4968 1653 5033 venerit,
1687 4978 1780 5023 aut
1818 4970 1891 5023 ita
1924 4972 2062 5024 scri-

514 5042 706 5161 pserit.
733 5041 892 5096 Certe
918 5058 1026 5095 non
1049 5039 1279 5103 Platoni,
1310 5055 1417 5093 non
1443 5039 1713 5094 Aristoteli
1742 5039 1928 5094 aliisve
1954 5042 2066 5110 phi-

539 5111 795 5161 osouhis:
827 5127 926 5161 nec
954 5127 1053 5161 nar
1095 5109 1325 5161 videtur.
1363 5109 1465 5161 levi
1515 5112 1596 5161 vel
1645 5110 1934 5161 antiuuarii
1978 5113 2060 5161 vel

539 5111 796 5181 osophis;
827 5127 926 5165 nec
954 5127 1053 5181 par
1095 5109 1325 5181 videtur,
1363 5109 1465 5181 levi
1515 5112 1596 5166 vel
1645 5109 2060 5180 antiquarii’vel

516 5180 873 5234 exscrihentis
903 5178 1077 5249 lapsu,
1113 5189 1206 5233 aut
1236 5180 1392 5233 etiam
1421 5178 1634 5235 fallente
1665 5178 1842 5243 oculo,
1869 5182 1922 5233 in
1951 5188 2059 5232 tam

517 5248 673 5321 devia
696 5248 1042 5318 interpretem
1071 5250 1176 5319 agi,
1207 5261 1298 5302 aut
1319 5265 1378 5304 ea
1402 5252 1610 5321 magnis
1628 5250 1877 5321 Patribus
1898 5251 2063 5304 ascri-

518 5317 791 5388 bereqnze
815 5317 973 5372 nemo
992 5317 1138 5375 sanae
1158 5321 1354 5374 mentis
1383 5317 1746 5375 somniaverit.
1771 5320 2055 5375 Coueuris.

585 5387 704 5460 (g9)
743 5391 802 5460 Ὃ
835 5387 909 5456 δὴ
943 5391 1262 5460 κύκλοςηκ.
1288 5407 1338 5443 τ.
1364 5388 1411 5444 λ.
1457 5388 1711 5460 Suppleta
1754 5391 1840 5444 hic
1875 5392 2061 5443 mutila

514 5457 837 5512 ex'Leontio
866 5467 921 5518 et
942 5457 1149 5513 Joanne
1175 5457 1363 5513 Rerum
1395 5457 1667 5514 sacrarum
1697 5461 1789 5515 lib.
1827 5476 1880 5512 ιι.
1918 5462 2062 5513 Alla-

516 5528 624 5603 tius
643 5538 697 5603 et
712 5527 994 5603 Possinius
1012 5545 1075 5584 ex
1098 5529 1387 5603 βοὰ-γελιν
1412 5533 1729 5603 περιφέρεια
1747 5531 2058 5603 συνέστηκε,

516 5599 689 5672 καὶτὸ
714 5599 830 5653 κατ’
862 5601 1028 5672 αὐτὴν
1053 5599 1200 5671 χάος.
1223 5599 1495 5654 Nimirum
1515 5599 1769 5656 librarius
1797 5602 1941 5654 illius
1968 5616 2061 5653 co-

516 5667 656 5725 dicis
683 5667 1004 5742 cxscriptor,
1041 5667 1228 5725 oculos
1266 5681 1582 5727 convertens
1624 5689 1652 5725 a
1684 5675 1862 5741 priore
1897 5673 2090 5751 verbo.

2166 4619 2424 4676 termedia
2450 4625 2725 4691 praeteriit.
2759 4619 3010 4694 Idemque
3037 4624 3225 4678 vitium
3260 4624 3315 4676 iu
3344 4619 3584 4694 codicem
3609 4619 3731 4694 Ma-

2163 4694 2502 4764 zartnianum
2552 4694 2834 4764 irrepsisse
2876 4691 3089 4749 videtur
3119 4712 3133 4747 :
3162 4708 3336 4764 neque
3378 4692 3522 4747 enim
3558 4691 3731 4761 hujus

2163 4763 2475 4834 omissionis
2498 4763 2741 4834 meminit
2768 4764 2944 4819 editor
2975 4764 3267 4834 Liipareus.
3294 4763 3373 4816 In.

2236 4832 2346 4903 (ὅθ)
2388 4833 2520 4886 Ἀπὸ
2541 4832 2646 4901 τῆς
2667 4831 3072 4903 περιφερείαςῖ
3086 4833 3150 4887 Ει
3167 4834 3254 4887 hic
3280 4831 3615 4903 ineptissime
3637 4848 3731 4886 πε-

2167 4902 2394 4973 ριφορᾶς
2421 4913 2557 4963 erat,
2591 4904 2829 4973 mihique
2864 4904 3181 4958 mutandum
3204 4903 3435 4957 indulsi:
3463 4902 3732 4973 graviori-

2164 4988 2269 5043 que
2286 4973 2480 5047 mendo
2495 4973 2724 5028 Allatius
2748 4974 3050 5047 itaqueea;
3073 4973 3391 5047 περιφοράς,
3414 4973 3556 5047 ac_si
3579 4988 3734 5043 περι-

2166 5041 2327 5113 ῴοραί
2357 5043 2509 5096 linea:
2533 5052 2747 5106 essent,
2764 5060 2883 5113 quae
2905 5046 2985 5099 sic
3012 5041 3171 5099 recta:
3197 5041 3432 5113 aequales
3457 5042 3586 5108 sint,
3614 5041 3729 5098 non

2165 5112 2457 5166 circulares
2490 5114 2589 5181 ipsi
2618 5112 2796 5169 motus
2817 5122 2870 5169 et
2901 5114 3150 5169 lationes.
3189 5112 3271 5167 Ex’
3295 5130 3360 5168 eo
3389 5113 3554 5182 igitur
3580 5114 3733 5182 quod

2166 5183 2246 5234 sic
2279 5183 2425 5234 circa
2457 5189 2655 5236 terram
2685 5195 2744 5238 ut
2777 5193 3018 5238 centrum
3049 5186 3245 5238 omium
3280 5199 3443 5251 omne
3471 5184 3729 5245 volvitur.

2164 5252 2320 5325 cujus
2334 5254 2522 5325 ineant
2546 5263 2604 5307 ut
2623 5255 2691 5308 ad
2721 5263 2966 5325 centrum
2985 5256 3218 5325 aequales
3240 5255 3349 5308 sint
3367 5254 3539 5325 lineae,
3564 5262 3734 5322 atque

2165 5322 2300 5397 adeo
2324 5321 2640 5397 inﬂuentis},
2662 5325 2778 5397 άπὸ
2803 5324 2916 5397 τῶν
2942 5321 3298 5397 περιεχόντων
3320 5325 3480 5397 αὑτὸν
3499 5321 3732 5397 διακρα-

2165 5396 2248 5475 τεί
2274 5391 2481 5475 κύκλων
2512 5394 2678 5475 (quod
2706 5396 2882 5475 ipsum
2905 5395 2975 5475 ita
3002 5391 3283 5475 (Emendavi
3299 5395 3443 5475 .6116)
3472 5391 3725 5475 continet,

2167 5464 2491 5527 dominatur,
2517 5463 2805 5532 inﬂuentt'is
2828 5466 2981 5534 regit,
2999 5482 3030 5518 a
3052 5465 3263 5518 circulis
3293 5463 3462 5532 ipsum
3491 5463 3732 5516 ambien-

2165 5534 2343 5588 tibus:
2369 5548 2490 5602 quze
2523 5535 3026 5589 mathematicorum
3065 5536 3311 5589 doctrina
3360 5543 3469 5587 tam
3516 5534 3733 5588 erudite

2147 5603 2436 5675 ,Methodio
2471 5605 2760 5672 explicata,
2808 5620 2970 5675 quam
3022 5608 3221 5662 misere
3252 5605 3513 5660 Vaticano
3556 5606 3732 5658 inter-

2165 5673 2300 5744 preti
2328 5673 2618 5743 discerpta.
2661 5675 2733 5728 ln.
2827 5673 2839 5675 ⁷
3734 5692 3761 5749 ι,
