4052 6338
257 271 362 336 165

1312 284 1686 344 CONVIVIUM
1725 285 1952 342 DECEM
1993 285 2347 345 VlRGlNUM.

3368 293 3473 351 168

254 403 283 456 ὃ
324 419 384 455 τε
425 401 685 473 ἀρκτικὸς
719 404 917 471 ἔξωθεν
964 404 1101 475 ἔχων
1158 407 1249 458 τὸν
1293 409 1565 479 τροπικόν.
1617 406 1721 462 Καὶ
1768 425 1801 461 α

1925 411 2155 479 pertinet
2202 411 2294 480 qui
2352 410 2469 464 axis
2516 410 2733 475 dicitur,
2764 410 2909 467 circa
2963 427 3122 483 quem
3153 419 3471 484 torquentur

260 494 354 564 μὲν
390 496 638 565 Ἀρκτοι,
685 497 811 568 περὶ
841 496 1007 559 αὑτὰς
1039 496 1392 567 στρεφόμεναι
1424 498 1517 551 καὶ
1541 498 1818 569 βρίθουσαι

256 586 343 637 τὸν
371 586 457 638 διὰ
494 588 603 639 τῶν
638 588 814 641 πόλων
856 588 1038 653 ἄξονα,
1068 590 1168 661 τὴν
1213 590 1308 642 τοῦ
1348 590 1546 653 παντὸς
1577 592 1818 662 ἀπεργά-

259 677 435 742 ζονται
479 679 695 750 κίνησιν
746 681 987 751 κόσμου,
1048 682 1191 735 κατὰ
1232 682 1327 745 τὰς
1372 680 1612 753 ἀλλήλων
1667 681 1815 746 ἰξύας

261 769 472 837 Exonerat
508 772 606 834 τὰς
645 772 906 840 κεφαλὰς,
943 774 1035 827 καὶ
1088 774 1341 846 ἄκραντοι
1372 776 1464 828 τοῦ
1510 774 1628 829 καθ’
1671 777 1815 846 ἡμᾶς

260 861 525 932 ὁρίζοντος
557 859 734 916 οὖσαι.

1922 499 2074 556 Ursa:
2106 517 2168 555 ac
2198 503 2435 557 circulus
2473 504 2731 567 arcticus,
2762 511 2914 558 extra
2949 520 3108 574 quem
3149 510 3359 575 positus
3392 515 3473 560 est

1920 593 2181 660 tr0picus.
2218 592 2283 645 Et
2327 592 2474 647 Ursa:
2507 592 2723 662 quidem
2781 609 2902 649 sese
2944 602 3133 649 mutuo
3174 612 3307 666 gyro
3352 611 3471 666 pcr-

1920 692 2084 752 petuo
2118 692 2429 754 sequentes,
2470 686 2627 755 quasi
2680 686 2891 755 pondus
2937 688 3077 741 mole
3121 703 3219 742 sua
3265 699 3471 744 motum

1918 777 2036 830 orbi
2096 778 2352 832 universo
2406 777 2742 847 imprimunt,
2798 778 2953 847 cujus
3004 781 3151 833 velut
3206 780 3472 850 gravitate

1918 869 2064 924 circa
2099 870 2279 939 polum
2312 885 2571 941 axemque
2596 881 2805 926 rotatur
2835 890 2847 926 :
2874 888 3066 943 nempe
3102 874 3290 937 altera,
3317 874 3470 943 juxta

263 958 476 1013 alterius
506 960 624 1025 ilia,
652 961 833 1030 capita
870 961 1139 1017 habentes
1166 978 1180 1027 ;
1215 961 1434 1016 intactae
1463 977 1615 1032 aeque
1641 962 1810 1017 amba:
1841 979 1870 1017 a
1905 964 2228 1034 pervadente
2252 966 2435 1020 orbem
2459 966 2545 1020 cui
2572 981 2671 1020 nos
2722 966 3047 1031 insistimus,
3100 967 3307 1022 circulo
3355 967 3471 1021 ﬁni-

259 1061 392 1109 tore.

326 1148 426 1201 Τὸν
454 1150 723 1215 ζωδιακὸν
745 1151 800 1204 δὲ
834 1152 1048 1205 πάντων
1080 1153 1413 1221 ἐφάπτεσθαι
1442 1154 1548 1208 τῶν
1576 1154 1808 1219 κύκλων,

258 1239 409 1310 λοξὴν
450 1243 770 1313 ποιούμενον
818 1246 917 1316 τὴν
971 1248 1207 1316 κίνησιν·
1261 1244 1400 1301 εἷναί
1448 1266 1505 1300 τε
1555 1251 1613 1301 ὲν
1666 1248 1812 1319 αὑτῴ

264 1333 456 1397 ζωδίων
486 1336 741 1406 ἀριθμὸν,
771 1338 807 1392 ἃ
838 1339 1078 1392 καλεῖται
1112 1339 1553 1411 δωδεκατημόρια
1588 1340 1810 1403 δώδεκα,

263 1426 362 1478 ἀπὸ
406 1427 577 1497 Κριοῦ
604 1428 703 1498 τὴν
745 1429 919 1501 ἀρχὴν
954 1431 1141 1501 ἔχοντα
1176 1432 1334 1503 μέχρι
1369 1433 1474 1485 τῶν
1514 1434 1750 1503 Ἰχθύων,
1780 1433 1815 1487 ἃ

264 1517 673 1588 κατηστερίσθαι
726 1524 1050 1592 παριστᾶσιν
1102 1525 1383 1594 ὲχεμύθοις
1446 1525 1673 1589 αἰτίαις’
1724 1526 1814 1579 τὸν

271 1600 362 1676 μὲν
383 1610 552 1677 Κριὸν
582 1611 880 1679 φάσκοντες
901 1615 990 1666 τὸν
1016 1615 1114 1686 τὴν
1144 1616 1340 1688 Ἕλλην
1368 1612 1507 1670 εἶναι
1530 1618 1626 1688 τὴν
1665 1616 1814 1671 Ἀθά-

270 1716 456 1767 μαντος
488 1700 877 1772 διακομίσαντα
907 1707 999 1758 καὶ
1024 1706 1226 1778 Φρύξον
1272 1710 1351 1771 εἰς
1392 1709 1618 1772 Σκύθας·
1651 1710 1712 1762 τὸ
1757 1710 1813 1763 δὲ

266 1789 557 1860 Βούκρανον
590 1795 671 1856 εἰς
698 1794 860 1866 τιμὴν
890 1797 1029 1860 Διὸς,
1060 1797 1152 1851 τοῦ
1181 1795 1277 1869 τὴν
1304 1799 1569 1871 Εὐρώπην
1599 1801 1811 1873 Ταύρου

266 1881 750 1953 διαπεραιώσαντος
781 1889 858 1950 εἰς
886 1888 980 1960 τὴν
1011 1892 1262 1962 Κρήτην*
1296 1893 1385 1945 καὶ
1421 1893 1513 1946 τὸν
1546 1893 1811 1965 καλούμε-

266 1993 347 2027 νον
374 1976 428 2027 δὲ
456 1975 721 2042 Γαλαξίαν
752 1979 967 2044 κύκλον,
1006 1982 1063 2045 ὃς
1092 1984 1190 2054 τὴν
1223 1984 1395 2054 ἀρχὴν
1439 1984 1545 2037 ἀπὸ
1572 1985 1663 2038 τοῦ
1690 2002 1812 2040 συν-

266 2068 449 2139 δέσμου
496 2070 605 2122 τῶν
658 2071 876 2141 Ἰχθύων
908 2072 998 2125 ἐπὶ
1042 2073 1132 2126 τὸν
1167 2074 1334 2145 Κριὸν
1377 2078 1540 2139 ποιεῖ,
1569 2077 1677 2129 ἀπὸ
1702 2078 1809 2130 τῶν

266 2154 353 2224 τῆς
390 2157 564 2227 Ἥρας
615 2157 802 2227 μαζῶν
845 2159 1100 2230 Ἡρακλεῖ
1132 2161 1464 2232 προχὺθῆναι
1495 2162 1648 2231 λόγος
1688 2165 1807 2229 Διὸς

266 2248 461 2311 ταγαῖς.
501 2248 663 2301 Ὥστε
694 2248 814 2301 κατ’
845 2250 1040 2314 αὐτοὺς
1070 2250 1174 2322 πρὸ
1198 2252 1295 2321 τῆς
1319 2252 1584 2325 Εὐρώπης
1612 2254 1643 2325 ἢ
1669 2255 1807 2325 Φρύ-

266 2334 368 2401 ﬁcu,
407 2336 500 2389 καὶ
548 2341 660 2391 τοῖν
704 2339 1062 2411 Διοσκούροιν,
1094 2342 1186 2394 καὶ
1217 2340 1326 2394 τῶν
1368 2342 1539 2396 ἄλλων
1581 2343 1803 2409 ζωδίων,

264 2425 359 2477 151v
395 2426 450 2491 ἐξ
507 2426 808 2496 ἀνθρώπων
872 2430 967 2481 καὶ
1014 2429 1192 2502 θηρῶν
1258 2434 1804 2504 καταστερισθέντων,

264 2518 404 2572 οὔπω
455 2521 668 2589 γένεσις
714 2518 814 2593 ἦν·
860 2523 995 2577 ἀλλὰ
1050 2526 1217 2596 χωρὶς
1271 2527 1533 2593 γενέσεως
1578 2527 1807 2580 ἐϐίωσαν

264 2611 407 2681 ἡμῶν
438 2614 488 2664 οἱ
528 2612 888 2684 παλαιότεροι.
934 2616 1331 2687 Ἑπιχειρητέον
1364 2618 1471 2689 γὰρ
1516 2619 1710 2689 μήπως
1746 2618 1808 2671 τὸ

262 2701 438 2769 ψεῦδος
493 2704 825 2776 ἰσχύσωμεν,
868 2705 1051 2778 ὥσπερ
1106 2708 1294 2779 ἰατροὶ,
1338 2713 1647 2782 φαρμάκοις
1696 2712 1804 2765 τῶν

262 2791 423 2858 λόγων
452 2795 824 2865 ἀμῦλύναντες
843 2799 1100 2869 ἰατρικοῖς
1121 2799 1329 2866 σϐέσαι,
1353 2802 1476 2870 τῇδε
1508 2803 1801 2857 σκοποῦσαι

262 2884 354 2953 τὴν
383 2886 652 2956 ἀλήθειαν.

1983 1151 2099 1205 Jam
2153 1151 2427 1207 zodiacum
2462 1168 2558 1222 per
2584 1168 2772 1208 omnes
2812 1168 2870 1207 se
2898 1154 3173 1224 porrigere
3199 1159 3432 1213 etrculos
3451 1199 3469 1224 ,

1915 1258 2115 1311 eosque
2148 1243 2393 1311 amplexu
2421 1244 2751 1312 contingere,
2775 1244 2993 1313 obliquo
3015 1244 3121 1298 late
3145 1253 3322 1299 meatu
3344 1263 3471 1318 pro-

1918 1334 2193 1388 cedentem
2226 1352 2237 1386 :
2285 1349 2511 1403 esseque
2546 1335 2597 1387 in
2635 1335 2725 1387 illo
2750 1334 3064 1387 animalium
3098 1336 3337 1405 insignes
3361 1338 3471 1391 for-

1916 1439 2056 1489 mas,
2086 1441 2204 1494 qua:
2236 1426 2385 1495 signa
2412 1425 2695 1479 duodecim
2742 1433 3021 1489 vocantur,
3059 1425 3123 1479 ab
3166 1426 3344 1482 Ariete
3369 1429 3470 1482 du-

1916 1524 2002 1571 cto
2033 1516 2299 1586 principio
2322 1517 2375 1570 in
2397 1515 2580 1571 Pisces
2613 1517 2914 1572 desinentia
2943 1536 2955 1571 :
3007 1533 3125 1586 qua!
3145 1517 3199 1571 in
3231 1519 3468 1573 siderum

1914 1608 2220 1678 pervenisse
2241 1624 2461 1662 censum
2490 1614 2731 1673 narrant,
2752 1607 3011 1662 fabulosis
3031 1624 3094 1662 ex
3112 1608 3314 1662 causis.
3332 1607 3466 1662 Nam

1912 1698 2146 1755 Arietem
2184 1700 2332 1753 illum
2372 1700 2547 1769 ipsum
2590 1715 2712 1753 esse
2757 1699 2907 1753 aiunt
2940 1699 3029 1768 qui
3070 1698 3253 1753 Hellen
3301 1700 3472 1753 Atha-

1914 1791 2111 1845 mantis
2156 1790 2315 1843 ﬁliam
2344 1806 2466 1845 cum
2516 1791 2728 1861 Phryxo
2754 1807 2848 1862 per
2879 1790 3033 1846 Ponti
3063 1791 3256 1846 fretum
3287 1800 3469 1847 trans-

1915 1884 2059 1937 vexit
2108 1884 2174 1937 ad
2233 1884 2481 1954 Scythas.
2528 1883 2692 1937 Tauri
2724 1891 2923 1953 caput,
2954 1883 3102 1939 Jovis
3142 1885 3312 1955 gratia
3342 1886 3468 1939 (τίειί

1916 1974 2120 2030 honore
2168 1990 2231 2029 ac
2277 1978 2506 2030 statione
2555 1976 2812 2030 donatum
2849 2016 2863 2040 ,
2900 1976 3044 2046 quod
3083 1978 3129 2031 is
3174 1977 3262 2030 illa
3296 1977 3468 2031 forma

1914 2063 2162 2138 Europen
2197 2068 2251 2121 in
2280 2066 2496 2122 Cretam
2528 2069 2817 2137 trajecerit.
2843 2067 3097 2123 Lacteum
3126 2084 3342 2139 quoque
3362 2070 3469 2123 cir-

1913 2161 2093 2214 culum
2130 2160 2342 2214 initium
2375 2159 2662 2213 ducentem
2689 2176 2717 2212 a
2744 2160 2885 2214 nodo
2912 2160 3168 2225 Piscium,
3192 2160 3318 2214 hinc
3348 2175 3468 2215 sese

1910 2252 2146 2307 Arietem
2195 2269 2384 2308 versus
2431 2253 2814 2323 porrigentem,
2859 2267 2887 2304 a
2936 2250 3163 2305 Junonis
3210 2251 3467 2305 uberibus

1911 2345 2199 2416 candorem
2257 2345 2453 2398 habere
2498 2350 2817 2406 memorant,
2861 2358 2984 2395 cum
3034 2344 3148 2395 haec
3184 2340 3467 2395 Herculem

1912 2436 2115 2491 lactare
2136 2435 2286 2490 Jovis
2322 2435 2566 2505 imperiis
2599 2434 2787 2487 adacta
2816 2442 2978 2489 esset.
3015 2432 3199 2502 itaque
3217 2432 3370 2502 juxta
3398 2432 3466 2485 il-

1913 2528 2014 2592 los,
2058 2536 2182 2581 ante
2217 2527 2467 2596 Europen
2492 2535 2546 2581 et
2569 2527 2840 2597 Phryxum
2868 2534 2920 2580 et
2947 2526 3222 2588 Castores,
3255 2525 3469 2594 aliaque

1915 2628 2102 2689 postea
2134 2620 2189 2674 in
2233 2620 2514 2673 zodiacum
2535 2635 2601 2673 cx
2632 2618 2942 2672 hominibus
2971 2624 3062 2670 aut
3106 2615 3292 2671 bestiis
3337 2631 3469 2671 con-

1913 2712 2145 2776 stellata,
2181 2712 2328 2765 nulla
2362 2711 2538 2764 adhuc
2570 2718 2685 2765 erat
2712 2710 2910 2764 natalis
2931 2698 3193 2775 fatalitas;
3247 2715 3301 2763 et
3351 2708 3469 2761 sine

1907 2800 2126 2856 fortuna
2182 2801 2439 2856 nascendi
2478 2800 2728 2853 vixerunt
2760 2798 2919 2869 primi
2963 2798 3039 2851 illi
3072 2798 3244 2852 nostri
3276 2811 3468 2867 proge-

1905 2896 2127 2950 nitores.
2156 2895 2351 2961 Quaeso
2379 2895 2545 2958 enim,
2571 2893 2904 2963 argumentis
2932 2899 3221 2952 tentemus,
3264 2886 3309 2941 si
3354 2901 3464 2954 quo

263 2976 416 3030 modo
444 2978 601 3031 liceat
624 2977 957 3033 medicorum
992 2995 1141 3035 more
1170 2979 1478 3037 salubribus
1516 2995 1825 3038 sermonum
1862 2986 2139 3049 remediis,
2190 2984 2457 3040 mendacii
2519 2983 2628 3036 vim
2685 2994 3051 3051 compressam
3085 2980 3463 3046 exstinguere,

268 3071 393 3124 hinc
418 3070 518 3125 fere
543 3072 860 3127 adoriendo.

266 3187 392 3242 Car.
417 3187 520 3244 XV.
553 3191 873 3259 Argumenta
904 3209 936 3245 a
967 3191 1067 3261 fati
1108 3201 1157 3247 et
1197 3208 1437 3265 geneseos
1467 3195 1714 3315 nlovitate.
1747 3193 1977 3249 Aureum
2008 3207 2187 3316 gelngs,
2223 3189 2383 3259 prisci
2418 3189 2669 3241 homines.
2699 3186 3019 3256 Argumenta
3052 3182 3302 3236 adversus
3346 3199 3463 3236 ma-

1477 3268 1798 3316 ttematicos.
1830 3281 1956 3316 sane
1996 3264 2095 3316 soi
2135 3280 2186 3315 a.

1477 3265 1798 3329 thematicos,
1830 3281 1956 3319 sane
1996 3264 2186 3317 solida.

326 3379 389 3432 Εἰ
416 3382 663 3450 κρεῖσσον
690 3375 757 3451 ἦν
789 3381 848 3434 τὸ
880 3381 984 3434 ὑπὸ
1012 3381 1219 3450 γένεσιν
1248 3378 1385 3436 εἶναι
1429 3384 1552 3447 τοὺς
1602 3382 1807 3455 ἀνθρώ-

1938 3390 1941 3391 '
1984 3382 2038 3435 Si
2071 3380 2263 3436 melius
2296 3385 2432 3443 erat,
2468 3393 2501 3431 ο
2531 3375 2741 3438 miseri,
2768 3373 2919 3428 nasci
2938 3372 3186 3427 homines
3217 3372 3464 3428 subditos

262 3488 409 3537 τους,
456 3468 501 3526 ὦ
549 3474 806 3543 σχέτλιοι,
840 3473 932 3526 τοῦ
983 3475 1055 3544 μὴ
1091 3470 1249 3537 εἶναι,
1277 3476 1342 3529 δι’
1377 3477 1444 3547 ἣν
1483 3477 1659 3530 αἰτίαν
1707 3479 1809 3529 οὐκ

259 3565 499 3628 αξντόθεν,
550 3565 644 3633 ἀφ’
692 3558 863 3633 οὗπερ
902 3563 1000 3631 ἔφυ
1048 3564 1108 3616 τὸ
1150 3564 1301 3632 γένος
1330 3566 1438 3618 τῶν
1488 3566 1805 3637 ἀνθρώπων,

262 3658 466 3724 γένεσις
495 3654 595 3726 ἧν;
624 3657 689 3708 Εἰ
724 3654 779 3707 δὲ
810 3650 898 3726 ἦν,
931 3655 1014 3718 τίς
1042 3657 1074 3726 ἡ
1104 3656 1259 3728 χρεία
1283 3654 1387 3706 τῶν
1411 3650 1665 3718 ὑπόγυιον
1684 3667 1805 3703 κατ-

262 3750 683 3820 αστεριαθέντων
706 3791 722 3815 ,
772 3747 1016 3810 Λέοντος,
1052 3748 1344 3818 Καρκίνου,
1374 3747 1636 3817 Διδύμων,
1661 3749 1807 3819 Παρ-

262 3837 426 3903 θένου,
471 3838 710 3910 Ταύρου,
760 3840 952 3908 Ζυγοῢ,
994 3841 1280 3909 Σκορπίου,
1329 3840 1520 3910 Κριοῦ,
1560 3840 1803 3906 Τοξότου,

272 3928 503 3999 Ἰχθύωι,
552 3930 851 4001 Αἰγόκερω,
899 3932 1199 4001 Ὑδροχόου,
1252 3932 1518 4003 Περσέως,
1570 3935 1806 3985 Κασσιο-

262 4024 430 4087 πείας,
461 4023 720 4093 Κηφέως,
752 4024 1025 4093 Πηγάσου,
1063 4025 1283 4095 ’Ύδρου,
1340 4025 1604 4096 Κόρακος,
1658 4028 1807 4096 Κρα-

260 4114 435 4185 enm,
481 4116 685 4185 Δύρας,
736 4118 1049 4187 Δράκοντος,
1101 4119 1194 4170 καὶ
1242 4116 1349 4169 τῶν
1395 4117 1587 4179 ἄλλων,
1624 4117 1679 4182 ἐξ
1730 4110 1804 4170 ὧν

262 4205 561 4274 εἰσηγεῖσθε
594 4206 1103 4276 κατακοσμηθέντας
1145 4208 1270 4271 τοὺς
1305 4208 1529 4271 πολλοὺς
1561 4208 1807 4278 κατειλη-

264 4298 406 4365 φέναι
457 4296 559 4367 τὴν
605 4296 981 4367 μαθηματικὴν
1030 4296 1250 4366 ταύτην,
1304 4296 1498 4367 μᾶλλον
1540 4297 1596 4350 δὲ
1643 4315 1807 4350 κατα-

262 4386 555 4457 θεματικὴν
596 4386 930 4456 πρόγνωσινς
975 4386 1128 4439 Ἤτοι
1157 4381 1250 4438 οὖν
1300 4386 1395 4438 καὶ
1444 4386 1534 4438 ἐπὶ
1559 4386 1663 4438 τῶν
1710 4385 1807 4455 ἐμ-

261 4479 489 4549 πῳσθεν
522 4477 732 4546 γένεσις
756 4472 842 4548 ἦν,
868 4478 960 4529 καὶ
988 4476 1209 4547 μάταιος
1240 4478 1274 4547 ἠ
1302 4476 1501 4529 τούτων
1528 4476 1802 4538 σύστασις·

262 4573 422 4640 ῆούκ
458 4568 548 4642 ἦν,
586 4571 680 4623 καὶ
727 4570 804 4632 εἰς
849 4570 945 4639 τὴν
996 4569 1279 4641 κρείσσονα
1337 4570 1664 4622 κατάστασιν
1714 4569 1806 4621 καὶ

262 4664 521 4734 διαγωγὴν
557 4665 587 4715 ό
614 4663 744 4726 Θεὸς
768 4663 858 4715 τὸν
892 4663 1000 4731 βίον
1031 4662 1345 4731 μετέστησε,
1370 4660 1475 4713 τῶν
1506 4658 1805 4730 ἔμπροσθεν

263 4758 467 4825 χείρονα
498 4754 808 4824 βιωσάντων
842 4754 1047 4823 χρόνον.
1095 4751 1251 4804 Ἀλλὰ
1297 4751 1574 4821 κρείττους
1616 4751 1665 4801 οἱ
1699 4766 1801 4800 πα-

260 4846 519 4916 λαιότεροι
580 4843 690 4896 τῶν
742 4842 863 4895 νῦν
915 4843 1035 4895 ὅθεν
1086 4843 1180 4896 καὶ
1224 4840 1454 4914 χρυσοῦν
1505 4840 1803 4911 ἐκλήθησαν

261 4940 427 5006 γένος.
451 4938 571 4991 Οὐκ
600 4937 704 5008 ἄρα
730 4937 763 5006 ἡ
794 4933 1021 5002 γένεσις.

1908 3476 2074 3529 natali
2106 3472 2372 3535 fatalitat‘i,
2392 3486 2553 3541 quam
2579 3470 2645 3523 ab
2676 3469 2765 3521 illa
2792 3467 3015 3532 liberos,
3039 3466 3229 3536 quidni
3258 3466 3325 3520 ab
3346 3466 3463 3535 ipso

1906 3567 2156 3638 protinus
2202 3564 2389 3627 initio,
2429 3578 2552 3617 cum
2593 3561 2828 3631 primum
2869 3559 3113 3613 homines
3140 3573 3259 3612 esse
3292 3572 3465 3627 crepe-

1905 3666 2053 3723 runt,
2107 3656 2301 3710 natalis
2350 3655 2440 3708 illa
2478 3653 2591 3722 jam
2637 3650 2871 3704 fatalitas
2910 3650 3049 3703 fuit?
3086 3648 3239 3713 Quod
3263 3649 3308 3702 si
3352 3649 3462 3717 jam

1907 3757 2056 3810 erat,
2090 3746 2218 3816 quid
2249 3746 2356 3800 illis
2388 3760 2556 3815 opus,
2586 3759 2705 3815 qua:
2746 3757 2892 3796 nunc
2926 3754 3115 3793 recens
3146 3738 3286 3791 inter
3318 3748 3463 3792 astra

1908 3840 2111 3896 relata:
2141 3837 2269 3901 Leo,
2289 3836 2515 3899 Cancer,
2537 3834 2773 3899 Gemini,
2794 3832 2980 3902 Virgo,
3013 3830 3246 3891 Taurus,
3280 3829 3460 3894 Libra,

1910 3927 2186 3997 Scorpius,
2215 3928 2391 3989 Aries,
2439 3926 2787 3995 Sagittarius,
2824 3922 3033 3982 Pisces,
3065 3920 3459 3988 Capricornus,

1905 4021 2201 4091 Aquarius,
2246 4018 2509 4081 Perseus,
2546 4017 2858 4085 Cassiopea,
2891 4014 3159 4083 Cepheus,
3186 4011 3460 4082 Pegasus,

1905 4112 2106 4185 llydra,
2133 4114 2364 4176 Corvus,
2395 4111 2603 4174 Crater,
2640 4110 2799 4180 Lyra,
2827 4107 3031 4168 Draco,
3080 4115 3133 4159 et
3164 4104 3267 4158 alia
3312 4104 3460 4173 ejus-

1904 4204 2085 4266 modi,
2143 4219 2371 4273 quorum
2403 4200 2876 4256 observationibus
2919 4198 3161 4253 eruditos
3193 4212 3301 4250 non
3330 4212 3463 4267 pau-

1907 4309 2000 4348 cos
2026 4294 2232 4348 docetis
2261 4293 2696 4349 mathematicam
2732 4292 2888 4345 istam
2917 4289 3064 4360 (imo
3103 4288 3283 4357 potius
3316 4297 3462 4341 cata-

1905 4386 2245 4441 thematicam
2274 4385 2514 4454 dirisque
2535 4383 2786 4437 omnibus
2817 4379 3215 4449 devovendam)
3248 4394 3459 4449 praeno-

1905 4479 2105 4533 tionem
2149 4486 2337 4532 nactos
2375 4478 2535 4531 esse?
2580 4476 2687 4528 Aut
2725 4475 2887 4546 igitur
2945 4474 3239 4542 primorum
3298 4472 3458 4525 etiam

1904 4570 2213 4624 mortalium
2257 4584 2371 4623 aevo
2399 4568 2595 4622 natalis
2624 4568 2735 4637 jam
2764 4573 2882 4621 erat
2913 4564 3177 4629 fatalitas;
3208 4562 3460 4633 proinde-

1905 4674 2008 4728 que
2053 4660 2258 4713 inutilis
2298 4658 2398 4712 fuit
2438 4659 2551 4713 haec
2584 4658 2897 4711 animalium
2930 4658 2984 4711 in
3010 4658 3177 4712 caalos
3204 4658 3409 4711 evcctio
3442 4675 3454 4709 :

1830 4732 1875 4786 D
1903 4756 1997 4802 aut
2020 4764 2147 4804 sane
2176 4765 2281 4804 non
2312 4757 2461 4813 erat,
2498 4735 2691 4819 resque
2750 4748 2893 4803 Deus
2943 4749 3207 4803 humanas
3254 4746 3459 4802 meliori

1908 4848 2049 4894 statu
2076 4840 2302 4895 subinde
2329 4842 2573 4902 mutavit,
2607 4856 2670 4893 ac
2702 4841 2909 4911 potiore
2946 4842 3331 4912 gubernatione
3359 4845 3458 4895 do-

1910 4933 2092 4996 navit,
2140 4948 2263 4987 cum
2300 4933 2463 5002 prisci
2504 4934 2600 4987 xvi
2640 4933 2885 4988 homines
2918 4934 3361 4989 miserabiliorem
3388 4934 3464 4987 vi-

258 5040 360 5084 tam
407 5030 727 5087 duxissent,
777 5027 939 5096 Atqui
982 5027 1189 5082 felicior
1230 5027 1441 5080 illorum
1487 5024 1616 5089 fuit,
1674 5036 1837 5094 quam
1891 5033 2077 5079 nostra
2121 5034 2377 5096 nepotum
2424 5028 2703 5081 conditio:
2754 5026 2896 5081 unde
2926 5034 2981 5081 et
3020 5041 3241 5081 aureum
3292 5037 3462 5095 genus

260 5130 564 5180 audierunt.
593 5123 708 5178 Non
766 5137 895 5192 ergo
931 5130 1013 5178 est
1041 5124 1232 5177 natalis
1271 5123 1527 5176 fatalitas.

322 5218 381 5269 Εἰ
431 5218 459 5269 ό
501 5215 675 5285 ἥλιος,
722 5214 1072 5267 καθιππεύων
1119 5214 1241 5277 τοὺς
1291 5213 1519 5275 κύκλους
1557 5212 1665 5283 (5|)
1710 5214 1804 5267 καὶ

258 5311 710 5383 ἐπιπορευόμενος
760 5308 994 5377 ἐτησίοις
1043 5308 1110 5361 τὰ
1153 5308 1314 5372 ζὼδια
1368 5308 1653 5377 περιόδοις,
1706 5307 1803 5371 τὰς

316 5450 427 5517 (5i)
454 5444 833 5517 Καθιπτ-εύων
849 5445 974 5508 τοὺς
988 5444 1234 5517 κύκλους.
1252 5442 1613 5517 Perequjtans,
1632 5442 1806 5517 obiens

259 5512 429 5575 zonas.
456 5519 660 5588 Insigni
685 5516 969 5588 Possinius
1001 5515 1280 5588 μαθήσεως
1306 5512 1557 5588 ακριὸεἰᾳ
1578 5553 1591 5576 ,
1642 5514 1808 5588 sise!

256 5583 642 5660 “perequitans
673 5586 947 5660 circulos
984 5583 1139 5660 quasi
1173 5585 1360 5660 circuli
1385 5583 1437 5637 et
1460 5599 1606 5660 zonae
1628 5624 1643 5647 ,
1678 5583 1809 5637 illis-

255 5654 348 5729 que
371 5654 621 5729 ascriptae
639 5658 827 5720 stellat,
846 5656 949 5729 soii
972 5654 1205 5729 subsint,
1222 5655 1439 5729 haecque
1462 5654 1541 5708 sol
1566 5656 1617 5729 in
1639 5669 1807 5723 equo-

254 5725 365 5785 rum
396 5725 600 5787 ωσι-ἐπι
631 5725 945 5794 inscendat,
972 5725 1305 5795 subindequc
1334 5727 1437 5779 alia
1459 5734 1512 5781 et
1541 5725 1645 5779 alia
1684 5740 1804 5778 mu-

1982 5206 2037 5262 Si
2060 5208 2139 5262 sol
2157 5209 2500 5278 perequitans
2519 5207 2770 5271 circulos,
2792 5213 2844 5259 et
2861 5206 3054 5259 annuis
3083 5205 3236 5273 signa
3269 5206 3461 5264 obiens

1909 5300 2146 5371 periodis
2166 5340 2180 5365 ,
2214 5301 2539 5355 mutationes
2565 5298 2742 5364 ellicit,
2776 5297 3265 5367 conversionesque
3289 5304 3462 5355 statas

1915 5448 2009 5506 tet,
2046 5442 2123 5495 uti
2166 5440 2276 5496 fere
2306 5454 2580 5501 cursores,
2614 5453 2709 5507 per
2737 5437 2873 5492 alias
2907 5436 3145 5503 aliasque
3177 5435 3461 5490 stationes.

1911 5512 1978 5565 At
2000 5514 2122 5581 quis
2141 5513 2305 5565 solem
2327 5512 2591 5581 planetam
2611 5510 2838 5567 nesciat,
2871 5507 3127 5581 stellifero
3154 5508 3271 5581 orbi
3309 5508 3465 5573 longe

1912 5575 2235 5650 subjectum,
2254 5575 2453 5649 quique
2477 5579 2610 5632 adeo
2629 5594 2734 5631 non
2761 5580 3148 5650 superequitet,
3175 5575 3266 5629 sed
3293 5591 3464 5650 magis

1908 5645 2216 5721 subequitet
2257 5645 2511 5712 circulos,
2558 5645 2944 5721 percurratque
2979 5645 3196 5721 oblique
3236 5645 3339 5699 sub
3383 5649 3465 5701 eis

1909 5716 2150 5795 gyratido
2175 5722 2384 5794 aliaque
2412 5736 2479 5778 cx
2510 5716 2631 5775 aliis
2660 5720 2813 5789 signa
2849 5716 3070 5790 legendo
3094 5724 3104 5757 ι
3139 5716 3424 5771 (Ξοιῑιιει-ιε.
