4052 6338
567 279 665 337 167

1481 275 1542 332 ε.
1585 276 1910 335 ΜΕἹἪΟΒΙΙ
1951 278 2258 339 ΕΡΙΞΕΟΡΙ
2297 282 2385 339 Ετ
2429 281 2789 338 MABTYBIS

3693 277 3810 334 {68

567 363 871 471 temporum
907 396 1145 464 reducit;
1179 395 1401 467 quinam
1425 410 1555 468 ergo
1574 435 1591 462 ,
1620 397 1714 467 qui
1747 405 2034 468 antequam
2060 400 2128 455 si-

2240 381 2538 472 μεταϐολὰς
2572 398 2824 454 ἀποτελεῖ
2852 399 2946 452 ml
2976 397 3075 461 τάς
3102 396 3311 468 τροπὰς
3344 393 3452 448 τῶν
3490 393 3718 466 καιρῶν,
3754 393 3809 448 οε

567 505 670 563 gna
692 491 748 545 in
772 491 910 545 coelo
925 489 1344 554 collocarentur,
1374 487 1550 560 iisque
1573 488 1706 544 illud
1722 499 2128 560 perornaretur,

566 583 908 646 exstiterunt,
951 580 1130 636 vivere
1168 589 1490 652 potuerunt;
1523 597 1647 636 cum
1675 582 1906 638 necdum
1935 592 2130 650 aestas,

566 682 881 735 autumnus,
915 671 1109 737 hiems,
1136 689 1232 728 ver
1253 672 1488 728 discreta
1502 680 1706 741 essent,
1731 689 1960 744 quorum
1992 682 2134 730 tem-

569 774 819 838 peratura
851 765 1096 836 corporis
1143 765 1352 820 indoles
1378 772 1608 838 augetur
1632 781 1696 820 ac
1747 766 2134 822 conﬁrmatur?

567 859 724 929 Atqui
743 859 1014 922 vixerunt,
1038 858 1494 929 Iongzevioresque
1515 872 1579 913 ac
1603 857 1942 914 robustiores
1967 859 2136 913 dura-

562 961 716 1015 runt,
747 967 909 1023 quam
935 950 1031 1022 qui
1081 965 1227 1005 nunc
1272 951 1505 1006 vivimus
1533 970 1547 1006 :
1577 951 1740 1006 simili
1770 952 1979 1006 ratione
2019 959 2132 1004 tum

565 1060 782 1116 quoque
812 1043 923 1099 Deo
955 1051 1201 1114 tempora
1227 1042 1564 1113 disponente.
1596 1041 1712 1098 Non
1740 1043 1906 1113 igitur
1936 1043 2132 1097 caelum

565 1135 896 1208 ejuscemodi
918 1135 1104 1207 ﬁguris
1123 1151 1185 1190 ac
1211 1151 1306 1206 per
1322 1151 1416 1190 eas
1437 1135 1772 1202 occasiones,
1793 1134 2022 1191 subinde
2049 1134 2135 1187 in-

567 1229 910 1284 terstinctum
936 1241 999 1280 ac
1032 1226 1299 1280 variatum
1328 1227 1450 1282 fuit.

640 1315 698 1371 Si
731 1317 812 1372 sol
839 1323 894 1372 et
919 1316 1048 1370 luna
1075 1331 1138 1371 ac
1165 1316 1334 1371 stellae
1354 1316 1473 1371 alia:
1493 1324 1768 1387 astraque,
1785 1316 1850 1372 ad
1875 1317 2136 1385 temporis

567 1408 984 1480 distinguendos
1032 1405 1438 1478 servandosque
1465 1423 1720 1462 numeros
1737 1409 1803 1471 ⁸³,
1837 1418 1892 1462 et
1919 1408 1984 1462 ad
2012 1406 2135 1463 cmli

567 1509 821 1556 ornatum
845 1501 1101 1572 vicesque
1128 1507 1510 1571 tempestatum
1535 1499 1869 1554 inducendas
1896 1499 2133 1560 condita,

567 1593 751 1648 divina
785 1601 932 1658 sunt,
970 1604 1024 1648 et
1056 1608 1218 1663 quam
1249 1607 1348 1662 pro
1391 1592 1628 1646 humana
1668 1591 1978 1646 conditione
2001 1607 2138 1662 prae-

2237 491 2345 564 πρὺ
2387 491 2482 544 τοῦ
2529 487 3019 562 καταστερισθῆναι
3059 486 3126 540 τὰ
3159 485 3326 550 ζώδια
3356 485 3659 555 γεγονότες,
3707 488 3810 540 καὶ

2233 582 2572 654 κοσμηθῆναι
2615 580 2822 644 τούτοις
2862 581 2953 634 τὸν
3007 578 3253 652 οὐρανὸν,
3321 577 3438 642 πῶς
3485 577 3805 650 διήρκεσαν,

2235 673 2459 745 μηδέπω
2501 673 2710 744 θέρους,
2765 671 3102 746 μετοπῴρου,
3157 669 3444 742 χειμῶνος,
3484 670 3646 742 ἔαρος
3687 669 3810 724 δια-

2233 765 2589 838 κεκριμένων,
2624 764 2689 818 δι⁹
2711 758 2786 818 ὧν
2816 765 2849 835 ἠ
2886 763 2978 817 τοῦ
3015 761 3262 834 σώματος
3294 760 3518 827 αὔξεται
3552 763 3647 817 ml
3673 778 3810 831 συγ-

2232 861 2510 931 κρατεῖται
2545 857 2740 928 φύσιςς
2794 856 2916 910 Ἀλλ
2965 854 3286 927 ἐξήρκεσαν,
3320 854 3415 908 ml
3443 854 3812 926 πολυχρονιώ-

2233 969 2379 1024 τεροι
2417 952 2672 1021 γεγόνασι
2716 950 2812 1004 ml
2860 947 3276 1022 ῥωμαλεώτεροι
3327 946 3479 1020 παρὰ
3523 949 3649 1012 τοὺς
3679 947 3803 1010 νῦν,
3899 979 3904 990 ι

2233 1042 2434 1111 ὁμοίως
2465 1041 2560 1094 ml
2586 1041 2708 1096 τότε
2729 1040 3098 1103 διευθύναντος
3124 1040 3249 1102 τοὺς
3277 1040 3500 1107 καιροὺς
3523 1039 3613 1092 τοῦ
3641 1037 3804 1093 Θεοῦ.

2235 1135 2348 1187 υύκ
2380 1134 2488 1204 ἄρα
2516 1136 2580 1187 ἐκ
2608 1133 2864 1188 τοιούτων
2894 1135 2922 1187 ό
2955 1132 3178 1204 οὐρανὸς
3207 1131 3552 1212 πεποίκιλται
3586 1132 3806 1204 σχημά-

2233 1242 2362 1279 των.

2304 1320 2368 1372 El
2411 1320 2439 1372 ὁ
2479 1317 2628 1389 ἥλιος
2668 1319 2762 1373 καὶ
2792 1320 2825 1391 ἡ
2863 1319 3057 1392 σελήνη
3091 1317 3185 1372 καὶ
3213 1319 3282 1372 τὰ
3329 1317 3465 1374 ἄλλα
3506 1318 3700 1390 ἄστρα,
3736 1318 3809 1373 τὰ

2234 1411 2313 1476 είς
2337 1411 2611 1484 διορισμὸν
2635 1413 2727 1466 καὶ
2755 1411 2998 1484 φυλακὴν
3027 1410 3275 1483 ἀριθμῶν
3294 1411 3484 1482 χρόνου
3517 1411 3804 1480 γεγονότα,

2236 1505 2330 1559 ml.
2356 1505 2557 1576 κόσμον
2602 1503 2856 1577 ούρανοῦ,
2888 1505 2981 1559 ml
3012 1504 3217 1575 τροπὰς
3263 1502 3492 1575 καιρῶν,
3525 1503 3644 1556 θεῖά
3683 1504 3806 1556 ἐστι

2235 1599 2330 1652 καὶ
2361 1598 2592 1670 κρείττω
2623 1599 2730 1652 τῶν
2761 1599 2856 1653 ἀνθ
2867 1597 3059 1671 ρώπων
3077 1638 3092 1661 ,
3138 1599 3350 1667 ἀνάγκη
3380 1597 3474 1650 ml
3518 1597 3809 1668 κρείττονα

567 1685 866 1753 stantiora;
897 1685 1205 1741 necessario
1225 1683 1300 1750 lit,
1326 1684 1754 1754 praestantiorem
1778 1684 1891 1738 haec
1920 1699 2128 1754 quoque

2241 1691 2354 1762 βίον
2403 1691 2496 1744 ml
2537 1692 2804 1763 μακάριον
2843 1691 2986 1744 αὑτά
3026 1691 3120 1743 ml
3161 1688 3458 1761 εἰρηνικὸν,
3494 1689 3587 1742 ml
3621 1687 3806 1760 πολλῴ

565 1778 733 1833 vitam
769 1786 824 1834 et
859 1777 1072 1833 beatam
1098 1786 1261 1847 atque
1288 1776 1656 1847 tranquillam,
1681 1777 1943 1847 longeque
1966 1776 2128 1846 justi-

2233 1782 2326 1836 τοῦ
2357 1783 2620 1855 ἡμετέρου
2645 1783 2760 1854 βίου
2780 1782 3157 1836 διαλλάττοντα
3176 1780 3489 1852 δικαιοσύνῃ
3511 1781 3605 1833 ml
3631 1781 3805 1854 ἀρετῇ

564 1870 656 1927 tia:
671 1885 734 1925 ac
750 1871 965 1926 virtutis
986 1871 1226 1938 dotibus,
1249 1877 1442 1925 nostra
1458 1870 1560 1924 hac
1577 1869 1874 1933 meliorem,
1901 1869 2095 1939 degere
2115 1889 2128 1925 :

2231 1875 2456 1944 διάγειν,
2489 1876 2780 1946 κινούμενα
2808 1876 3020 1947 κίνησιν
3050 1874 3308 1928 εῦτακτον
3353 1874 3448 1927 καὶ
3477 1873 3769 1944 εὐδαίμονα
3787 1887 3802 1902 ⁸

567 1976 690 2032 quae
715 1961 1016 2031 composito
1048 1960 1301 2030 l'elicique
1336 1967 1486 2015 motu
1522 1975 1580 2015 se
1611 1969 1879 2016 moveant.
1916 1958 2010 2014 Sin
2043 1976 2128 2014 au-

2233 1971 2280 2021 εί
2309 1968 2362 2021 δὲ
2386 1968 2493 2020 τῶν
2526 1967 2734 2038 θνητῶν
2765 1965 3048 2038 συμφορὰς
3077 1966 3169 2019 ml
3211 1964 3620 2037 κακοφροσύνας
3665 1963 3810 2020 αὐτὰ

569 2060 675 2108 tem
714 2052 1040 2108 mortalibus
1080 2051 1318 2106 cladium
1359 2051 1734 2121 malorumque
1779 2052 2128 2106 consiliorum

2232 2059 2590 2122 τεκταίνεται,
2634 2059 2728 2114 καὶ
2770 2061 2983 2129 ἐνεργεῖ
3023 2059 3151 2131 περὶ
3183 2060 3281 2136 τάς
3325 2057 3610 2126 ἀσελγείας
3641 2056 3810 2126 ἀσχο-

566 2152 817 2201 auctores
837 2155 984 2209 sunt,
1015 2153 1319 2215 vacantque
1340 2143 1693 2214 impudicitiis
1723 2159 1788 2199 ac
1808 2145 1932 2200 vitae
1961 2155 2128 2198 muta-

2232 2150 2486 2222 λούμενα,
2536 2152 2631 2205 ml
2669 2150 2768 2214 τάς
2813 2150 3112 2222 μεταϐολὰς
3153 2152 3246 2204 ml
3279 2149 3482 2221 τροπὰς
3523 2146 3616 2202 τοῦ
3652 2147 3804 2218 βίου,

567 2236 808 2295 tionibus
845 2237 1178 2310 tragicisque
1206 2235 1428 2291 casibus
1469 2235 1810 2306 ingerendis;
1843 2237 2001 2307 plane
2033 2237 2128 2292 mi-

2235 2241 2342 2314 ἄρα
2386 2240 2688 2315 ἀθλιώτερα
2717 2241 2824 2295 τῶν
2868 2241 3168 2314 ἀνθρώπων
3214 2242 3381 2305 ἐστὶν,
3427 2242 3506 2304 εἰς
3549 2240 3648 2310 τὴν
3692 2237 3806 2308 γῆν

567 2330 883 2385 serabiliore
914 2329 1226 2386 hominibus
1251 2335 1397 2383 sorte
1422 2336 1571 2392 sunt,
1602 2345 1723 2399 qua:
1745 2330 1800 2384 in
1824 2337 2024 2385 terram
2051 2328 2133 2384 fa-

570 2419 813 2490 talesque
833 2435 895 2475 ac
921 2419 1158 2476 nefarios
1195 2427 1350 2476 actus
1383 2420 1679 2485 attendant,
1709 2436 1807 2475 nec
1837 2421 2130 2491 quidquam

570 2513 764 2569 melius
783 2513 940 2570 nobis
961 2513 1124 2568 vitam
1147 2521 1358 2584 regant,
1381 2512 1818 2584 quandoquidem
1847 2514 1914 2568 ab
1942 2528 2128 2570 eorum

567 2601 786 2659 deﬂuxu
813 2619 877 2659 ac
903 2613 1053 2660 motu
1083 2612 1272 2660 nostra
1301 2604 1568 2675 dependet
1583 2605 1715 2660 vita.

2239 2330 2522 2405 βλέποντα,
2552 2333 2646 2386 ml
2675 2332 2775 2397 τὰς
2806 2333 3104 2403 ἐπικήρους
3125 2332 3220 2385 ml
3242 2331 3512 2402 ἀθέσμους
3543 2329 3798 2401 πράξεις,

2238 2424 2333 2478 ml
2374 2424 2539 2495 μηδὲν
2584 2427 2826 2496 κρεῖττον
2873 2424 2980 2478 τῶν
3017 2422 3317 2495 ἀνθρώπων
3366 2423 3635 2491 διάγοντα,
3684 2421 3809 2490 εἴγε

2235 2518 2334 2588 τῆς
2361 2517 2580 2572 ἐκείνων
2609 2517 2903 2590 ἀπορροίας
2931 2517 3024 2571 ml
3048 2517 3312 2589 κινήσεως
3349 2517 3380 2569 ό
3406 2515 3671 2588 ἡμέτερος
3702 2515 3810 2587 ἥρ-

2233 2626 2392 2681 τηται
2424 2609 2553 2681 βίος.

1295 2718 1425 2775 CAP.
1458 2717 1598 2797 XVI.
1628 2719 1755 2774 Alia
1793 2720 2064 2789 complura
2088 2721 2142 2778 iu
2169 2723 2375 2779 eosdem
2409 2725 2804 2781 mathematicos
2832 2727 3052 2779 intorta.

640 2813 776 2869 Cum
803 2813 987 2871 nullus
1015 2813 1221 2886 absque
1249 2815 1450 2886 praevio
1478 2815 1794 2886 cupiditatis
1820 2815 2010 2871 alIectu
2041 2830 2133 2870 ac—

565 2913 660 2961 tus
689 2906 779 2961 ﬁat
798 2948 814 2973 ,
843 2923 1018 2978 neque
1042 2922 1173 2962 vero
1211 2907 1484 2978 cupiditas
1523 2907 1742 2963 aliunde
1771 2908 1841 2962 sit
1871 2923 2032 2978 quam
2065 2908 2134 2962 ab

2307 2822 2371 2874 Εἰ
2397 2823 2546 2876 πᾶσα
2580 2822 2777 2894 πρᾶξις
2804 2821 2974 2893 χωρὶς
3003 2819 3294 2890 ἐπιθυμίας
3325 2819 3386 2874 οὐ
3420 2820 3646 2889 γίνεται,
3677 2821 3806 2876 οὐδὲ

2239 2913 2343 2985 μὴν
2375 2914 2636 2986 ἐπιθυμία
2677 2915 2841 2986 χωρὶς
2873 2915 3080 2978 ἐνδείας
3099 2929 3113 2944 ·
3158 2913 3402 2976 ἀνενδεές
3427 2911 3483 2965 δὲ
3513 2912 3574 2966 τδ
3601 2912 3760 2966 Θεῖον
3784 2931 3799 2944 ·

568 2995 902 3067 indigentia;
967 2994 1107 3051 Deus
1157 3005 1338 3052 autem
1361 2997 1478 3067 ipse
1538 2997 1742 3052 nullius
1788 3006 1972 3067 egeat,
2033 3011 2128 3051 nec

2235 3007 2552 3078 ἀνεννόητον
2598 3007 2707 3078 ἄρα
2753 3005 3050 3078 πονηρίας·
3103 3005 3198 3059 ml
3248 3006 3296 3059 εί
3340 3007 3374 3076 ὴ
3429 3004 3535 3059 τῶν
3581 3005 3806 3077 ἄστρων

565 3085 792 3158 proinde
817 3087 984 3142 ullius
1023 3095 1212 3142 auctor
1236 3097 1330 3142 aut
1358 3089 1701 3143 machinator
1732 3088 2014 3158 pravitatis
2039 3105 2128 3143 ex-

2235 3099 2396 3170 φύσις
2437 3099 2714 3171 ἐγγυτέρω
2754 3098 3008 3152 τέτακται
3036 3097 3192 3160 Θεοῦ,
3230 3095 3489 3169 κρείττων
3525 3091 3660 3150 οὖσα
3697 3097 3805 3165 τῆς

565 3179 758 3246 sistat;
779 3193 1014 3249 cumque
1036 3195 1228 3236 rursus
1257 3179 1497 3235 siderum
1521 3190 1711 3234 natura
1732 3180 1929 3234 divina:
1959 3181 2133 3236 allinis

565 3271 638 3325 sit
671 3270 860 3340 illique
882 3271 1114 3326 vicinior
1140 3275 1361 3343 ‘(nempe
1391 3273 1823 3344 praestandorum
1854 3273 2133 3326 hominum

563 3363 764 3419 virtute
812 3364 1214 3438 prmstantior),
1252 3381 1354 3420 nec
1394 3366 1514 3437 ipsa
1557 3367 1698 3420 mala
1730 3366 2018 3421 molientur
2040 3373 2134 3421 aut

563 3456 750 3527 aliquo
778 3455 1119 3529 indigebunt.

631 3545 919 3613 Prmterea,
946 3565 1107 3605 nemo
1130 3565 1317 3605 eorum
1338 3549 1540 3620 quibus
1563 3559 1740 3606 ratum
1770 3559 1854 3606 est
1879 3551 2048 3607 solem
2078 3559 2134 3607 et

563 3637 749 3693 lunam
785 3647 839 3693 et
881 3640 1067 3695 stellas
1088 3640 1303 3694 divinas
1332 3655 1421 3696 res
1453 3655 1595 3705 esse,
1626 3650 1714 3696 eat
1745 3641 1988 3712 profecto
2014 3642 2136 3696 inti-

562 3732 690 3796 tias,
713 3733 898 3801 procul
931 3733 1095 3787 etiam
1125 3749 1154 3787 a
1179 3734 1385 3788 malitia
1410 3733 1524 3789 hzec
1547 3733 1862 3797 abhorrere,
1889 3745 1943 3791 et
1971 3751 2001 3788 a
2033 3745 2137 3790 ter-

562 3839 820 3881 renorum
847 3825 1060 3880 actibus
1084 3836 1290 3880 remota
1319 3842 1462 3890 esse,
1494 3826 1550 3881 in
1568 3843 1688 3897 quae
1717 3842 1816 3882 nec
1841 3828 2133 3896 voluptatis

563 3917 797 3982 affectio,
829 3932 929 3972 nec
952 3917 1157 3974 doloris
1179 3918 1338 3973 cadat
1366 3938 1380 3973 :
1413 3935 1515 3975 nec
1537 3922 1680 3975 enim
1704 3921 2014 3976 cmlestibus
2040 3937 2134 3991 pu-

565 4007 744 4064 denda
773 4008 888 4063 haec
917 4008 1188 4064 desideria
1215 4019 1537 4082 competunt
1566 4020 1619 4066 et
1652 4013 2002 4068 exsecranda
2043 4029 2135 4083 ap-

565 4101 872 4172 petitiones.
899 4101 956 4155 Si
987 4110 1167 4157 autem
1191 4112 1344 4158 extra
1367 4119 1430 4159 ea
1455 4117 1601 4167 sunt,
1629 4121 1728 4160 nec
1749 4107 1857 4160 ulla
1885 4107 2134 4161 laborant

561 4202 823 4265 egestate,
849 4195 978 4265 quid
1011 4210 1193 4252 causa:
1221 4203 1305 4251 est
1335 4212 1434 4251 cur
1466 4198 1788 4252 mortalibus
1818 4214 2006 4253 eorum
2035 4213 2134 4252 au-

561 4295 744 4343 ctores
781 4288 912 4351 sint,
956 4305 1077 4360 quae
1110 4304 1212 4344 nec
1254 4291 1362 4345 illis
1411 4290 1686 4345 arrideant
1714 4299 1768 4346 et
1818 4301 1970 4346 extra
2013 4307 2130 4362 qua!

563 4378 740 4450 posita
768 4380 1034 4435 nobiliore
1064 4380 1246 4436 indole
1270 4389 1526 4452 praestent

633 4468 698 4524 Hi
731 4485 895 4540 porro
917 4469 1008 4541 qui
1033 4469 1304 4525 hominem
1335 4470 1546 4525 arbitrii
1580 4470 1833 4525 facultate
1855 4485 1962 4525 non
1989 4485 2128 4540 prie-

561 4560 734 4619 ditum
764 4577 886 4618 esse
907 4570 1156 4618 statuunt
1175 4603 1190 4627 ,
1226 4563 1322 4618 sed
1353 4563 1646 4618 inevitabili
1676 4563 1771 4617 fati
1803 4563 2126 4619 necessitate

556 4655 837 4728 iussisque
870 4672 978 4712 non
1007 4658 1230 4729 scriptis
1259 4656 1389 4713 ferri
1416 4657 1609 4729 agique
1637 4657 1928 4711 humanam
1957 4656 2120 4710 vitam

562 4748 826 4814 sentiunt,
860 4747 914 4803 in
939 4749 1112 4820 ipsum
1135 4751 1286 4820 impii
1320 4764 1384 4804 ac
1404 4750 1590 4820 injurii
1607 4756 1735 4804 sunt
1752 4747 1940 4813 Deum,
1959 4763 2121 4818 quem

561 4843 831 4898 malorum
891 4843 1252 4899 humanorum
1307 4851 1584 4900 auctorem
1611 4850 1666 4898 et
1692 4843 1998 4898 etlectorem
2039 4841 2122 4896 ia-

559 4934 730 4992 ciunt.
776 4932 833 4989 Si
865 4936 1011 4990 enim
1040 4935 1280 4992 siderum
1309 4938 1624 4993 universum
1655 4936 1977 4990 circularem
2007 4949 2124 4990 mo-

559 5031 710 5090 tum,
763 5023 904 5080 Deus
945 5025 1094 5096 ipse,
1136 5040 1242 5096 qua
1273 5041 1434 5081 nemo
1463 5025 1729 5096 sapientia
1773 5025 1920 5079 dicat
1947 5032 2040 5078 aut
2067 5024 2119 5078 vi

499 5108 524 5133 ⁸
557 5116 756 5171 mentis
783 5115 1066 5187 intelligat,
1101 5114 1375 5170 modulate
1405 5115 1709 5186 dispensat,
1741 5113 1981 5170 universi
2006 5112 2120 5166 cla-

557 5222 682 5262 vum
700 5210 1003 5265 rectissime
1019 5209 1356 5280 gubernans;
1382 5216 1527 5264 astra
1540 5224 1668 5264 vero
1688 5208 1802 5262 vitii
1825 5213 1986 5278 atque
2010 5205 2120 5260 vir-

554 5300 691 5356 tutis
719 5301 1010 5370 qualitates
1047 5307 1295 5356 humanaa
1323 5301 1446 5356 vita:
1481 5301 1754 5371 ingerunt,
1784 5315 1904 5370 quae
1927 5297 2118 5353 videli-

553 5401 641 5450 cet
675 5392 1014 5449 necessitatis
1035 5392 1267 5447 vinculis
1293 5393 1538 5447 homines
1569 5392 1621 5446 in
1648 5407 1713 5447 ea
1742 5391 1983 5454 trahant,
2010 5391 2112 5443 uti-

553 5501 662 5557 que
717 5485 984 5540 malorum
1032 5494 1309 5541 auctorem
1349 5501 1414 5541 ac
1453 5485 1718 5556 originem
1748 5482 1915 5540 Deum
1947 5482 2111 5538 ascri-

556 5575 722 5641 bunt;
760 5575 1004 5631 omnium
1053 5583 1237 5630 tamen
1264 5575 1506 5647 judicio,
1537 5575 1742 5631 nullius
1790 5588 1944 5628 noxae
1979 5571 2118 5629 Deus

555 5674 747 5722 auctor
777 5673 884 5723 est.
915 5665 1248 5738 Explodatur
1273 5681 1401 5738 ergo
1429 5665 1608 5721 fatalis
1635 5665 1950 5720 necessitas.

622 5782 668 5815 ”
698 5779 824 5837 Cen.
851 5795 888 5847 l,
922 5780 1010 5839 l7.

2231 3191 2340 3246 τῶν
2365 3190 2687 3262 κρειττόνων
2703 3187 3000 3261 ἀνθρώπων
3025 3186 3252 3259 ἀρετῆς·
3283 3185 3576 3255 ἀνεννόητα
3600 3183 3806 3238 κακίαι

2233 3283 2350 3337 ἐστὶ
2373 3283 2467 3337 ml
2497 3282 2713 3354 ἀνενδεῆ
2745 3281 2813 3335 τά
2842 3281 3035 3352 ἄστρα.

2304 3551 2414 3606 Kal
2445 3548 2637 3612 ἄλλως,
2680 3546 2786 3608 πᾶς
2829 3545 2960 3616 ἡμῖν
3001 3540 3322 3613 ὁμολογήσει
3348 3537 3455 3593 τῶν
3489 3539 3805 3609 πεπεισμέ-

2231 3661 2338 3698 νων
2364 3643 2454 3695 τὺν
2499 3639 2646 3711 ἥλιον
2695 3637 2788 3690 ml
2829 3635 2926 3705 τὴν
2970 3632 3198 3705 σελήνην
3251 3632 3344 3686 ml
3391 3632 3516 3695 τοὺς
3561 3629 3805 3700 ἀστέρας

2233 3732 2369 3790 εἶναι
2399 3734 2535 3796 θεῖα,
2572 3730 2666 3784 καὶ
2707 3727 2920 3800 μακρὰν
2955 3723 3257 3796 ἀπῳκίσθαι
3291 3723 3506 3787 κακίας,
3551 3723 3642 3774 ml
3682 3722 3802 3774 τῶν

2231 3823 2478 3896 γηγενῶν
2523 3820 2772 3892 πράξεων
2815 3818 3138 3872 ἁνεπίδεκτα
3181 3815 3384 3877 πάθους
3428 3813 3622 3885 ἡδονῆς
3667 3813 3804 3866 ὅντα

2232 3914 2325 3968 ml
2348 3912 2548 3983 λύπης·
2579 3912 2640 3964 ού
2664 3909 2772 3982 γὰρ
2800 3909 3078 3981 προσεῖναι
3104 3909 3216 3970 τοῖς
3244 3903 3512 3977 οὐρανίοις
3542 3903 3807 3967 τοιαύτας

2231 4004 2435 4078 ὀρέξεις
2471 4003 2776 4075 βδελυκτάς.
2822 4001 2884 4054 El
2916 4000 2972 4053 δέ
3016 3998 3218 4053 τούτων
3261 3997 3419 4060 ἐκτὸς
3449 3996 3542 4049 ml
3573 3993 3803 4067 ἀνενδεῆ

2232 4097 2528 4166 πεφύκασι,
2561 4095 2677 4160 πῶς
2707 4097 2818 4158 τοῖς
2845 4090 3171 4164 ἀνθρώποις,
3209 4090 3245 4144 ἃ
3280 4089 3352 4161 μὴ
3391 4089 3542 4142 αὐτοὶ
3579 4086 3807 4158 βούλον-

2230 4206 2340 4253 ται,
2377 4189 2469 4241 καὶ
2499 4180 2572 4241 ὧν
2599 4185 2754 4248 ἐκτός
2781 4185 2905 4249 εἰσι,
2941 4181 3338 4242 τεκταίνονται;

2303 4456 2365 4511 Οἱ
2394 4453 2450 4508 δέ
2481 4451 2785 4524 ὁριζόμενοι
2813 4449 2903 4502 τὸν
2934 4448 3215 4520 ἄνθρωπον
3263 4445 3335 4518 μὴ
3373 4441 3509 4499 εἶναι
3543 4441 3805 4508 αὐτεξού-

2234 4565 2365 4611 σιον,
2405 4544 2516 4599 ἀλλ’
2549 4543 2811 4612 ἀνάγκαις
2852 4539 3112 4610 ἀφύκτοις
3159 4536 3509 4609 Εἱμαρμένης
3547 4535 3806 4602 λέγοντες

2230 4635 2562 4703 οἰακίζεσθαι
2601 4635 2694 4689 ml
2736 4631 3003 4705 ἀγράφοις
3041 4628 3474 4702 προστάγμασιν,
3522 4629 3600 4690 είς
3632 4624 3805 4679 αὐτὸν

2229 4736 2484 4794 ἀσεϐοῦσι
2523 4733 2612 4787 τὸν
2649 4730 2802 4792 Θεὸν,
2851 4725 3178 4800 παρεκτικὸν
3228 4722 3388 4778 αὑτὸν
3432 4720 3538 4774 τῶν
3585 4718 3805 4789 ἀνθρω-

2231 4829 2399 4883 πίνων
2435 4825 2616 4881 κακῶν
2643 4821 2734 4876 ml
2767 4818 2994 4891 ποιητὴν
3019 4815 3418 4888 εἰσηγούμενοι.
3455 4813 3517 4866 El
3549 4810 3657 4882 γάρ
3683 4809 3806 4862 τῶν

2230 4923 2472 4994 ἀστέρων
2521 4921 2736 4975 ἃπασαν
2777 4913 3040 4984 κυκλικὴν
3086 4909 3296 4981 κίνησιν
3330 4903 3581 4977 ἐμμελῶς
3630 4902 3803 4968 αὐτὸς

2227 5017 2489 5088 ἀφράστῳ
2527 5011 2687 5083 σοφία
2737 5011 2831 5063 ml
2873 5004 3174 5075 ἀνεννοήτῳ
3212 5001 3406 5063 διέπει,
3451 4994 3804 5051 κατευθύνων

2224 5111 2315 5164 τὸν
2346 5107 2507 5162 οἴακα
2542 5106 2641 5178 τῆς
2672 5101 2994 5175 οἰκουμένης
3013 5115 3026 5128 ·
3061 5099 3110 5151 οἱ
3151 5097 3207 5151 δὲ
3237 5093 3464 5165 ἀστέρες
3507 5091 3605 5154 τάς
3635 5090 3800 5143 ποιό-

2225 5220 2392 5276 τητας
2421 5202 2520 5272 τῆς
2555 5200 2751 5262 κακίας
2787 5198 2881 5252 ml
2909 5195 3010 5266 τῆς
3040 5191 3241 5265 ἀρετῆς
3268 5183 3640 5255 ἐκτελοῦσιτῷ
3662 5183 3799 5256 βίῳ,

2224 5298 2467 5368 ἀνάγκης
2492 5294 2708 5364 δεσμοῖς
2735 5291 2860 5354 τοὺς
2884 5287 2980 5342 ἀνθ
2990 5285 3200 5359 ρώπους
3222 5283 3469 5344 ἕλκοντες
3490 5281 3568 5342 εἰς
3594 5277 3796 5330 ταῦτα·

2222 5389 2392 5444 αἴτιον
2419 5386 2527 5440 τῶν
2556 5383 2739 5439 κακῶν
2768 5383 2858 5434 τὸν
2897 5380 3028 5434 Θεὸν
3065 5377 3453 5448 ἀποφαίνονται
3484 5375 3578 5426 ml
3605 5371 3795 5441 δᾶτηνο

2225 5480 2338 5535 ἁλλ’
2371 5479 2610 5542 ἀναίτιος
2643 5477 2774 5530 πᾶσι
2808 5474 2987 5545 πάσης
3035 5469 3238 5542 βλάϐης
3269 5471 3298 5524 ό
3335 5466 3486 5530 Θεός.
3529 5465 3643 5518 Οὐκ
3679 5463 3803 5538 ἄρα
3899 5506 3904 5510 .

2224 5573 2457 5644 γένεσις.
