4052 6338
1307 271 1686 331 CONVIVIUM
1728 267 1955 326 DECEM
1995 264 2355 322 VlRGlNUM.

3364 272 3464 327 170

297 393 408 456 ua;
436 391 587 455 ὅστις
611 389 715 446 κᾶν
751 389 923 462 βραχὺ
957 386 1175 451 συνετὸς
1193 387 1514 460 ὁμολογήσει
1538 387 1628 442 τὸν
1658 387 1788 440 Θεὸν

1960 379 2218 450 Quisquis
2241 379 2324 434 vel
2352 379 2577 434 minima
2605 380 2734 434 boni
2757 395 2953 437 sensus
2986 383 3248 453 particula
3281 400 3468 457 asper—

230 485 444 554 άγαθὸν,
495 483 722 547 δίκαιον,
773 481 953 551 σοφὸν,
1004 477 1199 550 ἀληθῆ,
1233 479 1526 550 ὠφέλιμον,
1557 477 1798 532 ἀναίτιον

232 577 427 638 κακῶν,
454 574 806 646 ἀσύμπλοκον
828 574 1052 638 πάθους,
1079 575 1176 629 καὶ
1202 575 1308 628 πᾶν
1333 574 1385 627 εί
1407 591 1461 625 τι
1488 572 1598 643 (52)
1617 571 1797 626 τοιοῦ-

229 687 331 726 τον,
360 669 471 723 Καὶ
497 669 546 721 εί
574 669 622 720 οἰ
649 667 848 721 δίκαιοι
876 666 1161 741 κρείσσους
1189 667 1294 720 eici.
1315 667 1424 720 τῶν
1457 665 1676 728 ἀδίκων,
1704 666 1798 719 καὶ

229 763 365 816 ἐστιν
392 761 580 823 αὐτοῖς
611 761 644 831 ἡ
679 759 865 813 ἀδικία
893 753 1151 830 βδελυκτή
1173 775 1186 788 ·
1217 758 1398 829 χαίρει
1431 756 1489 811 δὲ
1517 758 1546 810 6
1573 756 1703 819 Θεὸς
1727 757 1794 826 τῇ

227 856 538 927 δικαιοσύνῃ
583 853 791 917 δίκαιος
839 852 948 916 ὢν,
1011 852 1249 923 στυγητὴ
1301 849 1448 921 αὐτῷ
1501 851 1536 921 ἠ
1593 848 1795 914 ἀδικία,

227 949 460 1004 ἐναντίον
500 943 637 1000 οὖσα
677 947 772 1000 καὶ
817 943 1007 1018 ἐχθρὸν
1050 946 1115 1015 τῇ
1157 942 1467 1014 δικαιοσύνη
1491 959 1504 971 ·
1546 943 1644 996 οὐκ
1689 941 1796 1012 ἄρα

226 1039 430 1104 ἀδικίας
459 1037 634 1103 αίτιος
661 1039 690 1093 6
717 1036 868 1102 Θεός.

287 1305 349 1358 Ei
381 1304 441 1356 τὸ
476 1302 726 1371 ὠφελοῦν
756 1303 972 1364 πάντως
1005 1301 1150 1354 ἐστὶν
1177 1299 1375 1369 ἀγαθόν
1394 1317 1407 1330 ·
1440 1300 1712 1370 ὠφέλιμον
1741 1300 1796 1354 δὲ

229 1394 546 1467 σωφροσύνη
592 1394 686 1446 καὶ
733 1392 887 1460 οἴκῳ,
938 1394 1031 1447 καὶ
1077 1392 1174 1463 βίῳ
1216 1394 1309 1446 καὶ
1349 1391 1556 1462 φίλοις·
1597 1392 1796 1461 ἀγαθὸν

227 1489 325 1561 ἀρα
347 1489 499 1541 ἐστὶν
527 1491 560 1557 ἡ
603 1485 947 1558 σωφροσύνη.
991 1487 1098 1539 Καὶ
1139 1488 1187 1539 εί
1220 1488 1251 1556 ἡ
1287 1484 1606 1557 σωφροσύνη
1639 1485 1796 1552 φύσει

224 1580 439 1650 ἀγαθὸν,
464 1578 732 1632 ἀκολασία
757 1577 813 1630 δὲ
839 1578 1077 1632 ἐναντίον
1112 1578 1452 1651 σωφροσύνῃ·
1480 1577 1539 1630 τὸ
1566 1578 1624 1630 δὲ
1649 1580 1800 1630 ἐναν-

224 1673 323 1728 τίον
365 1671 446 1744 τῷ
479 1670 671 1742 ἀγαθῷ
713 1671 908 1724 κακόν’
956 1671 1122 1724 κακὸν
1166 1670 1270 1743 ἄρα
1304 1672 1336 1742 ἡ
1372 1670 1652 1724 ἀκολασία.
1689 1671 1796 1724 Καὶ

1900 487 1994 527 sus
2009 482 2113 535 est,
2135 470 2393 525 fatebitur
2410 471 2592 526 statim
2611 469 2822 526 Numen
2834 472 3074 528 divinum
3099 475 3300 531 bonum
3324 494 3465 542 esse,

1892 564 2103 633 justum
2121 602 2137 626 ,
2173 562 2394 632 sapiens
2415 603 2432 628 ,
2460 578 2624 618 verax
2647 602 2663 627 ,
2692 579 2877 619 rerum
2914 566 3238 624 utilitatibus
3267 585 3471 626 consu-

1897 655 2036 719 lens,
2073 654 2496 726 haudquaquam
2529 656 2796 710 malorum
2829 665 3107 712 auctorem
3127 701 3143 726 ,
3173 662 3339 717 nullis
3368 663 3471 718 ἱιηο

1897 747 2156 816 plicatam
2187 746 2403 802 vitiosis
2435 747 2751 811 affectibus,
2787 763 2851 802 ac
2881 750 2926 805 si
2951 752 3081 821 quid
3108 753 3227 821 ejus
3255 755 3472 821 generis

1896 848 2000 895 est.
2029 837 2148 893 Jam
2176 839 2223 893 si
2245 839 2444 908 etjusli
2464 841 2716 897 meliores
2739 842 2959 912 injustis
2991 853 3138 911 sunt,
3163 847 3352 918 eisque
3374 864 3474 904 ex-

1898 930 2191 986 secrationi
2225 929 2495 1000 iujustitia
2546 931 2808 1000 habetur;
2845 933 3112 1005 Deusque,
3145 939 3344 1008 quippe
3377 941 3471 1010 qui

1891 1022 2076 1092 justus
2099 1022 2193 1086 sit,
2211 1024 2408 1094 gaudet
2433 1026 2678 1094 justitia;
2711 1027 2869 1097 plane
2897 1028 3220 1096 injustitiam
3250 1049 3469 1090 exosam

1900 1112 2083 1176 habet,
2109 1129 2230 1183 qua:
2258 1113 2486 1183 justitiae
2515 1115 2856 1180 adversetur,
2887 1117 3065 1187 sitque
3097 1118 3174 1173 illi
3209 1121 3428 1177 inimica
3455 1139 3470 1176 :

1899 1220 2008 1259 non
2039 1213 2123 1260 est
2159 1205 2322 1276 igitur
2349 1205 2492 1263 Deus
2519 1217 2711 1263 auctor
2746 1211 3047 1278 injustitia'.

1972 1295 2030 1350 Si
2082 1297 2228 1366 quod
2279 1299 2568 1353 utilitatem
2606 1309 2851 1371 praestat,
2884 1305 3071 1374 utique
3115 1308 3313 1363 bonum
3346 1320 3470 1368 est:

1897 1399 2117 1462 prmstat
2133 1402 2311 1446 autem
2334 1395 2562 1448 castitas
2585 1403 2639 1450 et
2660 1395 2844 1451 domui
2871 1406 2923 1453 et
2947 1401 3151 1456 mundo
3169 1410 3222 1456 et
3243 1405 3468 1460 amicis:

1899 1483 2043 1537 bona
2092 1484 2280 1554 utique
2326 1494 2410 1540 est
2447 1489 2694 1542 castitas.
2744 1489 2898 1555 Quod
2923 1491 2969 1545 si
2999 1502 3190 1548 natura
3223 1496 3361 1550 bona
3391 1503 3476 1552 est

1897 1574 2141 1638 castitas,
2162 1576 2399 1630 castitati
2423 1593 2551 1632 vero
2569 1578 2780 1633 luxuria
2795 1583 3068 1637 contraria
3091 1593 3193 1650 est,
3213 1587 3265 1641 id
3291 1597 3473 1644 autem

1898 1673 1982 1721 est
2010 1667 2233 1732 malum,
2263 1669 2407 1740 quod
2437 1670 2581 1724 bono
2611 1673 2944 1727 contrarium
2967 1684 3070 1742 est,
3098 1679 3345 1748 sequitur
3360 1695 3478 1734 ma-

222 1766 265 1818 εί
297 1765 330 1833 ἡ
360 1762 635 1818 ἀκολασία
678 1762 837 1832 φύσει
880 1761 1068 1823 κακὸν,
1098 1760 1238 1814 κατά
1266 1759 1558 1814 ἀκολασίαν
1589 1759 1647 1813 δὲ
1683 1777 1799 1831 μοι-

1903 1757 2008 1811 lam
2029 1774 2153 1814 esse
2174 1761 2464 1815 luxuriam.
2486 1760 2639 1828 Quod
2669 1764 2712 1818 si
2744 1765 2958 1820 luxuria
2977 1779 3170 1823 natura
3195 1772 3335 1825 mala
3359 1780 3476 1840 est;

223 1860 354 1930 χεῖαι
421 1857 668 1924 γίνονται
712 1855 805 1909 καὶ
857 1853 1056 1908 κλοπαὶ
1099 1852 1192 1907 καὶ
1241 1853 1400 1925 ὀργαὶ
1458 1853 1552 1907 καὶ
1608 1853 1791 1922 φόνοι·

225 1950 368 2018 φύσει
397 1950 513 2019 ἄρα
544 1947 716 2001 κακόν
743 1949 889 1999 ἐστιν
913 1948 941 1999 6
975 1945 1270 2007 ἀκόλαστος
1300 1943 1430 2014 βίος.
1463 1941 1536 1996 Τὸ
1565 1943 1619 1996 δὲ
1643 1943 1796 1997 Θεῖον

225 2041 396 2095 κακῶν
425 2040 791 2110 ἀσύμπλοκον
821 2038 1084 2108 πέφυκεν.
1121 2037 1232 2089 Ούκ
1257 2035 1365 2107 ἄρα
1397 2035 1608 2104 γένεσις

288 2221 346 2274 Ei
376 2223 425 2274 οί
465 2220 750 2292 σώφρονες
784 2218 1026 2290 βελτίους
1066 2219 1171 2271 είσὶ
1215 2217 1324 2271 τῶν
1369 2217 1642 2291 ἀκρατῶν,
1703 2219 1794 2272 καὶ

227 2314 356 2365 ἔστιν
397 2313 594 2374 αὺτοῖς
627 2314 660 2382 ἡ
701 2311 942 2382 ἀκρασία
971 2310 1227 2381 βδελυκτή
1249 2327 1262 2339 ·
1303 2309 1481 2382 χαίρει
1508 2310 1565 2363 δὲ
1605 2311 1632 2362 ὁ
1665 2310 1796 2374 Θεὸς

226 2410 282 2478 τῇ
308 2405 662 2477 σωφροσύνῃ,
693 2404 880 2458 παθῶν
915 2404 1228 2475 ἀνεννόητος
1268 2401 1340 2455 ὢν
1361 2420 1375 2433 ο
1422 2401 1660 2474 στυγητὴ
1689 2402 1797 2475 ἀρα

229 2498 404 2569 καὶτῷ
430 2497 557 2569 Θεῷ
587 2500 622 2568 ἡ
661 2497 925 2568 ἀκρασία.
968 2497 1087 2550 Ὅτι
1113 2498 1170 2551 δὲ
1203 2499 1234 2568 ἡ
1273 2494 1415 2551 κατά
1442 2493 1797 2567 σωφροσύνην

228 2589 436 2660 πρᾶξις,
476 2587 653 2660 ἀρετή
694 2585 850 2655 οὖσα,
881 2587 1143 2659 κρείττων
1181 2589 1297 2641 ἐστὶ
1326 2587 1424 2657 τῆς
1455 2584 1596 2638 κατά
1627 2586 1798 2655 ἀκρα-

232 2680 353 2744 σίαν,
383 2678 592 2741 κακίας
624 2676 814 2749 οὔσης,
854 2677 1044 2748 μαθεῖν
1075 2676 1220 2729 ἔστιν
1244 2676 1352 2730 ἀπὸ
1386 2673 1664 2746 βασιλέων,
1690 2674 1798 2728 ἀπὸ

228 2769 515 2842 ἀρχόντων,
552 2769 668 2822 ἀπὸ
713 2767 1049 2840 στρατηγῶν,
1087 2767 1194 2822 ἀπὸ
1233 2766 1526 2838 γυναικῶν,
1561 2765 1669 2820 ἀπὸ
1707 2765 1796 2818 τέ-

229 2879 378 2926 κνων,
403 2863 517 2916 ἀπὸ
539 2861 798 2924 πολιτῶν,
831 2861 938 2914 ἀπὸ
961 2860 1255 2927 δεσποτῶν,
1286 2860 1392 2915 ἀπὸ
1418 2859 1661 2925 οἰκετῶν,
1689 2859 1797 2912 ἀπὸ

232 2955 607 3024 παιδαγωγῶν,
637 2953 747 3007 ἀπὸ
783 2952 1113 3007 διδασκάλων
1136 2970 1149 2985 ·
1199 2953 1429 3018 ἕκαστος
1454 2953 1561 3026 γάρ
1591 2952 1796 3006 τούτων

228 3050 325 3101 7.1".
343 3048 513 3117 ἐαυτῷ
535 3048 631 3101 καὶ
657 3046 738 3118 τῷ
764 3044 926 3116 κοινῷ
954 3045 1225 3117 ὠφέλιμος
1251 3045 1457 3115 γίνεται
1481 3046 1793 3118 σωφρονῶνο

1896 1866 1994 1921 per
2023 1867 2142 1907 eam
2174 1863 2355 1909 autem
2389 1853 2526 1910 fiunt
2579 1857 2843 1912 adulteria
2867 1898 2879 1921 ,
2917 1859 3059 1913 furta
3081 1901 3094 1924 ,
3121 1862 3300 1932 jurgia
3323 1905 3337 1929 ,
3371 1879 3479 1920 cae--

1895 1943 2030 2000 des:
2085 1953 2280 2000 natura
2322 1961 2451 2018 ergo
2505 1949 2708 2004 malum
2749 1953 2973 2006 estvita
3008 1953 3287 2010 luxuriosa
3309 1963 3360 2010 et
3392 1958 3478 2011 in»

1895 2039 2228 2104 temperans.
2281 2034 2535 2091 Divinum
2577 2047 2757 2094 autem
2799 2038 3009 2096 Numen
3041 2044 3197 2098 malis
3229 2045 3476 2115 implica-

1898 2131 2014 2179 tum
2046 2143 2156 2182 non
2187 2135 2291 2184 est.
2320 2126 2660 2198 Explodatur
2687 2146 2819 2200 ergo
2849 2130 3031 2188 fatalis
3061 2137 3381 2194 necessitas.

1972 2214 2027 2270 Si
2055 2218 2194 2272 casti
2230 2219 2484 2275 meliores
2511 2231 2640 2275 sunt
2665 2220 2994 2287 luxuriosis,
3025 2225 3239 2296 illisque
3267 2229 3476 2284 abomi-

1896 2307 2096 2363 nabilis
2139 2319 2223 2364 est
2278 2310 2518 2375 luxuria,
2555 2311 2864 2383 gaudetque
2917 2312 3059 2370 Deus
3090 2319 3374 2384 castitate,
3418 2320 3475 2374 in

1897 2415 2059 2470 quem
2108 2400 2257 2454 nulla
2308 2401 2469 2456 cadat
2514 2403 2806 2460 libidinosa
2840 2420 2904 2458 ac
2934 2407 3063 2460 vitio
3097 2408 3306 2464 lizerens
3329 2411 3480 2481 cogi-

1897 2488 2052 2553 tatio,
2105 2504 2272 2544 exosa
2321 2491 2511 2562 utique
2546 2493 2710 2546 etiam
2763 2491 2874 2549 Deo
2923 2495 3318 2552 incontinentia
3368 2507 3474 2557 est.

1898 2578 2070 2635 Porro
2101 2581 2372 2637 actionem
2405 2599 2528 2654 quae
2555 2599 2621 2639 ex
2659 2587 2874 2641 ratione
2914 2590 3183 2646 castitatis
3218 2593 3280 2647 fit
3318 2593 3479 2664 (quae.

1897 2680 2043 2726 certe
2081 2672 2256 2728 virtus
2293 2675 2411 2745 est)
2451 2677 2720 2746 potiorem
2755 2693 2879 2734 esse
2910 2679 3000 2732 illa
3028 2696 3146 2749 qua:
3187 2698 3255 2736 ex
3286 2683 3480 2739 incon-

1897 2762 2124 2816 tinentia
2172 2771 2257 2820 est
2295 2771 2350 2820 et
2381 2766 2449 2820 ad
2480 2769 2672 2821 vitium
2704 2770 2942 2838 pertinet
2973 2790 2986 2825 :
3021 2772 3321 2843 intelligere
3351 2776 3478 2832 licet

1897 2869 1964 2910 ex
1993 2856 2233 2926 regibus,
2262 2873 2328 2912 ex
2354 2859 2590 2929 politicis
2606 2867 2659 2915 et
2686 2861 3016 2918 militaribus
3043 2865 3474 2934 magistratibus,

1898 2961 1965 3001 ex
2017 2948 2336 3005 mulieribus
2359 2991 2373 3015 ,
2406 2967 2470 3006 ex
2503 2951 2718 3016 liberis,
2746 2969 2813 3008 ex
2840 2955 3070 3020 civibus,
3099 2972 3165 3011 ex
3200 2957 3347 3012 heris
3366 2997 3384 3024 ,
3411 2974 3477 3014 ex

1901 3035 2141 3105 famulis,
2169 3055 2234 3095 ex
2270 3041 2599 3113 paedagogis,
2638 3059 2703 3098 ex
2734 3046 3012 3117 magistris
3044 3067 3056 3102 :
3098 3049 3478 3120 unusquisque

231 3140 626 3194 ἀκολασταίνων
647 3140 728 3202 δὲ,
765 3139 859 3192 καὶ
885 3138 1058 3210 ἐαυτῷ
1087 3139 1178 3192 καὶ
1202 3139 1279 3211 τῷ
1311 3138 1474 3209 κοινῷ
1507 3137 1790 3212 βλαϐερός.

1901 3132 2046 3187 enim
2097 3133 2293 3188 horum
2349 3142 2453 3188 tam
2508 3135 2613 3189 sibi
2668 3152 2831 3206 quam
2863 3139 3082 3208 publico
3105 3141 3254 3196 utilis
3281 3151 3401 3205 est,
3431 3143 3479 3198 si

227 3232 340 3284 Καὶ
363 3233 410 3284 εί
440 3231 548 3284 ἔστι
581 3231 819 3302 διαφορά
850 3248 933 3294 τις
960 3231 1211 3285 κιναίδων
1241 3231 1333 3285 καὶ
1359 3231 1639 3303 ἀνδρείων,
1669 3231 1800 3284 ἀκο-

224 3320 433 3377 λάστων
483 3322 577 3374 καὶ
624 3321 960 3392 σωφρόνωνο
1007 3320 1100 3373 καὶ
1142 3318 1258 3373 ἔστι
1305 3320 1572 3392 κρείσσων
1615 3321 1648 3391 ή
1694 3319 1802 3373 τῶν

224 3415 482 3487 ἀνδρείων
516 3415 614 3468 καὶ
649 3412 962 3483 σωφρόνων,
1003 3412 1200 3483 χείρων
1222 3411 1280 3464 δὲ
1312 3412 1476 3483 ἡτῶν
1510 3413 1798 3466 ἐναντίωνο

225 3507 272 3559 oi
299 3507 353 3561 δὲ
383 3509 484 3576 τῆς
515 3503 838 3577 κρείσσονος
871 3502 1036 3571 ἐγγύς
1068 3504 1174 3556 εἱσι
1221 3502 1314 3556 καὶ
1342 3501 1483 3571 φίλοι
1525 3501 1680 3566 Θεοῦ,
1711 3503 1803 3555 καὶ

223 3600 271 3652 οι
298 3600 395 3670 τῆς
424 3599 676 3671 χείρονος
723 3595 938 3668 μακρὰν
967 3596 1060 3649 καὶ
1093 3595 1307 3666 ἐχθροί·
1351 3595 1399 3647 oi
1438 3594 1685 3662 λέγοντες
1712 3594 1804 3662 γέ-

225 3707 361 3745 νεσιν
384 3693 444 3745 τὸ
479 3691 615 3744 αὐτὸ
646 3691 744 3762 τὴν
778 3689 990 3743 ἀδικίαν
1022 3684 1158 3743 εἶναι
1192 3688 1283 3740 καὶ
1311 3686 1409 3760 τὴν
1436 3686 1800 3756 δικαιοσύνην,

226 3784 282 3836 οὐ
305 3785 638 3856 διορίζονται
671 3781 938 3836 κιναιδίαν
968 3782 1060 3834 καὶ
1090 3780 1362 3851 ἀνδρείαν,
1396 3779 1666 3851 ἀκρασίαν
1709 3779 1803 3832 καὶ

229 3876 604 3948 σωφροσύνην,
634 3876 772 3946 ὅπερ
803 3872 1078 3926 ἀδύνατον.
1119 3873 1182 3924 Εί
1214 3873 1320 3945 γὰρ
1352 3871 1428 3942 τῷ
1454 3871 1608 3942 κακῷ
1635 3872 1803 3939 τάγα-

227 3966 309 4021 θὸν
340 3969 620 4032 ἐναντίον,
650 3968 714 4020 τὸ
739 3967 797 4019 δὲ
827 3967 1012 4020 ἀδικον
1039 3964 1207 4018 κακόν
1229 3981 1240 3994 ο
1280 3964 1436 4017 τοῦτο
1463 3964 1518 4017 δὲ
1561 3963 1802 4018 ἐναντίον

225 4061 294 4130 τῷ
310 4061 505 4132 δικαίῳ
522 4078 537 4090 ·
569 4059 636 4111 τὸ
655 4059 714 4112 δὲ
733 4058 956 4122 δίκαιον,
987 4057 1208 4126 ἀγαθόν·
1233 4055 1293 4108 τὸ
1307 4055 1361 4108 δὲ
1381 4055 1581 4123 ἀγαθὸν
1611 4054 1802 4126 ἐχθρὸν

225 4153 307 4206 τοῦ
340 4152 519 4208 κακοῦ
540 4170 555 4182 ⁸
595 4151 850 4221 ἀνόμοιον
889 4149 944 4203 δὲ
973 4149 1034 4202 τὸ
1064 4149 1234 4204 κακὸν
1265 4148 1342 4218 τῷ
1369 4144 1554 4216 ἀγαθῷ
1573 4163 1586 4176 ·
1618 4145 1802 4216 ἕτερον

225 4245 322 4316 ἀρα
351 4247 414 4298 τὺ
442 4247 666 4300 δίκαιον
696 4241 791 4295 τοῦ
819 4242 1027 4296 ἀδίκου.
1077 4243 1192 4295 Οὐκ
1230 4241 1334 4312 ἀρα
1367 4241 1536 4301 αἴτιος
1561 4236 1746 4291 κακῶν
1775 4239 1804 4290 6

224 4335 366 4402 Θεὸς,
397 4340 529 4392 οὐδὲ
564 4336 750 4407 χαίρει
781 4338 892 4398 τοῖς
917 4337 1126 4398 κακοῖς.
1163 4334 1238 4387 Οὐ
1272 4334 1580 4402 συνίστησιν
1609 4331 1804 4392 αὐτοὺς

225 4431 250 4481 6
283 4433 480 4500 Λόγος,
512 4429 728 4497 ἀγαθὸς
761 4427 856 4481 ὧν.
891 4427 961 4481 Εἴ
984 4428 1090 4479 εἰσι
1119 4427 1176 4480 δὲ
1214 4426 1437 4497 πονηροί
1465 4441 1627 4487 τινες,
1664 4419 1804 4474 κατά

1906 3232 2092 3280 castus
2126 3225 2234 3291 sit;
2288 3227 2371 3281 sin
2407 3225 2752 3293 luxuriosus,
2791 3236 2904 3282 tam
2939 3229 3042 3284 sibi
3077 3247 3237 3301 quam
3260 3234 3479 3303 publico

1905 3317 2124 3374 noxius.
2152 3315 2218 3370 Et
2243 3319 2289 3373 si
2319 3325 2400 3374 est
2433 3317 2732 3373 discrimen
2761 3320 3032 3390 quoddam
3067 3323 3209 3378 inter
3241 3327 3480 3386 cinaedos

1905 3409 2161 3480 virosque
2192 3408 2361 3465 fortes
2385 3451 2399 3476 ,
2434 3411 2686 3480 interque
2710 3411 3014 3482 impudicos
3045 3422 3098 3469 et
3131 3425 3337 3483 castos,
3365 3427 3480 3476 est-

1905 3519 2011 3573 que
2035 3505 2228 3560 melior
2257 3504 2478 3560 fortium
2509 3516 2672 3576 atque
2700 3516 2975 3563 castorum
3009 3509 3192 3579 natio,
3241 3510 3483 3568 deterior

1902 3611 2034 3650 vero
2079 3611 2267 3651 eorum
2297 3598 2391 3668 qui
2441 3598 2804 3654 adversantur
2836 3619 2848 3654 :
2885 3601 3153 3671 siquidem
3190 3605 3353 3659 etiam
3383 3606 3478 3676 qui

1904 3689 2076 3757 partis
2108 3689 2350 3744 melioris
2397 3699 2545 3756 sunt,
2596 3691 2706 3747 Deo
2733 3692 2896 3746 vicini
2933 3694 3089 3765 eique
3121 3696 3284 3751 amici
3316 3705 3478 3766 sunt;

1906 3780 1999 3850 qui
2031 3795 2156 3835 vero
2189 3782 2255 3836 ad
2287 3783 2594 3852 sequiorem
2639 3785 2951 3856 pertinent,
3006 3789 3165 3860 longe
3199 3805 3228 3843 a
3261 3788 3372 3846 Deo
3403 3792 3482 3847 di-

1904 3878 2087 3937 stant,
2116 3881 2170 3927 et
2199 3882 2330 3929 sunt
2365 3874 2571 3931 inimici
2607 3896 2618 3930 :
2655 3878 2748 3948 qui
2778 3878 2967 3934 dicunt
3017 3883 3183 3935 natali
3219 3881 3481 3940 fataiitate

1902 3963 2127 4034 perinde
2167 3965 2491 4035 iniustitiam
2522 3974 2684 4038 atque
2705 3969 2976 4038 justitiam
3017 3972 3210 4038 afﬂari,
3235 3990 3341 4028 non
3367 3977 3480 4032 dis-

1901 4054 2159 4126 tinguunt
2193 4056 2528 4111 cinaedorum
2563 4058 2846 4114 mollitiem
2889 4076 2919 4114 a
2951 4059 3298 4127 fortitudine,
3325 4073 3378 4118 et
3406 4065 3483 4120 lu-

1903 4147 2116 4201 xuriam
2139 4161 2167 4201 a
2203 4150 2486 4204 castitate:
2516 4163 2637 4219 quae
2677 4155 2736 4203 ut
2782 4150 2836 4203 in
2857 4166 3024 4204 unum
3053 4161 3338 4222 cogantur,
3365 4155 3482 4210 fieri

1903 4252 2014 4292 non
2046 4246 2247 4310 potest.
2289 4239 2346 4294 Si
2397 4239 2544 4295 enim
2592 4240 2797 4294 bonum
2823 4242 2965 4296 malo
2997 4245 3336 4299 contrarium
3362 4255 3480 4311 est,

1904 4331 2171 4404 injustum
2211 4342 2392 4390 autem
2439 4336 2639 4390 malum
2681 4343 2764 4391 est
2801 4355 2813 4390 :
2846 4337 3052 4402 ethoc,
3083 4347 3234 4408 iusto
3265 4352 3483 4394 contra-

1904 4425 2046 4479 rium
2075 4445 2086 4480 :
2113 4441 2278 4498 porro
2298 4426 2444 4498 quod
2463 4427 2698 4497 justum,
2723 4427 2864 4482 idem
2894 4427 3127 4484 bonum:
3154 4430 3356 4484 bonum
3383 4447 3480 4485 au-

223 4520 420 4578 ενδειαν
484 4521 710 4595 φρενῶν
751 4521 888 4573 είσιν
928 4513 1070 4573 οὗτοι
1119 4517 1365 4590 πονηροὶ,
1420 4516 1514 4569 καὶ
1558 4515 1618 4568 οὐ
1664 4513 1799 4568 κατά

1909 4524 2018 4572 ιεω
2049 4518 2334 4573 inimicum
2367 4519 2511 4574 malo
2540 4537 2553 4574 :
2603 4520 2867 4575 dissimile
2906 4535 3034 4575 vero
3061 4521 3262 4574 malum
3292 4523 3435 4576 bono
3465 4543 3477 4576 :

223 4616 449 4684 γένεσιν.

1912 4609 2060 4664 aliud
2095 4609 2318 4665 omnino
2340 4611 2445 4665 erit
2473 4611 2739 4683 longeque
2758 4611 3031 4665 diversum
3049 4613 3259 4680 justum
3294 4614 3363 4668 ab
3391 4615 3483 4668 in-

220 4707 382 4778 justo.
415 4708 546 4763 Non
579 4708 747 4779 igitur
779 4714 972 4760 auctor
1001 4704 1264 4758 malorum
1307 4702 1448 4757 Deus
1471 4741 1486 4766 ,
1523 4717 1623 4756 nec
1648 4700 1806 4756 malis
1841 4701 2160 4758 delectatur.
2187 4703 2371 4774 Neque
2401 4705 2542 4759 ratio
2571 4705 2692 4761 illos
2737 4704 3108 4772 commendat,
3159 4722 3278 4776 quae
3338 4707 3480 4762 bona

223 4807 308 4860 sit.
345 4805 514 4871 Quod
539 4807 588 4860 si
623 4803 843 4874 quidam
873 4802 1002 4855 mali
1036 4812 1196 4866 sunt,
1255 4799 1452 4855 mentis
1480 4799 1657 4869 inopia
1684 4799 1813 4854 mali
1855 4808 2003 4864 sunt,
2036 4816 2144 4855 non
2176 4803 2342 4856 natali
2367 4802 2475 4855 ulla
2507 4800 2788 4856 fatalitate.

287 4900 540 4970 Σεςῇσιν
597 4899 1040 4965 ἀτασθαλίῃσιν
1077 4894 1413 4965 ὑπέρμορον
1446 4892 1608 4964 ἄλγε’
1637 4885 1810 4963 έχοῷι-

227 5010 312 5060 τες
343 4996 486 5064 (53).
953 5037 960 5044 .

285 4996 708 5141 ;i(063é).avslsiv
730 5101 870 5146 τινα,
914 5081 1006 5135 καὶ
1048 5081 1191 5151 φόνῳ
1227 5079 1323 5144 τὰς
1355 5083 1541 5152 χεῖρας
1575 5081 1806 5150 αἱμάξαι

221 5177 431 5244 γένεσις
460 5176 766 5248 ἐργάζεται
786 5193 799 5205 ·
834 5172 992 5226 τοῦτο
1028 5172 1084 5224 δὲ
1115 5171 1274 5242 νόμος
1312 5170 1528 5236 κωλύει,
1561 5170 1805 5236 κολάζων

226 5269 341 5332 τοὺς
381 5267 728 5336 ἀλάστορας,
773 5265 868 5317 καὶ
911 5263 975 5315 δι’
1022 5261 1249 5332 ἀπειλῆς
1293 5261 1568 5332 ἀπείργων
1597 5259 1666 5315 τὰ
1705 5262 1805 5332 τῆς

228 5361 491 5426 γενέσεως
525 5358 768 5428 δόγματα
795 5374 808 5386 °
854 5351 965 5409 οἷον
1001 5353 1061 5407 τὸ
1093 5354 1365 5426 ἀδικῆσαι,
1399 5351 1804 5423 μοιχεύσασθαι,

227 5451 438 5522 ligabat,
469 5447 865 5520 φαρμακεῦσαι
885 5465 898 5479 ο
922 5447 1162 5501 ἐναντίον
1187 5447 1292 5518 ἀρα
1316 5448 1344 5500 6
1377 5445 1537 5518 νόμος
1564 5446 1803 5515 γενέσει.

231 5542 360 5596 Ὅσα
405 5544 517 5614 μὲν
548 5541 657 5613 γὰρ
695 5543 904 5610 γένεσις
942 5539 1129 5610 ὥρισε,
1162 5539 1331 5594 ταῦτα
1371 5538 1532 5610 νόμος
1573 5538 1803 5592 κωλύει·

294 5681 407 5750 (ΒΞ)
439 5678 520 5732 E1
549 5694 624 5730 τι.
647 5677 726 5750 [ta
748 5677 914 5732 codex
937 5675 1139 5750 Mgzar.
1167 5684 1220 5730 et
1241 5675 1490 5732 Allatius.
1515 5671 1800 5730 Possinius

234 5746 473 5816 vero,“
509 5763 619 5802 ms.
652 5746 798 5811 ‘v'at.,
830 5750 860 5801 ὃ
890 5748 1271 5802 catonem-is.

570 5841 838 5908 Ριτιοι..
871 5843 988 5908 Gn.
1025 5841 1252 5903 XVIII.

1990 4892 2252 4965 Nequitiis
2295 4897 2394 4950 sibi
2427 4895 2623 4948 damna
2665 4896 2776 4948 suis
2808 4902 3122 4962 mortemque
3151 4901 3406 4950 creantes.

1987 5073 2044 5130 Si
2085 5075 2359 5131 hominem
2407 5073 2715 5130 interficere
2761 5082 2814 5126 et
2857 5085 3004 5126 caece
3037 5087 3232 5125 manus
3281 5085 3480 5124 cruen-

1911 5175 2048 5233 tare,
2087 5168 2285 5223 natalis
2319 5166 2555 5222 fatalitas
2585 5165 2786 5237 adigit;
2814 5165 2956 5219 idem
2985 5172 3166 5218 autem
3201 5163 3286 5216 lex
3308 5169 3476 5223 vetat,

1909 5261 2122 5316 sicariis
2152 5259 2418 5329 supplicia
2449 5259 2770 5318 decernens,
2798 5255 3070 5324 minisque
3092 5253 3348 5324 gravibus
3379 5252 3475 5305 de-

1915 5361 2129 5409 terrcns
2151 5354 2219 5408 ab
2253 5353 2319 5407 iis
2347 5368 2466 5423 quae
2508 5350 2705 5405 natalis
2758 5347 2996 5402 fatalitas
3033 5347 3301 5416 iniungit;
3347 5353 3478 5414 puta

1913 5446 1980 5498 ab
2007 5445 2206 5515 injuria
2246 5444 2543 5506 inferenda,
2589 5441 2657 5494 ab
2699 5439 2990 5503 adulterio,
3039 5454 3069 5492 a
3106 5438 3275 5501 furto,
3320 5451 3350 5488 a
3389 5450 3480 5489 ve-

1917 5537 2127 5592 neficiis
2172 5556 2184 5590 :
2223 5537 2496 5591 contraria
2546 5548 2675 5605 ergo
2722 5533 2921 5587 natalis
2977 5531 3215 5587 fatalitas
3263 5537 3316 5586 et
3367 5529 3480 5587 lex.

1977 5669 2091 5741 (53)
2127 5668 2379 5740 Σφῇσιν.
2427 5667 2636 5723 Ὀδυσσ.
2669 5661 2736 5730 Α,
2771 5659 2822 5721 7.
