4010 6328
605 259 703 314 ΠΙ

1585 256 1644 315 S.
1685 254 2015 313 ΜΕΤΗΟΒΠ
2056 255 2141 311 ΕΡ

2252 255 2363 313 OPl
2401 255 2489 311 ET
2533 253 2891 311 MARTYRIS
3718 259 3822 316 179.

602 376 954 448 Quaecunque
987 375 1129 432 enim
1161 374 1358 432 natalis
1396 373 1636 433 fatalitas
1666 377 1879 443 statuit,
1922 378 2007 433 lex
2039 393 2144 448 pro

2263 380 2363 433 ὅσα
2395 378 2452 433 δὲ
2484 379 2646 449 νόμος
2670 376 2888 440 κωλύει,
2925 374 3103 431 ταῦτα
3125 375 3337 446 γένεσις
3369 377 3541 431 ποιεῖν
3568 374 3822 447 βιάζεται·

602 470 791 534 bibet;
823 483 1164 541 quaecunque
1196 483 1328 523 vero
1359 468 1447 523 lex
1490 468 1763 538 prohibet,
1798 469 1997 523 natalis
2028 468 2167 524 fata-

601 562 724 616 litas
751 560 929 615 facere
959 559 1129 630 adigit
1162 578 1175 614 :
1211 558 1525 616 adversaria
1561 576 1689 631 ergo
1719 561 1884 615 natali
1912 562 2164 617 fatalitati

2272 469 2528 542 πολέμιον
2556 469 2664 542 ἄρα
2681 468 2892 538 γενέσει
2913 467 3094 538 νόμος.
3128 469 3192 522 El
3216 469 3273 522 δὲ
3289 468 3565 539 πολέμιον,
3594 469 3692 522 οὐκ
3717 469 3820 541 ἀρα

2264 560 2405 615 κατά
2428 560 2639 629 γένεσιν
2666 560 2716 613 οί
2742 558 3029 630 νομοθέται
3051 575 3065 590 ο
3095 560 3164 613 τά
3194 559 3302 632 γὰρ
3331 559 3548 614 ἐναντία
3574 559 3827 631 δογματί-

599 655 706 709 lex.
739 653 797 708 Si
825 660 1005 707 autem
1049 653 1124 707 illi
1169 654 1506 719 adversaria,
1538 669 1649 709 non
1680 653 1848 723 igitur
1877 669 1976 724 per
2007 661 2144 708 nata-

2264 653 2447 718 ζοντες
2490 652 2725 722 γενέσει,
2759 652 2974 721 γένεσιν
3011 651 3248 705 λύουσιν.
3288 653 3445 706 Ἤτοι
3488 648 3581 707 οὖν
3615 653 3821 721 γένεσις

595 747 702 803 lem
758 746 1079 802 fatalitatem
1124 746 1516 817 legumlatores
1567 756 1777 819 agunt,
1826 749 2025 818 quippe
2067 747 2161 817 qui

594 837 870 893 contraria
915 836 1083 891 natali
1128 836 1384 891 fatalitati
1431 839 1748 901 sanciendo,
1790 839 2036 893 eamdem
2067 837 2163 892 de-

595 938 837 986 struunt.
898 928 1007 984 Aut
1061 929 1229 1001 igitur
1285 929 1488 984 natalis
1546 930 1852 985 admittitur
1900 929 2158 995 fatalitas,

594 1024 853 1092 nullaque
876 1023 1056 1093 legum
1081 1030 1197 1077 erat
1221 1021 1524 1078 necessitas
1552 1039 1565 1075 :
1595 1029 1689 1075 aut
1718 1023 1865 1093 leges
1887 1029 2035 1087 sunt,
2062 1037 2161 1078 nec

593 1132 661 1172 ex
694 1117 864 1171 natali
905 1117 997 1170 illa
1030 1114 1318 1179 fatalitate,
1352 1121 1406 1169 et
1436 1114 1595 1185 quasi
1643 1115 1734 1169 illa
1764 1124 1985 1170 auctore
2010 1123 2156 1170 sunt.

596 1209 761 1280 Atqui
791 1207 906 1264 ﬁeri
935 1223 1042 1262 non
1073 1215 1255 1278 potest
1292 1214 1351 1261 ut
1385 1207 1592 1276 absque
1620 1206 1712 1261 illa
1739 1206 1865 1276 quis
1899 1214 2160 1262 nascatur

592 1311 689 1358 aut
723 1301 927 1372 aliquid
959 1310 1233 1371 operetur.
1271 1298 1406 1352 Nam
1438 1313 1508 1353 ne
1537 1297 1770 1369 digitum
1794 1297 2015 1368 quidem
2039 1298 2159 1353 sine

593 1396 707 1451 fato
738 1411 897 1465 posse
927 1394 1160 1465 aliquem
1193 1407 1411 1447 movere
1452 1392 1627 1447 aiunt.
1662 1390 1740 1446 Ex
1774 1392 1941 1445 natali
1973 1391 2158 1462 itaque

594 1489 858 1544 fatalitate
891 1488 1090 1557 illaque
1119 1493 1342 1541 auctore
1378 1484 1489 1539 nati
1524 1484 1929 1555 legumlatores,
1958 1483 2154 1548 Minos,

591 1581 788 1644 Draco,
835 1579 1136 1651 Lycurgus,
1190 1576 1379 1640 Solon,
1431 1575 1720 1640 Zaleucus,
1766 1574 1911 1646 leges
1958 1589 2157 1629 sanxe-

589 1682 720 1729 runt
756 1673 1108 1744 prohibentes
1152 1670 1439 1734 adulteria,
1487 1668 1685 1731 caedes,
1726 1667 1976 1737 injurias,
2009 1668 2157 1737 rapi-

2261 748 2397 812 ἐστι,
2435 747 2529 800 καὶ
2566 746 2668 800 οὐκ
2700 746 2868 818 ἐχρῆν
2899 742 3037 800 εἶναι
3062 744 3290 816 νόμους’
3323 746 3357 817 ἦ
3383 748 3488 800 εἰσι
3534 748 3707 816 νόμοι.
3734 748 3823 802 καὶ

2260 840 2361 892 οὐκ
2400 839 2506 892 εἰσὶ
2534 838 2677 893 κατά
2706 838 2937 908 γένεσιν.
2992 837 3131 891 Ἀλλ’
3162 839 3442 910 ἀμήχανον
3480 839 3650 911 χωρὶς
3675 840 3824 907 γενέ-

2263 947 2400 994 σεως
2427 930 2592 999 φῦναί
2623 948 2763 993 τινα.
2798 931 2891 983 καὶ
2917 929 3316 1001 διαπράξασθαί
3341 947 3414 983 τι’
3439 930 3560 984 οὐδὲ
3585 930 3693 1003 γὰρ
3735 931 3820 985 τὸν

2259 1021 2515 1077 δάκτυλον
2565 1021 2763 1087 ἐξεῖναί
2807 1039 2937 1092 φασι
2982 1023 3152 1095 χωρὶς
3206 1022 3561 1095 Εἱμαρμένης
3608 1024 3819 1094 κινῆσαι

2258 1131 2384 1168 τινι.
2418 1114 2575 1169 Κατὰ
2607 1115 2820 1184 γένεσιν
2848 1115 2956 1187 ἄρα
2998 1116 3094 1169 καὶ
3128 1116 3314 1179 Μίνως
3342 1115 3434 1169 καὶ
3464 1115 3691 1187 Δράκων
3734 1116 3822 1170 καὶ

2259 1206 2570 1277 Λυκοῦργος
2612 1208 2705 1261 καὶ
2732 1207 2907 1261 Σόλων
2943 1209 3038 1261 καὶ
3080 1208 3348 1272 Ζάλευκος
3376 1193 3664 1279 νομοθέται
3698 1208 3821 1278 φύν-

2258 1314 2367 1363 τες,
2389 1300 2701 1367 διετάξαντο
2718 1299 2843 1363 τοὺς
2865 1299 3081 1371 νόμους,
3105 1300 3537 1371 ἀπαγορεύοντες
3561 1300 3818 1372 μοιχείας,

2259 1393 2471 1464 φόνους,
2505 1393 2644 1464 βίας,
2689 1394 2963 1466 ἁρπαγὰς,
3002 1392 3228 1460 κλοπὰς,
3258 1393 3334 1456 ὡς
3362 1392 3463 1446 ούκ
3506 1393 3676 1447 ὄντων
3706 1392 3820 1446 τού·

2257 1503 2363 1539 των
2391 1487 2486 1539 καὶ
2517 1486 2813 1557 γινομένων
2837 1486 2981 1539 κατά
3006 1486 3237 1554 γένεσιν.
3275 1486 3339 1539 Et
3370 1485 3427 1538 δὲ
3452 1485 3590 1538 κατά
3614 1484 3819 1553 γένεσιν

2257 1577 2349 1630 καὶ
2394 1576 2587 1645 ταῦτα,
2640 1578 2700 1632 ού
2745 1578 2887 1632 κατά
2924 1578 3234 1647 γένεσιν¹οἱ
3273 1576 3451 1648 νόμοι.
3510 1578 3584 1631 Οὐ
3617 1577 3730 1649 γὰρ
3758 1576 3819 1631 ἂν

2256 1670 2394 1743 αὐτὴ
2413 1672 2504 1740 ἀφ’
2536 1671 2736 1741 ἑαυτῆς
2760 1672 3013 1744 ἀνῃρεῖτο
3040 1671 3274 1741 γένεσις,
3303 1670 3439 1743 αὐτὴ
3471 1670 3670 1743 ἑαυτὴν
3695 1672 3821 1725 ἀκυ-

589 1781 713 1831 nas,
750 1766 922 1831 furta;
946 1764 1092 1820 haud
1118 1764 1283 1819 dubie
1318 1760 1588 1824 arbitrati,
1614 1775 1789 1830 neque
1810 1774 1952 1823 esse,
1977 1774 2144 1830 neque

2260 1763 2448 1837 ροῦσα,
2482 1764 2575 1818 καὶ
2603 1764 2740 1836 αὑτὴ
2769 1765 2936 1836 ἑαυτῇ
2978 1765 3261 1836 μαχομένη
3280 1780 3294 1795 ·
3320 1764 3416 1818 καὶ
3450 1764 3687 1818 ἐνταῦθα
3728 1763 3820 1835 μὲν

591 1859 706 1915 ﬁeri
746 1860 874 1914 talia
902 1874 996 1929 per
1035 1857 1273 1913 natalem
1307 1853 1650 1910 fatalitatem.
1683 1851 1780 1908 Sin
1810 1860 1992 1908 autem
2038 1854 2154 1909 haec

586 1968 803 2024 quoque
843 1967 938 2022 per
977 1951 1212 2006 natalem
1253 1947 1572 2003 fatalitatem
1598 1986 1614 2011 ,
1672 1960 1781 2000 non
1830 1955 1961 2001 sunt
2007 1948 2153 2019 leges

586 2059 685 2115 per
712 2044 947 2099 natalem
978 2042 1300 2097 fatalitatem
1332 2058 1346 2096 :
1380 2055 1559 2110 neque
1587 2038 1731 2094 enim
1757 2040 1874 2110 ipsa
1898 2054 1957 2095 se
1980 2040 2151 2110 ipsam

585 2137 786 2193 natalis
818 2136 1057 2191 fatalitas
1101 2135 1430 2196 destrueret,
1457 2132 1577 2202 ipsa
1624 2132 1727 2186 sibi
1773 2132 2153 2187 auctoritatem

583 2231 899 2295 detrahens,
949 2242 1014 2282 ac
1041 2241 1227 2284 secum
1276 2225 1395 2295 ipsa
1442 2241 1693 2297 pugnans
1726 2246 1739 2279 :
1769 2225 1896 2279 hinc
1928 2224 2145 2294 quidem

582 2321 729 2393 leges
767 2330 1034 2386 statuens,
1068 2319 1335 2375 adulteria
1373 2319 1657 2389 credesque
1688 2318 2057 2389 prohibentes,
2096 2326 2151 2373 et

2255 1857 2718 1928 ἀπαγορευτικοὺς
2745 1856 2990 1928 μοιχείας
3011 1857 3105 1911 καὶ
3128 1858 3302 1927 φόνων
3324 1856 3520 1927 νόμους
3540 1855 3816 1927 τιθεμένη,

2256 1949 2348 2001 καὶ
2368 1948 2750 2021 τιμωρουμένη
2817 1950 2910 2003 καὶ
2956 1948 3355 2022 ἐπεξερχομένη
3414 1951 3541 2013 τοὺς
3593 1948 3813 2013 κακούς*

2254 2039 2487 2094 ἐνταῦθα
2520 2040 2577 2094 δὲ
2612 2042 2803 2111 φόνους
2833 2043 2927 2096 κα)⁵
2963 2044 3206 2114 μοιχείας
3241 2043 3602 2116 ἐργαζομένη.
3668 2040 3820 2096 Ἀλλά

2253 2133 2411 2188 τοῦτο
2448 2135 2729 2192 ἀδύνατον.
2768 2137 2934 2191 Οὐδὲν
2971 2137 3080 2211 γὰρ
3113 2138 3399 2193 ἀλλόκοτον
3431 2138 3560 2192 αὐτὸ
3603 2136 3816 2201 ἑαυτοῦ,

2254 2229 2347 2281 καὶ
2371 2226 2503 2281 αὐτὸ
2527 2228 2703 2299 ἐαυτῷ
2725 2230 3178 2301 ἀπεχθανόμενον,
3210 2231 3303 2285 καὶ
3327 2231 3456 2285 αὐτὸ
3471 2231 3634 2284 ἑαυτὸ
3658 2248 3821 2285 κατα-

2256 2318 2400 2383 λύον,
2433 2322 2527 2374 καὶ
2555 2320 2879 2392 ἀσύμφωνον
2914 2323 3043 2376 αὐτὸ
3066 2321 3258 2394 ἑαυτῷ.
3288 2324 3399 2377 Ούκ
3428 2324 3535 2396 ἄρα
3560 2324 3791 2394 γένεσις.

581 2416 855 2471 ulciscens
876 2415 1143 2485 malisque
1166 2414 1437 2469 mulctans
1484 2414 1674 2468 talium
1698 2413 1991 2469 criminum
2042 2428 2167 2468 reos
2206 2433 2218 2467 :
2261 2415 2481 2471 aliunde
2518 2424 2699 2472 autem
2731 2417 2798 2472 ad
2847 2418 3024 2474 caedes
3057 2428 3220 2489 atque
3266 2420 3528 2475 adulteria
3568 2421 3818 2477 homines

581 2511 841 2603 ndigens;
872 2511 1016 2583 quod
1040 2512 1156 2567 tleri
1179 2512 1331 2566 nullo
1364 2510 1523 2565 modo
1553 2519 1751 2581 potest.
1803 2509 1949 2564 Nihil
1971 2511 2115 2565 enim
2168 2526 2197 2564 a
2230 2528 2287 2566 se
2333 2512 2454 2583 ips’o
2502 2514 2739 2571 alienum
2777 2525 2941 2587 atque
2990 2517 3317 2580 abhorrens,
3373 2519 3665 2590 ipsumque
3718 2518 3816 2575 sibi

580 2606 685 2678 ipsi
729 2600 1015 2660 adversum
1057 2618 1120 2658 ac
1163 2619 1223 2658 se
1260 2601 1571 2665 destruens,
1620 2602 1831 2672 sibique
1880 2600 2311 2657 dissentaneum.
2355 2600 2510 2657 Nulla
2542 2614 2625 2659 est
2661 2605 2826 2675 igitur
2860 2606 3059 2661 natalis
3085 2605 3341 2663 fatalitas.

652 2699 710 2756 Si
760 2714 857 2772 per
896 2698 1130 2754 natalem
1172 2696 1501 2753 fatalitatem
1536 2695 1596 2750 lit
1622 2694 1888 2766 quidquid
1929 2694 2149 2750 tandem

578 2801 685 2861 est,
732 2776 992 2849 nec'sine
1035 2790 1128 2845 illa
1170 2789 1464 2861 quidquam
1505 2803 1733 2859 prorsus
1782 2787 2017 2851 exsistit,
2054 2802 2147 2842 ne-

577 2898 734 2939 cesse
762 2890 846 2939 est
869 2890 922 2938 et
954 2882 1126 2952 legem
1158 2882 1250 2935 illa
1289 2888 1514 2936 auctore
1542 2894 1685 2935 esse.
1722 2876 1885 2948 Atqui
1916 2878 2002 2932 lex
2028 2890 2147 2931 eam

2319 2695 2383 2749 Εί
2413 2698 2555 2751 κατὰ
2597 2699 2806 2768 γένεσιν
2838 2701 2944 2753 πᾶν
2972 2700 3000 2753 ὃ
3020 2717 3073 2753 τι
3092 2699 3287 2753 ποτοῦν
3323 2701 3551 2769 γίνεται,
3581 2704 3680 2757 καὶ
3707 2704 3815 2758 ἐστι

2245 2787 2367 2859 δίχα
2399 2790 2661 2858 γενέσεως
2691 2790 2840 2844 οὐδέν
2859 2808 2873 2824 ο
2913 2792 3123 2864 ἀνάγκη
3159 2793 3252 2846 καὶ
3281 2792 3372 2847 τὸν
3413 2793 3576 2865 νόμον
3609 2796 3815 2864 γενέσει

2245 2883 2547 2952 γεγονέναι.
2609 2884 2768 2938 Ἀλλά
2810 2884 2971 2956 νόμος
3008 2887 3221 2955 γένεσιν
3267 2887 3501 2959 ἀναιρεῖ,
3560 2888 3813 2962 διδακτὴν

576 2977 740 3042 tollit,
773 2991 894 3046 quze
938 2974 1148 3030 addisci
1190 2975 1449 3029 virtutem
1495 2988 1559 3026 ac
1610 2970 1829 3027 suaderi
1859 2985 2022 3039 posse
2049 2968 2144 3023 do—

2252 2977 2511 3031 διδάσκων
2542 2978 2638 3050 τὴν
2682 2979 2901 3051 ἀρετὴν,
2927 2981 3021 3033 καὶ
3069 2978 3129 3045 ἐξ
3172 2980 3488 3051 ἐπιμελείας
3526 3000 3815 3056 προσγινου

577 3075 718 3135 ceat,
768 3065 1152 3136 diligentiaque
1189 3080 1252 3119 ac
1286 3063 1592 3119 attentione
1636 3076 1755 3118 eam
1803 3061 2141 3131 comparari;

2252 3064 2444 3136 μένηνο
2486 3066 2724 3139 φευκτὴν
2770 3068 2828 3121 δὲ
2862 3067 2961 3140 τὴν
2988 3070 3203 3136 κακίαν,
3234 3072 3327 3125 καὶ
3361 3071 3420 3139 ἐξ
3461 3074 3813 3139 ἀπαιδευσίας

574 3162 739 3222 vitari
780 3176 1000 3233 quoque
1043 3175 1203 3231 posse
1257 3159 1469 3225 vitium,
1523 3165 1577 3212 et
1625 3172 1694 3212 ex
1738 3154 2143 3225 indisciplinata

2252 3156 2543 3229 φυομένην.
2571 3159 2682 3213 Οὐκ
2710 3158 2818 3232 ἄρα
2846 3161 3080 3230 γένεσις.

571 3264 756 3311 mente
778 3253 1054 3326 proﬁcisci
1078 3269 1094 3319 ;
1131 3250 1280 3305 nulla
1307 3265 1437 3321 ergo
1461 3256 1546 3304 est
1583 3247 1787 3302 natalis
1810 3246 2067 3300 l'atalitas.

646 3345 704 3402 Si
732 3355 792 3401 ut
830 3346 921 3400 alii
949 3345 1088 3400 alios
1117 3343 1316 3413 injuria
1344 3339 1664 3409 adiciamus,
1692 3355 1755 3394 ac
1778 3338 2021 3394 vicissim
2053 3337 2140 3393 af-

572 3438 843 3501 ﬁciamur,
891 3443 1113 3508 praestat
1158 3433 1359 3490 natalis
1413 3430 1693 3497 fatalitas,
1750 3429 1882 3501 quid
1928 3429 2140 3501 legibus

571 3530 754 3603 opus?
784 3529 882 3584 Sin
921 3538 1101 3584 autem
1130 3542 1196 3583 eo
1235 3527 1380 3599 leges
1409 3531 1657 3597 spectant
1686 3531 1747 3579 ut
1773 3522 2141 3594 delinquenti-

569 3622 676 3679 bus
704 3634 863 3693 ptcna
894 3621 1229 3692 imponatur,
1265 3618 1378 3675 Deo
1417 3619 1527 3675 illis
1558 3617 1877 3690 providente
1913 3617 2007 3689 qui
2050 3616 2137 3671 in-

446 3722 459 3729 ‘
566 3713 713 3784 juria
757 3711 1028 3767 laeduntur
1066 3727 1081 3764 :
1115 3725 1245 3765 sane
1279 3711 1572 3779 pmstabat
1613 3708 1765 3764 fatali
1812 3710 2139 3765 necessitate

568 3804 747 3861 malos
776 3817 888 3859 non
912 3802 1050 3869 ﬁeri,
1082 3815 1243 3872 quam
1273 3801 1365 3855 ubi
1392 3799 1519 3856 facti
1541 3809 1691 3865 sunt,
1715 3800 1927 3872 legibus
1951 3816 2138 3856 emen—

568 3897 712 3957 dari.
744 3896 905 3967 Atqui
946 3893 1092 3950 Deus
1132 3893 1310 3948 bonus
1351 3898 1437 3947 est
1474 3899 1529 3946 et
1572 3890 1816 3961 sapiens,
1856 3891 2022 3963 idque
2050 3892 2135 3945 fa-

572 3996 727 4053 ciens
754 3992 901 4065 quod
934 3988 1300 4063 praestabilius
1330 3990 1441 4057 sit;
1469 3989 1619 4044 nulla
1660 4003 1792 4062 ergo
1816 3998 1901 4047 est
1935 3990 2136 4048 natalis

570 4084 829 4141 fatalitas.

638 4179 747 4233 Aut
782 4173 1124 4232 educationis
1168 4187 1339 4244 genus
1366 4174 1746 4245 contractique
1793 4188 1994 4240 mores,
2035 4190 2134 4231 seu

566 4271 773 4327 imbuta
805 4268 1039 4330 indoles,
1066 4282 1248 4321 causa:
1269 4274 1397 4322 sunt
1420 4280 1803 4338 peccatorum;
1835 4276 1931 4322 aut
1963 4267 2133 4324 animi

564 4361 1026 4433 perturbationes,
1068 4366 1122 4414 et
1152 4373 1273 4428 quae
1310 4374 1408 4431 per
1436 4373 1636 4430 corpus
1670 4357 1941 4415 desideria
1973 4375 2132 4416 exer-

2312 3343 2377 3398 Εί
2417 3345 2478 3397 τὸ
2506 3343 2766 3417 ἀλλήλους
2807 3346 3012 3402 ἀδικεῖν
3051 3350 3145 3403 καὶ
3184 3350 3247 3403 τὸ
3287 3351 3377 3405 ὑπ’
3425 3352 3669 3424 ἀλλήλων
3705 3355 3816 3410 ἀδι-

2243 3435 2456 3490 κεῖσθαι
2487 3437 2699 3507 γένεσις
2744 3441 2909 3505 ποιεῖ,
2952 3440 3035 3505 τίς
3069 3440 3228 3514 χρεία
3271 3443 3579 3516 νόμωνςιΕί
3621 3445 3682 3500 δὲ
3727 3448 3814 3501 ἴνα

2240 3530 2366 3594 τοὺς
2430 3531 2841 3603 ἁμαρτάνοντας
2904 3532 3237 3605 ἀμύνωνται,
3296 3536 3675 3607 φροντίζοντος
3719 3538 3811 3592 τοῦ

2239 3620 2373 3676 Θεοῦ
2394 3621 2504 3676 τῶν
2533 3624 2899 3695 ἀδικουμένων
2920 3641 2934 3656 ο
2974 3626 3193 3697 ἄμεινον
3225 3621 3292 3699 ἦν
3320 3629 3522 3693 κακοὺς
3549 3628 3625 3701 μὴ
3660 3630 3812 3702 ποιῆ-

2240 3722 2329 3759 σαι
2372 3705 2495 3760 καθ’
2554 3708 2915 3779 εἱμαρμένην,
2954 3709 2986 3780 ἢ
3045 3712 3186 3781 μετὰ
3231 3712 3293 3765 τὸ
3330 3713 3575 3783 ποιῆσαι,
3623 3714 3809 3785 νόμοις

2238 3798 2686 3870 ἐπανορθοῦσθαι.
2730 3800 2866 3854 Ἀλλ’
2902 3801 3104 3870 ἀγαθὸς
3144 3804 3173 3856 ό
3207 3803 3338 3869 Θεὸς
3375 3806 3469 3859 καὶ
3498 3805 3685 3875 σοφὸς,
3715 3804 3804 3860 κα*

2235 3888 2305 3944 τὰ
2328 3889 2565 3944 κοείσσω
2589 3892 2775 3948 ποιῶν.
2806 3894 2919 3949 Ούκ
2944 3893 3051 3967 ἄρα
3084 3894 3316 3959 γένεσις.

2308 4179 2464 4234 Ἤτοι
2505 4179 2807 4254 ἀνατροφαὶ
2853 4182 2949 4235 καὶ
2990 4182 3057 4236 τὰ
3097 4181 3194 4253 ἔθη
3236 4181 3344 4235 τῶν
3389 4182 3808 4255 ἁμαρτημάτων

2234 4272 2369 4327 είσὶν
2391 4272 2561 4336 αἴτια,
2593 4272 2628 4344 ἢ
2657 4270 2725 4326 τὰ
2758 4271 2903 4345 πάθη
2933 4272 3032 4345 τῆς
3062 4272 3263 4344 ψυχῆς,
3292 4274 3386 4326 καὶ
3411 4273 3464 4325 αἱ
3495 4273 3582 4328 διά
3616 4274 3807 4348 σώμα-

2233 4387 2326 4434 τος
2362 4369 2665 4441 ἐπιθυμίαι.
2709 4368 2998 4442 Ὀπότερον
3029 4370 3075 4423 δ’
3118 4370 3185 4425 ἂν
3212 4363 3478 4441 τούτωνῇ
3512 4368 3572 4422 τὸ
3603 4369 3802 4431 αἴτιον,

563 4464 777 4519 centur,
834 4467 929 4509 seu
983 4451 1329 4522 cupiditates.
1370 4450 1646 4522 Quidquid
1702 4460 1885 4509 autem
1932 4453 2127 4508 borum

2252 4458 2313 4529 ιῖς
2340 4462 2407 4518 ἂν
2437 4458 2470 4535 ᾗ
2511 4461 2704 4527 αἴτιον,
2730 4460 2861 4525 Θεὸς
2892 4460 3151 4525 ἀναίτιος.

562 4562 729 4603 causa
758 4546 850 4609 sit,
884 4552 1033 4602 certe
1064 4544 1206 4601 Deus
1227 4552 1419 4600 auctor
1440 4560 1503 4600 ac
1525 4560 1688 4600 causa
1718 4546 1943 4602 minime
1964 4545 2055 4603 sit.

633 4638 691 4696 Si
721 4638 917 4695 melius
947 4638 1254 4710 estjustum
1285 4654 1407 4694 esse
1427 4652 1591 4709 quam
1615 4637 1905 4707 injustum,
1936 4637 2128 4709 quidni

559 4731 688 4788 talis
734 4730 804 4787 ab
859 4731 980 4802 ipso
1033 4732 1284 4802 protinus
1325 4740 1449 4785 ortu
1498 4744 1674 4800 exque
1726 4729 1912 4801 genesi
1964 4730 2129 4785 homo

561 4824 825 4882 creatur?
854 4822 953 4880 Sin
987 4834 1168 4879 autem
1201 4832 1409 4894 postea,
1447 4830 1507 4875 ut
1531 4820 1601 4876 ad
1623 4821 1903 4877 meliorem
1932 4820 2129 4876 evadat

560 4916 794 4988 frugem.
819 4915 1127 4986 disciplinis
1156 4915 1375 4986 cogitur
1398 4924 1562 4985 atque
1583 4912 1797 4984 legibus
1832 4931 1845 4967 :
1874 4912 2035 4982 plane
2066 4919 2127 4969 ut

559 5009 768 5066 arbitrii
798 5007 1055 5064 facultate
1087 5007 1346 5078 praeditus
1376 5006 1444 5062 iis
1475 5008 1690 5077 cogitur
1720 5011 1775 5061 et
1803 5005 2123 5077 castigatur,

557 5114 667 5153 non
702 5099 849 5153 velut
881 5097 975 5170 qui
1002 5096 1176 5153 malus
1205 5112 1235 5151 a
1266 5104 1461 5152 natura
1490 5097 1582 5153 sit.

629 5185 690 5243 Si
710 5188 859 5252 mali,
890 5188 1057 5244 natali
1088 5187 1373 5251 fatalitate,
1408 5186 1745 5242 ineluctabili
1770 5186 2125 5258 providentiae

557 5279 777 5335 decreto
826 5280 954 5333 mali
994 5287 1317 5343 nascuntur,
1366 5278 1514 5333 omni
1565 5279 1727 5349 culpa
1759 5287 1981 5343 vacant,
2022 5295 2122 5335 nec

554 5369 704 5440 «ligni
741 5375 873 5425 sunt
915 5369 1009 5441 qui
1055 5370 1234 5440 legum
1279 5370 1456 5441 pcenis
1490 5381 1880 5440 coerceantur;
1920 5373 2120 5443 quippe

553 5462 647 5529 qui
672 5460 858 5516 vivant
898 5469 959 5516 ut
1005 5461 1114 5518 illis
1147 5476 1178 5515 a
1205 5470 1403 5517 natura
1432 5472 1809 5533 comparatum
1836 5473 1957 5528 est;
1990 5479 2117 5519 nam

552 5575 653 5615 nec
685 5576 743 5615 se
768 5559 916 5632 ipsos
939 5568 1151 5616 mutare
1177 5568 1493 5632 potuerunt.

624 5651 859 5718 Rursus,
913 5653 958 5708 si
1001 5652 1151 5719 boni,
1181 5668 1246 5708 eo
1289 5652 1434 5723 quod
1474 5652 1626 5713 iuxta
1670 5660 1921 5708 naturam
1961 5664 2115 5706 suam

552 5746 673 5801 vita:
704 5747 941 5806 rationes
966 5745 1281 5814 instituunt,
1316 5745 1476 5801 laude
1503 5746 1652 5815 digni
1676 5753 1823 5811 sunt,
1861 5759 1985 5800 cum
2016 5759 2115 5798 ua-

2298 4644 2362 4697 Ei
2403 4641 2655 4715 κρεῖσσόν
2693 4641 2810 4695 ἐστι
2845 4638 2907 4693 τὸ
2937 4639 3142 4693 δίκαιον
3176 4634 3315 4693 εἶναι
3340 4637 3435 4691 τοῦ
3469 4636 3686 4702 ἀδίκου,
3716 4634 3804 4688 διά

2227 4734 2281 4789 τί
2316 4733 2555 4797 τοιοῦτος
2599 4730 2822 4787 αὐτόθεν
2857 4731 2887 4783 ό
2912 4728 3199 4802 ἄνθρωπος
3238 4727 3347 4782 ἀπὺ
3392 4726 3491 4797 τῆς
3527 4724 3805 4795 γενέσεως

2226 4827 2290 4881 ού
2328 4826 2565 4898 γίνεται;
2610 4824 2675 4877 Εί
2701 4823 2759 4877 δὲ
2804 4822 3049 4894 ὕστερον,
3090 4821 3238 4884 ὅπως
3279 4820 3515 4892 ἀμείνων
3564 4817 3798 4888 γενηΘῇ.

2229 4918 2616 4991 σωφρονίζεται
2661 4915 2943 4988 μαθήμασι
2972 4915 3066 4968 καὶ
3104 4913 3316 4984 νόμοις·
3346 4911 3422 4975 ὡς
3450 4910 3801 4976 αὑτεξούσιος

2224 5012 2333 5084 ἄρα
2374 5007 2783 5082 σωφρονίζεται,
2811 5008 2907 5063 καὶ
2928 5008 3028 5062 οὐκ
3052 5008 3117 5060 ὲκ
3139 5004 3354 5075 φύσεως
3384 5002 3460 5056 ὢν
3494 5002 3692 5066 κακός.

2294 5193 2358 5246 Ei
2382 5193 2432 5244 οἱ
2457 5190 2682 5262 πονηροὶ
2706 5187 2930 5261 πονηροὶ⁵
2953 5187 3092 5242 κατά
3114 5186 3325 5256 γένεσιν
3346 5184 3503 5255 φύσει
3525 5180 3801 5263 Προνοίας

2220 5286 2432 5353 ταγαῖς,
2465 5284 2564 5336 οὐκ
2588 5284 2696 5336 εἰσὶ
2736 5280 2971 5353 μεμπτοὶ
3001 5280 3097 5333 καὶ
3128 5278 3267 5345 ἄξιοι
3299 5276 3565 5349 τιμωρίας
3594 5273 3703 5345 τῆς
3734 5275 3801 5326 ὲκ

2221 5378 2329 5432 τῶν
2374 5377 2575 5449 νόμων,
2618 5374 2818 5441 ζῶντες
2860 5375 2977 5428 κατ’
3017 5372 3185 5445 αὐτὴν
3220 5371 3318 5443 τὴν
3359 5368 3563 5424 οἰκείαν
3603 5366 3795 5435 φάσιν·

2220 5470 2342 5524 ἐπεὶ
2369 5470 2442 5541 μὴ
2471 5468 2780 5540 δεδύνηνται
2808 5465 3224 5538 μεταϐληθῆναι.

2288 5646 2398 5698 Καὶ
2429 5645 2603 5710 ἄλλως
2622 5662 2635 5675 ’
2664 5644 2713 5697 εί
2752 5643 2802 5696 οί
2847 5640 3042 5711 ἀγαθοὶ
3079 5639 3220 5695 κατά
3246 5639 3344 5711 τὴν
3376 5634 3585 5692 οἰκείαν
3627 5633 3798 5706 φύσιν

2218 5739 2419 5807 ζῶντές
2457 5741 2593 5795 εἰσιν
2636 5738 2928 5802 ὲπαινετοὶ,
2962 5728 3064 5808 τῆς
3105 5734 3368 5805 γενέσεως
3406 5729 3570 5801 οὔσης
3606 5727 3797 5791 αἰτίας
