4010 6328
250 304 341 360 175

1322 300 1705 358 CONVIVIUM
1743 299 1972 357 DECEM
2013 297 2370 355 VIRGINUM.

3378 299 3482 353 ΠΛ

244 420 326 476 τοῦ
359 416 500 474 εἶναι
529 421 658 484 τοὺς
693 419 948 488 ἀγαθους·
994 420 1118 474 οὐδὲ
1159 421 1209 472 οἱ
1242 421 1466 493 πονηροὶ
1502 423 1630 492 ἄρα,
1677 420 1816 477 κατὰ

1925 419 2048 474 talis
2071 419 2308 474 fatalitas
2347 418 2455 475 illis
2483 427 2676 474 auctor
2699 417 2770 475 sit
2794 426 2855 473 ut
2886 417 3014 473 boni
3043 417 3154 473 sint
3179 436 3194 473 :
3227 417 3386 487 plane
3419 436 3486 474 ne

247 514 329 586 τὴν
373 515 586 568 οἰκείαν
631 514 792 584 φύσιν
840 514 1060 580 ζῶντες,
1109 514 1369 568 αἱτιατέοι
1421 514 1572 584 παρὰ
1623 514 1816 584 δικαίῳ

247 609 415 678 κριτῇ.
479 606 590 659 Καὶ
649 607 697 658 εξ
741 607 846 676 χρὴ
899 605 1194 676 διαρρήδην
1231 607 1423 667 εἰπεῖν,
1469 607 1498 657 ὁ
1533 604 1673 658 κατὰ
1715 606 1814 676 τὴν

246 697 546 769 προσοῦσαν
576 696 723 768 αὐτῷ
749 696 907 765 φύσιν
930 696 1037 761 ζῶν
1065 696 1219 749 οὐδὲν
1247 696 1568 769 ἁμαρτάνει.
1609 698 1680 750 Οὐ
1705 696 1812 768 γὰρ

243 788 422 842 ἑαυτὸν
453 788 678 858 ἐποίησε
710 787 969 852 τοιοῦτον,
1021 787 1134 841 ἀλλ’
1174 789 1206 858 ἡ
1247 788 1579 860 εἱμαρμένη·
1626 791 1719 843 καὶ
1745 791 1810 861 ζῇ

244 880 372 933 κατὰ
408 880 511 950 τὴν
547 880 750 952 ταύτης
793 871 1026 950 κίνησιν,
1069 879 1331 950 ἀγόμενος
1353 879 1613 949 ἀφύκτοις
1647 881 1811 949 ἀνάγ-

242 986 375 1036 καις.
429 972 621 1036 Οὐδεὶς
666 969 759 1026 οὖν
809 972 997 1034 κακός.
1053 971 1192 1024 Ἀλλ’
1237 972 1343 1024 εἰσὶ
1398 973 1584 1026 κακοί’
1625 975 1738 1027 καὶ
1776 975 1810 1044 ἡ

245 1063 334 1133 μὲν
375 1063 550 1117 κακία
581 1064 778 1136 «pax-.93,
806 1065 901 1118 καὶ
934 1061 1103 1135 ἐχθρὰ
1123 1062 1358 1134 τῷεΘεῷ,
1383 1063 1458 1127 ὡς
1487 1065 1812 1138 συνέστησεν

242 1156 473 1224 ὁλόγος·
524 1159 559 1226 ἡ
588 1157 644 1210 δὲ
691 1157 856 1229 ἁρετὴ
887 1155 1187 1229 προσφιλὴς
1221 1157 1317 1209 καὶ
1355 1159 1634 1231 ἐπαινετὴ,
1675 1158 1808 1211 Θεοῦ

241 1249 587 1314 διατάξαντας
624 1250 788 1319 νόμον
817 1249 1057 1320 τιμωρὸν
1095 1247 1298 1302 κακῶν.
1330 1248 1442 1300 Οὐκ
1480 1249 1588 1320 ἄρα
1625 1251 1814 1322 εἱμαρ‹

243 1342 366 1412 μένη
377 1381 391 1394 .

1918 510 2046 564 mali
2072 510 2316 580 quidem,
2352 510 2445 580 qui
2492 510 2594 580 ipsi
2623 526 2842 581 quoque
2873 511 2953 566 sic
2993 511 3178 565 vivant
3211 519 3268 565 ut
3296 525 3484 566 earum

1916 608 2113 655 natura
2144 608 2312 672 atque
2343 603 2557 658 indoles
2587 604 2787 673 poscit,
2819 603 3078 674 culpandi
3104 613 3264 658 erunt
3288 619 3317 657 a
3341 602 3489 671 justo

1910 695 2116 764 judice.
2149 694 2382 758 Etenim,
2419 696 2464 750 si
2504 696 2652 751 clare
2687 697 3016 767 loquendum
3048 703 3154 758 est,
3186 697 3279 767 qui
3309 699 3382 751 ita
3408 697 3491 751 γί-

1917 787 1990 840 vit
2029 794 2087 841 ut
2128 787 2206 840 illi
2254 804 2321 842 ex
2359 795 2554 842 natura
2597 789 2829 844 inditum
2862 797 2968 857 est,
3007 789 3140 843 nihil
3169 790 3284 860 ipse
3313 789 3492 846 delin—

1918 879 2058 948 quit.
2090 878 2208 934 lNon
2243 880 2389 935 enim
2421 881 2537 950 ipse
2561 897 2620 937 se
2658 882 2858 952 ipsum,
2899 883 2993 938 sed
3022 881 3192 937 fatum
3217 883 3379 938 talem
3409 883 3491 939 fe-

1917 972 1990 1026 cit
2018 991 2030 1025 :
2064 987 2242 1042 exque
2262 972 2410 1029 illius
2435 983 2614 1030 motus
2645 975 3020 1044 compulsione
3042 976 3194 1044 vivit,
3223 975 3492 1032 inelucta-

1917 1063 2011 1118 bili
2065 1066 2393 1122 necessitate
2443 1073 2673 1122 tractus.
2714 1065 2886 1122 Nemo
2933 1067 3097 1136 igitur
3152 1075 3238 1122 est
3291 1068 3488 1123 malus.

1918 1155 2080 1225 Atqui
2141 1157 2266 1210 mali
2315 1166 2461 1212 sunt.
2501 1157 2566 1210 Et
2626 1158 2835 1212 malitia
2890 1157 3109 1227 quidem
3162 1158 3490 1228 vituperinm

1920 1249 2105 1312 habet,
2138 1264 2202 1303 ac
2243 1247 2352 1304 Deo
2386 1249 2604 1304 inimica
2651 1256 2758 1314 est,
2782 1256 2841 1303 ut
2885 1248 3140 1318 superius
3175 1248 3351 1303 evici:
3385 1247 3492 1301 vir-

1920 1349 2012 1395 tus
2044 1356 2176 1395 vero
2205 1341 2454 1396 amabilis
2491 1348 2547 1394 et
2577 1340 2738 1394 laude
2770 1340 2952 1410 digna,
2995 1355 3118 1394 cum
3151 1339 3294 1395 Deus
3319 1341 3492 1412 legem

1920 1431 2250 1487 ulciscendis
2272 1432 2430 1487 malis
2455 1431 2820 1486 constituerit.
2852 1429 2969 1485 Non
3001 1431 3168 1502 igitur
3189 1438 3273 1487 est
3298 1430 3490 1487 fatum.

908 1546 1036 1602 CAP.
1073 1546 1238 1602 XVII.
1271 1547 1710 1617 Cancupiscentia
1745 1550 1920 1604 carnis
1945 1559 1994 1604 et
2022 1550 2239 1618 spiritus
2265 1567 2282 1602 :
2316 1550 2500 1603 vilium
2522 1559 2571 1602 et
2600 1550 2783 1603 virtus.

301 1664 409 1718 Καὶ
435 1666 490 1718 τί
520 1665 777 1719 τοσοῦτον
824 1667 1266 1739 ἐπιδιατρίϐουσα
1303 1671 1415 1725 τοῖς
1443 1668 1703 1738 ἐλέγχοις,
1745 1669 1816 1730 εἰς

1996 1666 2064 1719 At
2102 1667 2230 1735 quid
2270 1682 2386 1736 ego
2443 1666 2776 1736 stringendis
2818 1665 3171 1719 elenchorum
3225 1664 3495 1720 machinis

242 1759 406 1828 μῆκος
434 1757 619 1826 ἐξάγω
643 1759 734 1812 τὸν
766 1759 943 1828 λόγον,
971 1759 1042 1812 τὰ
1066 1761 1462 1832 ἀναγκαιότερα
1489 1762 1623 1832 πρὸς
1647 1760 1819 1814 πειθὼ

242 1851 326 1904 καὶ
365 1850 771 1919 συγκατάθεσιν
817 1850 910 1904 τοῦ
961 1853 1329 1923 συμφέροντος
1376 1853 1679 1924 ἐκθεμένη;
1725 1853 1819 1906 καὶ

241 1942 500 2013 πρόδηλον
550 1944 710 2006 πᾶσι,
757 1944 852 1995 καὶ
895 1943 953 2007 ἐξ
995 1943 1210 2010 ὀλίγων,
1256 1946 1354 2015 τὴν
1398 1944 1695 2013 διαφωνίαν
1723 1943 1817 1996 τοῦ

240 2035 578 2103 τεχνήματος
613 2035 792 2087 αὐτῶν
820 2036 1251 2108 ἐξεργασαμένη,
1279 2036 1418 2090 ὥστε
1445 2039 1631 2109 διορᾷν
1679 2038 1818 2104 ἐξεῖ-

242 2141 320 2177 ναι
348 2126 440 2177 καὶ
482 2126 916 2179 ἐπαισθάνεσθαι
947 2126 1045 2197 τὴν
1086 2127 1294 2198 πλάνην
1342 2129 1443 2198 ἤδη
1484 2129 1577 2181 καὶ
1604 2129 1816 2199 παιδίῳ,

242 2216 310 2279 ὡς
336 2219 418 2287 ἐφ’
446 2221 585 2289 ἡμῖν
614 2221 731 2272 ἐστι
762 2221 824 2273 τὸ
853 2221 1252 2290 διαπράξασθαι
1279 2221 1339 2273 τὸ
1367 2221 1548 2285 καλὸν,
1588 2221 1619 2292 ἦ
1645 2222 1704 2274 τὸ
1730 2239 1820 2274 κα-

245 2310 346 2370 κὸν.
379 2311 475 2362 καὶ
508 2311 614 2363 οὐκ
661 2313 718 2364 ἐν
754 2314 866 2374 τοῖς
905 2312 1154 2383 ἀστράσι.
1204 2311 1307 2364 Δύο
1351 2311 1457 2382 γὰρ
1507 2315 1723 2382 κινήσεε
1762 2314 1818 2365 ὲν

243 2402 361 2472 ἡμῖν
381 2404 565 2466 ἐστὸν,
592 2404 855 2474 ἐπιθυμία
873 2406 1143 2473 πεφυκότε
1159 2406 1272 2476 (54)
1295 2407 1493 2476 σαρκὸς
1511 2405 1602 2458 καὶ
1617 2405 1815 2474 ψυχῆς.

242 2491 549 2565 δωςὲρετον
579 2494 850 2565 ἀλλήλοιν·
880 2495 1001 2548 ὃθεν
1036 2495 1131 2547 καὶ
1163 2494 1255 2547 δύο
1284 2494 1514 2564 λαϐέτην
1549 2493 1779 2561 όνόματε
1800 2510 1814 2523 ·

196 2601 202 2607 “
241 2586 272 2658 ἡ
297 2587 390 2655 μὲν
425 2589 539 2657 γὰρ
577 2587 805 2658 ἀρετῆς,
835 2587 947 2658 ἡδὲ
982 2587 1198 2650 κακίας.
1239 2588 1358 2638 Δεῖν
1384 2586 1439 2637 δὲ
1466 2589 1532 2656 τῇ
1561 2584 1818 2656 καλλίστῃ

243 2683 325 2733 καὶ
369 2683 590 2752 χρηστῇ
638 2680 734 2734 καὶ
782 2681 1063 2734 πείθεσθαι
1106 2681 1208 2751 τῆς
1254 2681 1456 2752 ἀρετῆς
1498 2683 1707 2751 ἀγωγῇ,
1750 2681 1818 2734 τά

245 2771 484 2843 βέλτιστα
514 2772 627 2842 πρὸ
660 2772 768 2824 τῶν
813 2772 1030 2840 φαύλων
1057 2773 1437 2844 αἱρουμένους.
1497 2772 1654 2826 Ἀλλὰ
1691 2772 1818 2844 περὶ

243 2863 434 2916 τούτων
464 2864 590 2926 ἅλις
629 2865 755 2935 ἤδη,
787 2859 884 2917 καῖ
908 2865 1082 2932 ἐφέξει)
1107 2865 1196 2918 τὸν
1225 2865 1400 2934 λόγον.
1432 2863 1690 2935 Αἰδοῦμαι
1711 2863 1818 2936 γὰρ

246 2954 376 3023 μετὰ
415 2958 542 3019 τοὺς
583 2956 685 3026 τῆς
731 2957 954 3024 ἁγνείας
996 2957 1207 3025 λόγους,
1252 2957 1346 3010 καὶ
1382 2956 1814 3027 ἐγκαλύπτομαι,

1923 1758 2131 1813 diutius
2164 1759 2447 1822 immorer,
2500 1774 2624 1811 cum
2659 1758 2725 1812 ad
2758 1759 3096 1813 suadendum
3135 1773 3199 1811 ac
3237 1766 3497 1828 praestan—

1922 1853 2048 1908 dum
2098 1867 2380 1907 assensum
2437 1852 2612 1922 magis
2649 1854 2960 1907 necessaria
3011 1852 3496 1921 commodioraque

1922 1945 2221 2010 ediderim;
2253 1945 2498 2015 artisque
2529 1945 2841 2000 vanissimzc
2882 1960 2909 1997 a
2953 1944 3160 2014 seipsa
3194 1945 3496 2000 dissensio-

1922 2055 2066 2103 nem,
2105 2039 2354 2109 quamvis
2379 2039 2568 2108 paucis
2599 2054 2664 2093 ex
2694 2039 2967 2107 capitibus
3004 2037 3208 2091 nemini
3244 2053 3352 2091 non
3376 2051 3495 2091 ma—

1919 2129 2176 2184 nifestam
2235 2128 2569 2184 reddiderim
2613 2149 2625 2184 :
2673 2139 2730 2182 ut
2789 2129 2902 2198 jam
2959 2143 3201 2183 errorem
3260 2129 3494 2183 istorum

1923 2223 2083 2292 plane
2122 2223 2326 2277 sentire
2359 2238 2423 2276 ac
2469 2222 2776 2291 perspicere
2816 2222 2899 2276 vel
2933 2221 3082 2290 pueri
3129 2222 3374 2291 possint;
3411 2223 3496 2277 in-

1927 2315 2299 2384 telligerequc,
2332 2318 2388 2366 in
2436 2323 2625 2369 nostra
2663 2313 2889 2367 omnino
2918 2313 3080 2366 situm
3113 2313 3286 2367 libera
3321 2312 3491 2366 facul-

1918 2415 2032 2462 tate
2061 2422 2204 2469 esse,
2233 2422 2339 2460 non
2369 2415 2548 2461 autem
2589 2406 2642 2459 in
2688 2406 2882 2469 stellis,
2921 2405 3124 2459 bonum
3163 2415 3256 2457 aut
3292 2406 3494 2459 malum

1919 2498 2167 2554 edicere?
2199 2499 2317 2554 Duo
2346 2497 2547 2569 quippe
2577 2506 2757 2551 motus
2803 2498 2856 2551 in
2888 2497 3049 2551 nobis
3080 2503 3228 2557 sunt,
3261 2503 3493 2566 uterque

1918 2591 2363 2660 concupiscentia
2406 2591 2614 2648 vocati:
2645 2591 2816 2643 altera
2858 2589 3066 2652 carnis,
3117 2589 3287 2643 altera
3333 2589 3498 2658 spiri-

1919 2691 2014 2738 tus
2041 2683 2086 2714 “
2114 2703 2125 2736 :
2163 2683 2307 2738 unde
2340 2690 2393 2737 et
2426 2682 2741 2736 nominibus
2769 2680 3244 2745 discriminantur,
3276 2679 3498 2735 virtutis

1920 2784 2084 2846 atque
2115 2775 2250 2830 vitii.
2280 2774 2470 2846 Opera:
2499 2775 2734 2846 pretium
2761 2785 2942 2828 autem
2988 2782 3072 2829 est
3096 2782 3155 2828 ut
3187 2773 3496 2843 pulcherri-

1918 2884 2020 2924 mae
2064 2877 2119 2924 et
2170 2885 2348 2927 aureae
2385 2870 2826 2938 obtemperemns
2874 2866 3096 2922 virtutis
3141 2865 3496 2927 institutioni,

1921 2961 2126 3030 Optima
2169 2976 2268 3031 pro
2313 2962 2489 3026 malis,
2522 2968 2577 3014 et
2617 2975 2737 3030 qua:
2767 2959 2891 3013 vitae
2926 2959 3186 3022 Inereant,
3220 2955 3490 3026 eligendo.

242 3048 337 3110 τὰς
373 3047 478 3100 τῶν
527 3050 953 3122 μετεωρολόγων
994 3049 1026 3120 ἢ
1073 3050 1485 3120 ματαιοσκόπων
1524 3048 1816 3121 ἀνθρώπων

1929 3051 2036 3109 Sed
2063 3052 2130 3107 de
2164 3053 2255 3107 his
2281 3053 2392 3122 jam
2425 3054 2577 3110 satis.
2601 3051 2820 3108 Tenebo
2847 3051 2991 3106 enim
3023 3067 3107 3106 me
3131 3067 3198 3105 ne
3224 3051 3379 3120 plura
3412 3049 3498 3103 di-

249 3140 661 3212 ἀναγκαζομένη
705 3141 861 3205 δόξας
898 3141 1288 3214 ἐξηγήσασθαι,
1325 3141 1373 3194 οἳ
1414 3144 1507 3195 τὸν
1543 3141 1643 3212 τῆς
1681 3140 1823 3212 ζωῆς

250 3233 368 3302 μετ’
408 3235 625 3305 οἰήσεως
667 3234 1021 3288 ἀναλίσκουσι
1060 3235 1270 3306 χρόνον,
1304 3235 1539 3305 οὐδενὶῆ
1574 3233 1820 3305 μυθικοῖς

241 3325 664 3399 ἐνδιατρίϐοντες
688 3329 990 3400 πλάσμασι.
1034 3330 1218 3385 Ταῦτά
1256 3348 1335 3384 σοι
1382 3331 1476 3384 καὶ
1506 3331 1614 3382 τῶν
1642 3331 1816 3401 ἡμῶν,

240 3410 285 3469 ὦ
312 3418 568 3471 δέσποινα
608 3421 827 3490 Ἀρετὴ,
850 3421 956 3474 ἀπὸ
978 3421 1284 3493 θεορῤήτων
1321 3406 1819 3492 συγκαθυφάσμένα

237 3507 428 3580 λόγων,
452 3512 913 3584 προπομιζέσθω
948 3512 1016 3566 τὰ
1046 3513 1216 3586 δῶρα.

1929 3159 2069 3209 cam,
2101 3145 2430 3199 verecundia
2463 3144 2697 3216 quadam
2734 3144 2920 3208 ducta,
2954 3160 3022 3198 ne
3056 3144 3319 3197 hactenus
3350 3141 3500 3196 habi-

1925 3244 2013 3292 tos
2038 3236 2105 3292 de
2132 3237 2448 3307 virginitate
2472 3253 2775 3301 sermones,
2805 3237 2907 3290 hac
2937 3251 3128 3306 parum
3163 3246 3499 3306 congruente

1925 3345 2193 3401 nugarum
2234 3329 2754 3384 commemoratione
2799 3328 3189 3382 contaminem.
3243 3325 3308 3379 Et
3352 3336 3500 3381 certe

1925 3419 2114 3491 pudet,
2145 3418 2292 3490 quod
2338 3419 2623 3474 hominum
2671 3427 3036 3474 meteororum
3085 3418 3500 3487 cmlestinmqne

1926 3512 2212 3567 scientiam
2246 3510 2366 3581 (seu
2398 3512 2572 3581 magis
2603 3511 2822 3566 inanem
2869 3510 3333 3582 observationem)
3373 3525 3501 3580 pro-

241 3605 529 3673 ﬁtentium,
558 3610 849 3680 opiniones
876 3610 1080 3666 referre
1129 3626 1356 3667 necesse
1415 3609 1738 3676 habuerim;
1775 3609 1870 3681 qni
1919 3608 2174 3664 videlicet
2219 3607 2351 3664 solis
2399 3607 2596 3662 fabulis
2630 3615 2794 3677 atque
2832 3607 3104 3678 ﬁgmentis
3138 3607 3329 3661 dantes
3370 3619 3502 3675 ope-

241 3717 372 3766 nm,
413 3705 569 3759 inani
620 3704 767 3760 fastu
817 3720 882 3760 ac
909 3705 1192 3774 jactantia,
1227 3709 1351 3762 vita:
1385 3715 1601 3777 tempus
1656 3706 1964 3762 insumunt.
2001 3705 2180 3774 Atque
2207 3703 2323 3760 haec
2353 3703 2453 3758 tibi
2493 3719 2523 3756 a
2549 3702 2728 3768 nobis,
2763 3717 2797 3757 ο
2826 3701 3045 3757 domina
3092 3702 3274 3764 Arete,
3298 3714 3364 3754 ex
3414 3697 3502 3754 di-

242 3798 375 3854 vinis
401 3807 665 3855 contexta
687 3801 1048 3866 sermonibus,
1073 3819 1141 3857 en
1167 3803 1262 3859 tibi
1285 3805 1552 3860 sistantur
1572 3803 1739 3858 dona.

308 3894 605 3948 ΕΥΒΟΥΛ.
691 3896 780 3958 Ὠς
828 3895 947 3948 λίαν
993 3897 1364 3966 ἀγωνιστικῶς
1415 3901 1449 3971 ἡ
1495 3899 1672 3954 Θὲκλα
1724 3898 1818 3953 καὶ

244 3983 480 4049 me“,
518 3981 567 4040 ὦ
605 3988 942 4059 Γρηγόριον;

306 4076 597 4130 ΓΡΗΓΟΡ.
634 4078 699 4130 Τί
737 4074 850 4141 οὖν,
896 4079 929 4149 ἦ
961 4080 1129 4151 αὐτῆς
1163 4079 1380 4151 ἐκείνης
1408 4081 1684 4151 ἀκηκόεις,
1711 4081 1814 4153 ’ρύ-

240 4166 331 4238 δην
356 4170 450 4222 καὶ
483 4169 729 4240 εὐτρόχῳ
749 4173 816 4241 τῇ
841 4169 1053 4243 γλώττῃ
1085 4169 1221 4242 μετὰ
1248 4170 1447 4242 πολλῆς
1477 4171 1694 4242 χάριτος
1720 4171 1816 4224 καὶ

1994 3890 2247 3947 EUBUL.
2291 3892 2463 3959 Quam
2493 3891 2837 3962 pugnaciter,
2873 3905 2907 3945 ο
2937 3889 3280 3963 Gregorium,
3306 3907 3503 3963 quam-

1921 4001 2029 4057 que
2059 3985 2348 4056 magnilice
2373 3985 2672 4056 disputavit
2697 3984 2936 4040 Thecla?

1993 4077 2198 4133 GREG.
2232 4078 2374 4146 Quid
2426 4078 2471 4132 si
2523 4091 2641 4132 eam
2695 4076 2868 4146 ipsam
2903 4076 3124 4145 copiosa
3149 4075 3500 4146 versatilique

1921 4171 2250 4241 eloquentia,
2306 4185 2427 4224 cum
2488 4183 2699 4223 summa
2757 4167 2930 4237 gratia
2969 4174 3023 4222 et
3051 4167 3328 4236 voluptate
3367 4182 3501 4222 con-

238 4259 428 4329 ἡδονῆς
468 4261 892 4334 διαλεγομένηςς
933 4261 1072 4316 ὥστε
1120 4263 1426 4334 ἀγασθῆναι
1457 4281 1578 4318 τινα
1621 4263 1816 4337 προσέ-

1925 4261 2132 4332 inncta,
2183 4259 2576 4316 edisserentem
2610 4257 2917 4314 audiisses?
2951 4264 3009 4309 ut
3037 4255 3387 4312 admirationi
3415 4264 3499 4310 at-

239 4365 427 4419 χοντα,
458 4351 559 4404 καὶ
596 4352 696 4422 τῆς
742 4353 953 4424 μορφῆς
993 4353 1330 4426 ἐπανθούσης
1360 4357 1475 4418 τοῖς
1513 4355 1711 4424 λόγοις,
1738 4355 1814 4420 ὡς

239 4440 561 4506 ἑνδεαθὲτως
593 4444 688 4496 καὶ
719 4441 798 4512 τῷ
824 4443 936 4496 δντι
971 4444 1389 4516 φανταζομένως
1414 4448 1542 4518 περὶ
1570 4441 1646 4501 ὧν
1677 4449 1820 4520 ἀφη-

238 4535 381 4599 γεῖτο
434 4534 687 4599 διετέλει,
746 4535 1282 4610 ὑπερυθραινομένης
1338 4541 1475 4613 αὐτῇ
1533 4542 1671 4596 αἰδοῖ
1721 4544 1819 4615 τῆς

237 4619 437 4690 ὃςεως·
481 4623 584 4695 611;-
623 4623 734 4696 γὰρ
763 4620 901 4679 εἶναι
937 4626 1144 4696 πέφυκε
1184 4626 1352 4701 λευκὴ
1396 4631 1490 4684 καὶ
1533 4631 1690 4702 σῶμα
1724 4633 1816 4686 καὶ

241 4712 440 4785 ψυχήν-

307 4895 604 4950 ΕΥΒΟΥΛ.
659 4897 885 4968 Ὀρθῶς,
913 4893 958 4951 ὦ
989 4901 1308 4973 Γρηγόριον,
1344 4903 1517 4957 ταῦτα
1566 4905 1691 4976 φῂς.
1724 4906 1819 4960 καὶ

236 4985 384 5041 οὐδὲν
413 4988 598 5042 αὐτῶν
624 4989 838 5059 ψεῦδος.
871 4991 1078 5060 Ἔγνων
1108 4993 1217 5064 γὰρ
1245 4993 1339 5046 καὶ
1373 4993 1481 5046 ἀπὸ
1504 4994 1612 5048 τῶν
1645 4995 1818 5050 ἄλλων

233 5076 745 5152 ἀνδραγαθημάτων
794 5082 956 5153 μῆτιν
1000 5084 1188 5155 αὐτῆς,
1226 5085 1319 5137 καὶ
1366 5084 1541 5154 λέγειν
1567 5088 1677 5158 ,ὅσα
1728 5089 1820 5141 καὶ

301 5238 348 5268 ⁸⁸
379 5236 505 5294 σαι.
543 5256 597 5305 v,
627 5240 717 5294 17.

301 5394 418 5468 (ει)
449 5397 782 5464 Πεερυκότε.
819 5395 912 5450 Sic
939 5395 1229 5466 aliquando
1261 5412 1327 5452 ex
1353 5398 1669 5468 conjectura
1695 5415 1817 5455 cor-

234 5466 548 5538 rigebamus
601 5468 902 5538 πεφυκότε;
961 5476 1021 5520 ut
1070 5485 1266 5538 genere
1319 5466 1642 5535 congrueret
1690 5487 1812 5526 cum

237 5536 378 5608 quali
415 5538 762 5606 praecedente
789 5536 1090 5608 ὲπιθυμίαξ
1105 5539 1211 5593 Sed
1243 5549 1388 5608 post,
1425 5539 1704 5595 Mazarino
1731 5555 1819 5594 eo-

235 5605 351 5678 dice
388 5605 443 5661 et
485 5610 609 5678 ipso
646 5610 924 5676 πεφυκότε
961 5605 1301 5678 prrefereiite,
1333 5611 1816 5666 animadvertimus

235 5677 520 5750 ejusmodi
549 5678 913 5750 σολοικοφανῆ
961 5677 1197 5750 antiquis
1235 5695 1342 5734 non
1391 5681 1702 5750 displicere.
1739 5679 1817 5735 Ita

236 5742 460 5804 Photius
485 5751 669 5821 primo
699 5742 1045 5804 Bibliotheca
1077 5742 1189 5805 sua:
1221 5751 1408 5808 codice
1437 5742 1627 5808 scribit
1647 5751 1815 5822 αὐξη-

1916 4352 2266 4408 tendentibus
2282 4361 2446 4418 esset,
2465 4350 2722 4422 splendor
2739 4349 2884 4404 omni
2901 4356 3094 4404 ornatu
3110 4347 3497 4404 elllorescentis

1923 4443 2214 4510 dictionis;
2249 4445 2324 4498 ita
2369 4459 2435 4498 ex
2468 4443 2650 4496 animo
2701 4456 2766 4495 ac
2815 4441 3016 4495 mentis
3043 4455 3208 4509 penu,
3241 4439 3496 4508 verisque

1921 4536 2252 4608 imaginibus
2310 4547 2617 4590 sermonem
2671 4530 3116 4600 exsequebatur,
3174 4529 3242 4583 de
3294 4529 3496 4599 quibus

1921 4631 2290 4686 narrationem
2328 4627 2661 4690 instituerat,
2683 4639 2808 4680 cum
2835 4623 3050 4678 interim
3084 4622 3229 4676 illius
3274 4638 3495 4693 quoque

1919 4723 2086 4779 facies
2115 4721 2186 4776 ob
2216 4718 2600 4776 verecundiam
2633 4717 2833 4771 rubore
2875 4714 3319 4771 suﬂ'nnderetur:
3378 4722 3492 4768 tota

1919 4830 2152 4884 namque
2184 4821 2239 4870 et
2265 4826 2494 4884 corpore
2509 4817 2563 4866 et
2590 4809 2771 4863 animo
2794 4809 3031 4864 candore
3058 4807 3385 4863 collucebat.

1991 4903 2241 4960 EUBUL.
2299 4903 2465 4960 Recte
2504 4903 2618 4957 haec
2656 4901 2859 4966 effaris,
2917 4901 3260 4973 Gregorium,
3319 4913 3496 4970 neque

1920 4999 2009 5053 hic
2032 4999 2301 5055 mendacii
2335 4999 2597 5070 prehendi
2627 4998 2852 5068 poteris.
2878 4995 3013 5051 Novi
3044 4996 3186 5052 enim
3213 5001 3266 5050 et
3291 5009 3357 5049 ex
3392 5005 3495 5049 ce-

1919 5090 2056 5146 teris
2079 5090 2312 5146 heroicis
2342 5092 2480 5146 actis
2520 5089 2668 5146 illius
2713 5089 3035 5161 sapientiam
3058 5128 3072 5153 ,
3104 5095 3158 5142 et
3209 5103 3329 5158 quae
3358 5101 3494 5156 qua-

1921 5403 2124 5475 θέντων
2158 5405 2524 5475 παραδόσεων.
2560 5406 2731 5472 Quem
2766 5404 2822 5458 in
2856 5403 3034 5458 locum
3067 5399 3410 5457 Hceschelius
3438 5397 3493 5475 in

1919 5469 2465 5548 no_t_i_sgsui§'similia
2511 5469 2864 5548 probatorum
2910 5485 3196 5548 auctorum
3246 5469 3490 5538 exempla

1920 5544 2147 5617 colligit.
2171 5544 2357 5617 _Paulo
2405 5543 2529 5617 post
2569 5547 2677 5599 δεῖν
2723 5545 2959 5616 positum
2985 5559 3086 5614 pro
3112 5543 3234 5617 85i,_
3257 5549 3314 5617 ut
3351 5553 3493 5617 saepe

1919 5608 2137 5670 alias'in
2170 5615 2273 5672 hoc
2310 5608 2474 5688 opere
2507 5608 2806 5673 inﬁnitivus
2830 5631 2928 5685 pro
2954 5608 3236 5684 praesenti?
3259 5610 3358 5664 En.
3386 5608 3490 5663 Lu-

1921 5700 2041 5740 PAR.
