4010 6328
482 319 586 379 175
1078 366 1081 369 .
1472 316 1530 371 S.
1572 312 1903 371 HETHOD“
1946 310 2065 367 EPI!

2132 309 2253 368 iOPl
2291 308 2381 366 ET
2422 308 2780 366 MABTYRIS
3612 309 3715 366 176

479 447 661 517 linque
686 443 835 500 illam
859 451 1118 514 perorare
1145 434 1457 507 contigerit,
1487 431 1807 491 excellentis
1836 445 2048 501 semper

2149 422 2240 484 οἷα
2290 425 2672 500 κατώρθωσεν,
2718 425 3157 501 ὑπερϐαλλούσης
3204 423 3426 500 ἀγάπης
3464 424 3720 493 ἐπίδειξιν

481 543 538 597 in
586 538 866 596 Christum
913 530 1200 589 charitatis
1246 534 1575 586 documenta
1615 524 2050 583 luculentissima

2152 521 2447 595 ποιουμένη
2501 520 2753 594 Χριστῷ·
2809 521 2904 574 καὶ
2972 517 3049 583 ὡς
3099 519 3407 592 διαπρεπὴς
3465 518 3724 585 πολλάκις

478 629 697 690 edenti:
725 636 894 698 utque
916 623 1085 679 decus
1108 636 1216 677 una
1244 618 1563 692 multiplicis
1585 616 1831 690 martyrii
1851 615 2052 685 sapius

2151 613 2324 685 ἐφάνη
2352 617 2465 679 τοῖς
2505 614 2761 686 μεγάλοις
2794 614 2888 670 καὶ
2920 612 3156 690 πρώτοις
3187 610 3370 677 ἀθλοις
3405 611 3722 678 ὑπαντῶσα,

481 720 694 799 iteratis
725 715 1027 787 ingentium
1066 711 1425 768 certaminum
1455 708 1621 764 claris
1656 706 1902 763 victoriis
1931 704 2053 776 glo-

2150 706 2259 761 τῶν
2301 706 2754 799 μαρτύρωνννῐσην
2797 709 2865 779 τῇ
2899 704 3189 799 προθυμίᾳ
3220 702 3317 777 τὴν
3351 703 3587 776 σπουδὴν
3633 719 3727 759 κε-

480 812 628 869 riose
650 798 856 872 tulerit,
884 808 941 862 in
963 805 1161 876 quibus
1186 811 1243 860 et
1268 800 1688 873 magnanimitas
1706 795 2054 870 aggrediendi

2154 797 2420 869 κτημένη,
2446 797 2541 869 καὶ
2572 798 2637 869 τῇ
2679 798 2829 869 ἀκμῇ
2855 794 2965 849 τῶν
2999 794 3380 868 βουλευμάτων
3402 793 3502 869 τὴν
3534 790 3728 868 ῥώμην

479 912 536 964 et
566 904 728 960 ardor
755 916 870 957 rem
909 898 1154 972 gerendi,
1190 896 1345 968 paria
1386 894 1630 956 fuerunt,
1660 889 2052 963 magnitudini-

965 898 1154 963 Prendi,
1190 896 1345 968 paria
1386 894 1630 956 fuerunt,
1660 889 2052 963 magnitudini-
2152 889 2248 947 τοῦ
2279 890 2548 963 σώματος.

480 1014 589 1071 que
613 994 970 1053 consiliorum
1000 1000 1056 1046 et
1086 990 1304 1053 mentis,
1323 1003 1390 1044 ex
1416 1001 1572 1059 aequm
1592 997 1808 1056 semper
1833 996 2056 1053 respon-

480 1092 563 1148 dit
593 1089 824 1146 tirmitas
852 1086 1130 1156 roburque
1168 1082 1435 1153 corporis.
1635 1124 1644 1133 .

553 1179 761 1239 GREG.
798 1178 1097 1236 Verissima
1129 1186 1183 1230 ct
1211 1185 1267 1229 tu
1301 1187 1525 1238 narras;
1579 1171 1677 1227 sed
1718 1184 1788 1225 ne
1837 1168 1924 1223 bis
1954 1166 2057 1220 im-

2226 1172 2512 1232 ΓΡΗΓΟΡ.
2560 1173 2922 1248 Ἀληθέστατα
2957 1173 3050 1229 καὶ
3080 1171 3144 1226 σὺ
3178 1170 3283 1243 φῄς
3301 1187 3315 1200 ·
3336 1166 3475 1224 ἀλλὰ
3506 1164 3581 1241 μὴ
3609 1164 3731 1220 διαε-

481 1292 781 1336 rnoremur.
814 1273 949 1329 Nam
979 1273 1046 1328 de
1070 1271 1268 1325 talibus
1316 1274 1371 1323 et
1409 1266 1545 1320 alias
1572 1278 1734 1334 saepe,
1765 1276 1894 1317 cum
1924 1260 2056 1315 lice-

2157 1269 2451 1342 τρίϐωμεν.
2493 1267 2710 1322 Τούτων
2750 1265 2858 1338 γὰρ
2901 1265 3026 1337 πέρι
3072 1264 3165 1318 καὶ
3209 1262 3317 1317 τῶν
3364 1257 3520 1324 αὖθις
3575 1259 3734 1314 ἔσται

479 1371 586 1436 bit,
618 1384 780 1442 agere
828 1368 972 1422 inter
1000 1376 1102 1419 nos
1127 1360 1448 1434 poterimus.
1492 1356 1650 1412 Nunc
1693 1362 1820 1410 ante
1873 1351 2060 1407 omnia

2159 1361 2418 1425 πολλάκις
2446 1362 2593 1431 ἡμᾶς
2621 1357 2981 1423 διαλέξασθαι.
3015 1355 3129 1410 Νῦν
3160 1356 3216 1410 δὲ
3249 1352 3466 1428 πρῶτον
3494 1353 3589 1407 καὶ
3620 1350 3737 1406 τῶν

481 1462 712 1521 reddere
751 1475 838 1516 me
888 1457 988 1513 tibi
1030 1457 1206 1519 decet,
1242 1468 1380 1523 quos
1421 1449 1680 1522 promisi,
1724 1446 2057 1516 reliquarum

2160 1453 2288 1525 ἑξῆς
2327 1453 2609 1523 παρθένων
2648 1449 2960 1519 ἐξαγγεῖλαι
3003 1466 3069 1521 με
3100 1448 3182 1502 δεῖ
3218 1463 3301 1501 σοι
3340 1446 3465 1510 τοὺς
3513 1444 3735 1515 λόγους,

484 1570 703 1630 quoque
737 1553 1009 1624 virginum
1056 1562 1358 1613 sermones,
1398 1544 1657 1602 nimirum
1690 1535 2061 1612 TysianaeDo-

2161 1545 2346 1610 καθὼς
2377 1545 2650 1616 ὑπέστηνο
2689 1541 2885 1615 μᾶλλον
2916 1541 2974 1594 δὲ
3007 1538 3278 1608 Τυσιανῆς
3313 1536 3408 1592 καὶ
3432 1533 3733 1607 Δομνινης·

484 1627 833 1721 mniumque:
872 1645 954 1700 lia:
982 1641 1250 1713 siquidem
1281 1645 1491 1695 restant
1523 1636 1672 1693 solae.
1699 1631 1770 1687 Ut
1805 1631 1970 1702 igitur
1997 1627 2061 1683 li-

2162 1632 2321 1695 αὗται
2367 1639 2474 1711 γὰρ
2513 1638 2594 1691 ἔτι
2646 1635 3071 1707 περιλείπονται.
3125 1633 3212 1698 Ὠς
3244 1628 3338 1687 οὖν
3377 1628 3743 1686 ἀπεπαύσατο

487 1760 612 1802 nem
634 1738 851 1798 dicendi
876 1736 1077 1792 Thecla
1100 1734 1249 1797 fecit,
1276 1732 1343 1786 iis
1370 1740 1478 1785 tam
1516 1728 1703 1783 multis
1733 1738 1851 1796 quae
1871 1736 2053 1778 recen-

2164 1735 2259 1789 καὶ
2301 1734 2336 1805 ἡ
2368 1731 2544 1787 Θέκλα
2585 1730 2823 1785 τοσαῦτα
2857 1726 3114 1792 εἰποῦσα,
3152 1724 3256 1797 ἔφη
3290 1721 3591 1794 προστάξαι
3637 1721 3743 1794 τήν

487 1835 573 1895 sui
607 1830 896 1906 peroratis,
940 1826 1209 1884 referebat
1237 1822 1545 1893 Theopatra
1597 1821 1895 1890 imperasse
1925 1815 2056 1870 Are-

2176 1803 2400 1897 ’Δρετὴν
2438 1825 2471 1894 η
2519 1820 2805 1892 Θεοπάτρα
2852 1821 2918 1890 τῇ
2952 1817 3191 1887 Τυσιανῇ
3241 1814 3459 1883 λέγειν*
3508 1813 3607 1885 τὴν
3653 1810 3741 1879 δὲ,

490 1937 582 1986 ten
612 1905 895 2000 rTysianae,
926 1929 986 1979 ut
1020 1921 1200 1976 locum
1255 1914 1448 1973 orandi
1488 1920 1740 1985 caperet;
1771 1911 1905 1966 hanc
1938 1921 2066 1964 vero

2167 1914 2539 1990 μειδιάσασαν,
2574 1910 2882 1986 ἔμπροσθεν
2906 1910 3077 1980 αὐτῆς
3101 1905 3410 1981 παρελθεῖν,
3432 1906 3528 1961 καὶ
3547 1905 3741 1975 φάναι.

489 1999 1061 2076 Ιενίιιεειιιπίιὶεηιοω
1087 2019 1214 2065 ante
1234 2008 1410 2081 ipsam
1441 2017 1811 2078 progressam,
1853 2001 1909 2055 in
1948 1999 2065 2053 haec

488 2111 654 2169 verba
680 2107 907 2165 dixisse.

926 2270 1387 2369 ORATIO
1472 2273 1637 2362 IX.

1627 2334 1637 2359 .
2677 2263 3043 2350 ΛΟΓΟΣ
3099 2262 3210 2352 Θ.

1116 2400 1441 2459 TYSIANA.

2796 2388 3120 2445 ΤΥΣῙΔΝΗ.

489 2508 623 2566 CAP.
653 2502 697 2561 1.
729 2500 989 2563 Castitas,
1020 2490 1126 2552 veri
1166 2491 1498 2566 tabernaculi
1527 2499 1747 2566 ornatus
1773 2480 2217 2566 pracipuus._Ad
2254 2481 2718 2566 tabernaculorum
2753 2481 2945 2566 festum
2976 2477 3365 2566 celebrandum:
3406 2487 3599 2549 septem

566 2550 1174 2639 indi'ctivjl'udaﬁ'isaauid
1204 2565 1524 2639 signiﬁcent.
1568 2550 1863 2639 septenarii
1902 2550 2070 2639 hujus
2098 2556 2298 2609 incerta
2336 2569 2546 2608 summa
2573 2569 2729 2639 :_nec
2752 2550 2850 2607 ulli
2883 2553 3064 2624 liquet,
3090 2552 3302 2623 quando
3333 2551 3519 2623 futura
3555 2550 3754 2608 mundi
3810 2579 3817 2585 -

562 2626 948 2702 consummatio
970 2626 1072 2695 sit:
1094 2626 1281 2690 Mundi
1310 2626 1515 2705 fabrica
1542 2626 1829 2687 etiamnum
1853 2626 2160 2698 completur.
2601 2636 2605 2641 '

559 2741 608 2797 Ο
656 2738 859 2801 Arete,
894 2731 1288 2789 amabilissima
1340 2727 1673 2802 virginitatis
1722 2724 2061 2781 amatoribus

2238 2716 2309 2774 Ὦ
2365 2720 2580 2792 Ἀρετὴ,
2624 2720 2923 2793 παρθενίας
2969 2721 3227 2793 ἐρασταῖς
3265 2718 3567 2792 ἐπέραστον
3608 2718 3756 2773 καύ-

490 2831 764 2907 gloriatio,
800 2842 902 2900 ego
929 2839 1146 2897 quoque
1185 2822 1447 2877 auxilium
1472 2828 1625 2873 tuum
1668 2817 1724 2872 in
1758 2832 1869 2871 rem
1900 2828 2063 2886 quam

2172 2832 2321 2887 χημα
2364 2814 2492 2888 (55),
2526 2813 2681 2883 κάγὼ
2714 2812 3242 2887 συναντιληψομένην
3276 2830 3365 2885 μοι
3396 2812 3755 2885 παραστῆναε

487 2904 671 2998 ίιιδοε,
704 2920 970 2992 imploro:
1001 2931 1071 2972 ne
1101 2914 1231 2969 mihi
1255 2911 1401 2984 quod
1421 2910 1596 2965 dicam
1616 2908 1779 2972 desit,
1799 2907 2066 2962 exhausto

2176 2926 2228 2961 σε
2276 2907 2598 2978 παρακαλῶ,
2643 2910 2836 2982 μήπως
2865 2907 3129 2979 ἀπορήσω
3172 2906 3368 2975 λόγων,
3397 2905 3493 2960 am
3537 2904 3759 2959 πολλῶν

491 2997 574 3073 tot
601 3024 823 3088 tamque
866 3009 1107 3084 copiosis
1147 3007 1380 3063 aliorum
1419 3004 1762 3060 orationibus
1808 3000 2068 3071 subjecta:

2174 3002 2276 3075 ἤδη
2331 3003 2424 3056 καὶ
2479 3000 2833 3057 παντοδαπῶν
2887 2999 3211 3072 εἰρημένων.
3262 2997 3355 3052 Διὸ
3399 2998 3494 3053 καὶ
3541 3014 3757 3070 παραι-

490 3107 829 3168 laudationis
863 3113 1207 3176 argumento.
1244 3098 1426 3166 Quare
1455 3097 1511 3152 in
1540 3094 1823 3168 prommiis
1862 3107 2071 3149 sermo-

2179 3095 2370 3168 τοῦμαι
2396 3093 2465 3150 τὰ
2487 3092 2822 3168 προοιμιώδη
2851 3092 3021 3147 ταῦτα
3050 3092 3143 3146 καὶ
3164 3092 3762 3165 προκατασκευαστικά

494 3205 688 3276 nisque
724 3196 1192 3259 insinuationibus
1229 3204 1441 3263 tempus
1468 3188 1718 3261 equidem
1743 3200 2074 3258 operamque

2179 3185 2281 3241 τῶν
2312 3186 2506 3256 λόγων,
2539 3187 2625 3240 ἵνα
2656 3183 2752 3258 μὴ,
2796 3183 3118 3257 χρονίζουσα
3153 3185 3498 3256 προσήκοντα
3540 3181 3762 3248 τούτοις

493 3313 604 3357 non
623 3294 871 3369 perdam,
894 3307 964 3347 ne
988 3289 1116 3345 dum
1139 3285 1470 3343 exornandis
1488 3297 1610 3352 qua:
1637 3280 1744 3337 illis
1770 3283 2074 3350 congruant

2205 3277 2556 3350 φαρμάττειν,
2577 3274 2752 3331 αὐτῶν
2774 3273 2991 3329 ὲκπέσω
3015 3273 3122 3326 τῶν
3149 3272 3519 3347 προκειμένων
3537 3289 3551 3302 ο
3574 3269 3786 3338 οὕτως’

494 3361 704 3446 moram
733 3392 978 3448 traxere,
1007 3378 1150 3453 quod
1183 3375 1517 3449 praecipuum
1543 3379 1625 3427 est
1670 3368 1941 3434 elabatur,
1977 3380 2073 3420 ac-

2182 3368 2379 3437 Ξνδοξόν
2412 3370 2557 3422 ἐστιν
2584 3368 2618 3440 ή
2652 3365 2919 3439 παρθενω
2947 3365 3041 3420 καὶ
3073 3364 3252 3438 τίμιον
3287 3365 3380 3420 καὶ
3412 3361 3765 3436 μεγαλοπρε-

495 3479 742 3538 cessoria
773 3487 1177 3548 supervacanee
1206 3466 1473 3540 captanti,
1503 3465 1639 3521 adeo
1669 3462 1929 3518 nimirum
1957 3458 2072 3531 glo-
2176 3459 2296 3525 πὲς.

494 3574 667 3638 riosa,
687 3570 1054 3643 praeclaraque
1077 3580 1142 3620 ac
1169 3561 1457 3634 magniﬁca
1490 3573 1579 3614 res
1606 3564 1692 3613 est
1716 3552 2025 3625 virginitas.

569 3632 735 3727 Deus,
770 3676 894 3717 cum
917 3632 1428 3714 celebrandae—verae
1459 3645 1772 3707 festivitatis
1802 3644 2078 3701 Taberna.

2257 3641 2316 3695 Ὀ
2366 3639 2498 3705 Θεὸς
2540 3640 2639 3715 τὴν
2688 3638 2882 3712 ἑορτὴν
2926 3637 3025 3710 τῆς
3070 3633 3456 3709 Σκηνοπηγῑας
3486 3632 3769 3688 διδάσκων

496 3754 748 3813 culorum
776 3752 920 3808 veris
943 3748 1207 3807 lsraelitis
1233 3747 1536 3818 legitimum
1558 3745 1727 3800 ritum
1757 3744 1812 3798 in
1832 3740 2077 3797 Levitico

2188 3735 2275 3807 τῆς
2310 3732 2571 3804 ἀληθινῆς
2600 3732 2726 3797 τοὺς
2760 3731 3047 3803 ἀληθινοὺς
3088 3728 3448 3803 Ἰσραηλίτας,
3489 3727 3606 3793 πῶς
3638 3727 3771 3800 ἑορ-

496 3845 901 3921 praescriberet,
942 3857 1054 3914 prae
1096 3840 1325 3910 reliquis
1355 3838 1732 3894 exornandum
1773 3836 1971 3907 cuique
1994 3841 2078 3887 ta-

2176 3830 2360 3894 τάξειν
2408 3829 2491 3883 δεῖ
2531 3828 2624 3882 καὶ
2662 3828 2848 3898 τιμᾷν,
2881 3828 2939 3882 ὲν
2981 3823 3059 3898 τῷ
3103 3822 3389 3891 Λευῖτικῷ
3436 3822 3744 3896 παρίστησι

500 3916 854 3996 bernaculum
909 3949 1070 3991 suum
1109 3933 1362 3988 castitate
1400 3930 1597 3985 sancit.
1646 3929 1928 3998 Apponam
1959 3926 2077 3997 ipsa

2183 3924 2381 3998 μᾶλλον
2418 3924 2525 3978 τῶν
2554 3921 2730 3977 ἄλλων
2777 3920 2969 3993 ἁγνεία
3016 3920 3238 3991 φάσκων
3267 3917 3378 3972 δεῖν
3412 3916 3511 3989 τὴν
3555 3917 3766 3972 lautos

500 4032 801 4105 Scriptura:
820 4028 1007 4092 verba,
1041 4042 1107 4082 ex
1130 4023 1332 4096 quibus
1357 4022 1478 4079 sine
1498 4023 1608 4077 ulla
1629 4021 1969 4077 dubitatione
1990 4019 2081 4074 de-

2193 4017 2384 4095 τκηνὴν
2428 4015 2659 4069 ἕκαστον
2710 4014 2955 4084 κοσμεῖν.
3000 4008 3397 4082 Παραθήσομαι
3448 4007 3505 4062 δὲ
3553 4006 3653 4062 καὶ
3692 4005 3776 4062 τὰ

499 4123 898 4182 monstrabitur
943 4132 1108 4191 quam
1151 4115 1263 4171 Deo
1315 4113 1648 4172 conveniens
1698 4113 1886 4185 illique
1924 4126 2081 4168 acce-

2194 4110 2285 4165 knb
2306 4110 2406 4181 τῆς
2434 4107 2679 4180 Γραφῆς,
2721 4104 2814 4175 ἀφ’
2842 4099 2916 4161 ὧν
2953 4101 3451 4175 ἀναμφισϐητήτως
3477 4099 3777 4171 δειχθήσε-

499 4225 655 4291 ptum
706 4217 779 4275 sit
813 4216 915 4271 hoc
956 4209 1290 4283 virginitatis
1342 4224 1564 4264 munus.
1624 4208 1821 4275 Quinto
1878 4206 2079 4260 decimo

2196 4219 2269 4259 ται
2310 4203 2493 4269 πᾶσιν,
2516 4201 2638 4254 ὅσον
2658 4198 2752 4253 καὶ
2783 4196 2902 4269 Θεῷ
2933 4194 3239 4269 πρόσφορόν
3265 4196 3380 4248 ἐστι
3410 4193 3503 4248 καὶ
3528 4209 3779 4265 προσφι-

499 4313 588 4370 die
612 4311 802 4368 mensis
816 4310 1048 4381 septimi,
1070 4308 1282 4382 quando
1304 4301 1796 4361 consummaveritis
1813 4300 2080 4372 genimina

2194 4297 2269 4362 λὲς
2296 4296 2361 4350 τὸ
2389 4291 2722 4367 κατόρθωμα
2746 4288 2904 4345 τοῦτο
2932 4289 3032 4360 τῆς
3077 4287 3320 4359 ἁγνείας.
3358 4285 3472 4341 Kal
3506 4283 3582 4355 τῇ
3616 4300 3777 4338 πεν-

502 4417 682 4472 ωιτω,
731 4377 923 4476 festum
962 4377 1294 4457 celebrabitis
1346 4397 1578 4453 Domino
1617 4404 1813 4466 septem
1844 4391 2027 4448 diebus
2060 4409 2079 4448 :

2197 4385 2569 4455 τεκαιεεκὰτῃ
2599 4383 2791 4455 ἡμέρᾳ
2822 4381 2927 4437 τοῦ
2948 4381 3143 4452 μηνὸς
3177 4380 3286 4436 τοῦ
3311 4379 3585 4450 ἑϐδόμου.
3615 4377 3780 4432 ὅταν

501 4508 550 4553 et
574 4468 865 4552 die'octavo
887 4495 990 4550 erit
1018 4494 1238 4567 requies.
1277 4490 1344 4546 Et
1372 4490 1589 4547 sumetis
1622 4487 1706 4541 die
1731 4487 1902 4557 primo
1962 4488 2081 4559 fru-

2199 4479 2596 4548 γυντελέσητε
2632 4476 2706 4532 τὰ
2737 4473 3081 4549 γεννήματα
3110 4470 3220 4541 τῆς
3265 4468 3398 4543 τῆς,
3447 4468 3782 4540 ἑορτάσει-ε

507 4585 793 4660 ctumligni
810 4560 1122 4657 speciosum,
1138 4596 1187 4643 et
1211 4582 1453 4657 spatulas
1475 4581 1798 4654 palmarum,
1828 4589 1878 4634 et
1900 4594 2078 4633 ramos

2201 4573 2379 4643 Κυρίῳ
2406 4572 2559 4627 ἑπτὰ
2578 4569 2831 4644 ἠμέρας-⁸
2866 4569 2968 4623 καὶ
2988 4564 3065 4637 τῇ
3092 4564 3283 4637 ἡμέρᾳ
3309 4562 3385 4633 τῇ
3410 4560 3590 4633 ὀγδόῃ
3619 4561 3784 4616 ἀνά-

504 4680 633 4750 lignt
656 4655 870 4742 densos,
897 4687 947 4733 et
970 4677 1183 4743 salices,
1214 4655 1264 4732 et
1286 4692 1465 4731 ramos
1493 4675 1619 4746 agni
1640 4673 1704 4728 de
1738 4680 1990 4736 torrente,
2010 4669 2080 4724 ad

2202 4685 2409 4736 ταυσις
2466 4668 2657 4723 ἐσται.
2716 4662 2827 4720 Kal
2872 4663 3148 4733 λήψεσθε
3197 4658 3273 4728 τῇ
3329 4655 3528 4727 πρώτῃ
3574 4656 3785 4726 ἡμέρᾳ

505 4769 796 4827 limandum
826 4786 1006 4825 coram
1044 4769 1266 4824 Domino
1296 4767 1406 4823 Deo
1434 4777 1605 4822 uestro
1653 4774 1847 4835 septem
1895 4761 2077 4817 diebus

2198 4760 2419 4831 καρπὸν
2451 4760 2642 4826 ξύλου
2669 4756 2905 4827 ὡραῖον,
2942 4753 3043 4808 καὶ
3073 4751 3420 4819 κὰλλυντρα
3454 4747 3781 4818 φοινίκων,

505 4864 635 4917 anni
661 4879 679 4919 :
713 4862 1006 4934 legitimum
1038 4862 1413 4932 sempiternum
1442 4861 1508 4931 ,ἔτι
1540 4858 1811 4930 progenies
1854 4865 2078 4911 vestras.

2201 4856 2283 4912 cal
2311 4854 2577 4921 κλάδους
2612 4852 2804 4919 ξύλου
2843 4847 3073 4915 δασεῖς,
3115 4845 3214 4901 καὶ
3239 4842 3416 4911 ἰτέας,
3442 4842 3541 4897 καὶ
3578 4840 3784 4912 ἄγνου

504 4954 685 5011 Hense
713 4956 931 5027 septimo
960 4954 1291 5009 celebrabitis
1321 4951 1706 5008 solemnitatem
1736 4950 1917 5005 istam.
1951 4947 2081 5017 Sep-

2201 4946 2450 5014 ιλάδους
2479 4946 2549 4999 ἐκ
2586 4943 2930 5015 χειμάρρου,
2967 4937 3378 5011 εὐφρανθῆναι
3412 4937 3617 4991 ἔναντι
3649 4938 3784 4989 Κυ-

504 5059 607 5102 tem
628 5023 811 5102 diebus
838 5047 897 5101 in
925 5045 1282 5101 tabernaculis
1330 5042 1667 5097 habitabitis.
1700 5039 1891 5097 Omnis
1939 5038 2082 5093 indi-

2223 5041 2317 5094 lov
2343 5037 2451 5093 τοῦ
2488 5036 2636 5091 Θεοῦ
2669 5034 2838 5107 ὑμῶν
2868 5033 3021 5089 ἑπτὰ
3056 5030 3283 5103 ἡμέρας
3313 5028 3420 5084 τοῦ
3448 5023 3741 5082 ἐνιαυτοῦ
3764 5042 3802 5123 σε

503 5159 637 5212 gena
672 5142 730 5195 in
760 5139 935 5197 Israel
965 5138 1248 5193 'Itabitabit
1287 5138 1342 5191 in
1373 5134 1730 5191 tabernaculis
1760 5149 1779 5188 :
1811 5142 1868 5186 ut
1911 5132 2083 5186 sciant

2204 5133 2439 5201 rdytpor
2464 5130 2706 5185 αἰώνιον
2728 5131 2816 5197 εις
2838 5127 2946 5197 τὰς
2964 5126 3172 5199 γενεὰς
3196 5122 3383 5195 ὑμῶν.
3414 5121 3512 5175 Ἐν
3525 5115 3606 5185 τῷ
3619 5116 3787 5188 μηνὶ

502 5236 772 5306 progenies
795 5245 1003 5298 uestrae,
1033 5229 1171 5303 quod
1202 5230 1261 5285 in
1290 5226 1646 5284 tabernaculis
1685 5224 1926 5279 habitare
1949 5224 2085 5295 fece-

2222 5196 2270 5289 ᾧ
2296 5196 2524 5294 ἑϐδόμῳ
2550 5222 2868 5292 ἐορτάσετε
2910 5196 3126 5290 ἀυτήν.
3157 5220 3261 5274 Ἐν
3278 5212 3536 5284 σκηναῖς
3570 5196 3803 5275 κατα-ἶ

505 5302 618 5383 riui
630 5330 773 5399 ﬁlios
798 5325 992 5390 Israel,
1015 5341 1134 5380 cum
1155 5323 1426 5378 educerem
1459 5338 1546 5376 eos
1572 5319 1637 5376 de
1659 5328 1803 5374 terra
1837 5315 2082 5389 .Eggpti.

2216 5314 2412 5384 uidete
2441 5316 2594 5372 ἑπτὰ
2623 5317 2869 5389 ἡμέρας.
2899 5312 3026 5382 Πᾶς
3064 5312 3374 5381 αὐτόχθων
3409 5308 3482 5363 ἐν
3522 5302 3799 5372 Ἰσραὴλ.

509 5397 907 5493 Ego—Dominus
945 5416 1087 5472 Deus
1111 5424 1276 5470 vester
1307 5414 1375 5468 “.

2207 5408 2668 5480 κατοικήσουσιν
2705 5410 2776 5463 ὲν
2817 5406 3098 5476 σκηναῖς,
3137 5403 3299 5471 ὅπως
3335 5400 3548 5456 ἴδωσιν
3580 5397 3642 5451 at
3674 5411 3790 5465 τε·

504 5519 636 5573 νεαὶ
669 5514 857 5584 ὑμῶν,
887 5511 977 5569 ὅτι
1021 5513 1092 5567 ἐν
1120 5508 1379 5579 σκηναῖς
1410 5505 1714 5575 κατῴκισα
1740 5507 1883 5575 τοὺς
1913 5504 2082 5572 υἱοὺς
2128 5504 2385 5576 Ἰσραὴλ,
2415 5507 2486 5562 ἐν
2516 5503 2829 5577 ἐξαγαγεῖν
2854 5522 2931 5576 με
2966 5501 3124 5577 ὑμᾶς
3155 5501 3225 5557 ἐκ
3282 5497 3395 5570 τῆς
3445 5494 3793 5570 Αἰγύπτου.

519 5614 670 5682 Ἐγὼ
698 5613 915 5682 Κύριος
950 5613 983 5663 ό
1021 5604 1165 5673 Θεὸς
1199 5602 1384 5676 ὑμῶν.
3658 5623 3667 5632 .

569 5733 614 5765 "
641 5729 804 5785 Leuit.
837 5742 994 5789 mu,
1024 5721 1214 5783 59-45.

582 5830 694 5902 (55)
720 5827 1030 5898 Καύχημα.
1060 5822 1153 5878 Sic
1186 5818 1437 5875 Allatius.
1468 5813 1593 5870 Vat.
1620 5813 1790 5870 codex
1823 5820 1875 5868 et
1910 5810 2158 5869 Possiniu

1200 5818 1437 5875 lllatius.
1468 5813 1593 5870 Vat.
1620 5813 1790 5870 codex
1823 5820 1875 5868 et
1910 5810 2214 5877 Possinius,
2248 5806 2458 5871 κάλλος.
2492 5805 2783 5863 Gesseris.
