4010 6328
473 359 578 419 179

1451 357 1507 414 S.
1547 356 1874 414 METHODII
1913 356 2218 414 EPISCOPI
2249 355 2340 412 ET
2376 345 2734 411 MARTYRJS

3591 356 3697 414 180

467 474 541 531 da
578 474 904 532 substantia.
938 471 1091 529 Tunc
1123 489 1254 531 vero
1268 490 1390 530 cum
1421 484 1797 532 consummata
1827 476 2021 533 fuerint

2132 476 2332 531 σθῶσιν
2358 478 2408 531 οἰ
2439 478 2643 549 καιροὶ,
2674 477 2769 531 καὶ
2807 475 3076 531 παύσεται
3114 478 3144 531 ό
3173 475 3304 540 Θεὸς
3336 473 3701 548 ἐργαζόμενος

470 576 679 624 statuta
711 575 976 637 tempora,
1008 581 1075 622 ac
1122 567 1415 623 creationis
1461 583 1601 639 opus
1624 569 1728 623 hoc
1766 569 2034 625 adornare

468 658 615 717 Deus
646 656 961 724 cessaverit,
986 657 1215 727 septimo
1238 653 1652 729 mense,magna
1674 660 2034 715 resurrectio-

470 751 558 806 nis
586 750 693 814 die,
730 747 926 805 festum
962 747 1192 804 Domino
1235 750 1621 805 celebrandum
1653 750 1911 806 indicitur
1934 768 2035 807 no-

468 848 598 898 strze
614 839 979 910 Scenopegiae,
1001 839 1159 910 cujus
1181 840 1425 912 symbola
1448 856 1515 896 ac
1532 841 1734 915 ﬁgurae,
1755 843 1898 898 dicta
1917 844 2031 899 haec

470 932 525 987 in
553 930 823 986 Levitico:
856 946 977 1002 qua;
997 932 1187 988 sedulo
1208 932 1615 1004 investigantes,
1642 933 1840 989 nudam
1859 935 2032 1004 ipsam

470 1024 752 1080 veritatem
783 1023 1214 1090 consideremus,
1248 1040 1427 1096 opera:
1470 1028 1702 1095 pretium
1756 1034 1862 1081 est.
1903 1025 2032 1080 Haec

466 1116 634 1183 enim,
663 1116 838 1186 inquit
862 1115 930 1180 ⁸⁸,
964 1116 1173 1185 sapiens
1201 1116 1441 1184 audiens,
1473 1118 1761 1188 sapientior
1793 1109 1916 1178 erit,
1947 1118 2032 1171 in-

469 1206 761 1279 telligelque
813 1206 1125 1277 parabolam
1152 1216 1202 1261 et
1225 1207 1501 1263 obscurum
1531 1224 1816 1264 sermonem
1838 1225 1857 1264 :
1885 1208 2030 1264 dicta

467 1316 667 1371 quoque
694 1300 1010 1369 sapientium
1035 1310 1083 1354 et
1108 1301 1411 1371 «enigmata.

535 1390 715 1457 Quare
762 1390 959 1462 pudeat
988 1389 1225 1458 Judazos,
1256 1392 1399 1462 quod
1430 1389 1732 1460 profundos
1781 1390 2028 1461 Scriptu-

467 1499 650 1539 rarum
677 1499 872 1540 sensus
899 1499 1009 1538 non
1038 1491 1342 1555 penetrant,
1367 1482 1749 1538 existimantes
1762 1482 1896 1536 nihil
1919 1481 2025 1537 nisi

465 1577 770 1646 corporalia
814 1576 949 1647 legis
982 1590 1045 1629 ac
1078 1576 1462 1647 prophetarum
1505 1576 1743 1630 oraculis
1771 1575 2023 1630 contine-

465 1669 513 1723 ri
545 1669 782 1739 ;quippe
810 1669 1042 1724 terrenis
1063 1668 1166 1739 ipsi
1201 1669 1363 1723 rebus
1385 1667 1684 1730 inhiantes,
1708 1666 2026 1736 potioreque

464 1759 589 1814 loco
627 1759 816 1813 mundi
868 1759 1083 1815 divitias
1107 1799 1123 1822 ,
1154 1774 1315 1829 quam
1351 1758 1517 1812 animi
1549 1759 1864 1813 thesaurum
1896 1772 2026 1811 cen-

2133 568 2334 640 ταύτην
2360 568 2458 640 τὴν
2489 569 2684 632 κτίσιν,
2717 566 2795 639 τῷ
2824 566 3035 639 ἑϐδόμῳ
3064 567 3211 638 μηνὶ,
3245 569 3313 639 τῇ
3360 565 3569 639 μεγάλῃ
3596 564 3702 636 τῆς

2131 660 2480 724 ἀναστάσεως
2518 659 2723 731 ἡμέρᾳ,
2760 659 2920 731 ἑορτὴ
2966 661 3346 731 συγκροτεῖται
3386 657 3465 729 τῷ
3508 656 3704 730 Κυρίῳ

2131 751 2229 821 τῆς
2256 749 2633 824 Σκηνοπηγίας
2663 753 2696 822 ἡ
2706 750 2842 821 μῶν,
2871 745 2939 822 ἧς
2970 751 3106 805 εἰσιν
3143 751 3201 803 ἐν
3229 748 3306 821 τῷ
3333 748 3601 819 Λευῖτικῷ
3629 747 3703 802 τὰ

2131 843 2396 913 λεγόμενα
2435 842 2679 914 σύμὸολα
2716 845 2810 899 καὶ
2854 843 3047 897 τύποι·
3098 842 3134 898 ἃ
3164 841 3551 913 ἐξιχνεύοντας,
3591 858 3702 914 χρη

2131 937 2272 989 νοεῖν
2300 933 2398 1005 τὴν
2438 934 2695 1006 ἀλήθειαν
2729 936 2961 1007 γυμνήν.
3012 933 3136 989 Τῶν
3163 934 3230 989 δὲ
3264 933 3376 1007 γὰρ
3404 934 3698 1000 ἀκούσας,

2131 1027 2285 1099 φησι,
2324 1025 2537 1096 σοφὸς,
2566 1025 2904 1096 σοφώτερος
2937 1025 3138 1080 ἔσται·
3176 1025 3385 1095 νοήσει
3412 1042 3477 1079 τε
3510 1039 3701 1092 παρα-

2129 1118 2319 1187 ϐολὴν
2368 1120 2467 1174 καὶ
2512 1119 2835 1174 σκοτεινὸν
2876 1119 3090 1188 λόγον*
3124 1118 3341 1188 ῥήσεις
3383 1136 3451 1175 τε
3486 1117 3701 1190 σοφῶν

2129 1209 2226 1264 καὶ
2251 1209 2583 1281 αἰνίγματα.
3102 1234 3109 1239 ·

2201 1384 2363 1437 Ὅθεν
2407 1383 2845 1454 αἰσχυνέσθωσαν
2884 1386 2934 1438 oi
2989 1384 3249 1445 Ἰουδαῖοι,
3292 1383 3362 1437 τὰ
3402 1382 3540 1456 βάθη
3586 1380 3700 1436 τῶν

2128 1475 2355 1548 Γραφῶν
2395 1475 2470 1547 μὴ
2504 1475 2917 1548 συνησθημένοι,
2947 1477 3040 1531 καὶ
3082 1476 3258 1530 πάντα
3293 1475 3579 1546 σωματικὰ
3602 1475 3700 1530 τὸν

2127 1568 2287 1639 νόμον
2314 1566 2605 1638 ἡγούμενοι
2644 1567 2738 1619 καὶ
2780 1568 2906 1630 τοὺς
2936 1567 3220 1638 προφήτας
3254 1566 3556 1638 εἰρηκέναιο
3599 1566 3699 1621 ἅτε

2127 1659 2233 1712 τῶν
2263 1657 2541 1729 κοσμικῶν
2562 1658 2858 1729 ἐφιέμενοι,
2886 1660 2981 1714 καὶ
3008 1659 3099 1712 τὸν
3121 1658 3317 1723 ἔξωθεν
3343 1658 3570 1712 πλοῦτον
3596 1658 3698 1712 τοῦ

2129 1749 2256 1820 περὶ
2306 1747 2484 1819 ψυχὴν
2541 1748 2942 1819 προκρίνοντες.
2991 1748 3387 1819 Διαιρουμένων
3433 1749 3542 1821 γὰρ
3582 1749 3700 1804 τῶν

465 1865 695 1921 sumque
720 1852 1001 1907 habentes.
1032 1851 1165 1907 Cum
1190 1852 1333 1906 enim
1355 1852 1552 1907 divinae
1586 1849 1897 1920 Scriptor-ae,
1921 1850 2021 1904 hoc

2126 1838 2355 1914 Γραφῶν
2383 1839 2462 1903 εἰς
2491 1838 2581 1891 τὸν
2616 1837 2741 1907 περὶ
2775 1838 2888 1892 τῶν
2919 1838 3325 1909 παρῳχηκότων
3354 1839 3447 1893 καὶ
3476 1839 3703 1911 μελλόν-

462 1940 654 1997 divisae
704 1944 835 2009 sint,
872 1951 931 1998 ut
963 1944 1082 1999 alia:
1105 1944 1500 2013 praeteritarum
1528 1958 1733 2007 rerum,
1764 1941 1884 1996 aliae
1932 1956 2024 1996 ea-

463 2046 586 2089 rum
625 2051 745 2105 quae
775 2044 903 2091 sunt
932 2035 1125 2089 futura:
1168 2045 1351 2107 typum
1381 2034 1703 2101 exhibeant;
1733 2033 1916 2088 miseri
1946 2032 2023 2088 illi

465 2125 790 2190 resilientes,
818 2126 1123 2181 futurorum
1145 2130 1343 2193 ﬁguras
1365 2134 1550 2197 agunt,
1573 2141 1635 2180 ac
1657 2125 1699 2179 si
1719 2124 1831 2194 jam
1850 2133 2025 2179 trans-

463 2218 676 2274 iissent.
733 2217 889 2275 Velut
931 2220 1092 2274 etiam
1150 2219 1204 2274 in
1238 2220 1376 2290 Λειιὶ
1425 2218 1815 2280 immolatione,
1865 2217 2025 2285 cujus

460 2310 778 2379 mysterium
804 2311 858 2363 in
889 2313 1003 2366 sola
1040 2311 1414 2366 recordatione
1442 2308 1780 2364 liherationis
1809 2313 2023 2377 patrum

461 2411 527 2450 es
553 2397 788 2470 Egypto
816 2403 1075 2466 sentiunt,
1106 2410 1236 2455 tunc
1278 2400 1439 2464 facta,
1491 2399 1708 2470 quando
1748 2399 2024 2469 percussis

460 2488 838 2565 primogenitis
871 2491 1113 2563 IEgypti,
1144 2494 1345 2548 servati
1380 2499 1509 2547 sunt
1554 2492 1677 2562 ipsi,
1712 2491 2026 2561 superlimi-

461 2581 689 2638 naribus
713 2582 997 2638 domorum
1031 2599 1253 2640 suarum
1278 2585 1543 2656 sanguine
1563 2584 1882 2639 rubricatis.
1914 2582 2025 2640 Nec

460 2672 767 2744 intelligunt
798 2689 862 2730 eo
890 2676 1051 2730 etiam
1090 2677 1405 2746 praesignari
1440 2692 1631 2731 necem
1667 2675 1892 2739 Christi,
1930 2690 2025 2729 cu-

454 2763 550 2832 jus
578 2764 839 2834 sanguiue
872 2767 1215 2822 communita:
1244 2767 1435 2822 anima:
1486 2782 1551 2821 ac
1588 2768 1941 2838 consignatae,
1968 2767 2025 2821 in

460 2852 611 2908 orbis
643 2852 1081 2926 conﬂagratione,
1110 2871 1173 2911 ac
1201 2857 1595 2927 primogenitis,
1623 2856 1745 2911 ﬁliis
1783 2854 2019 2922 Satanae,

460 2943 829 2999 internecione
886 2945 1099 3010 deletis,
1153 2947 1221 3001 ab
1257 2948 1336 3000 ira
1377 2946 1759 3011 servabuntur,
1816 2947 2022 3016 angelis

462 3034 730 3089 ultoribus
762 3039 1137 3093 reverentibus
1185 3038 1354 3093 divini
1391 3038 1676 3109 sanguinis
1699 3039 2021 3109 impressum
2074 3088 2083 3097 .

464 3126 572 3182 illis
606 3126 867 3198 sigillum.

2123 1947 2228 1983 των
2260 1927 2449 1992 τύπον,
2480 1928 2928 1999 ἀποπηδήσαντες
2959 1929 3007 1979 οἰ
3043 1928 3293 1998 σχέτλιοι,
3327 1929 3436 1983 τῶν
3471 1928 3699 2000 μελλόν-

2122 2038 2229 2074 των
2261 2020 2337 2083 ὡς
2365 2019 2772 2091 παρῳχηκότων
2799 2019 2897 2092 ἥδη
2935 2018 3147 2073 τελοῦσι
3178 2022 3300 2085 τοὺς
3328 2020 3560 2085 τύπους’
3594 2039 3702 2076 κα-

2124 2109 2298 2181 θάπερ
2324 2110 2418 2163 καὶ
2451 2110 2543 2163 ἐπὶ
2568 2110 2665 2180 τῆς
2696 2109 2790 2163 τοῦ
2823 2110 3096 2182 προϐάτου
3128 2113 3361 2184 σφαγῆς,
3388 2114 3697 2187 ἀνάμνησιν

2122 2201 2221 2271 τῆς
2245 2201 2362 2255 κατ’
2397 2200 2670 2272 Αἴγυπτον
2700 2201 2807 2255 τῶν
2838 2203 3087 2275 πατέρων
3117 2204 3293 2259 αὐτῶν
3323 2207 3699 2280 γεγενημένης

2125 2294 2396 2365 σωτηρίας
2426 2292 2719 2364 ἡγούμενοι
2768 2294 2933 2366 μόνην
2980 2292 3118 2349 εἶναι
3157 2296 3218 2349 τὸ
3262 2298 3554 2368 μυστήριον
3595 2299 3695 2353 τοῦ

2124 2386 2395 2457 προϐάτου
2420 2401 2433 2415 ο
2478 2385 2660 2450 όπότε,
2712 2388 3140 2457 πατασσομένων
3179 2388 3286 2441 τῶν
3335 2391 3699 2461 πρωτοτόκων

2122 2481 2221 2550 τῆς
2250 2480 2548 2548 Αἰγύπτου,
2580 2478 2731 2531 αὐτοὶ
2752 2478 3105 2550 διεσώθησαν,
3130 2480 3227 2543 τὰς
3248 2480 3406 2551 φλιὰς
3427 2481 3534 2537 τῶν
3563 2498 3702 2550 σφε-

2122 2570 2295 2642 τέρων
2335 2570 2497 2624 οἴκων
2532 2569 2866 2638 φοινίξαντες
2898 2570 2975 2641 τῷ
3007 2572 3199 2642 αἵματι
3222 2588 3237 2601 '
3273 2572 3378 2625 οὐκ
3403 2572 3483 2625 ἔτι
3510 2572 3565 2626 δὲ
3599 2576 3699 2628 καὶ

2123 2662 2221 2732 τῆς
2248 2662 2458 2732 σφαγῆς
2483 2661 2650 2715 τύπον
2681 2664 2957 2734 ἡγήσαντο
2984 2663 3140 2716 τοῦτο
3172 2663 3572 2735 προδηλωτικὸν
3602 2682 3699 2734 γε-

2123 2754 2332 2823 γονέναι
2373 2753 2628 2824 Χριστοῦ,
2653 2747 2714 2806 οὗ
2749 2756 2804 2808 αἱ
2841 2753 3347 2825 κατησφαλισμέναι
3375 2754 3455 2825 τῷ
3501 2755 3698 2825 αἵματι

2125 2845 2214 2899 καὶ
2252 2844 2664 2916 σφραγισθεῖσαι
2699 2844 2886 2916 ψυχαὶ,
2926 2846 3023 2915 τῆς
3056 2846 3378 2916 οἰκουμένης
3420 2849 3696 2918 ὲκπυρου-

2129 2936 2311 3008 μένης,
2345 2936 2567 2989 καὶτῶν
2615 2936 2971 3007 πρωτοτόκων
3005 2937 3458 3009 όλοθρευομένων,
3484 2938 3699 2992 τέκνων

2123 3026 2215 3080 τοῦ
2261 3028 2471 3081 Σατανᾶ
2518 3026 2650 3098 (58),
2699 3026 3162 3097 περισωθήσονται
3205 3028 3306 3098 τῆς
3351 3027 3539 3099 ὀργῆς,
3581 3026 3697 3080 τῶν

2122 3116 2507 3188 τιμωρητικῶν
2540 3116 2782 3185 ἀγγέλων
2812 3118 3308 3189 ὲκτραπησομένων
3333 3118 3430 3190 τὴν
3459 3118 3566 3173 ἀπὸ
3596 3119 3698 3172 τοῦ

2122 3209 2348 3279 αἵματος
2375 3209 2458 3258 ἐπ’
2487 3208 2668 3267 αὐτοῖς
2696 3207 3151 3279 ὲκτετυπωμένην
3186 3208 3470 3279 σφραγῖδα.

459 3319 587 3378 CAP.
621 3321 685 3377 ll.
715 3322 941 3395 Figura,
974 3328 1185 3399 imago;
1210 3332 1400 3386 veritas
1432 3350 1450 3388 :
1486 3333 1588 3397 lex,
1625 3333 1821 3404 gratia,
1862 3329 2054 3400 gloria.
2098 3324 2268 3378 Homo
2312 3322 2625 3375 innnorlalis
2665 3323 2904 3376 conditus
2933 3337 3113 3375 :mars
3142 3322 3340 3377 invecta
3380 3321 3697 3379 destruenda

1951 3410 2179 3468 peccato.

528 3509 596 3565 Et
622 3511 734 3568 haec
764 3515 993 3584 exempli
1018 3532 1181 3574 causa
1204 3518 1372 3581 dicta.
1397 3518 1465 3575 ad
1488 3519 1968 3576 demonstrandum
1998 3554 2014 3580 ,

454 3603 674 3659 Judmos
698 3605 824 3659 hinc
854 3608 1108 3663 nimirum
1134 3626 1230 3679 spe
1266 3612 1534 3667 excidisse
1562 3612 1867 3668 futurorum
1903 3613 2019 3667 .bo-

457 3711 676 3758 norum,
705 3696 848 3764 quod
876 3712 938 3753 ea
965 3714 1085 3768 quae
1120 3709 1395 3770 tractant,
1438 3702 1636 3774 ﬁguras
1682 3703 2018 3760 solummodo

457 3798 642 3840 rerum
661 3784 772 3854 jam
801 3796 1076 3857 gestarum
1095 3805 1218 3845 esse
1241 3794 1582 3861 existimant;
1605 3795 1735 3850 dum
1762 3812 1861 3851 nec
1883 3797 2019 3866 ﬁgu-

457 3891 569 3939 ras,
601 3877 929 3950 imaginum;
978 3883 1386 3953 necimagines,
1416 3887 1661 3942 veritatis
1692 3890 2021 3957 pramuntias

454 3984 575 4025 esse
602 3980 905 4040 agnoscunt
931 3971 994 4028 ⁸³.
1044 3973 1176 4028 Nam
1207 3975 1290 4030 lex
1319 3976 1534 4046 quidem
1564 3978 1814 4048 imaginis
1847 3981 2014 4050 ﬁgura

453 4072 539 4117 est
570 4070 624 4118 et
678 4064 889 4130 umbra,
941 4081 1133 4136 nempe
1180 4065 1491 4138 Evangelii;
1537 4069 1781 4125 veritatis
1835 4079 2013 4126 autem

452 4153 653 4224 imago,
683 4171 873 4223 nempe
916 4155 1283 4227 Evangelium.
1322 4158 1497 4214 Prisci
1545 4159 1689 4214 enim
1733 4160 1809 4214 illi
1845 4160 2014 4215 homi-

454 4259 550 4299 nes
578 4250 741 4316 atque
771 4246 856 4300 lex
900 4246 1154 4302 Ecclesiae
1198 4247 1357 4304 nobis
1390 4247 1732 4304 characteres
1761 4264 2014 4320 praenun-

450 4333 676 4397 tiavere,
715 4333 959 4391 Ecclesia
987 4353 1113 4393 vero
1146 4339 1292 4409 ipsas
1348 4347 1699 4409 repraesentat
1748 4355 2012 4395 novorum

453 4428 777 4483 saeculorum
812 4429 1034 4485 formas.
1086 4429 1237 4486 Unde
1288 4440 1341 4487 et
1394 4448 1534 4498 nos,
1595 4434 1686 4503 qui
1734 4432 2012 4489 Christum

451 4514 813 4584 suscepimus,
844 4517 1142 4581 dicentem,
1176 4517 1288 4589 Ego
1322 4536 1439 4574 sum
1473 4522 1724 4577 veritas"
1744 4562 1759 4587 ,
1797 4522 2014 4579 umbras

2188 3512 2298 3566 Καὶ
2338 3510 2509 3564 ταῦτα
2562 3510 2660 3581 μὲν
2698 3510 2775 3574 ὡς
2817 3510 2911 3563 ἐπὶ
2958 3510 3397 3582 παραδείγματος
3430 3510 3694 3583 εἰρήσθω,

2119 3602 2487 3673 δεικνυούσης,
2518 3601 2626 3665 ὅτι,
2660 3601 2727 3655 τὰ
2757 3601 3001 3670 παρόντα
3038 3600 3240 3665 τύπους
3269 3601 3556 3672 ἡγούμενοι
3581 3602 3699 3658 τῶν

2120 3694 2219 3764 ήδη
2246 3693 2543 3762 γεγονότων
2577 3693 2627 3743 οἰ
2665 3690 2925 3753 Ἰουδαῖοι,
2959 3688 3059 3758 τῆς
3092 3689 3302 3754 ἐλπίδος
3330 3690 3436 3744 τῶν
3469 3689 3696 3761 μελλόν-

2121 3802 2224 3837 των
2267 3781 2557 3848 ἐξώκειλαν
2589 3780 2696 3851 (59)
2727 3781 2964 3849 ἀγαθῶν,
3011 3780 3144 3851 μηδὲ
3181 3782 3307 3845 τοὺς
3349 3781 3549 3847 τύπους
3580 3782 3699 3839 τῶν

2123 3877 2343 3930 εἰκόνων
2378 3873 2727 3944 βουληθέντες
2758 3871 2894 3927 εἶναι
2927 3875 3509 3947 προκαταγγελτικους,
3555 3875 3698 3946 μηδὲ

2119 3970 2215 4033 τὰς
2245 3967 2456 4029 εἰκόνας
2495 3966 2593 4036 τῆς
2615 3965 2887 4037 ἀληθείας.
2931 3968 2987 4021 '0
3024 3969 3122 4039 μὲν
3157 3967 3262 4039 γὰρ
3295 3967 3459 4039 νόμος
3487 3967 3587 4037 τῆς
3619 3970 3701 4022 εξ-

2119 4061 2272 4124 κόνος
2296 4060 2412 4111 ἐστὶ
2432 4058 2601 4121 τύπος
2628 4058 2721 4113 καὶ
2750 4060 2902 4125 σκιὰ,
2934 4062 3179 4115 τουτέστι
3204 4060 3297 4113 τοῦ
3320 4060 3650 4129 Εὑαγγελίου
3671 4079 3687 4092 ·

2120 4148 2236 4221 ἠδὲ
2279 4146 2462 4212 εἰκὼν,
2498 4147 2556 4201 τὸ
2598 4149 2946 4218 Εὑαγγέλιον,
2981 4150 3150 4221 αὐτῆς
3186 4151 3282 4221 τῆς
3320 4151 3594 4221 ἀληθείας.
3626 4150 3697 4204 Οἱ

2119 4241 2226 4314 γὰρ
2268 4240 2611 4310 παλαιότεροι
2642 4242 2790 4294 καὶὸ
2836 4240 2999 4312 νόμος
3038 4242 3165 4305 τοὺς
3217 4243 3315 4313 τῆς
3366 4240 3697 4311 Ἐκκλησίας

2120 4331 2543 4405 προεξήγγειλαν
2570 4333 2699 4404 ἡμῖν
2725 4332 3154 4404 προφητεύοντες
3181 4334 3548 4405 χαρακτῆρας·
3574 4335 3608 4405 ἡ
3631 4335 3697 4389 δὲ

2131 4426 2426 4498 Ἐκκλησία
2452 4428 2578 4491 τοὺς
2605 4426 2712 4478 τῶν
2743 4426 2942 4480 καινῶν
2975 4425 3206 4480 αἰώνων.
3241 4425 3402 4479 Ὅθεν
3430 4427 3610 4498 ἡμεῖς,
3638 4429 3696 4482 οί

2118 4519 2207 4572 τὸν
2251 4518 2472 4571 εἰπόντα
2514 4517 2766 4590 Χριστὸν,
2826 4517 2965 4588 Ἐγώ
3013 4522 3126 4588 εὶμι
3161 4519 3199 4587 ἡ
3233 4518 3502 4588 ἀλήθεια,
3531 4517 3700 4585 δεξά-

374 4636 385 4649 .
450 4604 669 4672 quidem
718 4612 774 4660 et
823 4606 1022 4678 ﬁguras
1063 4608 1265 4666 scimus
1307 4610 1576 4666 desiisse:
1614 4611 1681 4665 ad
1733 4612 2013 4667 veritatem

2124 4629 2291 4682 μενοι,
2321 4610 2419 4676 τὰς
2461 4612 2559 4683 μὲν
2593 4610 2749 4674 σκιὰς
2786 4612 2881 4665 καὶ
2909 4614 3035 4676 τοὺς
3057 4611 3257 4676 τύπους
3289 4610 3445 4683 ἴσμεν
3472 4628 3697 4665 πεπαυ-

453 4702 632 4750 autem
652 4693 994 4760 festinamus,
1023 4698 1261 4755 illustres
1285 4700 1456 4765 ipsius
1479 4701 1742 4771 imagines
1770 4718 2014 4772 praenun-

452 4787 670 4843 tiantes.
701 4786 786 4841 Ea:
809 4798 960 4857 parte
1000 4791 1143 4846 enim
1176 4792 1372 4857 adhuc,
1401 4801 1453 4847 et
1480 4793 1638 4848 veluti
1689 4809 1782 4864 per
1825 4808 2005 4862 specu-

446 4877 559 4933 lum
589 4883 948 4949 cognoscimus
1007 4884 1084 4950 ";
1129 4885 1272 4954 quod
1329 4885 1557 4941 necdum
1615 4886 1821 4942 venerit
1866 4887 2009 4957 quod

2120 4702 2338 4773 μένους·
2378 4702 2470 4754 ἐπὶ
2507 4702 2564 4755 δὲ
2598 4702 2694 4773 τὴν
2737 4701 2992 4774 ἀλήθειαν
3034 4702 3355 4772 σπεύδομεν,
3388 4701 3487 4766 τὰς
3526 4703 3695 4775 ἐναρ-

2114 4796 2230 4862 γεῖς
2256 4794 2424 4865 αύτῆς
2456 4795 2668 4857 εἰκόνας
2705 4794 3290 4864 προκαταγγέλλοντες.
3336 4796 3435 4848 Ἐκ
3460 4792 3693 4865 μέρους

2114 4883 2223 4956 γὰρ
2250 4883 2348 4949 ἔτι,
2375 4883 2473 4937 καὶ
2499 4885 2580 4950 ὡς
2600 4884 2672 4938 δι’
2701 4886 2995 4953 ἐσόπτρου
3025 4883 3409 4955 γινώσκομεν·
3440 4886 3562 4939 ἐπεὶ
3589 4904 3696 4959 μη-

511 5054 555 5085 ⁶⁸
582 5054 741 5111 Prov.
765 5072 807 5124 ι,
840 5056 894 5119 5,
924 5056 978 5113 6.
1057 5059 1100 5089 δ’
1132 5056 1294 5112 Hebr.
1324 5075 1377 5124 κ,
1409 5062 1460 5114 l.
1538 5061 1582 5091 '°
1606 5058 1766 5115 Joan.
1796 5076 1906 5126 xiv,
1946 5059 2021 5114 l6.

2134 5062 2149 5091 ι
2188 5060 2215 5114 I
2244 5061 2366 5117 Cor.
2397 5078 2517 5128 xm,
2548 5064 2632 5118 12.

517 5228 628 5314 (ὅθ)
926 5236 1031 5314 τοῦ
1056 5236 1307 5314 Σατανᾶ.
1337 5237 1411 5293 lta
1435 5249 1581 5295 recte
1604 5241 1879 5314 Allatius;
1909 5257 2010 5298 nec

445 5298 795 5368 quod'aliter
844 5305 1073 5378 suadeat
1117 5310 1410 5378 quidquam
1458 5317 1560 5364 est.
1604 5310 1725 5367 Filii
1770 5298 2004 5377 Satanas,

443 5384 659 5450 omnes.
681 5373 921 5454 reprobi,
960 5373 1439 5454 imitatione;__ipsi
1464 5381 1698 5454 Egypti
1727 5399 1789 5437 ac
1820 5373 2007 5441 nutndi

444 5450 989 5524 priurnogenitiLestra
1022 5458 1223 5503 sortem
1266 5450 1499 5524 ﬁliorum
1538 5450 1629 5506 Dei
1655 5453 1881 5522 ejusque
1909 5468 2007 5524 po—

444 5509 592 5589 puli;
631 5509 747 5589 per
793 5513 889 5589 Dei
937 5517 1097 5589 iram,
1155 5534 1262 5574 non
1302 5519 1535 5581 Satanae,
1576 5509 2005 5589 extermi'nan‘di;

2114 5244 2235 5367 eius
2287 5246 2628 5301 ministrum?
2677 5245 2861 5301 Potuit
2905 5248 3045 5302 Deus
3093 5257 3146 5301 et
3196 5261 3293 5317 per
3344 5262 3439 5302 eos
3490 5246 3691 5303 ulcisci

2125 5352 2134 5367 .
2162 5315 2442 5367 ‘avntum:
2474 5325 2528 5367 at
2554 5315 2834 5367 Scriptura
2869 5334 2976 5367 non
3004 5318 3247 5367 lonuitur
3264 5316 3433 5367 Deum
3461 5316 3687 5367 fecisse-

2125 5315 2442 5387 .Egyptum;
2474 5325 2528 5370 at
2554 5315 2834 5386 Scriptura
2868 5334 2977 5372 non
3004 5315 3247 5387 loquitur
3264 5316 3433 5372 Deum
3461 5316 3688 5384 fecisse,

2117 5400 2217 5439 nec
2260 5388 2327 5440 ad
2368 5386 2697 5455 Methodium
2726 5388 2987 5442 attinebat
3022 5386 3331 5443 istiusmodi
3377 5388 3689 5455 insinuare,

2114 5455 2200 5508 vel
2216 5456 2453 5529 alterius
2480 5473 2642 5527 quam
2668 5454 2786 5529 Dei,
2821 5457 2916 5529 ira:
2944 5459 3255 5513 meminisse
3278 5476 3292 5512 :
3321 5473 3428 5529 qua
3454 5458 3571 5528 ipsa
3594 5454 3693 5512 re—

2113 5524 2266 5599 probi
2296 5524 2513 5599 mternis
2534 5528 2708 5599 poenis
2732 5528 2786 5582 in
2811 5527 3022 5597 judicio
3048 5524 3387 5592 addicentur,
3419 5524 3692 5583 ev'acuato

443 5580 709 5670 quidquid
756 5586 994 5670 absurde
1041 5586 1327 5670 {’ossinius
1366 5580 1629 5670 jtl_nxerit,
1671 5593 1764 5670 τού
1797 5580 2009 5670 Σατανά
2055 5640 2084 5662 ,
2109 5580 2721 5670 jamomniprinrcipatu
2751 5580 3471 5670 ὲιᾞόιέέίειᾶέίιὶξέιιῖ
3492 5580 3691 5655 reatus

442 5654 905 5731 περισωθήσονται
925 5658 1232 5731 τῆςόργῆς,
1265 5654 1702 5716 εοηῖοὸιιηιιινάό
1732 5665 1813 5718 ira
1843 5654 2008 5719 Sata-

440 5735 544 5799 nae.
573 5721 732 5788 Nam,
762 5742 915 5797 rogo,
947 5721 1227 5799 quis'e'uin
1247 5732 1453 5792 docuit.
1487 5743 1582 5788 aut
1614 5735 1777 5789 etiam
1803 5734 2007 5789 Metho-

443 5791 615 5861 dium,
641 5791 1114 5857 externiinatbrem
1144 5803 1396 5875 angelum
1423 5791 1680 5859 Satanam
1705 5803 1895 5871 fuisse,
1920 5805 2006 5861 vel

2114 5665 2306 5736 merito
2336 5665 2631 5736 illi—pinnas
2657 5665 2867 5736 desitos.
2897 5668 3187 5725 Couserrs.

2184 5735 2294 5807 (59)
2340 5733 2710 5809 Ἐξῶκειλιιν.
2747 5733 2909 5794 Vocis
2938 5739 3102 5808 hujus
3128 5740 3215 5795 hic
3236 5742 3380 5795 clara
3410 5738 3686 5809 acceptio,

2111 5803 2284 5878 quam
2323 5819 2487 5877 supra
2527 5803 2888 5877 vindicamus,
2936 5819 2995 5865 ιιι
3010 5803 3100 5865 ἐἱι
3124 5812 3381 5878 excidere,
3415 5803 3687 5868 frustrata
