  <div class='ocr_page' id='page_1' title='image "/cluster/home/n/w/nwhite01/storage/ocr_20150623/18/hvd.32044073501215/098.png"; bbox 0 0 4010 6328; ppageno 0'>
   <div class='ocr_carea' id='block_1_1' title="bbox 228 313 323 370">
    <p class='ocr_par' dir='ltr' id='par_1_1' title="bbox 228 313 323 370">
     <span class='ocr_line' id='line_1_1' title="bbox 228 313 323 370; baseline -0.021 0"><span class='ocrx_word' id='word_1_1' title='bbox 228 313 323 370; x_wconf 72' lang='grc' dir='ltr'><strong>ιιι</strong></span> 
     </span>
    </p>
   </div>
   <div class='ocr_carea' id='block_1_2' title="bbox 1316 316 2378 380">
    <p class='ocr_par' dir='ltr' id='par_1_2' title="bbox 1316 316 2378 380">
     <span class='ocr_line' id='line_1_2' title="bbox 1316 316 2378 380; baseline 0.004 -6"><span class='ocrx_word' id='word_1_2' title='bbox 1316 316 1695 375; x_wconf 71' lang='lat' dir='ltr'><strong>CONV&#39;IVIUM</strong></span> <span class='ocrx_word' id='word_1_3' title='bbox 1735 317 1962 375; x_wconf 72' lang='lat' dir='ltr'><strong>DECEM</strong></span> <span class='ocrx_word' id='word_1_4' title='bbox 2003 320 2378 380; x_wconf 75' lang='lat' dir='ltr'><strong>VIRGINUM.‘</strong></span> 
     </span>
    </p>
   </div>
   <div class='ocr_carea' id='block_1_3' title="bbox 3360 325 3465 383">
    <p class='ocr_par' dir='ltr' id='par_1_3' title="bbox 3360 325 3465 383">
     <span class='ocr_line' id='line_1_3' title="bbox 3360 325 3465 383; baseline 0.019 -2"><span class='ocrx_word' id='word_1_5' title='bbox 3360 325 3465 383; x_wconf 57' lang='lat'><strong>583</strong></span> 
     </span>
    </p>
   </div>
   <div class='ocr_carea' id='block_1_4' title="bbox 227 426 1787 516">
    <p class='ocr_par' dir='ltr' id='par_1_4' title="bbox 227 426 1787 509">
     <span class='ocr_line' id='line_1_4' title="bbox 227 426 1787 509; baseline 0.003 -24"><span class='ocrx_word' id='word_1_6' title='bbox 227 430 370 485; x_wconf 74' lang='grc' dir='ltr'>δὶπω</span> <span class='ocrx_word' id='word_1_7' title='bbox 392 429 454 483; x_wconf 75' lang='grc' dir='ltr'><strong>τὸ</strong></span> <span class='ocrx_word' id='word_1_8' title='bbox 484 430 688 484; x_wconf 76' lang='grc' dir='ltr'>τέλειον</span> <span class='ocrx_word' id='word_1_9' title='bbox 717 426 851 501; x_wconf 79' lang='grc' dir='ltr'>ἧκεν</span> <span class='ocrx_word' id='word_1_10' title='bbox 877 431 896 504; x_wconf 92' lang='grc'>(</span> <span class='ocrx_word' id='word_1_11' title='bbox 938 434 970 505; x_wconf 80' lang='grc' dir='ltr'>ἡ</span> <span class='ocrx_word' id='word_1_12' title='bbox 1010 432 1254 503; x_wconf 76' lang='grc' dir='ltr'>βασιλεία</span> <span class='ocrx_word' id='word_1_13' title='bbox 1282 434 1390 489; x_wconf 85' lang='grc' dir='ltr'><strong>τῶν</strong></span> <span class='ocrx_word' id='word_1_14' title='bbox 1420 435 1663 509; x_wconf 77' lang='grc' dir='ltr'>οὐρανῶν</span> <span class='ocrx_word' id='word_1_15' title='bbox 1700 435 1787 490; x_wconf 66' lang='grc' dir='ltr'>καὶ</span> 
     </span>
    </p>
   </div>
   <div class='ocr_carea' id='block_1_5' title="bbox 1889 426 3464 516">
    <p class='ocr_par' dir='ltr' id='par_1_5' title="bbox 1896 437 3464 512">
     <span class='ocr_line' id='line_1_5' title="bbox 1896 437 3464 512; baseline 0.005 -22"><span class='ocrx_word' id='word_1_16' title='bbox 1896 437 2197 508; x_wconf 71' lang='lat' dir='ltr'><strong>perfectum</strong></span> <span class='ocrx_word' id='word_1_17' title='bbox 2223 447 2309 496; x_wconf 92' lang='lat' dir='ltr'><strong>est</strong></span> <span class='ocrx_word' id='word_1_18' title='bbox 2337 439 2613 511; x_wconf 85' lang='lat' dir='ltr'><strong>(nimirum</strong></span> <span class='ocrx_word' id='word_1_19' title='bbox 2643 440 2905 499; x_wconf 63' lang='lat' dir='ltr'><strong>calorum</strong></span> <span class='ocrx_word' id='word_1_20' title='bbox 2933 455 3158 512; x_wconf 89' lang='lat' dir='ltr'><strong>regnum</strong></span> <span class='ocrx_word' id='word_1_21' title='bbox 3191 448 3247 498; x_wconf 90' lang='lat' dir='ltr'><strong>et</strong></span> <span class='ocrx_word' id='word_1_22' title='bbox 3278 458 3464 498; x_wconf 85' lang='lat' dir='ltr'><strong>resur-</strong></span> 
     </span>
    </p>
   </div>
   <div class='ocr_carea' id='block_1_6' title="bbox 225 522 1794 599">
    <p class='ocr_par' dir='ltr' id='par_1_6' title="bbox 225 522 1794 599">
     <span class='ocr_line' id='line_1_6' title="bbox 225 522 1794 599; baseline 0.006 -24"><span class='ocrx_word' id='word_1_23' title='bbox 225 526 259 595; x_wconf 75' lang='grc' dir='ltr'><strong>η</strong></span> <span class='ocrx_word' id='word_1_24' title='bbox 289 522 643 591; x_wconf 78' lang='grc' dir='ltr'>ἁνάστασις,)</span> <span class='ocrx_word' id='word_1_25' title='bbox 676 524 757 586; x_wconf 76' lang='grc' dir='ltr'>εἰς</span> <span class='ocrx_word' id='word_1_26' title='bbox 801 525 966 596; x_wconf 76' lang='grc' dir='ltr'>ἡμᾶς,</span> <span class='ocrx_word' id='word_1_27' title='bbox 1002 525 1101 580; x_wconf 81' lang='grc' dir='ltr'>ὅτε</span> <span class='ocrx_word' id='word_1_28' title='bbox 1146 527 1579 599; x_wconf 78' lang='grc' dir='ltr'>καταργήσεται</span> <span class='ocrx_word' id='word_1_29' title='bbox 1628 529 1693 583; x_wconf 85' lang='grc' dir='ltr'><strong>τό</strong></span> <span class='ocrx_word' id='word_1_30' title='bbox 1724 531 1794 584; x_wconf 74' lang='grc' dir='ltr'>ἐκ</span> 
     </span>
    </p>
   </div>
   <div class='ocr_carea' id='block_1_7' title="bbox 220 612 1792 692">
    <p class='ocr_par' dir='ltr' id='par_1_7' title="bbox 220 612 1792 692">
     <span class='ocr_line' id='line_1_7' title="bbox 220 612 1792 692; baseline 0.005 -25"><span class='ocrx_word' id='word_1_31' title='bbox 220 612 460 686; x_wconf 72' lang='grc' dir='ltr'>μόρους.</span> <span class='ocrx_word' id='word_1_32' title='bbox 509 614 646 667; x_wconf 83' lang='grc' dir='ltr'><strong>Τότε</strong></span> <span class='ocrx_word' id='word_1_33' title='bbox 692 616 803 689; x_wconf 84' lang='grc' dir='ltr'><strong>γὰρ</strong></span> <span class='ocrx_word' id='word_1_34' title='bbox 854 619 911 672; x_wconf 77' lang='grc' dir='ltr'>αἱ</span> <span class='ocrx_word' id='word_1_35' title='bbox 966 620 1162 691; x_wconf 76' lang='grc' dir='ltr'>σκηναὶ</span> <span class='ocrx_word' id='word_1_36' title='bbox 1222 621 1520 692; x_wconf 81' lang='grc' dir='ltr'><strong>πήγνυνται</strong></span> <span class='ocrx_word' id='word_1_37' title='bbox 1577 622 1792 677; x_wconf 84' lang='grc' dir='ltr'>πάντων</span> 
     </span>
    </p>
   </div>
   <div class='ocr_carea' id='block_1_8' title="bbox 228 706 1796 792">
    <p class='ocr_par' dir='ltr' id='par_1_8' title="bbox 228 706 1796 792">
     <span class='ocr_line' id='line_1_8' title="bbox 228 706 1796 792; baseline 0.006 -31"><span class='ocrx_word' id='word_1_38' title='bbox 228 706 396 779; x_wconf 68' lang='grc' dir='ltr'>ἡμῶν,</span> <span class='ocrx_word' id='word_1_39' title='bbox 422 709 613 774; x_wconf 78' lang='grc' dir='ltr'>ὁπότε,</span> <span class='ocrx_word' id='word_1_40' title='bbox 637 711 747 765; x_wconf 85' lang='grc' dir='ltr'><strong>τῶν</strong></span> <span class='ocrx_word' id='word_1_41' title='bbox 774 711 946 767; x_wconf 82' lang='grc' dir='ltr'>ὀστῶν</span> <span class='ocrx_word' id='word_1_42' title='bbox 972 713 1430 788; x_wconf 84' lang='grc' dir='ltr'>συγκολλωμένων</span> <span class='ocrx_word' id='word_1_43' title='bbox 1452 718 1549 774; x_wconf 74' lang='grc' dir='ltr'>καὶ</span> <span class='ocrx_word' id='word_1_44' title='bbox 1585 736 1796 792; x_wconf 90' lang='grc' dir='ltr'>συμπη-</span> 
     </span>
    </p>
   </div>
   <div class='ocr_carea' id='block_1_9' title="bbox 226 797 1793 882">
    <p class='ocr_par' dir='ltr' id='par_1_9' title="bbox 226 797 1793 882">
     <span class='ocr_line' id='line_1_9' title="bbox 226 797 1793 882; baseline 0.01 -34"><span class='ocrx_word' id='word_1_45' title='bbox 226 797 505 869; x_wconf 79' lang='grc' dir='ltr'>τνυμένων</span> <span class='ocrx_word' id='word_1_46' title='bbox 554 802 677 863; x_wconf 85' lang='grc' dir='ltr'>ταῖς</span> <span class='ocrx_word' id='word_1_47' title='bbox 717 802 927 873; x_wconf 78' lang='grc' dir='ltr'><strong>σαρξὶν,</strong></span> <span class='ocrx_word' id='word_1_48' title='bbox 967 803 1248 860; x_wconf 83' lang='grc' dir='ltr'>ἀνίσταται</span> <span class='ocrx_word' id='word_1_49' title='bbox 1299 806 1476 879; x_wconf 86' lang='grc' dir='ltr'>σῶμα.</span> <span class='ocrx_word' id='word_1_50' title='bbox 1532 808 1664 862; x_wconf 84' lang='grc' dir='ltr'>Τότε</span> <span class='ocrx_word' id='word_1_51' title='bbox 1696 809 1793 882; x_wconf 83' lang='grc' dir='ltr'>τὴν</span> 
     </span>
    </p>
   </div>
   <div class='ocr_carea' id='block_1_10' title="bbox 228 888 1790 973">
    <p class='ocr_par' dir='ltr' id='par_1_10' title="bbox 228 888 1790 973">
     <span class='ocr_line' id='line_1_10' title="bbox 228 888 1790 973; baseline 0.006 -13"><span class='ocrx_word' id='word_1_52' title='bbox 228 888 432 961; x_wconf 76' lang='grc' dir='ltr'>ἡμέραν</span> <span class='ocrx_word' id='word_1_53' title='bbox 482 890 588 962; x_wconf 80' lang='grc' dir='ltr'><strong>τῆς</strong></span> <span class='ocrx_word' id='word_1_54' title='bbox 635 894 814 964; x_wconf 75' lang='grc' dir='ltr'>χαρᾶς</span> <span class='ocrx_word' id='word_1_55' title='bbox 864 895 1194 968; x_wconf 70' lang='grc' dir='ltr'><strong>ἑορτάζομεν</strong></span> <span class='ocrx_word' id='word_1_56' title='bbox 1235 898 1426 970; x_wconf 77' lang='grc' dir='ltr'><strong>Κυρίῳ</strong></span> <span class='ocrx_word' id='word_1_57' title='bbox 1466 899 1790 973; x_wconf 77' lang='grc' dir='ltr'>ειλικρινῶς,</span> 
     </span>
    </p>
   </div>
   <div class='ocr_carea' id='block_1_11' title="bbox 225 981 1794 1067">
    <p class='ocr_par' dir='ltr' id='par_1_11' title="bbox 225 981 1794 1067">
     <span class='ocr_line' id='line_1_11' title="bbox 225 981 1794 1067; baseline 0.011 -34"><span class='ocrx_word' id='word_1_58' title='bbox 225 982 378 1034; x_wconf 70' lang='grc' dir='ltr'>ὁπότε</span> <span class='ocrx_word' id='word_1_59' title='bbox 397 981 501 1046; x_wconf 69' lang='grc' dir='ltr'><strong>τὰς</strong></span> <span class='ocrx_word' id='word_1_60' title='bbox 525 984 734 1055; x_wconf 80' lang='grc' dir='ltr'>σκηνὰς</span> <span class='ocrx_word' id='word_1_61' title='bbox 757 987 1006 1053; x_wconf 70' lang='grc' dir='ltr'>αἰωνίους</span> <span class='ocrx_word' id='word_1_62' title='bbox 1031 990 1440 1062; x_wconf 85' lang='grc' dir='ltr'>ἀποληψόμεθα,</span> <span class='ocrx_word' id='word_1_63' title='bbox 1461 993 1642 1048; x_wconf 78' lang='grc' dir='ltr'>οὐκέτι</span> <span class='ocrx_word' id='word_1_64' title='bbox 1668 993 1794 1067; x_wconf 86' lang='grc' dir='ltr'>θνη-</span> 
     </span>
    </p>
   </div>
   <div class='ocr_carea' id='block_1_12' title="bbox 228 1072 1792 1162">
    <p class='ocr_par' dir='ltr' id='par_1_12' title="bbox 228 1072 1792 1162">
     <span class='ocr_line' id='line_1_12' title="bbox 228 1072 1792 1162; baseline 0.01 -38"><span class='ocrx_word' id='word_1_65' title='bbox 228 1072 452 1143; x_wconf 77' lang='grc' dir='ltr'>ξομένας</span> <span class='ocrx_word' id='word_1_66' title='bbox 498 1075 533 1147; x_wconf 70' lang='grc' dir='ltr'>ἢ</span> <span class='ocrx_word' id='word_1_67' title='bbox 570 1075 947 1149; x_wconf 85' lang='grc' dir='ltr'>λυθησομένας</span> <span class='ocrx_word' id='word_1_68' title='bbox 975 1082 1055 1143; x_wconf 82' lang='grc' dir='ltr'><strong>εἰς</strong></span> <span class='ocrx_word' id='word_1_69' title='bbox 1085 1081 1190 1153; x_wconf 84' lang='grc' dir='ltr'><strong>γῆν</strong></span> <span class='ocrx_word' id='word_1_70' title='bbox 1236 1081 1509 1154; x_wconf 86' lang='grc' dir='ltr'>χώματος.</span> <span class='ocrx_word' id='word_1_71' title='bbox 1541 1081 1651 1162; x_wconf 52' lang='grc' dir='ltr'><strong>ΪΗν</strong></span> <span class='ocrx_word' id='word_1_72' title='bbox 1683 1086 1792 1159; x_wconf 76' lang='grc' dir='ltr'>γὰρ</span> 
     </span>
    </p>
   </div>
   <div class='ocr_carea' id='block_1_13' title="bbox 223 1161 1791 1248">
    <p class='ocr_par' dir='ltr' id='par_1_13' title="bbox 223 1161 1791 1248">
     <span class='ocr_line' id='line_1_13' title="bbox 223 1161 1791 1248; baseline 0.01 -30"><span class='ocrx_word' id='word_1_73' title='bbox 223 1166 370 1237; x_wconf 66' lang='grc' dir='ltr'>ἡμῶν</span> <span class='ocrx_word' id='word_1_74' title='bbox 405 1169 503 1221; x_wconf 76' lang='grc' dir='ltr'>καὶ</span> <span class='ocrx_word' id='word_1_75' title='bbox 534 1169 771 1241; x_wconf 79' lang='grc' dir='ltr'>πρόσθεν</span> <span class='ocrx_word' id='word_1_76' title='bbox 795 1172 1043 1236; x_wconf 76' lang='grc' dir='ltr'>ἄπτωτος</span> <span class='ocrx_word' id='word_1_77' title='bbox 1080 1174 1115 1243; x_wconf 80' lang='grc' dir='ltr'><strong>ἡ</strong></span> <span class='ocrx_word' id='word_1_78' title='bbox 1146 1176 1317 1247; x_wconf 88' lang='grc' dir='ltr'>σκηνή</span> <span class='ocrx_word' id='word_1_79' title='bbox 1359 1174 1470 1248; x_wconf 75' lang='grc' dir='ltr'>(ιο)</span> <span class='ocrx_word' id='word_1_80' title='bbox 1489 1194 1502 1207; x_wconf 89' lang='grc'><strong>·</strong></span> <span class='ocrx_word' id='word_1_81' title='bbox 1534 1161 1671 1232; x_wconf 61' lang='grc' dir='ltr'>ἀλλὰ</span> <span class='ocrx_word' id='word_1_82' title='bbox 1705 1178 1791 1233; x_wconf 78' lang='grc' dir='ltr'><strong>διὰ</strong></span> 
     </span>
    </p>
   </div>
   <div class='ocr_carea' id='block_1_14' title="bbox 224 1259 1794 1338">
    <p class='ocr_par' dir='ltr' id='par_1_14' title="bbox 224 1259 1794 1338">
     <span class='ocr_line' id='line_1_14' title="bbox 224 1259 1794 1338; baseline 0.008 -28"><span class='ocrx_word' id='word_1_83' title='bbox 224 1259 314 1328; x_wconf 72' lang='grc' dir='ltr'>τὴν</span> <span class='ocrx_word' id='word_1_84' title='bbox 364 1259 683 1331; x_wconf 75' lang='grc' dir='ltr'>παράϐασιν</span> <span class='ocrx_word' id='word_1_85' title='bbox 719 1263 984 1336; x_wconf 75' lang='grc' dir='ltr'><strong>ἐσαλεύθη</strong></span> <span class='ocrx_word' id='word_1_86' title='bbox 1029 1265 1122 1318; x_wconf 78' lang='grc' dir='ltr'>καὶ</span> <span class='ocrx_word' id='word_1_87' title='bbox 1157 1265 1367 1338; x_wconf 73' lang='grc' dir='ltr'>ἐκλίθη,</span> <span class='ocrx_word' id='word_1_88' title='bbox 1422 1267 1515 1322; x_wconf 80' lang='grc' dir='ltr'><strong>τοῦ</strong></span> <span class='ocrx_word' id='word_1_89' title='bbox 1560 1269 1695 1323; x_wconf 86' lang='grc' dir='ltr'><strong>Θεοῦ</strong></span> <span class='ocrx_word' id='word_1_90' title='bbox 1732 1270 1794 1323; x_wconf 81' lang='grc' dir='ltr'>τὸ</span> 
     </span>
    </p>
   </div>
   <div class='ocr_carea' id='block_1_15' title="bbox 221 1349 1795 1430">
    <p class='ocr_par' dir='ltr' id='par_1_15' title="bbox 221 1349 1795 1430">
     <span class='ocr_line' id='line_1_15' title="bbox 221 1349 1795 1430; baseline 0.007 -29"><span class='ocrx_word' id='word_1_91' title='bbox 221 1349 519 1419; x_wconf 73' lang='grc' dir='ltr'>ἁμάρτημα</span> <span class='ocrx_word' id='word_1_92' title='bbox 539 1349 800 1417; x_wconf 75' lang='grc' dir='ltr'>λύσαντος</span> <span class='ocrx_word' id='word_1_93' title='bbox 824 1352 1056 1425; x_wconf 80' lang='grc' dir='ltr'><strong>Θανάτῳ,</strong></span> <span class='ocrx_word' id='word_1_94' title='bbox 1082 1356 1166 1409; x_wconf 84' lang='grc' dir='ltr'>ἵνα</span> <span class='ocrx_word' id='word_1_95' title='bbox 1193 1356 1289 1428; x_wconf 77' lang='grc' dir='ltr'>μὴ,</span> <span class='ocrx_word' id='word_1_96' title='bbox 1313 1356 1593 1423; x_wconf 77' lang='grc' dir='ltr'>ἀθανάτως</span> <span class='ocrx_word' id='word_1_97' title='bbox 1613 1358 1795 1430; x_wconf 78' lang='grc' dir='ltr'>ἀμαρ-</span> 
     </span>
    </p>
   </div>
   <div class='ocr_carea' id='block_1_16' title="bbox 220 1443 1790 1523">
    <p class='ocr_par' dir='ltr' id='par_1_16' title="bbox 220 1443 1790 1523">
     <span class='ocr_line' id='line_1_16' title="bbox 220 1443 1790 1523; baseline 0.007 -27"><span class='ocrx_word' id='word_1_98' title='bbox 220 1443 378 1507; x_wconf 71' lang='grc' dir='ltr'>τωλος</span> <span class='ocrx_word' id='word_1_99' title='bbox 403 1447 435 1498; x_wconf 88' lang='grc' dir='ltr'><strong>ό</strong></span> <span class='ocrx_word' id='word_1_100' title='bbox 461 1444 751 1517; x_wconf 78' lang='grc' dir='ltr'>ἄνθρωπος</span> <span class='ocrx_word' id='word_1_101' title='bbox 777 1445 876 1511; x_wconf 83' lang='grc' dir='ltr'>ὣν,</span> <span class='ocrx_word' id='word_1_102' title='bbox 905 1447 1084 1521; x_wconf 78' lang='grc' dir='ltr'>ζώσης</span> <span class='ocrx_word' id='word_1_103' title='bbox 1108 1452 1168 1503; x_wconf 81' lang='grc' dir='ltr'>ἐν</span> <span class='ocrx_word' id='word_1_104' title='bbox 1194 1449 1343 1521; x_wconf 82' lang='grc' dir='ltr'><strong>αὐτῷ</strong></span> <span class='ocrx_word' id='word_1_105' title='bbox 1366 1450 1468 1521; x_wconf 81' lang='grc' dir='ltr'>τῆς</span> <span class='ocrx_word' id='word_1_106' title='bbox 1497 1452 1790 1523; x_wconf 80' lang='grc' dir='ltr'>ἁμαρτίας,</span> 
     </span>
    </p>
   </div>
   <div class='ocr_carea' id='block_1_17' title="bbox 220 1537 1791 1618">
    <p class='ocr_par' dir='ltr' id='par_1_17' title="bbox 220 1537 1791 1618">
     <span class='ocr_line' id='line_1_17' title="bbox 220 1537 1791 1618; baseline 0.007 -29"><span class='ocrx_word' id='word_1_107' title='bbox 220 1537 448 1599; x_wconf 82' lang='grc' dir='ltr'>αἱωνίως</span> <span class='ocrx_word' id='word_1_108' title='bbox 472 1538 805 1610; x_wconf 79' lang='grc' dir='ltr'><strong>κατάκριτος</strong></span> <span class='ocrx_word' id='word_1_109' title='bbox 826 1539 1048 1611; x_wconf 83' lang='grc' dir='ltr'>γενηθῇ.</span> <span class='ocrx_word' id='word_1_110' title='bbox 1073 1541 1178 1595; x_wconf 77' lang='grc' dir='ltr'><strong>Καὶ</strong></span> <span class='ocrx_word' id='word_1_111' title='bbox 1203 1541 1290 1595; x_wconf 82' lang='grc' dir='ltr'>διὰ</span> <span class='ocrx_word' id='word_1_112' title='bbox 1313 1542 1471 1597; x_wconf 76' lang='grc' dir='ltr'>τοῦτο</span> <span class='ocrx_word' id='word_1_113' title='bbox 1488 1547 1580 1598; x_wconf 82' lang='grc' dir='ltr'>καὶ</span> <span class='ocrx_word' id='word_1_114' title='bbox 1600 1545 1791 1618; x_wconf 89' lang='grc' dir='ltr'>τέθνη-</span> 
     </span>
    </p>
   </div>
   <div class='ocr_carea' id='block_1_18' title="bbox 221 1628 1790 1710">
    <p class='ocr_par' dir='ltr' id='par_1_18' title="bbox 221 1628 1790 1710">
     <span class='ocr_line' id='line_1_18' title="bbox 221 1628 1790 1710; baseline 0.007 -29"><span class='ocrx_word' id='word_1_115' title='bbox 221 1644 306 1681; x_wconf 88' lang='grc' dir='ltr'><strong>κεν</strong></span> <span class='ocrx_word' id='word_1_116' title='bbox 341 1628 403 1680; x_wconf 74' lang='grc' dir='ltr'>οὐ</span> <span class='ocrx_word' id='word_1_117' title='bbox 451 1629 749 1700; x_wconf 78' lang='grc' dir='ltr'>γενόμενος</span> <span class='ocrx_word' id='word_1_118' title='bbox 784 1630 976 1703; x_wconf 82' lang='grc' dir='ltr'>θνητὸς</span> <span class='ocrx_word' id='word_1_119' title='bbox 1021 1631 1054 1704; x_wconf 78' lang='grc' dir='ltr'>ἢ</span> <span class='ocrx_word' id='word_1_120' title='bbox 1107 1632 1364 1707; x_wconf 79' lang='grc' dir='ltr'><strong>φθαρτὸς,</strong></span> <span class='ocrx_word' id='word_1_121' title='bbox 1411 1637 1504 1690; x_wconf 80' lang='grc' dir='ltr'>καὶ</span> <span class='ocrx_word' id='word_1_122' title='bbox 1547 1637 1790 1710; x_wconf 81' lang='grc' dir='ltr'>διεκρίθη</span> 
     </span>
    </p>
   </div>
   <div class='ocr_carea' id='block_1_19' title="bbox 1892 530 3465 605">
    <p class='ocr_par' dir='ltr' id='par_1_19' title="bbox 1892 530 3465 605">
     <span class='ocr_line' id='line_1_19' title="bbox 1892 530 3465 605; baseline 0.003 -17"><span class='ocrx_word' id='word_1_123' title='bbox 1892 532 2086 601; x_wconf 77' lang='lat' dir='ltr'><strong>restio)</strong></span> <span class='ocrx_word' id='word_1_124' title='bbox 2116 530 2326 604; x_wconf 81' lang='lat' dir='ltr'><strong>quando</strong></span> <span class='ocrx_word' id='word_1_125' title='bbox 2362 532 2702 588; x_wconf 79' lang='lat' dir='ltr'><strong>evacuabitur</strong></span> <span class='ocrx_word' id='word_1_126' title='bbox 2730 532 2868 605; x_wconf 83' lang='lat' dir='ltr'><strong>quod</strong></span> <span class='ocrx_word' id='word_1_127' title='bbox 2905 549 2972 589; x_wconf 77' lang='lat' dir='ltr'><strong>ea:</strong></span> <span class='ocrx_word' id='word_1_128' title='bbox 3012 543 3161 603; x_wconf 82' lang='lat' dir='ltr'><strong>parte</strong></span> <span class='ocrx_word' id='word_1_129' title='bbox 3184 544 3285 591; x_wconf 84' lang='lat' dir='ltr'><strong>est.</strong></span> <span class='ocrx_word' id='word_1_130' title='bbox 3310 534 3465 593; x_wconf 84' lang='lat' dir='ltr'><strong>Tunc</strong></span> 
     </span>
    </p>
   </div>
   <div class='ocr_carea' id='block_1_20' title="bbox 1893 622 3465 696">
    <p class='ocr_par' dir='ltr' id='par_1_20' title="bbox 1893 622 3465 696">
     <span class='ocr_line' id='line_1_20' title="bbox 1893 622 3465 696; baseline 0.001 -15"><span class='ocrx_word' id='word_1_131' title='bbox 1893 625 2037 681; x_wconf 89' lang='lat' dir='ltr'><strong>enim</strong></span> <span class='ocrx_word' id='word_1_132' title='bbox 2068 622 2224 679; x_wconf 81' lang='lat' dir='ltr'><strong>ﬁrma</strong></span> <span class='ocrx_word' id='word_1_133' title='bbox 2249 625 2368 681; x_wconf 85' lang='lat' dir='ltr'><strong>basi</strong></span> <span class='ocrx_word' id='word_1_134' title='bbox 2416 624 2672 696; x_wconf 77' lang='lat' dir='ltr'><strong>erigenda</strong></span> <span class='ocrx_word' id='word_1_135' title='bbox 2706 626 2947 681; x_wconf 90' lang='lat' dir='ltr'><strong>omnium</strong></span> <span class='ocrx_word' id='word_1_136' title='bbox 2977 633 3226 683; x_wconf 91' lang='lat' dir='ltr'><strong>nostrum</strong></span> <span class='ocrx_word' id='word_1_137' title='bbox 3281 627 3465 685; x_wconf 87' lang='lat' dir='ltr'><strong>taber-</strong></span> 
     </span>
    </p>
   </div>
   <div class='ocr_carea' id='block_1_21' title="bbox 1893 716 3465 789">
    <p class='ocr_par' dir='ltr' id='par_1_21' title="bbox 1893 716 3465 789">
     <span class='ocr_line' id='line_1_21' title="bbox 1893 716 3465 789; baseline 0.002 -18"><span class='ocrx_word' id='word_1_138' title='bbox 1893 716 2110 781; x_wconf 88' lang='lat' dir='ltr'><strong>nacula,</strong></span> <span class='ocrx_word' id='word_1_139' title='bbox 2147 716 2386 787; x_wconf 87' lang='lat' dir='ltr'><strong>quando,</strong></span> <span class='ocrx_word' id='word_1_140' title='bbox 2421 716 2615 772; x_wconf 78' lang='lat' dir='ltr'><strong>iterum</strong></span> <span class='ocrx_word' id='word_1_141' title='bbox 2667 716 3016 789; x_wconf 72' lang='lat' dir='ltr'><strong>agglutinatis</strong></span> <span class='ocrx_word' id='word_1_142' title='bbox 3070 723 3125 772; x_wconf 85' lang='lat' dir='ltr'><strong>et</strong></span> <span class='ocrx_word' id='word_1_143' title='bbox 3161 718 3465 788; x_wconf 81' lang='lat' dir='ltr'><strong>compactis</strong></span> 
     </span>
    </p>
   </div>
   <div class='ocr_carea' id='block_1_22' title="bbox 1892 806 3460 878">
    <p class='ocr_par' dir='ltr' id='par_1_22' title="bbox 1892 806 3460 878">
     <span class='ocr_line' id='line_1_22' title="bbox 1892 806 3460 878; baseline 0 -15"><span class='ocrx_word' id='word_1_144' title='bbox 1892 822 2018 863; x_wconf 91' lang='lat' dir='ltr'><strong>cum</strong></span> <span class='ocrx_word' id='word_1_145' title='bbox 2057 822 2223 864; x_wconf 90' lang='lat' dir='ltr'><strong>carne</strong></span> <span class='ocrx_word' id='word_1_146' title='bbox 2248 808 2489 873; x_wconf 89' lang='lat' dir='ltr'><strong>ossibus,</strong></span> <span class='ocrx_word' id='word_1_147' title='bbox 2518 815 2767 878; x_wconf 85' lang='lat' dir='ltr'><strong>resurget</strong></span> <span class='ocrx_word' id='word_1_148' title='bbox 2816 822 3037 878; x_wconf 89' lang='lat' dir='ltr'><strong>corpus.</strong></span> <span class='ocrx_word' id='word_1_149' title='bbox 3079 806 3235 863; x_wconf 83' lang='lat' dir='ltr'><strong>Tunc</strong></span> <span class='ocrx_word' id='word_1_150' title='bbox 3265 808 3460 865; x_wconf 79' lang='lat' dir='ltr'><strong>festam</strong></span> 
     </span>
    </p>
   </div>
   <div class='ocr_carea' id='block_1_23' title="bbox 1892 897 3460 971">
    <p class='ocr_par' dir='ltr' id='par_1_23' title="bbox 1892 897 3460 971">
     <span class='ocr_line' id='line_1_23' title="bbox 1892 897 3460 971; baseline 0 -18"><span class='ocrx_word' id='word_1_151' title='bbox 1892 897 2075 971; x_wconf 84' lang='lat' dir='ltr'><strong>gaudii</strong></span> <span class='ocrx_word' id='word_1_152' title='bbox 2105 898 2281 955; x_wconf 85' lang='lat' dir='ltr'><strong>lucem</strong></span> <span class='ocrx_word' id='word_1_153' title='bbox 2307 900 2521 956; x_wconf 83' lang='lat' dir='ltr'><strong>sincere</strong></span> <span class='ocrx_word' id='word_1_154' title='bbox 2558 898 2788 953; x_wconf 88' lang='lat' dir='ltr'><strong>Domino</strong></span> <span class='ocrx_word' id='word_1_155' title='bbox 2840 898 3275 965; x_wconf 86' lang='lat' dir='ltr'><strong>celebrabimus,</strong></span> <span class='ocrx_word' id='word_1_156' title='bbox 3334 913 3460 955; x_wconf 89' lang='lat' dir='ltr'><strong>cum</strong></span> 
     </span>
    </p>
   </div>
   <div class='ocr_carea' id='block_1_24' title="bbox 1890 991 3461 1064">
    <p class='ocr_par' dir='ltr' id='par_1_24' title="bbox 1890 991 3461 1064">
     <span class='ocr_line' id='line_1_24' title="bbox 1890 991 3461 1064; baseline -0.001 -16"><span class='ocrx_word' id='word_1_157' title='bbox 1890 999 2093 1048; x_wconf 62' lang='lat' dir='ltr'><strong>eterna</strong></span> <span class='ocrx_word' id='word_1_158' title='bbox 2121 991 2472 1048; x_wconf 88' lang='lat' dir='ltr'><strong>tabernacula</strong></span> <span class='ocrx_word' id='word_1_159' title='bbox 2500 993 2889 1064; x_wconf 84' lang='lat' dir='ltr'><strong>receperimus,</strong></span> <span class='ocrx_word' id='word_1_160' title='bbox 2919 1009 3028 1048; x_wconf 91' lang='lat' dir='ltr'><strong>non</strong></span> <span class='ocrx_word' id='word_1_161' title='bbox 3076 992 3311 1063; x_wconf 80' lang='lat' dir='ltr'><strong>amplius</strong></span> <span class='ocrx_word' id='word_1_162' title='bbox 3338 1006 3461 1046; x_wconf 83' lang='lat' dir='ltr'><strong>mo-</strong></span> 
     </span>
    </p>
   </div>
   <div class='ocr_carea' id='block_1_25' title="bbox 1891 1077 3464 1153">
    <p class='ocr_par' dir='ltr' id='par_1_25' title="bbox 1891 1077 3464 1153">
     <span class='ocr_line' id='line_1_25' title="bbox 1891 1077 3464 1153; baseline -0.002 -16"><span class='ocrx_word' id='word_1_163' title='bbox 1891 1082 2065 1138; x_wconf 90' lang='lat' dir='ltr'><strong>ritura</strong></span> <span class='ocrx_word' id='word_1_164' title='bbox 2091 1089 2186 1138; x_wconf 92' lang='lat' dir='ltr'><strong>aut</strong></span> <span class='ocrx_word' id='word_1_165' title='bbox 2210 1082 2553 1139; x_wconf 86' lang='lat' dir='ltr'><strong>dissolvenda</strong></span> <span class='ocrx_word' id='word_1_166' title='bbox 2586 1082 2642 1137; x_wconf 91' lang='lat' dir='ltr'><strong>in</strong></span> <span class='ocrx_word' id='word_1_167' title='bbox 2682 1083 2960 1152; x_wconf 80' lang='lat' dir='ltr'><strong>pulverem</strong></span> <span class='ocrx_word' id='word_1_168' title='bbox 3014 1081 3212 1137; x_wconf 90' lang='lat' dir='ltr'><strong>tumuli</strong></span> <span class='ocrx_word' id='word_1_169' title='bbox 3232 1082 3301 1153; x_wconf 57' lang='lat'><strong>&#39;3.</strong></span> <span class='ocrx_word' id='word_1_170' title='bbox 3329 1077 3464 1134; x_wconf 84' lang='lat' dir='ltr'><strong>Erat</strong></span> 
     </span>
    </p>
   </div>
   <div class='ocr_carea' id='block_1_26' title="bbox 1888 1172 3463 1245">
    <p class='ocr_par' dir='ltr' id='par_1_26' title="bbox 1888 1172 3463 1245">
     <span class='ocr_line' id='line_1_26' title="bbox 1888 1172 3463 1245; baseline -0.003 -15"><span class='ocrx_word' id='word_1_171' title='bbox 1888 1175 2034 1230; x_wconf 90' lang='lat' dir='ltr'><strong>enim</strong></span> <span class='ocrx_word' id='word_1_172' title='bbox 2066 1180 2313 1229; x_wconf 87' lang='lat' dir='ltr'><strong>nostrum</strong></span> <span class='ocrx_word' id='word_1_173' title='bbox 2343 1174 2606 1230; x_wconf 89' lang='lat' dir='ltr'><strong>immobili</strong></span> <span class='ocrx_word' id='word_1_174' title='bbox 2633 1175 2785 1245; x_wconf 88' lang='lat' dir='ltr'><strong>prius</strong></span> <span class='ocrx_word' id='word_1_175' title='bbox 2830 1182 2975 1231; x_wconf 88' lang='lat' dir='ltr'><strong>statu</strong></span> <span class='ocrx_word' id='word_1_176' title='bbox 3009 1173 3177 1228; x_wconf 76' lang='lat' dir='ltr'><strong>ﬁxum</strong></span> <span class='ocrx_word' id='word_1_177' title='bbox 3207 1172 3463 1233; x_wconf 80' lang='lat' dir='ltr'><strong>taberna-</strong></span> 
     </span>
    </p>
   </div>
   <div class='ocr_carea' id='block_1_27' title="bbox 1890 1264 3464 1338">
    <p class='ocr_par' dir='ltr' id='par_1_27' title="bbox 1890 1264 3464 1338">
     <span class='ocr_line' id='line_1_27' title="bbox 1890 1264 3464 1338; baseline -0.001 -19"><span class='ocrx_word' id='word_1_178' title='bbox 1890 1266 2073 1321; x_wconf 91' lang='lat' dir='ltr'><strong>culum</strong></span> <span class='ocrx_word' id='word_1_179' title='bbox 2104 1285 2118 1320; x_wconf 90' lang='lat'><strong>:</strong></span> <span class='ocrx_word' id='word_1_180' title='bbox 2148 1265 2242 1322; x_wconf 89' lang='lat' dir='ltr'><strong>sed</strong></span> <span class='ocrx_word' id='word_1_181' title='bbox 2290 1281 2386 1336; x_wconf 92' lang='lat' dir='ltr'><strong>per</strong></span> <span class='ocrx_word' id='word_1_182' title='bbox 2417 1267 2907 1338; x_wconf 81' lang='lat' dir='ltr'><strong>transgressionem</strong></span> <span class='ocrx_word' id='word_1_183' title='bbox 2934 1274 3165 1331; x_wconf 91' lang='lat' dir='ltr'><strong>motum,</strong></span> <span class='ocrx_word' id='word_1_184' title='bbox 3193 1272 3249 1321; x_wconf 90' lang='lat' dir='ltr'><strong>et</strong></span> <span class='ocrx_word' id='word_1_185' title='bbox 3273 1264 3331 1319; x_wconf 91' lang='lat' dir='ltr'><strong>in</strong></span> <span class='ocrx_word' id='word_1_186' title='bbox 3356 1272 3464 1321; x_wconf 88' lang='lat' dir='ltr'><strong>ter-</strong></span> 
     </span>
    </p>
   </div>
   <div class='ocr_carea' id='block_1_28' title="bbox 1888 1357 3460 1433">
    <p class='ocr_par' dir='ltr' id='par_1_28' title="bbox 1888 1357 3460 1433">
     <span class='ocr_line' id='line_1_28' title="bbox 1888 1357 3460 1433; baseline -0.001 -17"><span class='ocrx_word' id='word_1_187' title='bbox 1888 1377 2005 1416; x_wconf 92' lang='lat' dir='ltr'><strong>ram</strong></span> <span class='ocrx_word' id='word_1_188' title='bbox 2027 1360 2349 1416; x_wconf 89' lang='lat' dir='ltr'><strong>inclinatum</strong></span> <span class='ocrx_word' id='word_1_189' title='bbox 2372 1369 2491 1428; x_wconf 89' lang='lat' dir='ltr'><strong>est;</strong></span> <span class='ocrx_word' id='word_1_190' title='bbox 2522 1361 2633 1417; x_wconf 86' lang='lat' dir='ltr'><strong>Deo</strong></span> <span class='ocrx_word' id='word_1_191' title='bbox 2659 1375 2757 1433; x_wconf 90' lang='lat' dir='ltr'><strong>per</strong></span> <span class='ocrx_word' id='word_1_192' title='bbox 2782 1368 3009 1416; x_wconf 91' lang='lat' dir='ltr'><strong>mortem</strong></span> <span class='ocrx_word' id='word_1_193' title='bbox 3035 1366 3318 1431; x_wconf 88' lang='lat' dir='ltr'><strong>peccatum</strong></span> <span class='ocrx_word' id='word_1_194' title='bbox 3346 1357 3460 1415; x_wconf 87' lang='lat' dir='ltr'><strong>dis-</strong></span> 
     </span>
    </p>
   </div>
   <div class='ocr_carea' id='block_1_29' title="bbox 1890 1452 3461 1527">
    <p class='ocr_par' dir='ltr' id='par_1_29' title="bbox 1890 1452 3461 1527">
     <span class='ocr_line' id='line_1_29' title="bbox 1890 1452 3461 1527; baseline -0.002 -17"><span class='ocrx_word' id='word_1_195' title='bbox 1890 1455 2151 1521; x_wconf 85' lang='lat' dir='ltr'><strong>solvente,</strong></span> <span class='ocrx_word' id='word_1_196' title='bbox 2177 1470 2246 1510; x_wconf 91' lang='lat' dir='ltr'><strong>ne</strong></span> <span class='ocrx_word' id='word_1_197' title='bbox 2275 1455 2599 1511; x_wconf 85' lang='lat' dir='ltr'><strong>immortalis</strong></span> <span class='ocrx_word' id='word_1_198' title='bbox 2637 1455 2801 1511; x_wconf 90' lang='lat' dir='ltr'><strong>homo</strong></span> <span class='ocrx_word' id='word_1_199' title='bbox 2838 1464 3093 1527; x_wconf 86' lang='lat' dir='ltr'><strong>peccator</strong></span> <span class='ocrx_word' id='word_1_200' title='bbox 3139 1452 3350 1521; x_wconf 79' lang='lat' dir='ltr'><strong>vivens,</strong></span> <span class='ocrx_word' id='word_1_201' title='bbox 3378 1452 3461 1507; x_wconf 86' lang='lat' dir='ltr'><strong>vi-</strong></span> 
     </span>
    </p>
   </div>
   <div class='ocr_carea' id='block_1_30' title="bbox 1888 1541 3463 1619">
    <p class='ocr_par' dir='ltr' id='par_1_30' title="bbox 1888 1541 3463 1619">
     <span class='ocr_line' id='line_1_30' title="bbox 1888 1541 3463 1619; baseline -0.001 -21"><span class='ocrx_word' id='word_1_202' title='bbox 1888 1553 2048 1602; x_wconf 85' lang='lat' dir='ltr'><strong>vente</strong></span> <span class='ocrx_word' id='word_1_203' title='bbox 2076 1546 2132 1601; x_wconf 89' lang='lat' dir='ltr'><strong>in</strong></span> <span class='ocrx_word' id='word_1_204' title='bbox 2156 1561 2221 1602; x_wconf 91' lang='lat' dir='ltr'><strong>eo</strong></span> <span class='ocrx_word' id='word_1_205' title='bbox 2252 1555 2509 1618; x_wconf 88' lang='lat' dir='ltr'><strong>peccato,</strong></span> <span class='ocrx_word' id='word_1_206' title='bbox 2540 1546 2598 1601; x_wconf 90' lang='lat' dir='ltr'><strong>in</strong></span> <span class='ocrx_word' id='word_1_207' title='bbox 2627 1546 3016 1619; x_wconf 89' lang='lat' dir='ltr'><strong>sempiternum</strong></span> <span class='ocrx_word' id='word_1_208' title='bbox 3046 1541 3336 1598; x_wconf 89' lang='lat' dir='ltr'><strong>maledicto</strong></span> <span class='ocrx_word' id='word_1_209' title='bbox 3360 1541 3463 1596; x_wconf 88' lang='lat' dir='ltr'><strong>ob-</strong></span> 
     </span>
    </p>
   </div>
   <div class='ocr_carea' id='block_1_31' title="bbox 1890 1633 3458 1709">
    <p class='ocr_par' dir='ltr' id='par_1_31' title="bbox 1890 1633 3458 1709">
     <span class='ocr_line' id='line_1_31' title="bbox 1890 1633 3458 1709; baseline -0.003 -17"><span class='ocrx_word' id='word_1_210' title='bbox 1890 1637 2087 1693; x_wconf 79' lang='lat' dir='ltr'><strong>noxius</strong></span> <span class='ocrx_word' id='word_1_211' title='bbox 2109 1637 2273 1693; x_wconf 78' lang='lat' dir='ltr'><strong>foret.</strong></span> <span class='ocrx_word' id='word_1_212' title='bbox 2297 1636 2589 1709; x_wconf 87' lang='lat' dir='ltr'><strong>Propterea</strong></span> <span class='ocrx_word' id='word_1_213' title='bbox 2612 1638 2775 1693; x_wconf 83' lang='lat' dir='ltr'><strong>etiam</strong></span> <span class='ocrx_word' id='word_1_214' title='bbox 2825 1644 3051 1691; x_wconf 91' lang='lat' dir='ltr'><strong>mortem</strong></span> <span class='ocrx_word' id='word_1_215' title='bbox 3101 1633 3274 1698; x_wconf 84' lang='lat' dir='ltr'><strong>obiit,</strong></span> <span class='ocrx_word' id='word_1_216' title='bbox 3333 1648 3458 1688; x_wconf 89' lang='lat' dir='ltr'><strong>cum</strong></span> 
     </span>
    </p>
   </div>
   <div class='ocr_carea' id='block_1_32' title="bbox 218 1720 1787 1798">
    <p class='ocr_par' dir='ltr' id='par_1_32' title="bbox 218 1720 1787 1798">
     <span class='ocr_line' id='line_1_32' title="bbox 218 1720 1787 1798; baseline 0.008 -26"><span class='ocrx_word' id='word_1_217' title='bbox 218 1720 309 1792; x_wconf 81' lang='grc' dir='ltr'>τῆς</span> <span class='ocrx_word' id='word_1_218' title='bbox 339 1722 548 1793; x_wconf 73' lang='grc' dir='ltr'>σαρκὸς</span> <span class='ocrx_word' id='word_1_219' title='bbox 572 1723 604 1793; x_wconf 84' lang='grc' dir='ltr'><strong>ή</strong></span> <span class='ocrx_word' id='word_1_220' title='bbox 634 1722 803 1794; x_wconf 78' lang='grc' dir='ltr'>ψυχὴ,</span> <span class='ocrx_word' id='word_1_221' title='bbox 837 1724 924 1777; x_wconf 84' lang='grc' dir='ltr'><strong>ἴνα</strong></span> <span class='ocrx_word' id='word_1_222' title='bbox 949 1726 1193 1798; x_wconf 83' lang='grc' dir='ltr'>νεκρωθῇ</span> <span class='ocrx_word' id='word_1_223' title='bbox 1223 1726 1311 1782; x_wconf 82' lang='grc' dir='ltr'>διὰ</span> <span class='ocrx_word' id='word_1_224' title='bbox 1348 1727 1440 1782; x_wconf 78' lang='grc' dir='ltr'>τοῦ</span> <span class='ocrx_word' id='word_1_225' title='bbox 1474 1728 1702 1784; x_wconf 86' lang='grc' dir='ltr'>θανάτου</span> <span class='ocrx_word' id='word_1_226' title='bbox 1729 1734 1787 1787; x_wconf 75' lang='grc' dir='ltr'>τὸ</span> 
     </span>
    </p>
   </div>
   <div class='ocr_carea' id='block_1_33' title="bbox 1889 1720 3458 1798">
    <p class='ocr_par' dir='ltr' id='par_1_33' title="bbox 1891 1726 3458 1797">
     <span class='ocr_line' id='line_1_33' title="bbox 1891 1726 3458 1797; baseline -0.002 -10"><span class='ocrx_word' id='word_1_227' title='bbox 1891 1733 2050 1787; x_wconf 88' lang='lat' dir='ltr'><strong>morti</strong></span> <span class='ocrx_word' id='word_1_228' title='bbox 2074 1732 2345 1788; x_wconf 81' lang='lat' dir='ltr'><strong>obnoxius</strong></span> <span class='ocrx_word' id='word_1_229' title='bbox 2372 1741 2592 1788; x_wconf 87' lang='lat' dir='ltr'><strong>creatus</strong></span> <span class='ocrx_word' id='word_1_230' title='bbox 2616 1744 2727 1785; x_wconf 91' lang='lat' dir='ltr'><strong>non</strong></span> <span class='ocrx_word' id='word_1_231' title='bbox 2759 1728 2949 1784; x_wconf 80' lang='lat' dir='ltr'><strong>fuisset</strong></span> <span class='ocrx_word' id='word_1_232' title='bbox 2972 1734 3066 1783; x_wconf 90' lang='lat' dir='ltr'><strong>aut</strong></span> <span class='ocrx_word' id='word_1_233' title='bbox 3087 1726 3458 1797; x_wconf 86' lang='lat' dir='ltr'><strong>corruptioni:</strong></span> 
     </span>
    </p>
   </div>
   <div class='ocr_carea' id='block_1_34' title="bbox 218 1811 1787 1898">
    <p class='ocr_par' dir='ltr' id='par_1_34' title="bbox 218 1811 1786 1895">
     <span class='ocr_line' id='line_1_34' title="bbox 218 1811 1786 1895; baseline 0.01 -31"><span class='ocrx_word' id='word_1_234' title='bbox 218 1811 589 1883; x_wconf 78' lang='grc' dir='ltr'>παράπτωμα,</span> <span class='ocrx_word' id='word_1_235' title='bbox 621 1814 817 1885; x_wconf 80' lang='grc' dir='ltr'>μηκέτι</span> <span class='ocrx_word' id='word_1_236' title='bbox 837 1814 1129 1886; x_wconf 79' lang='grc' dir='ltr'>δυνάμενον</span> <span class='ocrx_word' id='word_1_237' title='bbox 1153 1818 1250 1890; x_wconf 74' lang='grc' dir='ltr'>ζῇν</span> <span class='ocrx_word' id='word_1_238' title='bbox 1293 1820 1350 1872; x_wconf 73' lang='grc' dir='ltr'>ἐν</span> <span class='ocrx_word' id='word_1_239' title='bbox 1381 1820 1458 1893; x_wconf 81' lang='grc' dir='ltr'>τῷ</span> <span class='ocrx_word' id='word_1_240' title='bbox 1487 1822 1786 1895; x_wconf 83' lang='grc' dir='ltr'>τεθνηκότι.</span> 
     </span>
    </p>
   </div>
   <div class='ocr_carea' id='block_1_35' title="bbox 1889 1811 3463 1898">
    <p class='ocr_par' dir='ltr' id='par_1_35' title="bbox 1892 1820 3463 1898">
     <span class='ocr_line' id='line_1_35' title="bbox 1892 1820 3463 1898; baseline -0.006 -15"><span class='ocrx_word' id='word_1_241' title='bbox 1892 1827 2246 1898; x_wconf 84' lang='lat' dir='ltr'><strong>sejunctaque</strong></span> <span class='ocrx_word' id='word_1_242' title='bbox 2270 1836 2355 1883; x_wconf 91' lang='lat' dir='ltr'><strong>est</strong></span> <span class='ocrx_word' id='word_1_243' title='bbox 2382 1842 2413 1881; x_wconf 93' lang='lat' dir='ltr'><strong>a</strong></span> <span class='ocrx_word' id='word_1_244' title='bbox 2441 1840 2608 1881; x_wconf 84' lang='lat' dir='ltr'><strong>carne</strong></span> <span class='ocrx_word' id='word_1_245' title='bbox 2631 1823 2834 1886; x_wconf 89' lang='lat' dir='ltr'><strong>anima,</strong></span> <span class='ocrx_word' id='word_1_246' title='bbox 2850 1829 2909 1876; x_wconf 87' lang='lat' dir='ltr'><strong>ut</strong></span> <span class='ocrx_word' id='word_1_247' title='bbox 2935 1820 3183 1877; x_wconf 83' lang='lat' dir='ltr'><strong>interiret</strong></span> <span class='ocrx_word' id='word_1_248' title='bbox 3206 1834 3302 1890; x_wconf 90' lang='lat' dir='ltr'><strong>per</strong></span> <span class='ocrx_word' id='word_1_249' title='bbox 3319 1834 3463 1875; x_wconf 87' lang='lat' dir='ltr'><strong>mor-</strong></span> 
     </span>
    </p>
   </div>
   <div class='ocr_carea' id='block_1_36' title="bbox 219 1902 1787 1992">
    <p class='ocr_par' dir='ltr' id='par_1_36' title="bbox 219 1902 1787 1988">
     <span class='ocr_line' id='line_1_36' title="bbox 219 1902 1787 1988; baseline 0.01 -33"><span class='ocrx_word' id='word_1_250' title='bbox 219 1902 393 1964; x_wconf 82' lang='grc' dir='ltr'>Ὅθεν,</span> <span class='ocrx_word' id='word_1_251' title='bbox 418 1902 787 1970; x_wconf 84' lang='grc' dir='ltr'>ἀποθανόντος</span> <span class='ocrx_word' id='word_1_252' title='bbox 817 1906 911 1959; x_wconf 83' lang='grc' dir='ltr'><strong>τοῦ</strong></span> <span class='ocrx_word' id='word_1_253' title='bbox 947 1909 1390 1981; x_wconf 80' lang='grc' dir='ltr'>παραπτώματος</span> <span class='ocrx_word' id='word_1_254' title='bbox 1410 1915 1504 1967; x_wconf 72' lang='grc' dir='ltr'>καὶ</span> <span class='ocrx_word' id='word_1_255' title='bbox 1533 1916 1787 1988; x_wconf 82' lang='grc' dir='ltr'>διεφθαρ-</span> 
     </span>
    </p>
   </div>
   <div class='ocr_carea' id='block_1_37' title="bbox 1889 1902 3463 1992">
    <p class='ocr_par' dir='ltr' id='par_1_37' title="bbox 1891 1910 3463 1992">
     <span class='ocr_line' id='line_1_37' title="bbox 1891 1910 3463 1992; baseline -0.006 -16"><span class='ocrx_word' id='word_1_256' title='bbox 1891 1930 1997 1977; x_wconf 91' lang='lat' dir='ltr'><strong>tem</strong></span> <span class='ocrx_word' id='word_1_257' title='bbox 2031 1926 2336 1992; x_wconf 88' lang='lat' dir='ltr'><strong>peccatum,</strong></span> <span class='ocrx_word' id='word_1_258' title='bbox 2368 1933 2477 1973; x_wconf 92' lang='lat' dir='ltr'><strong>non</strong></span> <span class='ocrx_word' id='word_1_259' title='bbox 2508 1916 2697 1972; x_wconf 87' lang='lat' dir='ltr'><strong>valens</strong></span> <span class='ocrx_word' id='word_1_260' title='bbox 2724 1914 2957 1985; x_wconf 88' lang='lat' dir='ltr'><strong>amplius</strong></span> <span class='ocrx_word' id='word_1_261' title='bbox 2986 1914 3041 1968; x_wconf 92' lang='lat' dir='ltr'><strong>in</strong></span> <span class='ocrx_word' id='word_1_262' title='bbox 3065 1911 3348 1968; x_wconf 85' lang='lat' dir='ltr'><strong>demortuo</strong></span> <span class='ocrx_word' id='word_1_263' title='bbox 3378 1910 3463 1967; x_wconf 83' lang='lat' dir='ltr'><strong>vi-</strong></span> 
     </span>
    </p>
   </div>
   <div class='ocr_carea' id='block_1_38' title="bbox 220 1993 1784 2079">
    <p class='ocr_par' dir='ltr' id='par_1_38' title="bbox 220 1993 1784 2079">
     <span class='ocr_line' id='line_1_38' title="bbox 220 1993 1784 2079; baseline 0.011 -31"><span class='ocrx_word' id='word_1_264' title='bbox 220 1993 392 2065; x_wconf 87' lang='grc' dir='ltr'>μένου,</span> <span class='ocrx_word' id='word_1_265' title='bbox 419 1997 586 2050; x_wconf 79' lang='grc' dir='ltr'>πάλιν</span> <span class='ocrx_word' id='word_1_266' title='bbox 604 1997 870 2066; x_wconf 83' lang='grc' dir='ltr'>ἀθάνατος</span> <span class='ocrx_word' id='word_1_267' title='bbox 890 2003 1203 2077; x_wconf 79' lang='grc' dir='ltr'>ἀνίσταμαι,</span> <span class='ocrx_word' id='word_1_268' title='bbox 1233 1998 1334 2061; x_wconf 69' lang='grc' dir='ltr'><strong>καῖ</strong></span> <span class='ocrx_word' id='word_1_269' title='bbox 1352 2008 1502 2079; x_wconf 86' lang='grc' dir='ltr'><strong>ὑμνῶ</strong></span> <span class='ocrx_word' id='word_1_270' title='bbox 1521 2010 1611 2063; x_wconf 86' lang='grc' dir='ltr'>τὸν</span> <span class='ocrx_word' id='word_1_271' title='bbox 1631 2010 1784 2075; x_wconf 78' lang='grc' dir='ltr'>Θεὸν,</span> 
     </span>
    </p>
   </div>
   <div class='ocr_carea' id='block_1_39' title="bbox 217 2089 1786 2167">
    <p class='ocr_par' dir='ltr' id='par_1_39' title="bbox 217 2089 1786 2167">
     <span class='ocr_line' id='line_1_39' title="bbox 217 2089 1786 2167; baseline 0.011 -27"><span class='ocrx_word' id='word_1_272' title='bbox 217 2089 299 2141; x_wconf 73' lang='grc' dir='ltr'>τὸν</span> <span class='ocrx_word' id='word_1_273' title='bbox 323 2090 413 2143; x_wconf 75' lang='grc' dir='ltr'><strong>διὰ</strong></span> <span class='ocrx_word' id='word_1_274' title='bbox 445 2090 683 2146; x_wconf 83' lang='grc' dir='ltr'>θανάτου</span> <span class='ocrx_word' id='word_1_275' title='bbox 715 2094 785 2148; x_wconf 74' lang='grc' dir='ltr'><strong>τὰ</strong></span> <span class='ocrx_word' id='word_1_276' title='bbox 820 2096 985 2151; x_wconf 81' lang='grc' dir='ltr'>τέκνα</span> <span class='ocrx_word' id='word_1_277' title='bbox 1014 2101 1078 2153; x_wconf 80' lang='grc' dir='ltr'>ὲκ</span> <span class='ocrx_word' id='word_1_278' title='bbox 1119 2099 1351 2156; x_wconf 82' lang='grc' dir='ltr'>θανάτου</span> <span class='ocrx_word' id='word_1_279' title='bbox 1391 2100 1654 2167; x_wconf 75' lang='grc' dir='ltr'>σώζοντα·</span> <span class='ocrx_word' id='word_1_280' title='bbox 1692 2105 1786 2159; x_wconf 79' lang='grc' dir='ltr'>καὶ</span> 
     </span>
    </p>
   </div>
   <div class='ocr_carea' id='block_1_40' title="bbox 216 2180 1783 2266">
    <p class='ocr_par' dir='ltr' id='par_1_40' title="bbox 216 2180 1783 2266">
     <span class='ocr_line' id='line_1_40' title="bbox 216 2180 1783 2266; baseline 0.01 -34"><span class='ocrx_word' id='word_1_281' title='bbox 216 2180 453 2252; x_wconf 64' lang='grc' dir='ltr'>ἑορτάζω</span> <span class='ocrx_word' id='word_1_282' title='bbox 479 2184 732 2255; x_wconf 75' lang='grc' dir='ltr'>νομίμως</span> <span class='ocrx_word' id='word_1_283' title='bbox 755 2187 923 2257; x_wconf 71' lang='grc' dir='ltr'>αὐτῷ,</span> <span class='ocrx_word' id='word_1_284' title='bbox 954 2192 1274 2261; x_wconf 80' lang='grc' dir='ltr'>κοσμήσασα</span> <span class='ocrx_word' id='word_1_285' title='bbox 1298 2193 1396 2265; x_wconf 82' lang='grc' dir='ltr'>τὴν</span> <span class='ocrx_word' id='word_1_286' title='bbox 1432 2195 1636 2266; x_wconf 81' lang='grc' dir='ltr'>σκηνήν</span> <span class='ocrx_word' id='word_1_287' title='bbox 1661 2212 1783 2265; x_wconf 91' lang='grc' dir='ltr'>μου,</span> 
     </span>
    </p>
   </div>
   <div class='ocr_carea' id='block_1_41' title="bbox 216 2271 1789 2357">
    <p class='ocr_par' dir='ltr' id='par_1_41' title="bbox 216 2271 1789 2357">
     <span class='ocr_line' id='line_1_41' title="bbox 216 2271 1789 2357; baseline 0.009 -31"><span class='ocrx_word' id='word_1_288' title='bbox 216 2271 307 2343; x_wconf 72' lang='grc' dir='ltr'>τὴν</span> <span class='ocrx_word' id='word_1_289' title='bbox 333 2276 534 2347; x_wconf 78' lang='grc' dir='ltr'>σάρκα,</span> <span class='ocrx_word' id='word_1_290' title='bbox 572 2280 686 2341; x_wconf 84' lang='grc' dir='ltr'>τοῖς</span> <span class='ocrx_word' id='word_1_291' title='bbox 727 2278 931 2343; x_wconf 80' lang='grc' dir='ltr'>καλοῖς,</span> <span class='ocrx_word' id='word_1_292' title='bbox 958 2281 1146 2355; x_wconf 78' lang='grc' dir='ltr'>ὥσπερ</span> <span class='ocrx_word' id='word_1_293' title='bbox 1164 2284 1325 2339; x_wconf 83' lang='grc' dir='ltr'>κάκεῖ</span> <span class='ocrx_word' id='word_1_294' title='bbox 1352 2288 1473 2350; x_wconf 84' lang='grc' dir='ltr'>ταῖς</span> <span class='ocrx_word' id='word_1_295' title='bbox 1506 2285 1789 2357; x_wconf 83' lang='grc' dir='ltr'>πενταιρώ-</span> 
     </span>
    </p>
   </div>
   <div class='ocr_carea' id='block_1_42' title="bbox 217 2369 1179 2447">
    <p class='ocr_par' dir='ltr' id='par_1_42' title="bbox 217 2369 1179 2447">
     <span class='ocr_line' id='line_1_42' title="bbox 217 2369 1179 2447; baseline 0.011 -29"><span class='ocrx_word' id='word_1_296' title='bbox 217 2381 320 2429; x_wconf 67' lang='grc' dir='ltr'><strong>τας</strong></span> <span class='ocrx_word' id='word_1_297' title='bbox 344 2369 399 2420; x_wconf 75' lang='grc' dir='ltr'>αἱ</span> <span class='ocrx_word' id='word_1_298' title='bbox 437 2370 701 2441; x_wconf 81' lang='grc' dir='ltr'>παρθένοι</span> <span class='ocrx_word' id='word_1_299' title='bbox 734 2373 1013 2445; x_wconf 77' lang='grc' dir='ltr'>λαμπάσιν</span> <span class='ocrx_word' id='word_1_300' title='bbox 1048 2375 1179 2447; x_wconf 70' lang='grc'><strong>(41).</strong></span> 
     </span>
    </p>
   </div>
   <div class='ocr_carea' id='block_1_43' title="bbox 1893 2004 3462 2083">
    <p class='ocr_par' dir='ltr' id='par_1_43' title="bbox 1893 2004 3462 2083">
     <span class='ocr_line' id='line_1_43' title="bbox 1893 2004 3462 2083; baseline -0.009 -10"><span class='ocrx_word' id='word_1_301' title='bbox 1893 2030 2036 2073; x_wconf 86' lang='lat' dir='ltr'><strong>vere.</strong></span> <span class='ocrx_word' id='word_1_302' title='bbox 2070 2013 2224 2071; x_wconf 89' lang='lat' dir='ltr'><strong>Unde</strong></span> <span class='ocrx_word' id='word_1_303' title='bbox 2250 2023 2463 2069; x_wconf 92' lang='lat' dir='ltr'><strong>mortuo</strong></span> <span class='ocrx_word' id='word_1_304' title='bbox 2496 2019 2720 2083; x_wconf 88' lang='lat' dir='ltr'><strong>peccato</strong></span> <span class='ocrx_word' id='word_1_305' title='bbox 2750 2018 2805 2066; x_wconf 91' lang='lat' dir='ltr'><strong>et</strong></span> <span class='ocrx_word' id='word_1_306' title='bbox 2829 2014 3105 2079; x_wconf 88' lang='lat' dir='ltr'><strong>corrupto,</strong></span> <span class='ocrx_word' id='word_1_307' title='bbox 3134 2020 3329 2063; x_wconf 86' lang='lat' dir='ltr'><strong>rursus</strong></span> <span class='ocrx_word' id='word_1_308' title='bbox 3355 2004 3462 2060; x_wconf 84' lang='lat' dir='ltr'><strong>im-</strong></span> 
     </span>
    </p>
   </div>
   <div class='ocr_carea' id='block_1_44' title="bbox 1890 2102 3457 2179">
    <p class='ocr_par' dir='ltr' id='par_1_44' title="bbox 1890 2102 3457 2179">
     <span class='ocr_line' id='line_1_44' title="bbox 1890 2102 3457 2179; baseline -0.006 -15"><span class='ocrx_word' id='word_1_309' title='bbox 1890 2110 2138 2165; x_wconf 89' lang='lat' dir='ltr'><strong>mortalis</strong></span> <span class='ocrx_word' id='word_1_310' title='bbox 2163 2123 2413 2178; x_wconf 84' lang='lat' dir='ltr'><strong>resurgo,</strong></span> <span class='ocrx_word' id='word_1_311' title='bbox 2440 2106 2720 2179; x_wconf 88' lang='lat' dir='ltr'><strong>Deumque</strong></span> <span class='ocrx_word' id='word_1_312' title='bbox 2748 2105 2910 2161; x_wconf 91' lang='lat' dir='ltr'><strong>laudo</strong></span> <span class='ocrx_word' id='word_1_313' title='bbox 2930 2142 2946 2168; x_wconf 96' lang='lat'><strong>,</strong></span> <span class='ocrx_word' id='word_1_314' title='bbox 2967 2102 3062 2174; x_wconf 91' lang='lat' dir='ltr'><strong>qui</strong></span> <span class='ocrx_word' id='word_1_315' title='bbox 3098 2116 3196 2172; x_wconf 89' lang='lat' dir='ltr'><strong>per</strong></span> <span class='ocrx_word' id='word_1_316' title='bbox 3225 2105 3457 2156; x_wconf 90' lang='lat' dir='ltr'><strong>mortem</strong></span> 
     </span>
    </p>
   </div>
   <div class='ocr_carea' id='block_1_45' title="bbox 1888 2192 3462 2270">
    <p class='ocr_par' dir='ltr' id='par_1_45' title="bbox 1888 2192 3462 2270">
     <span class='ocr_line' id='line_1_45' title="bbox 1888 2192 3462 2270; baseline -0.005 -14"><span class='ocrx_word' id='word_1_317' title='bbox 1888 2201 2029 2257; x_wconf 78' lang='lat' dir='ltr'><strong>ﬁlios</strong></span> <span class='ocrx_word' id='word_1_318' title='bbox 2060 2218 2090 2256; x_wconf 90' lang='lat' dir='ltr'><strong>a</strong></span> <span class='ocrx_word' id='word_1_319' title='bbox 2123 2209 2298 2257; x_wconf 90' lang='lat' dir='ltr'><strong>morte</strong></span> <span class='ocrx_word' id='word_1_320' title='bbox 2328 2200 2560 2256; x_wconf 90' lang='lat' dir='ltr'><strong>liberet:</strong></span> <span class='ocrx_word' id='word_1_321' title='bbox 2591 2200 2754 2270; x_wconf 87' lang='lat' dir='ltr'><strong>inque</strong></span> <span class='ocrx_word' id='word_1_322' title='bbox 2780 2197 2900 2269; x_wconf 80' lang='lat' dir='ltr'><strong>ejus</strong></span> <span class='ocrx_word' id='word_1_323' title='bbox 2927 2196 3190 2251; x_wconf 91' lang='lat' dir='ltr'><strong>honorem</strong></span> <span class='ocrx_word' id='word_1_324' title='bbox 3221 2192 3462 2265; x_wconf 86' lang='lat' dir='ltr'><strong>legitime</strong></span> 
     </span>
    </p>
   </div>
   <div class='ocr_carea' id='block_1_46' title="bbox 1888 2287 3459 2356">
    <p class='ocr_par' dir='ltr' id='par_1_46' title="bbox 1888 2287 3459 2356">
     <span class='ocr_line' id='line_1_46' title="bbox 1888 2287 3459 2356; baseline -0.006 -7"><span class='ocrx_word' id='word_1_325' title='bbox 1888 2294 2031 2349; x_wconf 85' lang='lat' dir='ltr'><strong>diem</strong></span> <span class='ocrx_word' id='word_1_326' title='bbox 2069 2293 2267 2350; x_wconf 73' lang='lat' dir='ltr'><strong>festum</strong></span> <span class='ocrx_word' id='word_1_327' title='bbox 2292 2292 2505 2349; x_wconf 89' lang='lat' dir='ltr'><strong>celebro</strong></span> <span class='ocrx_word' id='word_1_328' title='bbox 2526 2333 2542 2356; x_wconf 89' lang='lat'><strong>,</strong></span> <span class='ocrx_word' id='word_1_329' title='bbox 2586 2307 2789 2346; x_wconf 90' lang='lat' dir='ltr'><strong>ornans</strong></span> <span class='ocrx_word' id='word_1_330' title='bbox 2834 2287 3245 2345; x_wconf 88' lang='lat' dir='ltr'><strong>tabernaculum</strong></span> <span class='ocrx_word' id='word_1_331' title='bbox 3277 2298 3459 2341; x_wconf 88' lang='lat' dir='ltr'><strong>meum</strong></span> 
     </span>
    </p>
   </div>
   <div class='ocr_carea' id='block_1_47' title="bbox 1889 2379 3458 2457">
    <p class='ocr_par' dir='ltr' id='par_1_47' title="bbox 1889 2379 3458 2457">
     <span class='ocr_line' id='line_1_47' title="bbox 1889 2379 3458 2457; baseline -0.005 -15"><span class='ocrx_word' id='word_1_332' title='bbox 1889 2387 2130 2457; x_wconf 85' lang='lat' dir='ltr'><strong>(carnem</strong></span> <span class='ocrx_word' id='word_1_333' title='bbox 2162 2386 2391 2457; x_wconf 87' lang='lat' dir='ltr'><strong>scilicet)</strong></span> <span class='ocrx_word' id='word_1_334' title='bbox 2414 2386 2668 2455; x_wconf 86' lang='lat' dir='ltr'><strong>operibus</strong></span> <span class='ocrx_word' id='word_1_335' title='bbox 2699 2384 2878 2445; x_wconf 91' lang='lat' dir='ltr'><strong>bonis,</strong></span> <span class='ocrx_word' id='word_1_336' title='bbox 2898 2390 2957 2436; x_wconf 88' lang='lat' dir='ltr'><strong>ut</strong></span> <span class='ocrx_word' id='word_1_337' title='bbox 2984 2389 3038 2437; x_wconf 87' lang='lat' dir='ltr'><strong>et</strong></span> <span class='ocrx_word' id='word_1_338' title='bbox 3061 2381 3173 2435; x_wconf 88' lang='lat' dir='ltr'><strong>illic</strong></span> <span class='ocrx_word' id='word_1_339' title='bbox 3196 2379 3458 2452; x_wconf 82' lang='lat' dir='ltr'><strong>virgines.</strong></span> 
     </span>
    </p>
   </div>
   <div class='ocr_carea' id='block_1_48' title="bbox 1889 2472 3246 2553">
    <p class='ocr_par' dir='ltr' id='par_1_48' title="bbox 1889 2472 3246 2553">
     <span class='ocr_line' id='line_1_48' title="bbox 1889 2472 3246 2553; baseline -0.007 -16"><span class='ocrx_word' id='word_1_340' title='bbox 1889 2482 2130 2553; x_wconf 89' lang='lat' dir='ltr'><strong>quinque</strong></span> <span class='ocrx_word' id='word_1_341' title='bbox 2156 2481 2502 2536; x_wconf 88' lang='lat' dir='ltr'><strong>lucernarum</strong></span> <span class='ocrx_word' id='word_1_342' title='bbox 2526 2479 2775 2534; x_wconf 88' lang='lat' dir='ltr'><strong>accensis</strong></span> <span class='ocrx_word' id='word_1_343' title='bbox 2805 2474 3149 2545; x_wconf 82' lang='lat' dir='ltr'><strong>lampadibus</strong></span> <span class='ocrx_word' id='word_1_344' title='bbox 3177 2472 3246 2528; x_wconf 82' lang='lat'><strong>&quot;.</strong></span> 
     </span>
    </p>
   </div>
   <div class='ocr_carea' id='block_1_49' title="bbox 671 2614 2964 2707">
    <p class='ocr_par' dir='ltr' id='par_1_49' title="bbox 671 2614 2964 2707">
     <span class='ocr_line' id='line_1_49' title="bbox 671 2614 2964 2707; baseline -0 -38"><span class='ocrx_word' id='word_1_345' title='bbox 671 2614 800 2670; x_wconf 69' lang='lat' dir='ltr'><strong>Car.</strong></span> <span class='ocrx_word' id='word_1_346' title='bbox 841 2615 929 2671; x_wconf 86' lang='grc'><strong>111.</strong></span> <span class='ocrx_word' id='word_1_347' title='bbox 965 2618 1239 2685; x_wconf 82' lang='lat' dir='ltr'><strong>Quomodo</strong></span> <span class='ocrx_word' id='word_1_348' title='bbox 1267 2636 1322 2673; x_wconf 82' lang='lat' dir='ltr'><strong>se</strong></span> <span class='ocrx_word' id='word_1_349' title='bbox 1350 2620 1565 2691; x_wconf 82' lang='lat' dir='ltr'><strong>quisque</strong></span> <span class='ocrx_word' id='word_1_350' title='bbox 1591 2621 1659 2673; x_wconf 85' lang='lat' dir='ltr'><strong>ad</strong></span> <span class='ocrx_word' id='word_1_351' title='bbox 1688 2621 1928 2689; x_wconf 77' lang='lat' dir='ltr'><strong>futuram</strong></span> <span class='ocrx_word' id='word_1_352' title='bbox 1964 2620 2397 2675; x_wconf 73' lang='lat' dir='ltr'><strong>resurrectionem</strong></span> <span class='ocrx_word' id='word_1_353' title='bbox 2427 2634 2734 2707; x_wconf 80' lang='lat' dir='ltr'><strong>comparare</strong></span> <span class='ocrx_word' id='word_1_354' title='bbox 2762 2615 2964 2671; x_wconf 80' lang='lat' dir='ltr'><strong>debeat.</strong></span> 
     </span>
    </p>
   </div>
   <div class='ocr_carea' id='block_1_50' title="bbox 310 2749 1785 2831">
    <p class='ocr_par' dir='ltr' id='par_1_50' title="bbox 310 2749 1785 2831">
     <span class='ocr_line' id='line_1_50' title="bbox 310 2749 1785 2831; baseline 0.003 -26"><span class='ocrx_word' id='word_1_355' title='bbox 310 2749 690 2822; x_wconf 78' lang='grc' dir='ltr'>Εξεταζομένη</span> <span class='ocrx_word' id='word_1_356' title='bbox 730 2754 794 2823; x_wconf 80' lang='grc' dir='ltr'>τῇ</span> <span class='ocrx_word' id='word_1_357' title='bbox 836 2754 1028 2827; x_wconf 83' lang='grc' dir='ltr'>πρώτῃ</span> <span class='ocrx_word' id='word_1_358' title='bbox 1068 2755 1167 2825; x_wconf 83' lang='grc' dir='ltr'>τῆς</span> <span class='ocrx_word' id='word_1_359' title='bbox 1201 2755 1548 2820; x_wconf 82' lang='grc' dir='ltr'>ἀναστάσεως</span> <span class='ocrx_word' id='word_1_360' title='bbox 1583 2756 1785 2831; x_wconf 77' lang='grc' dir='ltr'>ἡμέρᾳ,</span> 
     </span>
    </p>
   </div>
   <div class='ocr_carea' id='block_1_51' title="bbox 220 2832 1789 2918">
    <p class='ocr_par' dir='ltr' id='par_1_51' title="bbox 220 2832 1789 2918">
     <span class='ocr_line' id='line_1_51' title="bbox 220 2832 1789 2918; baseline 0.004 -23"><span class='ocrx_word' id='word_1_361' title='bbox 220 2846 266 2897; x_wconf 77' lang='grc' dir='ltr'><strong>εί</strong></span> <span class='ocrx_word' id='word_1_362' title='bbox 288 2845 433 2914; x_wconf 73' lang='grc' dir='ltr'>φέρω</span> <span class='ocrx_word' id='word_1_363' title='bbox 461 2842 531 2895; x_wconf 74' lang='grc' dir='ltr'>τὰ</span> <span class='ocrx_word' id='word_1_364' title='bbox 572 2845 1022 2915; x_wconf 75' lang='grc' dir='ltr'>προστεταγμένα</span> <span class='ocrx_word' id='word_1_365' title='bbox 1041 2862 1055 2876; x_wconf 89' lang='grc'><strong>·</strong></span> <span class='ocrx_word' id='word_1_366' title='bbox 1088 2848 1136 2899; x_wconf 81' lang='grc' dir='ltr'><strong>εί</strong></span> <span class='ocrx_word' id='word_1_367' title='bbox 1165 2832 1515 2918; x_wconf 69' lang='grc' dir='ltr'>κεκόσμημαι</span> <span class='ocrx_word' id='word_1_368' title='bbox 1545 2850 1659 2912; x_wconf 87' lang='grc' dir='ltr'>τοῖς</span> <span class='ocrx_word' id='word_1_369' title='bbox 1689 2848 1789 2917; x_wconf 78' lang='grc' dir='ltr'>τῆς</span> 
     </span>
    </p>
   </div>
   <div class='ocr_carea' id='block_1_52' title="bbox 223 2934 1786 3008">
    <p class='ocr_par' dir='ltr' id='par_1_52' title="bbox 223 2934 1786 3008">
     <span class='ocr_line' id='line_1_52' title="bbox 223 2934 1786 3008; baseline 0.004 -22"><span class='ocrx_word' id='word_1_370' title='bbox 223 2934 411 3006; x_wconf 74' lang='grc' dir='ltr'>ἀρετῆς</span> <span class='ocrx_word' id='word_1_371' title='bbox 463 2937 728 3004; x_wconf 80' lang='grc' dir='ltr'>καρποῖς’</span> <span class='ocrx_word' id='word_1_372' title='bbox 779 2937 826 2988; x_wconf 82' lang='grc' dir='ltr'>εἰ</span> <span class='ocrx_word' id='word_1_373' title='bbox 872 2938 984 2999; x_wconf 78' lang='grc' dir='ltr'>τοῖς</span> <span class='ocrx_word' id='word_1_374' title='bbox 1031 2936 1243 3001; x_wconf 73' lang='grc' dir='ltr'>κλάδοις</span> <span class='ocrx_word' id='word_1_375' title='bbox 1284 2939 1382 3008; x_wconf 80' lang='grc' dir='ltr'>τῆς</span> <span class='ocrx_word' id='word_1_376' title='bbox 1430 2940 1651 3007; x_wconf 79' lang='grc' dir='ltr'>ἁγνείας</span> <span class='ocrx_word' id='word_1_377' title='bbox 1688 2956 1786 2992; x_wconf 87' lang='grc' dir='ltr'>κα-</span> 
     </span>
    </p>
   </div>
   <div class='ocr_carea' id='block_1_53' title="bbox 222 3025 1784 3102">
    <p class='ocr_par' dir='ltr' id='par_1_53' title="bbox 222 3025 1784 3102">
     <span class='ocr_line' id='line_1_53' title="bbox 222 3025 1784 3102; baseline 0.004 -24"><span class='ocrx_word' id='word_1_378' title='bbox 222 3026 594 3096; x_wconf 70' lang='grc' dir='ltr'>τασκιάζομαι.</span> <span class='ocrx_word' id='word_1_379' title='bbox 622 3025 751 3078; x_wconf 86' lang='grc' dir='ltr'>Νόει</span> <span class='ocrx_word' id='word_1_380' title='bbox 780 3026 890 3098; x_wconf 82' lang='grc' dir='ltr'>γάρ</span> <span class='ocrx_word' id='word_1_381' title='bbox 931 3044 1019 3097; x_wconf 90' lang='grc' dir='ltr'><strong>μοι</strong></span> <span class='ocrx_word' id='word_1_382' title='bbox 1058 3028 1156 3099; x_wconf 71' lang='grc' dir='ltr'>τὴν</span> <span class='ocrx_word' id='word_1_383' title='bbox 1186 3029 1483 3083; x_wconf 81' lang='grc' dir='ltr'>ἀνάστασιν</span> <span class='ocrx_word' id='word_1_384' title='bbox 1512 3026 1650 3084; x_wconf 74' lang='grc' dir='ltr'>εἶναι</span> <span class='ocrx_word' id='word_1_385' title='bbox 1685 3030 1784 3102; x_wconf 83' lang='grc' dir='ltr'>τὴν</span> 
     </span>
    </p>
   </div>
   <div class='ocr_carea' id='block_1_54' title="bbox 223 3118 1783 3193">
    <p class='ocr_par' dir='ltr' id='par_1_54' title="bbox 223 3118 1783 3193">
     <span class='ocr_line' id='line_1_54' title="bbox 223 3118 1783 3193; baseline 0.004 -24"><span class='ocrx_word' id='word_1_386' title='bbox 223 3119 603 3189; x_wconf 71' lang='grc' dir='ltr'>σκηνοπηγίαν.</span> <span class='ocrx_word' id='word_1_387' title='bbox 637 3118 769 3171; x_wconf 85' lang='grc' dir='ltr'>Νόει</span> <span class='ocrx_word' id='word_1_388' title='bbox 804 3135 893 3190; x_wconf 80' lang='grc' dir='ltr'><strong>μοι</strong></span> <span class='ocrx_word' id='word_1_389' title='bbox 933 3121 1026 3173; x_wconf 78' lang='grc' dir='ltr'>καὶ</span> <span class='ocrx_word' id='word_1_390' title='bbox 1056 3119 1125 3173; x_wconf 79' lang='grc' dir='ltr'><strong>τὰ</strong></span> <span class='ocrx_word' id='word_1_391' title='bbox 1153 3122 1233 3185; x_wconf 84' lang='grc' dir='ltr'><strong>είς</strong></span> <span class='ocrx_word' id='word_1_392' title='bbox 1264 3122 1361 3193; x_wconf 83' lang='grc' dir='ltr'>τὴν</span> <span class='ocrx_word' id='word_1_393' title='bbox 1391 3121 1638 3176; x_wconf 83' lang='grc' dir='ltr'>σύνθεσιν</span> <span class='ocrx_word' id='word_1_394' title='bbox 1679 3140 1783 3175; x_wconf 87' lang='grc' dir='ltr'>πα-</span> 
     </span>
    </p>
   </div>
   <div class='ocr_carea' id='block_1_55' title="bbox 1963 2752 3461 2819">
    <p class='ocr_par' dir='ltr' id='par_1_55' title="bbox 1963 2752 3461 2819">
     <span class='ocr_line' id='line_1_55' title="bbox 1963 2752 3461 2819; baseline -0.002 -7"><span class='ocrx_word' id='word_1_395' title='bbox 1963 2759 2144 2813; x_wconf 90' lang='lat' dir='ltr'><strong>Prima</strong></span> <span class='ocrx_word' id='word_1_396' title='bbox 2177 2756 2597 2815; x_wconf 88' lang='lat' dir='ltr'><strong>resurrectionis</strong></span> <span class='ocrx_word' id='word_1_397' title='bbox 2625 2754 2714 2811; x_wconf 89' lang='lat' dir='ltr'><strong>die</strong></span> <span class='ocrx_word' id='word_1_398' title='bbox 2745 2754 2799 2809; x_wconf 91' lang='lat' dir='ltr'><strong>in</strong></span> <span class='ocrx_word' id='word_1_399' title='bbox 2839 2768 3066 2809; x_wconf 79' lang='lat' dir='ltr'><strong>examen</strong></span> <span class='ocrx_word' id='word_1_400' title='bbox 3102 2752 3357 2819; x_wconf 89' lang='lat' dir='ltr'><strong>adducta,</strong></span> <span class='ocrx_word' id='word_1_401' title='bbox 3388 2766 3461 2809; x_wconf 89' lang='lat' dir='ltr'><strong>an</strong></span> 
     </span>
    </p>
   </div>
   <div class='ocr_carea' id='block_1_56' title="bbox 1892 2842 3458 2919">
    <p class='ocr_par' dir='ltr' id='par_1_56' title="bbox 1892 2842 3458 2919">
     <span class='ocr_line' id='line_1_56' title="bbox 1892 2842 3458 2919; baseline -0.004 -17"><span class='ocrx_word' id='word_1_402' title='bbox 1892 2862 1956 2902; x_wconf 84' lang='lat' dir='ltr'><strong>ea</strong></span> <span class='ocrx_word' id='word_1_403' title='bbox 1989 2847 2208 2903; x_wconf 77' lang='lat' dir='ltr'><strong>aﬂeram</strong></span> <span class='ocrx_word' id='word_1_404' title='bbox 2236 2863 2357 2919; x_wconf 69' lang='lat' dir='ltr'><strong>qua:</strong></span> <span class='ocrx_word' id='word_1_405' title='bbox 2378 2855 2509 2903; x_wconf 85' lang='lat' dir='ltr'><strong>sunt</strong></span> <span class='ocrx_word' id='word_1_406' title='bbox 2532 2848 2795 2917; x_wconf 87' lang='lat' dir='ltr'><strong>imperata</strong></span> <span class='ocrx_word' id='word_1_407' title='bbox 2822 2864 2834 2897; x_wconf 92' lang='lat'>:</span> <span class='ocrx_word' id='word_1_408' title='bbox 2868 2858 2938 2898; x_wconf 88' lang='lat' dir='ltr'><strong>an</strong></span> <span class='ocrx_word' id='word_1_409' title='bbox 2962 2844 3180 2900; x_wconf 86' lang='lat' dir='ltr'><strong>virtutis</strong></span> <span class='ocrx_word' id='word_1_410' title='bbox 3200 2842 3458 2913; x_wconf 87' lang='lat' dir='ltr'><strong>operibus</strong></span> 
     </span>
    </p>
   </div>
   <div class='ocr_carea' id='block_1_57' title="bbox 1891 2933 3459 3006">
    <p class='ocr_par' dir='ltr' id='par_1_57' title="bbox 1891 2933 3459 3006">
     <span class='ocr_line' id='line_1_57' title="bbox 1891 2933 3459 3006; baseline -0.004 -12"><span class='ocrx_word' id='word_1_411' title='bbox 1891 2939 2145 2995; x_wconf 88' lang='lat' dir='ltr'><strong>decorata</strong></span> <span class='ocrx_word' id='word_1_412' title='bbox 2179 2940 2313 3003; x_wconf 89' lang='lat' dir='ltr'><strong>sim,</strong></span> <span class='ocrx_word' id='word_1_413' title='bbox 2348 2955 2416 2994; x_wconf 88' lang='lat' dir='ltr'><strong>an</strong></span> <span class='ocrx_word' id='word_1_414' title='bbox 2462 2938 2631 2994; x_wconf 88' lang='lat' dir='ltr'><strong>ramis</strong></span> <span class='ocrx_word' id='word_1_415' title='bbox 2672 2936 2944 2993; x_wconf 89' lang='lat' dir='ltr'><strong>castitatis</strong></span> <span class='ocrx_word' id='word_1_416' title='bbox 2983 2950 3199 3006; x_wconf 88' lang='lat' dir='ltr'><strong>opacer.</strong></span> <span class='ocrx_word' id='word_1_417' title='bbox 3249 2933 3459 3004; x_wconf 83' lang='lat' dir='ltr'><strong>Reputa</strong></span> 
     </span>
    </p>
   </div>
   <div class='ocr_carea' id='block_1_58' title="bbox 1889 3027 3455 3095">
    <p class='ocr_par' dir='ltr' id='par_1_58' title="bbox 1889 3027 3455 3095">
     <span class='ocr_line' id='line_1_58' title="bbox 1889 3027 3455 3095; baseline -0.003 -11"><span class='ocrx_word' id='word_1_418' title='bbox 1889 3030 2032 3084; x_wconf 90' lang='lat' dir='ltr'><strong>enim</strong></span> <span class='ocrx_word' id='word_1_419' title='bbox 2059 3029 2536 3095; x_wconf 88' lang='lat' dir='ltr'><strong>resurrectionem,</strong></span> <span class='ocrx_word' id='word_1_420' title='bbox 2566 3028 2901 3082; x_wconf 84' lang='lat' dir='ltr'><strong>tabernaculi</strong></span> <span class='ocrx_word' id='word_1_421' title='bbox 2956 3027 3284 3083; x_wconf 89' lang='lat' dir='ltr'><strong>erectionem</strong></span> <span class='ocrx_word' id='word_1_422' title='bbox 3314 3039 3455 3080; x_wconf 87' lang='lat' dir='ltr'><strong>esse.</strong></span> 
     </span>
    </p>
   </div>
   <div class='ocr_carea' id='block_1_59' title="bbox 1887 3118 3461 3192">
    <p class='ocr_par' dir='ltr' id='par_1_59' title="bbox 1887 3118 3461 3192">
     <span class='ocr_line' id='line_1_59' title="bbox 1887 3118 3461 3192; baseline -0.003 -18"><span class='ocrx_word' id='word_1_423' title='bbox 1887 3119 2096 3191; x_wconf 81' lang='lat' dir='ltr'><strong>Reputa</strong></span> <span class='ocrx_word' id='word_1_424' title='bbox 2119 3136 2236 3192; x_wconf 75' lang='lat' dir='ltr'><strong>qua:</strong></span> <span class='ocrx_word' id='word_1_425' title='bbox 2255 3122 2310 3177; x_wconf 90' lang='lat' dir='ltr'><strong>in</strong></span> <span class='ocrx_word' id='word_1_426' title='bbox 2335 3120 2666 3176; x_wconf 86' lang='lat' dir='ltr'><strong>tabernaculi</strong></span> <span class='ocrx_word' id='word_1_427' title='bbox 2692 3118 3143 3191; x_wconf 84' lang='lat' dir='ltr'><strong>compositionem</strong></span> <span class='ocrx_word' id='word_1_428' title='bbox 3169 3131 3461 3173; x_wconf 82' lang='lat' dir='ltr'><strong>assumun-</strong></span> 
     </span>
    </p>
   </div>
   <div class='ocr_carea' id='block_1_60' title="bbox 222 3204 1787 3287">
    <p class='ocr_par' dir='ltr' id='par_1_60' title="bbox 222 3209 1786 3287">
     <span class='ocr_line' id='line_1_60' title="bbox 222 3209 1786 3287; baseline 0.005 -25"><span class='ocrx_word' id='word_1_429' title='bbox 222 3209 668 3282; x_wconf 79' lang='grc' dir='ltr'>ραλαμὸανόμενα</span> <span class='ocrx_word' id='word_1_430' title='bbox 708 3212 808 3282; x_wconf 84' lang='grc' dir='ltr'>τῆς</span> <span class='ocrx_word' id='word_1_431' title='bbox 853 3212 1060 3284; x_wconf 85' lang='grc' dir='ltr'>σκηνῆς</span> <span class='ocrx_word' id='word_1_432' title='bbox 1096 3213 1196 3277; x_wconf 74' lang='grc' dir='ltr'><strong>τὰς</strong></span> <span class='ocrx_word' id='word_1_433' title='bbox 1243 3214 1470 3284; x_wconf 78' lang='grc' dir='ltr'>πράξεις</span> <span class='ocrx_word' id='word_1_434' title='bbox 1512 3211 1648 3269; x_wconf 74' lang='grc' dir='ltr'>εἶναι</span> <span class='ocrx_word' id='word_1_435' title='bbox 1690 3218 1786 3287; x_wconf 84' lang='grc' dir='ltr'>τῆς</span> 
     </span>
    </p>
   </div>
   <div class='ocr_carea' id='block_1_61' title="bbox 1889 3204 3456 3287">
    <p class='ocr_par' dir='ltr' id='par_1_61' title="bbox 1889 3208 3456 3283">
     <span class='ocr_line' id='line_1_61' title="bbox 1889 3208 3456 3283; baseline -0.003 -16"><span class='ocrx_word' id='word_1_436' title='bbox 1889 3220 1997 3277; x_wconf 90' lang='lat' dir='ltr'><strong>tur,</strong></span> <span class='ocrx_word' id='word_1_437' title='bbox 2021 3213 2246 3283; x_wconf 64' lang='lat' dir='ltr'><strong>justitiae</strong></span> <span class='ocrx_word' id='word_1_438' title='bbox 2268 3228 2389 3268; x_wconf 91' lang='lat' dir='ltr'><strong>esse</strong></span> <span class='ocrx_word' id='word_1_439' title='bbox 2412 3228 2594 3283; x_wconf 86' lang='lat' dir='ltr'><strong>opera.</strong></span> <span class='ocrx_word' id='word_1_440' title='bbox 2634 3210 2800 3266; x_wconf 90' lang='lat' dir='ltr'><strong>Sumo</strong></span> <span class='ocrx_word' id='word_1_441' title='bbox 2829 3210 2994 3282; x_wconf 84' lang='lat' dir='ltr'><strong>igitur</strong></span> <span class='ocrx_word' id='word_1_442' title='bbox 3018 3209 3190 3281; x_wconf 90' lang='lat' dir='ltr'><strong>prima</strong></span> <span class='ocrx_word' id='word_1_443' title='bbox 3224 3208 3312 3263; x_wconf 92' lang='lat' dir='ltr'><strong>die</strong></span> <span class='ocrx_word' id='word_1_444' title='bbox 3334 3224 3456 3278; x_wconf 78' lang='lat' dir='ltr'><strong>qua:</strong></span> 
     </span>
    </p>
   </div>
   <div class='ocr_carea' id='block_1_62' title="bbox 211 3300 1782 3383">
    <p class='ocr_par' dir='ltr' id='par_1_62' title="bbox 211 3300 1782 3383">
     <span class='ocr_line' id='line_1_62' title="bbox 211 3300 1782 3383; baseline 0.004 -28"><span class='ocrx_word' id='word_1_445' title='bbox 211 3300 568 3374; x_wconf 76' lang='grc' dir='ltr'>δικαιοσύνης.</span> <span class='ocrx_word' id='word_1_446' title='bbox 609 3301 891 3373; x_wconf 77' lang='grc' dir='ltr'>Λαμϐἀνω</span> <span class='ocrx_word' id='word_1_447' title='bbox 922 3300 1013 3357; x_wconf 81' lang='grc' dir='ltr'><strong>οὖν</strong></span> <span class='ocrx_word' id='word_1_448' title='bbox 1051 3308 1115 3375; x_wconf 81' lang='grc' dir='ltr'><strong>τῇ</strong></span> <span class='ocrx_word' id='word_1_449' title='bbox 1160 3307 1340 3379; x_wconf 78' lang='grc' dir='ltr'>ἡμέρᾳ</span> <span class='ocrx_word' id='word_1_450' title='bbox 1378 3310 1450 3383; x_wconf 61' lang='grc' dir='ltr'><strong>τῇ</strong></span> <span class='ocrx_word' id='word_1_451' title='bbox 1496 3307 1687 3381; x_wconf 82' lang='grc' dir='ltr'>πρώτῃ</span> <span class='ocrx_word' id='word_1_452' title='bbox 1713 3307 1782 3362; x_wconf 82' lang='grc' dir='ltr'>τὰ</span> 
     </span>
    </p>
   </div>
   <div class='ocr_carea' id='block_1_63' title="bbox 216 3391 1782 3471">
    <p class='ocr_par' dir='ltr' id='par_1_63' title="bbox 216 3391 1782 3471">
     <span class='ocr_line' id='line_1_63' title="bbox 216 3391 1782 3471; baseline 0.004 -25"><span class='ocrx_word' id='word_1_453' title='bbox 216 3391 623 3464; x_wconf 74' lang='grc' dir='ltr'>ὑποτεταγμένα</span> <span class='ocrx_word' id='word_1_454' title='bbox 645 3412 659 3424; x_wconf 74' lang='grc'><strong>⁸</strong></span> <span class='ocrx_word' id='word_1_455' title='bbox 688 3396 853 3448; x_wconf 74' lang='grc' dir='ltr'>οἱονεὶ</span> <span class='ocrx_word' id='word_1_456' title='bbox 891 3398 955 3467; x_wconf 82' lang='grc' dir='ltr'>τῇ</span> <span class='ocrx_word' id='word_1_457' title='bbox 994 3397 1181 3468; x_wconf 71' lang='grc' dir='ltr'>ἡμέρᾳ</span> <span class='ocrx_word' id='word_1_458' title='bbox 1290 3399 1565 3470; x_wconf 83' lang='grc' dir='ltr'>κρίνομαι,</span> <span class='ocrx_word' id='word_1_459' title='bbox 1601 3401 1648 3452; x_wconf 80' lang='grc' dir='ltr'><strong>εί</strong></span> <span class='ocrx_word' id='word_1_460' title='bbox 1685 3399 1782 3471; x_wconf 82' lang='grc' dir='ltr'>τὴν</span> 
     </span>
    </p>
   </div>
   <div class='ocr_carea' id='block_1_64' title="bbox 217 3484 1788 3561">
    <p class='ocr_par' dir='ltr' id='par_1_64' title="bbox 217 3484 1788 3561">
     <span class='ocr_line' id='line_1_64' title="bbox 217 3484 1788 3561; baseline 0.006 -25"><span class='ocrx_word' id='word_1_461' title='bbox 217 3485 412 3555; x_wconf 77' lang='grc' dir='ltr'>σκηνὴν</span> <span class='ocrx_word' id='word_1_462' title='bbox 440 3485 731 3557; x_wconf 76' lang='grc' dir='ltr'>ἐκόσμησα</span> <span class='ocrx_word' id='word_1_463' title='bbox 764 3502 867 3556; x_wconf 90' lang='grc' dir='ltr'><strong>μου</strong></span> <span class='ocrx_word' id='word_1_464' title='bbox 900 3490 1011 3552; x_wconf 86' lang='grc' dir='ltr'>τοῖς</span> <span class='ocrx_word' id='word_1_465' title='bbox 1040 3490 1533 3561; x_wconf 78' lang='grc' dir='ltr'>προστεταγμένοις</span> <span class='ocrx_word' id='word_1_466' title='bbox 1552 3507 1565 3520; x_wconf 91' lang='grc'><strong>·</strong></span> <span class='ocrx_word' id='word_1_467' title='bbox 1613 3492 1662 3543; x_wconf 88' lang='grc' dir='ltr'><strong>εί</strong></span> <span class='ocrx_word' id='word_1_468' title='bbox 1694 3484 1788 3545; x_wconf 58' lang='grc' dir='ltr'>εὐέ</span> 
     </span>
    </p>
   </div>
   <div class='ocr_carea' id='block_1_65' title="bbox 216 3577 1786 3655">
    <p class='ocr_par' dir='ltr' id='par_1_65' title="bbox 216 3577 1786 3655">
     <span class='ocr_line' id='line_1_65' title="bbox 216 3577 1786 3655; baseline 0.006 -27"><span class='ocrx_word' id='word_1_469' title='bbox 216 3577 487 3645; x_wconf 76' lang='grc' dir='ltr'>ρίτκονται</span> <span class='ocrx_word' id='word_1_470' title='bbox 527 3577 700 3630; x_wconf 78' lang='grc' dir='ltr'>ταῦτα</span> <span class='ocrx_word' id='word_1_471' title='bbox 728 3580 787 3631; x_wconf 83' lang='grc' dir='ltr'>ἐν</span> <span class='ocrx_word' id='word_1_472' title='bbox 832 3579 991 3651; x_wconf 67' lang='grc' dir='ltr'>αὑτῇ,</span> <span class='ocrx_word' id='word_1_473' title='bbox 1035 3581 1178 3653; x_wconf 76' lang='grc' dir='ltr'>ἅπερ</span> <span class='ocrx_word' id='word_1_474' title='bbox 1223 3581 1454 3636; x_wconf 79' lang='grc' dir='ltr'>ἐνταῦθα</span> <span class='ocrx_word' id='word_1_475' title='bbox 1491 3584 1588 3654; x_wconf 81' lang='grc' dir='ltr'>μὲν</span> <span class='ocrx_word' id='word_1_476' title='bbox 1620 3584 1677 3636; x_wconf 79' lang='grc' dir='ltr'>ἐν</span> <span class='ocrx_word' id='word_1_477' title='bbox 1708 3584 1786 3655; x_wconf 83' lang='grc' dir='ltr'>τῷ</span> 
     </span>
    </p>
   </div>
   <div class='ocr_carea' id='block_1_66' title="bbox 215 3668 1783 3748">
    <p class='ocr_par' dir='ltr' id='par_1_66' title="bbox 215 3668 1783 3748">
     <span class='ocr_line' id='line_1_66' title="bbox 215 3668 1783 3748; baseline 0.006 -28"><span class='ocrx_word' id='word_1_478' title='bbox 215 3668 397 3739; x_wconf 74' lang='grc' dir='ltr'>κόσμῳ</span> <span class='ocrx_word' id='word_1_479' title='bbox 429 3669 739 3739; x_wconf 73' lang='grc' dir='ltr'>κτήσασθαι</span> <span class='ocrx_word' id='word_1_480' title='bbox 777 3673 1261 3744; x_wconf 82' lang='grc' dir='ltr'>προστασσόμεθα·</span> <span class='ocrx_word' id='word_1_481' title='bbox 1293 3677 1409 3728; x_wconf 77' lang='grc' dir='ltr'>ἐκεῖ</span> <span class='ocrx_word' id='word_1_482' title='bbox 1445 3677 1501 3729; x_wconf 78' lang='grc' dir='ltr'>δὲ</span> <span class='ocrx_word' id='word_1_483' title='bbox 1545 3676 1783 3748; x_wconf 71' lang='grc' dir='ltr'>προσφέ-</span> 
     </span>
    </p>
   </div>
   <div class='ocr_carea' id='block_1_67' title="bbox 216 3760 1781 3837">
    <p class='ocr_par' dir='ltr' id='par_1_67' title="bbox 216 3760 1781 3837">
     <span class='ocr_line' id='line_1_67' title="bbox 216 3760 1781 3837; baseline 0.006 -26"><span class='ocrx_word' id='word_1_484' title='bbox 216 3776 319 3829; x_wconf 84' lang='grc' dir='ltr'>ρειν</span> <span class='ocrx_word' id='word_1_485' title='bbox 340 3760 423 3831; x_wconf 83' lang='grc' dir='ltr'>τῷ</span> <span class='ocrx_word' id='word_1_486' title='bbox 632 3762 741 3814; x_wconf 85' lang='grc' dir='ltr'>Ἴτε</span> <span class='ocrx_word' id='word_1_487' title='bbox 780 3761 909 3833; x_wconf 79' lang='grc' dir='ltr'>γὰρ,</span> <span class='ocrx_word' id='word_1_488' title='bbox 947 3763 1039 3816; x_wconf 65' lang='grc' dir='ltr'><strong>καὶ¹</strong></span> <span class='ocrx_word' id='word_1_489' title='bbox 1072 3763 1140 3817; x_wconf 76' lang='grc' dir='ltr'>τὰ</span> <span class='ocrx_word' id='word_1_490' title='bbox 1182 3764 1309 3836; x_wconf 79' lang='grc' dir='ltr'><strong>ἑξῆς</strong></span> <span class='ocrx_word' id='word_1_491' title='bbox 1342 3765 1781 3837; x_wconf 77' lang='grc' dir='ltr'>ἐπισκεψώμεθα.</span> 
     </span>
    </p>
   </div>
   <div class='ocr_carea' id='block_1_68' title="bbox 274 3854 1781 3930">
    <p class='ocr_par' dir='ltr' id='par_1_68' title="bbox 274 3854 1781 3930">
     <span class='ocr_line' id='line_1_68' title="bbox 274 3854 1781 3930; baseline 0.012 -22"><span class='ocrx_word' id='word_1_492' title='bbox 274 3854 381 3908; x_wconf 78' lang='lat' dir='ltr'><strong>Kal</strong></span> <span class='ocrx_word' id='word_1_493' title='bbox 410 3854 693 3923; x_wconf 66' lang='grc' dir='ltr'>λήψεσθε</span> <span class='ocrx_word' id='word_1_494' title='bbox 723 3855 957 3922; x_wconf 79' lang='grc' dir='ltr'>ἑαυτοῖς</span> <span class='ocrx_word' id='word_1_495' title='bbox 986 3854 1061 3925; x_wconf 75' lang='grc' dir='ltr'>τῇ</span> <span class='ocrx_word' id='word_1_496' title='bbox 1100 3857 1318 3926; x_wconf 77' lang='grc' dir='ltr'>πρώτῃ,</span> <span class='ocrx_word' id='word_1_497' title='bbox 1356 3860 1539 3930; x_wconf 75' lang='grc' dir='ltr'>φησὶν,</span> <span class='ocrx_word' id='word_1_498' title='bbox 1574 3857 1781 3929; x_wconf 70' lang='grc' dir='ltr'><strong>ἡμέρᾳ,</strong></span> 
     </span>
    </p>
   </div>
   <div class='ocr_carea' id='block_1_69' title="bbox 212 3948 1782 4018">
    <p class='ocr_par' dir='ltr' id='par_1_69' title="bbox 212 3948 1782 4018">
     <span class='ocr_line' id='line_1_69' title="bbox 212 3948 1782 4018; baseline 0.002 -18"><span class='ocrx_word' id='word_1_499' title='bbox 212 3952 441 4015; x_wconf 63' lang='grc' dir='ltr'><strong>ισρπᾱνν</strong></span> <span class='ocrx_word' id='word_1_500' title='bbox 464 3949 664 4012; x_wconf 79' lang='grc' dir='ltr'>ξύλου</span> <span class='ocrx_word' id='word_1_501' title='bbox 683 3948 922 4015; x_wconf 74' lang='grc' dir='ltr'>ὡραῖον,</span> <span class='ocrx_word' id='word_1_502' title='bbox 943 3948 1041 4001; x_wconf 73' lang='grc' dir='ltr'>καὶ</span> <span class='ocrx_word' id='word_1_503' title='bbox 1065 3950 1331 4017; x_wconf 74' lang='grc' dir='ltr'>κλάδους</span> <span class='ocrx_word' id='word_1_504' title='bbox 1358 3950 1549 4015; x_wconf 77' lang='grc' dir='ltr'>ξύλου</span> <span class='ocrx_word' id='word_1_505' title='bbox 1575 3951 1782 4018; x_wconf 83' lang='grc' dir='ltr'>δασεῖς</span> 
     </span>
    </p>
   </div>
   <div class='ocr_carea' id='block_1_70' title="bbox 210 4038 1784 4112">
    <p class='ocr_par' dir='ltr' id='par_1_70' title="bbox 210 4038 1784 4112">
     <span class='ocr_line' id='line_1_70' title="bbox 210 4038 1784 4112; baseline 0.004 -20"><span class='ocrx_word' id='word_1_506' title='bbox 210 4040 299 4092; x_wconf 73' lang='grc' dir='ltr'>καὶ</span> <span class='ocrx_word' id='word_1_507' title='bbox 334 4039 521 4105; x_wconf 75' lang='grc' dir='ltr'>ἰτέας,</span> <span class='ocrx_word' id='word_1_508' title='bbox 560 4038 661 4091; x_wconf 75' lang='grc' dir='ltr'>καὶ</span> <span class='ocrx_word' id='word_1_509' title='bbox 698 4038 886 4107; x_wconf 74' lang='grc' dir='ltr'><strong>ἄγνου</strong></span> <span class='ocrx_word' id='word_1_510' title='bbox 915 4038 1180 4107; x_wconf 76' lang='grc' dir='ltr'>κλάδους</span> <span class='ocrx_word' id='word_1_511' title='bbox 1214 4043 1283 4095; x_wconf 79' lang='grc' dir='ltr'>ἐκ</span> <span class='ocrx_word' id='word_1_512' title='bbox 1309 4042 1647 4112; x_wconf 73' lang='grc' dir='ltr'>χειμάρῤου,</span> <span class='ocrx_word' id='word_1_513' title='bbox 1684 4046 1784 4099; x_wconf 83' lang='grc' dir='ltr'><strong>εὐ-</strong></span> 
     </span>
    </p>
   </div>
   <div class='ocr_carea' id='block_1_71' title="bbox 208 4130 1786 4208">
    <p class='ocr_par' dir='ltr' id='par_1_71' title="bbox 208 4130 1786 4208">
     <span class='ocr_line' id='line_1_71' title="bbox 208 4130 1786 4208; baseline 0.004 -24"><span class='ocrx_word' id='word_1_514' title='bbox 208 4130 543 4199; x_wconf 70' lang='grc' dir='ltr'>φρωοθῆνοι</span> <span class='ocrx_word' id='word_1_515' title='bbox 567 4131 846 4184; x_wconf 75' lang='grc' dir='ltr'>ἐναντίον</span> <span class='ocrx_word' id='word_1_516' title='bbox 872 4132 1091 4200; x_wconf 79' lang='grc' dir='ltr'><strong>Κυρίου</strong></span> <span class='ocrx_word' id='word_1_517' title='bbox 1116 4132 1221 4186; x_wconf 85' lang='grc' dir='ltr'>τοῦ</span> <span class='ocrx_word' id='word_1_518' title='bbox 1247 4135 1393 4190; x_wconf 86' lang='grc' dir='ltr'>Θεοῦ</span> <span class='ocrx_word' id='word_1_519' title='bbox 1418 4135 1605 4203; x_wconf 76' lang='grc' dir='ltr'><strong>ὑμῶν.</strong></span> <span class='ocrx_word' id='word_1_520' title='bbox 1640 4137 1786 4208; x_wconf 84' lang='grc' dir='ltr'>Καρ-</span> 
     </span>
    </p>
   </div>
   <div class='ocr_carea' id='block_1_72' title="bbox 208 4221 1783 4299">
    <p class='ocr_par' dir='ltr' id='par_1_72' title="bbox 208 4221 1783 4299">
     <span class='ocr_line' id='line_1_72' title="bbox 208 4221 1783 4299; baseline 0.003 -23"><span class='ocrx_word' id='word_1_521' title='bbox 208 4222 298 4276; x_wconf 58' lang='lat' dir='ltr'><strong>ab</strong></span> <span class='ocrx_word' id='word_1_522' title='bbox 329 4223 676 4295; x_wconf 76' lang='grc' dir='ltr'>ὡραιότατον</span> <span class='ocrx_word' id='word_1_523' title='bbox 718 4221 875 4288; x_wconf 81' lang='grc' dir='ltr'>ξύλου</span> <span class='ocrx_word' id='word_1_524' title='bbox 923 4226 969 4277; x_wconf 73' lang='grc' dir='ltr'><strong>οι</strong></span> <span class='ocrx_word' id='word_1_525' title='bbox 1010 4224 1107 4295; x_wconf 82' lang='grc' dir='ltr'>τὴν</span> <span class='ocrx_word' id='word_1_526' title='bbox 1155 4226 1382 4297; x_wconf 82' lang='grc' dir='ltr'>καρδίαν</span> <span class='ocrx_word' id='word_1_527' title='bbox 1422 4226 1783 4299; x_wconf 81' lang='grc' dir='ltr'>ἀπερίτμητοι</span> 
     </span>
    </p>
   </div>
   <div class='ocr_carea' id='block_1_73' title="bbox 219 4313 1784 4392">
    <p class='ocr_par' dir='ltr' id='par_1_73' title="bbox 219 4313 1784 4392">
     <span class='ocr_line' id='line_1_73' title="bbox 219 4313 1784 4392; baseline 0.006 -26"><span class='ocrx_word' id='word_1_528' title='bbox 219 4313 457 4368; x_wconf 79' lang='grc' dir='ltr'>Ἰουδαῖοι</span> <span class='ocrx_word' id='word_1_529' title='bbox 484 4314 576 4368; x_wconf 79' lang='grc' dir='ltr'><strong>διὰ</strong></span> <span class='ocrx_word' id='word_1_530' title='bbox 607 4315 671 4367; x_wconf 79' lang='grc' dir='ltr'>τὸ</span> <span class='ocrx_word' id='word_1_531' title='bbox 706 4316 933 4385; x_wconf 80' lang='grc' dir='ltr'>μέγεθος</span> <span class='ocrx_word' id='word_1_532' title='bbox 960 4317 1022 4370; x_wconf 80' lang='grc' dir='ltr'>τὸ</span> <span class='ocrx_word' id='word_1_533' title='bbox 1054 4319 1263 4390; x_wconf 87' lang='grc' dir='ltr'>κίτριον</span> <span class='ocrx_word' id='word_1_534' title='bbox 1299 4319 1557 4391; x_wconf 77' lang='grc' dir='ltr'>ἡγοῦνται</span> <span class='ocrx_word' id='word_1_535' title='bbox 1586 4322 1784 4392; x_wconf 83' lang='grc' dir='ltr'>τυγχά-</span> 
     </span>
    </p>
   </div>
   <div class='ocr_carea' id='block_1_74' title="bbox 206 4407 1781 4483">
    <p class='ocr_par' dir='ltr' id='par_1_74' title="bbox 206 4407 1781 4483">
     <span class='ocr_line' id='line_1_74' title="bbox 206 4407 1781 4483; baseline 0.004 -24"><span class='ocrx_word' id='word_1_536' title='bbox 206 4422 336 4459; x_wconf 81' lang='grc' dir='ltr'>νειν·</span> <span class='ocrx_word' id='word_1_537' title='bbox 380 4407 510 4460; x_wconf 70' lang='grc' dir='ltr'>οὐδὲ</span> <span class='ocrx_word' id='word_1_538' title='bbox 544 4408 975 4476; x_wconf 76' lang='grc' dir='ltr'>ὲγκαλύπτονται</span> <span class='ocrx_word' id='word_1_539' title='bbox 1014 4412 1206 4482; x_wconf 81' lang='grc' dir='ltr'>κιτρίῳ</span> <span class='ocrx_word' id='word_1_540' title='bbox 1238 4411 1330 4465; x_wconf 82' lang='grc' dir='ltr'>τὸν</span> <span class='ocrx_word' id='word_1_541' title='bbox 1364 4412 1495 4466; x_wconf 72' lang='grc' dir='ltr'>Θεὸν</span> <span class='ocrx_word' id='word_1_542' title='bbox 1536 4413 1781 4483; x_wconf 80' lang='grc' dir='ltr'>λέγοντες</span> 
     </span>
    </p>
   </div>
   <div class='ocr_carea' id='block_1_75' title="bbox 206 4493 1782 4575">
    <p class='ocr_par' dir='ltr' id='par_1_75' title="bbox 206 4493 1782 4575">
     <span class='ocr_line' id='line_1_75' title="bbox 206 4493 1782 4575; baseline 0.005 -24"><span class='ocrx_word' id='word_1_543' title='bbox 206 4498 488 4569; x_wconf 75' lang='grc' dir='ltr'>τιμᾶσθαι,</span> <span class='ocrx_word' id='word_1_544' title='bbox 525 4493 571 4567; x_wconf 79' lang='grc' dir='ltr'><strong>ᾧ</strong></span> <span class='ocrx_word' id='word_1_545' title='bbox 616 4499 686 4552; x_wconf 75' lang='grc' dir='ltr'>τὰ</span> <span class='ocrx_word' id='word_1_546' title='bbox 722 4500 1023 4573; x_wconf 86' lang='grc' dir='ltr'>τετράποδα</span> <span class='ocrx_word' id='word_1_547' title='bbox 1055 4502 1232 4556; x_wconf 78' lang='grc' dir='ltr'>πάντα</span> <span class='ocrx_word' id='word_1_548' title='bbox 1259 4503 1357 4575; x_wconf 80' lang='grc' dir='ltr'>τῆς</span> <span class='ocrx_word' id='word_1_549' title='bbox 1392 4503 1493 4575; x_wconf 81' lang='grc' dir='ltr'><strong>γῆς</strong></span> <span class='ocrx_word' id='word_1_550' title='bbox 1521 4506 1621 4559; x_wconf 75' lang='grc' dir='ltr'>οὐκ</span> <span class='ocrx_word' id='word_1_551' title='bbox 1644 4505 1782 4559; x_wconf 81' lang='grc' dir='ltr'>εἰσὶν</span> 
     </span>
    </p>
   </div>
   <div class='ocr_carea' id='block_1_76' title="bbox 1887 3301 3461 3375">
    <p class='ocr_par' dir='ltr' id='par_1_76' title="bbox 1887 3301 3461 3375">
     <span class='ocr_line' id='line_1_76' title="bbox 1887 3301 3461 3375; baseline -0.005 -14"><span class='ocrx_word' id='word_1_552' title='bbox 1887 3306 2227 3372; x_wconf 86' lang='lat' dir='ltr'><strong>subduntur,</strong></span> <span class='ocrx_word' id='word_1_553' title='bbox 2268 3320 2461 3375; x_wconf 85' lang='lat' dir='ltr'><strong>nempe</strong></span> <span class='ocrx_word' id='word_1_554' title='bbox 2489 3321 2598 3375; x_wconf 89' lang='lat' dir='ltr'><strong>quo</strong></span> <span class='ocrx_word' id='word_1_555' title='bbox 2619 3303 2709 3359; x_wconf 92' lang='lat' dir='ltr'><strong>die</strong></span> <span class='ocrx_word' id='word_1_556' title='bbox 2737 3305 2791 3358; x_wconf 85' lang='lat' dir='ltr'><strong>in</strong></span> <span class='ocrx_word' id='word_1_557' title='bbox 2824 3302 3034 3374; x_wconf 88' lang='lat' dir='ltr'><strong>judicio</strong></span> <span class='ocrx_word' id='word_1_558' title='bbox 3063 3303 3250 3365; x_wconf 86' lang='lat' dir='ltr'><strong>sistor,</strong></span> <span class='ocrx_word' id='word_1_559' title='bbox 3300 3301 3344 3356; x_wconf 92' lang='lat' dir='ltr'><strong>si</strong></span> <span class='ocrx_word' id='word_1_560' title='bbox 3375 3309 3461 3353; x_wconf 82' lang='lat' dir='ltr'><strong>ta-</strong></span> 
     </span>
    </p>
   </div>
   <div class='ocr_carea' id='block_1_77' title="bbox 1886 3393 3458 3469">
    <p class='ocr_par' dir='ltr' id='par_1_77' title="bbox 1886 3393 3458 3469">
     <span class='ocr_line' id='line_1_77' title="bbox 1886 3393 3458 3469; baseline -0.005 -14"><span class='ocrx_word' id='word_1_561' title='bbox 1886 3400 2238 3455; x_wconf 90' lang='lat' dir='ltr'><strong>bernaculum</strong></span> <span class='ocrx_word' id='word_1_562' title='bbox 2266 3413 2448 3454; x_wconf 87' lang='lat' dir='ltr'><strong>meum</strong></span> <span class='ocrx_word' id='word_1_563' title='bbox 2484 3398 2766 3469; x_wconf 71' lang='lat' dir='ltr'><strong>praeceptis</strong></span> <span class='ocrx_word' id='word_1_564' title='bbox 2790 3395 2977 3451; x_wconf 89' lang='lat' dir='ltr'><strong>ornavi</strong></span> <span class='ocrx_word' id='word_1_565' title='bbox 3005 3415 3018 3450; x_wconf 91' lang='lat'>:</span> <span class='ocrx_word' id='word_1_566' title='bbox 3052 3395 3098 3450; x_wconf 91' lang='lat' dir='ltr'><strong>si</strong></span> <span class='ocrx_word' id='word_1_567' title='bbox 3131 3395 3246 3449; x_wconf 74' lang='lat' dir='ltr'><strong>lucc</strong></span> <span class='ocrx_word' id='word_1_568' title='bbox 3275 3396 3331 3448; x_wconf 92' lang='lat' dir='ltr'><strong>in</strong></span> <span class='ocrx_word' id='word_1_569' title='bbox 3360 3393 3458 3448; x_wconf 91' lang='lat' dir='ltr'><strong>illo</strong></span> 
     </span>
    </p>
   </div>
   <div class='ocr_carea' id='block_1_78' title="bbox 1886 3483 3455 3560">
    <p class='ocr_par' dir='ltr' id='par_1_78' title="bbox 1886 3483 3455 3560">
     <span class='ocr_line' id='line_1_78' title="bbox 1886 3483 3455 3560; baseline -0.004 -16"><span class='ocrx_word' id='word_1_570' title='bbox 1886 3483 2240 3545; x_wconf 78' lang='lat' dir='ltr'><strong>inveniuntur</strong></span> <span class='ocrx_word' id='word_1_571' title='bbox 2271 3504 2389 3560; x_wconf 68' lang='lat' dir='ltr'><strong>quae</strong></span> <span class='ocrx_word' id='word_1_572' title='bbox 2408 3488 2497 3542; x_wconf 89' lang='lat' dir='ltr'><strong>hic</strong></span> <span class='ocrx_word' id='word_1_573' title='bbox 2528 3488 2580 3541; x_wconf 92' lang='lat' dir='ltr'><strong>in</strong></span> <span class='ocrx_word' id='word_1_574' title='bbox 2605 3488 2805 3543; x_wconf 70' lang='lat' dir='ltr'><strong>saeculo</strong></span> <span class='ocrx_word' id='word_1_575' title='bbox 2839 3501 3158 3557; x_wconf 87' lang='lat' dir='ltr'><strong>comparare</strong></span> <span class='ocrx_word' id='word_1_576' title='bbox 3177 3485 3455 3555; x_wconf 88' lang='lat' dir='ltr'><strong>jubemur,</strong></span> 
     </span>
    </p>
   </div>
   <div class='ocr_carea' id='block_1_79' title="bbox 1887 3578 3459 3651">
    <p class='ocr_par' dir='ltr' id='par_1_79' title="bbox 1887 3578 3459 3651">
     <span class='ocr_line' id='line_1_79' title="bbox 1887 3578 3459 3651; baseline -0.001 -17"><span class='ocrx_word' id='word_1_577' title='bbox 1887 3597 1951 3637; x_wconf 91' lang='lat' dir='ltr'><strong>ac</strong></span> <span class='ocrx_word' id='word_1_578' title='bbox 1974 3581 2047 3636; x_wconf 86' lang='lat' dir='ltr'><strong>ibi</strong></span> <span class='ocrx_word' id='word_1_579' title='bbox 2076 3581 2268 3637; x_wconf 81' lang='lat' dir='ltr'><strong>oﬂ‘erre</strong></span> <span class='ocrx_word' id='word_1_580' title='bbox 2299 3581 2426 3637; x_wconf 89' lang='lat' dir='ltr'><strong>Deo.</strong></span> <span class='ocrx_word' id='word_1_581' title='bbox 2455 3578 2610 3651; x_wconf 79' lang='lat' dir='ltr'><strong>Agite</strong></span> <span class='ocrx_word' id='word_1_582' title='bbox 2642 3580 2809 3647; x_wconf 92' lang='lat' dir='ltr'><strong>enim,</strong></span> <span class='ocrx_word' id='word_1_583' title='bbox 2842 3587 2894 3635; x_wconf 90' lang='lat' dir='ltr'><strong>et</strong></span> <span class='ocrx_word' id='word_1_584' title='bbox 2933 3594 3053 3650; x_wconf 85' lang='lat' dir='ltr'><strong>quae</strong></span> <span class='ocrx_word' id='word_1_585' title='bbox 3083 3578 3343 3649; x_wconf 87' lang='lat' dir='ltr'><strong>deinceps</strong></span> <span class='ocrx_word' id='word_1_586' title='bbox 3370 3591 3459 3633; x_wconf 84' lang='lat' dir='ltr'><strong>se—</strong></span> 
     </span>
    </p>
   </div>
   <div class='ocr_carea' id='block_1_80' title="bbox 1886 3673 2588 3744">
    <p class='ocr_par' dir='ltr' id='par_1_80' title="bbox 1886 3673 2588 3744">
     <span class='ocr_line' id='line_1_80' title="bbox 1886 3673 2588 3744; baseline 0.001 -16"><span class='ocrx_word' id='word_1_587' title='bbox 1886 3683 2125 3744; x_wconf 89' lang='lat' dir='ltr'><strong>quuntur</strong></span> <span class='ocrx_word' id='word_1_588' title='bbox 2155 3673 2588 3731; x_wconf 84' lang='lat' dir='ltr'><strong>consideremus.</strong></span> 
     </span>
    </p>
   </div>
   <div class='ocr_carea' id='block_1_81' title="bbox 1957 3851 3458 3927">
    <p class='ocr_par' dir='ltr' id='par_1_81' title="bbox 1957 3851 3458 3927">
     <span class='ocr_line' id='line_1_81' title="bbox 1957 3851 3458 3927; baseline -0.004 -17"><span class='ocrx_word' id='word_1_589' title='bbox 1957 3855 2205 3919; x_wconf 83' lang='lat' dir='ltr'><strong>Sumelis,</strong></span> <span class='ocrx_word' id='word_1_590' title='bbox 2240 3855 2445 3927; x_wconf 86' lang='lat' dir='ltr'><strong>inquit,</strong></span> <span class='ocrx_word' id='word_1_591' title='bbox 2496 3855 2640 3910; x_wconf 81' lang='lat' dir='ltr'><strong>vobis</strong></span> <span class='ocrx_word' id='word_1_592' title='bbox 2698 3856 2873 3925; x_wconf 80' lang='lat' dir='ltr'><strong>prima</strong></span> <span class='ocrx_word' id='word_1_593' title='bbox 2912 3854 2998 3909; x_wconf 82' lang='lat' dir='ltr'><strong>die</strong></span> <span class='ocrx_word' id='word_1_594' title='bbox 3042 3853 3275 3923; x_wconf 81' lang='lat' dir='ltr'><strong>fructum</strong></span> <span class='ocrx_word' id='word_1_595' title='bbox 3327 3851 3458 3923; x_wconf 80' lang='lat' dir='ltr'><strong>ligni</strong></span> 
     </span>
    </p>
   </div>
   <div class='ocr_carea' id='block_1_82' title="bbox 1886 3944 3458 4022">
    <p class='ocr_par' dir='ltr' id='par_1_82' title="bbox 1886 3944 3458 4022">
     <span class='ocr_line' id='line_1_82' title="bbox 1886 3944 3458 4022; baseline -0.005 -16"><span class='ocrx_word' id='word_1_596' title='bbox 1886 3953 2197 4018; x_wconf 77' lang='lat' dir='ltr'><strong>speciosum,</strong></span> <span class='ocrx_word' id='word_1_597' title='bbox 2228 3961 2276 4006; x_wconf 87' lang='lat' dir='ltr'><strong>et</strong></span> <span class='ocrx_word' id='word_1_598' title='bbox 2305 3967 2479 4005; x_wconf 80' lang='lat' dir='ltr'><strong>ramos</strong></span> <span class='ocrx_word' id='word_1_599' title='bbox 2501 3950 2630 4022; x_wconf 85' lang='lat' dir='ltr'><strong>ligni</strong></span> <span class='ocrx_word' id='word_1_600' title='bbox 2661 3949 2849 4004; x_wconf 84' lang='lat' dir='ltr'><strong>densos</strong></span> <span class='ocrx_word' id='word_1_601' title='bbox 2872 3988 2887 4014; x_wconf 91' lang='lat'><strong>,</strong></span> <span class='ocrx_word' id='word_1_602' title='bbox 2925 3956 2976 4003; x_wconf 79' lang='lat' dir='ltr'><strong>et</strong></span> <span class='ocrx_word' id='word_1_603' title='bbox 3000 3948 3186 4003; x_wconf 81' lang='lat' dir='ltr'><strong>salices</strong></span> <span class='ocrx_word' id='word_1_604' title='bbox 3206 3987 3220 4011; x_wconf 96' lang='lat'><strong>,</strong></span> <span class='ocrx_word' id='word_1_605' title='bbox 3248 3955 3297 4001; x_wconf 86' lang='lat' dir='ltr'><strong>et</strong></span> <span class='ocrx_word' id='word_1_606' title='bbox 3334 3944 3458 4016; x_wconf 88' lang='lat' dir='ltr'><strong>agni</strong></span> 
     </span>
    </p>
   </div>
   <div class='ocr_carea' id='block_1_83' title="bbox 1886 4038 3458 4113">
    <p class='ocr_par' dir='ltr' id='par_1_83' title="bbox 1886 4038 3458 4113">
     <span class='ocr_line' id='line_1_83' title="bbox 1886 4038 3458 4113; baseline -0.001 -16"><span class='ocrx_word' id='word_1_607' title='bbox 1886 4060 2063 4099; x_wconf 83' lang='lat' dir='ltr'><strong>ramos</strong></span> <span class='ocrx_word' id='word_1_608' title='bbox 2088 4045 2152 4099; x_wconf 90' lang='lat' dir='ltr'><strong>de</strong></span> <span class='ocrx_word' id='word_1_609' title='bbox 2189 4054 2432 4113; x_wconf 75' lang='lat' dir='ltr'><strong>torrente,</strong></span> <span class='ocrx_word' id='word_1_610' title='bbox 2472 4045 2541 4098; x_wconf 87' lang='lat' dir='ltr'><strong>ad</strong></span> <span class='ocrx_word' id='word_1_611' title='bbox 2564 4043 2852 4099; x_wconf 69' lang='lat' dir='ltr'><strong>laetandum</strong></span> <span class='ocrx_word' id='word_1_612' title='bbox 2878 4058 3054 4098; x_wconf 78' lang='lat' dir='ltr'><strong>eorum</strong></span> <span class='ocrx_word' id='word_1_613' title='bbox 3079 4042 3305 4095; x_wconf 89' lang='lat' dir='ltr'><strong>Domino</strong></span> <span class='ocrx_word' id='word_1_614' title='bbox 3346 4038 3458 4095; x_wconf 88' lang='lat' dir='ltr'><strong>Deo</strong></span> 
     </span>
    </p>
   </div>
   <div class='ocr_carea' id='block_1_84' title="bbox 1886 4127 3458 4211">
    <p class='ocr_par' dir='ltr' id='par_1_84' title="bbox 1886 4127 3458 4211">
     <span class='ocr_line' id='line_1_84' title="bbox 1886 4127 3458 4211; baseline -0.001 -21"><span class='ocrx_word' id='word_1_615' title='bbox 1886 4139 2055 4193; x_wconf 74' lang='lat' dir='ltr'><strong>oestro</strong></span> <span class='ocrx_word' id='word_1_616' title='bbox 2087 4127 2152 4193; x_wconf 62' lang='grc'><strong>⁷⁸,</strong></span> <span class='ocrx_word' id='word_1_617' title='bbox 2177 4137 2433 4193; x_wconf 83' lang='lat' dir='ltr'><strong>Fructum</strong></span> <span class='ocrx_word' id='word_1_618' title='bbox 2472 4139 2605 4211; x_wconf 89' lang='lat' dir='ltr'><strong>ligni</strong></span> <span class='ocrx_word' id='word_1_619' title='bbox 2632 4139 3056 4209; x_wconf 86' lang='lat' dir='ltr'><strong>pulcherrimum</strong></span> <span class='ocrx_word' id='word_1_620' title='bbox 3087 4133 3458 4191; x_wconf 88' lang='lat' dir='ltr'><strong>incircumcisi</strong></span> 
     </span>
    </p>
   </div>
   <div class='ocr_carea' id='block_1_85' title="bbox 1886 4226 3458 4301">
    <p class='ocr_par' dir='ltr' id='par_1_85' title="bbox 1886 4226 3458 4301">
     <span class='ocr_line' id='line_1_85' title="bbox 1886 4226 3458 4301; baseline -0.003 -18"><span class='ocrx_word' id='word_1_621' title='bbox 1886 4227 2052 4283; x_wconf 89' lang='lat' dir='ltr'><strong>corde</strong></span> <span class='ocrx_word' id='word_1_622' title='bbox 2081 4226 2274 4295; x_wconf 57' lang='lat' dir='ltr'><strong>Judaei,</strong></span> <span class='ocrx_word' id='word_1_623' title='bbox 2301 4230 2371 4285; x_wconf 90' lang='lat' dir='ltr'><strong>ob</strong></span> <span class='ocrx_word' id='word_1_624' title='bbox 2392 4230 2477 4284; x_wconf 90' lang='lat' dir='ltr'><strong>sui</strong></span> <span class='ocrx_word' id='word_1_625' title='bbox 2512 4228 2959 4301; x_wconf 87' lang='lat' dir='ltr'><strong>magnitudinem,</strong></span> <span class='ocrx_word' id='word_1_626' title='bbox 2988 4228 3187 4283; x_wconf 86' lang='lat' dir='ltr'><strong>citrum</strong></span> <span class='ocrx_word' id='word_1_627' title='bbox 3215 4243 3337 4283; x_wconf 90' lang='lat' dir='ltr'><strong>esse</strong></span> <span class='ocrx_word' id='word_1_628' title='bbox 3367 4242 3458 4280; x_wconf 89' lang='lat' dir='ltr'><strong>ar-</strong></span> 
     </span>
    </p>
   </div>
   <div class='ocr_carea' id='block_1_86' title="bbox 1885 4320 3460 4396">
    <p class='ocr_par' dir='ltr' id='par_1_86' title="bbox 1885 4320 3460 4396">
     <span class='ocr_line' id='line_1_86' title="bbox 1885 4320 3460 4396; baseline -0.003 -19"><span class='ocrx_word' id='word_1_629' title='bbox 1885 4322 2188 4390; x_wconf 87' lang='lat' dir='ltr'><strong>bitrantur;</strong></span> <span class='ocrx_word' id='word_1_630' title='bbox 2240 4339 2415 4395; x_wconf 92' lang='lat' dir='ltr'><strong>neque</strong></span> <span class='ocrx_word' id='word_1_631' title='bbox 2462 4339 2558 4380; x_wconf 91' lang='lat' dir='ltr'><strong>eos</strong></span> <span class='ocrx_word' id='word_1_632' title='bbox 2610 4324 2777 4396; x_wconf 88' lang='lat' dir='ltr'><strong>pudet</strong></span> <span class='ocrx_word' id='word_1_633' title='bbox 2832 4322 3042 4385; x_wconf 87' lang='lat' dir='ltr'><strong>dicere,</strong></span> <span class='ocrx_word' id='word_1_634' title='bbox 3096 4321 3262 4377; x_wconf 77' lang='lat' dir='ltr'><strong>Deum</strong></span> <span class='ocrx_word' id='word_1_635' title='bbox 3315 4320 3460 4374; x_wconf 85' lang='lat' dir='ltr'><strong>citro</strong></span> 
     </span>
    </p>
   </div>
   <div class='ocr_carea' id='block_1_87' title="bbox 1886 4409 3459 4486">
    <p class='ocr_par' dir='ltr' id='par_1_87' title="bbox 1886 4409 3459 4486">
     <span class='ocr_line' id='line_1_87' title="bbox 1886 4409 3459 4486; baseline -0.003 -17"><span class='ocrx_word' id='word_1_636' title='bbox 1886 4414 1989 4469; x_wconf 93' lang='lat' dir='ltr'><strong>coli</strong></span> <span class='ocrx_word' id='word_1_637' title='bbox 2022 4432 2036 4469; x_wconf 91' lang='lat'><strong>:</strong></span> <span class='ocrx_word' id='word_1_638' title='bbox 2069 4415 2156 4469; x_wconf 92' lang='lat' dir='ltr'><strong>cui</strong></span> <span class='ocrx_word' id='word_1_639' title='bbox 2205 4430 2274 4471; x_wconf 84' lang='lat' dir='ltr'><strong>ne</strong></span> <span class='ocrx_word' id='word_1_640' title='bbox 2321 4416 2500 4470; x_wconf 87' lang='lat' dir='ltr'><strong>omnia</strong></span> <span class='ocrx_word' id='word_1_641' title='bbox 2532 4416 2749 4486; x_wconf 88' lang='lat' dir='ltr'><strong>quidem</strong></span> <span class='ocrx_word' id='word_1_642' title='bbox 2801 4422 2960 4469; x_wconf 59' lang='lat' dir='ltr'><strong>terra:</strong></span> <span class='ocrx_word' id='word_1_643' title='bbox 3011 4411 3360 4483; x_wconf 88' lang='lat' dir='ltr'><strong>quadrupeda</strong></span> <span class='ocrx_word' id='word_1_644' title='bbox 3400 4409 3459 4465; x_wconf 88' lang='lat' dir='ltr'><strong>in</strong></span> 
     </span>
    </p>
   </div>
   <div class='ocr_carea' id='block_1_88' title="bbox 1887 4499 3460 4577">
    <p class='ocr_par' dir='ltr' id='par_1_88' title="bbox 1887 4499 3460 4577">
     <span class='ocr_line' id='line_1_88' title="bbox 1887 4499 3460 4577; baseline 0 -16"><span class='ocrx_word' id='word_1_645' title='bbox 1887 4505 2265 4562; x_wconf 85' lang='lat' dir='ltr'><strong>holocaustum</strong></span> <span class='ocrx_word' id='word_1_646' title='bbox 2312 4507 2431 4577; x_wconf 87' lang='lat' dir='ltr'><strong>ipso</strong></span> <span class='ocrx_word' id='word_1_647' title='bbox 2456 4507 2679 4577; x_wconf 88' lang='lat' dir='ltr'><strong>dignum</strong></span> <span class='ocrx_word' id='word_1_648' title='bbox 2716 4504 3049 4571; x_wconf 80' lang='lat' dir='ltr'><strong>suﬂ‘ecerint,</strong></span> <span class='ocrx_word' id='word_1_649' title='bbox 3085 4510 3181 4558; x_wconf 90' lang='lat' dir='ltr'><strong>aut</strong></span> <span class='ocrx_word' id='word_1_650' title='bbox 3219 4503 3347 4557; x_wconf 88' lang='lat' dir='ltr'><strong>thus</strong></span> <span class='ocrx_word' id='word_1_651' title='bbox 3399 4499 3460 4561; x_wconf 85' lang='lat' dir='ltr'><strong>in</strong></span> 
     </span>
    </p>
   </div>
   <div class='ocr_carea' id='block_1_89' title="bbox 266 4653 1883 4726">
    <p class='ocr_par' dir='ltr' id='par_1_89' title="bbox 266 4653 1883 4726">
     <span class='ocr_line' id='line_1_89' title="bbox 266 4653 1883 4726; baseline 0.005 -18"><span class='ocrx_word' id='word_1_652' title='bbox 266 4656 311 4687; x_wconf 72' lang='grc' dir='ltr'><strong>τ’</strong></span> <span class='ocrx_word' id='word_1_653' title='bbox 340 4655 493 4710; x_wconf 82' lang='lat' dir='ltr'><strong>Dan.</strong></span> <span class='ocrx_word' id='word_1_654' title='bbox 534 4670 633 4720; x_wconf 76' lang='lat' dir='ltr'><strong>xu,</strong></span> <span class='ocrx_word' id='word_1_655' title='bbox 657 4653 711 4707; x_wconf 69' lang='grc' dir='ltr'><strong>Ξ.</strong></span> <span class='ocrx_word' id='word_1_656' title='bbox 755 4655 800 4687; x_wconf 82' lang='grc'><strong>⁷³</strong></span> <span class='ocrx_word' id='word_1_657' title='bbox 826 4654 1021 4711; x_wconf 71' lang='lat' dir='ltr'><strong>Matth.</strong></span> <span class='ocrx_word' id='word_1_658' title='bbox 1052 4674 1178 4723; x_wconf 75' lang='lat' dir='ltr'><strong>xxv,</strong></span> <span class='ocrx_word' id='word_1_659' title='bbox 1210 4659 1260 4713; x_wconf 88' lang='lat'><strong>7.</strong></span> <span class='ocrx_word' id='word_1_660' title='bbox 1340 4659 1388 4691; x_wconf 73' lang='grc'><strong>⁷⁵</strong></span> <span class='ocrx_word' id='word_1_661' title='bbox 1406 4658 1570 4714; x_wconf 78' lang='lat' dir='ltr'><strong>Leuit.</strong></span> <span class='ocrx_word' id='word_1_662' title='bbox 1598 4677 1756 4726; x_wconf 73' lang='lat' dir='ltr'><strong>um,</strong></span> <span class='ocrx_word' id='word_1_663' title='bbox 1793 4660 1883 4717; x_wconf 72' lang='grc'><strong>40.</strong></span> 
     </span>
    </p>
   </div>
   <div class='ocr_carea' id='block_1_90' title="bbox 204 4809 3455 4886">
    <p class='ocr_par' dir='ltr' id='par_1_90' title="bbox 204 4809 3455 4886">
     <span class='ocr_line' id='line_1_90' title="bbox 204 4809 3455 4886; baseline 0 -23"><span class='ocrx_word' id='word_1_664' title='bbox 204 4812 412 4867; x_wconf 79' lang='lat' dir='ltr'><strong>scilicet</strong></span> <span class='ocrx_word' id='word_1_665' title='bbox 438 4827 567 4882; x_wconf 88' lang='lat' dir='ltr'><strong>spe,</strong></span> <span class='ocrx_word' id='word_1_666' title='bbox 593 4812 908 4886; x_wconf 84' lang='lat' dir='ltr'><strong>metaphora</strong></span> <span class='ocrx_word' id='word_1_667' title='bbox 937 4813 1151 4868; x_wconf 91' lang='lat' dir='ltr'><strong>illorum</strong></span> <span class='ocrx_word' id='word_1_668' title='bbox 1180 4815 1271 4885; x_wconf 90' lang='lat' dir='ltr'><strong>qui</strong></span> <span class='ocrx_word' id='word_1_669' title='bbox 1302 4830 1362 4871; x_wconf 91' lang='lat' dir='ltr'><strong>se</strong></span> <span class='ocrx_word' id='word_1_670' title='bbox 1391 4825 1606 4886; x_wconf 91' lang='lat' dir='ltr'><strong>portum</strong></span> <span class='ocrx_word' id='word_1_671' title='bbox 1632 4831 1783 4872; x_wconf 89' lang='lat' dir='ltr'><strong>asse-</strong></span> <span class='ocrx_word' id='word_1_672' title='bbox 1814 4820 1860 4879; x_wconf 82' lang='grc' dir='ltr'>ι)</span> <span class='ocrx_word' id='word_1_673' title='bbox 1885 4818 1983 4881; x_wconf 76' lang='grc' dir='ltr'>νὰς</span> <span class='ocrx_word' id='word_1_674' title='bbox 2012 4814 2362 4885; x_wconf 83' lang='lat' dir='ltr'><strong>recipiemus,</strong></span> <span class='ocrx_word' id='word_1_675' title='bbox 2406 4826 2628 4886; x_wconf 86' lang='lat' dir='ltr'><strong>corpora</strong></span> <span class='ocrx_word' id='word_1_676' title='bbox 2658 4812 2711 4866; x_wconf 88' lang='lat' dir='ltr'><strong>in</strong></span> <span class='ocrx_word' id='word_1_677' title='bbox 2749 4811 3120 4886; x_wconf 77' lang='lat' dir='ltr'><strong>sempiternum</strong></span> <span class='ocrx_word' id='word_1_678' title='bbox 3152 4809 3455 4886; x_wconf 68' lang='lat' dir='ltr'><strong>conjuncta,</strong></span> 
     </span>
    </p>
   </div>
   <div class='ocr_carea' id='block_1_91' title="bbox 205 4884 1785 4956">
    <p class='ocr_par' dir='ltr' id='par_1_91' title="bbox 205 4884 1785 4956">
     <span class='ocr_line' id='line_1_91' title="bbox 205 4884 1785 4956; baseline 0.004 -21"><span class='ocrx_word' id='word_1_679' title='bbox 205 4890 356 4956; x_wconf 73' lang='lat' dir='ltr'><strong>culos</strong></span> <span class='ocrx_word' id='word_1_680' title='bbox 376 4889 665 4956; x_wconf 75' lang='lat' dir='ltr'><strong>putantes,</strong></span> <span class='ocrx_word' id='word_1_681' title='bbox 699 4884 793 4938; x_wconf 92' lang='lat' dir='ltr'><strong>illo</strong></span> <span class='ocrx_word' id='word_1_682' title='bbox 817 4884 1127 4955; x_wconf 85' lang='lat' dir='ltr'><strong>impingunt</strong></span> <span class='ocrx_word' id='word_1_683' title='bbox 1147 4884 1210 4940; x_wconf 86' lang='lat' dir='ltr'><strong>ac</strong></span> <span class='ocrx_word' id='word_1_684' title='bbox 1237 4884 1487 4956; x_wconf 84' lang='lat' dir='ltr'><strong>pereunt,</strong></span> <span class='ocrx_word' id='word_1_685' title='bbox 1518 4903 1615 4943; x_wconf 89' lang='lat' dir='ltr'><strong>seu</strong></span> <span class='ocrx_word' id='word_1_686' title='bbox 1646 4903 1785 4942; x_wconf 88' lang='lat' dir='ltr'><strong>nau-</strong></span> 
     </span>
    </p>
   </div>
   <div class='ocr_carea' id='block_1_92' title="bbox 206 4952 1043 5011">
    <p class='ocr_par' dir='ltr' id='par_1_92' title="bbox 206 4952 1043 5011">
     <span class='ocr_line' id='line_1_92' title="bbox 206 4952 1043 5011; baseline 0.006 -5"><span class='ocrx_word' id='word_1_687' title='bbox 206 4952 432 5011; x_wconf 70' lang='lat' dir='ltr'><strong>lraxiuin</strong></span> <span class='ocrx_word' id='word_1_688' title='bbox 466 4953 700 5007; x_wconf 73' lang='lat' dir='ltr'><strong>iaciunt.</strong></span> <span class='ocrx_word' id='word_1_689' title='bbox 757 4952 1043 5011; x_wconf 70' lang='lat' dir='ltr'><strong>Constans.</strong></span> 
     </span>
    </p>
   </div>
   <div class='ocr_carea' id='block_1_93' title="bbox 251 4968 1784 5100">
    <p class='ocr_par' dir='ltr' id='par_1_93' title="bbox 251 4968 1784 5100">
     <span class='ocr_line' id='line_1_93' title="bbox 337 4968 1043 5011; baseline 0.004 -3"><span class='ocrx_word' id='word_1_690' title='bbox 337 4969 432 5008; x_wconf 87' lang='lat' dir='ltr'><strong>um</strong></span> <span class='ocrx_word' id='word_1_691' title='bbox 466 4968 700 5007; x_wconf 81' lang='lat' dir='ltr'><strong>laciunt.</strong></span> <span class='ocrx_word' id='word_1_692' title='bbox 757 4968 1043 5011; x_wconf 68' lang='lat' dir='ltr'><strong>uulneris.</strong></span> 
     </span>
     <span class='ocr_line' id='line_1_94' title="bbox 251 4968 1784 5100; baseline 0.007 -25"><span class='ocrx_word' id='word_1_693' title='bbox 251 4968 379 5100; x_wconf 44' lang='lat' dir='ltr'><strong>ﬁo)</strong></span> <span class='ocrx_word' id='word_1_694' title='bbox 411 5022 831 5100; x_wconf 52' lang='lat' dir='ltr'><strong>:Hrjatwtog</strong></span> <span class='ocrx_word' id='word_1_695' title='bbox 867 5027 927 5100; x_wconf 64' lang='grc' dir='ltr'><strong>ἡΔ</strong></span> <span class='ocrx_word' id='word_1_696' title='bbox 947 5025 1169 5094; x_wconf 73' lang='grc' dir='ltr'>σκηνή.</span> <span class='ocrx_word' id='word_1_697' title='bbox 1198 5025 1385 5100; x_wconf 79' lang='lat' dir='ltr'><strong>Refert</strong></span> <span class='ocrx_word' id='word_1_698' title='bbox 1412 5026 1521 5083; x_wconf 87' lang='lat' dir='ltr'><strong>Leo</strong></span> <span class='ocrx_word' id='word_1_699' title='bbox 1549 5027 1784 5085; x_wconf 78' lang='lat' dir='ltr'><strong>Allatius</strong></span> 
     </span>
    </p>
   </div>
   <div class='ocr_carea' id='block_1_94' title="bbox 206 5092 1782 5176">
    <p class='ocr_par' dir='ltr' id='par_1_94' title="bbox 206 5092 1782 5176">
     <span class='ocr_line' id='line_1_95' title="bbox 206 5092 1782 5176; baseline 0.003 -27"><span class='ocrx_word' id='word_1_700' title='bbox 206 5092 488 5176; x_wconf 64' lang='lat' dir='ltr'><strong>Niobaelis</strong></span> <span class='ocrx_word' id='word_1_701' title='bbox 527 5094 709 5176; x_wconf 71' lang='lat' dir='ltr'><strong>Glycze</strong></span> <span class='ocrx_word' id='word_1_702' title='bbox 737 5092 1064 5176; x_wconf 65' lang='lat' dir='ltr'><strong>epistolam,</strong></span> <span class='ocrx_word' id='word_1_703' title='bbox 1087 5112 1194 5176; x_wconf 87' lang='lat' dir='ltr'><strong>qua</strong></span> <span class='ocrx_word' id='word_1_704' title='bbox 1230 5098 1306 5151; x_wconf 90' lang='lat' dir='ltr'><strong>ait</strong></span> <span class='ocrx_word' id='word_1_705' title='bbox 1334 5101 1567 5176; x_wconf 87' lang='lat' dir='ltr'><strong>probare</strong></span> <span class='ocrx_word' id='word_1_706' title='bbox 1596 5100 1782 5155; x_wconf 89' lang='lat' dir='ltr'><strong>multis</strong></span> 
     </span>
    </p>
   </div>
   <div class='ocr_carea' id='block_1_95' title="bbox 204 5165 1781 5240">
    <p class='ocr_par' dir='ltr' id='par_1_95' title="bbox 204 5165 1781 5240">
     <span class='ocr_line' id='line_1_96' title="bbox 204 5165 1781 5240; baseline 0.005 -23"><span class='ocrx_word' id='word_1_707' title='bbox 204 5172 527 5240; x_wconf 72' lang='lat' dir='ltr'><strong>sanctorum</strong></span> <span class='ocrx_word' id='word_1_708' title='bbox 554 5165 946 5240; x_wconf 39' lang='lat' dir='ltr'><strong>dictis,_&#39;fuisse</strong></span> <span class='ocrx_word' id='word_1_709' title='bbox 972 5165 1243 5240; x_wconf 78' lang='lat' dir='ltr'><strong>hominem</strong></span> <span class='ocrx_word' id='word_1_710' title='bbox 1268 5165 1449 5240; x_wconf 78' lang='lat' dir='ltr'><strong>animo</strong></span> <span class='ocrx_word' id='word_1_711' title='bbox 1474 5177 1529 5240; x_wconf 84' lang='lat' dir='ltr'><strong>et</strong></span> <span class='ocrx_word' id='word_1_712' title='bbox 1551 5184 1781 5240; x_wconf 88' lang='lat' dir='ltr'><strong>corpore</strong></span> 
     </span>
    </p>
   </div>
   <div class='ocr_carea' id='block_1_96' title="bbox 204 5234 1781 5308">
    <p class='ocr_par' dir='ltr' id='par_1_96' title="bbox 204 5234 1781 5308">
     <span class='ocr_line' id='line_1_97' title="bbox 204 5234 1781 5308; baseline 0.005 -22"><span class='ocrx_word' id='word_1_713' title='bbox 204 5244 446 5308; x_wconf 70' lang='lat' dir='ltr'><strong>creatum</strong></span> <span class='ocrx_word' id='word_1_714' title='bbox 470 5234 877 5308; x_wconf 87' lang='lat' dir='ltr'><strong>_ini_mortalem,</strong></span> <span class='ocrx_word' id='word_1_715' title='bbox 926 5238 1126 5307; x_wconf 81' lang='lat' dir='ltr'><strong>quibus</strong></span> <span class='ocrx_word' id='word_1_716' title='bbox 1170 5240 1285 5308; x_wconf 90' lang='lat' dir='ltr'><strong>ipse</strong></span> <span class='ocrx_word' id='word_1_717' title='bbox 1318 5234 1781 5294; x_wconf 62' lang='lat' dir='ltr'><strong>Metliodium&#39;ad-</strong></span> 
     </span>
    </p>
   </div>
   <div class='ocr_carea' id='block_1_97' title="bbox 203 5304 1781 5376">
    <p class='ocr_par' dir='ltr' id='par_1_97' title="bbox 203 5304 1781 5376">
     <span class='ocr_line' id='line_1_98' title="bbox 203 5304 1781 5376; baseline 0.004 -18"><span class='ocrx_word' id='word_1_718' title='bbox 203 5305 394 5376; x_wconf 83' lang='lat' dir='ltr'><strong>jungit,</strong></span> <span class='ocrx_word' id='word_1_719' title='bbox 427 5304 493 5376; x_wconf 71' lang='lat' dir='ltr'><strong>id</strong></span> <span class='ocrx_word' id='word_1_720' title='bbox 523 5306 672 5361; x_wconf 90' lang='lat' dir='ltr'><strong>clare</strong></span> <span class='ocrx_word' id='word_1_721' title='bbox 708 5307 813 5361; x_wconf 90' lang='lat' dir='ltr'><strong>hoc</strong></span> <span class='ocrx_word' id='word_1_722' title='bbox 861 5304 981 5362; x_wconf 80' lang='lat' dir='ltr'><strong>loco</strong></span> <span class='ocrx_word' id='word_1_723' title='bbox 1021 5304 1375 5364; x_wconf 82' lang='lat' dir='ltr'><strong>asseréntem.</strong></span> <span class='ocrx_word' id='word_1_724' title='bbox 1433 5309 1499 5362; x_wconf 86' lang='lat' dir='ltr'><strong>Et</strong></span> <span class='ocrx_word' id='word_1_725' title='bbox 1545 5320 1693 5366; x_wconf 82' lang='lat' dir='ltr'><strong>certe</strong></span> <span class='ocrx_word' id='word_1_726' title='bbox 1728 5310 1781 5365; x_wconf 90' lang='lat' dir='ltr'><strong>id</strong></span> 
     </span>
    </p>
   </div>
   <div class='ocr_carea' id='block_1_98' title="bbox 206 5374 1779 5452">
    <p class='ocr_par' dir='ltr' id='par_1_98' title="bbox 206 5374 1779 5452">
     <span class='ocr_line' id='line_1_99' title="bbox 206 5374 1779 5452; baseline 0.003 -22"><span class='ocrx_word' id='word_1_727' title='bbox 206 5374 410 5452; x_wconf 41' lang='lat' dir='ltr'><strong>docere</strong></span> <span class='ocrx_word' id='word_1_728' title='bbox 440 5374 797 5452; x_wconf 23' lang='lat' dir='ltr'><strong>Methodium‘</strong></span> <span class='ocrx_word' id='word_1_729' title='bbox 827 5379 1016 5452; x_wconf 81' lang='lat' dir='ltr'><strong>negari</strong></span> <span class='ocrx_word' id='word_1_730' title='bbox 1050 5395 1171 5452; x_wconf 85' lang='lat' dir='ltr'><strong>non</strong></span> <span class='ocrx_word' id='word_1_731' title='bbox 1190 5387 1397 5450; x_wconf 88' lang='lat' dir='ltr'><strong>potest;</strong></span> <span class='ocrx_word' id='word_1_732' title='bbox 1441 5388 1498 5433; x_wconf 88' lang='lat' dir='ltr'><strong>at</strong></span> <span class='ocrx_word' id='word_1_733' title='bbox 1531 5397 1638 5452; x_wconf 75' lang='lat' dir='ltr'><strong>qua</strong></span> <span class='ocrx_word' id='word_1_734' title='bbox 1673 5382 1779 5435; x_wconf 89' lang='lat' dir='ltr'><strong>im-</strong></span> 
     </span>
    </p>
   </div>
   <div class='ocr_carea' id='block_1_99' title="bbox 208 5446 1777 5519">
    <p class='ocr_par' dir='ltr' id='par_1_99' title="bbox 208 5446 1777 5519">
     <span class='ocr_line' id='line_1_100' title="bbox 208 5446 1777 5519; baseline 0.005 -20"><span class='ocrx_word' id='word_1_735' title='bbox 208 5446 562 5519; x_wconf 62' lang='lat' dir='ltr'><strong>mortalitate,</strong></span> <span class='ocrx_word' id='word_1_736' title='bbox 598 5463 699 5501; x_wconf 85' lang='lat' dir='ltr'><strong>nec</strong></span> <span class='ocrx_word' id='word_1_737' title='bbox 728 5449 845 5516; x_wconf 90' lang='lat' dir='ltr'><strong>ipse</strong></span> <span class='ocrx_word' id='word_1_738' title='bbox 872 5449 1008 5504; x_wconf 87' lang='lat' dir='ltr'><strong>satis</strong></span> <span class='ocrx_word' id='word_1_739' title='bbox 1035 5446 1289 5519; x_wconf 78' lang='lat' dir='ltr'><strong>explicat,</strong></span> <span class='ocrx_word' id='word_1_740' title='bbox 1318 5466 1417 5504; x_wconf 84' lang='lat' dir='ltr'><strong>nec</strong></span> <span class='ocrx_word' id='word_1_741' title='bbox 1447 5446 1777 5507; x_wconf 61' lang='lat' dir='ltr'><strong>alii&#39;Patres.</strong></span> 
     </span>
    </p>
   </div>
   <div class='ocr_carea' id='block_1_100' title="bbox 209 5512 1778 5590">
    <p class='ocr_par' dir='ltr' id='par_1_100' title="bbox 209 5512 1778 5590">
     <span class='ocr_line' id='line_1_101' title="bbox 209 5512 1778 5590; baseline 0.004 -20"><span class='ocrx_word' id='word_1_742' title='bbox 209 5512 340 5590; x_wconf 76' lang='lat' dir='ltr'><strong>Sane</strong></span> <span class='ocrx_word' id='word_1_743' title='bbox 369 5518 418 5572; x_wconf 89' lang='lat' dir='ltr'><strong>si</strong></span> <span class='ocrx_word' id='word_1_744' title='bbox 434 5517 703 5590; x_wconf 64' lang='grc' dir='ltr'>απτωτος</span> <span class='ocrx_word' id='word_1_745' title='bbox 726 5512 765 5590; x_wconf 81' lang='grc' dir='ltr'>η’</span> <span class='ocrx_word' id='word_1_746' title='bbox 794 5520 990 5590; x_wconf 76' lang='grc' dir='ltr'>σκηνή,</span> <span class='ocrx_word' id='word_1_747' title='bbox 1038 5512 1182 5575; x_wconf 70' lang='lat' dir='ltr'><strong>unde</strong></span> <span class='ocrx_word' id='word_1_748' title='bbox 1209 5512 1354 5590; x_wconf 84' lang='lat' dir='ltr'><strong>quod</strong></span> <span class='ocrx_word' id='word_1_749' title='bbox 1389 5522 1634 5576; x_wconf 89' lang='lat' dir='ltr'><strong>corruit?</strong></span> <span class='ocrx_word' id='word_1_750' title='bbox 1671 5522 1778 5578; x_wconf 89' lang='lat' dir='ltr'><strong>nisi</strong></span> 
     </span>
    </p>
   </div>
   <div class='ocr_carea' id='block_1_101' title="bbox 209 5587 1776 5663">
    <p class='ocr_par' dir='ltr' id='par_1_101' title="bbox 209 5587 1776 5663">
     <span class='ocr_line' id='line_1_102' title="bbox 209 5587 1776 5663; baseline 0.003 -22"><span class='ocrx_word' id='word_1_751' title='bbox 209 5588 341 5655; x_wconf 81' lang='lat' dir='ltr'><strong>quod</strong></span> <span class='ocrx_word' id='word_1_752' title='bbox 356 5587 616 5663; x_wconf 77' lang='lat' dir='ltr'><strong>subjecta</strong></span> <span class='ocrx_word' id='word_1_753' title='bbox 628 5587 818 5663; x_wconf 54' lang='grc' dir='ltr'>ῥόοὼί</span> <span class='ocrx_word' id='word_1_754' title='bbox 832 5587 1058 5663; x_wconf 65' lang='lat' dir='ltr'><strong>arbitrio</strong></span> <span class='ocrx_word' id='word_1_755' title='bbox 1069 5590 1115 5660; x_wconf 84' lang='lat' dir='ltr'><strong>ej</strong></span> <span class='ocrx_word' id='word_1_756' title='bbox 1121 5607 1188 5663; x_wconf 83' lang='lat' dir='ltr'><strong>_u_s</strong></span> <span class='ocrx_word' id='word_1_757' title='bbox 1203 5587 1601 5655; x_wconf 82' lang='lat' dir='ltr'><strong>immortalitas,</strong></span> <span class='ocrx_word' id='word_1_758' title='bbox 1614 5608 1776 5663; x_wconf 88' lang='lat' dir='ltr'><strong>quam</strong></span> 
     </span>
    </p>
   </div>
   <div class='ocr_carea' id='block_1_102' title="bbox 209 5658 1779 5741">
    <p class='ocr_par' dir='ltr' id='par_1_102' title="bbox 209 5658 1779 5741">
     <span class='ocr_line' id='line_1_103' title="bbox 209 5658 1779 5741; baseline 0.005 -31"><span class='ocrx_word' id='word_1_759' title='bbox 209 5666 445 5741; x_wconf 55' lang='lat' dir='ltr'><strong>servaret</strong></span> <span class='ocrx_word' id='word_1_760' title='bbox 474 5659 524 5713; x_wconf 91' lang='lat' dir='ltr'><strong>si</strong></span> <span class='ocrx_word' id='word_1_761' title='bbox 555 5658 836 5741; x_wconf 9' lang='lat' dir='ltr'><strong>vellel,‘ut</strong></span> <span class='ocrx_word' id='word_1_762' title='bbox 856 5668 911 5715; x_wconf 84' lang='lat' dir='ltr'><strong>et</strong></span> <span class='ocrx_word' id='word_1_763' title='bbox 940 5658 1235 5741; x_wconf 42' lang='lat' dir='ltr'><strong>fecit.&#39;Non</strong></span> <span class='ocrx_word' id='word_1_764' title='bbox 1257 5670 1375 5741; x_wconf 73' lang='lat' dir='ltr'><strong>erat</strong></span> <span class='ocrx_word' id='word_1_765' title='bbox 1402 5678 1533 5741; x_wconf 78' lang='lat' dir='ltr'><strong>ergo</strong></span> <span class='ocrx_word' id='word_1_766' title='bbox 1554 5658 1779 5741; x_wconf 70' lang='lat' dir='ltr'><strong>inliner-</strong></span> 
     </span>
    </p>
   </div>
   <div class='ocr_carea' id='block_1_103' title="bbox 212 5729 1775 5802">
    <p class='ocr_par' dir='ltr' id='par_1_103' title="bbox 212 5729 1775 5802">
     <span class='ocr_line' id='line_1_104' title="bbox 212 5729 1775 5802; baseline 0.006 -24"><span class='ocrx_word' id='word_1_767' title='bbox 212 5729 385 5802; x_wconf 72' lang='lat' dir='ltr'><strong>talitas</strong></span> <span class='ocrx_word' id='word_1_768' title='bbox 421 5729 587 5802; x_wconf 87' lang='lat' dir='ltr'><strong>quasi</strong></span> <span class='ocrx_word' id='word_1_769' title='bbox 632 5730 886 5798; x_wconf 86' lang='lat' dir='ltr'><strong>positiva,</strong></span> <span class='ocrx_word' id='word_1_770' title='bbox 930 5737 985 5785; x_wconf 88' lang='lat' dir='ltr'><strong>et</strong></span> <span class='ocrx_word' id='word_1_771' title='bbox 1018 5746 1083 5786; x_wconf 82' lang='lat' dir='ltr'><strong>ex</strong></span> <span class='ocrx_word' id='word_1_772' title='bbox 1115 5733 1397 5802; x_wconf 84' lang='lat' dir='ltr'><strong>principiis</strong></span> <span class='ocrx_word' id='word_1_773' title='bbox 1439 5729 1775 5797; x_wconf 76' lang='lat' dir='ltr'><strong>intrinsecis,</strong></span> 
     </span>
    </p>
   </div>
   <div class='ocr_carea' id='block_1_104' title="bbox 215 5799 1779 5877">
    <p class='ocr_par' dir='ltr' id='par_1_104' title="bbox 215 5799 1779 5877">
     <span class='ocr_line' id='line_1_105' title="bbox 215 5799 1779 5877; baseline 0.007 -29"><span class='ocrx_word' id='word_1_774' title='bbox 215 5799 381 5866; x_wconf 87' lang='lat' dir='ltr'><strong>qualis</strong></span> <span class='ocrx_word' id='word_1_775' title='bbox 400 5801 513 5855; x_wconf 88' lang='lat' dir='ltr'><strong>erit</strong></span> <span class='ocrx_word' id='word_1_776' title='bbox 542 5814 574 5854; x_wconf 87' lang='lat' dir='ltr'><strong>a</strong></span> <span class='ocrx_word' id='word_1_777' title='bbox 604 5801 1028 5869; x_wconf 83' lang='lat' dir='ltr'><strong>resurrectione,</strong></span> <span class='ocrx_word' id='word_1_778' title='bbox 1062 5799 1156 5875; x_wconf 59' lang='grc' dir='ltr'>μοι·</span> <span class='ocrx_word' id='word_1_779' title='bbox 1180 5799 1341 5874; x_wconf 75' lang='lat' dir='ltr'><strong>quain</strong></span> <span class='ocrx_word' id='word_1_780' title='bbox 1366 5806 1613 5869; x_wconf 78' lang='grc' dir='ltr'>αἰωνίους</span> <span class='ocrx_word' id='word_1_781' title='bbox 1650 5822 1779 5877; x_wconf 80' lang='grc' dir='ltr'>σκη-</span> 
     </span>
    </p>
   </div>
   <div class='ocr_carea' id='block_1_105' title="bbox 1893 4881 3462 4957">
    <p class='ocr_par' dir='ltr' id='par_1_105' title="bbox 1893 4881 3462 4957">
     <span class='ocr_line' id='line_1_106' title="bbox 1893 4881 3462 4957; baseline -0.004 -16"><span class='ocrx_word' id='word_1_782' title='bbox 1893 4903 1994 4942; x_wconf 87' lang='lat' dir='ltr'><strong>nec</strong></span> <span class='ocrx_word' id='word_1_783' title='bbox 2022 4881 2260 4957; x_wconf 73' lang='lat' dir='ltr'><strong>unquam</strong></span> <span class='ocrx_word' id='word_1_784' title='bbox 2296 4884 2725 4957; x_wconf 78' lang='lat' dir='ltr'><strong>intermoritura,</strong></span> <span class='ocrx_word' id='word_1_785' title='bbox 2748 4883 2839 4957; x_wconf 81' lang='lat' dir='ltr'><strong>sed</strong></span> <span class='ocrx_word' id='word_1_786' title='bbox 2866 4882 3020 4951; x_wconf 80' lang='lat' dir='ltr'><strong>quasi</strong></span> <span class='ocrx_word' id='word_1_787' title='bbox 3047 4889 3235 4951; x_wconf 85' lang='lat' dir='ltr'><strong>parata</strong></span> <span class='ocrx_word' id='word_1_788' title='bbox 3257 4881 3462 4957; x_wconf 76' lang='lat' dir='ltr'><strong>extrin-</strong></span> 
     </span>
    </p>
   </div>
   <div class='ocr_carea' id='block_1_106' title="bbox 1893 4952 3461 5036">
    <p class='ocr_par' dir='ltr' id='par_1_106' title="bbox 1893 4952 3461 5036">
     <span class='ocr_line' id='line_1_107' title="bbox 1893 4952 3461 5036; baseline -0.006 -23"><span class='ocrx_word' id='word_1_789' title='bbox 1893 4973 2018 5013; x_wconf 86' lang='lat' dir='ltr'><strong>sece</strong></span> <span class='ocrx_word' id='word_1_790' title='bbox 2049 4952 2248 5036; x_wconf 57' lang='lat' dir='ltr'><strong>Deique</strong></span> <span class='ocrx_word' id='word_1_791' title='bbox 2278 4955 2636 5036; x_wconf 82' lang='lat' dir='ltr'><strong>munere,_qui</strong></span> <span class='ocrx_word' id='word_1_792' title='bbox 2671 4953 2943 5008; x_wconf 84' lang='lat' dir='ltr'><strong>hominem</strong></span> <span class='ocrx_word' id='word_1_793' title='bbox 2974 4960 3253 5036; x_wconf 71' lang='lat' dir='ltr'><strong>creaverat</strong></span> <span class='ocrx_word' id='word_1_794' title='bbox 3273 4960 3333 5006; x_wconf 91' lang='lat' dir='ltr'><strong>ut</strong></span> <span class='ocrx_word' id='word_1_795' title='bbox 3357 4952 3461 5036; x_wconf 65' lang='lat' dir='ltr'><strong>im-</strong></span> 
     </span>
    </p>
   </div>
   <div class='ocr_carea' id='block_1_107' title="bbox 1891 5020 3574 5096">
    <p class='ocr_par' dir='ltr' id='par_1_107' title="bbox 1891 5020 3574 5096">
     <span class='ocr_line' id='line_1_108' title="bbox 1891 5020 3574 5096; baseline -0.004 -14"><span class='ocrx_word' id='word_1_796' title='bbox 1891 5027 2137 5082; x_wconf 84' lang='lat' dir='ltr'><strong>mortalis</strong></span> <span class='ocrx_word' id='word_1_797' title='bbox 2160 5020 2341 5093; x_wconf 71' lang='lat' dir='ltr'><strong>esset;</strong></span> <span class='ocrx_word' id='word_1_798' title='bbox 2372 5034 2427 5080; x_wconf 89' lang='lat' dir='ltr'><strong>et</strong></span> <span class='ocrx_word' id='word_1_799' title='bbox 2458 5020 2700 5096; x_wconf 44' lang='lat' dir='ltr'><strong>qui—ipse</strong></span> <span class='ocrx_word' id='word_1_800' title='bbox 2736 5034 2957 5096; x_wconf 65' lang='lat' dir='ltr'><strong>mortem</strong></span> <span class='ocrx_word' id='word_1_801' title='bbox 2988 5040 3090 5077; x_wconf 91' lang='lat' dir='ltr'><strong>non</strong></span> <span class='ocrx_word' id='word_1_802' title='bbox 3118 5024 3262 5096; x_wconf 77' lang='lat' dir='ltr'><strong>fecit,</strong></span> <span class='ocrx_word' id='word_1_803' title='bbox 3295 5030 3354 5096; x_wconf 82' lang='lat' dir='ltr'><strong>ut</strong></span> <span class='ocrx_word' id='word_1_804' title='bbox 3376 5020 3461 5083; x_wconf 68' lang='lat' dir='ltr'><strong>dio</strong></span> <span class='ocrx_word' id='word_1_805' title='bbox 3564 5031 3574 5044; x_wconf 92' lang='lat'><strong><em>&#39;</em></strong></span> 
     </span>
    </p>
   </div>
   <div class='ocr_carea' id='block_1_108' title="bbox 1890 5094 3461 5168">
    <p class='ocr_par' dir='ltr' id='par_1_108' title="bbox 1890 5094 3461 5168">
     <span class='ocr_line' id='line_1_109' title="bbox 1890 5094 3461 5168; baseline -0.004 -14"><span class='ocrx_word' id='word_1_806' title='bbox 1890 5099 2035 5155; x_wconf 91' lang='lat' dir='ltr'><strong>citur</strong></span> <span class='ocrx_word' id='word_1_807' title='bbox 2083 5096 2212 5168; x_wconf 89' lang='lat' dir='ltr'><strong>Sap.</strong></span> <span class='ocrx_word' id='word_1_808' title='bbox 2260 5112 2300 5159; x_wconf 90' lang='grc' dir='ltr'><strong>ι,</strong></span> <span class='ocrx_word' id='word_1_809' title='bbox 2348 5097 2434 5151; x_wconf 78' lang='grc'><strong>15.</strong></span> <span class='ocrx_word' id='word_1_810' title='bbox 2476 5094 2866 5167; x_wconf 28' lang='grc' dir='ltr'>ίεοιιειιιοηιίιι</span> <span class='ocrx_word' id='word_1_811' title='bbox 2915 5094 3166 5168; x_wconf 75' lang='lat' dir='ltr'><strong>Methodii</strong></span> <span class='ocrx_word' id='word_1_812' title='bbox 3222 5094 3461 5149; x_wconf 65' lang='lat' dir='ltr'><strong>inducta</strong></span> 
     </span>
    </p>
   </div>
   <div class='ocr_carea' id='block_1_109' title="bbox 1882 5167 3459 5237">
    <p class='ocr_par' dir='ltr' id='par_1_109' title="bbox 1882 5167 3459 5237">
     <span class='ocr_line' id='line_1_110' title="bbox 1882 5167 3459 5237; baseline -0.004 -12"><span class='ocrx_word' id='word_1_813' title='bbox 1882 5170 2097 5227; x_wconf 89' lang='lat' dir='ltr'><strong>mortis.</strong></span> <span class='ocrx_word' id='word_1_814' title='bbox 2128 5167 2187 5223; x_wconf 77' lang='lat' dir='ltr'><strong>ut</strong></span> <span class='ocrx_word' id='word_1_815' title='bbox 2216 5183 2280 5223; x_wconf 89' lang='lat' dir='ltr'><strong>ea</strong></span> <span class='ocrx_word' id='word_1_816' title='bbox 2304 5175 2587 5237; x_wconf 87' lang='lat' dir='ltr'><strong>peccatum</strong></span> <span class='ocrx_word' id='word_1_817' title='bbox 2624 5176 2949 5229; x_wconf 89' lang='lat' dir='ltr'><strong>moreretur,</strong></span> <span class='ocrx_word' id='word_1_818' title='bbox 2971 5167 3026 5219; x_wconf 88' lang='lat' dir='ltr'><strong>in</strong></span> <span class='ocrx_word' id='word_1_819' title='bbox 3062 5167 3113 5219; x_wconf 85' lang='lat' dir='ltr'><strong>vi</strong></span> <span class='ocrx_word' id='word_1_820' title='bbox 3147 5178 3459 5237; x_wconf 69' lang='lat' dir='ltr'><strong>congruen-</strong></span> 
     </span>
    </p>
   </div>
   <div class='ocr_carea' id='block_1_110' title="bbox 1880 5234 3462 5308">
    <p class='ocr_par' dir='ltr' id='par_1_110' title="bbox 1880 5234 3462 5308">
     <span class='ocr_line' id='line_1_111' title="bbox 1880 5234 3462 5308; baseline -0.003 -13"><span class='ocrx_word' id='word_1_821' title='bbox 1880 5244 1970 5295; x_wconf 66' lang='lat' dir='ltr'><strong>tia:</strong></span> <span class='ocrx_word' id='word_1_822' title='bbox 2003 5240 2165 5303; x_wconf 83' lang='lat' dir='ltr'><strong>valet,</strong></span> <span class='ocrx_word' id='word_1_823' title='bbox 2218 5234 2328 5294; x_wconf 82' lang='lat' dir='ltr'><strong>non</strong></span> <span class='ocrx_word' id='word_1_824' title='bbox 2363 5239 2594 5294; x_wconf 89' lang='lat' dir='ltr'><strong>rationis</strong></span> <span class='ocrx_word' id='word_1_825' title='bbox 2626 5252 2746 5308; x_wconf 65' lang='lat' dir='ltr'><strong>quae</strong></span> <span class='ocrx_word' id='word_1_826' title='bbox 2786 5246 2966 5307; x_wconf 88' lang='lat' dir='ltr'><strong>cogat,</strong></span> <span class='ocrx_word' id='word_1_827' title='bbox 3018 5252 3142 5290; x_wconf 90' lang='lat' dir='ltr'><strong>cum</strong></span> <span class='ocrx_word' id='word_1_828' title='bbox 3187 5234 3462 5308; x_wconf 70' lang='lat' dir='ltr'><strong>praecipue</strong></span> 
     </span>
    </p>
   </div>
   <div class='ocr_carea' id='block_1_111' title="bbox 1879 5304 3461 5381">
    <p class='ocr_par' dir='ltr' id='par_1_111' title="bbox 1879 5304 3461 5381">
     <span class='ocr_line' id='line_1_112' title="bbox 1879 5304 3461 5381; baseline -0.003 -16"><span class='ocrx_word' id='word_1_829' title='bbox 1879 5319 2065 5367; x_wconf 86' lang='lat' dir='ltr'><strong>reatus</strong></span> <span class='ocrx_word' id='word_1_830' title='bbox 2104 5311 2278 5381; x_wconf 72' lang='lat' dir='ltr'><strong>culpae</strong></span> <span class='ocrx_word' id='word_1_831' title='bbox 2318 5325 2426 5363; x_wconf 89' lang='lat' dir='ltr'><strong>non</strong></span> <span class='ocrx_word' id='word_1_832' title='bbox 2461 5309 2515 5362; x_wconf 88' lang='lat' dir='ltr'><strong>in</strong></span> <span class='ocrx_word' id='word_1_833' title='bbox 2549 5304 2777 5379; x_wconf 79' lang='lat' dir='ltr'><strong>corpore</strong></span> <span class='ocrx_word' id='word_1_834' title='bbox 2808 5304 2900 5381; x_wconf 68' lang='lat' dir='ltr'><strong>sit,</strong></span> <span class='ocrx_word' id='word_1_835' title='bbox 2924 5308 3034 5381; x_wconf 80' lang='lat' dir='ltr'><strong>sed</strong></span> <span class='ocrx_word' id='word_1_836' title='bbox 3069 5308 3124 5361; x_wconf 87' lang='lat' dir='ltr'><strong>i-n</strong></span> <span class='ocrx_word' id='word_1_837' title='bbox 3152 5304 3336 5361; x_wconf 73' lang='lat' dir='ltr'><strong>animo</strong></span> <span class='ocrx_word' id='word_1_838' title='bbox 3356 5304 3461 5376; x_wconf 83' lang='lat' dir='ltr'><strong>qui</strong></span> 
     </span>
    </p>
   </div>
   <div class='ocr_carea' id='block_1_112' title="bbox 1880 5379 3459 5449">
    <p class='ocr_par' dir='ltr' id='par_1_112' title="bbox 1880 5379 3459 5449">
     <span class='ocr_line' id='line_1_113' title="bbox 1880 5379 3459 5449; baseline -0.004 -13"><span class='ocrx_word' id='word_1_839' title='bbox 1880 5379 2214 5437; x_wconf 75' lang='lat' dir='ltr'><strong>immortalis</strong></span> <span class='ocrx_word' id='word_1_840' title='bbox 2224 5388 2307 5437; x_wconf 84' lang='lat' dir='ltr'><strong>est</strong></span> <span class='ocrx_word' id='word_1_841' title='bbox 2325 5398 2339 5445; x_wconf 93' lang='lat'><strong>;</strong></span> <span class='ocrx_word' id='word_1_842' title='bbox 2359 5388 2592 5449; x_wconf 80' lang='lat' dir='ltr'><strong>etqucm</strong></span> <span class='ocrx_word' id='word_1_843' title='bbox 2614 5381 2791 5448; x_wconf 89' lang='lat' dir='ltr'><strong>ipsum</strong></span> <span class='ocrx_word' id='word_1_844' title='bbox 2814 5379 3016 5433; x_wconf 85' lang='lat' dir='ltr'><strong>aboleri</strong></span> <span class='ocrx_word' id='word_1_845' title='bbox 3040 5393 3266 5434; x_wconf 89' lang='lat' dir='ltr'><strong>necesse</strong></span> <span class='ocrx_word' id='word_1_846' title='bbox 3287 5383 3459 5441; x_wconf 91' lang='lat' dir='ltr'><strong>esset,</strong></span> 
     </span>
    </p>
   </div>
   <div class='ocr_carea' id='block_1_113' title="bbox 1882 5451 3462 5523">
    <p class='ocr_par' dir='ltr' id='par_1_113' title="bbox 1882 5451 3462 5523">
     <span class='ocr_line' id='line_1_114' title="bbox 1882 5451 3462 5523; baseline -0.003 -17"><span class='ocrx_word' id='word_1_847' title='bbox 1882 5460 1942 5506; x_wconf 89' lang='lat' dir='ltr'><strong>ut</strong></span> <span class='ocrx_word' id='word_1_848' title='bbox 1979 5452 2137 5523; x_wconf 84' lang='lat' dir='ltr'><strong>quasi</strong></span> <span class='ocrx_word' id='word_1_849' title='bbox 2175 5452 2380 5505; x_wconf 80' lang='lat' dir='ltr'><strong>abolito</strong></span> <span class='ocrx_word' id='word_1_850' title='bbox 2416 5451 2686 5523; x_wconf 87' lang='lat' dir='ltr'><strong>subjecto,</strong></span> <span class='ocrx_word' id='word_1_851' title='bbox 2722 5451 2927 5505; x_wconf 86' lang='lat' dir='ltr'><strong>aboleri</strong></span> <span class='ocrx_word' id='word_1_852' title='bbox 2956 5457 3236 5523; x_wconf 77' lang='lat' dir='ltr'><strong>peccatum</strong></span> <span class='ocrx_word' id='word_1_853' title='bbox 3271 5461 3462 5523; x_wconf 81' lang='lat' dir='ltr'><strong>cense-</strong></span> 
     </span>
    </p>
   </div>
   <div class='ocr_carea' id='block_1_114' title="bbox 1885 5518 3457 5592">
    <p class='ocr_par' dir='ltr' id='par_1_114' title="bbox 1885 5518 3457 5592">
     <span class='ocr_line' id='line_1_115' title="bbox 1885 5518 3457 5592; baseline -0.003 -15"><span class='ocrx_word' id='word_1_854' title='bbox 1885 5518 2037 5577; x_wconf 58' lang='lat' dir='ltr'><strong>retu&#39;r</strong></span> <span class='ocrx_word' id='word_1_855' title='bbox 2086 5538 2151 5576; x_wconf 90' lang='lat' dir='ltr'><strong>ac</strong></span> <span class='ocrx_word' id='word_1_856' title='bbox 2199 5522 2448 5576; x_wconf 77' lang='lat' dir='ltr'><strong>deiicere.</strong></span> <span class='ocrx_word' id='word_1_857' title='bbox 2495 5518 2613 5576; x_wconf 83' lang='lat' dir='ltr'><strong>Alia</strong></span> <span class='ocrx_word' id='word_1_858' title='bbox 2641 5537 2771 5592; x_wconf 88' lang='lat' dir='ltr'><strong>ergo</strong></span> <span class='ocrx_word' id='word_1_859' title='bbox 2800 5518 3091 5591; x_wconf 67' lang='lat' dir='ltr'><strong>qumrenda</strong></span> <span class='ocrx_word' id='word_1_860' title='bbox 3122 5518 3457 5592; x_wconf 73' lang='lat' dir='ltr'><strong>peccatide-</strong></span> 
     </span>
    </p>
   </div>
   <div class='ocr_carea' id='block_1_115' title="bbox 1885 5589 3462 5663">
    <p class='ocr_par' dir='ltr' id='par_1_115' title="bbox 1885 5589 3462 5663">
     <span class='ocr_line' id='line_1_116' title="bbox 1885 5589 3462 5663; baseline -0.004 -14"><span class='ocrx_word' id='word_1_861' title='bbox 1885 5593 2138 5663; x_wconf 62' lang='lat' dir='ltr'><strong>structio,</strong></span> <span class='ocrx_word' id='word_1_862' title='bbox 2189 5592 2356 5647; x_wconf 87' lang='lat' dir='ltr'><strong>animi</strong></span> <span class='ocrx_word' id='word_1_863' title='bbox 2409 5592 2464 5647; x_wconf 89' lang='lat' dir='ltr'><strong>in</strong></span> <span class='ocrx_word' id='word_1_864' title='bbox 2505 5592 2673 5646; x_wconf 88' lang='lat' dir='ltr'><strong>Deum</strong></span> <span class='ocrx_word' id='word_1_865' title='bbox 2710 5589 3069 5647; x_wconf 74' lang='lat' dir='ltr'><strong>conversione</strong></span> <span class='ocrx_word' id='word_1_866' title='bbox 3094 5599 3149 5645; x_wconf 89' lang='lat' dir='ltr'><strong>et</strong></span> <span class='ocrx_word' id='word_1_867' title='bbox 3187 5589 3462 5644; x_wconf 77' lang='lat' dir='ltr'><strong>infusione</strong></span> 
     </span>
    </p>
   </div>
   <div class='ocr_carea' id='block_1_116' title="bbox 1886 5663 3458 5789">
    <p class='ocr_par' dir='ltr' id='par_1_116' title="bbox 1886 5663 3458 5789">
     <span class='ocr_line' id='line_1_117' title="bbox 1886 5663 3458 5789; baseline -0.004 -71"><span class='ocrx_word' id='word_1_868' title='bbox 1886 5664 2093 5789; x_wconf 47' lang='lat' dir='ltr'><strong>gatliaz,</strong></span> <span class='ocrx_word' id='word_1_869' title='bbox 2116 5673 2293 5787; x_wconf 74' lang='lat' dir='ltr'><strong>lextra</strong></span> <span class='ocrx_word' id='word_1_870' title='bbox 2335 5677 2498 5733; x_wconf 90' lang='lat' dir='ltr'><strong>quam</strong></span> <span class='ocrx_word' id='word_1_871' title='bbox 2541 5664 2687 5718; x_wconf 76' lang='lat' dir='ltr'><strong>nulla</strong></span> <span class='ocrx_word' id='word_1_872' title='bbox 2722 5663 2969 5732; x_wconf 85' lang='lat' dir='ltr'><strong>corporis</strong></span> <span class='ocrx_word' id='word_1_873' title='bbox 3001 5676 3151 5716; x_wconf 88' lang='lat' dir='ltr'><strong>mors</strong></span> <span class='ocrx_word' id='word_1_874' title='bbox 3176 5667 3458 5732; x_wconf 80' lang='lat' dir='ltr'><strong>peccatum</strong></span> 
     </span>
     <span class='ocr_line' id='line_1_118' title="bbox 1886 5742 2194 5789; baseline -0.003 0"><span class='ocrx_word' id='word_1_875' title='bbox 1886 5750 1915 5789; x_wconf 88' lang='lat' dir='ltr'><strong>a</strong></span> <span class='ocrx_word' id='word_1_876' title='bbox 2011 5742 2085 5789; x_wconf 90' lang='lat' dir='ltr'><strong>et.</strong></span> <span class='ocrx_word' id='word_1_877' title='bbox 2140 5751 2194 5788; x_wconf 80' lang='grc' dir='ltr'><strong>ι).</strong></span> 
     </span>
    </p>
   </div>
   <div class='ocr_carea' id='block_1_117' title="bbox 1886 5736 2194 5790">
    <p class='ocr_par' dir='ltr' id='par_1_117' title="bbox 1886 5736 2194 5790">
     <span class='ocr_line' id='line_1_119' title="bbox 1886 5736 2194 5790; baseline -0.003 -1"><span class='ocrx_word' id='word_1_878' title='bbox 1886 5736 2085 5790; x_wconf 85' lang='lat' dir='ltr'><strong>abolet.</strong></span> <span class='ocrx_word' id='word_1_879' title='bbox 2116 5736 2194 5788; x_wconf 86' lang='lat' dir='ltr'><strong>In.</strong></span> 
     </span>
    </p>
   </div>
   <div class='ocr_carea' id='block_1_118' title="bbox 1956 5799 3461 5881">
    <p class='ocr_par' dir='ltr' id='par_1_118' title="bbox 1956 5799 3461 5881">
     <span class='ocr_line' id='line_1_120' title="bbox 1956 5799 3461 5881; baseline -0.007 -19"><span class='ocrx_word' id='word_1_880' title='bbox 1956 5806 2069 5881; x_wconf 72' lang='grc'><strong>(41)</strong></span> <span class='ocrx_word' id='word_1_881' title='bbox 2106 5805 2238 5873; x_wconf 82' lang='grc' dir='ltr'>Ταῖς</span> <span class='ocrx_word' id='word_1_882' title='bbox 2266 5803 2735 5876; x_wconf 67' lang='grc' dir='ltr'>πεηαφώτοις...</span> <span class='ocrx_word' id='word_1_883' title='bbox 2769 5803 3060 5873; x_wconf 65' lang='grc' dir='ltr'>λαμπάσι.</span> <span class='ocrx_word' id='word_1_884' title='bbox 3101 5799 3305 5870; x_wconf 84' lang='lat' dir='ltr'><strong>Nempe</strong></span> <span class='ocrx_word' id='word_1_885' title='bbox 3342 5811 3461 5855; x_wconf 82' lang='lat' dir='ltr'><strong>om-</strong></span> 
     </span>
    </p>
   </div>
  </div>
