4010 6328
535 337 643 394 185

1487 322 1544 378 S.
1584 317 1911 376 METRODII
1950 313 2256 371 EPISCOPI
2299 310 2386 367 ET
2428 304 2788 364 MARTYRIS

3669 290 3772 348 184

533 447 1218 515 incensum.Prorsusque,
1248 457 1282 498 ο
1326 441 1462 496 dura
1487 456 1551 496 ac
1579 439 1753 496 ferrea
1776 440 2021 503 pectora!
2053 439 2098 493 si

2219 437 2282 498 είς
2304 431 2665 487 ὁλοκαύτωσιν
2695 425 2872 491 ἱκανὰ,
2899 423 2991 476 καὶ
3017 423 3046 475 6
3069 419 3284 483 λίϐανος
3311 419 3390 482 εἰς
3414 413 3609 470 καῦσιν
3636 411 3768 484 (42).

533 540 708 596 citrus
739 539 961 611 pulcher
985 537 1144 592 vobis
1171 535 1416 599 videtur,
1451 533 1644 604 quidni
1681 541 1736 587 et
1786 547 1889 586 uva
1921 531 2101 602 potius

535 631 796 703 pulchra?
817 627 1004 700 quidni
1035 635 1089 684 et
1114 627 1316 682 malum
1343 629 1626 695 granatum
1673 622 1962 691 cmterique
2012 636 2104 675 ar-

535 726 727 780 borum
762 722 974 777 fructus
1018 731 1070 776 et
1120 735 1280 790 poma
1328 719 1497 774 multo
1521 718 1658 772 citro
1687 713 2104 786 praestantiora?

536 817 680 871 Sane
711 817 762 868 in
787 815 1015 869 Cantico
1036 813 1375 868 canticorum
1398 813 1444 845 ⁷⁸
1464 812 1736 874 Salomon,
1765 810 1956 862 horum
1987 822 2104 860 om-

534 909 682 963 nium
713 907 1065 980 pulchrorum
1111 905 1384 961 fructuum
1415 904 1685 960 mentione
1708 902 1848 958 facta
1870 941 1885 964 ,
1931 915 2102 954 unum

534 999 794 1055 duntaxat
827 998 1025 1052 malum
1058 997 1251 1052 citrum
1277 996 1495 1050 silentio
1523 994 1801 1065 praeteriit.
1852 991 1959 1047 Sed
1998 991 2103 1046 hoc

535 1090 910 1161 imprudentes
938 1088 1310 1160 decipit,quod
1332 1103 1436 1142 non
1469 1087 1866 1150 intellexerunt,
1897 1086 2101 1156 lignum

533 1184 658 1239 vita:
679 1183 824 1254 quod
863 1183 1015 1252 prius
1046 1181 1332 1252 paradisus
1375 1180 1580 1235 ferebat
1612 1180 1678 1243 ⁷⁸,
1709 1193 1861 1260 ιιιιιιο
1904 1177 2100 1231 iterum

535 1277 838 1332 Ecclesiam
872 1276 1127 1331 omnibus
1157 1275 1510 1345 germinasse,
1534 1271 1678 1342 quod
1715 1271 1999 1341 pulchrum
2039 1284 2103 1323 ac

536 1371 797 1425 decorum
829 1368 949 1422 ﬁdei
977 1367 1208 1421 fructum
1238 1364 1418 1418 faciat.

605 1461 789 1516 Talem
818 1477 919 1516 nos
939 1459 1174 1514 fructum
1205 1458 1272 1512 ad
1298 1456 1534 1510 tribunal
1553 1454 1757 1510 Christi
1782 1453 2103 1510 accedentes

538 1553 730 1609 afferre
760 1569 982 1608 necesse
1030 1561 1115 1608 est
1162 1551 1340 1621 primo
1365 1548 1726 1603 solemnitatis
1762 1547 1887 1603 die:
1918 1561 2028 1616 quo
2057 1548 2102 1601 si

537 1660 638 1700 nos
661 1659 878 1715 quoque
927 1641 1309 1706 destituamur,
1341 1656 1452 1694 non
1490 1639 1790 1710 poterimus
1835 1653 1958 1692 cum
1994 1636 2106 1691 Deo

538 1735 745 1804 feriari,
770 1751 870 1790 nec
890 1741 1094 1805 partem
1118 1733 1519 1794 nanciscemur,
1547 1737 1607 1785 ut
1629 1743 1819 1785 auctor
1836 1737 1918 1785 est
1940 1727 2106 1784 Joan-

2203 527 2311 581 Καὶ
2334 525 2468 588 ὅλως
2507 524 2554 574 εί
2585 521 2646 574 τὸ
2681 518 2908 590 κίτριον,
2938 510 2982 569 ὡ
3015 511 3378 585 ἀτεράμονεςῑ
3413 509 3610 580 ὡραῖον
3637 507 3768 578 (45),

2200 622 2338 678 διατί
2369 620 2441 691 μὴ
2475 619 2567 673 καὶ
2597 619 2630 689 ἡ
2665 613 2906 684 σταφυλὴ
2938 611 3137 684 μᾶλλον
3168 607 3379 680 ὡραίας
3409 602 3551 658 διατι
3578 601 3652 674 μὴ
3678 600 3775 655 καὶ

2204 719 2236 788 ἡ
2268 715 2388 788 ῥοιά
2406 731 2420 778 ;
2441 712 2581 767 διατί
2605 709 2678 781 μὴ
2705 707 2799 762 καὶ
2820 705 2882 758 τὸ
2917 704 3079 775 μῆλον
3113 701 3206 754 καὶ
3228 699 3295 752 τὰ
3317 698 3450 752 ἄλλα
3472 695 3773 788 ἀκρόδρυαὲ

2201 783 2279 860 τὰ.
2321 804 2515 877 μᾶλλον
2568 801 2883 871 διαφέροντα
2925 795 3017 850 τοῦ
3056 793 3298 864 κιτρίου;
3342 789 3554 860 Ἀμέλει
3602 788 3661 841 ὲν
3696 783 3779 855 τῷ

2207 901 2444 971 ’ᾼσματι
2476 897 2582 951 τῶν
2619 895 2879 968 ᾀσμάτων
2899 932 2912 956 ,
2951 890 3167 944 πάντων
3211 888 3240 939 6
3277 884 3526 955 Σολομῶν
3570 881 3777 935 τούτων

2203 993 2417 1066 ὡραίων
2454 989 2848 1063 μνημονεύσας,
2874 987 2935 1040 τὸ
2972 985 3176 1057 κίτριον
3207 978 3560 1049 ἀπεσιώπησε
3596 975 3774 1047 μόνον.

2217 1084 2376 1140 Ἀλλά
2403 1082 2608 1137 τούτων
2639 1075 3154 1149 ἀπεϐουκολήθησαν
3189 1075 3238 1127 οἱ
3263 1073 3514 1143 ἄφρονες,
3553 1067 3628 1140 μὴ
3655 1067 3780 1137 voti-

2207 1193 2395 1251 σανεες
2435 1175 2495 1228 τὸ
2527 1172 2681 1240 ξύλον
2713 1171 2814 1241 τῆς
2856 1170 3024 1239 ζωῆς,
3058 1167 3086 1220 ὃ
3115 1165 3352 1237 πρόσθεν
3398 1162 3494 1232 μὲν
3527 1161 3556 1214 6
3598 1157 3787 1251 παρά-ο

2203 1247 2374 1329 δεισος
2399 1264 2581 1335 ἔφερε,
2609 1261 2701 1315 νῦν
2724 1261 2780 1314 δὲ
2797 1261 2959 1313 πᾶσιν
2983 1256 3381 1325 ἀνεϐλάστησεν
3401 1254 3435 1324 ἡ
3466 1247 3783 1318 Ἐκκλησία,

2205 1360 2293 1413 τὸν
2324 1358 2520 1428 ὡραῖον
2550 1354 2644 1408 καὶ
2670 1351 2918 1424 εὐπρεπῆ
2948 1350 3046 1419 τῆς
3073 1348 3306 1409 πίστεως
3332 1342 3515 1397 ποιοῦν
3545 1340 3783 1414 καρπόν.

2274 1449 2524 1504 Τοιοῦτον
2557 1445 2879 1516 ἐληλυθότας
2908 1441 3118 1511 καρπὸν
3147 1443 3212 1511 τῇ
3244 1438 3436 1510 πρώτῃ
3461 1436 3558 1505 τῆς
3589 1433 3791 1504 ἑορτῆς

2205 1542 2387 1614 ἡμέρα
2408 1543 2487 1604 είς
2511 1541 2569 1594 τὸ
2593 1539 2938 1608 δικαστήριον
2977 1537 3124 1606 ἡμᾶς
3149 1532 3393 1604 κομίζειν
3417 1529 3495 1582 δεῖ
3519 1525 3788 1600 Χριστοῦ.

2206 1637 2298 1691 ὲάν
2326 1637 2400 1708 μὴ
2434 1635 2670 1690 τοιοῦτον
2697 1631 2912 1702 σχῶμεν
2943 1629 3037 1682 καὶ
3065 1629 3226 1698 ἡμεῖς
3259 1624 3494 1696 καρπὸν,
3529 1623 3589 1674 ού
3619 1621 3791 1688 δυνηο

2209 1727 2410 1799 σόμεθα
2450 1724 2802 1797 συνεορτάσαι
2853 1720 2972 1792 Θεῷ
2993 1738 3006 1750 ·
3056 1720 3118 1773 ού
3155 1715 3489 1787 τευξόμεθα,
3521 1714 3666 1767 κατά
3694 1711 3795 1764 τὸν

539 1841 638 1882 nes
656 1827 725 1890 ⁷⁷,
759 1828 813 1880 in
835 1825 1212 1879 resurrectione
1236 1824 1426 1891 prima.
1461 1821 1688 1892 Lignum
1716 1822 1862 1876 enim
1885 1822 2010 1876 vitae
2024 1830 2108 1878 est

2225 1796 2498 1892 Ἰωάννην,
2526 1796 2636 1885 τῆς
2669 1816 2904 1885 πρώτης
2935 1813 3346 1878 ἀναστάσεως.
3381 1809 3456 1862 Τὸ
3501 1807 3609 1879 γὰρ
3634 1803 3796 1870 ξύλον

538 1917 783 1972 omnium
815 1918 1167 1989 primogenita
1202 1914 1476 1986 Sapientia
1499 1934 1510 1968 :
1532 1913 1752 1985 Lignum
1786 1916 1905 1970 vita:
1934 1925 2011 1968 est
2040 1915 2108 1968 iis

539 2013 628 2082 qui
667 2011 1098 2082 apprehenderint
1129 2027 1266 2073 eam,
1295 2011 1370 2064 ait
1401 2009 1662 2080 propheta
1685 2048 1700 2071 ,
1737 2019 1786 2062 et
1807 2010 1882 2063 eis
1910 2010 1999 2081 qui
2027 2009 2109 2061 in-

541 2103 782 2156 nituntur
806 2117 960 2169 super
987 2102 1154 2171 ipsam
1175 2100 1328 2170 quasi
1356 2114 1509 2165 super
1530 2098 1815 2153 Dominum
1837 2116 2020 2154 secura
2041 2101 2108 2154 ⁷⁸.

540 2193 764 2265 Lignum
807 2195 1105 2264 plantatum
1135 2210 1280 2248 secus
1321 2193 1570 2248 decursus
1623 2209 1919 2262 aquarum,
1971 2191 2110 2263 quod

539 2286 770 2355 fructum
799 2303 949 2340 suum
973 2285 1120 2339 dabit
1151 2287 1205 2339 in
1239 2297 1465 2356 tempore
1502 2302 1596 2340 suo
1637 2286 1682 2317 7’
1709 2305 1722 2339 :
1754 2283 2000 2340 doctrina
2025 2293 2111 2340 est

539 2386 594 2435 et
616 2379 856 2434 charitas
892 2388 945 2434 et
993 2379 1279 2450 prudentia
1305 2419 1318 2444 ,
1363 2388 1606 2449 tempore
1643 2386 1950 2450 opportuno
2001 2377 2110 2432 illis

541 2469 824 2539 dispertita
853 2470 945 2542 qui
972 2469 1038 2525 ad
1060 2485 1230 2540 aquas
1257 2469 1648 2540 redemptionis
1679 2471 1968 2526 accedunt.

613 2645 718 2713 Qui
757 2661 864 2701 non
887 2647 1118 2702 credidit
1145 2647 1394 2713 Christo,
1444 2663 1618 2719 neque
1647 2663 1770 2703 eum
1803 2664 1925 2704 esse
1962 2647 2113 2718 prin-

537 2739 741 2808 cipium
771 2740 1052 2811 et-lignum
1085 2740 1206 2794 vita:
1227 2741 1513 2802 intellexit,
1539 2741 1586 2796 is
1626 2755 1750 2795 cum
1781 2757 1891 2797 non
1942 2741 2116 2811 possit

539 2828 651 2884 Deo
673 2830 958 2886 ostendere
983 2831 1390 2886 tabernaculum
1424 2848 1585 2886 suum
1615 2831 1970 2903 pulchrorum
2002 2831 2116 2886 fru-

541 2932 728 2977 ctuum
763 2923 1173 2992 speciosissimo
1206 2931 1482 2986 ornatum,
1508 2925 1780 2994 quomodo
1811 2925 2009 2981 festum
2033 2941 2116 2982 co-

541 3016 810 3072 lebrabit?
840 3018 1111 3086 quomodo
1155 3017 1460 3073 laetabitur?
1491 3015 1583 3073 Vis
1620 3032 1782 3072 nosse
1827 3018 2115 3089 pulchrum

2212 1915 2356 1984 ζωῆς
2395 1914 2542 1965 ἐστιν
2597 1914 2629 1983 ἡ
2678 1909 3020 1981 πρωτότοκος
3077 1907 3293 1960 πάντων
3343 1901 3533 1972 σοφία’
3587 1897 3798 1953 Ξύλογ

2212 2003 2360 2072 ζωῆς
2387 2003 2517 2058 ἐστι
2551 2001 2673 2068 τοῖς
2699 1998 3120 2069 ἀντεχομένοις
3155 1996 3367 2065 αὐτῆς,
3398 1995 3562 2067 φησὶν
3592 1997 3621 2048 6
3656 2010 3801 2066 προ-

2212 2099 2407 2169 φήτης,
2438 2096 2532 2150 καὶ
2559 2095 2680 2162 τοῖς
2712 2092 3186 2163 ἐπερειδομένοις
3225 2091 3316 2144 ἐπ’
3341 2089 3554 2157 αὐτὴν,
3585 2089 3665 2155 ὠς
3687 2087 3798 2141 ἐπὶ

2211 2190 2446 2258 Κύριον,
2481 2188 2784 2257 ἀσφαλής.
2817 2187 3017 2240 Ξύλοι·
3039 2183 3196 2252 παρὰ
3222 2181 3328 2248 τὰς
3359 2180 3666 2246 διεξόδους
3687 2193 3802 2233 πε·-

2211 2281 2586 2352 φυτευμένον
2634 2277 2752 2333 τῶν
2799 2278 3053 2340 ὑδάτων,
3102 2276 3133 2330 ὃ
3177 2275 3285 2330 τὸν
3326 2273 3561 2340 καρπὸν
3601 2270 3800 2326 αὑτοῦ

2212 2375 2388 2429 δώσει
2438 2374 2508 2428 ἐν
2555 2371 2736 2441 καιρῷ
2781 2369 3004 2432 αὐτοῦ,
3056 2367 3376 2423 διδασκαλία
3423 2365 3520 2420 καὶ
3576 2363 3801 2427 σύνεσις

2213 2468 2379 2528 ἐστιν,
2435 2467 2492 2520 ὲν
2525 2463 2702 2536 καιρῷ
2737 2464 3064 2536 προσήκοντι
3105 2463 3216 2524 τοῖς
3250 2459 3346 2530 τῆς
3392 2459 3483 2512 ἐπὶ
3510 2455 3580 2510 τά
3621 2455 3802 2510 ὕδατα

2213 2556 2640 2628 ἀπολυτρώσεως
2669 2552 3084 2625 ἀφικνουμένοις
3109 2550 3380 2621 διδομένη.

2296 2651 2352 2704 Ὀ
2389 2651 2463 2722 μὴ
2507 2647 2808 2711 πιστεύσας
2837 2645 3078 2719 Χριστῷ,
3121 2643 3257 2716 μηδὲ
3287 2642 3385 2714 τὴν
3417 2640 3588 2712 ἀρχὴν
3621 2639 3804 2711 αὐτὴν

2215 2738 2352 2796 εἶναι
2395 2743 2488 2795 καὶ
2515 2742 2576 2794 τὸ
2619 2739 2775 2807 ξύλον
2820 2739 2920 2810 τῆς
2966 2738 3110 2808 ζωῆς
3149 2735 3478 2807 ᾐσθημένος,
3518 2734 3617 2787 ούκ
3653 2732 3804 2803 ἔχων

2214 2836 2380 2902 δεῖξαι
2424 2834 2503 2906 τῷ
2546 2834 2664 2905 Θεῷ
2697 2832 2774 2904 τῷ
2819 2831 3130 2904 ὡραιοτέρῳ
3159 2829 3266 2883 τῶν
3311 2827 3528 2900 ὡραίων
3564 2825 3804 2897 καρπῶν

2215 2932 2313 3001 τὴν
2339 2928 2541 3000 σκηνὴν
2569 2926 2734 2982 αὑτοῦ
2761 2924 3200 2996 κεκοσμημένην,
3219 2921 3337 2986 πῶς
3363 2921 3642 2994 ὲορτάσει;
3675 2919 3807 2984 πῶς

2217 3020 2681 3093 εὐφρανθήσεται;
2727 3018 2914 3081 Θέλεις
2961 3017 3162 3086 γνῶναι
3209 3014 3301 3068 τὸν
3349 3014 3549 3086 ὡραῖον
3581 3012 3808 3083 καρπὸν

537 3108 667 3178 ligni
684 3107 918 3162 fructum
935 3109 1267 3165 ?Considera
1284 3125 1566 3166 sermones
1576 3109 1787 3166 Domini
1807 3110 2113 3167 nostrilesu

2219 3113 2311 3167 τοῦ
2343 3111 2534 3178 ξύλου;
2573 3111 2868 3181 ἐπίσκεψον
2900 3111 3024 3174 τοὺς
3052 3109 3241 3178 λόγους
3271 3106 3365 3160 τοῦ
3399 3105 3603 3176 Κυρίου
3635 3105 3808 3176 ἡμῶν

537 3199 764 3264 Christi,
796 3210 853 3254 ut
882 3211 1010 3257 sunt
1039 3203 1258 3270 speciosi
1287 3203 1460 3271 [arma
1487 3219 1596 3272 pra:
1619 3203 1744 3267 ﬁliis
1766 3203 2030 3258 hominum
2047 3204 2114 3260 ⁸ο.

539 3289 772 3348 Pulcher
817 3292 1027 3348 fructus
1076 3295 1397 3365 germinavit
1451 3310 1545 3364 per
1587 3295 1823 3366 Moyscm
1850 3337 1866 3360 ,
1923 3310 2119 3366 nempe

540 3384 657 3453 lex;
687 3385 780 3442 sed
819 3403 927 3442 non
968 3387 1039 3441 ita
1083 3388 1310 3458 pulcher
1341 3397 1400 3442 ut
1419 3387 1792 3460 Evangelium.
1821 3387 1930 3444 Lex
1971 3389 2116 3444 enim

613 3563 661 3594 ⁷³
685 3563 842 3620 Cant.
879 3582 951 3627 tv,
997 3567 1080 3621 1'5.
1159 3568 1203 3597 ⁷⁸
1241 3565 1368 3623 Gen.
1408 3583 1468 3630 ll,
1494 3568 1547 3622 9.

543 3744 707 3801 nibus
753 3743 1006 3816 sensibus
1052 3744 1106 3797 in
1154 3759 1360 3816 morem
1408 3746 1716 3816 lampadnm
1770 3747 2019 3804 accensis
2059 3747 2113 3800 in

543 3816 749 3887 nultum
780 3814 1141 3887 virginitatis;
1167 3814 1480 3887 ita__scilicet
1504 3814 1560 3870 ut
1585 3817 1780 3887 singuli
1810 3818 1885 3870 illi
1916 3832 2114 3873 sensus

545 3886 819 3942 studeant,
855 3884 1095 3952 nihilque
1127 3884 1477 3938 libidinosum
1511 3893 1604 3938 aut
1632 3884 1933 3941 abhorrens
1962 3904 1991 3941 a
2023 3901 2116 3940 ea-

545 3957 747 4010 stitatis
779 3955 990 4024 legibus
1021 3970 1117 4008 sua
1161 3955 1394 4023 quisque
1439 3956 1756 4023 operatione
1802 3957 2112 4023 admittant,

545 4027 621 4080 uti
656 4027 708 4079 in
739 4024 1112 4096 superioribus
1137 4025 1440 4080 Methodius
1465 4027 1583 4095 ipse
1606 4029 1877 4096 exposuit,
1901 4028 2118 4083 debuit-

544 4114 650 4168 que
687 4096 1002 4151 meminisse
1028 4094 1310 4168 Possinius
1339 4094 1797 4168 ηρίπαντοφὼτοις
1825 4098 2024 4168 legeret
2053 4112 2116 4154 ac

543 4169 934 4292 getorqucrct,
998 4167 1143 4230 plene
1210 4167 1538 4232 lucentibus,
1612 4176 1670 4220 ut
1739 4167 2112 4238 ipse’reddit.

592 4252 837 4292 onuerls.

592 4252 837 4292 OHBEFIS.

617 4308 727 4378 (49.)
760 4308 869 4363 Καὶ
902 4313 935 4363 ό
952 4311 1196 4374 λίϐανος
1217 4310 1304 4373 εὶς
1333 4308 1573 4362 καῦσιν.
1601 4308 1757 4362 Κατά
1781 4309 1981 4373 κοινοῦ,
2011 4310 2118 4372 πᾶς

542 4380 573 4432 6
598 4379 813 4442 λίϐανος
843 4379 944 4451 τῆς
976 4381 1097 4451 γῆς.
1125 4379 1406 4451 Quidquid
1439 4379 1606 4434 thuris
1635 4389 1683 4434 et
1725 4381 1921 4434 incensi
1965 4380 2119 4435 habet

543 4459 706 4514 terra,
741 4451 818 4504 uti
851 4449 917 4504 de
965 4449 1265 4520 pecudibus
1317 4449 1559 4516 dixerat;
1613 4459 1903 4521 utrumque
1947 4467 2118 4521 genus

542 4522 882 4575 oblationum
913 4521 1249 4591 signiﬁcans,
1281 4527 1512 4591 utroque
1543 4521 1720 4582 altari,
1769 4520 2119 4577 holoca’usto-

543 4606 665 4663 rum
697 4599 750 4646 et
785 4589 1193 4662 thymiamatum
1239 4606 1359 4660 quae
1392 4591 1445 4644 in
1476 4589 1820 4663 Qeicultum,
1851 4591 2117 4663 quidquid

544 4609 665 4645 rum
697 4609 750 4646 et
785 4609 1193 4662 thymiamatum
1239 4609 1359 4660 qua:
1392 4609 1445 4644 tn
1476 4609 1569 4645 uel
1592 4609 1820 4654 cultum,
1891 4609 2117 4663 utuqum

544 4661 1076 4733 demumroﬁ'eratur,
1107 4676 1384 4733 nunquam
1409 4659 1694 4733 sufﬁciant.
1729 4609 1884 4728 Quod
1907 4662 2018 4730 jam
2041 4663 2117 4716 illi

543 4733 727 4786 omnia
757 4732 972 4797 debita;
995 4740 1049 4787 et
1079 4732 1147 4786 ab
1177 4731 1264 4796 eo,
1291 4746 1390 4800 pro
1427 4731 1545 4800 ejus
1573 4733 1878 4801 majestate,
1912 4733 2120 4786 inﬁnite

544 4810 773 4858 remota.
804 4802 894 4867 At,
930 4804 1060 4874 quid
1092 4802 1416 4858 Possinius?
1454 4801 1718 4857 Libanum
1757 4804 1986 4872 ejusque
2021 4819 2120 4858 ne-

545 4889 699 4927 mora
728 4874 830 4930 sibi
858 4882 1200 4929 commentus
1229 4883 1334 4933 est.
1375 4875 1467 4941 qui
1501 4875 1616 4942 ipse
1650 4875 1704 4927 in
1738 4875 1909 4929 altare
1937 4881 2118 4928 verte-

544 4952 718 5010 retur,
745 4954 796 5000 ct
829 4945 971 5000 unde
998 4945 1063 4998 ad
1095 4945 1524 4998 comburendum
1553 4944 1875 4998 holocausta
1903 4944 2118 5000 suﬂice-

543 5024 696 5068 retur
731 5035 745 5072 :
777 5018 856 5070 sic
900 5017 1044 5070 enim
1062 5014 1261 5084 Aamica
1306 5012 1879 5084 paraphrasi,sa3pius
1908 5016 2118 5068 auctori

545 5087 729 5139 minus
757 5085 996 5140 olﬁciosa
1043 5081 1211 5151 Cujus
1235 5081 1382 5137 mons
1417 5081 1557 5137 totus
1587 5081 1821 5138 Libanus
1853 5085 2042 5150 altare,
2069 5095 2119 5139 et

544 5164 745 5208 cuncta:
762 5156 906 5210 illius
932 5157 1098 5219 silum,
1124 5171 1269 5224 pyra:
1291 5155 1482 5222 forent.
1500 5154 1588 5218 At,
1611 5155 1740 5224 quid
1764 5155 1971 5209 Libano
1993 5171 2117 5210 cum

543 5226 724 5288 altari,
766 5242 952 5296 quaeve
991 5227 1111 5294 ejus
1146 5226 1354 5293 religio,
1397 5233 1490 5278 aut
1523 5241 1643 5294 quae
1681 5227 1736 5280 in
1769 5227 1861 5280 illo
1894 5227 2119 5296 antiquo

546 5296 675 5356 ritu,
707 5296 886 5348 oblata
931 5295 1040 5350 Deo
1085 5297 1422 5360 holocausta,
1467 5304 1524 5348 ut
1564 5296 1643 5351 sic
1672 5311 1735 5351 ex
1769 5313 1835 5350 eo
1873 5295 2121 5350 debuerit

546 5366 853 5420 Methodius
886 5368 1193 5437 exemplum
1228 5375 1430 5436 petere.
1463 5375 1516 5421 et
1553 5381 1659 5420 non
1690 5382 1758 5422 ex
1797 5367 1912 5422 suis
1943 5366 2120 5437 Lycia:

544 5437 775 5504 aliisque
828 5436 1185 5506 vicinioribus
1241 5438 1537 5498 montibus,
1589 5438 1789 5506 quibus
1831 5453 1932 5492 nec
1971 5436 2120 5493 silva!

542 5507 753 5572 desint;
788 5507 889 5561 etsi
927 5505 1066 5560 forte
1093 5507 1242 5561 deest
1277 5507 1424 5570 thus,
1459 5509 1536 5562 uti
1558 5505 1866 5573 etLibano;
1902 5506 2121 5562 Sabaeo-

543 5593 665 5629 rum
708 5580 928 5647 regione
974 5579 1318 5646 proveniens,
1381 5595 1486 5632 non
1532 5577 1740 5633 Libano
1772 5587 1982 5640 monte;
2021 5577 2120 5631 mi-

544 5662 796 5718 rumque,
824 5649 969 5718 quod
1008 5664 1173 5702 unum
1202 5649 1432 5704 attendit
1460 5648 1784 5713 Methodius,
1819 5649 1925 5703 ﬁdo
1955 5650 2120 5718 inter-

545 5717 999 5790 ιιιεριιὸμωνυμία
1026 5720 1273 5789 decepto,
1303 5735 1402 5774 nec
1432 5721 1485 5773 in
1517 5730 1750 5774 tuentem
1774 5721 2010 5774 venisse.
2040 5717 2118 5774 lu.

617 5789 828 5861 (ιδγει
875 5789 937 5844 τὸ
976 5789 1266 5866 κίτριον...
1324 5791 1558 5859 ὡραῖον.
1615 5790 1916 5854 Possiuius,
1971 5790 2117 5858 quod

1627 3569 1672 3599 ’⁷⁷
1699 3567 1864 3635 Apoc.
1892 3583 1985 3632 xx,
2013 3564 2065 3618 6.
2140 3565 2377 3640 "'l’rov.
2405 3583 2486 3628 ιιι,
2524 3564 2607 3621 l8.

2231 3203 2405 3274 Ἰησοῦ
2433 3202 2693 3275 Χριστοῦ,
2724 3201 2840 3264 πῶς
2879 3203 3014 3254 εἰσιν
3044 3199 3240 3267 ὡραῖοι
3271 3198 3431 3266 παρὰ
3461 3196 3602 3264 τοὺς
3626 3197 3810 3264 υἱοὺς

2222 3297 2340 3351 τῶν
2385 3295 2727 3364 ἀνθρώπων.
2799 3295 3014 3365 Ὠραῖος
3077 3291 3287 3364 καρπὸς
3351 3290 3651 3362 ἐϐλάστησε
3705 3289 3812 3345 διὰ

2223 3389 2517 3452 Μωύσέως,
2547 3389 2576 3440 6
2607 3388 2788 3458 νόμοςι
2825 3385 2936 3438 ἀλλ’
2970 3385 3067 3455 οὐχ
3093 3385 3265 3448 οὕτως
3302 3380 3370 3456 ἦν
3402 3383 3602 3455 ὡραῖος
3637 3381 3715 3446 ὡς
3745 3382 3812 3437 τὸ

2684 3567 2728 3598 ⁷ο
2759 3564 2906 3618 Psal.
2945 3580 2982 3628 ι,
3007 3565 3058 3619 ’5.
3123 3565 3168 3596 ⁸ο
3206 3563 3354 3618 Psai.
3382 3579 3525 3628 xuv,
3562 3562 3614 3618 5.

2225 3745 2425 3816 ubique
2475 3753 2656 3816 textus
2699 3759 2876 3816 sacer,
2924 3750 2978 3798 ct
3025 3743 3347 3816 interpretes
3389 3748 3442 3816 et
3484 3741 3809 3798 Mctbodius

2224 3813 2458 3869 fructum
2494 3815 2702 3880 dicunt,
2741 3815 2961 3874 citrum,
2997 3823 3214 3884 repente
3250 3813 3304 3866 in
3339 3813 3584 3868 arborem
3621 3823 3812 3868 muta-

2223 3887 2332 3951 vit;
2367 3895 2425 3940 ut
2459 3893 2511 3940 et
2550 3885 2833 3955 sequentia
2877 3885 3075 3954 quibus
3117 3887 3240 3938 aliis
3279 3893 3644 3952 comparatur,
3673 3900 3810 3953 qua:

2222 3957 2510 4011 videantur
2539 3957 2623 4011 vel
2652 3970 2868 4025 aequare
2901 3955 2982 4009 vel
3039 3956 3201 4009 etiam
3238 3969 3499 4025 superare
3523 3957 3643 4024 ejus
3669 3955 3813 4024 pul-

2221 4027 2616 4093 chritudinem;
2667 4041 2822 4090 uvas,
2875 4027 3264 4096 malogranata,
3316 4026 3456 4079 mala
3495 4038 3809 4095 pomaque;

2226 4113 2363 4152 nova
2396 4097 2893 4168 certeunimizeque
2929 4097 2983 4149 in
3012 4097 3324 4168 interprete
3359 4097 3590 4150 licentia:
3625 4104 3812 4168 meta:

2227 4169 2526 4237 morphosi.
2573 4166 2828 4221 Fructum
2874 4166 3206 4236 speciosum,
3262 4169 3375 4221 sive
3402 4167 3588 4232 etiam,
3618 4173 3676 4218 ut
3705 4167 3808 4222 alii

2225 4239 2456 4303 malunt,
2479 4239 2690 4292 arboris
2713 4239 2992 4306 speciosae.
3022 4239 3194 4292 citrus
3221 4245 3326 4301 est,
3351 4244 3410 4290 ut
3432 4237 3813 4306 communiter

2225 4309 2447 4378 tradunt
2467 4307 2709 4374 Hebraei;
2736 4305 3110 4378 praaiveritque
3133 4306 3388 4378 Targum.
3414 4305 3672 4372 Onkelos,
3703 4308 3811 4378 qui

2226 4378 2359 4434 illud
2391 4377 2600 4434 Hebraei
2623 4387 2823 4443 textus,
2854 4377 3083 4447 fructum
3109 4379 3239 4448 ligni
3265 4377 3491 4439 decoris,
3527 4377 3814 4448 exposue-

2152 4479 2196 4533 υ
2225 4450 2334 4533 rit,
2373 4451 2604 4532 fructum
2643 4450 2953 4533 ligni‘citr‘i.
2997 4447 3282 4532 Mana’hem
3314 4456 3368 4505 et
3403 4447 3623 4533 Gerund
3653 4447 3815 4532 liab-

2227 4519 2377 4584 bini,
2407 4521 2581 4590 ipsam
2615 4523 2802 4574 volunt
2839 4520 3114 4585 arborem,
3148 4520 3309 4589 cujus
3337 4536 3434 4576 esu
3465 4519 3672 4575 Adamn
3725 4521 3816 4575 in-

2227 4589 2538 4654 terdictum,
2562 4606 2726 4661 penes
2745 4603 2884 4660 quos
2910 4590 2980 4644 sit
3007 4589 3141 4646 ﬁdes
3164 4609 3177 4645 :
3207 4606 3332 4644 nam
3356 4592 3480 4660 quis
3509 4591 3816 4661 revelavit?

2225 4661 2453 4716 Auream
2477 4660 2717 4732 arborem
2740 4668 2897 4732 vocat
2921 4661 3190 4731 interpres
3211 4661 3499 4716 Arabicus.
3528 4660 3814 4732 Iosephus

2225 4733 2290 4784 ἐκ
2321 4732 2576 4802 φοινίκων
2610 4731 2702 4784 καὶ
2728 4730 2970 4802 κιτρίων,
2994 4730 3276 4799 εωίραιηιὶδ
3307 4741 3356 4784 et
3375 4731 3547 4802 citris,
3578 4730 3813 4800 (quibus

2225 4801 2469 4858 Conferta
2505 4801 3120 4871 Palzestinajinstruere
3159 4802 3351 4856 solitos
3384 4801 3551 4857 refert
3580 4803 3813 4860 Judaeos

2226 4891 2324 4927 sua
2371 4873 2484 4927 haec
2528 4873 2878 4927 tabernacula
2912 4883 3001 4928 :el
3052 4873 3212 4926 modo
3250 4873 3551 4937 instruunt,
3597 4875 3811 4943 quibus

2228 4945 2360 5000 locis
2386 4959 2486 4999 suo
2513 4943 2620 5015 ritu
2651 4944 2904 5015 sinuntur
2937 4945 3138 5006 vivere,
3171 4944 3460 5015 ambitioso
3483 4959 3615 5015 sane
3639 4959 3816 5015 appa-

2225 5026 2366 5077 ratu,
2409 5013 2587 5084 quoad
2619 5029 2716 5082 per
2759 5013 3068 5069 facultatem
3117 5015 3259 5069 licet.
3295 5013 3622 5076 Methodius,
3655 5013 3810 5084 quod

2223 5083 2437 5157 negare
2465 5083 2733 5157 videtur,r_
2755 5085 2991 5157 frtt‘clum
3032 5086 3187 5157 illum
3228 5084 3451 5157 ὡραῖον,
3482 5083 3806 5154 speciosum,

2226 5158 2308 5210 vel
2352 5155 2434 5218 (ιιι
2470 5155 2669 5223 schol.)
2709 5154 2937 5220 ἔνδοξον,
2983 5154 3298 5226 gloriosum,
3353 5157 3523 5212 fuisse
3574 5157 3810 5222 citrum,

2225 5241 2337 5279 rem
2367 5241 2472 5280 non
2499 5226 2718 5279 conﬁcit
2744 5244 2756 5280 :
2789 5226 2884 5282 sed
2912 5225 3058 5294 qubd
3085 5225 3255 5280 Judaei
3290 5242 3397 5280 non
3430 5227 3536 5281 alio
3564 5234 3811 5282 mentem

2224 5297 2422 5368 ferant,
2457 5313 2558 5351 nec
2591 5296 2893 5366 intelligant
2927 5298 3130 5368 aliquid
3159 5298 3405 5367 spiritale
3434 5297 3625 5352 horum
3652 5313 3814 5368 sym-

2225 5368 2348 5420 bolo
2377 5367 2671 5437 designari.
2694 5367 3044 5424 Commodior
3067 5371 3189 5424 citri
3225 5376 3454 5422 ornatus
3489 5367 3817 5422 tabernacu-

2226 5439 2299 5496 lo,
2329 5454 2490 5507 quam
2536 5439 2613 5491 vel
2656 5453 2902 5501 uvarum,
2949 5440 3034 5495 vel
3072 5443 3302 5494 aliorum
3334 5454 3456 5508 qua:
3490 5439 3580 5492 ille
3612 5438 3811 5505 refert,

2225 5511 2368 5576 quod
2405 5511 2520 5578 ipsa
2551 5508 2714 5561 arbor
2752 5518 2805 5580 et
2853 5509 2978 5562 I'olia
3015 5512 3261 5580 ramique
3293 5525 3404 5564 non
3450 5509 3608 5564 facile
3655 5525 3814 5580 mar-

2225 5591 2470 5653 cescant,
2506 5581 2732 5653 ipsaque
2760 5579 3012 5653 decorem
3045 5579 3204 5653 malo,
3222 5590 3476 5650 augeant,
3515 5591 3570 5635 et
3601 5581 3670 5633 ab
3707 5579 3814 5634 illo

2225 5651 2481 5704 hauriant
2515 5669 2527 5703 :
2560 5650 2814 5718 quodque
2857 5651 3034 5720 ipsum
3081 5650 3280 5705 malum
3313 5653 3431 5708 dies
3465 5667 3573 5706 non
3597 5662 3814 5720 paucos

2225 5722 2493 5792 integrum
2529 5727 2837 5790 perseveret
2866 5731 2920 5778 et
2949 5724 3253 5778 odoratum.
3285 5721 3355 5776 ln.
