4010 6328
205 343 306 400 183

1259 345 1642 404 CONVIVIUM
1679 347 1912 406 DECEM
1942 346 2302 406 VIRGINUM.

3365 353 3465 412 186

206 465 556 547 Εὑαγγέλιονμ.
606 467 847 531 Ἐκεῖνος
874 465 971 538 μὲν
1001 465 1111 540 γὰρ
1131 467 1304 534 τύπος
1332 489 1416 536 τις
1442 467 1510 544 ἦν
1539 471 1633 526 καὶ
1661 473 1764 527 σκιέ

1893 474 2063 546 ﬁgura
2107 475 2357 546 quaedam
2401 481 2521 531 erat
2570 483 2628 531 et‘
2659 474 2850 530 umbra
2892 474 3197 532 futurarum
3247 492 3460 547 rerum;

206 560 309 614 τῶν
363 543 670 630 μελλόντων
712 559 1052 631 πραγμάτων
1079 574 1093 588 ·
1136 559 1296 614 τοῦτο
1333 561 1389 615 δὲ
1422 543 1651 634 ἀλήθεια
1691 563 1786 616 καὶ

211 654 348 724 ζωῆς
391 653 574 725 χάρις.
640 653 856 724 Ὠραῖος
892 649 959 725 ἦν
991 653 1100 708 τῶν
1147 654 1442 727 προφητῶν
1483 657 1512 709 ὁ
1543 657 1781 728 καρπός·

211 748 317 803 ἀλλ’
348 747 450 816 οὐχ
482 745 656 809 οὕτως
695 746 918 817 ὡραῖος,
950 747 1024 811 ὡς
1056 749 1085 801 ὁ
1117 747 1177 814 ἐξ
1221 747 1388 802 αὑτοῦ
1433 749 1786 822 γεωργούμε-

211 853 312 900 νος,
341 835 444 904 τῆς
476 834 812 907 ἀφθαρσίας.

1887 568 2238 640 Evangelium
2273 575 2451 623 autem
2486 569 2687 624 veritas
2719 577 2823 633 est,
2855 575 2909 623 et
2943 568 3067 624 vitae
3110 570 3305 640 gratia.
3336 568 3466 624 Pul-

1885 660 2018 715 cher
2047 667 2165 716 erat
2184 660 2570 730 prophetarum
2603 658 2949 723 fructus,sed
2983 676 3091 714 non
3124 661 3196 714 ita
3216 661 3462 732 pulcher,

1886 764 1946 809 ut
1976 756 2068 825 qui
2119 770 2186 810 ex
2243 755 2363 824 ipso
2407 755 2626 825 legitur,
2655 754 3081 823 incorruptionir
3113 753 3348 814 fructus.

213 954 328 1011 CAP.
361 953 452 1010 IV.
487 954 639 1012 Mens
666 957 971 1031 degurgatis
995 959 1133 1013 vitiis
1158 961 1530 1028 perspicacior.
1576 963 1754 1016 Animi
1779 972 1998 1016 ornatus
2023 979 2085 1016 ac
2110 963 2360 1015 virtutum
2392 962 2570 1015 series.
2602 961 2851 1016 Charitas
2875 960 3037 1016 densa
3065 971 3114 1016 et
3137 961 3434 1031 constipata

733 1027 992 1093 Cas'titas,
1021 1032 1254 1084 omnium
1281 1027 1579 1101 postremus
1607 1044 1848 1088 ornatus.
1891 1032 2011 1102 Ipse
2032 1033 2362 1086 matrimonii
2402 1031 2747 1102 castigandus
2778 1049 2929 1088 usus.

273 1141 377 1194 Καὶ
406 1141 687 1210 λήψεσθε
713 1143 948 1212 ἑαυτοῖς
975 1143 1048 1213 τῇ
1087 1144 1284 1214 πρώτῃ
1327 1147 1515 1216 ἡμέρᾳ
1544 1146 1776 1216 καρπὸν

212 1236 388 1300 ξύλου
424 1236 666 1305 ὡραῖον,
700 1239 797 1291 καὶ
856 1237 1200 1307 κὰλλυντρα
1250 1241 1561 1307 φοινίκων·
1604 1238 1777 1309 λέγων

210 1328 296 1398 τὴν
318 1328 550 1398 ἄσκησιν
580 1329 686 1380 τῶν
716 1328 876 1382 θείων
906 1327 1262 1400 μαθημάτων,
1283 1324 1364 1393 οἷς
1389 1329 1777 1402 ἐκκαθαίρεται

210 1423 294 1473 καὶ
324 1423 612 1490 κοσμεῖται
657 1421 800 1492 ψυχὴ
832 1422 1038 1474 νικῶσα
1078 1422 1146 1476 τὰ
1192 1421 1358 1492 πάθη,
1396 1423 1777 1494 άποσαρουμέ-

208 1512 427 1584 νωνμςί)
463 1512 525 1578 ἐξ
557 1515 727 1586 αὐτῆς
767 1515 862 1568 καὶ
904 1514 1308 1586 ἐκϐαλλομένων
1357 1516 1466 1570 τῶν
1527 1518 1776 1589 ἁμαρτη-

210 1606 398 1674 μάτων.
428 1608 527 1658 Δεῖ
562 1607 672 1680 γὰρ
705 1607 978 1681 καθαροὺς
1015 1609 1110 1663 καὶ
1141 1610 1590 1682 κεκοσμημένους
1621 1611 1776 1680 ἣκειν

206 1699 276 1760 εἰς
299 1698 393 1769 τὴν
427 1699 646 1770 ἑορτὴν,
687 1699 872 1771 ὥσπερ
911 1702 1205 1774 κοσμήτρῳ
1233 1705 1351 1766 ταῖς
1383 1704 1648 1774 άσκήσεσι
1681 1703 1775 1757 καὶ

1955 1146 2023 1200 Et
2068 1148 2282 1201 sumetis
2322 1146 2462 1202 vobis
2493 1148 2665 1215 prima
2700 1146 2783 1201 die
2835 1148 3064 1217 fructum
3101 1149 3229 1220 ligni
3261 1151 3461 1220 specio-

1883 1255 2030 1303 sum,
2063 1249 2110 1292 et
2143 1238 2387 1306 spatulas
2441 1239 2742 1305 palmarum
2789 1239 2854 1292 ⁸¹.
2912 1237 3113 1310 Nempe
3146 1240 3456 1299 divinarum

1883 1329 2294 1398 disciplinarum
2356 1329 2798 1383 exercitationem
2855 1330 3212 1399 signiﬁcans,
3257 1333 3456 1404 quibus

1883 1421 2212 1475 emundatur
2234 1427 2287 1474 et
2309 1427 2536 1474 ornatur
2564 1421 2779 1475 animus
2807 1420 3058 1474 vitiorum
3077 1422 3271 1487 victor,
3296 1440 3455 1480 ever-

1883 1513 2003 1567 ritis
2033 1529 2097 1567 ex
2126 1517 2242 1582 ipsa
2265 1511 2564 1582 cjectisque
2586 1513 2841 1582 peccatis.
2866 1511 3096 1568 Mundos
3122 1515 3266 1569 enim
3292 1524 3458 1586 atque

1882 1613 2106 1660 ornatos
2135 1605 2202 1658 ad
2252 1605 2448 1658 festum
2487 1607 2673 1660 venire
2736 1620 2961 1660 necesse
3013 1613 3133 1672 est,
3195 1613 3453 1682 tanquam

1880 1699 2171 1768 mangonio
2205 1699 2439 1768 quodam
2465 1739 2480 1763 ,
2539 1697 2812 1769 religiosis
2841 1699 3101 1768 operibus
3129 1699 3456 1769 virtutisque

206 1789 448 1858 μελέταις
492 1791 598 1861 τῆς
626 1791 828 1864 ἀρετῆς
873 1793 1464 1865 πεφιλοπονουμένους*
1494 1797 1574 1849 ὅτι
1625 1796 1764 1868 μελέ·

1879 1791 2155 1847 exercitiis
2182 1792 2464 1862 magnitice
2492 1801 2738 1863 comptos
2766 1803 2829 1848 ac
2861 1794 3148 1864 expolitos.
3187 1793 3451 1850 Laborio-

202 1897 307 1943 ταις
350 1882 636 1947 ἐπιπόνοις
690 1885 784 1937 καὶ
831 1886 1094 1956 ἀσκήσεσι
1145 1887 1541 1959 καθαιρόμενος
1577 1891 1606 1942 ό
1651 1887 1773 1953 νοῦς

202 1975 293 2027 τῶν
345 1976 832 2031 ὲπικαλυπτόντων
886 1979 1046 2032 αὐτὸν
1091 1979 1314 2034 ἀλλοίων
1360 1981 1731 2054 διανοημάτων
1755 2023 1771 2047 ,

202 2065 466 2138 ὀξυδερκεῖ
505 2067 645 2139 πρὸς
699 2069 800 2140 τὴν
832 2069 1106 2141 ἀλήθειαν.
1145 2071 1411 2145 Καθάπερ
1433 2075 1527 2127 καὶ
1565 2077 1596 2146 ἡ
1630 2075 1773 2148 χήρα

202 2159 279 2212 τὸν
297 2160 601 2232 κοδράντην
623 2162 681 2214 ὲν
708 2165 821 2226 τοῖς
851 2163 1200 2233 Εύαγγελίοις
1229 2163 1515 2236 ἀνεύρατο,
1551 2167 1688 2236 μετὰ
1711 2166 1772 2218 τὸ

204 2254 432 2324 παρῶσαι
466 2253 560 2306 τὸν
590 2249 735 2306 οἷκον
765 2253 861 2309 καὶ
895 2255 1048 2326 ῥίψαι
1080 2255 1148 2309 τά
1178 2257 1401 2328 κόπρια,
1445 2256 1512 2310 τὰ
1552 2258 1772 2310 ἐπισκο-

203 2345 378 2400 τοῦντα
409 2348 506 2400 καὶ
538 2346 882 2402 καλύπτοντα
909 2349 1054 2420 πάθη
1082 2350 1179 2422 τὴν
1210 2349 1406 2422 ψυχὴν,
1439 2349 1509 2402 τά
1536 2350 1644 2403 ἀπὸ
1669 2349 1768 2421 τῆς

204 2438 433 2510 θρύψεως
464 2441 626 2512 ἡμῶν
660 2442 755 2495 καὶ
782 2442 882 2513 τῆς
915 2443 1170 2534 ἀμελείας
1204 2443 1557 2516 πληθύνοντα.

262 2625 366 2679 Καὶ
395 2625 582 2680 τοίνυν
607 2629 636 2680 ὁ
669 2626 983 2692 σπουδάζων
1012 2630 1091 2692 εἰς
1134 2628 1232 2699 τὴν
1264 2630 1455 2701 ἑορτὴν
1485 2630 1592 2683 τῶν
1628 2631 1768 2701 Σκη-

204 2717 292 2770 νῶν
328 2719 557 2774 ἐκείνων
582 2720 806 2789 φθάσαι,
839 2721 934 2775 καὶ
961 2725 1071 2786 τοῖς
1106 2723 1283 2791 ἁγίοις
1328 2723 1767 2795 συγκαταλεχθῆ-

201 2828 310 2875 ναι,
342 2811 563 2882 πρῶτον
592 2813 684 2866 τὸν
718 2813 916 2886 ὡραῖον
951 2815 1048 2886 τὴν
1093 2816 1274 2869 πίστιν
1311 2817 1600 2887 κτησάσθω
1633 2835 1767 2890 καρ-

201 2903 324 2955 πόν·
359 2901 478 2958 εἶτα
503 2905 575 2958 τὰ
620 2906 949 2978 κάλλυντρα,
980 2907 1076 2979 τὴν
1122 2909 1352 2979 ἄσκησιν
1395 2910 1487 2963 καὶ
1538 2909 1766 2981 μελέτην

195 2996 298 3049 τῶν
332 2997 593 3067 Γραᾳῶν·
637 2995 758 3054 εἶτα
789 3000 917 3064 τοὺς
968 3001 1254 3073 ἐριθηλέας
1304 3001 1500 3074 ἐφεξῆς
1538 3003 1766 3068 κλάδους

197 3087 295 3156 τῆς
325 3087 536 3160 ἀγάπης
558 3090 654 3143 καὶ
694 3089 896 3154 δασεῖς,
931 3090 1022 3155 οὓς
1051 3092 1143 3145 καὶ
1179 3092 1316 3163 μετὰ
1355 3093 1424 3147 τά
1456 3093 1764 3165 κάλλυντρα

197 3181 481 3250 παρεγγυᾷ
517 3180 921 3252 λαμϐάνεσθαι,
966 3183 1190 3248 κλάδους
1234 3183 1414 3250 δασεῖς
1459 3185 1761 3240 εὐθυϐολώ-

194 3289 347 3334 τατα,
379 3272 475 3343 τὴν
498 3274 719 3345 ἀγάπην
751 3273 963 3344 φράσας
985 3291 998 3305 ⁸
1027 3275 1087 3328 τὸ
1115 3274 1224 3348 γὰρ
1243 3276 1376 3331 δασὺ
1407 3277 1762 3350 κατάκαρπον

192 3363 302 3415 ὅλον
337 3365 456 3416 ἐστὶ
500 3364 596 3418 καὶ
639 3366 862 3430 πυκνὸν,
895 3366 1056 3436 μηδὲν
1086 3366 1297 3440 ψιλὸνῆ
1336 3368 1579 3423 διάκενον
1618 3369 1760 3440 ἔχον,

191 3457 316 3510 ἀλλὰ
344 3459 524 3512 πάντα
577 3459 1003 3531 πεπληρωμένον
1027 3501 1042 3524 ,
1078 3461 1174 3515 καὶ
1223 3464 1347 3526 τοὺς
1379 3463 1629 3534 ὄρπηκας
1668 3465 1763 3518 καὶ

190 3548 252 3600 τά
275 3550 525 3622 στελέχη.
559 3550 813 3605 Τοιοῦτον
841 3550 946 3623 γάρ
977 3551 1176 3625 ἐστινὴ
1206 3554 1416 3625 ἀγάπη,
1455 3555 1762 3627 μηδαμόθεν

192 3641 440 3706 ύπόκενος
467 3641 502 3713 ἦ
535 3642 785 3714 ἄκαρπος
815 3638 967 3696 οὖσα.
992 3639 1070 3697 Ἦ
1105 3645 1232 3717 γὰρ,
1262 3646 1372 3700 ἐὰν
1404 3648 1667 3717 πωλήσω
1691 3648 1764 3704 τὰ

190 3733 532 3802 ὑπάρχοντά
561 3752 703 3804 μου,
735 3735 832 3789 καὶ
868 3735 1038 3790 δώσω
1079 3738 1369 3808 πτωχοῖς·
1405 3741 1503 3794 καὶ
1549 3742 1657 3796 ἐὰν
1695 3741 1761 3796 τὸ

190 3828 345 3898 σῶμά
385 3848 511 3899 μου
552 3832 697 3898 πυρὶ
752 3831 1076 3900 παραδώσω
1102 3873 1116 3896 ,
1169 3833 1267 3887 καὶ
1308 3835 1416 3888 ἐὰν
1459 3837 1763 3905 τοσαύτην

191 3923 404 3990 πίστιν,
426 3921 590 3975 ὥστε
613 3923 721 3992 ὄρη
743 3921 1053 3992 μεθιστᾷν,
1081 3925 1406 3995 κτήσωμαι,
1430 3926 1670 3996 ἀγάπην
1693 3926 1762 3981 δὲ

187 4016 260 4087 μὴ
291 4019 408 4086 ἔχω
429 4057 445 4079 ,
501 4016 686 4071 οὐδέν
719 4019 854 4087 εἶμι.
905 4017 1113 4090 Ἀγάπη
1167 4018 1276 4092 ἄρα
1314 4019 1374 4072 τὸ
1406 4021 1760 4091 κατάκαρπον

189 4110 291 4162 ἐστι
329 4112 427 4163 καὶ
466 4109 770 4162 δασύτατον
821 4108 973 4174 ξύλον
1012 4111 1250 4177 πάντων,
1283 4113 1316 4183 ἡ
1377 4113 1623 4184 γέμουσα
1667 4115 1761 4169 καὶ

190 4203 588 4276 ππληρωμὲνη
624 4203 732 4256 τῶν
759 4204 1017 4276 χαρίτων.

247 4379 376 4434 Εἶτα
416 4380 476 4433 τί
512 4381 1040 4453 παραλαμϐάνεσθαι
1091 4383 1338 4454 βούλεται
1390 4401 1484 4439 και
1532 4383 1755 4456 ἓτερον;

1877 1883 1954 1938 sis
1983 1885 2129 1938 enim
2159 1883 2213 1938 id
2262 1900 2434 1954 genus
2464 1887 2904 1942 exercitamentis
2933 1886 3231 1958 depurgata
3257 1903 3412 1944 mens
3435 1929 3452 1956 ,

1875 1995 1904 2034 a
1937 1979 2274 2035 diversarum
2305 1981 2693 2050 cogitationum
2727 1980 2872 2034 illam
2921 1981 3335 2035 obtundentium
3369 1979 3456 2034 of-

1875 2072 1994 2127 fusa
2028 2072 2245 2139 nebula,
2274 2081 2432 2127 acute
2448 2073 2725 2126 veritatem
2759 2073 2952 2128 cernit.
2989 2071 3078 2127 Uti
3100 2073 3260 2128 etiam
3287 2071 3454 2128 vidua

1875 2163 1927 2218 in
1962 2163 2267 2235 Evangeliis
2297 2165 2341 2196 ⁸¹
2378 2165 2734 2234 quadrantem
2789 2165 3024 2226 invenit,
3076 2180 3200 2218 cum
3228 2163 3452 2220 domum

1871 2257 2166 2311 everrisset
2195 2265 2249 2311 et
2277 2257 2469 2312 sordes
2518 2256 2800 2325 ejecisset;
2852 2257 2980 2310 vitia
3013 2258 3223 2313 scilicet
3250 2258 3452 2314 obscu-

1870 2351 2049 2404 rantia
2082 2351 2321 2404 animum
2362 2365 2424 2403 ac
2470 2351 2840 2414 obnubentia,
2891 2367 3012 2421 qua:
3059 2367 3156 2422 per
3204 2359 3447 2406 nostram

1870 2442 2153 2498 mollitiem
2186 2458 2250 2498 ac
2281 2444 2586 2499 socordiam
2621 2444 2827 2514 ingenti
2865 2444 3024 2498 nobis
3055 2451 3236 2515 segete
3285 2458 3445 2515 auge-

1869 2544 2048 2591 scunt.

1939 2625 2043 2692 Qui
2094 2627 2260 2698 igitur
2307 2626 2375 2681 ad
2409 2625 2911 2682 Tabernaculorum
2969 2627 3186 2682 illorum
3247 2626 3448 2684 festum

1869 2721 2018 2790 cupit
2075 2721 2338 2784 evadere,
2403 2722 2567 2791 inque
2618 2729 2930 2776 sanctorum
2971 2737 3196 2778 censum
3251 2719 3450 2778 referri

1867 2813 2068 2878 studet,
2095 2815 2330 2884 primum
2373 2815 2678 2885 speciosum
2710 2813 2946 2869 fructum
2975 2854 2990 2878 ,
3041 2815 3093 2869 id
3141 2819 3225 2869 cst
3260 2813 3446 2879 (idem,

1869 2903 1972 2958 sibi
2027 2915 2356 2974 comparet:
2415 2913 2531 2959 tum
2597 2906 2884 2976 spatulas,
2927 2913 3188 2960 attentam
3237 2905 3451 2960 scilicet

1869 2997 2279 3066 Scripturarum
2313 2999 2714 3054 meditationem
2754 3014 2817 3053 ac
2856 2998 2910 3051 in
2957 2999 3036 3053 eis
3089 2995 3444 3051 exercitatio-

1868 3104 2029 3143 nem:
2071 3097 2259 3159 postca
2308 3090 2413 3145 late
2449 3089 2766 3148 frondentes
2798 3089 3105 3160 densosque
3162 3087 3445 3143 charitatis

1866 3197 2070 3245 ramos,
2104 3197 2243 3252 quos
2277 3190 2395 3252 post
2422 3183 2664 3252 spatulas
2696 3182 2848 3252 jubet
2876 3183 3050 3248 sumi;
3093 3195 3276 3234 ramos
3306 3179 3441 3234 den-

1867 3289 1957 3329 sos
1982 3274 2263 3344 aptissime
2292 3275 2614 3329 charitatem
2649 3290 2886 3341 vocans;
2923 3273 3068 3344 quod
3103 3275 3244 3328 enim
3271 3274 3439 3329 dense

1863 3369 2022 3432 viret,
2056 3369 2168 3423 fere
2199 3367 2339 3423 idem
2368 3369 2588 3438 copiose
2631 3369 2975 3444 fructuosum
3010 3375 3294 3437 totumque
3320 3366 3438 3421 fru-

1866 3460 2096 3531 giferum
2126 3469 2230 3524 est,
2254 3460 2392 3514 nihil
2443 3463 2583 3516 exile
2631 3475 3038 3530 exsuccumque
3070 3459 3309 3525 habens,
3343 3458 3442 3516 sed

1865 3557 2046 3612 omnia
2083 3557 2261 3626 plena,
2287 3565 2339 3610 et
2365 3570 2548 3610 ramos
2583 3564 2637 3609 et
2667 3561 2914 3608 truncos.
2945 3551 3096 3607 Talis
3125 3552 3329 3622 quippe
3357 3559 3445 3608 est

1864 3649 2137 3711 Charitas,
2180 3649 2326 3702 nulla
2361 3657 2514 3718 parte
2555 3661 2724 3701 vacua
2762 3652 2856 3698 aut
2891 3646 3250 3701 infructuosa.
3303 3644 3441 3700 Nam

1863 3743 1912 3796 si
1940 3741 2214 3797 vendidero
2254 3758 2430 3796 omnes
2454 3740 2735 3810 facultates
2760 3756 2904 3793 meas
2925 3779 2940 3804 ,
2973 3750 3024 3792 ct
3048 3738 3366 3793 distribuero
3387 3741 3441 3793 in

1863 3836 2003 3889 cibos
2030 3850 2356 3903 pauperum;
2388 3843 2438 3888 et
2470 3835 2516 3887 si
2546 3849 2736 3902 corpus
2769 3849 2937 3886 meum
2985 3833 3093 3900 igni
3127 3831 3440 3895 tradidero;

1861 3937 1910 3982 et
1935 3929 1982 3981 si
2012 3936 2214 3980 tantam
2262 3927 2418 3996 ﬁdem
2457 3926 2687 3980 habuero
2729 3936 2784 3979 ut
2843 3935 3041 3979 montes
3074 3927 3395 3994 transferam
3421 3964 3436 3987 ,

1863 4021 2170 4074 charilatem
2208 4030 2381 4074 autem
2408 4037 2511 4074 non
2547 4020 2800 4086 habuero,
2831 4020 2962 4072 nihil
2991 4035 3108 4072 sum
3141 4019 3208 4072 ³³.
3237 4017 3437 4072 Chari-

1861 4125 1945 4170 tas
1981 4115 2144 4186 igitur
2174 4115 2338 4169 arbor
2374 4122 2458 4171 est
2495 4114 2762 4168 fructibus
2813 4114 2968 4183 longe
3013 4112 3288 4166 uberrima
3318 4124 3439 4164 om-

1861 4206 2120 4277 niumque
2177 4206 2538 4273 densissima;
2601 4207 2795 4277 gratiis
2828 4207 3039 4261 scilicet
3067 4204 3284 4260 abunde
3316 4217 3441 4259 sca-

1859 4309 1983 4354 tens
2016 4300 2191 4370 iisque
2220 4301 2398 4370 plena.

1933 4388 2142 4444 Exinde
2169 4391 2299 4460 quid
2329 4397 2382 4446 et
2413 4391 2557 4445 aliud
2590 4405 2691 4445 nos
2738 4398 2852 4445 vult
2886 4390 3206 4446 assumere?
3232 4388 3438 4447 Bamos

184 4477 295 4539 τοὺς
324 4475 562 4539 κλάδους
607 4477 852 4540 ξτεῖνους,
905 4479 1058 4547 φησὶ,
1097 4476 1194 4548 τὴν
1238 4477 1580 4549 δικαιοσύνην
1629 4476 1761 4531 κλά-

1872 4483 2075 4538 scilicet
2105 4483 2332 4537 salicum
2357 4521 2371 4546 ,
2421 4484 2528 4538 isto
2555 4483 2801 4553 symbolo
2825 4483 3093 4552 justitiam
3143 4482 3394 4538 indicans
3418 4500 3434 4551 ;

182 4567 291 4634 δούς
335 4571 574 4633 ξτεῖνους
618 4569 956 4641 κικλήσκων,
991 4569 1108 4623 ἀνθ’
1137 4563 1213 4624 ὧν
1258 4571 1309 4624 οἱ
1341 4570 1569 4635 δίκαιοι,
1615 4571 1755 4624 κατὰ

183 4661 261 4715 si»:
287 4664 608 4736 προφήτην.
643 4662 724 4739 (ᾕ-
761 4661 1069 4731 ὰναμέσον
1101 4662 1318 4730 ὕδατος
1349 4663 1756 4720 ἀνατέλλουσι

183 4760 404 4827 χόρτος,
431 4757 534 4812 καὶ
562 4757 643 4823 ὡς
667 4755 792 4813 ἰτέα
811 4755 910 4811 ἐπὶ
925 4757 1260 4827 παραρρέον
1280 4755 1456 4825 ὕδωρ,
1473 4756 1756 4823 θάλλοντες

181 4849 245 4919 τῷ
275 4850 442 4921 Myer.
465 4849 582 4902 Καὶ
605 4848 698 4901 ἐπὶ
721 4851 874 4914 πᾶσι,
896 4850 1019 4913 τοὺς
1047 4848 1296 4918 άγνίνους
1324 4847 1756 4920 ὲπικοσμοῦντας

77 4965 89 4980 ο
181 4937 264 5008 τὴν
307 4937 522 5010 σκηνὴν
574 4937 1004 5010 παρακελεύεται
1054 4938 1457 5010 προσφέρεσθαι
1506 4939 1751 5005 κλάδους,

289 5094 335 5125 ⁸⁸
371 5092 546 5148 Leuit.
579 5110 738 5160 mn,
761 5094 850 5149 40.
961 5097 1006 5129 "
1039 5094 1214 5153 Marc.
1254 5111 1354 5162 xu,
1384 5095 1477 5152 42.

258 5211 353 5280 μ)
393 5211 953 5282 Ἀποσιιρουμὲνων.
991 5211 1089 5268 Hic
1125 5214 1274 5281 item,
1321 5228 1440 5268 meo
1477 5213 1745 5282 periculo,

183 5284 320 5336 Vocis
367 5291 681 5354 monstrum
715 5284 900 5351 cjicio,
945 5285 1089 5354 quod
1139 5287 1332 5340 attinet
1375 5284 1443 5337 ad
1491 5283 1748 5339 Methodii

186 5353 1091 5426 ιξιῡροείιυιιι,ἀποσαρκουμένων.
1121 5355 1314 5411 Conati
1365 5355 1582 5426 quidem
1626 5354 1749 5409 red-

187 5423 297 5476 dere
329 5422 442 5478 leo
470 5423 722 5490 Allatins,
758 5422 791 5477 ιι
831 5422 940 5478 suis
977 5429 1222 5481 carnibus
1267 5422 1530 5491 dimilsis;
1564 5424 1750 5480 Possi-

189 5494 320 5568 niusi.
347 5494 567 5547 evulsis.
605 5492 805 5548 Verum
840 5512 947 5568 non
975 5498 1085 5552 haec
1117 5499 1265 5554 illius
1293 5499 1442 5552 vocis
1481 5498 1746 5568 acceptio,

189 5565 265 5617 sed
289 5567 344 5616 in
377 5582 594 5617 carnem
628 5567 905 5624 concretis.
941 5576 1000 5621 ut
1034 5585 1156 5622 cum
1181 5569 1405 5623 cicatrix
1437 5565 1748 5629 obducitur,

188 5641 229 5684 et
255 5650 384 5708 caro
416 5637 704 5708 enascitur
727 5656 739 5691 :
766 5636 911 5707 quod
939 5655 1097 5693 nemo
1123 5655 1230 5693 non
1255 5638 1420 5705 videt,
1448 5653 1610 5708 quam
1641 5653 1750 5692 non

189 5706 584 5775 aptejungatur
615 5705 873 5773 eiet-lieni
905 5718 1272 5777 peccatorum.
1313 5709 1409 5765 Est
1452 5705 1584 5778 ergo
1619 5709 1752 5762 ἀπο·

191 5778 544 5849 ταφυμένων,
584 5778 660 5830 ita
695 5788 750 5830 ut
780 5790 1086 5832 everrantur
1106 5790 1317 5849 peccata
1344 5789 1394 5836 et
1424 5781 1750 5849 ejiciantur;

191 5846 290 5899 sire
310 5848 548 5903 uertitis
582 5850 866 5919 ejectisque
893 5846 1154 5918 peccatis;
1183 5867 1346 5922 quam
1403 5846 1748 5921 postmodum

1554 5095 1602 5129 ⁸³
1642 5094 1673 5150 1
1713 5095 1841 5152 Cor.

1863 4574 2070 4630 idcirco
2121 4574 2379 4628 nimirum
2431 4575 2574 4645 quod
2616 4574 2790 4642 justi,
2850 4581 2907 4628 ut
2942 4581 3132 4628 auctor
3181 4579 3266 4629 est
3308 4589 3438 4646 pro-

1862 4667 2024 4738 pheta
2065 4667 2144 4729 “,
2192 4667 2329 4722 velut
2359 4683 2575 4738 gramen
2620 4667 2755 4721 inter
2792 4683 2956 4737 aquas
2999 4667 3338 4737 germinant,
3386 4677 3435 4723 at

1861 4755 2017 4825 quasi
2039 4755 2179 4809 salix
2197 4755 2359 4825 juxta
2392 4756 2831 4825 praeterﬂuentem
2861 4772 3052 4828 aquam
3073 4796 3088 4821 ,
3136 4757 3304 4813 verbo
3335 4757 3438 4815 do-

1862 4848 2149 4919 ctrinaque
2181 4848 2456 4905 ﬂorentes.
2489 4849 2744 4902 Omnium
2773 4847 3010 4921 denique
3043 4850 3284 4917 cumulo,
3308 4849 3435 4922 agni

1862 4940 2076 4996 arboris
2096 4955 2279 4996 ramos
2307 4941 2374 4996 ad
2399 4940 2810 4996 tabernaculum
2836 4941 3313 4998 condecorandum
3339 4944 3433 5013 ju-

1873 5111 1996 5163 xm,
2027 5094 2084 5162 2,
2113 5096 2167 5151 5.
2248 5098 2296 5130 δι
2325 5095 2441 5152 lsa.
2479 5113 2627 5165 xuv,
2655 5097 2711 5153 4.

1854 5228 2040 5267 vocem
2065 5228 2131 5266 ex
2162 5211 2452 5282 Evangelio
2490 5213 2543 5268 in
2572 5213 2746 5268 vidua:
2771 5209 3018 5281 exemplo
3044 5209 3261 5278 repetit.
3296 5205 3438 5280 μετὰ

1854 5283 1914 5355 το
1944 5283 2186 5355 σαρῶσαι
2216 5279 2530 5355 tim—uiuo?)
2567 5294 2841 5353 postquam
2891 5279 3102 5334 domum
3134 5279 3429 5355 everrisset.

1857 5352 1958 5408 Ubi
1993 5352 2107 5424 pari
2138 5355 2350 5410 inscitia
2383 5357 2435 5409 in
2466 5352 2750 5424 Vulgatam
2789 5355 3082 5424 irrepserat
3107 5353 3318 5424 evertit;
3337 5366 3435 5424 pro

1855 5421 2080 5496 averrit.
2104 5426 2196 5480 sed
2224 5427 2536 5480 emendavit
2567 5421 2917 5496 sequentium
2958 5423 3245 5496 sedulitas.
3280 5421 3435 5476 Facit

1857 5496 2002 5568 quod
2034 5495 2340 5568 Methodins
2371 5498 2438 5552 ad
2468 5495 2659 5568 vocem
2687 5495 2994 5568 κάλλυντρα
3023 5495 3236 5568 alludit,
3266 5509 3430 5563 quam

1861 5567 2165 5638 Hesychius
2205 5567 2406 5636 aliique
2439 5567 2652 5631 σπάθας
2694 5577 2992 5638 exponunt,
3027 5567 3182 5638 quasi
3223 5580 3430 5638 scopas:

1859 5631 2186 5711 Plutarchus
2221 5639 2277 5711 in
2308 5631 2557 5711 Dionys.,
2600 5631 2845 5709 σαίρούσι
2883 5637 2939 5690 δὲ
2969 5631 3285 5711 καλλύντρῳ
3321 5631 3434 5711 τινὶ

1860 5711 1957 5780 τὴ)
1981 5709 2179 5774 οἰκίαν,
2216 5707 2429 5762 domum
2449 5703 2645 5780 'swpis
2689 5703 2918 5780 uerrunt.
2957 5703 3282 5780 Claraicr‘go
3321 5703 3426 5757 Me-

1860 5776 2031 5834 tliodii
2063 5796 2237 5843 mens,
2273 5781 2367 5834 cui
2393 5780 2474 5836 sic
2516 5776 2687 5838 illusit
2727 5779 2976 5835 inﬁcetus
3007 5778 3188 5834 scriba
3216 5776 3430 5844 alioque

1861 5851 2110 5907 detorsit.
2149 5845 2437 5908 Constans.
