4010 6328
491 313 601 374 187

1437 319 1497 373 S.
1541 317 1873 375 ΜΕΤΗΟΒΙΙ
1913 318 2222 377 EPISCOPI
2249 320 2338 376 ET
2373 318 2735 376 MARTYRIS

3643 314 3755 370 188

493 432 587 492 bet
608 435 813 502 aﬂ‘erri,
838 436 983 506 quod
1006 452 1199 507 nempe
1228 437 1392 494 arbor
1423 438 1541 495 haec
1570 441 1692 511 ipso
1718 444 1941 498 nomine
1971 458 2066 498 ca-

2187 442 2258 498 ῑιά
2297 443 2359 496 τὸ
2392 441 2712 515 φερώνυμον
2743 436 2882 495 εἶναι
2925 440 2987 495 τὸ
3014 437 3230 509 δένδρον
3269 437 3370 507 τῆς
3406 433 3661 503 ἁγνείας.
3703 428 3757 504 ᾧ

496 527 812 581 stimoniam
874 525 1108 594 referat;
1170 527 1331 598 cujus
1379 536 1851 588 auctoramentum
1908 533 2071 591 dictis

496 619 726 689 reliquis
762 627 1142 674 ornamentum
1169 633 1235 674 ac
1263 619 1430 676 decus
1471 631 1712 693 prastat.
1771 623 1911 680 Eant
1957 625 2072 697 jam

496 710 686 766 lascivi
709 711 823 780 qui,
849 725 1074 765 suarum
1120 711 1406 768 libidinum
1455 716 1600 772 {teda
1643 718 1955 793 mancipia,
1982 734 2076 774 ca-

498 804 742 859 stitatem
765 803 1040 874 rejiciunt.
1073 805 1177 872 Qui
1204 807 1350 861 enim
1375 808 1466 862 ﬁat
1501 815 1560 863 ut
1586 823 1711 863 cum
1741 807 1964 865 Christo
2003 813 2073 881 ad

498 895 697 952 festum
726 895 1137 969 ingrediantur,
1194 900 1286 970 qui
1323 900 1594 957 castitatis
1635 903 1805 960 ramis
1858 903 2073 975 (deiﬁca

498 985 592 1041 illa
625 987 892 1058 beataque
940 990 1160 1063 arbore)
1194 990 1607 1049 tabernaculum
1654 1010 1813 1050 suum
1840 1012 1951 1051 non
1983 1011 2076 1051 or-

499 1073 787 1135 haverint?
814 1095 921 1152 qua
950 1097 1142 1139 omnes
1174 1082 1497 1141 festinantes
1541 1086 1610 1141 ad
1650 1087 1797 1142 illam
1853 1089 2078 1145 celebri-

498 1176 666 1226 tatem
699 1186 764 1227 ac
805 1173 1049 1242 nuptiale
1090 1174 1401 1231 convivium
1453 1178 1696 1249 succingi
1742 1187 1957 1249 oportet
2011 1196 2076 1237 ac

500 1261 719 1317 lumbos
741 1262 1087 1321 obumbrare.
1138 1265 1297 1337 Agite
1328 1267 1496 1332 enim,
1523 1268 1767 1340 pulchre
1794 1270 2033 1343 virgines
2057 1311 2073 1336 ,

502 1351 845 1424 Scripturam
875 1355 1051 1425 ipsam
1095 1363 1148 1412 et
1180 1358 1433 1413 mandata
1452 1360 1823 1431 considerate;
1853 1380 1958 1435 qua
1986 1381 2076 1422 ra-

502 1444 652 1502 tione
669 1446 738 1501 ad
760 1461 948 1503 earum
972 1464 1093 1519 qua:
1120 1449 1281 1505 dictae
1308 1458 1437 1506 sunt
1460 1453 1724 1509 virtutum
1746 1455 2075 1513 ciliciorum-

502 1557 612 1612 que
642 1544 980 1608 coronidem,
1013 1544 1323 1600 castitatem
1366 1546 1586 1604 divinus
1630 1564 1811 1605 sermo
1862 1558 2084 1609 assum-'

501 1638 695 1710 pserit,
729 1637 1023 1694 ostendens
1054 1653 1217 1708 quam
1248 1638 1340 1693 illa
1368 1639 1559 1697 deceat
1575 1645 2033 1701 resurrectionem
2057 1685 2073 1711 ,

502 1745 778 1803 quamque
798 1729 866 1784 ad
889 1729 1035 1784 illam
1069 1729 1379 1800 expetibilis
1405 1732 1477 1787 sit
1502 1751 1516 1787 :
1546 1748 1611 1789 ac
1641 1735 1759 1790 sine
1784 1735 1875 1790 illa
1900 1736 2075 1794 nemi—

2173 538 2601 606 κατακοσμεῖται
2631 534 2700 588 τά
2731 532 3122 606 προειρημένα.
3162 528 3504 603 Ἐρρέτωσαν
3536 529 3587 583 οί
3614 529 3757 584 ἁκο-

2173 627 2553 691 λασταίνοντες
2585 626 2712 692 νῦν,
2760 627 2856 680 καὶ
2889 624 2978 679 διὰ
3014 623 3114 687 τὰς
3152 620 3362 676 ἑαυτῶν
3414 620 3754 693 ἡδυπαθείας

2174 720 2397 789 ἁγνείαν
2452 718 2927 789 ἁποδιωθούμενοι.
2976 715 3102 779 Πῶς
3145 714 3256 787 γὰρ
3299 715 3381 777 είς
3408 716 3507 785 τὴν
3552 713 3753 786 ἑορτὴν

2178 812 2671 868 συνεισελεύσονται
2718 808 2971 883 Χριστῷ,
3008 808 3082 880 μὴ
3130 809 3506 880 κοσμήσαντες
3534 807 3754 861 ἑαυτῶν

2174 906 2277 979 τὴν
2329 907 2533 978 σκηνὴν
2564 904 2775 968 κλάδοις
2814 902 3057 972 ἁγνείας,
3101 898 3179 972 τῷ
3212 899 3443 970 θεοποιῷ
3490 900 3753 971 μακαρίῳ

2178 999 2328 1071 φυτῷ
2346 1016 2362 1062 ;
2383 998 2430 1065 ᾧ
2455 1000 2580 1062 τοὺς
2607 999 2687 1061 εἰς
2710 995 2808 1068 τὴν
2836 996 3029 1067 άγυριν
3059 992 3382 1056 σπεύδοντας
3407 992 3619 1063 ἐκείνην
3648 991 3754 1046 καὶ

2174 1093 2265 1145 τὸν
2294 1091 2468 1163 γάμον
2514 1087 2820 1144 ἀναδεῖσθαι
2865 1087 2944 1140 δεῖ
2995 1085 3091 1140 καὶ
3139 1082 3596 1148 κατασκιάζεσθαι
3646 1081 3755 1147 τὰς

2173 1182 2400 1252 ὀσφύας.
2434 1183 2544 1236 Ἴτε
2573 1180 2700 1252 γὰρ,
2725 1178 3156 1250 καλλιπάρθενοι,
3195 1178 3294 1248 τὴν
3327 1175 3546 1248 Γραφὴν
3574 1176 3754 1248 αὐτὴν

2176 1275 2544 1347 ἐπισκέψασθε
2570 1275 2666 1328 καὶ⁹
2691 1271 2789 1338 τὰς
2821 1271 3060 1335 ἐντολὰς,
3091 1271 3229 1335 πῶς,
3254 1270 3330 1331 ὡς
3364 1272 3457 1324 ἐπὶ
3498 1271 3759 1343 συμπλη-

2181 1369 2430 1441 ρὼματος
2472 1368 2582 1422 τῶν
2634 1364 3044 1440 προειρημένων
3090 1363 3527 1435 κατορθωμάτων
3572 1360 3757 1434 παρε-

2177 1462 2338 1517 λαδεν
2365 1463 2394 1514 ὁ
2425 1462 2581 1530 λόγος
2608 1450 2711 1532 ’τὴν
2734 1457 2978 1528 ἁγνείαν,
2995 1456 3260 1510 διδάσκων
3288 1456 3412 1509 ὅσον
3439 1455 3758 1527 διαπρεπὴς

2178 1558 2273 1610 καὶ¹
2327 1552 2652 1627 τριπόθητος
2701 1552 2855 1606 ἔσται
2895 1555 2962 1623 τῇ
2997 1550 3325 1614 ἀναστάσει,
3371 1548 3465 1602 καὶ
3507 1548 3589 1600 ὅτι
3634 1566 3753 1618 χω-

2182 1648 2266 1719 ρὶς
2278 1646 2388 1719 (45)
2408 1645 2574 1716 αὐτῆς
2601 1643 2775 1707 οὐδεὶς
2800 1640 3047 1706 τεύξεται
3076 1639 3183 1693 τῶν
3212 1635 3664 1707 ἐπαγγελμὰτων·
3681 1633 3755 1706 ἢν

2179 1738 2471 1811 ἐξαιρέτως
2490 1734 2838 1807 γεωργοῦμεν
2863 1735 3023 1805 ἡμεῖς
3064 1732 3119 1785 αἱ
3150 1728 3605 1803 παρθενεύουσαι,
3653 1725 3758 1779 καὶ

504 1838 630 1878 nem
668 1830 973 1893 compotem
1019 1821 1158 1876 forte
1190 1824 1618 1892 promissionum
1646 1846 1658 1882 :
1688 1842 1851 1899 quam
1880 1828 2076 1883 eximie

2187 1832 2561 1903 προσφέρομεν
2610 1828 2821 1901 Κυρίῳ.
2872 1825 3123 1898 Χρῶνται
3167 1823 3223 1877 δέ
3262 1823 3355 1876 καὶ
3381 1822 3432 1874 οί
3475 1820 3610 1891 πρὸς
3648 1817 3761 1881 τὰς

502 1915 737 1971 colimus
781 1932 887 1973 nos
936 1919 1304 1990 virginitatem
1363 1922 1660 1993 professae,
1692 1931 1746 1978 et
1796 1922 2075 1980 offerimus

504 2006 755 2068 Domino.
794 2007 1068 2081 Usurpant
1090 2028 1338 2084 quoque,
1387 2015 1479 2085 qui
1509 2030 1633 2070 cum
1663 2015 1780 2071 suis
1809 2016 2096 2093 uxoribus

502 2108 657 2158 caste
684 2103 894 2167 vivunt,
924 2111 977 2158 et
1012 2106 1178 2160 veluti
1204 2107 1348 2160 circa
1378 2116 1654 2172 truncum,
1696 2107 1928 2163 humiles
1956 2108 2076 2178 ejus

500 2194 759 2250 castitate
787 2195 1024 2251 nitentes
1057 2196 1515 2261 feruntsureulos
1540 2239 1555 2264 ,
1608 2200 1754 2254 haud
1811 2201 2075 2267 valentes,

501 2289 961 2359 quemadmodum
1013 2304 1133 2354 nos,
1172 2289 1239 2343 ad
1277 2292 1522 2347 excelsos
1567 2307 1898 2363 magnosque
1932 2293 2077 2349 illius

505 2396 690 2436 ramos
724 2380 977 2443 evadere,
1009 2396 1074 2435 ac
1098 2383 1181 2436 vel
1213 2399 1307 2438 eos
1334 2385 1690 2454 contingere:
1728 2387 1943 2443 tametsi
1976 2387 2078 2440 mi-

503 2487 706 2538 nores,
736 2481 789 2527 et
813 2473 916 2543 ipsi
943 2473 1175 2528 ollerunt
1206 2474 1476 2529 casritatis
1518 2476 1789 2531 surculos.
1844 2476 1913 2529 At
1957 2478 2081 2531 libi-

506 2565 707 2630 dinosi,
733 2566 906 2622 ell‘uso
958 2567 1160 2636 impetu
1193 2566 1536 2637 indulgentes
1564 2569 1831 2634 lasciviat,
1863 2571 2080 2625 etiamsi

505 2674 616 2713 nou
653 2657 1013 2726 fornicentur,
1045 2660 1137 2715 sed
1164 2659 1330 2714 licitis
1358 2660 1574 2729 quidem
1596 2662 1849 2731 legitima:
1870 2664 2077 2726 uxoris,
2120 2696 2121 2699 η

508 2749 787 2805 indomitae
830 2762 1007 2806 tamen
1035 2754 1490 2824 concupiscentia
1536 2765 1706 2817 testu,
1742 2755 2082 2825 amplexibus

506 2840 746 2896 assidui:
783 2843 1058 2911 quomodo
1086 2843 1228 2899 diem
1248 2844 1444 2899 festum
1474 2844 1665 2916 agent?
1689 2846 1963 2915 quomodo
1988 2845 2082 2900 la:-

504 2931 809 2986 tabuntur?
848 2935 943 3003 qui
976 2935 1386 2991 tabernaculum
1427 2952 1611 3001 suum,
1644 2936 1699 2989 id
1731 2943 1837 3001 est,
1863 2950 2082 2990 carnem

506 3039 688 3089 suam,
723 3040 847 3095 agni
879 3028 1080 3093 ramis,
1126 3028 1317 3084 habitu
1357 3029 1565 3084 scilicet
1616 3028 1922 3093 castitatis,
1975 3044 2084 3083 non

507 3119 934 3187 exornaverint;
968 3136 1144 3191 neque
1189 3121 1461 3177 audierint
1509 3128 1856 3186 monentem,
1892 3129 1950 3175 ut
1994 3121 2084 3191 qui

506 3207 698 3264 habent
718 3227 931 3282 uxores,
966 3222 1218 3285 tanquam
1250 3230 1344 3268 nos
1382 3213 1629 3270 habentes
1660 3215 1765 3268 sint
1801 3214 1869 3269 ⁸⁸.

2177 1924 2385 1980 ἑαυτῶν
2440 1921 2756 1992 ἁγνεύοντες
2798 1917 3062 1990 γαμετὰς,
3103 1917 3197 1970 καὶ
3254 1914 3441 1984 ὥσπερ
3488 1912 3632 1983 ἀμφὶ
3690 1908 3759 1963 τδ

2180 2017 2425 2087 στέλεχος
2457 2013 2668 2078 κλῶνας
2718 2011 2887 2083 αὐτῆς
2928 2009 3152 2081 φέρουσι
3192 2006 3595 2078 βλαστήσαντας
3639 2018 3759 2054 σωα

2178 2110 2470 2183 φροσύνην,
2513 2107 2620 2162 τῶν
2660 2107 2771 2161 ἄνω
2807 2103 2880 2175 μὴ
2936 2100 3311 2172 ἐφικνούμενοι
3362 2097 3456 2152 καὶ
3500 2093 3758 2168 μεγάλων

2178 2204 2346 2274 αὐτῆς
2378 2194 2673 2271 ἐπιψαῦσαι
2713 2196 2943 2260 κλάδων,
2976 2193 3225 2263 καθάπερ
3261 2193 3452 2262 ἡμεῖς·
3492 2189 3662 2259 ὅμως,
3701 2187 3760 2240 εί

2179 2299 2271 2353 καὶ
2306 2295 2554 2367 μικροὺς,
2588 2290 2737 2345 οὐδὲν
2781 2284 2947 2360 ἧσσον
2974 2286 3340 2359 προσφέρουσι
3370 2282 3433 2353 δὴ
3458 2281 3553 2336 καὶ
3597 2278 3763 2333 αὐτοὶ

2179 2392 2390 2455 κλῶνας
2437 2390 2673 2459 ἁγνείας.
2720 2388 2782 2439 υἱ
2834 2385 2890 2438 δὲ
2928 2376 3471 2453 οίστρηλατούμενοι,
3520 2373 3621 2427 κᾶν
3679 2370 3764 2446 μὴ

2180 2484 2572 2558 πορνεύσωσιν,
2606 2478 2740 2533 ἁλλὰ
2778 2476 2871 2531 καὶ
2905 2476 2984 2538 είς
3026 2472 3191 2544 μόνην
3233 2470 3328 2521 καὶ
3358 2465 3575 2558 ἔννομον
3604 2463 3769 2558 ἀδια-

2183 2556 2383 2640 στόλως
2428 2571 2814 2644 ἐπιμίγνυσθαι
2863 2565 3158 2634 θελγόντων
3190 2559 3461 2632 γαμετὴν,
3489 2556 3603 2621 πῶς
3634 2556 3771 2627 ἐορ-

2180 2672 2473 2731 τάσουσιν;
2534 2662 2650 2726 πῶς
2691 2658 3193 2734 εύφρανθήσονταις
3258 2652 3335 2725 μὴ
3378 2649 3768 2719 κοσμήσαντες

2182 2764 2279 2835 τὴν
2304 2760 2507 2831 σκηνὴν
2527 2754 2733 2811 ἑαυτῶν
2759 2753 2855 2823 τὴν
2881 2750 3058 2822 σάρκα
3083 2750 3193 2810 τοῖς
3217 2744 3429 2806 κλάδοις
3448 2742 3544 2812 τῆς
3565 2740 3767 2835 ἄγνου,

2187 2831 2320 2928 μηδέ
2378 2849 2796 2909 είσακούσαντες
2850 2842 2940 2896 τοῦ
2989 2839 3279 2913 εἰρημένου
3309 2878 3324 2902 ,
3357 2838 3489 2929 "Ira
3546 2831 3644 2929 aut!
3705 2832 3771 2886 οι

2183 2921 2428 3018 ἔχοντες
2460 2940 2772 3016 γυναῖκας,
2802 2938 2882 3002 ὠς
2919 2937 2973 2989 οί
3006 2932 3090 3003 μὴ
3117 2930 3361 3001 ἔχοντες
3382 2921 3530 2989 ὦσι;

1604 3331 1732 3387 Car.
1771 3331 1837 3388 V.
1872 3331 2189 3403 Mysterium
2213 3325 2700 3384 tabernaculorum.

583 3418 882 3493 Propterea
901 3440 1012 3497 prae
1040 3412 1266 3498 rEliquis
1298 3428 1574 3494 omnibus,
1609 3428 1695 3483 his
1718 3429 1810 3499 qui
1833 3428 2086 3485 certami-

2256 3424 2355 3477 Διὰ
2377 3420 2536 3475 τοῦτο
2570 3419 2787 3472 πάντων
2819 3414 3050 3486 μάλιστα
3080 3411 3202 3473 τοὺς
3229 3407 3336 3463 τῶν
3360 3406 3581 3475 ἀγώνων
3610 3404 3781 3475 ἐφιεν-

508 3514 674 3574 nibus
702 3496 915 3574 inhiant
943 3521 1147 3591 quique
1164 3496 1376 3592 ingenti
1402 3530 1529 3577 sunt
1553 3496 1758 3587 animo,
1783 3522 1922 3577 citra
1960 3537 2081 3577 om-

2190 3517 2401 3589 μένους,
2424 3514 2516 3567 καὶ
2552 3509 2760 3583 μεγάλῃ
2792 3506 3046 3578 φρονήσει
3073 3502 3405 3577 χρωμένους,
3424 3498 3521 3570 τὴν
3541 3496 3780 3566 ἁγνείαν

510 3623 635 3664 nem
676 3614 1078 3666 cunctationem
1107 3613 1389 3668 colendam
1418 3630 1540 3671 esse
1593 3615 1923 3683 castitatem,
1957 3623 2081 3670 tan-

508 3716 676 3771 quam
716 3718 929 3759 summe
956 3706 1139 3759 utilem
1169 3714 1223 3760 et
1251 3706 1575 3777 gloriosam,
1641 3710 1955 3778 pronuntio.
2022 3706 2084 3763 In

509 3807 657 3848 novo
701 3794 846 3850 enim
877 3803 932 3850 et
962 3796 1329 3854 indissolubili
1362 3800 1598 3864 mundo,
1633 3801 1885 3870 quisquis
1918 3801 2084 3856 casti-

510 3885 710 3941 moniae
756 3886 924 3941 ramis
951 3896 1176 3944 ornatus
1214 3901 1461 3960 repertus
1508 3907 1618 3947 non
1649 3892 1832 3957 fuerit,
1865 3908 1965 3948 nec
1997 3908 2085 3947 re-

511 3978 695 4048 quiem
741 3991 1142 4060 consequetur,
1189 3989 1249 4036 ut
1308 3983 1400 4053 qui
1444 3982 1536 4038 Dei
1571 3984 1885 4038 mandatum
1933 3985 2087 4053 juxta

510 4070 684 4141 legem
715 4071 939 4128 minime
962 4072 1300 4144 impleverit;
1334 4091 1512 4145 neque
1545 4077 1600 4130 in
1629 4085 1827 4133 terram
1852 4078 2087 4148 promis-

509 4177 629 4218 sam
656 4163 1011 4234 ingredietur,
1029 4167 1226 4236 quippe
1254 4167 1348 4237 qui
1375 4167 1571 4223 festum
1593 4169 2087 4227 Tabernaculorum

515 4270 622 4310 non
649 4265 775 4311 ante
803 4258 1178 4313 celebraverit.
1218 4260 1299 4314 Illi
1347 4262 1493 4315 enim
1541 4263 1806 4318 duntaxat
1833 4263 2087 4334 qui'Sce-

512 4348 799 4418 nopegiam
830 4347 1027 4404 festum
1055 4350 1288 4421 egerint,
1313 4351 1380 4406 ab
1406 4352 1474 4407 iis
1508 4368 1628 4423 qua:
1673 4364 1870 4409 vocant
1902 4354 2086 4409 tabero

584 4465 633 4499 ⁸⁸
668 4465 697 4519 1
731 4464 855 4523 Cor.
898 4482 997 4533 vn,
1041 4466 1134 4524 29.

586 4579 699 4650 (45)
734 4581 919 4649 Χωρὶς
963 4580 1151 4649 αὐτῆς
1182 4583 1382 4650 οὐδεὶς
1410 4584 1697 4649 τεύξεται.
1725 4582 1804 4637 De
1834 4584 2086 4639 castitate

512 4652 861 4726 communius
905 4654 1048 4707 dicta
1079 4654 1166 4708 hic
1197 4669 1378 4709 sermo
1427 4655 1725 4719 Methodio,
1772 4656 2088 4726 qualemet

512 4722 809 4796 conjugum
840 4738 963 4779 esse
997 4740 1223 4781 necesse
1252 4727 1327 4780 sit
1356 4743 1371 4781 :
1405 4742 1525 4796 qua:
1553 4735 1607 4782 et
1642 4728 1757 4796 ipsa
1789 4722 1921 4782 'Deo
1961 4724 2085 4794 pla-

513 4804 654 4854 ceat,
685 4794 793 4869 etsi
823 4808 933 4847 non
965 4810 1028 4869 ea
1067 4797 1389 4869 excellentia
1416 4792 1539 4869 iqua
1578 4792 1865 4869 virginitas
1899 4819 1913 4852 :
1940 4792 2084 4869 jam-
2114 4800 2159 4854 Ι)
2186 4792 2288 4869 cus
2322 4792 2386 4851 ac
2415 4792 2442 4864 §

515 4880 622 4938 que
653 4865 821 4918 altera
856 4865 1607 4938 oratione,i_quidquid'hinc
1656 4865 1899 4938 scrupuli
1932 4867 2085 4938 vide-

515 4936 677 5009 batur
707 4951 773 5009 εκ
798 4937 1096 5005 superioris
1121 4936 1386 4994 Marcella:
1416 4940 1725 5009 profusiore
1753 4936 2084 5008 virginitatis

518 5005 848 5079 laudatione,
879 5016 1192 5074 exemerat;
1223 5005 1523 5079 seduloque
1546 5027 1663 5066 rem
1692 5005 1994 5064 maritalem
2017 5024 2084 5063 ex

517 5075 614 5149 Dei
653 5076 911 5149 mandato
952 5079 1339 5149 etilcgitimam
1388 5075 1514 5135 esse
1574 5082 1891 5136 ostenderat
1935 5098 1949 5133 :
1994 5079 2085 5133 hic

517 5147 692 5200 solum
741 5146 1134 5202 moderandum
1187 5150 1334 5203 illius
1378 5167 1537 5205 usum
1589 5151 1873 5212 admonet,
1914 5166 1985 5205 ne
2029 5159 2085 5205 et

517 5215 627 5269 illis
664 5231 762 5284 pro
785 5232 887 5271 suo
918 5221 1136 5273 modulo
1182 5219 1323 5275 desit
1355 5221 1625 5277 castitatis
1666 5229 2080 5287 ornamentum;

518 5287 602 5339 sin
641 5295 698 5339 ut
726 5288 839 5356 ipsa
869 5288 976 5341 alta
1008 5290 1190 5353 arbor,
1224 5299 1279 5344 at
1308 5302 1457 5347 certe
1484 5299 1542 5346 ut
1571 5293 1932 5348 adnascentes
1960 5307 2084 5346 sur-

519 5356 648 5433 ;uli,
683 5358 772 5412 cui
803 5365 858 5433 et
889 5357 991 5427 ipsi
1011 5364 1192 5433 animo
1219 5363 1478 5433 conjuges
1509 5361 1830 5429 adiciantur,
1863 5363 1965 5418 etsi
1993 5377 2089 5417 eos

511 5423 704 5505 iugum
744 5423 981 5505 trahere,
1012 5428 1128 5505 ipsa
1157 5423 1338 5487 status
1361 5423 1661 5491 nVccessitas
1691 5423 1857 5505 cogit,
1882 5441 1935 5489 et
1968 5448 2095 5504 pro-

519 5496 599 5575 lis
630 5512 786 5552 amor
801 5500 951 5575 _:_ve_l
990 5496 1151 5555 etiam
1183 5504 1347 5572 (quod
1379 5496 1909 5575 inftrniorutufip'sa
1931 5496 2090 5575 cupi-

518 5568 694 5647 ditas;
727 5568 814 5623 cui
845 5570 948 5647 ipsi
972 5586 1093 5647 suae
1116 5568 1528 5647 przescribendze
1554 5568 1829 5647 leges,'ne'
1853 5577 1937 5631 vel
1964 5568 2091 5630 con-

514 5638 718 5711 jugalis
746 5638 1017 5697 castitatis
1047 5638 1223 5701 metas
1240 5646 1528 5711 excedens,
1550 5638 1894 5702 iu'cll'reuem
1925 5649 2084 5701 luxu-

521 5709 670 5786 riam
706 5720 1048 5786 uestrumque
1081 5723 1288 5786 vergat,
1323 5731 1477 5771 novae
1509 5709 1813 5774 creationis
1838 5724 1893 5773 et
1936 5718 2083 5773 inso-

520 5780 705 5837 lubilis
727 5780 1083 5842 tabernaculo
1114 5780 1255 5843 haud
1276 5789 1410 5843 satis
1438 5794 1815 5859 comparatum
1844 5797 1897 5844 et
1921 5790 2080 5860 quale

2188 3608 2417 3680 ἁμελητί
2453 3624 2596 3678 φημι
2625 3604 2733 3657 δεῖν
2767 3603 2862 3654 καὶ
2893 3601 3078 3671 τιμᾷν,
3103 3598 3178 3660 ὡς
3199 3592 3624 3666 ὠφελιμωτάτην
3666 3591 3780 3644 καὶ

2188 3701 2451 3768 ἐπίδοξον.
2470 3701 2556 3753 Ἐν
2578 3698 2687 3769 γὰρ
2703 3699 2768 3768 τῇ
2790 3696 2949 3767 καινῇ
2972 3693 3066 3746 καὶ
3086 3689 3264 3761 ἀλύτῳ
3280 3688 3456 3743 κτίσει
3469 3685 3599 3758 (46),
3613 3684 3674 3774 ὃς
3694 3682 3775 3738 ἂν

2186 3797 2408 3866 ἁγνείας
2434 3794 2507 3866 μὴ
2530 3795 2725 3864 εὑρεθῇ
2754 3788 2967 3851 κλάδοις
2989 3782 3418 3857 κεκοσμημένος,
3436 3781 3496 3833 οὐ
3516 3778 3781 3843 τεύξεται

2186 3893 2287 3962 τῆς
2319 3887 2698 3948 ἀναπαύσεως,
2721 3884 2794 3955 μὴ
2823 3879 3115 3954 πληρώσας
3145 3878 3243 3946 τὴν
3273 3873 3489 3945 ἐντολὴν
3510 3870 3602 3925 τοῦ
3622 3866 3780 3923 Θεοῦ

2190 3960 2335 4038 κατὰ
2376 3981 2467 4034 τὸν
2511 3979 2701 4048 νόμον·
2738 3975 2859 4029 οὐδὲ
2907 3975 2987 4037 εἰς
3017 3972 3115 4042 τὴν
3149 3971 3250 4041 γῆν
3283 3966 3604 4036 ἐπιδημήσει
3660 3960 3782 4031 τῆς

2189 4072 2540 4143 ἐπαγγελίας,
2585 4069 2658 4141 μὴ
2706 4066 2970 4139 ἑορτάσας
3019 4063 3235 4135 πρῶτον
3285 4059 3383 4125 τὰς
3425 4056 3646 4128 σκηνάς.
3697 4056 3779 4108 Οἱ

2189 4162 2297 4233 γὰρ
2355 4160 2709 4233 ἐορτὰσαντες
2759 4158 2908 4229 μόνοι
2961 4154 3059 4226 τὴν
3100 4150 3482 4223 Σκηνοπηγίαν
3535 4149 3613 4211 είς
3662 4144 3780 4218 τὴν

2189 4257 2350 4325 ἁγίαν
2383 4254 2699 4325 καταίρουσι
2733 4252 2855 4321 γῆν,
2886 4246 3276 4319 ἁπαιρούμενοι
3299 4243 3404 4299 ἀπὸ
3435 4242 3540 4296 τῶν
3567 4240 3783 4294 καλου-

2190 4352 2366 4425 μένων
2396 4349 2637 4421 Σκηνῶν,
2669 4345 2777 4399 ἐστ’
2803 4344 2868 4399 ἂν
2901 4344 2980 4405 εἰς
3000 4342 3090 4395 τὸν
3118 4339 3255 4394 νεὼν
3285 4338 3560 4410 φθάσωσιν
3587 4333 3782 4387 ἐλθεῖν

2190 4581 2395 4637 Christi
2441 4581 2758 4643 thalamum,
2791 4579 2872 4634 vel
2923 4578 3066 4632 inter
3107 4574 3447 4632 concubinas
3485 4579 3582 4627 aut
3626 4572 3782 4628 ado-

2191 4653 2545 4716 lescentulas,
2575 4652 2850 4706 dedeceat.
2878 4647 3169 4703 Gesseris.
3240 4678 3274 4712 ο
3407 4696 3424 4713 ,

2263 4723 2376 4795 (46)
2400 4723 2512 4795 Καὶ
2528 4714 2750 4795 ξάλύτῳ
2776 4721 2989 4776 κτίσει.
3027 4719 3093 4773 Et
3118 4718 3222 4795 hi_c_
3237 4730 3473 4795 quoque,
3502 4714 3645 4769 haud
3668 4729 3778 4768 se-

2472 4809 2489 4847 ι
2524 4788 2969 4867 hujus‘Oratnts‘.
3004 4796 3121 4846 not.
3155 4790 3245 4851 3'7,
3282 4788 3356 4867 ita
3398 4799 3627 4857 repono,
3661 4800 3781 4867 prp

2182 4865 2397 4937 ἀλύπῳ,
2418 4859 2636 4937 ἠιιιηάο
2682 4860 2979 4937 insolubili,
3033 4877 3131 4937 seu
3178 4859 3461 4937 creatione,
3507 4869 3629 4937 qui?
3658 4859 3783 4912 erit

2191 4924 2502 4991 communis
2546 4934 2802 4988 omnibus
2839 4924 3153 5001 judicandis
3188 4950 3199 4985 :
3236 4945 3347 4984 non
3393 4924 3784 5001 ἱρεαάλυπος

2190 5007 2384 5071 κτίσις,
2427 5005 2596 5060 omnis
2638 5019 2821 5073 expers
2840 4996 3057 5076 ⁷(ίοίονίδ
3110 5003 3306 5076 erectio
3336 5008 3390 5054 et
3416 4996 3633 5076 vstatus,

2191 5078 2298 5132 illis
2332 5067 2574 5147 propria,
2605 5067 2837 5150 quorum
2880 5073 3232 5150 tabernacula
3271 5073 3502 5150 inventa
3535 5067 3785 5150 .fuerinl.

2189 5142 2384 5222 ornata
2415 5142 2884 5222 virtutumcultu,
2921 5146 3099 5222 prima
3125 5143 3213 5222 die
3249 5142 3617 5222 ScenoPegiae,
3648 5142 3785 5222 sive

2188 5217 2649 5276 Resurrectionis.
2686 5218 2738 5272 id
2778 5225 2884 5279 est,
2916 5210 3067 5286 ἐντῇ
3110 5214 3309 5286 κρίσει,
3340 5213 3394 5265 in
3422 5210 3647 5280 judicio,
3683 5210 3781 5264 uti

2192 5292 2416 5360 exponit
2447 5290 2563 5359 ipse
2590 5287 2917 5361 Methodius.
2958 5285 3085 5361 Yult
3115 5285 3246 5361 ergo
3272 5298 3464 5338 omnes
3490 5290 3619 5336 tunc
3641 5294 3786 5361 sus.

2197 5353 2483 5423 εἰιέιιιὰοεξ
2500 5375 2565 5414 ac
2595 5360 2734 5414 forte
2771 5358 3159 5414 discretionem
3187 5353 3463 5411 bonorum
3496 5370 3527 5407 a
3574 5353 3780 5414 malis,

2198 5428 2520 5486 feriantibus
2561 5430 2718 5503 bonis
2763 5428 3158 5503 cum_Christ_o_
3200 5429 3253 5481 in
3294 5435 3440 5480 terra
3496 5425 3782 5503 hactenus

2197 5503 2533 5564 constitutis,
2565 5501 2738 5554 donec
2781 5500 3073 5571 impleatur
3104 5498 3325 5571 illorum
3340 5498 3776 5571 _se_pt_enarium,

2195 5574 2349 5643 quasi
2382 5573 2435 5628 iu
2459 5565 2910 5643 tabernaculisiét
2932 5580 3222 5643 antequam
3257 5565 3435 5643 in_Dei
3456 5565 3678 5643 domum
3710 5569 3789 5618 et

2193 5637 2436 5714 sanctam
2462 5643 2736 5698 civitatem
2772 5641 2850 5714 (id
2885 5648 2970 5697 est
3000 5642 3055 5714 in
3077 5637 3281 5714 caelos)
3316 5637 3777 5714 introducantur.

2191 5714 2327 5837 Qua;
2372 5713 2745 5837 fuitlveterum
2771 5712 3085 5789 .simplicior
3125 5711 3420 5781 theologia,
3475 5722 3585 5764 nou
3625 5711 3781 5761 satis

2191 5803 2287 5837 nro
2331 5794 2437 5837 ala.
2504 5799 2557 5837 ι).

2190 5787 2437 5859 probata.
2480 5787 2557 5840 1ο.
