4010 6328
182 311 283 368 {89

1233 319 1610 378 CONVIVIUM
1647 319 1878 377 DECEH
1915 319 2270 377 VIRGINUM.

3307 316 3411 373 I30

183 434 271 487 καὶ
291 431 392 503 τὴν
418 431 576 486 πόλιν
608 430 705 486 τοῦ
733 432 888 497 Θεοῦ,
922 432 998 497 εις
1027 432 1124 504 τὴν
1155 432 1374 504 μείζονα
1405 437 1498 490 καὶ
1533 435 1737 501 ἐνδοξο-

1841 436 2034 492 nacula
2079 430 2307 506 proiecti
2333 473 2348 498 ,
2399 433 2465 488 ad
2513 442 2759 490 sanctam
2799 431 3136 488 contendunt
3171 438 3412 500 terram,

177 525 336 596 τέραν
369 523 750 594 προκύψαντες
785 524 978 596 χαράν,
1013 523 1192 588 καθὼς
1222 527 1313 579 καὶ
1341 529 1388 578 οἱ
1436 528 1594 580 τύποι
1623 544 1746 582 συν-

185 617 408 680 ιστᾶσιν,
441 617 493 669 οἱ
540 617 827 684 γεγονότες
870 618 961 670 ἐπὶ
1020 616 1304 670 Ἰουδαίων.
1363 618 1567 690 Ὥσπερ
1599 619 1742 692 γὰρ,

180 707 483 772 ἐξελθόντες
515 708 624 760 τῶν
649 709 790 778 ὅρων
821 709 1040 761 ἐκείνων
1059 707 1156 778 τῆς
1185 707 1480 776 Αἰγύπτου,
1505 709 1746 763 ὥδευσαν

182 798 410 870 πρῶτον,
457 799 554 852 καὶ
598 795 760 870 ἦλθον
794 801 875 862 εἰς
905 799 1001 862 τὰς
1033 798 1273 869 Σκηνὰς,
1308 800 1558 854 κάκεῖθεν
1605 801 1746 854 ἀπά-

182 909 367 963 ραντες
413 891 600 955 πάλιν,
635 887 799 961 ἦλθον
844 893 924 954 εἰς
959 892 1056 963 τὴν
1103 893 1206 963 γῆν
1247 893 1344 964 τῆς
1383 891 1742 960 ἐπαγγελίαςο

180 982 314 1035 οὕτω
363 982 428 1052 δὴ
483 983 580 1035 καὶ
627 985 808 1053 ἡμεῖς,
861 984 1154 1038 Ὀδεύσασα
1198 985 1307 1057 γὰρ
1355 985 1601 1040 ἐντεῦθεν
1654 987 1747 1040 καὶ

179 1075 456 1139 ἐξελθοῦσα
478 1073 638 1142 κάγὼ
661 1076 758 1145 τῆς
779 1075 1052 1143 Αἰγύπτου
1074 1076 1260 1130 τούτου
1289 1076 1384 1130 τοῦ
1421 1077 1557 1148 βίου,
1595 1078 1748 1148 ἔρχο-

181 1183 272 1236 μαι
300 1163 516 1234 πρῶτον
547 1165 632 1227 εἰς
668 1164 763 1235 τὴν
791 1165 1103 1231 ἀνάστασιν,
1137 1168 1235 1238 τὴν
1266 1167 1522 1239 ἀληθινὴν
1550 1168 1748 1238 Σκηνο-

178 1253 396 1323 πηγίαν·
432 1253 601 1306 κάκεῖ
625 1257 737 1318 τοῖς
783 1259 1012 1326 καρποῖς
1045 1256 1142 1327 τῆς
1181 1258 1378 1328 ἀρετῆς
1406 1256 1622 1328 πήξασα
1648 1256 1747 1327 τὴν

177 1346 373 1415 σκηνήν
415 1363 520 1415 μου
579 1349 1036 1418 κεκοσμημένην,
1064 1352 1130 1420 τῇ
1183 1347 1374 1422 πρώτῃ
1415 1350 1514 1420 τῆς
1555 1349 1746 1421 ἑορτῆς

174 1440 518 1502 ἀναστάσεως
551 1440 752 1511 ἡμέρᾳ,
788 1443 854 1512 τῇ
889 1442 1085 1510 κρίσει,
1123 1442 1460 1513 συνεορτάζω
1501 1441 1577 1512 τῷ
1614 1443 1746 1513 Χρι-

308 1531 410 1601 τῆν
442 1532 912 1605 χιλιονταετηρίδα
950 1536 1046 1605 τῆς
1079 1535 1453 1598 ἀναπαύσεως’
1483 1535 1580 1599 τὰς
1607 1536 1746 1588 ἑπτὰ

171 1623 509 1692 καλουμένας
539 1625 792 1695 ἡμέρας,
830 1625 897 1678 τά
933 1626 1174 1680 σάϐϐατα
1226 1626 1293 1680 τά
1334 1627 1580 1696 ἀληθινὰ.
1615 1626 1744 1682 Εἶτα

169 1711 320 1777 αὖθις
386 1716 634 1785 ἑπομένη
684 1716 759 1786 τῷ
816 1717 1194 1785 διεληλυθότι
1254 1721 1395 1785 τοὺς
1452 1720 1745 1788 οὐρανοὺς

182 1805 371 1875 Ἰησοῦ,
409 1806 648 1877 ἔρχομαι
691 1807 870 1872 πάλιν,
903 1809 1151 1881 καθάπερ
1183 1811 1441 1876 κάκεῖνοι,
1479 1812 1614 1882 μετά
1645 1813 1743 1884 τὴν
1778 1788 1818 1841 Β

170 1899 471 1952 ἀνάπαυσιν
506 1901 611 1970 τῆς
636 1901 1035 1973 Σκηνοπηγίας,
1063 1905 1141 1966 εἰς
1172 1903 1270 1974 τὴν
1303 1905 1404 1974 γῆν
1437 1905 1535 1976 τῆς
1570 1907 1743 1974 ἐπαγ-

169 1992 378 2059 γελίας,
410 1994 544 2056 τοὺς
575 1993 838 2064 οὐρανοὺς
857 2033 872 2056 ,
913 1997 970 2048 ἐν
997 1999 1222 2065 σκηναῖς
1257 1995 1330 2067 μὴ
1363 1998 1706 2067 ἀπομεὶνασα
1726 2037 1741 2061 ,

175 2083 409 2134 τουτέστι
475 2083 572 2135 τοῦ
633 2083 990 2154 σκηνώματός
1043 2103 1142 2156 μου
1217 2087 1290 2157 μὴ
1355 2088 1744 2157 ἀπομεεναντος

175 2179 439 2232 τοιούτου·
483 2179 622 2232 ἀλλά
655 2181 792 2251 μετά
833 2180 930 2252 τὴν
974 2183 1432 2254 χιλιονταετηρίδα
1475 2183 1744 2255 μεταϐλη-

183 2270 351 2335 θέντος
380 2272 496 2325 ἀπὺ
541 2273 638 2325 τοῦ
668 2276 942 2343 σχήματος
990 2273 1082 2326 τοῦ
1132 2273 1467 2345 ἀνθρωπίνου
1520 2275 1742 2344 καὶτῆς

182 2363 366 2434 φθορᾶς
393 2363 530 2434 (47),
570 2365 649 2426 εἰς
676 2364 962 2432 ἀγγελικὴν
994 2365 1216 2436 μέγεθος
1240 2367 1332 2418 καὶ
1362 2365 1553 2428 κάλλος
1572 2383 1585 2396 ·
1613 2365 1743 2438 ἔνθα

181 2455 343 2508 λοιπὸν
365 2457 488 2509 ἀπὸ
515 2456 624 2509 τοῦ
641 2456 989 2524 θαυμαστοῦ
1012 2456 1120 2522 τῆς
1140 2457 1378 2525 σκηνῆς
1405 2459 1459 2511 αἱ
1485 2457 1741 2529 παρθένοι

181 2552 385 2612 τόπου,
447 2549 591 2618 μετά
624 2548 684 2600 τὸ
747 2549 1196 2620 συμπερασθῆναι
1254 2551 1351 2621 τὴν
1408 2549 1599 2622 ἑορτὴν
1645 2551 1743 2621 τῆς

183 2641 539 2707 ἀνιστάσεως,
571 2643 652 2704 εἰς
698 2642 767 2693 τὰ
799 2641 968 2712 μείζω
1007 2643 1098 2696 καὶ
1130 2643 1360 2712 κρείττω
1397 2643 1738 2714 διερχόμεθα,

179 2736 256 2798 εὶς
287 2733 386 2785 τὸν
431 2730 606 2786 οἶκον
649 2733 837 2786 αὑτὸν
887 2733 1269 2788 ἀναϐαίνουσαι
1313 2735 1401 2786 τὸν
1433 2735 1572 2804 ὑπὲρ
1617 2735 1742 2798 τοὺς

180 2818 425 2895 οὐρανοὺς
473 2824 582 2877 τοῦ
630 2824 799 2887 Θεοῦ,
849 2826 918 2877 ἐν
965 2824 1132 2894 φωνῇ
1183 2825 1593 2894 ἀγαλλιάσεως
1643 2827 1740 2881 καὶ

179 2915 682 2985 ἐξομολογήσεως,
713 2916 906 2986 ἤχους
935 2918 1308 2985 ἑορτάζοντες
1328 2959 1341 2982 ,
1369 2919 1546 2984 καθώς
1580 2939 1740 2993 φησιν

177 3011 204 3061 ὀ
243 3009 544 3080 ciuilitatis;
593 3012 781 3080 Τούτῳ
838 3009 1028 3078 κάγὼ,
1078 3005 1123 3064 ὦ
1185 3013 1407 3082 Ἀρετὴ,
1451 3013 1592 3066 κατὰ
1642 3015 1740 3086 τὴν

1845 527 2017 583 donec
2051 529 2147 582 illo
2177 527 2470 589 evaserint,
2498 537 2559 580 ut
2589 526 2643 580 in
2680 526 2940 596 templum
2985 524 3187 596 Deique
3215 525 3411 580 civita-

1844 629 1952 674 tem
2001 619 2406 690 ingrediantur;
2461 618 2529 672 ad
2589 618 2764 688 majus
2815 617 3024 672 scilicet
3081 617 3413 688 majorisque

1845 713 2114 769 claritatis
2142 712 2397 784 gaudium
2427 713 2769 784 proﬁcientes
2789 749 2804 774 ,
2860 710 3004 765 sicut
3033 709 3218 780 figurae
3270 710 3414 764 indie

1846 813 1972 860 cant
1995 821 2113 876 qua:
2149 806 2202 859 in
2241 804 2440 861 iudicis
2478 806 2628 876 prius
2672 812 3085 874 praecesserunt.
3142 802 3412 870 Quemad-

1846 896 2063 951 modum
2093 896 2238 952 enim
2270 895 2524 952 Israelita:
2543 913 2606 952 ex
2629 895 2844 967 IEgypti
2874 894 3070 950 llnibus
3095 893 3200 948 illis
3228 908 3412 963 egres-

1847 987 1915 1050 si,
1938 996 2190 1058 suscepto
2220 989 2454 1059 primum
2500 989 2712 1050 itinere,
2742 989 2798 1041 in
2837 985 3214 1041 Tabernacula
3256 983 3412 1056 (Soc-

1847 1078 1964 1132 coth
2005 1076 2214 1133 Hebraei
2249 1078 2463 1150 vocant)
2517 1086 2784 1133 venerunt
2811 1077 2892 1142 “,
2930 1077 3167 1146 hincque
3216 1089 3412 1130 rursus

1847 1167 2095 1238 proiecti,
2131 1176 2393 1224 venerunt
2430 1169 2484 1222 in
2529 1180 2729 1223 terram
2773 1167 3154 1238 promissionis
3184 1185 3197 1222 :
3234 1166 3309 1221 ita
3358 1172 3413 1222 et

1846 1277 1966 1316 nos.
1995 1259 2128 1314 Nam
2161 1269 2214 1316 et
2246 1277 2347 1330 ego
2389 1261 2491 1316 iter
2541 1261 2767 1323 habens,
2806 1276 2982 1330 exque
3012 1259 3200 1314 mundi
3245 1259 3411 1327 hujus

1847 1353 2081 1424 Egypto
2112 1368 2352 1422 egressa,
2384 1353 2540 1406 venio
2570 1352 2803 1422 primum
2827 1352 2893 1404 ad
2927 1352 3409 1413 resurrectionem,

1845 1462 1965 1515 quae
1994 1460 2119 1499 vera
2147 1443 2480 1514 Scenopegia
2512 1450 2594 1497 est
2621 1462 2632 1497 :
2673 1451 2726 1496 et
2773 1444 2845 1497 ibi
2895 1443 3162 1497 fructibus
3194 1443 3413 1497 virtutis

1845 1545 2121 1592 exstructo
2183 1535 2535 1605 specioseque
2602 1542 2796 1587 ornato
2853 1535 3205 1588 tabernaculo
3260 1548 3410 1599 meo,

1846 1629 2019 1697 prima
2061 1627 2181 1681 festi
2213 1626 2628 1682 resurrectionis
2656 1624 2762 1686 die,
2795 1640 2914 1694 quae
2939 1625 3056 1678 dies
3089 1635 3170 1679 est
3193 1625 3409 1694 judicii,

1849 1723 2010 1776 simul
2049 1736 2172 1774 cum
2199 1719 2417 1774 Christo
2446 1719 2808 1772 millenarium
2841 1733 3107 1773 annorum
3162 1717 3409 1788 requiei,

1846 1813 2091 1878 celebro;
2128 1829 2247 1881 quae
2287 1820 2492 1881 septem
2532 1811 2788 1864 dicuntur
2819 1811 2956 1874 dies,
2989 1825 3115 1864 vera
3154 1809 3411 1863 nimirum

1847 1902 2101 1958 Sabbata.
2153 1903 2280 1957 Inde
2321 1920 2512 1957 rursus
2542 1902 2669 1956 Jcsu
2707 1918 2923 1968 comes,
2982 1903 3071 1972 qui
3122 1901 3412 1966 penetravit

1843 1999 1998 2051 caelos
2027 1998 2069 2029 ⁸⁷
2095 1998 2176 2063 (ιιι
2207 2003 2260 2050 et
2293 1997 2366 2048 illi
2398 2004 2516 2066 post
2553 1997 2902 2068 Scenopegia:
2941 1995 3183 2064 requiem
3214 1994 3268 2047 in
3303 2002 3414 2048 ter-

1844 2105 1958 2143 ram
1982 2091 2381 2158 promissionis)
2406 2090 2458 2142 in
2485 2093 2652 2145 cmlos
2687 2090 2866 2152 venio,
2901 2105 3007 2142 non
3035 2103 3321 2142 remanens
3354 2087 3412 2140 in

1843 2182 2230 2245 tabernaculis,
2259 2182 2361 2235 hoc
2383 2190 2488 2244 est,
2530 2198 2636 2234 non
2664 2188 2972 2235 remanente
3006 2195 3124 2232 meo
3157 2194 3409 2248 corpore,

1843 2277 2001 2346 quale
2031 2277 2182 2346 prius
2229 2284 2343 2330 erat
2369 2292 2380 2326 :
2423 2275 2517 2330 sed
2552 2285 2672 2344 post
2704 2275 2847 2328 mille
2875 2289 3139 2326 annorum
3171 2274 3409 2342 spatium

1843 2377 2069 2432 mutato,
2104 2385 2170 2423 ex
2198 2369 2417 2423 humani
2454 2367 2627 2421 forma
2658 2367 2904 2434 corporis
2942 2372 2996 2417 et
3019 2365 3369 2433 corruptione
3391 2401 3408 2426 ,

1843 2463 1897 2514 in
1919 2462 2213 2532 angelicam
2247 2462 2440 2515 molem
2469 2469 2521 2514 et
2547 2459 3002 2529 pulchritudinem
3031 2475 3044 2510 :
3079 2457 3167 2511 ubi
3193 2457 3410 2512 demum

1843 2568 1943 2607 nos
1973 2553 2211 2622 virgines
2259 2571 2290 2605 a
2343 2553 2463 2604 loco
2510 2551 2836 2605 tabernaculi
2868 2549 3234 2613 admirabilis,
3281 2565 3412 2602 con-

1843 2653 2112 2699 summato
2142 2645 2253 2713 jam
2280 2645 2695 2699 resurrectionis
2718 2643 2877 2705 festo,
2909 2641 2974 2695 ad
2999 2642 3203 2710 majora
3225 2649 3280 2696 et
3301 2655 3415 2697 me-

1842 2735 1976 2790 liora
2003 2735 2376 2798 transibimus,
2409 2736 2460 2787 in
2495 2736 2662 2801 ipsam
2697 2733 2909 2786 domum
2943 2732 3038 2785 Dei
3073 2733 3410 2802 supracmle-

1842 2836 1977 2884 stem
2020 2829 2392 2887 ascendentes,
2434 2828 2486 2879 in
2517 2843 2633 2880 voce
2647 2825 3013 2878 exsultatiouis
3045 2836 3091 2878 et
3119 2823 3405 2892 confessio-

1842 2921 1946 2984 nis,
1973 2921 2089 2973 soni
2124 2921 2458 2989 festivitatem
2507 2919 2728 2987 agentis,
2762 2927 2818 2970 ut
2863 2915 3182 2970 Psalmodus
3213 2917 3288 2969 ait
3337 2915 3404 2968 ⁸⁸.

1842 3011 1954 3067 Hoc
1985 3013 2100 3081 ipsa
2130 3029 2367 3082 quoque,
2391 3029 2424 3066 o
2453 3011 2672 3064 domina
2703 3013 2883 3071 Arete,
2918 3009 3282 3078 qualicunque
3306 3007 3415 3066 ela-

174 3102 456 3171 ἐμαυτῆς,
517 3102 808 3164 δέσποινα,
873 3100 1130 3172 δύναμιν,
1198 3101 1472 3174 δωροῦμαί
1540 3121 1599 3157 σε
1665 3104 1737 3176 τῷ

1844 3106 2092 3161 boratum
2121 3105 2402 3171 facultate,
2437 3119 2535 3174 pro
2559 3118 2779 3158 munere
2808 3102 3019 3172 peplum
3049 3101 3236 3156 oll‘ero.

175 3190 386 3260 πέπλῳ.

238 3347 284 3379 ⁸⁸
318 3346 485 3402 Nam.
534 3366 699 3413 xxxv,
743 3347 796 3403 5.

235 3527 343 3594 (l7)
390 3529 503 3582 Καὶ
551 3527 666 3594 τῆς
705 3525 950 3596 φθορᾶς.
1007 3525 1229 3582 Videtur
1284 3525 1589 3582 Methodius
1646 3527 1735 3581 ad-

175 3599 373 3652 mittere
401 3602 483 3653 sie
515 3600 906 3654 suscitatorum
937 3608 1246 3651 sanctorum
1277 3613 1506 3666 corpora
1535 3596 1734 3651 nedum

179 3671 453 3726 malorum.
508 3668 850 3736 corruptioni
886 3668 1114 3721 obnoxia
1140 3707 1153 3730 ,
1187 3676 1239 3736 et
1278 3668 1512 3720 humana
1563 3667 1735 3720 forma

177 3752 281 3803 qua:
319 3739 373 3792 in
421 3735 727 3810 angelicam
762 3739 988 3792 formam
1024 3735 1279 3810 mutanda
1303 3739 1432 3802 sint,
1459 3744 1735 3810 transacto

150 3806 581 3876 ‘septenariofet
612 3824 735 3860 cum
771 3810 821 3860 in
855 3818 1112 3862 secretam
1144 3806 1237 3860 Dei
1266 3809 1442 3861 aulam
1471 3808 1544 3872 (id
1567 3814 1648 3861 est
1681 3807 1734 3860 in

179 3881 348 3949 cmlos)
380 3881 745 3949 recipientur.
772 3877 902 3943 Quae
939 3893 1045 3932 non
1088 3878 1222 3949 satis
1251 3879 1521 3949 cohaerere
1547 3877 1734 3930 viden-

179 3957 254 4000 lur
279 3947 401 4002 cum
436 3947 837 4017 superioribus,
864 3958 916 4002 et
939 3964 1072 4000 nova
1096 3948 1183 3999 illa
1209 3957 1370 4017 atque
1391 3947 1568 4016 ἀλύτῳ
1584 3962 1736 4000 crea-

177 4020 325 4081 tione,
362 4028 423 4072 ut
447 4021 567 4087 jam
599 4019 1009 4086 explicavimus.
1057 4017 1121 4070 Et
1160 4027 1308 4073 certe
1338 4034 1460 4087 qua:
1501 4018 1572 4070 ibi
1607 4032 1730 4070 cor-

177 4092 358 4158 ruptio,
385 4106 515 4142 cum
541 4089 704 4141 nullae
729 4088 840 4156 jam
875 4097 1029 4142 erunt
1055 4089 1433 4158 generationes
1457 4128 1471 4149 ,
1507 4088 1580 4140 uti
1619 4090 1732 4158 ipse

178 4157 469 4214 lethodius
526 4159 753 4222 indicat,
785 4159 876 4212 sed
906 4157 1116 4213 summa
1146 4162 1385 4228 requies,
1416 4159 1471 4211 in
1508 4158 1614 4228 illis
1639 4157 1730 4225 qui

177 4243 227 4299 ea
253 4233 440 4298 requie
475 4229 629 4299 digni
659 4236 817 4282 erunt
841 4230 863 4281 ?
887 4244 1114 4299 quorum
1139 4227 1449 4299 felicitatem
1466 4227 1730 4296 abjectius

179 4298 295 4352 forte
322 4296 389 4353 ex
425 4296 734 4368 usu'quasi
793 4296 1027 4352 humano
1085 4298 1348 4353 intellexit
1401 4296 1726 4360 Methodius,

177 4371 387 4423 necdum
417 4371 532 4424 illis
565 4370 705 4422 bona
735 4369 977 4423 caelestia
1010 4369 1340 4428 consecutis,
1367 4377 1459 4420 aut
1492 4368 1729 4421 Deicon-

178 4451 346 4507 specta
381 4440 631 4505 donatis,
660 4439 801 4508 quod
853 4440 984 4492 ﬁdes
1039 4455 1144 4492 non
1188 4439 1424 4492 admittit
1457 4457 1471 4492 :
1505 4452 1628 4492 cum
1661 4438 1732 4491 sit

176 4511 249 4563 ille
277 4520 603 4565 sanctorum
635 4520 827 4574 uetus,
859 4525 964 4562 non
1004 4510 1088 4563 cui
1116 4509 1356 4564 haereant
1387 4516 1731 4577 peccatorum

176 4579 366 4642 sordes,
395 4595 495 4649 per
516 4595 613 4658 eas
645 4578 806 4658 ferias
829 4581 1124 4658 expiandas.
1153 4579 1554 4658 Denique‘dura
1578 4592 1733 4658 pror-

175 4665 254 4705 sus
303 4647 638 4720 propositio,
675 4650 807 4720 Ἀπὸ
837 4647 930 4720 τοῦ
963 4654 1238 4720 σχήματος
1269 4647 1363 4702 τοῦ
1381 4647 1729 4720 ἀνθρωπίνου

172 4722 252 4773 καὶ
281 4716 492 4790 ᾀθορᾶς
531 4722 611 4783 εἰς
635 4719 918 4787 ἀγγελικὴν
948 4716 1172 4789 μέγεθος
1206 4721 1297 4774 καὶ
1326 4716 1550 4790 κάλλοςη
1572 4716 1731 4771 Certe

173 4789 299 4860 agre
330 4789 663 4858 intelligitur
707 4790 906 4843 abolita
954 4791 1172 4843 humani
1221 4790 1466 4859 corporis
1532 4789 1727 4852 forma,

174 4859 396 4916 transire
419 4864 477 4914 in
515 4860 815 4930 angelicam
841 4861 1263 4930 magnitudinem
1287 4870 1341 4913 et
1363 4859 1578 4918 molem,
1597 4859 1729 4930 quin

175 4933 444 4987 abolentur
468 4928 657 4984 carnis
689 4931 804 5000 ipsa
833 4928 1158 4993 substantia,
1186 4939 1240 4985 et
1271 4930 1361 4983 ﬁat
1389 4944 1592 4999 corpus
1623 4928 1728 4982 bu-

175 5016 406 5062 manum,
444 5002 610 5070 quale
642 5001 808 5070 prisci
837 5001 933 5064 illi,
959 5003 1247 5070 pluresque
1277 5001 1388 5061 alii,
1421 5000 1728 5070 angelicum

174 5073 650 5136 existimaverunt;
685 5086 882 5139 corpus
922 5071 1080 5124 ἀῡλον
1111 5081 1164 5126 et
1198 5071 1478 5141 spiritale;
1535 5086 1730 5141 nempe

177 5144 605 5202 subtilissimum,
634 5155 757 5196 aere
773 5157 913 5211 puro
942 5142 1207 5210 igneoque
1223 5139 1560 5204 concretum,
1581 5139 1729 5211 quod

177 5213 336 5280 ipsum
369 5220 544 5265 tantae
581 5210 853 5274 molis,’et
876 5228 1038 5281 supra
1066 5213 1357 5265 humanam
1388 5212 1584 5265 molem
1619 5210 1729 5265 Me-

176 5284 380 5337 thodius
408 5282 644 5336 voluerit
681 5302 694 5336 :
725 5281 817 5352 qui
842 5282 984 5336 forte
1019 5297 1173 5337 error
1220 5282 1320 5336 fuit
1348 5281 1596 5352 Eutyehii
1634 5296 1728 5350 pa-

178 5354 415 5407 tn‘archze
461 5351 1076 5420 Constantinopolitani,
1110 5368 1173 5406 ex
1211 5352 1296 5407 his
1322 5351 1464 5421 ipsis
1489 5351 1727 5406 {alitibus

180 5423 410 5488 haustus,
436 5439 466 5476 a
500 5438 609 5492 quo
636 5424 931 5494 Gregorius
985 5421 1282 5483 Romanus,
1315 5422 1610 5494 hominem,
1647 5425 1730 5494 ip-

180 5509 279 5548 sum
308 5491 618 5550 sanctitatis
639 5491 765 5548 luce
785 5494 1016 5558 clarum,
1047 5494 1334 5547 revocavit.
1361 5491 1488 5544 Esto
1519 5507 1582 5545 ea
1618 5493 1728 5546 sint

181 5570 475 5634 angelorum
517 5580 770 5634 corpora,
824 5565 968 5632 quod
999 5572 1052 5618 et
1082 5562 1318 5617 Joannes
1376 5560 1727 5634 Thessaloni-

182 5632 342 5690 ceasis
376 5638 428 5688 in
461 5651 533 5687 vn
563 5632 776 5704 synodo
804 5634 998 5697 sensit,
1037 5641 1200 5702 atque
1236 5634 1360 5686 hinc
1387 5632 1543 5702 pictis
1577 5633 1725 5704 colo-

184 5705 336 5776 ribus,
367 5703 747 5776 repraesentari
786 5720 948 5776 posse
981 5706 1199 5776 angelos
1217 5707 1428 5776 statuit,
1463 5703 1722 5776 nec‘clare

185 5771 702 5833 hctenus'Ecclesia
735 5771 1079 5845 uroscripsit',
1114 5774 1234 5844 ipso
1268 5771 1496 5828 Doctore
1543 5771 1719 5842 Ange-

874 3351 917 3379 ⁸⁷
953 3347 1112 3404 Henr.
1145 3365 1218 3415 IV,
1255 3349 1340 3403 M.
1408 3349 1456 3380 ⁸⁸
1483 3347 1638 3404 Psal.
1673 3361 1785 3413 XLI,
1821 3349 1876 3405 5.

1845 3527 1949 3580 lico
1973 3533 2194 3580 auctore
2242 3526 2293 3578 in
2354 3524 2694 3594 expositione
2748 3539 2762 3575 ι
2812 3520 3046 3594 Decrct.,
3083 3517 3227 3594 unde
3253 3517 3411 3594 Aquod

1843 3597 2079 3650 humana
2112 3612 2340 3664 corpora
2371 3589 2468 3662 pro
2503 3595 2717 3647 illorum
2753 3593 2891 3664 mole
2919 3589 3190 3664 fundenda
3222 3589 3331 3664 sint
3357 3595 3410 3644 et

1841 3667 2136 3720 dilatanda.
2167 3659 2337 3718 Ei'unt
2363 3659 2577 3734 quidem
2635 3663 2874 3734 illa_suisr
2909 3661 3129 3734 dotibus
3165 3659 3407 3734 praedita,

1841 3736 2078 3800 subtilia,
2116 3738 2298 3805 agilia,
2351 3727 2414 3787 ac
2461 3736 2505 3788 si
2540 3735 2700 3805 libet,
2729 3732 2880 3785 Pauli
2914 3731 3117 3805 phrasi,
3167 3727 3412 3805 iivaupa-

1839 3807 1986 3870 τικά,
2018 3801 2236 3874 corpora
2267 3806 2587 3873 spiritualia,
2623 3803 2638 3854 Ι
2673 3803 2913 3874 Corsxv,
2944 3802 3037 3855 sed
3062 3802 3267 3874 integra
3292 3801 3411 3852 illo-

1840 3893 1958 3929 rum
2002 3872 2330 3937 substantia,
2368 3892 2493 3930 vere
2526 3875 2640 3943 ipsa
2673 3873 2931 3926 carnibus
2983 3872 3317 3943 ossibusque
3344 3885 3408 3922 ac

1840 3946 2160 4000 humoribus
2187 3956 2462 4008 concreta,
2501 3939 2756 4011 nulloque
2805 3943 2914 4009 jam
2946 3941 3089 4003 cibo,
3143 3950 3198 3993 ut
3240 3939 3407 3991 vitam

1840 4023 2116 4079 tueantur,
2156 4014 2585 4074 statuminanda,
2638 4028 2802 4078 quam
2852 4012 2990 4064 forte
3040 4012 3254 4063 illorum
3289 4022 3412 4060 cor-

1839 4088 2144 4155 ruptionem
2197 4088 2496 4138 arbitratus
2521 4095 2604 4138 est
2659 4083 2982 4155 Methodius,
3022 4081 3257 4155 prq_illo
3307 4092 3409 4155 suo

1839 4147 2170 4211 sabbatismo
2197 4165 2248 4210 et
2272 4156 2571 4209 uiillenaria
2602 4153 2788 4222 requie
2816 4154 2868 4204 in
2901 4147 3064 4222 terra.
3104 4150 3166 4202 Et
3202 4147 3408 4222 certesi

1838 4227 2013 4279 adhuc
2050 4227 2393 4279 necessarius
2420 4225 2524 4278 illis
2545 4217 2719 4283 cibus,
2749 4223 2975 4274 necdum
3002 4221 3155 4288 plene
3184 4217 3407 4287 depulsa

1837 4297 2136 4364 corruptio,
2193 4297 2422 4350 necdum
2469 4309 2761 4364 corporum
2814 4293 3094 4364 beatorum
3129 4289 3406 4341 attributa:

1836 4361 2017 4427 dotes,
2072 4367 2246 4418 adhuc
2284 4367 2363 4419 vel
2400 4361 2613 4429 frugum
2647 4362 2730 4414 vel
2767 4361 3122 4413 animantium
3180 4373 3408 4426 genera-

1836 4438 2035 4496 tiones,
2069 4437 2210 4488 unde
2243 4451 2337 4503 pro
2370 4449 2433 4488 eo
2465 4442 2608 4485 statu
2651 4434 2756 4503 illis
2793 4431 3128 4503 sulliciatur.
3178 4432 3406 4503 Arrepta

1840 4507 2004 4561 semel
2039 4499 2258 4558 humani
2320 4520 2512 4557 sensus
2572 4500 2932 4569 simplicitate
2953 4499 3071 4564 ejus
3099 4499 3411 4569 statusppi-

1840 4578 2025 4637 nione,
2057 4592 2118 4628 ea
2153 4578 2266 4643 ipsa
2301 4575 2539 4642 proclive
2568 4563 2862 4623 fuit'multa
2905 4563 3410 4643 divinarctquibus

1838 4663 1938 4701 nos
1973 4636 2726 4713 selidiortheblogiacxemit;
2760 4654 2878 4708 qua:
2903 4636 3228 4713 necangelis
3248 4636 3407 4713 aliam

1838 4719 2040 4771 tribuat
2069 4716 2263 4769 molem
2299 4703 2460 4782 quain
2486 4713 2724 4782 virtutis,
2751 4703 2968 4782 qna_eis
2994 4703 3178 4782 liceat,
3205 4703 3405 4782 majori

1838 4787 2103 4841 minorive
2146 4772 2332 4854 spatio.
2355 4781 2645 4854 applicari;
2706 4772 2807 4832 ne};
2863 4778 3110 4830 homines
3140 4791 3169 4854 a
3199 4772 3410 4842 judicio

1836 4859 2109 4919 admittat,
2174 4852 2278 4907 nisi
2338 4863 2431 4907 aut
2485 4852 2673 4904 beatos
2723 4863 2952 4916 corpore
2983 4855 3036 4919 et
3072 4852 3254 4898 animo
3281 4857 3408 4896 cum

1835 4927 2054 4982 Christo
2074 4917 2382 4995 regnantes,
2409 4923 2567 4995 eique
2587 4921 2830 4995 _in_C(Blis
2861 4917 3121 4995 asseclas,
3163 4923 3408 4995 autcum

1836 4997 2053 5052 diabolo
2082 4989 2367 5064 et'augelis
2415 4989 2535 5060 ejus
2585 4990 2810 5064 inferno
2849 4989 3124 5064 addictos,
3162 4989 3409 5051 utrisque

1836 5069 1946 5122 vita
1976 5059 2292 5122 insolubili:
2323 5064 2368 5118 si
2399 5059 2579 5116 tamen
2618 5061 2728 5114 vita
2761 5059 3236 5117 dicenda,eorum,
3269 5067 3408 5120 quos

1837 5139 1911 5193 ibi
1938 5155 2084 5194 mors
2114 5138 2390 5204 depascet,
2414 5130 2882 5222 ipsanim'mortalis
2900 5129 3218 5209 nullumque
3245 5123 3408 5222 linem

1837 5209 2086 5262 habitura
2140 5199 2378 5261 miseria.
2435 5199 2798 5272 Ἃνθρώπινον
2846 5199 3033 5272 σχῆμα
3092 5199 3408 5266 oppositum

1838 5281 2096 5349 angelica:
2129 5279 2255 5331 moli
2289 5284 2342 5328 et
2387 5271 2769 5349 magnitudini,
2805 5271 3089 5349 nesciam}
3125 5274 3409 5349 apte‘sats

1837 5339 2075 5402 haliitum
2105 5351 2414 5407 humanum,
2447 5339 2773 5412 superiores
2818 5339 3184 5406 reddiderint_,
3215 5342 3270 5390 et
3300 5350 3409 5387 non

1834 5419 2288 5483 clariusﬂmmani
2315 5411 2545 5482 corporis
2571 5411 2954 5484 forma(totmn
2977 5413 3153 5480 ipsum
3181 5419 3405 5484 corpus,

1833 5491 1994 5560 quale
2051 5490 2423 5560 hominisest,
2455 5493 2582 5560 ante
2612 5500 2729 5538 eam
2767 5483 3123 5560 Imitationem
3160 5483 3408 5556 aequasi

1835 5552 2000 5614 totius
2031 5560 2265 5614 hominis
2287 5558 2516 5622 θέωσιν)
2553 5571 2584 5606 a
2616 5569 2698 5608 me
2731 5552 3000 5625 redditum
3046 5552 3118 5601 sit
3153 5563 3170 5625 ς
3213 5552 3411 5625 innqua

1835 5647 1940 5683 non
2004 5632 2159 5684 video
2196 5637 2252 5683 ut
2303 5615 2606 5684 Methodius
2653 5641 2760 5678 non
2809 5618 3216 5678 exorbitaverit.
3263 5615 3408 5671 Cox-

1836 5717 2003 5756 BEFIS.
