4010 6328
618 314 714 372 l9!

1559 315 1619 375 S.
1661 316 1991 375 METHODII
2029 319 2340 380 EPISCOPI
2371 321 2457 378 ET
2499 319 2854 378 MARTYRIS

3770 319 3884 374 {92

683 434 932 491 EUBUL.
971 433 1199 490 Multum
1229 442 1402 492 aestuo
1419 435 1560 507 apud
1595 452 1702 502 me,
1757 453 1790 492 o
1836 436 2173 509 Gregorium.

2359 442 2652 496 ΕΥΒΟΥΛ.
2691 439 2828 494 Δίαν
2856 436 3095 508 ἀγωνιῶ,
3125 429 3170 490 ὧ
3203 435 3524 510 Γρηγόριον,
3556 438 3674 491 κατ’
3704 439 3879 508 ἐμαυ-

611 537 872 598 reputaus
901 542 1113 584 mecum
1145 528 1198 582 in
1229 539 1430 599 quanta
1467 532 1666 586 mentis
1690 529 1964 587 anxietate
1992 549 2086 603 per
2109 534 2187 589 is-

612 629 721 674 tam
759 636 1070 676 sermonum
1124 621 1297 676 vicem
1327 620 1597 676 Domnina
1623 631 1954 691 versaretur,
1979 625 2096 695 ipsa
2128 627 2186 682 in

612 713 925 782 praecordiis
953 713 1247 776 ﬂuctuans,
1284 731 1348 770 ac
1377 715 1502 784 jure
1528 726 1775 772 metuens
1811 733 1880 773 ne
1912 719 2015 774 sibi
2043 735 2186 791 aqua

610 804 862 866 haereret,
910 806 1266 877 jejuniusque
1319 809 1524 878 aliquid
1579 809 1804 880 reliquis
1857 811 2183 882 virginibus,

609 914 734 953 cum
770 899 876 954 illa:
893 907 1044 954 tanta
1073 901 1182 970 jam
1211 901 1400 972 sicque
1424 904 1574 958 varia
1605 915 1994 974 occupassent,
2052 922 2185 976 per-

609 1005 814 1047 oraret.
847 989 907 1046 Si
928 1008 1059 1063 ergo
1083 1009 1194 1048 non
1225 994 1592 1050 dissimulavit
1631 998 1792 1054 talem
1840 999 1985 1054 hunc
2015 1001 2183 1056 animi

610 1081 696 1136 sui
730 1090 957 1149 motum,
995 1099 1093 1154 age
1125 1092 1178 1137 et
1232 1084 1379 1140 istud
1425 1101 1646 1156 quoque
1707 1089 1965 1161 transige.
2015 1090 2185 1145 Miror

607 1178 753 1229 enim
789 1175 834 1231 si
869 1176 1000 1246 quid
1024 1177 1277 1232 habuerit
1299 1177 1444 1248 quod
1475 1179 1703 1247 diceret;
1738 1183 1992 1238 ultimum
2019 1193 2184 1239 nacta

607 1265 846 1320 habendi
873 1269 1146 1324 sermonis
1172 1269 1376 1325 locum.

675 1357 884 1413 GREG.
907 1358 1202 1415 Turbatam
1227 1377 1362 1418 sane
1381 1363 1554 1434 ipsam
1577 1365 1837 1436 majorem
1859 1366 1914 1422 in
1938 1367 2181 1435 modum,

607 1467 641 1504 ο
667 1451 980 1519 Eubulium,
1004 1455 1139 1510 dixit
1174 1456 1306 1510 mihi
1333 1456 1666 1529 Theopatra,
1699 1476 1809 1515 non
1867 1468 2053 1516 tamen
2104 1463 2186 1516 la-

606 1544 833 1602 borasse
863 1549 1086 1617 penuria
1120 1565 1453 1606 sermonum.
1472 1553 1530 1608 In
1557 1569 1677 1609 eam
1705 1569 1855 1626 ergo,
1888 1561 2182 1625 postquam

607 1634 845 1707 Tysiana
877 1639 1038 1694 tinem
1068 1639 1216 1706 fecit,
1254 1641 1457 1712 injecto
1506 1645 1670 1699 Arete
1720 1645 1904 1708 oculo,
1956 1643 2070 1714 Age
2123 1652 2181 1698 tu

604 1742 846 1799 quoque,
884 1730 982 1795 ait,
1039 1731 1170 1795 illia.
1209 1749 1514 1788 sermonem
1549 1734 1736 1799 redde,
1782 1742 1841 1788 ut
1869 1735 2181 1790 convivium

2293 538 2391 608 τὴν
2421 535 2530 607 (48)
2563 533 2886 605 ὲννοουμὲνη
2912 571 2926 595 ,
2961 530 3131 602 ὁποίῳ
3183 529 3396 602 θορύϐῳ
3441 529 3534 584 νῦν
3576 527 3684 602 ἄρα
3719 531 3753 601 ἡ
3782 533 3886 583 Δο-

2296 629 2456 701 μνίνα
2510 623 2599 699 ἦν,
2654 624 3071 698 ταρασσομένης
3125 622 3262 694 αὐτῇ
3312 622 3412 693 τῆς
3469 622 3729 692 καρδίας,
3780 621 3884 675 καὶ

2293 720 2630 790 φοῦουμένης
2662 719 2735 790 μὴ
2771 717 3026 790 ἀπορήσῃ
3073 715 3282 783 λόγων,
3317 717 3412 769 καὶ
3452 714 3788 786 ἐνδεέστερόν
3823 732 3881 769 τι

2291 812 2398 865 τῶν
2429 812 2604 866 ἄλλων
2639 811 2924 883 παρθένων
2981 810 3388 881 ἀποφθέγξηται
3408 850 3424 874 ,
3465 809 3734 863 τοσούτων
3773 808 3881 880 ήδη

2292 903 2563 974 ῥηθέντων
2608 905 2688 968 είς
2717 903 2778 957 τὸ
2827 902 3182 976 προκείμενον
3217 905 3310 957 καὶ
3349 901 3624 958 ποικίλων.
3674 901 3739 954 El.
3779 897 3882 955 οὖν

2291 993 2510 1061 εὕδηλος
2545 995 2760 1062 ἐγένετο
2786 995 3139 1066 κεκινημένη,
3163 995 3296 1067 φέρε
3323 995 3419 1049 καὶ
3449 994 3607 1048 τοῦτο
3628 995 3880 1066 περαίω-

2293 1103 2403 1140 σον.
2445 1086 2720 1157 θαυμάζω
2745 1087 2852 1160 γὰρ
2886 1087 2939 1140 εἴ
2968 1105 3022 1140 τι
3050 1087 3205 1158 ἔσχεν
3237 1089 3434 1151 εἰπεῖν,
3460 1087 3742 1141 τελευταῖα
3781 1104 3880 1142 κε-

2291 1179 2639 1251 κληρωμένη.

2358 1361 2644 1414 ΓΡΗΓΟΡ.
2687 1360 3028 1432 Τεταράχθαι
3078 1361 3176 1432 μὲν
3207 1361 3373 1433 αὐτὴν
3397 1401 3412 1426 ,
3449 1355 3495 1414 ὧ
3542 1361 3876 1432 Εὑϐούλιον,

2289 1457 2381 1510 καλ⁸
2411 1456 2634 1527 σφόδρα,
2653 1455 2757 1527 ἔφη
2791 1472 2880 1526 μοι
2911 1455 3273 1528 η’Θεοπάτρα·
3306 1457 3366 1510 οὐ
3403 1457 3510 1528 μὴν
3531 1458 3878 1530 ὴπορηκέναι

2288 1546 2479 1615 λόγων.
2517 1545 2670 1600 Μετὰ
2702 1544 2764 1598 τὸ
2797 1545 3110 1601 παύσασθαι
3139 1545 3238 1617 τὴν
3277 1547 3572 1618 Τυσιανὴν,
3601 1550 3634 1619 ἡ
3672 1553 3876 1624 Ἀρετὴ

2288 1637 2376 1692 τὸν
2405 1637 2680 1708 ὀφθαλμὸν
2721 1639 2802 1700 εἰς
2833 1637 3002 1709 αὐτὴν
3047 1638 3412 1706 ἐπιϐαλοῦσα,
3449 1640 3618 1714 Δεῦρο
3659 1641 3728 1712 δὴ
3775 1641 3879 1696 καὶ

2290 1727 2550 1802 θύγατερ,
2585 1730 2710 1802 ἔφη,
2753 1730 2846 1784 τὸν
2894 1730 3051 1798 λόγον
3093 1730 3312 1797 ἀπόδος,
3353 1731 3441 1784 ἵνα
3491 1731 3877 1804 πληρώσωμεν

605 1821 753 1876 omni
777 1837 840 1876 ex
879 1831 1035 1893 parte
1061 1823 1360 1894 perfectum
1396 1827 1789 1896 compleamus.
1843 1825 1940 1883 His
1987 1828 2173 1882 erube-

2282 1823 2470 1894 ἐντελῆ
2497 1824 2594 1895 τὴν
2626 1825 2879 1896 εὐωχίαν.
2907 1824 3015 1896 Τὴν
3039 1821 3132 1879 οὖν
3156 1826 3440 1895 Δομνίναν,
3464 1825 3877 1897 ἑρυθριάσασαν

607 1926 772 1968 scens
804 1910 1094 1979 Domnina,
1126 1916 1324 1986 vixque
1351 1925 1474 1987 post
1500 1919 1714 1991 longam
1747 1935 1954 1973 moram
1986 1919 2180 1976 oculos

602 2005 924 2077 vultumque
957 2007 1176 2073 tollens,
1211 2025 1625 2082 exsurgensque
1670 2012 1738 2067 ad
1790 2012 2058 2067 orandum
2118 2026 2179 2066 se

603 2097 788 2160 vertit,
823 2112 886 2153 ac
920 2097 1213 2167 Sapientia
1265 2117 1505 2171 praesens
1559 2104 1824 2158 auxilium
1877 2103 2180 2173 imploran-

603 2183 753 2241 dum.
787 2186 905 2254 Qua
937 2190 1184 2244 oratione
1221 2191 1536 2258 perfunctte,
1572 2195 1744 2250 visam
1779 2195 1960 2251 aiebat
1994 2197 2180 2251 subito

602 2294 797 2334 novam
846 2291 1087 2337 creatam
1145 2285 1451 2350 audaciam,
1502 2296 1558 2343 et
1611 2287 1851 2343 divinam
1884 2289 2178 2360 quamdam

601 2369 864 2428 incidisse
889 2371 1177 2442 ﬁduciam;
1212 2389 1384 2445 eaque
1415 2374 1610 2432 fretam
1635 2377 1868 2434 dixisse.

1062 2615 1520 2713 ORATIO
1590 2625 1718 2712 X.

1215 2764 1548 2822 DOMNINA.

2288 1915 2539 1980 ἐπιπολὺ,
2566 1916 2717 1987 μόλις
2745 1917 3056 1981 ἀνανεῦσαι,
3077 1919 3168 1970 καὶ
3199 1918 3278 1980 εἰς
3303 1916 3467 1988 εὐχὴν
3494 1915 3878 1981 ὲξαναστᾶσαν

2284 2011 2596 2082 τραπῆναι,
2653 2012 2747 2066 καὶ
2799 2012 2982 2066 καλεῖν
3018 2012 3116 2083 τὴν
3171 2011 3372 2081 Σοφίαν
3419 2012 3768 2084 παραστῆναι
3822 2013 3876 2067 οἱ

2284 2101 2496 2174 βοηθόν.
2554 2104 2841 2177 Εὐξαμένῃ
2885 2104 2942 2158 δὲ
2993 2105 3151 2176 αὐτῇ,
3201 2105 3399 2176 θάρσος
3448 2105 3612 2174 φησιν
3661 2101 3876 2168 εὐθέως

2283 2195 2594 2264 ἐγγίνεσθαι
2615 2235 2630 2258 ,
2659 2195 2754 2250 καί
2784 2213 2868 2260 τις
2893 2195 3061 2267 αὐτὴν
3094 2195 3210 2250 θεία
3255 2197 3514 2269 ἀνακωχὴ
3554 2193 3834 2250 κατέλαϐε
3853 2235 3870 2261 ,

2283 2288 2376 2342 καί
2408 2287 2533 2360 ἔφη.

2805 2622 3168 2708 ΛΟΓΟΣ
3246 2624 3307 2705 Ι.

2893 2771 3226 2825 ΔΟΜΝΙΝΑ.

1140 2885 1272 2940 ΟΜ».
1302 2885 1344 2942 Ι.
1380 2887 1508 2942 Sola
1535 2886 1700 2958 efﬁcit
1725 2906 1787 2943 ac
1809 2899 2031 2960 praestat
2059 2890 2311 2958 castitas,
2337 2902 2393 2946 ut
2416 2893 2598 2946 anima
2629 2890 2996 2946 laudatissima
3021 2891 3358 2962 gubernetur.

670 2995 716 3060 Ο
737 3003 918 3067 Arete,
951 3005 1174 3062 omissis
1203 3017 1258 3062 et
1296 3022 1398 3078 ego
1429 3008 1780 3064 exordiorum
1816 3012 2161 3083 ambagibus,

2342 3009 2412 3066 Ὦ
2457 3013 2682 3086 Ἀρετὴ,
2716 3012 2903 3082 κάγὼ,
2933 3010 3314 3086 παραλείᾲασα
3356 3008 3454 3072 τὰς
3491 3009 3869 3082 μακρολογίας

599 3094 850 3162 protinus
878 3110 992 3150 rem
1029 3095 1202 3166 ipsam
1238 3097 1458 3168 aggredi
1505 3099 1750 3155 conabor
1783 3115 1884 3170 pro
1934 3101 2168 3166 viribus,

2282 3105 2384 3160 τῶν
2421 3105 2910 3179 προεξηγημάτων,
2948 3107 3027 3168 εἰς
3061 3103 3200 3157 αὐτὰ
3230 3101 3298 3155 τὰ
3347 3099 3684 3173 προκείμενα
3715 3101 3869 3157 κατᾶ

601 3202 668 3241 ne
693 3187 759 3242 iis
790 3188 1130 3244 immorando
1149 3205 1269 3264 qum
1285 3187 1440 3246 extra
1460 3206 1572 3246 rem
1597 3201 1746 3260 sunt,
1776 3194 1992 3264 longius
2009 3210 2173 3264 quam

599 3292 700 3348 pro
746 3296 934 3334 earum
991 3262 1220 3336 ratione.
1246 3296 1309 3336 ac
1349 3299 1489 3354 pene
1534 3285 1812 3355 superﬂue
1865 3287 2173 3340 orationem

599 3374 833 3426 traham.
875 3371 1113 3429 Numero
1165 3376 1311 3430 enim
1351 3376 1403 3428 in
1461 3394 1654 3446 magna
1687 3377 1991 3447 prudentia!
2018 3387 2175 3450 parte

598 3479 708 3518 non
741 3465 1022 3536 indulgere
1045 3467 1228 3523 verbis
1269 3468 1504 3523 inaniter
1553 3485 1715 3525 aures
1773 3472 2167 3536 mulcentibus,

599 3556 937 3628 ditl‘undique
986 3559 1240 3628 dicendo,
1301 3569 1590 3632 antequam
1643 3563 1709 3618 ad
1769 3574 1937 3636 caput
1993 3567 2171 3636 ipsum

601 3651 810 3720 quaesiti
839 3653 1124 3717 veniatur;
1167 3653 1262 3709 sed
1290 3671 1354 3710 ex
1390 3656 1510 3725 ipso
1540 3657 1724 3710 statim
1759 3667 1966 3728 puncto
2021 3675 2172 3730 quae-

599 3743 798 3800 stionis
830 3746 1090 3817 incipere.
1122 3746 1259 3803 llinc
1302 3750 1464 3819 igitur
1502 3752 1690 3807 ordior
1724 3771 1738 3807 :
1778 3762 1992 3824 tempus
2025 3757 2172 3810 enim

597 3843 702 3892 est.

667 3927 812 3983 Nihil
842 3938 950 3984 tam
982 3933 1242 4002 prodesse
1279 3934 1484 3988 homini
1515 3935 1583 3989 ad
1616 3935 1954 3992 honestatem
1981 3954 2043 3994 ae
2063 3939 2175 3994 vir-

595 4023 730 4077 tutis
759 4021 983 4087 bonum,
1016 4039 1049 4078 ο
1074 4024 1316 4081 illustres
1348 4027 1602 4096 virgines,
1630 4030 1830 4098 poterit
1859 4047 2023 4102 quam
2080 4049 2172 4088 ca-

591 4115 778 4171 stitas.
819 4114 888 4170 Ut
919 4118 1064 4172 enim
1096 4134 1310 4173 summa
1364 4120 1651 4174 honestate
1703 4137 1767 4176 ac
1797 4122 2171 4180 laudatissime

595 4208 932 4280 gubernetur
963 4213 1162 4276 anima,
1194 4221 1363 4282 utque
1391 4230 1421 4268 a
1456 4217 1612 4272 malis
1644 4225 1696 4272 et
1737 4218 2171 4288 inquinamentis

595 4315 731 4371 pura
764 4303 966 4356 mundo
1003 4306 1246 4361 solvatur
1275 4323 1338 4362 ac
1363 4309 1692 4374 dimittatur,
1727 4312 1842 4366 sola
1871 4313 1986 4366 haec
2009 4311 2172 4366 cﬂicit

592 4408 658 4448 ac
688 4403 926 4466 praestat.
959 4397 1034 4452 Ex
1063 4415 1172 4469 quo
1201 4400 1468 4472 siquidem
1515 4403 1769 4460 Christus
1793 4420 1913 4460 eam
1937 4420 2037 4460 uos
2069 4420 2135 4459 eo
2155 4435 2169 4446 ο

2279 3199 2507 3270 δύναμιν
2545 3199 2718 3252 εἰπεῖν
2767 3197 3132 3270 πειράσομαιο
3167 3197 3254 3249 ἵνα
3284 3194 3346 3266 δὴ
3385 3193 3478 3266 μὴ,
3505 3193 3582 3266 τῷ
3617 3195 3869 3267 μηκύνε-

2281 3293 2401 3346 σθαι
2432 3293 2501 3346 τὰ
2534 3293 2802 3365 πάρεργα,
2840 3291 3061 3344 πλείονα
3083 3290 3272 3363 χρόνον
3303 3282 3376 3341 ὧν
3409 3289 3572 3342 ἕνεκα
3600 3289 3869 3357 λέγονται

2280 3383 2563 3456 παράσχω,
2600 3383 2866 3455 Ἠγοῦμαι
2899 3382 3007 3453 γὰρ
3039 3383 3294 3454 μέγιστον
3331 3380 3495 3451 μέρος
3538 3382 3868 3452 φρονήσεως

2278 3471 2414 3530 εἶναι
2447 3477 2508 3530 τὸ
2543 3476 2617 3548 μὴ
2673 3476 2917 3549 μακροὺς
2949 3477 3011 3528 ἐκ
3047 3473 3306 3545 περιόδων
3337 3473 3442 3546 πρὸ
3490 3473 3596 3526 τῶν
3639 3475 3869 3546 ἐρωτη-

2277 3568 2475 3622 θέντων
2526 3568 2788 3622 ποιεῖσθαι
2824 3570 2948 3631 τοὺς
2991 3567 3201 3636 λόγους,
3235 3566 3534 3638 κηλοῦντας
3578 3567 3646 3621 τὰ
3700 3561 3865 3623 ὧταο

2276 3662 2388 3716 ἀλλ’
2420 3662 2643 3716 αὐτόθεν
2689 3661 2887 3724 ευθέως
2927 3661 3053 3732 περὶ
3087 3661 3206 3712 ὅτου
3237 3659 3294 3713 τὸ
3331 3658 3661 3732 ἐπερώτημά
3703 3660 3869 3717 ἐστιν

2276 3757 2556 3829 ἄρχεσθαι.
2591 3756 2682 3810 Διὸ
2710 3754 2919 3809 ἐνθένδε
2949 3754 3130 3823 κάγὼ·
3166 3754 3355 3826 καιρὸς
3383 3754 3513 3826 γάρ.

2347 3935 2511 3988 Οὐδὲν
2541 3934 2712 3998 οὓτως
2749 3933 2939 4003 ὀνῆσαι
2967 3932 3250 4003 δυνήσεται
3285 3933 3420 4004 πρὸς
3465 3930 3526 3984 τὸ
3567 3931 3729 3985 καλὸν
3757 3933 3868 3989 τὸν

2275 4029 2593 4100 ἄνθρωπον,
2635 4023 2679 4082 ὦ
2736 4026 3190 4100 καλλιπάρθενοι,
3236 4029 3311 4091 ὡς
3357 4025 3565 4096 ἁγνεία.
3618 4027 3690 4080 Τὸ
3739 4029 3868 4103 γὰρ

2274 4119 2531 4173 κάλλιστα
2565 4119 2660 4171 καὶ
2689 4118 2887 4190 ἄριστα
2913 4117 3397 4190 διακυϐερνηθῆναι
3421 4118 3516 4188 τὴν
3535 4117 3734 4189 ψυχὴν,
3751 4121 3870 4174 καὶ

2273 4211 2502 4282 κηλίδων
2555 4211 2648 4266 καὶ
2705 4211 3025 4282 μιασμάτων
3064 4209 3310 4282 καθαρὰν
3359 4208 3693 4279 ἀπολυθῆναι
3749 4211 3867 4266 τοῦ

2272 4305 2506 4376 κόσμου,
2563 4305 2696 4376 μόνη
2748 4307 2891 4358 ποιεῖ
2937 4303 3096 4357 τοῦτο
3147 4302 3237 4357 καὶ
3294 4301 3586 4374 ἐργάζεται
3630 4302 3865 4370 ἁγνεία.

2285 4397 2400 4466 Ἀφ’
2427 4390 2488 4449 οὗ
2520 4396 2628 4469 γὰρ
2648 4398 2676 4449 ὁ
2707 4396 2940 4467 Χριστὸς
2969 4394 3245 4447 ἐδίδασκεν
3274 4393 3442 4464 αὐτὴν
3465 4396 3652 4447 ἀσκεῖν
3675 4395 3870 4465 ἡμᾶς,

593 4483 706 4540 lere
737 4486 942 4549 docuit,
966 4490 1591 4565 excellentissimamque
1621 4497 1769 4552 illius
1796 4495 2165 4566 pulchritudi-

2282 4489 2367 4543 atati.
2400 4490 2666 4560 ἐμήνυσεν
2710 4489 2838 4559 ἡμῖν
2872 4488 2932 4540 τὸ
2978 4485 3384 4558 ἀνυπέρϐλητον
3414 4486 3609 4551 κάλλος
3651 4486 3866 4560 αὐτῆς,

593 4594 716 4634 nem
762 4579 994 4651 aperuit,
1043 4597 1270 4654 regnum
1297 4585 1500 4642 diaboli
1533 4589 1872 4645 destructum
1899 4597 2004 4652 est,
2037 4603 2166 4642 cum

589 4671 744 4742 prius
778 4677 1091 4730 univcrsqu
1139 4676 1421 4732 hominum
1457 4697 1629 4752 genus
1660 4683 1934 4752 captivum
1979 4681 2168 4735 trahe-

661 4807 777 4886 (48)
799 4811 933 4864 Κατ’
955 4810 1238 4881 ἐμαυτήν.
1265 4811 1404 4868 Hinc
1435 4814 1604 4886 liquet
1628 4815 1916 4870 Eubulium
1940 4817 2168 4886 perinde

587 4879 808 4956 femina
840 4879 1128 4956 personam
1177 4899 1300 4938 esse
1339 4899 1403 4939 ac
1455 4879 1774 4956 Gregorium
1808 4905 1823 4942 :
1859 4879 1977 4952 ,ιιοέ
2012 4893 2166 4942 tanta

587 4952 826 5026 puellam
854 4951 995 5026 apud
1012 4954 1198 5026 _virum
1223 4956 1517 5026 deponere,
1554 4951 1814 5012 decorum
1842 4951 2020 5013 visum
2057 4957 2169 5014 Me-

587 5022 780 5098 thodio
811 5025 900 5076 cui
927 5022 1309 5098 inSymposio
1330 5027 1621 5097 virginum.
1651 5043 1950 5098 earumque
1981 5029 2168 5084 habito

591 5093 875 5168 relatoque
914 5093 1208 5168 colloquio,
1259 5093 1454 5168 magna
1504 5098 1727 5168 pudoris
1759 5109 1812 5155 et
1855 5093 2162 5156 honestatis

590 5179 758 5219 sexus
789 5163 1033 5218 habenda
1059 5163 1160 5219 fuit
1193 5163 1668 5226 ratiofCoueerls.

665 5234 774 5304 (49)
811 5233 905 5302 Μὴ
958 5233 1077 5288 τῶν
1120 5237 1528 5306 παλαιοτέρων
1574 5239 1727 5293 τινά.
1763 5239 1908 5294 Dura
1944 5241 2056 5295 hmc
2109 5251 2167 5298 ut

590 5312 811 5365 sonant,
846 5319 945 5376 nec
981 5305 1242 5376 Apostolo
1269 5315 1371 5360 'aut
1404 5305 1544 5364 lidei
1573 5326 1814 5365 consona
1846 5331 1860 5375 ς
1891 5313 2161 5366 neminem

593 5385 837 5430 veterum
898 5373 1043 5429 Deo‘
1062 5378 1352 5451 placuisse.
1408 5380 1568 5435 Certe
1608 5373 1932 5451 placuerunt
1986 5383 2162 5446 multi,

594 5460 900 5522 magnaque
927 5451 1236 5522 sanctitate,
1260 5449 1694 5514 clarueruntfut
1721 5462 1773 5506 et
1808 5453 1913 5514 his,
1940 5453 2031 5522 qui
2061 5455 2164 5508 sub

589 5518 768 5591 gratia
792 5518 999 5591 vivunt,
1029 5521 1278 5589 exemplo
1299 5535 1421 5575 esse
1453 5523 1698 5591 possint:
1729 5524 1804 5576 uti
1837 5518 1999 5578 etiam
2025 5522 2166 5576 Pau-

594 5588 944 5660 lus_e.xcmplo
961 5588 1232 5659 producit,
1253 5607 1390 5660 quos
1414 5588 1595 5648 tantos
1623 5605 1872 5648 numerat
1898 5595 1963 5646 ad
1998 5594 2156 5648 Hebr.

598 5675 636 5734 t._
657 5656 941 5734 Glossema
962 5656 1225 5734 ’l’ossinii,
1259 5656 1401 5715 omni
1445 5679 1509 5716 ex
1539 5677 1727 5733 parte:
1773 5667 1919 5718 velut
1947 5665 2164 5734 placue-

591 5731 705 5783 rint
745 5731 963 5799 quidcm
997 5733 1215 5801 acjusti
1250 5733 1470 5792 fuerint.
1510 5731 1604 5789 sed
1640 5751 1747 5788 non
1791 5731 2018 5803 prorsus
2052 5736 2164 5804 pla-

590 5805 826 5870 cuerint,
853 5821 915 5858 ac
951 5807 1148 5875 partim
1176 5805 1332 5876 justi,
1363 5804 1564 5874 partim
1619 5817 1930 5874 peccatores
1965 5807 2162 5862 fuerint

2269 4580 2575 4652 ἠβασιλεία
2632 4580 2724 4634 τοῦ
2779 4579 3015 4652 πονηροῦ
3067 4579 3386 4654 καθῃρέθη,
3443 4578 3706 4652 πρότερον
3759 4581 3872 4636 ἀεὶ

2272 4672 2476 4735 πάντας
2499 4671 2986 4743 αἰχμαλωτίζοντος
3015 4673 3108 4725 καὶ
3129 4671 3504 4742 δουλουμένουο
3528 4671 3603 4736 ὡς
3630 4671 3708 4743 μὴ
3728 4671 3865 4745 (49)

2267 4811 2489 4874 et‘mali,
2522 4825 2621 4865 nos
2666 4827 2721 4864 in
2767 4811 2884 4880 lege
2917 4812 3106 4880 gratim
3163 4826 3271 4866 non
3307 4811 3482 4867 simus
3516 4829 3531 4875 ;
3594 4812 3866 4880 antiquis

2269 4883 2476 4936 sanctis
2508 4882 2768 4948 iujurium
2792 4890 2898 4941 cst.
2930 4882 3175 4950 nihilque
3221 4881 3660 4938 accommodum.
3695 4881 3865 4940 Nuso

2267 4967 2431 5021 quam
2459 4954 2540 5008 vel
2566 4953 2674 5006 illis
2700 4952 2783 5006 vel
2809 4954 2966 5006 nobis
2994 4953 3308 5014 defuerunt,
3328 4953 3535 5022 quibus
3549 4968 3656 5008 non
3691 4958 3865 5013 οιηιιὶ

2267 5039 2333 5077 ex
2366 5031 2518 5092 parte
2548 5022 2773 5091 perfecti
2807 5038 2998 5078 sumus
3023 5066 3038 5090 ,
3071 5023 3312 5092 quandiu
3345 5025 3512 5078 vitam
3551 5025 3864 5084 mortalem

2266 5095 2497 5147 vivimus
2527 5113 2539 5148 :
2570 5093 2758 5164 sicque
2787 5110 2887 5148 nec
2915 5094 3150 5165 dilectus
3182 5094 3488 5163 discipulus
3512 5096 3859 5165 placuisset,

2267 5165 2358 5233 qui
2393 5180 2451 5219 se
2478 5166 2592 5233 ipse
2617 5163 2680 5219 ae
2710 5166 2949 5234 reliquos
2982 5163 3166 5220 lidelcs
3215 5167 3463 5236 agnoscit
3487 5163 3652 5230 ,‘non
3683 5171 3860 5225 omni

2265 5251 2332 5290 ex
2365 5236 2765 5305 partejustum.
2801 5235 2896 5291 sed
2921 5243 3200 5306 peccatum
3258 5235 3458 5291 habere
3483 5255 3498 5300 ;
3527 5251 3591 5290 ac
3620 5237 3716 5304 qui
3745 5253 3864 5293 ne-

2267 5306 2492 5374 gaverit,
2526 5308 2878 5376 quantumvis
2906 5307 3208 5378 apostolus,
3237 5315 3291 5362 et
3329 5308 3382 5360 in
3417 5307 3682 5378 apostolis
3703 5323 3867 5376 pra:-

2267 5378 2520 5440 dilectus,
2560 5381 2733 5446 ipsum
2768 5392 2826 5431 se
2860 5378 3144 5440 seducere,
3167 5385 3221 5432 et
3242 5379 3522 5433 veritatem
3548 5379 3603 5431 in
3638 5393 3706 5432 eo
3730 5395 3862 5436 non

2266 5463 2388 5502 esse
2433 5450 2598 5503 sentit
2629 5447 2681 5516 (1
2705 5447 2866 5502 Jorm.
2901 5467 2938 5513 ι,
2976 5449 3051 5518 8).
3085 5447 3366 5502 Neminem
3414 5464 3543 5516 ergo
3562 5449 3864 5517 placuisse

2265 5518 2462 5572 dixerit
2513 5519 2817 5573 Methodius
2889 5519 3186 5588 Scriptura:
3238 5520 3448 5588 phrasi,
3497 5519 3645 5589 quod
3676 5523 3866 5588 pauci

2267 5591 2594 5661 placuerint.
2627 5592 2881 5658 quodque
2909 5593 2944 5644 ii
2970 5593 3072 5660 ipsi
3095 5591 3189 5660 qui
3220 5593 3567 5661 placuerunt,
3609 5605 3719 5644 non
3771 5607 3864 5650 ex

2267 5660 2401 5729 legis
2432 5661 2627 5716 merito
2655 5662 2996 5730 placuerunt,
3030 5662 3126 5716 sed
3150 5660 3228 5714 ex
3266 5661 3469 5716 Christi
3495 5663 3694 5730 gratia.
3721 5661 3860 5728 jam

2265 5742 2379 5785 tum
2407 5748 2472 5785 ex
2503 5733 2606 5788 ﬁde
2633 5739 2910 5801 operante,
2943 5733 3029 5787 cui
3053 5740 3234 5788 tantas
3263 5739 3578 5786 sanctorum
3601 5732 3868 5791 virtutes

2268 5820 2329 5860 ac
2361 5801 2606 5860 facinora
2641 5803 2866 5859 ascribit
2903 5802 3104 5858 Paulus
3133 5804 3338 5859 relatus
3369 5802 3436 5858 ad
3468 5801 3751 5867 Hebraeos,
3780 5814 3862 5860 ει
