4010 6328
580 281 691 339 195

1560 273 1618 332 S.
1661 270 1992 331 ΜΕΤΠΟΒΙΙ
2025 269 2331 327 EPISCOPI
2369 268 2458 325 ET
2496 267 2857 325 MARTYRIS

3722 268 3832 325 {96

578 414 726 455 enim
754 399 1098 455 lucernarum
1141 394 1366 451 luminis
1395 400 1501 459 est,
1535 394 1589 449 id
1616 410 1746 450 vero
1785 394 2002 449 morati
2036 393 2141 449 olei

2247 406 2351 460 ριοι
2387 388 2445 441 δὲ
2484 400 2705 452 παντως
2733 387 2828 442 καὶ
2872 387 2921 441 οί
2966 386 3059 442 τοῦ
3097 387 3235 442 Θεοῦ
3267 385 3541 461 οἱκτιρμοὶ
3570 385 3831 450 θανάτου,

579 492 783 564 pabulo
835 487 1163 546 concrescit.
1215 488 1307 543 Dei
1354 502 1574 557 quoque
1632 502 1859 557 prorsus
1916 487 2141 542 misera.

578 585 760 639 tiones
792 588 1021 637 mortem
1064 588 1119 637 et
1149 588 1371 651 peccata
1419 579 1746 642 dissolvunt,
1797 578 2143 648 humanoque

577 675 762 748 generi
787 673 1423 744 procliveopitulantur,
1475 686 1542 726 ac
1593 671 1851 726 alimenta
1902 670 2142 741 praebent

578 767 686 823 luci
733 766 936 821 cordis.
993 765 1094 829 Ac,
1143 781 1349 835 quaeso,
1385 765 1731 822 considerate
1764 780 1892 820 num
1926 764 2070 834 leges
2112 778 2142 816 a

577 854 754 925 primo
778 854 995 909 homine
1017 855 1240 908 condito
1273 855 1341 908 ad
1371 854 1652 911 Christum
1689 855 1945 924 deinceps
1996 852 2145 908 Scri-

579 955 740 1017 ptura
762 946 872 1000 illis
886 946 1070 1001 verbis
1099 945 1409 1016 signiﬁcare
1432 946 1686 1009 voluerit,
1719 945 1920 1017 quibus
1955 944 2142 999 diabo-

578 1041 666 1095 lus
696 1039 989 1094 contrariis
1023 1038 1293 1110 ﬁgmentis
1335 1038 1630 1093 humanum
1681 1054 1852 1109 genus
1907 1037 2139 1093 seduxit.

577 1131 657 1187 Ac
687 1130 876 1186 Ficum
919 1130 1133 1200 quidem
1189 1137 1458 1200 praecepto
1510 1131 1865 1199 comparavit,
1913 1130 2058 1199 quod
2088 1131 2143 1184 in

577 1223 835 1296 paradiso
865 1222 1048 1276 datum
1082 1221 1421 1292 estltomini,
1454 1223 1599 1291 quod
1648 1222 1695 1276 is
1723 1223 2001 1284 seductus,
2041 1237 2144 1275 nu-

577 1314 803 1375 ditatem
838 1314 971 1370 ﬁcus
1017 1313 1161 1368 foliis
1188 1313 1429 1368 contexit
1457 1314 1526 1369 ’°.
1575 1313 1749 1368 Vitem
1773 1324 1951 1369 autem
1985 1314 2053 1369 ad
2088 1313 2142 1367 id

577 1405 788 1469 retulit,
821 1403 967 1475 quod
1008 1403 1199 1458 diluvii
1231 1410 1471 1473 tempore
1520 1402 1634 1459 Noe
1690 1404 1875 1458 datum
1926 1412 2029 1467 est,
2077 1419 2143 1457 eo

578 1495 724 1566 quod
755 1495 846 1548 ille
877 1494 1005 1547 vino
1032 1492 1264 1563 sopitus,
1293 1493 1490 1547 irrisus
1530 1500 1612 1547 est
1656 1493 1723 1545 ”.
1758 1492 1910 1547 Oliva
1946 1491 2145 1547 Mosai-

578 1601 700 1642 cam
726 1586 894 1655 legero
931 1584 1220 1655 signiﬁcat,
1252 1584 1433 1639 datam
1457 1585 1511 1638 in
1535 1584 1777 1652 deserto;
1828 1585 1972 1655 quod
2003 1584 2145 1639 vidc-

2248 479 2342 533 καὶ
2380 479 2587 552 ἀρωγοὶ
2620 480 2719 550 τῆς
2750 478 3187 552 άνθρωπότητος,
3223 480 3318 534 καὶ
3345 478 3439 533 τοῦ
3473 479 3573 548 τῆς
3601 478 3836 551 καρδίας

2249 571 2424 640 φωτὸς
2453 571 2753 643 θρεπτικοί.
2791 571 2899 624 Καὶ
2942 570 3311 642 ἐπισκέψασθε
3348 572 3558 644 μήποτε
3588 570 3689 632 τὰς
3719 571 3836 625 ἀπὸ

2247 661 2340 715 τοῦ
2389 663 2811 736 πρωτοπλάστου
2869 663 3029 735 μέχρι
3079 663 3174 717 τοῦ
3224 663 3459 737 Χριστοῦ
3509 662 3745 734 καθεξῆς
3798 664 3835 734 ἡ

2248 751 2438 825 Γραφὴ
2468 751 2788 823 νομοθεσίας
2840 752 3021 823 δηλοῖ,
3056 746 3130 807 ὧν
3175 753 3203 804 ό
3247 752 3490 817 διάϐολος
3539 753 3836 824 ἁντίμιμος

2249 844 2557 916 ἐξηπάτησε
2592 845 2869 917 πλάσμασι
2889 846 2949 898 τὸ
2968 845 3074 899 τῶν
3092 846 3390 918 ἀνθρώπων
3408 848 3582 916 γένος’
3602 847 3700 918 τὴν
3729 847 3836 919 μὲν

2249 939 2425 1009 Συκῆν
2458 938 2833 1003 ἁπεικάξουσα
2862 939 2925 1008 τῇ
2954 937 3096 991 κατὰ
3124 938 3214 992 τὸν
3248 939 3571 1011 παράδεισον
3612 938 3837 1013 δοθείσῃ

2247 1028 2324 1100 τῷ
2351 1029 2620 1101 ἀνθρώπῳ
2641 1030 2824 1101 ἐντολῇ
2843 1047 2854 1059 ·
2887 1030 3075 1101 ἐπειδὴ
3096 1030 3193 1102 τὴν
3222 1030 3501 1102 γύμνωσιν
3528 1031 3837 1103 ἀπατηθεὶς

2247 1118 2404 1186 οὗτος
2448 1122 2697 1187 πετάλοις
2736 1122 3050 1193 ἀπεκάλυψε
3082 1124 3272 1192 συκῆς.
3307 1123 3418 1195 Τὴν
3446 1123 3505 1176 δέ
3530 1124 3834 1195 Ἄμπελον,

2246 1216 2312 1285 τῇ
2341 1213 2430 1265 ἐπὶ
2459 1206 2552 1267 τοῦ
2583 1213 2966 1285 κατακλυσμοῦ
2992 1213 3070 1285 τῷ
3095 1213 3239 1276 Νῶε,
3268 1215 3354 1267 διὰ
3382 1215 3442 1268 τὸ
3474 1214 3601 1286 οἴνῳ
3633 1233 3835 1289 κοιμηο

2249 1305 2441 1371 θέντα,
2486 1306 2863 1378 χλευασθῆναι.
2900 1306 3009 1378 Τὴν
3053 1307 3110 1361 δὲ
3152 1307 3403 1373 Ἐλαίαν,
3447 1312 3513 1380 τῇ
3556 1311 3699 1363 κατὰ
3731 1310 3836 1382 τὴν

2247 1397 2452 1471 ἔρημον
2484 1399 2559 1469 τῷ
2590 1400 2839 1453 Μωῦσεί·
2879 1399 3063 1472 ἐπειδὴ
3089 1400 3147 1453 τὸ
3178 1401 3425 1471 χάρισμα
3451 1401 3510 1455 τὸ
3554 1420 3834 1475 προφητι-

2248 1491 2364 1554 κὸν,
2388 1491 2564 1544 ἔλαιον
2592 1491 2654 1543 τὸ
2686 1491 2860 1559 ἅγιον,
2888 1492 3277 1562 ἀνομησάντων
3302 1494 3503 1553 αὐτῶν,
3524 1494 3836 1548 ἐκλελοίπει

2245 1582 2346 1652 τῆς
2377 1582 2759 1654 κληρονομίας.
2796 1582 2906 1654 Τὴν
2933 1582 2989 1636 δέ
3044 1585 3307 1654 Ῥάμνον,
3351 1587 3416 1657 τῇ
3451 1585 3543 1638 ἐπὶ
3583 1586 3837 1659 σωτηρίᾳ

480 2038 485 2043 ,
578 1962 746 2020 refert
799 1963 867 2018 ad
916 1979 1037 2019 eam
1087 1965 1257 2035 legem
1293 1980 1411 2035 qua:
1461 1965 1725 2035 apostolis
1770 1965 1894 2020 data
1941 1973 2025 2037 est
2074 1967 2143 2022 ad

578 1678 708 1734 licet
755 1677 1073 1748 prophetica
1133 1677 1328 1749 gratia,
1388 1687 1636 1734 sanctum
1698 1680 1888 1749 utique
1937 1679 2138 1742 oleum,

2245 1672 2340 1725 τοῦ
2380 1673 2584 1744 κόσμου
2624 1675 2736 1737 τοῖς
2780 1674 3128 1739 ἀποστόλοις·
3166 1676 3352 1748 ἐπειδὴ
3385 1676 3493 1750 γὰρ
3538 1678 3608 1730 δι’
3643 1678 3837 1733 αὐτῶν

579 1769 845 1840 improbis
897 1770 1117 1825 illorum
1164 1770 1376 1825 actibus
1433 1772 1501 1825 ab
1549 1771 1871 1827 haereditate
1909 1771 1985 1842 (id
2015 1780 2092 1825 est
2123 1788 2144 1824 α

2256 1763 2612 1837 ἐδιδάχθημεν
2663 1765 2919 1834 ἁγνείαν,
2966 1761 3033 1837 ἧς
3083 1767 3355 1838 ἀπατηλὸν
3407 1769 3575 1841 μόνης
3608 1770 3836 1825 εἴδωλον

2243 1857 2345 1909 οὐκ
2380 1858 2596 1929 ἴσχυσεν
2625 1862 2654 1913 ὁ
2685 1859 2928 1923 διάϐολος
2962 1860 3243 1914 σκευάσαι.
3273 1858 3372 1914 Διὰ
3404 1861 3562 1916 τοῦτο
3593 1864 3687 1917 καὶ
3719 1865 3836 1918 Εὐ-

2244 1948 2473 2018 αγγέλια
2649 1951 2885 2024 τέσσαρα
2912 1953 3293 2024 παραδέδοται,
3315 1956 3570 2025 τετράκις
3594 1957 3836 2026 εὐαγγε-

2244 2041 2534 2113 λισαμένου
2557 2044 2650 2098 τοῦ
2673 2045 2807 2098 Θεοῦ
2840 2046 2949 2117 τὴν
2978 2046 3390 2118 άνθρωπότητα,
3426 2050 3521 2102 καὶ
3550 2050 3836 2120 παιδαγω-

2242 2135 2507 2204 γήσαντος
2538 2136 2798 2208 τέσσαρσι
2836 2138 3040 2208 νόμοις,
3068 2132 3142 2191 ὦν
3177 2140 3226 2191 οἱ
3258 2141 3440 2212 καιροὶ
3486 2143 3674 2210 σαφῶς
3718 2144 3837 2198 ἀπὸ

2244 2224 2341 2294 τῆς
2365 2226 2744 2298 διαφορότητος
2775 2227 3054 2299 δηλοῦνται
3082 2229 3189 2282 τῶν
3216 2232 3460 2302 καρπῶν.
3493 2232 3555 2285 Ἥ
3588 2237 3687 2303 μέν
3714 2234 3837 2309 γάρ

2246 2318 2403 2388 συκῆ,
2434 2318 2524 2372 διὰ
2554 2322 2652 2391 τὴν
2676 2320 2975 2389 γλυκασίαν
3007 2323 3099 2376 καὶ
3126 2322 3537 2396 τὸνίὒραῖσμὸν,
3572 2327 3668 2397 τὴν
3696 2344 3839 2398 τρυ-

2245 2410 2352 2481 φὴν
2397 2410 2494 2481 τὴν
2548 2412 2653 2481 πρὸ
2707 2413 2803 2483 τῆς
2857 2414 3219 2484 παραϐάσεως
3260 2417 3315 2467 ἐν
3368 2415 3675 2487 παραδείσῳ
3728 2416 3836 2471 τοῦ

2244 2502 2529 2575 ἀνθρώπου
2564 2504 2857 2575 παρίστησι
2885 2506 3277 2577 γεγενημένην.
3311 2508 3465 2560 Ἔστι
3491 2507 3599 2579 γάρ
3638 2509 3729 2563 ὅτε
3760 2509 3837 2582 δὴ

2244 2595 2339 2648 καὶ
2398 2595 2601 2667 σφόδρα
2655 2597 2935 2669 πολλαχῶς
2966 2600 3066 2669 τῆς
3124 2600 3297 2670 συκῆς
3350 2600 3440 2652 τὸν
3494 2600 3705 2673 καρπὸν
3764 2602 3840 2657 τὸ

579 2734 901 2783 noscuntur.
926 2727 1059 2783 Nam
1100 2729 1252 2796 ﬁcus,
1284 2732 1428 2802 quod
1471 2733 1598 2789 mite
1650 2750 1715 2788 ac
1756 2735 1913 2789 dulce
1942 2734 2143 2790 formo-
2244 2685 3618 2854 ἓξῐέᾕέοἷεῗῗὲζῗέὶτοζίκδῖεῗιῖῗεξοέἒῗ

582 2845 810 2854 ’,ψ-Μ
850 2845 1069 2854 υψψ
1125 2843 1199 2854 Α-.
2310 2812 2323 2831 ι
2387 2810 2410 2830 ε
2741 2813 2763 2833 ε
2869 2821 2883 2834 .
3049 2814 3075 2835 .-.
3195 2815 3253 2836 ..ς
3323 2821 3346 2847 ς
3525 2822 3580 2854 ,Α

581 2845 813 2901 sumque
850 2845 1073 2901 pomum
1120 2843 1222 2901 est,
1257 2833 1480 2889 delicias
1510 2835 1749 2905 paradisi
1783 2835 2015 2906 vitaeque
2045 2850 2143 2891 vo-

2245 2798 2599 2850 αποοειςομεν
2639 2798 2883 2854 υστερον.
2929 2798 2989 2835 ‘u
3020 2798 3075 2835 οε
3108 2798 3349 2854 αμπελος
3383 2798 3469 2838 οια
3514 2798 3611 2857 τὴν
3646 2798 3838 2854 uapo-

2245 2886 2380 2940 τητα
2415 2870 2510 2942 τὴν
2553 2873 2617 2925 ἐκ
2664 2873 2757 2927 τοῦ
2808 2875 2986 2937 οἴνου,
3038 2876 3131 2927 καὶ
3180 2875 3280 2946 τὴν
3328 2875 3665 2947 εὐφροσύνην
3713 2876 3838 2930 τῶν
3894 2920 3899 2923 .

579 2933 829 3005 luptariae
860 2940 1234 3004 repraesentat,
1279 2937 1333 2988 in
1389 2951 1497 3006 qua
1552 2936 1715 2990 homo
1765 2946 1892 2992 ante
1932 2938 2143 3008 lapsum

2247 2933 2655 3031 περισωθέντων
2682 2963 2783 3032 τῆς
2812 2933 2983 3035 ὀργῆς
3016 2964 3108 3017 καὶ
3150 2933 3247 3018 τοῦ
3284 2933 3692 3036 κατάκλυσμόῦ,
3726 2965 3838 3038 τὴν

580 3023 703 3080 fuit.
724 3022 866 3080 Sane
894 3041 1000 3081 non
1021 3042 1168 3092 raro,
1197 3034 1255 3080 ut
1282 3035 1471 3097 postea
1502 3027 2031 3094 demonstrabimus,
2075 3030 2142 3084 ﬁ-

2246 3022 2354 3105 am}.
2384 3053 2477 3105 τοῦ
2504 3055 2666 3122 φόϐου
2700 3022 2792 3109 καλ,
2939 3022 3251 3129 ἐρροντίδοᾳ
3286 3058 3384 3130 τὴν
3408 3061 3489 3122 είς
3519 3022 3619 3132 την
3645 3022 3839 3133 χαράν

2242 3144 2419 3198 αὐτῶν
2462 3146 2760 3217 μεταϐολὴν
2814 3148 3133 3203 αἰνίσσεται.
3185 3151 3248 3203 'll
3291 3150 3347 3203 δὲ
3399 3150 3573 3221 ἐλαία,
3607 3152 3695 3205 διὰ
3734 3154 3842 3207 τὸν

1180 3236 1213 3315 ξι
1245 3236 1475 3317 Wffin”:
1506 3236 1618 3316 ξηιλ
1641 3236 2001 3317 ’ξιξιδξιιξηξπυ
2043 3236 2136 3317 ξω
2244 3236 2452 3306 καρπὸν
2484 3236 2576 3290 τοῦ
2611 3238 2814 3302 ἐλαίου,
2856 3239 2953 3310 τὴν
2984 3240 3380 3312 εὐσπλαγχνίαν
3415 3242 3506 3296 τοῦ
3546 3243 3682 3296 Θεοῦ
3719 3262 3843 3317 μη-

581 3318 811 3374 rumque
832 3303 1072 3358 laetitiam
1102 3303 1251 3373 quia
1286 3303 1477 3358 diluvii
1505 3304 1608 3368 ira,
1641 3303 1737 3360 Dei
1783 3304 2139 3376 indulgentia,

2247 3326 2382 3392 νύει,
2414 3328 2574 3382 πάλιν
2604 3329 3093 3403 ἀνεξικακήσαντος
3127 3332 3263 3404 μετὰ
3294 3333 3382 3386 τὸν
3409 3334 3839 3405 κατακλυσμὸν,

580 3410 866 3461 evaserant
898 3403 965 3469 ",
996 3410 1238 3459 mutatos
1269 3402 1488 3457 illorum
1527 3402 1740 3459 animos
1770 3418 1800 3458 a
1829 3403 2021 3461 timore
2046 3422 2144 3461 an-

2248 3417 2355 3471 τῶν
2399 3419 2699 3492 ἀνθρώπων
2739 3402 3138 3493 ἐκτραπέντωνή
3167 3426 3246 3487 είς
3270 3425 3589 3497 ἀθεότητα,
3639 3402 3842 3482 δοῦναι

581 3502 781 3573 xiaque
802 3517 934 3556 cura
986 3502 1042 3555 in
1085 3501 1345 3572 gaudium
1375 3502 1613 3557 obscure
1644 3501 1941 3573 signiﬁcat.
1991 3504 2144 3561 Oliva

2251 3511 2412 3583 νόμον
2440 3514 2532 3567 καὶ
2559 3514 2953 3584 ἐμφανισθῆναι
2995 3533 3123 3581 τισι,
3153 3518 3250 3570 καὶ
3276 3516 3464 3589 ὥσπερ
3492 3518 3843 3574 ἀποσϐεννυ-

582 3609 765 3667 porro,
816 3603 1039 3665 propter
1083 3593 1189 3649 olei
1242 3592 1391 3664 quod
1435 3592 1689 3664 producit
1738 3602 2008 3661 naturam,
2051 3595 2144 3654 Dei

2255 3602 2421 3676 μένην
2445 3605 2543 3676 ήδη
2570 3606 2666 3676 τὴν
2693 3606 2866 3676 αὐγὴν
2895 3607 2993 3677 τῆς
3019 3609 3221 3679 ἀρετῆς
3243 3610 3404 3681 ἐλαίῳ
3435 3611 3678 3665 λιπᾶναι.

583 3690 1015 3745 misericordiam
1045 3688 1325 3760 designat;
1373 3688 1465 3759 qui
1491 3689 1687 3744 iterum
1710 3697 1834 3761 post
1871 3690 2159 3759 diluvium,
2205 3699 2381 3754 versis
2432 3700 2487 3753 in
2538 3700 2869 3770 impietatem
2917 3701 3251 3768 hominibus,
3296 3706 3563 3774 patienter
3610 3705 3839 3770 tulerit,

583 3792 644 3839 ut
689 3785 862 3853 legem
916 3784 1095 3849 daret,
1149 3797 1215 3838 ac
1265 3797 1326 3839 se
1372 3782 1701 3852 quibusdam
1750 3785 2147 3856 manifestaret,
2205 3790 2422 3864 iamque
2481 3810 2649 3865 prope
2701 3797 3153 3868 exstinguendam
3217 3800 3437 3856 virtutis
3485 3801 3663 3856 lucem
3713 3801 3842 3857 olei

583 3879 915 3951 pinguedine
935 3878 1149 3934 foverit.

577 1860 805 1933 Judwis)
857 1860 1135 1921 defecerit.
1190 1859 1435 1933 Denique
1486 1863 1776 1918 rhamnum
1823 1879 1934 1918 non
1964 1864 2142 1933 inepte

577 2066 767 2120 mundi
829 2066 1083 2130 salutem,
1134 2066 1263 2136 quia
1326 2082 1423 2135 per
1472 2067 1689 2120 illorum
1744 2067 2140 2123 institutionem

576 2154 943 2226 virginitatem
965 2155 1277 2221 didicimus,
1304 2157 1463 2225 cujus
1496 2157 1661 2211 unius
1692 2156 1855 2211 inane
1884 2172 1948 2211 ac
1975 2157 2140 2212 fallax

577 2247 929 2303 simulacrum
963 2248 1214 2302 diabolus
1232 2256 1443 2303 struere
1461 2248 1726 2318 nequivit.
1755 2246 1960 2303 Idcirco
1980 2249 2142 2304 etiam

578 2346 814 2409 quatuor
843 2339 1043 2394 tradita
1078 2346 1207 2395 sunt
1240 2339 1550 2411 Evangelia,
1589 2339 1735 2410 quod
1779 2339 1923 2397 Deus
1950 2334 2145 2412 quater

577 2430 819 2485 humano
846 2431 1028 2501 generi
1060 2431 1268 2488 faustas
1291 2433 1412 2488 illas
1435 2435 1879 2490 annuntiationes
1910 2436 2140 2503 miserit,

578 2548 645 2588 ac
665 2535 945 2604 quaternis
976 2537 1333 2607 promulgatis
1358 2537 1568 2608 legibus
1600 2538 1777 2607 ipsum
1800 2539 2098 2596 instituerit
2125 2560 2138 2595 :

578 2641 809 2697 quarum
845 2635 1087 2697 tempora
1117 2645 1184 2683 ex
1211 2629 1486 2684 fructuum
1518 2630 1835 2687 diversitate
1862 2632 2144 2701 perspicue

577 3132 680 3174 eus
730 3117 969 3174 fructum
1006 3116 1244 3188 Spiritus
1273 3128 1497 3175 sanctus
1546 3120 1602 3174 in
1662 3120 1881 3176 virtutis
1934 3128 2138 3192 partem
2168 3122 2209 3179 C

577 3209 747 3264 sumit
768 3210 832 3265 ".
864 3206 1004 3265 Vitis
1035 3220 1213 3264 autem
1244 3217 1463 3279 pr0pter
1507 3210 1618 3264 vini
1673 3209 2001 3266 hilaritatem
2043 3226 2136 3265 eoo

582 3996 714 4057 CAP.
750 3993 840 4052 Ill.
867 3994 1138 4051 Rhamnus
1162 4005 1212 4051 et
1235 4012 1427 4068 agnus,
1459 3998 1725 4053 castitatis
1756 3999 2071 4124 symbollmp.
2097 4000 2338 4124 Qualppr
2360 3999 2671 4125 Epangelia,
2701 4001 2758 4056 id
2783 4011 2882 4068 est,
2913 4003 3313 4072 pra’dicationes
3341 4005 3447 4060 sive
3467 4005 3600 4077 leges
3625 4007 3697 4061 ad
3727 4028 3840 4065 sa-

1980 4087 2012 4123 u
2039 4087 2121 4125 em
2157 4088 2238 4125 tm
2266 4090 2280 4124 ι
2308 4088 2406 4125 uen
2431 4089 2506 4125 es.

1980 4087 2121 4125 utem
2157 4087 2484 4127 tnsmuentes
2493 4112 2506 4126 .

653 4182 938 4242 Rhamnus
970 4193 1175 4252 autem,
1204 4186 1347 4244 idem
1378 4186 1472 4260 qui
1508 4203 1682 4261 agnus
1729 4196 1835 4257 est,
1862 4205 1973 4261 quo
1996 4199 2144 4247 utro-

2332 4191 2395 4245 Ἡ
2422 4192 2480 4246 δὲ
2512 4192 2742 4264 Ῥάμνος
2761 4194 2855 4248 καὶ
2879 4193 3073 4262 Ἀγνος
3096 4194 3262 4258 ἐστὶν,
3283 4194 3372 4263 ὑφ’
3392 4187 3467 4249 ὧν
3497 4195 3595 4267 μὲν
3616 4197 3846 4269 ῥάμνος

582 4293 691 4350 que
721 4279 1032 4349 promiscue
1046 4281 1272 4336 nomine
1291 4280 1416 4337 aliis
1447 4281 1681 4352 aliisque
1707 4290 1955 4339 vocatur.
1987 4281 2144 4338 Forte

2251 4281 2601 4354 καλούμενος,
2626 4284 2712 4353 ὑφ’
2746 4277 2820 4338 ὧν
2848 4283 2905 4337 δὲ
2933 4283 3095 4352 ἄγνος
3113 4299 3127 4314 ·
3168 4284 3263 4337 καὶ
3292 4283 3432 4355 τάχα
3462 4283 3550 4337 διὰ
3591 4284 3653 4337 τὸ
3687 4302 3844 4356 συγ-

583 4371 748 4427 etiam
803 4371 951 4442 quod
1011 4372 1199 4443 planta
1248 4372 1364 4429 haec
1411 4373 1712 4444 virginitati
1744 4372 1918 4430 aﬁinis
1960 4375 2052 4440 sit,
2087 4380 2144 4430 ut

2252 4378 2407 4446 γενές
2439 4377 2603 4446 φυτὸν
2647 4377 2803 4431 τοῦτο
2841 4380 2909 4449 τῇ
2957 4375 3223 4448 παρθενίᾳ
3272 4377 3600 4446 πεφυκέναι,
3648 4378 3847 4456 ταύτῃ

584 4463 850 4521 rhamnus
881 4473 937 4520 et
977 4480 1151 4538 agnus
1184 4473 1598 4538 nuncuparetur
1626 4467 1861 4523 obtinuit
1910 4484 1926 4522 :
1965 4468 2144 4522 rham-

2257 4469 2460 4541 ῥάμνος
2487 4468 2580 4522 καὶ
2617 4468 2780 4538 ἄγνος
2812 4466 3254 4540 προσηγορεύθη·
3295 4468 3499 4539 ῥάμνος
3524 4468 3639 4539 μὲν,
3667 4469 3844 4542 παρὰ

586 4572 694 4613 nus
720 4556 964 4629 quidem,
992 4567 1218 4630 propter
1256 4559 1593 4615 soliditatem
1616 4566 1672 4615 et
1698 4558 1963 4616 adversus
1992 4559 2144 4615 volu-

2248 4560 2310 4614 τὸ
2338 4560 2649 4632 στερέμνιον
2681 4559 2775 4614 καὶ
2808 4558 3071 4631 καρτερὸν
3109 4557 3245 4630 πρὸς
3276 4559 3375 4623 τὰς
3404 4559 3624 4630 ἡδονάς’
3654 4559 3841 4628 ἄγνος

584 4655 763 4720 ptates
799 4648 1109 4706 ﬁrmitatem
1136 4667 1150 4703 :
1176 4664 1347 4721 agnus
1375 4664 1525 4716 vero,
1555 4649 1658 4705 hoc
1685 4657 1768 4705 est
1796 4658 1968 4715 casta,
1999 4651 2144 4722 quod

2245 4653 2337 4716 δὲ,
2393 4654 2542 4726 παρά
2592 4652 2652 4706 τὸ
2693 4651 2983 4717 διαπαντὸς
3038 4653 3304 4721 ἁγνεύειν.
3363 4650 3524 4704 Ὅθεν
3572 4650 3667 4704 καὶ
3726 4648 3841 4707 τὸν

584 4740 712 4796 talis
737 4755 948 4811 semper
977 4739 1158 4796 duret.
1192 4739 1333 4797 Hinc
1375 4749 1429 4797 et
1457 4740 1629 4795 Etiam
1658 4756 1690 4795 a
1713 4740 1851 4797 facie
1877 4739 2144 4798 Jezabelis

2259 4747 2442 4802 Ἠλίαν
2470 4749 2534 4801 ἐκ
2562 4744 2851 4818 προσώπου
2875 4746 2973 4817 τῆς
3012 4744 3244 4799 Ἰεσάεελ
3271 4745 3524 4814 γυναικὸς
3548 4742 3841 4815 φεύγοντα

586 4832 831 4889 mulieris
876 4830 1172 4904 fugientem
1226 4830 1508 4904 Scriptura
1540 4831 1709 4889 refert
1736 4833 1784 4866 “
1812 4834 1880 4888 ad
1929 4834 2144 4890 rhamni

2246 4837 2404 4908 λόγος
2438 4837 2541 4892 ὑπὸ
2570 4837 2772 4909 ῥάμνον
2800 4835 2972 4891 ἐλθεῖν
3011 4836 3244 4909 πρῶτον,
3276 4838 3369 4891 καὶ
3400 4835 3845 4892 είσακουσθέντα

585 4924 822 4995 primum
856 4923 1103 4980 umbram
1137 4924 1453 4988 secessisse,
1505 4922 1688 4993 ibique
1714 4923 2028 4979 exauditum
2053 4940 2144 4980 ro-

2246 4925 2525 4997 ἐνισχῦσαι
2559 4926 2651 4979 καὶ
2676 4925 2858 4980 λαϐεῖν
2884 4928 3108 4999 τροφὴν,
3125 4928 3208 4981 ὅτι
3235 4928 3342 4981 τῶν
3378 4928 3683 4998 φευγόντων
3706 4926 3841 5001 (51)

585 5015 691 5070 bur
717 5016 1013 5086 accepisse,
1048 5030 1112 5070 ac
1134 5015 1314 5070 cibum
1341 5015 1642 5085 sumpsisse
1666 5034 1680 5069 :
1711 5016 1857 5086 quod
1887 5017 2144 5072 nimirum

2247 5014 2482 5089 οἶστρον,
2512 5018 2608 5071 καὶ
2636 5017 2734 5089 τὴν
2759 5020 3010 5095 γυναῖκα,
3037 5018 3133 5090 τὴν
3161 5019 3375 5092 ⁴ἡδονὴν,
3398 5019 3458 5073 τὸ
3477 5016 3845 5086 καταγώγιον

586 5106 636 5162 ei
667 5107 762 5178 qui
785 5106 1028 5163 libidinis
1057 5106 1192 5177 fugit
1219 5114 1472 5171 oestrum,
1505 5122 1673 5177 seque
1714 5122 1745 5161 a
1774 5107 2002 5163 muliere
2033 5107 2144 5164 exi-

2249 5108 2343 5162 καὶ
2372 5109 2405 5179 ἡ
2438 5107 2633 5178 σκέπη,
2665 5107 2726 5161 τὸ
2757 5109 2855 5180 τῆς
2889 5109 3109 5178 ἁγνείας
3146 5107 3442 5181 ἐϐλάστησε
3478 5108 3628 5175 ξύλον
3652 5148 3667 5171 ,
3713 5110 3843 5165 ἀπὸ

588 5202 708 5265 mit,
741 5200 846 5255 hoc
871 5206 977 5267 est,
1017 5214 1050 5255 a
1073 5199 1368 5270 voluptate,
1412 5199 1650 5271 hospitio
1671 5200 1745 5256 sit
1766 5215 1831 5255 ac
1856 5200 2144 5255 umbracu-

2249 5200 2349 5271 τῆς
2381 5199 2684 5273 παρουσίας
2715 5199 2809 5254 τοῦ
2851 5200 3250 5273 ἀρχιπαρθένου
3297 5199 3528 5273 Χριστοῦ
3573 5199 3811 5272 βασιλεῦ

640 5355 686 5387 ’⁸
716 5353 844 5409 Gen.
872 5366 958 5423 ιιι,
988 5352 1042 5410 7.
1109 5356 1152 5388 ⁹¹
1186 5352 1313 5409 Gen.
1343 5370 1418 5417 ts,
1441 5354 1531 5409 22.
1601 5357 1647 5390 θ’
1669 5354 1785 5410 Jer.
1815 5371 1933 5421 vnn,
1979 5355 2061 5411 l5.
2139 5356 2144 5385 ’

2245 5355 2349 5411 ‘oel.
2377 5371 2439 5421 ιι,
2472 5355 2564 5410 22.
2636 5356 2686 5388 ⁸⁸
2709 5354 2811 5410 ΙΙΙ
2835 5356 2963 5428 Reg.
2994 5373 3108 5424 ιιι,
3139 5358 3194 5412 4.

656 5511 767 5583 (50)
796 5511 1149 5587 Epméﬁta.
1202 5511 1345 5587 Ἀντί
1371 5510 1485 5587 τοῦ,
1515 5511 1861 5587 κηρύγματα,
1889 5511 2141 5580 pradica-

2253 5525 2420 5587 quem
2451 5510 2628 5566 locum
2658 5510 2772 5587 hae_c
2795 5509 3281 5587 editor‘Lupareus
3317 5531 3330 5565 :
3364 5511 3490 5587 Τῷν
3513 5509 3841 5587 φευγόντων

588 5580 771 5664 tiones,
804 5580 946 5664 leges
972 5580 1043 5637 ad
1070 5583 1295 5664 salutem
1329 5580 2006 5664 instituentes.Constans.
2081 5653 2094 5664 ι
2129 5652 2145 5664 “
2252 5580 2576 5664 rescriptum
2620 5580 2937 5664 ethltotio.
2980 5580 3112 5637 Nam
3166 5590 3353 5641 noster
3405 5580 3638 5653 habebat
3683 5582 3838 5656 πρὸς

658 5654 770 5725 (5i)
807 5650 927 5708 Τῶν
954 5654 1313 5724 φευγόντων.
1347 5653 1598 5720 Allatius,
1633 5652 1721 5706 τὸν
1747 5652 2033 5723 φεύγοντα.
2068 5652 2144 5708 Ad

2252 5651 2343 5706 τὸν
2371 5650 2654 5722 φεύγοντα.
2685 5650 2853 5709 αλιι..
