4010 6328
263 256 361 312 I97

1352 259 1734 319 CONVIVIUM
1766 262 2001 319 DECEM
2039 261 2401 324 VIRGINUM.

3395 277 3500 335 198

256 391 352 427 trav
372 372 483 427 τῶν
505 373 837 447 ἀνθρώπων.
857 375 977 430 Τῶν
1000 378 1109 450 γὰρ
1130 378 1361 451 πρώτων
1385 381 1790 451 ἀδυνατησάντα

1895 424 1904 443 ι
1932 380 2018 447 Ιο;
2051 396 2173 453 quae
2197 398 2229 437 a
2254 380 2457 437 Christi
2498 381 2769 453 virginum
2797 383 3064 456 principis
3113 386 3349 445 adventu
3401 392 3503 449 bo-

256 468 419 522 σῶσαι
464 468 929 542 νομοθετημάτων
980 471 1072 526 τὸν
1098 472 1382 544 ἄνθρωπον
1402 514 1417 539 ,
1464 473 1569 527 τῶν
1598 475 1690 527 ἐπὶ
1728 473 1824 528 τοῦ

262 559 427 631 Ἀδὰμ
458 562 558 615 καὶ
606 562 704 616 τοῦ
738 563 895 631 Νῶε,
936 565 1029 618 καὶ
1069 564 1178 618 τῶν
1203 567 1296 620 ἐπὶ
1323 566 1417 619 τοῦ
1454 567 1761 632 Μωΰσέως,
1789 571 1824 640 ἠ

246 654 385 709 κατὰ
413 653 480 709 τὸ
528 655 873 725 Εὐαγγέλιον
900 657 1069 715 ἔσωσε
1106 659 1240 731 μόνη
1273 659 1559 731 νομοθεσία
1593 661 1820 725 πάντας.

319 828 385 882 Ἦ
416 829 533 900 γὰρ
582 832 736 902 συκῆ
766 832 939 906 ταύτῃ
993 833 1208 903 λέγεται
1253 833 1327 907 μὴ
1376 836 1686 906 βασιλεῦσαι
1714 838 1822 893 τῶν

239 920 434 987 ξύλων,
498 922 612 976 τῶν
656 923 963 996 ἀνθρώπων
1008 927 1339 998 νοουμένων·
1377 930 1548 1000 συκῆς
1598 931 1686 993 δὲ,
1721 932 1822 1003 τῆς

243 1016 459 1087 ἐντολῆς
482 1034 496 1047 ⁸
527 1017 652 1071 ἀνθ’
689 1011 764 1072 ὧν
791 1020 820 1071 ὁ
845 1019 1130 1095 ἄνθρωπος
1175 1020 1311 1091 μετὰ
1345 1021 1407 1074 τὸ
1439 1024 1623 1076 πεσεῖν
1664 1024 1819 1096 ἤθελε

241 1109 398 1163 πάλιν
424 1110 539 1164 ἀπὸ
568 1111 671 1181 τῆς
698 1113 902 1183 ἀρετῆς
928 1113 1323 1183 βασιλεύεσθαι,
1359 1116 1452 1170 καὶ
1475 1119 1574 1189 τῆς
1610 1119 1821 1192 ἀφθαρ-

238 1204 353 1266 σίας
379 1203 483 1258 τοῦ
528 1205 860 1277 παραδείσου
908 1208 1007 1277 τῆς
1050 1209 1259 1280 τρυφῆς
1305 1210 1379 1281 μὴ
1427 1212 1813 1284 ἀποϐληθῆναι.

250 1296 382 1349 Ἀλλ’
411 1298 769 1370 ἀπεκρούσθη
820 1299 1090 1371 παραϐὰς,
1139 1302 1232 1355 καὶ
1256 1303 1533 1377 ἀπεϐλήθη
1577 1305 1815 1378 μακρὰν,

230 1391 304 1455 ὡς
334 1391 410 1462 μὴ
439 1391 876 1462 δυνάμενος,ὑώ
892 1394 992 1465 τῆς
1018 1392 1323 1466 ἀφθαρσίας
1346 1395 1448 1461 ἔτι,
1469 1398 1603 1468 μηδὲ
1623 1388 1814 1472 χωρῶν

234 1483 640 1557 βασιλεύεσθαι.
678 1486 788 1539 Καὶ
840 1487 1056 1558 πρῶτον
1106 1488 1252 1559 αὐτῷ
1280 1489 1340 1542 τὸ
1371 1491 1632 1562 κήρυγμα
1677 1491 1814 1563 μετὰ

231 1577 323 1649 τὴν
342 1578 664 1650 παράϐασιν
693 1578 969 1649 πέμπεται
1001 1580 1061 1633 τὸ
1086 1580 1173 1634 διὰ
1199 1581 1342 1635 Νῶεο
1365 1582 1431 1636 ἵν’
1461 1582 1555 1636 ἐὰν
1577 1584 1808 1657 πρόσχῃ,

230 1669 326 1724 κᾶν
349 1670 532 1741 τούτῳ
565 1671 806 1741 σωθῆναι
840 1671 938 1741 τῆς
966 1674 1237 1745 ἁμαρτίας
1266 1673 1477 1749 ἰσχύσῃ,
1504 1676 1807 1730 ἀνάπαυσιν

1930 469 2137 524 minum
2164 470 2396 541 imperio
2421 471 2614 541 potita,
2648 473 2811 528 arbor
2836 475 3183 545 germinavit.
3215 478 3350 537 Nam
3373 498 3499 540 cum

1929 560 2075 639 leges
2091 560 2306 629 Adami,
2327 572 2381 619 et
2406 562 2522 619 Noe
2551 562 2864 636 Moysisque
2890 570 3231 638 temporibus
3254 573 3395 639 latae,
3416 591 3502 631 sa-

1927 638 2095 707 lutem
2120 652 2328 707 homini
2356 663 2618 724 praestare
2643 656 3038 726 nequivissent,
3063 661 3180 715 sola
3209 662 3296 718 lex
3325 679 3496 721 evan-

1925 742 2097 814 gelica
2127 753 2358 802 cunctos
2381 748 2563 804 salvos
2600 746 2751 803 fecit.

1995 833 2122 890 Haec
2147 838 2298 892 enim
2346 854 2513 919 causa
2544 848 2629 895 est
2680 856 2781 896 cur
2808 841 2947 899 licus
2979 844 3236 902 arborum
3267 862 3494 919 regnum

1922 924 2067 998 (quae
2089 929 2349 984 nimirum
2381 916 2612 1002 spiritali
2637 949 2824 999 sensu,
2862 935 3144 1005 homines;
3182 939 3317 996 licus
3334 916 3491 1008 vero,

1922 1020 2241 1077 mandatum
2288 1022 2650 1095 intelligatur)
2716 1042 2826 1081 non
2886 1029 3191 1085 obtinuisse
3251 1031 3489 1089 dicatur.

1919 1110 2124 1184 Nempe
2138 1114 2362 1184 optabat
2375 1116 2536 1173 homo
2547 1125 2670 1188 post
2682 1133 2866 1174 casum
2882 1121 3066 1185 etiam.
3085 1123 3305 1179 virtutis
3317 1124 3491 1196 impe-

1921 1207 2002 1259 rio
2025 1207 2245 1277 subjici,
2274 1224 2375 1264 nec
2398 1210 2469 1265 ab
2497 1210 2905 1281 incorruptione
2927 1214 3164 1282 paradisi
3196 1218 3490 1288 voluptatis

1917 1297 2064 1367 ejici.
2105 1298 2240 1369 Ejus
2273 1308 2456 1357 tamen
2478 1303 2634 1370 illud,
2668 1307 3139 1375 praevaricationis
3189 1320 3366 1375 reatu,
3402 1328 3491 1368 re-

1916 1392 2133 1461 pulsum
2157 1393 2485 1449 desiderium
2511 1414 2527 1463 ;
2565 1396 2791 1468 ipseque
2812 1400 3003 1469 procul
3025 1400 3345 1457 exturbatus
3366 1413 3487 1473 est;

1915 1495 1976 1539 ut
2005 1486 2098 1556 qui
2128 1486 2391 1559 deinceps
2419 1490 2489 1545 ab
2523 1491 2937 1563 incorruptione
2976 1494 3091 1564 regi
3122 1510 3232 1549 non
3277 1502 3485 1566 passet,

1912 1594 2015 1635 nec
2044 1581 2164 1651 ejus
2191 1597 2363 1653 capax
2397 1583 2790 1641 dominationis
2837 1596 3004 1642 esset.
3055 1585 3350 1660 Primaque
3405 1591 3484 1646 illi

1914 1681 2039 1744 post
2066 1677 2583 1746 transgressionem,
2608 1668 2736 1749 quae~
2765 1694 2860 1748 per
2884 1677 2997 1735 Noe
3019 1687 3187 1745 esset,
3219 1682 3487 1751 praedica-

224 1763 711 1834 ἐπαγγελλόμενον
735 1762 834 1834 τὴν
863 1764 972 1818 ἀπὸ
996 1766 1102 1818 τῶν
1131 1765 1317 1819 κακῶν
1337 1768 1427 1820 καὶ
1451 1768 1787 1839 εὐφροσύνην

1914 1764 1991 1819 ιίο
2019 1764 2286 1833 mittitur;
2350 1767 2438 1821 cui
2487 1768 2535 1822 si
2592 1767 2898 1825 attenderet
2927 1770 3192 1835 animum,
3236 1778 3421 1841 posset
3450 1787 3482 1826 a

222 1856 599 1928 είάσκήσαιεν
642 1856 774 1909 αὐτὸ
808 1856 947 1910 κατὰ
982 1858 1198 1929 κράτος.
1235 1860 1443 1933 ’Ὠσπερ
1475 1862 1568 1914 καὶ
1601 1857 1741 1915 οἶνον
1768 1864 1801 1933 ἡ

228 1947 467 2019 apulo;
496 1949 895 2018 ἐπαγγέλλεται
919 1952 1110 2022 γεννᾷν
1137 1954 1248 2016 τοῖς
1273 1953 1499 2006 ἀσκοῦσι
1522 1955 1616 2007 καὶ
1638 1956 1801 2027 ἐργα-

228 2040 489 2111 ζομένοις.
547 2041 710 2096 Ἀλλὰ
732 2043 826 2096 καὶ
857 2042 1017 2096 τοῦτο
1052 2044 1150 2097 οὐκ
1189 2045 1500 2099 ἐϐασίλευσε
1539 2046 1600 2100 τὸ
1640 2064 1802 2117 νομο-

227 2133 428 2206 θὲτημα
468 2136 573 2207 τῆς
600 2135 1036 2208 ἀνθρωπότητος,
1064 2138 1146 2190 ὅτι
1183 2136 1259 2209 μὴ
1292 2138 1622 2210 ἐπείσθησαν
1655 2140 1802 2211 αὐτῷ

227 2227 621 2298 κηρυσσομένῳ
664 2228 968 2292 σπουδαίως
1008 2230 1140 2301 πρὸς
1188 2229 1282 2283 τοῦ
1313 2230 1454 2284 Νῶε.
1509 2230 1670 2285 Ἀλλὰ
1707 2234 1801 2286 καὶ

225 2320 353 2388 μετὰ
385 2319 454 2373 τὸ
490 2321 812 2390 συνέχεσθαι
857 2322 957 2394 ἤδη
998 2322 1090 2375 καὶ
1132 2322 1417 2391 πνίγεσθαι
1464 2327 1576 2390 τοῖς
1617 2325 1798 2381 ὕδασιν

224 2413 450 2484 ἤρξαντο
506 2415 791 2484 μετανοεῖν
817 2453 830 2471 .
902 2414 998 2468 καὶ
1065 2415 1491 2484 ἐπαγγέλλεσθαι
1539 2421 1798 2491 παρέχειν

224 2508 441 2570 lauto-3;
498 2506 965 2577 πεισθησομένους
1005 2510 1125 2572 ταῖς
1173 2508 1432 2573 ἐντολαῖς.
1497 2510 1656 2564 Ὅθεν
1704 2513 1797 2565 καὶ

225 2600 691 2675 ὖπερηφανοῦνται
743 2600 1120 2672 βασιλεύεσθαι
1161 2603 1313 2671 (52),
1364 2604 1641 2661 τουτέστιν
1692 2605 1798 2660 ὑπὸ

220 2697 305 2750 τῶ
370 2695 738 2767 κηρύγματος
815 2695 1286 2767 ὑπερηφανοῦνται
1341 2695 1647 2767 βοηθεῖσθαι
1697 2698 1797 2768 τῆς

222 2790 465 2859 ἐντολῆς,
527 2788 1064 2860 ἀνταποκρινομένου
1100 2787 1194 2842 τοῦ
1242 2788 1555 2860 Πνεύματος
1615 2792 1796 2857 αὐτοῖς

220 2879 702 2944 καὶὸνειδίζοντος,
742 2879 931 2952 ὥσπερ
973 2880 1295 2952 κατέλειψαν
1339 2877 1420 2946 οἷς
1456 2883 1735 2937 ἐκέλευσεν
1766 2886 1794 2937 ὁ

216 2970 345 3033 Θεὸς
387 2969 727 3042 ἀνθρώποις·
770 2967 840 3023 Ὦ
880 2971 1243 3043 ἀτεράμονες,
1296 2972 1508 3044 βοηθεῖν
1558 2975 1655 3046 μὲν
1698 2978 1792 3029 καὶ

220 3064 415 3129 σώζειν
464 3065 682 3128 τούτους
718 3065 813 3119 καὶ
860 3064 1188 3137 εὐφραίνειν,
1233 3060 1343 3119 οἷον
1390 3067 1484 3120 τὸν
1528 3068 1650 3120 Νῶε
1698 3069 1793 3122 καὶ

206 3159 347 3222 τοὺς
378 3159 473 3212 σὺν
492 3158 654 3230 αὐτῷ,
692 3148 831 3211 ἔλθω
862 3157 1147 3229 βοηθῆσαι,
1180 3162 1293 3223 τοῖς
1327 3160 1639 3231 φρονήσεως
1664 3161 1791 3231 ὑμῖν

210 3251 483 3323 ἀκάρποις
509 3250 599 3305 καὶ
626 3249 808 3323 ξηρῶν
831 3249 1001 3315 ξύλων
1020 3250 1170 3304 οὐδὲν
1201 3252 1500 3316 ἀπεοικὸσι,
1526 3254 1788 3325 πρότερον

206 3343 285 3414 μὴ
331 3342 657 3396 πιστεύσασι
711 3359 802 3414 μοι
859 3340 1185 3413 κηρύσσοντι
1227 3341 1382 3412 φύξιν
1425 3342 1535 3396 τῶν
1585 3343 1786 3415 παρόν-

196 3446 345 3501 θιννὶ

1908 1866 2134 1927 peccato
2181 1860 2392 1913 servari
2447 1875 2462 1914 :
2508 1860 2713 1932 quippe
2768 1877 2894 1916 cum
2929 1862 3020 1915 illa
3055 1864 3415 1919 cessationem
3449 1879 3481 1918 a

1906 1949 2063 2004 malis
2088 1950 2437 2022 laetitiamque
2454 1954 2796 2021 promitteret
2825 1956 2895 2019 π,
2923 1954 2970 2010 si
2994 1955 3250 2011 erunibus
3268 1955 3481 2011 viribus

1904 2056 2022 2095 eam
2053 2043 2405 2100 excoluisset.
2434 2044 2591 2099 Haud
2621 2061 2783 2102 secus
2806 2062 2871 2103 ac
2901 2048 3054 2114 vitis,
3087 2049 3356 2105 edendum
3379 2051 3479 2106 abs

1904 2147 1965 2188 se
1996 2132 2185 2189 vinum
2216 2134 2360 2189 haud
2405 2136 2554 2191 inani
2595 2154 2691 2208 spe
2738 2140 3049 2209 pollicetur,
3100 2143 3148 2197 si
3196 2144 3323 2213 quis
3355 2159 3475 2201 eam

1902 2224 2046 2278 colat
2075 2240 2140 2279 ac
2171 2225 2356 2282 labore
2376 2236 2648 2284 exerceat.
2686 2230 2881 2286 Verum
2914 2248 2983 2288 ne
3007 2233 3124 2287 hac
3154 2234 3374 2304 quidem
3390 2235 3477 2291 lex

1903 2330 2067 2385 super
2095 2317 2345 2374 homines
2367 2321 2635 2388 regnavit,
2666 2324 2811 2393 quod
2865 2326 2915 2380 ei
2967 2327 3218 2383 homines
3246 2329 3476 2399 obsequi

1901 2415 2249 2472 recusarunt,
2282 2411 2388 2465 etsi
2417 2426 2537 2465 eam
2563 2411 2678 2469 Noe
2704 2425 2927 2471 strenue
2946 2418 3337 2490 promulgaret.
3365 2420 3478 2475 Caes

1900 2505 2076 2554 terum
2133 2503 2293 2558 malis
2323 2503 2538 2570 domiti,
2571 2515 2624 2562 et
2651 2517 2936 2579 postquam
2970 2511 3211 2582 undique
3238 2513 3475 2567 circum-

1897 2592 2046 2646 venti
2076 2593 2235 2662 aquis
2268 2596 2693 2667 suﬂ'ocarentur,
2749 2610 3036 2672 coeperunt
3088 2605 3354 2674 paenitere
3409 2620 3474 2660 ac

1898 2686 2148 2756 polliceri
2179 2688 2328 2744 dicto
2363 2705 2422 2748 se
2462 2692 2751 2749 audientes
2783 2694 2897 2751 fore
2927 2705 2981 2752 et
3010 2699 3285 2768 parituros
3316 2715 3476 2755 man-

1899 2779 2066 2838 datis.
2100 2784 2369 2849 Quocirca
2425 2785 2652 2855 spretim
2702 2786 3048 2855 rejiciuntur,
3112 2806 3181 2845 ne
3226 2790 3472 2846 mandati

1896 2874 2285 2945 praedicatione
2311 2877 2607 2947 juventur;
2632 2880 2998 2951 respondente
3022 2883 3131 2939 illis
3174 2882 3381 2954 Spiritu
3404 2899 3470 2941 ac

1894 2969 2280 3037 exprobrante,
2311 2970 2457 3040 quod
2488 2971 2933 3043 dereliquissent,
2987 2977 3188 3045 quibus
3225 2978 3471 3047 jusserat

1895 3056 2040 3115 Deus
2075 3067 2135 3115 ut
2164 3060 2272 3117 illis
2306 3077 2462 3131 Opem
2489 3062 2714 3128 ferrent,
2745 3067 3087 3138 salutemque
3114 3083 3177 3123 ac
3225 3070 3465 3126 laetitiam

1895 3161 2247 3224 praestarent;
2310 3155 2424 3211 Noe
2466 3157 2675 3213 scilicet
2724 3159 2901 3214 virum
2958 3170 3207 3216 sanctum
3239 3163 3469 3235 ejusque

1895 3248 2233 3319 progeniem.
2275 3248 2359 3304 Ad
2393 3265 2489 3305 vos
2524 3250 2805 3317 nimirum,
2836 3268 2869 3308 o
2903 3261 3279 3319 contumaces,
3314 3257 3467 3311 nullo

1892 3341 2196 3412 prudentia:
2229 3339 2410 3397 fructu
2441 3344 2877 3411 commendatos,
2931 3359 3089 3414 opem
3140 3345 3295 3400 vobis
3325 3347 3463 3400 alla-

1889 3441 2069 3499 turus,
2098 3435 2344 3503 veniam;
2377 3443 2431 3491 et
2477 3435 2569 3506 qui
2601 3453 2631 3490 a
2680 3436 2844 3509 lignis
2874 3436 3044 3493 aridis
3089 3436 3224 3492 nihil
3255 3437 3467 3493 ditl‘era-

1886 3529 1988 3593 tis;
2020 3528 2113 3600 qui
2134 3529 2301 3599 ,prius
2328 3529 2649 3601 praedicanti
2684 3532 2818 3586 mihi
2867 3547 2898 3586 a
2944 3532 3181 3588 terrenis
3224 3546 3460 3588 avocan—

1883 3621 2013 3676 dum
2046 3622 2311 3689 animum,
2351 3621 2509 3678 (idem
2538 3639 2648 3679 non
2679 3623 3080 3680 adhibueritis?

626 3781 759 3837 CAP.
798 3780 891 3837 IV.
920 3781 1031 3837 Lex
1068 3783 1274 3839 inutilis
1320 3784 1391 3839 ad
1422 3784 1667 3839 salutem.
1706 3784 1990 3840 Castitatis
2030 3792 2297 3854 postrema
2339 3784 2424 3839 lea:
2458 3784 2552 3840 sub
2585 3786 2799 3840 rhamni
2837 3786 3027 3853 specie.

271 3919 377 3973 Καὶ
432 3918 500 3991 δὴ
568 3916 665 3972 καὶ
711 3914 917 3971 τούτων
985 3916 1126 3971 οὕτω
1190 3916 1608 3985 ἁπαξιωθὲντων
1676 3918 1778 3990 τῆς

201 4011 348 4076 θείας
376 4011 732 4084 κηδεμονίας,
765 4009 860 4063 καὶ
905 4008 1064 4064 πάλιν
1093 4010 1191 4082 τῆς
1235 4009 1648 4083 ἀνθρωπότητος
1697 4013 1778 4075 εἰς

196 4104 405 4176 πλάνην
435 4101 766 4173 κεχυμένης,
797 4095 956 4165 αὖθις
983 4102 1011 4153 ὁ
1039 4099 1169 4165 Θεὸς
1206 4099 1491 4155 ἀπέστειλε
1531 4100 1778 4171 βασιλεύ-

196 4212 355 4251 σοντα
375 4196 570 4266 νόμον,
600 4196 694 4246 καὶ
720 4192 1098 4265 ὑπομνήσοντα
1116 4191 1459 4265 δικαιοσύνην
1487 4193 1580 4247 ἐπὶ
1606 4195 1772 4249 Μωῡ-

196 4291 352 4356 cio-ag.
383 4292 447 4344 Οἱ
477 4290 560 4354 δὲ,
588 4287 818 4360 ’μακρὰν
848 4287 942 4340 καὶ
975 4285 1148 4358 τούτῳ
1192 4284 1403 4357 χαίρειν
1432 4285 1771 4358 φράσαντες,

193 4386 273 4451 εις
315 4382 770 4452 εἰδωλολατρείαν
826 4379 1182 4451 μετέστησαν.
1231 4378 1392 4432 Ὅθεν
1436 4380 1466 4435 ὁ
1504 4378 1640 4442 Θεὸς
1695 4379 1777 4444 είς

266 4587 490 4663 ἐῶσι.
523 4603 582 4652 v,
622 4585 715 4641 29.

1953 3917 2163 3988 Hisque
2197 3918 2332 3975 adeo
2352 3919 2517 3975 etiam
2549 3935 2647 3991 per
2672 3924 2822 3977 hunc
2873 3920 3095 3977 modum
3143 3937 3174 3977 a
3207 3921 3461 3998 benigna:

1882 4010 1976 4067 Dei
2003 4012 2362 4079 providentia
2389 4029 2521 4070 cura
2557 4013 2851 4079 abdicatis,
2911 4031 2975 4071 ac
3017 4032 3213 4081 rursus
3264 4026 3454 4088 postea

1883 4100 2121 4158 humano
2146 4117 2344 4175 genere
2375 4104 2432 4159 in
2462 4119 2683 4161 errores
2719 4105 2926 4172 effuso;
2959 4122 3081 4177 quae
3109 4123 3336 4180 regnum
3357 4109 3460 4165 oh-

1880 4191 2077 4250 tineret
2096 4208 2160 4248 ac
2182 4192 2416 4264 justitia:
2435 4204 2828 4262 commoneret,
2852 4196 2955 4252 sub
2974 4197 3159 4271 Moyse
3179 4199 3446 4272 principe,

1881 4299 1912 4340 a
1943 4285 2055 4343 Deo
2086 4287 2175 4343 lex
2202 4288 2371 4344 missa
2390 4295 2497 4346 est.
2529 4287 2733 4346 Verum
2762 4290 2820 4344 hi
2848 4306 3068 4362 quoque
3098 4293 3289 4349 eadem
3323 4308 3453 4365 pro-

1880 4380 1973 4438 cul
2007 4380 2188 4438 valere
2209 4380 2388 4455 jussa,
2428 4381 2699 4440 idolorum
2723 4383 2897 4440 cultui
2926 4382 3452 4445 adheseruntJlinc

248 4774 368 4847 (52)
387 4769 960 4847 ‘Tqrepngs-aroﬁrtac
979 4771 1432 4847 βασιλεύεσθαι.
1457 4772 1624 4847 Ωιιοεί
1646 4790 1783 4847 coni
1806 4778 1848 4832 D
1873 4774 2259 4847 praedicatione
2284 4772 2652 4847 alio_to_rquet.
2686 4771 2777 4828 Sic
2806 4773 2949 4829 enim
2978 4772 3068 4829 ille
3087 4772 3235 4847 hunc
3263 4773 3443 4830 locum

188 4837 383 4916 me.
408 4837 731 4916 reﬁciuntur
751 4837 1042 4912 neimperio
1068 4854 1335 4913 regantur,
1366 4852 1420 4898 ct
1441 4837 1506 4916 ne
1529 4837 1783 4899 fructum'

188 4930 249 4972 ex
278 4914 679 4987 praedicatione
711 4920 1342 4987 consequantur;gquam
1377 4914 1585 4985 pridem
1614 4931 1769 4987 spre-

190 4985 313 5050 tam,
340 4986 462 5041 Noe
484 4985 792 5056 fabricante
812 4999 1018 5046 arcam,
1043 4985 1201 5056 aquis
1220 4986 1332 5056 jam
1363 4986 1550 5040 diluvii
1570 4986 1765 5056 pressi,

192 5072 304 5112 sera
337 5055 669 5128 poenitentia
713 5057 1060 5125 amplexuros
1101 5072 1161 5111 se
1190 5055 1607 5128 pollicebantur.
1642 5056 1766 5111 llaec

191 5126 631 5198 cate'bleth‘odii
654 5141 832 5189 mens,
861 5141 1023 5196 quam
1060 5134 1114 5181 et
1156 5126 1329 5198 magis
1355 5126 1617 5191 declarat,
1646 5143 1768 5198 quae

192 5199 459 5269 sequitur,
491 5195 733 5269 Spiritus
785 5195 960 5269 sancti
1006 5195 1373 5269 exprobratio.
1430 5195 1767 5269 illi.gemina

191 5265 325 5337 quod
358 5268 597 5323 habetur
626 5265 786 5321 Prov.
811 5283 849 5330 ι,
878 5266 949 5321 24
982 5285 994 5321 :
1029 5265 1167 5334 Quia
1194 5270 1390 5329 vocavi,
1418 5279 1468 5323 et
1492 5265 1763 5334 reﬂuistis,

190 5348 313 5412 etc.,
334 5356 432 5410 ego
459 5354 665 5409 quoque
696 5339 749 5391 in
776 5338 994 5412 inter'yu
1018 5349 1187 5412 uestro
1216 5339 1413 5394 ridebo.
1444 5338 1578 5412 Quae
1603 5340 1763 5412 [nime

190 5418 238 5481 et
263 5411 391 5467 illos
439 5417 688 5473 manent,
714 5410 825 5481 Aqui
878 5410 980 5464 nec
1022 5410 1138 5481 lege
1161 5412 1369 5481 gratias,
1404 5410 1581 5480 quoad
1614 5411 1759 5472 licet,

188 5478 355 5546 iuvari
393 5483 644 5537 student.
701 5478 968 5547 Quocirca
1016 5478 1123 5535 non
1167 5478 1311 5537 bene
1354 5478 1628 5551 (Allatius)
1667 5485 1760 5551 qui

193 5565 366 5622 Vocem
410 5551 892 5622 ὕπερηφανοῦνται
940 5551 1112 5606 active
1162 5552 1361 5615 reddit,
1409 5552 1759 5621 superbientes

193 5620 455 5689 ferrarium
484 5620 649 5691 supra
676 5638 732 5677 se
764 5630 1004 5687 poscunt,
1038 5629 1165 5684 etc.,
1191 5624 1298 5676 imo
1318 5620 1683 5692 certerejecti
1704 5632 1759 5678 et

194 5695 345 5760 spreti
386 5703 538 5754 sunt.
574 5709 680 5749 nec
716 5692 1027 5765 ιίίειιί-ιιίειίἱ
1072 5694 1163 5764 qui
1210 5694 1304 5748 illo
1351 5693 1574 5765 imperio
1607 5709 1760 5765 rege-

1896 4851 2265 4917 nterprctatur
2292 4862 2305 4898 :
2337 4861 2355 4895 ι
2388 4842 2593 4917 Rejecti
2619 4850 2950 4917 tamensunt
2976 4851 3031 4899 et
3055 4845 3252 4917 spreti,
3269 4860 3446 4917 neque

1871 4914 2035 4985 digni
2054 4916 2151 4970 visi
2184 4922 2311 4969 sunt
2333 4915 2423 4984 qui
2456 4924 2773 4983 regerentur
2793 4915 2885 4969 illo
2919 4915 3168 4985 imperio,
3201 4914 3256 4969 id
3279 4914 3383 4980 est,
3411 4928 3444 4968 a

1873 4987 2208 5058 promulgata
2242 4986 2350 5040 illis
2382 4986 2497 5058 lege
2519 4985 2880 5058 juvarentur:
2917 4995 3274 5058 responsante
3307 4985 3443 5058 ipsis

1875 5055 2173 5128 Spiritu'et
2214 5057 2599 5128 exprobrante,
2646 5055 2791 5128 quod
2828 5055 3194 5128 neglexissent
3235 5057 3443 5110 monita

1872 5126 2060 5185 eorum
2093 5128 2183 5198 qui
2215 5126 2493 5198 Dei_jussu
2527 5142 2589 5198 ac
2629 5127 2798 5182 missu
2838 5127 2904 5179 ad
2948 5127 3096 5196 ipsos
3141 5133 3439 5196 venerant;

1872 5208 2038 5269 atque
2068 5195 2245 5255 ai'eute
2270 5217 2283 5251 :
2310 5195 2434 5252 lllos
2470 5197 2711 5269 quidem,
2740 5213 2773 5253 ο
2796 5195 3169 5260 contumaces,
3190 5195 3441 5269 Quosrcé-

1865 5267 2078 5340 jec’istis
2102 5269 2458 5340 irrisistisque
2484 5267 2751 5340 salutaria,
2784 5269 2935 5323 vobis
2973 5270 3294 5340 suadenti-8;
3326 5267 3438 5340 Noe

1872 5338 2119 5396 videlicet
2150 5355 2213 5394 ac
2245 5339 2384 5394 lilios
2412 5338 2552 5405 ejus.
2601 5352 2700 5408 ego
2741 5339 2796 5393 in
2827 5340 2929 5393 hoc
2971 5338 3288 5395 discrimine
3322 5338 3444 5395 ser-

1869 5412 2010 5466 vabo
2059 5419 2113 5467 et
2159 5409 2508 5472 consolabor,
2557 5408 2702 5463 ultro
2748 5411 2816 5465 iis
2851 5410 3129 5479 suppetias
3164 5410 3433 5464 veniens:

1868 5498 1964 5537 vos
1992 5490 2172 5536 autem
2204 5481 2375 5535 malas
2414 5480 2658 5551 arbores,
2688 5481 2860 5551 __nullo
2910 5480 3207 5551 prudentia:
3255 5482 3435 5551 l'ructu

1867 5553 2297 5613 commendatas,
2347 5558 2401 5605 et
2449 5550 2584 5604 nihil
2621 5548 2929 5605 diil'erentes
2967 5566 2996 5604 a
3038 5550 3199 5621 lignis
3242 5550 3432 5615 aridis,

1865 5638 2085 5693 pessum
2109 5623 2207 5687 ire,
2243 5628 2302 5676 ut
2328 5622 2575 5693 cmpistis
2599 5630 2653 5693 et
2676 5620 2823 5691 digni
2853 5621 3009 5682 estis,
3036 5620 3230 5693 patiar,
3260 5635 3436 5693 quan-

1863 5689 1936 5748 do
1962 5693 2117 5757 mihi,
2150 5704 2309 5748 antea
2335 5689 2651 5762 praedicanti
2684 5689 3323 5762 praisentium’malorum
3347 5689 3427 5745 fu-

195 5773 382 5822 rentur.
407 5765 525 5822 Non
554 5766 699 5822 bene
724 5761 853 5819 item
878 5761 1158 5820 Possiuius
1186 5779 1305 5835 quae
1332 5763 1399 5821 de
1431 5763 1543 5821 Noe
1574 5761 1756 5836 spreta
1860 5780 2003 5833 gam,
2044 5765 2203 5821 ﬁdem
2239 5763 2791 5820 adhiberenoluistis.
2825 5780 2844 5815 ι
2879 5761 3166 5817 Οοιιιιειηε.
