4010 6328
528 253 636 313 199
1482 251 1542 308 S.
1584 251 1921 310 Μετιιοῡιι
1960 251 2115 310 EPlS

2221 253 2272 309 Pl
2314 253 2401 310 ET
2445 251 2808 312 MARTYRIS

3670 260 3784 317 200

526 370 675 430 Deus
695 371 799 428 bos
833 385 1053 444 quoque
1072 369 1128 427 in
1160 370 1338 429 caedes
1371 380 1595 430 mutuas
1625 373 1870 437 tradidit,
1916 374 2099 446 fugas-

2221 375 2590 449 ιλληλοφονίας
2630 379 2726 433 καὶ⁵
2750 378 3029 449 δρασμοὺς
3066 378 3161 432 καὶ
3200 378 3578 451 αἰχμαλωσίας
3610 380 3787 452 παρέ-

525 480 637 537 que
668 480 733 520 ac.
761 467 1108 536 captivitates
1159 482 1173 520 :
1220 464 1339 537 lege
1383 480 1505 538 Ipsa
1530 467 1693 538 quasi
1722 468 1995 525 sentiente
2038 483 2104 524 ac

2221 472 2341 525 ῑωκε
2373 470 2467 526 καὶ
2485 469 2728 537 τούτους,
2769 471 3198 542 ἀποὸοξήσαντος
3230 473 3438 538 αὐτοὺς
3463 472 3657 539 σώζειν
3687 472 3786 528 τοῦ

529 554 758 622 fatente,
789 572 850 612 se
870 555 981 611 illis
1008 554 1239 611 salutem
1261 563 1523 627 praestare
1546 572 1659 614 non
1691 573 1876 629 posse.
1899 556 2105 629 Nempe

2221 562 2394 634 νόμου·
2427 563 2499 629 οἳ,
2531 563 2671 636 μετά
2688 564 2752 618 τὸ
2775 564 3129 638 συνελαθῆναι
3162 568 3276 631 τοῖς
3316 568 3529 631 κακοῖς,
3552 564 3788 621 ποτνιώ-

529 648 691 705 malis
718 648 890 705 attriti
912 656 1077 721 atque
1105 648 1314 712 adlicti,
1349 648 1568 721 lugubri
1588 660 1744 722 gestu
1769 666 1834 706 ae
1854 651 2102 720 planctu,

2221 672 2357 711 ιενοι
2393 655 2554 711 πάλιν
2585 656 2982 727 ἐπηγγέλλοντο
3014 656 3330 728 πειθαρχεῖν
3348 659 3471 721 ταῖς
3499 643 3782 724 ’ἐντολαῖς

530 738 730 796 iterum
775 756 836 796 se
900 741 1175 798 mandatis
1243 741 1606 798 obsecuturos
1667 741 2103 813 pollicebantur;

2221 747 2397 820 ιέχρις
2429 751 2458 802 6
2494 747 2646 813 Θεὸς,
2679 748 2937 820 τέταρτον
2964 748 3298 819 κατελεήσας
3339 748 3431 803 τὸν
3459 748 3786 822 ἄνθρωπον,

530 833 711 904 quoad
739 831 885 889 Deus
910 841 1169 904 quartum
1208 835 1500 891 miseratus
1542 834 1843 898 hominem,
1881 834 2108 890 castita—

530 933 641 981 tem
667 941 840 998 regno
863 927 1160 998 potituram
1189 928 1409 1000 legavit,
1446 944 1610 999 quam
1663 926 1948 999 Scriptura
1970 943 2107 983 con-

533 1027 827 1090 sequenter
858 1020 1148 1077 rhamnum
1177 1022 1534 1093 nuncupavit.
1558 1020 1685 1076 llaec
1717 1020 1892 1092 rigide
1924 1027 2107 1076 auste-

531 1128 701 1184 reque
753 1115 1060 1186 absumptis
1109 1114 1485 1186 voluptatibus
1513 1112 1678 1169 etiam
1714 1112 2102 1176 comminatur,

530 1207 641 1263 nisi
664 1208 714 1263 ei
741 1222 935 1264 omnes
969 1207 1345 1263 indubitanter
1374 1207 1658 1270 obediant.
1701 1214 1757 1262 et
1788 1206 1843 1261 in
1879 1205 2109 1261 veritate

532 1298 600 1355 ad
633 1300 805 1370 ipsam
836 1301 1118 1363 accedant,
1168 1300 1282 1372 igni
1315 1309 1767 1369 consumpturam
1796 1299 2106 1354 universos.

534 1392 658 1449 Non
692 1394 837 1449 enim
862 1393 1023 1447 aliam
1047 1402 1236 1463 postea
1272 1392 1513 1448 futuram
1548 1392 1721 1462 legem
1754 1398 1864 1446 .aut
1902 1388 2111 1445 doctri~

534 1500 685 1548 nam,
717 1484 811 1542 sed
839 1484 1110 1554 judicium
1129 1492 1182 1541 et
1206 1484 1409 1555 ignem.
1436 1483 1511 1540 Ea
1533 1484 1951 1540 denuntiatione
1961 1481 2111 1551 juste

534 1576 795 1647 deinceps
848 1577 1012 1634 homo
1059 1592 1220 1649 agere
1256 1577 1444 1648 cmpit,
1489 1587 1543 1633 et
1585 1576 1697 1632 Deo
1732 1575 1959 1631 ﬁrmiter
1991 1589 2111 1630 cre—

535 1668 666 1726 dere
696 1687 865 1743 seque
888 1686 919 1726 a
948 1670 1170 1727 diabolo
1191 1670 1506 1742 abjungere.
1541 1668 1632 1726 Sic
1668 1668 2020 1725 utilissimum
2045 1683 2110 1724 ac

2200 836 2301 909 τὴν
2368 837 2613 908 Ἀγνείαν
2675 839 2962 895 ἀπέστειλε
3014 839 3329 910 βασιλεῦσαι
3352 882 3366 907 ,
3419 842 3486 914 ῆν
3549 840 3789 914 Ῥάμνον

2203 929 2511 995 ἀκολούθως
2549 931 2807 987 ἐκάλεσεν
2841 935 2875 1005 ή
2898 933 3106 1006 Γραφή.
3139 935 3317 998 Ἤτις,
3352 933 3789 989 καταναλώσασα

2203 1018 2302 1083 τὰς
2348 1021 2576 1093 ἡδονὰς,
2634 1023 2727 1077 καὶ
2767 1023 3111 1095 ἀπειλήσασα
3160 1023 3382 1090 λοιπὸν,
3429 1027 3478 1079 εί
3518 1027 3594 1097 μὴ
3642 1028 3789 1100 αὐτῇ

2206 1110 2406 1176 πάντες
2435 1113 2819 1178 ἀνενδοιάστως
2854 1116 2947 1169 καὶ
2983 1117 3042 1169 ὲν
3085 1115 3314 1189 ἀληθείᾳ
3363 1118 3789 1190 προσέρχοιντο,

2206 1204 2339 1275 πυρὶ
2394 1205 2842 1278 καταδαπανήσω.
2894 1207 3120 1273 πάντας.
3171 1210 3284 1263 Ούκ
3342 1209 3423 1264 ἔτι
3479 1211 3588 1285 γάρ
3644 1214 3794 1285 μετά

2206 1296 2410 1369 ταύτην
2450 1296 2665 1353 ἔσεσθαι
2719 1299 2946 1371 νόμονῆ
2997 1300 3344 1356 διδασκαλίαν
3395 1304 3606 1376 ἑτέραν,
3647 1305 3795 1363 ἀλλὰ

2209 1388 2388 1458 κρίσιν
2419 1389 2513 1442 καὶ
2557 1388 2687 1461 πῦρ.
2722 1390 2833 1445 Kal
2874 1389 2962 1446 διὰ
3011 1391 3170 1447 τοῦτο
3226 1393 3410 1448 λοιπὸν
3457 1396 3794 1453 ἀπεντεῦθεν

2208 1479 2619 1552 δικαιοπραγεῖν
2668 1483 2698 1535 6
2750 1481 3034 1554 ἄνθρωπος
3085 1482 3309 1556 ἤρξατο,
3362 1487 3456 1540 καὶ
3507 1489 3795 1546 πιστεύειν

2213 1571 2443 1642 βεϐαίως
2486 1573 2563 1645 τῷ
2612 1573 2759 1646 Θεῷ,
2804 1576 2898 1629 καὶ
2942 1575 3329 1647 ἀποσχίζεσθαι
3378 1579 3472 1634 τοῦ
3515 1579 3794 1636 διαϐόλου.

2211 1662 2398 1727 Οὕτως
2428 1664 2849 1737 ὠφελιμώτατον
2878 1667 2970 1720 καλ
3015 1667 3229 1739 ἀρωγὸν
3265 1670 3627 1744 κατεπέμφθη
3674 1676 3798 1738 τοῖς

535 1763 779 1821 salutare
826 1762 970 1820 Deus
1013 1762 1329 1817 hominibus
1383 1763 1533 1818 misit
1581 1762 1868 1829 auxilium,
1917 1775 2113 1831 nempe

2221 1753 2520 1826 ἀνθρώποις
2565 1735 2775 1826 ἁγνεία.
2813 1759 2997 1831 Μόνης
3033 1735 3347 1832 γὰργαύτῆς
3374 1735 3664 1835 ἀντίμιμον
3688 1735 3799 1823 οὐκ

535 1857 874 1912 castitatem.
925 1854 1198 1911 Nimirum
1239 1870 1349 1910 una
1401 1854 1517 1910 haec
1563 1861 1668 1918 est,
1709 1869 1871 1925 quam
1905 1852 2109 1908 imitari

532 1956 654 2006 arte
677 1950 817 2005 mala
853 1948 1084 2019 ejusque
1115 1947 1367 2019 eilingere
1420 1947 1780 2004 simulacrum
1826 1946 1892 2000 ad
1948 1946 2112 2002 sedu-

533 2040 794 2105 cendum,
817 2041 1073 2101 diabolus
1107 2042 1331 2097 minime
1364 2041 1561 2111 potuit,
1606 2039 1750 2095 sicut
1791 2040 1850 2094 in
1879 2038 2005 2095 aliis
2031 2038 2110 2095 le-

534 2134 696 2207 gibus
721 2149 843 2191 sese
874 2149 964 2190 res
995 2134 1285 2190 habuerat.

2217 1848 2432 1920 ἴσχυσεν
2467 1850 2801 1921 ἐργάσασθαι
2829 1852 2963 1923 πρὸς
2986 1853 3202 1924 ἀπάτην
3239 1853 3268 1906 6
3310 1854 3573 1926 διάϐολος,
3599 1859 3799 1936 ὥσπερ

2215 1940 2313 1995 καὶ
2332 1940 2438 1996 τῶν
2460 1941 2634 1998 ἄλλων
2663 1944 3138 2018 νομοθετημάτων.

989 2252 1117 2308 Car.
1153 2250 1217 2308 V.
1252 2251 1467 2306 Diaboli
1498 2249 1693 2306 aemula
1712 2251 1767 2305 in
1796 2249 2039 2305 onmibus
2065 2245 2394 2318 malignitas.
2434 2244 2553 2300 Duo
2578 2262 2770 2318 genera
2795 2249 2995 2318 ficuum
3034 2260 3084 2305 et
3119 2253 3324 2309 vitium.

607 2377 745 2434 Cum
779 2377 925 2433 enim
962 2376 1119 2439 ﬁcus,
1156 2373 1235 2428 uti
1280 2371 1550 2437 dicebam,
1585 2386 1691 2442 qua
1725 2376 1948 2442 praestat
2000 2369 2116 2425 fru-

533 2480 660 2529 etus
708 2469 996 2526 dulcedine
1046 2468 1447 2541 elegantiaque,
1494 2468 1815 2524 deliciarum
1869 2466 2112 2538 paradisi

533 2571 667 2636 typo
715 2568 1029 2619 assumatur
1062 2576 1077 2612 :
1114 2560 1277 2616 rebus
1306 2560 1382 2614 illi
1416 2558 1629 2614 aemulis
1675 2556 1962 2615 seductum
2012 2557 2113 2612 ho-

536 2654 743 2712 minem
775 2653 1028 2709 diabolus
1059 2653 1240 2724 prmda
1272 2650 1436 2721 cepit,
1483 2650 1612 2704 dum
1661 2648 1806 2703 nuda
1864 2649 2113 2719 corporis

536 2747 661 2821 ejus
691 2746 906 2803 fruticis
937 2745 1082 2802 foliis
1111 2752 1402 2815 contegere
1426 2741 1738 2813 persuasit:
1769 2741 1872 2795 hoc
1917 2756 2114 2812 nempe

539 2856 728 2914 agens,
761 2848 820 2896 ut
843 2839 1080 2895 molliter
1109 2837 1301 2896 scabra
1334 2836 1422 2890 ﬁci
1471 2834 1624 2899 folia,
1658 2827 1993 2905 proritandze
2019 2849 2111 2890 εε-

538 2941 664 2992 sent
700 2932 933 2989 libidini.
967 2933 1075 2988 Eos
1104 2945 1298 2986 rursus
1328 2928 1423 3000 qui
1461 2943 1528 2984 ex
1555 2927 1763 2983 diluvio
1809 2926 2113 2981 incolumes

2283 2366 2397 2439 Τῆς
2428 2366 2537 2440 γὰρ
2582 2368 2772 2440 συκῆς,
2800 2369 2875 2434 ὡς
2905 2369 3061 2442 ἔφην,
3091 2371 3179 2427 διὰ
3223 2375 3322 2445 τὴν
3365 2374 3664 2445 γλυκασίαν
3696 2380 3800 2434 τοῦ

2213 2459 2426 2531 καρποῦ
2460 2459 2554 2514 καὶ
2585 2459 2677 2515 τὸν
2705 2461 2984 2534 ὡραϊσμὸν
3009 2463 3067 2516 ὲν
3091 2462 3245 2536 τύπῳ
3267 2465 3367 2537 τῆς
3390 2468 3448 2522 ἐν
3476 2469 3803 2544 παραδείσῳ

2212 2549 2424 2621 τρυφῆς
2471 2549 2938 2623 παραληφθείσης,
2973 2555 3087 2616 τοῖς
3113 2553 3424 2625 ἀντιμίμοις
3455 2556 3623 2628 αὐτῆς
3652 2558 3803 2612 ἀπο-

2215 2641 2544 2716 ϐουκολήσας
2594 2642 2684 2697 τὸν
2733 2643 3018 2716 ἄνθρωπον
3046 2648 3074 2700 6
3103 2645 3348 2712 διάϐολος
3397 2650 3657 2723 ἧγρευσε,
3690 2652 3800 2727 τὴν

2213 2735 2484 2807 γύμνασιν
2517 2735 2752 2807 καλύψαι
2783 2736 2978 2802 πείσας
3008 2736 3102 2792 τοῦ
3133 2734 3382 2813 σώματος
3413 2743 3665 2809 πετάλοις
3700 2762 3804 2799 συ-

2215 2828 2350 2901 κῆς·
2398 2828 2426 2880 ὅ
2476 2828 2729 2893 ὲστι,.διά
2775 2829 2836 2883 τὸ
2886 2832 3226 2905 κνησμῶδες,
3272 2838 3450 2907 τρυφῇ
3503 2836 3798 2911 φιληδόνῳ.

2214 2920 2353 2984 Τοὺς
2378 2920 2435 2973 δὲ
2467 2938 2533 2974 πε
2543 2920 2868 2992 ρισωθέντας
2894 2918 3048 2988 αὖθις
3074 2926 3138 2979 ἐκ
3158 2924 3249 2980 τοῦ
3273 2927 3677 3001 κατακλυσμοῦ,
3704 2930 3803 2988 διὰ

538 3024 778 3091 fuerant,
817 3026 886 3081 ob
912 3024 1211 3091 spiritalem
1255 3021 1454 3077 laetitiae
1476 3022 1676 3092 ,vitem,
1714 3035 1821 3075 non
1860 3018 2114 3076 dissimili

2221 3010 2314 3083 τήν
2345 3011 2444 3082 τῆς
2482 3013 2854 3085 πνευματικῆς
2873 3015 3208 3087 εὐφροσύνης
3233 3016 3491 3088 ἄμπελον,
3513 3020 3802 3095 ἀντιμίμῳ

540 3126 678 3194 potu
720 3117 1022 3174 inebriatos
1055 3115 1267 3184 derisit,
1308 3114 1528 3170 virtutis
1573 3114 1751 3170 denuo
1797 3113 2115 3169 indumento

539 3208 816 3269 hominem
856 3208 1091 3266 nudans.
1143 3206 1385 3279 Indeque
1425 3206 1772 3263 manifestius
1820 3206 1924 3286 erit
1968 3204 2113 3278 quod

539 3305 687 3362 dico.

613 3396 939 3454 Adversaria
984 3402 1228 3467 potestas
1272 3408 1490 3467 semper
1520 3391 1740 3448 virtutis
1784 3405 1849 3446 ac
1888 3389 2117 3462 iustitia:

543 3488 782 3561 speciem
823 3488 1142 3559 cultumque
1187 3486 1497 3548 aemulatur,
1531 3498 1640 3539 non
1669 3490 1728 3537 ut
1768 3489 2019 3538 exerceat
2048 3480 2116 3537 ad

544 3582 820 3653 pietatem,
850 3578 945 3637 sed
978 3586 1036 3634 ut
1075 3578 1320 3634 fraudem
1351 3576 1515 3633 faciat
1544 3585 1598 3632 et
1629 3574 1978 3633 simulatione
2008 3574 2120 3630 elu-

541 3672 656 3728 dat.
683 3671 754 3728 Ut
780 3673 926 3728 enim
956 3687 1052 3728 eos
1078 3672 1171 3741 qui
1223 3680 1453 3725 mortem
1502 3670 1738 3741 "ugiant,
1778 3669 1846 3724 ad
1881 3676 2112 3723 mortem

544 3763 803 3820 illecebra
838 3764 1040 3834 capiat,
1085 3759 1516 3817 immortalitatis
1556 3762 1798 3817 exterius
1836 3760 2116 3817 coloribus

544 3856 783 3911 fucatur.
831 3854 1009 3925 Atque
1054 3854 1181 3908 hinc
1227 3860 1332 3918 est,
1370 3859 1432 3908 ut
1477 3851 1614 3907 ﬁcus
1645 3860 1738 3907 aut
1769 3853 1895 3909 vitis
1943 3850 2117 3906 videri

539 3947 692 4014 velit,
715 3954 767 4003 et
799 3962 921 4018 quae
969 3944 1275 4001 dulcedinis
1306 3960 1371 4000 ac
1405 3943 1607 3999 laetitiae
1637 3942 1869 4000 fecunda
1917 3958 2115 4015 parens

541 4037 790 4103 exsistat,
823 4034 1221 4093 transformans
1252 4050 1313 4091 se
1349 4034 1410 4092 in
1445 4034 1698 4105 angelum
1725 4033 1866 4090 lucis
1885 4034 1954 4100 “,
1978 4034 2117 4089 mul-

542 4136 738 4201 tosque
769 4126 1053 4199 religionis
1084 4126 1265 4198 specie
1293 4126 1622 4197 illaqueans.

614 4221 735 4278 Duo
763 4221 908 4277 enim
938 4236 1062 4276 esse
1104 4234 1304 4292 genera
1351 4218 1551 4276 licuum
1583 4218 1886 4291 vitiumque
1926 4220 1983 4274 in
2026 4234 2117 4275 sa-

542 4314 653 4371 cris
696 4314 893 4371 litteris
921 4314 1248 4386 reperimus.
1302 4309 1466 4367 Ficus
1504 4312 1692 4379 bonas,
1739 4311 1902 4367 bonas
1939 4312 2112 4377 valde,
2148 4355 2190 4409 Β

543 4415 599 4465 et
619 4408 753 4479 ﬁcus
785 4424 1024 4472 amaras,
1051 4423 1267 4462 amaras
1298 4404 1450 4461 valde
1471 4406 1538 4461 9".
1585 4403 1781 4459 Vinum
1830 4405 2114 4477 lwti/icans

542 4519 634 4559 cor
667 4501 1035 4569 hominum";
1072 4508 1147 4564 et,
1195 4501 1370 4555 vinum
1419 4499 1651 4568 furorem
1702 4498 2025 4563 draconum,
2065 4507 2115 4553 et

542 4593 777 4664 furorem
801 4592 1043 4665 aspidum
1068 4592 1419 4648 insanabilem
1442 4593 1511 4647 ‘9.
1538 4590 1738 4647 Verum
1767 4608 1834 4646 ex
1868 4606 1977 4662 quo
2000 4591 2113 4660 jam

542 4689 771 4745 castitas
844 4688 1126 4743 hominum
1194 4687 1485 4758 imperium
1562 4685 1722 4749 iniit,
1775 4684 2116 4755 deprehensa

545 4781 703 4838 fraus
726 4791 814 4838 est
856 4788 1022 4852 atque
1070 4781 1305 4840 devicta.
1333 4787 1612 4837 evertente
1655 4779 1802 4834 illam
1841 4779 2116 4850 virginum

542 4872 790 4944 principe
816 4870 1040 4928 Christo
1074 4886 1344 4943 :veraque
1378 4871 1515 4927 adeo
1564 4872 1702 4927 licus
1729 4881 1784 4927 et
1829 4884 1959 4926 vera
1988 4869 2118 4925 vitis

545 4958 906 5025 fructificant,
950 4966 1239 5031 postquam
1286 4961 1343 5014 in
1386 4974 1578 5016 omnes
1624 4961 1799 5017 evasit
1847 4960 2118 5016 castitatis

543 5049 879 5115 dominatus,
922 5051 1001 5106 uti
1042 5060 1097 5107 et
1122 5050 1241 5107 Joel
1292 5051 1560 5121 propheta
1609 5052 1851 5107 ominate
1901 5067 2118 5106 annun-

542 5143 664 5212 tiat,
686 5143 927 5213 Conﬁde,
954 5153 1116 5207 terra,
1138 5142 1348 5206 dicens,
1366 5144 1536 5214 gaude
1565 5153 1615 5198 et
1633 5146 1837 5209 lwtare,
1865 5144 2115 5213 quoniam

545 5235 909 5306 magniﬁcavit
946 5235 1205 5290 Dominus
1242 5244 1301 5290 ut
1340 5236 1556 5306 faceret.
1604 5235 1889 5309 Conﬁdite,
1927 5253 2118 5308 pecora

543 5328 739 5398 campi,
756 5328 1006 5398 quoniam
1027 5330 1392 5399 germinarunt
1421 5335 1593 5401 campi
1628 5330 1956 5393 solitudinis,
1987 5348 2118 5401 quo-

544 5421 694 5476 niam
733 5421 933 5491 lignum
959 5422 1139 5475 attulit
1166 5421 1397 5492 fructum
1423 5440 1598 5491 suum,
1631 5425 1750 5479 vilis
1779 5435 1831 5480 et
1863 5425 1995 5494 ﬁcus
2024 5424 2117 5479 de-

544 5510 735 5571 derunt
772 5513 1014 5569 virtutem
1046 5530 1219 5571 suam.
1247 5514 1318 5571 Et
1346 5516 1449 5587 ﬁlii
1482 5515 1632 5590 Sion,
1651 5519 1913 5575 exsultate
1940 5527 1989 5572 et
2021 5518 2117 5573 la:-

631 5697 680 5732 ⁹⁶
710 5698 772 5754 II
798 5699 923 5757 Cor.
947 5717 1024 5771 τι,
1061 5703 1147 5760 ll.
1247 5704 1293 5738 ⁸⁷
1320 5703 1434 5764 Jer.
1464 5724 1615 5777 xxxv,
1638 5711 1691 5765 5.

2216 3103 2419 3175 πόματι
2472 3103 2728 3175 μεθύσας.
2765 3107 3128 3177 κατεχλεύασε
3174 3110 3357 3174 πάλιν,
3391 3113 3807 3187 ἀπογυμνώσας

2214 3195 2305 3249 τὸν
2337 3194 2620 3267 ἄνθρωπον
2661 3198 3084 3271 ἀρετῆς.Ἐσται
3129 3202 3186 3256 δὲ
3229 3205 3562 3280 σαφέστερον
3576 3184 3811 3282 *μᾶλλον

2215 3287 2462 3341 ἐντεῦθεν
2489 3289 2518 3343 ὃ
2554 3288 2716 3358 λέγω.

2299 3379 2364 3433 Ἡ
2407 3381 2755 3452 ἀντικειμένη
2800 3382 3027 3455 δύναμις
3058 3386 3144 3441 ἀεὶ
3184 3393 3434 3462 μιμεῖται
3466 3393 3567 3465 τῆς
3590 3395 3813 3470 ἀρετῆς

2216 3473 2434 3545 καὶτῆς
2474 3472 2817 3548 δικαιοσύνης
2857 3476 2926 3531 τά
2967 3480 3243 3551 σχήματα,
3277 3484 3338 3537 ού
3379 3485 3516 3556 πρὸς
3562 3487 3810 3561 ἄσκησιν

2217 3565 2355 3620 κατά
2383 3566 2661 3639 ἀλήθειαν,
2688 3568 2823 3622 ἀλλά
2848 3570 2983 3642 πρὸς
3003 3573 3217 3648 ἀπάτην
3246 3578 3338 3631 καὶ
3363 3577 3809 3652 ὑπόκρισιν.Ἵνα

2216 3657 2329 3731 γὰρ
2354 3659 2580 3732 δελεάσῃ
2612 3661 2747 3732 πρὸς
2770 3661 2998 3719 θάνατον
3023 3667 3153 3731 τοὺς
3188 3668 3487 3739 φεύγοντας
3516 3672 3609 3727 τὸν
3636 3673 3811 3733 θάνοις

2215 3770 2327 3818 τον,
2358 3753 2652 3822 ἀθανασίας
2698 3756 2894 3825 ἔξωθεν
2927 3759 3325 3827 καλλωπίζεται
3372 3772 3806 3839 σχηματισμοῖς.

2216 3846 2326 3899 Καὶ
2372 3846 2543 3919 ταύτῃ
2581 3849 2719 3919 συκῆ
2752 3848 2999 3919 βούλεται
3031 3844 3343 3925 νομίζεσθαι
3388 3858 3482 3911 καὶ
3529 3859 3808 3930 ἄμπελος,

2217 3940 2312 3993 καὶ
2342 3940 2657 4012 γλυκύτητα
2698 3944 2793 3998 καὶ
2841 3945 3177 4018 εὐφροσύνην
3211 3950 3425 4022 γεννᾷν,
3455 3952 3536 4015 είς
3564 3952 3811 4023 ἄγγελον

2221 4033 2802 4108 μετασχηματιζομένη
2845 4039 3041 4109 φωτὸς,
3072 4041 3165 4094 καὶ
3212 4046 3560 4117 προσχήματι
3608 4047 3808 4103 θεοσε-

2219 4124 2372 4190 ϐείας
2397 4125 2722 4193 δελεάζουσα
2751 4130 3000 4196 πολλούς.

2289 4217 2393 4272 Δύο
2417 4218 2524 4292 γὰρ
2550 4219 2687 4275 εἶναι
2712 4222 2972 4297 διαφορὰς
3003 4226 3211 4283 συκέων
3238 4230 3330 4283 καὶ
3359 4232 3618 4303 ἀμπέλων
3644 4237 3812 4308 εὑρί-

2221 4328 2421 4385 σκομεν
2452 4315 2510 4368 ὲν
2544 4318 2663 4380 ταῖς
2690 4315 2951 4388 Γραφαῖς.
2978 4320 3143 4375 Σῦκα
3176 4321 3246 4376 τὰ
3275 4326 3526 4393 χρηστὰ,
3563 4331 3817 4397 χρηστὰ

2222 4406 2396 4460 λίαν·
2428 4409 2542 4477 καὶ,
2588 4410 2751 4467 σῦκα
2775 4411 2846 4466 τὰ
2876 4413 3074 4482 πικρὰ,
3104 4416 3283 4485 πικρὰ
3302 4418 3463 4472 λίαν.
3501 4416 3679 4474 Οἶνον
3701 4424 3817 4477 εὐ-

2222 4500 2551 4568 φραίνοντα
2596 4502 2845 4571 καρδίαν
2889 4505 3229 4574 ἀνθρώπων,
3273 4511 3364 4564 καὶ
3398 4506 3564 4566 οἶνον
3608 4515 3817 4585 θυμὸν

2224 4591 2564 4661 δρακόντων
2588 4595 2684 4649 καί
2724 4596 2916 4666 θυμὸν
2949 4598 3223 4653 ἀσπίδων
3262 4602 3529 4657 ἀνίατον.
3548 4605 3688 4659 Ἀλλ’
3706 4608 3813 4679 ἀφ’

2223 4679 2284 4740 οὗ
2317 4685 2501 4739 λοιπὸν
2541 4686 2887 4743 ἐϐασίλευσεν
2916 4690 3106 4755 ἁγνεία
3151 4692 3257 4746 τῶν
3290 4694 3612 4767 ἀνθρώπων,
3646 4699 3819 4769 ἐλέγ-

2224 4775 2326 4852 χθη
2362 4778 2395 4848 ἡ
2429 4776 2605 4849 πλάνη
2653 4779 2750 4833 καὶ
2781 4781 3081 4853 νενίκηται,
3107 4783 3201 4837 τοῦ
3227 4784 3628 4859 ἀρχιπαρθένου
3661 4789 3820 4863 Χρι..

2227 4871 2354 4923 στοῦ
2383 4870 2861 4943 καταστρέψαντος
2890 4874 3060 4947 αὑτήν
3084 4892 3097 4905 ·
3126 4878 3220 4929 καὶ
3245 4879 3276 4948 ἡ
3299 4875 3526 4950 ἀληθινὴ
3548 4880 3683 4949 συκῆ
3708 4882 3823 4936 καὶ

2225 4964 2259 5034 ἡ
2292 4962 2517 5035 ἀληθινὴ
2547 4964 2789 5035 ἄμπελος
2812 4967 3240 5040 καρποφοροῦσι,
3275 4970 3413 5041 μετά
3443 4971 3504 5024 τὸ
3530 4972 3825 5043 κρατῆσαι

2224 5054 2442 5109 πάντων
2485 5056 2724 5125 ἁγνείαν,
2775 5059 3025 5132 καθάπερ
3052 5061 3146 5114 καὶ
3180 5061 3330 5133 ’ῐωὴλ
3347 5063 3376 5115 6
3404 5065 3690 5135 προφήτης
3714 5066 3829 5120 εὐ-

2225 5147 2589 5217 αγγελίζεται·
2627 5150 2864 5219 Θάρσει,
2892 5151 2990 5221 τῆ,
3031 5150 3226 5222 λέγων,
3255 5153 3349 5206 καὶ
3373 5152 3538 5223 χαῖρε
3565 5155 3661 5208 καὶ
3699 5157 3821 5211 εὐ-

2223 5242 2500 5311 φραίνου,
2531 5241 2618 5297 ὅτι
2639 5243 2970 5315 ἐμεγάλυιέ
2997 5247 3212 5315 Κύριος
3234 5247 3341 5302 τοῦ
3366 5247 3632 5318 ποιῆσαι.
3657 5250 3825 5318 Θαρ-

2223 5333 2406 5397 σεῖτε,
2441 5335 2629 5406 κτήνη
2655 5337 2761 5391 τοῦ
2786 5338 3020 5405 πεδίου,
3053 5340 3143 5394 ὅτι
3180 5341 3563 5410 ,ϐεϐλάστηκε
3595 5341 3669 5395 τὰ
3696 5358 3823 5397 ,πε-

2222 5427 2323 5482 δία
2355 5428 2464 5498 τῆς
2488 5431 2712 5499 ἐρήμου
2737 5470 2751 5495 ,
2789 5430 2877 5486 ὅτι
2913 5432 3104 5498 ξύλον
3151 5434 3367 5506 ἤνεγκε
3415 5436 3524 5490 τὸν
3572 5436 3827 5504 καρπὸν

2222 5520 2410 5575 αὐτοῦ
2431 5538 2445 5552 ο
2480 5522 2747 5592 ἄμπελος
2776 5525 2873 5579 καὶ
2899 5508 3063 5595 συκῆ
3086 5527 3315 5583 ἔδωκαν
3343 5529 3457 5599 τὴν
3496 5527 3679 5600 ἰσχὺν
3699 5529 3824 5591 αὑ-

1789 5710 1834 5743 "
1870 5709 2023 5771 Psal.
2054 5725 2171 5778 Clll,
2209 5709 2294 5767 15.
2363 5713 2407 5745 ’⁸
2429 5711 2586 5768 Deut.
2623 5727 2794 5781 xxx",
2824 5712 2911 5770 55.
