4010 6328
201 5245 208 5252 ⁷
289 5273 309 5297 ³
334 5268 483 5324 Joel.
513 5283 576 5332 ll,
605 5265 792 5321 21-23.

209 5447 215 5522 1

238 331 330 386 20!

1294 320 1677 380 CONVIVIUM
1711 317 1939 374 DECEM
1981 313 2336 371 VIRCINUM.

3352 317 3462 375 202

235 446 364 502 τῶν.
391 447 499 500 Kal
533 446 606 499 τὰ
631 447 810 500 τέκνα
832 445 1001 506 Σιὼν,
1033 445 1261 513 χαίρετε
1291 441 1385 493 καί
1409 439 1794 508 εὐφραίνεσθε

1907 433 2084 486 ramini
2115 433 2170 486 in
2207 431 2432 486 Domino
2454 429 2561 483 Deo
2584 439 2773 495 vestro,
2805 431 2927 501 quia
2958 430 3100 485 dedit
3129 433 3270 487 vobis
3289 435 3461 489 cibum

233 538 324 590 ἐπὶ
360 540 560 604 Κυρίῳ
587 537 709 602 Θεῷ
737 536 918 605 ὑμῶν,
951 536 1094 588 διότι
1132 533 1352 586 ἔδωκεν
1390 531 1534 600 ὑμῖν
1564 529 1796 596 ,ϐρῶσιν

234 633 313 695 είς
336 629 768 697 δικαιοσύνην·
805 627 1041 698 ἄμπελον
1085 629 1179 680 καὶ
1213 625 1378 694 συκῆν
1423 625 1632 694 δένδρα,
1663 639 1797 693 καρ-

235 723 363 782 ποὺς
393 721 477 782 εἰς
517 719 865 789 δικαιοσύνην
902 719 1268 790 βλαστήσαντα
1302 720 1412 778 τοῖς
1449 716 1656 776 τέκνοις
1697 714 1797 782 τῆς

232 813 423 883 νοητῆς
476 812 639 871 Σιὼν,
675 811 774 876 τὰς
827 811 1128 884 ἔμπροσθεν
1179 810 1492 880 νομοθεσίας
1533 809 1730 870 καλῶν,
1763 807 1798 860 ἃ.

236 905 366 972 μετὰ
397 903 500 973 τὴν
535 902 946 974 ὲνανθρώπησιν
993 901 1440 972 ὲκαρποφόρησαν
1479 899 1570 951 τοῦ
1605 901 1796 966 Λόγου,

230 997 385 1046 ὁπότε
415 994 767 1047 ἐϐασίλευσεν
797 994 950 1064 ἡμῶν
991 995 1022 1064 ἡ
1058 994 1265 1061 ἁγνεία,
1291 992 1521 1062 πρόσθεν
1558 992 1800 1059 ἀποκρα-

232 1089 470 1154 τήεαντα
499 1087 598 1140 καὶ
630 1086 982 1154 ἁπομύσαντα
1007 1085 1102 1148 τὰς
1130 1084 1362 1154 βλαστὰς
1386 1084 1473 1136 διὰ
1495 1083 1588 1153 τὴν
1622 1083 1801 1152 ἁμαρ-

231 1179 344 1229 ⁴τίειν
376 1179 472 1229 καὶ
498 1179 599 1248 τὴν
634 1177 831 1246 πολλὴν
864 1177 1088 1248 πλάνην.
1122 1176 1255 1229 Οὐδὲ
1283 1176 1390 1247 γὰρ
1430 1174 1659 1244 ἠδύνατο
1702 1173 1800 1244 τὴν

233 1273 306 1332 είς
338 1270 485 1339 ζωὴν
511 1270 896 1339 ἀναδιδομένην
929 1271 1058 1340 ἡμῖν
1086 1271 1382 1340 παρασχεῖν
1407 1269 1612 1339 τροφὴν
1637 1270 1671 1338 ἡ
1703 1268 1804 1336 ἄμ-

234 1362 386 1424 πελος
417 1364 453 1431 ἡ
484 1361 742 1432 ἀληθινὴ,
775 1363 869 1414 καὶ
901 1365 933 1433 ἠ
970 1363 1106 1432 συκῆ
1135 1364 1166 1432 ἡ
1195 1361 1440 1432 ἀληθινὴ,
1470 1361 1549 1413 ἔτι
1573 1362 1671 1431 τῆς
1713 1377 1804 1412 συ-

235 1455 329 1523 ni};
371 1454 446 1523 μὴ
493 1453 754 1525 ἀληθινῆς
801 1455 893 1506 καὶ
939 1454 1072 1525 πρὸς
1116 1454 1329 1523 ἀπάτην
1359 1453 1801 1524 πεποικιλμένης,

589 1545 701 1598 ἀλλ’
732 1547 819 1598 ὅτε
859 1547 1222 1616 κατεξήρανεν
1252 1547 1279 1597 ὁ
1313 1544 1514 1616 Κύριος
1563 1545 1631 1597 τὰ
1677 1543 1806 1597 νόθα

234 1640 322 1690 καὶ
355 1638 697 1708 ἀντιμίμητα
727 1638 834 1690 τῶν
863 1638 1149 1708 ἀληθινῶν,
1182 1638 1594 1708 ἀποφηνάμενος
1619 1640 1683 1708 τῇ
1718 1654 1806 1690 πι-

235 1729 488 1799 κροφδρῳ
517 1733 658 1800 συκῇ
691 1730 772 1791 τὸ,
802 1732 1022 1798 Μηκέτι
1061 1730 1300 1801 γένηται
1341 1731 1568 1799 καρπὸς
1597 1731 1664 1783 ἐκ
1690 1730 1804 1783 σοῦ

234 1546 499 1614 ἀνθούσης
519 1563 534 1574 ·

1897 528 1951 580 in
1977 525 2309 596 justitiam‘.
2355 521 2527 578 Vitem
2560 530 2615 576 et
2656 521 2816 576 ﬁcum
2856 523 3098 585 arbores.
3133 525 3370 580 fructum
3408 528 3462 581 in

1892 619 2158 689 justitiam
2186 616 2556 687 germinantes
2591 614 2718 670 ﬁliis
2763 615 3026 685 spiritalis
3057 615 3212 676 Sion.
3249 619 3462 687 priores

1898 712 2042 780 leges
2073 709 2306 780 appellat
2334 724 2347 759 :
2385 723 2505 778 qua:
2535 715 2890 777 posteaquam
2925 706 3162 764 Verbum
3186 710 3350 766 homo
3382 713 3466 765 fa-

1898 811 2044 856 ctum
2099 809 2204 864 est,
2243 801 2666 865 fructiﬁcarunt,
2715 800 2967 855 castitate
3014 802 3071 855 in
3120 817 3223 858 nos
3267 803 3463 874 adepta

1900 894 2216 963 imperium;
2249 909 2372 946 cum
2406 895 2558 964 prius
2601 894 2670 949 ob
2696 903 2976 962 peccatum
3021 895 3463 969 immensumque

1898 1001 2137 1041 errorem
2188 993 2458 1041 enervata:
2507 986 2879 1042 concidissent
2930 1002 2994 1041 ac
3035 989 3287 1046 surculos
3313 1006 3465 1046 com--

1904 1080 2252 1147 pressissent.
2304 1077 2419 1131 Non
2468 1077 2612 1132 enim
2655 1085 2870 1146 poterat
2913 1078 3022 1133 tale
3048 1079 3209 1135 nobis
3237 1081 3464 1137 alimen-

1901 1179 2039 1234 tum,
2070 1170 2215 1241 quod
2245 1170 2311 1224 ad
2353 1171 2514 1223 vitam
2547 1170 2853 1240 proﬁceret,
2897 1171 3024 1227 vitis
3057 1188 3185 1228 vera
3231 1190 3295 1229 ac
3329 1175 3464 1234 ﬁcus

1903 1279 2026 1317 vera
2060 1264 2318 1334 praebere,
2351 1264 2530 1319 adhuc
2565 1263 2670 1318 ﬁcu
2703 1280 2808 1318 non
2837 1280 2986 1330 vera,
3020 1274 3074 1320 et
3106 1267 3175 1321 ad
3222 1268 3463 1325 fraudem

1901 1357 2051 1409 vario
2081 1356 2230 1410 cultu
2271 1365 2484 1418 ornata,
2538 1356 2785 1412 ﬂorente.
2822 1356 2924 1411 Sed
2965 1358 3186 1428 quando
3241 1360 3465 1417 arefecit

1904 1447 2167 1503 Dominus
2198 1447 2334 1504 falsa
2354 1448 2600 1518 germina
2619 1465 2984 1520 verorumque
3011 1452 3226 1517 aemula,
3253 1455 3464 1523 prolata

1904 1539 2170 1593 sententia
2229 1539 2285 1593 in
2351 1541 2513 1593 ﬁcum
2569 1541 2997 1608 amarulentam,
3053 1539 3180 1596 Non
3238 1544 3466 1612 amplius

1907 1639 2158 1682 nascatur
2185 1645 2249 1683 ex
2291 1639 2338 1683 te
2380 1631 2584 1699 [ructus
2611 1634 2651 1696 ³,
2685 1641 2813 1686 tunc
2841 1648 2962 1701 qum
2993 1649 3120 1688 vere
3175 1631 3463 1690 fructifera:

1905 1729 2059 1774 erant
2085 1721 2330 1785 arbores,
2359 1720 2680 1788 ﬂoruerunt,
2715 1733 2767 1779 et
2796 1725 3172 1795 ger-minarum
3199 1726 3382 1782 cibum
3406 1729 3467 1783 in

233 1823 314 1885 εἰς
344 1824 452 1872 τὸν
491 1823 698 1886 αἰῶνα,
730 1824 850 1876 τότε
889 1824 956 1876 τὰ
987 1825 1154 1887 ὅντως
1195 1824 1419 1878 ἀνέΘαλε
1453 1823 1795 1895 καρποφόρα,
1834 1833 1870 1884 Β
1897 1813 2185 1882 lusui-iam-

236 1913 325 1964 καὶ
349 1914 588 1984 ἑϐλάστη
598 1933 655 1966 σε
683 1915 880 1986 βρῶσιν
912 1919 989 1981 εἰς
1017 1917 1376 1988 δικαιοσύνην.

307 2007 463 2058 Ἐστι
497 2006 554 2059 δὲ
590 2007 684 2059 καὶ
714 2007 800 2060 ὅτε
833 2011 911 2071 εἰς
942 2009 1102 2061 αὐτὸν
1134 2010 1460 2080 ἀναφέρεται
1484 2011 1574 2064 τὸν
1602 2010 1802 2082 Κύριον

235 2099 266 2166 ἡ
296 2097 543 2166 ἄμπελος
587 2097 866 2168 πολλαχῶς
890 2117 904 2130 ο
948 2101 1025 2163 εἰς
1069 2101 1124 2153 δὲ
1156 2099 1215 2152 τὸ
1249 2100 1470 2171 Πνεῦμα
1503 2102 1563 2154 τὸ
1590 2101 1740 2169 ἅγιον
1771 2102 1803 2171 ἡ

238 2187 402 2257 συκῆ·
437 2187 516 2248 ὼς
568 2185 665 2239 τοῦ
711 2189 807 2258 μὲν
840 2188 1042 2260 Κυρίου
1088 2190 1185 2252 τὰς
1220 2188 1438 2259 καρδίας
1473 2188 1806 2261 ἱλαρύνοντος

234 2279 335 2330 τῶν
365 2277 696 2349 ἀνθρώπων,
730 2279 822 2332 τοῦ
859 2278 916 2333 δὲ
951 2280 1264 2350 Πνεύματος
1305 2281 1552 2351 ίωμένου,
1587 2281 1696 2333 Καὶ
1720 2279 1806 2333 διὰ

236 2369 383 2422 τοῦτο
432 2371 839 2442 προστάσσεται
869 2370 1081 2442 πρῶτον
1119 2372 1363 2435 Ἐζεκίας
1395 2371 1607 2444 παλάοῃ
1637 2388 1806 2425 κατα-

236 2463 541 2533 πλασθῆναι
574 2464 754 2515 σύκων
773 2479 786 2492 ο
827 2463 855 2515 ὃ
885 2463 946 2534 δή
973 2466 1086 2516 ἐστι
1116 2463 1194 2534 τῷ
1207 2463 1415 2533 -καρπῷ
1442 2463 1534 2516 τοῦ
1567 2463 1809 2533 Πνεύμα-

235 2567 338 2614 τος,
371 2552 459 2603 ἵνα
512 2551 848 2622 θεραπευθῇ,
874 2553 1034 2604 οἱονεὶ
1066 2553 1204 2604 κατὰ
1234 2553 1323 2604 τὸν
1367 2553 1706 2613 Ἀπόστολον,
1739 2555 1804 2623 τῇ

238 2645 439 2715 ἀγάπῃ.
460 2645 518 2697 '0
541 2645 653 2716 γὰρ
686 2644 931 2712 καρπὸς,
977 2645 1127 2715 φησὶ,
1161 2644 1266 2698 τοῦ
1307 2647 1650 2715 Πνεύματος
1675 2644 1808 2716 ἀγά-

238 2752 332 2802 πη,
382 2737 563 2805 χαρὰ,
611 2736 843 2805 εἰρήνη,
880 2739 1270 2807 μακροθυμία,
1313 2740 1668 2806 χρηστότης,
1708 2738 1806 2791 πί-

237 2844 382 2893 στις,
415 2829 705 2895 πραότης,
733 2827 1037 2896 ἐγνίράτεια
1055 2845 1068 2858 ·
1101 2821 1174 2880 ὧν
1214 2829 1300 2882 διὰ
1326 2829 1422 2900 τὴν
1451 2829 1647 2900 πολλὴν
1680 2829 1808 2898 γλυ⁶

239 2921 439 2992 κύτητα
472 2920 616 2974 σῦκα
643 2923 671 2974 ὁ
700 2922 979 2992 προφήτης
1005 2921 1248 2975 ἐκάλεσε.
1276 2923 1383 2974 Καὶ
1410 2925 1438 2974 ὁ
1463 2921 1700 2992 Μιχαίας
1726 2921 1802 2984 δὲ,

241 3013 347 3067 Καὶ
380 3014 790 3065 ἀναπαύσεται
820 3013 1090 3079 ἕκαστος,
1129 3015 1310 3083 φησὶν,
1345 3013 1460 3065 ὑπὸ
1483 3013 1596 3079 τὴν
1621 3012 1803 3081 ἄμπε-

242 3109 355 3159 λον
377 3104 574 3170 αὑτοῦ,
615 3105 714 3158 καὶ
751 3105 1004 3172 ἕκαστος
1031 3105 1308 3159 ὑποκάτω
1338 3105 1449 3172 τῆς
1475 3103 1666 3172 συκῆς
1693 3107 1800 3159 αὺ-

1973 1997 2316 2068 Quandoque
2343 2015 2470 2055 vero
2497 2002 2662 2055 etiam
2698 2003 2846 2065 vitis,
2882 2019 3059 2074 neque
3094 2005 3145 2060 id
3167 2006 3359 2075 paucis
3384 2007 3466 2062 10-

1907 2087 2006 2149 cis,
2045 2089 2110 2142 ad
2153 2089 2438 2143 Dominum
2474 2091 2790 2147 refertur”:
2828 2094 2961 2149 ﬁcus
3007 2110 3136 2150 vero
3182 2097 3247 2150 ad
3294 2095 3468 2167 Spiris

1910 2188 2022 2233 tum
2052 2189 2340 2248 sanctum;
2373 2190 2629 2252 tanquam
2684 2185 2944 2240 nimirum
2991 2186 3220 2243 Domino
3263 2190 3470 2244 exhila-

1908 2281 2062 2327 rante
2095 2274 2260 2328 corda
2304 2273 2584 2329 hominum
2620 2290 2683 2331 ac
2721 2275 2929 2347 Spiritu
2978 2291 3224 2336 sanante.
3248 2280 3315 2336 Et
3343 2298 3470 2352 ρισέ

1905 2374 2090 2434 pterea
2128 2366 2354 2434 jubetur
2388 2366 2623 2436 primum
2673 2367 2936 2426 Ezechias
2968 2371 2989 2402 ⁵
3015 2372 3244 2428 ﬁcorum
3287 2390 3469 2431 massa

1908 2459 2240 2528 cataplasma
2271 2459 2449 2514 facere
2471 2474 2535 2513 ae
2564 2459 2843 2530 imponere
2866 2462 3070 2533 (fructu
3101 2464 3314 2520 scilicet
3347 2464 3472 2535 Spi“

1907 2547 2072 2611 ritus)
2107 2557 2162 2600 ut
2190 2556 2412 2602 curetur
2441 2568 2452 2601 :
2487 2559 2743 2619 tanquam
2777 2553 3035 2608 nimirum
3084 2555 3374 2628 charitate,
3415 2573 3475 2617 nt

1907 2649 2098 2695 auctor
2130 2647 2214 2694 est
2241 2641 2534 2708 Apostolus
2558 2642 2600 2694 ⁵.
2634 2640 2864 2698 Fructus
2893 2645 3064 2714 enim,
3108 2651 3305 2722 inquit,
3347 2651 3472 2722 Spi-

1905 2735 2038 2786 ritus
2075 2743 2150 2786 est
2186 2733 2439 2798 charitas,
2482 2733 2758 2803 gaudium,
2797 2751 2922 2804 pax.
2974 2739 3200 2810 lenitas,
3241 2744 3471 2810 bonitas,

1906 2823 2058 2894 ﬁdes,
2095 2824 2470 2892 mansuetudo,
2504 2827 2847 2882 continentia.
2888 2829 3040 2899 Quas
3079 2836 3340 2892 nimirum
3375 2838 3476 2894 do..

1906 2925 2010 2982 tes,
2045 2917 2295 2987 donaque
2327 2917 2399 2972 ob
2426 2917 2684 2972 eximiam
2718 2917 3062 2979 dulcedinem
3107 2927 3368 2996 pr0pheta
3411 2928 3472 2981 ll-

1907 3024 2000 3063 cos
2058 3011 2410 3079 nuncupavit.
2461 3009 2712 3065 Miclneas
2764 3028 3004 3084 quoque,
3063 3017 3133 3070 Et
3190 3022 3473 3089 requiescet

1907 3101 2281 3170 unusquisque,
2315 3101 2508 3170 inquit,
2533 3101 2628 3154 sub
2651 3103 2752 3155 vite
2772 3122 2892 3172 sua,
2925 3117 2973 3159 et
3001 3111 3353 3180 unusquisque
3379 3111 3476 3165 sub

244 3196 372 3261 τοῦ,
402 3198 497 3249 καί
527 3199 631 3250 οὐκ
676 3197 848 3250 ἔσται
895 3201 927 3250 ό
967 3197 1254 3266 ἐκφοϐῶν.
1287 3198 1453 3269 Δῆλον
1484 3201 1610 3268 γὰρ,
1645 3199 1727 3250 ὅτι
1753 3198 1804 3249 οἱ

1911 3192 2014 3260 ﬁcu
2043 3207 2170 3255 sua;
2202 3201 2250 3245 et
2272 3209 2373 3245 non
2406 3193 2505 3246 erit
2525 3195 2613 3262 qui
2637 3204 2899 3252 exterreat
2917 3200 2956 3253 ‘.
2979 3203 3198 3255 Certum
3226 3203 3367 3257 enim
3391 3215 3477 3259 est

242 3287 346 3339 ὑπὸ
376 3287 470 3357 τὴν
490 3287 579 3340 τοῦ
609 3287 750 3341 11νεῦ
758 3299 924 3358 ματος
951 3288 1353 3360 προσφυγόντες
1377 3289 1469 3341 καὶ
1493 3287 1803 3342 ἀναπαυσά-

241 3395 388 3446 μενοι
444 3381 539 3431 καὶ
569 3379 668 3450 τὴν
714 3379 808 3432 τοῦ
854 3381 1024 3448 Λόγου
1077 3381 1387 3452 enirn-v.06
1425 3380 1797 3444 δειλιάσουσιν,

237 3472 354 3526 οὔδε
385 3475 755 3545 πτυρήσονται
785 3473 876 3527 τὸν
900 3474 1239 3546 ταράσσοντα
1267 3473 1362 3537 τὰς
1394 3475 1637 3545 καρδίας.

1902 3299 1996 3339 eos
2022 3284 2113 3353 qui
2140 3284 2241 3338 sub
2263 3282 2496 3353 Spiritus
2521 3284 2792 3358 Verbique
2823 3293 3199 3346 umbraculum
3234 3295 3476 3365 asylum-

1903 3393 2008 3447 que
2038 3376 2378 3447 confugerint
2417 3393 2481 3432 ac
2513 3380 2841 3448 quieverint,
2874 3386 3022 3438 nullo
3045 3390 3475 3444 consternandos

1905 3482 2124 3537 pavore,
2156 3474 2249 3521 aut
2285 3467 2434 3522 illius
2460 3470 2845 3537 percellendos-
2889 3473 3112 3529 horrore
3157 3477 3252 3546 qui
3304 3477 3475 3532 corda

1903 3560 2212 3616 conturbat.

1201 3695 1331 3754 Car.
1369 3699 1453 3754 Vl.
1497 3700 1719 3756 l’isianis
1752 3699 2030 3754 Zacltarite
2057 3700 2387 3769 mysterium.

304 3821 428 3873 Ὀτι
462 3819 522 3874 δὲ
564 3818 714 3890 καὶὴ
744 3819 894 3873 ἐλαία
921 3819 1016 3891 τὴν
1066 3820 1158 3873 ἐπὶ
1193 3819 1468 3884 Mariis-sco;
1511 3821 1808 3874 αἰνίσσεται

236 3911 577 3981 νομοθεσίαν,
631 3911 660 3961 ὁ
708 3909 982 3979 Ζαχαρίας
1031 3908 1374 3980 παρίστησιν,
1409 3907 1548 3960 οὕτω
1599 3907 1807 3976 λέγων’

236 4003 340 4056 Kal
368 4003 754 4070 ἐπέστρεψεν
786 4005 819 4055 ό
846 4001 1099 4071 ἅγγελος
1131 4005 1163 4055 ό
1191 3999 1396 4055 λαλῶν
1432 4001 1500 4053 ἐνν-
1531 4001 1681 4070 ὲμοὶ,
1711 4001 1806 4054 καὶ

232 4096 491 4164 ἑξέτειρέ
533 4111 631 4164 με,
664 4095 737 4147 ὃν
763 4096 984 4161 τρόπον
1008 4093 1152 4148 ὅταν
1188 4094 1469 4163 ἐξεγερθῇ
1506 4095 1810 4163 ἅνθρωπος

231 4190 293 4252 ἐξ
319 4189 525 4240 ὕπνου
559 4185 766 4249 αὐτοῦ,
801 4187 899 4239 καὶ
934 4182 1064 4239 εἷπε
1103 4186 1252 4255 πρὸς
1290 4187 1398 4255 μέο
1448 4187 1512 4240 Τί
1551 4188 1630 4240 σὺ
1662 4187 1810 4253 ,ϐλέ-

233 4298 399 4348 πεις;
428 4281 539 4334 Καὶ
569 4275 709 4333 εἶπα
729 4295 742 4308 ·
774 4277 1048 4345 Ἑώρακα,
1086 4278 1184 4332 καὶ
1212 4277 1337 4332 ἰδοὺ
1368 4279 1589 4348 λυχνία
1611 4277 1809 4348 χρυσῆ

229 4375 360 4442 ὅλη,
410 4374 511 4428 καὶ
557 4375 623 4428 τὸ
671 4371 1009 4442 λαμπάδιον
1051 4373 1248 4426 ἐπάνω
1297 4373 1504 4442 αὐτῆς,
1552 4374 1650 4428 καὶ
1701 4375 1809 4438 ὃ,ὐο

232 4467 449 4525 ἐλαῖαι,
477 4465 591 4533 μία
618 4464 684 4516 ἐκ
715 4462 929 4527 δεξιῶν
955 4463 1060 4517 τοῦ
1095 4465 1434 4532 λαμπαὸίου
1469 4465 1678 4534 αὐτῆς,
1709 4466 1809 4520 καὶ

228 4559 330 4625 μία
361 4557 435 4620 ἐξ
466 4556 810 4624 εὐωνύμων.
848 4557 957 4607 Καὶ
990 4557 1103 4624 μετ’
1131 4553 1283 4624 ὀλίγα
1303 4574 1314 4585 °
1343 4559 1449 4610 Καὶ
1476 4558 1618 4620 τίνες
1648 4559 1806 4624 εἰσὶν,

1982 3817 2154 3872 Porro
2182 3826 2236 3873 et
2271 3816 2475 3888 Hoysiz
2527 3819 2698 3890 legem
2728 3820 2886 3875 oliva:
2926 3821 3170 3892 symbolo
3205 3804 3480 3894 designari

1913 3908 2148 3964 ostendit
2183 3907 2501 3973 Zacharias,
2524 3910 2602 3966 sic
2624 3910 2813 3994 dicens
2843 3930 2856 3966 :
2897 3909 2966 3965 Et
2991 3928 3227 3967 reversus
3259 3923 3336 3966 est
3379 3931 3480 3967 an-
3512 3895 3516 3900 ’

1912 4001 2058 4070 gelus
2105 4001 2194 4071 qui
2232 4000 2545 4070 loquebatur
2589 4004 2644 4056 in
2676 4021 2776 4071 me,
2803 4014 2854 4058 et
2885 4006 3158 4060 suscitavit
3196 4023 3294 4074 me,
3327 4009 3480 4077 quasi

1911 4093 2078 4146 virum
2108 4092 2195 4162 qui
2225 4097 2516 4147 suscitatur
2548 4094 2611 4148 de
2642 4111 2841 4149 sommo
2864 4113 2960 4150 suo
2982 4138 2998 4159 ,
3028 4110 3077 4152 et
3099 4097 3232 4151 dixit
3255 4098 3324 4150 ad
3354 4115 3434 4152 me
3455 4117 3474 4153 .°

1916 4185 2055 4252 Quid
2087 4197 2142 4238 tu
2171 4185 2356 4249 uides?
2387 4187 2455 4241 Et
2492 4187 2606 4242 dixi
2636 4205 2653 4242 :
2695 4189 2837 4254 Vidi,
2869 4201 2918 4243 et
2942 4205 3056 4244 ecce
3102 4191 3478 4246 candelabrum

1915 4294 2129 4331 aureum
2189 4286 2392 4343 totum,
2441 4290 2491 4333 et
2539 4283 2743 4351 lampas
2796 4299 2950 4350 super
3008 4283 3201 4351 ipsum.
3247 4282 3318 4337 Et
3360 4285 3479 4339 dure

1911 4371 2080 4433 olivw,
2111 4387 2219 4425 una
2259 4390 2292 4426 a
2324 4372 2522 4426 dextris
2571 4373 2832 4443 lampadis
2863 4374 2998 4442 ejus,
3035 4385 3082 4428 et
3119 4392 3226 4429 una
3271 4392 3304 4428 a
3345 4377 3478 4428 sini-

1910 4465 2037 4517 stris
2058 4463 2101 4517 ⁷.
2141 4462 2207 4517 Et
2232 4465 2422 4533 paucis
2454 4465 2773 4534 interjectis,
2805 4467 3144 4534 percontanti
3178 4467 3474 4535 prophetae,

1910 4555 2038 4625 quid
2066 4566 2250 4611 essent
2299 4557 2418 4612 dua:
2447 4558 2603 4610 oliva:
2633 4557 2702 4611 ad
2750 4556 3028 4611 dexteram
3067 4557 3379 4611 candelabri
3424 4563 3475 4613 et

230 4650 518 4720 ἐρομένου,
550 4649 606 4699 αἱ
641 4647 836 4709 ἐλαῖαι,
866 4645 957 4699 τοῦ
1000 4648 1296 4719 προφήτου,
1327 4649 1382 4700 αἱ
1409 4651 1472 4701 ἐκ
1500 4647 1685 4712 δεξιῶν
1711 4649 1804 4720 τῆς

1913 4648 1977 4702 ad
2029 4649 2309 4703 sinistram
2337 4649 2490 4717 ejus;
2523 4647 2654 4717 quid
2698 4648 2826 4702 item
2866 4647 2976 4701 duo
3007 4648 3144 4702 rami
3185 4649 3475 4712 olivarum,

230 4741 450 4812 λυχνίας
484 4741 581 4794 καὶ
631 4741 688 4793 ai
723 4739 781 4804 ἐξ
814 4739 1126 4810 εὐωνύμων,
1167 4741 1260 4793 καὶ
1291 4743 1338 4793 oi
1372 4739 1464 4793 δύο
1495 4740 1673 4794 κλάδοι
1702 4741 1810 4795 τῶν

228 4835 445 4898 ἐλαιῶν,
487 4836 537 4886 οἱ
569 4836 628 4886 ἐν
667 4836 788 4896 ταῖς
829 4833 984 4902 χερσὶ
1013 4833 1119 4884 τῶν
1169 4831 1262 4885 δύο
1297 4833 1628 4906 μυξωτήρων
1654 4850 1666 4864 ο
1707 4835 1812 4887 ἀπ-

228 4928 418 5000 εκρίθη
450 4928 549 4981 καὶ
587 4923 737 4979 εἶπεν
764 4928 792 4978 ὁ
818 4925 1070 4994 ἄγγελος·
1100 4919 1271 4981 Οὗτοι
1303 4930 1354 4980 oi
1392 4925 1500 4981 δύο
1530 4927 1647 4981 υἱοὶ
1681 4930 1811 4981 πιό-

229 5037 425 5087 τητος,
457 5019 519 5072 οἳ
549 5017 962 5086 παρεστήκασι
988 5017 1064 5082 τῷ
1089 5019 1280 5084 Κυρίῳ
1301 5018 1503 5085 πάσης
1536 5010 1645 5086 τῆς
1666 5018 1778 5088 γῆς
1794 5036 1807 5048 ’

229 5111 319 5175 τὰς
366 5111 470 5166 δύο
516 5110 690 5179 λέγων
733 5110 1058 5184 ἀρχεγόνους
1082 5111 1336 5182 δυνάμεις
1363 5112 1470 5182 (55)
1517 5107 1674 5176 εἶναι,
1713 5112 1812 5175 τὰς

230 5339 249 5366 ⁸
285 5337 461 5392 Hiclt.
486 5354 560 5400 Iv“,
594 5338 649 5391 4.
720 5340 739 5369 ⁷
773 5335 942 5392 Zach.
976 5355 1050 5401 ιν,
1088 5339 1202 5393 1-5.
1271 5339 1292 5370 ⁸
1317 5337 1458 5391 Ibid.
1491 5339 1574 5392 14.

301 5494 420 5563 (53)
462 5492 579 5558 Τὰς
633 5491 742 5545 δύο
782 5491 1146 5563 ἀρχεγόγους
1189 5492 1492 5561 δυνάμεις.
1549 5492 1807 5549 Eamdem

230 5564 368 5619 hanc
404 5561 804 5634 expositionem
843 5571 1062 5616 secutus
1094 5561 1380 5634 Dionysius
1403 5580 1521 5632 cap.
1555 5564 1589 5616 9.
1619 5563 1692 5634 De
1722 5566 1806 5617 di—

232 5638 328 5688 rin.
373 5651 546 5694 nom.,
584 5633 612 5704 §
644 5633 694 5686 7.
724 5635 793 5685 ita
818 5634 1051 5701 explicat
1073 5635 1252 5686 divina
1285 5635 1524 5694 nomina,
1557 5644 1613 5686 ut
1643 5633 1804 5690 Pater

233 5711 317 5764 sit.
343 5707 560 5774 πηγαία
599 5704 808 5773 θεότης.
841 5705 984 5772 origo
1018 5705 1069 5755 in
1103 5705 1322 5762 divinis.
1355 5720 1408 5759 nt
1448 5705 1624 5758 reddit
1669 5707 1802 5759 (Zor-

234 5781 421 5833 derius
451 5777 610 5845 quasi
647 5775 868 5842 [mltalis
905 5775 1173 5836 divinitas,
1204 5784 1263 5828 ut
1308 5776 1448 5830 idem
1492 5776 1548 5829 in
1578 5775 1798 5831 Maximi

552 5869 829 5928 Ρετιιοι..
863 5865 979 5925 Gn.
1019 5867 1069 5902 γ
1085 5865 1245 5928 Vl”.

877 5267 899 5298 ¹
926 5263 1118 5321 Matth.
1148 5267 1378 5326 κχ1,¹19.
1447 5268 1467 5298 ⁸
1496 5267 1658 5322 Joan.
1695 5285 1785 5335 xv,
1817 5269 1865 5324 1.

1913 4740 2006 4809 qui
2037 4739 2148 4794 sint
2182 4739 2235 4792 in
2267 4741 2522 4793 manibus
2553 4739 2786 4793 duorum
2827 4748 3172 4805 rostrorum;
3199 4741 3476 4809 respondit

1912 4839 1968 4886 et
2010 4830 2149 4884 dixit
2197 4833 2467 4901 angelus:
2503 4829 2603 4884 Isti
2647 4839 2770 4883 sunt
2815 4830 2919 4886 duo
2970 4831 3072 4900 ﬁlii
3118 4832 3473 4902 pinguedinis,

1911 4924 1999 4994 qui
2033 4925 2290 4977 assistunt
2317 4923 2544 4978 Domino
2576 4924 2831 4978 universae
2856 4935 3008 4980 terrae
3028 4923 3049 4956 ⁸
3078 4945 3090 4979 :
3125 4925 3262 4979 duas
3285 4939 3481 4995 nempe

1915 5021 2268 5092 primigenias
2311 5022 2542 5078 virtutes
2584 5021 2918 5093 signiﬁcans,
2969 5022 3291 5078 assistentes
3330 5019 3475 5090 Deo,

1912 5131 2035 5185 qua:
2065 5114 2118 5168 in
2150 5114 2313 5169 domo
2346 5114 2491 5169 circa
2534 5113 2836 5169 funiculum
2868 5130 2966 5186 per
3011 5129 3194 5170 ramos
3233 5115 3474 5186 spiritale

1953 5269 1976 5300 ⁸
2012 5267 2095 5324 ιγ
2117 5268 2244 5339 Reg.
2278 5286 2370 5333 xx,
2405 5270 2469 5336 7;
2517 5268 2629 5324 Isa.
2663 5285 2894 5333 xxxvm,
2929 5270 3019 5326 2L
3101 5273 3122 5304 '
3147 5271 3270 5328 Gal.
3295 5289 3350 5337 ν,
3382 5259 3472 5326 Ὧι

1915 5495 2126 5570 scholio
2158 5513 2172 5549 :
2205 5493 2470 5570 Filiusel
2521 5494 2758 5570 Spiritus
2811 5503 3065 5570 sanctus,
3088 5499 3197 5570 τῆς
3233 5497 3473 5568 θεογόνον

1914 5564 2164 5638 θεότητος
2203 5565 2418 5638 βλαστοὶ
2442 5565 2711 5638 θεόφυτοι,
2744 5569 2836 5620 καὶ
2868 5565 2977 5620 οἷον
3011 5564 3273 5638 ἄνθηκαὶ
3305 5564 3482 5638 φῶτα,

1909 5636 2148 5705 fecunda:
2191 5636 2403 5690 deitatis
2453 5636 2630 5690 divina
2671 5639 2904 5708 germina
2948 5656 3009 5692 ac
3045 5636 3179 5692 velut
3230 5636 3386 5708 flores
3431 5649 3476 5692 et

1911 5708 2111 5759 Iuntina
2166 5708 2647 5774 superessentialia.
2697 5709 2793 5763 Ubi
2839 5720 2946 5761 nan
3004 5710 3137 5763 bene
3180 5710 3485 5764 Corderius-

1903 5778 1966 5830 τὸ
2010 5777 2110 5848 τῆς
2136 5778 2384 5847 Θεογόνου
2416 5777 2686 5848 Θεότητος,
2720 5780 2873 5847 quasi
2893 5778 2986 5832 Dei
3004 5780 3226 5848 prolem.
3251 5784 3324 5835 Ac
3351 5789 3482 5834 nan

3131 5870 3171 5931 ’Ζ
