4010 6328
523 299 631 358 205

1411 295 1470 355 S.
1511 297 1846 355 METHODII
1878 299 2191 358 EPlSCOPI
2227 301 2312 356 ET
2353 303 2710 360 MARTYRIS

3644 315 3754 369 εοι

522 419 613 475 Dei
647 419 824 475 oleum
863 415 1297 480 subministrant,
1332 423 1394 470 ut
1434 415 1631 472 divina:
1674 417 1852 472 lumen
1885 419 2063 490 cogni-

2173 419 2574 492 δορυφορούσας
2605 422 2697 474 τὸν
2725 421 2856 475 Θεόν
2875 440 2886 452 °
2925 424 2978 477 αἱ
3009 423 3068 475 ὲν
3094 422 3171 494 τῷ
3202 423 3337 496 οἴκῳ
3365 425 3494 498 περὶ
3526 426 3585 480 et
3611 429 3758 498 σχοί-

517 513 682 567 tionis
713 511 925 566 habeat.
958 508 1075 562 Duo
1108 522 1343 578 namque
1372 509 1509 562 rami
1536 508 1766 564 duarum
1795 511 2081 576 olivarum,

517 604 602 658 lex
643 611 772 658 sunt
819 609 873 656 et
904 601 1184 671 prOpheta:
1208 601 1359 654 circa
1409 600 1711 656 funiculum
1755 602 2084 658 haereditatis

515 704 820 756 versantes,
853 708 1085 762 quorum
1111 702 1300 747 auctor
1325 691 1579 748 Christus
1611 703 1664 749 et
1695 693 1930 765 Spiritus
1957 711 2083 751 san-

515 794 670 854 ctus;
704 801 826 840 cum
856 787 1088 841 necdum
1121 786 1226 856 ipsi
1258 786 1495 841 fructum
1543 788 1811 858 integrum
1861 790 2082 843 harum-

515 895 622 951 que
663 881 970 949 plantarum
1024 879 1450 948 magnitudinem
1510 895 1706 949 capere
1758 895 2075 951 possemus,

513 971 832 1042 priusquam
883 971 1111 1026 castitas
1145 972 1330 1025 mundi
1377 971 1743 1042 principatum
1789 973 2076 1042 arriperet,

512 1080 747 1136 eumque
790 1066 1018 1136 imperio
1073 1072 1330 1138 regeret:
1377 1065 1471 1120 sed
1522 1065 1763 1135 ipsarum
1813 1064 2079 1118 duntaxat

510 1171 718 1223 ramos,
750 1158 920 1229 legem
952 1158 1161 1213 scilicet
1189 1166 1242 1211 et
1271 1157 1583 1228 pr0phetas,
1615 1163 1775 1226 atque
1796 1155 1849 1210 id
1871 1157 2079 1211 medio-

510 1239 700 1313 criter,
731 1251 928 1320 saepius
957 1249 1214 1304 nimirum
1247 1249 1506 1319 prolapsi,
1534 1248 1590 1302 in
1615 1255 1953 1303 antecessum
1984 1263 2078 1302 cx-

509 1342 800 1398 coluimus.
833 1342 968 1409 Quis
1014 1345 1159 1400 enim
1201 1343 1479 1400 Christum
1526 1349 1619 1395 aut
1651 1340 1911 1411 Spiritum
1954 1357 2078 1412 per-

507 1431 650 1490 fecte
682 1426 946 1505 unquam,
982 1435 1087 1490 nisi
1115 1433 1240 1489 vita!
1280 1433 1432 1504 prius
1459 1431 1723 1486 munditia
1761 1429 1952 1496 fretus,
1985 1445 2078 1485 cae

506 1541 636 1597 pere
659 1529 874 1596 potuit?
901 1527 1032 1594 Quae,
1052 1529 1196 1584 enim
1220 1526 1287 1581 ad
1313 1517 1538 1597 gloriam
1565 1523 1980 1580 desiderabilem
2012 1538 2075 1577 ac

2187 530 2351 583 νισμα
2397 513 2483 566 διὰ
2523 513 2632 566 τῶν
2674 513 2883 568 κλάδων
2915 515 3336 588 ὲπιχορηγοῦσαι
3365 517 3428 571 τὸ
3452 535 3755 590 πνευματι-

2186 603 2277 656 κδν
2309 603 2484 658 ἔλαιον
2516 604 2609 657 τοῦ
2638 604 2793 670 Θεοῦ,
2823 605 2906 658 ἵνα
2933 607 3048 674 φῶς
3079 606 3176 678 ἔχῃ
3211 606 3362 671 θείας
3385 608 3656 678 γνώσεως.
3689 611 3756 663 Οἱ

2183 695 2289 766 γὰρ
2315 696 2406 749 δύο
2430 696 2610 751 κλάδοι
2656 697 2763 751 τῶν
2801 697 2893 751 δύο
2929 697 3147 765 ἐλαιῶν,
3177 700 3204 752 ὁ
3233 700 3395 770 νόμος
3434 703 3540 756 είσὶ
3573 702 3667 756 καὶ
3705 705 3755 756 οἱ

2185 787 2475 856 προφῆται,
2499 790 2545 840 οἱ
2573 805 2637 840 πε
2649 789 2699 860 pl.
2725 787 2786 842 τὸ
2816 789 3100 860 σχοίνισμα
3121 790 3219 860 τῆς
3247 791 3612 865 κληρονομίας
3634 795 3757 847 ἐπι-

2181 879 2490 950 κληθέντες,
2521 878 2614 943 οὓς
2647 880 2975 951 ἐϐλάστησεν
2997 883 3025 935 ὁ
3063 882 3296 952 Χριστὸς
3319 885 3413 937 καὶ
3450 886 3508 938 τὺ
3529 885 3757 958 Πνεῦμα

2179 971 2238 1023 τὸ
2267 970 2440 1036 ἅγιον,
2476 971 2534 1021 οἷ’
2545 988 2628 1022 πω
2668 969 2982 1040 δυναμένων
3006 971 3163 1041 ἡμῶν
3190 973 3434 1044 χωρῆσαι
3478 974 3570 1028 τὸν
3616 993 3755 1047 καρ·

2180 1059 2279 1112 πὸν
2323 1059 2462 1123 ὅλον,
2499 1060 2591 1113 καὶ
2637 1059 2696 1112 τὸ
2737 1060 2965 1130 μέγεθος
2993 1060 3100 1114 τῶν
3139 1062 3319 1132 φυτῶν
3365 1063 3589 1129 τούτων,
3623 1068 3756 1137 πρὶν

2179 1152 2339 1222 ἄρξαι
2361 1152 2455 1205 τοῦ
2484 1151 2688 1222 κόσμου
2729 1154 2823 1207 καὶ⁹
2863 1154 3178 1223 βασιλεῦσαι
3213 1157 3308 1228 τὴν
3334 1157 3580 1224 ἁγνείανο
3618 1159 3755 1214 ἀλλὰ

2176 1245 2303 1307 τοὺς
2336 1243 2562 1308 κλάδους
2590 1245 2768 1298 αὐτῶν
2805 1246 2985 1316 μόνον,
3016 1248 3106 1300 τὸν
3140 1249 3320 1318 Νόμον
3350 1250 3511 1304 οἱονεὶ
3533 1253 3755 1324 καὶίτὴν

2177 1337 2530 1406 προφητείαν,
2573 1337 2803 1409 πρόσθεν
2833 1341 3274 1413 ὲγεωργήσαμεν,
3323 1345 3613 1400 καὶταῦτα
3649 1366 3753 1417 με-

2174 1428 2361 1499 τρίως,
2396 1428 2652 1492 πολλάκις
2679 1430 3128 1503 διολισθήσαντες.
3158 1434 3254 1498 Τίς
3301 1435 3411 1508 γὰρ
3456 1439 3692 1510 Χριστὸν
3718 1441 3752 1512 ἢ

2175 1519 2235 1572 τὸ
2263 1520 2486 1590 Πνεῦμα
2518 1520 2720 1574 τέλειον
2753 1521 2936 1592 ἴσχυσε
2965 1525 3209 1596 χωρῆσαί
3239 1544 3388 1590 ποτε,
3443 1530 3516 1600 μὴ
3577 1531 3752 1585 καθα-

507 1617 794 1672 amabilem
825 1633 855 1671 a
883 1633 1051 1688 puero
1075 1618 1314 1672 animum
1345 1620 1615 1686 praeparat
1647 1611 1986 1674 exercitatio,
2022 1621 2063 1665 e1

2179 1611 2373 1682 ρεύσας
2405 1611 2658 1684 πρῶτον;
2703 1613 2767 1665 Ἡ
2797 1613 2900 1684 γὰρ
2944 1614 3078 1686 πρὸς
3125 1616 3364 1680 εὐδοξίαν
3409 1619 3753 1693 ἐπιθυμητήν

506 1709 654 1763 hunc
682 1711 758 1764 illi
793 1711 997 1764 cultum
1034 1725 1158 1764 cum
1199 1709 1310 1763 otio
1353 1713 1528 1762 tutum
1561 1705 1840 1775 importat,
1883 1718 1947 1758 ac
1977 1717 2063 1774 prc

2175 1720 2234 1756 τε
2267 1705 2360 1757 καὶ
2389 1704 2620 1776 ἐραστὴν
2654 1707 2718 1759 ὲκ
2771 1707 2974 1760 παίδων
3031 1709 3368 1783 ἐργαζομένη
3424 1712 3523 1784 τὴν
3569 1713 3754 1785 ψυχὴν

506 1801 717 1871 exiguis
743 1801 1022 1856 laboribus
1052 1801 1298 1871 ingentes
1322 1815 1447 1870 spes
1483 1799 1783 1869 ingenerat,
1817 1795 1936 1867 ipsa
1963 1795 2063 1849 haec

2177 1794 2426 1864 ἄσκησις,
2462 1794 2556 1849 καὶ
2601 1794 2693 1848 τὸν
2726 1795 2930 1867 κόσμον
2975 1799 3111 1868 αὐτῇ
3152 1799 3338 1854 τοῦτον
3370 1802 3506 1873 μετὰ
3537 1803 3750 1875 ῥᾳστώ-

505 1903 590 1948 est
615 1893 682 1948 de
710 1908 816 1963 qua
839 1894 1073 1964 agimus,
1116 1892 1575 1947 immortalitatem
1622 1889 1944 1960 corporibus
1970 1902 2070 1941 no-

505 1980 636 2036 stris
664 1981 936 2046 tribuens,
968 1982 1193 2038 castitas
1220 2000 1233 2036 :
1260 1996 1423 2053 quam
1453 1996 1646 2036 omnes
1678 1981 1929 2034 lubenter
1973 1979 2071 2032 ho-

506 2073 680 2128 mines
715 2074 968 2129 omnibus
1000 2073 1294 2139 anteferre,
1343 2082 1396 2128 et
1429 2088 1595 2143 super
1625 2072 1808 2127 omnia
1848 2069 2071 2124 laudare

505 2162 698 2220 decet:
733 2165 872 2222 alios
905 2166 1146 2236 quidem,
1194 2165 1340 2236 quod
1376 2181 1472 2236 per
1517 2179 1638 2220 eam
1689 2163 1754 2217 ad
1804 2163 2067 2218 honorem

505 2256 818 2327 nuptiarum
847 2272 971 2312 cum
1002 2256 1182 2312 Verbo
1214 2254 1480 2326 assumpti
1515 2260 1662 2318 sunt,
1697 2251 1927 2308 colendo
1959 2252 2070 2306 vir-

504 2349 819 2418 ginitatem;
847 2350 983 2405 alios
1011 2357 1214 2413 autem,
1246 2347 1392 2419 quod
1420 2363 1516 2418 per
1561 2347 1706 2402 illam
1746 2346 1815 2400 ab
1843 2360 1907 2402 ea
1936 2345 2071 2401 libe-

503 2441 604 2494 rati
637 2441 748 2496 sint
771 2441 1184 2497 maledictione:
1220 2441 1386 2496 Terra
1412 2457 1490 2507 es,
1510 2449 1560 2494 et
1591 2441 1646 2493 in
1679 2448 1874 2494 terram
1900 2454 2071 2493 rever-

503 2533 626 2585 teris
644 2533 684 2585 '.

571 2621 671 2678 llic
699 2631 802 2690 est,
848 2637 881 2677 ο
911 2623 1095 2688 Arete,
1141 2639 1301 2694 quem
1334 2639 1364 2677 a
1399 2638 1484 2678 me
1525 2622 1791 2695 exegisti,
1832 2635 1933 2692 pro
1982 2621 2066 2675 vi-

503 2713 638 2770 rium
689 2729 933 2771 mearum
963 2717 1248 2782 tenuitate,
1281 2716 1561 2772 absolutus
1591 2730 1770 2773 sermo
1801 2715 1869 2770 de
1893 2713 2063 2786 virgi-

442 2827 448 2836 ·
501 2805 700 2874 nitate;
745 2821 904 2877 quem
938 2811 1085 2877 peto,
1115 2821 1150 2861 o
1189 2805 1431 2869 domina,
1475 2804 1581 2860 etsi
1626 2802 1917 2859 mediocris
1949 2800 2065 2856 exi-

501 2895 675 2966 tisque
699 2883 1056 2968 sin-benigno
1077 2902 1262 2951 tamen
1291 2910 1322 2949 a
1359 2909 1447 2950 me
1475 2893 1715 2964 accipias
1743 2891 1946 2958 animo,
1970 2889 2063 2946 cui

501 2987 750 3043 ultimum
791 2987 1084 3060 assignasti
1107 2986 1301 3043 orandi
1335 2985 1536 3040 locum.

918 3206 1377 3302 ORATIO
1447 3211 1624 3298 ΧΙ.

1142 3355 1393 3412 ARETE.

2172 1902 2268 1956 νης
2297 1885 2654 1938 ἀϐασάνιστον
2687 1888 2804 1939 ἐκεῖ
2829 1887 3237 1959 διακομίζουσα,
3279 1892 3370 1944 καὶ
3420 1894 3630 1965 μικρῶν
3661 1897 3751 1948 αἱ·

2175 1975 2408 2047 ρουμένη
2459 1975 2634 2029 πόνων
2683 1978 2922 2047 μεγάλας
2953 1980 3194 2046 ἐλπίδας,
3230 1983 3376 2036 ἐστὶν
3409 1985 3442 2055 η
3485 1985 3750 2040 ἀθανάτο-

2173 2067 2322 2130 ποιὸς
2370 2067 2476 2121 τῶν
2538 2068 2803 2140 σωμάτων
2844 2070 3001 2142 ἡμῶν
3047 2072 3254 2142 ἁγνεία,
3297 2075 3366 2146 ἢν
3409 2075 3492 2130 δεῖ
3538 2078 3752 2142 πάντας

2170 2159 2420 2229 ἀσμένως
2443 2158 2761 2231 ἀνθρώπους
2788 2165 3056 2235 προτιμᾷν
3084 2166 3174 2218 καὶ
3200 2167 3369 2220 αίνεῖν
3387 2184 3401 2198 θ
3449 2170 3577 2233 τοὺς
3623 2171 3749 2241 μὲν,

2171 2251 2254 2303 δτι
2291 2250 2357 2303 δι’
2385 2248 2554 2322 αὐτὴν
2584 2253 3126 2326 ὲνυμφαγωγήθησαν
3157 2255 3235 2328 τῷ
3265 2256 3422 2330 Λόγῳ
3450 2259 3750 2331 παρθενίαν

2174 2343 2541 2414 ἀσκήσαντες·
2573 2344 2700 2406 τοὺς
2729 2344 2806 2408 δὲ,
2833 2345 2914 2398 ὅτι
2964 2346 3102 2417 πρὸς
3153 2348 3322 2420 αὐτῆς
3371 2349 3748 2424 ἠλευθερώθη-

2176 2450 2274 2487 σαν
2306 2433 2425 2504 τῆς,
2466 2431 2558 2502 Γῆ
2604 2429 2678 2498 εἴ,
2708 2434 2808 2488 καὶ
2848 2438 2935 2503 εὶς
2963 2436 3082 2506 γῆν
3106 2438 3455 2509 ἀπελεύσῃ,
3477 2445 3750 2517 κατακρί-

2175 2541 2331 2588 σεως.

2244 2609 2429 2680 Οὗτος,
2470 2612 2516 2671 ὦ
2561 2616 2772 2688 Ἀρετὴ,
2813 2619 2907 2672 καὶ
2954 2618 2982 2670 ὁ
3031 2621 3161 2693 παρ’
3190 2623 3326 2694 ἐμοῦ
3380 2643 3481 2691 σοι,
3513 2627 3748 2682 καθόσον

2168 2703 2278 2774 ἐγὼ
2309 2704 2562 2776 δύναμαι,
2591 2704 2747 2774 λόγος
2777 2707 2918 2780 ὑπὲρ
2946 2708 3167 2777 ἁγνείας
3186 2728 3199 2742 ο
3240 2712 3298 2767 ὃν
3325 2713 3481 2779 ἀξιῶ,
3516 2715 3617 2770 κᾶν
3647 2719 3747 2789 μέ-

2168 2813 2316 2871 τριος
2361 2792 2417 2870 ᾖ,
2447 2797 2722 2862 δέσποινα,
2753 2799 2846 2852 καὶ
2889 2799 3088 2868 ὀλίγος,
3119 2803 3502 2876 προθυμότατά
3551 2826 3612 2862 σε
3658 2809 3746 2863 δέ-

2169 2889 2362 2958 ξασθαι
2394 2892 2524 2962 παρ⁹
2560 2890 2715 2962 ἐμοῦ,
2743 2891 3059 2947 τελευταίαν
3091 2896 3265 2950 εἰπεῖν
3291 2899 3591 2971 ᾑρημένην.

2095 3193 2138 3250 (³
2656 3201 3020 3287 ΛΟΓΟΣ
3092 3203 3202 3289 1A
3236 3267 3256 3287 .

2826 3349 3074 3405 ΔΡΕΤΗ.

861 3473 990 3531 Car.
1023 3473 1064 3530 Ι.
1097 3475 1218 3530 Veri
1252 3477 1471 3548 virgines
1499 3483 1549 3531 et
1569 3477 1725 3543 casti,
1756 3477 1934 3546 pauci.
1961 3473 2222 3539 Castitas,
2253 3480 2534 3526 certamen.
2565 3467 2777 3534 Thecla,
2802 3468 3059 3539 virginum
3083 3468 3340 3537 princeps.

563 3593 784 3664 Accipio
831 3595 1080 3664 equidem
1129 3595 1499 3668 (respondisse
1544 3599 1743 3654 Areten
1794 3598 2065 3654 referebat

498 3681 822 3756 TheOpatra)
852 3693 906 3738 et
955 3693 1121 3739 totam
1152 3688 1320 3756 probo
1349 3704 1412 3743 ac
1441 3690 1622 3744 laudo.
1653 3688 1866 3761 Optime
1893 3691 2060 3754 enim,

497 3776 598 3831 etsi
635 3792 746 3830 non
793 3777 866 3831 ita
914 3778 1078 3842 clare,
1132 3788 1386 3834 caeterum
1420 3780 1621 3852 ingenii
1671 3783 1722 3836 vi
1770 3783 2066 3854 solertique

497 3886 681 3942 opera,
720 3884 842 3940 quae
875 3869 1022 3924 dicta
1066 3879 1223 3924 erant
1269 3873 1599 3942 suscipiens,
1653 3885 1941 3944 prosecuta
1976 3893 2058 3942 es,

496 3979 603 4020 non
633 3962 851 4017 inanem
883 3961 1257 4018 demulcendis
1299 3963 1524 4018 auribus
1562 3965 1838 4019 instruens
1876 3959 2066 4030 volup-

566 4119 588 4149 ’
613 4117 739 4173 Gen.
783 4135 866 4186 ιιι,
900 4117 987 4173 19.

493 4234 642 4305 satis
679 4248 744 4288 ex
794 4233 1057 4305 dignitate
1090 4233 1410 4305 divinarum
1465 4243 1858 4305 persortarum,
1916 4229 2063 4305 quod

493 4304 647 4376 quasi
680 4299 879 4376 servili
901 4301 1473 4376 more78oputpopoﬁaat
1495 4301 1584 4353 τὸν
1617 4299 1768 4376 Θεὸν,
1813 4301 2063 4376 satellitio

491 4373 575 4430 illi
621 4375 853 4442 adstare,
899 4375 990 4428 hic
1043 4373 1448 4436 describuntur,
1507 4385 1573 4424 ac
1608 4373 1768 4442 unde
1824 4373 2062 4425 lucernis

2247 3593 2406 3647 Ἀλλά
2437 3593 2682 3663 δέχομαι,
2716 3591 2812 3663 τὴν
2858 3590 3079 3663 Ἀρετὴν
3107 3592 3141 3662 ἡ
3170 3590 3452 3662 Θεοπάτρα
3498 3590 3601 3664 ἔφη
3633 3594 3739 3662 φά-

2164 3704 2274 3753 ναι,
2303 3682 2396 3739 καὶ
2429 3687 2607 3738 πᾶσαν
2641 3683 2848 3736 ἐπαινῶ
2884 3682 3020 3752 (54).
3055 3681 3335 3753 Κράτιστα
3376 3681 3485 3753 γὰρ
3508 3681 3594 3753 δὴ,
3629 3683 3739 3736 κᾶν

2165 3779 2304 3832 οὕτω
2363 3779 2436 3849 μὴ
2471 3776 2738 3847 φανερῶς,
2776 3774 2909 3828 ἀλλὰ
2943 3773 3077 3844 μετὰ
3114 3773 3349 3845 σπουδῆς
3382 3773 3450 3827 τὰ
3479 3773 3738 3845 λεχθέντα

2165 3871 2426 3943 δεχομένη
2457 3867 2850 3938 διεξελήλυθας,
2885 3867 2944 3920 οὐ
2976 3865 3347 3936 γλυκυμυθίαν
3381 3865 3515 3937 πρὸς
3542 3865 3737 3938 τέρψιν

2165 3966 2272 4019 τῶν
2304 3965 2605 4019 ἀκουόντων
2645 3961 3115 4032 συσκευασαμένη,
3161 3959 3297 4014 ἀλλὰ
3328 3960 3463 4030 πρὸς
3500 3961 3735 4032 ἐπανόρ-

2165 4231 2332 4305 docti,
2366 4247 2467 4288 nec
2496 4247 2606 4287 non
2625 4231 2901 4305 Babbini,
2928 4233 3060 4288 duos
3101 4233 3241 4303 ﬁlios
3287 4235 3639 4305 pinguedim's,
3669 4245 3732 4292 ut

2165 4303 2214 4376 οἱ
2253 4300 2450 4369 0',vel,
2484 4304 2678 4376 utalii,
2705 4305 2826 4368 olei,
2866 4305 2950 4360 vel
2975 4300 3295 4370 splendoris,
3327 4300 3730 4376 στίλπνότητος,

2165 4369 2350 4426 Jesum
2385 4374 2721 4428 sacerdotem
2769 4376 3212 4443 interpretantur,
3245 4369 3298 4430 et
3339 4369 3730 4432 Zorobabeleni

491 4447 670 4502 oleum
701 4452 954 4527 suppetat
974 4459 1037 4527 ale
1066 4443 1412 4527 candelabro,
1442 4441 1896 4527 subministrare:
1924 4442 2063 4512 σχοε-
2093 4451 2137 4508 ι)
2165 4443 2465 4527 principem
2486 4446 2620 4527 ;‘qui
2651 4441 2995 4527 ambonal'ter
3016 4446 3362 4527 sacerdotali,
3407 4447 3543 4527 alter
3565 4450 3731 4527 quasi

491 4533 662 4586 νισμα
693 4511 958 4584 funiculus
990 4513 1334 4576 haereditatis,
1369 4511 1700 4586 ipsiJudmi,
1723 4513 1869 4567 circa
1899 4511 2058 4582 quem

491 4584 614 4643 dua;
673 4589 828 4642 olivae
891 4602 987 4657 per
1047 4601 1232 4640 ramos
1283 4584 1646 4657 suosA(Ie_gem
1702 4598 1765 4637 ac
1829 4586 2062 4657 prophe-

491 4668 597 4724 tas,
624 4673 856 4729 quorum
892 4653 1157 4729 auctores
1181 4662 1329 4721 sunt)
1365 4653 1846 4729 subministrantes
1876 4653 2058 4729 oleum

491 4724 740 4799 Spiritale
770 4727 848 4799 τῷ
895 4727 1015 4798 Θεῷ
1055 4727 1282 4799 (editum
1312 4724 1451 4799 erat)
1474 4724 1568 4799 lvat
1605 4725 1728 4799 ,φῶς
1773 4725 1873 4796 ἔχῃ
1911 4724 2058 4799 θείας

488 4779 761 4867 ﬁdem;
784 4779 930 4861 ibeo,
950 4779 1012 4851 ιιέ
1037 4779 1269 4851 divinam
1300 4779 1574 4867 scientiam
1596 4779 1906 4867 Ιιάὺᾷαξξᾚι
1931 4779 2055 4865 quis

489 4864 571 4923 Sic
611 4877 823 4939 putrem
865 4883 1085 4925 sensum
1114 4882 1178 4922 ac
1221 4867 1507 4939 lectionem
1548 4864 1722 4939 ferat?
1762 4865 1826 4918 Et
1876 4864 2054 4921 tamen

488 4935 638 5009 nulla
665 4939 1136 5009 animadversione
1169 4937 1427 5009 praeteriit
1467 4936 1657 5009 ambos
1702 4935 2048 5009 interpretes.

489 5007 658 5063 Nemo
689 5024 822 5064 sane
851 5009 1017 5073 dicat,
1048 5005 1252 5062 inferre
1295 5005 1492 5060 Filium
1522 5017 1575 5060 et
1622 5005 1885 5074 Spiritum
1917 5021 2050 5062 san-

488 5089 660 5142 ctum,
694 5095 790 5149 per
815 5079 986 5150 legem
1022 5087 1078 5134 et
1090 5079 1417 5202 \prophetas,
1452 5076 1560 5131 Deo
1588 5087 1641 5131 et
1675 5075 1823 5131 Patri
1853 5078 2051 5133 divina:

488 5148 817 5202 cognitionis
846 5151 1050 5202 lumen.
1134 5149 1381 5202 idebatur
1405 5146 1482 5202 τῶ
1515 5147 1628 5202 λαῶ
1653 5149 2044 5202 reponendum.

487 5146 817 5218 cognitionis
846 5146 1050 5204 lumen.
1090 5146 1381 5204 Videbatur
1405 5146 1482 5218 τῷ
1515 5147 1628 5218 λαῷ
1653 5149 2044 5216 reponendum,

484 5220 698 5289 populo,
734 5219 827 5288 qui
867 5220 981 5288 ipse
1011 5220 1320 5289 funiculus;
1355 5219 1447 5289 sed
1487 5218 1684 5272 minori
1707 5220 2042 5289 mutatione,

485 5287 772 5361 nullaque:
788 5287 1106 5361 tautologia,
1139 5288 1233 5341 τοῦ
1278 5287 1434 5361 Θεοῦ,
1469 5290 1668 5345 scribo.
1703 5287 1908 5361 Nempe
1947 5288 2042 5344 Dei

485 5361 663 5432 oleum
692 5359 1203 5432 subministrabant,
1224 5369 1298 5432 ut
1337 5359 1559 5415 haberet
1595 5359 1874 5430 σχοίνισμα
1904 5361 2042 5432 (ipse

523 5428 742 5500 opulus)
790 5429 988 5484 divinae
1033 5429 1357 5500 cognitionis
1393 5433 1572 5500 lumen
1602 5428 1752 5486 :‘hoc
1795 5428 2040 5487 enim‘ex

533 5518 615 5572 eo,
651 5499 852 5572 illgque
895 5499 1123 5572 auctore
1139 5500 1446 5572 inferebant
1475 5499 1676 5554 Judzeis
1711 5503 1791 5555 lex
1834 5510 1887 5555 et
1912 5517 2038 5570 pro-

412 5561 418 5570 ’
484 5570 677 5639 phette.
707 5561 1075 5640 Si'Dionysius
1108 5569 1376 5625 Methodio
1399 5582 1588 5624 auctor
1610 5573 1710 5624 fuit
1735 5561 2037 5640 hujus-sen-

2164 4515 2354 4587 regali,
2400 4517 2850 4587 unctioneuncti
2903 4525 3107 4587 essent,
3164 4531 3227 4570 ac
3280 4519 3443 4572 etiam
3487 4515 3729 4587 Spiritus

2163 4586 2334 4639 sancti
2365 4587 2559 4656 gratiis
2585 4585 2808 4657 delibuti
2834 4602 2848 4652 ;
2877 4586 3036 4641 ambo
3068 4587 3313 4657 praeclari
3345 4588 3447 4641 viri
3480 4585 3728 4642 etutra-

2159 4664 2560 4727 quepotestate
2586 4656 2883 4727 principes,
2906 4657 2995 4726 qui
3027 4656 3280 4727 prasidio
3312 4657 3487 4712 forent
3514 4658 3729 4714 instau-

2157 4725 2329 4780 rando
2355 4725 2649 4800 templo_ac
2692 4725 3002 4800 reipublicte
3026 4725 3340 4800 Iudaeorum
3381 4730 3726 4800 reparandae,

2157 4805 2506 4866 astarentque
2550 4797 2886 4853 Dominatori
2946 4799 3214 4853 universae
3272 4797 3462 4865 terrae,
3517 4799 3728 4858 divinis

2156 4868 2430 4940 mandatis
2482 4883 2696 4937 semper
2747 4868 2919 4938 parati
2967 4869 3342 4937 obtemperare
3383 4886 3394 4921 :
3432 4883 3526 4940 per
3579 4885 3727 4939 quos

2154 4937 2560 5011 candelabrum,
2581 4937 2764 5011 ipsum
2774 4940 3077 5002 funiculus,
3100 4948 3151 4992 et
3178 4940 3361 5011 populi
3385 4937 3723 5011 symbol—um,

2151 5008 2271 5060 oleo
2299 5007 2366 5062 ad
2395 5009 2579 5062 lumen
2602 5007 2677 5063 iet
2717 5010 3019 5064 claritatem
3062 5007 3193 5063 non'
3215 5007 3564 5074 deficeretur,
3599 5007 3726 5068 sive

2150 5078 2310 5150 etiam
2334 5079 2400 5133 ad
2426 5079 2520 5133 Dei
2548 5080 2938 5149 cognitionem,
2968 5080 3267 5134 sacerdotis
3297 5084 3530 5134 maxime
3547 5095 3722 5150 opera

2149 5146 2235 5221 illi
2257 5146 2648 5221 praestandam}
2678 5158 2839 5221 atque
2868 5151 3031 5205 etiam
3063 5165 3094 5202 a
3120 5151 3384 5221 principe,
3413 5146 3599 5219 quoad
3631 5154 3722 5206 ci-

2145 5219 2294 5291 vilia,
2329 5221 2448 5289 ipsa
2471 5221 2526 5273 in
2556 5218 2725 5274 Deum
2753 5218 2944 5285 relata,
2973 5228 3031 5273 ut
3056 5218 3173 5275 erat
3205 5218 3312 5276 Dei
3333 5218 3468 5291 ipsis
3497 5221 3720 5291 legibus

2145 5287 2395 5360 instituta
2426 5291 2761 5360 respublica;
2803 5291 3082 5360 eiectoque
3121 5291 3176 5345 in
3222 5287 3496 5346 eam—rem
3541 5287 3723 5348 Zoro-

2143 5357 2331 5438 babele
2366 5369 2424 5438 ιιι
2455 5357 2714 5438 templum
2739 5357 3065 5438 absolveret.
3100 5361 3388 5438 gouserts.

2212 5430 2322 5500 (54)
2362 5432 2471 5484 Καὶ
2504 5430 2707 5502 «(war
2727 5431 2968 5502 ἐπαινῶ.
3010 5431 3169 5485 Nulla
3221 5433 3309 5488 hic
3352 5446 3490 5502 opus
3518 5447 3720 5488 emen-

2139 5496 2376 5558 datione.
2409 5502 2485 5556 De
2507 5496 2615 5555 utia
2645 5516 2823 5555 sermo
2844 5500 3127 5566 Domnina,
3155 5518 3315 5572 quam
3335 5496 3713 5572 perorantem,

2138 5572 2365 5626 aliarum
2418 5587 2568 5627 more
2595 5572 2755 5626 Arete
2784 5581 3047 5642 coronat;
3108 5587 3173 5626 ac
3231 5582 3549 5642 argumento
3599 5573 3720 5631 rite

486 5641 688 5702 tentias,
723 5641 980 5709 antiquus
1014 5642 1244 5710 scriptor
1271 5649 1376 5703 est,
1409 5649 1462 5695 et
1498 5643 1579 5695 vel
1611 5644 2030 5711 apostolicorum
2135 5642 2467 5712 defunctam,
2496 5642 2677 5697 laudat
2705 5660 2716 5696 :
2749 5640 2809 5694 τὸ
2829 5643 3030 5708 πάσας
3045 5642 3228 5697 Allatii
3253 5640 3568 5699 mendosum
3595 5652 3714 5702 est.

487 5721 788 5779 temporum
824 5712 904 5766 vel
950 5712 1055 5788 his
1084 5715 1403 5788 vicinorum.
1438 5715 1518 5788 At;
1565 5714 1779 5778 quidem
1831 5715 1903 5766 illi
1950 5715 2030 5767 sic.
2135 5711 2207 5768 ls.

489 5796 691 5848 eosque
739 5794 960 5838 secutus
1011 5782 1322 5838 Maximus:
1372 5796 1428 5836 re
