4010 6328
274 317 376 373 205

1320 322 1696 383 CONVIVIUM
1733 320 1957 379 DECEM
1996 312 2351 379 VlRGlNUM.

3362 327 3468 382 206

272 434 435 487 οωσιν
488 432 787 508 ὑπόμνημα
835 438 925 492 καὶ
979 440 1152 511 νῆψιν.
1196 442 1517 514 Προτάττειν
1566 442 1673 513 γὰρ
1718 440 1823 494 τῶν

1922 445 2108 502 tatem,
2135 438 2226 493 sed
2271 437 2338 492 ad
2366 451 2576 491 morum
2611 436 2998 493 correctionem
3029 452 3092 493 ac
3123 440 3467 499 sobrietatem

270 526 414 595 ὲμιῖιν
446 527 888 599 ἐπιτηδευμάτων
917 532 1133 600 ἁγνείαν
1154 535 1182 586 ὀ
1203 533 1371 602 λέγων
1395 533 1502 587 δεῖν
1526 533 1619 586 καὶ
1650 534 1825 587 ἀσπά-

270 618 452 682 ζεσθαι
482 620 708 692 πρώτην
730 622 837 676 τῶν
867 623 1055 687 ἄλλων,
1079 624 1251 695 ὀρθῶς
1278 625 1698 697 παρακελεύεται
1718 642 1731 655 °
1759 627 1825 696 ἦν

267 710 427 779 τιμᾷν
468 709 573 778 μὲν
605 709 878 781 νομίξουσι
913 713 1003 765 καὶ
1031 712 1348 783 Οεραπεύειν
1389 714 1592 778 πολλοὶ,
1625 716 1824 785 τιμῶσι

266 799 309 851 δ’
337 799 529 870 αὐτὴν,
555 802 630 865 ὡς
660 803 788 858 ἔπος
821 806 1006 867 είπεῖν,
1046 804 1228 874 ὀλίγοι.
1266 807 1338 859 Οὐ
1367 807 1472 878 γὰρ
1502 809 1698 861 ὁπόταν
1727 808 1823 878 τὴν

268 891 458 944 ἑαυτοῦ
493 892 674 963 σάρκα
701 895 801 965 τῆς
834 897 970 950 κατὰ
1016 898 1292 952 συνουσίαν
1339 899 1592 967 ἄγευστον
1636 902 1824 971 ἡδονῆς

268 983 614 1054 φιλοτιμῆται
648 990 836 1057 τηρεῖν
874 988 1171 1060 ἅνθρωπος,
1217 990 1325 1044 τῶν
1364 992 1535 1046 ἄλλων
1584 995 1655 1064 μὴ
1688 1011 1821 1064 κρα-

266 1074 391 1137 τῶν,
422 1076 648 1142 ἁγνείαν
679 1079 1120 1150 τιμᾷ.Ἀτιμάξει
1156 1081 1252 1151 μὲν
1297 1077 1387 1136 οὖν
1422 1083 1586 1154 αὐτὴν
1628 1084 1822 1154 μᾶλλον

266 1168 359 1236 οὐχ
384 1169 586 1237 ἥκιστα
616 1169 900 1239 βαναύσοις
929 1174 1256 1245 ἐπιθυμίαις,
1289 1176 1477 1247 ἡδονὰς
1507 1178 1823 1232 ἀντικαταλ-

268 1256 593 1328 λασσόμενος
630 1261 857 1331 ἡδοναῖς.
885 1264 1017 1317 Οὐδὲ
1057 1283 1119 1334 γε
1142 1267 1266 1319 ὅταν
1298 1267 1431 1337 πρὸς
1466 1269 1563 1333 τὰς
1591 1270 1697 1337 ἔξω
1726 1273 1822 1341 μὲν

268 1350 561 1420 ἐπιθυμίας
597 1352 820 1425 διαπονῇ
856 1356 1132 1427 καρτερῶν
1160 1398 1175 1421 ,
1220 1360 1579 1431 ὑπεραίρηται
1620 1362 1676 1415 δὲ
1726 1380 1822 1430 φυ-

270 1442 570 1513 σιούμενος,
594 1440 743 1515 αὐτῷ
768 1445 829 1515 δὴ
859 1447 1029 1518 τούτῳ
1054 1449 1129 1519 τῷ
1155 1449 1408 1505 δύνασθαι
1437 1453 1543 1507 τῶν
1568 1454 1665 1523 τῆς
1696 1472 1824 1526 σαρ-

268 1540 357 1598 κὸς
407 1536 850 1606 ὑπεκκαυμάτων
894 1543 1129 1611 κρατεῖν,
1164 1543 1256 1595 καὶ
1305 1544 1509 1607 πάντας
1556 1546 1629 1609 ὡς
1676 1547 1821 1601 οὐδὲν

268 1628 587 1692 ὲξουδενῶν,
639 1631 849 1700 ἡγεῖται
902 1632 1119 1699 ἁγνείαν
1165 1636 1327 1705 τιμᾷν
1350 1652 1362 1665 υ
1421 1637 1670 1706 ἀτιμάζει
1716 1639 1822 1710 γὰρ

268 1719 433 1789 αὐτὴν
477 1720 715 1791 ὑϐρίζων
761 1723 789 1773 ὁ
830 1721 1262 1797 ὑψηλοφροσύνῃ,
1289 1725 1364 1795 τῷ
1401 1726 1460 1778 τὸ
1490 1728 1586 1797 μὲν
1629 1727 1821 1792 ἔξωθεν

1926 530 2257 584 luculentum
2292 535 2699 585 monumentum
2736 543 2962 598 ponens.
3007 528 3110 596 Qui
3138 533 3281 587 enim
3311 546 3471 589 caete;

1924 623 2000 678 ris
2028 624 2163 678 meis
2197 621 2388 677 studiis
2416 636 2478 675 ac
2511 621 2697 675 olIiciis
2726 621 3136 691 praeponendam
3166 627 3469 682 castitatem

1923 714 2079 767 docet
2102 722 2154 768 et
2180 728 2289 782 pra:
2318 712 2440 767 aliis
2469 712 2696 782 primam
2729 714 3174 781 amplectendam,
3205 725 3350 772 recte
3376 718 3472 772 ad-

1926 809 2105 857 monet
2134 821 2145 855 :
2175 818 2337 872 quam
2379 817 2437 857 se
2462 802 2641 857 colere
2677 810 2730 854 et
2762 804 3049 859 observare
3074 806 3225 858 multi
3254 807 3469 875 quidem

1922 892 2253 957 existimant,
2291 898 2345 943 at
2378 898 2523 946 certe
2564 892 2746 944 colunt
2787 892 2963 961 pauci,
2994 899 3051 945 ut
3079 894 3242 948 verbo
3270 894 3469 948 dicam.

1921 982 2040 1037 Non
2072 985 2214 1038 enim
2263 983 2574 1054 quicunque
2608 998 2759 1038 suam
2789 998 3003 1037 carnem
3040 1000 3071 1037 a
3099 986 3309 1041 venerei
3342 1002 3474 1041 con-

1921 1091 2139 1145 gressus
2169 1077 2442 1147 voluptate
2467 1078 2744 1132 continere
2784 1076 3070 1141 studuerit,
3100 1077 3205 1131 nisi
3236 1079 3472 1149 reliquos

1923 1167 2147 1223 atl‘ectus
2186 1177 2453 1235 coerceat,
2488 1168 2748 1224 continuo
2794 1169 3097 1223 castitatem
3146 1169 3293 1224 colit.
3329 1170 3470 1236 Quin

1923 1262 2103 1333 potius
2144 1261 2439 1332 ignominia
2483 1260 2755 1324 traducit,
2797 1275 2919 1314 cum
2964 1261 3082 1330 ejus
3133 1262 3471 1331 professione

1922 1359 2198 1423 suscepta,
2230 1351 2465 1407 sordidis
2498 1351 2849 1408 nihilominus
2895 1350 3132 1423 indulget
3166 1354 3475 1424 cupiditati-

1920 1444 2044 1509 bus,
2095 1444 2398 1515 voluptates
2435 1459 2499 1498 ac
2545 1443 2796 1499 libidines
2824 1444 3187 1513 voluptatibus
3232 1461 3476 1500 commu-

1920 1544 2043 1591 tans
2089 1551 2151 1590 ac
2195 1536 2530 1591 libidinibus.
2566 1533 2748 1605 Neque
2772 1535 2817 1590 si
2841 1536 3227 1605 cupiditatibus
3257 1537 3471 1607 quidem

1921 1643 2176 1683 sensuum
2211 1626 2421 1682 fortiter
2463 1627 2753 1691 obstiterit,
2788 1627 2936 1680 inani
2978 1636 3154 1682 autem
3193 1628 3361 1699 gloria
3394 1627 3475 1682 l‘a-

1922 1729 2118 1790 stuque
2133 1718 2405 1783 ell‘eratur,
2423 1719 2526 1773 hoc
2543 1719 2659 1787 ipso
2674 1718 2816 1789 quod
2835 1718 2974 1788 potis
2991 1718 3061 1773 sit
3072 1719 3475 1776 exardescentis

265 1810 356 1862 τοῦ
376 1811 605 1874 πίνακος
635 1811 910 1883 καθαίρειν
938 1813 1142 1883 καὶτῆς
1168 1815 1475 1887 παροψίδος,
1506 1817 1602 1888 τὴν
1632 1818 1822 1888 σάρκα,

1925 1810 1979 1865 in
2004 1826 2063 1866 se
2088 1810 2328 1866 libidinis
2353 1818 2517 1866 aestus
2543 1809 2897 1879 comprimere
2924 1849 2940 1873 ,
2970 1817 3304 1881 cunctosque
3338 1811 3476 1866 nihil

264 1900 324 1953 τὸ
354 1900 549 1971 σῶμα·
584 1902 681 1972 τὴν
710 1903 767 1955 δὲ
794 1902 1017 1973 καρδίαν
1066 1904 1217 1975 τύφῳ
1261 1904 1497 1958 σίνεσθαι
1540 1907 1632 1959 καὶ¹
1680 1907 1824 1975 φιλο-

267 1992 482 2063 κρατίᾳ.
522 1993 658 2046 Οὐδὲ,
684 2011 747 2062 γε
777 1996 936 2048 ὁπότε
964 1995 1310 2066 ὲναὸρύνεταί
1348 2014 1430 2060 τις
1452 1999 1712 2069 χρήμασι,
1746 2016 1826 2052 τι-

271 2086 372 2155 μᾷν
406 2085 578 2156 αὐτὴν
612 2085 926 2150 σπουδάζει·
960 2087 1209 2159 ἀτιμάζει
1242 2090 1336 2160 μὲν
1363 2084 1453 2142 οὖν
1474 2090 1668 2152 παντὸς
1694 2090 1824 2160 μᾶλ-

268 2175 351 2229 λον
374 2176 433 2228 δὲ
464 2172 642 2240 οὗτος.
675 2180 979 2249 προκρίνων
1014 2180 1177 2251 αὐτῆς
1202 2180 1377 2249 ὀλίγον
1408 2181 1612 2254 κέρδος,
1639 2179 1705 2255 ἧς
1736 2183 1825 2235 οὐ-

267 2267 349 2319 δὲν
378 2268 633 2332 ἀντάξιον
670 2286 775 2321 των
806 2272 862 2322 ὲν
894 2270 968 2340 τῷ
997 2270 1093 2341 βίῳ
1135 2271 1346 2342 τιμίων.
1384 2273 1497 2337 Πᾶς
1531 2273 1636 2345 γὰρ
1665 2274 1825 2327 πλοῦ-

268 2378 351 2422 τος
382 2360 645 2414 ἐνώπιον
671 2362 879 2431 αὐτῆς,
899 2365 989 2418 καὶ
1010 2364 1241 2433 χρυσὸς
1266 2365 1345 2430 ὡς
1370 2364 1607 2435 ψάμμος
1633 2369 1819 2436 ὀλίγη.

270 2456 398 2508 υἱοδέ
432 2472 496 2523 γε
526 2457 556 2507 ὁ
584 2457 770 2508 ἑαυτὸν
794 2457 1081 2528 ὑπερφυῶς
1108 2458 1405 2530 ἡγούμενος
1438 2460 1623 2529 φιλεῖν,
1653 2464 1741 2513 καὶ
1764 2462 1823 2513 τὸ

270 2548 439 2619 ἑαυτῷ
472 2550 623 2619 μόνῳ
650 2550 925 2621 συμφέρον
963 2550 1270 2614 σπουδάζων
1301 2556 1537 2614 σκοπεῖν,
1572 2553 1822 2624 ἄφροντις

271 2643 320 2695 δὲ
350 2641 460 2694 τῶν
487 2641 739 2710 πλησίον,
765 2642 983 2709 ἁγνείαν
1017 2645 1150 2714 τιμᾷ
1168 2660 1181 2673 ο
1214 2645 1471 2714 ἀτιμάζει
1490 2645 1585 2715 μὲν
1611 2641 1701 2698 οὖν
1727 2647 1825 2698 αὑιι

268 2735 357 2805 τὴν
396 2735 495 2788 καὶ
543 2730 729 2796 οὗτος·
776 2734 908 2786 πολὺ
958 2735 1063 2806 γὰρ
1104 2735 1342 2789 λείπεται
1384 2736 1490 2788 τῶν
1519 2737 1634 2789 κατ’
1668 2737 1823 2802 ἀξίαν

266 2828 592 2897 ὁμιλούντων
626 2827 783 2898 αὐτῇ,
805 2827 883 2898 τῷ
928 2827 1020 2899 τὴν
1060 2829 1277 2898 ἀγάπην
1301 2829 1467 2899 αὐτῆς
1502 2833 1592 2883 xa‘t
1623 2831 1682 2883 τὸ
1707 2830 1822 2899 φιλ-

270 2919 546 2988 άνθρωπον
594 2918 957 2989 λωϐήσασθαι.
1005 2918 1078 2971 Οὐ
1126 2918 1232 2990 γὰρ
1276 2912 1398 2990 τῇδε
1449 2920 1543 2989 μὲν
1575 2921 1822 2989 ἁγνεύον-

268 3025 364 3072 τας
395 3008 744 3080 παρθενεύειν
780 3010 877 3073 δεῖ,
910 3010 1029 3081 τῇδε
1060 3010 1116 3062 δὲ
1161 3011 1640 3083 κακοπραγοῦντας
1669 3014 1823 3085 χραί-

277 3099 452 3152 νεσθαι
481 3100 571 3152 καὶ
597 3099 1005 3154 ἀκολασταίνειν
1023 3117 1035 3129 ·
1069 3100 1186 3153 οὐδὲ
1213 3096 1338 3171 τῇδε
1375 3100 1468 3171 μὲν
1496 3102 1821 3170 ἐπαγγέλλε-

283 3191 403 3243 σθαι
452 3190 765 3263 καθαρεύειν
796 3190 889 3244 καὶ
924 3194 1234 3260 σωφρονεῖν,
1269 3191 1393 3262 τῇδε
1421 3191 1477 3244 δὲ
1509 3191 1826 3257 μολύνεσθαι

274 3282 365 3337 καὶ
409 3284 767 3355 ἁμαρτὰνειψ
810 3281 917 3333 οὐδ’
947 3277 1011 3334 αὗ
1055 3283 1119 3351 τῇ
1171 3281 1267 3350 μὲν
1312 3280 1587 3351 ὁμολογεῖν
1620 3282 1690 3354 μὴ
1730 3299 1825 3334 πε-

270 3376 607 3445 φροντικέναι
642 3374 750 3426 τῶν
774 3373 1068 3443 κοσμικῶν,
1099 3372 1165 3443 τῇ
1193 3373 1248 3427 δὲ
1275 3373 1499 3427 κτᾶσθαι
1528 3376 1618 3427 καὶ
1648 3376 1705 3428 ὲν
1730 3375 1824 3427 αὐ-

269 3471 373 3529 τοῖς
398 3464 743 3530 ἐξετάζεσθαι
904 3479 915 3491 ⁸
952 3456 1085 3515 ἀλλὰ
1134 3463 1306 3517 πάντα
1332 3462 1400 3515 τὰ
1448 3462 1581 3533 μέλη
1623 3462 1821 3534 φθορᾶς

268 3553 599 3622 ἀκοινώνητα
646 3552 736 3604 καὶ
761 3552 933 3621 ἀμιγῆ
964 3553 1166 3621 τηρεῖν,
1203 3551 1265 3604 οὐ
1297 3552 1454 3621 μόνον
1482 3550 1549 3604 τὰ
1577 3550 1820 3623 κνησμῶ-

270 3643 327 3714 δη
356 3644 446 3696 καὶ
478 3640 917 3705 συνουσιαστικὰ,
949 3640 1060 3693 ἀλλ’
1090 3641 1187 3712 ἤδη
1218 3643 1310 3694 καὶ
1342 3642 1407 3695 τὰ
1434 3642 1635 3695 τούτων
1669 3644 1819 3715 ἐνερ-

273 3738 493 3807 γέστερα
518 3736 653 3806 (56).
698 3734 877 3805 Χλεύη
908 3734 1013 3806 γὰρ
1047 3734 1116 3787 τὰ
1150 3735 1249 3805 μὲν
1270 3735 1368 3804 τῆς
1400 3735 1822 3806 παιδοποιήσεως

269 3826 464 3900 εργανα
506 3830 693 3900 τηρεῖν
737 3828 997 3900 παροένα,
1024 3828 1120 3900 τὴν
1148 3828 1202 3880 δὲ
1224 3828 1464 3898 γλῶτταν
1497 3827 1569 3899 μὴ
1599 3830 1783 3899 τηρεῖν
1805 3845 1818 3857 ·

272 3921 302 3990 ἦ
330 3923 423 3992 τὴν
456 3921 709 3990 γλῶσσαν
738 3921 834 3991 μὲν
866 3923 1047 3991 τηρεῖν
1080 3920 1363 3990 παρθένον,
1406 3919 1500 3991 τὴν
1529 3920 1584 3973 δὲ
1614 3922 1820 3991 ὅρασιν,

274 4014 409 4085 ῆτήν
427 4016 617 4085 ἀκὴν,
640 4014 670 4085 ἢ
691 4014 785 4076 τὰς
802 4016 986 4084 χεῖρας
1009 4012 1081 4084 μὴ
1100 4016 1301 4084 τηρεῖψ
1322 4015 1367 4064 εἰ
1385 4012 1448 4084 [Ῑ.
1462 4012 1518 4084 ἦ]
1535 4013 1703 4066 ταῦτα
1728 4015 1824 4083 μὲν

274 4106 403 4174 ἔχειν
430 4108 528 4159 καὶ
554 4108 741 4175 τηρεῖν
769 4105 1029 4176 παρθένα,
1059 4104 1155 4175 τὴν
1189 4103 1411 4175 καρδίαν
1439 4104 1595 4175 δὲμὴ
1618 4108 1820 4176 τηρεῖν,

273 4198 374 4249 ἀλλ’
401 4196 768 4268 ὲταιρίζεσθαι
799 4196 949 4266 τύφῳ
978 4196 1068 4249 καὶ
1095 4194 1267 4265 Θυμῷ.

1925 1900 2105 1964 faciat,
2137 1910 2281 1956 recte
2310 1906 2597 1955 censeatur
2624 1899 2928 1955 castitatem
2960 1901 3173 1957 colere:
3204 1916 3365 1972 quam
3390 1917 3478 1958 su—

1924 1993 2121 2063 perbia:
2140 1992 2387 2061 contagie
2406 1991 2671 2047 dedecore
2691 1990 2872 2046 verius
2893 1990 3083 2058 allicit;
3114 2008 3308 2063 nempe
3330 1993 3473 2063 quod

1924 2085 2163 2139 exterius
2192 2092 2276 2140 est
2306 2083 2478 2138 lancis
2505 2092 2559 2138 et
2591 2082 2894 2154 paropsidis
2919 2084 3217 2140 emundans
3254 2085 3320 2151 ‘°,
3353 2098 3475 2139 car-

1922 2191 2044 2231 nem
2066 2174 2315 2231 videlicet
2338 2189 2402 2229 ac
2426 2188 2653 2243 corpus;
2691 2174 2930 2228 animum
2959 2189 3087 2230 vero
3112 2176 3340 2231 tumoris
3362 2191 3478 2231 am-

1921 2269 2252 2339 bitionisque
2296 2267 2549 2324 sordibus
2590 2267 2900 2338 inquinans.
2946 2268 3013 2322 At
3055 2284 3230 2340 neque
3258 2258 3304 2325 si
3353 2270 3476 2339 quis

1922 2363 2273 2434 pecuniarum
2305 2361 2602 2433 cupiditate
2629 2367 2841 2430 captus,
2875 2375 3061 2416 carum
3096 2363 3250 2432 cOpia
3276 2363 3477 2433 gloria-

1925 2467 2030 2523 tur,
2063 2458 2108 2511 is
2137 2471 2253 2512 eam
2288 2458 2465 2511 colere
2494 2454 2777 2525 magniﬁce
2809 2455 3018 2520 studet;
3052 2454 3146 2510 sed
3172 2468 3273 2523 pro
3300 2456 3476 2508 omni-

1921 2548 2022 2603 bus
2071 2548 2367 2617 despicatui
2403 2547 2583 2607 habet,
2630 2546 2837 2599 lucrum
2877 2546 3126 2614 exiguum
3163 2546 3239 2599 illi
3285 2547 3477 2616 praefe-

1922 2656 2067 2704 rens,
2103 2642 2193 2696 cui
2226 2651 2403 2695 tamen
2446 2639 2583 2693 nihil
2612 2638 2975 2707 comparabile
3003 2644 3106 2698 est,
3143 2653 3329 2694 eorum
3356 2653 3478 2709 quas

1922 2733 1978 2788 in
2018 2733 2128 2787 vita
2167 2737 2222 2786 in
2256 2734 2425 2802 pretio
2453 2730 2741 2785 habentur.
2778 2727 2979 2784 Omnes
3013 2729 3155 2784 enim
3186 2730 3386 2785 divitia
3424 2740 3479 2785 et

1922 2841 2110 2878 aurum
2137 2825 2189 2877 in
2211 2833 2482 2892 conspectu
2502 2822 2646 2877 illius
2670 2838 2831 2875 arena
2873 2831 2948 2876 est
2975 2824 3164 2892 exigua
3189 2822 3254 2877 ¹¹.
3284 2821 3352 2875 Αι
3382 2837 3479 2877 ne-

1920 2928 2024 2985 que
2049 2915 2141 2984 qui
2180 2930 2238 2969 se
2268 2914 2443 2983 ipsum
2474 2927 2639 2983 supra
2662 2912 2881 2967 modum
2916 2928 3096 2968 amare
3122 2912 3479 2984 deprehendi-

1919 3016 2029 3067 tur,
2051 3014 2104 3061 et
2122 3003 2267 3076 quod
2292 3005 2391 3061 sibi
2416 3004 2514 3059 soli
2543 3004 2762 3075 prodest
2785 3004 2943 3059 unice
2969 3006 3207 3060 intuetur
3227 3012 3280 3060 et
3299 3012 3477 3070 curat,

1922 3100 2306 3155 necessitatum
2351 3098 2581 3167 proximi
2631 3112 2892 3160 securus,
2945 3099 3250 3154 castitatem
3298 3096 3477 3154 colit:

1852 3172 1893 3229 (ἶ
1927 3187 2057 3256 quin
2103 3186 2218 3257 ispe
2269 3201 2485 3255 quoque
2533 3175 2757 3254 spernit.
2815 3184 3040 3239 Multum
3086 3186 3230 3242 enim
3275 3187 3343 3242 ab
3372 3186 3482 3243 illis

1930 3282 2083 3336 abest
2105 3280 2197 3351 qui
2220 3295 2319 3350 pro
2348 3277 2628 3349 dignitate,
2647 3269 2792 3333 illius
2813 3285 3040 3332 utuntur
3053 3276 3478 3343 necessitudine,

1926 3373 2018 3445 qui
2049 3373 2168 3444 ejus
2199 3372 2514 3425 charitatem
2543 3368 2596 3425 et
2624 3369 3051 3425 misericordiam
3084 3378 3137 3425 et
3172 3370 3482 3426 humanita-

1926 3470 2031 3519 tem
2078 3478 2107 3517 a
2154 3468 2212 3518 se
2257 3459 2532 3533 repulerit.
2567 3461 2748 3531 Neque
2777 3462 2920 3516 enim
2960 3470 3165 3517 rectum
3197 3469 3301 3527 est,
3352 3462 3481 3516 hinc

1925 3556 2144 3627 quidem
2196 3557 2465 3612 castitatis
2514 3570 2616 3609 usu
2668 3554 3028 3625 virginitatem
3073 3555 3287 3621 colere;
3331 3553 3480 3608 illinc

1922 3665 2051 3705 vero
2091 3649 2272 3720 pravis
2311 3647 2643 3702 facinoribus
2675 3662 2737 3700 ac
2762 3646 2984 3701 libidine
3011 3648 3248 3700 animum
3276 3644 3483 3715 pollue-

1923 3756 1980 3795 re
2005 3760 2017 3795 :
2048 3756 2222 3809 neque
2252 3740 2377 3794 hinc
2409 3739 2622 3809 quidem
2656 3737 2894 3810 proﬁteri
2919 3738 3205 3807 puritatem
3231 3743 3285 3792 et
3307 3736 3482 3791 conti-

1923 3834 2185 3895 nentiam,
2220 3833 2369 3887 illinc
2401 3840 2580 3887 autem
2628 3830 2902 3901 inquinari
2941 3838 3103 3899 atque
3130 3829 3275 3884 vitiis
3302 3828 3483 3883 indul-

1925 3939 2067 3993 gere.
2117 3922 2300 3993 Neque
2332 3939 2544 3990 rursus,
2575 3923 2701 3978 hinc
2740 3922 2957 3993 quidem
3002 3920 3156 3975 fateri
3201 3920 3351 3975 haud
3376 3920 3481 3976 sibi

1927 4031 2070 4070 cura:
2097 4032 2217 4071 esse
2248 4032 2337 4071 res
2368 4018 2575 4075 mundi.
2610 4017 2757 4070 illinc
2781 4024 2957 4071 autem
2988 4013 3240 4085 parandis
3273 4013 3482 4068 inhiare

1928 4124 1991 4162 ac
2027 4110 2082 4163 in
2126 4110 2234 4163 illis
2280 4110 2506 4164 versari.
2543 4108 2684 4175 Quin
2716 4108 2961 4163 membra
2988 4106 3168 4161 omnia
3216 4105 3283 4159 ab
3332 4104 3480 4159 omni

1930 4200 2131 4255 intacta
2151 4202 2499 4271 corruptione
2524 4200 2787 4255 servanda
2807 4215 2870 4255 ac
2894 4198 3252 4261 incommista,
3286 4211 3393 4251 non
3416 4211 3481 4252 ea

277 4288 531 4342 duntaxat
583 4305 704 4358 quze
738 4288 1003 4358 pruritum
1036 4286 1105 4341 ad
1158 4286 1430 4341 libidinem
1474 4286 1693 4351 habent,
1736 4306 1957 4360 remque
2002 4293 2301 4349 maritalem
2330 4302 2615 4359 exercent;
2667 4293 2761 4347 sed
2814 4307 2879 4347 ea
2932 4305 3144 4361 quoque
3169 4305 3286 4360 quae
3330 4289 3482 4343 hisce

278 4387 395 4433 sunt
432 4380 501 4433 ad
536 4395 675 4449 opus
707 4380 1013 4434 obeundum
1058 4378 1406 4448 promptiora.
1465 4378 1628 4434 Plane
1659 4381 1924 4451 siquidem
1984 4384 2275 4440 ridiculum
2322 4385 2506 4449 fuerit,
2561 4385 2953 4455 procreationis
3000 4383 3229 4439 ﬁliorum
3286 4382 3481 4435 instru‘

277 4480 445 4526 menta
474 4471 687 4539 integra
708 4485 925 4525 servare
954 4484 1017 4523 ac
1050 4471 1383 4535 intaminata,
1416 4486 1522 4525 non
1550 4471 1673 4525 item
1718 4473 1996 4544 linguam;
2031 4483 2123 4531 aut
2174 4492 2391 4533 servare
2435 4477 2655 4547 quidem
2711 4478 2971 4547 linguam,
3034 4477 3249 4531 oculum
3301 4481 3479 4528 autem

275 4576 360 4621 aut
398 4583 562 4622 aures
595 4575 688 4619 aut
718 4581 906 4620 man-us
939 4582 1275 4636 nequaquam
1308 4586 1319 4620 :
1356 4575 1448 4620 aut
1476 4567 1706 4637 denique
1754 4570 1843 4624 illa
1891 4588 2107 4644 quoque
2162 4574 2361 4628 habere
2391 4588 2455 4628 ac
2502 4588 2718 4629 servare
2761 4573 3003 4645 integra,
3041 4588 3148 4626 non
3192 4587 3327 4625 vero
3364 4571 3479 4625 ani-

272 4678 431 4727 mum,
464 4661 562 4716 sed
595 4660 744 4715 illum
775 4661 1028 4731 superbia
1072 4661 1260 4731 iraque
1288 4664 1653 4733 constuprari.
1750 4722 1751 4725 η

319 4818 361 4846 ⁸⁸
388 4816 586 4871 Matth.
618 4831 771 4877 xxttt,
804 4816 892 4870 25.
982 4809 1027 4849 ¹¹’
1067 4817 1194 4887 Sap.
1227 4834 1323 4879 vn,
1354 4818 1413 4872 9.

333 4939 445 5007 (55)
488 4939 597 5011 Καὶ
720 4938 913 5011 αὐτοῖς
950 4938 1334 5002 ἐξετάζεσθαι.
1367 4938 1392 4992 1
1403 4956 1432 4991 ιι
1468 4938 1581 4992 illis
1607 4943 1822 5003 rcrsari,

1929 4943 2138 5011 honeste
2166 4943 2532 5011 ostentqntium
2586 4942 2968 5005 membrorum,
3028 4940 3165 5005 σία,
3218 4941 3483 5011 quieta

265 5024 323 5064 ac
346 5011 392 5063 si
424 5008 558 5078 quid
590 5009 855 5076 ejusmodi
881 5024 944 5063 eo
977 5025 1137 5063 sensu
1171 5026 1270 5063 vox
1304 5011 1391 5061 illa
1422 5017 1599 5077 potest
1630 5011 1815 5064 reddi:

262 5080 325 5134 de
352 5096 462 5148 qua
502 5080 654 5148 plura
686 5078 931 5133 Budaeus.
961 5078 1167 5133 Passim
1196 5082 1247 5133 iu.
1268 5080 1512 5134 conciliis
1534 5120 1548 5141 ,
1574 5081 1620 5132 oi
1640 5080 1823 5145 ἐξετα-

262 5149 476 5220 ζόμενοι
510 5152 561 5202 in
591 5150 771 5217 aliquo
802 5148 965 5219 gradu
1006 5152 1087 5202 vel
1113 5150 1321 5210 ordine,
1371 5152 1458 5219 qui
1492 5151 1544 5202 in
1588 5152 1680 5203 illo
1712 5167 1822 5203 me-

261 5219 391 5279 rent.
435 5224 494 5273 in
529 5221 642 5289 ejus
690 5236 842 5274 censu
878 5230 997 5273 sunt
1024 5236 1042 5272 :
1075 5219 1453 5289 ἐξεταζόμενος
1491 5223 1551 5272 ἐν
1590 5224 1702 5284 τοῖς
1737 5222 1826 5272 ίπ-

261 5293 458 5353 πικοῐς,
499 5306 662 5360 eques
688 5289 983 5359 Romanus.
1041 5289 1137 5343 Hic
1168 5307 1325 5360 ergo,
1357 5290 1735 5360 ἐξεταζόμενος
1768 5294 1824 5343 ὲν

260 5365 365 5423 τοῖς
388 5358 695 5431 κοσμικοῖς,
731 5358 823 5430 ιιιιί
854 5360 1145 5431 mundanus
1178 5358 1249 5415 sit
1280 5377 1340 5413 ac
1376 5358 1646 5415 swcularis
1679 5378 1695 5413 :
1728 5377 1826 5415 nec

260 5432 393 5487 bene
440 5431 747 5492 Possinius,
796 5430 970 5483 studio
1003 5447 1174 5483 rerum
1225 5432 1613 5483 mundanorum
1660 5433 1821 5483 m'mio

264 5502 483 5555 turbini.
522 5503 676 5567 Quod
722 5501 898 5555 reddit
929 5501 1156 5553 Allatius
1210 5518 1317 5555 non
1376 5503 1718 5569 intelligo,-et
1767 5502 1823 5554 in

264 5574 362 5625 illis
387 5573 591 5642 aliquid
628 5588 740 5624 esse
780 5570 1101 5642 contendere.
1145 5572 1427 5642 Centauris.

329 5644 441 5709 (56)
478 5640 563 5697 Τὰ
613 5643 839 5694 τούτων
887 5640 1288 5710 ἐνεργέσῠερα.
1346 5641 1569 5693 Videtur
1626 5640 1821 5710 legisse

265 5709 546 5767 Pussiuius
572 5712 989 5783 ἐναργέστερα,
1028 5709 1154 5763 dum
1195 5712 1349 5781 longa
1381 5709 1694 5783 paraphrasi
1749 5713 1819 5763 ita

268 5784 465 5838 reddit:
491 5785 631 5850 Quin
662 5780 838 5851 potius
868 5780 1219 5849 publicorum,
1270 5780 1325 5835 ut
1356 5783 1432 5835 ita
1466 5780 1659 5846 dicam,
1690 5790 1738 5834 et
1769 5797 1822 5835 se
1868 5787 1875 5795 '

1928 5010 2217 5079 κνησμὼδη
2268 5010 2598 5073 reddiderat,
2651 5028 2711 5063 ea
2757 5027 2873 5080 qua:
2900 5012 3068 5079 pudor
3098 5010 3251 5065 velat.
3283 5010 3483 5067 Verum

1924 5081 2137 5149 quidem
2229 5082 2493 5151 utrisque
2532 5086 2646 5134 hmc
2690 5083 2945 5136 membris
2995 5091 3335 5151 competere;
3389 5084 3483 5138 sed

1926 5165 2033 5203 non
2061 5167 2124 5203 eo
2148 5161 2425 5220 comparat
2453 5150 2774 5211 Methodius,
2798 5153 2939 5219 quod
2974 5152 3077 5204 alia
3102 5150 3358 5213 Obscena,
3379 5156 3484 5209 aiia

1925 5221 2171 5282 honesta,
2206 5222 2437 5289 hincque
2483 5229 2620 5275 tecta
2661 5222 2787 5279 alia,
2838 5223 2939 5273 alia
2986 5230 3043 5274 ut
3074 5222 3359 5276 videantur
3390 5241 3486 5278 ex-

1926 5293 2139 5361 posita;
2165 5292 2264 5345 sed-
2286 5292 2429 5360 quod
2479 5293 2559 5345 sic
2595 5292 2835 5359 exposita
2886 5299 3046 5361 atque
3080 5292 3326 5356 honestat,
3360 5309 3484 5362 pro-

1927 5362 2200 5415 cliviorem
2234 5372 2410 5415 actum
2444 5362 2673 5416 habeant
2708 5378 2992 5426 usumque,
3025 5362 3223 5430 quibus
3261 5364 3486 5431 proinde

1924 5447 2075 5499 aequa
2103 5438 2193 5483 aut
2214 5432 2384 5499 major
2408 5431 2650 5485 habenda
2670 5431 2967 5501 diligentia,
3001 5442 3060 5485 ut
3086 5444 3235 5486 casta
3261 5434 3390 5495 sint,
3420 5449 3487 5487 ue

1924 5502 2054 5568 quid
2085 5501 2317 5555 habeant
2343 5503 2482 5569 quod
2518 5502 2779 5570 virginem
2815 5503 3106 5568 dedeceat;
3141 5512 3198 5554 ut
3230 5515 3355 5556 sunt
3385 5503 3488 5555 lin-

1922 5588 2045 5638 gua,
2080 5572 2245 5633 oculi,
2289 5587 2511 5636 uiantis;
2550 5572 2898 5639 omniumque
2934 5574 3166 5626 maxime
3198 5572 3297 5640 ipsi
3323 5573 3487 5626 animi

1924 5656 2119 5696 sensus
2164 5656 2226 5694 ac
2257 5644 2544 5709 cogitatus,
2573 5650 2724 5695 extra
2760 5658 2894 5710 quos
2934 5642 3111 5696 omnis
3163 5643 3265 5695 alia
3294 5658 3487 5697 emun-

1923 5711 2089 5774 datio,
2121 5714 2303 5765 carnis
2320 5719 2401 5764 est
2421 5722 2475 5765 et
2504 5713 2765 5780 carporis,
2796 5728 2900 5765 non
2929 5712 3205 5767 interioris
3227 5712 3486 5773 hominis,

1922 5797 2086 5852 penes
2116 5798 2273 5853 quem
2296 5796 2419 5837 vera
2449 5782 2729 5850 virginitas
2748 5782 3088 5848 potissimum
3110 5782 3379 5837 consistit.
3407 5780 3479 5832 lo.
