4010 6328
573 329 676 382 207

1443 317 1500 372 S.
1541 311 1867 370 METHODII
1900 309 2204 368 EPISCOPI
2234 311 2319 366 ET
2357 310 2710 366 MARTYRIS
3656 309 3739 366 208

646 444 876 500 Prorsus
909 441 1051 497 enim
1079 451 1253 508 operae
1280 435 1512 507 pretium
1534 441 1638 500 est,
1668 442 1728 490 ut
1754 435 1839 490 cui
1866 433 2134 488 constitu-

2305 433 2392 484 Δεῖ
2432 430 2539 502 γὰρ
2573 429 2783 492 πάντως
2821 427 2912 480 τὸν
2961 425 3222 498 μέλλοντα
3265 425 3336 498 μὴ
3375 424 3744 496 ἁμαρτήσεσθαι

573 544 688 589 tum
713 536 784 590 sit
801 548 869 588 ne
887 530 1111 588 colenda
1137 528 1387 584 castitate
1409 541 1439 580 a
1468 526 1747 596 proposito
1767 532 1934 589 erret,
1962 538 2134 579 mem—

579 629 674 683 bra
696 627 876 683 omnia
897 637 1196 693 sensusque
1223 635 1352 676 suos
1373 620 1605 674 mundos
1637 619 1996 687 astrictosque
2020 631 2130 672 ser-

576 726 685 781 vet,
716 716 796 771 uti
833 714 947 768 fieri
977 714 1032 768 in
1060 713 1278 767 navium
1308 712 1508 767 tabulis
1537 711 1694 778 solet,
1723 724 1951 780 quarum
1973 708 2131 777 junc-

575 817 728 862 turas
781 804 1036 860 navarchi
1072 803 1361 874 diligenter
1405 803 1742 874 agglutinant
1797 802 2130 871 astringunt-

576 914 701 969 que,
731 913 800 951 ne
826 911 931 966 qua
959 895 1166 951 scilicet
1192 902 1415 964 peccato
1454 910 1574 950 sese
1603 892 1908 948 infundenti
1939 892 1994 946 in
2016 893 2131 946 ani-

578 1003 728 1042 mum
769 989 854 1042 via
889 997 1047 1057 atque
1077 987 1256 1042 aditus
1302 992 1500 1056 pateat.
1542 983 1676 1038 Nam
1710 992 1767 1037 ut
1795 983 2130 1038 nobilissima

575 1093 802 1149 quaeque
831 1078 1385 1149 prmstantissimaque
1424 1075 1687 1146 professio
1714 1084 1816 1143 est,
1853 1075 1927 1129 ita
1959 1075 2133 1129 maxi-

576 1171 682 1224 mis
727 1172 1170 1242 gravissimisque
1217 1168 1606 1223 oll‘ensionibus
1646 1168 1877 1222 obnoxia
1912 1175 2029 1233 est;
2071 1180 2133 1220 ac

575 1275 703 1315 vere
731 1262 874 1315 bono
901 1260 1100 1315 malum
1132 1258 1302 1327 magis
1329 1256 1664 1319 adversatur,
1703 1269 1864 1325 quam
1899 1254 1948 1308 ei
1988 1251 2131 1322 quod

578 1369 679 1408 nec
712 1354 768 1407 in
797 1354 952 1408 bonis
993 1349 1382 1407 numerandum
1410 1356 1513 1403 est.
1547 1347 1698 1401 Multi
1727 1347 1908 1415 itaque
1937 1345 2132 1414 quibus

577 1463 899 1518 persuasum
928 1454 1090 1511 esset,
1120 1446 1223 1499 hoc
1248 1443 1588 1514 potissimum
1623 1447 1879 1511 praestare
1905 1439 2131 1493 castita-

577 1549 711 1605 tem,
763 1550 822 1594 ut
873 1539 1103 1594 ell‘rcnes
1152 1537 1474 1592 libidinosos
1504 1545 1669 1589 aestus
1715 1547 1778 1587 ac
1811 1531 2133 1602 cupiditates

581 1635 928 1703 comprimat,
980 1632 1188 1700 reliqua
1213 1629 1340 1683 vitae
1367 1626 1710 1683 institutione
1740 1626 2000 1695 neglecta,
2030 1622 2134 1676 bac

577 1739 792 1794 quoque
818 1722 1165 1787 exciderunt;
1197 1719 1393 1788 suique
1442 1716 1724 1772 dedecoris
1763 1722 1992 1786 partem,
2040 1728 2130 1768 re-

2231 523 2356 595 rtspl
2377 525 2472 594 τὴν
2499 523 2725 592 ἄσκησιν
2753 521 2850 591 τῆς
2879 517 3118 588 ἁγνείας,
3143 519 3213 572 τὰ
3245 517 3375 588 μέλη
3407 517 3570 569 πάντα
3593 518 3673 569 καὶ
3689 518 3745 570 τὰ

2229 615 2554 686 αἰσθητήρια
2573 616 2755 684 τηρεῖν
2777 609 2968 666 ἑαυτοῦ
2992 608 3206 681 καθαρὰ
3243 610 3337 662 καὶ
3367 607 3745 679 συνεσφιγμένα,

2229 706 2475 777 καθάπερ
2503 706 2564 778 δὴ
2595 707 2685 759 καὶ
2714 704 2931 768 πλοίων,
2954 697 3028 756 ὧν
3054 704 3102 754 οἱ
3133 701 3458 772 κυϐερνῆται
3483 700 3574 762 τὰς
3602 701 3748 771 ἁρμο-

2229 799 2329 868 γὰς
2383 799 2686 867 σφίγγουσι,
2720 796 2853 868 πρὸς
2903 795 2963 848 τὸ
3014 795 3087 865 μὴ
3139 796 3286 863 σχεῖν
3340 791 3444 845 ἔσω
3489 791 3642 845 δίοδον
3669 793 3752 862 τὴν

2229 890 2499 962 ἁμαρτίαν
2531 889 2967 960 ὲπεισχεομένην.
2988 889 3112 950 Τοῖς
3143 887 3250 956 γὰρ
3273 885 3520 956 μεγάλοις
3546 883 3600 947 ἐξ
3620 885 3754 952 ἀνάγ·

2230 1000 2331 1054 κης
2363 980 2747 1052 ἐπιτηδεύμασι
2792 977 2999 1050 μεγάλα
3057 977 3150 1030 καὶ
3194 975 3262 1028 τὰ
3319 975 3620 1043 πταίσματα
3647 990 3755 1044 συμς

2229 1072 2430 1127 ϐαίνει·
2479 1075 2570 1127 καὶ
2601 1073 2678 1143 τῷ
2718 1071 2829 1124 ὄντι
2857 1070 2932 1141 τῷ
2961 1069 3148 1139 ἀγαθῷ
3184 1067 3382 1139 μᾶλλον
3414 1064 3756 1135 ἐναντιώτερον

2229 1165 2290 1218 τὸ
2319 1166 2484 1218 κακὸν
2514 1165 2547 1236 ἢ
2581 1164 2657 1235 τῷ
2687 1163 2760 1235 μὴ
2793 1161 2998 1233 ἀγαθῷ.
3030 1160 3217 1214 Πολλοὶ
3247 1155 3362 1224 οὖν,
3389 1157 3679 1224 δοξάζοντες
3709 1157 3759 1208 τὸ

2233 1260 2357 1330 περὶ
2386 1257 2480 1320 τὰς
2512 1257 2818 1328 οἰστρώδεις
2862 1256 3144 1327 καρτερεῖν
3190 1251 3483 1321 ἐπιθυμίας
3526 1245 3760 1320 εἶναιτὴν

2231 1351 2471 1419 ἁγνείαν,
2517 1349 2625 1402 τῶν
2673 1347 2842 1403 ἄλλων
2875 1345 3267 1416 ἀμελήσαντες,
3308 1342 3474 1412 αὐτῆς
3509 1341 3759 1403 ἔπταισαν,

2232 1442 2325 1496 καὶ
2368 1444 2478 1503 τοῖς
2520 1440 2692 1512 ὀρθῶς
2735 1439 2868 1508 πρὸς
2912 1437 3078 1507 αὐτὴν
3123 1433 3472 1505 ὡρμημένοις
3514 1431 3763 1503 προσῆψαν

2231 1533 2447 1602 ψόγους,
2491 1532 2566 1595 ὡς
2596 1534 2749 1602 ὑμεῖς
2782 1528 3060 1601 ἡλέγξατε,
3111 1527 3272 1597 νόμος
3300 1525 3389 1578 διὰ
3427 1524 3657 1578 πάντων
3692 1522 3766 1574 αὐ-

2231 1625 2322 1676 ταὶ
2367 1623 2472 1695 γὰρ
2521 1620 2941 1694 παρθενεύουσαι
2969 1621 3061 1672 καὶ
3088 1618 3232 1690 ἔργῳ
3275 1617 3371 1669 καὶ
3397 1615 3554 1686 λόγῳ.
3585 1615 3685 1667 Καὶ
3709 1618 3765 1666 τὰ

2238 1716 2333 1785 μὲν
2370 1714 2432 1785 δὴ
2461 1715 2560 1783 τῆς
2583 1713 2872 1785 παρθένου,
2918 1710 3162 1781 ποταπὴν
3203 1705 3346 1762 εἶναι
3389 1708 3670 1777 προσήκει,
3711 1705 3765 1758 δι·

579 1823 669 1871 cto
698 1815 764 1872 ad
788 1831 905 1872 eam
931 1813 1144 1868 tramite
1161 1813 1477 1876 nitentibus,
1497 1816 1865 1880 asperserunt,
1904 1808 1980 1861 uti
2011 1821 2130 1871 vos,

2235 1807 2464 1878 εγράφη·
2486 1806 2628 1877 ὑμᾶς
2653 1805 2709 1859 δὲ
2732 1804 2964 1876 διαρκῶς
2987 1801 3401 1873 ἀγωνισαμένας
3426 1799 3502 1872 τῷ
3523 1799 3672 1869 λόγῳ,
3696 1797 3767 1850 αὑ-

577 1925 698 1980 quae
722 1909 778 1962 in
797 1906 1048 1962 omnibus
1072 1905 1204 1960 estis
1234 1903 1444 1974 regula,
1472 1901 1857 1958 demonstratis
1895 1919 1909 1955 :
1937 1899 2133 1969 quippe

577 2013 700 2054 cum
730 2004 784 2053 et
814 2012 977 2068 opere
1025 2005 1079 2051 et
1126 2010 1397 2060 sermone,
1440 2008 1535 2049 seu
1576 1992 1882 2048 eruditione
1913 1991 2137 2062 virgini-

574 2097 686 2145 tate
727 2087 1042 2159 perfunetai,
1074 2086 1193 2157 ejus
1243 2086 1439 2141 decora
1468 2085 1825 2155 protuleritis.
1860 2083 1926 2138 Et
1969 2083 2136 2154 virgi-

577 2197 701 2237 nem
724 2180 943 2251 quidem
966 2179 1178 2251 qualem
1201 2194 1323 2236 esse
1344 2177 1533 2234 deceat
1563 2176 2000 2248 perscripsimus.
2027 2172 2138 2233 ‘Ios

2238 1903 2429 1971 τήκοος
2458 1900 2740 1970 γενομένη,
2775 1898 2950 1960 πάσας
2981 1895 3349 1967 ἀποφαίνομαι
3374 1897 3525 1964 νικᾷν
3553 1894 3640 1945 καὶ
3666 1890 3767 1943 στέ-

2235 2009 2348 2061 φω·
2378 1989 2585 2044 Θέκλαν
2627 1991 2684 2044 δὲ
2715 1990 2790 2062 τῷ
2827 1988 3028 2061 μείζονι
3073 1987 3323 2058 στεφάνῳ
3363 1977 3458 2040 καὶ
3499 1983 3766 2054 δασυτέρῳ,

2234 2084 2309 2148 ὡς
2347 2083 2567 2156 πρώτην
2619 2083 2767 2154 ὑμῶν
2801 2083 2894 2136 καὶ
2930 2080 3502 2153 μεγαλοπρεπέστερον
3525 2074 3770 2146 ἐκλάμψα-

2238 2195 2354 2232 σαν,

578 2281 779 2340 autem,
809 2275 988 2345 amplo
1017 2273 1229 2329 dicendi
1260 2273 1514 2329 facultate
1542 2273 1811 2329 celebrato
1843 2271 2139 2328 certamine
2175 2289 2293 2344 qua:
2339 2276 2457 2344 ipsa
2507 2273 2830 2338 audiverim,
2885 2272 3139 2330 victrices
3181 2284 3378 2325 omnes
3417 2266 3691 2340 pronuntio
3717 2278 3770 2317 ac

578 2382 780 2423 corona
813 2367 976 2422 dono.
1027 2365 1282 2423 Theclam
1319 2376 1501 2423 tamen
1552 2367 1748 2438 majori
1772 2365 2162 2440 ﬂoridiorique,
2195 2375 2253 2423 ut
2285 2369 2428 2424 inter
2453 2384 2549 2423 vos
2577 2368 2893 2439 principem,
2924 2381 2988 2421 ac
3016 2381 3136 2439 qua:
3183 2362 3614 2436 magniﬁcentior
3657 2373 3768 2412 cun-

577 2461 681 2516 ctis
710 2462 988 2517 claruerit.

577 2623 707 2681 CAP.
746 2622 811 2678 ll.
846 2624 1039 2680 Thecla
1065 2627 1311 2696 hymnum
1341 2631 1620 2702 composite
1647 2639 1881 2702 canente,
1911 2630 2124 2702 reliqum
2158 2629 2378 2700 virgines
2409 2629 2494 2702 illi
2539 2628 2832 2702 succinum.
2880 2623 3113 2678 Joannes
3141 2623 3412 2692 Baptista,
3443 2630 3640 2693 martyr
3673 2635 3773 2673 ces-

1521 2701 1710 2754 titatis.
1749 2699 2130 2765 Ecclesia,’l)ei
2155 2699 2369 2770 sponsa,
2399 2701 2619 2761 intacta,
2660 2699 2825 2768 virgo.

647 2840 774 2897 Haec
810 2843 1043 2897 locutam
1083 2844 1298 2899 Aretem
1339 2845 1518 2900 aiebat
1553 2845 1878 2917 Theopatra,
1905 2846 2136 2916 iussisse

580 2941 804 2986 cunctas
836 2945 1141 3004 assurgere,
1165 2919 1218 2988 et
1240 2934 1342 2988 sub
1368 2951 1506 3007 agno
1531 2943 1738 2992 stantes
1773 2936 2021 3008 factaque
2047 2952 2137 2992 co-

577 3039 734 3090 rona,
770 3025 971 3094 gratias
1001 3024 1230 3080 Domino
1257 3043 1319 3081 ac
1346 3029 1534 3084 laudes
1574 3028 1756 3084 debila
1788 3030 2138 3084 veneratione

577 3115 800 3171 referre.
821 3115 1071 3172 Tbeclam
1102 3119 1392 3190 auspicari,
1415 3135 1478 3174 ac
1506 3121 1674 3178 cboro
1696 3123 1910 3192 praeire.
1935 3124 1998 3180 Ut
2029 3123 2138 3196 igi-

578 3214 666 3260 tur
713 3216 1162 3276 assurrexerunt,
1227 3209 1480 3266 Tbeclam
1556 3213 1810 3266 narrabat
1869 3214 2136 3286 virginem

577 3297 813 3353 mediam
844 3315 874 3354 a
903 3299 1107 3357 dextris
1141 3301 1335 3357 Aretes
1359 3310 1614 3369 stantem,
1646 3308 1945 3376 composite
1983 3322 2138 3364 cane-

577 3405 681 3445 re:
715 3392 988 3463 reliquas.
1025 3407 1153 3449 vero
1201 3393 1258 3448 in
1304 3391 1490 3447 orbem
1514 3431 1530 3458 ,
1578 3393 1734 3462 quasi
1771 3393 2137 3457 circumducto

577 3481 766 3552 cboro,
804 3485 881 3538 illi
910 3485 1191 3541 succinere
1217 3501 1281 3541 ac
1311 3487 1661 3558 respondere.

1226 3618 1280 3673 Η
1282 3637 1494 3690 ypacoe.

651 3743 772 3804 Tibi
826 3765 914 3804 me
955 3765 1111 3804 servo
1158 3761 1386 3819 castam,
1437 3764 1491 3810 et
1533 3755 1904 3826 splendentem
1949 3766 2140 3816 tenens

574 3838 904 3911 lampadem,
936 3838 1167 3910 Sponse,
1202 3843 1303 3895 tibi
1331 3857 1581 3900 occurro.

1213 3975 1486 4034 Psalmus.

643 4087 892 4155 leitus,
943 4091 1213 4162 virgines,
1254 4092 1510 4151 clamoris
1554 4096 1845 4155 excitantis
1893 4107 2136 4157 mortuos

575 4195 746 4237 sonus
768 4183 936 4249 venit,
965 4182 1176 4254 Sponso
1195 4185 1391 4255 jubcns
1423 4186 1585 4243 simul
1608 4204 1796 4244 omnes
1821 4190 2032 4246 obviam
2059 4190 2137 4248 ire

575 4274 630 4326 in
662 4275 816 4330 stolis
858 4275 995 4330 albis
1021 4285 1074 4331 et
1104 4277 1466 4347 lampadibus,
1495 4280 1757 4337 orientem
1781 4298 1993 4339 versus.
2025 4283 2137 4339 Ex-

574 4363 943 4433 pergiscimini
969 4365 1283 4437 priusquam
1317 4376 1546 4438 occupet
1575 4367 1718 4424 intra
1755 4377 1941 4441 portas
1973 4387 2136 4442 pene-

573 4461 720 4511 trare
743 4455 878 4514 Rex.

645 4545 765 4600 Tibi
816 4563 902 4602 me
947 4563 1104 4603 servo
1153 4557 1383 4615 castam,
1432 4559 1486 4606 et
1525 4553 1897 4624 splendentem
1946 4566 2135 4612 tenens
2167 4551 2212 4609 D

570 4633 895 4705 lampadem,
932 4635 1160 4708 Sponse,
1189 4642 1289 4696 tibi
1317 4658 1568 4698 occurro.

643 4724 947 4781 Mortalium
976 4730 1221 4786 luctuosa
1245 4733 1408 4788 nimis
1434 4750 1664 4790 excussa
1687 4734 1961 4804 felicitate,
1986 4753 2136 4807 spre-

569 4813 746 4884 tisque
796 4817 919 4872 vita:
952 4820 1245 4877 luxuriosa:
1275 4824 1487 4880 deliciis
1532 4841 1842 4898 amoreque,
1877 4829 1984 4883 tuis
2031 4831 2132 4885 sub

572 4904 717 4960 ulnis
751 4906 1048 4965 salutiferis
1091 4913 1300 4984 protegi
1347 4914 1618 4982 desidero,
1670 4927 1724 4973 et
1774 4929 1919 4973 tuam
1955 4920 2135 4978 videre

568 5011 802 5066 semper,
833 5014 867 5054 ο
905 5000 1085 5064 Beate,
1119 5005 1598 5073 pulchritudinem.

639 5085 758 5141 Tibi
815 5105 903 5146 me
955 5107 1113 5146 servo
1144 5106 1370 5162 castam,
1423 5107 1474 5152 ct
1531 5101 1900 5170 splendentem
1943 5113 2132 5163 tenens

565 5181 889 5250 lampadem,
922 5183 1151 5256 Sponse,
1181 5190 1276 5243 tibi
1311 5207 1559 5248 occurro.

638 5270 862 5330 Relictis
904 5279 1212 5333 mortalium
1260 5283 1570 5351 nuptiarum
1604 5286 1738 5340 toris
1771 5302 1834 5342 ac
1869 5289 2052 5355 domo,
2098 5308 2131 5346 ο

563 5362 702 5431 Rex,
737 5376 958 5438 propter
982 5377 1055 5434 te,
1091 5373 1210 5428 auri
1237 5375 1394 5443 plena
1423 5377 1760 5435 intaminatis
1798 5381 1852 5434 in
1889 5382 2128 5439 vestibus

563 5459 706 5522 veni,
751 5471 810 5514 ut
841 5470 896 5515 et
927 5477 1026 5534 ego
1060 5479 1168 5518 una
1197 5475 1374 5522 tecum
1411 5470 1552 5524 intra
1583 5472 1927 5532 beatissimos
1955 5477 2127 5531 thala-

563 5565 682 5606 mos
709 5553 980 5610 admittar.

633 5640 754 5697 Tibi
807 5661 894 5702 me
945 5661 1105 5704 servo
1143 5661 1381 5717 castam,
1416 5662 1470 5709 et
1515 5658 1886 5729 splendentem
1937 5668 2127 5716 tenens

566 5734 888 5808 lampadem,
930 5737 1162 5812 Sponse,
1195 5746 1290 5802 tibi
1320 5762 1570 5809 occurro.

2311 2847 2492 2900 Ταῦτα
2523 2841 2615 2898 οὗν
2641 2841 2920 2906 εἰποῦσαν,
2953 2840 3054 2910 ἔφη
3079 2837 3336 2891 κελεῦσαι
3367 2836 3541 2897 πάσας
3569 2828 3773 2898 ἀναστῆ·

2241 2955 2325 2991 ναι
2366 2936 2463 3008 τὴν
2500 2934 2721 3008 Ἀρετὴν
2761 2937 2793 3004 ὴ
2844 2930 3149 3002 Θεοπάτρα,
3199 2930 3295 2983 καὶ
3343 2929 3518 2991 πάσας
3565 2923 3661 2978 ὑπὸ
3693 2920 3774 2991 τὴν

2242 3029 2402 3096 ἄγνον
2423 3028 2832 3098 εὐχαριστήριον
2858 3025 3021 3095 ὕμνον
3049 3021 3369 3093 πρεπόντως
3393 3014 3694 3085 ἀναπέμψαι
3711 3009 3775 3079 τῷ

2244 3121 2461 3190 Κυρίῳ·
2494 3119 2736 3190 ἐξάρχειν
2774 3119 2829 3172 δὲ
2856 3117 2951 3189 τὴν
2988 3115 3190 3169 Θέκλαν
3227 3113 3326 3166 καὶ
3353 3103 3776 3184 προαφηγεῖσθσι.

2253 3214 2339 3278 Ὧς
2367 3209 2459 3267 οὖν
2484 3213 2806 3282 ἀνέστησαν,
2837 3209 2933 3280 τὴν
2956 3208 3157 3261 Θέκλαν
3194 3207 3370 3278 μέσην
3405 3205 3498 3276 μὲν
3525 3201 3625 3254 τῶν
3665 3213 3781 3268 παρ-

2242 3304 2428 3370 θένων,
2463 3305 2586 3376 ἔφη,
2620 3306 2683 3357 ὲκ
2729 3303 2915 3370 δεξιῶν
2957 3302 3012 3355 δὲ
3057 3300 3155 3370 τῆς
3194 3299 3428 3370 Ἀρετῆς
3463 3296 3668 3355 στᾶσαν,
3700 3306 3785 3342 κο-

2242 3400 2414 3472 σμίως
2439 3397 2658 3468 ψάλλειν
2677 3412 2690 3425 ο
2720 3394 2817 3459 τὰς
2848 3393 2904 3447 δὲ
2935 3392 3124 3455 λοιπὰς
3150 3393 3206 3444 ὲν
3233 3390 3447 3460 κύκλῳ,
3477 3385 3707 3455 καθάπερ
3734 3383 3784 3432 ἐν

2241 3487 2399 3563 χοροῦ
2431 3490 2667 3560 σχήματι
2699 3484 2986 3548 συστάσας,
3016 3481 3307 3536 ὑπακούειν
3335 3482 3500 3552 αὐτῇ.

2877 3614 3124 3682 ’Υπακοή
3135 3654 3148 3668 .

2322 3759 2561 3829 Ἀγνεύω
2595 3775 2696 3822 σοι,
2731 3757 2823 3810 καὶ
2860 3755 3148 3828 λαμπάδας
3193 3755 3536 3827 φαεσφόρους
3581 3747 3782 3824 κρατοῦ-

2243 3868 2331 3919 σα,
2361 3849 2597 3923 Νυμφίε,
2628 3849 2914 3903 ὑπαντάνω
2940 3865 3040 3901 σοι.

2889 3983 3154 4050 Ψαλμός.

2313 4096 2568 4161 Ἀνωθεν,
2601 4094 2874 4167 παρθένοι,
2912 4093 3037 4164 βοῆς
3069 4093 3448 4165 ὲγερσίνεκρος
3489 4089 3617 4165 ἦχος
3641 4085 3780 4162 ἦλθε,

2240 4189 2475 4261 Νυμφίῳ
2500 4189 2671 4258 λέγων
2699 4185 2932 4240 πασσυδὶ
2962 4185 3282 4240 ὑπαντάνειν
3313 4185 3562 4241 λευκέσιν
3593 4186 3648 4237 έν
3671 4197 3780 4235 στο-

2241 4283 2356 4348 λαῖς
2403 4281 2497 4337 καὶ
2548 4278 2814 4352 λαμπάσι,
2867 4281 3001 4351 πρὸς
3046 4279 3326 4342 ἀνατολάς.
3357 4277 3624 4351 Ἔγρεσθε
3666 4274 3781 4345 πρὶν

2242 4375 2421 4447 φθάσῃ
2457 4375 2636 4447 μολεῖν
2662 4373 2789 4426 εἴσω
2814 4372 2992 4444 θυρῶν
3025 4372 3211 4440 Ἀναξ.

2319 4557 2554 4627 Ἀγνεύω
2585 4577 2687 4622 σοι,
2721 4557 2814 4612 καὶ
2855 4555 3138 4627 λαμπάδας
3184 4554 3524 4627 φαεσφόρους
3573 4547 3763 4623 κρατοῦ

2237 4666 2325 4714 σα,
2359 4650 2596 4720 Νυμφίε,
2627 4646 2914 4702 ὑπαντάνω
2939 4662 3038 4698 σοι.

2305 4738 2519 4812 Βροτῶν
2553 4737 2974 4792 πολυστένακτον
3004 4735 3156 4790 δλϐον
3191 4735 3522 4805 ἐκφυγοῦσα,
3556 4734 3645 4788 καὶ
3676 4730 3778 4801 βίου

2231 4834 2442 4905 τρυφῆς
2469 4817 2691 4896 ἁδονὰςῖ
2715 4832 2910 4904 ἔρωτα,
2943 4834 3061 4894 σαῖς
3085 4831 3174 4883 ὑπ’
3197 4829 3462 4898 ἀγκάλαις
3495 4827 3781 4900 ζωηφόροις

2234 4923 2383 4978 ποθῶ
2417 4922 2740 4992 σκέπτεσθαι,
2771 4926 2866 4976 καὶ
2914 4923 3129 4994 βλέπειν
3171 4921 3232 4974 τδ
3276 4920 3365 4975 σὸν
3395 4921 3588 4984 κάλλος
3615 4919 3780 4989 διηνε-

2233 5017 2364 5081 κῶς,
2394 5017 2615 5087 Μάκαρ.

2318 5107 2554 5176 Ἀγνεύω
2609 5125 2711 5172 σοι,
2741 5110 2835 5163 καὶ
2866 5107 3148 5179 λαμπάδας
3194 5108 3529 5179 φαεσφόρους
3572 5099 3783 5177 κρατοῦο

2235 5216 2324 5264 σα,
2347 5198 2585 5268 Νυμφῐε,
2615 5200 2904 5253 ὑπαντὰνω
2938 5217 3038 5252 σοι.

2303 5293 2497 5363 Γάμων
2529 5291 2758 5346 λιποῦσα
2777 5293 2844 5346 τὰ
2864 5292 3030 5363 θνητὰ
3052 5291 3271 5364 λέκτρα,
3294 5292 3388 5346 καὶ
3411 5284 3778 5361 δόμον,”Δναξ,

2231 5385 2316 5439 διὰ
2350 5385 2430 5449 σὲ,
2461 5385 2812 5458 πολύχρυσον,
2845 5382 3004 5457 ἦλθον
3030 5386 3274 5450 ἁσπίλοις
3304 5388 3362 5440 ὲν
3390 5388 3624 5458 εἵμασιν,
3646 5384 3784 5441 ὅπως

2233 5479 2420 5546 φθάσω
2451 5478 2605 5548 κάγὼ
2636 5478 2932 5532 πανολϐίων
2979 5479 3231 5551 θαλάμων
3278 5482 3408 5534 εῐσω
3451 5480 3546 5534 σὺν
3590 5477 3669 5531 σοι
3701 5489 3813 5546 μον·

2231 5569 2366 5626 λεῖν.

2317 5660 2553 5729 οΑγνεύω
2595 5678 2696 5725 σοι,
2734 5661 2827 5715 καὶ
2856 5661 3141 5734 λαμπάδας
3185 5666 3522 5736 φαεσφόρους
3570 5657 3782 5734 κρατοξ,

2238 5770 2324 5813 σα,
2360 5753 2597 5814 Νυασίε,
2626 5756 2912 5810 ὑπαντάνω
2945 5774 3045 5812 σοι.
3769 5771 3772 5774 ’
