4010 6328
496 373 604 433 Ξίδ

1453 367 1515 422 8.
1553 363 1881 420 METHODll
1915 355 2220 417 EPISCOPI
2260 359 2345 413 ΕΤ
2386 355 2742 412 ιιΑιιΤῑιιδ

3613 340 3724 395 216

571 484 778 544 GREG.
813 485 958 541 V'exa
990 490 1049 537 ut
1070 482 1239 539 libet:
1277 496 1374 553 per
1415 495 1502 537 me
1561 454 1705 535 licet.
1742 476 1852 548 Ego
1882 475 2026 531 enim
2048 514 2061 537 ,

2233 471 2429 526 ΓΡΗΓ.
2482 468 2621 522 Ἀλλ’
2650 460 3044 533 ἀντιλαμϐάνου
3071 459 3177 531 ὅπη
3222 457 3317 512 καὶ
3365 454 3570 518 θέλειςο
3612 453 3729 522 ἐγὼ

504 579 814 643 Eubulium,
838 574 1054 631 abunde
1106 572 1240 628 mihi
1290 579 1575 644 suppetere
1607 570 1845 624 arbitror
1871 582 1979 638 quo
2012 573 2064 621 te

503 673 747 735 doceam,
776 677 1035 741 praestare
1060 683 1183 724 eum
1225 668 1318 740 qui
1349 682 1459 722 non
1507 662 1847 733 concupiscit
1873 679 1886 715 :
1920 659 2062 731 quod

503 766 556 821 ni
582 774 755 826 tenes,
785 776 946 818 nemo
977 761 1082 817 erit
1107 760 1200 831 qui
1233 776 1340 815 non
1363 765 1574 830 arguat.

572 852 823 910 EUBUL.
853 852 1044 924 Papae!
1077 850 1297 908 Gaudeo
1330 849 1473 907 enim
1503 847 1832 919 respondere
1861 855 1911 901 te
1934 846 2063 900 mihi

502 947 807 1019 magnifice,
830 961 896 1001 ac
923 952 1127 1022 quanta
1154 943 1417 1015 sapientia
1446 942 1634 997 amnas
1664 949 1957 997 ostentare.

571 1130 777 1188 GREG.
815 1129 1090 1190 Cavillari,
1113 1143 1178 1182 ac
1213 1141 1422 1182 mecum
1452 1125 1627 1196 jocari
1653 1123 1873 1188 videris,
1904 1140 1936 1178 ο
1960 1122 2066 1176 En-

503 1224 733 1297 bulium.

573 1311 821 1369 EUBUL.
856 1310 995 1378 Quid
1025 1312 1098 1364 ita
1135 1310 1303 1365 vero?

572 1402 779 1460 GEEG.
819 1403 974 1475 Quod
1003 1418 1110 1456 non
1143 1415 1288 1462 vere,
1321 1397 1417 1454 sed
1452 1396 1557 1451 mei
1609 1395 1789 1465 potius
1835 1392 2066 1447 irriden-

504 1497 586 1553 ὼε
626 1511 815 1558 causa,
850 1494 976 1549 talia
1004 1506 1292 1548 memores.

574 1586 822 1642 EUBUL.
849 1584 998 1641 Bona
1029 1583 1214 1647 verba,
1238 1597 1445 1652 qnzcso,
1465 1598 1498 1634 ο
1528 1581 1682 1635 beata
1710 1598 1723 1633 :
1754 1585 1899 1632 tuam
1922 1576 2065 1631 enim

504 1680 846 1754 prudentiam
879 1678 1267 1748 exquisitaeqne
1295 1674 1570 1744 sapientia:
1598 1672 1728 1736 vim,
1776 1671 2064 1740 plurimum

506 1774 744 1829 admiror
770 1786 835 1826 ae
862 1770 1005 1825 colo.
1043 1766 1169 1822 Haec
1199 1772 1379 1820 autem
1412 1779 1477 1819 eo
1508 1762 1621 1819 dixi
1651 1762 1795 1832 quod
1850 1760 1917 1815 de
1945 1759 2067 1830 qui-

2164 567 2272 639 γὰρ
2314 563 2531 628 ἱνακῶς,
2571 556 2615 614 ὦ
2657 558 2961 623 Εὐϐούλιον,
2988 553 3191 620 διδάξαι
3231 568 3289 604 σε
3323 548 3450 621 ἔχω,
3495 548 3579 601 ὅτι
3625 545 3729 609 τοῦ,

2164 637 2550 727 ἐπιθυμοῦντος
2578 652 2605 703 ὁ
2639 651 2712 723 μὴ
2739 646 3017 720 ἐπιθυμῶν
3041 644 3307 718 κρείσσων
3331 639 3444 695 ἐστι
3467 654 3481 670 °
3514 638 3607 691 ml.
3634 637 3722 692 οὐ·

2163 749 2271 812 δεὶς
2300 749 2362 801 οὐ
2399 747 2471 817 μή
2504 761 2563 798 σε
2592 742 2807 815 ἐλέγξῃ.

2234 839 2525 895 ΕΥΒι)ΥΛ.
2568 834 2768 890 Βαὸαίῑ
2805 831 2992 903 Χαίρω
3021 826 3149 899 γὰρ,
3167 825 3246 878 ὅτι
3272 841 3360 895 μοι
3392 817 3728 893 μεγαλοφρό-

2166 951 2270 997 νως
2302 930 2587 1004 ἀποκρίνῃ,
2618 928 2711 982 καὶ
2737 922 2995 986 δεικνύεις
3039 920 3160 974 ὅσον
3210 915 3589 985 πεπλούτηκας
3631 909 3728 964 ἐπὶ

2167 1025 2346 1096 σοφίᾳ.
2664 1082 2673 1091 ,

2234 1090 2431 1170 ίἹίΗΓ.
2472 1090 2710 1177 Κωτίλος
2736 1109 2844 1183 (61)
2877 1125 2980 1173 τις,
3014 1105 3089 1171 ὡς
3119 1103 3312 1168 ἔοικεν,
3338 1098 3618 1172 ἄνθρωπος
3645 1090 3730 1148 εἷ-

2165 1228 2253 1266 ναι
2278 1210 2473 1273 δοκεῖς,
2503 1200 2548 1260 ὧ
2582 1203 2892 1259 Εὐϐούλιον.
3264 1250 3281 1266 ,
3378 1196 3388 1206 ’

2234 1300 2523 1355 ΕΥΒΟΥΛ.
2562 1298 2717 1360 Τίνος
2743 1294 2806 1364 δὴ
2837 1292 3023 1365 χάριν;

2234 1394 2430 1448 ΓΡΗΓ.
2476 1392 2595 1444 Ὅτι
2643 1384 3013 1456 τωθαζόμενος
3057 1399 3122 1455 με
3153 1379 3328 1434 ταῦτα
3370 1374 3546 1445 λέγεις
3588 1369 3731 1443 μᾶλ-

2164 1487 2274 1550 λον,
2302 1485 2335 1557 ἢ
2362 1480 2655 1555 ἀληθεύων.

2234 1548 2524 1629 ΕΥῘΒΟΫΛ.
2566 1570 2915 1641 Εύφήμησον,
2948 1558 2992 1618 ὧ
3021 1560 3292 1636 μακαρίαν
3327 1551 3588 1626 θαυμάζω
3614 1548 3733 1622 γὰρ

2169 1669 2369 1740 σφόδρα
2413 1682 2506 1719 σου
2555 1663 2615 1717 τὸ
2654 1660 2865 1715 συνετὸν
2895 1657 2988 1711 καὶ
3018 1650 3384 1729 μεγαλόδοξον.
3402 1643 3542 1716 Ἐγὼ
3567 1642 3732 1697 τοῦτο

2168 1737 2321 1833 ἐιρην,
2353 1761 2434 1814 ὅτι
2466 1757 2593 1828 περὶ
2616 1748 2689 1809 ὧν
2715 1751 2896 1807 πολλοὶ
2927 1750 3062 1823 πρὸς
3088 1746 3310 1807 ἑαυτοὺς
3335 1740 3590 1802 πολλάκις

507 1868 607 1921 bus
640 1863 794 1920 multi
821 1862 1123 1933 sapientum
1156 1859 1354 1929 srepius
1389 1855 1619 1911 invicem
1650 1854 1973 1924 disceptant,
2006 1868 2067 1907 ea

2173 1850 2485 1925 φισὸητοῦσι
2514 1827 2685 1917 σοφοὶ,
2712 1844 2884 1899 ταῦτα
2909 1843 2967 1895 οὐ
3001 1840 3156 1912 μόνον
3184 1834 3507 1890 ἐπίστασθαι
3535 1831 3600 1884 σὺ
3637 1827 3733 1881 λέ-

506 1969 616 2009 non
641 1953 802 2008 modo
831 1952 973 2007 scire
1003 1957 1058 2005 te.
1082 1949 1243 2013 dicis,
1273 1962 1461 2002 verum
1485 1947 1645 2022 etiam
1669 1945 1804 2000 alios
1836 1952 1889 1999 te
1909 1958 2071 2014 posse

508 2045 701 2117 docere
727 2042 997 2113 gloriaris.

575 2130 778 2187 GREG.
808 2129 947 2187 Num
977 2128 1121 2185 enim
1170 2142 1317 2193 vere,
1349 2126 1456 2188 dic,
1491 2123 1670 2189 sodes,
1704 2124 1931 2179 moleste
1973 2122 2071 2176 ha-

507 2224 588 2281 be:
609 2259 626 2284 ,
669 2221 1159 2290 praastareomnino
1192 2218 1285 2290 qui
1315 2232 1423 2271 non
1448 2216 1858 2285 concupiscant,
1887 2214 1953 2271 iis
1976 2214 2069 2284 qui

508 2316 955 2385 concupiscentes
1002 2326 1123 2368 sese
1169 2311 1452 2365 continent
1501 2316 1555 2363 et
1608 2322 1638 2360 a
1682 2306 2070 2377 cupiditatibus

507 2406 952 2477 temperant?An
980 2419 1206 2476 prorsus
1238 2417 1336 2472 per
1365 2401 1470 2457 ista
1497 2400 1626 2455 mihi
1657 2399 1872 2455 illudis?

579 2494 827 2551 EUBUL.
856 2494 973 2563 Qua
1020 2510 1149 2551 vero
1189 2495 1399 2550 ratione
1445 2500 1663 2548 tentans
1709 2491 1904 2563 loquor
1950 2504 2072 2560 qua:

509 2587 720 2659 nescire
754 2603 838 2642 me
865 2586 1072 2642 fatear?
1106 2583 1209 2642 Sed
1241 2602 1358 2659 age,
1382 2586 1600 2655 loquere
1628 2583 1763 2654 jam,
1786 2582 2071 2654 sapientis-

511 2680 646 2735 sima
680 2698 693 2731 :
729 2677 783 2732 in
809 2693 1044 2748 quonam
1073 2677 1363 2743 excellunt,
1393 2677 1487 2748 qui
1535 2692 1642 2731 non
1681 2674 2071 2745 concupiscen-

509 2776 591 2826 tes
621 2769 758 2826 casti
789 2776 950 2836 sunt,
983 2784 1147 2840 supra
1179 2770 1300 2826 illos
1348 2769 1442 2839 qui
1471 2766 1927 2838 concupiscentia:
1957 2766 2070 2821 col-

510 2861 776 2916 luetantes
801 2859 1163 2931 virginitatem
1182 2860 1435 2916 servant?

577 2950 781 3005 GREG.
815 2949 873 3005 In
902 2966 967 3007 eo
987 2952 1218 3021 primum
1242 2952 1382 3021 quod
1407 2952 1579 3021 ipsum
1604 2951 1841 3006 animum
1875 2966 2069 3021 purum

508 3042 728 3105 habent.
759 3057 823 3098 ac
854 3043 908 3097 in
946 3058 1012 3099 eo
1037 3041 1272 3113 Spiritus
1318 3054 1538 3099 sanctus
1585 3058 1797 3112 semper
1825 3043 2066 3105 habitat,

2170 1964 2306 2018 γεις,
2335 1943 2467 1999 ἀλλὰ
2492 1942 2584 1996 καὶ
2613 1940 2878 1994 διδάσκειν
2903 1935 3084 2007 ἕτερον
3114 1929 3372 2003 σεμνύνῃ.

2239 2123 2279 2176 Γ
2282 2121 2433 2175 ΡΗΓ.
2474 2119 2545 2172 Σὺ
2595 2115 2704 2187 γὰρ
2745 2112 2804 2179 ἐξ
2847 2111 3120 2183 ἀληθείας,
3151 2104 3271 2161 εἰπέ
3304 2120 3415 2175 μοι,
3443 2101 3737 2172 δυσχεραί-

2170 2233 2299 2280 νεις,
2334 2215 2382 2266 εἰ
2418 2208 2759 2281 διαφέρουσιν
2803 2205 2936 2268 ὅλως
2964 2201 3075 2275 (62)
3123 2200 3173 2252 οἱ
3220 2196 3295 2270 μὴ
3339 2192 3736 2265 ἐπιθυμοῦντες

2168 2307 2275 2364 τῶν
2303 2302 2707 2375 ἐπιθυμούντων
2743 2315 2801 2352 τε
2837 2297 2930 2352 καὶ
2968 2289 3449 2365 ἐγκρατουμὲνων;
3485 2287 3557 2342 Ἦ
3586 2285 3735 2341 πάν-

2168 2418 2278 2465 τως
2309 2397 2444 2470 ἐμοῦ
2470 2394 2641 2450 ταῦτα
2673 2388 3065 2465 προσπαίζειςς

2241 2489 2530 2545 ΕΥΒΟΥΛ.
2572 2486 2682 2541 Καὶ
2712 2482 2829 2547 πῶς
2860 2473 3282 2550 ἁποπειρωμένη
3309 2472 3438 2544 (6'5),
3472 2470 3505 2543 ἢ
3533 2470 3735 2543 ὁμολο-

2170 2584 2251 2655 γῶ
2286 2583 2360 2656 μὴ
2389 2582 2622 2646 είδέναι;
2656 2577 2796 2633 Ἀλλ’
2828 2574 2921 2637 ἴθι,
2946 2571 3151 2645 φράσον
3180 2568 3322 2639 ἐμοὶ,
3345 2557 3397 2616 ὧ·
3421 2562 3732 2656 σοφωτάτη,

2169 2651 2645 2744 τινι-διαφέρουσιν
2679 2667 2730 2720 oi
2761 2665 2835 2737 μὴ
2868 2658 3257 2732 ἐπιθυμοῦντες
3287 2656 3383 2709 καὶ
3412 2651 3736 2724 ἁγνεύοντες

2170 2768 2277 2822 τῶν
2306 2763 2706 2836 ἐπιθυμούντων
2738 2775 2797 2812 τε
2826 2756 2921 2811 καὶ
2953 2749 3384 2826 παρθενευὼτων
3419 2794 3421 2799 .

2239 2948 2435 3003 ΓΡΗΓ.
2472 2947 2588 3001 ’Ότι
2620 2942 2834 3015 πρῶτον
2879 2938 2979 3010 μὲν
3023 2932 3265 3006 καθαρὰν
3310 2929 3519 3002 ἔχουσιν
3555 2922 3735 2995 αὐτὴ)

2168 3042 2265 3114 τὴν
2299 3039 2492 3111 ψυχὴν,
2524 3038 2613 3091 καὶ
2642 3036 2727 3089 ἀεὶ
2752 3033 2813 3087 τὸ
2843 3028 3065 3101 Πνεῦμα
3087 3027 3145 3081 τὸ
3168 3028 3319 3095 ἆγιον
3347 3026 3403 3076 ἐν
3430 3021 3565 3090 αὐτῇ
3598 3034 3737 3073 κατ-

508 3148 667 3204 qnem
696 3132 878 3188 nullus
899 3132 1559 3202 distrahatcogitationum
1576 3109 1760 3193 testu—5.
1787 3148 2067 3188 serenum-

2173 3135 2339 3197 οικεῖ,
2499 3123 2918 3198 περιελκομὲνης
2957 3117 3125 3188 αὐτῆς
3170 3117 3264 3169 καὶ
3312 3109 3737 3181 ἐπιθολουμένης

2387 3222 2396 3230 ·
2582 3218 2594 3230 ι
2631 3217 2648 3230 α
2854 3217 2877 3230 σο
2935 3213 2994 3230 νη
3015 3209 3193 3230 ημ-ομ
3249 3206 3378 3230 ειη-
3407 3205 3496 3230 ---ι
3521 3203 3618 3230 -.τ-
3646 3205 3709 3230 ι..

508 3243 614 3298 que
653 3218 849 3284 mentis
901 3226 1158 3296 impudici
1191 3237 1368 3281 motus
1417 3242 1716 3296 sensusque
1769 3225 1898 3279 nulli
1948 3225 2070 3278 infi-

507 3319 673 3386 ciant,
707 3325 765 3372 ut
793 3319 874 3374 vel
906 3333 968 3374 ea
1012 3325 1164 3389 parte
1216 3317 1375 3371 ullam
1418 3333 1651 3387 unquam
1704 3316 1947 3370 incurrat
1993 3315 2070 3367 la-

508 3412 627 3467 bem
654 3429 669 3467 :
699 3411 792 3482 qui
820 3412 1075 3466 nimirum
1102 3421 1213 3465 tum
1244 3426 1407 3465 carne
1441 3417 1552 3463 tum
1598 3410 1811 3485 animo,
1866 3407 2069 3464 sedatis

509 3502 792 3575 aﬂectibus
821 3518 884 3557 ac
911 3503 1207 3574 tranquillo
1232 3502 1504 3569 fruentes,
1556 3502 1908 3573 cupiditatem
1955 3516 2071 3555 om-

508 3595 658 3650 nin0'
673 3609 779 3649 non
802 3594 1114 3649 admittunt.
1149 3594 1252 3661 Qui
1284 3611 1413 3651 vero
1441 3611 1698 3651 sensuum
1720 3594 1852 3649 visis
1881 3593 2065 3660 illecti,

509 3685 762 3754 obscenis
794 3685 976 3740 animo
1024 3687 1352 3757 imaginibus
1384 3688 1670 3742 turbantur
1693 3725 1708 3751 ,
1760 3685 2069 3741 distillatio-

510 3791 742 3846 nemque
762 3777 904 3831 velut
942 3793 1036 3848 per
1064 3778 1231 3833 rimas
1254 3778 1309 3832 in
1339 3794 1436 3832 cor
1465 3778 1739 3834 influentis
1756 3776 2068 3847 cupiditatis

509 3868 797 3939 recipiunt,
837 3870 1059 3940 perinde
1085 3871 1281 3941 sapius
1311 3870 1645 3940 polluuntur,
1674 3876 1970 3941 putantque
2010 3884 2069 3924 se

509 3959 681 4033 obniti
722 3967 882 4031 atque
915 3976 1093 4033 pugna
1126 3961 1366 4033 defungi,
1395 3976 1519 4015 cum
1552 3962 1733 4015 animo
1757 3960 2064 4014 vincantur.

579 4051 830 4108 EUBUL.
861 4051 1003 4123 Ergo
1028 4068 1193 4124 puros
1216 4068 1310 4108 eos
1338 4052 1581 4108 dicemus
1603 4052 1694 4122 qui
1721 4066 1912 4107 sereno
1946 4065 2070 4121 gau-

508 4145 704 4211 deant,
747 4161 809 4199 ac
844 4146 1040 4215 quibus
1073 4146 1341 4216 cupiditas
1375 4161 1468 4201 seu
1512 4145 1680 4200 libido
1714 4144 1849 4200 nihil
1901 4145 2069 4198 inter—

507 4238 687 4293 turbet
700 4238 725 4292 ?
1244 4308 1251 4313 ἱ

580 4327 783 4384 GREG.
819 4328 1036 4401 Utique.
1068 4330 1178 4389 Hos
1217 4330 1359 4387 enim
1387 4331 1542 4398 tales,
1567 4330 1659 4402 qui
1698 4336 1752 4385 et
1780 4328 1910 4385 deos
1939 4327 2070 4382 facit

510 4424 567 4480 in
590 4423 1049 4489 beatitudinibus,
1080 4424 1382 4480 indubitata
1417 4432 1597 4480 mente
1641 4422 1925 4479 eredentes
1947 4461 1963 4486 ,
2010 4419 2070 4474 li-

2172 3222 2484 3295 φαντασίαις
2514 3218 2604 3272 καὶ
2631 3217 2905 3286 λογισμοῖς
2926 3209 3215 3283 ἀκρασίας,
3246 3206 3382 3261 ὥστε
3407 3205 3502 3258 καὶ
3521 3203 3618 3273 τῆς
3644 3205 3740 3256 ἐν-

2170 3318 2451 3390 θυμήσεως
2477 3307 2873 3381 ἐπιλωϐηθῆναί
2904 3323 3032 3359 ποτε
3056 3322 3070 3336 ο
3103 3303 3213 3358 ἀλλ’
3237 3301 3370 3355 εἰσὶν
3394 3297 3735 3390 ἁνεπίδεκτοι

2170 3384 2344 3478 πάντη
2372 3404 2466 3458 καὶ
2491 3403 2630 3458 κατά
2654 3400 2752 3473 τὴν
2777 3399 2951 3470 σάρκα
2980 3396 3075 3451 καὶ
3096 3394 3189 3466 τὴν
3213 3392 3437 3465 καρδίαν
3463 3384 3604 3444 οῦτοι
3628 3388 3735 3459 τῆς

2170 3496 2482 3569 ἐπιθυμίας,
2515 3493 2751 3564 γαλήνην
2786 3490 3010 3558 ἄγοντες
3054 3485 3158 3540 τῶν
3190 3482 3542 3554 παθημάτων.
3580 3481 3644 3532 Οἱ
3674 3478 3737 3532 δὲ

2168 3590 2255 3645 διὰ
2284 3588 2384 3659 τῆς
2411 3584 2582 3656 ὅψεως
2614 3582 2808 3649 ἔξωθεν
2833 3577 3203 3649 δελεαζόμενοι
3235 3576 3353 3638 ταῖς
3386 3570 3735 3643 φαντασίαις,

2169 3677 2261 3731 καὶ
2287 3658 2669 3747 ἐπεισρέουσαν
2692 3668 2964 3739 δεχόμενοι
2989 3665 3086 3737 τὴν
3115 3663 3403 3735 ἐπιθυμίαν
3429 3662 3582 3732 δίκην
3606 3658 3740 3730 ῥεύ-

2172 3785 2337 3840 ματος
2368 3769 2448 3831 εἰς
2479 3766 2576 3836 τὴν
2617 3761 2863 3834 καρδίαν,
2896 3759 3047 3813 ούδέν
3072 3753 3232 3831 ἧττον
3268 3754 3582 3827 μολύνονται
3603 3752 3741 3805 ’.τολ-

2168 3861 2340 3924 λάκις,
2387 3859 2479 3913 καὶ
2522 3856 2828 3928 νομίζουσιν
2867 3851 3305 3921 ἀντιφιλονεικεῖν
3338 3847 3430 3900 καὶ
3466 3845 3739 3918 μάχεσθαι

2170 3951 2304 4022 πρὸς
2332 3948 2428 4012 τὰς
2454 3947 2665 4019 ἡδονὰς,
2696 3942 2993 4015 ἡττώμενοι
3017 3940 3108 3994 τὸν
3137 3938 3412 4011 λογισμόν.

2236 4041 2526 4095 ΕΥΒΟΥΛ.
2568 4038 2774 4092 Οὐκοῦν
2806 4039 2928 4100 τοὺς
2951 4034 3188 4106 γαλήνην
3216 4033 3462 4102 ἄγοντας,
3509 4028 3603 4082 καὶ
3659 4027 3741 4099 μὴ

2166 4133 2574 4206 διοχλουμένους
2615 4131 2719 4185 ὑπὸ
2766 4129 2866 4200 τῆς
2908 4125 3234 4197 ἐπιθυμίας,
3281 4123 3505 4193 λέξομεν
3560 4120 3743 4175 καθα-

2169 4241 2324 4298 ρουςς
3269 4272 3281 4293 .

2238 4316 2432 4370 ΓΡΗΓ.
2473 4316 2584 4368 Καὶ
2630 4311 2789 4384 μάλα.
2818 4309 3051 4372 Τούτους
3095 4308 3202 4382 γὰρ
3250 4306 3521 4368 τοιούτους
3560 4307 3590 4358 ὁ
3638 4306 3742 4359 κε.νᾶ⁸

2169 4411 2322 4473 θεοὺς
2349 4408 2435 4461 διὰ
2460 4407 2567 4460 τῶν
2593 4400 2952 4476 μακαρισμῶν
2971 4399 3411 4471 ἀπεργαζόμενος
3430 4397 3554 4461 τοὺς
3571 4398 3739 4450 ἀνεν-

507 4515 638 4572 bere
658 4514 825 4571 Deum
866 4515 1081 4571 visuros
1126 4514 1269 4572 Deus
1302 4516 1616 4587 pronuntiat
1640 4517 1723 4570 “.z
1758 4514 1901 4585 quod
1932 4512 2067 4568 nihil

2173 4504 2425 4565 δοιάστως
2487 4498 2635 4569 αὐτῷ
2682 4494 3029 4558 πιστεύοντας
3086 4491 3239 4555 θεὸς,
3291 4490 3517 4560 ὄψεσθαι
3594 4489 3743 4560 μετὰ

505 4603 830 4669 obscurans,
858 4613 952 4658 aut
979 4604 1179 4661 mentis
1221 4607 1435 4660 oculum
1463 4606 1760 4671 obturbans
1792 4603 2019 4658 aﬂerunt
2046 4642 2062 4677 ,

580 4744 626 4779 ²²
675 4740 867 4807 Matth.
897 4758 951 4810 ν,
981 4740 1034 4797 8.

505 4865 625 4934 ejus
649 4881 707 4920 se
732 4865 875 4925 dicta
901 4872 1147 4921 astruere
1177 4878 1242 4934 ac
1259 4863 1575 4934 opinionem
1601 4862 1811 4929 fulcire,
1830 4860 2031 4934 diceret
2054 4878 2067 4915 :

503 4932 606 4992 eisi
638 4937 686 4991 is
712 4936 787 4990 illi
821 4935 959 4990 forte
990 4950 1188 5004 scopus
1216 4933 1599 5004 diSputationis
1625 4933 1875 5004 exsistat.
1897 4932 2067 4986 Cous.

576 5006 689 5079 (σι)
717 5001 1112 5079 κωτίλος.)ῑὰ
1159 5001 1462 5059 Possinius.
1520 5003 1589 5056 At
1628 5002 1858 5061 Allatius
1909 5004 2071 5071 ⁸Σκω-

505 5072 715 5145 πτελος,
738 5076 983 5129 mordax.
1017 5072 1093 5128 lo.

576 5147 773 5217 (ὅθ)δί
802 5145 1186 5215 διαφέρουσιν
1206 5144 1379 5217 ὅλως.
1410 5142 1552 5217 Bene
1585 5142 1898 5217 Possiniusl
1936 5157 2071 5217 pra:-

505 5211 687 5279 sta're.“
718 5232 826 5284 Quo
860 5211 1021 5268 sénSu
1058 5229 1190 5267 voce
1232 5213 1630 5285 διαφορώτερον
1685 5230 1817 5285 usus
1866 5211 2068 5285 Paulus

508 5285 672 5340 llebr.
699 5283 823 5347 1,74,
857 5285 947 5338 tibi
1009 5286 1234 5353 interpr.
1273 5283 1634 5353 differentias;
1674 5284 1816 5354 quod
1866 5283 2068 5354 clarius

506 5356 723 5417 fuisset,
756 5357 1115 5423 prwstantius,
1153 5351 1520 5409 'excelltmtius.
1564 5351 1706 5410 Bene
1734 5364 1910 5408 autem
1959 5351 2069 5423 Meg

507 5427 728 5480 tbodius
758 5422 814 5479 in
840 5439 1071 5493 persona
1101 5424 1342 5492 Gregorii
1375 5428 1578 5495 primas
1612 5426 1803 5479 tribuit
1857 5425 1941 5477 bis
1973 5422 2067 5492 qui

506 5506 634 5551 sunt
655 5497 966 5564 depurgata:
993 5496 1212 5558 mentis,
1235 5502 1286 5549 et
1318 5497 1486 5564 ipsam
1520 5496 1696 5566 adepti
1730 5502 1857 5549 sunt
1880 5495 2073 5566 imper-

505 5563 849 5621 turbationis’
875 5579 1075 5635 arcem,
1118 5575 1176 5618 ut
1206 5580 1305 5619 nec
1338 5563 1575 5620 animus
1623 5563 2068 5635 cogitationibus,

505 5652 606 5758 {nec
634 5651 834 5718 corpus
873 5633 1014 5716 fieda
1059 5635 1166 5688 ulla
1222 5635 1445 5690 libidine
1478 5633 1721 5696 sordeat,
1772 5635 1866 5690 sed
1923 5642 2071 5687 totus

526 5721 667 5758 nomo
698 5705 790 5758 Dei
814 5706 1176 5758 habitaculum
1201 5706 1606 5758 nacatissimnm
1630 5707 1878 5758 exsistat.
1896 5718 2067 5758 ouan-

526 5721 667 5760 tomo
698 5705 790 5761 Dei
814 5705 1176 5760 habitaculum
1201 5706 1606 5776 pacatissimum
1630 5707 1878 5766 exsistat,
1896 5718 2067 5776 quan-

505 5784 619 5847 tuir
658 5792 753 5847 per
781 5778 880 5832 via:
911 5784 1109 5831 statum
1139 5774 1365 5845 ejusque
1414 5777 1801 5847 perfectionem
1834 5774 2064 5847 necdum

505 5844 808 5917 absolutam
840 5854 893 5902 et
919 5847 973 5902 in
1011 5846 1244 5902 termino
1280 5844 1438 5910 licet;
1487 5847 1702 5900 tametsi
1748 5846 1852 5899 hoc
1886 5844 2063 5898 ipsum

2174 4594 2481 4672 παρρησίας
2519 4589 2920 4660 ἀποφθέγγεται
2965 4586 3056 4639 τὸν
3105 4584 3236 4639 Θεόν
3259 4600 3273 4613 °
3310 4584 3391 4636 ὅτι
3423 4580 3587 4653 μηδὲν
3614 4581 3745 4634 ἐπι-

2172 4864 2416 4912 evertere
2445 4853 2654 4908 videtur
2684 4850 2737 4904 in
2765 4863 2994 4919 persona
3026 4842 3241 4919 Eubulii
3278 4858 3291 4893 :
3327 4853 3448 4919 qua;
3481 4837 3596 4919 ipsa
3616 4852 3738 4919 non

2171 4911 2401 4981 arduum
2431 4923 2742 4979 conciliare.
2761 4911 2924 4990 penes
2959 4915 3189 4972 arduum
3219 4929 3286 4969 ex
3325 4911 3540 4981 obiecto
3578 4916 3634 4964 et
3662 4924 3740 4964 ex

2170 4996 2399 5065 subjecti
2429 4989 2852 5065 imperfectione.
2884 4989 2961 5065 lo.

2240 5048 2520 5136 ξόῗῆηῷξ
2542 5059 3008 5136 ἀποπειρωμένη.
3033 5053 3322 5136 Eubulium
3356 5048 3539 5136 refert,
3569 5064 3737 5136 ‘non‘.

2171 5118 2560 5199 ut‘lio’ssinius,
2584 5118 2900 5203 Grego'riti'm
2928 5146 2944 5195 ;
2971 5118 3118 5203 apud
3148 5139 3306 5203 quem
3354 5121 3493 5203 male
3532 5118 3614 5203 τὸ,
3662 5120 3739 5203 με

2169 5208 2388 5267 εἰδέναι.
2442 5192 2558 5276 pro,
2612 5192 2938 5274 μὴνεὶδέναιξ
2966 5192 3125 5276 Clara
3148 5192 3416 5250 sententia
3450 5207 3463 5243 :
3491 5192 3740 5276 ostendit

2169 5259 2278 5333 non
2314 5259 2557 5332 tentandi
2590 5259 2754 5329 caiisa
2785 5270 3091 5343 percontari
3120 5280 3247 5343 qua:
3281 5279 3339 5318 se
3382 5260 3595 5343 nescire
3649 5259 3739 5343 fat

2168 5358 2377 5413 teatur;
2416 5347 2491 5401 uti
2534 5346 2695 5405 etiam
2737 5333 2970 5413 reddidit
2999 5333 3412 5413 Allatius,_apud
3460 5347 3618 5401 quem
3642 5341 3740 5384 est

2171 5409 2530 5474 masculinum
2562 5411 3006 5487 ἀποπειρώμενος
3036 5428 3048 5464 :
3088 5411 3167 5487 sic
3195 5409 3354 5487 etiam
3381 5416 3544 5487 supra
3598 5415 3738 5480 pro-

2171 5472 2403 5552 miscue,
2428 5488 2544 5541 sive
2579 5486 2648 5539 ab
2681 5472 2998 5551 antiquario‘
3017 5488 3101 5535 est
3131 5479 3245 5552 haec
3274 5472 3589 5552 ἀδιαφορία,
3613 5472 3739 5552 sive

2173 5542 2404 5629 ab'ipso
2447 5542 2998 5629 Methodio;_r_at_ione
3026 5568 3055 5603 a
3089 5565 3177 5629 me
3221 5547 3331 5628 jam
3360 5559 3424 5597 ex
3467 5542 3740 5629 qustolu

2174 5612 2473 5692 insinuata,
2496 5627 2639 5697 quod
2665 5628 2719 5697 in
2740 5612 2996 5697 TCbristo,
3030 5628 3084 5676 et
3113 5628 3172 5675 nt
3211 5612 3295 5697 sis
3338 5612 3739 5697 sponsa_()liri-

2175 5684 2328 5771 stivae
2356 5684 2530 5771 virgo;
2565 5695 2783 5767 perinde
2818 5701 2923 5758 est,
2955 5692 3066 5747 sive
3092 5687 3370 5744 masculus
3392 5684 3505 5738 sive
3530 5684 3735 5737 femina

2173 5775 2266 5826 sis.
2299 5770 2371 5827 in.
