4010 6328
212 305 306 352 ιη

1290 300 1669 359 couvuvruu
1710 300 1937 357 DECEM
1970 277 2335 359 'vutctuun.

3319 294 3425 361 218

214 413 431 469 σκοτοῦν
455 416 489 486 ἢ
518 418 883 488 συνταράσσον
909 418 993 471 τὸν
1019 417 1292 489 ὀφθαλμὸν
1319 419 1414 489 τῆς
1436 417 1609 488 ψυχῆς
1637 417 1769 488 πρὸς

1879 432 1977 486 quo
2006 417 2186 473 minus
2215 417 2286 481 ,in
2338 415 2431 472 Dei
2480 415 2743 473 visionem
2776 419 3094 489 intendant;
3143 422 3237 477 scd
3280 425 3427 477 omni

213 507 303 578 τὴν
327 505 476 560 θείαν
510 508 861 580 ἐπιφέρονται
895 510 1147 582 Θεωρίαν·
1174 509 1284 563 ἀλλ’
1316 511 1469 575 ἐκτὸς
1494 512 1771 579 γεγονότες

212 600 314 653 τῶν
343 598 579 671 ὀρέξεων
603 602 775 673 πάντη
807 601 916 655 τῶν
945 602 1241 673 κοσμικῶν,
1269 602 1364 673 τὴν
1404 603 1579 673 σάρκα
1602 602 1771 655 καθα-

219 692 308 763 ρὰν
350 692 410 743 οὐ
463 692 647 761 μόνον,
681 693 755 756 ῶς
796 693 949 765 ἔφην,
983 693 1181 765 μίξεως
1220 692 1494 765 τηροῦσιν,
1531 694 1643 747 ἀλλ’
1670 694 1769 765 ἢδη

215 784 301 836 καὶ
329 784 429 854 τὴν
454 785 685 855 καρδίαν
717 787 1059 840 ἀνεπίδεκτον
1090 787 1359 857 λογισμῶν
1397 787 1683 858 ἀκρασίας,
1714 789 1770 839 ὲν

216 869 246 948 ᾖ
274 875 505 945 μάλιστα
552 876 648 929 καὶ
685 877 745 930 τὸ
787 878 959 947 ἆγιον,
986 877 1060 941 ὡς
1088 880 1145 931 ὲν
1173 878 1302 948 ναῷ,
1338 879 1617 931 κατοικοῦν
1644 881 1771 933 ἀνα-

216 968 440 1020 παύεται
466 968 715 1039 Πνεῦμα.

278 1056 571 1110 ΕΥΒΟΥΛ.
620 1058 748 1127 Ἔχε
796 1058 881 1130 δή.
926 1055 1087 1129 Οἶμαι
1136 1061 1240 1132 γὰρ
1290 1061 1381 1113 ἐπὶ
1426 1060 1522 1130 τὴν
1557 1058 1769 1131 εὖρεσιν

217 1149 315 1203 τῶν
340 1149 510 1212 ὅντως
535 1151 857 1221 κρειττόνων
886 1150 1167 1223 ὀρθότερον
1197 1154 1341 1223 ἡμᾶς
1369 1150 1612 1205 ἐντεῦθεν
1635 1151 1768 1203 διελ-

218 1241 338 1296 θεῖν.
369 1240 479 1295 Καί
512 1258 604 1313 μοι
631 1243 865 1315 φράσον’
902 1243 1079 1307 καλεῖς
1118 1261 1236 1297 τινα
1268 1244 1601 1317 κυϐερνήτην
1634 1246 1769 1313 ἀγα-

218 1332 334 1397 06v;

279 1426 474 1481 ΓΡΗΓ.
522 1428 759 1496 Ἔγωγε.

278 1517 576 1573 ΕΥΒΟΥΛ.
620 1520 851 1590 Πότερον
879 1518 968 1573 τὸν
988 1520 1045 1573 ἐν
1078 1521 1337 1591 μεγάλαις
1358 1523 1449 1576 καὶ
1475 1523 1771 1594 ἀμηχάνοις

216 1608 590 1679 περισώσαντα
642 1610 827 1675 ζάλαις
875 1612 934 1665 τὸ
990 1614 1279 1687 σκάφος,ῆ
1331 1617 1418 1670 τὸν
1471 1620 1527 1670 ὲν
1565 1618 1772 1690 γαλήνῃ

216 1700 466 1771 νηνεμίῃ

276 1882 317 1935 Γ
320 1882 474 1935 ΡΗΓ.
522 1883 628 1936 Τὸν
664 1882 721 1934 ὲν
757 1880 1015 1954 μεγάλαις
1042 1882 1137 1937 καὶ
1162 1884 1481 1956 ἀμηχάνοις.

277 1974 574 2029 ΕΥΒΟΥΛ.
618 1974 822 2028 Οὐκοῦν
850 1977 941 2029 καὶ
968 1975 1141 2047 ψυχὴν
1164 1977 1259 2048 τὴν
1287 1980 1772 2055 περιαντλονμένην

219 2069 321 2129 ταῖς
342 2065 669 2137 τρικυμίαις
696 2068 801 2119 τῶν
830 2066 1183 2138 παθημάτων,
1214 2071 1305 2123 καὶ
1335 2073 1406 2143 μὴ
1435 2074 1774 2145 ἀποκάμνον-

224 2178 308 2214 σαν
335 2162 370 2231 ἢ
400 2160 757 2232 ὲκλνομένην,
788 2160 919 2214 ἀλλά
951 2161 1013 2214 τὸ
1046 2163 1267 2231 σκάφος,
1301 2165 1396 2236 τὴν
1424 2167 1617 2238 σάρκα,
1650 2186 1772 2237 γεν-

222 2254 368 2317 ναίως
394 2255 478 2317 είς
509 2253 705 2325 λιμένα
732 2254 823 2307 τὸν
857 2258 954 2327 τῆς
978 2256 1323 2329 σωφροσύνης
1351 2260 1771 2328 ἀπευθύνουσαν,

225 2344 431 2415 λέξομεν
461 2346 567 2414 τῆς
598 2348 653 2398 ἐν
683 2346 831 2417 εὑδίᾳ
860 2348 1211 2419 πλοῖζομένης
1240 2349 1519 2420 κρείττονα
1560 2353 1650 2405 καὶ
1690 2353 1775 2407 δο-

224 2437 413 2507 κιμωτέ
418 2455 546 2508 ραν.

288 2621 481 2674 ῙῬΗΓ.
530 2620 791 2691 Λέξομεν.

290 2715 579 2767 ΕΥΒΟΥΛ.
628 2713 699 2766 Τὸ
730 2714 837 2785 γὰρ
876 2714 1203 2785 ἁρμόζεσθαι
1235 2714 1367 2787 πρὸς
1409 2714 1506 2780 τὰς
1548 2714 1776 2786 ἐμϐολὰς

230 2802 325 2855 τῶν
351 2821 639 2873 καταφνση
651 2805 831 2873 μάτων
849 2802 941 2855 τοῦ
970 2804 1200 2875 πονηροῦ
1229 2804 1552 2875 πνεύματος,
1585 2807 1675 2859 καὶ
1705 2805 1777 2877 μὴ

232 2896 704 2967 ἀποῤῥίπτεσθαιῆ
737 2895 1006 2957 νικᾶσθαι,
1036 2896 1169 2950 ἀλλά
1198 2898 1370 2951 πάντα
1397 2898 1529 2967 πρὸς
1551 2897 1777 2968 Χριστὸν

233 2987 565 3052 ἀνανεύοντα,
599 2987 883 3059 καρτερῶς
915 2988 1173 3057 μάχεσθαι
1194 2992 1311 3052 ταῖς
1337 2990 1567 3059 ἡδοναῖς,
1603 2988 1780 3059 μείζο-

1869 522 2050 562 rerum
2081 507 2419 563 saecularium
2450 506 2744 577 cupiditate
2764 509 3060 579 eliminata,
3084 513 3279 566 nedum
3308 528 3431 567 car-

1869 613 1992 653 nem
2019 638 2033 662 ,
2061 599 2141 652 uti
2168 599 2436 661 dicebam,
2467 615 2496 653 a
2530 598 2807 655 libidinosi
2834 615 3163 672 congressus
3194 607 3430 676 turpitu-

1869 688 1993 744 dine
2025 689 2317 745 immunem
2358 698 2611 758 servant;
2642 707 2827 746 verum
2863 694 3023 747 etiam
3049 702 3107 747 ut
3134 696 3318 750 condis
3340 711 3432 765 pe-

1870 782 2074 837 netrale
2104 782 2179 851 (in
2213 800 2322 853 quo
2353 790 2406 838 et
2450 785 2701 845 maxime,
2730 794 2787 838 ut
2833 784 2887 838 in
2940 787 3159 856 templo,
3196 786 3430 857 Spiritus

1870 881 2092 928 sanctus
2120 874 2455 944 conquiescit
2484 882 2537 929 et
2580 876 2806 945 habitat)
2839 878 3003 932 nullis
3032 879 3286 935 obscenis
3337 894 3430 933 co-

1870 966 2217 1035 gitationibus
2250 974 2445 1035 pateat.
2475 968 2663 1021 sedulo
2685 977 2884 1022 navant
2918 984 3155 1039 operam.

1943 1056 2193 1113 EUBUL.
2227 1056 2369 1113 Siste
2421 1060 2553 1127 jam.
2612 1059 2746 1114 Puto
2777 1063 2918 1115 enim
2969 1062 3034 1115 ad
3069 1062 3431 1135 investigatio-

1871 1162 1993 1201 nem
2019 1150 2139 1218 ejus
2186 1150 2329 1220 quod
2360 1167 2483 1206 vere
2535 1154 2880 1222 praestantius
2924 1162 3006 1208 est
3032 1194 3047 1219 ,
3084 1158 3283 1213 rectius
3329 1175 3430 1214 nos

1871 1239 1998 1296 hinc
2041 1258 2443 1314 progressurus.
2481 1244 2595 1311 Dic,
2623 1262 2829 1318 quaeso,
2860 1261 3025 1305 vocas
3066 1249 3297 1322 aliquem
3328 1253 3429 1308 bo-

1872 1350 2000 1389 num
2032 1336 2486 1405 gubernatorem?

1941 1426 2145 1483 GREG.
2183 1427 2343 1485 Sane.

1941 1518 2189 1574 EUBUL.
2243 1520 2413 1586 Quem
2462 1523 2635 1577 vero?
2671 1523 2752 1577 An
2804 1540 2926 1579 eum
2961 1526 3052 1597 qui
3113 1527 3167 1582 in
3220 1532 3430 1601 magnis

1872 1609 2471 1680 vehementissimisque
2502 1614 2913 1682 tempestatibus
2951 1630 3141 1670 navem
3179 1633 3430 1676 servave-

1875 1701 1978 1767 rit;
2012 1715 2079 1755 an
2109 1702 2203 1771 qui
2254 1702 2393 1758 idem
2449 1705 2505 1758 in
2552 1720 2744 1759 serena
2795 1708 3185 1778 tranquillitate
3218 1713 3431 1783 praasti-

1872 1793 2035 1847 terit?

1940 1884 2144 1939 GREG.
2182 1883 2379 1955 Utique
2399 1886 2489 1955 qui
2527 1886 2580 1941 in
2616 1890 2825 1958 magnis
2861 1898 2914 1944 et
2938 1890 3143 1947 arduis.

1942 1975 2191 2033 EUBUL.
2217 1977 2382 2047 Igitur
2412 1986 2465 2032 et
2500 1980 2738 2033 animum
2774 1983 2931 2036 saavis
2960 1984 3426 2053 perturbationum

1872 2066 2123 2122 ﬂuctibus
2149 2067 2440 2136 jactatum,
2493 2084 2591 2123 nec
2629 2080 2909 2139 propterea
2959 2080 3209 2124 conatum
3242 2072 3431 2125 remit-

1874 2169 2070 2216 tentem
2106 2168 2198 2214 aut
2228 2160 2711 2225 fatiscentem,vsed
2729 2163 2972 2232 cymbam
2998 2203 3012 2225 ,
3060 2178 3274 2217 carnem
3322 2164 3429 2215 uti-

1872 2270 1995 2323 que,
2031 2254 2227 2307 invicta
2258 2253 2504 2324 generosi
2536 2254 2794 2323 pr0positi
2825 2255 3129 2307 constantia
3165 2255 3229 2307 ad
3262 2256 3430 2307 casti-

1872 2346 1999 2399 tatis
2034 2354 2247 2416 portum
2281 2345 2599 2415 dirigentem
2631 2385 2645 2409 ,
2709 2345 3140 2414 praestantiorem
3185 2345 3429 2400 dicemus

1874 2438 2216 2507 probataaque
2243 2438 2410 2506 magis
2444 2437 2675 2498 virtutis,
2704 2452 2793 2500 eo,
2825 2438 2914 2506 qui
2958 2437 3011 2490 in
3050 2437 3277 2491 malacia
3332 2451 3429 2507 pa-

1874 2531 1979 2583 cati
2002 2529 2165 2587 maris
2194 2544 2317 2581 sccu
2330 2544 2382 2582 re
2403 2528 2746 2597 jucundeque
2776 2528 3006 2597 navigat.

1944 2618 2148 2672 GREG.
2196 2619 2469 2674 Dicemus.

1874 2716 1895 2743 ’³
1945 2711 2192 2768 EUBUL.
2220 2711 2350 2765 Nam
2380 2711 2546 2765 obniti
2574 2712 2931 2766 renitentibus
2973 2720 3254 2766 ventorum
3286 2709 3427 2765 ﬂati-

1876 2805 1999 2868 bus,
2022 2820 2159 2872 quos
2204 2810 2391 2857 contra
2444 2802 2684 2854 immittit
2740 2819 2970 2872 nequam
3024 2805 3289 2874 spiritus:
3329 2819 3428 2858 nec

1877 2895 2074 2951 inﬂecti
2104 2905 2281 2949 tamen
2313 2909 2548 2964 unquam
2571 2896 2796 2963 dejicivc
2820 2904 2912 2949 aut
2940 2896 3107 2963 vinci;
3157 2895 3286 2965 quin
3334 2909 3430 2963 po-

1876 2987 1985 3041 tius
2017 2986 2196 3039 animo
2245 3000 2456 3053 semper
2503 2984 2555 3037 in
2585 2984 2857 3039 Christum
2920 2985 3163 3049 intento,
3221 2984 3432 3037 fortiter

236 3096 304 3131 να
332 3077 417 3132 τὸν
453 3081 666 3133 ἔπαινον
690 3080 864 3153 φέρει,
894 3080 987 3133 τοῦ
1023 3082 1156 3153 μετὰ
1186 3081 1461 3155 ῥᾳστώνης
1495 3083 1776 3155 ἀχειμαστὶ

1883 3093 2182 3149 repugnare
2214 3077 2597 3145 voluptatibus,
2631 3079 2887 3146 majorem
2922 3076 3161 3146 profecto
3214 3074 3427 3129 iaudem

235 3170 464 3241 παρθενε

296 3352 487 3410 ΓΡΗΓ.
534 3354 737 3404 Ἐοικε.

294 3444 585 3499 ΕΥΒΟΥΛ.
633 3446 696 3496 Τί
724 3444 778 3496 δὲ
813 3444 905 3496 καὶ
932 3446 959 3496 ὁ
985 3442 1184 3514 Κύριος
1208 3460 1221 3507 ;
1257 3444 1329 3497 Οὐ
1356 3443 1499 3496 δοκεῖ
1516 3442 1781 3497 δεικνύναι

230 3536 492 3609 διαφέρειν
522 3538 613 3589 τὸν
642 3535 1004 3607 ἐπιθυμοῦντα
1038 3536 1231 3606 μᾶλλον
1266 3536 1356 3589 καὶ
1392 3535 1784 3605 ἐγκρατεύοντα

232 3628 315 3680 τοῦ
350 3628 422 3698 μὴ
448 3627 846 3699 ὲπιθυμοῦντός
871 3646 930 3681 τε
964 3629 1057 3681 καὶ
1091 3628 1544 3701 παρθενεύοντος;

291 3898 488 3950 rpur.
532 3898 646 3951 Ποῦ
680 3899 775 3969 δή;

293 3987 588 4041 ΕΙἮΟΥΛ.
639 3988 803 4039 Ἔνθα
852 3986 940 4039 τὸν
974 3987 1228 4059 φρόνιμον
1259 3986 1614 4058 παραϐάλλων
1644 3986 1786 4058 οἰκίᾳ

232 4079 663 4151 τεθεμελιωμένῃ
696 4079 892 4142 καλῶς,
923 4080 1165 4132 ἄπτωτον
1206 4079 1366 4131 αὑτὸν
1413 4078 1783 4146 ἀποφαίνεται,

234 4172 297 4239 μὴ
326 4171 628 4240 δυνάμενον
661 4171 767 4223 ἀπὸ
794 4172 888 4241 τῆς
922 4171 1117 4241 βροχῆς
1142 4171 1235 4223 καὶ
1275 4170 1378 4223 τῶν
1413 4171 1667 4240 ποταμῶν
1694 4171 1786 4223 καὶ

230 4261 328 4313 τῶν
362 4263 578 4334 ἀνέμων
610 4263 1032 4333 καταϐληθῆναι·
1062 4266 1182 4326 ταῖς
1216 4263 1313 4333 μὲν
1348 4262 1677 4332 ἐπιθυμίαις,
1711 4263 1787 4327 ὡς

231 4354 417 4420 ἔοικεν,
447 4356 764 4421 ἀπεικάζων
803 4357 925 4420 τοὺς
952 4357 1221 4426 χειμῶνας
1241 4372 1253 4385 ·
1284 4359 1348 4427 τῇ
1384 4356 1439 4409 δὲ
1486 4356 1658 4428 πέτρᾳ
1691 4355 1786 4424 τὴν

1883 3170 2056 3234 affert,
2082 3184 2239 3240 quam
2265 3168 2317 3222 in
2356 3185 2566 3224 amomo
2588 3170 2849 3238 beatoque
2883 3168 3185 3237 tranquilla:
3209 3165 3433 3237 virgini-

1882 3264 2009 3318 tatis
2044 3269 2200 3332 portu
2227 3261 2489 3316 desidere.

1952 3353 2155 3408 GREG.
2188 3353 2421 3422 Apparet
2451 3351 2522 3405 ita
2543 3366 2685 3406 esse.

1952 3444 2202 3499 EUBUL.
2229 3443 2368 3509 Quid
2418 3458 2545 3497 vero
2570 3449 2623 3495 et
2662 3439 2959 3495 Dominus?
3006 3438 3194 3493 Nonne
3226 3437 3435 3493 videtur

1882 3538 2186 3597 ostendere.
2216 3551 2337 3590 eum
2364 3534 2454 3604 qui
2508 3534 2959 3603 concupiscentia:
2991 3541 3158 3585 (nstro
3196 3529 3434 3600 jactatus

1883 3628 2267 3681 continentiam
2304 3631 2502 3688 teneat,
2530 3624 2685 3693 longe
2720 3624 2795 3677 illi
2828 3623 3157 3694 praecellere,
3188 3620 3279 3690 qui
3332 3619 3435 3673 hu-

1880 3720 1970 3790 jus
1997 3734 2185 3790 pugna:
2213 3732 2437 3773 securus
2462 3756 2477 3781 ,
2520 3717 2811 3787 sedataque
2853 3723 2946 3769 aut
2989 3714 3136 3768 nulla
3174 3712 3425 3782 concupi-

1886 3810 2109 3874 scentia,
2132 3809 2439 3878 virginitate
2472 3808 2710 3879 fulgeat?

1954 3899 2158 3955 GREG.
2189 3899 2287 3953 Ubi
2322 3916 2448 3955 vero
2471 3900 2583 3954 haec
2618 3899 2915 3955 Dominus?

1954 3991 2199 4047 LUBUL.
2260 3990 2359 4045 Ubi
2433 3992 2685 4046 nimirum
2762 3994 3054 4062 sapientem
3118 4004 3437 4059 comparans

1884 4101 2005 4141 cum
2029 4086 2189 4140 domo
2226 4084 2360 4139 bene
2383 4083 2627 4146 fundata,
2654 4084 2992 4140 inconcussas
3021 4100 3135 4139 eam
3167 4084 3439 4139 firmitatis

1884 4193 2005 4233 esse
2033 4176 2312 4240 decernit,
2362 4190 2521 4244 quam
2565 4175 2766 4228 imbres
2816 4174 3083 4228 irruentes
3130 4181 3182 4226 et
3218 4172 3439 4226 ﬂununa

1886 4277 2277 4337 ventorumque
2320 4267 2402 4322 vis
2435 4268 2669 4335 dejicere
2698 4282 2804 4320 non
2855 4266 3087 4335 potuerit
3122 4266 3187 4317 ”.
3235 4264 3439 4334 Nempe

1886 4360 1988 4414 hoc
2023 4360 2209 4415 volens
2238 4378 2250 4413 :
2285 4374 2379 4428 per
2409 4365 2757 4427 tempestates
2790 4367 3083 4425 ventosque
3106 4365 3159 4411 et
3189 4356 3399 4425 pluvias
3422 4396 3438 4420 ,

232 4449 479 4519 ἀκίνητον
510 4450 759 4503 ἔνστασιν
805 4450 897 4503 καὶ
929 4451 1263 4504 ἀδιάπτωτον
1308 4450 1405 4519 τῆς
1449 4449 1622 4519 ψυχῆς
1659 4449 1776 4520 περλ

1888 4452 2337 4522 concupiscentia:
2389 4460 2555 4505 aestus
2603 4449 2911 4519 designari;
2967 4456 3130 4519 petrae
3177 4465 3306 4503 vero
3343 4465 3442 4503 no-

234 4540 314 4611 εὴν
348 4542 592 4611 ἁγνείαν.

292 4811 492 4865 ΓΡΗΓ.
549 4808 748 4879 Ἀληθῆ
776 4808 950 4877 λέγειν
981 4809 1172 4873 δόξαις.

293 4905 597 4958 ΕΥΒΟΥΛ.
638 4902 701 4953 Τί
737 4902 822 4955 δαὶ
851 4902 945 4955 καὶ
967 4904 1173 4973 ἱατρὸνς
1206 4905 1278 4956 Οὐ
1304 4904 1391 4957 τὸν
1412 4903 1783 4974 ἐπὶ’μεγάλαις

237 4998 320 5068 ffrr,
360 4994 822 5065 δεδοκιμασμένον
854 4994 1045 5058 νόσοις,
1081 4998 1173 5049 καὶ¹
1214 4997 1437 5062 πολλοὺς
1482 4997 1786 5067 ἰασάμενον,

238 5092 444 5159 ips-tow
482 5088 665 5150 καλεῖς
680 5105 696 5151 ;

294 5182 494 5235 ΓΡΗΓ.
540 5180 775 5249 Ἔγωγε.

294 5274 594 5329 ΕΥΒϋΥΔ.
635 5273 737 5324 Τὸν
769 5272 823 5323 δὲ
863 5272 1022 5332 μηδὲν
1072 5272 1291 5345 μηδέπω
1340 5271 1789 5344 διαπραξάμενον,

240 5369 359 5437 μηδὲ
386 5366 680 5429 νοσοῦντας
708 5367 845 5430 ὃλως
879 5366 935 5418 ἐν
964 5368 1145 5437 χερσὶν
1175 5367 1462 5438 ἐσχηκότα,
1500 5366 1558 5419 οὺ
1582 5365 1794 5426 πάντως

241 5460 531 5533 Famuline
540 5476 632 5531 ρον
661 5458 740 5511 ἔτι
761 5474 778 5523 ;

339 5739 382 5769 ’³
422 5736 607 5792 Matth.
648 5753 745 5799 vn,
778 5733 869 5795 ἓξ.

1892 4544 2056 4609 mine,
2092 4542 2417 4598 immobilem
2445 4541 2768 4611 virginitatis
2792 4542 3069 4611 proposito
3101 4541 3269 4594 animi
3305 4556 3441 4596 con-

1892 4634 2144 4687 stantiam
2176 4647 2239 4688 ac
2272 4632 2534 4687 castitatis
2566 4632 2947 4687 inconcussum
2997 4639 3236 4688 tenorem
3266 4632 3444 4687 decla-

1886 4726 2018 4779 rari.

1961 4817 2168 4874 GREG.
2208 4816 2387 4872 Videri
2422 4817 2598 4886 possis
2621 4832 2745 4872 vera
2789 4817 2986 4872 dicere.

1960 4910 2209 4966 EUBUL.
2258 4910 2399 4976 Quid
2453 4924 2582 4964 vero
2614 4918 2668 4963 et
2706 4910 3015 4965 medicum?
3056 4908 3139 4964 An
3179 4924 3290 4964 non
3322 4924 3445 4963 cum

1894 5019 2057 5059 vocas
2089 5003 2360 5072 habesque
2389 5002 2672 5073 optimum,
2698 5002 2787 5072 qui
2828 5002 2881 5057 in
2922 5003 3130 5074 magnis
3158 5002 3268 5072 jam
3303 5018 3448 5056 mor-

1895 5096 1977 5150 bis
2008 5094 2304 5164 periculum
2336 5092 2481 5159 fecit,
2505 5099 2557 5148 et
2586 5091 2834 5163 plurimis
2855 5092 3139 5148 sanitatem
3173 5092 3450 5148 restituit?

1877 5252 1881 5256 ι
1968 5182 2171 5238 GREG.
2210 5181 2489 5251 Equidem.

1966 5276 2210 5331 EUBUL.
2244 5275 2377 5328 Eum
2409 5284 2587 5329 autem
2620 5273 2710 5344 qui
2745 5274 2951 5329 nullum
2984 5273 3110 5328 dum
3159 5274 3244 5330 sui
3289 5288 3453 5344 expe-

1896 5369 2184 5423 rimentum
2217 5366 2381 5430 dedit,
2419 5366 2693 5436 nullisque
2740 5382 2967 5437 prorsus
3009 5367 3224 5437 aegrotis
3252 5380 3451 5420 consu-

1897 5461 2019 5525 luit,
2052 5475 2231 5517 nonne
2260 5460 2434 5516 adhuc
2466 5458 2648 5517 minus
2698 5462 2918 5517 omnino
2970 5458 3450 5517 commendabilem

1900 5549 2073 5606 dicis?
