4040 6338
251 391 350 447 εει

1385 387 1511 442 LIB.
1551 387 1640 442 DE
1679 387 1928 446 LIBERO
1965 385 2316 444 ARBITRIO.

3387 391 3494 444 9.-ίέ

249 515 351 567 οὐκ
379 513 494 566 ἔστι
537 513 905 584 ἀποφράττειν
934 512 1041 566 τῶν
1084 511 1314 584 ἑταίρων
1347 512 1447 578 τὰς
1477 513 1665 578 ἀκοὰς,
1701 512 1816 567 οὐδὲ

1922 520 2224 585 gustusque
2249 511 2450 566 chorus
2473 508 2858 580 prophetarum
2883 524 2896 572 ;
2925 507 2978 560 in
3003 505 3200 576 quibus
3221 523 3324 562 nec
3356 523 3497 578 Opus

248 610 440 664 ἑαυτόν
472 625 578 660 τινι
602 607 785 678 δεσμῷ
818 607 1182 680 περιϐάλλειν,
1209 609 1483 663 δεδοικότα
1506 609 1606 680 τὴν
1633 610 1698 661 ὲκ
1722 610 1822 680 τῆς

245 703 567 772 ἀκροάσεως
597 702 887 773 τιμωρίαν.
920 701 1040 755 Τῶν
1071 704 1168 775 μὲν
1194 703 1301 776 γάρ
1336 703 1474 774 μετά
1505 703 1605 774 τῆς
1637 703 1824 773 φωνῆς

244 799 271 849 ό
319 794 596 866 ἀκροατὴς
643 794 737 847 τοῦ
793 795 891 866 ζῇν
939 795 1208 850 ’παύεται⁸
1252 797 1362 849 τῶν
1409 793 1466 850 δὲ
1498 797 1591 849 ἐπὶ
1640 797 1823 851 πλεῖον

244 887 487 950 ἀκούων,
541 885 633 939 τοῦ
669 886 980 958 κρείττονος
1024 887 1318 942 ἀπολαύσει
1358 887 1493 958 βίου,
1531 887 1634 940 ὑπὸ
1676 887 1822 941 θείου

244 979 567 1050 Πνεύματος
619 979 1141 1050 χειραγωγούμενος.
1200 979 1409 1033 Ἡκέτω
1460 981 1639 1032 τοίνυν
1686 979 1824 1050 σύμ-

243 1089 376 1135 πας,
411 1073 507 1125 καὶ
537 1072 780 1125 ἀκουέτω
806 1072 904 1142 τῆς
942 1071 1091 1135 θείας
1119 1071 1280 1143 ᾠδῆς,
1316 1072 1482 1144 μηδὲν
1511 1071 1824 1142 πεφοϐημέ-

241 1182 356 1230 νος.
391 1166 507 1219 Οὐκ
531 1167 640 1219 sint
664 1167 794 1237 παρ’
825 1167 958 1236 ἡμῖν
985 1168 1041 1219 αἱ
1075 1166 1226 1238 παρὰ
1256 1165 1507 1218 Σικελίαν
1543 1165 1819 1236 Σειρῆνες,

240 1257 367 1311 οὐδὲ
401 1257 468 1310 τὰ
514 1257 812 1321 Ὀδυσσέως
856 1257 1051 1326 δεσμὰ,
1093 1258 1153 1309 οὐ
1199 1257 1368 1329 κηρὸς
1415 1257 1713 1328 τηκόμενος
1743 1258 1824 1319 είς

240 1347 552 1420 ἀνθρώπων
597 1348 765 1412 ἀκοάς
785 1365 799 1378 °
845 1347 979 1401 ἀλλά
1014 1347 1229 1418 δεσμῶν
1279 1349 1374 1419 μὲν
1425 1349 1605 1411 ἄνεσις
1648 1349 1818 1413 πᾶσα,

239 1440 527 1511 ἐλευθερία
573 1440 618 1494 δ’
667 1442 836 1512 ἀκοῆς
880 1439 1009 1510 παρ’
1053 1441 1267 1509 ἑκάστῳ
1312 1439 1420 1494 τῶν
1466 1440 1817 1512 προσιόντων.

239 1534 514 1604 Τοιαύτης
539 1531 648 1604 γάρ
679 1532 820 1604 ᾠδῆς
851 1533 1069 1586 ἀκούειν
1103 1531 1270 1597 ἀξιον,
1298 1531 1570 1596 τοιούτους
1599 1532 1822 1603 ᾅδοντας

236 1629 410 1699 ἔχειν,
440 1629 658 1682 εὐκτέον
691 1625 829 1682 εἷναί
870 1645 958 1700 μοι
984 1627 1149 1682 δοκεῖ.
1186 1628 1246 1680 El
1271 1627 1328 1681 δέ
1357 1645 1440 1690 τις
1471 1629 1566 1682 καὶ
1592 1628 1684 1681 τοῦ
1712 1629 1821 1681 τῶν

234 1718 557 1796 ἀποστόλων
583 1718 746 1789 χοροῦ
773 1717 992 1771 ἀκούειν
1026 1717 1220 1781 ἐθέλοι,
1249 1716 1472 1788 εὑρήσει
1508 1717 1608 1788 τὴν
1654 1717 1820 1789 αὐτὴν

233 1809 345 1878 τῆς
385 1808 530 1879 ᾠδῆς
565 1808 903 1879 συμφωνίαν.
954 1811 1014 1862 Ol
1065 1809 1160 1880 μὲν
1197 1807 1307 1879 γὰρ
1347 1809 1576 1880 προῇδον
1631 1827 1820 1880 μυστι-

1925 606 2090 662 fuerit
2137 612 2198 660 ut
2242 605 2367 675 quis
2421 603 2695 659 sociorum
2729 601 2947 656 obturet
3005 614 3188 663 aures,
3226 616 3403 672 neque
3434 608 3498 656 ut

1924 698 2062 768 ipse,
2095 697 2388 752 auditionis
2415 695 2625 750 veritus
2652 707 2891 764 pinnam,
2930 691 2984 746 in
3019 692 3236 746 vincula
3261 707 3321 748 se
3364 708 3500 748 con—

1920 789 2134 859 jecerit.
2180 787 2296 843 Illic
2353 787 2570 857 quidem
2600 785 2836 848 auditor,
2870 799 2992 838 mox
3050 790 3108 838 ut
3144 784 3374 849 audivit,
3415 786 3498 839 vi-

1923 897 2050 936 vere
2068 881 2300 946 desinit;
2336 880 2428 934 hic
2459 888 2659 943 autem,
2691 878 2782 948 qui
2840 877 3074 932 multum
3111 879 3370 944 audierit,
3405 880 3496 934 di.

1922 974 2050 1028 vino
2074 971 2278 1043 Spiritu
2300 972 2457 1036 duce,
2480 972 2604 1026 vita:
2624 971 2866 1027 melioris
2896 971 3207 1028 felicitatem
3230 974 3492 1044 acquiret.

1923 1063 2124 1120 Omnes
2161 1080 2291 1136 ergo
2320 1064 2480 1120 simul
2511 1065 2794 1130 accedant,
2828 1067 3178 1136 audianlque,
3212 1067 3350 1126 nihil
3405 1085 3498 1124 νος

1923 1157 2035 1220 riti,
2064 1156 2370 1211 cantionem
2419 1157 2680 1213 divinam.
2713 1158 2927 1213 Absunt
2981 1173 3011 1212 a
3054 1159 3214 1214 nobis
3275 1157 3497 1217 Sirenes

1901 1245 2145 1311 Siciliae,
2179 1246 2503 1320 Ulyssisque
2532 1251 2773 1314 vincula,
2803 1265 2868 1305 ac
2911 1266 3036 1305 cera
3065 1251 3320 1308 humanis
3349 1255 3499 1308 auri-

1923 1342 2032 1398 bus
2059 1343 2279 1412 liquata.
2316 1342 2507 1396 Potius
2537 1358 2666 1398 vero
2686 1341 2998 1398 omnimoda
3027 1344 3372 1400 vinculorum
3412 1361 3500 1400 re-

1923 1436 2135 1499 missio,
2165 1451 2408 1505 suusque
2454 1435 2592 1489 liber
2618 1436 2816 1504 cuique
2847 1434 3087 1498 auditus,
3124 1437 3298 1494 adest.
3330 1437 3500 1494 Plane

1922 1528 2068 1584 enim
2111 1536 2350 1584 meretur
2379 1528 2623 1583 auditum
2653 1529 2921 1598 ejusmodi
2952 1532 3157 1598 cantio,
3200 1532 3501 1602 deprecan-

1921 1621 2087 1692 dique
2128 1621 2384 1676 videntur
2412 1623 2607 1678 musici
2658 1624 2816 1680 tales.
2868 1623 3026 1690 Quod
3077 1625 3123 1680 si
3154 1626 3278 1695 quis
3332 1626 3496 1679 etiam

1923 1714 2296 1784 apostolorum
2330 1714 2555 1769 chorum
2596 1715 2728 1770 velit
2773 1715 3000 1782 audire,
3063 1718 3311 1773 eamdem
3363 1733 3500 1772 cau-

1923 1807 2090 1861 tionis
2127 1807 2541 1862 consonantiam
2569 1806 2824 1863 oﬂ‘endet.
2849 1807 2985 1862 Nam
3026 1810 3103 1862 illi
3141 1811 3361 1880 quidem
3405 1825 3501 1865 oc—

235 1903 357 1966 κῶς
386 1902 483 1972 τὴν
511 1901 662 1957 θείαν
699 1902 1038 1974 οἰκονομίαν·
1071 1903 1119 1955 oi
1158 1901 1202 1954 δ’
1245 1901 1460 1974 ᾄδουσιν
1492 1902 1816 1974 ἑρμηνεύον-

1919 1900 2062 1954 culte
2082 1898 2488 1969 przccinuerunt
2510 1898 2976 1970 dispensationem
3003 1899 3242 1955 divinam
3266 1919 3281 1968 ;
3312 1901 3367 1955 hi
3401 1918 3502 1954 au-

234 2014 334 2061 τες
362 1998 434 2054 τὰ
462 1998 552 2052 ὑπ’
578 1998 800 2052 ἐκείνων
843 1996 1118 2068 μυστικῶς
1145 1995 1553 2068 ἀπηγγελμένα.
1593 1997 1656 2048 Ὢ
1682 2013 1821 2067 συμ-

235 2091 421 2160 φώνου
448 2092 735 2162 ἁρμονίας,
771 2092 878 2145 ὑπὸ
905 2091 1050 2145 θείου
1077 2089 1216 2143 Πνεύ
1226 2107 1392 2160 ματος
1419 2089 1816 2162 συγκειμένηςῑ

237 2185 307 2236 Ὢ
355 2184 524 2238 καλοῦ
567 2183 676 2239 τῶν
714 2184 952 2255 ᾀδόντων
991 2183 1061 2238 τά
1103 2182 1411 2256 μυστήριαί
1459 2182 1679 2247 Τούτοις
1723 2187 1820 2239 καὶ

237 2275 488 2346 συνᾴδειν
517 2273 767 2346 εὔχομαι.
805 2275 1060 2346 ’ᾼσωμεν
1097 2274 1386 2346 τοιγαροῦν
1411 2274 1505 2328 καὶ
1535 2276 1695 2346 ἡμεῖς
1720 2273 1820 2346 τὴν

232 2365 435 2434 ὁμοίαν
471 2365 633 2437 ᾠδὴν,
675 2365 770 2419 καὶ
797 2367 887 2420 τὸν
921 2367 1088 2437 ὕμνον
1117 2365 1529 2437 ἀναπέμψωμεν
1567 2365 1645 2436 τῷ
1681 2365 1820 2438 ἀγίῳ

235 2457 435 2529 Πατρὶ,
460 2457 734 2529 Πνεύματι
760 2458 1072 2526 δοξάζοντες
1100 2458 1327 2531 Ἰησοῦν,
1357 2459 1464 2514 τὸν
1482 2460 1552 2513 ἐν
1571 2461 1820 2525 κόλποις

234 2550 446 2605 αὑτοῦ.
497 2550 587 2621 Μὴ
629 2551 826 2624 φύγῃς,
879 2550 1153 2623 ἄνθρωπε,
1204 2550 1372 2623 ὕμνον
1425 2551 1814 2623 πνευματικὸν,

241 2643 375 2713 μηδὲ
405 2642 662 2712 ἀπεχθῶς
692 2643 826 2712 πρὸς
858 2642 954 2714 τὴν
987 2642 1250 2714 ἀκρόασιν
1275 2641 1548 2714 διατεθῇς.
1579 2643 1818 2696 Θάνατον

233 2735 336 2788 οὐκ
365 2735 479 2804 ἔχει
501 2751 516 2764 ·
552 2734 827 2806 σωτηρίας
855 2735 974 2787 ἐστὶ
997 2734 1242 2806 διήγημα
1270 2735 1304 2806 ἡ
1348 2735 1477 2806 παρ’
1520 2735 1650 2804 ἡμῖν
1683 2734 1814 2806 ᾠδή.

247 2825 393 2894 Ἐγὼ
443 2827 541 2896 μὲν
578 2822 670 2880 οὖν
720 2827 822 2898 ῆδη
872 2827 966 2880 καὶ
1005 2826 1112 2880 τῶν
1164 2825 1484 2898 κρειττόνων
1527 2826 1818 2882 ἀπολαύειν

234 2916 403 2978 δοκῶ,
428 2919 555 2988 περὶ
585 2917 842 2970 τοιούτων
869 2917 1247 2988 διαλεγόμενος
1266 2935 1280 2949 ·
1313 2921 1407 2972 καὶ
1443 2919 1695 2990 μάλιστα,
1727 2920 1818 2972 ὅτε

233 3010 263 3062 ό
289 3009 534 3072 τοιοῦτός
571 3027 658 3080 μοι
689 3009 950 3081 πάρεστιν
983 3010 1187 3065 ἀνθέων
1214 3011 1437 3082 λειμῶν’
1473 3013 1747 3066 τουτέστιν
1783 3014 1816 3082 ή

235 3100 484 3171 ἡμετέρα
523 3099 756 3165 σύνοδος,
812 3101 922 3156 τῶν
971 3102 1090 3172 ἅμα
1134 3119 1194 3154 τε
1237 3103 1330 3155 καὶ
1372 3102 1678 3156 ἀκουόντων
1721 3101 1818 3154 καὶ

236 3192 575 3264 συνᾳδόντων
605 3193 674 3246 τὰ
698 3193 815 3246 θεῖα
845 3195 1138 3265 μυστήρια.
1183 3195 1299 3264 Ἐφ’
1327 3187 1400 3248 ὧν
1429 3195 1523 3248 καὶ
1547 3195 1607 3247 τὸ
1636 3194 1815 3263 λέγειν

232 3284 444 3357 θαρρῶ,
505 3287 586 3338 ὅτι
621 3303 711 3356 μοι
759 3286 959 3351 παντὸς
1011 3286 1208 3356 φθόνου
1248 3286 1494 3361 καθαρὰς
1544 3287 1811 3358 παρέχετε

232 3378 331 3441 τὰς
365 3377 558 3443 ἀκοὰς,
593 3379 652 3431 οὗ
687 3377 778 3432 τὸν
817 3379 976 3450 ζῆλον
1005 3378 1095 3432 τὸν
1141 3379 1234 3433 τοῦ
1265 3380 1404 3434 Κάῖν
1450 3379 1773 3450 μιμούμενοι
1796 3395 1809 3409 ο

230 3470 330 3538 οὐχ
361 3470 563 3539 ὁμοίως
592 3469 684 3523 τοῦ
725 3470 897 3524 Ἠσαῦ
925 3470 1211 3536 διώκοντες
1237 3472 1327 3525 τὸν
1357 3470 1605 3538 ἀδελφὸν,
1631 3473 1690 3524 ού
1719 3469 1812 3524 τοῦ

243 3563 446 3632 Ἰωσὴφ
497 3561 842 3626 ἐπαινοῦντες
906 3562 1187 3633 ἀδελφοὺς,
1239 3565 1321 3618 ὅτι
1364 3563 1450 3632 ἐφ’
1499 3559 1581 3627 οἷς
1631 3563 1815 3632 ἔλεγεν

233 3655 460 3725 ἐμίσουν
495 3654 585 3708 τὸν
612 3653 840 3719 ἀδελφόν
860 3671 872 3683 ’
902 3653 1040 3707 ἀλλά
1068 3655 1273 3708 τούτων
1311 3655 1568 3709 ἀπάντων
1604 3655 1814 3726 μακρὸν

233 3745 569 3814 ἀφεστῶτες,
617 3745 804 3816 διόπερ
856 3745 1084 3809 ἕκαστος
1134 3746 1288 3815 ὑμῶν
1340 3746 1404 3799 τὸ
1443 3745 1537 3799 τοῦ
1590 3745 1813 3817 πλησίον

234 3837 448 3908 νομίζει
491 3837 688 3905 λέγειν.
738 3838 850 3891 Καὶ
889 3836 976 3891 διὰ
1019 3837 1177 3891 τοῦτο
1223 3835 1383 3909 ζῆλος
1429 3838 1664 3910 πονηρὸς
1713 3837 1813 3891 οὐκ

239 3927 384 3980 ἐστιν
415 3931 476 3981 ὲν
510 3929 660 3999 ὑμῖν,
691 3927 761 3980 τά
806 3928 1061 3982 λείποντα
1091 3927 1168 3999 τῷ
1211 3927 1423 4000 ἀδελφῷ
1466 3927 1813 4002 ἀναπληροῦν

232 4020 593 4090 δεδεγμένοις.
628 4022 691 4073 Ὠ
735 4021 1100 4094 ἀκροατηρίου
1141 4020 1329 4084 καλοῦ,
1372 4021 1466 4075 καὶ¹
1513 4022 1812 4093 συμποσίου

236 4110 458 4180 σεμνοῦ,
489 4113 580 4164 καὶ
612 4114 994 4184 πνευματικῶν
1025 4113 1368 4185 ὲδεσμάτωνῑ
1426 4115 1698 4180 Τοιούτοις
1728 4116 1815 4170 ἀεὶ

236 4205 477 4256 συνεῖναι
499 4203 725 4267 δικαίοις
761 4205 833 4276 (9.)
860 4205 1140 4278 εὐξαίμην.

304 4295 509 4348 ΟΥΑΛ.
540 4295 682 4360 Χθὲς
711 4295 770 4349 τὸ
797 4297 1021 4353 δειλινὸν
1049 4301 1386 4372 περιπατῶν,
1416 4296 1461 4356 ὦ
1484 4301 1628 4372 φίλε,
1659 4301 1811 4374 παρά

231 4389 324 4444 τὸν
350 4390 452 4459 τῆς
491 4389 762 4460 θαλάσσης
791 4393 1054 4462 αἰγιαλὸν,
1085 4397 1179 4448 καὶ
1197 4396 1362 4462 ὀξέως
1395 4415 1512 4461 πως
1549 4399 1811 4463 ἀτενίζων

232 4484 311 4546 εἰς
337 4482 531 4553 αὐτὴν,
579 4481 784 4555 ἑώρων,
816 4485 1121 4558 ὑπερϐολήν
1151 4505 1272 4542 τινα
1317 4489 1468 4553 θείας
1504 4491 1807 4560 δυνάμεως,

1923 1999 2053 2059 tem,
2083 1992 2296 2047 occulte
2323 1991 2392 2045 ab
2421 1991 2530 2047 illis
2557 1992 2899 2056 annuntiata,
2931 1991 3500 2064 canendo'explicant.

1922 2080 1967 2136 O
1994 2099 2290 2138 consonam
2339 2084 2699 2149 harmoniam,
2731 2096 3089 2156 componente
3127 2087 3313 2142 divino
3373 2086 3498 2157 Spi-

1922 2175 2064 2230 ritu!
2101 2175 2416 2234 Odecorem
2439 2180 2750 2234 canentium
2783 2179 2875 2236 Dei
2916 2183 3290 2237 sacramenta!
3341 2179 3500 2235 Desi-

1921 2267 2079 2324 derat
2108 2269 2325 2324 animus
2355 2287 2461 2324 una
2493 2272 2802 2328 concinere.
2839 2273 3114 2330 Canamus
3137 2290 3267 2345 ergo
3307 2281 3359 2329 et
3392 2273 3497 2344 ipsi

1920 2360 2164 2417 eamdem
2189 2363 2518 2428 cantionem,
2549 2364 2918 2436 hymnumque
2939 2367 3323 2422 submittamus
3348 2365 3498 2420 Patri

1921 2461 2141 2521 sancto;
2179 2453 2364 2510 Jesum
2395 2457 2484 2526 qui
2517 2457 2571 2509 in
2603 2455 2716 2526 ejus
2746 2458 2866 2511 sinu
2905 2467 2982 2511 est
3013 2460 3053 2523 ’,
3085 2456 3288 2528 Spiritu
3328 2459 3498 2529 glori-

1920 2546 2164 2604 ﬁcantes.
2197 2547 2490 2613 Ne,homo,
2519 2552 2794 2606 canticum
2820 2551 3065 2621 spiritale
3093 2551 3326 2622 fugeris,
3361 2567 3498 2608 neve

1920 2641 2254 2697 auditionem
2299 2642 2472 2699 fueris
2523 2653 2826 2702 aversatus.
2883 2644 3109 2702 Mortem
3163 2663 3272 2702 non
3311 2647 3492 2703 habet.

1922 2727 2126 2787 Salutis
2163 2734 2429 2798 narratio,
2478 2744 2668 2791 nostra
2705 2735 2887 2790 cantio
2920 2745 3024 2792 est.
3081 2735 3224 2792 Sane
3275 2738 3494 2808 quidem

1919 2822 2052 2876 mihi
2075 2824 2192 2894 ipse
2211 2825 2325 2896 jam
2350 2827 2539 2882 videor
2558 2828 2878 2883 melioribus
2911 2825 3040 2893 frui,
3072 2829 3166 2899 qui
3191 2829 3256 2884 de
3294 2829 3498 2884 talibus

1918 2912 2184 2968 disseram
2229 2933 2244 2972 :
2299 2916 2463 2987 idque
2509 2918 2563 2972 in
2605 2918 2820 2989 primis,
2876 2934 2998 2974 cum
3051 2918 3160 2974 tale
3186 2919 3511 2990 talibusque--

1917 3002 2118 3060 ﬂorens
2149 3015 2360 3076 pratum
2391 3024 2574 3064 coram
2597 3009 2822 3064 habeam
2849 3028 2862 3065 :
2904 3009 3028 3064 dico
3049 3017 3226 3065 autem
3255 3017 3508 3065 vestram.

1920 3097 2262 3166 concionem,
2289 3101 2380 3166 qui
2405 3108 2460 3155 et
2507 3101 2787 3156 auditores
2817 3107 2871 3156 et
2907 3109 3266 3156 concentores
3307 3118 3494 3157 sacra-

1918 3199 2224 3247 mentorum
2274 3194 2580 3250 ccelestium
2634 3196 2954 3253 considetis.
2986 3195 3276 3266 Pr0pterea
3325 3198 3493 3252 etiam

1918 3287 2091 3341 audeo
2131 3287 2334 3354 dicere,
2388 3287 2532 3358 quod
2586 3288 2758 3346 livore
2807 3291 2956 3345 omni
2989 3290 3208 3345 mundis
3266 3289 3492 3345 auribus

1916 3379 2271 3443 auscultetis,
2322 3394 2424 3434 nec
2494 3379 2776 3436 Caininam
2845 3381 3241 3436 aemulationem
3314 3383 3495 3438 imite-

1914 3471 2050 3524 mini
2080 3472 2122 3534 ',
2151 3479 2245 3525 aut
2275 3471 2417 3528 sicut
2447 3471 2590 3536 Esau
2621 3474 2642 3505 ³
2672 3473 2894 3529 fratrem
2926 3475 3362 3544 persequamini,
3406 3464 3492 3530 vel

1916 3562 2116 3620 fratres
2140 3563 2340 3636 Joseph
2369 3566 2391 3597 ⁸
2419 3565 2684 3636 probetis,
2737 3565 2893 3620 fratri
2941 3577 3164 3637 propter
3206 3581 3490 3622 sermones

1915 3655 2090 3726 ipsius
2129 3657 2415 3714 infensos:
2443 3658 2538 3714 sed
2570 3659 2638 3714 ab
2666 3659 2752 3714 his
2795 3659 3052 3716 omnibus
3099 3661 3256 3731 longe
3297 3661 3490 3715 remoti

1915 3749 2058 3812 sitis,
2089 3749 2533 3807 existimantibus
2566 3751 2798 3822 singulis
2826 3750 3184 3822 dicere,quod
3208 3752 3490 3822 proximus

1915 3841 2068 3897 dicit.
2092 3839 2272 3908 Quare
2301 3843 2463 3897 etiam
2494 3843 2839 3899 desideratur
2863 3845 2918 3897 in
2948 3844 3104 3900 vobis
3147 3844 3289 3898 mala
3328 3860 3491 3899 aemu-

1913 3932 2064 3997 latio,
2097 3933 2191 4003 qui
2220 3933 2406 3989 fratris
2439 3933 2685 3991 defectus
2708 3935 3082 4005 adimplendos
3113 3935 3486 4005 susceperitis.

1913 4022 1958 4078 0
1980 4025 2262 4094 pulchram
2289 4026 2629 4092 concionem,
2652 4026 3052 4097 honestumque
3076 4025 3405 4092 convivium,
3433 4031 3508 4082 et

1913 4117 2228 4187 spirituales
2280 4119 2505 4188 epulas!
2543 4117 2765 4174 Talibus
2810 4133 2909 4190 ego
2936 4133 3152 4189 semper
3199 4119 3487 4186 interesse,

1912 4208 2107 4263 merito
2141 4209 2462 4278 optaverim.

1985 4298 2140 4354 VAL.
2167 4301 2266 4371 (4).
2288 4301 2448 4366 Cum,
2476 4301 2671 4368 amice,
2705 4300 2826 4357 heri
2863 4317 3006 4366 sero,
3033 4300 3102 4355 ad
3139 4300 3308 4358 maris
3333 4300 3505 4358 littus

1912 4392 2272 4455 ambularem,
2302 4397 2466 4461 atque
2496 4391 2550 4445 in
2583 4391 2761 4460 ipsum
2794 4391 2964 4447 aciem
2997 4391 3280 4446 oculorum
3314 4392 3489 4446 inten-

1912 4481 2119 4542 derem.
2145 4479 2328 4535 statim
2363 4494 2445 4544 se,
2473 4478 2913 4546 virtutisdivina:
2931 4479 3268 4548 praestantia,
3287 4491 3509 4548 arsque-

231 4576 324 4627 καὶ
364 4575 539 4646 σοφῆς
587 4576 895 4648 ἐπιστήμης
927 4577 1156 4650 τέχνην
1199 4581 1252 4633 εἴ
1281 4597 1343 4649 γε
1377 4584 1470 4638 καὶ
1508 4583 1703 4654 τέχνην
1747 4583 1809 4636 τὸ

1919 4575 2178 4645 sapientis
2221 4573 2483 4638 scientiae,
2536 4572 2740 4643 objecit
2780 4571 2954 4627 oculis
2985 4589 2998 4626 :
3035 4571 3082 4626 si
3130 4570 3349 4641 quidem
3395 4584 3504 4624 res.

231 4665 441 4719 τοιοῦτο
471 4667 654 4719 καλεῖν
684 4669 812 4740 χρή.
848 4670 1057 4740 ’Ὠσπερ
1089 4670 1197 4744 γὰρ
1220 4673 1248 4724 ὁ
1289 4674 1584 4746 Ὁμηρικὸς
1629 4677 1809 4748 στίχος

231 4758 528 4830 φθέγγεται
554 4761 775 4824 ἐκεῖνος·

238 4871 330 4947 ᾮς
362 4871 425 4947 δ’
451 4871 660 4947 ἄνεμοι
678 4872 764 4947 Δ(3)
783 4872 893 4927 δύο
919 4875 1142 4947 πόντον·
1169 4877 1436 4944 ὀρίνετον
1466 4880 1799 4947 ἰχθυόεντα,

231 4943 453 5015 Βορέης
485 4944 592 5015 καί
615 4943 898 5012 Ζέφυρος,
933 4945 1076 4999 τώτε
1108 4943 1408 5015 Θρῄκηθεν
1439 4943 1625 5014 (inter

244 5006 508 5086 {saedn’
537 5006 869 5081 ἐξαπῖνὴςί
888 5006 1097 5086 ἄμυδις
1137 5006 1300 5070 δέ’τέ
1327 5006 1804 5086 κῦμα’κε.1αινὸν
1841 5006 1861 5023 ’

231 5085 571 5150 Κορθύεται·
609 5086 846 5139 πολλὸν
872 5085 939 5139 δὲ
967 5086 1156 5156 παρὲξ
1185 5087 1304 5143 ἅλα
1329 5085 1521 5159 φῦκος
1547 5091 1768 5159 ἔχευαν
1787 5108 1801 5123 ⁸

232 5263 368 5317 οὕτω
397 5282 490 5336 μοι
536 5267 632 5319 καὶ
676 5265 803 5335 χθὲς
842 5268 1116 5336 γεγονέναι
1152 5269 1317 5324 δοκεῖ.
1369 5272 1649 5342 Κορυφαῖς
1693 5271 1802 5344 γὰρ

305 5426 323 5457 ⁸
349 5424 518 5480 Joan.
548 5441 587 5490 ι,
625 5426 710 5481 13.
785 5429 806 5460 ⁸
841 5424 968 5482 Gen.
999 5444 1074 5494 tv,
1106 5427 1160 5483 5.
1239 5429 1260 5460 ³
1289 5428 1416 5483 Gen.
1452 5444 1624 5494 xxvn,
1655 5428 1744 5482 4i.

298 5580 373 5652 (Ξ)
409 5581 686 5652 Δικαιόις.
717 5581 876 5637 Forte
901 5584 1142 5648 δικαίως.

303 5653 378 5719 (5)
421 5653 516 5716 Ὡς
541 5651 593 5703 δ’
623 5652 720 5707 ἄν.
753 5653 900 5707 Iliad.
930 5671 1004 5716 ix,
1041 5655 1094 5708 4.

303 5721 376 5790 (αἱ)
409 5721 548 5794 Υλι..
591 5722 941 5794 ᾼεειιιηριοηι
986 5740 1275 5794 personam
1309 5724 1673 5782 Valentiniani
1703 5747 1799 5786 seu

237 5788 478 5872 Gnustici
516 5792 746 5858 inducit,
764 5788 1060 5872 quieadérn
1084 5797 1642 5872 alqrieManicbaeide
1667 5801 1798 5872 [nali

243 5865 504 5934 principio
530 5873 788 5932 sentiret;
812 5867 1060 5935 ponendo
1090 5865 1388 5938 ingenitum
1423 5869 1568 5924 aliud
1600 5885 1629 5923 a
1667 5869 1794 5938 Deo,

1915 4668 2184 4738 ejusmodi
2220 4683 2310 4723 ars
2334 4665 2577 4723 vocanda
2603 4666 2692 4722 sit.
2729 4663 2799 4720 Ut
2827 4665 2972 4722 enim
2999 4664 3162 4722 habet
3181 4679 3375 4720 versus
3396 4663 3498 4718 ille-

1914 4761 2233 4817 Homericus
2263 4779 2276 4814 :

1907 4877 2056 4932 Sicut
2094 4885 2269 4928 autem
2301 4876 2437 4928 venti
2466 4874 2571 4930 duo
2609 4882 2825 4944 pontum
2851 4881 3168 4926 commovent
3193 4872 3481 4941 piscosum,

1908 4947 2106 5002 Boreas
2129 4955 2178 4999 et
2203 4944 2492 5016 Zephyrus,
2525 4943 2615 5017 qui
2641 4963 2669 4999 ε
2704 4943 2932 4998 Thracia
2964 4944 3171 5017 spirant

1910 5017 2134 5071 ﬂuentes
2162 5011 2408 5085 repente:
2433 5011 2592 5070 simul
2622 5025 2799 5069 autem
2825 5025 2874 5069 et
2897 5011 3041 5066 unda
3062 5015 3218 5084 nigra

1912 5081 2231 5142 Attollituri
2266 5087 2488 5141 multum
2529 5097 2704 5143 autem
2748 5095 2900 5140 extra
2942 5100 3088 5138 mare
3122 5081 3304 5225 ὶῖίραηέ
3346 5081 3484 5150 [un-

3207 5171 3276 5207 un
3318 5168 3338 5217 ;

3207 5168 3338 5217 unt;

1911 5269 1986 5325 ita
2041 5278 2094 5326 ct
2143 5271 2257 5327 beri
2319 5269 2450 5324 mihi
2508 5270 2623 5326 fieri
2679 5269 2982 5324 videbatur.
3034 5266 3295 5322 Videbam
3335 5266 3483 5321 enim

1822 5427 1844 5458 ⁸
1873 5427 2002 5483 Gen.
2034 5444 2243 5493 xxxv",
2265 5428 2319 5482 4.

1909 5594 1963 5641 et
1991 5587 2294 5650 materiam,
2323 5603 2389 5641 ex
2418 5587 2576 5656 cujus
2603 5586 2952 5642 concretione
2978 5586 3119 5640 mala
3146 5587 3200 5640 in
3231 5583 3482 5656 homines

1909 5657 2279 5779 provenirent.
2329 5657 2454 5727 Agit
2488 5655 2685 5714 multis
2716 5659 2770 5711 in
2805 5658 2946 5738 hunc
2974 5671 3215 5737 errorem
3245 5655 3481 5708 Irenazus

1932 5727 2000 5779 ib.
2049 5742 2088 5779 ιι
2120 5727 2379 5779 Adversus
2423 5728 2608 5779 lim-es.
2631 5743 2649 5779 :
2688 5728 3058 5779 Tertullianus
3104 5727 3198 5779 lib.
3233 5726 3309 5778 Dc
3338 5740 3476 5779 vra?-

1932 5727 2000 5779 ib.
2049 5742 2088 5780 ιι
2120 5726 2394 5780 Λιίιεενδιιε
2423 5728 2649 5791 Ιιωνεε.;
2688 5728 3058 5782 Tertullianus
3104 5727 3198 5782 lib.
3233 5726 3309 5778 Dc
3337 5740 3476 5792 prae-

1904 5798 2153 5864 script.et
2171 5796 2368 5852 Contra
2395 5796 2738 5854 Marcionem.
2761 5797 3099 5854 Solidissime
3120 5797 3281 5852 ctiam
3303 5795 3479 5865 Chr),-

1902 5876 2178 5924 sostomus
2202 5869 2348 5923 hom.
2377 5868 2410 5922 El
2435 5870 2487 5923 in
2516 5869 2632 5922 Act.
