  <div class='ocr_page' id='page_1' title='image "/cluster/home/n/w/nwhite01/storage/ocr_20150623/18/hvd.32044073501215/129.png"; bbox 0 0 4010 6328; ppageno 0'>
   <div class='ocr_carea' id='block_1_1' title="bbox 565 345 665 400">
    <p class='ocr_par' dir='ltr' id='par_1_1' title="bbox 565 345 665 400">
     <span class='ocr_line' id='line_1_1' title="bbox 565 345 665 400; baseline 0.01 -1"><span class='ocrx_word' id='word_1_1' title='bbox 565 345 665 400; x_wconf 69' lang='grc'><strong>245</strong></span> 
     </span>
    </p>
   </div>
   <div class='ocr_carea' id='block_1_2' title="bbox 1566 352 2853 413">
    <p class='ocr_par' dir='ltr' id='par_1_2' title="bbox 1566 352 2853 413">
     <span class='ocr_line' id='line_1_2' title="bbox 1566 352 2853 413; baseline 0.002 -6"><span class='ocrx_word' id='word_1_2' title='bbox 1566 352 1625 408; x_wconf 87' lang='lat' dir='ltr'><strong>S.</strong></span> <span class='ocrx_word' id='word_1_3' title='bbox 1669 352 2000 412; x_wconf 74' lang='lat' dir='ltr'><strong>METIIODII</strong></span> <span class='ocrx_word' id='word_1_4' title='bbox 2031 352 2345 413; x_wconf 71' lang='lat' dir='ltr'><strong>EPISCOPI</strong></span> <span class='ocrx_word' id='word_1_5' title='bbox 2372 352 2463 411; x_wconf 77' lang='lat' dir='ltr'><strong>ET</strong></span> <span class='ocrx_word' id='word_1_6' title='bbox 2496 353 2853 411; x_wconf 71' lang='lat' dir='ltr'><strong>MARTYRIS</strong></span> 
     </span>
    </p>
   </div>
   <div class='ocr_carea' id='block_1_3' title="bbox 3668 364 3757 422">
    <p class='ocr_par' dir='ltr' id='par_1_3' title="bbox 3668 364 3757 422">
     <span class='ocr_line' id='line_1_3' title="bbox 3668 364 3757 422; baseline -0.022 0"><span class='ocrx_word' id='word_1_7' title='bbox 3668 364 3757 422; x_wconf 63' lang='lat' dir='ltr'><strong>2M</strong></span> 
     </span>
    </p>
   </div>
   <div class='ocr_carea' id='block_1_4' title="bbox 561 462 2136 548">
    <p class='ocr_par' dir='ltr' id='par_1_4' title="bbox 561 462 2136 543">
     <span class='ocr_line' id='line_1_4' title="bbox 561 462 2136 543; baseline 0.008 -28"><span class='ocrx_word' id='word_1_8' title='bbox 561 462 758 517; x_wconf 87' lang='lat' dir='ltr'><strong>lluctus</strong></span> <span class='ocrx_word' id='word_1_9' title='bbox 808 462 1083 518; x_wconf 86' lang='lat' dir='ltr'><strong>montanis</strong></span> <span class='ocrx_word' id='word_1_10' title='bbox 1135 464 1448 534; x_wconf 81' lang='lat' dir='ltr'><strong>superciliis</strong></span> <span class='ocrx_word' id='word_1_11' title='bbox 1497 470 1810 538; x_wconf 73' lang='lat' dir='ltr'><strong>proximos,</strong></span> <span class='ocrx_word' id='word_1_12' title='bbox 1865 479 2032 543; x_wconf 84' lang='lat' dir='ltr'><strong>atque</strong></span> <span class='ocrx_word' id='word_1_13' title='bbox 2077 480 2136 528; x_wconf 83' lang='lat' dir='ltr'><strong>ut</strong></span> 
     </span>
    </p>
   </div>
   <div class='ocr_carea' id='block_1_5' title="bbox 2236 462 3758 548">
    <p class='ocr_par' dir='ltr' id='par_1_5' title="bbox 2238 468 3758 548">
     <span class='ocr_line' id='line_1_5' title="bbox 2238 468 3758 548; baseline -0.002 -22"><span class='ocrx_word' id='word_1_14' title='bbox 2238 473 2410 545; x_wconf 79' lang='grc' dir='ltr'>ὀρέων</span> <span class='ocrx_word' id='word_1_15' title='bbox 2439 472 2817 545; x_wconf 85' lang='grc' dir='ltr'>παραπλήσιον</span> <span class='ocrx_word' id='word_1_16' title='bbox 2854 469 3041 543; x_wconf 83' lang='grc' dir='ltr'>ἑώρων</span> <span class='ocrx_word' id='word_1_17' title='bbox 3074 468 3310 541; x_wconf 85' lang='grc' dir='ltr'>κύματα,</span> <span class='ocrx_word' id='word_1_18' title='bbox 3356 472 3445 525; x_wconf 80' lang='grc' dir='ltr'><strong>καὶ</strong></span> <span class='ocrx_word' id='word_1_19' title='bbox 3492 472 3595 545; x_wconf 86' lang='grc' dir='ltr'><strong>(ὡς</strong></span> <span class='ocrx_word' id='word_1_20' title='bbox 3626 475 3758 548; x_wconf 78' lang='grc' dir='ltr'>λόγον</span> 
     </span>
    </p>
   </div>
   <div class='ocr_carea' id='block_1_6' title="bbox 560 556 2144 633">
    <p class='ocr_par' dir='ltr' id='par_1_6' title="bbox 560 556 2144 633">
     <span class='ocr_line' id='line_1_6' title="bbox 560 556 2144 633; baseline 0.008 -24"><span class='ocrx_word' id='word_1_21' title='bbox 560 571 674 609; x_wconf 85' lang='lat' dir='ltr'><strong>rem</strong></span> <span class='ocrx_word' id='word_1_22' title='bbox 696 556 898 623; x_wconf 86' lang='lat' dir='ltr'><strong>dicam,</strong></span> <span class='ocrx_word' id='word_1_23' title='bbox 928 557 994 611; x_wconf 85' lang='lat' dir='ltr'><strong>ad</strong></span> <span class='ocrx_word' id='word_1_24' title='bbox 1019 557 1199 627; x_wconf 89' lang='lat' dir='ltr'><strong>ipsum</strong></span> <span class='ocrx_word' id='word_1_25' title='bbox 1224 560 1593 633; x_wconf 77' lang='lat' dir='ltr'><strong>pertingentes</strong></span> <span class='ocrx_word' id='word_1_26' title='bbox 1613 566 1810 621; x_wconf 71' lang='lat' dir='ltr'><strong>emtum</strong></span> <span class='ocrx_word' id='word_1_27' title='bbox 1839 584 1853 620; x_wconf 89' lang='lat'><strong>:</strong></span> <span class='ocrx_word' id='word_1_28' title='bbox 1886 582 1986 623; x_wconf 85' lang='lat' dir='ltr'><strong>nec</strong></span> <span class='ocrx_word' id='word_1_29' title='bbox 2009 567 2144 622; x_wconf 88' lang='lat' dir='ltr'><strong>mihi</strong></span> 
     </span>
    </p>
   </div>
   <div class='ocr_carea' id='block_1_7' title="bbox 561 646 2150 729">
    <p class='ocr_par' dir='ltr' id='par_1_7' title="bbox 561 646 2150 729">
     <span class='ocr_line' id='line_1_7' title="bbox 561 646 2150 729; baseline 0.011 -29"><span class='ocrx_word' id='word_1_30' title='bbox 561 646 688 702; x_wconf 85' lang='lat' dir='ltr'><strong>inde</strong></span> <span class='ocrx_word' id='word_1_31' title='bbox 719 646 868 702; x_wconf 88' lang='lat' dir='ltr'><strong>aliud</strong></span> <span class='ocrx_word' id='word_1_32' title='bbox 898 651 1327 721; x_wconf 80' lang='lat' dir='ltr'><strong>exspectandum</strong></span> <span class='ocrx_word' id='word_1_33' title='bbox 1355 658 1700 723; x_wconf 83' lang='lat' dir='ltr'><strong>occurrebat,</strong></span> <span class='ocrx_word' id='word_1_34' title='bbox 1724 674 1887 729; x_wconf 79' lang='lat' dir='ltr'><strong>quam</strong></span> <span class='ocrx_word' id='word_1_35' title='bbox 1920 668 1980 714; x_wconf 85' lang='lat' dir='ltr'><strong>ut.</strong></span> <span class='ocrx_word' id='word_1_36' title='bbox 2025 661 2150 717; x_wconf 81' lang='lat' dir='ltr'><strong>uni-</strong></span> 
     </span>
    </p>
   </div>
   <div class='ocr_carea' id='block_1_8' title="bbox 559 744 2144 820">
    <p class='ocr_par' dir='ltr' id='par_1_8' title="bbox 559 744 2144 820">
     <span class='ocr_line' id='line_1_8' title="bbox 559 744 2144 820; baseline 0.009 -28"><span class='ocrx_word' id='word_1_37' title='bbox 559 753 771 794; x_wconf 84' lang='lat' dir='ltr'><strong>versam</strong></span> <span class='ocrx_word' id='word_1_38' title='bbox 799 746 1002 796; x_wconf 90' lang='lat' dir='ltr'><strong>terram</strong></span> <span class='ocrx_word' id='word_1_39' title='bbox 1040 744 1470 815; x_wconf 83' lang='lat' dir='ltr'><strong>submergerent,</strong></span> <span class='ocrx_word' id='word_1_40' title='bbox 1518 749 1875 820; x_wconf 88' lang='lat' dir='ltr'><strong>veniebatque</strong></span> <span class='ocrx_word' id='word_1_41' title='bbox 1912 750 1972 804; x_wconf 88' lang='lat' dir='ltr'><strong>in</strong></span> <span class='ocrx_word' id='word_1_42' title='bbox 1996 767 2144 807; x_wconf 92' lang='lat' dir='ltr'><strong>men-</strong></span> 
     </span>
    </p>
   </div>
   <div class='ocr_carea' id='block_1_9' title="bbox 556 833 2138 914">
    <p class='ocr_par' dir='ltr' id='par_1_9' title="bbox 556 833 2138 914">
     <span class='ocr_line' id='line_1_9' title="bbox 556 833 2138 914; baseline 0.009 -28"><span class='ocrx_word' id='word_1_43' title='bbox 556 841 667 888; x_wconf 86' lang='lat' dir='ltr'><strong>tem</strong></span> <span class='ocrx_word' id='word_1_44' title='bbox 703 833 845 904; x_wconf 59' lang='lat' dir='ltr'><strong>fuga</strong></span> <span class='ocrx_word' id='word_1_45' title='bbox 891 835 1045 891; x_wconf 89' lang='lat' dir='ltr'><strong>locus</strong></span> <span class='ocrx_word' id='word_1_46' title='bbox 1067 878 1081 903; x_wconf 93' lang='lat'><strong>,</strong></span> <span class='ocrx_word' id='word_1_47' title='bbox 1134 847 1189 892; x_wconf 86' lang='lat' dir='ltr'><strong>et</strong></span> <span class='ocrx_word' id='word_1_48' title='bbox 1234 853 1418 894; x_wconf 87' lang='lat' dir='ltr'><strong>arcam</strong></span> <span class='ocrx_word' id='word_1_49' title='bbox 1448 838 1562 896; x_wconf 84' lang='lat' dir='ltr'><strong>Noe</strong></span> <span class='ocrx_word' id='word_1_50' title='bbox 1591 841 1774 897; x_wconf 88' lang='lat' dir='ltr'><strong>ani-mo</strong></span> <span class='ocrx_word' id='word_1_51' title='bbox 1799 843 2138 914; x_wconf 79' lang='lat' dir='ltr'><strong>ellingebam.</strong></span> 
     </span>
    </p>
   </div>
   <div class='ocr_carea' id='block_1_10' title="bbox 558 925 2137 1005">
    <p class='ocr_par' dir='ltr' id='par_1_10' title="bbox 558 925 2137 1005">
     <span class='ocr_line' id='line_1_10' title="bbox 558 925 2137 1005; baseline 0.01 -27"><span class='ocrx_word' id='word_1_52' title='bbox 558 925 826 981; x_wconf 69' lang='lat' dir='ltr'><strong>Cteterum</strong></span> <span class='ocrx_word' id='word_1_53' title='bbox 846 943 1010 984; x_wconf 89' lang='lat' dir='ltr'><strong>secus</strong></span> <span class='ocrx_word' id='word_1_54' title='bbox 1031 936 1147 984; x_wconf 87' lang='lat' dir='ltr'><strong>erat</strong></span> <span class='ocrx_word' id='word_1_55' title='bbox 1179 945 1245 985; x_wconf 89' lang='lat' dir='ltr'><strong>ac</strong></span> <span class='ocrx_word' id='word_1_56' title='bbox 1266 932 1549 1000; x_wconf 89' lang='lat' dir='ltr'><strong>opinabar.</strong></span> <span class='ocrx_word' id='word_1_57' title='bbox 1591 932 1710 989; x_wconf 80' lang='lat' dir='ltr'><strong>Mox</strong></span> <span class='ocrx_word' id='word_1_58' title='bbox 1742 935 1941 1005; x_wconf 86' lang='lat' dir='ltr'><strong>quippe</strong></span> <span class='ocrx_word' id='word_1_59' title='bbox 1964 950 2137 996; x_wconf 86' lang='lat' dir='ltr'><strong>mare.</strong></span> 
     </span>
    </p>
   </div>
   <div class='ocr_carea' id='block_1_11' title="bbox 557 1020 2141 1094">
    <p class='ocr_par' dir='ltr' id='par_1_11' title="bbox 557 1020 2141 1094">
     <span class='ocr_line' id='line_1_11' title="bbox 557 1020 2141 1094; baseline 0.008 -23"><span class='ocrx_word' id='word_1_60' title='bbox 557 1029 617 1072; x_wconf 90' lang='lat' dir='ltr'><strong>ut</strong></span> <span class='ocrx_word' id='word_1_61' title='bbox 649 1020 1005 1087; x_wconf 76' lang='lat' dir='ltr'><strong>intumuerat,</strong></span> <span class='ocrx_word' id='word_1_62' title='bbox 1032 1022 1089 1077; x_wconf 89' lang='lat' dir='ltr'><strong>in</strong></span> <span class='ocrx_word' id='word_1_63' title='bbox 1111 1038 1170 1078; x_wconf 89' lang='lat' dir='ltr'><strong>se</strong></span> <span class='ocrx_word' id='word_1_64' title='bbox 1190 1022 1370 1093; x_wconf 90' lang='lat' dir='ltr'><strong>ipsum</strong></span> <span class='ocrx_word' id='word_1_65' title='bbox 1399 1026 1794 1094; x_wconf 79' lang='lat' dir='ltr'><strong>resolvebatur,</strong></span> <span class='ocrx_word' id='word_1_66' title='bbox 1821 1043 1931 1083; x_wconf 88' lang='lat' dir='ltr'><strong>non</strong></span> <span class='ocrx_word' id='word_1_67' title='bbox 1956 1035 2141 1084; x_wconf 86' lang='lat' dir='ltr'><strong>trans-</strong></span> 
     </span>
    </p>
   </div>
   <div class='ocr_carea' id='block_1_12' title="bbox 544 1111 2134 1185">
    <p class='ocr_par' dir='ltr' id='par_1_12' title="bbox 544 1111 2134 1185">
     <span class='ocr_line' id='line_1_12' title="bbox 544 1111 2134 1185; baseline 0.006 -21"><span class='ocrx_word' id='word_1_68' title='bbox 544 1111 811 1182; x_wconf 67' lang='lat' dir='ltr'><strong>.grediens</strong></span> <span class='ocrx_word' id='word_1_69' title='bbox 863 1113 1042 1170; x_wconf 88' lang='lat' dir='ltr'><strong>locum</strong></span> <span class='ocrx_word' id='word_1_70' title='bbox 1084 1116 1611 1183; x_wconf 39' lang='lat' dir='ltr'><strong>suum,,reveritum,</strong></span> <span class='ocrx_word' id='word_1_71' title='bbox 1641 1125 1707 1173; x_wconf 86' lang='lat' dir='ltr'><strong>ut</strong></span> <span class='ocrx_word' id='word_1_72' title='bbox 1742 1120 1908 1175; x_wconf 87' lang='lat' dir='ltr'><strong>verbo</strong></span> <span class='ocrx_word' id='word_1_73' title='bbox 1935 1120 2134 1185; x_wconf 86' lang='lat' dir='ltr'><strong>dicam,</strong></span> 
     </span>
    </p>
   </div>
   <div class='ocr_carea' id='block_1_13' title="bbox 544 1189 2134 1282">
    <p class='ocr_par' dir='ltr' id='par_1_13' title="bbox 544 1189 2134 1282">
     <span class='ocr_line' id='line_1_13' title="bbox 544 1189 2134 1282; baseline 0.008 -26"><span class='ocrx_word' id='word_1_74' title='bbox 544 1189 801 1275; x_wconf 41' lang='lat' dir='ltr'><strong>fdivinum</strong></span> <span class='ocrx_word' id='word_1_75' title='bbox 848 1207 1167 1263; x_wconf 86' lang='lat' dir='ltr'><strong>mandatum</strong></span> <span class='ocrx_word' id='word_1_76' title='bbox 1224 1209 1268 1264; x_wconf 82' lang='grc'>⁸.</span> <span class='ocrx_word' id='word_1_77' title='bbox 1322 1209 1402 1266; x_wconf 87' lang='lat' dir='ltr'><strong>Ac</strong></span> <span class='ocrx_word' id='word_1_78' title='bbox 1459 1212 1940 1282; x_wconf 87' lang='lat' dir='ltr'><strong>quemadmodum,</strong></span> <span class='ocrx_word' id='word_1_79' title='bbox 1991 1213 2134 1268; x_wconf 84' lang='lat' dir='ltr'><strong>haud</strong></span> 
     </span>
    </p>
   </div>
   <div class='ocr_carea' id='block_1_14' title="bbox 546 1288 2137 1378">
    <p class='ocr_par' dir='ltr' id='par_1_14' title="bbox 546 1288 2137 1378">
     <span class='ocr_line' id='line_1_14' title="bbox 546 1288 2137 1378; baseline 0.006 -27"><span class='ocrx_word' id='word_1_80' title='bbox 546 1288 706 1366; x_wconf 81' lang='lat' dir='ltr'><strong>&#39;raro,</strong></span> <span class='ocrx_word' id='word_1_81' title='bbox 741 1316 933 1357; x_wconf 90' lang='lat' dir='ltr'><strong>servus</strong></span> <span class='ocrx_word' id='word_1_82' title='bbox 963 1301 1162 1373; x_wconf 86' lang='lat' dir='ltr'><strong>aliquis</strong></span> <span class='ocrx_word' id='word_1_83' title='bbox 1189 1313 1417 1374; x_wconf 76' lang='lat' dir='ltr'><strong>cogente</strong></span> <span class='ocrx_word' id='word_1_84' title='bbox 1449 1306 1669 1362; x_wconf 89' lang='lat' dir='ltr'><strong>domino</strong></span> <span class='ocrx_word' id='word_1_85' title='bbox 1713 1307 1944 1362; x_wconf 92' lang='lat' dir='ltr'><strong>invitum</strong></span> <span class='ocrx_word' id='word_1_86' title='bbox 1975 1307 2137 1378; x_wconf 82' lang='lat' dir='ltr'><strong>quid-</strong></span> 
     </span>
    </p>
   </div>
   <div class='ocr_carea' id='block_1_15' title="bbox 545 1382 2133 1479">
    <p class='ocr_par' dir='ltr' id='par_1_15' title="bbox 545 1382 2133 1479">
     <span class='ocr_line' id='line_1_15' title="bbox 545 1382 2133 1479; baseline 0.007 -34"><span class='ocrx_word' id='word_1_87' title='bbox 545 1382 681 1479; x_wconf 50' lang='lat' dir='ltr'><strong>:itam</strong></span> <span class='ocrx_word' id='word_1_88' title='bbox 714 1393 892 1449; x_wconf 77' lang='lat' dir='ltr'><strong>facere</strong></span> <span class='ocrx_word' id='word_1_89' title='bbox 916 1437 931 1462; x_wconf 93' lang='lat'><strong>,</strong></span> <span class='ocrx_word' id='word_1_90' title='bbox 980 1397 1240 1453; x_wconf 87' lang='lat' dir='ltr'><strong>mandato</strong></span> <span class='ocrx_word' id='word_1_91' title='bbox 1281 1398 1499 1468; x_wconf 89' lang='lat' dir='ltr'><strong>quidem</strong></span> <span class='ocrx_word' id='word_1_92' title='bbox 1533 1400 1731 1456; x_wconf 84' lang='lat' dir='ltr'><strong>timore</strong></span> <span class='ocrx_word' id='word_1_93' title='bbox 1767 1401 2088 1472; x_wconf 85' lang='lat' dir='ltr'><strong>obsequitur</strong></span> <span class='ocrx_word' id='word_1_94' title='bbox 2118 1420 2133 1456; x_wconf 87' lang='lat'><strong>:</strong></span> 
     </span>
    </p>
   </div>
   <div class='ocr_carea' id='block_1_16' title="bbox 546 1485 2131 1561">
    <p class='ocr_par' dir='ltr' id='par_1_16' title="bbox 546 1485 2131 1561">
     <span class='ocr_line' id='line_1_16' title="bbox 546 1485 2131 1561; baseline 0.007 -23"><span class='ocrx_word' id='word_1_95' title='bbox 546 1500 660 1561; x_wconf 80' lang='lat' dir='ltr'><strong>nec</strong></span> <span class='ocrx_word' id='word_1_96' title='bbox 685 1485 979 1556; x_wconf 87' lang='lat' dir='ltr'><strong>quidquam</strong></span> <span class='ocrx_word' id='word_1_97' title='bbox 1007 1495 1209 1554; x_wconf 89' lang='lat' dir='ltr'><strong>tamen,</strong></span> <span class='ocrx_word' id='word_1_98' title='bbox 1229 1491 1373 1561; x_wconf 89' lang='lat' dir='ltr'><strong>quod</strong></span> <span class='ocrx_word' id='word_1_99' title='bbox 1395 1492 1717 1547; x_wconf 89' lang='lat' dir='ltr'><strong>reluctantia</strong></span> <span class='ocrx_word' id='word_1_100' title='bbox 1739 1493 1906 1548; x_wconf 86' lang='lat' dir='ltr'><strong>sentit</strong></span> <span class='ocrx_word' id='word_1_101' title='bbox 1928 1493 2131 1559; x_wconf 89' lang='lat' dir='ltr'><strong>animo,</strong></span> 
     </span>
    </p>
   </div>
   <div class='ocr_carea' id='block_1_17' title="bbox 557 1577 2136 1653">
    <p class='ocr_par' dir='ltr' id='par_1_17' title="bbox 557 1577 2136 1653">
     <span class='ocr_line' id='line_1_17' title="bbox 557 1577 2136 1653; baseline 0.005 -24"><span class='ocrx_word' id='word_1_102' title='bbox 557 1577 722 1631; x_wconf 88' lang='lat' dir='ltr'><strong>audet</strong></span> <span class='ocrx_word' id='word_1_103' title='bbox 762 1578 945 1634; x_wconf 87' lang='lat' dir='ltr'><strong>dicere</strong></span> <span class='ocrx_word' id='word_1_104' title='bbox 976 1596 993 1634; x_wconf 89' lang='lat'><strong>:</strong></span> <span class='ocrx_word' id='word_1_105' title='bbox 1028 1580 1124 1635; x_wconf 86' lang='lat' dir='ltr'><strong>sed</strong></span> <span class='ocrx_word' id='word_1_106' title='bbox 1180 1583 1372 1653; x_wconf 86' lang='lat' dir='ltr'><strong>plenus</strong></span> <span class='ocrx_word' id='word_1_107' title='bbox 1424 1583 1507 1637; x_wconf 85' lang='lat' dir='ltr'><strong>ira</strong></span> <span class='ocrx_word' id='word_1_108' title='bbox 1538 1583 1794 1653; x_wconf 87' lang='lat' dir='ltr'><strong>quadam,</strong></span> <span class='ocrx_word' id='word_1_109' title='bbox 1827 1599 2011 1640; x_wconf 79' lang='lat' dir='ltr'><strong>Secum</strong></span> <span class='ocrx_word' id='word_1_110' title='bbox 2038 1584 2136 1638; x_wconf 87' lang='lat' dir='ltr'><strong>im-</strong></span> 
     </span>
    </p>
   </div>
   <div class='ocr_carea' id='block_1_18' title="bbox 547 1660 2134 1744">
    <p class='ocr_par' dir='ltr' id='par_1_18' title="bbox 547 1660 2134 1744">
     <span class='ocr_line' id='line_1_18' title="bbox 547 1660 2134 1744; baseline 0.005 -21"><span class='ocrx_word' id='word_1_111' title='bbox 547 1660 865 1725; x_wconf 20' lang='lat' dir='ltr'><strong>‘murmurat</strong></span> <span class='ocrx_word' id='word_1_112' title='bbox 899 1673 1019 1729; x_wconf 90' lang='lat' dir='ltr'><strong>:sic</strong></span> <span class='ocrx_word' id='word_1_113' title='bbox 1051 1682 1198 1730; x_wconf 87' lang='lat' dir='ltr'><strong>certe</strong></span> <span class='ocrx_word' id='word_1_114' title='bbox 1235 1684 1288 1730; x_wconf 91' lang='lat' dir='ltr'><strong>et</strong></span> <span class='ocrx_word' id='word_1_115' title='bbox 1311 1676 1441 1730; x_wconf 90' lang='lat' dir='ltr'><strong>mihi</strong></span> <span class='ocrx_word' id='word_1_116' title='bbox 1466 1675 1691 1732; x_wconf 88' lang='lat' dir='ltr'><strong>videbar</strong></span> <span class='ocrx_word' id='word_1_117' title='bbox 1727 1678 1929 1744; x_wconf 88' lang='lat' dir='ltr'><strong>videre,</strong></span> <span class='ocrx_word' id='word_1_118' title='bbox 1984 1677 2134 1732; x_wconf 90' lang='lat' dir='ltr'><strong>velut</strong></span> 
     </span>
    </p>
   </div>
   <div class='ocr_carea' id='block_1_19' title="bbox 555 1761 2133 1839">
    <p class='ocr_par' dir='ltr' id='par_1_19' title="bbox 555 1761 2133 1839">
     <span class='ocr_line' id='line_1_19' title="bbox 555 1761 2133 1839; baseline 0.006 -24"><span class='ocrx_word' id='word_1_119' title='bbox 555 1761 755 1816; x_wconf 88' lang='lat' dir='ltr'><strong>iratum</strong></span> <span class='ocrx_word' id='word_1_120' title='bbox 780 1779 949 1829; x_wconf 89' lang='lat' dir='ltr'><strong>mare,</strong></span> <span class='ocrx_word' id='word_1_121' title='bbox 982 1780 1280 1838; x_wconf 86' lang='lat' dir='ltr'><strong>secumque</strong></span> <span class='ocrx_word' id='word_1_122' title='bbox 1299 1768 1477 1839; x_wconf 90' lang='lat' dir='ltr'><strong>ipsum</strong></span> <span class='ocrx_word' id='word_1_123' title='bbox 1504 1768 1764 1824; x_wconf 88' lang='lat' dir='ltr'><strong>claudens</strong></span> <span class='ocrx_word' id='word_1_124' title='bbox 1800 1770 1937 1824; x_wconf 77' lang='lat' dir='ltr'><strong>iram</strong></span> <span class='ocrx_word' id='word_1_125' title='bbox 1970 1783 2035 1823; x_wconf 87' lang='lat' dir='ltr'><strong>ac</strong></span> <span class='ocrx_word' id='word_1_126' title='bbox 2073 1784 2133 1824; x_wconf 89' lang='lat' dir='ltr'><strong>se</strong></span> 
     </span>
    </p>
   </div>
   <div class='ocr_carea' id='block_1_20' title="bbox 544 1850 2200 1933">
    <p class='ocr_par' dir='ltr' id='par_1_20' title="bbox 544 1850 2200 1933">
     <span class='ocr_line' id='line_1_20' title="bbox 544 1850 2200 1933; baseline 0.004 -24"><span class='ocrx_word' id='word_1_127' title='bbox 544 1850 868 1933; x_wconf 73' lang='lat' dir='ltr'><strong>continens,</strong></span> <span class='ocrx_word' id='word_1_128' title='bbox 889 1859 1121 1913; x_wconf 88' lang='lat' dir='ltr'><strong>veritum</strong></span> <span class='ocrx_word' id='word_1_129' title='bbox 1144 1857 1373 1915; x_wconf 90' lang='lat' dir='ltr'><strong>Domino</strong></span> <span class='ocrx_word' id='word_1_130' title='bbox 1402 1861 1651 1932; x_wconf 82' lang='lat' dir='ltr'><strong>prodere.</strong></span> <span class='ocrx_word' id='word_1_131' title='bbox 1685 1860 1811 1916; x_wconf 61' lang='lat' dir='ltr'><strong>Haec</strong></span> <span class='ocrx_word' id='word_1_132' title='bbox 1832 1863 1904 1915; x_wconf 92' lang='lat' dir='ltr'><strong>ita</strong></span> <span class='ocrx_word' id='word_1_133' title='bbox 1930 1860 2129 1916; x_wconf 87' lang='lat' dir='ltr'><strong>baben-</strong></span> <span class='ocrx_word' id='word_1_134' title='bbox 2158 1870 2200 1927; x_wconf 83' lang='grc' dir='ltr'><strong>Β</strong></span> 
     </span>
    </p>
   </div>
   <div class='ocr_carea' id='block_1_21' title="bbox 554 1944 2133 2024">
    <p class='ocr_par' dir='ltr' id='par_1_21' title="bbox 554 1944 2133 2024">
     <span class='ocr_line' id='line_1_21' title="bbox 554 1944 2133 2024; baseline 0.006 -27"><span class='ocrx_word' id='word_1_135' title='bbox 554 1946 653 2010; x_wconf 89' lang='lat' dir='ltr'><strong>tia,</strong></span> <span class='ocrx_word' id='word_1_136' title='bbox 686 1944 906 2012; x_wconf 87' lang='lat' dir='ltr'><strong>tacitus,</strong></span> <span class='ocrx_word' id='word_1_137' title='bbox 940 1950 1167 2007; x_wconf 90' lang='lat' dir='ltr'><strong>intentis</strong></span> <span class='ocrx_word' id='word_1_138' title='bbox 1190 1953 1389 2019; x_wconf 88' lang='lat' dir='ltr'><strong>oculis,</strong></span> <span class='ocrx_word' id='word_1_139' title='bbox 1422 1954 1671 2023; x_wconf 86' lang='lat' dir='ltr'><strong>aspicere</strong></span> <span class='ocrx_word' id='word_1_140' title='bbox 1704 1968 2014 2024; x_wconf 90' lang='lat' dir='ltr'><strong>coeperam;</strong></span> <span class='ocrx_word' id='word_1_141' title='bbox 2041 1968 2133 2007; x_wconf 85' lang='lat' dir='ltr'><strong>vo-</strong></span> 
     </span>
    </p>
   </div>
   <div class='ocr_carea' id='block_1_22' title="bbox 543 2038 2133 2121">
    <p class='ocr_par' dir='ltr' id='par_1_22' title="bbox 543 2038 2133 2121">
     <span class='ocr_line' id='line_1_22' title="bbox 543 2038 2133 2121; baseline 0.004 -29"><span class='ocrx_word' id='word_1_142' title='bbox 543 2038 841 2121; x_wconf 55' lang='lat' dir='ltr'><strong>}ebamque</strong></span> <span class='ocrx_word' id='word_1_143' title='bbox 862 2043 1061 2097; x_wconf 76' lang='lat' dir='ltr'><strong>cmlum</strong></span> <span class='ocrx_word' id='word_1_144' title='bbox 1083 2045 1266 2101; x_wconf 88' lang='lat' dir='ltr'><strong>animo</strong></span> <span class='ocrx_word' id='word_1_145' title='bbox 1288 2046 1490 2109; x_wconf 87' lang='lat' dir='ltr'><strong>metiri,</strong></span> <span class='ocrx_word' id='word_1_146' title='bbox 1516 2054 1570 2101; x_wconf 92' lang='lat' dir='ltr'><strong>et</strong></span> <span class='ocrx_word' id='word_1_147' title='bbox 1584 2045 1771 2102; x_wconf 91' lang='lat' dir='ltr'><strong>orbem</strong></span> <span class='ocrx_word' id='word_1_148' title='bbox 1796 2045 1918 2115; x_wconf 82' lang='lat' dir='ltr'><strong>ejus</strong></span> <span class='ocrx_word' id='word_1_149' title='bbox 1946 2064 1961 2099; x_wconf 90' lang='lat'><strong>:</strong></span> <span class='ocrx_word' id='word_1_150' title='bbox 1990 2058 2133 2116; x_wconf 67' lang='lat' dir='ltr'><strong>quae-</strong></span> 
     </span>
    </p>
   </div>
   <div class='ocr_carea' id='block_1_23' title="bbox 554 2132 2131 2208">
    <p class='ocr_par' dir='ltr' id='par_1_23' title="bbox 554 2132 2131 2208">
     <span class='ocr_line' id='line_1_23' title="bbox 554 2132 2131 2208; baseline 0.003 -22"><span class='ocrx_word' id='word_1_151' title='bbox 554 2132 742 2187; x_wconf 87' lang='lat' dir='ltr'><strong>rebam</strong></span> <span class='ocrx_word' id='word_1_152' title='bbox 794 2150 895 2205; x_wconf 80' lang='lat' dir='ltr'><strong>ego</strong></span> <span class='ocrx_word' id='word_1_153' title='bbox 948 2135 1093 2192; x_wconf 90' lang='lat' dir='ltr'><strong>unde</strong></span> <span class='ocrx_word' id='word_1_154' title='bbox 1120 2137 1385 2208; x_wconf 89' lang='lat' dir='ltr'><strong>inciperet</strong></span> <span class='ocrx_word' id='word_1_155' title='bbox 1418 2154 1595 2208; x_wconf 83' lang='lat' dir='ltr'><strong>quove</strong></span> <span class='ocrx_word' id='word_1_156' title='bbox 1638 2138 1911 2193; x_wconf 83' lang='lat' dir='ltr'><strong>desineret</strong></span> <span class='ocrx_word' id='word_1_157' title='bbox 1941 2137 2131 2208; x_wconf 87' lang='lat' dir='ltr'><strong>:quali</strong></span> 
     </span>
    </p>
   </div>
   <div class='ocr_carea' id='block_1_24' title="bbox 554 2224 2131 2295">
    <p class='ocr_par' dir='ltr' id='par_1_24' title="bbox 554 2224 2131 2295">
     <span class='ocr_line' id='line_1_24' title="bbox 554 2224 2131 2295; baseline 0.004 -17"><span class='ocrx_word' id='word_1_158' title='bbox 554 2224 682 2280; x_wconf 88' lang='lat' dir='ltr'><strong>item</strong></span> <span class='ocrx_word' id='word_1_159' title='bbox 724 2227 963 2283; x_wconf 87' lang='lat' dir='ltr'><strong>cieretur</strong></span> <span class='ocrx_word' id='word_1_160' title='bbox 1009 2237 1162 2285; x_wconf 90' lang='lat' dir='ltr'><strong>motu</strong></span> <span class='ocrx_word' id='word_1_161' title='bbox 1200 2249 1215 2286; x_wconf 88' lang='lat'><strong>:</strong></span> <span class='ocrx_word' id='word_1_162' title='bbox 1274 2246 1402 2284; x_wconf 92' lang='lat' dir='ltr'><strong>num</strong></span> <span class='ocrx_word' id='word_1_163' title='bbox 1434 2230 1743 2295; x_wconf 90' lang='lat' dir='ltr'><strong>transitivo,</strong></span> <span class='ocrx_word' id='word_1_164' title='bbox 1776 2230 1881 2287; x_wconf 86' lang='lat' dir='ltr'><strong>hoc</strong></span> <span class='ocrx_word' id='word_1_165' title='bbox 1915 2236 2021 2295; x_wconf 89' lang='lat' dir='ltr'><strong>est,</strong></span> <span class='ocrx_word' id='word_1_166' title='bbox 2062 2229 2131 2284; x_wconf 89' lang='lat' dir='ltr'><strong>ab</strong></span> 
     </span>
    </p>
   </div>
   <div class='ocr_carea' id='block_1_25' title="bbox 554 2319 2133 2387">
    <p class='ocr_par' dir='ltr' id='par_1_25' title="bbox 554 2319 2133 2387">
     <span class='ocr_line' id='line_1_25' title="bbox 554 2319 2133 2387; baseline 0.004 -16"><span class='ocrx_word' id='word_1_167' title='bbox 554 2333 666 2373; x_wconf 91' lang='lat' dir='ltr'><strong>uno</strong></span> <span class='ocrx_word' id='word_1_168' title='bbox 715 2319 769 2373; x_wconf 90' lang='lat' dir='ltr'><strong>in</strong></span> <span class='ocrx_word' id='word_1_169' title='bbox 801 2320 968 2374; x_wconf 88' lang='lat' dir='ltr'><strong>alium</strong></span> <span class='ocrx_word' id='word_1_170' title='bbox 1003 2322 1220 2387; x_wconf 86' lang='lat' dir='ltr'><strong>locum,</strong></span> <span class='ocrx_word' id='word_1_171' title='bbox 1260 2324 1347 2380; x_wconf 90' lang='lat' dir='ltr'><strong>vel</strong></span> <span class='ocrx_word' id='word_1_172' title='bbox 1400 2323 1458 2378; x_wconf 85' lang='lat' dir='ltr'><strong>in</strong></span> <span class='ocrx_word' id='word_1_173' title='bbox 1500 2324 1687 2379; x_wconf 87' lang='lat' dir='ltr'><strong>orbem</strong></span> <span class='ocrx_word' id='word_1_174' title='bbox 1724 2322 2000 2379; x_wconf 79' lang='lat' dir='ltr'><strong>ferretur:</strong></span> <span class='ocrx_word' id='word_1_175' title='bbox 2036 2321 2133 2378; x_wconf 90' lang='lat' dir='ltr'><strong>sed</strong></span> 
     </span>
    </p>
   </div>
   <div class='ocr_carea' id='block_1_26' title="bbox 551 2409 2133 2483">
    <p class='ocr_par' dir='ltr' id='par_1_26' title="bbox 551 2409 2133 2483">
     <span class='ocr_line' id='line_1_26' title="bbox 551 2409 2133 2483; baseline 0.001 -20"><span class='ocrx_word' id='word_1_176' title='bbox 551 2414 609 2463; x_wconf 86' lang='lat' dir='ltr'><strong>et</strong></span> <span class='ocrx_word' id='word_1_177' title='bbox 634 2410 909 2477; x_wconf 83' lang='lat' dir='ltr'><strong>quomodo</strong></span> <span class='ocrx_word' id='word_1_178' title='bbox 931 2413 1116 2466; x_wconf 88' lang='lat' dir='ltr'><strong>statim</strong></span> <span class='ocrx_word' id='word_1_179' title='bbox 1147 2413 1495 2469; x_wconf 88' lang='lat' dir='ltr'><strong>consisteret.</strong></span> <span class='ocrx_word' id='word_1_180' title='bbox 1530 2412 1693 2483; x_wconf 83' lang='lat' dir='ltr'><strong>Atqui</strong></span> <span class='ocrx_word' id='word_1_181' title='bbox 1725 2412 1887 2467; x_wconf 90' lang='lat' dir='ltr'><strong>etiam</strong></span> <span class='ocrx_word' id='word_1_182' title='bbox 1916 2410 1985 2465; x_wconf 90' lang='lat' dir='ltr'><strong>de</strong></span> <span class='ocrx_word' id='word_1_183' title='bbox 2017 2409 2133 2475; x_wconf 86' lang='lat' dir='ltr'><strong>sole</strong></span> 
     </span>
    </p>
   </div>
   <div class='ocr_carea' id='block_1_27' title="bbox 552 2500 2133 2576">
    <p class='ocr_par' dir='ltr' id='par_1_27' title="bbox 552 2500 2133 2576">
     <span class='ocr_line' id='line_1_27' title="bbox 552 2500 2133 2576; baseline -0.003 -17"><span class='ocrx_word' id='word_1_184' title='bbox 552 2501 904 2576; x_wconf 66' lang='lat' dir='ltr'><strong>quaerendum</strong></span> <span class='ocrx_word' id='word_1_185' title='bbox 941 2504 1244 2570; x_wconf 82' lang='lat' dir='ltr'><strong>videbatur,</strong></span> <span class='ocrx_word' id='word_1_186' title='bbox 1307 2521 1416 2576; x_wconf 94' lang='lat' dir='ltr'><strong>quo</strong></span> <span class='ocrx_word' id='word_1_187' title='bbox 1468 2504 1517 2560; x_wconf 89' lang='lat' dir='ltr'><strong>is</strong></span> <span class='ocrx_word' id='word_1_188' title='bbox 1549 2504 1710 2560; x_wconf 91' lang='lat' dir='ltr'><strong>modo</strong></span> <span class='ocrx_word' id='word_1_189' title='bbox 1737 2501 2026 2574; x_wconf 90' lang='lat' dir='ltr'><strong>positionis</strong></span> <span class='ocrx_word' id='word_1_190' title='bbox 2074 2500 2133 2555; x_wconf 91' lang='lat' dir='ltr'><strong>in</strong></span> 
     </span>
    </p>
   </div>
   <div class='ocr_carea' id='block_1_28' title="bbox 554 2595 2129 2670">
    <p class='ocr_par' dir='ltr' id='par_1_28' title="bbox 554 2595 2129 2670">
     <span class='ocr_line' id='line_1_28' title="bbox 554 2595 2129 2670; baseline -0.002 -19"><span class='ocrx_word' id='word_1_191' title='bbox 554 2598 697 2653; x_wconf 71' lang='lat' dir='ltr'><strong>coelo</strong></span> <span class='ocrx_word' id='word_1_192' title='bbox 727 2598 925 2652; x_wconf 84' lang='lat' dir='ltr'><strong>habeat</strong></span> <span class='ocrx_word' id='word_1_193' title='bbox 957 2618 970 2653; x_wconf 91' lang='lat'><strong>:</strong></span> <span class='ocrx_word' id='word_1_194' title='bbox 1004 2599 1286 2670; x_wconf 73' lang='lat' dir='ltr'><strong>quis-vero</strong></span> <span class='ocrx_word' id='word_1_195' title='bbox 1315 2598 1582 2655; x_wconf 85' lang='lat' dir='ltr'><strong>terminus</strong></span> <span class='ocrx_word' id='word_1_196' title='bbox 1610 2598 1682 2654; x_wconf 88' lang='lat' dir='ltr'><strong>sit</strong></span> <span class='ocrx_word' id='word_1_197' title='bbox 1705 2611 1902 2653; x_wconf 91' lang='lat' dir='ltr'><strong>cursus</strong></span> <span class='ocrx_word' id='word_1_198' title='bbox 1932 2595 2082 2649; x_wconf 88' lang='lat' dir='ltr'><strong>illius</strong></span> <span class='ocrx_word' id='word_1_199' title='bbox 2113 2610 2129 2649; x_wconf 88' lang='lat'><strong>:</strong></span> 
     </span>
    </p>
   </div>
   <div class='ocr_carea' id='block_1_29' title="bbox 553 2687 2133 2763">
    <p class='ocr_par' dir='ltr' id='par_1_29' title="bbox 553 2687 2133 2763">
     <span class='ocr_line' id='line_1_29' title="bbox 553 2687 2133 2763; baseline -0.003 -17"><span class='ocrx_word' id='word_1_200' title='bbox 553 2707 665 2763; x_wconf 88' lang='lat' dir='ltr'><strong>quo</strong></span> <span class='ocrx_word' id='word_1_201' title='bbox 702 2691 829 2746; x_wconf 85' lang='lat' dir='ltr'><strong>item</strong></span> <span class='ocrx_word' id='word_1_202' title='bbox 853 2692 1003 2748; x_wconf 88' lang='lat' dir='ltr'><strong>brevi</strong></span> <span class='ocrx_word' id='word_1_203' title='bbox 1050 2700 1196 2749; x_wconf 88' lang='lat' dir='ltr'><strong>esset</strong></span> <span class='ocrx_word' id='word_1_204' title='bbox 1251 2706 1656 2759; x_wconf 85' lang='lat' dir='ltr'><strong>concessurus;</strong></span> <span class='ocrx_word' id='word_1_205' title='bbox 1711 2705 1776 2745; x_wconf 86' lang='lat' dir='ltr'><strong>ac</strong></span> <span class='ocrx_word' id='word_1_206' title='bbox 1803 2703 1981 2759; x_wconf 88' lang='lat' dir='ltr'><strong>neque</strong></span> <span class='ocrx_word' id='word_1_207' title='bbox 2015 2687 2133 2758; x_wconf 89' lang='lat' dir='ltr'><strong>ipse</strong></span> 
     </span>
    </p>
   </div>
   <div class='ocr_carea' id='block_1_30' title="bbox 553 2776 2133 2856">
    <p class='ocr_par' dir='ltr' id='par_1_30' title="bbox 553 2776 2133 2856">
     <span class='ocr_line' id='line_1_30' title="bbox 553 2776 2133 2856; baseline -0.004 -19"><span class='ocrx_word' id='word_1_208' title='bbox 553 2784 991 2855; x_wconf 77' lang='lat' dir='ltr'><strong>transgrediatur</strong></span> <span class='ocrx_word' id='word_1_209' title='bbox 1021 2799 1243 2840; x_wconf 87' lang='lat' dir='ltr'><strong>cursum</strong></span> <span class='ocrx_word' id='word_1_210' title='bbox 1276 2785 1593 2856; x_wconf 89' lang='lat' dir='ltr'><strong>proprium:</strong></span> <span class='ocrx_word' id='word_1_211' title='bbox 1624 2782 1721 2838; x_wconf 89' lang='lat' dir='ltr'><strong>sed</strong></span> <span class='ocrx_word' id='word_1_212' title='bbox 1750 2790 1803 2837; x_wconf 90' lang='lat' dir='ltr'><strong>et</strong></span> <span class='ocrx_word' id='word_1_213' title='bbox 1832 2781 1969 2851; x_wconf 84' lang='lat' dir='ltr'><strong>ipse,</strong></span> <span class='ocrx_word' id='word_1_214' title='bbox 1987 2776 2133 2849; x_wconf 86' lang='lat' dir='ltr'><strong>quod</strong></span> 
     </span>
    </p>
   </div>
   <div class='ocr_carea' id='block_1_31' title="bbox 552 2868 2134 2949">
    <p class='ocr_par' dir='ltr' id='par_1_31' title="bbox 552 2868 2134 2949">
     <span class='ocr_line' id='line_1_31' title="bbox 552 2868 2134 2949; baseline -0.002 -23"><span class='ocrx_word' id='word_1_215' title='bbox 552 2890 743 2931; x_wconf 89' lang='lat' dir='ltr'><strong>verum</strong></span> <span class='ocrx_word' id='word_1_216' title='bbox 796 2876 959 2931; x_wconf 84' lang='lat' dir='ltr'><strong>liceat</strong></span> <span class='ocrx_word' id='word_1_217' title='bbox 1008 2877 1179 2949; x_wconf 91' lang='lat' dir='ltr'><strong>loqui,</strong></span> <span class='ocrx_word' id='word_1_218' title='bbox 1241 2875 1482 2932; x_wconf 88' lang='lat' dir='ltr'><strong>melioris</strong></span> <span class='ocrx_word' id='word_1_219' title='bbox 1537 2880 1866 2946; x_wconf 65' lang='lat' dir='ltr'><strong>praeceptum</strong></span> <span class='ocrx_word' id='word_1_220' title='bbox 1912 2868 2134 2941; x_wconf 89' lang='lat' dir='ltr'><strong>aliquod</strong></span> 
     </span>
    </p>
   </div>
   <div class='ocr_carea' id='block_1_32' title="bbox 542 2960 2131 3042">
    <p class='ocr_par' dir='ltr' id='par_1_32' title="bbox 542 2960 2131 3042">
     <span class='ocr_line' id='line_1_32' title="bbox 542 2960 2131 3042; baseline 0.002 -20"><span class='ocrx_word' id='word_1_221' title='bbox 542 2960 875 3034; x_wconf 83' lang='lat' dir='ltr'><strong>custodiat;</strong></span> <span class='ocrx_word' id='word_1_222' title='bbox 934 2978 1174 3041; x_wconf 88' lang='lat' dir='ltr'><strong>tuncque</strong></span> <span class='ocrx_word' id='word_1_223' title='bbox 1225 2968 1384 3025; x_wconf 91' lang='lat' dir='ltr'><strong>nobis</strong></span> <span class='ocrx_word' id='word_1_224' title='bbox 1437 2968 1770 3042; x_wconf 89' lang='lat' dir='ltr'><strong>conspicuus</strong></span> <span class='ocrx_word' id='word_1_225' title='bbox 1834 2967 2131 3035; x_wconf 68' lang='lat' dir='ltr'><strong>appareat.</strong></span> 
     </span>
    </p>
   </div>
   <div class='ocr_carea' id='block_1_33' title="bbox 554 3054 2133 3130">
    <p class='ocr_par' dir='ltr' id='par_1_33' title="bbox 554 3054 2133 3130">
     <span class='ocr_line' id='line_1_33' title="bbox 554 3054 2133 3130; baseline -0.004 -13"><span class='ocrx_word' id='word_1_226' title='bbox 554 3078 679 3117; x_wconf 87' lang='lat' dir='ltr'><strong>cum</strong></span> <span class='ocrx_word' id='word_1_227' title='bbox 701 3071 785 3117; x_wconf 73' lang='grc' dir='ltr'><strong>εει</strong></span> <span class='ocrx_word' id='word_1_228' title='bbox 812 3077 1135 3120; x_wconf 82' lang='lat' dir='ltr'><strong>concessum</strong></span> <span class='ocrx_word' id='word_1_229' title='bbox 1157 3080 1172 3129; x_wconf 88' lang='grc'>;</span> <span class='ocrx_word' id='word_1_230' title='bbox 1208 3078 1428 3120; x_wconf 87' lang='lat' dir='ltr'><strong>rursum</strong></span> <span class='ocrx_word' id='word_1_231' title='bbox 1458 3077 1609 3130; x_wconf 87' lang='lat' dir='ltr'><strong>vero,</strong></span> <span class='ocrx_word' id='word_1_232' title='bbox 1633 3077 1733 3116; x_wconf 89' lang='lat' dir='ltr'><strong>ceu</strong></span> <span class='ocrx_word' id='word_1_233' title='bbox 1750 3065 1978 3115; x_wconf 66' lang='grc' dir='ltr'>νοοαιιιε</span> <span class='ocrx_word' id='word_1_234' title='bbox 2008 3054 2133 3111; x_wconf 71' lang='lat' dir='ltr'><strong>abl‘</strong></span> 
     </span>
    </p>
   </div>
   <div class='ocr_carea' id='block_1_34' title="bbox 542 3146 2131 3226">
    <p class='ocr_par' dir='ltr' id='par_1_34' title="bbox 542 3146 2131 3226">
     <span class='ocr_line' id='line_1_34' title="bbox 542 3146 2131 3226; baseline -0.006 -20"><span class='ocrx_word' id='word_1_235' title='bbox 542 3151 733 3219; x_wconf 86' lang='lat' dir='ltr'><strong>cedat.</strong></span> <span class='ocrx_word' id='word_1_236' title='bbox 782 3150 1002 3208; x_wconf 87' lang='lat' dir='ltr'><strong>lnterim</strong></span> <span class='ocrx_word' id='word_1_237' title='bbox 1049 3168 1180 3226; x_wconf 72' lang='lat' dir='ltr'><strong>ergo</strong></span> <span class='ocrx_word' id='word_1_238' title='bbox 1232 3154 1363 3209; x_wconf 90' lang='lat' dir='ltr'><strong>dum</strong></span> <span class='ocrx_word' id='word_1_239' title='bbox 1419 3153 1534 3208; x_wconf 85' lang='lat' dir='ltr'><strong>haec</strong></span> <span class='ocrx_word' id='word_1_240' title='bbox 1592 3153 1841 3222; x_wconf 84' lang='lat' dir='ltr'><strong>exquiro,</strong></span> <span class='ocrx_word' id='word_1_241' title='bbox 1880 3146 2131 3203; x_wconf 79' lang='lat' dir='ltr'><strong>videbam</strong></span> 
     </span>
    </p>
   </div>
   <div class='ocr_carea' id='block_1_35' title="bbox 555 3217 2204 3318">
    <p class='ocr_par' dir='ltr' id='par_1_35' title="bbox 555 3217 2204 3318">
     <span class='ocr_line' id='line_1_35' title="bbox 555 3217 2204 3318; baseline -0.004 -20"><span class='ocrx_word' id='word_1_242' title='bbox 555 3243 688 3299; x_wconf 89' lang='lat' dir='ltr'><strong>solis</strong></span> <span class='ocrx_word' id='word_1_243' title='bbox 708 3244 871 3314; x_wconf 73' lang='lat' dir='ltr'><strong>iubar</strong></span> <span class='ocrx_word' id='word_1_244' title='bbox 894 3217 1164 3311; x_wconf 73' lang='lat' dir='ltr'><strong>occidere,</strong></span> <span class='ocrx_word' id='word_1_245' title='bbox 1197 3247 1411 3318; x_wconf 90' lang='lat' dir='ltr'><strong>dieique</strong></span> <span class='ocrx_word' id='word_1_246' title='bbox 1438 3247 1624 3302; x_wconf 89' lang='lat' dir='ltr'><strong>lumen</strong></span> <span class='ocrx_word' id='word_1_247' title='bbox 1648 3217 1909 3309; x_wconf 72' lang='lat' dir='ltr'><strong>deﬁcere;</strong></span> <span class='ocrx_word' id='word_1_248' title='bbox 1933 3254 1998 3294; x_wconf 91' lang='lat' dir='ltr'><strong>ac</strong></span> <span class='ocrx_word' id='word_1_249' title='bbox 2023 3245 2136 3294; x_wconf 89' lang='lat' dir='ltr'><strong>sta-</strong></span> <span class='ocrx_word' id='word_1_250' title='bbox 2161 3217 2204 3275; x_wconf 64' lang='grc' dir='ltr'><strong>(ἶ</strong></span> 
     </span>
    </p>
   </div>
   <div class='ocr_carea' id='block_1_36' title="bbox 550 3336 2134 3411">
    <p class='ocr_par' dir='ltr' id='par_1_36' title="bbox 550 3336 2134 3411">
     <span class='ocr_line' id='line_1_36' title="bbox 550 3336 2134 3411; baseline -0.001 -21"><span class='ocrx_word' id='word_1_251' title='bbox 550 3336 652 3391; x_wconf 80' lang='lat' dir='ltr'><strong>tim</strong></span> <span class='ocrx_word' id='word_1_252' title='bbox 681 3338 875 3394; x_wconf 82' lang='lat' dir='ltr'><strong>adesse</strong></span> <span class='ocrx_word' id='word_1_253' title='bbox 907 3340 1182 3407; x_wconf 79' lang='lat' dir='ltr'><strong>tenebras,</strong></span> <span class='ocrx_word' id='word_1_254' title='bbox 1224 3340 1519 3411; x_wconf 87' lang='lat' dir='ltr'><strong>lunamque</strong></span> <span class='ocrx_word' id='word_1_255' title='bbox 1558 3340 1660 3396; x_wconf 90' lang='lat' dir='ltr'><strong>soli</strong></span> <span class='ocrx_word' id='word_1_256' title='bbox 1689 3337 1982 3394; x_wconf 88' lang='lat' dir='ltr'><strong>succedere</strong></span> <span class='ocrx_word' id='word_1_257' title='bbox 2018 3355 2032 3390; x_wconf 74' lang='grc' dir='ltr'>ε</span> <span class='ocrx_word' id='word_1_258' title='bbox 2069 3348 2134 3389; x_wconf 87' lang='lat' dir='ltr'><strong>ac</strong></span> 
     </span>
    </p>
   </div>
   <div class='ocr_carea' id='block_1_37' title="bbox 552 3428 2130 3503">
    <p class='ocr_par' dir='ltr' id='par_1_37' title="bbox 552 3428 2130 3503">
     <span class='ocr_line' id='line_1_37' title="bbox 552 3428 2130 3503; baseline 0.001 -22"><span class='ocrx_word' id='word_1_259' title='bbox 552 3428 791 3500; x_wconf 90' lang='lat' dir='ltr'><strong>primum</strong></span> <span class='ocrx_word' id='word_1_260' title='bbox 822 3432 1042 3501; x_wconf 91' lang='lat' dir='ltr'><strong>quidem</strong></span> <span class='ocrx_word' id='word_1_261' title='bbox 1075 3433 1339 3488; x_wconf 86' lang='lat' dir='ltr'><strong>minutam</strong></span> <span class='ocrx_word' id='word_1_262' title='bbox 1381 3434 1513 3488; x_wconf 89' lang='lat' dir='ltr'><strong>oriri</strong></span> <span class='ocrx_word' id='word_1_263' title='bbox 1540 3450 1554 3499; x_wconf 95' lang='lat'><strong>;</strong></span> <span class='ocrx_word' id='word_1_264' title='bbox 1587 3429 1932 3503; x_wconf 82' lang='lat' dir='ltr'><strong>postmodum</strong></span> <span class='ocrx_word' id='word_1_265' title='bbox 1979 3443 2130 3492; x_wconf 89' lang='lat' dir='ltr'><strong>vero,</strong></span> 
     </span>
    </p>
   </div>
   <div class='ocr_carea' id='block_1_38' title="bbox 555 3518 2135 3595">
    <p class='ocr_par' dir='ltr' id='par_1_38' title="bbox 555 3518 2135 3595">
     <span class='ocr_line' id='line_1_38' title="bbox 555 3518 2135 3595; baseline 0.001 -23"><span class='ocrx_word' id='word_1_266' title='bbox 555 3532 722 3573; x_wconf 70' lang='lat' dir='ltr'><strong>cursu</strong></span> <span class='ocrx_word' id='word_1_267' title='bbox 777 3535 1206 3592; x_wconf 78' lang='lat' dir='ltr'><strong>promoventem,</strong></span> <span class='ocrx_word' id='word_1_268' title='bbox 1239 3523 1432 3595; x_wconf 86' lang='lat' dir='ltr'><strong>majori</strong></span> <span class='ocrx_word' id='word_1_269' title='bbox 1480 3523 1661 3594; x_wconf 85' lang='lat' dir='ltr'><strong>specie</strong></span> <span class='ocrx_word' id='word_1_270' title='bbox 1719 3536 2005 3593; x_wconf 81' lang='lat' dir='ltr'><strong>apparere.</strong></span> <span class='ocrx_word' id='word_1_271' title='bbox 2055 3518 2135 3574; x_wconf 83' lang='lat' dir='ltr'><strong>Ac</strong></span> 
     </span>
    </p>
   </div>
   <div class='ocr_carea' id='block_1_39' title="bbox 553 3613 2134 3687">
    <p class='ocr_par' dir='ltr' id='par_1_39' title="bbox 553 3613 2134 3687">
     <span class='ocr_line' id='line_1_39' title="bbox 553 3613 2134 3687; baseline 0.001 -22"><span class='ocrx_word' id='word_1_272' title='bbox 553 3628 733 3683; x_wconf 90' lang='lat' dir='ltr'><strong>neque</strong></span> <span class='ocrx_word' id='word_1_273' title='bbox 775 3613 841 3669; x_wconf 88' lang='lat' dir='ltr'><strong>de</strong></span> <span class='ocrx_word' id='word_1_274' title='bbox 866 3615 955 3669; x_wconf 82' lang='lat' dir='ltr'><strong>illa</strong></span> <span class='ocrx_word' id='word_1_275' title='bbox 987 3632 1231 3686; x_wconf 65' lang='lat' dir='ltr'><strong>quaerere</strong></span> <span class='ocrx_word' id='word_1_276' title='bbox 1253 3618 1559 3681; x_wconf 76' lang='lat' dir='ltr'><strong>cessabant,</strong></span> <span class='ocrx_word' id='word_1_277' title='bbox 1583 3630 1916 3687; x_wconf 86' lang='lat' dir='ltr'><strong>causamque</strong></span> <span class='ocrx_word' id='word_1_278' title='bbox 1953 3614 2134 3668; x_wconf 90' lang='lat' dir='ltr'><strong>minu-</strong></span> 
     </span>
    </p>
   </div>
   <div class='ocr_carea' id='block_1_40' title="bbox 552 3705 2134 3779">
    <p class='ocr_par' dir='ltr' id='par_1_40' title="bbox 552 3705 2134 3779">
     <span class='ocr_line' id='line_1_40' title="bbox 552 3705 2134 3779; baseline 0.003 -23"><span class='ocrx_word' id='word_1_279' title='bbox 552 3705 723 3759; x_wconf 89' lang='lat' dir='ltr'><strong>tiouis</strong></span> <span class='ocrx_word' id='word_1_280' title='bbox 752 3713 806 3760; x_wconf 91' lang='lat' dir='ltr'><strong>et</strong></span> <span class='ocrx_word' id='word_1_281' title='bbox 828 3708 1158 3764; x_wconf 89' lang='lat' dir='ltr'><strong>accretionis</strong></span> <span class='ocrx_word' id='word_1_282' title='bbox 1185 3709 1507 3775; x_wconf 87' lang='lat' dir='ltr'><strong>scrutabar;</strong></span> <span class='ocrx_word' id='word_1_283' title='bbox 1536 3709 1682 3779; x_wconf 90' lang='lat' dir='ltr'><strong>quod</strong></span> <span class='ocrx_word' id='word_1_284' title='bbox 1716 3708 1837 3778; x_wconf 84' lang='lat' dir='ltr'><strong>ipsa</strong></span> <span class='ocrx_word' id='word_1_285' title='bbox 1857 3707 2134 3763; x_wconf 86' lang='lat' dir='ltr'><strong>nihilomi-</strong></span> 
     </span>
    </p>
   </div>
   <div class='ocr_carea' id='block_1_41' title="bbox 556 3797 2133 3871">
    <p class='ocr_par' dir='ltr' id='par_1_41' title="bbox 556 3797 2133 3871">
     <span class='ocr_line' id='line_1_41' title="bbox 556 3797 2133 3871; baseline 0.001 -20"><span class='ocrx_word' id='word_1_286' title='bbox 556 3813 664 3851; x_wconf 89' lang='lat' dir='ltr'><strong>nus</strong></span> <span class='ocrx_word' id='word_1_287' title='bbox 689 3797 1184 3854; x_wconf 86' lang='lat' dir='ltr'><strong>circulum-dierum</strong></span> <span class='ocrx_word' id='word_1_288' title='bbox 1213 3807 1393 3854; x_wconf 85' lang='lat' dir='ltr'><strong>teneat</strong></span> <span class='ocrx_word' id='word_1_289' title='bbox 1412 3821 1424 3855; x_wconf 91' lang='lat'>:</span> <span class='ocrx_word' id='word_1_290' title='bbox 1442 3802 1676 3871; x_wconf 88' lang='lat' dir='ltr'><strong>indeque</strong></span> <span class='ocrx_word' id='word_1_291' title='bbox 1700 3801 1832 3855; x_wconf 86' lang='lat' dir='ltr'><strong>mihi</strong></span> <span class='ocrx_word' id='word_1_292' title='bbox 1858 3800 2133 3870; x_wconf 88' lang='lat' dir='ltr'><strong>quandam</strong></span> 
     </span>
    </p>
   </div>
   <div class='ocr_carea' id='block_1_42' title="bbox 556 3889 2134 3961">
    <p class='ocr_par' dir='ltr' id='par_1_42' title="bbox 556 3889 2134 3961">
     <span class='ocr_line' id='line_1_42' title="bbox 556 3889 2134 3961; baseline 0.001 -16"><span class='ocrx_word' id='word_1_293' title='bbox 556 3890 796 3945; x_wconf 81' lang='lat' dir='ltr'><strong>divinam</strong></span> <span class='ocrx_word' id='word_1_294' title='bbox 826 3889 1221 3961; x_wconf 81' lang='lat' dir='ltr'><strong>providentiam</strong></span> <span class='ocrx_word' id='word_1_295' title='bbox 1250 3907 1315 3946; x_wconf 86' lang='lat' dir='ltr'><strong>ac</strong></span> <span class='ocrx_word' id='word_1_296' title='bbox 1339 3892 1445 3947; x_wconf 88' lang='lat' dir='ltr'><strong>vim</strong></span> <span class='ocrx_word' id='word_1_297' title='bbox 1467 3893 1751 3949; x_wconf 89' lang='lat' dir='ltr'><strong>meliorum</strong></span> <span class='ocrx_word' id='word_1_298' title='bbox 1788 3893 1970 3948; x_wconf 87' lang='lat' dir='ltr'><strong>omnia</strong></span> <span class='ocrx_word' id='word_1_299' title='bbox 2003 3908 2134 3948; x_wconf 89' lang='lat' dir='ltr'><strong>con-</strong></span> 
     </span>
    </p>
   </div>
   <div class='ocr_carea' id='block_1_43' title="bbox 558 3982 2133 4054">
    <p class='ocr_par' dir='ltr' id='par_1_43' title="bbox 558 3982 2133 4054">
     <span class='ocr_line' id='line_1_43' title="bbox 558 3982 2133 4054; baseline 0.001 -18"><span class='ocrx_word' id='word_1_300' title='bbox 558 3982 845 4051; x_wconf 86' lang='lat' dir='ltr'><strong>tinentem,</strong></span> <span class='ocrx_word' id='word_1_301' title='bbox 869 3998 1030 4054; x_wconf 87' lang='lat' dir='ltr'><strong>quam</strong></span> <span class='ocrx_word' id='word_1_302' title='bbox 1064 3991 1119 4039; x_wconf 87' lang='lat' dir='ltr'><strong>et</strong></span> <span class='ocrx_word' id='word_1_303' title='bbox 1152 3984 1318 4039; x_wconf 88' lang='lat' dir='ltr'><strong>Deum</strong></span> <span class='ocrx_word' id='word_1_304' title='bbox 1336 3984 1461 4054; x_wconf 88' lang='lat' dir='ltr'><strong>jure</strong></span> <span class='ocrx_word' id='word_1_305' title='bbox 1488 3984 1744 4051; x_wconf 86' lang='lat' dir='ltr'><strong>dicimus,</strong></span> <span class='ocrx_word' id='word_1_306' title='bbox 1770 3985 2026 4054; x_wconf 81' lang='lat' dir='ltr'><strong>colligere</strong></span> <span class='ocrx_word' id='word_1_307' title='bbox 2047 3984 2133 4037; x_wconf 85' lang='lat' dir='ltr'><strong>vi-</strong></span> 
     </span>
    </p>
   </div>
   <div class='ocr_carea' id='block_1_44' title="bbox 556 4073 2133 4147">
    <p class='ocr_par' dir='ltr' id='par_1_44' title="bbox 556 4073 2133 4147">
     <span class='ocr_line' id='line_1_44' title="bbox 556 4073 2133 4147; baseline -0.004 -15"><span class='ocrx_word' id='word_1_308' title='bbox 556 4077 747 4134; x_wconf 88' lang='lat' dir='ltr'><strong>debar.</strong></span> <span class='ocrx_word' id='word_1_309' title='bbox 776 4075 1045 4131; x_wconf 62' lang='lat' dir='ltr'><strong>Caeterum</strong></span> <span class='ocrx_word' id='word_1_310' title='bbox 1095 4091 1227 4131; x_wconf 87' lang='lat' dir='ltr'><strong>vero</strong></span> <span class='ocrx_word' id='word_1_311' title='bbox 1270 4077 1412 4147; x_wconf 79' lang='lat' dir='ltr'><strong>coepi</strong></span> <span class='ocrx_word' id='word_1_312' title='bbox 1441 4076 1664 4132; x_wconf 88' lang='lat' dir='ltr'><strong>laudare</strong></span> <span class='ocrx_word' id='word_1_313' title='bbox 1688 4074 1945 4146; x_wconf 84' lang='lat' dir='ltr'><strong>Opiﬁcem</strong></span> <span class='ocrx_word' id='word_1_314' title='bbox 1971 4113 1988 4138; x_wconf 90' lang='lat'><strong>,</strong></span> <span class='ocrx_word' id='word_1_315' title='bbox 2039 4073 2133 4144; x_wconf 91' lang='lat' dir='ltr'><strong>qui</strong></span> 
     </span>
    </p>
   </div>
   <div class='ocr_carea' id='block_1_45' title="bbox 555 4166 2134 4240">
    <p class='ocr_par' dir='ltr' id='par_1_45' title="bbox 555 4166 2134 4240">
     <span class='ocr_line' id='line_1_45' title="bbox 555 4166 2134 4240; baseline -0.001 -17"><span class='ocrx_word' id='word_1_316' title='bbox 555 4175 760 4224; x_wconf 87' lang='lat' dir='ltr'><strong>terram</strong></span> <span class='ocrx_word' id='word_1_317' title='bbox 793 4168 977 4237; x_wconf 82' lang='lat' dir='ltr'><strong>ﬁxam,</strong></span> <span class='ocrx_word' id='word_1_318' title='bbox 1003 4168 1427 4240; x_wconf 87' lang='lat' dir='ltr'><strong>animaliumque</strong></span> <span class='ocrx_word' id='word_1_319' title='bbox 1471 4166 1807 4225; x_wconf 85' lang='lat' dir='ltr'><strong>ditl&#39;erentias</strong></span> <span class='ocrx_word' id='word_1_320' title='bbox 1849 4182 1913 4223; x_wconf 89' lang='lat' dir='ltr'><strong>ac</strong></span> <span class='ocrx_word' id='word_1_321' title='bbox 1954 4168 2134 4223; x_wconf 83' lang='lat' dir='ltr'><strong>varios</strong></span> 
     </span>
    </p>
   </div>
   <div class='ocr_carea' id='block_1_46' title="bbox 544 4244 2135 4341">
    <p class='ocr_par' dir='ltr' id='par_1_46' title="bbox 544 4244 2135 4341">
     <span class='ocr_line' id='line_1_46' title="bbox 544 4244 2135 4341; baseline -0.001 -26"><span class='ocrx_word' id='word_1_322' title='bbox 544 4261 868 4341; x_wconf 76' lang='lat' dir='ltr'><strong>plantarum</strong></span> <span class='ocrx_word' id='word_1_323' title='bbox 899 4261 1061 4319; x_wconf 88' lang='lat' dir='ltr'><strong>ﬂores</strong></span> <span class='ocrx_word' id='word_1_324' title='bbox 1121 4261 1443 4334; x_wconf 88' lang='lat' dir='ltr'><strong>aspicerem.</strong></span> <span class='ocrx_word' id='word_1_325' title='bbox 1500 4244 1822 4324; x_wconf 80' lang='lat' dir='ltr'><strong>Enimvero,</strong></span> <span class='ocrx_word' id='word_1_326' title='bbox 1853 4259 2135 4330; x_wconf 81' lang='lat' dir='ltr'><strong>haudqua-</strong></span> 
     </span>
    </p>
   </div>
   <div class='ocr_carea' id='block_1_47' title="bbox 555 4352 2134 4425">
    <p class='ocr_par' dir='ltr' id='par_1_47' title="bbox 555 4352 2134 4425">
     <span class='ocr_line' id='line_1_47' title="bbox 555 4352 2134 4425; baseline 0 -17"><span class='ocrx_word' id='word_1_327' title='bbox 555 4367 719 4425; x_wconf 86' lang='lat' dir='ltr'><strong>quam</strong></span> <span class='ocrx_word' id='word_1_328' title='bbox 771 4353 986 4410; x_wconf 89' lang='lat' dir='ltr'><strong>animus</strong></span> <span class='ocrx_word' id='word_1_329' title='bbox 1038 4354 1095 4409; x_wconf 88' lang='lat' dir='ltr'><strong>in</strong></span> <span class='ocrx_word' id='word_1_330' title='bbox 1149 4354 1300 4410; x_wconf 89' lang='lat' dir='ltr'><strong>hisce</strong></span> <span class='ocrx_word' id='word_1_331' title='bbox 1333 4362 1388 4410; x_wconf 86' lang='lat' dir='ltr'><strong>et</strong></span> <span class='ocrx_word' id='word_1_332' title='bbox 1423 4355 1556 4412; x_wconf 85' lang='lat' dir='ltr'><strong>solis</strong></span> <span class='ocrx_word' id='word_1_333' title='bbox 1598 4355 1844 4411; x_wconf 88' lang='lat' dir='ltr'><strong>constitit</strong></span> <span class='ocrx_word' id='word_1_334' title='bbox 1880 4374 1895 4409; x_wconf 90' lang='lat'><strong>:</strong></span> <span class='ocrx_word' id='word_1_335' title='bbox 1932 4352 2025 4408; x_wconf 86' lang='lat' dir='ltr'><strong>sed</strong></span> <span class='ocrx_word' id='word_1_336' title='bbox 2067 4352 2134 4408; x_wconf 90' lang='lat' dir='ltr'><strong>de</strong></span> 
     </span>
    </p>
   </div>
   <div class='ocr_carea' id='block_1_48' title="bbox 554 4449 2130 4521">
    <p class='ocr_par' dir='ltr' id='par_1_48' title="bbox 554 4449 2130 4521">
     <span class='ocr_line' id='line_1_48' title="bbox 554 4449 2130 4521; baseline -0.002 -18"><span class='ocrx_word' id='word_1_337' title='bbox 554 4459 773 4515; x_wconf 64' lang='lat' dir='ltr'><strong>caetero,</strong></span> <span class='ocrx_word' id='word_1_338' title='bbox 793 4464 1038 4520; x_wconf 61' lang='lat' dir='ltr'><strong>quiercre</strong></span> <span class='ocrx_word' id='word_1_339' title='bbox 1061 4449 1202 4521; x_wconf 75' lang='lat' dir='ltr'><strong>ccepi</strong></span> <span class='ocrx_word' id='word_1_340' title='bbox 1232 4449 1376 4505; x_wconf 91' lang='lat' dir='ltr'><strong>unde</strong></span> <span class='ocrx_word' id='word_1_341' title='bbox 1404 4449 1520 4505; x_wconf 63' lang='lat' dir='ltr'><strong>haec</strong></span> <span class='ocrx_word' id='word_1_342' title='bbox 1548 4449 1849 4505; x_wconf 88' lang='lat' dir='ltr'><strong>constituta</strong></span> <span class='ocrx_word' id='word_1_343' title='bbox 1895 4453 2081 4503; x_wconf 88' lang='lat' dir='ltr'><strong>essent</strong></span> <span class='ocrx_word' id='word_1_344' title='bbox 2116 4464 2130 4500; x_wconf 92' lang='lat'>:</span> 
     </span>
    </p>
   </div>
   <div class='ocr_carea' id='block_1_49' title="bbox 555 4540 2135 4613">
    <p class='ocr_par' dir='ltr' id='par_1_49' title="bbox 555 4540 2135 4613">
     <span class='ocr_line' id='line_1_49' title="bbox 555 4540 2135 4613; baseline -0.001 -17"><span class='ocrx_word' id='word_1_345' title='bbox 555 4558 686 4596; x_wconf 89' lang='lat' dir='ltr'><strong>num</strong></span> <span class='ocrx_word' id='word_1_346' title='bbox 717 4558 785 4598; x_wconf 78' lang='lat' dir='ltr'><strong>ex</strong></span> <span class='ocrx_word' id='word_1_347' title='bbox 821 4542 1004 4613; x_wconf 87' lang='lat' dir='ltr'><strong>aliquo</strong></span> <span class='ocrx_word' id='word_1_348' title='bbox 1034 4542 1181 4613; x_wconf 87' lang='lat' dir='ltr'><strong>quod</strong></span> <span class='ocrx_word' id='word_1_349' title='bbox 1203 4557 1417 4613; x_wconf 90' lang='lat' dir='ltr'><strong>semper</strong></span> <span class='ocrx_word' id='word_1_350' title='bbox 1443 4542 1742 4599; x_wconf 84' lang='lat' dir='ltr'><strong>cocxsistat</strong></span> <span class='ocrx_word' id='word_1_351' title='bbox 1771 4540 1903 4609; x_wconf 87' lang='lat' dir='ltr'><strong>Deo,</strong></span> <span class='ocrx_word' id='word_1_352' title='bbox 1935 4541 2020 4597; x_wconf 86' lang='lat' dir='ltr'><strong>vel</strong></span> <span class='ocrx_word' id='word_1_353' title='bbox 2067 4555 2135 4595; x_wconf 78' lang='lat' dir='ltr'><strong>ex</strong></span> 
     </span>
    </p>
   </div>
   <div class='ocr_carea' id='block_1_50' title="bbox 557 4634 2135 4706">
    <p class='ocr_par' dir='ltr' id='par_1_50' title="bbox 557 4634 2135 4706">
     <span class='ocr_line' id='line_1_50' title="bbox 557 4634 2135 4706; baseline 0 -16"><span class='ocrx_word' id='word_1_354' title='bbox 557 4636 678 4705; x_wconf 91' lang='lat' dir='ltr'><strong>ipso</strong></span> <span class='ocrx_word' id='word_1_355' title='bbox 706 4637 932 4706; x_wconf 91' lang='lat' dir='ltr'><strong>soloque</strong></span> <span class='ocrx_word' id='word_1_356' title='bbox 954 4634 1085 4700; x_wconf 89' lang='lat' dir='ltr'><strong>Deo,</strong></span> <span class='ocrx_word' id='word_1_357' title='bbox 1117 4636 1264 4691; x_wconf 71' lang='lat' dir='ltr'><strong>nulla</strong></span> <span class='ocrx_word' id='word_1_358' title='bbox 1288 4636 1337 4692; x_wconf 87' lang='lat' dir='ltr'><strong>ei</strong></span> <span class='ocrx_word' id='word_1_359' title='bbox 1377 4652 1436 4692; x_wconf 90' lang='lat' dir='ltr'><strong>re</strong></span> <span class='ocrx_word' id='word_1_360' title='bbox 1466 4634 2135 4699; x_wconf 82' lang='lat' dir='ltr'><strong>coexsistente,consiste-</strong></span> 
     </span>
    </p>
   </div>
   <div class='ocr_carea' id='block_1_51' title="bbox 555 4729 2135 4798">
    <p class='ocr_par' dir='ltr' id='par_1_51' title="bbox 555 4729 2135 4798">
     <span class='ocr_line' id='line_1_51' title="bbox 555 4729 2135 4798; baseline -0.001 -15"><span class='ocrx_word' id='word_1_361' title='bbox 555 4737 700 4784; x_wconf 87' lang='lat' dir='ltr'><strong>rent.</strong></span> <span class='ocrx_word' id='word_1_362' title='bbox 738 4729 869 4783; x_wconf 69' lang='lat' dir='ltr'><strong>Nam</strong></span> <span class='ocrx_word' id='word_1_363' title='bbox 894 4730 1032 4784; x_wconf 87' lang='lat' dir='ltr'><strong>nihil</strong></span> <span class='ocrx_word' id='word_1_364' title='bbox 1067 4745 1131 4785; x_wconf 76' lang='lat' dir='ltr'><strong>ex</strong></span> <span class='ocrx_word' id='word_1_365' title='bbox 1170 4730 1341 4786; x_wconf 85' lang='lat' dir='ltr'><strong>nihilo</strong></span> <span class='ocrx_word' id='word_1_366' title='bbox 1374 4729 1568 4787; x_wconf 84' lang='lat' dir='ltr'><strong>fecisse</strong></span> <span class='ocrx_word' id='word_1_367' title='bbox 1589 4772 1604 4798; x_wconf 93' lang='lat'><strong>,</strong></span> <span class='ocrx_word' id='word_1_368' title='bbox 1635 4730 1844 4785; x_wconf 88' lang='lat' dir='ltr'><strong>ratione</strong></span> <span class='ocrx_word' id='word_1_369' title='bbox 1870 4744 1979 4785; x_wconf 92' lang='lat' dir='ltr'><strong>non</strong></span> <span class='ocrx_word' id='word_1_370' title='bbox 2015 4743 2135 4783; x_wconf 90' lang='lat' dir='ltr'><strong>om-</strong></span> 
     </span>
    </p>
   </div>
   <div class='ocr_carea' id='block_1_52' title="bbox 555 4821 2127 4895">
    <p class='ocr_par' dir='ltr' id='par_1_52' title="bbox 555 4821 2127 4895">
     <span class='ocr_line' id='line_1_52' title="bbox 555 4821 2127 4895; baseline -0.001 -18"><span class='ocrx_word' id='word_1_371' title='bbox 555 4823 688 4877; x_wconf 87' lang='lat' dir='ltr'><strong>nino</strong></span> <span class='ocrx_word' id='word_1_372' title='bbox 734 4823 1079 4893; x_wconf 88' lang='lat' dir='ltr'><strong>improbabili</strong></span> <span class='ocrx_word' id='word_1_373' title='bbox 1127 4832 1448 4895; x_wconf 85' lang='lat' dir='ltr'><strong>suppetente</strong></span> <span class='ocrx_word' id='word_1_374' title='bbox 1485 4823 1944 4880; x_wconf 88' lang='lat' dir='ltr'><strong>considerandum</strong></span> <span class='ocrx_word' id='word_1_375' title='bbox 1977 4821 2127 4877; x_wconf 81' lang='lat' dir='ltr'><strong>duxi.</strong></span> 
     </span>
    </p>
   </div>
   <div class='ocr_carea' id='block_1_53' title="bbox 556 4914 2128 4989">
    <p class='ocr_par' dir='ltr' id='par_1_53' title="bbox 556 4914 2128 4989">
     <span class='ocr_line' id='line_1_53' title="bbox 556 4914 2128 4989; baseline 0.001 -21"><span class='ocrx_word' id='word_1_376' title='bbox 556 4914 771 4971; x_wconf 81' lang='lat' dir='ltr'><strong>Habent</strong></span> <span class='ocrx_word' id='word_1_377' title='bbox 791 4917 935 4972; x_wconf 88' lang='lat' dir='ltr'><strong>enim</strong></span> <span class='ocrx_word' id='word_1_378' title='bbox 960 4932 1081 4988; x_wconf 69' lang='lat' dir='ltr'><strong>qua:</strong></span> <span class='ocrx_word' id='word_1_379' title='bbox 1111 4917 1265 4984; x_wconf 83' lang='lat' dir='ltr'><strong>ﬁunt,</strong></span> <span class='ocrx_word' id='word_1_380' title='bbox 1285 4933 1350 4974; x_wconf 82' lang='lat' dir='ltr'><strong>ex</strong></span> <span class='ocrx_word' id='word_1_381' title='bbox 1381 4918 1562 4989; x_wconf 90' lang='lat' dir='ltr'><strong>aliquo</strong></span> <span class='ocrx_word' id='word_1_382' title='bbox 1593 4917 1709 4973; x_wconf 78' lang='lat' dir='ltr'><strong>ﬁeri</strong></span> <span class='ocrx_word' id='word_1_383' title='bbox 1757 4932 1820 4971; x_wconf 92' lang='lat' dir='ltr'><strong>ac</strong></span> <span class='ocrx_word' id='word_1_384' title='bbox 1847 4915 2128 4972; x_wconf 90' lang='lat' dir='ltr'><strong>constitui.</strong></span> 
     </span>
    </p>
   </div>
   <div class='ocr_carea' id='block_1_54' title="bbox 558 5007 2131 5076">
    <p class='ocr_par' dir='ltr' id='par_1_54' title="bbox 558 5007 2131 5076">
     <span class='ocr_line' id='line_1_54' title="bbox 558 5007 2131 5076; baseline -0.001 -11"><span class='ocrx_word' id='word_1_385' title='bbox 558 5007 824 5065; x_wconf 86' lang='lat' dir='ltr'><strong>Similiter</strong></span> <span class='ocrx_word' id='word_1_386' title='bbox 879 5011 1044 5066; x_wconf 89' lang='lat' dir='ltr'><strong>etiam</strong></span> <span class='ocrx_word' id='word_1_387' title='bbox 1123 5028 1248 5068; x_wconf 88' lang='lat' dir='ltr'><strong>vere</strong></span> <span class='ocrx_word' id='word_1_388' title='bbox 1302 5013 1593 5068; x_wconf 90' lang='lat' dir='ltr'><strong>dicendum</strong></span> <span class='ocrx_word' id='word_1_389' title='bbox 1645 5011 1953 5076; x_wconf 88' lang='lat' dir='ltr'><strong>videbatur,</strong></span> <span class='ocrx_word' id='word_1_390' title='bbox 1994 5010 2131 5066; x_wconf 90' lang='lat' dir='ltr'><strong>nihil</strong></span> 
     </span>
    </p>
   </div>
   <div class='ocr_carea' id='block_1_55' title="bbox 556 5098 2133 5174">
    <p class='ocr_par' dir='ltr' id='par_1_55' title="bbox 556 5098 2133 5174">
     <span class='ocr_line' id='line_1_55' title="bbox 556 5098 2133 5174; baseline 0.004 -22"><span class='ocrx_word' id='word_1_391' title='bbox 556 5098 670 5154; x_wconf 91' lang='lat' dir='ltr'><strong>Deo</strong></span> <span class='ocrx_word' id='word_1_392' title='bbox 698 5111 890 5169; x_wconf 84' lang='lat' dir='ltr'><strong>praeter</strong></span> <span class='ocrx_word' id='word_1_393' title='bbox 920 5102 1100 5172; x_wconf 89' lang='lat' dir='ltr'><strong>ipsum</strong></span> <span class='ocrx_word' id='word_1_394' title='bbox 1149 5105 1512 5172; x_wconf 82' lang='lat' dir='ltr'><strong>coexsistere;</strong></span> <span class='ocrx_word' id='word_1_395' title='bbox 1566 5119 1797 5174; x_wconf 87' lang='lat' dir='ltr'><strong>esseque</strong></span> <span class='ocrx_word' id='word_1_396' title='bbox 1848 5120 1956 5167; x_wconf 88' lang='lat' dir='ltr'><strong>res,</strong></span> <span class='ocrx_word' id='word_1_397' title='bbox 2013 5103 2133 5173; x_wconf 91' lang='lat' dir='ltr'><strong>ipso</strong></span> 
     </span>
    </p>
   </div>
   <div class='ocr_carea' id='block_1_56' title="bbox 556 5192 2132 5266">
    <p class='ocr_par' dir='ltr' id='par_1_56' title="bbox 556 5192 2132 5266">
     <span class='ocr_line' id='line_1_56' title="bbox 556 5192 2132 5266; baseline 0.002 -22"><span class='ocrx_word' id='word_1_398' title='bbox 556 5197 777 5245; x_wconf 86' lang='lat' dir='ltr'><strong>creante</strong></span> <span class='ocrx_word' id='word_1_399' title='bbox 808 5209 823 5246; x_wconf 89' lang='lat'>:</span> <span class='ocrx_word' id='word_1_400' title='bbox 855 5192 1125 5261; x_wconf 90' lang='lat' dir='ltr'><strong>siquidem</strong></span> <span class='ocrx_word' id='word_1_401' title='bbox 1163 5194 1218 5249; x_wconf 93' lang='lat' dir='ltr'><strong>id</strong></span> <span class='ocrx_word' id='word_1_402' title='bbox 1246 5203 1492 5252; x_wconf 87' lang='lat' dir='ltr'><strong>suaserat</strong></span> <span class='ocrx_word' id='word_1_403' title='bbox 1525 5196 1862 5266; x_wconf 90' lang='lat' dir='ltr'><strong>compositus</strong></span> <span class='ocrx_word' id='word_1_404' title='bbox 1889 5194 2132 5249; x_wconf 90' lang='lat' dir='ltr'><strong>elemen-</strong></span> 
     </span>
    </p>
   </div>
   <div class='ocr_carea' id='block_1_57' title="bbox 556 5282 2135 5357">
    <p class='ocr_par' dir='ltr' id='par_1_57' title="bbox 556 5282 2135 5357">
     <span class='ocr_line' id='line_1_57' title="bbox 556 5282 2135 5357; baseline 0.002 -23"><span class='ocrx_word' id='word_1_405' title='bbox 556 5290 738 5337; x_wconf 85' lang='lat' dir='ltr'><strong>torum</strong></span> <span class='ocrx_word' id='word_1_406' title='bbox 790 5282 960 5349; x_wconf 91' lang='lat' dir='ltr'><strong>ordo,</strong></span> <span class='ocrx_word' id='word_1_407' title='bbox 1012 5292 1328 5357; x_wconf 71' lang='lat' dir='ltr'><strong>naturzeque</strong></span> <span class='ocrx_word' id='word_1_408' title='bbox 1384 5286 1439 5341; x_wconf 83' lang='lat' dir='ltr'><strong>in</strong></span> <span class='ocrx_word' id='word_1_409' title='bbox 1488 5287 1569 5343; x_wconf 90' lang='lat' dir='ltr'><strong>cis</strong></span> <span class='ocrx_word' id='word_1_410' title='bbox 1621 5285 1985 5342; x_wconf 87' lang='lat' dir='ltr'><strong>concinnitas.</strong></span> <span class='ocrx_word' id='word_1_411' title='bbox 2043 5283 2135 5338; x_wconf 84' lang='lat' dir='ltr'><strong>Sic</strong></span> 
     </span>
    </p>
   </div>
   <div class='ocr_carea' id='block_1_58' title="bbox 556 5374 2129 5447">
    <p class='ocr_par' dir='ltr' id='par_1_58' title="bbox 556 5374 2129 5447">
     <span class='ocr_line' id='line_1_58' title="bbox 556 5374 2129 5447; baseline 0.004 -21"><span class='ocrx_word' id='word_1_412' title='bbox 556 5390 718 5439; x_wconf 77' lang='lat' dir='ltr'><strong>vero,</strong></span> <span class='ocrx_word' id='word_1_413' title='bbox 754 5374 892 5430; x_wconf 85' lang='lat' dir='ltr'><strong>bene</strong></span> <span class='ocrx_word' id='word_1_414' title='bbox 945 5377 1204 5434; x_wconf 87' lang='lat' dir='ltr'><strong>statuisse</strong></span> <span class='ocrx_word' id='word_1_415' title='bbox 1254 5379 1548 5447; x_wconf 88' lang='lat' dir='ltr'><strong>arbitrans,</strong></span> <span class='ocrx_word' id='word_1_416' title='bbox 1600 5380 1820 5435; x_wconf 92' lang='lat' dir='ltr'><strong>domum</strong></span> <span class='ocrx_word' id='word_1_417' title='bbox 1871 5377 2129 5433; x_wconf 89' lang='lat' dir='ltr'><strong>redibam.</strong></span> 
     </span>
    </p>
   </div>
   <div class='ocr_carea' id='block_1_59' title="bbox 557 5462 2136 5541">
    <p class='ocr_par' dir='ltr' id='par_1_59' title="bbox 557 5462 2136 5541">
     <span class='ocr_line' id='line_1_59' title="bbox 557 5462 2136 5541; baseline 0.004 -23"><span class='ocrx_word' id='word_1_418' title='bbox 557 5462 847 5529; x_wconf 81' lang='lat' dir='ltr'><strong>Caeterum,</strong></span> <span class='ocrx_word' id='word_1_419' title='bbox 881 5481 1004 5520; x_wconf 91' lang='lat' dir='ltr'><strong>cum</strong></span> <span class='ocrx_word' id='word_1_420' title='bbox 1030 5468 1301 5537; x_wconf 86' lang='lat' dir='ltr'><strong>sequenti,</strong></span> <span class='ocrx_word' id='word_1_421' title='bbox 1331 5484 1527 5541; x_wconf 87' lang='lat' dir='ltr'><strong>nempe</strong></span> <span class='ocrx_word' id='word_1_422' title='bbox 1564 5469 1829 5525; x_wconf 87' lang='lat' dir='ltr'><strong>hodierna</strong></span> <span class='ocrx_word' id='word_1_423' title='bbox 1855 5470 1964 5534; x_wconf 88' lang='lat' dir='ltr'><strong>die,</strong></span> <span class='ocrx_word' id='word_1_424' title='bbox 1987 5469 2136 5525; x_wconf 78' lang='lat' dir='ltr'><strong>exis-</strong></span> 
     </span>
    </p>
   </div>
   <div class='ocr_carea' id='block_1_60' title="bbox 560 5557 2133 5635">
    <p class='ocr_par' dir='ltr' id='par_1_60' title="bbox 560 5557 2133 5635">
     <span class='ocr_line' id='line_1_60' title="bbox 560 5557 2133 5635; baseline 0.004 -26"><span class='ocrx_word' id='word_1_425' title='bbox 560 5569 695 5622; x_wconf 89' lang='lat' dir='ltr'><strong>sem,</strong></span> <span class='ocrx_word' id='word_1_426' title='bbox 722 5557 863 5613; x_wconf 91' lang='lat' dir='ltr'><strong>duos</strong></span> <span class='ocrx_word' id='word_1_427' title='bbox 893 5557 1185 5627; x_wconf 89' lang='lat' dir='ltr'><strong>quosdam,</strong></span> <span class='ocrx_word' id='word_1_428' title='bbox 1218 5560 1406 5616; x_wconf 88' lang='lat' dir='ltr'><strong>eodem</strong></span> <span class='ocrx_word' id='word_1_429' title='bbox 1442 5577 1675 5635; x_wconf 80' lang='lat' dir='ltr'><strong>genere,</strong></span> <span class='ocrx_word' id='word_1_430' title='bbox 1725 5562 1995 5630; x_wconf 83' lang='lat' dir='ltr'><strong>homines,</strong></span> <span class='ocrx_word' id='word_1_431' title='bbox 2048 5561 2133 5616; x_wconf 90' lang='lat' dir='ltr'><strong>in-</strong></span> 
     </span>
    </p>
   </div>
   <div class='ocr_carea' id='block_1_61' title="bbox 663 5760 1197 5829">
    <p class='ocr_par' dir='ltr' id='par_1_61' title="bbox 663 5760 1197 5829">
     <span class='ocr_line' id='line_1_61' title="bbox 663 5760 1197 5829; baseline 0.011 -15"><span class='ocrx_word' id='word_1_432' title='bbox 663 5762 684 5793; x_wconf 85' lang='grc'>⁸</span> <span class='ocrx_word' id='word_1_433' title='bbox 723 5760 825 5816; x_wconf 79' lang='lat' dir='ltr'><strong>Job</strong></span> <span class='ocrx_word' id='word_1_434' title='bbox 856 5778 1082 5829; x_wconf 69' lang='lat' dir='ltr'><strong>xxxvm,</strong></span> <span class='ocrx_word' id='word_1_435' title='bbox 1113 5762 1197 5820; x_wconf 80' lang='lat' dir='ltr'><strong>ll.</strong></span> 
     </span>
    </p>
   </div>
   <div class='ocr_carea' id='block_1_62' title="bbox 2248 560 3761 635">
    <p class='ocr_par' dir='ltr' id='par_1_62' title="bbox 2248 560 3761 635">
     <span class='ocr_line' id='line_1_62' title="bbox 2248 560 3761 635; baseline 0.005 -21"><span class='ocrx_word' id='word_1_436' title='bbox 2248 562 2479 634; x_wconf 85' lang='grc' dir='ltr'>είπεῖν,)</span> <span class='ocrx_word' id='word_1_437' title='bbox 2510 562 2673 617; x_wconf 83' lang='grc' dir='ltr'>αὑτοῦ</span> <span class='ocrx_word' id='word_1_438' title='bbox 2706 561 3068 633; x_wconf 78' lang='grc' dir='ltr'><strong>ἐφικνούμενα</strong></span> <span class='ocrx_word' id='word_1_439' title='bbox 3094 560 3188 614; x_wconf 80' lang='grc' dir='ltr'>τοῦ</span> <span class='ocrx_word' id='word_1_440' title='bbox 3226 563 3447 635; x_wconf 80' lang='grc' dir='ltr'>ούρανοῦ</span> <span class='ocrx_word' id='word_1_441' title='bbox 3472 581 3486 594; x_wconf 87' lang='grc'><strong>·</strong></span> <span class='ocrx_word' id='word_1_442' title='bbox 3525 564 3580 618; x_wconf 81' lang='grc' dir='ltr'>τὺ</span> <span class='ocrx_word' id='word_1_443' title='bbox 3611 566 3652 620; x_wconf 85' lang='grc' dir='ltr'>δ’</span> <span class='ocrx_word' id='word_1_444' title='bbox 3685 570 3761 621; x_wconf 79' lang='grc' dir='ltr'><strong>ἐν·</strong></span> 
     </span>
    </p>
   </div>
   <div class='ocr_carea' id='block_1_63' title="bbox 2244 649 3763 722">
    <p class='ocr_par' dir='ltr' id='par_1_63' title="bbox 2244 649 3763 722">
     <span class='ocr_line' id='line_1_63' title="bbox 2244 649 3763 722; baseline 0.001 -16"><span class='ocrx_word' id='word_1_445' title='bbox 2244 652 2435 706; x_wconf 82' lang='grc' dir='ltr'>τεῢθεν</span> <span class='ocrx_word' id='word_1_446' title='bbox 2462 652 2614 705; x_wconf 85' lang='grc' dir='ltr'>οὐδὲν</span> <span class='ocrx_word' id='word_1_447' title='bbox 2653 652 2840 722; x_wconf 80' lang='grc' dir='ltr'>ἓτερον</span> <span class='ocrx_word' id='word_1_448' title='bbox 2882 649 3221 722; x_wconf 79' lang='grc' dir='ltr'><strong>προσεδόκων</strong></span> <span class='ocrx_word' id='word_1_449' title='bbox 3248 650 3282 720; x_wconf 84' lang='grc' dir='ltr'>ἢ</span> <span class='ocrx_word' id='word_1_450' title='bbox 3321 649 3528 705; x_wconf 75' lang='grc' dir='ltr'>ἃπασαν</span> <span class='ocrx_word' id='word_1_451' title='bbox 3565 653 3763 707; x_wconf 76' lang='grc' dir='ltr'>ἐπικλυ-</span> 
     </span>
    </p>
   </div>
   <div class='ocr_carea' id='block_1_64' title="bbox 2246 740 3766 816">
    <p class='ocr_par' dir='ltr' id='par_1_64' title="bbox 2246 740 3766 816">
     <span class='ocr_line' id='line_1_64' title="bbox 2246 740 3766 816; baseline 0.001 -18"><span class='ocrx_word' id='word_1_452' title='bbox 2246 744 2501 816; x_wconf 79' lang='grc' dir='ltr'>θήσεσθαι</span> <span class='ocrx_word' id='word_1_453' title='bbox 2537 743 2636 816; x_wconf 85' lang='grc' dir='ltr'><strong>τὴν</strong></span> <span class='ocrx_word' id='word_1_454' title='bbox 2667 743 2790 812; x_wconf 76' lang='grc' dir='ltr'>γῆν·</span> <span class='ocrx_word' id='word_1_455' title='bbox 2818 740 2909 795; x_wconf 86' lang='grc' dir='ltr'><strong>καί</strong></span> <span class='ocrx_word' id='word_1_456' title='bbox 2947 759 3035 813; x_wconf 86' lang='grc' dir='ltr'><strong>μοι</strong></span> <span class='ocrx_word' id='word_1_457' title='bbox 3072 741 3248 811; x_wconf 80' lang='grc' dir='ltr'>φυγῆς</span> <span class='ocrx_word' id='word_1_458' title='bbox 3284 743 3341 795; x_wconf 80' lang='grc' dir='ltr'><strong>ὲν</strong></span> <span class='ocrx_word' id='word_1_459' title='bbox 3376 741 3450 812; x_wconf 82' lang='grc' dir='ltr'>τῷ</span> <span class='ocrx_word' id='word_1_460' title='bbox 3488 741 3563 796; x_wconf 80' lang='grc' dir='ltr'>νοῒ</span> <span class='ocrx_word' id='word_1_461' title='bbox 3601 744 3766 810; x_wconf 84' lang='grc' dir='ltr'>τόπον,</span> 
     </span>
    </p>
   </div>
   <div class='ocr_carea' id='block_1_65' title="bbox 2244 835 3766 909">
    <p class='ocr_par' dir='ltr' id='par_1_65' title="bbox 2244 835 3766 909">
     <span class='ocr_line' id='line_1_65' title="bbox 2244 835 3766 909; baseline 0 -18"><span class='ocrx_word' id='word_1_462' title='bbox 2244 839 2338 892; x_wconf 77' lang='grc' dir='ltr'>καὶ</span> <span class='ocrx_word' id='word_1_463' title='bbox 2368 838 2467 909; x_wconf 82' lang='grc' dir='ltr'><strong>τὴν</strong></span> <span class='ocrx_word' id='word_1_464' title='bbox 2500 837 2592 890; x_wconf 79' lang='grc' dir='ltr'>τοῦ</span> <span class='ocrx_word' id='word_1_465' title='bbox 2641 836 2766 890; x_wconf 86' lang='grc' dir='ltr'>Νῶε</span> <span class='ocrx_word' id='word_1_466' title='bbox 2794 836 3122 890; x_wconf 79' lang='grc' dir='ltr'><strong>ἀνέπλαττον</strong></span> <span class='ocrx_word' id='word_1_467' title='bbox 3150 835 3396 890; x_wconf 78' lang='grc' dir='ltr'>κιϐωτόν.</span> <span class='ocrx_word' id='word_1_468' title='bbox 3428 835 3500 888; x_wconf 83' lang='grc' dir='ltr'>Τὸ</span> <span class='ocrx_word' id='word_1_469' title='bbox 3528 835 3568 888; x_wconf 79' lang='grc' dir='ltr'>δ’</span> <span class='ocrx_word' id='word_1_470' title='bbox 3592 837 3681 890; x_wconf 81' lang='grc' dir='ltr'><strong>οὐκ</strong></span> <span class='ocrx_word' id='word_1_471' title='bbox 3707 835 3766 908; x_wconf 77' lang='grc' dir='ltr'>ἦν</span> 
     </span>
    </p>
   </div>
   <div class='ocr_carea' id='block_1_66' title="bbox 2241 925 3765 1010">
    <p class='ocr_par' dir='ltr' id='par_1_66' title="bbox 2241 925 3765 1010">
     <span class='ocr_line' id='line_1_66' title="bbox 2241 925 3765 1010; baseline -0.002 -26"><span class='ocrx_word' id='word_1_472' title='bbox 2241 931 2271 984; x_wconf 83' lang='grc' dir='ltr'><strong>ὃ</strong></span> <span class='ocrx_word' id='word_1_473' title='bbox 2302 929 2566 1002; x_wconf 79' lang='grc' dir='ltr'>ἐνόμιζον.</span> <span class='ocrx_word' id='word_1_474' title='bbox 2626 928 2785 982; x_wconf 81' lang='grc' dir='ltr'>Ἀλλά</span> <span class='ocrx_word' id='word_1_475' title='bbox 2816 930 2925 1001; x_wconf 85' lang='grc' dir='ltr'>γὰρ</span> <span class='ocrx_word' id='word_1_476' title='bbox 2956 928 3071 999; x_wconf 76' lang='grc' dir='ltr'><strong>ἅμα</strong></span> <span class='ocrx_word' id='word_1_477' title='bbox 3097 925 3438 998; x_wconf 82' lang='grc' dir='ltr'>κυρτωθῆναι</span> <span class='ocrx_word' id='word_1_478' title='bbox 3473 928 3567 997; x_wconf 83' lang='grc' dir='ltr'><strong>τὴν</strong></span> <span class='ocrx_word' id='word_1_479' title='bbox 3595 927 3765 1010; x_wconf 57' lang='lat' dir='ltr'><strong>Gelae.-</strong></span> 
     </span>
    </p>
   </div>
   <div class='ocr_carea' id='block_1_67' title="bbox 2244 1021 3773 1091">
    <p class='ocr_par' dir='ltr' id='par_1_67' title="bbox 2244 1021 3773 1091">
     <span class='ocr_line' id='line_1_67' title="bbox 2244 1021 3773 1091; baseline -0.002 -14"><span class='ocrx_word' id='word_1_480' title='bbox 2244 1040 2364 1090; x_wconf 90' lang='grc' dir='ltr'>σαν,</span> <span class='ocrx_word' id='word_1_481' title='bbox 2409 1023 2570 1078; x_wconf 84' lang='grc' dir='ltr'>πάλιν</span> <span class='ocrx_word' id='word_1_482' title='bbox 2612 1021 2869 1078; x_wconf 83' lang='grc' dir='ltr'><strong>ἀνελύετο</strong></span> <span class='ocrx_word' id='word_1_483' title='bbox 2899 1024 2978 1085; x_wconf 87' lang='grc' dir='ltr'><strong>είς</strong></span> <span class='ocrx_word' id='word_1_484' title='bbox 3007 1022 3229 1090; x_wconf 82' lang='grc' dir='ltr'>ἑαυτὴν,</span> <span class='ocrx_word' id='word_1_485' title='bbox 3262 1021 3361 1091; x_wconf 85' lang='grc' dir='ltr'><strong>οὐχ</strong></span> <span class='ocrx_word' id='word_1_486' title='bbox 3403 1021 3773 1090; x_wconf 75' lang='grc' dir='ltr'>ὑπερϐαίνουσα</span> 
     </span>
    </p>
   </div>
   <div class='ocr_carea' id='block_1_68' title="bbox 2239 1112 3767 1189">
    <p class='ocr_par' dir='ltr' id='par_1_68' title="bbox 2239 1112 3767 1189">
     <span class='ocr_line' id='line_1_68' title="bbox 2239 1112 3767 1189; baseline -0.003 -18"><span class='ocrx_word' id='word_1_487' title='bbox 2239 1119 2331 1171; x_wconf 85' lang='grc' dir='ltr'>τὸν</span> <span class='ocrx_word' id='word_1_488' title='bbox 2359 1118 2557 1172; x_wconf 84' lang='grc' dir='ltr'>οἰκεῖον</span> <span class='ocrx_word' id='word_1_489' title='bbox 2595 1117 2780 1182; x_wconf 87' lang='grc' dir='ltr'>τόπον,</span> <span class='ocrx_word' id='word_1_490' title='bbox 2816 1114 2912 1189; x_wconf 84' lang='grc' dir='ltr'><strong>(ὡς</strong></span> <span class='ocrx_word' id='word_1_491' title='bbox 2959 1114 3087 1179; x_wconf 71' lang='grc' dir='ltr'>ἔπος</span> <span class='ocrx_word' id='word_1_492' title='bbox 3129 1112 3346 1185; x_wconf 83' lang='grc' dir='ltr'>είπείν,)</span> <span class='ocrx_word' id='word_1_493' title='bbox 3372 1113 3507 1167; x_wconf 79' lang='grc' dir='ltr'>θεῖόν</span> <span class='ocrx_word' id='word_1_494' title='bbox 3539 1131 3589 1168; x_wconf 79' lang='grc' dir='ltr'><strong>τι</strong></span> <span class='ocrx_word' id='word_1_495' title='bbox 3625 1117 3767 1186; x_wconf 74' lang='grc' dir='ltr'>πρόσο</span> 
     </span>
    </p>
   </div>
   <div class='ocr_carea' id='block_1_69' title="bbox 2238 1210 3774 1285">
    <p class='ocr_par' dir='ltr' id='par_1_69' title="bbox 2238 1210 3774 1285">
     <span class='ocr_line' id='line_1_69' title="bbox 2238 1210 3774 1285; baseline -0.001 -18"><span class='ocrx_word' id='word_1_496' title='bbox 2238 1229 2426 1285; x_wconf 83' lang='grc' dir='ltr'>ταγμα</span> <span class='ocrx_word' id='word_1_497' title='bbox 2476 1210 2851 1284; x_wconf 74' lang='grc' dir='ltr'>πεφοϐημένη.</span> <span class='ocrx_word' id='word_1_498' title='bbox 2907 1211 3017 1265; x_wconf 81' lang='grc' dir='ltr'>Καὶ</span> <span class='ocrx_word' id='word_1_499' title='bbox 3075 1211 3327 1284; x_wconf 85' lang='grc' dir='ltr'>καθάπερ</span> <span class='ocrx_word' id='word_1_500' title='bbox 3376 1211 3621 1276; x_wconf 75' lang='grc' dir='ltr'>πολλάκις</span> <span class='ocrx_word' id='word_1_501' title='bbox 3678 1212 3774 1267; x_wconf 84' lang='grc' dir='ltr'><strong>τῶν</strong></span> 
     </span>
    </p>
   </div>
   <div class='ocr_carea' id='block_1_70' title="bbox 2236 1303 3773 1377">
    <p class='ocr_par' dir='ltr' id='par_1_70' title="bbox 2236 1303 3773 1377">
     <span class='ocr_line' id='line_1_70' title="bbox 2236 1303 3773 1377; baseline -0.001 -16"><span class='ocrx_word' id='word_1_502' title='bbox 2236 1306 2461 1361; x_wconf 75' lang='grc' dir='ltr'>οἰκετῶν</span> <span class='ocrx_word' id='word_1_503' title='bbox 2497 1323 2602 1372; x_wconf 88' lang='grc' dir='ltr'>τις,</span> <span class='ocrx_word' id='word_1_504' title='bbox 2661 1304 2793 1358; x_wconf 80' lang='grc' dir='ltr'>άκον</span> <span class='ocrx_word' id='word_1_505' title='bbox 2832 1322 2882 1357; x_wconf 90' lang='grc' dir='ltr'><strong>τι</strong></span> <span class='ocrx_word' id='word_1_506' title='bbox 2932 1304 3069 1377; x_wconf 84' lang='grc' dir='ltr'>πρὸς</span> <span class='ocrx_word' id='word_1_507' title='bbox 3104 1303 3197 1357; x_wconf 84' lang='grc' dir='ltr'>τοῦ</span> <span class='ocrx_word' id='word_1_508' title='bbox 3242 1304 3498 1358; x_wconf 80' lang='grc' dir='ltr'>δεσπότου</span> <span class='ocrx_word' id='word_1_509' title='bbox 3542 1306 3773 1375; x_wconf 80' lang='grc' dir='ltr'>πράττειν</span> 
     </span>
    </p>
   </div>
   <div class='ocr_carea' id='block_1_71' title="bbox 2237 1396 3775 1471">
    <p class='ocr_par' dir='ltr' id='par_1_71' title="bbox 2237 1396 3775 1471">
     <span class='ocr_line' id='line_1_71' title="bbox 2237 1396 3775 1471; baseline -0.003 -16"><span class='ocrx_word' id='word_1_510' title='bbox 2237 1399 2696 1471; x_wconf 74' lang='grc' dir='ltr'><strong>ἀναγκαζόμενος,</strong></span> <span class='ocrx_word' id='word_1_511' title='bbox 2729 1397 2805 1470; x_wconf 83' lang='grc' dir='ltr'>τῷ</span> <span class='ocrx_word' id='word_1_512' title='bbox 2841 1400 2936 1469; x_wconf 81' lang='grc' dir='ltr'><strong>μὲν</strong></span> <span class='ocrx_word' id='word_1_513' title='bbox 2981 1398 3359 1468; x_wconf 76' lang='grc' dir='ltr'>προστάγματι</span> <span class='ocrx_word' id='word_1_514' title='bbox 3387 1397 3479 1451; x_wconf 80' lang='grc' dir='ltr'><strong>διά</strong></span> <span class='ocrx_word' id='word_1_515' title='bbox 3519 1396 3603 1450; x_wconf 76' lang='grc' dir='ltr'><strong>τὸν</strong></span> <span class='ocrx_word' id='word_1_516' title='bbox 3633 1398 3775 1466; x_wconf 77' lang='grc' dir='ltr'>φόϐον</span> 
     </span>
    </p>
   </div>
   <div class='ocr_carea' id='block_1_72' title="bbox 2236 1487 3777 1560">
    <p class='ocr_par' dir='ltr' id='par_1_72' title="bbox 2236 1487 3777 1560">
     <span class='ocr_line' id='line_1_72' title="bbox 2236 1487 3777 1560; baseline -0.003 -16"><span class='ocrx_word' id='word_1_517' title='bbox 2236 1492 2514 1546; x_wconf 75' lang='grc' dir='ltr'>πείθεταιο</span> <span class='ocrx_word' id='word_1_518' title='bbox 2556 1492 2585 1545; x_wconf 80' lang='grc' dir='ltr'><strong>ὃ</strong></span> <span class='ocrx_word' id='word_1_519' title='bbox 2611 1491 2669 1545; x_wconf 79' lang='grc' dir='ltr'>δὲ</span> <span class='ocrx_word' id='word_1_520' title='bbox 2714 1491 2934 1560; x_wconf 84' lang='grc' dir='ltr'>πάσχει,</span> <span class='ocrx_word' id='word_1_521' title='bbox 2980 1488 3236 1559; x_wconf 90' lang='grc' dir='ltr'>πράττειν</span> <span class='ocrx_word' id='word_1_522' title='bbox 3282 1489 3359 1560; x_wconf 81' lang='grc' dir='ltr'>μὴ</span> <span class='ocrx_word' id='word_1_523' title='bbox 3409 1487 3589 1552; x_wconf 87' lang='grc' dir='ltr'>θέλων,</span> <span class='ocrx_word' id='word_1_524' title='bbox 3622 1487 3777 1556; x_wconf 77' lang='grc' dir='ltr'>λέγειν</span> 
     </span>
    </p>
   </div>
   <div class='ocr_carea' id='block_1_73' title="bbox 2233 1577 3779 1653">
    <p class='ocr_par' dir='ltr' id='par_1_73' title="bbox 2233 1577 3779 1653">
     <span class='ocr_line' id='line_1_73' title="bbox 2233 1577 3779 1653; baseline -0.002 -20"><span class='ocrx_word' id='word_1_525' title='bbox 2233 1598 2287 1633; x_wconf 89' lang='grc' dir='ltr'><strong>τι</strong></span> <span class='ocrx_word' id='word_1_526' title='bbox 2334 1582 2396 1635; x_wconf 83' lang='grc' dir='ltr'><strong>οὐ</strong></span> <span class='ocrx_word' id='word_1_527' title='bbox 2431 1581 2638 1653; x_wconf 71' lang='grc' dir='ltr'>τολμᾷο</span> <span class='ocrx_word' id='word_1_528' title='bbox 2677 1578 2985 1652; x_wconf 77' lang='grc' dir='ltr'>τονθορύζει</span> <span class='ocrx_word' id='word_1_529' title='bbox 3023 1578 3082 1631; x_wconf 81' lang='grc' dir='ltr'>δὲ</span> <span class='ocrx_word' id='word_1_530' title='bbox 3119 1580 3177 1632; x_wconf 85' lang='grc' dir='ltr'>ὲν</span> <span class='ocrx_word' id='word_1_531' title='bbox 3209 1577 3407 1649; x_wconf 79' lang='grc' dir='ltr'>ἐαυτῷ,</span> <span class='ocrx_word' id='word_1_532' title='bbox 3453 1578 3617 1649; x_wconf 78' lang='grc' dir='ltr'>θυμοῦ</span> <span class='ocrx_word' id='word_1_533' title='bbox 3654 1595 3779 1642; x_wconf 84' lang='grc' dir='ltr'>τινος</span> 
     </span>
    </p>
   </div>
   <div class='ocr_carea' id='block_1_74' title="bbox 2235 1669 3778 1746">
    <p class='ocr_par' dir='ltr' id='par_1_74' title="bbox 2235 1669 3778 1746">
     <span class='ocr_line' id='line_1_74' title="bbox 2235 1669 3778 1746; baseline -0.005 -16"><span class='ocrx_word' id='word_1_534' title='bbox 2235 1675 2643 1746; x_wconf 81' lang='grc' dir='ltr'>πληρούμενος·</span> <span class='ocrx_word' id='word_1_535' title='bbox 2679 1672 2821 1727; x_wconf 68' lang='grc' dir='ltr'>οὕτω</span> <span class='ocrx_word' id='word_1_536' title='bbox 2870 1672 2960 1744; x_wconf 85' lang='grc' dir='ltr'><strong>μοί</strong></span> <span class='ocrx_word' id='word_1_537' title='bbox 2997 1688 3113 1736; x_wconf 90' lang='grc' dir='ltr'><strong>πως</strong></span> <span class='ocrx_word' id='word_1_538' title='bbox 3161 1672 3413 1741; x_wconf 78' lang='grc' dir='ltr'>ἐφαίνετο</span> <span class='ocrx_word' id='word_1_539' title='bbox 3457 1671 3550 1724; x_wconf 73' lang='grc' dir='ltr'>καὶ</span> <span class='ocrx_word' id='word_1_540' title='bbox 3580 1669 3670 1741; x_wconf 86' lang='grc' dir='ltr'>τὴν</span> <span class='ocrx_word' id='word_1_541' title='bbox 3697 1669 3778 1722; x_wconf 86' lang='grc' dir='ltr'>θά-</span> 
     </span>
    </p>
   </div>
   <div class='ocr_carea' id='block_1_75' title="bbox 2233 1763 3779 1837">
    <p class='ocr_par' dir='ltr' id='par_1_75' title="bbox 2233 1763 3779 1837">
     <span class='ocr_line' id='line_1_75' title="bbox 2233 1763 3779 1837; baseline -0.003 -17"><span class='ocrx_word' id='word_1_542' title='bbox 2233 1767 2459 1834; x_wconf 89' lang='grc' dir='ltr'>λασσαν,</span> <span class='ocrx_word' id='word_1_543' title='bbox 2496 1765 2738 1837; x_wconf 72' lang='grc' dir='ltr'>ὡσπερεὶ</span> <span class='ocrx_word' id='word_1_544' title='bbox 2758 1764 3123 1837; x_wconf 85' lang='grc' dir='ltr'>θυμουμένην,</span> <span class='ocrx_word' id='word_1_545' title='bbox 3150 1764 3244 1818; x_wconf 77' lang='grc' dir='ltr'><strong>καὶ</strong></span> <span class='ocrx_word' id='word_1_546' title='bbox 3271 1766 3328 1819; x_wconf 82' lang='grc' dir='ltr'>ὲν</span> <span class='ocrx_word' id='word_1_547' title='bbox 3349 1765 3512 1834; x_wconf 80' lang='grc' dir='ltr'>ἑαυτῇ</span> <span class='ocrx_word' id='word_1_548' title='bbox 3543 1763 3779 1836; x_wconf 78' lang='grc' dir='ltr'>φράττου-</span> 
     </span>
    </p>
   </div>
   <div class='ocr_carea' id='block_1_76' title="bbox 2231 1855 3777 1932">
    <p class='ocr_par' dir='ltr' id='par_1_76' title="bbox 2231 1855 3777 1932">
     <span class='ocr_line' id='line_1_76' title="bbox 2231 1855 3777 1932; baseline -0.004 -18"><span class='ocrx_word' id='word_1_549' title='bbox 2231 1878 2328 1914; x_wconf 92' lang='grc' dir='ltr'><strong>σαν</strong></span> <span class='ocrx_word' id='word_1_550' title='bbox 2369 1860 2467 1932; x_wconf 84' lang='grc' dir='ltr'>τὴν</span> <span class='ocrx_word' id='word_1_551' title='bbox 2495 1860 2684 1931; x_wconf 80' lang='grc' dir='ltr'>ὀργὴν,</span> <span class='ocrx_word' id='word_1_552' title='bbox 2721 1857 3023 1930; x_wconf 79' lang='grc' dir='ltr'>κρατοῦσάν</span> <span class='ocrx_word' id='word_1_553' title='bbox 3048 1874 3107 1909; x_wconf 89' lang='grc' dir='ltr'><strong>τε</strong></span> <span class='ocrx_word' id='word_1_554' title='bbox 3131 1856 3353 1927; x_wconf 76' lang='grc' dir='ltr'>ἑαυτῆς,</span> <span class='ocrx_word' id='word_1_555' title='bbox 3381 1855 3440 1908; x_wconf 83' lang='grc' dir='ltr'><strong>ού</strong></span> <span class='ocrx_word' id='word_1_556' title='bbox 3483 1855 3777 1926; x_wconf 82' lang='grc' dir='ltr'>βουλομένην</span> 
     </span>
    </p>
   </div>
   <div class='ocr_carea' id='block_1_77' title="bbox 2230 1947 3780 2026">
    <p class='ocr_par' dir='ltr' id='par_1_77' title="bbox 2230 1947 3780 2026">
     <span class='ocr_line' id='line_1_77' title="bbox 2230 1947 3780 2026; baseline -0.005 -19"><span class='ocrx_word' id='word_1_557' title='bbox 2230 1954 2309 2026; x_wconf 82' lang='grc' dir='ltr'>τῷ</span> <span class='ocrx_word' id='word_1_558' title='bbox 2327 1953 2562 2025; x_wconf 80' lang='grc' dir='ltr'>δεσπότῃ</span> <span class='ocrx_word' id='word_1_559' title='bbox 2584 1952 2814 2023; x_wconf 84' lang='grc' dir='ltr'>φανερὸν</span> <span class='ocrx_word' id='word_1_560' title='bbox 2846 1950 3065 2022; x_wconf 80' lang='grc' dir='ltr'>ποιῆσαι</span> <span class='ocrx_word' id='word_1_561' title='bbox 3094 1950 3184 2004; x_wconf 85' lang='grc' dir='ltr'><strong>τὸν</strong></span> <span class='ocrx_word' id='word_1_562' title='bbox 3221 1949 3416 2021; x_wconf 81' lang='grc' dir='ltr'>θυμόν.</span> <span class='ocrx_word' id='word_1_563' title='bbox 3449 1948 3627 2002; x_wconf 79' lang='grc' dir='ltr'>Ταῦτα</span> <span class='ocrx_word' id='word_1_564' title='bbox 3658 1947 3780 2002; x_wconf 76' lang='grc' dir='ltr'>οὓτω</span> 
     </span>
    </p>
   </div>
   <div class='ocr_carea' id='block_1_78' title="bbox 2230 2039 3780 2119">
    <p class='ocr_par' dir='ltr' id='par_1_78' title="bbox 2230 2039 3780 2119">
     <span class='ocr_line' id='line_1_78' title="bbox 2230 2039 3780 2119; baseline -0.006 -18"><span class='ocrx_word' id='word_1_565' title='bbox 2230 2048 2489 2119; x_wconf 87' lang='grc' dir='ltr'>γινόμενα</span> <span class='ocrx_word' id='word_1_566' title='bbox 2520 2046 2736 2099; x_wconf 84' lang='grc' dir='ltr'>σιωπῶν</span> <span class='ocrx_word' id='word_1_567' title='bbox 2755 2046 3018 2110; x_wconf 81' lang='grc' dir='ltr'>ἀτενίζειν</span> <span class='ocrx_word' id='word_1_568' title='bbox 3041 2043 3316 2116; x_wconf 80' lang='grc' dir='ltr'>ἠρχόμην,</span> <span class='ocrx_word' id='word_1_569' title='bbox 3350 2043 3446 2096; x_wconf 77' lang='grc' dir='ltr'>καὶ</span> <span class='ocrx_word' id='word_1_570' title='bbox 3467 2041 3555 2094; x_wconf 85' lang='grc' dir='ltr'><strong>τὸν</strong></span> <span class='ocrx_word' id='word_1_571' title='bbox 3576 2039 3780 2111; x_wconf 79' lang='grc' dir='ltr'>οὐρανὸν</span> 
     </span>
    </p>
   </div>
   <div class='ocr_carea' id='block_1_79' title="bbox 2231 2130 3778 2208">
    <p class='ocr_par' dir='ltr' id='par_1_79' title="bbox 2231 2130 3778 2208">
     <span class='ocr_line' id='line_1_79' title="bbox 2231 2130 3778 2208; baseline -0.008 -14"><span class='ocrx_word' id='word_1_572' title='bbox 2231 2141 2327 2194; x_wconf 79' lang='grc' dir='ltr'>καὶ</span> <span class='ocrx_word' id='word_1_573' title='bbox 2354 2141 2443 2193; x_wconf 83' lang='grc' dir='ltr'><strong>τὸν</strong></span> <span class='ocrx_word' id='word_1_574' title='bbox 2474 2138 2669 2193; x_wconf 80' lang='grc' dir='ltr'>κύκλον</span> <span class='ocrx_word' id='word_1_575' title='bbox 2697 2137 2884 2203; x_wconf 81' lang='grc' dir='ltr'>αὐτοῦ,</span> <span class='ocrx_word' id='word_1_576' title='bbox 2918 2136 2996 2208; x_wconf 84' lang='grc' dir='ltr'><strong>τῷ</strong></span> <span class='ocrx_word' id='word_1_577' title='bbox 3040 2136 3119 2191; x_wconf 76' lang='grc' dir='ltr'><strong>νοῒ</strong></span> <span class='ocrx_word' id='word_1_578' title='bbox 3171 2136 3536 2206; x_wconf 82' lang='grc' dir='ltr'>καταμετρεῖν</span> <span class='ocrx_word' id='word_1_579' title='bbox 3581 2130 3778 2203; x_wconf 77' lang='grc' dir='ltr'>ἡθελον·</span> 
     </span>
    </p>
   </div>
   <div class='ocr_carea' id='block_1_80' title="bbox 2233 2219 3781 2303">
    <p class='ocr_par' dir='ltr' id='par_1_80' title="bbox 2233 2219 3781 2303">
     <span class='ocr_line' id='line_1_80' title="bbox 2233 2219 3781 2303; baseline -0.008 -18"><span class='ocrx_word' id='word_1_580' title='bbox 2233 2231 2396 2285; x_wconf 88' lang='grc' dir='ltr'>πόθεν</span> <span class='ocrx_word' id='word_1_581' title='bbox 2411 2248 2469 2285; x_wconf 87' lang='grc' dir='ltr'><strong>τε</strong></span> <span class='ocrx_word' id='word_1_582' title='bbox 2484 2230 2731 2303; x_wconf 74' lang='grc' dir='ltr'>ἄρχεται,</span> <span class='ocrx_word' id='word_1_583' title='bbox 2761 2229 2855 2283; x_wconf 81' lang='grc' dir='ltr'><strong>καὶ</strong></span> <span class='ocrx_word' id='word_1_584' title='bbox 2884 2228 2987 2281; x_wconf 78' lang='grc' dir='ltr'>ποῦ</span> <span class='ocrx_word' id='word_1_585' title='bbox 3008 2226 3338 2293; x_wconf 84' lang='grc' dir='ltr'>καταπαύει,</span> <span class='ocrx_word' id='word_1_586' title='bbox 3363 2225 3648 2296; x_wconf 77' lang='grc' dir='ltr'>ἀνεζήτουν</span> <span class='ocrx_word' id='word_1_587' title='bbox 3666 2219 3781 2291; x_wconf 77' lang='grc' dir='ltr'><strong>ἐγώ⁸</strong></span> 
     </span>
    </p>
   </div>
   <div class='ocr_carea' id='block_1_81' title="bbox 2233 2318 3790 2395">
    <p class='ocr_par' dir='ltr' id='par_1_81' title="bbox 2233 2318 3790 2395">
     <span class='ocr_line' id='line_1_81' title="bbox 2233 2318 3790 2395; baseline -0.005 -17"><span class='ocrx_word' id='word_1_588' title='bbox 2233 2324 2391 2378; x_wconf 87' lang='grc' dir='ltr'>ποίαν</span> <span class='ocrx_word' id='word_1_589' title='bbox 2410 2342 2469 2377; x_wconf 86' lang='grc' dir='ltr'><strong>τε</strong></span> <span class='ocrx_word' id='word_1_590' title='bbox 2491 2325 2703 2395; x_wconf 88' lang='grc' dir='ltr'>κίνησιν</span> <span class='ocrx_word' id='word_1_591' title='bbox 2731 2324 2843 2394; x_wconf 79' lang='grc' dir='ltr'>ἔχει</span> <span class='ocrx_word' id='word_1_592' title='bbox 2861 2339 2875 2353; x_wconf 88' lang='grc'><strong>·</strong></span> <span class='ocrx_word' id='word_1_593' title='bbox 2895 2323 3119 2393; x_wconf 82' lang='grc' dir='ltr'>πότερον</span> <span class='ocrx_word' id='word_1_594' title='bbox 3133 2319 3231 2392; x_wconf 84' lang='grc' dir='ltr'><strong>τὴν</strong></span> <span class='ocrx_word' id='word_1_595' title='bbox 3251 2318 3640 2391; x_wconf 77' lang='grc' dir='ltr'>μεταϐατικὴν,</span> <span class='ocrx_word' id='word_1_596' title='bbox 3654 2335 3790 2371; x_wconf 68' lang='grc' dir='ltr'><strong>τουιι⁸</strong></span> 
     </span>
    </p>
   </div>
   <div class='ocr_carea' id='block_1_82' title="bbox 2227 2406 3782 2489">
    <p class='ocr_par' dir='ltr' id='par_1_82' title="bbox 2227 2406 3782 2489">
     <span class='ocr_line' id='line_1_82' title="bbox 2227 2406 3782 2489; baseline -0.01 -18"><span class='ocrx_word' id='word_1_597' title='bbox 2227 2419 2345 2472; x_wconf 83' lang='grc' dir='ltr'>ἐστι</span> <span class='ocrx_word' id='word_1_598' title='bbox 2409 2416 2506 2489; x_wconf 84' lang='grc' dir='ltr'>τὴν</span> <span class='ocrx_word' id='word_1_599' title='bbox 2532 2416 2640 2470; x_wconf 84' lang='grc' dir='ltr'><strong>ἀπὸ</strong></span> <span class='ocrx_word' id='word_1_600' title='bbox 2666 2416 2829 2469; x_wconf 81' lang='grc' dir='ltr'>τόπου</span> <span class='ocrx_word' id='word_1_601' title='bbox 2864 2417 2944 2478; x_wconf 85' lang='grc' dir='ltr'>εἰς</span> <span class='ocrx_word' id='word_1_602' title='bbox 2980 2414 3165 2476; x_wconf 84' lang='grc' dir='ltr'>τόπον,</span> <span class='ocrx_word' id='word_1_603' title='bbox 3203 2410 3362 2482; x_wconf 83' lang='grc' dir='ltr'>ἢτὴν</span> <span class='ocrx_word' id='word_1_604' title='bbox 3401 2407 3584 2478; x_wconf 81' lang='grc' dir='ltr'>κύκλῳ</span> <span class='ocrx_word' id='word_1_605' title='bbox 3609 2406 3782 2475; x_wconf 66' lang='grc' dir='ltr'>φοράν*</span> 
     </span>
    </p>
   </div>
   <div class='ocr_carea' id='block_1_83' title="bbox 2234 2496 3789 2581">
    <p class='ocr_par' dir='ltr' id='par_1_83' title="bbox 2234 2496 3789 2581">
     <span class='ocr_line' id='line_1_83' title="bbox 2234 2496 3789 2581; baseline -0.011 -14"><span class='ocrx_word' id='word_1_606' title='bbox 2234 2512 2353 2575; x_wconf 87' lang='grc' dir='ltr'><strong>πῶς</strong></span> <span class='ocrx_word' id='word_1_607' title='bbox 2376 2510 2433 2565; x_wconf 87' lang='grc' dir='ltr'>δὲ</span> <span class='ocrx_word' id='word_1_608' title='bbox 2466 2510 2561 2564; x_wconf 71' lang='grc' dir='ltr'>καὶ</span> <span class='ocrx_word' id='word_1_609' title='bbox 2582 2510 2681 2581; x_wconf 80' lang='grc' dir='ltr'>τὴν</span> <span class='ocrx_word' id='word_1_610' title='bbox 2712 2508 2966 2579; x_wconf 78' lang='grc' dir='ltr'>ἐπίμονον</span> <span class='ocrx_word' id='word_1_611' title='bbox 2994 2506 3146 2578; x_wconf 82' lang='grc' dir='ltr'>βάσιν</span> <span class='ocrx_word' id='word_1_612' title='bbox 3187 2503 3326 2575; x_wconf 72' lang='grc' dir='ltr'>ἔχει.</span> <span class='ocrx_word' id='word_1_613' title='bbox 3369 2502 3534 2557; x_wconf 81' lang='grc' dir='ltr'>Ἀλλά</span> <span class='ocrx_word' id='word_1_614' title='bbox 3566 2502 3665 2573; x_wconf 81' lang='grc' dir='ltr'><strong>μὴν</strong></span> <span class='ocrx_word' id='word_1_615' title='bbox 3704 2496 3789 2552; x_wconf 74' lang='grc' dir='ltr'>καὶ</span> 
     </span>
    </p>
   </div>
   <div class='ocr_carea' id='block_1_84' title="bbox 2234 2589 3787 2676">
    <p class='ocr_par' dir='ltr' id='par_1_84' title="bbox 2234 2589 3787 2676">
     <span class='ocr_line' id='line_1_84' title="bbox 2234 2589 3787 2676; baseline -0.011 -17"><span class='ocrx_word' id='word_1_616' title='bbox 2234 2605 2362 2676; x_wconf 74' lang='grc' dir='ltr'>περὶ</span> <span class='ocrx_word' id='word_1_617' title='bbox 2376 2602 2469 2657; x_wconf 83' lang='grc' dir='ltr'>τοῦ</span> <span class='ocrx_word' id='word_1_618' title='bbox 2485 2602 2637 2675; x_wconf 81' lang='grc' dir='ltr'>ἡλίου</span> <span class='ocrx_word' id='word_1_619' title='bbox 2655 2602 2835 2672; x_wconf 79' lang='grc' dir='ltr'>ζητεῖν</span> <span class='ocrx_word' id='word_1_620' title='bbox 2862 2599 3055 2665; x_wconf 79' lang='grc' dir='ltr'>ἐδόκει,</span> <span class='ocrx_word' id='word_1_621' title='bbox 3078 2597 3159 2661; x_wconf 87' lang='grc' dir='ltr'><strong>τίς</strong></span> <span class='ocrx_word' id='word_1_622' title='bbox 3176 2612 3236 2648; x_wconf 91' lang='grc' dir='ltr'><strong>τε</strong></span> <span class='ocrx_word' id='word_1_623' title='bbox 3256 2598 3287 2650; x_wconf 87' lang='grc' dir='ltr'><strong>ό</strong></span> <span class='ocrx_word' id='word_1_624' title='bbox 3307 2596 3507 2669; x_wconf 81' lang='grc' dir='ltr'>τρόπος</span> <span class='ocrx_word' id='word_1_625' title='bbox 3528 2591 3683 2649; x_wconf 86' lang='grc' dir='ltr'>αύτοῦ</span> <span class='ocrx_word' id='word_1_626' title='bbox 3703 2589 3787 2659; x_wconf 78' lang='grc' dir='ltr'>τῆς</span> 
     </span>
    </p>
   </div>
   <div class='ocr_carea' id='block_1_85' title="bbox 2232 2686 3783 2771">
    <p class='ocr_par' dir='ltr' id='par_1_85' title="bbox 2232 2686 3783 2771">
     <span class='ocr_line' id='line_1_85' title="bbox 2232 2686 3783 2771; baseline -0.011 -18"><span class='ocrx_word' id='word_1_627' title='bbox 2232 2701 2292 2753; x_wconf 84' lang='grc' dir='ltr'>ὲν</span> <span class='ocrx_word' id='word_1_628' title='bbox 2316 2697 2528 2771; x_wconf 80' lang='grc' dir='ltr'>οὐρανῷ</span> <span class='ocrx_word' id='word_1_629' title='bbox 2557 2695 2757 2759; x_wconf 79' lang='grc' dir='ltr'><strong>θέσεως</strong></span> <span class='ocrx_word' id='word_1_630' title='bbox 2776 2711 2789 2724; x_wconf 87' lang='grc'><strong>·</strong></span> <span class='ocrx_word' id='word_1_631' title='bbox 2817 2693 2901 2757; x_wconf 86' lang='grc' dir='ltr'><strong>τίς</strong></span> <span class='ocrx_word' id='word_1_632' title='bbox 2929 2692 2985 2746; x_wconf 80' lang='grc' dir='ltr'>δὲ</span> <span class='ocrx_word' id='word_1_633' title='bbox 3008 2695 3101 2746; x_wconf 77' lang='grc' dir='ltr'>καὶ</span> <span class='ocrx_word' id='word_1_634' title='bbox 3123 2695 3156 2765; x_wconf 80' lang='grc' dir='ltr'>ἡ</span> <span class='ocrx_word' id='word_1_635' title='bbox 3191 2691 3445 2764; x_wconf 87' lang='grc' dir='ltr'>περίοδος</span> <span class='ocrx_word' id='word_1_636' title='bbox 3472 2687 3564 2742; x_wconf 80' lang='grc' dir='ltr'><strong>τοῦ</strong></span> <span class='ocrx_word' id='word_1_637' title='bbox 3584 2686 3783 2758; x_wconf 61' lang='grc' dir='ltr'>δρόμων</span> 
     </span>
    </p>
   </div>
   <div class='ocr_carea' id='block_1_86' title="bbox 2235 2771 3790 2859">
    <p class='ocr_par' dir='ltr' id='par_1_86' title="bbox 2235 2771 3790 2859">
     <span class='ocr_line' id='line_1_86' title="bbox 2235 2771 3790 2859; baseline -0.011 -14"><span class='ocrx_word' id='word_1_638' title='bbox 2235 2791 2339 2846; x_wconf 81' lang='grc' dir='ltr'>ποῦ</span> <span class='ocrx_word' id='word_1_639' title='bbox 2381 2790 2439 2843; x_wconf 82' lang='grc' dir='ltr'>δὲ</span> <span class='ocrx_word' id='word_1_640' title='bbox 2481 2790 2575 2843; x_wconf 73' lang='grc' dir='ltr'><strong>καὶ</strong></span> <span class='ocrx_word' id='word_1_641' title='bbox 2624 2788 2740 2859; x_wconf 89' lang='grc' dir='ltr'>μετ’</span> <span class='ocrx_word' id='word_1_642' title='bbox 2779 2786 2956 2854; x_wconf 84' lang='grc' dir='ltr'>ὀλίγον</span> <span class='ocrx_word' id='word_1_643' title='bbox 3002 2787 3188 2857; x_wconf 88' lang='grc' dir='ltr'>χωρεῖ,</span> <span class='ocrx_word' id='word_1_644' title='bbox 3217 2785 3318 2838; x_wconf 73' lang='grc' dir='ltr'><strong>καὶ</strong></span> <span class='ocrx_word' id='word_1_645' title='bbox 3355 2785 3437 2837; x_wconf 84' lang='grc' dir='ltr'>ὅτι</span> <span class='ocrx_word' id='word_1_646' title='bbox 3492 2780 3623 2853; x_wconf 82' lang='grc' dir='ltr'>μηδὲ</span> <span class='ocrx_word' id='word_1_647' title='bbox 3658 2771 3790 2837; x_wconf 69' lang='grc' dir='ltr'>οὗτος</span> 
     </span>
    </p>
   </div>
   <div class='ocr_carea' id='block_1_87' title="bbox 2235 2865 3791 2955">
    <p class='ocr_par' dir='ltr' id='par_1_87' title="bbox 2235 2865 3791 2955">
     <span class='ocr_line' id='line_1_87' title="bbox 2235 2865 3791 2955; baseline -0.01 -18"><span class='ocrx_word' id='word_1_648' title='bbox 2235 2883 2567 2955; x_wconf 81' lang='grc' dir='ltr'>παρέρχεται</span> <span class='ocrx_word' id='word_1_649' title='bbox 2595 2879 2685 2934; x_wconf 73' lang='grc' dir='ltr'>τὸν</span> <span class='ocrx_word' id='word_1_650' title='bbox 2712 2880 2909 2933; x_wconf 73' lang='grc' dir='ltr'>οἰκεῖον</span> <span class='ocrx_word' id='word_1_651' title='bbox 2951 2877 3174 2947; x_wconf 55' lang='grc' dir='ltr'>δρόμον</span> <span class='ocrx_word' id='word_1_652' title='bbox 3209 2875 3352 2929; x_wconf 85' lang='grc' dir='ltr'><strong>άλλά</strong></span> <span class='ocrx_word' id='word_1_653' title='bbox 3383 2874 3478 2928; x_wconf 73' lang='grc' dir='ltr'>καὶ</span> <span class='ocrx_word' id='word_1_654' title='bbox 3508 2870 3681 2933; x_wconf 78' lang='grc' dir='ltr'>αὐτὸς,</span> <span class='ocrx_word' id='word_1_655' title='bbox 3726 2865 3791 2928; x_wconf 83' lang='grc' dir='ltr'>ὡς</span> 
     </span>
    </p>
   </div>
   <div class='ocr_carea' id='block_1_88' title="bbox 2234 2956 3797 3041">
    <p class='ocr_par' dir='ltr' id='par_1_88' title="bbox 2234 2956 3797 3041">
     <span class='ocr_line' id='line_1_88' title="bbox 2234 2956 3797 3041; baseline -0.01 -14"><span class='ocrx_word' id='word_1_656' title='bbox 2234 2974 2441 3028; x_wconf 80' lang='grc' dir='ltr'>ἔνεστιν</span> <span class='ocrx_word' id='word_1_657' title='bbox 2469 2974 2663 3036; x_wconf 86' lang='grc' dir='ltr'>εἰπεῖν,</span> <span class='ocrx_word' id='word_1_658' title='bbox 2687 2969 2907 3041; x_wconf 76' lang='grc' dir='ltr'>ἐντολήν</span> <span class='ocrx_word' id='word_1_659' title='bbox 2935 2985 3057 3022; x_wconf 87' lang='grc' dir='ltr'>τινα</span> <span class='ocrx_word' id='word_1_660' title='bbox 3080 2967 3341 3036; x_wconf 78' lang='grc' dir='ltr'>φυλάττει</span> <span class='ocrx_word' id='word_1_661' title='bbox 3366 2967 3687 3040; x_wconf 81' lang='grc' dir='ltr'><strong>κρείττονος⁹</strong></span> <span class='ocrx_word' id='word_1_662' title='bbox 3712 2956 3797 3013; x_wconf 72' lang='grc' dir='ltr'>καὶ</span> 
     </span>
    </p>
   </div>
   <div class='ocr_carea' id='block_1_89' title="bbox 2236 3050 3797 3137">
    <p class='ocr_par' dir='ltr' id='par_1_89' title="bbox 2236 3050 3797 3137">
     <span class='ocr_line' id='line_1_89' title="bbox 2236 3050 3797 3137; baseline -0.01 -17"><span class='ocrx_word' id='word_1_663' title='bbox 2236 3065 2415 3137; x_wconf 81' lang='grc' dir='ltr'>φαίνει</span> <span class='ocrx_word' id='word_1_664' title='bbox 2451 3064 2549 3136; x_wconf 85' lang='grc' dir='ltr'><strong>μὲν</strong></span> <span class='ocrx_word' id='word_1_665' title='bbox 2575 3063 2697 3116; x_wconf 82' lang='grc' dir='ltr'>τότε</span> <span class='ocrx_word' id='word_1_666' title='bbox 2723 3061 2851 3133; x_wconf 77' lang='grc' dir='ltr'>παρ’</span> <span class='ocrx_word' id='word_1_667' title='bbox 2879 3062 3031 3132; x_wconf 80' lang='grc' dir='ltr'>ἡμῖν,</span> <span class='ocrx_word' id='word_1_668' title='bbox 3062 3060 3151 3112; x_wconf 82' lang='grc' dir='ltr'>ὅτε</span> <span class='ocrx_word' id='word_1_669' title='bbox 3185 3058 3402 3126; x_wconf 74' lang='grc' dir='ltr'>ἔξεστιν</span> <span class='ocrx_word' id='word_1_670' title='bbox 3439 3054 3615 3125; x_wconf 84' lang='grc' dir='ltr'>αὐτῷ·</span> <span class='ocrx_word' id='word_1_671' title='bbox 3650 3050 3797 3120; x_wconf 64' lang='grc' dir='ltr'>ἀπέρ</span> 
     </span>
    </p>
   </div>
   <div class='ocr_carea' id='block_1_90' title="bbox 2236 3142 3802 3231">
    <p class='ocr_par' dir='ltr' id='par_1_90' title="bbox 2236 3142 3802 3231">
     <span class='ocr_line' id='line_1_90' title="bbox 2236 3142 3802 3231; baseline -0.011 -18"><span class='ocrx_word' id='word_1_672' title='bbox 2236 3176 2390 3231; x_wconf 87' lang='grc' dir='ltr'>χεται</span> <span class='ocrx_word' id='word_1_673' title='bbox 2429 3157 2508 3221; x_wconf 83' lang='grc' dir='ltr'>δὲ,</span> <span class='ocrx_word' id='word_1_674' title='bbox 2553 3156 2628 3219; x_wconf 85' lang='grc' dir='ltr'>ὡς</span> <span class='ocrx_word' id='word_1_675' title='bbox 2666 3153 3022 3225; x_wconf 81' lang='grc' dir='ltr'>καλούμενος.</span> <span class='ocrx_word' id='word_1_676' title='bbox 3068 3154 3176 3206; x_wconf 70' lang='grc' dir='ltr'><strong>Καὶ</strong></span> <span class='ocrx_word' id='word_1_677' title='bbox 3221 3151 3437 3206; x_wconf 88' lang='grc' dir='ltr'>τούτων</span> <span class='ocrx_word' id='word_1_678' title='bbox 3480 3148 3658 3202; x_wconf 67' lang='grc' dir='ltr'>τοίνυν</span> 
     </span>
    </p>
   </div>
   <div class='ocr_carea' id='block_1_91' title="bbox 2239 3229 3804 3320">
    <p class='ocr_par' dir='ltr' id='par_1_91' title="bbox 2239 3229 3804 3320">
     <span class='ocr_line' id='line_1_91' title="bbox 2239 3229 3804 3320; baseline -0.014 -13"><span class='ocrx_word' id='word_1_679' title='bbox 2239 3229 2485 3320; x_wconf 54' lang='grc' dir='ltr'>ἐξέτασιν</span> <span class='ocrx_word' id='word_1_680' title='bbox 2523 3247 2864 3318; x_wconf 87' lang='grc' dir='ltr'>ποιούμενος,</span> <span class='ocrx_word' id='word_1_681' title='bbox 2916 3243 3102 3315; x_wconf 79' lang='grc' dir='ltr'>ἑώρων</span> <span class='ocrx_word' id='word_1_682' title='bbox 3147 3243 3464 3315; x_wconf 84' lang='grc' dir='ltr'>παυόμενον</span> <span class='ocrx_word' id='word_1_683' title='bbox 3503 3240 3600 3311; x_wconf 80' lang='grc' dir='ltr'>μὲν</span> <span class='ocrx_word' id='word_1_684' title='bbox 3634 3236 3691 3289; x_wconf 80' lang='grc' dir='ltr'>τὺ</span> <span class='ocrx_word' id='word_1_685' title='bbox 3718 3229 3804 3287; x_wconf 67' lang='grc' dir='ltr'>τοῦ</span> 
     </span>
    </p>
   </div>
   <div class='ocr_carea' id='block_1_92' title="bbox 2239 3328 3801 3418">
    <p class='ocr_par' dir='ltr' id='par_1_92' title="bbox 2239 3328 3801 3418">
     <span class='ocr_line' id='line_1_92' title="bbox 2239 3328 3801 3418; baseline -0.027 -18"><span class='ocrx_word' id='word_1_686' title='bbox 2239 3346 2390 3418; x_wconf 83' lang='grc' dir='ltr'>ἡλίου</span> <span class='ocrx_word' id='word_1_687' title='bbox 2417 3342 2637 3413; x_wconf 78' lang='grc' dir='ltr'>φέγγος,</span> <span class='ocrx_word' id='word_1_688' title='bbox 2670 3340 2948 3393; x_wconf 82' lang='grc' dir='ltr'>ἐπιλεῖπον</span> <span class='ocrx_word' id='word_1_689' title='bbox 2983 3337 3040 3390; x_wconf 83' lang='grc' dir='ltr'><strong>δὲ</strong></span> <span class='ocrx_word' id='word_1_690' title='bbox 3074 3336 3167 3390; x_wconf 57' lang='grc' dir='ltr'><strong>καί⁸</strong></span> <span class='ocrx_word' id='word_1_691' title='bbox 3200 3336 3306 3407; x_wconf 77' lang='grc' dir='ltr'>τῆς</span> <span class='ocrx_word' id='word_1_692' title='bbox 3327 3335 3549 3406; x_wconf 72' lang='grc' dir='ltr'>ἡμέρας</span> <span class='ocrx_word' id='word_1_693' title='bbox 3578 3331 3638 3385; x_wconf 58' lang='grc' dir='ltr'><strong>τὸ</strong></span> <span class='ocrx_word' id='word_1_694' title='bbox 3667 3328 3801 3418; x_wconf 30' lang='grc' dir='ltr'>φῶς..</span> 
     </span>
    </p>
   </div>
   <div class='ocr_carea' id='block_1_93' title="bbox 2239 3416 3808 3503">
    <p class='ocr_par' dir='ltr' id='par_1_93' title="bbox 2239 3416 3808 3503">
     <span class='ocr_line' id='line_1_93' title="bbox 2239 3416 3808 3503; baseline -0.014 -11"><span class='ocrx_word' id='word_1_695' title='bbox 2239 3416 2442 3499; x_wconf 78' lang='grc' dir='ltr'>εὐθέως</span> <span class='ocrx_word' id='word_1_696' title='bbox 2471 3434 2529 3487; x_wconf 83' lang='grc' dir='ltr'>δὲ</span> <span class='ocrx_word' id='word_1_697' title='bbox 2562 3431 2840 3503; x_wconf 85' lang='grc' dir='ltr'>γινόμενον</span> <span class='ocrx_word' id='word_1_698' title='bbox 2872 3429 3080 3492; x_wconf 85' lang='grc' dir='ltr'>σκότος,</span> <span class='ocrx_word' id='word_1_699' title='bbox 3115 3428 3210 3481; x_wconf 72' lang='grc' dir='ltr'><strong>καὶ</strong></span> <span class='ocrx_word' id='word_1_700' title='bbox 3247 3425 3489 3497; x_wconf 85' lang='grc' dir='ltr'>σελήνην</span> <span class='ocrx_word' id='word_1_701' title='bbox 3517 3416 3808 3491; x_wconf 64' lang='grc' dir='ltr'>διαδεχομέ-</span> 
     </span>
    </p>
   </div>
   <div class='ocr_carea' id='block_1_94' title="bbox 2239 3511 3808 3599">
    <p class='ocr_par' dir='ltr' id='par_1_94' title="bbox 2239 3511 3808 3599">
     <span class='ocr_line' id='line_1_94' title="bbox 2239 3511 3808 3599; baseline -0.013 -16"><span class='ocrx_word' id='word_1_702' title='bbox 2239 3546 2337 3599; x_wconf 90' lang='grc' dir='ltr'><strong>νην</strong></span> <span class='ocrx_word' id='word_1_703' title='bbox 2374 3527 2465 3580; x_wconf 84' lang='grc' dir='ltr'>τὸν</span> <span class='ocrx_word' id='word_1_704' title='bbox 2507 3525 2688 3595; x_wconf 74' lang='grc' dir='ltr'>ἥλιον·</span> <span class='ocrx_word' id='word_1_705' title='bbox 2728 3521 2820 3575; x_wconf 77' lang='grc' dir='ltr'>καὶ</span> <span class='ocrx_word' id='word_1_706' title='bbox 2851 3520 2918 3574; x_wconf 77' lang='grc' dir='ltr'><strong>τά</strong></span> <span class='ocrx_word' id='word_1_707' title='bbox 2953 3519 3051 3590; x_wconf 84' lang='grc' dir='ltr'><strong>μὲν</strong></span> <span class='ocrx_word' id='word_1_708' title='bbox 3090 3517 3287 3589; x_wconf 82' lang='grc' dir='ltr'>πρῶτα</span> <span class='ocrx_word' id='word_1_709' title='bbox 3315 3516 3580 3572; x_wconf 77' lang='grc' dir='ltr'>ἀνιοῦσαν</span> <span class='ocrx_word' id='word_1_710' title='bbox 3617 3511 3808 3583; x_wconf 76' lang='grc' dir='ltr'>μείονα,</span> 
     </span>
    </p>
   </div>
   <div class='ocr_carea' id='block_1_95' title="bbox 2243 3601 3815 3692">
    <p class='ocr_par' dir='ltr' id='par_1_95' title="bbox 2243 3601 3815 3692">
     <span class='ocr_line' id='line_1_95' title="bbox 2243 3601 3815 3692; baseline -0.014 -18"><span class='ocrx_word' id='word_1_711' title='bbox 2243 3620 2539 3692; x_wconf 85' lang='grc' dir='ltr'>μετέπειτα</span> <span class='ocrx_word' id='word_1_712' title='bbox 2578 3616 2637 3670; x_wconf 81' lang='grc' dir='ltr'>δὲ</span> <span class='ocrx_word' id='word_1_713' title='bbox 2675 3614 3087 3687; x_wconf 86' lang='grc' dir='ltr'>προκόπτουσαν</span> <span class='ocrx_word' id='word_1_714' title='bbox 3137 3610 3216 3683; x_wconf 77' lang='grc' dir='ltr'><strong>τῷ</strong></span> <span class='ocrx_word' id='word_1_715' title='bbox 3262 3609 3485 3681; x_wconf 70' lang='grc' dir='ltr'>δρόμῳ,</span> <span class='ocrx_word' id='word_1_716' title='bbox 3531 3601 3815 3692; x_wconf 73' lang='grc' dir='ltr'>φαντασίαν</span> 
     </span>
    </p>
   </div>
   <div class='ocr_carea' id='block_1_96' title="bbox 2240 3690 3822 3786">
    <p class='ocr_par' dir='ltr' id='par_1_96' title="bbox 2240 3690 3822 3786">
     <span class='ocr_line' id='line_1_96' title="bbox 2240 3690 3822 3786; baseline -0.013 -17"><span class='ocrx_word' id='word_1_717' title='bbox 2240 3690 2589 3786; x_wconf 79' lang='grc' dir='ltr'>παρέχουσαν</span> <span class='ocrx_word' id='word_1_718' title='bbox 2634 3706 2898 3780; x_wconf 79' lang='grc' dir='ltr'>μείζονος.</span> <span class='ocrx_word' id='word_1_719' title='bbox 2947 3705 3060 3758; x_wconf 87' lang='grc' dir='ltr'>Ούκ</span> <span class='ocrx_word' id='word_1_720' title='bbox 3106 3702 3407 3774; x_wconf 79' lang='grc' dir='ltr'>ἐπαυόμην</span> <span class='ocrx_word' id='word_1_721' title='bbox 3450 3700 3511 3754; x_wconf 78' lang='grc' dir='ltr'>δὲ</span> <span class='ocrx_word' id='word_1_722' title='bbox 3558 3698 3652 3753; x_wconf 76' lang='grc' dir='ltr'>καὶ</span> <span class='ocrx_word' id='word_1_723' title='bbox 3703 3690 3822 3786; x_wconf 50' lang='lat' dir='ltr'><strong>napi</strong></span> 
     </span>
    </p>
   </div>
   <div class='ocr_carea' id='block_1_97' title="bbox 2237 3784 3820 3877">
    <p class='ocr_par' dir='ltr' id='par_1_97' title="bbox 2237 3784 3820 3877">
     <span class='ocr_line' id='line_1_97' title="bbox 2237 3784 3820 3877; baseline -0.014 -15"><span class='ocrx_word' id='word_1_724' title='bbox 2237 3784 2444 3877; x_wconf 82' lang='grc' dir='ltr'>ταύτης</span> <span class='ocrx_word' id='word_1_725' title='bbox 2481 3804 2681 3876; x_wconf 82' lang='grc' dir='ltr'>ζητῶν,</span> <span class='ocrx_word' id='word_1_726' title='bbox 2710 3802 2807 3855; x_wconf 77' lang='grc' dir='ltr'><strong>καὶ</strong></span> <span class='ocrx_word' id='word_1_727' title='bbox 2836 3800 2935 3872; x_wconf 82' lang='grc' dir='ltr'>τὴν</span> <span class='ocrx_word' id='word_1_728' title='bbox 2968 3798 3145 3852; x_wconf 77' lang='grc' dir='ltr'>αἰτίαν</span> <span class='ocrx_word' id='word_1_729' title='bbox 3188 3796 3288 3867; x_wconf 79' lang='grc' dir='ltr'>τῆς</span> <span class='ocrx_word' id='word_1_730' title='bbox 3340 3793 3692 3867; x_wconf 77' lang='grc' dir='ltr'>ἀφαιρέσεως</span> <span class='ocrx_word' id='word_1_731' title='bbox 3735 3784 3820 3840; x_wconf 83' lang='grc' dir='ltr'>καὶ</span> 
     </span>
    </p>
   </div>
   <div class='ocr_carea' id='block_1_98' title="bbox 2236 3877 3821 3972">
    <p class='ocr_par' dir='ltr' id='par_1_98' title="bbox 2236 3877 3821 3972">
     <span class='ocr_line' id='line_1_98' title="bbox 2236 3877 3821 3972; baseline -0.015 -19"><span class='ocrx_word' id='word_1_732' title='bbox 2236 3900 2338 3972; x_wconf 81' lang='grc' dir='ltr'>τῆς</span> <span class='ocrx_word' id='word_1_733' title='bbox 2368 3896 2711 3969; x_wconf 83' lang='grc' dir='ltr'>προσθέσεως</span> <span class='ocrx_word' id='word_1_734' title='bbox 2758 3890 3097 3964; x_wconf 84' lang='grc' dir='ltr'>ἀνηρεύνων,</span> <span class='ocrx_word' id='word_1_735' title='bbox 3125 3890 3208 3942; x_wconf 86' lang='grc' dir='ltr'>ὃτι</span> <span class='ocrx_word' id='word_1_736' title='bbox 3243 3905 3314 3941; x_wconf 86' lang='grc' dir='ltr'><strong>τε</strong></span> <span class='ocrx_word' id='word_1_737' title='bbox 3356 3889 3456 3943; x_wconf 74' lang='grc' dir='ltr'><strong>καὶ</strong></span> <span class='ocrx_word' id='word_1_738' title='bbox 3514 3884 3657 3955; x_wconf 74' lang='grc' dir='ltr'>αὑτὴ</span> <span class='ocrx_word' id='word_1_739' title='bbox 3678 3877 3821 3972; x_wconf 69' lang='grc' dir='ltr'>τηρεῖ</span> 
     </span>
    </p>
   </div>
   <div class='ocr_carea' id='block_1_99' title="bbox 2238 3969 3821 4056">
    <p class='ocr_par' dir='ltr' id='par_1_99' title="bbox 2238 3969 3821 4056">
     <span class='ocr_line' id='line_1_99' title="bbox 2238 3969 3821 4056; baseline -0.016 -12"><span class='ocrx_word' id='word_1_740' title='bbox 2238 3969 2329 4044; x_wconf 85' lang='grc' dir='ltr'><strong>τὸν</strong></span> <span class='ocrx_word' id='word_1_741' title='bbox 2360 3988 2556 4042; x_wconf 89' lang='grc' dir='ltr'>κύκλον</span> <span class='ocrx_word' id='word_1_742' title='bbox 2578 3985 2685 4040; x_wconf 87' lang='grc' dir='ltr'><strong>τῶν</strong></span> <span class='ocrx_word' id='word_1_743' title='bbox 2720 3982 2974 4056; x_wconf 83' lang='grc' dir='ltr'>ἡμερῶν·</span> <span class='ocrx_word' id='word_1_744' title='bbox 3009 3979 3101 4034; x_wconf 87' lang='grc' dir='ltr'><strong>καί</strong></span> <span class='ocrx_word' id='word_1_745' title='bbox 3142 3996 3230 4051; x_wconf 86' lang='grc' dir='ltr'><strong>μοι</strong></span> <span class='ocrx_word' id='word_1_746' title='bbox 3258 3978 3449 4033; x_wconf 73' lang='grc' dir='ltr'>ἐδόκει</span> <span class='ocrx_word' id='word_1_747' title='bbox 3472 3977 3537 4030; x_wconf 78' lang='grc' dir='ltr'>τὸ</span> <span class='ocrx_word' id='word_1_748' title='bbox 3563 3969 3821 4031; x_wconf 75' lang='grc' dir='ltr'>ἐντεῦθεν,</span> 
     </span>
    </p>
   </div>
   <div class='ocr_carea' id='block_1_100' title="bbox 2237 4058 3826 4147">
    <p class='ocr_par' dir='ltr' id='par_1_100' title="bbox 2237 4058 3826 4147">
     <span class='ocr_line' id='line_1_100' title="bbox 2237 4058 3826 4147; baseline -0.014 -12"><span class='ocrx_word' id='word_1_749' title='bbox 2237 4082 2313 4146; x_wconf 82' lang='grc' dir='ltr'>ὡς</span> <span class='ocrx_word' id='word_1_750' title='bbox 2338 4080 2457 4135; x_wconf 85' lang='grc' dir='ltr'>Θεία</span> <span class='ocrx_word' id='word_1_751' title='bbox 2482 4096 2566 4143; x_wconf 88' lang='grc' dir='ltr'><strong>τις</strong></span> <span class='ocrx_word' id='word_1_752' title='bbox 2595 4077 2828 4147; x_wconf 84' lang='grc' dir='ltr'>ὑπάρχει</span> <span class='ocrx_word' id='word_1_753' title='bbox 2862 4072 3143 4143; x_wconf 84' lang='grc' dir='ltr'>οἰκονομία</span> <span class='ocrx_word' id='word_1_754' title='bbox 3181 4070 3275 4124; x_wconf 72' lang='grc' dir='ltr'>καὶ</span> <span class='ocrx_word' id='word_1_755' title='bbox 3303 4071 3549 4141; x_wconf 85' lang='grc' dir='ltr'>δύναμις</span> <span class='ocrx_word' id='word_1_756' title='bbox 3590 4058 3826 4138; x_wconf 83' lang='grc' dir='ltr'>κρειττό·</span> 
     </span>
    </p>
   </div>
   <div class='ocr_carea' id='block_1_101' title="bbox 2239 4152 3824 4243">
    <p class='ocr_par' dir='ltr' id='par_1_101' title="bbox 2239 4152 3824 4243">
     <span class='ocr_line' id='line_1_101' title="bbox 2239 4152 3824 4243; baseline -0.013 -14"><span class='ocrx_word' id='word_1_757' title='bbox 2239 4192 2365 4237; x_wconf 91' lang='grc' dir='ltr'>νων,</span> <span class='ocrx_word' id='word_1_758' title='bbox 2400 4174 2434 4243; x_wconf 81' lang='grc' dir='ltr'>ἡ</span> <span class='ocrx_word' id='word_1_759' title='bbox 2483 4171 2776 4242; x_wconf 85' lang='grc' dir='ltr'>συνέχουσα</span> <span class='ocrx_word' id='word_1_760' title='bbox 2808 4167 2876 4222; x_wconf 82' lang='grc' dir='ltr'><strong>τά</strong></span> <span class='ocrx_word' id='word_1_761' title='bbox 2920 4166 3036 4228; x_wconf 78' lang='grc' dir='ltr'>ὅλα,</span> <span class='ocrx_word' id='word_1_762' title='bbox 3076 4165 3142 4235; x_wconf 80' lang='grc' dir='ltr'>ἣν</span> <span class='ocrx_word' id='word_1_763' title='bbox 3174 4163 3270 4216; x_wconf 75' lang='grc' dir='ltr'><strong>καὶ</strong></span> <span class='ocrx_word' id='word_1_764' title='bbox 3316 4162 3458 4216; x_wconf 83' lang='grc' dir='ltr'>Θεὸν</span> <span class='ocrx_word' id='word_1_765' title='bbox 3502 4158 3727 4220; x_wconf 81' lang='grc' dir='ltr'>δικαίως</span> <span class='ocrx_word' id='word_1_766' title='bbox 3765 4152 3824 4205; x_wconf 84' lang='grc' dir='ltr'><strong>ἂν</strong></span> 
     </span>
    </p>
   </div>
   <div class='ocr_carea' id='block_1_102' title="bbox 2240 4247 3826 4336">
    <p class='ocr_par' dir='ltr' id='par_1_102' title="bbox 2240 4247 3826 4336">
     <span class='ocr_line' id='line_1_102' title="bbox 2240 4247 3826 4336; baseline -0.013 -17"><span class='ocrx_word' id='word_1_767' title='bbox 2240 4265 2485 4336; x_wconf 85' lang='grc' dir='ltr'>εἴπομεν.</span> <span class='ocrx_word' id='word_1_768' title='bbox 2542 4264 2652 4318; x_wconf 77' lang='grc' dir='ltr'><strong>Καὶ</strong></span> <span class='ocrx_word' id='word_1_769' title='bbox 2699 4261 2760 4316; x_wconf 81' lang='grc' dir='ltr'><strong>τὸ</strong></span> <span class='ocrx_word' id='word_1_770' title='bbox 2810 4259 2995 4314; x_wconf 87' lang='grc' dir='ltr'>λοιπὸν</span> <span class='ocrx_word' id='word_1_771' title='bbox 3042 4257 3135 4310; x_wconf 81' lang='grc' dir='ltr'><strong>τὸν</strong></span> <span class='ocrx_word' id='word_1_772' title='bbox 3180 4255 3542 4327; x_wconf 80' lang='grc' dir='ltr'>Δημιουργὸν</span> <span class='ocrx_word' id='word_1_773' title='bbox 3593 4247 3826 4305; x_wconf 76' lang='grc' dir='ltr'>ἐπαινεῖν</span> 
     </span>
    </p>
   </div>
   <div class='ocr_carea' id='block_1_103' title="bbox 2238 4340 3829 4431">
    <p class='ocr_par' dir='ltr' id='par_1_103' title="bbox 2238 4340 3829 4431">
     <span class='ocr_line' id='line_1_103' title="bbox 2238 4340 3829 4431; baseline -0.018 -12"><span class='ocrx_word' id='word_1_774' title='bbox 2238 4359 2506 4431; x_wconf 67' lang='grc' dir='ltr'>ἠρχόμην,</span> <span class='ocrx_word' id='word_1_775' title='bbox 2562 4357 2662 4427; x_wconf 85' lang='grc' dir='ltr'>τὴν</span> <span class='ocrx_word' id='word_1_776' title='bbox 2714 4372 2773 4408; x_wconf 88' lang='grc' dir='ltr'><strong>τε</strong></span> <span class='ocrx_word' id='word_1_777' title='bbox 2811 4354 2915 4423; x_wconf 84' lang='grc' dir='ltr'><strong>γῆν</strong></span> <span class='ocrx_word' id='word_1_778' title='bbox 2965 4351 3276 4420; x_wconf 83' lang='grc' dir='ltr'>πεπηγυῖαν</span> <span class='ocrx_word' id='word_1_779' title='bbox 3316 4348 3496 4420; x_wconf 87' lang='grc' dir='ltr'>ὁρῶν,</span> <span class='ocrx_word' id='word_1_780' title='bbox 3543 4346 3643 4400; x_wconf 69' lang='grc' dir='ltr'>καὶ</span> <span class='ocrx_word' id='word_1_781' title='bbox 3684 4340 3829 4406; x_wconf 83' lang='grc' dir='ltr'>ζώων</span> 
     </span>
    </p>
   </div>
   <div class='ocr_carea' id='block_1_104' title="bbox 2239 4428 3834 4521">
    <p class='ocr_par' dir='ltr' id='par_1_104' title="bbox 2239 4428 3834 4521">
     <span class='ocr_line' id='line_1_104' title="bbox 2239 4428 3834 4521; baseline -0.012 -16"><span class='ocrx_word' id='word_1_782' title='bbox 2239 4428 2519 4521; x_wconf 70' lang='grc' dir='ltr'>διαφοράς,</span> <span class='ocrx_word' id='word_1_783' title='bbox 2568 4448 2663 4501; x_wconf 75' lang='grc' dir='ltr'>καὶ</span> <span class='ocrx_word' id='word_1_784' title='bbox 2709 4444 2928 4499; x_wconf 85' lang='grc' dir='ltr'>ποικίλα</span> <span class='ocrx_word' id='word_1_785' title='bbox 2967 4443 3148 4512; x_wconf 82' lang='grc' dir='ltr'>φυτῶν</span> <span class='ocrx_word' id='word_1_786' title='bbox 3187 4440 3256 4493; x_wconf 89' lang='grc' dir='ltr'><strong>τά</strong></span> <span class='ocrx_word' id='word_1_787' title='bbox 3301 4440 3694 4511; x_wconf 77' lang='grc' dir='ltr'>ἐξανθήματα.</span> <span class='ocrx_word' id='word_1_788' title='bbox 3727 4432 3834 4501; x_wconf 74' lang='grc' dir='ltr'>Οὐχ</span> 
     </span>
    </p>
   </div>
   <div class='ocr_carea' id='block_1_105' title="bbox 2241 4525 3834 4613">
    <p class='ocr_par' dir='ltr' id='par_1_105' title="bbox 2241 4525 3834 4613">
     <span class='ocr_line' id='line_1_105' title="bbox 2241 4525 3834 4613; baseline -0.012 -15"><span class='ocrx_word' id='word_1_789' title='bbox 2241 4545 2424 4598; x_wconf 76' lang='grc' dir='ltr'>ἵστατο</span> <span class='ocrx_word' id='word_1_790' title='bbox 2460 4542 2523 4596; x_wconf 80' lang='grc' dir='ltr'>δέ.</span> <span class='ocrx_word' id='word_1_791' title='bbox 2551 4559 2642 4613; x_wconf 87' lang='grc' dir='ltr'><strong>μοι</strong></span> <span class='ocrx_word' id='word_1_792' title='bbox 2666 4541 2759 4593; x_wconf 81' lang='grc' dir='ltr'>ἐπὶ</span> <span class='ocrx_word' id='word_1_793' title='bbox 2779 4538 2988 4603; x_wconf 85' lang='grc' dir='ltr'>τούτοις</span> <span class='ocrx_word' id='word_1_794' title='bbox 3017 4537 3110 4591; x_wconf 72' lang='grc' dir='ltr'><strong>καὶ</strong></span> <span class='ocrx_word' id='word_1_795' title='bbox 3141 4536 3323 4607; x_wconf 82' lang='grc' dir='ltr'>μόνοις</span> <span class='ocrx_word' id='word_1_796' title='bbox 3359 4537 3391 4589; x_wconf 91' lang='grc' dir='ltr'><strong>ό</strong></span> <span class='ocrx_word' id='word_1_797' title='bbox 3415 4534 3548 4597; x_wconf 79' lang='grc' dir='ltr'>νοῦς</span> <span class='ocrx_word' id='word_1_798' title='bbox 3569 4550 3583 4563; x_wconf 90' lang='grc'><strong>·</strong></span> <span class='ocrx_word' id='word_1_799' title='bbox 3614 4529 3749 4586; x_wconf 85' lang='grc' dir='ltr'><strong>ἀλλά</strong></span> <span class='ocrx_word' id='word_1_800' title='bbox 3778 4525 3834 4578; x_wconf 87' lang='grc' dir='ltr'><strong>τδ</strong></span> 
     </span>
    </p>
   </div>
   <div class='ocr_carea' id='block_1_106' title="bbox 2238 4619 3833 4703">
    <p class='ocr_par' dir='ltr' id='par_1_106' title="bbox 2238 4619 3833 4703">
     <span class='ocr_line' id='line_1_106' title="bbox 2238 4619 3833 4703; baseline -0.009 -13"><span class='ocrx_word' id='word_1_801' title='bbox 2238 4636 2444 4700; x_wconf 78' lang='grc' dir='ltr'>λοιπὸν,</span> <span class='ocrx_word' id='word_1_802' title='bbox 2474 4634 2595 4688; x_wconf 84' lang='grc' dir='ltr'>ὅθεν</span> <span class='ocrx_word' id='word_1_803' title='bbox 2630 4633 2801 4687; x_wconf 81' lang='grc' dir='ltr'>ταῦτα</span> <span class='ocrx_word' id='word_1_804' title='bbox 2829 4631 2928 4703; x_wconf 82' lang='grc' dir='ltr'>τὴν</span> <span class='ocrx_word' id='word_1_805' title='bbox 2967 4627 3228 4682; x_wconf 88' lang='grc' dir='ltr'>σύστασιν</span> <span class='ocrx_word' id='word_1_806' title='bbox 3259 4627 3403 4699; x_wconf 78' lang='grc' dir='ltr'>ἔχει,</span> <span class='ocrx_word' id='word_1_807' title='bbox 3445 4627 3639 4699; x_wconf 86' lang='grc' dir='ltr'>ζητεῖν</span> <span class='ocrx_word' id='word_1_808' title='bbox 3671 4619 3833 4694; x_wconf 66' lang='grc' dir='ltr'>ἠρχότ-</span> 
     </span>
    </p>
   </div>
   <div class='ocr_carea' id='block_1_107' title="bbox 2244 4714 3839 4805">
    <p class='ocr_par' dir='ltr' id='par_1_107' title="bbox 2244 4714 3839 4805">
     <span class='ocr_line' id='line_1_107' title="bbox 2244 4714 3839 4805; baseline -0.013 -18"><span class='ocrx_word' id='word_1_809' title='bbox 2244 4751 2383 4805; x_wconf 86' lang='grc' dir='ltr'>μην·</span> <span class='ocrx_word' id='word_1_810' title='bbox 2415 4731 2642 4803; x_wconf 88' lang='grc' dir='ltr'>πότερον</span> <span class='ocrx_word' id='word_1_811' title='bbox 2681 4728 2746 4783; x_wconf 76' lang='grc' dir='ltr'>ἐκ</span> <span class='ocrx_word' id='word_1_812' title='bbox 2778 4744 2920 4791; x_wconf 85' lang='grc' dir='ltr'>τινος</span> <span class='ocrx_word' id='word_1_813' title='bbox 2958 4726 3206 4788; x_wconf 87' lang='grc' dir='ltr'>συνόντος</span> <span class='ocrx_word' id='word_1_814' title='bbox 3245 4724 3336 4777; x_wconf 54' lang='grc' dir='ltr'><strong>ἀεὶ¹</strong></span> <span class='ocrx_word' id='word_1_815' title='bbox 3381 4723 3470 4794; x_wconf 82' lang='grc' dir='ltr'>τῷ</span> <span class='ocrx_word' id='word_1_816' title='bbox 3514 4720 3663 4791; x_wconf 81' lang='grc' dir='ltr'>Θεῷ,</span> <span class='ocrx_word' id='word_1_817' title='bbox 3702 4719 3735 4789; x_wconf 81' lang='grc' dir='ltr'>ἢ</span> <span class='ocrx_word' id='word_1_818' title='bbox 3783 4714 3839 4777; x_wconf 77' lang='grc' dir='ltr'>ἐξ</span> 
     </span>
    </p>
   </div>
   <div class='ocr_carea' id='block_1_108' title="bbox 2239 4806 3839 4893">
    <p class='ocr_par' dir='ltr' id='par_1_108' title="bbox 2239 4806 3839 4893">
     <span class='ocr_line' id='line_1_108' title="bbox 2239 4806 3839 4893; baseline -0.012 -13"><span class='ocrx_word' id='word_1_819' title='bbox 2239 4825 2405 4880; x_wconf 80' lang='grc' dir='ltr'>αὑτοῦ</span> <span class='ocrx_word' id='word_1_820' title='bbox 2445 4823 2540 4877; x_wconf 75' lang='grc' dir='ltr'><strong>καὶ</strong></span> <span class='ocrx_word' id='word_1_821' title='bbox 2584 4821 2765 4893; x_wconf 82' lang='grc' dir='ltr'>μόνου,</span> <span class='ocrx_word' id='word_1_822' title='bbox 2815 4818 3246 4889; x_wconf 83' lang='grc' dir='ltr'>συνυπάρχοντος</span> <span class='ocrx_word' id='word_1_823' title='bbox 3290 4814 3456 4885; x_wconf 81' lang='grc' dir='ltr'>αὐτῷ</span> <span class='ocrx_word' id='word_1_824' title='bbox 3502 4813 3742 4875; x_wconf 78' lang='grc' dir='ltr'>οὐδενός·</span> <span class='ocrx_word' id='word_1_825' title='bbox 3781 4806 3839 4860; x_wconf 78' lang='grc' dir='ltr'><strong>τὸ</strong></span> 
     </span>
    </p>
   </div>
   <div class='ocr_carea' id='block_1_109' title="bbox 2186 4909 3842 4991">
    <p class='ocr_par' dir='ltr' id='par_1_109' title="bbox 2186 4909 3842 4991">
     <span class='ocr_line' id='line_1_109' title="bbox 2186 4909 3842 4991; baseline -0.011 -16"><span class='ocrx_word' id='word_1_826' title='bbox 2186 4966 2208 4981; x_wconf 88' lang='grc'><strong>,</strong></span> <span class='ocrx_word' id='word_1_827' title='bbox 2240 4920 2347 4991; x_wconf 88' lang='grc' dir='ltr'><strong>γάρ</strong></span> <span class='ocrx_word' id='word_1_828' title='bbox 2379 4918 2439 4983; x_wconf 77' lang='grc' dir='ltr'>ἐξ</span> <span class='ocrx_word' id='word_1_829' title='bbox 2462 4918 2562 4971; x_wconf 81' lang='grc' dir='ltr'><strong>οὐκ</strong></span> <span class='ocrx_word' id='word_1_830' title='bbox 2592 4916 2742 4979; x_wconf 78' lang='grc' dir='ltr'>ὄντος</span> <span class='ocrx_word' id='word_1_831' title='bbox 2773 4914 3130 4985; x_wconf 74' lang='grc' dir='ltr'>πεποιηκέναι</span> <span class='ocrx_word' id='word_1_832' title='bbox 3158 4909 3310 4963; x_wconf 79' lang='grc' dir='ltr'>οὐδὲν</span> <span class='ocrx_word' id='word_1_833' title='bbox 3349 4912 3597 4963; x_wconf 84' lang='grc' dir='ltr'>σκοπεῖν</span> <span class='ocrx_word' id='word_1_834' title='bbox 3632 4923 3724 4978; x_wconf 87' lang='grc' dir='ltr'><strong>μοι</strong></span> <span class='ocrx_word' id='word_1_835' title='bbox 3748 4919 3842 4958; x_wconf 79' lang='grc' dir='ltr'>κα·</span> 
     </span>
    </p>
   </div>
   <div class='ocr_carea' id='block_1_110' title="bbox 2237 4989 3843 5080">
    <p class='ocr_par' dir='ltr' id='par_1_110' title="bbox 2237 4989 3843 5080">
     <span class='ocr_line' id='line_1_110' title="bbox 2237 4989 3843 5080; baseline -0.012 -15"><span class='ocrx_word' id='word_1_836' title='bbox 2237 4989 2346 5076; x_wconf 81' lang='grc' dir='ltr'><strong>λῶς</strong></span> <span class='ocrx_word' id='word_1_837' title='bbox 2398 5010 2594 5075; x_wconf 78' lang='grc' dir='ltr'>ἐδόκει,</span> <span class='ocrx_word' id='word_1_838' title='bbox 2651 5007 2725 5080; x_wconf 84' lang='grc' dir='ltr'><strong>μὴ</strong></span> <span class='ocrx_word' id='word_1_839' title='bbox 2782 5006 2962 5062; x_wconf 77' lang='grc' dir='ltr'>τέλεον</span> <span class='ocrx_word' id='word_1_840' title='bbox 3011 5003 3275 5057; x_wconf 82' lang='grc' dir='ltr'>ἀπιθάνου</span> <span class='ocrx_word' id='word_1_841' title='bbox 3334 5001 3704 5073; x_wconf 80' lang='grc' dir='ltr'>ὑπάρχοντος</span> <span class='ocrx_word' id='word_1_842' title='bbox 3748 4989 3843 5048; x_wconf 70' lang='grc' dir='ltr'>τοῦ</span> 
     </span>
    </p>
   </div>
   <div class='ocr_carea' id='block_1_111' title="bbox 2239 5090 3848 5174">
    <p class='ocr_par' dir='ltr' id='par_1_111' title="bbox 2239 5090 3848 5174">
     <span class='ocr_line' id='line_1_111' title="bbox 2239 5090 3848 5174; baseline -0.01 -16"><span class='ocrx_word' id='word_1_843' title='bbox 2239 5105 2419 5174; x_wconf 88' lang='grc' dir='ltr'>λόγου.</span> <span class='ocrx_word' id='word_1_844' title='bbox 2445 5102 2527 5156; x_wconf 82' lang='grc' dir='ltr'><strong>Τὰ</strong></span> <span class='ocrx_word' id='word_1_845' title='bbox 2553 5101 2663 5174; x_wconf 83' lang='grc' dir='ltr'>γὰρ</span> <span class='ocrx_word' id='word_1_846' title='bbox 2694 5101 2953 5171; x_wconf 87' lang='grc' dir='ltr'>γινόμενα</span> <span class='ocrx_word' id='word_1_847' title='bbox 2977 5097 3036 5161; x_wconf 82' lang='grc' dir='ltr'>ἐξ</span> <span class='ocrx_word' id='word_1_848' title='bbox 3058 5096 3226 5149; x_wconf 75' lang='grc' dir='ltr'>όντων</span> <span class='ocrx_word' id='word_1_849' title='bbox 3254 5094 3481 5163; x_wconf 75' lang='grc' dir='ltr'>πέφυκε</span> <span class='ocrx_word' id='word_1_850' title='bbox 3510 5094 3616 5165; x_wconf 84' lang='grc' dir='ltr'><strong>τὴν</strong></span> <span class='ocrx_word' id='word_1_851' title='bbox 3653 5090 3848 5146; x_wconf 60' lang='grc' dir='ltr'><strong>σύσκια⁴</strong></span> 
     </span>
    </p>
   </div>
   <div class='ocr_carea' id='block_1_112' title="bbox 2242 5183 3932 5266">
    <p class='ocr_par' dir='ltr' id='par_1_112' title="bbox 2242 5183 3932 5266">
     <span class='ocr_line' id='line_1_112' title="bbox 2242 5183 3932 5266; baseline -0.011 -15"><span class='ocrx_word' id='word_1_852' title='bbox 2242 5213 2329 5251; x_wconf 92' lang='grc' dir='ltr'><strong>σιν</strong></span> <span class='ocrx_word' id='word_1_853' title='bbox 2376 5195 2539 5266; x_wconf 74' lang='grc' dir='ltr'>ἔχειν.</span> <span class='ocrx_word' id='word_1_854' title='bbox 2574 5194 2685 5249; x_wconf 72' lang='grc' dir='ltr'><strong>Καὶ</strong></span> <span class='ocrx_word' id='word_1_855' title='bbox 2728 5192 2927 5264; x_wconf 86' lang='grc' dir='ltr'>ὁμοίως</span> <span class='ocrx_word' id='word_1_856' title='bbox 2967 5188 3181 5260; x_wconf 86' lang='grc' dir='ltr'>ἀληθῶς</span> <span class='ocrx_word' id='word_1_857' title='bbox 3233 5185 3416 5240; x_wconf 75' lang='grc' dir='ltr'>ἐδόκει</span> <span class='ocrx_word' id='word_1_858' title='bbox 3450 5185 3632 5258; x_wconf 80' lang='grc' dir='ltr'>μηδὲν</span> <span class='ocrx_word' id='word_1_859' title='bbox 3666 5183 3846 5250; x_wconf 63' lang='grc' dir='ltr'>λέγειν</span> <span class='ocrx_word' id='word_1_860' title='bbox 3920 5202 3932 5217; x_wconf 75' lang='grc' dir='ltr'><strong><em>ο</em></strong></span> 
     </span>
    </p>
   </div>
   <div class='ocr_carea' id='block_1_113' title="bbox 2240 5272 3852 5356">
    <p class='ocr_par' dir='ltr' id='par_1_113' title="bbox 2240 5272 3852 5356">
     <span class='ocr_line' id='line_1_113' title="bbox 2240 5272 3852 5356; baseline -0.011 -14"><span class='ocrx_word' id='word_1_861' title='bbox 2240 5288 2329 5342; x_wconf 55' lang='grc' dir='ltr'><strong>ἀεὶ¹</strong></span> <span class='ocrx_word' id='word_1_862' title='bbox 2361 5289 2598 5340; x_wconf 88' lang='grc' dir='ltr'>συνεῖναι</span> <span class='ocrx_word' id='word_1_863' title='bbox 2629 5285 2705 5356; x_wconf 80' lang='grc' dir='ltr'>τῷ</span> <span class='ocrx_word' id='word_1_864' title='bbox 2747 5282 2865 5354; x_wconf 85' lang='grc' dir='ltr'><strong>Θεῷ</strong></span> <span class='ocrx_word' id='word_1_865' title='bbox 2895 5281 3079 5355; x_wconf 68' lang='grc' dir='ltr'>ἔτερόν</span> <span class='ocrx_word' id='word_1_866' title='bbox 3115 5299 3166 5334; x_wconf 85' lang='grc' dir='ltr'><strong>τι</strong></span> <span class='ocrx_word' id='word_1_867' title='bbox 3200 5281 3330 5351; x_wconf 84' lang='grc' dir='ltr'>παρ’</span> <span class='ocrx_word' id='word_1_868' title='bbox 3382 5279 3591 5343; x_wconf 77' lang='grc' dir='ltr'>αὐτὸν,</span> <span class='ocrx_word' id='word_1_869' title='bbox 3633 5276 3753 5330; x_wconf 87' lang='grc' dir='ltr'>ἀλλ’</span> <span class='ocrx_word' id='word_1_870' title='bbox 3794 5272 3852 5337; x_wconf 75' lang='grc' dir='ltr'>ἐξ</span> 
     </span>
    </p>
   </div>
   <div class='ocr_carea' id='block_1_114' title="bbox 2239 5368 3851 5446">
    <p class='ocr_par' dir='ltr' id='par_1_114' title="bbox 2239 5368 3851 5446">
     <span class='ocr_line' id='line_1_114' title="bbox 2239 5368 3851 5446; baseline -0.009 -12"><span class='ocrx_word' id='word_1_871' title='bbox 2239 5380 2405 5435; x_wconf 75' lang='grc' dir='ltr'>αὑτοῦ</span> <span class='ocrx_word' id='word_1_872' title='bbox 2446 5379 2516 5433; x_wconf 80' lang='grc' dir='ltr'><strong>τά</strong></span> <span class='ocrx_word' id='word_1_873' title='bbox 2549 5380 2677 5433; x_wconf 84' lang='grc' dir='ltr'>δντα</span> <span class='ocrx_word' id='word_1_874' title='bbox 2714 5376 2996 5446; x_wconf 82' lang='grc' dir='ltr'>γεγονέναι</span> <span class='ocrx_word' id='word_1_875' title='bbox 3020 5392 3033 5405; x_wconf 91' lang='grc'><strong>·</strong></span> <span class='ocrx_word' id='word_1_876' title='bbox 3080 5374 3175 5427; x_wconf 83' lang='grc' dir='ltr'><strong>καί</strong></span> <span class='ocrx_word' id='word_1_877' title='bbox 3222 5371 3331 5444; x_wconf 86' lang='grc' dir='ltr'><strong>γάρ</strong></span> <span class='ocrx_word' id='word_1_878' title='bbox 3375 5389 3510 5432; x_wconf 83' lang='grc' dir='ltr'><strong>πως</strong></span> <span class='ocrx_word' id='word_1_879' title='bbox 3552 5368 3747 5423; x_wconf 74' lang='grc' dir='ltr'>ἔπειθέ</span> <span class='ocrx_word' id='word_1_880' title='bbox 3786 5380 3851 5437; x_wconf 87' lang='grc' dir='ltr'><strong>με</strong></span> 
     </span>
    </p>
   </div>
   <div class='ocr_carea' id='block_1_115' title="bbox 2238 5460 3854 5540">
    <p class='ocr_par' dir='ltr' id='par_1_115' title="bbox 2238 5460 3854 5540">
     <span class='ocr_line' id='line_1_115' title="bbox 2238 5460 3854 5540; baseline -0.009 -12"><span class='ocrx_word' id='word_1_881' title='bbox 2238 5474 2331 5528; x_wconf 85' lang='grc' dir='ltr'><strong>τὸν</strong></span> <span class='ocrx_word' id='word_1_882' title='bbox 2371 5473 2631 5529; x_wconf 74' lang='grc' dir='ltr'>εὔτακτον</span> <span class='ocrx_word' id='word_1_883' title='bbox 2672 5470 2781 5525; x_wconf 88' lang='grc' dir='ltr'><strong>τῶν</strong></span> <span class='ocrx_word' id='word_1_884' title='bbox 2816 5469 3114 5540; x_wconf 83' lang='grc' dir='ltr'>στοιχείων,</span> <span class='ocrx_word' id='word_1_885' title='bbox 3146 5466 3242 5521; x_wconf 71' lang='grc' dir='ltr'><strong>καὶ</strong></span> <span class='ocrx_word' id='word_1_886' title='bbox 3287 5466 3320 5536; x_wconf 75' lang='grc' dir='ltr'><strong>ἡ</strong></span> <span class='ocrx_word' id='word_1_887' title='bbox 3374 5464 3524 5539; x_wconf 73' lang='grc' dir='ltr'>περὶ</span> <span class='ocrx_word' id='word_1_888' title='bbox 3560 5465 3712 5519; x_wconf 62' lang='grc' dir='ltr'>αὐτὰ</span> <span class='ocrx_word' id='word_1_889' title='bbox 3754 5460 3854 5530; x_wconf 74' lang='grc' dir='ltr'><strong>τῆς</strong></span> 
     </span>
    </p>
   </div>
   <div class='ocr_carea' id='block_1_116' title="bbox 2241 5552 3855 5635">
    <p class='ocr_par' dir='ltr' id='par_1_116' title="bbox 2241 5552 3855 5635">
     <span class='ocr_line' id='line_1_116' title="bbox 2241 5552 3855 5635; baseline -0.006 -17"><span class='ocrx_word' id='word_1_890' title='bbox 2241 5563 2454 5634; x_wconf 79' lang='grc' dir='ltr'>φύσεως</span> <span class='ocrx_word' id='word_1_891' title='bbox 2476 5563 2761 5635; x_wconf 76' lang='grc' dir='ltr'>εὐκοσμία.</span> <span class='ocrx_word' id='word_1_892' title='bbox 2788 5561 3001 5616; x_wconf 74' lang='grc' dir='ltr'>Ούτωσὶ</span> <span class='ocrx_word' id='word_1_893' title='bbox 3024 5559 3082 5614; x_wconf 89' lang='grc' dir='ltr'><strong>δέ</strong></span> <span class='ocrx_word' id='word_1_894' title='bbox 3104 5576 3221 5623; x_wconf 82' lang='grc' dir='ltr'><strong>πως</strong></span> <span class='ocrx_word' id='word_1_895' title='bbox 3244 5554 3301 5613; x_wconf 79' lang='grc' dir='ltr'><strong>εὖ</strong></span> <span class='ocrx_word' id='word_1_896' title='bbox 3329 5552 3732 5612; x_wconf 85' lang='grc' dir='ltr'>διατεθεῖσθαι</span> <span class='ocrx_word' id='word_1_897' title='bbox 3767 5568 3855 5608; x_wconf 86' lang='grc' dir='ltr'>νο-</span> 
     </span>
    </p>
   </div>
  </div>
