4010 6328
235 293 340 347 265

1403 289 1532 346 LIB.
1574 288 1660 344 DE
1688 288 1935 346 LlBERO
1972 271 2321 343 ΑιιΒιτιιιο.

3361 272 3467 327 ειῦ

233 408 428 479 μίζων,
476 407 570 460 ἐπὶ
616 408 714 477 τὴν
765 406 942 460 οἰκίαν
988 406 1239 478 ὲχῲρουν¹
1276 405 1374 476 τὴν
1421 407 1577 476 ἐμήν.
1632 405 1710 476 Τῇ
1756 405 1801 457 δ’

1918 419 2088 474 ruam,
2123 398 2510 457 contendentes
2545 393 2796 458 invicem,
2829 404 2995 461 seque
3048 387 3310 444 conviciis
3338 402 3468 457 pro-

230 498 481 569 ὲπιούσῃ,
524 498 768 551 τουτέστι
808 499 1063 568 σήμερον,
1094 496 1261 549 ἐλθὼν
1303 496 1487 568 ἐώρων
1515 496 1607 551 δύο
1654 496 1803 561 τινὰς

229 592 511 662 ὁμογενεῖς
543 588 894 660 (ἀνθρώπους
922 589 978 641 δὲ
1006 588 1149 657 λέγω
1167 629 1180 653 ,
1205 588 1222 657 )
1258 588 1805 660 διαπληκτιζομένους

230 684 318 737 καὶ
350 679 887 751 διαλοιδορουμὲνους
933 678 1180 747 ἀλλήλοις
1202 695 1215 708 ·
1256 678 1441 749 ἓτερον
1472 679 1516 731 δ’
1546 675 1611 732 αὖ
1646 678 1806 732 πάλιν

228 774 584 845 ἀφιματῶσαι
634 771 951 842 βουλόμενον
999 771 1088 823 τὸν
1136 769 1377 841 πλησίον’
1424 769 1522 840 ἤδη
1560 770 1615 823 δέ
1666 787 1807 831 τινες

229 866 319 919 καὶ
370 863 679 934 δεινότερον
727 862 931 933 τολμᾷν
963 862 1211 933 ἤρχοντο.
1272 861 1329 914 '0
1366 862 1462 931 μὲν
1496 860 1604 932 γὰρ
1644 859 1805 913 ἐσκύο

228 960 388 1011 λευσε
415 956 637 1028 νεκρὸν,
667 955 761 1008 καὶ¹
788 955 851 1007 τὸ
882 953 1119 1025 κρυφθὲν
1146 954 1247 1023 ἥδη
1276 953 1433 1024 σῶμα
1454 955 1520 1023 τῇ
1550 957 1619 1024 γῇ
1649 952 1809 1005 πάλιν

229 1049 505 1101 ἐδείκνυεν
533 1046 688 1117 ἡλίῳ,
731 1046 824 1098 καλ⁵
865 1045 961 1115 τὴν
992 1044 1183 1115 ὁμοίαν
1212 1044 1382 1108 οὓτως
1424 1043 1702 1116 ἐνύϐριζεν
1736 1044 1812 1097 εἱ-

230 1140 383 1200 κὸνα,
421 1137 590 1208 βορὰν
617 1138 742 1189 κυσὶ
778 1136 1119 1189 καταλείπων
1146 1134 1237 1189 τὸν
1266 1134 1476 1205 νεκρόν’
1520 1137 1548 1188 6
1575 1135 1631 1187 δὲ
1663 1134 1812 1203 ξίφος

230 1230 495 1299 ἐγύμνου,
547 1228 642 1280 καὶ
675 1226 765 1278 ὲπὶ
796 1226 888 1279 τὸν
915 1227 1093 1295 ὅμοιον
1139 1223 1421 1293 ἄνθρωπον
1454 1222 1667 1294 ἐχώρει.
1704 1224 1813 1276 Καὶ

228 1324 258 1373 6
308 1321 406 1389 μὲν
456 1321 608 1390 φυγῇ
663 1317 759 1388 τὴν
818 1316 1087 1388 σωτηρίαν
1124 1315 1365 1386 πορίζειν
1415 1315 1632 1386 ἤθελενο
1683 1316 1711 1367 6
1757 1315 1813 1367 δὲ

227 1412 443 1466 διώκων
517 1412 619 1463 οὐκ
688 1409 942 1472 ἐπαύετο,
1011 1409 1128 1462 οὐδὲ
1207 1408 1303 1462 τοῦ
1361 1408 1531 1479 θυμοῦ
1596 1411 1815 1480 κρατεῖν

228 1504 411 1576 ἧθελε.
466 1503 581 1555 Καὶ
612 1502 663 1554 τί
695 1502 777 1554 δεῖ
816 1501 1034 1553 πλείονα
1077 1500 1295 1569 λέγειν;
1343 1500 1478 1553 Ἀλλ’
1526 1501 1606 1553 ὅτι
1638 1502 1816 1572 χωρή-

230 1613 331 1658 σας
395 1598 485 1648 ἐπ’
555 1594 718 1647 αὐτὸν
782 1594 983 1656 εύθέως
1049 1593 1204 1646 ἔπαιε
1263 1592 1340 1663 τῷ
1411 1592 1573 1660 ξίφει.
1642 1593 1700 1644 '0
1761 1592 1815 1644 δὲ

232 1687 423 1757 ἱκέτης
486 1684 581 1738 τοῦ
641 1684 865 1755 πλησίον
919 1684 1147 1751 ἐγίνετο,
1205 1682 1300 1735 καὶ
1355 1684 1540 1753 χεῖρας
1606 1681 1813 1743 ἱκεσίας

1905 493 2215 551 scindentes
2245 489 2468 560 aspexi:
2506 488 2734 542 alterum
2771 484 2920 547 item,
2950 480 3042 549 qui
3077 480 3239 536 vellet
3275 496 3470 549 exspo-

1904 587 2039 643 liare
2065 584 2372 657 proximum
2404 600 2418 636 :
2456 580 2553 635 sed
2596 586 2649 634 et
2703 575 2796 647 qui
2832 575 2945 645 jam
2994 573 3214 643 gravius
3267 571 3471 642 aliquid

1904 692 2235 749 praesumere
2290 674 2612 743 inciperent.
2664 667 2764 723 Hic
2810 664 3079 735 siquidem
3132 663 3474 734 depraedatus

1906 778 1989 823 est
2015 775 2309 828 mortuum,
2348 774 2655 831 corpusque
2695 758 2807 829 jam
2837 765 2985 811 terra
3012 754 3337 811 occultatum
3374 755 3475 811 ite-

1896 856 2029 914 rum
2071 855 2313 913 exhibuit
2346 854 2488 920 soli;
2542 860 2703 923 atque
2737 851 2837 913 ita,
2871 856 3085 902 mortuo
3117 848 3344 902 canibus
3398 848 3476 900 la.-

1908 950 2117 1005 niatum
2168 946 2575 1013 vorandumque
2623 942 2835 1005 relicto,
2875 948 3156 1010 cognatam
3189 938 3475 1008 imaginem

1909 1038 2237 1097 contumelia
2283 1036 2480 1091 affecit.
2533 1033 2627 1089 Ille
2659 1042 2876 1098 autem,
2922 1030 3126 1085 nudato
3182 1032 3478 1099 strictoque

1910 1134 2109 1205 gladio,
2136 1133 2189 1186 in
2214 1130 2408 1185 similis
2434 1135 2643 1182 natura:
2676 1125 2947 1181 hominem
2976 1124 3155 1178 irruit.
3186 1122 3359 1192 Atque
3390 1120 3479 1175 hic

1910 1224 2128 1297 quidem
2166 1223 2381 1278 volebat
2420 1220 2545 1289 fuga
2577 1218 2738 1273 saluti
2792 1215 3077 1271 consulere
3128 1233 3140 1267 :
3194 1222 3251 1267 at
3293 1228 3479 1282 perse-

1912 1332 2105 1388 quens,
2159 1314 2294 1369 nihil
2323 1310 2638 1376 desistebat,
2675 1315 2768 1362 aut
2819 1309 2953 1362 iram
2988 1305 3257 1362 moderari
3296 1304 3480 1359 stude-

1914 1410 2027 1463 bat.
2058 1406 2200 1473 Quid
2234 1419 2363 1459 vero
2389 1416 2671 1457 necessum
2706 1407 2788 1455 est
2818 1401 2974 1470 plura
2994 1397 3217 1452 dicere?
3248 1395 3362 1450 Hoc
3393 1410 3482 1449 sa-

1914 1500 2019 1564 tis;
2072 1499 2370 1552 irruentem
2433 1494 2607 1557 illum,
2660 1491 2843 1547 statim
2870 1490 3099 1544 alterum
3132 1487 3311 1558 gladio
3342 1487 3487 1542 ceci-

1914 1592 2081 1647 disse.
2130 1593 2307 1659 Atque
2336 1589 2381 1642 is
2417 1587 2637 1657 quidem
2684 1584 2909 1653 supplex
2941 1583 3132 1638 orabat
3158 1585 3485 1651 proximum,

1915 1695 2217 1750 manusque
2243 1678 2515 1749 supplices
2545 1674 2816 1732 tendebat.
2846 1673 2923 1728 Ac
2952 1673 3172 1744 quidem
3228 1671 3488 1727 offerebat

231 1755 443 1846 ὤρεγεσ
476 1775 575 1829 καὶ
606 1774 704 1844 τὴν
750 1774 848 1844 μὲν
878 1772 1084 1842 ἐσθῆτα
1114 1772 1309 1825 διδόναι
1342 1771 1521 1842 ἤθελε,
1572 1771 1727 1841 μόνον
1760 1770 1814 1822 δὲ

1918 1772 2453 1840 vestem,solumque
2499 1770 2622 1824 vita:
2674 1767 3051 1822 remissionem
3084 1766 3363 1837 poscebat.
3417 1766 3489 1818 At

232 1866 293 1917 τὸ
319 1865 415 1935 ζῇν
456 1864 603 1935 ἔχειν
629 1864 804 1934 ἠξίου.
845 1864 905 1915 '0
934 1863 991 1915 δὲ
1017 1863 1117 1915 οὐκ
1139 1861 1332 1934 ἔθραυε
1360 1862 1451 1915 τὸν
1484 1861 1673 1932 θυμὸν,
1706 1860 1814 1913 οὐδ’

236 1944 525 2021 ῆλέει’τὺν
570 1953 833 2024 ὁμογενῆ,
880 1953 1004 2005 οὐδὲ
1046 1953 1236 2006 ἑαυτὸν
1267 1952 1355 2005 διὰ
1386 1954 1481 2023 τῆς
1527 1952 1728 2016 εἰκόνος
1759 1954 1815 2005 ἐν

238 2046 426 2115 ὲκείνῳ
455 2046 677 2115 βλέπειν
708 2045 916 2116 ἤθελεν,
945 2044 1057 2099 ἀλλ’
1086 2045 1162 2109 ὡς
1184 2046 1373 2115 ἄγριος
1402 2044 1524 2115 θὴρ,
1569 2044 1645 2116 τῷ
1675 2043 1816 2112 ξίφει

243 2140 335 2208 τῆς
363 2140 535 2210 βορᾶς
571 2141 791 2210 ἤρχετο.
842 2138 981 2209 Ἤδη
1010 2139 1065 2191 δὲ
1095 2138 1187 2193 καὶ
1227 2140 1287 2192 τὸ
1320 2138 1495 2209 στόμα
1531 2138 1607 2209 τῷ
1646 2140 1817 2210 ὁμοίῳ

244 2229 548 2299 προσέφερε
581 2228 794 2299 σώματι
816 2245 831 2259 ο
867 2226 1118 2291 τοσοῦτος
1150 2226 1258 2299 γὰρ
1294 2223 1361 2297 ἦν
1386 2226 1463 2297 τῷ
1492 2226 1666 2297 θυμῷ.
1707 2227 1817 2278 Καὶ

242 2314 306 2388 ἦν
354 2320 508 2384 ἰδεῖν,
554 2319 648 2372 τὸν
698 2319 795 2388 μὲν
833 2318 1181 2388 ἠδικημένον,
1228 2318 1318 2371 τὸν
1363 2318 1419 2370 δὲ
1465 2317 1647 2371 λοιπὸν
1690 2335 1817 2370 σκυ-

244 2406 481 2469 λεύοντα,
530 2406 628 2459 καὶ
663 2405 796 2476 μηδὲ
839 2408 908 2476 γῇ
957 2406 1293 2469 σκεπάζοντα
1334 2406 1395 2459 τὸ
1428 2406 1605 2477 σῶμα,
1642 2406 1670 2458 ὃ
1720 2407 1817 2477 τῆς

242 2497 461 2567 ἐσθῆτος
493 2497 801 2567 ἐγύμνωσε.
840 2498 982 2568 Πρὸς
1031 2498 1087 2551 δὲ
1128 2498 1337 2561 τούτοις
1372 2499 1555 2569 ἕτερος
1589 2500 1815 2570 προσῆν,

241 2590 294 2652 ὃς
338 2590 431 2642 τοῦ
492 2588 724 2660 πλησίον
780 2593 1011 2657 γυναῖκα
1062 2592 1276 2655 παίζειν
1323 2591 1500 2662 ἡθελε,
1546 2592 1818 2665 λῃστεύων

242 2683 408 2752 γάμον
442 2682 749 2751 ἀλλότριον,
784 2684 878 2736 καὶ
922 2684 1013 2735 ἐπὶ
1045 2682 1357 2754 παράνομον
1392 2684 1576 2754 κοίτην
1609 2686 1818 2755 τραπῆ-

238 2794 321 2828 ναι
351 2775 685 2847 παρορμῶν,
729 2774 819 2827 τὸν
861 2775 1215 2847 γεγαμηκότα
1251 2777 1471 2846 γνήσιον
1501 2777 1712 2849 πατέρα
1740 2778 1814 2847 (5)

238 2870 482 2939 γίνεσθαι
523 2870 725 2925 θέλων.
788 2869 1066 2923 Ἐντεῦθεν
1108 2870 1165 2923 δὲ
1203 2872 1321 2935 ταῖς
1351 2870 1679 2942 τραγῳδίαις
1729 2889 1820 2923 πι-

239 2963 451 3016 στεύειν
483 2962 761 3033 ὴρχόμην,
804 2962 898 3015 καὶ
932 2962 993 3014 τὸ
1025 2962 1309 3016 Θυέστειον
1352 2963 1566 3016 δεῖπνον
1607 2962 1819 3033 ἀληθῶς

1918 1865 2007 1919 ille
2030 1864 2268 1935 perstitit
2298 1862 2530 1917 infracto
2560 1860 2762 1923 animo,
2795 1874 2897 1913 nec
2943 1857 3133 1913 eodem
3183 1872 3367 1913 secum
3397 1872 3488 1925 ge-

1919 1972 2048 2011 nere
2074 1964 2156 2011 est
2183 1955 2508 2017 miseratus;
2543 1954 2625 2009 vel
2660 1968 2718 2009 se
2743 1954 2942 2022 ipsum,
2975 1952 3187 2005 ratione
3214 1947 3485 2017 imaginis,

1917 2050 1975 2104 in
2021 2064 2088 2105 eo
2138 2048 2311 2103 voluit
2359 2049 2663 2116 inspectare
2709 2064 2721 2099 :
2765 2045 2872 2099 imo
2919 2051 3176 2112 tanquam
3232 2040 3487 2094 immanis

1917 2141 2117 2203 bellua,
2145 2139 2323 2210 gladio
2349 2139 2556 2192 laniare
2576 2137 2739 2207 coepit
2765 2136 2861 2206 (6).
2893 2134 2998 2190 Sed
3028 2141 3082 2189 et
3114 2134 3247 2199 jam,
3270 2131 3489 2202 corpori

1919 2232 2004 2287 sui
2046 2231 2214 2287 simili
2264 2246 2327 2286 os
2389 2230 2745 2285 admoverat:
2782 2236 2932 2282 tanto
2987 2224 3256 2296 siquidem
3305 2222 3490 2277 furore

1917 2330 2215 2389 exarserat,
2241 2330 2466 2392 eratque
2486 2322 2691 2385 videre,
2725 2321 2959 2374 alterum
2986 2318 3204 2388 quidem
3234 2314 3489 2386 injuriam

1919 2435 2175 2491 passum;
2231 2421 2459 2474 alterum
2513 2432 2663 2483 vero,
2716 2414 2975 2484 deinceps
3023 2412 3368 2482 spoliantem,
3427 2424 3492 2462 ac

1918 2526 2093 2580 neque
2121 2517 2264 2565 terra
2288 2509 2617 2579 Operientem
2646 2520 2866 2575 corpus,
2903 2504 3047 2574 quod
3079 2509 3231 2558 veste
3253 2500 3491 2555 nudave-

1918 2610 2024 2657 rat.
2054 2602 2136 2657 Ad
2190 2603 2305 2656 hac
2338 2611 2514 2656 autem
2546 2607 2663 2655 erat
2691 2598 2853 2661 alius,
2888 2597 3003 2667 qui,
3039 2594 3249 2649 furatus
3286 2593 3491 2646 alienas

1918 2695 2157 2764 nuptias,
2186 2694 2339 2748 uxori
2372 2692 2600 2763 proximi
2636 2689 2909 2753 illuderet,
2944 2687 3149 2758 quique
3181 2686 3363 2741 cubile
3389 2683 3493 2737 ini-

1919 2804 2086 2858 quum
2112 2802 2489 2858 perrumpens,
2520 2784 2774 2839 maritum
2807 2784 3104 2852 legitimum
3135 2788 3341 2852 patrem
3375 2777 3492 2831 fieri

1921 2880 2097 2935 velet.
2154 2878 2288 2933 Hinc
2333 2877 2617 2949 tragmdiis
2666 2876 2827 2931 etiam
2862 2875 3019 2929 fidem
3068 2872 3269 2927 habere
3318 2868 3488 2937 coepi,

1920 2973 2214 3041 putavique
2264 2970 2435 3025 fuisse
2492 2982 2680 3023 revera
2733 2982 2945 3023 caenam
2994 2965 3329 3036 Thyestaeam
3358 2962 3487 3033 (7):

239 3055 419 3108 ἐδόκει
448 3070 535 3124 μοι
565 3055 857 3122 γεγονέναι
877 3072 891 3085 ο
929 3055 1200 3109 πιστεύειν
1229 3056 1284 3109 δὲ
1313 3055 1407 3108 καὶ
1430 3058 1496 3126 τῇ
1532 3056 1817 3126 Οἰνομαίου

1922 3062 2127 3118 credidi
2179 3078 2307 3117 vero
2341 3063 2539 3131 iniquae
2571 3059 2846 3114 (Enomaai
2897 3057 3174 3129 cupiditati
3228 3056 3346 3127 (8),
3389 3070 3491 3110 nec

240 3147 548 3217 παρανόμῳ
582 3146 869 3217 ἐπιθυμίᾳ,
901 3148 995 3200 καὶ
1016 3151 1080 3219 τῇ
1110 3147 1215 3200 τῶν
1242 3147 1483 3216 ἀδελφῶν
1518 3147 1604 3200 διὰ
1637 3148 1820 3216 ξίφους

236 3241 541 3312 φιλονεικίᾳ
573 3240 676 3293 οὐκ
704 3240 968 3293 ἀπιστεῖν.
1000 3239 1281 3292 Τοσούτων
1308 3239 1486 3291 τοίνυν
1519 3240 1612 3293 καὶ
1642 3240 1820 3292 τοιού-

232 3348 342 3383 των
385 3332 594 3403 θεατὴς
632 3330 920 3400 γενόμενος
950 3329 1079 3399 ἐγὼ,
1132 3332 1291 3384 πόθεν
1332 3329 1503 3383 ταῦτα
1537 3329 1822 3401 ἀναζητεῖν

234 3426 494 3496 ἠρχόμην
516 3443 529 3454 ·
564 3426 649 3487 τίς
672 3424 729 3477 δὲ
756 3426 849 3478 καὶ
871 3428 904 3496 ἡ
934 3424 1030 3494 τῆς
1051 3426 1314 3495 κινήσεως
1343 3424 1519 3477 αὐτῶν
1540 3424 1703 3493 ἀρχὴ,
1728 3423 1823 3477 καὶ

232 3518 317 3579 τίς
350 3518 381 3567 6
414 3515 662 3569 τοσαῦτα
684 3516 805 3569 κατ’
828 3514 1127 3587 ἀνθρώπων
1159 3517 1629 3586 μηχανησάμενος
1662 3515 1821 3567 πόθεν

236 3625 296 3659 τε
334 3610 368 3679 ἡ
404 3608 637 3679 εὖρησις
675 3607 875 3671 αὐτῶν,
913 3608 1005 3660 καὶ
1048 3608 1133 3670 τίς
1165 3610 1193 3660 6
1240 3607 1440 3661 τούτων
1486 3607 1818 3671 διδάσκαλος.

241 3701 348 3753 Καὶ
375 3699 477 3752 τὸν
512 3702 612 3770 μὲν
640 3700 770 3753 Θεὸν
793 3699 999 3753 τούτων
1027 3700 1254 3771 ποιητὴν
1292 3700 1468 3768 λέγειν
1502 3700 1704 3770 τολμᾷν
1726 3700 1822 3770 οὐχ

242 3787 350 3846 οἶόν
380 3810 443 3845 τε
471 3789 562 3863 ἧν,
599 3792 733 3846 ἀλλά
776 3792 881 3864 μὴν
911 3792 1030 3845 οὐδὲ
1080 3792 1138 3858 ἐξ
1178 3791 1340 3844 αὑτοῦ
1384 3791 1481 3863 τὴν
1528 3792 1821 3844 ὑπόστασιν

248 3886 407 3955 ἔχειν,
442 3886 566 3937 οὐδὲ
594 3885 689 3956 τὴν
715 3884 807 3937 τοῦ
840 3881 976 3938 εἶναι
1004 3884 1282 3938 σύστασιν.
1318 3883 1442 3946 Πῶς
1471 3882 1579 3954 γὰρ
1624 3878 1733 3935 οἷόν
1762 3900 1821 3935 τε

248 3972 314 4048 ἦν
342 3977 520 4029 ταῦτα
548 3978 678 4047 περὶ
709 3976 841 4029 Θεοῦ
867 3979 1037 4042 νοεῖν;
1067 3977 1125 4040 ὂς
1166 3977 1262 4047 μὲν
1291 3976 1398 4047 γάρ
1426 3977 1570 4028 ἐστιν
1597 3974 1819 4043 ἀγαθὸς,

253 4070 342 4123 καὶ
378 4070 489 4123 τῶν
531 4069 856 4141 κρειττόνων
901 4069 1148 4140 ποιητὴς,
1197 4068 1305 4121 τῶν
1336 4068 1393 4121 δὲ
1430 4067 1645 4138 φαύλων
1675 4065 1822 4138 αὐτῷ

253 4162 542 4233 πρόσεστιν
572 4161 720 4214 οὐδέν
739 4178 752 4191 ·
781 4160 893 4214 ἀλλ’
914 4160 1034 4214 οὐδὲ
1056 4163 1168 4222 τοῖς
1199 4160 1455 4223 τοιούτοις
1484 4160 1693 4231 χαίρειν
1727 4160 1822 4212 πέ-

255 4273 440 4322 φυκενο
490 4254 823 4325 ἀπαγορεύει
862 4254 919 4306 δὲ
960 4254 1053 4306 καὶ
1084 4252 1183 4324 τὴν
1225 4253 1439 4321 γένεσιν
1479 4253 1688 4306 αὐτῶν·
1730 4253 1822 4305 καὶ

255 4349 375 4411 τοὺς
426 4350 526 4417 μὲν
576 4347 864 4418 χαίροντας
907 4348 1114 4410 τούτοις
1163 4344 1548 4409 ἁποόἀλλεται,
1596 4346 1721 4409 τοὺς
1765 4344 1821 4398 δὲ

325 4574 401 4643 (5)
434 4572 706 4639 Γνήσιον
732 4572 971 4642 πατέρα.
1002 4573 1316 4628 Menaosum
1362 4573 1637 4629 existimat
1678 4574 1822 4628 hunc

255 4646 433 4698 locum
479 4644 785 4699 Cotelerins
822 4646 889 4698 ad
931 4644 1180 4699 Clement.
1216 4645 1354 4698 hom.
1392 4660 1524 4707 xm,
1562 4646 1588 4714 §
1620 4644 1704 4709 19,
1746 4645 1823 4698 le-

256 4716 597 4783 gendumque
639 4716 917 4785 ἀγνήσιον,
950 4716 1031 4768 vel
1077 4716 1148 4785 μὴ
1192 4718 1430 4786 γνήσιον,
1458 4732 1575 4784 quae
1604 4716 1820 4786 quidem

255 4788 365 4837 sive
392 4787 574 4839 littera
604 4789 716 4839 sive
746 4787 1009 4855 particula
1041 4786 1197 4841 facile
1220 4785 1393 4855 petuit
1413 4787 1694 4841 excidisse.
1730 4785 1822 4839 Sic

253 4865 432 4909 autem
487 4856 667 4909 locum
716 4856 985 4924 integrum
1032 4856 1477 4910 redditzAderat
1527 4857 1684 4919 alius,
1733 4856 1822 4919 qui

254 4927 481 4991 proximi
514 4927 671 4978 uxori
700 4927 937 4993 cupiebat
971 4926 1211 4988 illudere,
1264 4928 1492 4981 alienum
1548 4929 1823 4980 matrimo-

253 4996 396 5047 nium
428 4994 722 5063 prwdatus,
765 5006 814 5050 ει
856 4997 1081 5050 incitans
1128 5013 1244 5049 eam
1288 5008 1343 5049 ut
1389 4997 1456 5049 ad
1496 5000 1824 5055 concubitum

255 5066 501 5117 illicitum
536 5076 840 5132 verteretur,
879 5083 906 5120 ε
947 5067 1136 5120 marito
1179 5068 1350 5124 volens
1402 5068 1573 5137 facere
1622 5081 1823 5136 patrem

250 5150 351 5188 non
387 5152 587 5189 rerum.
620 5137 790 5193 GALL.

322 5207 400 5275 (6)
435 5204 626 5283 Gl‘adio
660 5210 861 5283 laniare
894 5210 1064 5277 cozpit.
1218 5210 1390 5283 ξίφειζ
1398 5211 1495 5281 τῆς
1532 5210 1695 5282 βορᾶς
1724 5213 1826 5283 ἦρ-

250 5293 395 5356 χετο,
425 5279 575 5356 velut
607 5279 907 5356 vorandum
941 5279 1513 5356 conscindereaFor‘te
1540 5279 1703 5356 etiam
1742 5279 1825 5337 fu-

248 5350 353 5401 erit
398 5348 597 5422 εἴχετο.
652 5348 1002 5422 Significatur
1049 5368 1215 5422 supra
1266 5352 1562 5405 helluinam
1608 5352 1821 5421 feritas,

248 5432 355 5485 qua
384 5435 533 5491 saepe
560 5420 808 5475 homines
848 5420 1133 5475 inhumani
1173 5424 1227 5477 in
1254 5438 1311 5478 se
1338 5423 1570 5477 invicem
1594 5422 1779 5477 furunt
1806 5420 1821 5491 ,

253 5497 309 5539 ut
339 5490 423 5559 vel
450 5505 515 5543 os
543 5501 800 5559 tanquam
830 5491 1155 5547 devorandis
1180 5494 1524 5557 admoveant,
1554 5500 1612 5546 ut
1642 5490 1824 5550 statim

250 5558 468 5641 additur
506 5560 748 5641 εήῆδηιδὲ
777 5562 870 5613 καὶ
909 5561 969 5613 τὸ
1002 5563 1297 5641 στύμαπῴ
1319 5564 1489 5635 ὁμοίῳ
1522 5565 1823 5641 προσέφερε

254 5629 487 5711 σώματιΖ
532 5629 638 5711 διο.
665 5629 1051 5711 Maragnenses
1085 5629 1322 5711 barbari,
1354 5629 1473 5711 'noti
1510 5629 1619 5688 tam
1653 5629 1824 5711 veniri

251 5713 411 5765 quam
462 5701 641 5754 furori
686 5704 1075 5767 exsaturando,
1125 5706 1358 5759 laniatos
1408 5706 1615 5768 hostes,
1660 5706 1822 5759 etiam

254 5775 531 5827 stomacho
564 5780 880 5842 respuente,
914 5783 1199 5845 antequam
1232 5776 1368 5832 Galli
1396 5780 1568 5831 nostri
1603 5776 1827 5833 dedoce-

1924 3155 2175 3210 fraterna:
2208 3155 2283 3225 (9)
2308 3169 2401 3225 per
2434 3152 2637 3208 ferrum
2669 3151 3003 3207 contentioni
3035 3148 3193 3205 ﬁdem
3218 3148 3486 3204 subtraxi.

1923 3249 2221 3303 Tantarum
2257 3263 2385 3317 ergo
2433 3245 2732 3315 taliumque
2760 3258 2941 3300 rerum
2983 3247 3256 3311 spectator
3289 3238 3488 3303 factus,

1922 3338 2061 3410 capi
2105 3340 2385 3410 requirere
2440 3336 2581 3391 unde
2628 3337 2741 3390 haec
2783 3343 2966 3390 essent
3000 3353 3013 3389 :
3046 3332 3320 3402 quodnam
3364 3346 3525 3387 vero.

1921 3435 2083 3489 etiam
2111 3449 2174 3489 ea
2227 3431 2553 3502 principium
2601 3429 2956 3501 habuissent;
2988 3427 3179 3497 quisve
3238 3433 3389 3479 tanta
3436 3426 3491 3480 in

1922 3522 2169 3576 homines
2200 3520 2421 3575 molitus
2442 3526 2588 3573 esset
2614 3537 2625 3573 :
2662 3518 2805 3572 unde
2822 3519 2983 3572 etiam
3007 3532 3196 3572 eorum
3226 3516 3490 3581 inventio,

1923 3613 2112 3683 quisve
2158 3611 2345 3665 talium
2376 3611 2567 3665 doctor
2598 3610 2813 3668 fuisset.
2846 3610 2923 3663 Ac
2969 3609 3373 3678 nemo-quidem
3419 3619 3495 3667 ta-

1923 3707 2054 3759 lium
2088 3711 2365 3758 auctorem
2416 3700 2585 3756 Deum
2638 3701 2891 3757 habuerit
2921 3700 3135 3767 dicere;
3182 3701 3275 3755 sed
3319 3715 3493 3770 neque

1922 3796 1990 3851 ab
2010 3811 2075 3850 eo
2114 3796 2334 3859 habere,
2370 3808 2481 3864 quo
2500 3793 2619 3848 sint.
2640 3804 2693 3847 et
2722 3792 3042 3851 consistant.
3073 3792 3187 3857 Qui.
3204 3791 3351 3847 enim
3410 3798 3493 3845 ta-

1922 3889 1994 3942 lia
2040 3887 2108 3941 de
2158 3885 2269 3944 Deo
2314 3886 2553 3955 cogitare
2581 3884 2833 3939 licuerit?
2875 3883 2969 3954 qui
3016 3899 3148 3941 sane
3186 3883 3361 3939 bonus
3410 3892 3494 3938 est

1922 3989 2217 4050 auctorque
2248 3979 2569 4044 meliorum;
2596 3978 2683 4031 cui
2718 3992 2823 4032 nec
2848 3976 3144 4048 quidquam
3176 3976 3295 4030 vitii
3331 3976 3491 4041 insit;

1923 4076 2015 4133 sed
2040 4090 2215 4145 neque
2238 4074 2435 4129 talibus
2465 4078 2655 4141 suapte
2677 4071 2793 4141 ipse
2814 4079 3009 4125 natura
3040 4069 3274 4141 gaudere
3297 4068 3491 4138 possit,

1923 4167 2035 4222 fieri
2064 4181 2189 4223 vero
2211 4166 2491 4237 prohibeat
2523 4181 2538 4218 :
2573 4162 2749 4232 iisque
2780 4163 3099 4233 gaudentes,
3134 4160 3377 4231 rejiciat;
3414 4160 3495 4215 fu-

1922 4262 2128 4332 gientes
2181 4268 2380 4323 autem,
2414 4266 2664 4327 acceptos
2693 4258 2910 4312 habeat.
2934 4254 3038 4321 Qui
3093 4270 3223 4311 vero
3260 4270 3369 4309 non
3395 4255 3491 4308 ah-

1924 4352 2171 4418 surdum,
2212 4358 2271 4405 ut
2301 4366 2490 4406 eorum
2526 4350 2667 4406 Deus
2718 4355 2910 4404 auctor
2957 4348 3162 4412 audiat,
3220 4362 3340 4416 quae
3377 4347 3493 4415 ipse

1852 4510 1900 4568 Ι)
1912 4556 1915 4561 .

1924 4584 2067 4641 rent,
2103 4591 2202 4631 ceu
2246 4575 2547 4645 praecipuas
2591 4574 2802 4644 epulas,
2837 4572 3085 4645 convivio
3118 4569 3402 4645 vorabant,
3434 4578 3493 4621 ut

1924 4649 1979 4701 in
2021 4640 2283 4702 relatione
2323 4640 2504 4700 rerum
2556 4640 2799 4715 ipsorum
2838 4642 3101 4699 Claudius
3150 4640 3489 4699 Abbavilan,

1923 4718 2055 4773 0rd.
2091 4718 2217 4772 Min.
2245 4717 2564 4787 capueinus.

1996 4789 2070 4857 (7)
2101 4778 2329 4841 Cmiiam‘
2350 4787 2697 4856 Thyestwam.
2727 4785 2803 4838 Τὸ
2832 4783 3111 4839 θυέστειον
3140 4781 3370 4835 δεῖπνον.
3404 4778 3494 4835 Sic

1923 4859 2079 4915 Ovid.
2113 4875 2180 4913 xv
2210 4857 2425 4911 Metam-
2459 4878 2471 4912 :

2065 4927 2203 4982 Neue
2236 4928 2520 4999 Thyestwis
2548 4926 2867 4999 cumulemus
2898 4924 3093 4999 viscere
3122 4923 3333 4999 mensis.

1924 4998 2002 5123 Βὲι
2033 4999 2135 5121 ιιςῖιο
2168 4994 2403 5070 Thyeste
2438 5007 2491 5054 et
2518 4998 2683 5052 Atreo
2720 4996 2908 5058 fratre,
2940 4995 3160 5049 Servius
3199 4994 3266 5046 ad
3307 5009 3324 5047 1
3358 4999 3414 5047 et
3456 5007 3495 5046 ιι

2004 5088 2081 5123 ne:
2128 5111 2139 5122 .

2004 5088 2139 5123 nem.

1997 5141 2072 5210 (8)
2106 5140 2308 5207 Iniqua:
2359 5138 2631 5195 OEnoma’i
2680 5135 2975 5210 cupiditati.
3010 5133 3171 5210 Forte
3210 5131 3494 5187 (Enomai.

1924 5206 2127 5265 Fuit'is
2161 5206 2529 5279 Hippodamia:
2558 5206 2797 5279 pater,’a
2832 5208 2989 5274 cujus
3029 5206 3225 5259 marito
3266 5219 3497 5279 cum_s_e

1926 5272 2284 5335 occidendum
2326 5296 2389 5335 ex
2432 5272 2655 5335 orae-uio
2698 5272 3003 5340 didicisset,
3044 5291 3215 5345 eaque
3248 5289 3277 5326 a
3313 5272 3497 5345 multis

1926 5354 2245 5419 ambiretur,
2292 5356 2572 5423 proposito
2625 5352 2924 5408 certamine
2953 5343 3177 5423 curuli,
3235 5343 3495 5423 tredecim

1927 5424 2124 5493 occidit
2152 5418 2271 5493 ejus
2294 5418 2523 5493 procos,
2548 5425 2720 5478 donec
2744 5424 2922 5477 victus
2950 5422 3064 5491 ipse
3090 5430 3176 5476 est
3203 5427 3257 5493 et
3278 5418 3496 5472 occisus

1928 5510 1958 5546 a
1979 5490 2207 5565 Pelope,
2228 5490 2438 5548 Tantali
2472 5496 2602 5559 lilio,
2635 5493 2853 5565 Myrtilo
2885 5490 3071 5562 auriga
3101 5490 3276 5565 pretio
3304 5502 3496 5565 corru-

1928 5570 2020 5633 pto
2050 5558 2484 5620 et'subnectente
2510 5558 2754 5619 infirmos
2782 5579 2931 5625 axes,
2964 5558 3068 5617 etc.
3098 5558 3281 5633 Strab:
3313 5558 3349 5611 ι.
3375 5573 3493 5611 vin.

1925 5628 2105 5687 Alium
2136 5634 2400 5690 Homerus
2429 5644 2815 5690 commemorat
2842 5634 3082 5687 occisum
3114 5633 3182 5684 ab
3214 5628 3462 5683 Hectore.

1998 5705 2074 5774 (9)
2107 5704 2217 5759 Nec
2246 5706 2516 5775 fratermc,
2565 5714 2671 5760 etc.
2704 5704 2928 5775 Videtur
2949 5702 3190 5775 Remum
3211 5710 3265 5755 et
3296 5698 3495 5775 [ictuu—

1928 5770 2065 5840 ιιιιιι,⁷
2093 5770 2323 5847 quorum
2349 5777 2482 5831 alter
2514 5783 2740 5831 mortem
2774 5773 2925 5828 fratri
2956 5772 3241 5839 conscivit,
3268 5770 3493 5825 referre.
