4010 6328
606 273 713 329 2H

1580 278 1641 337 S.
1681 280 2013 340 METHODII
2048 284 2358 345 EPISCOPI
2394 289 2483 345 ET
2522 290 2877 351 MARTYRIS
3676 305 3766 363 2L8

607 401 893 449 aversatur
939 401 996 450 et
1039 394 1330 467 repudiat?
1356 394 1543 469 Neque
1594 401 1740 455 enim
1783 418 1893 457 non
1937 405 2153 461 voluerit

2269 409 2567 480 φεύγοντας
2592 412 2732 465 αὐτά
2763 409 3062 483 προσίεται.
3101 410 3210 464 Καὶ
3245 411 3359 476 πῶς
3387 413 3480 467 οὐκ
3507 411 3683 471 ἄτοπον
3712 417 3769 493 ἦν

605 498 750 548 esse,
779 484 827 539 si
850 484 1068 554 quidem
1087 485 1298 554 primus
1320 488 1437 559 ipse
1468 489 1652 561 opifex
1683 490 1804 550 fuit.
1840 492 1967 550 Vult
2002 497 2167 568 siqui-

604 575 728 629 dem
760 581 845 641 ut,
897 575 963 629 ad
1011 575 1190 646 ipsum
1240 579 1579 644 accedentes.
1634 583 1810 654 ipsius
1863 588 2165 648 imitatores

606 665 756 720 ﬁant.
779 665 958 732 Quare
987 667 1226 725 alienum
1259 687 1288 726 a
1318 674 1531 730 ratione
1560 675 1708 741 duxi,
1749 680 1840 735 illa
1881 681 1992 739 Deo
2018 684 2165 741 aliin-

603 771 758 827 gere;
789 766 881 811 aut
903 765 1160 830 tanquam
1185 762 1254 817 ab
1280 779 1346 819 eo
1377 765 1515 821 facta
1536 768 1782 840 accipere
1809 791 1823 827 :
1853 789 2163 846 quanquam

603 845 838 900 maxime
894 850 1297 907 concedendum
1327 854 1398 909 sit
1444 856 1592 927 (10),
1633 874 1793 928 posse
1842 845 2046 935 aliquid
2095 883 2163 923 ex

601 935 774 990 nihilo
804 935 940 1000 ﬁeri,
973 939 1021 994 si
1067 942 1286 1012 quidem
1325 944 1468 1002 Deus
1526 956 1615 1019 (ex
1661 951 1774 1024 illo)
1829 953 1960 1012 fecit
1994 960 2158 1014 mala.

601 1024 735 1080 Nam
766 1028 859 1098 qui
881 1027 1009 1084 fecit
1032 1047 1100 1087 ex
1132 1034 1322 1101 nihilo,
1370 1052 1479 1091 non
1506 1036 1620 1108 jam
1674 1044 1816 1099 ultra
1848 1046 1905 1101 in
1932 1048 2161 1106 nihilum

602 1122 887 1195 redigeret.
919 1124 1227 1197 iterumque
1256 1130 1577 1187 necessitate
1603 1132 1923 1203 dicendum,
1970 1140 2158 1208 fuisse,

602 1214 820 1282 quando
848 1214 990 1272 Deus
1037 1217 1193 1273 malis
1245 1217 1626 1289 delectaretur,
1669 1240 1789 1295 qua:
1845 1228 2004 1284 modo
2051 1247 2159 1286 non

600 1308 834 1376 placent.
869 1308 1049 1376 Quare
1095 1328 1203 1368 non
1260 1316 1513 1380 arbitror,
1571 1332 1730 1387 posse
1782 1319 1886 1373 hoc
1941 1321 2049 1376 dici
2092 1322 2162 1379 de

599 1398 735 1455 Deo.
766 1400 1014 1457 Alienum
1045 1406 1241 1476 quippe
1266 1414 1350 1462 est
1373 1408 1441 1463 ab
1468 1409 1589 1479 ejus
1617 1420 1831 1474 natura,
1868 1418 1927 1466 ut
1953 1413 2057 1470 hoc
2081 1415 2160 1471 illi

601 1495 907 1549 conveniat.
959 1494 1278 1553 Existimavi
1329 1515 1457 1571 ergo
1501 1517 1626 1558 esse
1673 1503 1876 1575 aliquid
1929 1503 2073 1576 q'uod
2109 1510 2162 1565 ei

601 1585 918 1651 coexsistat,
968 1587 1172 1643 dictum
1222 1592 1485 1657 materia;
1525 1608 1591 1649 ex
1645 1610 1750 1665 qua
1784 1597 2015 1666 sapienti
2045 1606 2163 1656 arte

600 1674 920 1732 discernens
950 1692 1015 1732 ac
1034 1678 1258 1749 pulchre
1288 1696 1581 1748 exornans,
1603 1700 1692 1742 res
1720 1687 2055 1758 condiderit;
2094 1707 2160 1747 ex

2269 502 2360 555 τὸν
2388 502 2520 557 Θεὸν
2547 502 2750 557 τούτων
2777 503 2955 570 λέγειν
2985 498 3124 556 εἶναι
3156 501 3491 575 δημιουργὸν.
3518 507 3600 562 τὸν
3626 509 3772 566 ταῦτα

2269 595 2694 667 παραιτούμενον
2712 611 2727 660 ;
2746 594 2879 649 Οὑδέ
2901 592 3010 667 γὰρ
3034 593 3099 647 ἂν
3127 593 3368 648 ἐὸούλετο
3397 595 3472 666 μὴ
3494 593 3621 650 εἶναι
3638 600 3772 666 αὐτὰ,

2267 690 2316 742 εί
2341 688 2552 760 πρῶτος
2580 688 2759 742 αὐτῶν
2790 687 3013 759 ποιητὴς
3042 687 3282 759 ὑπῆρχεν
3320 688 3493 752 αὐτός.
3535 690 3659 753 Τοὺς
3684 693 3776 763 γὰρ

2269 780 2589 852 προσιόντας
2607 778 2756 850 αὐτῷ
2777 778 3017 850 μιμητάς
3031 778 3196 832 αὐτοῦ
3221 779 3454 848 γίνεσθαι
3474 779 3622 834 θέλει.
3639 782 3775 835 Ὅθεν

2267 872 2457 939 ἄλογον
2489 870 2662 937 ἔδοξεν
2688 867 2825 924 εἶναί
2859 888 2951 942 μοι
2993 869 3163 924 ταῦτα
3202 871 3525 941 προσάπτειν
3552 869 3622 942 τῷ
3656 872 3773 945 Θεῷ,

2265 964 2300 1036 ἢ
2325 965 2401 1028 ὡς
2424 964 2480 1030 ἐξ
2511 962 2672 1017 αὑτοῦ
2699 964 3048 1032 γεγονότα....
3075 966 3123 1017 εί
3148 963 3241 1018 καὶ
3264 963 3335 1017 τά
3362 963 3582 1035 μάλιστα
3606 982 3777 1034 συγχω-

2269 1054 2432 1126 ρῆσαι
2462 1055 2559 1120 δεῖ,
2590 1053 2650 1119 ἐξ
2673 1056 2772 1108 ούκ
2790 1054 2956 1108 ὄντων
2975 1054 3195 1109 δυνατὸν
3215 1051 3351 1109 εἶναί
3373 1072 3422 1108 τι
3443 1055 3683 1123 γίνεσθαι,
3709 1057 3777 1110 ὃτι

2266 1147 2359 1199 καὶ
2383 1146 2453 1199 τά
2482 1146 2627 1200 κακά
2672 1146 2923 1217 ἐποίησεν
2970 1146 3130 1211 αὐτός
3149 1163 3163 1176 ·
3202 1148 3232 1200 ὁ
3265 1145 3374 1218 γάρ
3397 1148 3459 1199 ἐκ
3486 1144 3573 1199 τοῦ
3606 1146 3694 1200 οὐκ
3716 1141 3779 1199 εἳ-

2265 1253 2353 1290 ναι
2382 1238 2462 1300 είς
2491 1236 2554 1289 τὸ
2589 1233 2726 1290 εἶναι
2753 1235 2892 1290 αὑτά
2922 1239 3154 1308 ποιήσας
3193 1236 3294 1289 οὐκ
3340 1235 3406 1289 ἂν
3447 1236 3509 1289 ἐκ
3549 1234 3636 1287 τοῦ
3665 1230 3780 1288 εἶναι

2266 1329 2344 1392 εἰς
2366 1328 2428 1381 τὸ
2462 1328 2654 1400 μηκέτι
2685 1325 2822 1383 εἶναι
2852 1329 3010 1383 αὐτά.
3042 1328 3211 1382 Πάλιν
3253 1328 3314 1381 τέ
3360 1344 3460 1380 που
3491 1327 3682 1399 ἀνάγκη
3709 1328 3781 1381 λέ-

2265 1435 2402 1488 γειν,
2435 1419 2510 1483 ὡς
2536 1416 2604 1491 ἦν
2637 1437 2765 1473 ποτε
2810 1420 3020 1492 καιρὸς,
3061 1419 3148 1475 ὅτε
3186 1422 3298 1483 τοῖς
3335 1420 3518 1482 κακοῖς
3545 1417 3733 1490 ἔχαιρεν
3757 1421 3782 1473 ὁ

2264 1512 2415 1575 Θεόςο
2467 1512 2562 1567 νῦν
2591 1513 2648 1567 δέ
2693 1514 2791 1567 οὐκ
2829 1511 2964 1569 ἐστι.
3013 1514 3212 1585 Διόπερ
3255 1512 3511 1567 ἀδύνατον
3548 1509 3671 1566 εἶναι
3709 1530 3781 1584 μοι

2264 1603 2411 1657 δοκεῖ
2433 1602 2613 1673 λέγειν
2661 1603 2818 1657 τοῦτο
2859 1605 2987 1676 περὶ
3026 1603 3182 1659 Θεοῦ.
3238 1602 3522 1657 Ἀνοίκειον
3564 1602 3662 1674 γὰρ
3703 1603 3783 1673 τῆς

2267 1694 2480 1766 φύσεως
2532 1693 2696 1750 αὐτοῦ
2738 1695 2895 1749 τοῦτο
2947 1695 3345 1768 προσαρμόζειν
3402 1692 3562 1764 αὐτῷ.
3617 1693 3784 1764 Διόπερ

599 1787 707 1843 qua
741 1780 795 1828 et
834 1773 975 1828 mala
1002 1775 1253 1830 videntur
1304 1785 1443 1833 orta.
1474 1779 1612 1834 Cum
1649 1780 1794 1836 enim
1831 1782 1924 1837 illa
1948 1791 2005 1839 et
2037 1784 2153 1842 sine

2259 1786 2404 1853 ἕδοξέ
2432 1787 2545 1859 (12)
2575 1805 2665 1859 μοι
2698 1788 3062 1858 συνυπάρχειν
3085 1805 3136 1841 τι
3168 1785 3318 1858 αύτῷ
3347 1778 3393 1854 ᾧ
3418 1783 3640 1855 τοῦνομα
3665 1784 3782 1851 ὕλη,

599 1863 860 1930 qualitate
887 1872 941 1919 et
966 1863 1213 1924 infamis
1235 1869 1560 1939 exsisteret;
1588 1872 1655 1927 ad
1680 1873 1796 1929 haec
1822 1890 1970 1941 vero,
1995 1877 2158 1933 etiam

546 1983 549 1986 ν
598 1952 901 2008 inordinate
935 1953 1169 2011 ferretur
1202 1956 1405 2029 Deique
1434 1968 1552 2016 arte
1601 1962 1883 2036 indigeret,
1917 1981 2027 2023 non
2068 1970 2158 2024 in-

594 2044 734 2099 vidit
777 2046 924 2116 ipse,
954 2061 1130 2118 neque
1174 2048 1249 2105 ita
1279 2065 1492 2123 semper
1546 2057 1792 2125 permisit
1847 2057 2009 2123 ferri,
2061 2061 2159 2117 sed

597 2136 880 2194 elaborare
917 2140 1102 2210 cmpit,
1135 2142 1446 2213 Optimaque
1487 2144 1559 2201 ab
1605 2147 1725 2216 ejus
1771 2150 2024 2218 pessimis
2072 2167 2159 2208 se-

597 2242 823 2284 cernere
875 2231 1079 2300 voluit;
1131 2240 1293 2303 atque
1356 2234 1453 2297 ita,
1505 2252 1841 2310 quacunque
1875 2240 2043 2297 Deum
2091 2258 2159 2300 ex

593 2317 688 2372 illa
737 2332 1029 2389 procreare
1087 2319 1346 2387 decebat,
1406 2326 1761 2393 procreavit;
1823 2343 2160 2400 quaecunque

591 2426 757 2475 vero,
824 2419 887 2466 ut
942 2412 1109 2468 verbo
1167 2411 1367 2481 dicam,
1425 2415 1615 2471 habuit
1667 2405 1992 2485 feeculenta,
2059 2436 2159 2476 ceu

592 2503 774 2573 inepta
793 2503 1030 2575 opiﬁcio,
1058 2506 1239 2576 qualia
1270 2515 1449 2572 erant,
1488 2509 1623 2564 nihil
1650 2511 1753 2580 ipsi
1793 2512 1968 2578 utilia,
1999 2514 2156 2570 dere-

592 2593 754 2663 liquit
795 2614 809 2649 :
848 2611 915 2651 ex
956 2596 1157 2666 quibus
1201 2597 1363 2653 modo
1391 2600 1534 2669 apud
1579 2600 1830 2659 homines
1879 2605 2020 2659 mala
2070 2605 2158 2661 in—

590 2683 760 2742 ﬂuere
789 2688 903 2759 (ll)
930 2688 1189 2745 arbitror.
1222 2686 1313 2745 Sic
1339 2690 1477 2746 bene
1504 2691 1678 2747 visum
1705 2702 1790 2751 est
1817 2696 2038 2753 sentire.
2072 2695 2155 2751 Tu

589 2792 758 2842 vero,
816 2781 1024 2847 amice,
1096 2782 1143 2837 si
1193 2782 1327 2852 quid
1385 2783 1567 2840 minus
1630 2794 1778 2842 recte
1832 2788 2035 2843 dictum
2073 2788 2157 2844 vi-

590 2870 802 2937 deatur,
838 2889 1136 2945 suggerens
1171 2876 1425 2947 loquere;
1483 2878 1644 2948 plane
1689 2879 1835 2934 enim
1863 2896 1927 2936 ea
1965 2884 2158 2939 audire

590 2965 858 3022 desidero.

2262 1880 2321 1946 ὲξ
2352 1875 2419 1952 ἧς
2450 1880 2517 1934 τά
2544 1878 2671 1933 ὄντα
2699 1878 3092 1951 ἐδημιούργησε
3110 1919 3125 1944 ,
3156 1876 3325 1951 τέχνῃ
3358 1879 3490 1948 σοφῇ
3519 1875 3782 1949 διακρίνας,

2262 1973 2357 2028 καὶ
2402 1973 2771 2045 διακοσμήσας
2814 1971 3014 2037 καλῶς,
3059 1969 3119 2037 ἐξ
3165 1966 3234 2043 ἧς
3262 1972 3361 2025 καὶ
3399 1970 3467 2023 τὰ
3498 1970 3634 2024 κακά
3669 1966 3784 2021 εἶναι

2260 2065 2426 2119 δοκεῖ.
2462 2064 2676 2118 Ἀποίου
2698 2081 2756 2117 τε
2781 2063 2889 2135 γάρ
2918 2063 3013 2118 καὶ
3029 2063 3436 2135 ἀσχηματίστου
3457 2060 3610 2131 ούσης
3624 2059 3785 2130 αὐτῆς,

2263 2156 2400 2228 πρὸς
2420 2156 2477 2210 δέ
2513 2155 2722 2220 τούτοις
2741 2156 2836 2211 κα)¹
2861 2155 3109 2220 ἀτάκτως
3138 2155 3464 2228 φερομένης,
3486 2152 3719 2224 δεομένης
3736 2165 3787 2202 τε

2260 2250 2358 2320 τῆς
2383 2247 2475 2301 τοῦ
2504 2248 2639 2302 Θεοῦ
2678 2248 2892 2320 τέχνης,
2926 2248 3024 2302 οὐκ
3048 2246 3347 2320 ἐφθόνησεν
3375 2237 3546 2309 οὗτος,
3578 2241 3688 2296 ούτε
3714 2239 3788 2293 διὰ

2258 2341 2459 2405 παντὸς
2505 2342 2793 2395 κατέλιπεν
2826 2340 2994 2412 αὐτὴν
3033 2339 3176 2395 οὕτω
3221 2338 3502 2411 φέρεσθαι,
3544 2333 3667 2389 ἀλλά
3706 2333 3787 2402 δη·

2260 2433 2536 2503 μιουργεῖν
2575 2431 2791 2502 ἤρχετο,
2823 2430 2917 2484 καὶ
2958 2414 3065 2483 ἀπὸ
3090 2427 3199 2483 τῶν
3239 2427 3525 2499 χειρίστων
3555 2422 3706 2492 αὐτῆς
3732 2420 3788 2474 τὰ

2257 2520 2515 2576 κάλλιστα
2537 2521 2839 2590 διακρίνειν
2860 2520 3039 2592 ἦθελε⁸
3062 2520 3156 2573 καὶ
3179 2518 3357 2582 οὕτως
3378 2514 3785 2588 ἐδημιούργησεν.

2255 2613 2354 2666 ὅσα
2389 2612 2448 2677 ἐξ
2494 2613 2667 2683 αὐτῆς
2696 2613 2904 2685 ἥρμοζε
2948 2612 3068 2683 Θεῷ
3111 2611 3464 2684 δημιουργεῖν
3488 2625 3502 2638 ·
3535 2605 3599 2660 τὰ
3641 2604 3678 2658 δ’
3703 2604 3787 2656 ὅσα

2259 2703 2319 2771 ἐξ
2342 2704 2513 2775 αύτῆς
2536 2704 2642 2773 (ὼς
2663 2704 2791 2768 ἔπος
2821 2703 3036 2774 είπεῖν,)
3057 2702 3313 2775 τρυγώδη
3330 2700 3603 2771 ἐτύγχανε,
3624 2694 3789 2756 ταῦτα,

2258 2795 2574 2868 ἀνάρμοστα
2606 2795 2733 2848 ὄντα
2777 2794 2914 2867 πρὸς
2948 2792 3336 2866 δημιουργίαν,
3372 2792 3448 2855 ὡς
3491 2786 3617 2860 εἶχε,
3656 2781 3791 2839 κατέ-

2257 2886 2402 2951 λιπε,
2426 2888 2544 2941 κατ’
2577 2886 2727 2941 οὐδὲν
2764 2886 2914 2958 αὐτῷ
2951 2886 3302 2958 προσήκοντα
3321 2901 3336 2914 ·
3370 2883 3430 2948 ἐξ
3459 2876 3531 2936 ὧν
3555 2880 3688 2934 δοκεῖ
3716 2891 3790 2946 μοι

2260 2977 2355 3032 νῦν
2395 2978 2544 3049 παρά
2574 2976 2880 3050 ἀνθρώποις
2920 2977 3166 3049 ἐπαίρειν
3195 2976 3264 3030 τά
3302 2975 3449 3031 κακά
3472 2973 3600 3044 (15).
3634 2969 3790 3028 Οὕτως

590 3060 736 3128 ἕδοξὲ
763 3080 853 3134 μοι
879 3057 940 3117 εὖ
962 3061 1105 3134 ἔχειν
1131 3067 1363 3135 φρονεῖν.
1393 3066 1464 3119 Σὺ
1489 3066 1567 3130 δὲ,
1598 3061 1643 3121 ὦ
1674 3068 1814 3138 φίλε,
1839 3068 1893 3122 εἰ
1916 3069 2037 3123 τινά
2061 3087 2143 3125 σοι
2187 3072 2335 3127 δοκεῖ
2392 3075 2468 3146 μὴ
2492 3072 2672 3138 καλῶς
2694 3073 2948 3145 εἰρῆσθαι
2972 3072 3107 3146 πρὸς
3141 3070 3307 3143 ἐμοῦ,
3374 3069 3647 3141 ἀναφέρων
3665 3063 3788 3131 λέγε,

591 3159 685 3211 καὶ
716 3158 857 3212 πάνυ
881 3157 1009 3229 περ).
1033 3159 1235 3213 τούτων
1256 3160 1472 3214 ἀκούειν
1498 3161 1667 3218 ποθῶ.

660 3247 869 3305 ORTH.
906 3248 1165 3319 Equidem
1196 3260 1471 3322 acceptam
1505 3254 1698 3321 habeo,
1723 3254 1915 3320 amice,
1956 3255 2153 3311 alacri-

2333 3253 2570 3311 ΟΡΘΟΔ.
2599 3253 2709 3326 Τὴν
2738 3254 2836 3325 μὲν
2861 3252 3169 3325 προθυμίαν
3207 3252 3543 3323 ἀποδέχομαι
3568 3247 3659 3320 τὴν
3690 3245 3791 3317 σὴν,

587 3348 753 3397 tatem
778 3348 946 3404 tuam,
964 3341 1312 3413 studiumque
1341 3345 1472 3400 illud
1508 3354 1658 3402 tuum
1680 3350 1823 3404 circa
1850 3347 2151 3405 doctrinam

590 3432 773 3487 laudo.
802 3432 957 3499 Quod
986 3448 1147 3504 porro
1179 3434 1251 3488 ita
1272 3435 1340 3490 de
1370 3435 1532 3501 rebus
1563 3440 1922 3504 existimasti,
1972 3449 2033 3495 ut
2060 3457 2153 3498 eas

590 3522 734 3580 Deus
759 3540 826 3579 ex
852 3525 1161 3596 prtejaccnti
1193 3528 1370 3597 aliqua
1394 3529 1698 3585 substantia
1724 3532 2011 3597 creaverit,
2043 3550 2152 3589 non

586 3630 817 3685 prorsus
841 3617 1297 3686 reprehenderim.
1359 3619 1567 3678 Revera
1597 3622 1740 3677 enim
1775 3622 1851 3677 ita
1881 3623 2062 3689 habet,
2094 3633 2153 3680 ut

586 3714 743 3762 ortus
768 3708 1058 3773 malorum,
1080 3710 1136 3764 in
1158 3709 1212 3764 id
1234 3727 1428 3767 sensus
1463 3715 1666 3768 multos
1705 3715 2001 3785 impulerit.
2030 3715 2155 3772 Ete-

587 3796 702 3851 nim
747 3804 873 3853 ante
930 3801 1142 3865 ambos,
1176 3801 1278 3855 viri
1331 3803 1512 3872 plures
1561 3804 1845 3861 sullicienti
1881 3808 2149 3874 doctrina,

587 3890 880 3945 maximam
919 3907 981 3947 ea
1032 3893 1098 3948 de
1145 3908 1207 3948 re
1237 3895 1587 3963 quastionem
1626 3907 1930 3953 moverunt.
1966 3890 2153 3971 'Atque

589 3982 681 4036 alii
706 3984 923 4054 quidem
946 4025 962 4049 ,
990 3985 1087 4041 tibi
1122 3985 1321 4041 similia
1346 3987 1829 4057 existimaverunt;
1889 3991 1980 4045 alii
2022 4007 2150 4048 vero

586 4071 779 4135 Deum,
808 4088 996 4129 eorum
1025 4083 1301 4131 auctorem
1336 4077 1778 4146 pronuntiarunt,
1815 4093 2050 4144 coaevam
2100 4080 2152 4136 ei

585 4166 948 4222 substantiam
997 4168 1278 4239 assignare
1334 4168 1539 4224 veriti:
1588 4169 1667 4224 illi
1722 4179 1945 4232 contra,
2004 4172 2149 4243 quod

585 4256 755 4313 Deum
784 4258 1049 4312 malorum
1078 4264 1353 4313 auctorem
1387 4258 1566 4314 dicere
1592 4270 1926 4326 vererentur,
1954 4276 2153 4318 conce-

586 4351 818 4407 dendam
851 4360 1107 4422 putarunt
1131 4352 1410 4407 materiam
1438 4368 1692 4408 coaevam.
1728 4354 1972 4429 _Contigit
1994 4370 2146 4422 vero,

584 4455 646 4500 ut
667 4444 846 4501 neutri
881 4446 1181 4501 secundum
1209 4447 1322 4500 veri
1362 4446 1641 4502 scientiam
1672 4446 1839 4503 Deum
1871 4448 2146 4515 timentes,

584 4539 724 4594 bene
761 4535 1018 4592 dixerint.
1073 4537 1180 4591 Alii
1226 4545 1440 4603 autem,
1499 4539 1768 4612 principio
1831 4540 2028 4606 etiam,
2082 4540 2150 4597 de

2261 3342 2305 3402 ὧ
2343 3348 2480 3417 φίλε,
2515 3347 2609 3401 καὶ
2631 3345 2723 3400 σοῦ
2753 3345 2881 3418 περ).
2902 3347 2993 3400 τὸν
3019 3345 3176 3414 λόγον
3207 3345 3446 3417 σπουδὴν
3470 3341 3683 3398 ἐπαινεῖν
3706 3338 3795 3393 ὸδέ

2260 3441 2388 3512 περὶ
2412 3439 2519 3494 τῶν
2541 3439 2708 3494 ὄντων
2736 3437 2879 3492 οὕτω
2909 3437 3171 3508 διετέθης,
3201 3437 3279 3501 ὡς
3302 3438 3411 3511 ἄρα
3446 3436 3505 3501 ἐξ
3532 3430 3796 3503 ὑποκειμέ-

2258 3546 2354 3599 νης
2397 3528 2538 3592 τινὸς
2578 3527 2763 3591 ούσίας
2797 3526 2970 3580 ταῦτα
3017 3524 3451 3597 ἐδημιούργησεν
3495 3527 3524 3578 ὁ
3567 3521 3709 3585 Θεὸς,
3742 3519 3792 3572 οὐ

2260 3621 2396 3673 πάνυ
2434 3637 2487 3673 τι
2531 3619 2836 3690 μέμφομαι.
2892 3617 2979 3681 Ὠς
3009 3615 3224 3688 ἀληθῶς
3267 3617 3382 3689 γὰρ
3422 3618 3455 3688 ἡ
3490 3615 3596 3668 τῶν
3634 3610 3796 3666 κακῶν

2258 3709 2468 3777 γένεσις
2493 3710 2618 3772 τοὺς
2644 3707 2869 3772 πολλοὺς
2889 3707 3195 3777 διατεθῆναι
3232 3711 3401 3762 ποιεῖ.
3436 3707 3546 3761 Καὶ
3574 3705 3676 3775 γὰρ
3706 3701 3796 3774 πρὸ

2260 3800 2352 3855 σοῦ
2379 3816 2436 3854 τε
2468 3800 2559 3854 καὶ
2587 3800 2720 3872 ἐμοῦ
2754 3800 2936 3854 πολλοί
2960 3817 3103 3862 τινες
3125 3800 3315 3871 ἄνδρες
3346 3799 3517 3855 ἱκανοὶ
3549 3799 3670 3870 περὶ
3693 3793 3797 3848 τού-

2255 3911 2347 3948 του
2389 3895 2488 3966 τὴν
2524 3893 2784 3966 μεγίστην
2828 3893 3050 3965 ζήτησιν
3094 3893 3440 3964 ἐποιήσαντο.
3482 3893 3591 3946 Καὶ
3629 3892 3676 3945 οἱ
3713 3886 3797 3960 μὲν

2256 3988 2453 4056 ὁμοίως
2479 3985 2791 4057 διετέθησαν
2820 4003 2902 4039 σοι
2922 4003 2937 4018 ’
2966 3988 3013 4038 οι
3055 3984 3101 4038 δ’
3127 3980 3193 4039 αὖ
3226 3985 3392 4039 πάλιν
3417 3985 3509 4040 τὸν
3535 3984 3662 4038 Θεὸν
3694 3979 3798 4034 τού-

2254 4092 2362 4129 των
2400 4074 2725 4147 δημιουργὸν
2766 4074 3129 4146 ἀπεφήναντο,
3168 4073 3468 4147 σύγχρονον
3511 4072 3654 4143 αύτῷ
3682 4069 3798 4124 ὑπό-

2258 4183 2442 4220 στασιν
2486 4166 2663 4219 δοῦναι
2703 4165 3068 4237 πεφοϐημένοι
3088 4181 3101 4195 ·
3130 4167 3397 4230 κάκεῖνοι,
3438 4168 3503 4219 ἐκ
3532 4165 3623 4219 τοῦ
3654 4161 3801 4233 φοσηο

2256 4258 2411 4331 θῆναι
2443 4259 2549 4312 τῶν
2590 4259 2773 4313 κακῶν
2812 4257 3040 4330 ποιητὴν
3074 4260 3246 4313 εἰπεῖν
3283 4259 3375 4314 τὸν
3405 4259 3560 4323 Θεὸν,
3593 4258 3801 4327 σύγχρο-

2255 4365 2343 4404 νον
2371 4349 2518 4422 αὐτῷ
2543 4349 2723 4403 δοῦναι
2755 4348 2852 4420 τὴν
2887 4348 3018 4421 ὓλην
3040 4348 3241 4414 ἔδοξαν.
3268 4352 3382 4405 Καὶ
3419 4351 3614 4421 συνέϐη
3640 4350 3799 4415 ἀμφο-

2255 4440 2448 4513 τέροις,
2499 4443 2563 4495 ἐκ
2616 4439 2711 4494 τοῦ
2770 4440 2844 4513 μὴ
2899 4444 3020 4495 κατ’
3077 4443 3388 4513 ἐπιστήμην
3446 4441 3540 4495 τοῦ
3591 4435 3801 4511 ἀληθοῦς

2257 4532 2555 4605 φοϐηθῆναι
2583 4532 2674 4585 τὸν
2698 4531 2850 4595 Θεὸν,
2880 4532 2939 4586 τὸ
2969 4532 3044 4605 μὴ
3076 4532 3253 4596 καλῶς
3286 4535 3487 4587 εἰπεῖν,
3524 4533 3725 4602 Ἕτεροι
3754 4527 3802 4579 δὲ

585 4644 648 4684 ea
696 4645 757 4685 re
799 4631 1149 4701 quaestionem
1200 4630 1476 4685 vitandam
1533 4631 1837 4696 duxerunt,
1884 4633 2032 4687 velut
2084 4648 2149 4688 ea

2259 4623 2348 4694 τὴν
2367 4622 2538 4694 ἀρχὴν
2558 4623 2650 4676 κα).
2681 4623 2917 4694 περὶτοῦ
2939 4624 3178 4678 τοιούτου
3202 4624 3388 4694 ζητεῖν
3416 4626 3801 4698 παρῃτήσαντον

584 4735 693 4774 non
728 4715 951 4774 haberet
984 4721 1165 4777 linem.
1205 4720 1470 4777 Cmterum
1508 4738 1618 4777 non
1656 4723 1786 4778 sinit
1842 4724 2146 4780 communis

585 4811 839 4867 amicitiae
874 4813 1153 4878 debitum,
1188 4821 1247 4867 ut
1297 4812 1414 4885 ipse
1464 4816 1711 4879 amoliar,
1769 4815 1859 4869 ubi
1911 4815 2145 4871 maxime

583 4903 714 4973 quid
756 4902 851 4957 tibi
893 4905 963 4958 sit
1000 4904 1167 4959 animi
1223 4912 1281 4959 tu
1338 4905 1454 4977 ipse
1493 4907 1784 4961 annuntias
1819 4926 1832 4960 :
1865 4907 2009 4977 quod
2064 4908 2147 4961 ni-

581 4997 780 5051 mirum
850 4995 1072 5052 minime
1136 5003 1319 5054 teneat
1376 4999 1725 5071 praesumptio
1792 5000 2145 5072 (quanquam

653 5146 764 5216 (10)
796 5145 1110 5218 Quanquam
1134 5150 1363 5204 maxime
1392 5149 1771 5205 concedendum
1800 5152 1891 5217 sit,
1920 5160 2027 5209 etc.
2051 5152 2145 5208 Vi-

2250 4713 2325 4777 ὼς
2352 4715 2452 4767 ούκ
2483 4713 2696 4784 ἔχοντος
2730 4714 2883 4778 τέλος
2909 4715 3004 4769 τοῦ
3029 4715 3269 4770 τοιούτου
3308 4716 3638 4787 ζητήματος.
3686 4710 3801 4781 Ἐμὲ

2251 4809 2309 4862 δὲ
2336 4809 2403 4862 τά
2430 4808 2583 4862 κοινά
2608 4809 2707 4879 τῆς
2738 4809 2874 4879 πρὸς
2909 4809 2969 4861 σέ
2997 4808 3178 4879 φιλίας
3204 4806 3592 4880 παραιτεῖσθαι
3624 4806 3683 4858 τὸ
3719 4805 3802 4873 ζη-

2250 4900 2509 4971 τούμενον
2554 4900 2654 4952 οὐκ
2690 4900 2774 4971 ἐᾷ,
2827 4899 2921 4953 καὶ
2964 4898 3197 4970 μάλιστα
3234 4899 3322 4951 ὅτε
3368 4897 3470 4970 τὴν
3500 4896 3798 4968 προαίρεσιν

2250 4992 2609 5063 ἀπαγγέλλεις
2632 4994 2730 5065 τὴν
2763 4993 2889 5065 σήν·
2931 4992 3006 5056 ὡς
3052 4994 3113 5045 ού
3146 4991 3414 5063 προλήψει
3454 4989 3803 5063 κρατούμενος

2249 5151 2409 5215 sima,
2442 5149 2809 5222 signiﬁcanda:
2834 5148 2909 5202 illi
2944 5149 2999 5203 in
3031 5165 3202 5222 genus
3232 5148 3534 5203 humanum
3563 5147 3705 5222 velut
3731 5143 3805 5222 in-

583 5213 753 5292 detur
780 5213 1186 5292 littera'_minus
1217 5234 1348 5274 sana
1377 5240 1389 5275 :
1426 5221 1534 5276 nisi
1565 5223 1636 5277 sit
1674 5224 1815 5277 ratio
1848 5213 2139 5292 peculiaris
2244 5213 2794 5292 vecti0nii'mal0rum,
2830 5236 2896 5274 ex
2922 5213 3243 5292 contagione
3276 5222 3537 5292 materiae.
3563 5213 3804 5292 Themi-

576 5287 767 5341 'elausa
792 5287 1121 5363 parenthesi,
1150 5304 1181 5343 a
1204 5305 1310 5359 qua
1337 5292 1519 5363 statim
1554 5292 1735 5347 redeat
1763 5294 1828 5347 ad
1851 5287 2136 5363 probatio-

582 5426 693 5481 Deo
721 5436 779 5505 ut
813 5428 1048 5505 auctori;
1071 5430 1165 5505 qui
1196 5431 1310 5499 ipse
1337 5442 1527 5505 auctor
1551 5434 1838 5505 exsistens,
1872 5450 1979 5488 non
2010 5450 2134 5505 agm

581 5505 665 5551 ret
707 5499 773 5575 ad
822 5498 1101 5575 malorum
1135 5498 1579 5575 destructionem.
1604 5502 1860 5575 >V0luerit
1892 5498 2140 5575 ergofad

583 5589 685 5621 ann
716 5568 1076 5634 incommoda,
1113 5586 1287 5640 neque
1317 5572 1418 5626 hoc
1456 5573 1635 5635 vitari,
1690 5583 1748 5627 ut
1792 5591 1861 5628 ne
1888 5568 2141 5630 dicantur

582 5647 723 5695 mala
752 5655 832 5710 ex
860 5640 1050 5710 nihilo,
1092 5644 1137 5695 si
1173 5642 1392 5710 quidem
1423 5641 1564 5698 Deus
1597 5652 1677 5698 est
1706 5659 1893 5699 eorum
1929 5655 2136 5699 auctor.

653 5712 762 5782 (Il)
804 5709 1050 5778 Inﬂuere.
1094 5709 1387 5784 Ἐπιρρεῐν.
1421 5712 1512 5768 Sic
1543 5712 1807 5771 Pbotius:
1839 5730 1941 5771 vox
1970 5717 2139 5786 aptis-

2244 5308 2379 5363 ρειν,
2408 5291 2621 5346 videtur
2648 5292 3002 5346 mendosum:
3028 5291 3135 5346 nisi
3164 5290 3271 5356 sit,
3290 5290 3447 5358 oriri,
3474 5289 3675 5351 enasci,
3700 5299 3803 5338 sur-

583 5371 704 5434 nem
728 5357 1020 5434 praemissae
1049 5357 1382 5434 illius,un
1408 5362 1546 5415 mala
1567 5377 1679 5418 non
1712 5357 1941 5419 debeant
1967 5363 2135 5418 tribui
2240 5357 2375 5434 gere.

2313 5432 2425 5502 (12)
2460 5432 2670 5500 Διόπερ
2701 5430 2789 5486 ἔδ.
2820 5429 2961 5502 flare
2996 5430 3165 5488 habes
3212 5429 3356 5501 apud
3400 5427 3655 5485 Photium
3684 5421 3798 5480 cod.

2245 5500 2627 5578 ccxxxvthub
2658 5502 2776 5578 init.
2806 5500 2974 5578 QAEL.
3247 5500 3280 5578 θ’
3482 5566 3543 5578 .__
3606 5566 3640 5578 Α

2318 5574 2430 5641 (l5)
2466 5573 2539 5627 Τὰ
2576 5570 2761 5653 κακᾷ,
2805 5571 2920 5625 iluc
2960 5585 3148 5653 usque
3193 5569 3438 5653 primum
3481 5566 3798 5653 Photianufm

2246 5638 2583 5713 excerptum.
2625 5643 2714 5698 ubi
2748 5649 2933 5696 tamen
2958 5638 3280 5713 i_ta~ell‘ertur
3306 5640 3394 5693 hic
3424 5640 3621 5695 locus:
3653 5638 3710 5703 ἐξ
3730 5638 3798 5687 ὼν

2243 5717 2388 5769 comi
2410 5710 2502 5784 μοι
2536 5713 2629 5768 νῦν
2657 5713 2902 5803 ἐπιρρεῖν
2927 5710 2997 5765 τὰ
3021 5711 3186 5766 κακά.
3216 5710 3291 5765 lu.
