4010 6328
242 361 344 419 149

1405 352 1530 410 LIB.
1569 353 1657 409 DE
1695 350 1942 410 LIBERO
1979 348 2328 407 ARBITRlO.

3367 347 3476 402 ‘250

239 473 317 548 (εἰ
348 482 440 534 καὶ
471 479 538 532 τὰ
564 481 800 550 μάλιστα
832 483 972 538 οὕτω
1010 501 1125 548 πως
1154 485 1214 548 ὲξ
1243 478 1318 537 ὧν
1343 485 1666 553 ὕπενόησας,
1694 481 1793 534 ἐδο-

1906 477 2173 540 maxime,
2235 491 2302 530 ex
2366 473 2436 530 iis
2489 487 2610 543 qua:
2658 468 3058 534 considerasti,
3110 467 3183 523 ita
3234 481 3325 522 res
3379 466 3477 520 ha-

238 573 332 639 ξας
359 571 500 641 ἔχειν
533 571 604 624 τὰ
631 571 961 647 πράγματα)
981 613 997 639 ,
1032 573 1144 626 ἀλλ’
1180 574 1238 626 ὲν
1284 571 1546 642 ἐπιθυμίᾳ
1574 569 1672 640 τῆς
1710 567 1802 622 τοῦ

235 665 472 735 ἀληθοῦς
513 663 766 732 γνώσεως
807 666 1133 720 καθεστάναι
1173 666 1370 735 λέγεις.
1403 664 1563 718 Ὅθεν
1605 661 1806 734 προθύ-

237 775 356 826 μως
389 755 546 824 κάγὼ
573 757 666 809 ἐπὶ
688 757 781 810 τὸν
811 759 909 828 τῆς
945 758 1222 830 ζητήσεως
1245 757 1593 828 τραπήσομαι
1624 753 1800 822 λόγον.

232 848 511 917 Βούλομαι
539 849 598 901 δὲ
625 849 720 901 καὶ
751 852 960 903 τουτονὶ
996 851 1086 904 τὸν
1116 851 1328 921 ἑταῖρον
1355 847 1628 919 ἀκροατὴν
1655 844 1806 914 γενέ-

231 942 360 994 σθαι
392 941 500 995 τῶν
529 941 810 1012 ἡμετέρων
842 942 1031 1010 λόγων.
1067 943 1174 995 Καὶ
1205 941 1313 1012 γάρ
1341 940 1487 993 δοκεῖ
1515 955 1631 1001 πως
1666 936 1806 990 κατά

229 1050 283 1084 τι
315 1033 449 1103 περὶ
494 1032 699 1084 τούτων
729 1033 928 1102 ὁμοίως
969 1049 1049 1085 σοι
1078 1030 1318 1096 δοξάζειν
1362 1031 1456 1085 καὶ
1495 1029 1688 1092 αὐτός·
1723 1027 1806 1081 διὸ

234 1123 412 1176 κοινὸν
443 1123 581 1193 πρὸς
623 1122 964 1192 ἀμφοτέρους
1001 1122 1090 1174 τὸν
1128 1122 1283 1190 λόγον
1325 1120 1592 1175 ποιεῖσθαι
1625 1119 1806 1189 βούλο-

240 1230 355 1282 μαι.
385 1213 456 1264 Ἀ
486 1211 596 1283 γάρ
621 1211 686 1265 ἂν
709 1211 915 1282 εἴποιμι
940 1212 1075 1284 πρὸς
1103 1213 1160 1264 σὲ
1184 1211 1356 1275 οὕτως
1394 1211 1583 1282 ἔχοντα
1601 1251 1614 1275 ,
1635 1209 1805 1262 ταῦτα

233 1301 328 1352 καὶ
361 1301 502 1371 πρὸς
530 1299 717 1352 τοῦτον
758 1301 958 1370 ὁμοίως
984 1301 1138 1367 λέξω.
1169 1301 1238 1354 Ei'
1266 1319 1348 1355 σοι
1392 1301 1566 1355 τοίνυν
1592 1301 1804 1372 ἀληθῶς

233 1393 363 1461 περὶ
387 1390 482 1444 τοῦ
515 1392 821 1461 κρείττονος
850 1392 1028 1460 λέγειν
1066 1392 1418 1464 εὐγνωμόνως
1462 1392 1623 1458 δοκῶ,
1667 1393 1803 1464 πρὸς
1834 1431 1838 1438 ς

232 1482 459 1536 ἕκαστον
493 1484 786 1555 ἀπόκριναι
816 1476 891 1536 ὧν
922 1483 1107 1553 ἐρωτῶ
1126 1501 1139 1513 ⁸
1175 1486 1238 1537 ἐκ
1260 1484 1370 1556 γὰρ
1401 1484 1604 1537 τούτων
1637 1486 1804 1556 γενή-

236 1591 382 1627 σεται
421 1577 520 1629 καὶ
556 1575 615 1627 σὲ
645 1575 742 1645 μὲν
769 1575 829 1628 τὸ
858 1576 1052 1646 ἀληθὲς
1092 1576 1402 1647 μανθάνειν,
1441 1578 1586 1649 κάμὲ
1634 1578 1691 1632 δὲ
1728 1577 1802 1649 μὴ

240 1669 410 1738 μάτην
441 1670 571 1732 τοὺς
603 1668 791 1736 λόγους
829 1669 1095 1723 ποιεῖσθαι
1135 1670 1270 1741 πρὸς
1301 1670 1380 1724 σέ.

301 1761 507 1817 ΟΥΑΛ.
551 1762 736 1827 Ταῦθ’,
761 1763 902 1834 άπερ
930 1759 1107 1827 εἴπας,
1134 1763 1390 1835 πράττειν
1417 1763 1645 1834 ἑτοίμως
1674 1763 1800 1835 ἔχω.

1909 567 2036 623 bere
2070 567 2242 622 visum
2278 565 2422 634 sit),
2458 563 2551 619 sed
2584 560 2825 618 scientia:
2860 561 2975 615 veri
3013 558 3344 615 desiderium
3381 557 3478 614 ha-

1908 661 2052 715 beat.
2084 660 2262 726 Quare
2287 659 2449 712 etiam
2503 670 2602 725 ego
2653 655 2828 710 libens
2875 653 3180 723 alacrisque
3233 652 3300 706 ad
3331 667 3472 723 qua:-

1910 750 2138 805 stionem
2172 747 2448 803 accedam.
2478 743 2661 799 Placet
2716 759 2866 810 vero,
2921 752 2979 798 ut
3037 753 3091 798 et
3129 743 3216 797 hic
3267 745 3478 800 amicus

1909 850 2174 912 susceptae
2206 835 2844 908 disputationismuditor
2903 835 3017 890 ﬁat.
3058 835 3191 890 Nam
3237 842 3290 890 et
3339 836 3475 906 ipse,

1908 933 2096 988 eadem
2145 930 2538 1000 quadamtenus
2567 927 2664 981 tibi
2696 927 2909 982 videtur
2955 927 3210 996 opinione
3253 946 3266 981 :
3310 943 3481 997 quare

1908 1025 2032 1080 volo
2093 1022 2367 1079 communi
2435 1036 2557 1074 cum
2613 1027 2844 1088 utroque
2905 1020 3147 1075 oratione
3208 1019 3476 1074 conferre.

1909 1113 2040 1180 ρυω
2093 1113 2238 1168 enim
2299 1112 2396 1167 tibi
2453 1113 2534 1168 sic
2602 1111 2794 1165 alIecto
2851 1110 3121 1173 dixerim,
3182 1111 3367 1164 eadem
3427 1119 3480 1165 et

1909 1206 1988 1261 illi
2024 1205 2273 1261 similiter
2309 1205 2518 1260 dixero.
2562 1202 2619 1257 Si
2659 1205 2825 1275 igitur
2880 1219 3007 1258 vere
3055 1203 3150 1257 tibi
3192 1203 3379 1256 videor
3416 1218 3480 1254 ac

1910 1297 2121 1353 sincere
2159 1280 2302 1366 quod
2339 1306 2423 1351 est
2461 1296 2654 1350 melius
2693 1296 2902 1362 dicere,
2955 1293 3221 1364 responde
3259 1293 3325 1347 ad
3367 1295 3481 1348 sin-

1909 1389 2033 1459 gula
2085 1405 2206 1458 qua:
2233 1396 2522 1458 percontor
2556 1403 2569 1438 :
2616 1387 2697 1441 sic
2724 1387 2868 1441 enim
2915 1387 3037 1450 ﬁet,
3069 1395 3127 1439 ut
3149 1392 3203 1440 et
3236 1385 3352 1454 ipse
3384 1386 3481 1439 ad-

1909 1475 2090 1530 discas
2119 1491 2326 1540 verum,
2386 1490 2488 1530 nec
2519 1490 2618 1546 ego
2649 1475 2854 1531 frustra
2899 1475 3175 1531 disserens
3210 1474 3479 1528 insumam

1874 1569 1880 1573 ’
1909 1581 2211 1624 sermones.

1980 1751 2135 1808 VAL.
2168 1750 2482 1823 Promptum
2517 1753 2646 1807 mihi
2688 1759 2810 1818 est,
2837 1760 2898 1808 ut
2923 1769 3043 1825 qua:
3071 1753 3212 1809 dicis
3247 1753 3470 1808 faciam.

234 1853 339 1906 Καὶ
366 1852 456 1904 διὰ
483 1851 646 1905 τοῦτο
673 1851 814 1922 μετά
839 1852 1017 1923 πάσης
1055 1851 1358 1922 προθυμίας
1384 1851 1566 1905 ἐκεῖνα
1603 1851 1793 1904 πυνθά-

1904 1845 2084 1913 Quare
2139 1847 2286 1902 omni
2339 1847 2618 1902 alacritate
2674 1863 2736 1901 ea
2785 1859 3143 1918 percontare,
3176 1864 3241 1903 ex
3277 1849 3477 1918 quibus

233 1959 336 2003 νου,
366 1941 428 2005 ἐξ
461 1935 651 2014 ὧνπερ
680 1942 917 2013 νομίζεις
946 1941 1202 1996 δύνασθαί
1252 1958 1317 2012 με
1367 1941 1464 2012 τὴν
1498 1942 1801 2013 ἐπιστήμην

234 2034 318 2088 τοῦ
343 2035 658 2106 κρείττονος
690 2034 899 2105 μαθεῖν.
929 2036 1004 2088 Οὐ
1035 2035 1141 2106 γάρ
1172 2051 1261 2105 μοι
1305 2033 1368 2087 τὸ
1408 2035 1624 2104 νικῆσαι
1671 2033 1802 2105 πρό-

233 2143 396 2179 κειται
445 2126 658 2191 κακῶς,
706 2126 839 2180 ἀλλὰ
871 2126 930 2180 τὸ
961 2126 1154 2198 ἀληθὲς
1189 2126 1634 2198 ὲκμαθεῖν.”Ὀθεν
1677 2126 1798 2197 ἔχου

229 2218 283 2271 τὸ
305 2219 496 2273 λοιπὸν
521 2218 620 2271 τοῦ
659 2219 840 2288 λόγου.

293 2309 533 2362 ΟΡΘΟΔ.
585 2311 707 2361 Ὀτι
772 2310 870 2380 μὲν
925 2303 1017 2362 οὗν
1074 2308 1181 2380 (14)
1233 2309 1495 2381 ὑπάρχειν
1542 2310 1798 2366 ἀδύνατον

226 2399 458 2468 ἀγένητα
486 2399 584 2452 δύο
608 2400 747 2470 ἅμα,
779 2401 901 2454 οὕδέ
930 2417 987 2453 σε
1017 2402 1227 2470 ἀγνοεῖν
1253 2403 1476 2472 νομίζω,
1511 2405 1558 2456 εξ
1605 2405 1697 2456 καὶ
1730 2403 1797 2457 τὰ

228 2491 456 2560 μάλιστα
479 2492 664 2555 δοκεῖς
688 2493 974 2564 προλαϐὼν
1001 2493 1156 2547 τοῦτο
1181 2494 1586 2566 προτεθεικέναι
1617 2495 1692 2565 τῷ
1713 2495 1798 2548 λόα

224 2582 421 2653 γῷ.Ὠς
453 2584 679 2648 πάντως
721 2585 778 2650 ἐξ
807 2585 1051 2655 ἀνάγκης
1095 2586 1156 2638 τὸ
1193 2585 1380 2658 ἕτερον
1408 2587 1488 2641 δεῖ
1515 2587 1713 2656 λέγειν,
1759 2589 1792 2661 ἢ

222 2675 294 2729 ὃτι
321 2675 666 2746 κεχώρισται
694 2676 793 2745 τῆς
821 2676 954 2745 ὕλης
978 2679 1006 2729 ὁ
1024 2677 1174 2740 Θεὸς,
1202 2676 1234 2746 ἢ
1257 2674 1322 2731 αὖ
1358 2677 1538 2746 πάλιν,
1555 2680 1635 2732 ὅτι
1661 2679 1798 2749 ἁμέ-

225 2784 393 2838 ριστος
449 2769 629 2838 αὐτῆς
675 2767 950 2837 τυγχάνει.
981 2769 1042 2820 Εἰ
1082 2770 1177 2839 μὲν
1210 2766 1300 2822 οὖν
1329 2770 1566 2841 ἡνῶσθαι
1609 2788 1692 2834 τις
1721 2773 1796 2824 εξ-

222 2863 334 2912 πείν
354 2861 499 2913 αὐτὰ
524 2860 727 2923 ἐθέλοι,
753 2860 810 2912 ἒν
830 2860 891 2912 τὸ
920 2862 1182 2931 ἀγένητον
1209 2860 1353 2927 λέξει
1370 2879 1383 2892 ·
1417 2863 1662 2933 (ἕκαστον
1687 2863 1794 2936 γὰρ

219 2952 418 3004 τούτων
460 2953 630 3023 μέρος
664 2952 814 3004 ἔσται
847 2951 940 3005 τοῦ
971 2952 1259 3025 πλησίων)
1290 2953 1530 3025 ἀλλήλων
1561 2956 1619 3008 δὲ
1650 2956 1792 3027 μέρη

221 3045 577 3114 τυγχάνοντα,
610 3045 712 3097 οὐκ
759 3044 907 3097 ἐσται
951 3044 1186 3114 ἀγένητα
1231 3044 1342 3108 δύο,
1371 3045 1482 3098 ἀλλ’
1512 3047 1568 3100 ἓν
1594 3049 1658 3100 ὲκ
1679 3047 1794 3101 δια-

223 3136 404 3205 φόρων
437 3136 712 3197 συνεστός.
742 3135 874 3188 Οὐδὲ
901 3135 1008 3207 γὰρ
1038 3137 1128 3189 τὸν
1160 3136 1438 3206 ἄνθρωπον
1469 3137 1656 3209 ἔχοντα
1677 3139 1791 3193 διά-

1907 1939 2193 1994 arbitraris
2223 1954 2381 2009 posse
2405 1955 2490 1994 me
2514 1939 2725 1994 discere
2756 1939 2900 2008 quod
2934 1948 3017 1996 est
3047 1941 3262 1996 melius.
3291 1940 3477 2011 Neque

1906 2030 2050 2085 enim
2091 2031 2426 2100 propositum
2481 2031 2655 2084 habeo
2697 2038 2758 2084 ut
2817 2031 2956 2086 male
3001 2033 3238 2095 vincam,
3287 2032 3381 2087 sed
3419 2041 3476 2087 ut

1905 2138 2092 2178 verum
2129 2123 2380 2179 edocear.
2410 2122 2530 2177 Jam
2562 2124 2746 2194 itaque
2774 2138 3082 2179 sermonem
3117 2140 3469 2195 prosequere.

1973 2323 2184 2381 ORTH.
2217 2323 2357 2381 Sane
2387 2325 2572 2397 igitur,
2604 2328 2748 2397 quod
2799 2329 2949 2383 nullo
2996 2329 3156 2385 modo
3197 2331 3311 2403 (15)
3357 2331 3472 2388 ﬁeri

1905 2419 2099 2486 possit,
2132 2425 2190 2471 ut
2224 2419 2332 2472 sint
2383 2417 2493 2471 duo
2550 2419 2714 2473 simul
2755 2421 3016 2485 increata,
3046 2437 3145 2477 nec
3173 2429 3225 2476 te
3255 2422 3473 2492 quidem

1905 2508 2152 2578 ignorare
2180 2518 2331 2578 puto,
2371 2524 2683 2578 quanquam
2725 2509 2778 2564 id
2832 2511 3066 2566 maxime
3093 2512 3331 2568 videaris
3360 2530 3473 2569 ser-

1902 2616 2062 2653 mone
2095 2600 2205 2668 jam
2235 2600 2418 2656 habito
2443 2603 2724 2658 statuisse.
2753 2601 2919 2659 Plane
2942 2603 3208 2673 siquidem
3243 2608 3472 2660 duorum

1902 2691 2127 2745 alterum
2168 2705 2452 2746 necessum
2479 2692 2644 2748 fuerit
2671 2691 2882 2760 dicere;
2919 2695 2999 2749 vel
3025 2694 3168 2764 quod
3202 2693 3345 2752 Deus
3380 2712 3470 2751 se-

1899 2791 2122 2852 paratus
2142 2784 2208 2840 sit
2240 2799 2270 2836 a
2299 2785 2547 2848 materia,
2578 2786 2664 2839 vel
2696 2791 2887 2839 contra
2918 2787 3063 2854 quod
3092 2787 3357 2842 indivisus
3387 2788 3465 2842 illi

1900 2874 2188 2930 cohaereat.
2245 2873 2303 2928 Si
2343 2876 2466 2945 quis
2520 2876 2686 2945 igitur
2712 2877 2860 2931 unita
2893 2879 3022 2932 velit
3069 2879 3268 2943 dicere,
3303 2894 3471 2934 unum

1900 2963 2201 3019 increatum
2251 2965 2469 3020 dixerit.
2530 2965 2666 3037 (Erit
2725 2968 2993 3037 siquidem
3044 2970 3470 3039 unumquodque

1897 3053 2092 3109 horum
2121 3057 2407 3126 propinqui
2439 3058 2924 3130 pars(16).)Porro
2950 3076 3070 3130 qua:
3092 3068 3219 3114 sunt
3237 3060 3468 3114 invicem

1899 3155 2102 3217 partes,
2134 3163 2244 3203 non
2275 3149 2384 3203 duo
2420 3150 2684 3212 increata,
2715 3152 2810 3206 sed
2841 3168 3008 3206 unum
3031 3152 3261 3206 diversis
3287 3151 3469 3205 consi-

223 3245 364 3298 ςορα
394 3228 529 3300 μέλη
565 3229 1106 3300 κατακερματίζομεν
1134 3229 1400 3292 εἰςπολλά
1422 3232 1640 3301 γενητά.
1660 3231 1793 3284 Ἀλλ’

1900 3246 2072 3304 stens,
2099 3239 2402 3295 increatum
2426 3248 2607 3296 erunt.
2640 3239 2774 3294 Nam
2806 3257 2981 3311 neque
3011 3241 3304 3305 hominem,
3335 3241 3469 3294 mul-

221 3323 273 3394 ἦ,
302 3323 375 3387 ὡς
411 3327 440 3376 ὁ
466 3323 627 3391 λόγος
659 3325 898 3390 ἀπαιτεῖ,
929 3326 1063 3392 ἕν,τι
1091 3327 1332 3396 γενητὸν,
1363 3327 1454 3380 τὸν
1492 3327 1793 3398 ἄνθρωπον,

222 3413 554 3484 πολυμερὲς,
602 3413 738 3484 πρὸς
769 3413 862 3467 τοῦ
904 3414 1036 3468 Θεοῦ
1077 3416 1353 3484 γεγονέναι
1381 3417 1577 3487 φαμέν.
1612 3415 1796 3479 Οὕτως

222 3504 455 3573 ἀνάγκη.
485 3505 536 3556 εί
578 3505 676 3574 μὲν
718 3505 790 3575 μὴ
835 3504 1161 3577 κεχώρισται
1193 3506 1292 3576 τῆς
1325 3505 1455 3577 ὕλης
1491 3508 1520 3558 ὁ
1553 3506 1701 3570 Θεὸς,
1736 3506 1794 3559 ἓν

223 3594 278 3647 τὸ
300 3595 576 3664 ἀγένητον
608 3590 744 3648 εἶναι
771 3595 944 3664 λέγειν
964 3613 977 3625 ·
1005 3597 1129 3649 εἰδὲ
1154 3597 1482 3667 κεχωρίσθαι
1502 3599 1661 3668 φήσει
1687 3614 1790 3661 τις,

230 3685 434 3755 ἀνάγκη
470 3683 616 3739 εἷναί
660 3703 711 3738 τι
763 3687 824 3739 τὸ
853 3687 1121 3758 ἀναμέσον
1148 3687 1491 3758 ἀμφοτέρων,
1524 3685 1660 3758 ὅπερ
1699 3690 1793 3740 καὶ

228 3777 308 3830 τὸν
337 3779 622 3849 χωρισμὸν
654 3777 829 3832 αὐτῶν
859 3779 1144 3835 δείκνυσιν.
1164 3780 1443 3832 Ἀδύνατον
1465 3779 1572 3852 γὰρ
1601 3783 1658 3834 ὲν
1679 3781 1792 3834 δια-

234 3871 407 3924 στάσει
437 3870 725 3935 έξετάσθαι
746 3889 798 3924 τι
821 3869 927 3925 ἀπό
951 3889 1112 3937 τινος,
1141 3873 1240 3926 οὐκ
1267 3873 1415 3936 ὸντος
1439 3873 1644 3946 ἑτέρου,
1668 3874 1788 3928 καθ’

233 3959 313 4031 δή
342 3963 626 4026 διάστασις
660 3963 915 4036 ἐκατέρου
952 3965 1360 4039 γίνεται.“οπερ
1386 3969 1444 4021 οὐ
1485 3970 1642 4040 μέχρι
1670 3969 1790 4022 τού-

235 4068 316 4104 του
339 4055 556 4106 ἵσταται
584 4056 678 4107 καὶ
714 4055 896 4124 μόνου,
925 4056 1057 4110 ἀλλὰ
1088 4060 1182 4112 καὶ
1227 4059 1491 4113 πλείστων
1523 4062 1679 4114 ὅσων.
1693 4065 1790 4116 Ὃν

237 4145 331 4215 γὰρ
359 4146 452 4197 ἐπὶ
480 4145 590 4199 τῶν
621 4146 713 4200 δύο
743 4149 1016 4219 ἀγενήτων
1054 4150 1285 4222 εἴπαμεν
1310 4153 1482 4221 λόγον,
1514 4154 1699 4208 τοῦτον
1731 4153 1791 4219 ἐξ

240 4236 466 4306 ἀνάγκης
514 4238 716 4308 ὁμοίως
767 4244 1087 4312 προχωρεῖν,
1122 4243 1169 4294 εξ
1203 4244 1274 4296 τὰ
1327 4245 1561 4315 ἀγένητα
1609 4246 1784 4319 δοθείη

239 4329 366 4398 τρία.
406 4331 515 4382 Καὶ
543 4330 650 4401 γάρ
678 4331 805 4402 περὶ
835 4333 1036 4387 τούτων
1060 4337 1284 4417 ἐροίμῃν
1330 4336 1416 4402 ἂν,
1465 4339 1512 4390 εἰ
1560 4338 1788 4408 κεχώριο

239 4435 346 4472 σται
395 4422 487 4473 ἀπ’
517 4422 840 4495 άλλήλων,ῆ
882 4420 947 4479 αὖ
999 4426 1160 4478 πάλιν
1191 4429 1416 4481 ἕκαστον
1461 4429 1662 4499 ἥνωται
1711 4429 1787 4500 τῷ

1898 3329 1968 3382 tis
1989 3337 2328 3384 constantem
2362 3330 2642 3396 membris,
2664 3331 2956 3384 dividimus
2988 3331 3043 3384 in
3065 3331 3231 3384 multa
3261 3338 3464 3387 creata.

1896 3417 2058 3483 Quin,
2096 3420 2170 3472 ita
2204 3419 2451 3490 exigente
2494 3421 2703 3474 ratione
2728 3461 2742 3482 ,
2788 3420 3082 3496 hominem,
3130 3436 3297 3473 unum
3335 3420 3467 3490 quid

1895 3515 2134 3563 creatum
2191 3509 2448 3574 dicimus,
2487 3510 2780 3564 multarum
2842 3514 3098 3581 partium,
3135 3528 3165 3566 a
3223 3511 3334 3566 Deo
3387 3512 3466 3566 fa-

1893 3607 2061 3652 ctum.
2098 3599 2278 3670 Atque
2309 3601 2443 3654 adeo
2466 3615 2688 3654 necesse
2720 3609 2823 3664 est,
2849 3609 2906 3655 ut
2945 3601 3051 3656 nisi
3079 3601 3221 3656 Deus
3243 3617 3466 3670 separa-

1892 3702 1982 3748 tus
2009 3694 2080 3748 sit
2131 3709 2161 3747 a
2207 3694 2459 3759 materia,
2494 3709 2665 3748 unum
2717 3695 3019 3750 increatum
3051 3710 3172 3751 esse
3227 3695 3461 3752 dicatur.

1895 3780 1993 3834 Sin
2027 3797 2158 3836 vero
2191 3782 2364 3838 divisa
2397 3791 2450 3839 et
2475 3794 2726 3854 separata
2753 3785 2950 3856 aliquis
2981 3785 3202 3850 dixerit,
3235 3803 3463 3843 necesse

1891 3879 1976 3927 est
2000 3873 2336 3928 intercedere
2385 3876 2604 3946 aliquod
2635 3877 2892 3941 medium,
2921 3879 3062 3946 quod
3098 3887 3344 3948 separata
3370 3898 3465 3935 ex-

1892 3963 2095 4019 hibeat.
2129 3964 2326 4036 Nequit
2347 3969 2489 4021 enim
2524 3968 2638 4023 ﬁeri
2687 3977 2748 4022 ut
2791 3970 2994 4039 aliquid
3051 3971 3120 4025 ab
3167 3972 3350 4041 aliquo
3378 3973 3464 4026 di-

1891 4058 2040 4105 stans
2070 4054 2467 4117 consideretur,
2511 4056 2615 4111 nisi
2667 4057 2964 4112 exsisteute
2996 4059 3101 4114 alio
3160 4062 3460 4116 secundum

1890 4145 2035 4212 quod
2068 4144 2157 4198 ﬁat
2200 4145 2561 4202 diseretorum
2594 4149 2879 4205 distantia.
2918 4149 3103 4218 Neque
3155 4154 3206 4207 id
3263 4155 3318 4209 in
3354 4172 3463 4209 uno

1891 4235 1992 4290 hoc
2025 4236 2250 4306 soloque
2271 4239 2437 4304 sistit,
2456 4241 2548 4296 sed
2577 4242 2888 4296 extenditur
2917 4243 2981 4296 ad
3002 4244 3282 4302 innumera
3313 4247 3462 4316 ejus-

1887 4327 2055 4396 modi.
2092 4326 2266 4393 Quam
2309 4332 2454 4384 enim
2506 4333 2560 4384 in
2618 4332 2835 4388 duobus
2889 4333 3146 4389 increatis
3194 4339 3455 4392 rationem

1886 4417 2146 4482 diximus,
2187 4421 2438 4476 similiter
2473 4431 2685 4492 oportet
2725 4426 3036 4494 procedere,
3062 4428 3106 4479 si
3130 4443 3456 4486 concessum

237 4512 466 4581 πλησίον.
499 4515 563 4566 Εἰ
617 4517 714 4584 μὲν
764 4516 868 4587 γὰρ
919 4517 1157 4587 ἡνῶσθαί
1189 4537 1270 4582 τις
1299 4521 1470 4573 εἰπεῖν
1504 4521 1666 4586 θέλοι,
1693 4522 1784 4575 τὸν

1895 4506 2048 4562 l'uerit
2083 4509 2171 4563 illa
2201 4526 2322 4567 esse
2343 4513 2466 4566 tria.
2487 4512 2620 4566 Nam
2650 4524 2701 4569 et
2727 4516 2793 4569 de
2827 4515 2935 4570 illis
2957 4517 3282 4584 quaesierim,
3316 4520 3458 4574 sint-

236 4603 379 4656 σῦτὸν
409 4605 720 4676 ἀκούσειτῷ
751 4608 950 4679 πρώτῳ
980 4610 1165 4678 λόγον’
1194 4614 1241 4664 εἰ
1273 4612 1316 4664 δ’
1347 4613 1413 4665 αὐ
1440 4612 1598 4666 πάλιν
1621 4631 1786 4684 κεχω-

1895 4614 1954 4654 ne
1975 4601 2042 4653 ab
2072 4601 2300 4656 invicem
2337 4611 2608 4672 separata,
2637 4606 2723 4660 vel
2765 4608 3189 4677 unumquodque
3233 4611 3456 4680 propin-

237 4693 422 4762 ρίσθαι,
459 4698 519 4749 οὑ
559 4698 808 4766 φεύξεται
843 4701 939 4772 τὴν
972 4702 1030 4766 ἐξ
1062 4703 1305 4774 ἀνάγκης
1340 4705 1431 4756 τοῦ
1463 4704 1785 4776 χωρίζοντος

231 4787 645 4843 ἀπόστασιν.“Δν
669 4792 714 4844 δ’
747 4793 852 4862 ἄρα
875 4811 956 4858 τις
988 4796 1079 4848 καὶ
1096 4797 1276 4866 τρίτον
1296 4792 1433 4849 εἶναι
1463 4797 1603 4862 λέξοι
1629 4797 1783 4866 λόγον

229 4878 526 4948 ἁρμόζοντα
561 4885 686 4952 περὶ
725 4884 832 4936 τῶν
864 4887 1136 4958 ἀγενήτων
1165 4887 1429 4958 λελέχθαι,
1457 4890 1698 4943 τουτέστι
1722 4890 1782 4942 τὸ

229 4970 355 5039 μήτε
400 4974 730 5045 κεχωρίσθαι
776 4976 863 5029 τὸν
904 4977 1035 5031 Θεὸν
1063 4979 1162 5050 τῆς
1189 4979 1339 5052 ὕλης,
1379 4985 1502 5055 μήτ’
1523 4979 1588 5037 αὖ
1623 4983 1781 5037 πάλιν

289 5106 398 5184 (Hi
443 5108 560 5184 Ὀτι
760 5105 892 5165 οὖν.
923 5111 1059 5184 Haec
1093 5112 1241 5184 item
1295 5125 1589 5169 occurrunt
1637 5116 1777 5184 apud

220 5174 465 5254 Phatium
515 5179 550 5231 l.
585 5174 659 5254 c._,
693 5179 759 5234 iis
807 5182 989 5234 statim
1023 5182 1290 5252 subjecta,
1337 5201 1565 5254 quorum
1620 5174 1778 5240 modo

219 5248 582 5303 meminimus.
619 5249 786 5304 (λιιι.

281 5316 575 5402 (1'52'Sane
607 5321 785 5402 igitur,
809 5321 959 5402 quod
988 5322 1482 5402 nul_10_mo_d_o,_etc.
1502 5326 1645 5402 _"O1:t
1679 5328 1777 5402 μέν

215 5381 301 5459 οὖν
329 5381 850 5459 ἀδύνατον.’1η(ξὶρίἰ
899 5392 988 5446 hic
1037 5392 1290 5448 Metlmdii
1333 5381 1587 5448 doctrina
1616 5439 1630 5458 ,
1679 5381 1774 5450 ubi

217 5455 389 5533 Photii
444 5460 527 5533 vel
582 5455 851 5529 interpres
899 5463 985 5516 vel
1031 5464 1287 5518 librarius
1325 5482 1336 5515 :
1377 5465 1528 5530 Quod
1579 5455 1626 5519 si
1659 5468 1775 5533 ﬁeri

214 5528 354 5581 nullo
399 5528 778 5604 modoipossit,
811 5539 942 5597 etc.,
979 5534 1330 5589 conditionali
1371 5528 1576 5604 adjecta
1602 5528 1772 5590 totum

214 5603 784 5673 sensii_m_perirnente.

279 5669 410 5745 (lti)_
428 5669 551 5745 Erit
584 5671 839 5745 siquidem
862 5673 1259 5745 unumquodque
1289 5674 1469 5728 horum
1499 5678 1774 5745 propinqui

212 5751 346 5811 pars.
393 5740 572 5811 Μέρος
603 5741 696 5792 τοῦ
724 5741 965 5811 πλησίον.
1010 5740 1134 5796 Sola
1166 5740 1308 5799 enim
1339 5747 1403 5798 ad
1436 5747 1533 5800 hoc
1561 5740 1774 5800 videtur

218 5809 455 5865 sullicere
483 5809 679 5872 Ζνωσις
729 5821 783 5865 et
821 5809 1183 5871 'continuitas.
1219 5816 1504 5889 .luterprcs
1543 5817 1716 5872 Photii
1755 5837 1766 5873 :

1884 4706 1992 4760 quo
2023 4692 2233 4745 unitum
2265 4694 2374 4748 sit?
2404 4695 2460 4748 Si
2488 4695 2706 4765 quidem
2737 4713 2866 4752 vero
2896 4700 3024 4752 velit
3047 4699 3243 4769 aliquis
3272 4701 3455 4757 dicere

1883 4783 2056 4849 unita,
2083 4784 2134 4838 id
2172 4786 2348 4854 ipsum
2396 4803 2459 4842 ac
2491 4789 2644 4858 prius
2681 4791 2968 4846 auditurus
3002 4799 3104 4847 est.
3138 4792 3232 4846 Sin
3261 4801 3452 4848 contra

1882 4874 2080 4929 dixerit
2113 4889 2386 4946 separata,
2422 4895 2532 4934 non
2569 4881 2807 4952 etl‘ugiet,
2835 4891 2893 4937 ut
2922 4899 2989 4937 ne
3019 4886 3330 4939 necessario
3358 4886 3456 4941 de—

1883 4965 1953 5019 sit
1995 4967 2138 5036 quod
2181 4980 2392 5039 separet
2439 4971 2573 5044 (l7).
2603 4971 2759 5041 Quod
2791 4975 2836 5028 si
2863 4975 2985 5042 quis
3035 4976 3196 5029 etiam
3229 4977 3446 5033 tertiam

1885 5117 2216 5191 (Inaqquue
2247 5124 2382 5176 enim
2405 5139 2526 5191 pars
2560 5123 2744 5177 horum
2785 5125 2882 5177 erit
2916 5123 3070 5177 alteri
3100 5125 3309 5187 similis,
3339 5133 3446 5181 etc.

1880 5188 2099 5262 Quibus
2133 5188 2239 5246 nec
2290 5188 2616 5248 Methodium
2669 5194 2886 5256 reddit,
2935 5211 3033 5248 nec
3079 5194 3197 5262 ejus
3250 5196 3449 5249 rationi

1880 5261 2039 5332 aliam
2091 5261 2206 5328 ipse
2253 5264 2584 5331 probabilem
2613 5265 2892 5319 substituit
2925 5283 2936 5318 :
2965 5261 3268 5332 aliquorum
3301 5265 3446 5320 enim

1879 5331 2175 5403 similitudo
2201 5349 2306 5386 non
2339 5335 2534 5401 arguit,
2561 5349 2680 5389 esse
2703 5339 2929 5389 alterum
2962 5331 3165 5403 partem
3199 5336 3444 5391 alterius.

1878 5397 2034 5475 Quod
2077 5401 2150 5454 ibi
2190 5397 2456 5475 sequitur,
2509 5405 2581 5475 ita
2635 5397 3003 5475 punctandut'n
3037 5423 3060 5475 7:7
3108 5405 3347 5475 ἀλλήλων
3389 5405 3445 5458 δὲ

1881 5468 2018 5538 μέρη
2075 5468 2438 5545 τυγχάνοντα,
2495 5468 2784 5545 ἀγένητον·
2839 5474 2973 5529 ἀλλ’.
3027 5474 3125 5530 Ubi
3182 5468 3447 5541 interpres

1875 5549 2050 5614 partes
2087 5541 2222 5593 inter
2253 5559 2508 5614 separes,
2543 5541 2671 5604 etcf,
2704 5545 2848 5614 quod
2883 5557 3062 5599 tamen
3100 5545 3259 5598 fuerit
3292 5561 3446 5599 men-

1875 5607 2355 5684 dunLtyptvgraplii
2390 5628 2507 5680 pro,
2541 5607 2887 5680 partcs'inter
2915 5632 2968 5668 se
3000 5625 3196 5684 partes,
3227 5623 3331 5670 etc.

1947 5679 2061 5740 (i7!
2094 5679 2227 5754 ﬁeri
2258 5679 2488 5754 effugiet,
2514 5679 2569 5754 ut
2601 5703 2660 5737 ne
2695 5679 3155 5739 necessario'desit
3193 5684 3329 5754 quod
3359 5701 3443 5738 ,ςε-

1873 5762 2042 5824 paret.
2205 5749 2452 5824 φεύξεται
2496 5751 2592 5822 τὴν
2637 5754 2730 5806 τοῦ
2765 5754 3083 5824 χωρίζοντος
3125 5749 3438 5817 ἀπόστασιν,

1875 5820 2001 5889 quia
2045 5821 2300 5876 nimirum
2351 5820 2530 5889 ipsum
2552 5820 2860 5893 separat—rs,
2881 5834 3128 5895 oporteat
3161 5841 3283 5881 esse
3317 5825 3437 5877 uni-
