4010 6328
589 324 690 382 251

1569 327 1626 384 S.
1670 327 1998 384 METEODII
2035 327 2343 385 EPISCOPI
2377 326 2464 382 ET
2507 324 2862 382 MARTYRIS
3674 327 3761 382 252

593 445 942 511 sententiam,
975 459 1095 515 quae
1139 444 1196 498 in
1236 443 1479 502 increata
1519 455 1804 516 congruat,
1832 447 2030 502 dictam
2058 465 2150 503 vo-

2273 448 2356 512 bg‘
2380 447 2518 518 μέρη
2572 444 2835 517 ἡνῶσθαι·
2865 438 3004 495 εἶναι
3033 441 3112 505 δέ,
3146 439 3388 511 καθάπερ
3432 441 3486 494 ὲν
3517 441 3670 512 τόπῳ,
3707 451 3762 520 τῇ

595 538 794 604 luerit;
835 552 1050 607 nempe,
1103 550 1280 607 neque
1327 535 1494 593 Deum
1529 553 1559 592 a
1594 538 1819 593 materia
1847 549 2154 609 separatum

593 646 739 694 esse,
774 645 838 684 ac
861 643 1036 698 neque
1064 643 1286 684 rursum
1321 629 1480 684 ambo
1514 640 1573 684 ut
1603 639 1786 701 partes
1825 631 1970 684 uniri
2003 630 2113 702 (l8)
2140 650 2152 686 :

594 723 688 778 sed
722 737 844 778 esse
871 719 1040 776 Deum
1065 720 1120 774 in
1149 720 1375 776 materia
1403 722 1540 775 utin
1569 721 1723 776 loco:
1746 721 2154 791 materiamque,

596 811 801 866 habere
829 811 886 864 in
926 809 1037 866 Deo
1087 811 1355 866 rationem
1399 811 1767 866 continentis:
1801 809 2014 866 noverit
2046 811 2155 875 ille,

596 903 732 968 fore,
763 903 886 958 utsi
917 903 1200 958 materiam
1225 903 1319 959 Dei
1353 905 1532 960 locum
1563 903 1880 970 dixerimus,
1904 919 2159 959 necessa-

594 997 678 1051 rio
706 995 868 1049 etiam
921 994 1185 1050 dicendus
1231 996 1304 1050 sit
1348 995 1874 1065 comprehensibilis,
1912 1004 1965 1050 et
1998 995 2091 1067 qui
2127 1010 2160 1050 a

597 1087 827 1142 materia
853 1087 1360 1142 circumscribatur.
1391 1086 1533 1152 Quin
1563 1094 1616 1142 et
1641 1087 1827 1150 simili,
1857 1094 2019 1156 atque
2045 1101 2160 1140 ma-

596 1179 752 1244 teria,
786 1179 1015 1244 ratione,
1037 1177 1460 1233 circumferatur
1479 1185 1714 1248 oportet.
1744 1175 1852 1232 Nec
1880 1191 2010 1232 vero
2029 1191 2162 1231 con-

595 1272 791 1329 sistere
849 1277 1050 1341 potest,
1087 1270 1266 1323 autin
1326 1283 1385 1324 se
1433 1269 1552 1337 ipso
1583 1282 1820 1331 manere,
1865 1282 1929 1321 eo
1959 1274 2161 1320 temere

595 1372 764 1426 moto,
805 1363 858 1416 in
891 1377 1000 1432 quo
1043 1369 1147 1417 est.
1205 1359 1469 1414 Prteterea
1523 1359 1799 1414 fatendum
1852 1357 2159 1414 necessario

595 1463 699 1519 est,
731 1454 901 1510 fuisse
929 1454 1098 1509 Deum
1144 1453 1200 1507 in
1243 1451 1624 1506 deterioribus.
1682 1448 1816 1503 Nam
1845 1448 1890 1505 si
1934 1450 2161 1504 materia

598 1543 924 1615 quandoque
967 1550 1162 1596 ornatu
1213 1541 1431 1607 caruit;
1483 1539 1621 1595 Deus
1666 1554 1824 1604 vero,
1859 1539 2046 1594 volens
2092 1539 2170 1594 ad‘

600 1641 799 1690 statum
832 1631 1111 1687 meliorem
1137 1631 1403 1686 reducere
1425 1671 1439 1696 ,
1473 1639 1722 1684 ornatum
1749 1631 1982 1685 contulit
2015 1650 2027 1684 :
2060 1629 2163 1684 fuit

600 1724 914 1795 aliquando,
939 1739 1064 1778 cum
1099 1722 1242 1778 Deus
1280 1723 1336 1776 in
1370 1722 1637 1777 inornatis
1667 1721 1996 1790 incultisque
2024 1722 2164 1776 exsi-

2258 539 2357 612 ὕλῃ
2385 541 2478 592 τὸν
2520 539 2673 604 Θεὸν,
2699 538 2792 592 καὶ
2816 537 2914 610 τὴν
2945 535 3074 606 ὕλην
3103 535 3160 586 ἐν
3191 534 3264 602 τῷ
3294 533 3408 604 Θεῷ
3445 533 3502 587 τὸ
3542 537 3764 608 συνέχονο

2257 632 2522 696 ἀκουέτω,
2553 632 2656 698 ὅτι,
2682 630 2776 683 ἐάν
2803 629 2966 682 τόπον
2989 627 3083 681 τοῦ
3110 626 3240 680 Θεοῦ
3265 624 3357 697 τὴν
3383 623 3514 697 ὕλην.
3533 627 3766 699 λέγωμεν,

2257 723 2318 788 ἐξ
2348 723 2590 795 ἀνάγκης
2628 722 2788 777 αὑτὸν
2817 721 2911 775 καὶ
2947 718 3191 792 χωρητὸν
3220 717 3390 787 λέγειν
3415 717 3510 780 δεῖ,
3541 721 3625 772 καὶ
3657 721 3768 790 πρὸς

2256 815 2356 885 τῆς
2388 815 2517 886 ὕλης
2551 814 3039 886 περιγραφόμενον.
3058 809 3217 883 Ἀλλά
3244 809 3345 880 μὴν
3370 810 3458 863 καὶ
3484 810 3663 880 ὁμοίως
3689 812 3768 864 αύ-

2258 904 2348 958 τὸν
2374 908 2438 976 τῇ
2475 904 2573 976 ὕλῃ
2622 906 2867 968 ἀτάκτως
2911 902 3168 974 φέρεσθαι
3196 901 3290 954 δεῖ.
3337 901 3424 972 Μὴ
3453 901 3676 956 ἵστασθαι
3706 903 3769 968 δὲ,

2263 996 2394 1067 μηδὲ
2424 997 2602 1066 μένειν
2624 996 2782 1049 αὑτὸν
2807 997 2892 1065 ἐφ’
2918 993 3130 1058 ἐαυτοῦ,
3155 994 3383 1063 ἀνάγκη,
3411 991 3496 1046 τοῦ
3519 995 3572 1046 ἐν
3593 987 3632 1061 ᾧ
3652 995 3772 1047 ἐστιν

2259 1086 2444 1141 ἄλλοτε
2473 1087 2643 1151 άλλως
2680 1087 2996 1160 φερομένου.
3027 1085 3169 1158 Πρὸς
3197 1085 3252 1138 δὲ
3280 1084 3478 1148 τούτοις
3509 1085 3594 1138 καὶ
3614 1087 3663 1138 ἐν
3682 1086 3773 1155 χεί-

2262 1197 2380 1250 ροσι
2411 1179 2689 1248 γεγονέναι
2721 1179 2809 1232 τὸν
2839 1179 2969 1232 Θεὸν
2995 1181 3167 1231 εἰπεῖν
3194 1177 3422 1246 ἀνάγκη.
3454 1177 3513 1228 Εἰ
3538 1175 3637 1247 γάρ
3667 1194 3773 1230 ποτε

2261 1270 2496 1341 ἄκοσμος
2525 1267 2592 1342 ἦν
2613 1273 2646 1341 ἡ
2677 1269 2797 1342 ὕλη,
2829 1270 3098 1341 ἐκόσμησε
3131 1268 3186 1322 δὲ
3226 1268 3412 1339 αὑτὴν,
3439 1269 3512 1331 εις
3542 1268 3596 1320 τὸ
3625 1271 3776 1338 κρεῖτ-

2261 1379 2350 1415 τον
2377 1362 2570 1432 τρέψαι
2601 1361 3046 1434 προαιρούμενος,
3071 1356 3136 1432 ἦν
3167 1377 3295 1413 ποτε
3313 1360 3387 1413 ὅτ’
3408 1360 3463 1411 ἐν
3489 1358 3776 1429 ἀκοσμήτοις

2259 1447 2327 1524 ἦν
2353 1455 2380 1506 ὁ
2418 1452 2566 1517 Θεός.
2597 1453 2827 1516 Δικαίως
2849 1452 2892 1505 δ’
2923 1452 2986 1506 ἂν
3018 1453 3111 1505 καὶ
3142 1449 3299 1503 τοῦτο
3324 1449 3560 1520 ἐροίμην,
3589 1449 3780 1518 πότερον

2261 1543 2498 1615 ἐπλήρου
2541 1544 2639 1615 τὴν
2685 1543 2817 1614 ὕλην
2847 1544 2874 1596 ὁ
2905 1542 3055 1607 Θεὸς,
3086 1542 3118 1614 ἢ
3150 1544 3206 1595 ἐν
3239 1540 3394 1612 μέρει
3424 1540 3525 1592 τινὶ
3561 1538 3648 1609 τῆς
3675 1537 3780 1608 ὕλης

2263 1635 2506 1706 ὑπῆρχεν
2539 1635 2726 1706 αὑτῆς.
2753 1637 2815 1688 Εἰ
2861 1635 2957 1706 μὲν
2989 1634 3096 1705 γάρ
3142 1635 3200 1688 ἐν
3247 1631 3400 1705 μέρει
3426 1632 3527 1685 τινί
3565 1632 3650 1701 τῆς
3675 1629 3782 1701 ὕλης

2263 1729 2434 1780 εἰπεῖν
2460 1745 2544 1791 τις
2572 1727 2714 1780 θέλοι
2749 1727 2837 1780 τὸν
2878 1727 3030 1791 Θεὸν,
3074 1727 3320 1780 πλεῖστον
3360 1726 3481 1778 ὅσον
3507 1723 3783 1795 μικρότερον

602 1825 791 1872 steret.
817 1816 922 1870 Sed
941 1814 1136 1871 etillud
1163 1815 1286 1885 jure
1312 1813 1615 1886 quiesierim
1649 1831 1664 1868 :
1695 1812 1959 1868 Totamne
1992 1821 2162 1868 mateo

2273 1819 2423 1872 ιὺτὸν
2467 1820 2565 1890 τῆς
2618 1818 2749 1890 ὕλης
2785 1819 2932 1886 λέγει
2955 1836 2968 1850 ·
3001 1818 3135 1886 εἴγε
3169 1818 3233 1889 δὴ
3290 1817 3449 1889 μέρος
3499 1816 3652 1885 αὐτῆς
3687 1814 3784 1867 ὅλον

600 1910 738 1964 riam
768 1908 909 1964 Deus
939 1915 1252 1979 occuparet,
1285 1922 1354 1960 an
1385 1907 1562 1961 solum
1601 1906 1656 1959 in
1689 1912 1844 1977 parte
1867 1906 2047 1976 aliqua
2079 1920 2167 1960 ex-

600 2001 852 2058 sisteret?
869 1999 1006 2056 Sane
1031 2000 1269 2071 quidem,
1290 2000 1336 2055 si
1362 1999 1485 2070 quis
1513 1999 1680 2054 Deum
1699 1999 1751 2053 in
1776 2007 1927 2069 parte
1955 2007 2165 2052 tantum

600 2093 845 2148 materia:
867 2091 1137 2147 aﬂirmare
1177 2092 1336 2156 velit,
1364 2106 1624 2161 perquam
1659 2091 2030 2160 angustiorem
2061 2090 2165 2143 ιιιὶ-

601 2200 902 2256 noremque
937 2184 1164 2240 materia
1209 2183 1369 2247 dicit;
1397 2181 1616 2253 quando
1655 2197 1782 2252 pars
1820 2182 1939 2252 ejus
1991 2190 2166 2236 totum

603 2293 797 2347 capere
849 2278 1044 2346 potuit.
1079 2275 1175 2329 Sin
1220 2275 1417 2330 dixerit
1446 2290 1568 2330 esse
1623 2275 1676 2328 in
1712 2281 1846 2338 tota,
1891 2281 2168 2343 totamque

600 2369 911 2440 pervasisse
939 2369 1242 2431 materiam,
1277 2365 1551 2438 quomodo
1567 2378 1686 2422 eam
1705 2365 2004 2422 elaboravit
2019 2364 2166 2436 (19)?

603 2459 839 2516 Necesse
870 2467 954 2516 est
994 2460 1138 2515 enim
1173 2467 1230 2514 ut
1263 2460 1530 2523 dicamus,
1572 2458 1743 2513 fuisse
1787 2456 1954 2512 Deum
1985 2456 2168 2526 aliquo

601 2556 766 2611 modo
789 2556 844 2609 in
879 2569 939 2609 se
967 2560 1266 2608 retractum
1295 2562 1374 2618 ut,
1399 2551 1775 2607 contractione
1823 2550 1986 2614 facta,
2021 2551 2165 2604 illam

603 2657 814 2721 partem
843 2654 1211 2718 componeret,
1239 2661 1270 2699 a
1295 2660 1401 2717 qua
1436 2661 1496 2701 se
1523 2645 1874 2709 retraxisset;
1903 2644 1987 2699 vel
2003 2645 2166 2698 etiam

603 2757 714 2797 una
747 2756 871 2796 cum
901 2739 1125 2794 materia
1160 2738 1453 2804 ellinxisse,
1485 2751 1592 2790 non
1645 2736 1930 2791 habentem
1989 2736 2167 2790 locum

603 2849 714 2905 quo
735 2849 793 2888 se
815 2833 1030 2888 interim
1055 2830 1341 2900 reciperet.
1363 2827 1418 2882 Si
1446 2845 1572 2884 vero
1605 2830 1728 2899 quis
1759 2836 1969 2883 asserat
2001 2833 2169 2881 mate-

601 2925 743 2980 riam
774 2923 828 2977 in
860 2921 970 2976 Deo
1002 2920 1172 2976 fuisse
1194 2959 1209 2984 ,
1243 2919 1494 2974 similiter
1526 2917 1921 2988 exquirendum
1947 2922 2116 2972 restat
2150 2935 2163 2969 :

604 3024 788 3070 utrum
820 3013 1050 3079 scilicet,
1085 3013 1234 3070 velut
1267 3012 1386 3081 ipso
1431 3010 1606 3065 diviso
1645 3024 1675 3062 a
1707 3024 1765 3064 se
1795 3009 1912 3078 ipso
1947 3007 2081 3079 (20),
2104 3022 2168 3063 ac

604 3109 750 3163 sicut
790 3105 1107 3160 animalium
1149 3117 1346 3174 genera
1388 3102 1441 3154 in
1487 3115 1612 3155 aere
1654 3102 1958 3178 exsistunt;
1992 3099 2168 3154 diviso

2267 1911 2510 1984 ἐχώρησε
2539 1912 2628 1965 τὸν
2657 1912 2809 1967 Θεόν.
2845 1913 2907 1965 Εἰ
2931 1911 2987 1965 δὲ
3013 1913 3069 1965 ἐν
3095 1911 3245 1984 πάσῃ
3277 1905 3413 1965 εἶναι
3447 1908 3603 1978 λέγοι,
3631 1908 3711 1960 κα).
3731 1907 3785 1959 δι’

2265 2005 2393 2075 ὅλης
2420 2005 2791 2076 κεχωρηκέναι
2840 2005 2942 2075 τῆς
2982 2005 3130 2075 ὕλης,
3165 2005 3281 2068 πῶς
3320 2002 3515 2074 ταύτην
3543 1999 3788 2072 ἐδημιούρ-

2265 2112 2400 2166 γησε
2432 2097 2710 2166 φρασάτω.
2730 2097 2962 2167 Ἀνάγκη
2997 2095 3103 2168 γὰρ
3137 2094 3397 2166 συστολήν
3426 2113 3541 2148 τινα
3566 2092 3650 2146 τοῦ
3678 2089 3788 2144 Θεοῦ

2267 2186 2466 2256 λέγειν,
2502 2183 2569 2260 ἧς
2594 2187 2888 2260 γενομένης
2917 2187 3265 2260 ἐδημιούργει
3301 2188 3470 2240 ἐκεῖνο
3495 2186 3580 2254 ἀφ’
3605 2179 3660 2238 οὑ
3684 2184 3790 2235 ὑπε-

2267 2279 2532 2351 χώρησεν,
2563 2281 2595 2352 ἢ
2629 2281 2723 2334 καὶ
2752 2281 2910 2334 αὑτὸν
2963 2283 3028 2351 τῇ
3077 2279 3177 2350 ὕλῃ
3222 2279 3669 2350 ωνδημιουργείν,
3711 2273 3792 2326 οὑκ

2268 2372 2458 2442 ἔχοντα
2486 2374 2884 2444 ὑποχωρήσεως
2912 2371 3096 2426 τόπον.
3131 2371 3193 2423 Ei
3225 2370 3285 2424 δὲ
3325 2371 3423 2440 τὴν
3473 2368 3595 2439 ὕλην
3639 2369 3688 2419 ἐν
3729 2363 3793 2434 τῷ

2267 2464 2382 2535 Θεῷ
2420 2460 2554 2518 εἷναί
2599 2481 2680 2528 τις
2722 2463 2883 2528 λέξοι,
2907 2463 3105 2534 ὁμοίως
3133 2460 3409 2526 ἐξετάζειν
3453 2461 3557 2514 δεῖ’
3607 2458 3795 2527 πότερον

2266 2554 2342 2618 ὡς
2369 2555 2709 2625 διισταμένου
2735 2555 2896 2607 αὑτοῦ
2931 2554 3023 2619 ἀφ’
3045 2553 3260 2618 ἑαυτοῦ,
3291 2554 3391 2606 καὶ
3419 2550 3594 2622 ὥσπερ
3624 2550 3673 2602 ἐν
3701 2549 3798 2618 ἀέρι

2270 2647 2503 2718 ὑπάρχει
2549 2647 2702 2718 γένη,
2744 2645 3117 2717 διαιρουμένου
3146 2644 3240 2698 καὶ
3287 2643 3636 2717 μεριζομένου
3666 2637 3798 2693 αὑτοῦ

2268 2741 2348 2804 εἰς
2375 2739 2638 2810 ὑποδοχὴν
2666 2737 2772 2791 τῶν
2795 2738 3092 2808 γινομένων
3135 2739 3192 2790 ἐν
3241 2736 3470 2808 αὑτῷ,ἢ
3499 2735 3570 2798 ὡς
3598 2735 3650 2787 ἐν
3661 2733 3801 2801 τόπῳ,

2266 2831 2563 2892 τουτέστιν,
2591 2829 2777 2901 ὥσπερ
2809 2831 2866 2882 ἐν
2892 2831 2962 2900 γῇ
3003 2828 3146 2899 ὕδωρ
3171 2845 3184 2858 ·
3219 2831 3266 2881 εἰ
3311 2829 3409 2900 μὲν
3437 2827 3540 2899 γὰρ
3571 2825 3800 2892 εἴποιμεν,

2269 2923 2344 2986 ὡς
2379 2923 2435 2976 ἐν
2465 2923 2608 2994 ἀέρι,
2647 2921 2903 2993 μεριστὸν
2944 2921 3158 2991 ἀνάγκη
3199 2919 3291 2974 τὸν
3341 2921 3468 2974 Θεὸν
3494 2920 3681 2972 εἰπεῖν’
3707 2916 3745 2967 εἰ
3765 2913 3801 2966 δ’

2269 3013 2456 3086 ὥσπερ
2484 3016 2540 3066 ἐν
2569 3017 2639 3084 γῇ
2670 3013 2812 3085 ὕδωρ
2832 3029 2844 3042 δ
2870 3009 2938 3084 ἦν
2960 3013 3015 3066 δὲ
3036 3012 3266 3074 ἄτακτος
3301 3014 3340 3084 ἠ
3364 3010 3459 3082 ὕλη
3489 3010 3576 3064 καὶ
3595 3007 3804 3076 ἀκόσμη-

2272 3120 2385 3168 τος,
2431 3103 2564 3176 πρὸς
2593 3103 2650 3156 δὲ
2678 3102 2887 3166 τούτοις
2914 3102 3111 3172 ἔχουσα
3139 3101 3234 3156 καὶ
3262 3102 3415 3156 κακά
3438 3119 3451 3132 ο
3482 3101 3568 3154 τὸν
3598 3099 3714 3154 Θεὸν
3737 3095 3807 3149 λέ-

604 3200 727 3272 ipso
757 3205 1015 3270 sectoque
1055 3195 1123 3250 ad
1167 3211 1229 3250 ea
1275 3193 1624 3264 suscipienda
1655 3174 1776 3263 quae
1819 3193 1874 3246 in
1903 3207 1968 3247 co
1994 3200 2121 3246 sunt
2150 3210 2164 3246 :

2273 3212 2385 3265 γειν
2405 3195 2614 3268 ἀνάγκη
2675 3195 2837 3248 τόπον
2869 3191 3007 3248 εἶναι
3033 3195 3366 3264 ἀκοσμήτων
3393 3195 3484 3248 καὶ
3507 3191 3608 3246 τῶν
3632 3189 3806 3244 κακῶν.

603 3293 690 3348 vel
723 3292 866 3347 sicut
912 3291 968 3344 in
1018 3289 1138 3343 loco
1185 3287 1289 3342 hoc
1337 3296 1442 3351 est,
1484 3301 1549 3340 eo
1578 3283 1740 3338 modo
1771 3299 1881 3354 quo
1926 3299 2066 3354 aqua
2114 3285 2170 3338 in

605 3388 752 3436 terra
791 3389 895 3436 est.
933 3378 989 3433 Si
1018 3378 1237 3448 quidem
1267 3391 1332 3432 eo
1361 3377 1522 3431 modo
1577 3375 1878 3430 dixerimus
1923 3390 2031 3445 quo
2082 3391 2172 3431 res

607 3482 738 3530 sunt
765 3473 818 3525 in
845 3486 1005 3537 aere;
1031 3482 1252 3525 necesse
1275 3475 1381 3532 est,
1401 3475 1460 3521 ut
1485 3466 1655 3521 Deum
1686 3463 2010 3520 divisibilem
2033 3464 2176 3518 dica-

609 3581 754 3620 mus.
790 3563 887 3618 Sin
917 3571 1096 3617 autem
1144 3577 1210 3618 eo
1259 3561 1419 3616 modo
1448 3575 1556 3631 quo
1586 3575 1725 3630 aqua
1754 3566 1838 3615 est
1876 3557 1932 3612 in
1971 3567 2117 3613 terra
2157 3577 2171 3612 :

609 3670 736 3711 cum
762 3652 990 3707 materia
1015 3651 1283 3722 indigesta
1303 3658 1448 3706 esset
1473 3658 1526 3705 et
1557 3649 1949 3719 incomposita;
1967 3648 2035 3703 ad
2065 3649 2178 3703 hac

609 3749 798 3810 etiam,
835 3745 978 3798 mala
1007 3744 1350 3809 contineret;
1384 3743 1711 3797 necessitate
1771 3740 2082 3808 coniicitur,
2119 3748 2179 3796 ut

614 3891 730 3937 tum
771 3880 1049 3943 extremis,
1079 3894 1253 3950 eoque
1299 3879 1407 3933 illis
1441 3878 1609 3950 idem,
1641 3877 1924 3950 identitate
1973 3877 2180 3950 scilicet

613 3952 849 4026 partium
901 3952 955 4026 in
1006 3958 1140 4006 toto.
1165 3947 1368 4026 ’Paulo_
1393 3949 1550 4026 aliter
1590 3949 1854 4026 formatur
1881 3947 1993 4000 haec
2042 3949 2181 4026 ratio

614 4018 758 4094 apud
777 4021 1028 4075 Photium
1067 4042 1092 4094 :7
1116 4029 1238 4094 post
1261 4019 1422 4074 verba
1451 4018 1595 4094 enim
1615 4033 1723 4094 non
1748 4019 1904 4094 longe
1931 4020 2181 4094 superius

613 4087 812 4166 posita,
850 4093 985 4166 ὅπερ
1014 4087 1230 4166 καὶίτὸν
1272 4088 1545 4166 χωρισμὸν
1585 4087 1762 4166 αὑτῶν
1791 4087 2027 4166 δείκνυσι
2059 4107 2072 4142 :
2109 4088 2179 4166 i_la

615 4157 815 4233 arguit,
837 4157 993 4215 τοῦτο
1020 4163 1097 4227 δὲ,
1120 4163 1249 4233 ἦτοι
1272 4157 1464 4233 ταυτὸν
1495 4158 1575 4222 ὂν,
1608 4159 1810 4233 ἥνωται
1839 4157 2052 4233 θατέρῳ
2077 4157 2183 4233 τῶν

612 4227 738 4289 δύὸ·
775 4235 869 4286 καὶ
902 4234 1114 4304 ἀνάγκη
1143 4227 1323 4285 ’πάλιν
1355 4231 1386 4302 ἢ
1433 4227 1689 4304 ἐνωσμινξῆ
1724 4227 2000 4304 χωρισμὸν
2026 4227 2183 4304 πρὸς

613 4307 676 4359 τὸ
708 4304 894 4375 ἕτερον
927 4298 1513 4375 ζητεῖνῙΕνωσινγάρ
1556 4298 1815 4375 ἀδύνατον
1848 4298 1994 4375 [δεῖν3
2015 4299 2184 4375 ,εἴπερ

617 4321 676 4359 το
709 4321 894 4375 ετερον
927 4321 1124 4427 “grew.
1160 4321 1364 4355 nvwatv
1404 4321 1512 4369 γαρ
1556 4321 1815 4352 αουνατον
1848 4321 1994 4359 ιοειν,
2015 4321 2184 4374 ειπερ

617 4376 977 4446 θατέρῳλταυτ
1011 4393 1038 4427 ν
1060 4370 1197 4446 εἶναι
1224 4370 1580 4446 mimae“
1606 4370 1839 4446 δέδοται·
1864 4367 2056 4446 ήνοῦτο
2077 4369 2185 4446 γάρ

615 4435 886 4508 οὕτως’ἆν
914 4446 1006 4498 καὶ
1038 4446 1098 4498 τὸ
1129 4444 1188 4508 ἐξ
1211 4435 1404 4514 ἀρχῆς,
1433 4437 1476 4510 ᾧ
1503 4441 1698 4514 ταυτὸν
1725 4435 1860 4514 εἶναι
1886 4435 2050 4514 τοῦ-το
2075 4435 2186 4514 ἕδύζ

2273 3287 2449 3358 Ὅπερ
2491 3288 2592 3340 οὑκ
2641 3284 2883 3356 εὔφημον
2924 3281 3066 3358 εἷναί
3119 3301 3208 3355 μοι
3254 3283 3426 3348 δοκεῖ,
3459 3281 3730 3352 ἐπισφαλὲς
3763 3277 3810 3331 δὲ

2277 3355 2677 3451 μᾶλλον.”Υλην
2726 3355 2835 3448 γάρ
2868 3355 3224 3441 εἶναι’θέλεις,
3271 3376 3365 3430 ἵνα
3412 3375 3485 3447 μὴ
3511 3375 3612 3428 τῶν
3654 3370 3812 3427 κακῶν

2274 3472 2502 3542 ποιητὴν
2535 3472 2695 3544 εἴπῃς
2726 3471 2816 3524 τὸν
2850 3469 2981 3522 Θεόν
3001 3486 3013 3499 ·
3041 3471 3135 3522 καὶ
3159 3467 3323 3522 τοῦτο
3349 3471 3533 3538 φυγεῖν
3564 3461 3814 3538 προαιρού⁸

2280 3579 2457 3633 μενος,
2491 3563 2692 3633 δοχεῖον
2725 3561 2884 3615 αὑτὸν
2915 3560 3021 3613 τῶν
3049 3559 3234 3612 κακῶν
3265 3554 3410 3614 εἶναι
3435 3559 3624 3627 λέγεις.
3655 3557 3711 3610 El
3733 3553 3815 3624 μὲν

2277 3652 2389 3717 οὖν,
2413 3656 2512 3726 τὴν
2540 3654 2670 3724 ὕλην
2701 3655 2765 3706 ἐκ
2789 3652 2896 3705 τῶν
2929 3651 3040 3723 (21)
3077 3651 3428 3704 ὑποστάντων
3459 3646 3685 3719 γενητῶν
3712 3645 3817 3698 ὑπο-

2278 3749 2432 3816 νοῶν,
2465 3747 2726 3818 ἀγένητον
2759 3745 3024 3816 ὑπάρχειν
3053 3743 3255 3812 ἔλεγες,
3280 3742 3453 3796 πολὺν
3481 3740 3545 3794 ἂν
3569 3738 3687 3810 περὶ
3712 3734 3818 3789 ταύ·

2280 3883 2400 3958 [ὡς]
2427 3885 2484 3937 ὲν
2506 3883 2660 3958 μέρει
2687 3880 2942 3953 ἡνῶσθαι,
2977 3893 3171 3958 nempe
3211 3875 3386 3958 Deum
3413 3875 3554 3958 uniri
3584 3871 3666 3927 vel
3690 3868 3816 3958 utlin

2281 3941 2434 4025 parie
2465 3972 2478 4008 :
2506 3941 2621 4025 'vel,
2657 3941 2719 4007 ut
2754 3967 2881 4025 pars
2912 3941 3290 4025 unitur'parti.
3325 3949 3423 4025 Est
3455 3949 3618 4000 altera
3647 3941 3817 4025 proba-

2282 4013 2358 4078 iio
2391 4025 2459 4080 ab
2487 4013 2656 4078 altero
2685 4013 2845 4076 modo
2876 4013 3253 4088 unionis,'per
3295 4018 3518 4072 modum
3561 4013 3776 4081 contigui
3803 4027 3814 4060 :

2283 4096 2552 4220 necatique
2575 4101 2630 4148 et
2659 4093 2762 4148 loci
2797 4110 2809 4146 :
2849 4106 2971 4162 quae
2998 4099 3052 4146 et
3092 4091 3208 4160 ipsa
3240 4089 3307 4144 ad
3339 4089 3614 4144 hominem
3654 4096 3821 4154 proce-

2325 4182 2336 4218 I
2373 4206 2385 4218 .

2325 4173 2385 4218 ιι.

2357 4233 2468 4303 (i9)
2508 4231 2782 4303 Quomodo
2813 4248 2928 4286 eam
2970 4229 3297 4303 elaboravit?
3326 4227 3452 4292 Πῶς
3491 4223 3691 4303 ταύτην
3721 4219 3820 4288 ἐδηι

2288 4299 2605 4376 μιούργησε,
2625 4302 2980 4376 similitudine
3008 4300 3296 4376 artiﬁcum,
3326 4315 3468 4369 quos
3492 4299 3698 4366 oportet
3723 4303 3826 4376 esse

2287 4367 2534 4430 nonnihil
2566 4375 2684 4428 loco
2715 4373 2981 4427 discretos
3011 4387 3040 4424 a
3072 4369 3299 4425 materia
3331 4367 3494 4438 quam
3516 4367 3827 4438 componunt

2285 4454 2341 4501 et
2387 4445 2702 4514 perficiunt;
2749 4445 2830 4498 sic
2871 4441 3247 4514 Archimedes_
3296 4435 3618 4514 nonnullum
3667 4435 3825 4514 locum

615 4517 704 4588 θη.
730 4500 790 4568 Εἶ
822 4515 878 4568 δέ
908 4500 1483 4588 κεχωρίσθάιξάπαιτέί
1508 4511 1536 4562 ὁ
1560 4510 1922 4588 λογοςηπάλιν
1946 4509 2006 4560 τὸ
2025 4509 2173 4588 χωρί

2289 4500 2438 4572 extra
2466 4500 2779 4588 universum
2810 4513 3105 4588 quaerebat,
3156 4511 3252 4588 toti
3294 4510 3376 4588 illi
3425 4507 3618 4588 ciendo
3646 4511 3697 4558 et
3721 4500 3831 4588 sede

617 4578 708 4653 ζον
731 4578 1078 4656 ἀπαιτητέον,
1101 4586 1203 4649 ἓως
1224 4583 1288 4638 ἂν
1314 4582 1707 4656 ἀπείρων-ἡμῖν
1729 4581 2000 4656 ἀγενήτων
2022 4578 2185 4649 ἐσμὸς

615 4651 888 4730 ἀναφανῇ.
925 4651 1034 4730 Εεο
1066 4657 1145 4712 sic
1175 4651 1456 4730 redderem
1484 4671 1497 4706 :
1527 4651 1639 4730 liae
1665 4661 1840 4730 autem
1869 4655 2081 4730 (nempe
2101 4665 2187 4730 se.-

617 4719 1011 4800 parénsfveluvt
1049 4726 1184 4798 quod
1213 4727 1278 4780 sit
1312 4725 1448 4778 idem
1485 4723 1639 4800 alteri
1670 4725 1924 4784 duorum,
1964 4719 2045 4772 illi
2075 4721 2189 4799 ani-

619 4791 730 4853 tum
753 4791 834 4853 est
853 4815 871 4852 :
914 4791 1224 4867 rursumque
1246 4811 1448 4850 necesse
1467 4794 1564 4867 erit
1586 4807 1816 4867 quwrere
1848 4801 1939 4867 aut
1969 4791 2188 4867 conjun-

617 4872 839 4926 ctionem
890 4879 982 4923 aut
1029 4861 1408 4936 separatioaem
1443 4865 1507 4917 ab
1541 4863 1724 4936 altero.
1759 4861 2012 4916 Unionem
2047 4863 2186 4914 enim

619 4943 811 5002 ridere,
844 4934 1165 5008 impossibile
1196 4937 1376 5006 fuerit,
1401 4936 1449 5008 si
1466 4934 1699 5008 quidem
1748 4949 2047 5008 concessam
2088 4940 2184 5008 est,

619 5029 729 5068 esse
767 5003 1061 5064 idem’cum
1103 5003 1290 5069 altero,
1322 5016 1371 5060 et
1410 5003 1749 5059 illiunitum.
1776 5003 1865 5056 Sic
1899 5007 2035 5056 enim
2065 5003 2188 5055 uni-

622 5092 768 5136 retar
814 5082 973 5134 etiam
1013 5081 1241 5146 primum
1283 5076 1440 5137 illud,
1466 5092 1582 5129 cum
1607 5091 1708 5146 quo
1740 5073 1881 5128 istud
1917 5074 2055 5126 idem
2076 5089 2188 5127 esse

621 5167 924 5206 concessum
944 5151 1065 5219 fuit.
1103 5147 1253 5213 Quod
1280 5149 1326 5202 si
1358 5149 1494 5200 ratio
1528 5146 1676 5200 docet
1691 5154 2040 5219 separatam;
2064 5159 2184 5195 rur.

619 5239 712 5278 sua
742 5214 1080 5290 quwreridum
1108 5229 1183 5272 est
1217 5235 1318 5287 quo
1341 5214 1828 5290 separetur,_donec
1857 5215 2187 5290 inﬁnitarum

619 5284 969 5362 ingenuorum
996 5289 1142 5343 nobis
1171 5284 1320 5357 copia
1351 5284 1614 5362 occurrat.
1643 5284 1737 5362 Est
1770 5287 1884 5362 haec
1915 5286 2076 5362 ratio.
2095 5299 2184 5338 sa-

620 5353 700 5418 tis
723 5361 896 5416 facilis
923 5367 976 5412 et
1001 5353 1343 5426 consequens
1373 5378 1386 5413 :
1424 5353 1531 5413 nisi
1561 5357 1706 5426 quod
1755 5357 1955 5426 ubique
2009 5353 2188 5409 minus

622 5433 976 5504 probabiliter
1003 5430 1217 5504 videtur
1236 5444 1568 5504 supponere,
1593 5428 1852 5504 distingui
1884 5427 2063 5504 aliqua
2096 5441 2190 5504 ηε-

622 5495 884 5562 cessario.
915 5516 1024 5554 non
1060 5516 1118 5554 se
1147 5495 1430 5568 ipsisfsed
1461 5516 1556 5570 per
1588 5500 1713 5552 alia.
1746 5495 1898 5552 Valet
1925 5495 2192 5570 nihilomi-

622 5589 728 5629 nus
759 5574 848 5626 illa
879 5574 947 5625 ad
981 5570 1274 5634 hominem,
1307 5579 1360 5625 ει
1390 5568 1668 5639 supposita
1708 5584 1892 5624 crassa
1917 5568 2014 5639 illa
2045 5568 2190 5622 testi-

623 5645 862 5698 matione
894 5643 961 5697 de
991 5641 1121 5705 Deo,
1160 5641 1213 5693 in
1246 5656 1351 5710 qua
1378 5638 1532 5694 erant
1563 5638 1952 5694 Valentiniani.

693 5713 805 5780 (18)
855 5713 930 5767 Ac
961 5728 1120 5781 neque
1147 5708 1358 5781 rura-ant
1386 5712 1538 5763 ambo
1568 5720 1622 5763 ut
1651 5720 1828 5777 partes
1856 5709 2017 5781 aniri.
2048 5708 2187 5781 Μῄτ’

627 5776 901 5854 αὖπάλιν,
932 5785 1006 5848 ὡς
1033 5776 1169 5855 μέρη
1194 5780 1428 5852 ἡνῶσθαι
1478 5776 1762 5847 Ριιοιὶίιιιξι,
1792 5779 1911 5851 μηδ’
1931 5776 1998 5834 αὖ
2033 5779 2188 5832 πάλιν

2287 4569 2572 4640 movendo.
2606 4569 2877 4654 lnterprés
2923 4569 3127 4653 passim
3181 4581 3248 4632 τὸ
3289 4569 3829 4654 δημιουργεῖνγτεάόξι

2287 4639 2484 4718 creare,
2515 4655 2661 4724 quod
2695 4639 2946 4724 hocloco
2972 4667 3079 4724 non
3114 4639 3386 4720 congruit,
3417 4639 3515 4724 ubi
3541 4639 3731 4716 'agitur
3774 4639 3834 4724 de

2288 4716 2610 4780 formatio-ne
2640 4723 2897 4790 materiae,
2930 4721 3188 4776 adversus
3215 4716 3311 4776 éos
3336 4718 3634 4788 qui'ipsam
3665 4731 3692 4767 a
3715 4727 3768 4766 se
3788 4716 3834 4790 ει

2288 4797 2580 4867 ingenitam
2615 4784 2894 4848 dicebant.
2916 4791 2984 4867 lit
3009 4807 3138 4861 ergo
3172 4806 3279 4867 non
3304 4784 3533 4844 tulerint
3556 4799 3743 4867 aures,
3785 4784 3835 4867 tl}

2290 4855 2445 4921 faber
2481 4866 2698 4920 dicatur
2722 4879 2905 4919 creare
2935 4855 3160 4922 ferru'm,
3197 4862 3269 4915 ita
3302 4875 3482 4931 neque
3511 4865 3571 4913 ut
3601 4855 3756 4917 Deus,
3780 4862 3838 4905 e0

2289 4953 2476 5000 sensu,
2503 4935 2717 4990 dicatur
2746 4948 2931 4990 creare
2960 4931 3266 4986 materiam.

2359 4997 2471 5078 (20)
2515 5006 2660 5059 Velut
2688 5006 2800 5078 ipso
2821 5004 2988 5058 diviso
3017 5019 3129 5078 a-se
3149 5003 3279 5078 ipso.
3297 4999 3460 5056 Velut
3482 4999 3536 5054 in
3562 4997 3840 5078 loco'com:

2288 5057 2789 5146 ωιῖἧῗειρἕρί-ἰό,
2825 5057 3117 5146 ut_quovis_
3147 5057 3306 5146 modo
3339 5077 3608 5146 sequatur
3651 5057 3838 5146 aliquid

2289 5139 2870 5201 absonum-vel'divisio
2887 5139 3014 5210 Dei;
3040 5142 3121 5196 vel
3147 5143 3352 5212 indigni
3377 5139 3437 5196 et
3455 5139 3652 5212 turpis,
3675 5149 3766 5188 ceu
3791 5144 3837 5209 ιιι

2288 5233 2417 5271 vase
2440 5225 2493 5272 et
2517 5217 2635 5271 loco
2661 5216 2899 5286 prOprio,
2923 5211 3282 5286 continentia,
3301 5227 3427 5286 cum
3459 5211 3658 5286 probro
3681 5212 3841 5286 conus

2288 5287 2470 5344 uentis
2506 5307 2518 5341 :
2558 5277 2700 5342 unde
2727 5277 3218 5357 q'uod'sequiturﬁ
3255 5283 3328 5346 ὡς
3353 5283 3410 5357 ἐν
3443 5277 3612 5349 τόπῳ,
3643 5277 3840 5357 videtur

2291 5358 2648 5428 supplendum
2673 5349 2856 5411 addito
2887 5349 3018 5425 ἰδίω,
3061 5353 3174 5428 nisi
3201 5349 3489 5428 legendum
3517 5358 3600 5404 est
3631 5349 3840 5428 dtﬁsiqfo

2291 5419 2448 5499 cuius
2473 5428 2820 5484 continentia:
2861 5419 3168 5499 exemplum
3194 5419 3373 5499 statim
3407 5424 3461 5475 in
3499 5430 3643 5474 terra
3672 5419 3842 5499 ponat,

2290 5493 2393 5554 hoc
2415 5508 2518 5562 est,
2545 5513 2671 5553 vase
2692 5506 2952 5568 terreoet
2973 5493 3470 5568 ﬁctilicontinente
3488 5505 3684 5568 aquam
3714 5505 3726 5539 :
3750 5495 3844 5552 qna

2291 5559 2646 5629 continentia,
2665 5582 2761 5623 vas
2789 5566 3010 5632 dicitur,
3028 5566 3114 5621 vel
3135 5566 3191 5620 in
3220 5565 3506 5627 honorem,
3537 5559 3621 5616 vel
3651 5559 3704 5611 in
3725 5569 3846 5609 cou-

2291 5641 2591 5702 tumeliatn,
2625 5639 2644 5691 ι
2677 5637 2819 5692 Tim.
2849 5653 2908 5691 ιι.

2363 5712 2476 5783 (2|)
2529 5712 2620 5763 Ἐκ
2645 5707 2779 5763 τῶν.
2822 5705 2981 5763 Forte
3001 5705 3105 5772 ἔξω
3133 5705 3260 5760 τῶν.
