  <div class='ocr_page' id='page_1' title='image "/cluster/home/n/w/nwhite01/storage/ocr_20150623/18/hvd.32044073501215/134.png"; bbox 0 0 4040 6338; ppageno 0'>
   <div class='ocr_carea' id='block_1_1' title="bbox 283 361 392 415">
    <p class='ocr_par' dir='ltr' id='par_1_1' title="bbox 283 361 392 415">
     <span class='ocr_line' id='line_1_1' title="bbox 283 361 392 415; baseline 0.009 -1"><span class='ocrx_word' id='word_1_1' title='bbox 283 361 392 415; x_wconf 64' lang='grc'><strong>955</strong></span> 
     </span>
    </p>
   </div>
   <div class='ocr_carea' id='block_1_2' title="bbox 1445 368 2371 427">
    <p class='ocr_par' dir='ltr' id='par_1_2' title="bbox 1445 368 2371 427">
     <span class='ocr_line' id='line_1_2' title="bbox 1445 368 2371 427; baseline 0.005 -4"><span class='ocrx_word' id='word_1_2' title='bbox 1445 368 1572 424; x_wconf 86' lang='lat' dir='ltr'><strong>LIB.</strong></span> <span class='ocrx_word' id='word_1_3' title='bbox 1614 369 1702 424; x_wconf 83' lang='lat' dir='ltr'><strong>DE</strong></span> <span class='ocrx_word' id='word_1_4' title='bbox 1737 369 1984 427; x_wconf 80' lang='lat' dir='ltr'><strong>LIBERO</strong></span> <span class='ocrx_word' id='word_1_5' title='bbox 2023 369 2371 427; x_wconf 81' lang='lat' dir='ltr'><strong>ARBITRIO.</strong></span> 
     </span>
    </p>
   </div>
   <div class='ocr_carea' id='block_1_3' title="bbox 3413 380 3520 436">
    <p class='ocr_par' dir='ltr' id='par_1_3' title="bbox 3413 380 3520 436">
     <span class='ocr_line' id='line_1_3' title="bbox 3413 380 3520 436; baseline 0.019 -2"><span class='ocrx_word' id='word_1_6' title='bbox 3413 380 3520 436; x_wconf 67' lang='grc' dir='ltr'><strong>ΞΜ</strong></span> 
     </span>
    </p>
   </div>
   <div class='ocr_carea' id='block_1_4' title="bbox 277 479 1854 570">
    <p class='ocr_par' dir='ltr' id='par_1_4' title="bbox 277 479 1853 554">
     <span class='ocr_line' id='line_1_4' title="bbox 277 479 1853 554; baseline 0.011 -24"><span class='ocrx_word' id='word_1_7' title='bbox 277 497 381 550; x_wconf 83' lang='grc' dir='ltr'><strong>της</strong></span> <span class='ocrx_word' id='word_1_8' title='bbox 410 479 754 552; x_wconf 76' lang='grc' dir='ltr'><strong>ἐποιησάμην</strong></span> <span class='ocrx_word' id='word_1_9' title='bbox 777 481 932 552; x_wconf 84' lang='grc' dir='ltr'>λόγον</span> <span class='ocrx_word' id='word_1_10' title='bbox 961 486 1040 550; x_wconf 86' lang='grc' dir='ltr'>εἰς</span> <span class='ocrx_word' id='word_1_11' title='bbox 1067 485 1343 554; x_wconf 78' lang='grc' dir='ltr'>ἀπόδειξιν</span> <span class='ocrx_word' id='word_1_12' title='bbox 1371 489 1462 543; x_wconf 79' lang='grc' dir='ltr'>τοῦ</span> <span class='ocrx_word' id='word_1_13' title='bbox 1489 492 1568 544; x_wconf 83' lang='grc' dir='ltr'><strong>ὅτι</strong></span> <span class='ocrx_word' id='word_1_14' title='bbox 1596 491 1853 547; x_wconf 81' lang='grc' dir='ltr'>ἀδύνατον</span> 
     </span>
    </p>
   </div>
   <div class='ocr_carea' id='block_1_5' title="bbox 1959 479 3524 570">
    <p class='ocr_par' dir='ltr' id='par_1_5' title="bbox 1959 491 3524 567">
     <span class='ocr_line' id='line_1_5' title="bbox 1959 491 3524 567; baseline 0.003 -20"><span class='ocrx_word' id='word_1_15' title='bbox 1959 493 2145 559; x_wconf 92' lang='lat' dir='ltr'><strong>Deum,</strong></span> <span class='ocrx_word' id='word_1_16' title='bbox 2180 494 2357 548; x_wconf 88' lang='lat' dir='ltr'><strong>locum</strong></span> <span class='ocrx_word' id='word_1_17' title='bbox 2389 491 2634 550; x_wconf 85' lang='lat' dir='ltr'><strong>dicamus</strong></span> <span class='ocrx_word' id='word_1_18' title='bbox 2665 491 2782 566; x_wconf 64' lang='lat'><strong>(25)</strong></span> <span class='ocrx_word' id='word_1_19' title='bbox 2811 493 3299 567; x_wconf 71' lang='lat' dir='ltr'><strong>incompositorum</strong></span> <span class='ocrx_word' id='word_1_20' title='bbox 3329 505 3384 554; x_wconf 89' lang='lat' dir='ltr'><strong>et</strong></span> <span class='ocrx_word' id='word_1_21' title='bbox 3405 507 3524 552; x_wconf 82' lang='lat' dir='ltr'><strong>tur-</strong></span> 
     </span>
    </p>
   </div>
   <div class='ocr_carea' id='block_1_6' title="bbox 277 572 1848 654">
    <p class='ocr_par' dir='ltr' id='par_1_6' title="bbox 277 572 1848 654">
     <span class='ocr_line' id='line_1_6' title="bbox 277 572 1848 654; baseline 0.01 -31"><span class='ocrx_word' id='word_1_22' title='bbox 277 572 548 644; x_wconf 74' lang='grc' dir='ltr'><strong>ὑπάρχειν</strong></span> <span class='ocrx_word' id='word_1_23' title='bbox 595 574 762 646; x_wconf 79' lang='grc' dir='ltr'>αὑτὴν</span> <span class='ocrx_word' id='word_1_24' title='bbox 812 576 1108 648; x_wconf 86' lang='grc' dir='ltr'>ἀγένητον·</span> <span class='ocrx_word' id='word_1_25' title='bbox 1144 582 1265 634; x_wconf 79' lang='grc' dir='ltr'>ἐπεὶ</span> <span class='ocrx_word' id='word_1_26' title='bbox 1293 582 1349 634; x_wconf 88' lang='grc' dir='ltr'><strong>δὲ</strong></span> <span class='ocrx_word' id='word_1_27' title='bbox 1374 583 1472 654; x_wconf 78' lang='grc' dir='ltr'><strong>τὴν</strong></span> <span class='ocrx_word' id='word_1_28' title='bbox 1512 583 1618 636; x_wconf 83' lang='grc' dir='ltr'><strong>τῶν</strong></span> <span class='ocrx_word' id='word_1_29' title='bbox 1666 585 1848 638; x_wconf 81' lang='grc' dir='ltr'>κακῶν</span> 
     </span>
    </p>
   </div>
   <div class='ocr_carea' id='block_1_7' title="bbox 275 664 1849 744">
    <p class='ocr_par' dir='ltr' id='par_1_7' title="bbox 275 664 1849 744">
     <span class='ocr_line' id='line_1_7' title="bbox 275 664 1849 744; baseline 0.003 -27"><span class='ocrx_word' id='word_1_30' title='bbox 275 665 494 732; x_wconf 78' lang='grc' dir='ltr'>γένεσιν</span> <span class='ocrx_word' id='word_1_31' title='bbox 523 665 700 718; x_wconf 74' lang='grc' dir='ltr'>αξτίαν</span> <span class='ocrx_word' id='word_1_32' title='bbox 733 668 838 738; x_wconf 75' lang='grc' dir='ltr'><strong>φῂς</strong></span> <span class='ocrx_word' id='word_1_33' title='bbox 879 664 1014 722; x_wconf 80' lang='grc' dir='ltr'>εἶναι</span> <span class='ocrx_word' id='word_1_34' title='bbox 1047 671 1148 740; x_wconf 78' lang='grc' dir='ltr'>τῆς</span> <span class='ocrx_word' id='word_1_35' title='bbox 1184 672 1432 744; x_wconf 83' lang='grc' dir='ltr'><strong>τοιαύτης</strong></span> <span class='ocrx_word' id='word_1_36' title='bbox 1459 674 1728 738; x_wconf 80' lang='grc' dir='ltr'><strong>ὑπονοίας,</strong></span> <span class='ocrx_word' id='word_1_37' title='bbox 1761 675 1849 728; x_wconf 82' lang='grc' dir='ltr'><strong>διὰ</strong></span> 
     </span>
    </p>
   </div>
   <div class='ocr_carea' id='block_1_8' title="bbox 271 755 1849 838">
    <p class='ocr_par' dir='ltr' id='par_1_8' title="bbox 271 755 1849 838">
     <span class='ocr_line' id='line_1_8' title="bbox 271 755 1849 838; baseline 0.01 -32"><span class='ocrx_word' id='word_1_38' title='bbox 271 755 434 808; x_wconf 73' lang='grc' dir='ltr'>τοῦτο</span> <span class='ocrx_word' id='word_1_39' title='bbox 467 757 558 809; x_wconf 71' lang='grc' dir='ltr'>ἐπὶ</span> <span class='ocrx_word' id='word_1_40' title='bbox 592 757 686 827; x_wconf 75' lang='grc' dir='ltr'><strong>τὴν</strong></span> <span class='ocrx_word' id='word_1_41' title='bbox 736 758 977 823; x_wconf 81' lang='grc' dir='ltr'>ἐξέτασιν</span> <span class='ocrx_word' id='word_1_42' title='bbox 1022 761 1224 816; x_wconf 89' lang='grc' dir='ltr'>τούτων</span> <span class='ocrx_word' id='word_1_43' title='bbox 1266 763 1515 836; x_wconf 78' lang='grc' dir='ltr'>ἔρχεσθαί</span> <span class='ocrx_word' id='word_1_44' title='bbox 1563 785 1652 838; x_wconf 89' lang='grc' dir='ltr'><strong>μοι</strong></span> <span class='ocrx_word' id='word_1_45' title='bbox 1684 767 1849 823; x_wconf 83' lang='grc' dir='ltr'>δοκεῖ.</span> 
     </span>
    </p>
   </div>
   <div class='ocr_carea' id='block_1_9' title="bbox 268 847 1852 931">
    <p class='ocr_par' dir='ltr' id='par_1_9' title="bbox 268 847 1852 931">
     <span class='ocr_line' id='line_1_9' title="bbox 268 847 1852 931; baseline 0.008 -32"><span class='ocrx_word' id='word_1_46' title='bbox 268 847 516 918; x_wconf 76' lang='grc' dir='ltr'>Φανεροὺ</span> <span class='ocrx_word' id='word_1_47' title='bbox 567 849 675 921; x_wconf 79' lang='grc' dir='ltr'><strong>γὰρ</strong></span> <span class='ocrx_word' id='word_1_48' title='bbox 728 852 1010 922; x_wconf 83' lang='grc' dir='ltr'><strong>γινομένου</strong></span> <span class='ocrx_word' id='word_1_49' title='bbox 1042 854 1135 907; x_wconf 74' lang='grc' dir='ltr'>τοῦ</span> <span class='ocrx_word' id='word_1_50' title='bbox 1167 855 1346 924; x_wconf 84' lang='grc' dir='ltr'><strong>λόγου,</strong></span> <span class='ocrx_word' id='word_1_51' title='bbox 1390 858 1512 912; x_wconf 71' lang='grc' dir='ltr'>καθ’</span> <span class='ocrx_word' id='word_1_52' title='bbox 1540 859 1598 912; x_wconf 84' lang='grc' dir='ltr'>ὃν</span> <span class='ocrx_word' id='word_1_53' title='bbox 1653 861 1852 931; x_wconf 80' lang='grc' dir='ltr'>τρόπον</span> 
     </span>
    </p>
   </div>
   <div class='ocr_carea' id='block_1_10' title="bbox 272 941 1852 1016">
    <p class='ocr_par' dir='ltr' id='par_1_10' title="bbox 272 941 1852 1016">
     <span class='ocr_line' id='line_1_10' title="bbox 272 941 1852 1016; baseline 0.008 -24"><span class='ocrx_word' id='word_1_54' title='bbox 272 941 396 992; x_wconf 73' lang='grc' dir='ltr'>ἐστὶ</span> <span class='ocrx_word' id='word_1_55' title='bbox 442 941 508 993; x_wconf 85' lang='grc' dir='ltr'><strong>τά</strong></span> <span class='ocrx_word' id='word_1_56' title='bbox 554 943 717 1002; x_wconf 82' lang='grc' dir='ltr'>κακὰ,</span> <span class='ocrx_word' id='word_1_57' title='bbox 747 945 840 998; x_wconf 73' lang='grc' dir='ltr'><strong>καὶ</strong></span> <span class='ocrx_word' id='word_1_58' title='bbox 877 947 956 999; x_wconf 86' lang='grc' dir='ltr'><strong>ὄτι</strong></span> <span class='ocrx_word' id='word_1_59' title='bbox 983 946 1077 1016; x_wconf 86' lang='grc' dir='ltr'><strong>οὑχ</strong></span> <span class='ocrx_word' id='word_1_60' title='bbox 1106 941 1215 1002; x_wconf 78' lang='grc' dir='ltr'>οἷόν</span> <span class='ocrx_word' id='word_1_61' title='bbox 1240 965 1299 1001; x_wconf 89' lang='grc' dir='ltr'><strong>τε</strong></span> <span class='ocrx_word' id='word_1_62' title='bbox 1341 951 1488 1003; x_wconf 72' lang='grc' dir='ltr'>ἐστὶν</span> <span class='ocrx_word' id='word_1_63' title='bbox 1529 952 1698 1004; x_wconf 77' lang='grc' dir='ltr'>αἴτιον</span> <span class='ocrx_word' id='word_1_64' title='bbox 1745 951 1852 1006; x_wconf 82' lang='grc' dir='ltr'><strong>τῶν</strong></span> 
     </span>
    </p>
   </div>
   <div class='ocr_carea' id='block_1_11' title="bbox 273 1033 1852 1112">
    <p class='ocr_par' dir='ltr' id='par_1_11' title="bbox 273 1033 1852 1112">
     <span class='ocr_line' id='line_1_11' title="bbox 273 1033 1852 1112; baseline 0.007 -29"><span class='ocrx_word' id='word_1_65' title='bbox 273 1033 468 1085; x_wconf 80' lang='grc' dir='ltr'>κακῶν</span> <span class='ocrx_word' id='word_1_66' title='bbox 500 1035 672 1087; x_wconf 73' lang='grc' dir='ltr'>εἰπεῖν</span> <span class='ocrx_word' id='word_1_67' title='bbox 699 1035 789 1088; x_wconf 73' lang='grc' dir='ltr'>τὸν</span> <span class='ocrx_word' id='word_1_68' title='bbox 822 1035 972 1101; x_wconf 78' lang='grc' dir='ltr'>Θεὸν,</span> <span class='ocrx_word' id='word_1_69' title='bbox 996 1037 1060 1090; x_wconf 86' lang='grc' dir='ltr'><strong>ὲκ</strong></span> <span class='ocrx_word' id='word_1_70' title='bbox 1097 1038 1190 1091; x_wconf 77' lang='grc' dir='ltr'>τοῦ</span> <span class='ocrx_word' id='word_1_71' title='bbox 1239 1039 1386 1110; x_wconf 81' lang='grc' dir='ltr'>ὓλην</span> <span class='ocrx_word' id='word_1_72' title='bbox 1428 1040 1574 1112; x_wconf 82' lang='grc' dir='ltr'>αὑτῷ</span> <span class='ocrx_word' id='word_1_73' title='bbox 1599 1040 1852 1095; x_wconf 86' lang='grc' dir='ltr'>ὑποτιθέ-</span> 
     </span>
    </p>
   </div>
   <div class='ocr_carea' id='block_1_12' title="bbox 272 1124 1848 1201">
    <p class='ocr_par' dir='ltr' id='par_1_12' title="bbox 272 1124 1848 1201">
     <span class='ocr_line' id='line_1_12' title="bbox 272 1124 1848 1201; baseline 0.006 -27"><span class='ocrx_word' id='word_1_74' title='bbox 272 1138 366 1175; x_wconf 82' lang='grc' dir='ltr'><strong>ναι</strong></span> <span class='ocrx_word' id='word_1_75' title='bbox 397 1124 494 1194; x_wconf 80' lang='grc' dir='ltr'><strong>τὴν</strong></span> <span class='ocrx_word' id='word_1_76' title='bbox 534 1125 787 1196; x_wconf 78' lang='grc' dir='ltr'>τοιαύτην</span> <span class='ocrx_word' id='word_1_77' title='bbox 825 1127 1097 1193; x_wconf 84' lang='grc' dir='ltr'>ὑπόνοιαν,</span> <span class='ocrx_word' id='word_1_78' title='bbox 1143 1130 1480 1200; x_wconf 82' lang='grc' dir='ltr'>ἀναιρεῖσθαί</span> <span class='ocrx_word' id='word_1_79' title='bbox 1531 1148 1620 1201; x_wconf 89' lang='grc' dir='ltr'><strong>μοι</strong></span> <span class='ocrx_word' id='word_1_80' title='bbox 1670 1131 1848 1184; x_wconf 78' lang='grc' dir='ltr'>δοκεῖ’</span> 
     </span>
    </p>
   </div>
   <div class='ocr_carea' id='block_1_13' title="bbox 271 1215 1852 1297">
    <p class='ocr_par' dir='ltr' id='par_1_13' title="bbox 271 1215 1852 1297">
     <span class='ocr_line' id='line_1_13' title="bbox 271 1215 1852 1297; baseline 0.008 -30"><span class='ocrx_word' id='word_1_81' title='bbox 271 1215 380 1275; x_wconf 74' lang='grc' dir='ltr'>ὃτι,</span> <span class='ocrx_word' id='word_1_82' title='bbox 413 1217 462 1268; x_wconf 79' lang='grc' dir='ltr'>εξ</span> <span class='ocrx_word' id='word_1_83' title='bbox 512 1218 610 1280; x_wconf 76' lang='grc' dir='ltr'>τὰς</span> <span class='ocrx_word' id='word_1_84' title='bbox 657 1220 944 1290; x_wconf 78' lang='grc' dir='ltr'><strong>ποιότητας</strong></span> <span class='ocrx_word' id='word_1_85' title='bbox 1005 1223 1078 1294; x_wconf 83' lang='grc' dir='ltr'>μὴ</span> <span class='ocrx_word' id='word_1_86' title='bbox 1128 1223 1293 1287; x_wconf 81' lang='grc' dir='ltr'>οὑσας</span> <span class='ocrx_word' id='word_1_87' title='bbox 1343 1224 1772 1297; x_wconf 72' lang='grc' dir='ltr'><strong>ἐδημιούργησεν</strong></span> <span class='ocrx_word' id='word_1_88' title='bbox 1823 1229 1852 1280; x_wconf 87' lang='grc' dir='ltr'>ὁ</span> 
     </span>
    </p>
   </div>
   <div class='ocr_carea' id='block_1_14' title="bbox 270 1303 1852 1387">
    <p class='ocr_par' dir='ltr' id='par_1_14' title="bbox 270 1303 1852 1387">
     <span class='ocr_line' id='line_1_14' title="bbox 270 1303 1852 1387; baseline 0.007 -29"><span class='ocrx_word' id='word_1_89' title='bbox 270 1303 430 1369; x_wconf 76' lang='grc' dir='ltr'>Θεὸς,</span> <span class='ocrx_word' id='word_1_90' title='bbox 458 1308 549 1360; x_wconf 85' lang='grc' dir='ltr'><strong>καί</strong></span> <span class='ocrx_word' id='word_1_91' title='bbox 575 1308 675 1373; x_wconf 76' lang='grc' dir='ltr'>τὰς</span> <span class='ocrx_word' id='word_1_92' title='bbox 707 1311 892 1374; x_wconf 77' lang='grc' dir='ltr'>οὐσίας</span> <span class='ocrx_word' id='word_1_93' title='bbox 922 1313 1142 1381; x_wconf 83' lang='grc' dir='ltr'>ὁμοίως.</span> <span class='ocrx_word' id='word_1_94' title='bbox 1172 1316 1281 1386; x_wconf 76' lang='grc' dir='ltr'>Φῂς</span> <span class='ocrx_word' id='word_1_95' title='bbox 1301 1315 1475 1368; x_wconf 81' lang='grc' dir='ltr'>τοίνυν</span> <span class='ocrx_word' id='word_1_96' title='bbox 1500 1315 1690 1369; x_wconf 79' lang='grc' dir='ltr'>ἄποιον</span> <span class='ocrx_word' id='word_1_97' title='bbox 1721 1315 1852 1387; x_wconf 79' lang='grc' dir='ltr'>ὓλην</span> 
     </span>
    </p>
   </div>
   <div class='ocr_carea' id='block_1_15' title="bbox 271 1399 1853 1478">
    <p class='ocr_par' dir='ltr' id='par_1_15' title="bbox 271 1399 1853 1478">
     <span class='ocr_line' id='line_1_15' title="bbox 271 1399 1853 1478; baseline 0.008 -29"><span class='ocrx_word' id='word_1_98' title='bbox 271 1399 642 1470; x_wconf 78' lang='grc' dir='ltr'>συνυπάρχειν</span> <span class='ocrx_word' id='word_1_99' title='bbox 682 1401 760 1472; x_wconf 85' lang='grc' dir='ltr'>τῷ</span> <span class='ocrx_word' id='word_1_100' title='bbox 789 1402 929 1474; x_wconf 81' lang='grc' dir='ltr'>Θεῷ,</span> <span class='ocrx_word' id='word_1_101' title='bbox 957 1405 1014 1474; x_wconf 78' lang='grc' dir='ltr'>ἐξ</span> <span class='ocrx_word' id='word_1_102' title='bbox 1050 1402 1118 1477; x_wconf 85' lang='grc' dir='ltr'>ἦς</span> <span class='ocrx_word' id='word_1_103' title='bbox 1148 1406 1246 1476; x_wconf 79' lang='grc' dir='ltr'><strong>τὴν</strong></span> <span class='ocrx_word' id='word_1_104' title='bbox 1273 1406 1367 1459; x_wconf 79' lang='grc' dir='ltr'><strong>τοῦ</strong></span> <span class='ocrx_word' id='word_1_105' title='bbox 1399 1406 1600 1478; x_wconf 84' lang='grc' dir='ltr'>κόσμου</span> <span class='ocrx_word' id='word_1_106' title='bbox 1642 1407 1853 1476; x_wconf 88' lang='grc' dir='ltr'>γένεσιν</span> 
     </span>
    </p>
   </div>
   <div class='ocr_carea' id='block_1_16' title="bbox 270 1488 738 1563">
    <p class='ocr_par' dir='ltr' id='par_1_16' title="bbox 270 1488 738 1563">
     <span class='ocr_line' id='line_1_16' title="bbox 270 1488 738 1563; baseline 0.009 -23"><span class='ocrx_word' id='word_1_107' title='bbox 270 1488 706 1563; x_wconf 75' lang='grc' dir='ltr'>ἐδημιούργησεν</span> <span class='ocrx_word' id='word_1_108' title='bbox 724 1511 738 1559; x_wconf 92' lang='lat'>;</span> 
     </span>
    </p>
   </div>
   <div class='ocr_carea' id='block_1_17' title="bbox 1954 586 3523 657">
    <p class='ocr_par' dir='ltr' id='par_1_17' title="bbox 1954 586 3523 657">
     <span class='ocr_line' id='line_1_17' title="bbox 1954 586 3523 657; baseline 0.004 -18"><span class='ocrx_word' id='word_1_109' title='bbox 1954 587 2123 657; x_wconf 88' lang='lat' dir='ltr'><strong>pium,</strong></span> <span class='ocrx_word' id='word_1_110' title='bbox 2159 593 2336 655; x_wconf 41' lang='lat' dir='ltr'><strong>atque.</strong></span> <span class='ocrx_word' id='word_1_111' title='bbox 2361 586 2627 640; x_wconf 78' lang='lat' dir='ltr'><strong>malorum</strong></span> <span class='ocrx_word' id='word_1_112' title='bbox 2663 605 2676 640; x_wconf 93' lang='lat'><strong>:</strong></span> <span class='ocrx_word' id='word_1_113' title='bbox 2709 589 2851 656; x_wconf 90' lang='lat' dir='ltr'><strong>quod</strong></span> <span class='ocrx_word' id='word_1_114' title='bbox 2900 590 3081 644; x_wconf 89' lang='lat' dir='ltr'><strong>minus</strong></span> <span class='ocrx_word' id='word_1_115' title='bbox 3136 589 3334 645; x_wconf 88' lang='lat' dir='ltr'><strong>decens</strong></span> <span class='ocrx_word' id='word_1_116' title='bbox 3391 591 3523 645; x_wconf 85' lang='lat' dir='ltr'><strong>mihi</strong></span> 
     </span>
    </p>
   </div>
   <div class='ocr_carea' id='block_1_18' title="bbox 1957 677 3523 748">
    <p class='ocr_par' dir='ltr' id='par_1_18' title="bbox 1957 677 3523 748">
     <span class='ocr_line' id='line_1_18' title="bbox 1957 677 3523 748; baseline 0.003 -15"><span class='ocrx_word' id='word_1_117' title='bbox 1957 680 2190 742; x_wconf 82' lang='lat' dir='ltr'><strong>videtur,</strong></span> <span class='ocrx_word' id='word_1_118' title='bbox 2213 679 2344 748; x_wconf 93' lang='lat' dir='ltr'><strong>quin</strong></span> <span class='ocrx_word' id='word_1_119' title='bbox 2377 678 2539 731; x_wconf 91' lang='lat' dir='ltr'><strong>etiam</strong></span> <span class='ocrx_word' id='word_1_120' title='bbox 2560 679 2945 748; x_wconf 88' lang='lat' dir='ltr'><strong>periculosum.</strong></span> <span class='ocrx_word' id='word_1_121' title='bbox 2977 677 3112 734; x_wconf 86' lang='lat' dir='ltr'><strong>Nam</strong></span> <span class='ocrx_word' id='word_1_122' title='bbox 3142 679 3264 735; x_wconf 88' lang='lat' dir='ltr'><strong>ideo</strong></span> <span class='ocrx_word' id='word_1_123' title='bbox 3293 682 3374 736; x_wconf 89' lang='lat' dir='ltr'><strong>vis</strong></span> <span class='ocrx_word' id='word_1_124' title='bbox 3400 697 3523 737; x_wconf 84' lang='lat' dir='ltr'><strong>esse</strong></span> 
     </span>
    </p>
   </div>
   <div class='ocr_carea' id='block_1_19' title="bbox 1958 766 3524 832">
    <p class='ocr_par' dir='ltr' id='par_1_19' title="bbox 1958 766 3524 832">
     <span class='ocr_line' id='line_1_19' title="bbox 1958 766 3524 832; baseline -0.001 -8"><span class='ocrx_word' id='word_1_125' title='bbox 1958 769 2265 832; x_wconf 76' lang='lat' dir='ltr'><strong>materiam,</strong></span> <span class='ocrx_word' id='word_1_126' title='bbox 2311 775 2368 822; x_wconf 92' lang='lat' dir='ltr'><strong>ut</strong></span> <span class='ocrx_word' id='word_1_127' title='bbox 2397 784 2464 822; x_wconf 83' lang='lat' dir='ltr'><strong>ne</strong></span> <span class='ocrx_word' id='word_1_128' title='bbox 2501 766 2668 822; x_wconf 89' lang='lat' dir='ltr'><strong>Deum</strong></span> <span class='ocrx_word' id='word_1_129' title='bbox 2703 769 2966 822; x_wconf 86' lang='lat' dir='ltr'><strong>malorum</strong></span> <span class='ocrx_word' id='word_1_130' title='bbox 2991 779 3267 825; x_wconf 91' lang='lat' dir='ltr'><strong>auctorem</strong></span> <span class='ocrx_word' id='word_1_131' title='bbox 3291 769 3524 824; x_wconf 81' lang='lat' dir='ltr'><strong>anirma-</strong></span> 
     </span>
    </p>
   </div>
   <div class='ocr_carea' id='block_1_20' title="bbox 1956 858 3525 929">
    <p class='ocr_par' dir='ltr' id='par_1_20' title="bbox 1956 858 3525 929">
     <span class='ocr_line' id='line_1_20' title="bbox 1956 858 3525 929; baseline 0.001 -16"><span class='ocrx_word' id='word_1_132' title='bbox 1956 859 2100 914; x_wconf 82' lang='lat' dir='ltr'><strong>veris</strong></span> <span class='ocrx_word' id='word_1_133' title='bbox 2131 878 2142 912; x_wconf 95' lang='lat'>:</span> <span class='ocrx_word' id='word_1_134' title='bbox 2178 874 2411 929; x_wconf 90' lang='lat' dir='ltr'><strong>cumque</strong></span> <span class='ocrx_word' id='word_1_135' title='bbox 2453 858 2557 912; x_wconf 87' lang='lat' dir='ltr'><strong>hoc</strong></span> <span class='ocrx_word' id='word_1_136' title='bbox 2607 859 2743 913; x_wconf 79' lang='lat' dir='ltr'><strong>velis</strong></span> <span class='ocrx_word' id='word_1_137' title='bbox 2801 874 3016 924; x_wconf 81' lang='lat' dir='ltr'><strong>cavere,</strong></span> <span class='ocrx_word' id='word_1_138' title='bbox 3068 869 3335 914; x_wconf 87' lang='lat' dir='ltr'><strong>malorum</strong></span> <span class='ocrx_word' id='word_1_139' title='bbox 3392 875 3525 914; x_wconf 86' lang='lat' dir='ltr'><strong>con-</strong></span> 
     </span>
    </p>
   </div>
   <div class='ocr_carea' id='block_1_21' title="bbox 1956 949 3524 1019">
    <p class='ocr_par' dir='ltr' id='par_1_21' title="bbox 1956 949 3524 1019">
     <span class='ocr_line' id='line_1_21' title="bbox 1956 949 3524 1019; baseline 0.001 -15"><span class='ocrx_word' id='word_1_140' title='bbox 1956 951 2320 1019; x_wconf 88' lang='lat' dir='ltr'><strong>ceptaculum,</strong></span> <span class='ocrx_word' id='word_1_141' title='bbox 2352 965 2474 1004; x_wconf 91' lang='lat' dir='ltr'><strong>eum</strong></span> <span class='ocrx_word' id='word_1_142' title='bbox 2513 950 2670 1005; x_wconf 89' lang='lat' dir='ltr'><strong>dicis.</strong></span> <span class='ocrx_word' id='word_1_143' title='bbox 2721 949 2878 1016; x_wconf 88' lang='lat' dir='ltr'><strong>Quod</strong></span> <span class='ocrx_word' id='word_1_144' title='bbox 2940 952 2986 1006; x_wconf 89' lang='lat' dir='ltr'><strong>si</strong></span> <span class='ocrx_word' id='word_1_145' title='bbox 3038 953 3317 1005; x_wconf 86' lang='lat' dir='ltr'><strong>materiam</strong></span> <span class='ocrx_word' id='word_1_146' title='bbox 3370 961 3524 1006; x_wconf 79' lang='lat' dir='ltr'><strong>extra</strong></span> 
     </span>
    </p>
   </div>
   <div class='ocr_carea' id='block_1_22' title="bbox 1955 1041 3524 1105">
    <p class='ocr_par' dir='ltr' id='par_1_22' title="bbox 1955 1041 3524 1105">
     <span class='ocr_line' id='line_1_22' title="bbox 1955 1041 3524 1105; baseline 0.001 -9"><span class='ocrx_word' id='word_1_147' title='bbox 1955 1042 2308 1097; x_wconf 83' lang='lat' dir='ltr'><strong>subsistentia</strong></span> <span class='ocrx_word' id='word_1_148' title='bbox 2360 1049 2543 1096; x_wconf 84' lang='lat' dir='ltr'><strong>creata</strong></span> <span class='ocrx_word' id='word_1_149' title='bbox 2590 1041 2932 1105; x_wconf 83' lang='lat' dir='ltr'><strong>existimans,</strong></span> <span class='ocrx_word' id='word_1_150' title='bbox 2963 1043 3258 1097; x_wconf 84' lang='lat' dir='ltr'><strong>increat‘am</strong></span> <span class='ocrx_word' id='word_1_151' title='bbox 3291 1043 3524 1097; x_wconf 82' lang='lat' dir='ltr'><strong>dixisses</strong></span> 
     </span>
    </p>
   </div>
   <div class='ocr_carea' id='block_1_23' title="bbox 1957 1133 3525 1204">
    <p class='ocr_par' dir='ltr' id='par_1_23' title="bbox 1957 1133 3525 1204">
     <span class='ocr_line' id='line_1_23' title="bbox 1957 1133 3525 1204; baseline 0.001 -16"><span class='ocrx_word' id='word_1_152' title='bbox 1957 1133 2466 1201; x_wconf 65' lang='lat' dir='ltr'><strong>exsistere,§multis</strong></span> <span class='ocrx_word' id='word_1_153' title='bbox 2484 1133 2548 1188; x_wconf 90' lang='lat' dir='ltr'><strong>de</strong></span> <span class='ocrx_word' id='word_1_154' title='bbox 2569 1149 2630 1187; x_wconf 87' lang='lat' dir='ltr'><strong>ea</strong></span> <span class='ocrx_word' id='word_1_155' title='bbox 2658 1134 2873 1188; x_wconf 87' lang='lat' dir='ltr'><strong>locutus</strong></span> <span class='ocrx_word' id='word_1_156' title='bbox 2889 1149 3087 1201; x_wconf 90' lang='lat' dir='ltr'><strong>essem,</strong></span> <span class='ocrx_word' id='word_1_157' title='bbox 3114 1136 3388 1204; x_wconf 88' lang='lat' dir='ltr'><strong>probando</strong></span> <span class='ocrx_word' id='word_1_158' title='bbox 3416 1151 3525 1189; x_wconf 90' lang='lat' dir='ltr'><strong>non</strong></span> 
     </span>
    </p>
   </div>
   <div class='ocr_carea' id='block_1_24' title="bbox 1958 1225 3524 1296">
    <p class='ocr_par' dir='ltr' id='par_1_24' title="bbox 1958 1225 3524 1296">
     <span class='ocr_line' id='line_1_24' title="bbox 1958 1225 3524 1296; baseline 0.001 -17"><span class='ocrx_word' id='word_1_159' title='bbox 1958 1241 2119 1296; x_wconf 86' lang='lat' dir='ltr'><strong>posse</strong></span> <span class='ocrx_word' id='word_1_160' title='bbox 2154 1226 2291 1290; x_wconf 84' lang='lat' dir='ltr'><strong>fieri,</strong></span> <span class='ocrx_word' id='word_1_161' title='bbox 2321 1234 2381 1280; x_wconf 94' lang='lat' dir='ltr'><strong>ut</strong></span> <span class='ocrx_word' id='word_1_162' title='bbox 2406 1241 2469 1280; x_wconf 88' lang='lat' dir='ltr'><strong>ea</strong></span> <span class='ocrx_word' id='word_1_163' title='bbox 2504 1226 2744 1280; x_wconf 88' lang='lat' dir='ltr'><strong>increata</strong></span> <span class='ocrx_word' id='word_1_164' title='bbox 2786 1227 2875 1280; x_wconf 85' lang='lat' dir='ltr'><strong>sit.</strong></span> <span class='ocrx_word' id='word_1_165' title='bbox 2907 1225 3044 1292; x_wconf 87' lang='lat' dir='ltr'><strong>Quia</strong></span> <span class='ocrx_word' id='word_1_166' title='bbox 3079 1243 3207 1281; x_wconf 90' lang='lat' dir='ltr'><strong>vero</strong></span> <span class='ocrx_word' id='word_1_167' title='bbox 3258 1229 3524 1282; x_wconf 88' lang='lat' dir='ltr'><strong>malorum</strong></span> 
     </span>
    </p>
   </div>
   <div class='ocr_carea' id='block_1_25' title="bbox 1959 1317 3528 1389">
    <p class='ocr_par' dir='ltr' id='par_1_25' title="bbox 1959 1317 3528 1389">
     <span class='ocr_line' id='line_1_25' title="bbox 1959 1317 3528 1389; baseline 0.002 -19"><span class='ocrx_word' id='word_1_168' title='bbox 1959 1323 2158 1380; x_wconf 90' lang='lat' dir='ltr'><strong>ortum,</strong></span> <span class='ocrx_word' id='word_1_169' title='bbox 2217 1318 2550 1385; x_wconf 85' lang='lat' dir='ltr'><strong>ejuscemodi</strong></span> <span class='ocrx_word' id='word_1_170' title='bbox 2597 1318 2871 1388; x_wconf 84' lang='lat' dir='ltr'><strong>opinionis</strong></span> <span class='ocrx_word' id='word_1_171' title='bbox 2913 1317 3052 1373; x_wconf 89' lang='lat' dir='ltr'><strong>dicis</strong></span> <span class='ocrx_word' id='word_1_172' title='bbox 3092 1333 3344 1383; x_wconf 87' lang='lat' dir='ltr'><strong>causam,</strong></span> <span class='ocrx_word' id='word_1_173' title='bbox 3400 1335 3528 1389; x_wconf 86' lang='lat' dir='ltr'><strong>pro-</strong></span> 
     </span>
    </p>
   </div>
   <div class='ocr_carea' id='block_1_26' title="bbox 1957 1408 3523 1478">
    <p class='ocr_par' dir='ltr' id='par_1_26' title="bbox 1957 1408 3523 1478">
     <span class='ocr_line' id='line_1_26' title="bbox 1957 1408 3523 1478; baseline 0.003 -20"><span class='ocrx_word' id='word_1_174' title='bbox 1957 1414 2141 1477; x_wconf 87' lang='lat' dir='ltr'><strong>pterea</strong></span> <span class='ocrx_word' id='word_1_175' title='bbox 2163 1408 2338 1462; x_wconf 76' lang='lat' dir='ltr'><strong>visum</strong></span> <span class='ocrx_word' id='word_1_176' title='bbox 2370 1416 2474 1473; x_wconf 88' lang='lat' dir='ltr'><strong>est,</strong></span> <span class='ocrx_word' id='word_1_177' title='bbox 2501 1419 2558 1461; x_wconf 94' lang='lat' dir='ltr'><strong>ut</strong></span> <span class='ocrx_word' id='word_1_178' title='bbox 2592 1408 2658 1461; x_wconf 93' lang='lat' dir='ltr'><strong>ad</strong></span> <span class='ocrx_word' id='word_1_179' title='bbox 2691 1411 2916 1464; x_wconf 88' lang='lat' dir='ltr'><strong>istorum</strong></span> <span class='ocrx_word' id='word_1_180' title='bbox 2938 1423 3163 1462; x_wconf 81' lang='lat' dir='ltr'><strong>examen</strong></span> <span class='ocrx_word' id='word_1_181' title='bbox 3190 1410 3523 1478; x_wconf 81' lang='lat' dir='ltr'><strong>progrediar.</strong></span> 
     </span>
    </p>
   </div>
   <div class='ocr_carea' id='block_1_27' title="bbox 1958 1498 3529 1570">
    <p class='ocr_par' dir='ltr' id='par_1_27' title="bbox 1958 1498 3529 1570">
     <span class='ocr_line' id='line_1_27' title="bbox 1958 1498 3529 1570; baseline 0.002 -19"><span class='ocrx_word' id='word_1_182' title='bbox 1958 1498 2245 1554; x_wconf 88' lang='lat' dir='ltr'><strong>Deelarato</strong></span> <span class='ocrx_word' id='word_1_183' title='bbox 2267 1499 2433 1562; x_wconf 89' lang='lat' dir='ltr'><strong>enim,</strong></span> <span class='ocrx_word' id='word_1_184' title='bbox 2454 1499 2728 1568; x_wconf 92' lang='lat' dir='ltr'><strong>quomodo</strong></span> <span class='ocrx_word' id='word_1_185' title='bbox 2762 1501 2894 1553; x_wconf 69' lang='lat' dir='ltr'><strong>[iant</strong></span> <span class='ocrx_word' id='word_1_186' title='bbox 2921 1501 3083 1564; x_wconf 88' lang='lat' dir='ltr'><strong>mala,</strong></span> <span class='ocrx_word' id='word_1_187' title='bbox 3107 1501 3359 1570; x_wconf 79' lang='lat' dir='ltr'><strong>quodque</strong></span> <span class='ocrx_word' id='word_1_188' title='bbox 3387 1501 3529 1554; x_wconf 87' lang='lat' dir='ltr'><strong>Deus</strong></span> 
     </span>
    </p>
   </div>
   <div class='ocr_carea' id='block_1_28' title="bbox 266 1585 3527 1665">
    <p class='ocr_par' dir='ltr' id='par_1_28' title="bbox 266 1585 3527 1665">
     <span class='ocr_line' id='line_1_28' title="bbox 266 1585 3527 1665; baseline 0.005 -29"><span class='ocrx_word' id='word_1_189' title='bbox 266 1585 546 1638; x_wconf 88' lang='lat' dir='ltr'><strong>malorum</strong></span> <span class='ocrx_word' id='word_1_190' title='bbox 586 1597 776 1642; x_wconf 85' lang='lat' dir='ltr'><strong>auctor</strong></span> <span class='ocrx_word' id='word_1_191' title='bbox 807 1589 913 1646; x_wconf 91' lang='lat' dir='ltr'><strong>dici</strong></span> <span class='ocrx_word' id='word_1_192' title='bbox 968 1600 1222 1662; x_wconf 78' lang='lat' dir='ltr'><strong>nequeat,</strong></span> <span class='ocrx_word' id='word_1_193' title='bbox 1287 1601 1608 1665; x_wconf 81' lang='lat' dir='ltr'><strong>suggerente</strong></span> <span class='ocrx_word' id='word_1_194' title='bbox 1669 1595 1896 1650; x_wconf 89' lang='lat' dir='ltr'><strong>materia</strong></span> <span class='ocrx_word' id='word_1_195' title='bbox 1949 1595 2218 1664; x_wconf 87' lang='lat' dir='ltr'><strong>ejusmodi</strong></span> <span class='ocrx_word' id='word_1_196' title='bbox 2275 1596 2606 1664; x_wconf 83' lang='lat' dir='ltr'><strong>opinionem,</strong></span> <span class='ocrx_word' id='word_1_197' title='bbox 2646 1596 2776 1649; x_wconf 90' lang='lat' dir='ltr'><strong>mihi</strong></span> <span class='ocrx_word' id='word_1_198' title='bbox 2829 1595 3024 1650; x_wconf 89' lang='lat' dir='ltr'><strong>confici</strong></span> <span class='ocrx_word' id='word_1_199' title='bbox 3078 1597 3311 1661; x_wconf 81' lang='lat' dir='ltr'><strong>videtur,</strong></span> <span class='ocrx_word' id='word_1_200' title='bbox 3367 1606 3427 1651; x_wconf 90' lang='lat' dir='ltr'><strong>ut</strong></span> <span class='ocrx_word' id='word_1_201' title='bbox 3479 1597 3527 1652; x_wconf 90' lang='lat' dir='ltr'><strong>si</strong></span> 
     </span>
    </p>
   </div>
   <div class='ocr_carea' id='block_1_29' title="bbox 269 1670 3529 1758">
    <p class='ocr_par' dir='ltr' id='par_1_29' title="bbox 269 1670 3529 1758">
     <span class='ocr_line' id='line_1_29' title="bbox 269 1670 3529 1758; baseline 0.005 -31"><span class='ocrx_word' id='word_1_202' title='bbox 269 1670 422 1729; x_wconf 88' lang='lat' dir='ltr'><strong>Deus</strong></span> <span class='ocrx_word' id='word_1_203' title='bbox 451 1678 741 1746; x_wconf 89' lang='lat' dir='ltr'><strong>qualitates</strong></span> <span class='ocrx_word' id='word_1_204' title='bbox 774 1697 894 1751; x_wconf 66' lang='lat' dir='ltr'><strong>quae</strong></span> <span class='ocrx_word' id='word_1_205' title='bbox 923 1699 1030 1738; x_wconf 89' lang='lat' dir='ltr'><strong>non</strong></span> <span class='ocrx_word' id='word_1_206' title='bbox 1053 1691 1228 1748; x_wconf 87' lang='lat' dir='ltr'><strong>erant,</strong></span> <span class='ocrx_word' id='word_1_207' title='bbox 1248 1686 1474 1752; x_wconf 81' lang='lat' dir='ltr'><strong>creavit,</strong></span> <span class='ocrx_word' id='word_1_208' title='bbox 1502 1686 1666 1741; x_wconf 80' lang='lat' dir='ltr'><strong>simili</strong></span> <span class='ocrx_word' id='word_1_209' title='bbox 1688 1687 1852 1742; x_wconf 89' lang='lat' dir='ltr'><strong>etiam</strong></span> <span class='ocrx_word' id='word_1_210' title='bbox 1877 1687 2092 1741; x_wconf 89' lang='lat' dir='ltr'><strong>ratione</strong></span> <span class='ocrx_word' id='word_1_211' title='bbox 2127 1687 2469 1742; x_wconf 89' lang='lat' dir='ltr'><strong>substantias</strong></span> <span class='ocrx_word' id='word_1_212' title='bbox 2512 1688 2732 1745; x_wconf 89' lang='lat' dir='ltr'><strong>crearit.</strong></span> <span class='ocrx_word' id='word_1_213' title='bbox 2770 1687 2890 1741; x_wconf 81' lang='lat' dir='ltr'><strong>Ain‘</strong></span> <span class='ocrx_word' id='word_1_214' title='bbox 2921 1703 3050 1758; x_wconf 82' lang='lat' dir='ltr'><strong>ergo</strong></span> <span class='ocrx_word' id='word_1_215' title='bbox 3109 1692 3391 1744; x_wconf 87' lang='lat' dir='ltr'><strong>materiam</strong></span> <span class='ocrx_word' id='word_1_216' title='bbox 3431 1705 3529 1743; x_wconf 92' lang='lat' dir='ltr'><strong>nu-</strong></span> 
     </span>
    </p>
   </div>
   <div class='ocr_carea' id='block_1_30' title="bbox 269 1769 2475 1854">
    <p class='ocr_par' dir='ltr' id='par_1_30' title="bbox 269 1769 2475 1854">
     <span class='ocr_line' id='line_1_30' title="bbox 269 1769 2475 1854; baseline 0.006 -31"><span class='ocrx_word' id='word_1_217' title='bbox 269 1769 400 1824; x_wconf 89' lang='lat' dir='ltr'><strong>dam</strong></span> <span class='ocrx_word' id='word_1_218' title='bbox 434 1775 695 1842; x_wconf 84' lang='lat' dir='ltr'><strong>qualitate</strong></span> <span class='ocrx_word' id='word_1_219' title='bbox 726 1786 777 1834; x_wconf 88' lang='lat' dir='ltr'><strong>et</strong></span> <span class='ocrx_word' id='word_1_220' title='bbox 802 1779 1112 1846; x_wconf 83' lang='lat' dir='ltr'><strong>informem,</strong></span> <span class='ocrx_word' id='word_1_221' title='bbox 1132 1781 1243 1838; x_wconf 82' lang='lat' dir='ltr'><strong>Deo</strong></span> <span class='ocrx_word' id='word_1_222' title='bbox 1265 1783 1705 1850; x_wconf 78' lang='lat' dir='ltr'><strong>coexsistere,ex</strong></span> <span class='ocrx_word' id='word_1_223' title='bbox 1736 1799 1843 1854; x_wconf 88' lang='lat' dir='ltr'><strong>qua</strong></span> <span class='ocrx_word' id='word_1_224' title='bbox 1875 1783 2136 1838; x_wconf 86' lang='lat' dir='ltr'><strong>mundum</strong></span> <span class='ocrx_word' id='word_1_225' title='bbox 2165 1783 2475 1837; x_wconf 86' lang='lat' dir='ltr'><strong>creaverit?</strong></span> 
     </span>
    </p>
   </div>
   <div class='ocr_carea' id='block_1_31' title="bbox 347 1864 1066 1941">
    <p class='ocr_par' dir='ltr' id='par_1_31' title="bbox 347 1864 1066 1941">
     <span class='ocr_line' id='line_1_31' title="bbox 347 1864 1066 1941; baseline 0.017 -26"><span class='ocrx_word' id='word_1_226' title='bbox 347 1864 552 1918; x_wconf 81' lang='grc' dir='ltr'>ΟΥΑΛ.</span> <span class='ocrx_word' id='word_1_227' title='bbox 593 1868 748 1923; x_wconf 78' lang='grc' dir='ltr'>Οὑτω</span> <span class='ocrx_word' id='word_1_228' title='bbox 780 1889 870 1941; x_wconf 90' lang='grc' dir='ltr'><strong>μοι</strong></span> <span class='ocrx_word' id='word_1_229' title='bbox 901 1873 1066 1927; x_wconf 91' lang='grc' dir='ltr'>δοκεῖ.</span> 
     </span>
    </p>
   </div>
   <div class='ocr_carea' id='block_1_32' title="bbox 344 1957 1852 2039">
    <p class='ocr_par' dir='ltr' id='par_1_32' title="bbox 344 1957 1852 2039">
     <span class='ocr_line' id='line_1_32' title="bbox 344 1957 1852 2039; baseline 0.019 -33"><span class='ocrx_word' id='word_1_230' title='bbox 344 1957 576 2010; x_wconf 78' lang='grc' dir='ltr'>ΟΡΘΟΔ.</span> <span class='ocrx_word' id='word_1_231' title='bbox 626 1961 832 2015; x_wconf 74' lang='grc' dir='ltr'>Οὐκοῦν</span> <span class='ocrx_word' id='word_1_232' title='bbox 890 1967 937 2017; x_wconf 73' lang='grc' dir='ltr'>εἰ</span> <span class='ocrx_word' id='word_1_233' title='bbox 981 1964 1170 2030; x_wconf 80' lang='grc' dir='ltr'>ἄποιος</span> <span class='ocrx_word' id='word_1_234' title='bbox 1203 1965 1494 2037; x_wconf 80' lang='grc' dir='ltr'>ἐτύγχανεν</span> <span class='ocrx_word' id='word_1_235' title='bbox 1522 1967 1555 2038; x_wconf 86' lang='grc' dir='ltr'><strong>ἡ</strong></span> <span class='ocrx_word' id='word_1_236' title='bbox 1583 1966 1706 2039; x_wconf 72' lang='grc' dir='ltr'>ὓλην</span> <span class='ocrx_word' id='word_1_237' title='bbox 1758 1967 1852 2035; x_wconf 79' lang='grc' dir='ltr'>γέ-</span> 
     </span>
    </p>
   </div>
   <div class='ocr_carea' id='block_1_33' title="bbox 270 2048 1856 2132">
    <p class='ocr_par' dir='ltr' id='par_1_33' title="bbox 270 2048 1856 2132">
     <span class='ocr_line' id='line_1_33' title="bbox 270 2048 1856 2132; baseline 0.01 -35"><span class='ocrx_word' id='word_1_238' title='bbox 270 2062 398 2112; x_wconf 83' lang='grc' dir='ltr'>γονε</span> <span class='ocrx_word' id='word_1_239' title='bbox 431 2048 488 2100; x_wconf 88' lang='grc' dir='ltr'><strong>δὲ</strong></span> <span class='ocrx_word' id='word_1_240' title='bbox 537 2051 738 2121; x_wconf 85' lang='grc' dir='ltr'>κόσμος</span> <span class='ocrx_word' id='word_1_241' title='bbox 773 2055 908 2126; x_wconf 75' lang='grc' dir='ltr'>πρὸς</span> <span class='ocrx_word' id='word_1_242' title='bbox 947 2057 1039 2110; x_wconf 79' lang='grc' dir='ltr'><strong>τοῦ</strong></span> <span class='ocrx_word' id='word_1_243' title='bbox 1083 2058 1238 2125; x_wconf 81' lang='grc' dir='ltr'>Θεοῦ,</span> <span class='ocrx_word' id='word_1_244' title='bbox 1270 2061 1330 2112; x_wconf 85' lang='grc' dir='ltr'>ὲν</span> <span class='ocrx_word' id='word_1_245' title='bbox 1376 2059 1433 2112; x_wconf 79' lang='grc' dir='ltr'><strong>δὲ</strong></span> <span class='ocrx_word' id='word_1_246' title='bbox 1474 2059 1553 2130; x_wconf 81' lang='grc' dir='ltr'>τῷ</span> <span class='ocrx_word' id='word_1_247' title='bbox 1583 2060 1772 2132; x_wconf 86' lang='grc' dir='ltr'>κόσμῳ</span> <span class='ocrx_word' id='word_1_248' title='bbox 1799 2062 1856 2115; x_wconf 80' lang='grc' dir='ltr'>αἱ</span> 
     </span>
    </p>
   </div>
   <div class='ocr_carea' id='block_1_34' title="bbox 270 2141 1754 2226">
    <p class='ocr_par' dir='ltr' id='par_1_34' title="bbox 270 2141 1754 2226">
     <span class='ocr_line' id='line_1_34' title="bbox 270 2141 1754 2226; baseline 0.012 -35"><span class='ocrx_word' id='word_1_249' title='bbox 270 2141 589 2213; x_wconf 76' lang='grc' dir='ltr'>ποιότητεςο</span> <span class='ocrx_word' id='word_1_250' title='bbox 618 2145 726 2199; x_wconf 80' lang='grc' dir='ltr'>τῶν</span> <span class='ocrx_word' id='word_1_251' title='bbox 750 2152 1047 2222; x_wconf 80' lang='grc' dir='ltr'>ποιοτήτων</span> <span class='ocrx_word' id='word_1_252' title='bbox 1079 2153 1268 2222; x_wconf 85' lang='grc' dir='ltr'>γέγονε</span> <span class='ocrx_word' id='word_1_253' title='bbox 1299 2153 1527 2226; x_wconf 84' lang='grc' dir='ltr'>ποιητὴς</span> <span class='ocrx_word' id='word_1_254' title='bbox 1557 2156 1585 2209; x_wconf 89' lang='grc' dir='ltr'><strong>ό</strong></span> <span class='ocrx_word' id='word_1_255' title='bbox 1604 2154 1754 2219; x_wconf 86' lang='grc' dir='ltr'>Θεός.</span> 
     </span>
    </p>
   </div>
   <div class='ocr_carea' id='block_1_35' title="bbox 342 2332 941 2405">
    <p class='ocr_par' dir='ltr' id='par_1_35' title="bbox 342 2332 941 2405">
     <span class='ocr_line' id='line_1_35' title="bbox 342 2332 941 2405; baseline 0.005 -20"><span class='ocrx_word' id='word_1_256' title='bbox 342 2332 550 2389; x_wconf 81' lang='grc' dir='ltr'>ΟΥΔΛ.</span> <span class='ocrx_word' id='word_1_257' title='bbox 597 2333 784 2398; x_wconf 84' lang='grc' dir='ltr'>Οὑτως</span> <span class='ocrx_word' id='word_1_258' title='bbox 806 2334 941 2405; x_wconf 80' lang='grc' dir='ltr'>ἔχει.</span> 
     </span>
    </p>
   </div>
   <div class='ocr_carea' id='block_1_36' title="bbox 341 2427 1858 2502">
    <p class='ocr_par' dir='ltr' id='par_1_36' title="bbox 341 2427 1858 2502">
     <span class='ocr_line' id='line_1_36' title="bbox 341 2427 1858 2502; baseline 0.003 -23"><span class='ocrx_word' id='word_1_259' title='bbox 341 2427 582 2480; x_wconf 82' lang='grc' dir='ltr'>ΟΡΘΟΔ.</span> <span class='ocrx_word' id='word_1_260' title='bbox 638 2428 788 2479; x_wconf 77' lang='grc' dir='ltr'>Ἐπεὶ</span> <span class='ocrx_word' id='word_1_261' title='bbox 825 2427 879 2479; x_wconf 87' lang='grc' dir='ltr'>δέ</span> <span class='ocrx_word' id='word_1_262' title='bbox 913 2443 1006 2480; x_wconf 89' lang='grc' dir='ltr'><strong>σου</strong></span> <span class='ocrx_word' id='word_1_263' title='bbox 1049 2427 1143 2482; x_wconf 74' lang='grc' dir='ltr'>καὶ</span> <span class='ocrx_word' id='word_1_264' title='bbox 1173 2427 1422 2496; x_wconf 87' lang='grc' dir='ltr'>λέγοντος</span> <span class='ocrx_word' id='word_1_265' title='bbox 1448 2428 1682 2501; x_wconf 83' lang='grc' dir='ltr'>πρόσθεν</span> <span class='ocrx_word' id='word_1_266' title='bbox 1703 2431 1858 2502; x_wconf 73' lang='grc' dir='ltr'>ἧκουρ</span> 
     </span>
    </p>
   </div>
   <div class='ocr_carea' id='block_1_37' title="bbox 268 2519 1856 2594">
    <p class='ocr_par' dir='ltr' id='par_1_37' title="bbox 268 2519 1856 2594">
     <span class='ocr_line' id='line_1_37' title="bbox 268 2519 1856 2594; baseline 0.001 -22"><span class='ocrx_word' id='word_1_267' title='bbox 268 2537 349 2583; x_wconf 89' lang='grc' dir='ltr'><strong>ον,</strong></span> <span class='ocrx_word' id='word_1_268' title='bbox 375 2520 739 2584; x_wconf 78' lang='grc' dir='ltr'>ὡςάδύνατον</span> <span class='ocrx_word' id='word_1_269' title='bbox 773 2520 831 2584; x_wconf 79' lang='grc' dir='ltr'>ἐξ</span> <span class='ocrx_word' id='word_1_270' title='bbox 856 2521 953 2572; x_wconf 89' lang='grc' dir='ltr'><strong>οὑκ</strong></span> <span class='ocrx_word' id='word_1_271' title='bbox 986 2519 1152 2573; x_wconf 73' lang='grc' dir='ltr'>ὅντων</span> <span class='ocrx_word' id='word_1_272' title='bbox 1177 2521 1422 2588; x_wconf 82' lang='grc' dir='ltr'>γίνεσθαί</span> <span class='ocrx_word' id='word_1_273' title='bbox 1449 2538 1520 2585; x_wconf 89' lang='grc' dir='ltr'><strong>τι,</strong></span> <span class='ocrx_word' id='word_1_274' title='bbox 1557 2521 1691 2594; x_wconf 85' lang='grc' dir='ltr'>πρὸς</span> <span class='ocrx_word' id='word_1_275' title='bbox 1717 2521 1856 2593; x_wconf 83' lang='grc' dir='ltr'><strong>ἐρώ-</strong></span> 
     </span>
    </p>
   </div>
   <div class='ocr_carea' id='block_1_38' title="bbox 265 2613 1855 2687">
    <p class='ocr_par' dir='ltr' id='par_1_38' title="bbox 265 2613 1855 2687">
     <span class='ocr_line' id='line_1_38' title="bbox 265 2613 1855 2687; baseline 0.001 -21"><span class='ocrx_word' id='word_1_276' title='bbox 265 2630 430 2683; x_wconf 81' lang='grc' dir='ltr'>τησιν</span> <span class='ocrx_word' id='word_1_277' title='bbox 464 2614 756 2685; x_wconf 83' lang='grc' dir='ltr'>ἀπόκριναι</span> <span class='ocrx_word' id='word_1_278' title='bbox 784 2613 883 2684; x_wconf 85' lang='grc' dir='ltr'>τὴν</span> <span class='ocrx_word' id='word_1_279' title='bbox 914 2614 1079 2684; x_wconf 71' lang='grc' dir='ltr'>ἐμήνο</span> <span class='ocrx_word' id='word_1_280' title='bbox 1113 2613 1259 2668; x_wconf 87' lang='grc' dir='ltr'>δοκεῖ</span> <span class='ocrx_word' id='word_1_281' title='bbox 1293 2631 1374 2667; x_wconf 91' lang='grc' dir='ltr'><strong>σοι</strong></span> <span class='ocrx_word' id='word_1_282' title='bbox 1407 2613 1507 2678; x_wconf 85' lang='grc' dir='ltr'>τὰς</span> <span class='ocrx_word' id='word_1_283' title='bbox 1530 2614 1624 2667; x_wconf 80' lang='grc' dir='ltr'>τοῦ</span> <span class='ocrx_word' id='word_1_284' title='bbox 1651 2615 1855 2687; x_wconf 83' lang='grc' dir='ltr'>κόσμου</span> 
     </span>
    </p>
   </div>
   <div class='ocr_carea' id='block_1_39' title="bbox 267 2705 1853 2778">
    <p class='ocr_par' dir='ltr' id='par_1_39' title="bbox 267 2705 1853 2778">
     <span class='ocr_line' id='line_1_39' title="bbox 267 2705 1853 2778; baseline 0.001 -19"><span class='ocrx_word' id='word_1_285' title='bbox 267 2705 566 2775; x_wconf 79' lang='grc' dir='ltr'>ποιότητας</span> <span class='ocrx_word' id='word_1_286' title='bbox 599 2705 674 2777; x_wconf 83' lang='grc' dir='ltr'>μὴ</span> <span class='ocrx_word' id='word_1_287' title='bbox 707 2707 765 2772; x_wconf 77' lang='grc' dir='ltr'><strong>ἐξ</strong></span> <span class='ocrx_word' id='word_1_288' title='bbox 801 2705 1174 2774; x_wconf 78' lang='grc' dir='ltr'>ὑποκειμένων</span> <span class='ocrx_word' id='word_1_289' title='bbox 1204 2707 1502 2778; x_wconf 84' lang='grc' dir='ltr'>ποιοτήτων</span> <span class='ocrx_word' id='word_1_290' title='bbox 1543 2708 1853 2777; x_wconf 82' lang='grc' dir='ltr'>γεγονέναι;</span> 
     </span>
    </p>
   </div>
   <div class='ocr_carea' id='block_1_40' title="bbox 339 2796 755 2868">
    <p class='ocr_par' dir='ltr' id='par_1_40' title="bbox 339 2796 755 2868">
     <span class='ocr_line' id='line_1_40' title="bbox 339 2796 755 2868; baseline -0.002 -19"><span class='ocrx_word' id='word_1_291' title='bbox 339 2796 548 2849; x_wconf 82' lang='grc' dir='ltr'><strong>οΥΑΛ.</strong></span> <span class='ocrx_word' id='word_1_292' title='bbox 579 2799 755 2868; x_wconf 82' lang='grc' dir='ltr'>Δοκεῖ.</span> 
     </span>
    </p>
   </div>
   <div class='ocr_carea' id='block_1_41' title="bbox 343 2888 1860 2965">
    <p class='ocr_par' dir='ltr' id='par_1_41' title="bbox 343 2888 1860 2965">
     <span class='ocr_line' id='line_1_41' title="bbox 343 2888 1860 2965; baseline 0.005 -25"><span class='ocrx_word' id='word_1_293' title='bbox 343 2888 586 2941; x_wconf 83' lang='grc' dir='ltr'>ΟΡΘΟΔ.</span> <span class='ocrx_word' id='word_1_294' title='bbox 626 2889 850 2960; x_wconf 87' lang='grc' dir='ltr'>Ἕτερον</span> <span class='ocrx_word' id='word_1_295' title='bbox 878 2889 935 2942; x_wconf 83' lang='grc' dir='ltr'><strong>δέ</strong></span> <span class='ocrx_word' id='word_1_296' title='bbox 968 2905 1024 2942; x_wconf 87' lang='grc' dir='ltr'><strong>τι</strong></span> <span class='ocrx_word' id='word_1_297' title='bbox 1056 2889 1208 2961; x_wconf 84' lang='grc' dir='ltr'><strong>παρά</strong></span> <span class='ocrx_word' id='word_1_298' title='bbox 1244 2890 1344 2954; x_wconf 77' lang='grc' dir='ltr'>τὰς</span> <span class='ocrx_word' id='word_1_299' title='bbox 1379 2891 1564 2956; x_wconf 74' lang='grc' dir='ltr'>οὑσίεις</span> <span class='ocrx_word' id='word_1_300' title='bbox 1592 2891 1860 2965; x_wconf 81' lang='grc' dir='ltr'>ὑπάρχειν</span> 
     </span>
    </p>
   </div>
   <div class='ocr_carea' id='block_1_42' title="bbox 269 2993 480 3040">
    <p class='ocr_par' dir='ltr' id='par_1_42' title="bbox 269 2993 480 3040">
     <span class='ocr_line' id='line_1_42' title="bbox 269 2993 480 3040; baseline 0.005 -12"><span class='ocrx_word' id='word_1_301' title='bbox 269 2993 443 3039; x_wconf 71' lang='grc' dir='ltr'>αυτας</span> <span class='ocrx_word' id='word_1_302' title='bbox 463 2993 480 3040; x_wconf 89' lang='grc'>;</span> 
     </span>
    </p>
   </div>
   <div class='ocr_carea' id='block_1_43' title="bbox 348 3070 944 3142">
    <p class='ocr_par' dir='ltr' id='par_1_43' title="bbox 348 3070 944 3142">
     <span class='ocr_line' id='line_1_43' title="bbox 348 3070 944 3142; baseline 0.002 -19"><span class='ocrx_word' id='word_1_303' title='bbox 348 3070 554 3123; x_wconf 78' lang='grc' dir='ltr'>ΟΥΑΛ.</span> <span class='ocrx_word' id='word_1_304' title='bbox 591 3070 776 3134; x_wconf 80' lang='grc' dir='ltr'>Οὕτως</span> <span class='ocrx_word' id='word_1_305' title='bbox 809 3071 944 3142; x_wconf 80' lang='grc' dir='ltr'>ἔχει.</span> 
     </span>
    </p>
   </div>
   <div class='ocr_carea' id='block_1_44' title="bbox 346 3162 1859 3240">
    <p class='ocr_par' dir='ltr' id='par_1_44' title="bbox 346 3162 1859 3240">
     <span class='ocr_line' id='line_1_44' title="bbox 346 3162 1859 3240; baseline 0.007 -27"><span class='ocrx_word' id='word_1_306' title='bbox 346 3162 586 3214; x_wconf 77' lang='grc' dir='ltr'>ΟΡΘΟΔ.</span> <span class='ocrx_word' id='word_1_307' title='bbox 636 3163 844 3216; x_wconf 82' lang='grc' dir='ltr'>Οὑκοῦν</span> <span class='ocrx_word' id='word_1_308' title='bbox 883 3166 932 3216; x_wconf 89' lang='grc' dir='ltr'>εἰ</span> <span class='ocrx_word' id='word_1_309' title='bbox 974 3163 1111 3234; x_wconf 82' lang='grc' dir='ltr'>μήτε</span> <span class='ocrx_word' id='word_1_310' title='bbox 1141 3163 1201 3228; x_wconf 81' lang='grc' dir='ltr'>ἐξ</span> <span class='ocrx_word' id='word_1_311' title='bbox 1244 3163 1617 3235; x_wconf 84' lang='grc' dir='ltr'>ὑποκειμένων</span> <span class='ocrx_word' id='word_1_312' title='bbox 1644 3170 1859 3240; x_wconf 86' lang='grc' dir='ltr'>ποιοτή-</span> 
     </span>
    </p>
   </div>
   <div class='ocr_carea' id='block_1_45' title="bbox 1887 1874 2730 1936">
    <p class='ocr_par' dir='ltr' id='par_1_45' title="bbox 1887 1874 2730 1936">
     <span class='ocr_line' id='line_1_45' title="bbox 1887 1874 2730 1936; baseline 0.006 -9"><span class='ocrx_word' id='word_1_313' title='bbox 1887 1884 1930 1936; x_wconf 80' lang='lat' dir='ltr'><strong>B</strong></span> <span class='ocrx_word' id='word_1_314' title='bbox 2026 1874 2182 1932; x_wconf 74' lang='lat' dir='ltr'><strong>VAL.</strong></span> <span class='ocrx_word' id='word_1_315' title='bbox 2222 1877 2298 1930; x_wconf 90' lang='lat' dir='ltr'><strong>Ita</strong></span> <span class='ocrx_word' id='word_1_316' title='bbox 2329 1877 2459 1930; x_wconf 89' lang='lat' dir='ltr'><strong>mihi</strong></span> <span class='ocrx_word' id='word_1_317' title='bbox 2498 1878 2730 1932; x_wconf 81' lang='lat' dir='ltr'><strong>videtur.</strong></span> 
     </span>
    </p>
   </div>
   <div class='ocr_carea' id='block_1_46' title="bbox 2026 1966 3527 2040">
    <p class='ocr_par' dir='ltr' id='par_1_46' title="bbox 2026 1966 3527 2040">
     <span class='ocr_line' id='line_1_46' title="bbox 2026 1966 3527 2040; baseline 0.003 -20"><span class='ocrx_word' id='word_1_318' title='bbox 2026 1966 2235 2022; x_wconf 83' lang='lat' dir='ltr'><strong>ORTH.</strong></span> <span class='ocrx_word' id='word_1_319' title='bbox 2266 1967 2407 2038; x_wconf 83' lang='lat' dir='ltr'><strong>Ergo</strong></span> <span class='ocrx_word' id='word_1_320' title='bbox 2443 1969 2489 2024; x_wconf 91' lang='lat' dir='ltr'><strong>si</strong></span> <span class='ocrx_word' id='word_1_321' title='bbox 2522 1971 2748 2024; x_wconf 87' lang='lat' dir='ltr'><strong>materia</strong></span> <span class='ocrx_word' id='word_1_322' title='bbox 2793 1970 2911 2025; x_wconf 83' lang='lat' dir='ltr'><strong>sine</strong></span> <span class='ocrx_word' id='word_1_323' title='bbox 2944 1970 3206 2040; x_wconf 88' lang='lat' dir='ltr'><strong>qualitate</strong></span> <span class='ocrx_word' id='word_1_324' title='bbox 3254 1979 3308 2025; x_wconf 90' lang='lat' dir='ltr'><strong>et</strong></span> <span class='ocrx_word' id='word_1_325' title='bbox 3351 1969 3527 2024; x_wconf 80' lang='lat' dir='ltr'><strong>infor-</strong></span> 
     </span>
    </p>
   </div>
   <div class='ocr_carea' id='block_1_47' title="bbox 1955 2061 3526 2131">
    <p class='ocr_par' dir='ltr' id='par_1_47' title="bbox 1955 2061 3526 2131">
     <span class='ocr_line' id='line_1_47' title="bbox 1955 2061 3526 2131; baseline 0.001 -14"><span class='ocrx_word' id='word_1_326' title='bbox 1955 2061 2059 2117; x_wconf 90' lang='lat' dir='ltr'><strong>mis</strong></span> <span class='ocrx_word' id='word_1_327' title='bbox 2089 2061 2226 2128; x_wconf 88' lang='lat' dir='ltr'><strong>fuit,</strong></span> <span class='ocrx_word' id='word_1_328' title='bbox 2262 2063 2498 2118; x_wconf 89' lang='lat' dir='ltr'><strong>mundus</strong></span> <span class='ocrx_word' id='word_1_329' title='bbox 2529 2079 2656 2118; x_wconf 85' lang='lat' dir='ltr'><strong>vero</strong></span> <span class='ocrx_word' id='word_1_330' title='bbox 2687 2064 2865 2119; x_wconf 87' lang='lat' dir='ltr'><strong>factus</strong></span> <span class='ocrx_word' id='word_1_331' title='bbox 2894 2073 2975 2120; x_wconf 89' lang='lat' dir='ltr'><strong>est</strong></span> <span class='ocrx_word' id='word_1_332' title='bbox 3003 2079 3034 2117; x_wconf 89' lang='lat' dir='ltr'><strong>a</strong></span> <span class='ocrx_word' id='word_1_333' title='bbox 3066 2064 3204 2131; x_wconf 89' lang='lat' dir='ltr'><strong>Deo;</strong></span> <span class='ocrx_word' id='word_1_334' title='bbox 3243 2064 3295 2118; x_wconf 92' lang='lat' dir='ltr'><strong>in</strong></span> <span class='ocrx_word' id='word_1_335' title='bbox 3323 2065 3526 2119; x_wconf 91' lang='lat' dir='ltr'><strong>mundo</strong></span> 
     </span>
    </p>
   </div>
   <div class='ocr_carea' id='block_1_48' title="bbox 1955 2154 3527 2226">
    <p class='ocr_par' dir='ltr' id='par_1_48' title="bbox 1955 2154 3527 2226">
     <span class='ocr_line' id='line_1_48' title="bbox 1955 2154 3527 2226; baseline 0.002 -19"><span class='ocrx_word' id='word_1_336' title='bbox 1955 2159 2135 2208; x_wconf 85' lang='lat' dir='ltr'><strong>autem</strong></span> <span class='ocrx_word' id='word_1_337' title='bbox 2165 2161 2293 2208; x_wconf 90' lang='lat' dir='ltr'><strong>sunt</strong></span> <span class='ocrx_word' id='word_1_338' title='bbox 2322 2155 2643 2224; x_wconf 86' lang='lat' dir='ltr'><strong>qualitates;</strong></span> <span class='ocrx_word' id='word_1_339' title='bbox 2679 2156 2864 2226; x_wconf 88' lang='lat' dir='ltr'><strong>utique</strong></span> <span class='ocrx_word' id='word_1_340' title='bbox 2904 2156 3224 2226; x_wconf 87' lang='lat' dir='ltr'><strong>qualitatum</strong></span> <span class='ocrx_word' id='word_1_341' title='bbox 3274 2154 3527 2210; x_wconf 90' lang='lat' dir='ltr'><strong>conditor</strong></span> 
     </span>
    </p>
   </div>
   <div class='ocr_carea' id='block_1_49' title="bbox 1954 2244 2244 2302">
    <p class='ocr_par' dir='ltr' id='par_1_49' title="bbox 1954 2244 2244 2302">
     <span class='ocr_line' id='line_1_49' title="bbox 1954 2244 2244 2302; baseline 0.007 -2"><span class='ocrx_word' id='word_1_342' title='bbox 1954 2244 2059 2300; x_wconf 90' lang='lat' dir='ltr'><strong>fuit</strong></span> <span class='ocrx_word' id='word_1_343' title='bbox 2083 2245 2244 2302; x_wconf 88' lang='lat' dir='ltr'><strong>Deus.</strong></span> 
     </span>
    </p>
   </div>
   <div class='ocr_carea' id='block_1_50' title="bbox 2030 2335 2424 2394">
    <p class='ocr_par' dir='ltr' id='par_1_50' title="bbox 2030 2335 2424 2394">
     <span class='ocr_line' id='line_1_50' title="bbox 2030 2335 2424 2394; baseline 0.01 -4"><span class='ocrx_word' id='word_1_344' title='bbox 2030 2335 2186 2390; x_wconf 81' lang='lat' dir='ltr'><strong>VAL.</strong></span> <span class='ocrx_word' id='word_1_345' title='bbox 2211 2338 2288 2392; x_wconf 86' lang='lat' dir='ltr'><strong>ita</strong></span> <span class='ocrx_word' id='word_1_346' title='bbox 2320 2348 2424 2394; x_wconf 88' lang='lat' dir='ltr'><strong>est.</strong></span> 
     </span>
    </p>
   </div>
   <div class='ocr_carea' id='block_1_51' title="bbox 2029 2427 3526 2500">
    <p class='ocr_par' dir='ltr' id='par_1_51' title="bbox 2029 2427 3526 2500">
     <span class='ocr_line' id='line_1_51' title="bbox 2029 2427 3526 2500; baseline 0.002 -18"><span class='ocrx_word' id='word_1_347' title='bbox 2029 2427 2237 2484; x_wconf 80' lang='lat' dir='ltr'><strong>ORTH.</strong></span> <span class='ocrx_word' id='word_1_348' title='bbox 2289 2430 2426 2496; x_wconf 85' lang='lat' dir='ltr'><strong>Quia</strong></span> <span class='ocrx_word' id='word_1_349' title='bbox 2491 2444 2653 2500; x_wconf 92' lang='lat' dir='ltr'><strong>porro</strong></span> <span class='ocrx_word' id='word_1_350' title='bbox 2710 2431 2768 2485; x_wconf 90' lang='lat' dir='ltr'><strong>in</strong></span> <span class='ocrx_word' id='word_1_351' title='bbox 2826 2429 3202 2500; x_wconf 86' lang='lat' dir='ltr'><strong>superioribus</strong></span> <span class='ocrx_word' id='word_1_352' title='bbox 3256 2430 3526 2486; x_wconf 81' lang='lat' dir='ltr'><strong>dicentem</strong></span> 
     </span>
    </p>
   </div>
   <div class='ocr_carea' id='block_1_52' title="bbox 1957 2521 3529 2593">
    <p class='ocr_par' dir='ltr' id='par_1_52' title="bbox 1957 2521 3529 2593">
     <span class='ocr_line' id='line_1_52' title="bbox 1957 2521 3529 2593; baseline 0.003 -17"><span class='ocrx_word' id='word_1_353' title='bbox 1957 2522 2164 2586; x_wconf 85' lang='lat' dir='ltr'><strong>audivi,</strong></span> <span class='ocrx_word' id='word_1_354' title='bbox 2188 2537 2296 2578; x_wconf 92' lang='lat' dir='ltr'><strong>non</strong></span> <span class='ocrx_word' id='word_1_355' title='bbox 2325 2538 2487 2593; x_wconf 91' lang='lat' dir='ltr'><strong>posse</strong></span> <span class='ocrx_word' id='word_1_356' title='bbox 2527 2524 2732 2593; x_wconf 87' lang='lat' dir='ltr'><strong>aliquid</strong></span> <span class='ocrx_word' id='word_1_357' title='bbox 2763 2540 2830 2580; x_wconf 85' lang='lat' dir='ltr'><strong>ex</strong></span> <span class='ocrx_word' id='word_1_358' title='bbox 2880 2523 3052 2578; x_wconf 90' lang='lat' dir='ltr'><strong>nihilo</strong></span> <span class='ocrx_word' id='word_1_359' title='bbox 3084 2521 3221 2587; x_wconf 85' lang='lat' dir='ltr'><strong>ﬁeri,</strong></span> <span class='ocrx_word' id='word_1_360' title='bbox 3259 2522 3529 2592; x_wconf 84' lang='lat' dir='ltr'><strong>responde</strong></span> 
     </span>
    </p>
   </div>
   <div class='ocr_carea' id='block_1_53' title="bbox 1957 2613 3528 2686">
    <p class='ocr_par' dir='ltr' id='par_1_53' title="bbox 1957 2613 3528 2686">
     <span class='ocr_line' id='line_1_53' title="bbox 1957 2613 3528 2686; baseline 0.003 -18"><span class='ocrx_word' id='word_1_361' title='bbox 1957 2614 2025 2669; x_wconf 91' lang='lat' dir='ltr'><strong>ad</strong></span> <span class='ocrx_word' id='word_1_362' title='bbox 2057 2629 2232 2669; x_wconf 81' lang='lat' dir='ltr'><strong>meam</strong></span> <span class='ocrx_word' id='word_1_363' title='bbox 2282 2617 2637 2685; x_wconf 66' lang='lat' dir='ltr'><strong>qumstionem</strong></span> <span class='ocrx_word' id='word_1_364' title='bbox 2673 2636 2685 2671; x_wconf 92' lang='lat'>:</span> <span class='ocrx_word' id='word_1_365' title='bbox 2715 2613 3052 2672; x_wconf 78' lang='lat' dir='ltr'><strong>Videnturne</strong></span> <span class='ocrx_word' id='word_1_366' title='bbox 3101 2617 3197 2670; x_wconf 89' lang='lat' dir='ltr'><strong>tibi</strong></span> <span class='ocrx_word' id='word_1_367' title='bbox 3240 2615 3528 2686; x_wconf 86' lang='lat' dir='ltr'><strong>qualitates</strong></span> 
     </span>
    </p>
   </div>
   <div class='ocr_carea' id='block_1_54' title="bbox 1956 2707 3318 2778">
    <p class='ocr_par' dir='ltr' id='par_1_54' title="bbox 1956 2707 3318 2778">
     <span class='ocr_line' id='line_1_54' title="bbox 1956 2707 3318 2778; baseline 0 -18"><span class='ocrx_word' id='word_1_368' title='bbox 1956 2707 2169 2770; x_wconf 87' lang='lat' dir='ltr'><strong>mundi,</strong></span> <span class='ocrx_word' id='word_1_369' title='bbox 2195 2723 2260 2762; x_wconf 84' lang='lat' dir='ltr'><strong>ex</strong></span> <span class='ocrx_word' id='word_1_370' title='bbox 2296 2723 2405 2760; x_wconf 91' lang='lat' dir='ltr'><strong>non</strong></span> <span class='ocrx_word' id='word_1_371' title='bbox 2437 2708 2700 2778; x_wconf 83' lang='lat' dir='ltr'><strong>subjectis</strong></span> <span class='ocrx_word' id='word_1_372' title='bbox 2733 2707 3090 2778; x_wconf 88' lang='lat' dir='ltr'><strong>qualitatibus</strong></span> <span class='ocrx_word' id='word_1_373' title='bbox 3121 2707 3318 2763; x_wconf 67' lang='lat' dir='ltr'><strong>factas?</strong></span> 
     </span>
    </p>
   </div>
   <div class='ocr_carea' id='block_1_55' title="bbox 2027 2797 2516 2853">
    <p class='ocr_par' dir='ltr' id='par_1_55' title="bbox 2027 2797 2516 2853">
     <span class='ocr_line' id='line_1_55' title="bbox 2027 2797 2516 2853; baseline 0.004 -2"><span class='ocrx_word' id='word_1_374' title='bbox 2027 2798 2182 2853; x_wconf 80' lang='lat' dir='ltr'><strong>VAL.</strong></span> <span class='ocrx_word' id='word_1_375' title='bbox 2226 2797 2516 2853; x_wconf 81' lang='lat' dir='ltr'><strong>Videntur.</strong></span> 
     </span>
    </p>
   </div>
   <div class='ocr_carea' id='block_1_56' title="bbox 2027 2887 3530 2964">
    <p class='ocr_par' dir='ltr' id='par_1_56' title="bbox 2027 2887 3530 2964">
     <span class='ocr_line' id='line_1_56' title="bbox 2027 2887 3530 2964; baseline 0 -20"><span class='ocrx_word' id='word_1_376' title='bbox 2027 2887 2238 2944; x_wconf 82' lang='lat' dir='ltr'><strong>ORTH.</strong></span> <span class='ocrx_word' id='word_1_377' title='bbox 2289 2889 2354 2944; x_wconf 86' lang='lat' dir='ltr'><strong>Et</strong></span> <span class='ocrx_word' id='word_1_378' title='bbox 2397 2890 2497 2946; x_wconf 90' lang='lat' dir='ltr'><strong>has</strong></span> <span class='ocrx_word' id='word_1_379' title='bbox 2544 2906 2666 2946; x_wconf 90' lang='lat' dir='ltr'><strong>esse</strong></span> <span class='ocrx_word' id='word_1_380' title='bbox 2704 2889 2913 2964; x_wconf 90' lang='lat' dir='ltr'><strong>aliquid</strong></span> <span class='ocrx_word' id='word_1_381' title='bbox 2948 2889 3095 2945; x_wconf 90' lang='lat' dir='ltr'><strong>aliud</strong></span> <span class='ocrx_word' id='word_1_382' title='bbox 3137 2905 3168 2944; x_wconf 91' lang='lat' dir='ltr'><strong>a</strong></span> <span class='ocrx_word' id='word_1_383' title='bbox 3222 2889 3530 2946; x_wconf 81' lang='lat' dir='ltr'><strong>substantia</strong></span> 
     </span>
    </p>
   </div>
   <div class='ocr_carea' id='block_1_57' title="bbox 1956 2983 2287 3037">
    <p class='ocr_par' dir='ltr' id='par_1_57' title="bbox 1956 2983 2287 3037">
     <span class='ocr_line' id='line_1_57' title="bbox 1956 2983 2287 3037; baseline 0 -1"><span class='ocrx_word' id='word_1_384' title='bbox 1956 2983 2287 3037; x_wconf 78' lang='lat' dir='ltr'><strong>existimas?</strong></span> 
     </span>
    </p>
   </div>
   <div class='ocr_carea' id='block_1_58' title="bbox 2029 3074 2531 3139">
    <p class='ocr_par' dir='ltr' id='par_1_58' title="bbox 2029 3074 2531 3139">
     <span class='ocr_line' id='line_1_58' title="bbox 2029 3074 2531 3139; baseline 0.002 -10"><span class='ocrx_word' id='word_1_385' title='bbox 2029 3074 2186 3130; x_wconf 79' lang='lat' dir='ltr'><strong>VAL.</strong></span> <span class='ocrx_word' id='word_1_386' title='bbox 2230 3076 2331 3139; x_wconf 89' lang='lat' dir='ltr'><strong>Ita,</strong></span> <span class='ocrx_word' id='word_1_387' title='bbox 2362 3075 2531 3130; x_wconf 79' lang='lat' dir='ltr'><strong>aliud.</strong></span> 
     </span>
    </p>
   </div>
   <div class='ocr_carea' id='block_1_59' title="bbox 2028 3163 3528 3237">
    <p class='ocr_par' dir='ltr' id='par_1_59' title="bbox 2028 3163 3528 3237">
     <span class='ocr_line' id='line_1_59' title="bbox 2028 3163 3528 3237; baseline -0.003 -16"><span class='ocrx_word' id='word_1_388' title='bbox 2028 3165 2242 3221; x_wconf 83' lang='lat' dir='ltr'><strong>ORTH.</strong></span> <span class='ocrx_word' id='word_1_389' title='bbox 2287 3167 2424 3221; x_wconf 85' lang='lat' dir='ltr'><strong>Cum</strong></span> <span class='ocrx_word' id='word_1_390' title='bbox 2459 3180 2593 3236; x_wconf 80' lang='lat' dir='ltr'><strong>ergo</strong></span> <span class='ocrx_word' id='word_1_391' title='bbox 2626 3165 2769 3222; x_wconf 88' lang='lat' dir='ltr'><strong>Deus</strong></span> <span class='ocrx_word' id='word_1_392' title='bbox 2791 3165 3083 3237; x_wconf 84' lang='lat' dir='ltr'><strong>qualitates</strong></span> <span class='ocrx_word' id='word_1_393' title='bbox 3107 3180 3173 3220; x_wconf 84' lang='lat' dir='ltr'><strong>ex</strong></span> <span class='ocrx_word' id='word_1_394' title='bbox 3203 3180 3312 3218; x_wconf 88' lang='lat' dir='ltr'><strong>non</strong></span> <span class='ocrx_word' id='word_1_395' title='bbox 3343 3163 3528 3233; x_wconf 85' lang='lat' dir='ltr'><strong>subje-</strong></span> 
     </span>
    </p>
   </div>
   <div class='ocr_carea' id='block_1_60' title="bbox 267 3234 1854 3331">
    <p class='ocr_par' dir='ltr' id='par_1_60' title="bbox 267 3234 1854 3331">
     <span class='ocr_line' id='line_1_60' title="bbox 267 3234 1854 3331; baseline 0.006 -26"><span class='ocrx_word' id='word_1_396' title='bbox 267 3271 382 3306; x_wconf 87' lang='grc' dir='ltr'><strong>των</strong></span> <span class='ocrx_word' id='word_1_397' title='bbox 415 3255 519 3316; x_wconf 75' lang='grc' dir='ltr'>τὰς</span> <span class='ocrx_word' id='word_1_398' title='bbox 561 3255 847 3326; x_wconf 88' lang='grc' dir='ltr'>ποιότητας</span> <span class='ocrx_word' id='word_1_399' title='bbox 879 3255 1309 3328; x_wconf 82' lang='grc' dir='ltr'>ἐδημιούργησεν</span> <span class='ocrx_word' id='word_1_400' title='bbox 1353 3259 1382 3310; x_wconf 87' lang='grc' dir='ltr'><strong>ό</strong></span> <span class='ocrx_word' id='word_1_401' title='bbox 1417 3234 1581 3324; x_wconf 84' lang='grc' dir='ltr'>Θεὸς,</span> <span class='ocrx_word' id='word_1_402' title='bbox 1623 3261 1760 3331; x_wconf 84' lang='grc' dir='ltr'>μήτε</span> <span class='ocrx_word' id='word_1_403' title='bbox 1791 3234 1854 3314; x_wconf 73' lang='grc' dir='ltr'>ὲκ</span> 
     </span>
    </p>
   </div>
   <div class='ocr_carea' id='block_1_61' title="bbox 1959 3234 3526 3331">
    <p class='ocr_par' dir='ltr' id='par_1_61' title="bbox 1959 3234 3526 3328">
     <span class='ocr_line' id='line_1_61' title="bbox 1959 3234 3526 3328; baseline -0.001 -16"><span class='ocrx_word' id='word_1_404' title='bbox 1959 3257 2062 3314; x_wconf 90' lang='lat' dir='ltr'><strong>ctis</strong></span> <span class='ocrx_word' id='word_1_405' title='bbox 2094 3259 2448 3328; x_wconf 89' lang='lat' dir='ltr'><strong>qualitatibus</strong></span> <span class='ocrx_word' id='word_1_406' title='bbox 2486 3234 2833 3327; x_wconf 67' lang='lat' dir='ltr'><strong>condiderit,</strong></span> <span class='ocrx_word' id='word_1_407' title='bbox 2865 3275 2966 3313; x_wconf 90' lang='lat' dir='ltr'><strong>nec</strong></span> <span class='ocrx_word' id='word_1_408' title='bbox 3002 3259 3106 3312; x_wconf 73' lang='lat' dir='ltr'><strong>illa:</strong></span> <span class='ocrx_word' id='word_1_409' title='bbox 3154 3256 3261 3312; x_wconf 89' lang='lat' dir='ltr'><strong>sint</strong></span> <span class='ocrx_word' id='word_1_410' title='bbox 3284 3256 3439 3310; x_wconf 70' lang='lat' dir='ltr'><strong>factm</strong></span> <span class='ocrx_word' id='word_1_411' title='bbox 3457 3269 3526 3310; x_wconf 80' lang='lat' dir='ltr'><strong>ex</strong></span> 
     </span>
    </p>
   </div>
   <div class='ocr_carea' id='block_1_62' title="bbox 261 3345 1854 3420">
    <p class='ocr_par' dir='ltr' id='par_1_62' title="bbox 261 3345 1853 3420">
     <span class='ocr_line' id='line_1_62' title="bbox 261 3345 1853 3420; baseline 0.004 -21"><span class='ocrx_word' id='word_1_412' title='bbox 261 3345 383 3399; x_wconf 77' lang='grc' dir='ltr'>τῶν</span> <span class='ocrx_word' id='word_1_413' title='bbox 413 3346 612 3399; x_wconf 85' lang='grc' dir='ltr'>οὑσιῶν</span> <span class='ocrx_word' id='word_1_414' title='bbox 652 3347 974 3420; x_wconf 85' lang='grc' dir='ltr'>ὑπάρχουσι,</span> <span class='ocrx_word' id='word_1_415' title='bbox 1001 3348 1080 3419; x_wconf 80' lang='grc' dir='ltr'><strong>τῷ</strong></span> <span class='ocrx_word' id='word_1_416' title='bbox 1116 3347 1250 3419; x_wconf 87' lang='grc' dir='ltr'>μηδὲ</span> <span class='ocrx_word' id='word_1_417' title='bbox 1274 3349 1460 3413; x_wconf 82' lang='grc' dir='ltr'>οὑσίας</span> <span class='ocrx_word' id='word_1_418' title='bbox 1491 3351 1658 3415; x_wconf 84' lang='grc' dir='ltr'>αύτάς</span> <span class='ocrx_word' id='word_1_419' title='bbox 1686 3349 1853 3405; x_wconf 81' lang='grc' dir='ltr'>εἶναι’</span> 
     </span>
    </p>
   </div>
   <div class='ocr_carea' id='block_1_63' title="bbox 1959 3345 3530 3420">
    <p class='ocr_par' dir='ltr' id='par_1_63' title="bbox 1959 3348 3530 3416">
     <span class='ocr_line' id='line_1_63' title="bbox 1959 3348 3530 3416; baseline -0.003 -10"><span class='ocrx_word' id='word_1_420' title='bbox 1959 3351 2445 3416; x_wconf 71' lang='grc' dir='ltr'>ευῦειοηῑὶἰε,ὀιιιη</span> <span class='ocrx_word' id='word_1_421' title='bbox 2479 3369 2588 3406; x_wconf 91' lang='lat' dir='ltr'><strong>non</strong></span> <span class='ocrx_word' id='word_1_422' title='bbox 2623 3352 2733 3407; x_wconf 92' lang='lat' dir='ltr'><strong>sint</strong></span> <span class='ocrx_word' id='word_1_423' title='bbox 2756 3352 3077 3406; x_wconf 75' lang='lat' dir='ltr'><strong>substantia:</strong></span> <span class='ocrx_word' id='word_1_424' title='bbox 3110 3369 3123 3404; x_wconf 90' lang='lat'>:</span> <span class='ocrx_word' id='word_1_425' title='bbox 3154 3365 3378 3404; x_wconf 90' lang='lat' dir='ltr'><strong>necesse</strong></span> <span class='ocrx_word' id='word_1_426' title='bbox 3424 3348 3530 3403; x_wconf 67' lang='lat' dir='ltr'><strong>erit</strong></span> 
     </span>
    </p>
   </div>
   <div class='ocr_carea' id='block_1_64' title="bbox 268 3438 1854 3516">
    <p class='ocr_par' dir='ltr' id='par_1_64' title="bbox 268 3438 1854 3516">
     <span class='ocr_line' id='line_1_64' title="bbox 268 3438 1854 3516; baseline 0.005 -26"><span class='ocrx_word' id='word_1_427' title='bbox 268 3438 341 3490; x_wconf 79' lang='grc' dir='ltr'>ὲκ</span> <span class='ocrx_word' id='word_1_428' title='bbox 396 3439 472 3508; x_wconf 75' lang='grc' dir='ltr'><strong>μὴ</strong></span> <span class='ocrx_word' id='word_1_429' title='bbox 526 3441 693 3493; x_wconf 77' lang='grc' dir='ltr'>ὄντων</span> <span class='ocrx_word' id='word_1_430' title='bbox 753 3441 921 3503; x_wconf 85' lang='grc' dir='ltr'>αὑτάς</span> <span class='ocrx_word' id='word_1_431' title='bbox 967 3442 1072 3494; x_wconf 84' lang='grc' dir='ltr'><strong>ὑπὸ</strong></span> <span class='ocrx_word' id='word_1_432' title='bbox 1134 3443 1270 3496; x_wconf 83' lang='grc' dir='ltr'>Θεοῦ</span> <span class='ocrx_word' id='word_1_433' title='bbox 1315 3443 1592 3511; x_wconf 87' lang='grc' dir='ltr'>γεγονέναι</span> <span class='ocrx_word' id='word_1_434' title='bbox 1647 3445 1854 3516; x_wconf 85' lang='grc' dir='ltr'>ἀνάγκη</span> 
     </span>
    </p>
   </div>
   <div class='ocr_carea' id='block_1_65' title="bbox 1959 3438 3530 3516">
    <p class='ocr_par' dir='ltr' id='par_1_65' title="bbox 1959 3439 3530 3512">
     <span class='ocr_line' id='line_1_65' title="bbox 1959 3439 3530 3512; baseline -0.001 -17"><span class='ocrx_word' id='word_1_435' title='bbox 1959 3439 2160 3506; x_wconf 90' lang='lat' dir='ltr'><strong>dicere,</strong></span> <span class='ocrx_word' id='word_1_436' title='bbox 2199 3443 2322 3498; x_wconf 85' lang='lat' dir='ltr'><strong>illas</strong></span> <span class='ocrx_word' id='word_1_437' title='bbox 2347 3458 2412 3497; x_wconf 82' lang='lat' dir='ltr'><strong>ex</strong></span> <span class='ocrx_word' id='word_1_438' title='bbox 2457 3443 2629 3497; x_wconf 89' lang='lat' dir='ltr'><strong>nihilo</strong></span> <span class='ocrx_word' id='word_1_439' title='bbox 2682 3441 2861 3512; x_wconf 70' lang='lat' dir='ltr'><strong>acho</strong></span> <span class='ocrx_word' id='word_1_440' title='bbox 2906 3450 3118 3496; x_wconf 90' lang='lat' dir='ltr'><strong>creatas</strong></span> <span class='ocrx_word' id='word_1_441' title='bbox 3153 3453 3296 3498; x_wconf 75' lang='lat' dir='ltr'><strong>esse.</strong></span> <span class='ocrx_word' id='word_1_442' title='bbox 3351 3439 3530 3504; x_wconf 85' lang='lat' dir='ltr'><strong>Quare</strong></span> 
     </span>
    </p>
   </div>
   <div class='ocr_carea' id='block_1_66' title="bbox 267 3531 1854 3606">
    <p class='ocr_par' dir='ltr' id='par_1_66' title="bbox 267 3531 1854 3606">
     <span class='ocr_line' id='line_1_66' title="bbox 267 3531 1854 3606; baseline 0.005 -24"><span class='ocrx_word' id='word_1_443' title='bbox 267 3531 474 3582; x_wconf 77' lang='grc' dir='ltr'>εἰπεῖν.</span> <span class='ocrx_word' id='word_1_444' title='bbox 512 3531 673 3584; x_wconf 84' lang='grc' dir='ltr'>Ὅθεν</span> <span class='ocrx_word' id='word_1_445' title='bbox 717 3533 983 3605; x_wconf 78' lang='grc' dir='ltr'>περιττῶς</span> <span class='ocrx_word' id='word_1_446' title='bbox 1012 3533 1214 3599; x_wconf 75' lang='grc' dir='ltr'>ἐδόκεις</span> <span class='ocrx_word' id='word_1_447' title='bbox 1247 3553 1337 3606; x_wconf 89' lang='grc' dir='ltr'><strong>μοι</strong></span> <span class='ocrx_word' id='word_1_448' title='bbox 1367 3535 1571 3604; x_wconf 89' lang='grc' dir='ltr'>λέγειν,</span> <span class='ocrx_word' id='word_1_449' title='bbox 1602 3536 1854 3590; x_wconf 84' lang='grc' dir='ltr'>ἀδύνατον</span> 
     </span>
    </p>
   </div>
   <div class='ocr_carea' id='block_1_67' title="bbox 1959 3531 3533 3606">
    <p class='ocr_par' dir='ltr' id='par_1_67' title="bbox 1959 3531 3533 3606">
     <span class='ocr_line' id='line_1_67' title="bbox 1959 3531 3533 3606; baseline -0.004 -14"><span class='ocrx_word' id='word_1_450' title='bbox 1959 3537 2229 3593; x_wconf 87' lang='lat' dir='ltr'><strong>videbaris</strong></span> <span class='ocrx_word' id='word_1_451' title='bbox 2279 3538 2552 3606; x_wconf 85' lang='lat' dir='ltr'><strong>superflue</strong></span> <span class='ocrx_word' id='word_1_452' title='bbox 2611 3537 2793 3592; x_wconf 89' lang='lat' dir='ltr'><strong>dicere</strong></span> <span class='ocrx_word' id='word_1_453' title='bbox 2826 3551 2949 3591; x_wconf 88' lang='lat' dir='ltr'><strong>esse</strong></span> <span class='ocrx_word' id='word_1_454' title='bbox 2997 3534 3350 3605; x_wconf 89' lang='lat' dir='ltr'><strong>in0pinabile,</strong></span> <span class='ocrx_word' id='word_1_455' title='bbox 3388 3531 3533 3603; x_wconf 86' lang='lat' dir='ltr'><strong>quod</strong></span> 
     </span>
    </p>
   </div>
   <div class='ocr_carea' id='block_1_68' title="bbox 269 3621 1854 3697">
    <p class='ocr_par' dir='ltr' id='par_1_68' title="bbox 269 3621 1854 3697">
     <span class='ocr_line' id='line_1_68' title="bbox 269 3621 1854 3697; baseline 0.004 -23"><span class='ocrx_word' id='word_1_456' title='bbox 269 3621 521 3686; x_wconf 73' lang='grc' dir='ltr'>δοξάζειν</span> <span class='ocrx_word' id='word_1_457' title='bbox 562 3621 619 3688; x_wconf 78' lang='grc' dir='ltr'>ἐξ</span> <span class='ocrx_word' id='word_1_458' title='bbox 650 3623 748 3675; x_wconf 86' lang='grc' dir='ltr'><strong>οὑκ</strong></span> <span class='ocrx_word' id='word_1_459' title='bbox 768 3623 934 3675; x_wconf 78' lang='grc' dir='ltr'>ὄντων</span> <span class='ocrx_word' id='word_1_460' title='bbox 965 3624 1245 3692; x_wconf 82' lang='grc' dir='ltr'>γεγονέναι</span> <span class='ocrx_word' id='word_1_461' title='bbox 1284 3644 1336 3679; x_wconf 88' lang='grc' dir='ltr'><strong>τι</strong></span> <span class='ocrx_word' id='word_1_462' title='bbox 1371 3627 1508 3697; x_wconf 84' lang='grc' dir='ltr'>πρὸς</span> <span class='ocrx_word' id='word_1_463' title='bbox 1547 3626 1641 3679; x_wconf 83' lang='grc' dir='ltr'>τοῦ</span> <span class='ocrx_word' id='word_1_464' title='bbox 1695 3627 1854 3681; x_wconf 78' lang='grc' dir='ltr'>Θεοῦ.</span> 
     </span>
    </p>
   </div>
   <div class='ocr_carea' id='block_1_69' title="bbox 287 3711 1854 3793">
    <p class='ocr_par' dir='ltr' id='par_1_69' title="bbox 287 3711 1854 3793">
     <span class='ocr_line' id='line_1_69' title="bbox 287 3711 1854 3793; baseline 0.003 -25"><span class='ocrx_word' id='word_1_465' title='bbox 287 3713 434 3768; x_wconf 61' lang='grc' dir='ltr'><strong>’Δλῖ</strong></span> <span class='ocrx_word' id='word_1_466' title='bbox 478 3716 507 3766; x_wconf 86' lang='grc' dir='ltr'><strong>ὁ</strong></span> <span class='ocrx_word' id='word_1_467' title='bbox 543 3716 640 3786; x_wconf 79' lang='grc' dir='ltr'>μὲν</span> <span class='ocrx_word' id='word_1_468' title='bbox 673 3716 799 3788; x_wconf 79' lang='grc' dir='ltr'>περὶ</span> <span class='ocrx_word' id='word_1_469' title='bbox 829 3715 1019 3768; x_wconf 89' lang='grc' dir='ltr'>τούτου</span> <span class='ocrx_word' id='word_1_470' title='bbox 1050 3716 1206 3785; x_wconf 85' lang='grc' dir='ltr'>λόγος</span> <span class='ocrx_word' id='word_1_471' title='bbox 1235 3711 1334 3772; x_wconf 82' lang='grc' dir='ltr'><strong>ὧδε</strong></span> <span class='ocrx_word' id='word_1_472' title='bbox 1370 3719 1558 3789; x_wconf 77' lang='grc' dir='ltr'>ἐχέτω.</span> <span class='ocrx_word' id='word_1_473' title='bbox 1597 3720 1706 3772; x_wconf 74' lang='grc' dir='ltr'><strong>Καὶ</strong></span> <span class='ocrx_word' id='word_1_474' title='bbox 1747 3721 1854 3793; x_wconf 81' lang='grc' dir='ltr'>γὰρ</span> 
     </span>
    </p>
   </div>
   <div class='ocr_carea' id='block_1_70' title="bbox 270 3808 1857 3882">
    <p class='ocr_par' dir='ltr' id='par_1_70' title="bbox 270 3808 1857 3882">
     <span class='ocr_line' id='line_1_70' title="bbox 270 3808 1857 3882; baseline 0.003 -19"><span class='ocrx_word' id='word_1_475' title='bbox 270 3811 409 3880; x_wconf 72' lang='grc' dir='ltr'>παρ’</span> <span class='ocrx_word' id='word_1_476' title='bbox 434 3811 563 3879; x_wconf 79' lang='grc' dir='ltr'>ἡμῖν</span> <span class='ocrx_word' id='word_1_477' title='bbox 585 3808 799 3881; x_wconf 84' lang='grc' dir='ltr'>ὁρῶμεν</span> <span class='ocrx_word' id='word_1_478' title='bbox 829 3809 1146 3882; x_wconf 85' lang='grc' dir='ltr'>ἀνθρώπους</span> <span class='ocrx_word' id='word_1_479' title='bbox 1173 3810 1230 3876; x_wconf 79' lang='grc' dir='ltr'>ἐξ</span> <span class='ocrx_word' id='word_1_480' title='bbox 1260 3811 1359 3865; x_wconf 91' lang='grc' dir='ltr'><strong>οὑκ</strong></span> <span class='ocrx_word' id='word_1_481' title='bbox 1383 3812 1549 3866; x_wconf 75' lang='grc' dir='ltr'>ὄντων</span> <span class='ocrx_word' id='word_1_482' title='bbox 1571 3812 1857 3877; x_wconf 76' lang='grc' dir='ltr'>ποιοῦντάς</span> 
     </span>
    </p>
   </div>
   <div class='ocr_carea' id='block_1_71' title="bbox 268 3898 1856 3971">
    <p class='ocr_par' dir='ltr' id='par_1_71' title="bbox 268 3898 1856 3971">
     <span class='ocr_line' id='line_1_71' title="bbox 268 3898 1856 3971; baseline 0.004 -17"><span class='ocrx_word' id='word_1_483' title='bbox 268 3916 418 3964; x_wconf 82' lang='grc' dir='ltr'>τινα,</span> <span class='ocrx_word' id='word_1_484' title='bbox 455 3902 502 3952; x_wconf 76' lang='grc' dir='ltr'>εξ</span> <span class='ocrx_word' id='word_1_485' title='bbox 552 3902 644 3954; x_wconf 75' lang='grc' dir='ltr'>καὶ</span> <span class='ocrx_word' id='word_1_486' title='bbox 697 3901 763 3954; x_wconf 79' lang='grc' dir='ltr'>τὰ</span> <span class='ocrx_word' id='word_1_487' title='bbox 801 3901 1032 3971; x_wconf 84' lang='grc' dir='ltr'>μάλιστα</span> <span class='ocrx_word' id='word_1_488' title='bbox 1082 3902 1329 3957; x_wconf 78' lang='grc' dir='ltr'>δοκοῦσιν</span> <span class='ocrx_word' id='word_1_489' title='bbox 1379 3898 1523 3959; x_wconf 80' lang='grc' dir='ltr'>οὑτοι</span> <span class='ocrx_word' id='word_1_490' title='bbox 1575 3909 1747 3960; x_wconf 88' lang='grc' dir='ltr'>ποιεῖν</span> <span class='ocrx_word' id='word_1_491' title='bbox 1796 3907 1856 3962; x_wconf 75' lang='grc' dir='ltr'>ἐν</span> 
     </span>
    </p>
   </div>
   <div class='ocr_carea' id='block_1_72' title="bbox 272 3989 1858 4070">
    <p class='ocr_par' dir='ltr' id='par_1_72' title="bbox 272 3989 1858 4070">
     <span class='ocr_line' id='line_1_72' title="bbox 272 3989 1858 4070; baseline 0.005 -25"><span class='ocrx_word' id='word_1_492' title='bbox 272 4009 404 4046; x_wconf 83' lang='grc' dir='ltr'>τινι.</span> <span class='ocrx_word' id='word_1_493' title='bbox 448 3989 572 4047; x_wconf 68' lang='grc' dir='ltr'>Οἶον</span> <span class='ocrx_word' id='word_1_494' title='bbox 599 3993 691 4047; x_wconf 77' lang='grc' dir='ltr'>ἐπὶ</span> <span class='ocrx_word' id='word_1_495' title='bbox 727 3994 832 4046; x_wconf 84' lang='grc' dir='ltr'><strong>τῶν</strong></span> <span class='ocrx_word' id='word_1_496' title='bbox 865 3995 1264 4066; x_wconf 87' lang='grc' dir='ltr'>ἀρχιτεκτόνων</span> <span class='ocrx_word' id='word_1_497' title='bbox 1293 3997 1353 4051; x_wconf 82' lang='grc' dir='ltr'><strong>τὸ</strong></span> <span class='ocrx_word' id='word_1_498' title='bbox 1385 3999 1732 4070; x_wconf 82' lang='grc' dir='ltr'>παράδειγμα</span> <span class='ocrx_word' id='word_1_499' title='bbox 1765 3999 1858 4053; x_wconf 86' lang='grc' dir='ltr'><strong>λά-</strong></span> 
     </span>
    </p>
   </div>
   <div class='ocr_carea' id='block_1_73' title="bbox 274 4081 1854 4159">
    <p class='ocr_par' dir='ltr' id='par_1_73' title="bbox 274 4081 1854 4159">
     <span class='ocr_line' id='line_1_73' title="bbox 274 4081 1854 4159; baseline 0.004 -20"><span class='ocrx_word' id='word_1_500' title='bbox 274 4085 463 4158; x_wconf 73' lang='grc' dir='ltr'>ϐωμεν</span> <span class='ocrx_word' id='word_1_501' title='bbox 485 4104 500 4117; x_wconf 81' lang='grc'><strong>’</strong></span> <span class='ocrx_word' id='word_1_502' title='bbox 537 4089 631 4140; x_wconf 56' lang='grc' dir='ltr'><strong>καὶ⁵</strong></span> <span class='ocrx_word' id='word_1_503' title='bbox 660 4087 770 4159; x_wconf 80' lang='grc' dir='ltr'>γὰρ</span> <span class='ocrx_word' id='word_1_504' title='bbox 788 4081 932 4141; x_wconf 78' lang='grc' dir='ltr'>οὗτοι</span> <span class='ocrx_word' id='word_1_505' title='bbox 963 4089 1173 4142; x_wconf 82' lang='grc' dir='ltr'>ποιοῦσι</span> <span class='ocrx_word' id='word_1_506' title='bbox 1199 4089 1384 4153; x_wconf 85' lang='grc' dir='ltr'>πόλεις</span> <span class='ocrx_word' id='word_1_507' title='bbox 1418 4092 1518 4145; x_wconf 85' lang='grc' dir='ltr'><strong>οὑκ</strong></span> <span class='ocrx_word' id='word_1_508' title='bbox 1540 4093 1605 4144; x_wconf 80' lang='grc' dir='ltr'><strong>ἐκ</strong></span> <span class='ocrx_word' id='word_1_509' title='bbox 1630 4092 1854 4158; x_wconf 85' lang='grc' dir='ltr'>πόλεων,</span> 
     </span>
    </p>
   </div>
   <div class='ocr_carea' id='block_1_74' title="bbox 275 4179 1643 4251">
    <p class='ocr_par' dir='ltr' id='par_1_74' title="bbox 275 4179 1643 4251">
     <span class='ocr_line' id='line_1_74' title="bbox 275 4179 1643 4251; baseline 0.003 -18"><span class='ocrx_word' id='word_1_510' title='bbox 275 4179 376 4233; x_wconf 75' lang='grc' dir='ltr'>καὶ</span> <span class='ocrx_word' id='word_1_511' title='bbox 406 4182 569 4244; x_wconf 77' lang='grc' dir='ltr'>ναοὺς</span> <span class='ocrx_word' id='word_1_512' title='bbox 594 4180 792 4251; x_wconf 84' lang='grc' dir='ltr'>ὁμοίως</span> <span class='ocrx_word' id='word_1_513' title='bbox 815 4181 916 4234; x_wconf 89' lang='grc' dir='ltr'><strong>οὑκ</strong></span> <span class='ocrx_word' id='word_1_514' title='bbox 947 4183 1012 4234; x_wconf 86' lang='grc' dir='ltr'><strong>ὲκ</strong></span> <span class='ocrx_word' id='word_1_515' title='bbox 1039 4180 1180 4234; x_wconf 83' lang='grc' dir='ltr'>ναῶν</span> <span class='ocrx_word' id='word_1_516' title='bbox 1206 4181 1339 4246; x_wconf 71' lang='grc'><strong>(22).</strong></span> <span class='ocrx_word' id='word_1_517' title='bbox 1389 4182 1643 4250; x_wconf 78' lang='grc' dir='ltr'>Ἂτελής.</span> 
     </span>
    </p>
   </div>
   <div class='ocr_carea' id='block_1_75' title="bbox 630 4299 1503 4355">
    <p class='ocr_par' dir='ltr' id='par_1_75' title="bbox 630 4299 1503 4355">
     <span class='ocr_line' id='line_1_75' title="bbox 630 4299 1503 4355; baseline 0.001 -4"><span class='ocrx_word' id='word_1_518' title='bbox 630 4299 859 4352; x_wconf 83' lang='grc' dir='ltr'><strong>ΛΟΙΠΑ</strong></span> <span class='ocrx_word' id='word_1_519' title='bbox 910 4301 1013 4353; x_wconf 87' lang='grc' dir='ltr'><strong>ΕΚ</strong></span> <span class='ocrx_word' id='word_1_520' title='bbox 1053 4301 1192 4355; x_wconf 86' lang='grc' dir='ltr'><strong>ΤΩΝ</strong></span> <span class='ocrx_word' id='word_1_521' title='bbox 1224 4300 1503 4354; x_wconf 81' lang='grc' dir='ltr'><strong>φΩΤῙΟΥ.</strong></span> 
     </span>
    </p>
   </div>
   <div class='ocr_carea' id='block_1_76' title="bbox 1958 3609 3532 3700">
    <p class='ocr_par' dir='ltr' id='par_1_76' title="bbox 1958 3609 3532 3700">
     <span class='ocr_line' id='line_1_76' title="bbox 1958 3609 3532 3700; baseline -0.004 -16"><span class='ocrx_word' id='word_1_522' title='bbox 1958 3630 2101 3685; x_wconf 82' lang='lat' dir='ltr'><strong>Deus</strong></span> <span class='ocrx_word' id='word_1_523' title='bbox 2131 3630 2336 3700; x_wconf 90' lang='lat' dir='ltr'><strong>aliquid</strong></span> <span class='ocrx_word' id='word_1_524' title='bbox 2390 3645 2454 3685; x_wconf 86' lang='lat' dir='ltr'><strong>ex</strong></span> <span class='ocrx_word' id='word_1_525' title='bbox 2506 3630 2678 3686; x_wconf 85' lang='lat' dir='ltr'><strong>nihilo</strong></span> <span class='ocrx_word' id='word_1_526' title='bbox 2727 3630 3013 3685; x_wconf 72' lang='lat' dir='ltr'><strong>creaverit.</strong></span> <span class='ocrx_word' id='word_1_527' title='bbox 3045 3609 3335 3682; x_wconf 81' lang='lat' dir='ltr'><strong>Enimvero</strong></span> <span class='ocrx_word' id='word_1_528' title='bbox 3367 3643 3426 3681; x_wconf 88' lang='lat' dir='ltr'><strong>ea</strong></span> <span class='ocrx_word' id='word_1_529' title='bbox 3461 3625 3532 3680; x_wconf 93' lang='lat' dir='ltr'><strong>sit</strong></span> 
     </span>
    </p>
   </div>
   <div class='ocr_carea' id='block_1_77' title="bbox 1960 3718 3530 3792">
    <p class='ocr_par' dir='ltr' id='par_1_77' title="bbox 1960 3718 3530 3792">
     <span class='ocr_line' id='line_1_77' title="bbox 1960 3718 3530 3792; baseline -0.003 -16"><span class='ocrx_word' id='word_1_530' title='bbox 1960 3722 2079 3791; x_wconf 88' lang='lat' dir='ltr'><strong>ejus</strong></span> <span class='ocrx_word' id='word_1_531' title='bbox 2103 3722 2182 3777; x_wconf 88' lang='lat' dir='ltr'><strong>rei</strong></span> <span class='ocrx_word' id='word_1_532' title='bbox 2220 3720 2446 3776; x_wconf 91' lang='lat' dir='ltr'><strong>decisio.</strong></span> <span class='ocrx_word' id='word_1_533' title='bbox 2474 3720 2607 3776; x_wconf 86' lang='lat' dir='ltr'><strong>Nam</strong></span> <span class='ocrx_word' id='word_1_534' title='bbox 2639 3722 2803 3777; x_wconf 90' lang='lat' dir='ltr'><strong>etiam</strong></span> <span class='ocrx_word' id='word_1_535' title='bbox 2835 3721 2974 3792; x_wconf 90' lang='lat' dir='ltr'><strong>apud</strong></span> <span class='ocrx_word' id='word_1_536' title='bbox 3013 3736 3131 3785; x_wconf 84' lang='lat' dir='ltr'><strong>nos,</strong></span> <span class='ocrx_word' id='word_1_537' title='bbox 3165 3719 3410 3790; x_wconf 71' lang='lat' dir='ltr'><strong>quazdam</strong></span> <span class='ocrx_word' id='word_1_538' title='bbox 3446 3718 3530 3772; x_wconf 81' lang='lat' dir='ltr'><strong>vi-</strong></span> 
     </span>
    </p>
   </div>
   <div class='ocr_carea' id='block_1_78' title="bbox 1961 3812 3530 3883">
    <p class='ocr_par' dir='ltr' id='par_1_78' title="bbox 1961 3812 3530 3883">
     <span class='ocr_line' id='line_1_78' title="bbox 1961 3812 3530 3883; baseline -0.006 -13"><span class='ocrx_word' id='word_1_539' title='bbox 1961 3815 2152 3871; x_wconf 88' lang='lat' dir='ltr'><strong>demus</strong></span> <span class='ocrx_word' id='word_1_540' title='bbox 2199 3813 2478 3868; x_wconf 90' lang='lat' dir='ltr'><strong>hominum</strong></span> <span class='ocrx_word' id='word_1_541' title='bbox 2520 3828 2688 3883; x_wconf 87' lang='lat' dir='ltr'><strong>opera</strong></span> <span class='ocrx_word' id='word_1_542' title='bbox 2735 3812 2852 3867; x_wconf 86' lang='lat' dir='ltr'><strong>fieri</strong></span> <span class='ocrx_word' id='word_1_543' title='bbox 2897 3828 2963 3867; x_wconf 78' lang='lat' dir='ltr'><strong>ex</strong></span> <span class='ocrx_word' id='word_1_544' title='bbox 2999 3812 3190 3875; x_wconf 88' lang='lat' dir='ltr'><strong>nihilo,</strong></span> <span class='ocrx_word' id='word_1_545' title='bbox 3222 3824 3530 3880; x_wconf 88' lang='lat' dir='ltr'><strong>quanquam</strong></span> 
     </span>
    </p>
   </div>
   <div class='ocr_carea' id='block_1_79' title="bbox 1962 3900 3533 3976">
    <p class='ocr_par' dir='ltr' id='par_1_79' title="bbox 1962 3900 3533 3976">
     <span class='ocr_line' id='line_1_79' title="bbox 1962 3900 3533 3976; baseline -0.004 -16"><span class='ocrx_word' id='word_1_546' title='bbox 1962 3906 2067 3976; x_wconf 89' lang='lat' dir='ltr'><strong>ipsi</strong></span> <span class='ocrx_word' id='word_1_547' title='bbox 2131 3905 2366 3960; x_wconf 89' lang='lat' dir='ltr'><strong>maxime</strong></span> <span class='ocrx_word' id='word_1_548' title='bbox 2418 3905 2705 3959; x_wconf 86' lang='lat' dir='ltr'><strong>videantur</strong></span> <span class='ocrx_word' id='word_1_549' title='bbox 2757 3903 2935 3960; x_wconf 91' lang='lat' dir='ltr'><strong>facere</strong></span> <span class='ocrx_word' id='word_1_550' title='bbox 2989 3904 3044 3958; x_wconf 94' lang='lat' dir='ltr'><strong>in</strong></span> <span class='ocrx_word' id='word_1_551' title='bbox 3106 3903 3308 3973; x_wconf 88' lang='lat' dir='ltr'><strong>aliquo.</strong></span> <span class='ocrx_word' id='word_1_552' title='bbox 3363 3900 3430 3956; x_wconf 87' lang='lat' dir='ltr'><strong>Ut</strong></span> <span class='ocrx_word' id='word_1_553' title='bbox 3485 3900 3533 3956; x_wconf 81' lang='lat' dir='ltr'><strong>si</strong></span> 
     </span>
    </p>
   </div>
   <div class='ocr_carea' id='block_1_80' title="bbox 1963 3994 3534 4069">
    <p class='ocr_par' dir='ltr' id='par_1_80' title="bbox 1963 3994 3534 4069">
     <span class='ocr_line' id='line_1_80' title="bbox 1963 3994 3534 4069; baseline -0.003 -17"><span class='ocrx_word' id='word_1_554' title='bbox 1963 3999 2270 4069; x_wconf 79' lang='lat' dir='ltr'><strong>exemplum</strong></span> <span class='ocrx_word' id='word_1_555' title='bbox 2321 3999 2388 4052; x_wconf 88' lang='lat' dir='ltr'><strong>ab</strong></span> <span class='ocrx_word' id='word_1_556' title='bbox 2441 3998 2758 4053; x_wconf 88' lang='lat' dir='ltr'><strong>architectis</strong></span> <span class='ocrx_word' id='word_1_557' title='bbox 2797 3999 3079 4067; x_wconf 88' lang='lat' dir='ltr'><strong>capiamus</strong></span> <span class='ocrx_word' id='word_1_558' title='bbox 3123 4013 3135 4049; x_wconf 89' lang='lat'><strong>:</strong></span> <span class='ocrx_word' id='word_1_559' title='bbox 3173 4012 3298 4050; x_wconf 90' lang='lat' dir='ltr'><strong>nam</strong></span> <span class='ocrx_word' id='word_1_560' title='bbox 3345 4003 3400 4050; x_wconf 87' lang='lat' dir='ltr'><strong>et</strong></span> <span class='ocrx_word' id='word_1_561' title='bbox 3454 3994 3534 4049; x_wconf 92' lang='lat' dir='ltr'><strong>illi</strong></span> 
     </span>
    </p>
   </div>
   <div class='ocr_carea' id='block_1_81' title="bbox 1961 4087 3537 4158">
    <p class='ocr_par' dir='ltr' id='par_1_81' title="bbox 1961 4087 3537 4158">
     <span class='ocr_line' id='line_1_81' title="bbox 1961 4087 3537 4158; baseline -0.001 -16"><span class='ocrx_word' id='word_1_562' title='bbox 1961 4089 2125 4142; x_wconf 87' lang='lat' dir='ltr'><strong>urbes</strong></span> <span class='ocrx_word' id='word_1_563' title='bbox 2155 4087 2398 4142; x_wconf 89' lang='lat' dir='ltr'><strong>condunt</strong></span> <span class='ocrx_word' id='word_1_564' title='bbox 2450 4103 2514 4143; x_wconf 79' lang='lat' dir='ltr'><strong>ex</strong></span> <span class='ocrx_word' id='word_1_565' title='bbox 2555 4104 2665 4143; x_wconf 89' lang='lat' dir='ltr'><strong>non</strong></span> <span class='ocrx_word' id='word_1_566' title='bbox 2715 4088 2966 4154; x_wconf 90' lang='lat' dir='ltr'><strong>urbibus,</strong></span> <span class='ocrx_word' id='word_1_567' title='bbox 2999 4096 3050 4142; x_wconf 91' lang='lat' dir='ltr'><strong>et</strong></span> <span class='ocrx_word' id='word_1_568' title='bbox 3094 4087 3294 4158; x_wconf 90' lang='lat' dir='ltr'><strong>templa</strong></span> <span class='ocrx_word' id='word_1_569' title='bbox 3326 4101 3394 4141; x_wconf 79' lang='lat' dir='ltr'><strong>ex</strong></span> <span class='ocrx_word' id='word_1_570' title='bbox 3423 4098 3537 4140; x_wconf 90' lang='lat' dir='ltr'><strong>non</strong></span> 
     </span>
    </p>
   </div>
   <div class='ocr_carea' id='block_1_82' title="bbox 1961 4179 2600 4253">
    <p class='ocr_par' dir='ltr' id='par_1_82' title="bbox 1961 4179 2600 4253">
     <span class='ocr_line' id='line_1_82' title="bbox 1961 4179 2600 4253; baseline -0.002 -18"><span class='ocrx_word' id='word_1_571' title='bbox 1961 4181 2203 4253; x_wconf 86' lang='lat' dir='ltr'><strong>templis.</strong></span> <span class='ocrx_word' id='word_1_572' title='bbox 2233 4179 2600 4252; x_wconf 80' lang='lat' dir='ltr'><strong>Imperfectus.</strong></span> 
     </span>
    </p>
   </div>
   <div class='ocr_carea' id='block_1_83' title="bbox 2325 4293 3135 4362">
    <p class='ocr_par' dir='ltr' id='par_1_83' title="bbox 2325 4293 3135 4362">
     <span class='ocr_line' id='line_1_83' title="bbox 2325 4293 3135 4362; baseline -0.002 -12"><span class='ocrx_word' id='word_1_573' title='bbox 2325 4294 2646 4362; x_wconf 80' lang='lat' dir='ltr'><strong>RELIQUA</strong></span> <span class='ocrx_word' id='word_1_574' title='bbox 2688 4293 2790 4349; x_wconf 85' lang='lat' dir='ltr'><strong>EX</strong></span> <span class='ocrx_word' id='word_1_575' title='bbox 2828 4293 3135 4351; x_wconf 82' lang='lat' dir='ltr'><strong>PHOTIO.</strong></span> 
     </span>
    </p>
   </div>
   <div class='ocr_carea' id='block_1_84' title="bbox 1543 4411 2304 4490">
    <p class='ocr_par' dir='ltr' id='par_1_84' title="bbox 1543 4411 2304 4490">
     <span class='ocr_line' id='line_1_84' title="bbox 1543 4411 2304 4490; baseline -0.008 -17"><span class='ocrx_word' id='word_1_576' title='bbox 1543 4417 1819 4490; x_wconf 82' lang='lat' dir='ltr'><strong>(Biblioth.</strong></span> <span class='ocrx_word' id='word_1_577' title='bbox 1869 4414 1993 4470; x_wconf 91' lang='lat' dir='ltr'><strong>cod.</strong></span> <span class='ocrx_word' id='word_1_578' title='bbox 2028 4411 2304 4482; x_wconf 77' lang='lat' dir='ltr'><strong>ccxxxvl.)</strong></span> 
     </span>
    </p>
   </div>
   <div class='ocr_carea' id='block_1_85' title="bbox 350 4519 1854 4601">
    <p class='ocr_par' dir='ltr' id='par_1_85' title="bbox 350 4527 1854 4601">
     <span class='ocr_line' id='line_1_85' title="bbox 350 4527 1854 4601; baseline -0.002 -17"><span class='ocrx_word' id='word_1_579' title='bbox 350 4530 418 4584; x_wconf 79' lang='grc' dir='ltr'><strong>Εἰ</strong></span> <span class='ocrx_word' id='word_1_580' title='bbox 445 4530 512 4593; x_wconf 85' lang='grc' dir='ltr'><strong>δ’,</strong></span> <span class='ocrx_word' id='word_1_581' title='bbox 544 4531 624 4583; x_wconf 82' lang='grc' dir='ltr'>ὅτι</span> <span class='ocrx_word' id='word_1_582' title='bbox 656 4531 866 4596; x_wconf 87' lang='grc' dir='ltr'>τούτοις</span> <span class='ocrx_word' id='word_1_583' title='bbox 893 4531 1068 4585; x_wconf 80' lang='grc' dir='ltr'>οὑσίαι</span> <span class='ocrx_word' id='word_1_584' title='bbox 1104 4530 1439 4597; x_wconf 87' lang='grc' dir='ltr'>ὑπόκεινται,</span> <span class='ocrx_word' id='word_1_585' title='bbox 1479 4533 1579 4586; x_wconf 84' lang='grc' dir='ltr'>οἴει</span> <span class='ocrx_word' id='word_1_586' title='bbox 1624 4531 1684 4596; x_wconf 81' lang='grc' dir='ltr'>ἐξ</span> <span class='ocrx_word' id='word_1_587' title='bbox 1716 4527 1854 4601; x_wconf 87' lang='grc' dir='ltr'>(οὑκ)</span> 
     </span>
    </p>
   </div>
   <div class='ocr_carea' id='block_1_86' title="bbox 1959 4519 3536 4601">
    <p class='ocr_par' dir='ltr' id='par_1_86' title="bbox 2039 4519 3536 4594">
     <span class='ocr_line' id='line_1_86' title="bbox 2039 4519 3536 4594; baseline -0.003 -14"><span class='ocrx_word' id='word_1_588' title='bbox 2039 4525 2196 4593; x_wconf 90' lang='lat' dir='ltr'><strong>Quod</strong></span> <span class='ocrx_word' id='word_1_589' title='bbox 2229 4524 2297 4587; x_wconf 89' lang='lat' dir='ltr'><strong>si,</strong></span> <span class='ocrx_word' id='word_1_590' title='bbox 2323 4523 2450 4594; x_wconf 90' lang='lat' dir='ltr'><strong>quia</strong></span> <span class='ocrx_word' id='word_1_591' title='bbox 2482 4523 2569 4579; x_wconf 90' lang='lat' dir='ltr'><strong>his</strong></span> <span class='ocrx_word' id='word_1_592' title='bbox 2625 4523 2945 4578; x_wconf 71' lang='lat' dir='ltr'><strong>substantia:</strong></span> <span class='ocrx_word' id='word_1_593' title='bbox 2974 4521 3231 4591; x_wconf 77' lang='lat' dir='ltr'><strong>subjecta:</strong></span> <span class='ocrx_word' id='word_1_594' title='bbox 3257 4519 3386 4586; x_wconf 88' lang='lat' dir='ltr'><strong>sint,</strong></span> <span class='ocrx_word' id='word_1_595' title='bbox 3419 4520 3536 4575; x_wconf 79' lang='lat' dir='ltr'><strong>exi-</strong></span> 
     </span>
    </p>
   </div>
   <div class='ocr_carea' id='block_1_87' title="bbox 280 4621 1854 4696">
    <p class='ocr_par' dir='ltr' id='par_1_87' title="bbox 280 4621 1854 4696">
     <span class='ocr_line' id='line_1_87' title="bbox 280 4621 1854 4696; baseline -0.001 -21"><span class='ocrx_word' id='word_1_596' title='bbox 280 4621 453 4675; x_wconf 67' lang='grc' dir='ltr'>ὅντων</span> <span class='ocrx_word' id='word_1_597' title='bbox 480 4622 592 4694; x_wconf 72' lang='grc'>(25)</span> <span class='ocrx_word' id='word_1_598' title='bbox 622 4623 790 4687; x_wconf 86' lang='grc' dir='ltr'>αὑτάς</span> <span class='ocrx_word' id='word_1_599' title='bbox 837 4626 1009 4678; x_wconf 79' lang='grc' dir='ltr'>ταῦτα</span> <span class='ocrx_word' id='word_1_600' title='bbox 1058 4625 1265 4687; x_wconf 86' lang='grc' dir='ltr'>ποιεῖν,</span> <span class='ocrx_word' id='word_1_601' title='bbox 1318 4625 1394 4696; x_wconf 84' lang='grc' dir='ltr'><strong>τῷ</strong></span> <span class='ocrx_word' id='word_1_602' title='bbox 1437 4624 1580 4694; x_wconf 83' lang='grc' dir='ltr'>λόγῳ</span> <span class='ocrx_word' id='word_1_603' title='bbox 1630 4622 1854 4694; x_wconf 74' lang='grc' dir='ltr'><strong>σφάλλῃ.</strong></span> 
     </span>
    </p>
   </div>
   <div class='ocr_carea' id='block_1_88' title="bbox 282 4715 1858 4789">
    <p class='ocr_par' dir='ltr' id='par_1_88' title="bbox 282 4715 1858 4789">
     <span class='ocr_line' id='line_1_88' title="bbox 282 4715 1858 4789; baseline -0.001 -20"><span class='ocrx_word' id='word_1_604' title='bbox 282 4717 421 4769; x_wconf 69' lang='grc' dir='ltr'>Οὐδὲ</span> <span class='ocrx_word' id='word_1_605' title='bbox 449 4716 556 4786; x_wconf 85' lang='grc' dir='ltr'>γὰρ</span> <span class='ocrx_word' id='word_1_606' title='bbox 590 4718 622 4787; x_wconf 77' lang='grc' dir='ltr'>ἡ</span> <span class='ocrx_word' id='word_1_607' title='bbox 650 4715 804 4768; x_wconf 81' lang='grc' dir='ltr'>οὐσία</span> <span class='ocrx_word' id='word_1_608' title='bbox 836 4718 982 4771; x_wconf 70' lang='grc' dir='ltr'>ἐστὶν</span> <span class='ocrx_word' id='word_1_609' title='bbox 1012 4721 1045 4788; x_wconf 85' lang='grc' dir='ltr'><strong>ἡ</strong></span> <span class='ocrx_word' id='word_1_610' title='bbox 1088 4717 1314 4772; x_wconf 81' lang='grc' dir='ltr'>ποιοῦσα</span> <span class='ocrx_word' id='word_1_611' title='bbox 1339 4717 1436 4789; x_wconf 82' lang='grc' dir='ltr'>τὴν</span> <span class='ocrx_word' id='word_1_612' title='bbox 1473 4716 1646 4781; x_wconf 89' lang='grc' dir='ltr'>πόλιν,</span> <span class='ocrx_word' id='word_1_613' title='bbox 1673 4715 1705 4786; x_wconf 79' lang='grc' dir='ltr'>ἢ</span> <span class='ocrx_word' id='word_1_614' title='bbox 1732 4716 1858 4778; x_wconf 78' lang='grc' dir='ltr'>τοὺς</span> 
     </span>
    </p>
   </div>
   <div class='ocr_carea' id='block_1_89' title="bbox 281 4809 1856 4881">
    <p class='ocr_par' dir='ltr' id='par_1_89' title="bbox 281 4809 1856 4881">
     <span class='ocr_line' id='line_1_89' title="bbox 281 4809 1856 4881; baseline -0.001 -19"><span class='ocrx_word' id='word_1_615' title='bbox 281 4809 468 4871; x_wconf 76' lang='grc' dir='ltr'>ναοὺς,</span> <span class='ocrx_word' id='word_1_616' title='bbox 495 4809 607 4861; x_wconf 83' lang='grc' dir='ltr'>ἀλλ’</span> <span class='ocrx_word' id='word_1_617' title='bbox 632 4812 665 4880; x_wconf 84' lang='grc' dir='ltr'><strong>ἡ</strong></span> <span class='ocrx_word' id='word_1_618' title='bbox 707 4810 833 4879; x_wconf 76' lang='grc' dir='ltr'>περὶ</span> <span class='ocrx_word' id='word_1_619' title='bbox 865 4811 964 4881; x_wconf 78' lang='grc' dir='ltr'>τὴν</span> <span class='ocrx_word' id='word_1_620' title='bbox 992 4811 1180 4864; x_wconf 81' lang='grc' dir='ltr'>οὐσίαν</span> <span class='ocrx_word' id='word_1_621' title='bbox 1213 4811 1398 4881; x_wconf 87' lang='grc' dir='ltr'>τέχνη,</span> <span class='ocrx_word' id='word_1_622' title='bbox 1429 4811 1465 4880; x_wconf 82' lang='grc' dir='ltr'>ἢ</span> <span class='ocrx_word' id='word_1_623' title='bbox 1492 4810 1592 4863; x_wconf 86' lang='grc' dir='ltr'><strong>οὑκ</strong></span> <span class='ocrx_word' id='word_1_624' title='bbox 1634 4809 1692 4875; x_wconf 76' lang='grc' dir='ltr'>ὲξ</span> <span class='ocrx_word' id='word_1_625' title='bbox 1723 4809 1856 4862; x_wconf 89' lang='grc' dir='ltr'>ὑπο-</span> 
     </span>
    </p>
   </div>
   <div class='ocr_carea' id='block_1_90' title="bbox 280 4900 1858 4972">
    <p class='ocr_par' dir='ltr' id='par_1_90' title="bbox 280 4900 1858 4972">
     <span class='ocr_line' id='line_1_90' title="bbox 280 4900 1858 4972; baseline -0.001 -17"><span class='ocrx_word' id='word_1_626' title='bbox 280 4901 546 4970; x_wconf 81' lang='grc' dir='ltr'>κειμένης</span> <span class='ocrx_word' id='word_1_627' title='bbox 572 4901 716 4960; x_wconf 79' lang='grc' dir='ltr'>τινδς</span> <span class='ocrx_word' id='word_1_628' title='bbox 744 4901 939 4972; x_wconf 83' lang='grc' dir='ltr'>τέχνης</span> <span class='ocrx_word' id='word_1_629' title='bbox 972 4904 1028 4954; x_wconf 83' lang='grc' dir='ltr'><strong>ὲν</strong></span> <span class='ocrx_word' id='word_1_630' title='bbox 1067 4905 1187 4965; x_wconf 88' lang='grc' dir='ltr'>ταῖς</span> <span class='ocrx_word' id='word_1_631' title='bbox 1218 4902 1428 4966; x_wconf 79' lang='grc' dir='ltr'>οὑσεαις</span> <span class='ocrx_word' id='word_1_632' title='bbox 1463 4901 1670 4970; x_wconf 86' lang='grc' dir='ltr'>γίνεται</span> <span class='ocrx_word' id='word_1_633' title='bbox 1693 4918 1707 4932; x_wconf 86' lang='grc'><strong>·</strong></span> <span class='ocrx_word' id='word_1_634' title='bbox 1739 4900 1858 4954; x_wconf 82' lang='grc' dir='ltr'>ἀλλ’</span> 
     </span>
    </p>
   </div>
   <div class='ocr_carea' id='block_1_91' title="bbox 278 4991 1864 5064">
    <p class='ocr_par' dir='ltr' id='par_1_91' title="bbox 278 4991 1864 5064">
     <span class='ocr_line' id='line_1_91' title="bbox 278 4991 1864 5064; baseline -0.001 -17"><span class='ocrx_word' id='word_1_635' title='bbox 278 4992 347 5058; x_wconf 73' lang='grc' dir='ltr'><strong>ἐξ</strong></span> <span class='ocrx_word' id='word_1_636' title='bbox 379 4993 480 5046; x_wconf 88' lang='grc' dir='ltr'><strong>οὑκ</strong></span> <span class='ocrx_word' id='word_1_637' title='bbox 512 4991 678 5064; x_wconf 81' lang='grc' dir='ltr'>οὑσης</span> <span class='ocrx_word' id='word_1_638' title='bbox 704 4995 762 5047; x_wconf 81' lang='grc' dir='ltr'><strong>ἐν</strong></span> <span class='ocrx_word' id='word_1_639' title='bbox 793 4994 983 5058; x_wconf 83' lang='grc' dir='ltr'>αὑταῖς</span> <span class='ocrx_word' id='word_1_640' title='bbox 1017 4994 1244 5062; x_wconf 83' lang='grc' dir='ltr'>γίνεται.</span> <span class='ocrx_word' id='word_1_641' title='bbox 1283 4995 1642 5064; x_wconf 81' lang='grc' dir='ltr'>Ἀπαντὴσειν</span> <span class='ocrx_word' id='word_1_642' title='bbox 1680 4993 1734 5046; x_wconf 82' lang='grc' dir='ltr'>δέ</span> <span class='ocrx_word' id='word_1_643' title='bbox 1773 5010 1864 5064; x_wconf 90' lang='grc' dir='ltr'><strong>μοι</strong></span> 
     </span>
    </p>
   </div>
   <div class='ocr_carea' id='block_1_92' title="bbox 279 5085 1866 5158">
    <p class='ocr_par' dir='ltr' id='par_1_92' title="bbox 279 5085 1866 5158">
     <span class='ocr_line' id='line_1_92' title="bbox 279 5085 1866 5158; baseline -0.001 -19"><span class='ocrx_word' id='word_1_644' title='bbox 279 5086 466 5148; x_wconf 77' lang='grc' dir='ltr'>δοκεῖς</span> <span class='ocrx_word' id='word_1_645' title='bbox 495 5085 636 5138; x_wconf 80' lang='grc' dir='ltr'>οὑτω</span> <span class='ocrx_word' id='word_1_646' title='bbox 662 5085 740 5156; x_wconf 81' lang='grc' dir='ltr'><strong>τῷ</strong></span> <span class='ocrx_word' id='word_1_647' title='bbox 778 5086 953 5157; x_wconf 85' lang='grc' dir='ltr'>λόγῳ·</span> <span class='ocrx_word' id='word_1_648' title='bbox 1041 5087 1125 5138; x_wconf 79' lang='grc' dir='ltr'>ὅτι</span> <span class='ocrx_word' id='word_1_649' title='bbox 1150 5086 1398 5158; x_wconf 79' lang='grc' dir='ltr'>τεχνίτης</span> <span class='ocrx_word' id='word_1_650' title='bbox 1424 5089 1489 5158; x_wconf 82' lang='grc' dir='ltr'>τῇ</span> <span class='ocrx_word' id='word_1_651' title='bbox 1521 5089 1580 5140; x_wconf 84' lang='grc' dir='ltr'><strong>ὲν</strong></span> <span class='ocrx_word' id='word_1_652' title='bbox 1613 5088 1676 5157; x_wconf 79' lang='grc' dir='ltr'>τῇ</span> <span class='ocrx_word' id='word_1_653' title='bbox 1709 5085 1866 5155; x_wconf 80' lang='grc' dir='ltr'>οὑσίᾳ</span> 
     </span>
    </p>
   </div>
   <div class='ocr_carea' id='block_1_93' title="bbox 361 5256 1860 5332">
    <p class='ocr_par' dir='ltr' id='par_1_93' title="bbox 361 5256 1860 5332">
     <span class='ocr_line' id='line_1_93' title="bbox 361 5256 1860 5332; baseline -0.005 -16"><span class='ocrx_word' id='word_1_654' title='bbox 361 5261 474 5328; x_wconf 69' lang='lat'><strong>(‘22)</strong></span> <span class='ocrx_word' id='word_1_655' title='bbox 505 5262 601 5316; x_wconf 80' lang='grc' dir='ltr'>Ἐκ</span> <span class='ocrx_word' id='word_1_656' title='bbox 629 5261 807 5316; x_wconf 78' lang='grc' dir='ltr'><strong>ναῶν.</strong></span> <span class='ocrx_word' id='word_1_657' title='bbox 848 5261 965 5318; x_wconf 82' lang='lat' dir='ltr'><strong>Huc</strong></span> <span class='ocrx_word' id='word_1_658' title='bbox 1002 5277 1178 5332; x_wconf 92' lang='lat' dir='ltr'><strong>usque</strong></span> <span class='ocrx_word' id='word_1_659' title='bbox 1228 5259 1449 5332; x_wconf 79' lang='lat' dir='ltr'><strong>Meursii</strong></span> <span class='ocrx_word' id='word_1_660' title='bbox 1494 5258 1682 5332; x_wconf 76' lang='lat' dir='ltr'><strong>editio.</strong></span> <span class='ocrx_word' id='word_1_661' title='bbox 1717 5256 1860 5310; x_wconf 75' lang='lat' dir='ltr'><strong>Plio-</strong></span> 
     </span>
    </p>
   </div>
   <div class='ocr_carea' id='block_1_94' title="bbox 282 5329 1857 5403">
    <p class='ocr_par' dir='ltr' id='par_1_94' title="bbox 282 5329 1857 5403">
     <span class='ocr_line' id='line_1_94' title="bbox 282 5329 1857 5403; baseline -0.004 -16"><span class='ocrx_word' id='word_1_662' title='bbox 282 5335 401 5388; x_wconf 82' lang='lat' dir='ltr'><strong>tius</strong></span> <span class='ocrx_word' id='word_1_663' title='bbox 428 5349 556 5387; x_wconf 82' lang='lat' dir='ltr'><strong>vero</strong></span> <span class='ocrx_word' id='word_1_664' title='bbox 574 5334 608 5386; x_wconf 94' lang='grc'><strong>1.</strong></span> <span class='ocrx_word' id='word_1_665' title='bbox 629 5349 678 5386; x_wconf 87' lang='lat' dir='ltr'><strong>c.</strong></span> <span class='ocrx_word' id='word_1_666' title='bbox 706 5341 829 5403; x_wconf 88' lang='lat' dir='ltr'><strong>post</strong></span> <span class='ocrx_word' id='word_1_667' title='bbox 857 5334 1021 5388; x_wconf 78' lang='lat' dir='ltr'><strong>verba</strong></span> <span class='ocrx_word' id='word_1_668' title='bbox 1053 5329 1151 5386; x_wconf 85' lang='grc' dir='ltr'><strong>οὑκ</strong></span> <span class='ocrx_word' id='word_1_669' title='bbox 1187 5333 1250 5384; x_wconf 84' lang='grc' dir='ltr'><strong>ὲκ</strong></span> <span class='ocrx_word' id='word_1_670' title='bbox 1270 5331 1434 5403; x_wconf 77' lang='grc' dir='ltr'>ναῶν,</span> <span class='ocrx_word' id='word_1_671' title='bbox 1461 5329 1646 5403; x_wconf 70' lang='lat' dir='ltr'><strong>subdit</strong></span> <span class='ocrx_word' id='word_1_672' title='bbox 1672 5335 1857 5403; x_wconf 77' lang='lat' dir='ltr'><strong>statim</strong></span> 
     </span>
    </p>
   </div>
   <div class='ocr_carea' id='block_1_95' title="bbox 329 5398 1854 5473">
    <p class='ocr_par' dir='ltr' id='par_1_95' title="bbox 329 5398 1854 5473">
     <span class='ocr_line' id='line_1_95' title="bbox 329 5398 1854 5473; baseline -0.002 -19"><span class='ocrx_word' id='word_1_673' title='bbox 329 5419 411 5456; x_wconf 76' lang='lat' dir='ltr'><strong>me</strong></span> <span class='ocrx_word' id='word_1_674' title='bbox 467 5398 770 5473; x_wconf 83' lang='lat' dir='ltr'><strong>sequuntur</strong></span> <span class='ocrx_word' id='word_1_675' title='bbox 813 5423 826 5458; x_wconf 90' lang='lat'><strong>:</strong></span> <span class='ocrx_word' id='word_1_676' title='bbox 876 5405 938 5456; x_wconf 90' lang='grc' dir='ltr'><strong>Εἰ</strong></span> <span class='ocrx_word' id='word_1_677' title='bbox 969 5403 1013 5456; x_wconf 82' lang='grc' dir='ltr'><strong>δ’</strong></span> <span class='ocrx_word' id='word_1_678' title='bbox 1054 5405 1159 5466; x_wconf 85' lang='grc' dir='ltr'>ὅτι,</span> <span class='ocrx_word' id='word_1_679' title='bbox 1198 5420 1250 5454; x_wconf 91' lang='grc' dir='ltr'>κ.</span> <span class='ocrx_word' id='word_1_680' title='bbox 1282 5419 1333 5454; x_wconf 91' lang='grc' dir='ltr'>τ.</span> <span class='ocrx_word' id='word_1_681' title='bbox 1361 5401 1412 5473; x_wconf 11' lang='grc' dir='ltr'>γλ.</span> <span class='ocrx_word' id='word_1_682' title='bbox 1449 5400 1581 5473; x_wconf 53' lang='lat' dir='ltr'><strong>Qum.</strong></span> <span class='ocrx_word' id='word_1_683' title='bbox 1635 5398 1854 5473; x_wconf 81' lang='lat' dir='ltr'><strong>quidem</strong></span> 
     </span>
    </p>
   </div>
   <div class='ocr_carea' id='block_1_96' title="bbox 283 5421 1856 5540">
    <p class='ocr_par' dir='ltr' id='par_1_96' title="bbox 283 5421 1856 5540">
     <span class='ocr_line' id='line_1_96' title="bbox 329 5421 1854 5473; baseline -0.003 -19"><span class='ocrx_word' id='word_1_684' title='bbox 329 5421 411 5456; x_wconf 76' lang='lat' dir='ltr'><strong>me</strong></span> <span class='ocrx_word' id='word_1_685' title='bbox 467 5421 770 5473; x_wconf 79' lang='lat' dir='ltr'><strong>sequuntur</strong></span> <span class='ocrx_word' id='word_1_686' title='bbox 813 5423 826 5458; x_wconf 87' lang='lat'><strong>:</strong></span> <span class='ocrx_word' id='word_1_687' title='bbox 877 5421 938 5456; x_wconf 66' lang='lat' dir='ltr'><strong>nt</strong></span> <span class='ocrx_word' id='word_1_688' title='bbox 969 5421 997 5456; x_wconf 86' lang='grc' dir='ltr'><strong>ο</strong></span> <span class='ocrx_word' id='word_1_689' title='bbox 1054 5421 1159 5466; x_wconf 82' lang='grc' dir='ltr'>οτι,</span> <span class='ocrx_word' id='word_1_690' title='bbox 1198 5421 1250 5454; x_wconf 89' lang='grc' dir='ltr'>κ.</span> <span class='ocrx_word' id='word_1_691' title='bbox 1282 5421 1333 5454; x_wconf 82' lang='grc' dir='ltr'>τ.</span> <span class='ocrx_word' id='word_1_692' title='bbox 1366 5421 1412 5453; x_wconf 86' lang='grc' dir='ltr'><strong>Λ.</strong></span> <span class='ocrx_word' id='word_1_693' title='bbox 1449 5421 1580 5466; x_wconf 61' lang='lat' dir='ltr'><strong>uua!</strong></span> <span class='ocrx_word' id='word_1_694' title='bbox 1635 5421 1854 5467; x_wconf 75' lang='lat' dir='ltr'><strong>qlnuem</strong></span> 
     </span>
     <span class='ocr_line' id='line_1_97' title="bbox 283 5421 1856 5540; baseline -0.005 -13"><span class='ocrx_word' id='word_1_695' title='bbox 283 5421 646 5529; x_wconf 53' lang='lat' dir='ltr'><strong>firmissimus</strong></span> <span class='ocrx_word' id='word_1_696' title='bbox 673 5474 918 5534; x_wconf 86' lang='lat' dir='ltr'><strong>Lamius,</strong></span> <span class='ocrx_word' id='word_1_697' title='bbox 950 5488 1058 5527; x_wconf 90' lang='lat' dir='ltr'><strong>una</strong></span> <span class='ocrx_word' id='word_1_698' title='bbox 1088 5489 1210 5528; x_wconf 91' lang='lat' dir='ltr'><strong>cum</strong></span> <span class='ocrx_word' id='word_1_699' title='bbox 1245 5472 1406 5526; x_wconf 88' lang='lat' dir='ltr'><strong>tertio</strong></span> <span class='ocrx_word' id='word_1_700' title='bbox 1437 5469 1618 5540; x_wconf 89' lang='lat' dir='ltr'><strong>operis</strong></span> <span class='ocrx_word' id='word_1_701' title='bbox 1648 5469 1856 5540; x_wconf 82' lang='lat' dir='ltr'><strong>Metho-</strong></span> 
     </span>
    </p>
   </div>
   <div class='ocr_carea' id='block_1_97' title="bbox 285 5539 1855 5614">
    <p class='ocr_par' dir='ltr' id='par_1_97' title="bbox 285 5539 1855 5614">
     <span class='ocr_line' id='line_1_98' title="bbox 285 5539 1855 5614; baseline -0.002 -19"><span class='ocrx_word' id='word_1_702' title='bbox 285 5544 436 5596; x_wconf 90' lang='lat' dir='ltr'><strong>diani</strong></span> <span class='ocrx_word' id='word_1_703' title='bbox 461 5555 714 5614; x_wconf 78' lang='lat' dir='ltr'><strong>excerpto</strong></span> <span class='ocrx_word' id='word_1_704' title='bbox 744 5561 809 5598; x_wconf 79' lang='lat' dir='ltr'><strong>ex</strong></span> <span class='ocrx_word' id='word_1_705' title='bbox 834 5543 1022 5598; x_wconf 85' lang='lat' dir='ltr'><strong>codice</strong></span> <span class='ocrx_word' id='word_1_706' title='bbox 1051 5541 1322 5614; x_wconf 78' lang='lat' dir='ltr'><strong>Sirmontli</strong></span> <span class='ocrx_word' id='word_1_707' title='bbox 1350 5539 1649 5614; x_wconf 81' lang='lat' dir='ltr'><strong>descripto,</strong></span> <span class='ocrx_word' id='word_1_708' title='bbox 1672 5539 1855 5614; x_wconf 63' lang='lat' dir='ltr'><strong>hausit</strong></span> 
     </span>
    </p>
   </div>
   <div class='ocr_carea' id='block_1_98' title="bbox 284 5607 1859 5682">
    <p class='ocr_par' dir='ltr' id='par_1_98' title="bbox 284 5607 1859 5682">
     <span class='ocr_line' id='line_1_99' title="bbox 284 5607 1859 5682; baseline -0.003 -15"><span class='ocrx_word' id='word_1_709' title='bbox 284 5628 355 5667; x_wconf 83' lang='lat' dir='ltr'><strong>ex</strong></span> <span class='ocrx_word' id='word_1_710' title='bbox 383 5615 530 5668; x_wconf 84' lang='lat' dir='ltr'><strong>edito</strong></span> <span class='ocrx_word' id='word_1_711' title='bbox 560 5607 985 5674; x_wconf 63' lang='lat' dir='ltr'><strong>Co&#39;mbelisiano,</strong></span> <span class='ocrx_word' id='word_1_712' title='bbox 1016 5621 1068 5667; x_wconf 90' lang='lat' dir='ltr'><strong>et</strong></span> <span class='ocrx_word' id='word_1_713' title='bbox 1097 5616 1150 5668; x_wconf 88' lang='lat' dir='ltr'><strong>in</strong></span> <span class='ocrx_word' id='word_1_714' title='bbox 1184 5612 1493 5682; x_wconf 61' lang='lat' dir='ltr'><strong>praefatione</strong></span> <span class='ocrx_word' id='word_1_715' title='bbox 1521 5607 1586 5664; x_wconf 80' lang='lat' dir='ltr'><strong>ad</strong></span> <span class='ocrx_word' id='word_1_716' title='bbox 1609 5612 1715 5666; x_wconf 75' lang='lat' dir='ltr'><strong>vol.</strong></span> <span class='ocrx_word' id='word_1_717' title='bbox 1743 5607 1859 5662; x_wconf 81' lang='lat' dir='ltr'><strong>VIII</strong></span> 
     </span>
    </p>
   </div>
   <div class='ocr_carea' id='block_1_99' title="bbox 285 5682 1856 5753">
    <p class='ocr_par' dir='ltr' id='par_1_99' title="bbox 285 5682 1856 5753">
     <span class='ocr_line' id='line_1_100' title="bbox 285 5682 1856 5753; baseline -0.001 -18"><span class='ocrx_word' id='word_1_718' title='bbox 285 5699 515 5752; x_wconf 83' lang='lat' dir='ltr'><strong>operum</strong></span> <span class='ocrx_word' id='word_1_719' title='bbox 563 5685 783 5739; x_wconf 80' lang='lat' dir='ltr'><strong>Meursii</strong></span> <span class='ocrx_word' id='word_1_720' title='bbox 825 5683 1104 5746; x_wconf 78' lang='lat' dir='ltr'><strong>exhibuit,</strong></span> <span class='ocrx_word' id='word_1_721' title='bbox 1142 5699 1264 5753; x_wconf 88' lang='lat' dir='ltr'><strong>pag.</strong></span> <span class='ocrx_word' id='word_1_722' title='bbox 1301 5699 1428 5742; x_wconf 61' lang='grc' dir='ltr'><strong>τοι.</strong></span> <span class='ocrx_word' id='word_1_723' title='bbox 1460 5696 1568 5752; x_wconf 88' lang='lat' dir='ltr'><strong>quo</strong></span> <span class='ocrx_word' id='word_1_724' title='bbox 1597 5682 1856 5736; x_wconf 90' lang='lat' dir='ltr'><strong>nimirum</strong></span> 
     </span>
    </p>
   </div>
   <div class='ocr_carea' id='block_1_100' title="bbox 287 5753 1852 5874">
    <p class='ocr_par' dir='ltr' id='par_1_100' title="bbox 287 5753 1852 5874">
     <span class='ocr_line' id='line_1_101' title="bbox 287 5753 1852 5874; baseline 0.001 -70"><span class='ocrx_word' id='word_1_725' title='bbox 287 5753 360 5874; x_wconf 53' lang='grc' dir='ltr'><strong>ἲ).</strong></span> <span class='ocrx_word' id='word_1_726' title='bbox 391 5756 582 5811; x_wconf 85' lang='lat' dir='ltr'><strong>eodem</strong></span> <span class='ocrx_word' id='word_1_727' title='bbox 618 5755 854 5810; x_wconf 86' lang='lat' dir='ltr'><strong>Meursio</strong></span> <span class='ocrx_word' id='word_1_728' title='bbox 890 5754 1229 5810; x_wconf 83' lang='lat' dir='ltr'><strong>Mcthodiana</strong></span> <span class='ocrx_word' id='word_1_729' title='bbox 1258 5755 1507 5824; x_wconf 70' lang='lat' dir='ltr'><strong>evuigata</strong></span> <span class='ocrx_word' id='word_1_730' title='bbox 1536 5753 1852 5823; x_wconf 86' lang='lat' dir='ltr'><strong>compleret.</strong></span> 
     </span>
     <span class='ocr_line' id='line_1_102' title="bbox 312 5840 455 5874; baseline 0 0"><span class='ocrx_word' id='word_1_731' title='bbox 312 5840 455 5874; x_wconf 48' lang='grc' dir='ltr'><strong>ιυλι.-</strong></span> 
     </span>
    </p>
   </div>
   <div class='ocr_carea' id='block_1_101' title="bbox 311 5840 455 5881">
    <p class='ocr_par' dir='ltr' id='par_1_101' title="bbox 311 5840 455 5881">
     <span class='ocr_line' id='line_1_103' title="bbox 311 5840 455 5881; baseline 0.021 -3"><span class='ocrx_word' id='word_1_732' title='bbox 311 5851 333 5876; x_wconf 80' lang='grc' dir='ltr'><strong><em>ι</em></strong></span> <span class='ocrx_word' id='word_1_733' title='bbox 347 5840 455 5881; x_wconf 64' lang='grc' dir='ltr'>ιιι..</span> 
     </span>
    </p>
   </div>
   <div class='ocr_carea' id='block_1_102' title="bbox 1967 4611 3536 4686">
    <p class='ocr_par' dir='ltr' id='par_1_102' title="bbox 1967 4611 3536 4686">
     <span class='ocr_line' id='line_1_104' title="bbox 1967 4611 3536 4686; baseline -0.005 -12"><span class='ocrx_word' id='word_1_734' title='bbox 1967 4619 2160 4674; x_wconf 90' lang='lat' dir='ltr'><strong>stimas</strong></span> <span class='ocrx_word' id='word_1_735' title='bbox 2198 4617 2338 4686; x_wconf 88' lang='lat' dir='ltr'><strong>(eos)</strong></span> <span class='ocrx_word' id='word_1_736' title='bbox 2367 4631 2477 4669; x_wconf 88' lang='lat' dir='ltr'><strong>non</strong></span> <span class='ocrx_word' id='word_1_737' title='bbox 2531 4614 2645 4668; x_wconf 70' lang='lat' dir='ltr'><strong>haec</strong></span> <span class='ocrx_word' id='word_1_738' title='bbox 2680 4613 2860 4669; x_wconf 90' lang='lat' dir='ltr'><strong>facere</strong></span> <span class='ocrx_word' id='word_1_739' title='bbox 2881 4616 2968 4668; x_wconf 82' lang='lat' dir='ltr'><strong>&#39;ex</strong></span> <span class='ocrx_word' id='word_1_740' title='bbox 3000 4613 3192 4672; x_wconf 86' lang='lat' dir='ltr'><strong>nihilo.</strong></span> <span class='ocrx_word' id='word_1_741' title='bbox 3229 4613 3395 4668; x_wconf 78' lang='lat' dir='ltr'><strong>verbo</strong></span> <span class='ocrx_word' id='word_1_742' title='bbox 3433 4611 3536 4666; x_wconf 87' lang='lat' dir='ltr'><strong>fal-</strong></span> 
     </span>
    </p>
   </div>
   <div class='ocr_carea' id='block_1_103' title="bbox 1963 4704 3536 4778">
    <p class='ocr_par' dir='ltr' id='par_1_103' title="bbox 1963 4704 3536 4778">
     <span class='ocr_line' id='line_1_105' title="bbox 1963 4704 3536 4778; baseline -0.006 -13"><span class='ocrx_word' id='word_1_743' title='bbox 1963 4711 2116 4766; x_wconf 89' lang='lat' dir='ltr'><strong>leris.</strong></span> <span class='ocrx_word' id='word_1_744' title='bbox 2143 4707 2327 4778; x_wconf 83' lang='lat' dir='ltr'><strong>Neque</strong></span> <span class='ocrx_word' id='word_1_745' title='bbox 2358 4707 2502 4762; x_wconf 91' lang='lat' dir='ltr'><strong>enim</strong></span> <span class='ocrx_word' id='word_1_746' title='bbox 2550 4707 2869 4761; x_wconf 86' lang='lat' dir='ltr'><strong>substantia-</strong></span> <span class='ocrx_word' id='word_1_747' title='bbox 2903 4705 3091 4760; x_wconf 87' lang='lat' dir='ltr'><strong>condit</strong></span> <span class='ocrx_word' id='word_1_748' title='bbox 3140 4704 3411 4758; x_wconf 82' lang='lat' dir='ltr'><strong>civitatem</strong></span> <span class='ocrx_word' id='word_1_749' title='bbox 3441 4709 3536 4758; x_wconf 85' lang='lat' dir='ltr'><strong>aut</strong></span> 
     </span>
    </p>
   </div>
   <div class='ocr_carea' id='block_1_104' title="bbox 1963 4796 3530 4872">
    <p class='ocr_par' dir='ltr' id='par_1_104' title="bbox 1963 4796 3530 4872">
     <span class='ocr_line' id='line_1_106' title="bbox 1963 4796 3530 4872; baseline -0.004 -16"><span class='ocrx_word' id='word_1_750' title='bbox 1963 4802 2183 4872; x_wconf 89' lang='lat' dir='ltr'><strong>templa,</strong></span> <span class='ocrx_word' id='word_1_751' title='bbox 2223 4799 2318 4855; x_wconf 90' lang='lat' dir='ltr'><strong>scd</strong></span> <span class='ocrx_word' id='word_1_752' title='bbox 2373 4815 2462 4854; x_wconf 91' lang='lat' dir='ltr'><strong>ars</strong></span> <span class='ocrx_word' id='word_1_753' title='bbox 2502 4815 2623 4869; x_wconf 65' lang='lat' dir='ltr'><strong>quae</strong></span> <span class='ocrx_word' id='word_1_754' title='bbox 2648 4805 2900 4853; x_wconf 80' lang='lat' dir='ltr'><strong>versatur</strong></span> <span class='ocrx_word' id='word_1_755' title='bbox 2931 4797 3077 4852; x_wconf 89' lang='lat' dir='ltr'><strong>circa</strong></span> <span class='ocrx_word' id='word_1_756' title='bbox 3124 4796 3483 4851; x_wconf 85' lang='lat' dir='ltr'><strong>substantiam</strong></span> <span class='ocrx_word' id='word_1_757' title='bbox 3515 4813 3530 4850; x_wconf 90' lang='lat'><strong>:</strong></span> 
     </span>
    </p>
   </div>
   <div class='ocr_carea' id='block_1_105' title="bbox 1956 4884 3534 4962">
    <p class='ocr_par' dir='ltr' id='par_1_105' title="bbox 1956 4884 3534 4962">
     <span class='ocr_line' id='line_1_107' title="bbox 1956 4884 3534 4962; baseline -0.006 -14"><span class='ocrx_word' id='word_1_758' title='bbox 1956 4907 2149 4962; x_wconf 90' lang='lat' dir='ltr'><strong>eaque,</strong></span> <span class='ocrx_word' id='word_1_759' title='bbox 2184 4907 2292 4945; x_wconf 91' lang='lat' dir='ltr'><strong>non</strong></span> <span class='ocrx_word' id='word_1_760' title='bbox 2325 4906 2391 4945; x_wconf 84' lang='lat' dir='ltr'><strong>ex</strong></span> <span class='ocrx_word' id='word_1_761' title='bbox 2414 4890 2658 4960; x_wconf 86' lang='lat' dir='ltr'><strong>subjecta</strong></span> <span class='ocrx_word' id='word_1_762' title='bbox 2706 4889 2888 4958; x_wconf 90' lang='lat' dir='ltr'><strong>aliqua</strong></span> <span class='ocrx_word' id='word_1_763' title='bbox 2919 4895 3034 4942; x_wconf 90' lang='lat' dir='ltr'><strong>arte</strong></span> <span class='ocrx_word' id='word_1_764' title='bbox 3071 4902 3192 4956; x_wconf 70' lang='lat' dir='ltr'><strong>qua:</strong></span> <span class='ocrx_word' id='word_1_765' title='bbox 3215 4885 3286 4941; x_wconf 92' lang='lat' dir='ltr'><strong>sit</strong></span> <span class='ocrx_word' id='word_1_766' title='bbox 3318 4885 3374 4940; x_wconf 91' lang='lat' dir='ltr'><strong>in</strong></span> <span class='ocrx_word' id='word_1_767' title='bbox 3398 4884 3534 4940; x_wconf 88' lang='lat' dir='ltr'><strong>sub-</strong></span> 
     </span>
    </p>
   </div>
   <div class='ocr_carea' id='block_1_106' title="bbox 1959 4977 3536 5051">
    <p class='ocr_par' dir='ltr' id='par_1_106' title="bbox 1959 4977 3536 5051">
     <span class='ocr_line' id='line_1_108' title="bbox 1959 4977 3536 5051; baseline -0.006 -9"><span class='ocrx_word' id='word_1_768' title='bbox 1959 4985 2213 5049; x_wconf 89' lang='lat' dir='ltr'><strong>stantiis,</strong></span> <span class='ocrx_word' id='word_1_769' title='bbox 2250 4985 2342 5039; x_wconf 92' lang='lat' dir='ltr'><strong>sed</strong></span> <span class='ocrx_word' id='word_1_770' title='bbox 2365 4999 2429 5039; x_wconf 87' lang='lat' dir='ltr'><strong>ex</strong></span> <span class='ocrx_word' id='word_1_771' title='bbox 2464 4998 2573 5037; x_wconf 90' lang='lat' dir='ltr'><strong>non</strong></span> <span class='ocrx_word' id='word_1_772' title='bbox 2605 4992 2720 5038; x_wconf 87' lang='lat' dir='ltr'><strong>arte</strong></span> <span class='ocrx_word' id='word_1_773' title='bbox 2742 4983 2796 5036; x_wconf 92' lang='lat' dir='ltr'><strong>in</strong></span> <span class='ocrx_word' id='word_1_774' title='bbox 2842 4982 2970 5046; x_wconf 92' lang='lat' dir='ltr'><strong>illis,</strong></span> <span class='ocrx_word' id='word_1_775' title='bbox 3001 4989 3337 5051; x_wconf 88' lang='lat' dir='ltr'><strong>procreatur.</strong></span> <span class='ocrx_word' id='word_1_776' title='bbox 3372 4977 3536 5033; x_wconf 78' lang='lat' dir='ltr'><strong>Vide-</strong></span> 
     </span>
    </p>
   </div>
   <div class='ocr_carea' id='block_1_107' title="bbox 1961 5071 3534 5145">
    <p class='ocr_par' dir='ltr' id='par_1_107' title="bbox 1961 5071 3534 5145">
     <span class='ocr_line' id='line_1_109' title="bbox 1961 5071 3534 5145; baseline -0.005 -13"><span class='ocrx_word' id='word_1_777' title='bbox 1961 5078 2042 5133; x_wconf 90' lang='lat' dir='ltr'><strong>ris</strong></span> <span class='ocrx_word' id='word_1_778' title='bbox 2075 5085 2251 5130; x_wconf 89' lang='lat' dir='ltr'><strong>tamen</strong></span> <span class='ocrx_word' id='word_1_779' title='bbox 2282 5077 2355 5129; x_wconf 89' lang='lat' dir='ltr'><strong>ita</strong></span> <span class='ocrx_word' id='word_1_780' title='bbox 2393 5076 2588 5129; x_wconf 90' lang='lat' dir='ltr'><strong>rationi</strong></span> <span class='ocrx_word' id='word_1_781' title='bbox 2638 5090 2800 5145; x_wconf 87' lang='lat' dir='ltr'><strong>posse</strong></span> <span class='ocrx_word' id='word_1_782' title='bbox 2845 5088 3132 5129; x_wconf 88' lang='lat' dir='ltr'><strong>occurrere</strong></span> <span class='ocrx_word' id='word_1_783' title='bbox 3159 5091 3171 5126; x_wconf 92' lang='lat'>:</span> <span class='ocrx_word' id='word_1_784' title='bbox 3194 5081 3249 5126; x_wconf 88' lang='lat' dir='ltr'><strong>ut</strong></span> <span class='ocrx_word' id='word_1_785' title='bbox 3275 5071 3534 5125; x_wconf 87' lang='lat' dir='ltr'><strong>nimirum</strong></span> 
     </span>
    </p>
   </div>
   <div class='ocr_carea' id='block_1_108' title="bbox 2038 5247 3535 5325">
    <p class='ocr_par' dir='ltr' id='par_1_108' title="bbox 2038 5247 3535 5325">
     <span class='ocr_line' id='line_1_110' title="bbox 2038 5247 3535 5325; baseline -0.005 -18"><span class='ocrx_word' id='word_1_786' title='bbox 2038 5252 2150 5325; x_wconf 74' lang='lat'><strong>(&#39;23)</strong></span> <span class='ocrx_word' id='word_1_787' title='bbox 2185 5248 2463 5325; x_wconf 42' lang='lat' dir='ltr'><strong>famosa)</strong></span> <span class='ocrx_word' id='word_1_788' title='bbox 2491 5248 2700 5325; x_wconf 62' lang='grc' dir='ltr'><strong>ὄντων.</strong></span> <span class='ocrx_word' id='word_1_789' title='bbox 2734 5247 2896 5325; x_wconf 73' lang='lat' dir='ltr'><strong>Deest</strong></span> <span class='ocrx_word' id='word_1_790' title='bbox 2935 5248 3041 5325; x_wconf 74' lang='grc' dir='ltr'>μή,</span> <span class='ocrx_word' id='word_1_791' title='bbox 3080 5255 3175 5325; x_wconf 70' lang='lat' dir='ltr'><strong>aut</strong></span> <span class='ocrx_word' id='word_1_792' title='bbox 3205 5261 3535 5325; x_wconf 73' lang='lat' dir='ltr'><strong>supervaca-</strong></span> 
     </span>
    </p>
   </div>
   <div class='ocr_carea' id='block_1_109' title="bbox 1963 5316 3532 5388">
    <p class='ocr_par' dir='ltr' id='par_1_109' title="bbox 1963 5316 3532 5388">
     <span class='ocr_line' id='line_1_111' title="bbox 1963 5316 3532 5388; baseline -0.008 -9"><span class='ocrx_word' id='word_1_793' title='bbox 1963 5316 2216 5381; x_wconf 58' lang='lat' dir='ltr'><strong>neum&#39;eb</strong></span> <span class='ocrx_word' id='word_1_794' title='bbox 2245 5316 2361 5376; x_wconf 80' lang='grc' dir='ltr'>οὑκ.</span> <span class='ocrx_word' id='word_1_795' title='bbox 2410 5316 2600 5374; x_wconf 78' lang='lat' dir='ltr'><strong>Statim</strong></span> <span class='ocrx_word' id='word_1_796' title='bbox 2640 5335 2770 5374; x_wconf 87' lang='lat' dir='ltr'><strong>vero</strong></span> <span class='ocrx_word' id='word_1_797' title='bbox 2810 5316 2950 5373; x_wconf 80' lang='lat' dir='ltr'><strong>forte</strong></span> <span class='ocrx_word' id='word_1_798' title='bbox 2991 5316 3270 5388; x_wconf 80' lang='lat' dir='ltr'><strong>legendum</strong></span> <span class='ocrx_word' id='word_1_799' title='bbox 3304 5316 3532 5381; x_wconf 85' lang='grc' dir='ltr'>αὑτούς,</span> 
     </span>
    </p>
   </div>
   <div class='ocr_carea' id='block_1_110' title="bbox 1965 5389 3528 5459">
    <p class='ocr_par' dir='ltr' id='par_1_110' title="bbox 1965 5389 3528 5459">
     <span class='ocr_line' id='line_1_112' title="bbox 1965 5389 3528 5459; baseline -0.006 -9"><span class='ocrx_word' id='word_1_800' title='bbox 1965 5403 2024 5450; x_wconf 91' lang='lat' dir='ltr'><strong>ut</strong></span> <span class='ocrx_word' id='word_1_801' title='bbox 2055 5393 2322 5449; x_wconf 80' lang='lat' dir='ltr'><strong>referatur</strong></span> <span class='ocrx_word' id='word_1_802' title='bbox 2365 5393 2433 5446; x_wconf 87' lang='lat' dir='ltr'><strong>ad</strong></span> <span class='ocrx_word' id='word_1_803' title='bbox 2486 5391 2833 5455; x_wconf 80' lang='lat' dir='ltr'><strong>architectos,</strong></span> <span class='ocrx_word' id='word_1_804' title='bbox 2886 5389 2953 5444; x_wconf 90' lang='lat' dir='ltr'><strong>de</strong></span> <span class='ocrx_word' id='word_1_805' title='bbox 2997 5390 3198 5459; x_wconf 88' lang='lat' dir='ltr'><strong>quibus</strong></span> <span class='ocrx_word' id='word_1_806' title='bbox 3231 5390 3392 5458; x_wconf 86' lang='lat' dir='ltr'><strong>paulo</strong></span> <span class='ocrx_word' id='word_1_807' title='bbox 3431 5403 3528 5442; x_wconf 87' lang='lat' dir='ltr'><strong>su-</strong></span> 
     </span>
    </p>
   </div>
   <div class='ocr_carea' id='block_1_111' title="bbox 2003 5480 2168 5520">
    <p class='ocr_par' dir='ltr' id='par_1_111' title="bbox 2003 5480 2168 5520">
     <span class='ocr_line' id='line_1_113' title="bbox 2003 5480 2168 5520; baseline -0.024 0"><span class='ocrx_word' id='word_1_808' title='bbox 2003 5480 2168 5520; x_wconf 86' lang='lat' dir='ltr'><strong>enus.</strong></span> 
     </span>
    </p>
   </div>
   <div class='ocr_carea' id='block_1_112' title="bbox 1963 5483 3533 5606">
    <p class='ocr_par' dir='ltr' id='par_1_112' title="bbox 1963 5483 3533 5606">
     <span class='ocr_line' id='line_1_114' title="bbox 1963 5483 3533 5606; baseline -0.006 -17"><span class='ocrx_word' id='word_1_809' title='bbox 1963 5483 2168 5606; x_wconf 38' lang='lat' dir='ltr'><strong>pagi?</strong></span> <span class='ocrx_word' id='word_1_810' title='bbox 2184 5532 2379 5587; x_wconf 88' lang='lat' dir='ltr'><strong>Locum</strong></span> <span class='ocrx_word' id='word_1_811' title='bbox 2399 5533 2660 5606; x_wconf 73' lang='lat' dir='ltr'><strong>dicamus.</strong></span> <span class='ocrx_word' id='word_1_812' title='bbox 2695 5530 2871 5584; x_wconf 85' lang='grc' dir='ltr'>Τόπον</span> <span class='ocrx_word' id='word_1_813' title='bbox 2892 5527 3350 5606; x_wconf 39' lang='grc' dir='ltr'>εἶναιτΡΙιοιὶ-οηιι,</span> <span class='ocrx_word' id='word_1_814' title='bbox 3376 5542 3533 5606; x_wconf 86' lang='lat' dir='ltr'><strong>men-</strong></span> 
     </span>
    </p>
   </div>
   <div class='ocr_carea' id='block_1_113' title="bbox 1963 5600 3528 5671">
    <p class='ocr_par' dir='ltr' id='par_1_113' title="bbox 1963 5600 3528 5671">
     <span class='ocr_line' id='line_1_115' title="bbox 1963 5600 3528 5671; baseline -0.008 -10"><span class='ocrx_word' id='word_1_815' title='bbox 1963 5600 2342 5667; x_wconf 68' lang='grc' dir='ltr'>ἀθερ,ἀῖτιον,</span> <span class='ocrx_word' id='word_1_816' title='bbox 2386 5613 2494 5657; x_wconf 88' lang='lat' dir='ltr'><strong>tota</strong></span> <span class='ocrx_word' id='word_1_817' title='bbox 2523 5603 2665 5656; x_wconf 84' lang='lat' dir='ltr'><strong>enim</strong></span> <span class='ocrx_word' id='word_1_818' title='bbox 2701 5602 3100 5671; x_wconf 81' lang='lat' dir='ltr'><strong>argumentatio</strong></span> <span class='ocrx_word' id='word_1_819' title='bbox 3133 5601 3187 5654; x_wconf 93' lang='lat' dir='ltr'><strong>in</strong></span> <span class='ocrx_word' id='word_1_820' title='bbox 3219 5600 3466 5671; x_wconf 86' lang='lat' dir='ltr'><strong>loco_est,</strong></span> <span class='ocrx_word' id='word_1_821' title='bbox 3497 5611 3528 5648; x_wconf 87' lang='lat' dir='ltr'><strong>a</strong></span> 
     </span>
    </p>
   </div>
   <div class='ocr_carea' id='block_1_114' title="bbox 1965 5668 3531 5748">
    <p class='ocr_par' dir='ltr' id='par_1_114' title="bbox 1965 5668 3531 5748">
     <span class='ocr_line' id='line_1_116' title="bbox 1965 5668 3531 5748; baseline -0.007 -17"><span class='ocrx_word' id='word_1_822' title='bbox 1965 5692 2072 5748; x_wconf 87' lang='lat' dir='ltr'><strong>quo</strong></span> <span class='ocrx_word' id='word_1_823' title='bbox 2087 5681 2265 5745; x_wconf 74' lang='lat' dir='ltr'><strong>arguit</strong></span> <span class='ocrx_word' id='word_1_824' title='bbox 2288 5674 2350 5748; x_wconf 80' lang='lat' dir='ltr'><strong>ad</strong></span> <span class='ocrx_word' id='word_1_825' title='bbox 2370 5688 2620 5748; x_wconf 82' lang='lat' dir='ltr'><strong>causam;</strong></span> <span class='ocrx_word' id='word_1_826' title='bbox 2639 5668 2940 5748; x_wconf 81' lang='lat' dir='ltr'><strong>utquorum</strong></span> <span class='ocrx_word' id='word_1_827' title='bbox 2960 5671 3100 5726; x_wconf 88' lang='lat' dir='ltr'><strong>Deus</strong></span> <span class='ocrx_word' id='word_1_828' title='bbox 3122 5668 3388 5748; x_wconf 72' lang='lat' dir='ltr'><strong>nequierit</strong></span> <span class='ocrx_word' id='word_1_829' title='bbox 3410 5682 3531 5748; x_wconf 72' lang='lat' dir='ltr'><strong>esse</strong></span> 
     </span>
    </p>
   </div>
   <div class='ocr_carea' id='block_1_115' title="bbox 1965 5734 3528 5814">
    <p class='ocr_par' dir='ltr' id='par_1_115' title="bbox 1965 5734 3528 5814">
     <span class='ocr_line' id='line_1_117' title="bbox 1965 5734 3528 5814; baseline -0.008 -12"><span class='ocrx_word' id='word_1_830' title='bbox 1965 5734 2287 5802; x_wconf 36' lang='lat' dir='ltr'><strong>causafuec</strong></span> <span class='ocrx_word' id='word_1_831' title='bbox 2314 5745 2505 5799; x_wconf 83' lang='lat' dir='ltr'><strong>debeat</strong></span> <span class='ocrx_word' id='word_1_832' title='bbox 2529 5734 2650 5796; x_wconf 69' lang='lat' dir='ltr'><strong>esse</strong></span> <span class='ocrx_word' id='word_1_833' title='bbox 2681 5734 2834 5798; x_wconf 76' lang='lat' dir='ltr'><strong>locus</strong></span> <span class='ocrx_word' id='word_1_834' title='bbox 2856 5751 2910 5796; x_wconf 89' lang='lat' dir='ltr'><strong>et</strong></span> <span class='ocrx_word' id='word_1_835' title='bbox 2940 5734 3408 5814; x_wconf 80' lang='lat' dir='ltr'><strong>conceptaculum,</strong></span> <span class='ocrx_word' id='word_1_836' title='bbox 3443 5734 3528 5789; x_wconf 77' lang='lat'><strong>60~</strong></span> 
     </span>
    </p>
   </div>
   <div class='ocr_carea' id='block_1_116' title="bbox 1966 5814 2717 5889">
    <p class='ocr_par' dir='ltr' id='par_1_116' title="bbox 1966 5814 2717 5889">
     <span class='ocr_line' id='line_1_118' title="bbox 1966 5814 2717 5889; baseline -0.003 -19"><span class='ocrx_word' id='word_1_837' title='bbox 1966 5835 2120 5889; x_wconf 51' lang='lat' dir='ltr'><strong>mna</strong></span> <span class='ocrx_word' id='word_1_838' title='bbox 2161 5824 2219 5870; x_wconf 91' lang='lat' dir='ltr'><strong>ut</strong></span> <span class='ocrx_word' id='word_1_839' title='bbox 2242 5817 2422 5871; x_wconf 85' lang='lat' dir='ltr'><strong>statim</strong></span> <span class='ocrx_word' id='word_1_840' title='bbox 2445 5814 2717 5870; x_wconf 87' lang='lat' dir='ltr'><strong>subditur.</strong></span> 
     </span>
    </p>
   </div>
  </div>
