4010 6328
505 337 619 396 255

1495 337 1553 393 S.
1586 334 1922 393 METEODII
1959 331 2271 394 EPISCOPI
2307 330 2396 387 ET
2436 328 2791 387 MARTYRIS

3640 328 3754 385 9.56

500 453 773 529 artiﬁcem
827 462 948 512 arte
998 468 1164 526 quam
1228 454 1286 509 in
1331 455 1638 513 substantia
1672 457 1890 519 habeat,
1922 454 2074 510 dicas

2177 451 2338 525 τέχνῃ
2368 453 2530 504 ποιεῖ.
2572 448 2717 522 Φημὶ
2772 446 2830 500 δὲ
2875 445 3010 520 πρὸς
3064 444 3256 510 τοῦτο,
3287 446 3372 501 δτι
3408 444 3529 500 οὐδὲ
3569 446 3628 499 ὲν
3671 446 3755 518 τῷ

507 545 727 618 operari
756 543 891 617 (25).
926 543 1008 600 Ad
1036 544 1138 600 hoc
1168 547 1473 617 respondeo
1497 566 1509 602 :
1530 545 1715 619 Neque
1742 546 1948 601 homini
1981 546 2079 601 ad-

510 638 664 695 nasci
694 649 867 693 artem
892 652 959 692 ex
1010 636 1259 709 subjecta
1307 650 1617 711 arte;.nam
1645 655 1823 711 neque
1854 638 2080 696 concedi

508 738 706 802 potest,
742 730 917 801 ipsam
939 730 995 784 in
1028 747 1087 787 se
1136 732 1522 793 substantiam.
1570 740 1742 788 artem
1783 748 1925 789 esse.
1973 732 2080 789 Ars

504 823 653 879 enim
679 821 1058 878 accidentibus
1086 823 1432 888 adcensetur,
1476 824 1671 894 iisque.
1700 840 1930 895 quorum
1951 835 2080 881 tunc

506 915 580 970 sit
607 928 750 976 esse.
791 927 918 968 cum
974 913 1031 969 in
1083 914 1390 970 substantia
1420 915 1601 986 aliqua
1653 925 1938 986 procreata
1964 917 2080 973 fue-

504 1008 638 1062 rint.
671 1004 843 1062 Homo
898 1006 1138 1077 quidem,
1174 1007 1293 1063 sine
1339 1008 1502 1062 etiam
1532 1009 1829 1065 itectonica
1857 1009 2021 1065 fuerit
2058 1026 2074 1063 :

504 1106 561 1153 at
591 1099 706 1166 illa,
737 1098 844 1153 nisi
886 1098 1041 1170 prius
1095 1101 1396 1155 exsistente
1451 1099 1690 1163 homine,
1750 1101 1901 1156 nulla
1951 1101 2075 1157 erit.

504 1190 686 1258 Quare
714 1192 1007 1247 dicendum
1039 1191 1376 1256 necessario,
1435 1192 1640 1248 habere
1680 1201 1826 1249 artes
1856 1200 2074 1260 natura,

506 1290 567 1338 ut
596 1300 659 1338 ex
687 1283 861 1361 nihin
883 1283 1015 1339 liant
1037 1284 1093 1339 in
1124 1284 1462 1341 hominibus.
1518 1284 1659 1356 Ergo
1697 1285 1744 1341 si
1777 1287 1850 1340 ita
1880 1286 2079 1341 habere

503 1376 852 1433 ostendimus
892 1376 950 1432 in
1008 1376 1364 1445 hominibus;
1398 1378 1670 1448 quomodo
1721 1393 1833 1433 non
1862 1393 2075 1449 aaquum

503 1468 615 1521 erit
639 1467 842 1531 dicere,
877 1483 1039 1538 posse
1068 1482 1097 1522 a
1120 1466 1251 1532 Deo,
1278 1484 1388 1523 non
1441 1470 1615 1524 solum
1640 1470 1950 1541 qualitates,
1982 1473 2078 1526 sed

503 1565 561 1612 et
586 1558 942 1621 substantias.
974 1559 1090 1614 fieri
1125 1575 1191 1615 ex
1226 1559 1437 1615 nihilo?
1465 1560 1604 1615 Dum
1648 1561 1793 1617 enim
1818 1560 2078 1633 possibile

503 1646 722 1702 videtur
745 1654 805 1703 ut
832 1649 1049 1718 aliquod
1086 1665 1153 1705 ex
1177 1650 1348 1705 nihilo
1377 1653 1491 1716 fiat,
1544 1667 1707 1722 posse
1735 1655 1899 1709 etiam
1946 1654 2079 1712 sub-

504 1741 741 1796 stantias
773 1756 838 1796 ex
867 1741 1041 1796 nihilo
1072 1744 1188 1798 ﬁeri
1217 1745 1545 1800 ostenditur.

581 1831 780 1887 lterum
814 1849 941 1889 vero
972 1833 1221 1890 instituta
1252 1835 1320 1890 de
1375 1836 1536 1891 malis
1588 1836 1886 1907 disputatio
1917 1853 2074 1894 resu-

508 1928 711 1978 matur.
746 1922 907 1988 Mala,
957 1932 1140 1978 utrum
1173 1925 1499 1982 substantiae
1548 1927 1807 1984 videntur
1829 1929 1914 1985 vel
1944 1944 2083 2000 qua-

504 2012 685 2070 litates
714 2017 1186 2072 substantiarum?

576 2100 734 2158 VAL.
767 2104 1088 2172 Qualitatcs.

575 2195 785 2253 ORTH.
822 2198 1046 2256 Materia
1074 2216 1222 2267 vero,
1263 2212 1452 2259 eratne
1498 2202 1620 2260 sine
1649 2205 2004 2276 qualitatibus
2026 2215 2083 2266 et

501 2287 793 2346 informis?

580 2378 736 2435 VAL.
771 2381 1021 2439 Maxime.

572 2469 934 2529 ORTHJiazc
985 2489 1115 2544 ergo
1165 2475 1387 2530 nomina
1422 2477 1748 2534 substantiae
1772 2479 2082 2553 junguntur

504 2577 573 2618 ex
608 2561 676 2617 iis
710 2579 829 2632 qua:
863 2565 965 2635 ipsi
996 2564 1274 2623 accidunt.
1304 2565 1492 2638 Neque
1543 2568 1688 2623 enim
1723 2569 2080 2630 homicidium

502 2661 591 2709 est
618 2654 945 2721 substantia,
980 2672 1156 2728 neque
1184 2658 1480 2729 quidquam
1512 2659 1741 2714 aliorum
1777 2665 2075 2735 malorum;

504 2746 600 2802 sed
637 2748 1022 2818 agnominatur
1053 2750 1122 2805 ab
1142 2752 1573 2821 operationibus.
1607 2749 1743 2806 Nam
1773 2771 1950 2826 neque
1980 2758 2079 2813 ho-

505 2839 788 2897 micidium
819 2849 904 2897 est
924 2841 1127 2910 homo;
1161 2842 1256 2899 scd
1296 2841 1378 2905 is,
1426 2843 1497 2899 ob
1530 2845 1661 2902 illud
1707 2856 2077 2919 perpetratum

504 2931 742 3001 quadam
774 2934 920 2989 velut
964 2934 1204 2992 nominis
1236 2934 1558 3004 deﬂexione,
1610 2938 1885 2994 homicida
1909 2956 2079 3012 agno—

503 3023 773 3093 minatur;
805 3040 930 3081 cum
959 3026 1075 3097 ipse
1103 3027 1522 3099 haudquaquam
1570 3028 1642 3084 sit
1681 3029 2072 3105 homicidium]:

503 3122 690 3185 atque,
748 3124 807 3171 ut
862 3118 1187 3189 compendio
1217 3120 1435 3185 dicam,
1491 3120 1628 3174 nihil
1659 3121 1959 3192 quidquam
2008 3140 2075 3180 ex

501 3205 625 3261 aliis
679 3210 838 3265 malis
871 3217 955 3265 est
991 3212 1297 3267 substantia
1332 3232 1345 3269 :
1380 3213 1479 3270 sed
1526 3221 1706 3284 potest
1760 3213 1869 3269 dici
1903 3216 2068 3282 mala,
2099 3213 2141 3274 C

501 3298 651 3370 quod
702 3301 970 3356 malorum
1021 3304 1300 3375 quidpiam
1329 3306 1521 3383 egerit.
1569 3303 1749 3359 Simili
1794 3306 1954 3363 modo
1982 3324 2074 3364 ra-

506 3392 793 3459 tiocinare,
833 3396 880 3451 si
906 3396 1037 3466 quid
1080 3398 1228 3453 aliud
1272 3398 1417 3470 quod
1447 3401 1518 3455 sit
1564 3415 1731 3458 causa
1776 3404 2069 3469 malorum,

499 3494 682 3541 mente
702 3489 1031 3546 confinxeris
1066 3508 1079 3544 :
1106 3507 1301 3562 nempe
1333 3493 1497 3548 etiam
1539 3493 1676 3549 illud
1703 3495 1905 3551 malum
1925 3511 2069 3562 esse,

503 3579 648 3648 quod
694 3580 1017 3640 hominibus
1067 3594 1411 3656 cooperetur,
1448 3596 1503 3642 et
1542 3597 1798 3660 suggerat
1844 3597 1905 3645 ut
1929 3589 2073 3645 mala

502 3668 723 3724 faciant.
779 3672 875 3729 Est
904 3676 1047 3729 enim
1077 3684 1131 3730 et
1160 3678 1276 3746 ipse
1310 3680 1508 3747 malus,
1539 3682 1611 3737 ob
1642 3698 1706 3737 ea
1739 3697 1861 3752 quae
1920 3682 2070 3738 facit.

499 3758 794 3831 Propterea
818 3765 961 3819 enim
983 3767 1184 3823 dicitur
1222 3785 1346 3827 esse
1377 3774 1573 3840 malus,
1606 3776 1752 3847 quod
1784 3777 1856 3832 sit
1884 3784 2077 3833 auctor

501 3852 792 3909 malorum.
821 3853 1014 3922 Porro,
1043 3858 1188 3928 quod
1220 3862 1345 3932 quis
1396 3862 1549 3928 facit,
1590 3881 1702 3922 non
1737 3867 1853 3938 ipse
1877 3870 2074 3941 estqui

500 3942 654 4007 facit,
686 3946 778 4001 sed
802 3948 920 4018 ejus
954 3952 1196 4021 operatio
1219 3993 1233 4017 ,
1267 3955 1412 4011 unde
1435 3956 1542 4012 sibi
1592 3974 1897 4030 cognomen
1945 3962 2075 4016 mali

501 4037 741 4095 asciscit.
773 4038 907 4095 Nam
963 4044 1008 4099 si
1071 4043 1126 4099 id
1175 4044 1357 4116 ipsum
1409 4047 1712 4109 dixerimus
1772 4068 1895 4108 esse
1929 4052 2075 4124 quod

499 4126 667 4196 facit;
696 4144 818 4185 cum
853 4132 1017 4188 faciat
1037 4138 1212 4191 ca:ch
1240 4146 1294 4193 et
1324 4138 1595 4197 adulteria
1642 4150 1698 4198 et
1746 4143 1851 4198 hoc
1902 4159 2075 4214 genus

502 4220 732 4288 similia,
761 4224 875 4294 ipse
908 4226 1000 4282 illa
1040 4228 1164 4283 erit.
1191 4229 1347 4296 Quod
1378 4232 1424 4287 si
1456 4233 1595 4304 ipse,
1644 4235 1738 4289 illa
1764 4244 1878 4300 est;
1913 4235 2076 4292 habet

501 4329 663 4369 suum
697 4332 839 4384 esse,
867 4332 989 4377 cum
1019 4320 1111 4375 illa
1140 4328 1269 4378 sunt
1305 4338 1318 4375 :
1357 4324 1450 4380 ubi
1482 4333 1662 4382 autem
1709 4342 1818 4382 non
1849 4326 2073 4394 fuerint,

499 4408 663 4464 etiam
695 4408 809 4480 ipse
829 4410 1030 4468 desinit
1051 4429 1191 4471 esse.
1234 4415 1398 4472 Fiunt
1427 4426 1609 4474 autem
1639 4419 1754 4474 haec
1792 4420 1861 4475 ab
1899 4420 2076 4475 homi-

499 4499 662 4558 nibus
690 4518 704 4554 :
733 4512 896 4559 erunt
931 4520 1061 4578 ergo
1090 4506 1341 4567 homines
1373 4510 1567 4567 horum
1599 4521 1889 4580 auctores;
1930 4520 1985 4569 et
2013 4520 2075 4568 ut

500 4591 612 4646 sint
638 4593 723 4648 vel
748 4596 1004 4666 nonsint,
1036 4614 1237 4657 causae.
1261 4602 1427 4674 Atqui
1450 4604 1497 4660 si
1521 4604 1594 4661 ob
1611 4619 1675 4659 ea
1693 4620 1814 4674 qua:
1838 4604 2070 4675 quisque

501 4679 653 4748 facit,
684 4685 861 4743 malus
882 4696 1003 4757 est;
1048 4706 1170 4762 quae
1198 4700 1380 4748 autem
1426 4692 1577 4758 facit,
1604 4692 1933 4764 principium
1966 4695 2067 4749 ha-

501 4773 666 4844 bent;
702 4793 1043 4853 consequens
1075 4784 1151 4850 fit,
1184 4794 1244 4839 ut
1272 4796 1325 4841 et
1345 4785 1436 4842 ille
1463 4787 1690 4856 cmperit
1717 4802 1839 4843 esse
1869 4789 2067 4851 malus,

501 4871 877 4943 cmperintque
905 4875 1066 4930 etiam
1103 4876 1210 4933 ista
1260 4878 1423 4933 mala.
1455 4877 1612 4945 Quod
1656 4879 1703 4935 si
1735 4896 1920 4934 verum
1962 4890 2067 4943 est,

503 4975 663 5017 nemo
706 4964 871 5035 igitur
934 4975 1061 5023 ante
1108 4985 1272 5026 omne
1316 4970 1644 5043 principium
1698 4978 2072 5042 aeternumque

502 5053 680 5110 malus
708 5063 814 5122 est,
847 5072 911 5111 ac
943 5074 1118 5129 neque
1146 5061 1287 5115 mala
1317 5071 1445 5117 sunt
1472 5062 1732 5117 increata.

574 5208 686 5332 £25)
717 5209 785 5264 Ut
811 5213 1059 5267 nimirum
1108 5215 1363 5283 artiﬁcem
1387 5224 1501 5269 arte
1521 5233 1677 5286 quam
1701 5216 1754 5269 in
1775 5214 2072 5270 substantia

607 5288 726 5332 eat.
781 5282 928 5332 dicas
976 5286 1202 5332 onerari-
1244 5288 1308 5332 τῆ
1344 5288 1403 5332 ὲν
1439 5290 1503 5332 τῆ
1534 5286 1689 5332 οὐσία
1718 5287 1879 5332 τένντι
1908 5289 2069 5332 ποιεῖ-

504 5278 726 5357 habeat.
781 5282 928 5357 dicas
976 5278 1308 5357 operari_,'_'rﬁ
1344 5288 1403 5339 ὲν
1439 5290 1504 5357 τῇ
1532 5278 1689 5357 οὐσίᾳ
1718 5287 1881 5357 τέχνῃ
1908 5289 2069 5340 ποιεῖ.

503 5348 622 5427 Non
674 5351 811 5427 bene
857 5346 1124 5427 interpres
1176 5346 1388 5420 Pbdiii,
1440 5346 1530 5423 ρὲι·
1570 5346 1737 5410 artem
1781 5346 1984 5427 aliquid
2017 5358 2070 5411 in

505 5419 808 5502 substantia
846 5419 1115 5491 ﬁeriani
1145 5427 1289 5480 enim
1327 5419 1527 5502 hnc—ad
1556 5419 1932 5502 propositum,
1963 5442 2070 5502 quo

505 5498 769 5565 quaeritur
793 5532 809 5565 ,
848 5510 980 5549 num
1015 5511 1104 5551 ars
1127 5512 1193 5551 ex
1227 5498 1551 5565 praajacente
1582 5507 1699 5552 arte
1729 5500 1819 5551 tiat
1839 5537 1853 5562 ,
1888 5499 1943 5552 in
1974 5501 2071 5553 ha-

507 5561 698 5635 bente,
734 5564 813 5618 vel
859 5572 917 5617 ut
957 5580 1022 5620 ex
1064 5573 1180 5621 arte
1218 5561 1380 5635 quam
1412 5568 1604 5622 artifex
1637 5568 2072 5624 substantialiter

508 5630 725 5695 habeat,
762 5643 821 5688 ut
852 5635 956 5691 ista
982 5636 1185 5692 solutio
1210 5630 1524 5704 contendit;
1551 5639 1633 5693 vel
1662 5655 1727 5693 ex
1769 5639 1937 5692 nihilo
1959 5639 2065 5702 sui,

510 5710 779 5776 tanquam»
796 5720 982 5759 verum
1013 5708 1291 5771 accidens,
1317 5708 1461 5776 quod
1495 5717 1704 5762 tantum
1738 5710 1831 5772 sit,
1858 5724 1981 5761 cum
2012 5710 2069 5763 in

512 5772 820 5830 substantia
867 5777 1047 5848 aliqua
1094 5778 1257 5835 fuerit
1302 5772 1536 5846 factum;
1574 5779 1716 5849 quod
1761 5778 2067 5836 Methodius

2179 542 2448 616 ἀνθρώπῳ
2477 543 2540 596 ἐκ
2566 557 2708 605 τινος
2741 539 3106 611 ὑποκειμένης
3138 539 3333 610 τέχνης
3365 538 3751 610 προσγίνεται·

2178 636 2297 690 οὐδὲ
2328 635 2436 705 γάρ
2488 634 2661 689 ἔνεστι
2703 632 2801 704 τὴν
2828 632 2914 701 ἐφ’
2948 631 3147 702 ἑαυτῆς
3204 631 3390 685 οὐσίαν
3421 629 3609 684 δοῦναι
3650 631 3754 700 τὴν

2176 728 2390 799 τέχνην.
2426 726 2546 779 Τῶν
2568 725 2676 797 γάρ
2721 723 3138 796 συμϐεϐηκότων
3177 724 3314 786 ἐστὶ,
3355 722 3447 776 καὶ
3484 722 3593 776 τῶν
3627 722 3751 775 τότε

2177 818 2238 871 τὸ
2260 813 2399 872 εἶναι
2431 817 2661 889 ἐχόντων
2680 856 2695 879 ,
2733 816 2934 869 ὁπόταν
2987 816 3045 869 ἐν
3077 815 3233 887 οὐσίᾳ
3261 813 3367 866 τινὶ
3398 813 3643 885 γένηται.
3694 809 3752 867 ’0

2182 909 2281 979 μὲν
2311 909 2418 981 γάρ
2450 908 2731 980 ἅνθρωπος
2763 907 2857 962 καὶ
2891 908 3058 979 χωρὶς
3088 907 3188 977 τῆς
3222 905 3539 975 τεκτονικῆς
3571 904 3747 968 ἔσται,

2179 999 2290 1070 ἡδὲ
2315 1000 2415 1052 οὐκ
2449 998 2621 1064 ἔσται,
2652 997 2747 1052 ἐὰν
2779 998 2853 1070 μὴ
2880 997 3142 1070 πρότερον
3174 996 3455 1068 ἄνθρωπος
3562 995 3746 1062 Ὅθεν,

2176 1089 2276 1153 τὰς
2307 1089 2500 1160 τέχνας
2543 1090 2601 1157 ἐξ
2632 1090 2733 1143 οὐκ
2759 1089 2924 1145 ὄντων
2963 1090 3043 1151 εἰς
3085 1086 3402 1160 ἀνθρώπους
3444 1087 3749 1155 πεφυκέναι

2177 1182 2440 1252 γίνεσθαι,
2476 1184 2653 1254 λέγειν
2691 1185 3021 1253 ἀναγκαῖον.Δ
3054 1184 3117 1237 Εί
3161 1183 3338 1235 τοίνυν
3374 1181 3532 1235 τοῦτο
3571 1182 3747 1247 οὕτως

2178 1274 2321 1347 ἔχειν
2358 1277 2444 1329 ἐπ’
2491 1275 2792 1349 ἀνθρώπων
2831 1275 3130 1346 ἐδείξαμεν,
3177 1275 3294 1339 πῶς
3345 1274 3464 1345 οὐχὶ
3500 1272 3748 1344 προσῆκε

2176 1367 2267 1420 τὸν
2311 1366 2439 1420 Θεὸν
2473 1368 2547 1439 μὴ
2596 1366 2752 1439 μόνον
2794 1366 3102 1436 ποιότητας,
3152 1367 3210 1433 ἐξ
3239 1367 3338 1420 οὐκ
3379 1366 3545 1419 ὄντων
3580 1366 3749 1434 φάναι

2177 1457 2434 1513 δύνασθαι
2479 1463 2677 1523 ποιεῖν,
2710 1458 2846 1514 ἀλλὰ
2881 1457 2977 1512 καὶ
3015 1458 3233 1523 οὐσίας;
3273 1457 3346 1511 Τὸ
3385 1458 3493 1527 γάρ
3525 1458 3750 1510 δυνατὸν

2180 1550 2413 1621 φανῆναι
2447 1552 2507 1605 τὸ
2530 1551 2776 1622 γίνεσθαί
2799 1570 2850 1606 τι
2878 1547 2940 1616 ἐξ
2963 1551 3061 1606 οὐκ
3081 1551 3269 1615 ὄντων,
3304 1550 3398 1604 καὶ
3434 1550 3532 1614 τάς
3560 1549 3752 1614 οὐσίας

2178 1642 2349 1708 οὕτως
2375 1643 2519 1714 ἔχειν
2548 1644 2843 1700 δείκνυται.

2103 1831 2147 1889 Β
2243 1796 2413 1853 Πάλιν
2456 1798 2514 1851 δὲ
2553 1798 2874 1870 διαληπτέον
2922 1798 3030 1854 τῶν
3061 1797 3248 1853 κακῶν
3278 1797 3424 1870 πέρι.
3478 1796 3560 1851 Τά
3606 1798 3756 1854 κακὰ

2182 1891 2407 1963 πότερον
2432 1891 2609 1946 οὐσίαι
2658 1909 2738 1946 σοι
2779 1890 3033 1947 δοκοῦσιν
3061 1886 3198 1946 εῖναι
3221 1929 3236 1955 ,
3270 1890 3304 1963 ἢ
3338 1890 3615 1962 ποιότητες
3660 1891 3759 1945 οὐι-
3800 1902 3807 1908 ’

2182 1982 2313 2036 σιῶν
2333 1999 2348 2048 ;

2251 2076 2455 2130 ΟΥΑΛ.
2490 2077 2805 2148 Ποιότητες.

2251 2168 2486 2222 ΟΡΘΟΔ.
2546 2168 2611 2223 Ἦ
2660 2169 2719 2222 δὲ
2767 2168 2868 2240 ὕλη
2922 2166 3113 2232 ἄποιος
3170 2164 3240 2241 ἦν
3298 2168 3393 2222 καὶ
3446 2167 3763 2239 ἀσχημάτι-

2183 2275 2343 2324 στοςῖ
3378 2290 3383 2295 ’

2251 2352 2451 2407 ΟΥΑΛ.
2495 2351 2670 2407 υῦτω.

2251 2444 2485 2499 ΟΡΘΟΔ.
2529 2444 2835 2499 Πέπλεκται
2886 2445 2993 2517 ἄρα
3032 2444 3102 2500 τὰ
3141 2445 3382 2516 ὀνόματα
3445 2442 3618 2497 ταῦτα
3681 2445 3754 2514 τῇ

2179 2533 2337 2605 οὐσίᾳ
2372 2536 2436 2587 ὲκ
2460 2534 2570 2589 τῶν
2609 2535 3029 2607 συμϐεϐηκότων
3052 2536 3209 2607 αὐτῇ.
3245 2534 3382 2589 Οὔτε
3407 2536 3518 2607 γάρ
3551 2536 3701 2588 ἐστιν
3728 2537 3757 2588 ὁ

2180 2626 2340 2694 φόνος
2383 2628 2416 2698 ἡ
2461 2627 2639 2692 οὐσία,
2679 2627 2801 2682 οὔτε
2833 2646 2887 2682 τι
2918 2628 3025 2682 τῶν
3061 2628 3234 2683 ἄλλων
3270 2628 3488 2683 κακῶν·
3528 2628 3643 2682 ἀλλ’
3689 2631 3757 2683 ὲκ

2178 2719 2286 2773 τῶν
2338 2721 2627 2792 ἐνεργειῶν
2674 2720 3134 2793 παρονομάζεται.
3175 2721 3312 2776 Οὔτε
3360 2722 3470 2795 γὰρ
3524 2722 3685 2791 φόνος
3726 2723 3759 2777 ὁ

2179 2810 2462 2885 ἄνθρωπος
2478 2831 2491 2843 ·
2519 2813 2653 2868 ἀλλὰ
2674 2814 2752 2887 τῷ
2778 2815 3135 2886 ὲνεργηκὲναι
3160 2814 3365 2879 τοῦτον,
3409 2814 3759 2885 παρωνύμως

2179 2905 2372 2974 φονεὺς
2414 2906 2848 2979 παρονομάζεται
2873 2948 2887 2973 ,
2926 2907 2999 2979 μὴ
3042 2907 3119 2962 ὣν
3148 2909 3306 2979 φόνος
3361 2909 3554 2972 αὐτός’
3602 2906 3756 2975 οὔτε,

2180 2997 2478 3071 συλλήϐδην
2532 3002 2740 3065 εἰπεῖν,
2797 3000 2850 3053 τὶ
2896 3000 3004 3053 τῶν
3055 3000 3229 3057 ἄλλων
3280 3000 3465 3055 κακῶν
3518 3003 3668 3055 ἐστιν
3719 3002 3757 3073 ἡ

2176 3090 2361 3142 οὐσία·
2404 3091 2541 3145 ἀλλὰ
2576 3091 2656 3163 τῷ
2700 3091 2903 3164 πρᾶξαί
2942 3109 2994 3145 τι
3037 3092 3145 3147 τῶν
3192 3094 3374 3148 κακῶν
3413 3094 3553 3166 κακὴ
3597 3093 3761 3162 λέγε-

2177 3179 2302 3235 σθαι
2325 3180 2565 3237 δύναται.
2606 3183 2834 3255 Ὁμοίως
2872 3184 3188 3256 ἐπινόησον,
3221 3185 3275 3237 εἴ
3310 3202 3363 3238 τι
3402 3186 3585 3258 ἕτερον
3618 3186 3760 3238 ἀνα·

2175 3276 2427 3341 πλάττεις
2470 3280 2528 3333 ὲν
2566 3277 2644 3350 τῷ
2690 3276 2797 3349 νῷ,
2832 3278 3018 3332 κακῶν
3049 3281 3160 3342 τοῖς
3196 3278 3501 3350 ἀνθρώποις
3541 3277 3756 3345 αἴτιον,

2173 3368 2249 3434 ὡς
2278 3371 2498 3424 κάκεῖνο
2530 3369 2696 3423 κακὸν
2722 3369 2855 3441 (26),
2894 3371 2952 3423 ὲν
2985 3369 3063 3441 τῷ
3095 3369 3303 3433 τούτοις
3343 3372 3613 3443 ἐνεργεῖν,
3654 3373 3760 3426 καὶ

2175 3460 2497 3516 ὑποϐάλλειν
2542 3464 2714 3515 ποιεῖν
2766 3461 2835 3515 τὰ
2885 3460 3049 3516 κακά.
3086 3463 3238 3515 Ἔστι
3277 3460 3386 3534 γὰρ
3446 3462 3538 3515 καὶ
3589 3464 3759 3529 αὐτὸς

2175 3551 2366 3618 κακὸς,
2399 3551 2459 3620 ἐξ
2489 3547 2564 3608 ὧν
2594 3557 2753 3608 ποιεῖ.
2783 3554 2882 3609 Διὰ
2906 3555 3015 3627 γὰρ
3044 3554 3200 3609 τοῦτο
3234 3555 3400 3619 κακὸς
3433 3552 3569 3609 εἶναι
3592 3555 3757 3624 λέγε-

2174 3661 2285 3712 ται,
2310 3646 2391 3699 ὅτι
2422 3645 2594 3717 (τῶν)
2637 3645 2823 3700 κακῶν
2866 3649 2980 3700 ἐστι
3011 3648 3271 3719 ποιητής·
3312 3647 3348 3701 ἂ
3380 3646 3437 3699 δέ
3468 3664 3552 3710 τις
3585 3650 3763 3711 ποιεῖ,

2174 3737 2275 3790 οὐκ
2307 3736 2453 3792 ἔστιν
2507 3738 2688 3801 αὐτὸς,
2733 3738 2847 3792 ἀλλ’
2889 3738 3138 3809 ἐνέργεια
3176 3737 3375 3801 αὐτοῦ,
3419 3738 3511 3808 ἀφ’
3548 3731 3623 3791 ὧν
3651 3738 3756 3809 τὴν

2176 3830 2547 3902 προσηγορίαν
2584 3831 2679 3884 τοῦ
2712 3830 2879 3895 κακὸς
2911 3831 3021 3903 (27)
3064 3831 3316 3901 λέγεσθαι
3349 3831 3632 3902 λαμϐάνει.
3688 3832 3755 3884 Et

2176 3922 2284 3995 γὰρ
2307 3923 2469 3977 αὐτὸν
2507 3923 2754 3993 εἴποιμεν
2791 3919 2928 3978 εἶναι
2962 3924 2999 3978 ἃ
3028 3925 3199 3976 ποιεῖ’
3246 3926 3389 3976 ποιεῖ
3433 3923 3487 3976 δὲ
3518 3923 3752 3990 φόνους,

2176 4012 2270 4065 καὶ
2301 4012 2564 4082 μοιχείας,
2602 4014 2696 4066 καὶ
2727 4012 2825 4066 ὅσα
2858 4013 3047 4084 ὅμοια·
3078 4013 3240 4077 αὐτὸς
3280 4012 3430 4067 ἔσται
3464 4011 3655 4067 ταῦτα.
3686 4014 3755 4066 Εἰ

2175 4102 2232 4155 δὲ
2261 4103 2422 4165 αὑτός
2450 4104 2565 4156 ἐστι
2597 4101 2798 4157 ταῦτα’
2829 4104 2917 4157 ὅτε
2944 4104 3172 4173 γίνεται,
3195 4103 3292 4175 τὴν
3320 4103 3577 4157 σύστασιν
3602 4103 3750 4174 ἔχει·

2174 4196 2235 4247 οὐ
2274 4195 2531 4265 γινόμενα
2568 4194 2646 4258 δὲ,
2683 4197 2775 4249 κα)⁵
2822 4195 2917 4249 τοῦ
2954 4192 3091 4250 εἶναι
3133 4196 3384 4250 παύεται.
3435 4197 3644 4250 Γίνεται
3693 4198 3754 4253 δὲ

2174 4285 2347 4342 ταῦτα
2391 4288 2527 4359 πρὸς
2559 4288 2889 4361 ἀνθρώπων·
2933 4289 3143 4344 ἔσονται
3170 4289 3277 4361 ἄρα
3321 4290 3526 4343 τούτων
3563 4291 3613 4343 οἱ
3654 4291 3755 4345 ἄν-

2177 4377 2382 4451 θρωποι
2432 4379 2687 4450 ποιηταὶ,
2738 4379 2831 4432 καί¹
2880 4378 2972 4431 τοῦ
3021 4375 3157 4432 εἶναι
3197 4380 3293 4433 καὶ
3343 4379 3437 4432 τοῦ
3485 4379 3559 4450 μὴ
3606 4375 3753 4434 εἶναι

2177 4469 2358 4523 αἴτιοι.
2399 4469 2534 4522 Ἀλλ’
2558 4472 2604 4523 εί
2636 4469 2696 4535 ἐξ
2735 4463 2808 4523 ὧν
2835 4471 3047 4541 ἐνεργεῖ
3077 4469 3325 4534 ἕκαστος,
3369 4470 3603 4543 ὑπάρχει
3644 4488 3753 4525 κα-

2104 4561 2147 4616 D
2176 4560 2299 4625 κός·
2329 4560 2364 4614 ἃ.
2394 4562 2451 4615 δὲ
2480 4562 2708 4633 ἐνεργεῖ,
2732 4560 2905 4633 ἀρχὴν
2935 4558 3028 4613 τοῦ
3059 4557 3196 4615 εἶναι
3223 4561 3484 4632 λαμϐάνει
3506 4578 3518 4591 ⁸
3542 4561 3754 4632 ἤρξατο

2176 4652 2425 4716 κάκεῖνος
2453 4648 2588 4705 εἶναι
2618 4652 2783 4716 κακός
2802 4669 2815 4681 ·
2853 4651 3056 4723 ἤρξατο
3079 4652 3136 4706 δὲ
3162 4653 3255 4707 καὶ
3280 4653 3451 4707 ταῦτα
3483 4654 3550 4706 τά
3574 4654 3749 4710 κακά.

2176 4742 2239 4794 El
2271 4743 2314 4795 δ’
2345 4742 2515 4807 οὕτως
2548 4742 2680 4813 ἔχει,
2718 4743 2819 4799 οὐκ
2851 4742 2997 4798 ἐστιν
3028 4743 3278 4814 ἀνάρχως
3304 4760 3387 4807 τις
3410 4743 3597 4807 κακὸς,
3622 4744 3752 4799 οὐδὲ

2177 4834 2447 4908 άγὲννητα
2477 4834 2547 4889 τὰ
2566 4834 2728 4891 κακά.

2177 5218 2432 5284 intendit,
2463 5228 2520 5274 ut
2546 5234 2611 5275 eo
2642 5221 2875 5283 evincat,
2905 5233 3066 5291 posse
3096 5217 3264 5291 Deum
3292 5220 3497 5291 aliquid
3526 5220 3708 5291 majus
3732 5263 3749 5286 ,

2179 5305 2374 5361 nempe
2414 5306 2478 5344 ex
2518 5291 2699 5361 nihilo
2731 5291 2897 5345 etiam
2928 5289 3158 5357 subjecti
3204 5299 3255 5343 et
3307 5289 3580 5355 absolute;
3613 5289 3751 5346 Vnec

2181 5360 2354 5432 solum
2380 5360 2676 5432 accidentia
2701 5400 2718 5426 ,
2753 5361 2844 5416 sed
2879 5369 2933 5415 et
2961 5362 3543 5432 substantiascreare,
3568 5376 3750 5432 eoque

2179 5445 2288 5503 non
2317 5431 2572 5503 habuisse
2604 5446 2742 5503 Opus
2770 5431 2997 5485 materia
3020 5430 3323 5503 adjutrice?
3349 5431 3573 5503 Reliqua
3603 5430 3750 5487 nihil

2179 5502 2294 5555 fere
2325 5502 2538 5555 ielicius
2572 5500 2783 5555 reddita
2806 5542 2820 5566 ,
2856 5502 3039 5555 conati
3081 5517 3272 5557 sumus
3310 5500 3604 5558 restituere
3635 5521 3648 5555 :
3688 5511 3753 5559 et

2178 5570 2411 5640 quisque
2434 5572 2760 5635 adverterit,
2792 5571 2988 5629 collata
3010 5579 3238 5640 utraque
3259 5574 3533 5638 versione,
3558 5580 3613 5628 et
3634 5572 3751 5629 sibi

2178 5640 2316 5710 ipsa,
2345 5650 2398 5694 et
2429 5641 2620 5695 textui.
2932 5705 2936 5709 4

2270 5711 2359 5778 ‘26)
2388 5710 2637 5764 Κὰκεῒνο
2659 5711 2865 5765 κακόν.
2902 5710 2992 5770 Αι.
3024 5714 3276 5779 κάκεῖνος
3299 5715 3492 5778 κακός.

2268 5780 2358 5852 27)
2381 5783 2593 5847 Καλός.
2617 5780 2703 5836 ΑΙ.
2747 5781 2940 5837 κακοῦ.
