4010 6328
231 327 328 382 '23?

1386 318 1515 374 LIB.
1556 318 1644 371 DE
1683 314 1932 371 LIBERO
1970 311 2316 369 ARBITRIO.

3352 318 3458 374 238

298 443 500 497 UTAA.
546 439 704 492 Ἀλλὰ
738 438 827 491 τὸν
857 439 950 507 μὲν
981 436 1116 508 πρὸς
1149 435 1241 489 τὸν
1271 436 1455 505 ἕτερον
1480 434 1634 503 λόγον
1677 436 1786 486 ἱκα-

1969 429 2121 483 VAL.
2149 428 2258 499 (28)
2291 427 2597 491 Enimvero,
2631 428 2827 494 amice,
2880 437 3200 499 praesentem
3235 410 3473 501 quidcml

230 555 351 599 νως,
399 533 444 588 ὧ
476 535 596 604 φίλε
622 575 635 597 ,
694 529 1047 600 πεποιηκέναι
1082 545 1173 599 μοι
1216 528 1407 590 δοκεῖς.
1441 528 1528 592 Ἐξ
1562 520 1635 579 ὧν
1682 526 1791 597 γὰρ

228 625 512 697 προλαϐὼν
536 625 701 677 ἔδωκε
726 623 804 693 τῷ
832 623 993 692 λόγῳ,
1018 621 1081 672 ὲκ
1101 617 1303 671 τούτων
1334 618 1582 685 συνάγειν
1607 616 1792 683 ἔδοξας

230 721 424 782 καλῶς.
468 720 555 781 Ὠς
584 717 797 789 ἀληθῶς
824 715 952 787 γὰρ,
987 716 1035 767 εἰ
1066 715 1250 776 ἄποιος
1276 711 1563 782 ἐτύγχανεν
1595 713 1626 780 ἡ
1669 710 1788 781 ὕλη,

228 816 329 868 τῶν
360 815 417 867 δὲ
463 812 763 881 ποιοτήτων
803 807 1130 879 δημιουργὸς
1158 806 1186 856 6
1225 805 1384 866 Θεόςο
1426 805 1704 874 ποιότητες
1735 803 1791 856 δὲ

226 908 291 960 τὰ
317 906 469 959 κακά
491 924 503 934 ·
556 902 663 956 τῶν
707 902 890 956 κακῶν
918 902 1068 954 ἐσται
1121 899 1346 970 ποιητὴς
1377 900 1405 951 6
1433 898 1583 961 Θεός.
1639 898 1791 967 Ἐμοὶ

223 998 276 1049 δὲ
300 996 499 1064 ψεῦδος
527 994 692 1056 δοκεῖ,
730 992 825 1062 τὴν
857 991 987 1062 ὕλην
1027 990 1210 1043 ἄποιον
1263 988 1468 1055 λέγειν·
1524 985 1643 1038 οὐδὲ
1682 985 1790 1055 γὰρ

226 1092 427 1143 ἔνεστιν
483 1089 659 1139 εἰπεῖν
713 1085 841 1155 περὶ
898 1083 996 1152 τῆς
1037 1099 1179 1144 τινος
1237 1079 1459 1142 οὐσίας,
1520 1078 1593 1140 ὡς
1646 1076 1788 1128 ἔστιν

226 1187 427 1245 ἄποιος.
476 1179 639 1233 Ἀλλὰ
664 1178 789 1249 μὴν,
825 1178 919 1231 καλ⁹
946 1178 1002 1229 ὲν
1025 1169 1068 1243 ᾧ
1099 1176 1285 1229 ἄποιον
1320 1169 1457 1225 εἶναι
1494 1170 1662 1239 λέγει,
1693 1170 1790 1241 τὴν

228 1276 482 1345 ποιότητα
530 1272 700 1340 αὐτῆς
730 1266 870 1323 εἶναι
923 1266 1175 1339 μηνύεις,
1226 1264 1383 1318 ὁποία
1428 1262 1574 1315 ἐστὶν
1623 1260 1786 1332 ἡῦλη

224 1360 684 1437 διαγραφόμενοςί
714 1363 850 1431 ὅπερ
881 1359 995 1413 ἐστὶ
1034 1358 1314 1427 ποιότητος
1343 1350 1499 1417 εἶδος.
1532 1354 1711 1415 Ὅθεν,
1739 1350 1794 1403 εἴ

227 1477 304 1513 σοι
332 1459 487 1528 φίλον
511 1457 681 1522 ἐστὶν,
706 1454 912 1509 ἄνωθεν
950 1453 1115 1523 ἄρχου
1151 1449 1243 1503 τοῦ
1279 1449 1470 1518 λόγον’
1518 1446 1641 1517 ἐμοὶ
1679 1444 1789 1515 γὰρ

225 1553 260 1624 ἡ
288 1551 380 1621 ὕλη
412 1549 708 1619 ποιότητας
740 1546 989 1616 ἀνάρχως
1021 1544 1161 1613 ἔχειν
1182 1542 1345 1594 δοκεῖ.
1379 1537 1532 1592 Οὕτω
1560 1536 1668 1607 γὰρ
1696 1535 1788 1624 x13.

225 1619 289 1695 τὰ
330 1619 481 1693 κακὰ
528 1641 595 1693 ὲκ
650 1638 750 1708 τῆς
777 1634 1074 1706 ἀπορροίας
1121 1633 1289 1702 αὐτῆς
1343 1625 1480 1683 εἶναι
1529 1627 1691 1695 λέγω,
1741 1619 1787 1680 ὦ

228 1735 362 1805 φίλε.

287 2007 523 2062 ΟΡΘΟΔ.
579 2006 642 2058 Εἰ
692 2003 914 2074 ἐμποιος
962 1998 1031 2073 ἦν
1073 2000 1321 2071 ἀνάρχως
1364 2001 1396 2071 ἡ
1450 1998 1585 2070 ὕλη,
1643 1996 1787 2061 τξνος

224 2102 359 2171 (ἄρα)
386 2100 545 2152 ἔσται
582 2096 811 2168 ποιητὴς
843 2097 871 2149 6
909 2094 1074 2158 Θεόςς
1121 2092 1247 2145 Εἴτε
1271 2093 1379 2163 γὰρ
1412 2090 1597 2152 οὐσίας
1629 2088 1786 2160 ὲροῦ-

226 2212 332 2265 μεν,
358 2194 618 2263 προεῖναι
645 2206 853 2261 φαμεν·
888 2187 997 2241 εἴτε
1029 2183 1095 2241 αὖ
1131 2196 1437 2257 ποιότητας,
1463 2184 1558 2237 καὶ
1589 2182 1787 2245 ταύτας

220 2286 483 2355 ὑπάρχειν
552 2282 802 2353 λέγομεν.
851 2280 1058 2335 Οὐκοῦν
1102 2280 1288 2341 οὐσίας
1338 2295 1396 2330 τε
1448 2276 1649 2347 οὐσης,
1694 2276 1787 2328 καὶ

219 2378 515 2446 ποιοτήτων
539 2413 554 2439 ,
610 2373 861 2445 περιττὸν
911 2369 1046 2426 εἶναι
1099 2389 1188 2442 μοι
1237 2370 1409 2433 δοκεῖ,
1460 2368 1788 2439 δημιουργὸν

217 2468 388 2536 λέγειν
426 2468 523 2521 τὸν
550 2466 705 2520 Θεόν.
745 2465 903 2518 Ἀλλὰ
934 2464 1227 2534 ἀπόκριναι
1271 2460 1647 2532 ἐρωτώμενος·
1682 2460 1785 2513 τίνι

214 2563 358 2632 τόπῳ
403 2558 739 2631 δημιουργὸν
771 2554 907 2611 εἶναι
941 2558 1046 2629 φῂς
1075 2557 1167 2610 τὸν
1197 2554 1358 2619 Θεόν;
1406 2555 1660 2625 πότερον,
1706 2555 1788 2607 ὅτι

215 2655 307 2717 τὰς
339 2654 534 2716 οὐσίας
566 2652 790 2723 ἔτρεψεν
818 2649 1030 2713 ὲκείνας
1056 2651 1134 2713 εἰς
1171 2648 1233 2701 τὸ
1273 2647 1467 2719 μηκέτι
1503 2648 1783 2718 ὑπάρχειν,

214 2748 370 2816 αἵπερ
392 2742 540 2815 ἦσαν
572 2760 703 2797 ποτε
721 2759 736 2773 ⁸
765 2743 799 2815 ἢ
834 2744 916 2795 ὅτι
945 2742 1043 2805 τὰς
1078 2741 1175 2812 μὲν
1207 2740 1393 2803 οὐσίας
1412 2738 1661 2809 ἐφύλαξε,
1689 2740 1787 2804 τὰς

214 2839 268 2892 δὲ
292 2840 592 2910 ποιότητας
617 2837 821 2889 τούτων
853 2835 1079 2906 ἔτρεφες

284 3022 489 3074 ΟΥΑΛ.
518 3020 653 3074 Οὕτι
694 3038 782 3091 μοι
810 3020 957 3074 δοκεῖ
991 3018 1226 3091 ἀλλαγὴν
1255 3018 1450 3072 οὐσιῶν
1479 3018 1781 3088 γεγονέναι,

1897 522 2345 591 disputationem,
2388 520 2519 575 mihi
2553 528 2745 574 contra
2796 523 2962 575 alium
2992 526 3352 592 opportunius
3381 529 3463 581 vi-

1895 616 2042 672 deris
2095 614 2415 669 instituisse.
2482 613 2635 669 Unde
2689 615 2833 670 enim
2890 616 2980 670 ille
3012 618 3163 687 prius
3205 621 3355 677 visus
3376 630 3461 678 est

1895 709 2131 765 orationi
2183 708 2503 772 concedere,
2530 707 2656 763 inde
2698 714 2754 761 tu
2809 708 2945 763 bene
2984 710 3133 766 visus
3158 727 3215 767 es
3238 716 3463 769 conclu-

1896 802 2043 856 dere.
2076 801 2209 856 Nam
2234 817 2422 856 verum
2467 800 2660 867 habet,
2699 802 2863 856 semel
2887 817 3171 866 concesso,
3199 820 3318 859 esse
3344 823 3460 861 ma-

1896 895 2086 947 teriam
2122 895 2239 949 sine
2265 894 2523 963 qualitate
2563 900 2616 947 et
2672 892 2957 949 informem
2986 938 3000 962 ,
3040 894 3315 967 Deumque
3337 916 3461 955 esse

1894 986 2219 1053 qualitatum
2277 993 2595 1051 auctorem,
2659 1000 2722 1039 ac
2773 987 3061 1056 qualitates
3100 1004 3223 1043 esse
3273 992 3455 1059 mala;

1896 1074 2011 1130 fore
2033 1075 2199 1130 Deum
2228 1078 2494 1130 malorum
2543 1085 2838 1132 auctorem.
2874 1076 2942 1131 At
2992 1081 3124 1134 mihi
3154 1081 3348 1137 falsum
3377 1086 3460 1138 vi-

1899 1167 2060 1222 detur
2103 1185 2224 1224 esse
2270 1170 2552 1223 materiam
2602 1170 2720 1225 sine
2750 1170 3010 1240 qualitate
3066 1185 3117 1227 et
3149 1174 3455 1232 informem.

1894 1259 1970 1313 De
2014 1262 2162 1315 nulla
2214 1262 2359 1316 enim
2419 1262 2725 1316 substantia
2776 1263 2953 1331 possis
3013 1264 3280 1322 allirmare
3336 1284 3459 1324 esse

1892 1356 2172 1428 qualitatis
2200 1361 2494 1424 expertem.
2528 1352 2668 1420 Quin
2701 1354 2803 1409 hoc
2834 1355 2951 1424 ipso
2983 1356 3127 1425 quod
3178 1358 3295 1413 sine
3324 1376 3459 1428 qua-

1893 1448 2042 1502 litate
2080 1446 2239 1511 dicis,
2290 1446 2603 1515 qualitatem
2635 1446 2753 1516 ejus
2798 1446 3043 1502 declaras
3070 1487 3085 1513 ,
3140 1450 3458 1507 describens

1891 1539 2070 1609 qualis
2105 1538 2173 1593 sit
2191 1538 2415 1592 materia
2447 1556 2459 1592 :
2500 1536 2644 1607 quod
2672 1545 2756 1592 est
2779 1538 3022 1608 quaedam
3059 1542 3267 1609 species
3316 1558 3456 1612 qua-

1892 1630 2083 1684 litatis.
2118 1629 2319 1695 Quare,
2351 1627 2396 1683 si
2425 1628 2521 1682 tibi
2566 1629 2763 1698 placet,
2811 1629 2975 1684 altius
3002 1631 3185 1687 ordire
3218 1633 3460 1703 disputa-

1892 1721 2116 1773 tionem.
2151 1718 2281 1772 Mihi
2331 1718 2476 1772 enim
2530 1720 2759 1773 materia
2812 1719 3102 1789 qualitates
3144 1722 3212 1776 ab
3252 1732 3457 1779 aeterno

1812 1814 1856 1869 B
1884 1812 2084 1866 habere
2139 1810 2369 1863 videtur.
2413 1807 2491 1863 Ita
2525 1809 2745 1879 quippe,
2788 1826 2820 1865 ο
2853 1812 3048 1879 amice,
3098 1822 3152 1868 et
3184 1815 3348 1880 mala,
3386 1816 3458 1872 ab

1887 1904 2007 1973 ejus
2034 1918 2157 1957 esse
2185 1900 2427 1966 deﬂuxu,
2460 1901 2775 1971 pronuntio.

1957 1993 2261 2052 ORTIIOD.
2289 1992 2346 2048 Si
2365 1995 2594 2050 materia
2622 1996 2737 2051 suis
2767 1992 2957 2050 aﬂ'ecta
2990 1997 3345 2067 qualitatibus
3386 1999 3460 2055 ab

1886 2094 2093 2141 mterno
2141 2084 2264 2149 fuit,
2313 2085 2473 2155 cujus
2532 2085 2637 2140 erit
2685 2093 2898 2140 creator
2928 2085 3108 2143 Deus?
3163 2086 3288 2143 Sive
3307 2089 3455 2143 enim

1888 2178 2224 2233 substantias
2250 2177 2571 2245 dixerimus,
2597 2178 2709 2248 jam
2744 2185 2870 2233 ante
2900 2176 3067 2234 fuisse
3084 2179 3459 2250 aﬂirmamus;

1888 2272 2002 2325 sive
2024 2286 2218 2326 rursus
2238 2270 2550 2340 qualitates,
2581 2278 2632 2325 et
2666 2270 2787 2325 illas
2811 2271 3090 2326 exstitisse
3133 2274 3452 2330 asserimus.

1885 2361 2023 2416 Cum
2056 2378 2186 2434 ergo
2203 2364 2314 2417 sint
2346 2362 2462 2417 sine
2485 2361 2593 2417 Deo
2623 2370 2673 2417 et
2712 2362 3030 2418 substantia:
3057 2374 3110 2419 et
3144 2367 3456 2435 qualitates,

1888 2469 2349 2523 supervacaneum
2386 2454 2621 2517 videtur,
2685 2465 2743 2509 ut
2776 2454 2920 2511 Deus
2953 2456 3168 2511 dicatur
3217 2470 3452 2517 creator.

1886 2542 2153 2595 Caeterum
2185 2543 2527 2611 percontanti
2575 2544 2882 2613 responde:
2910 2544 3027 2611 Qua
3069 2549 3279 2604 ratione
3315 2550 3459 2607 dicis

1887 2630 2057 2687 Deum
2087 2648 2210 2688 esse
2244 2632 2605 2688 Creatorem?
2644 2634 2728 2689 An
2753 2636 2899 2704 quod
2954 2638 3288 2694 substantias
3336 2657 3457 2711 qum

1886 2723 2179 2792 aliquando
2207 2722 2449 2787 fuerunt,
2494 2723 2550 2777 in
2588 2724 2818 2778 nihilum
2870 2726 3172 2798 redegerit;
3208 2744 3274 2783 an
3309 2730 3457 2800 quod

1886 2813 2218 2868 substantias
2274 2814 2493 2883 quidem
2561 2816 2954 2885 conservarit,
3022 2819 3118 2874 sed
3165 2822 3456 2889 qualizates

1888 2920 2077 2961 carum
2100 2906 2364 2961 mutarit?

1958 3017 2112 3073 VAL.
2138 3019 2297 3073 Nulla
2361 3020 2494 3075 mihi
2547 3022 2763 3077 videtur
2825 3024 3257 3081 substantiarum
3312 3028 3456 3084 facta

211 3110 354 3163 ἀλλὰ
377 3111 529 3181 μόνον
563 3114 893 3181 ποιοτήτων·
929 3111 1048 3164 καθ’
1072 3112 1138 3176 ἃς
1166 3111 1492 3183 δημιουργὸν
1526 3108 1663 3165 εἶναι
1695 3111 1783 3165 λέ-

1889 3111 2140 3175 mutatio,
2200 3112 2295 3167 sed
2338 3120 2550 3167 tantum
2608 3115 2955 3184 qualitatum,
3000 3134 3231 3188 quarum
3287 3136 3456 3177 causa

211 3221 385 3275 γομεν
416 3205 501 3257 τὸν
532 3205 689 3260 Θεόν.
719 3205 830 3257 Καὶ
859 3204 1045 3275 ὥσπερ
1071 3207 1118 3257 εἰ
1147 3203 1295 3275 τύχοι
1321 3204 1497 3273 λέγειν
1534 3206 1598 3259 ὲκ
1622 3205 1783 3260 λίθων

208 3297 386 3350 οἰκίαν
438 3297 741 3364 γεγονέναι,
802 3297 886 3366 ἐφ’
930 3290 1005 3350 ὧν
1041 3297 1139 3350 οὐκ
1194 3297 1396 3351 ἔνεστιν
1443 3300 1647 3361 εἰπεῖν,
1708 3298 1783 3361 ὼς

206 3385 390 3439 οὐκέτι
442 3386 582 3439 λίθοι
631 3386 847 3456 μένουσι
889 3387 953 3455 τῇ
996 3386 1185 3456 οὐσίᾳ,
1230 3386 1373 3439 οἰκία
1410 3386 1687 3457 λεγόμενοι
1734 3388 1781 3439 οἱ

210 3474 379 3530 λίθοι·
418 3479 486 3547 τῇ
540 3476 651 3546 γὰρ
690 3475 931 3544 ποιότητι
967 3474 1066 3545 τῆς
1123 3475 1423 3538 συνθέσεως
1464 3477 1563 3547 τὴν
1608 3477 1782 3531 οὶκίαν

210 3567 491 3635 γεγονέναι
524 3567 668 3637 φημί
691 3583 704 3598 ο
747 3566 889 3618 οὕτω
924 3584 1010 3636 μοι
1047 3567 1194 3620 δοκεῖ
1230 3569 1436 3622 καὶτὸν
1465 3570 1616 3633 Θεὸν,
1650 3573 1781 3625 ὐπο-

217 3659 485 3727 μενούσης
526 3658 629 3727 τῆς
674 3659 887 3722 οὐσίας,
919 3660 1125 3730 τροπήν
1164 3676 1287 3715 τινα
1334 3661 1441 3714 τῶν
1487 3665 1782 3735 ποιοτήτων

218 3749 381 3818 αὐτῆς
413 3749 804 3819 πεποιηκέναι,
847 3748 965 3802 καθ’
1008 3750 1073 3819 ἢν
1113 3750 1211 3821 τὴν
1254 3752 1404 3805 τοῦδε
1445 3752 1538 3806 τοῦ
1576 3754 1781 3826 κόσμου

220 3842 425 3907 γένεσιν
453 3843 593 3913 πρὸς
618 3843 711 3895 τοῦ
745 3841 879 3895 Θεοῦ
904 3843 1181 3911 γεγονέναι
1215 3845 1373 3915 φημί.

292 3935 528 3986 ΟΡθΟΔ.
580 3934 813 4004 Πότερον
837 3934 929 3986 καὶ
959 3935 1040 3986 σοὶ
1064 3933 1299 3987 δοκεῖτὰ
1331 3934 1474 3989 κακὰ
1502 3936 1782 4007 ποιότητες

218 4023 407 4077 οὐσιῶν
435 4020 576 4077 εἶναι
595 4041 610 4089 ;

291 4118 488 4169 ΟΥΑΛ.
518 4119 695 4170 Δοκεῖ.

290 4207 521 4260 ΟΡΘΟΔ.
568 4208 804 4262 Ἀνωθεν
838 4209 896 4262 δὲ
934 4206 1073 4282 ἦσαν
1116 4214 1169 4265 αἰ
1212 4213 1490 4283 ποιότητες
1524 4207 1679 4268 αὗται
1724 4215 1781 4267 ὲν

224 4300 289 4367 τῇ
323 4298 439 4371 ὕλῃ,
464 4300 497 4371 ἢ
529 4299 702 4371 ἀρχὴν
730 4300 885 4372 ἔσχον
908 4302 1001 4356 τοῦ
1028 4298 1199 4370 εἶναι;

293 4389 489 4444 ΟΥΑΛ.
521 4391 766 4444 Συνεῖναι
793 4393 934 4463 φημὶ
965 4395 1242 4466 ἀγενήτως
1260 4397 1324 4466 τῇ
1361 4393 1459 4467 ὕλη
1490 4395 1690 4457 ταύτας
1716 4394 1779 4466 δὴ

224 4482 321 4545 τὰς
351 4486 658 4555 ποιότητας.

294 4577 521 4631 ΟΡΘΟΔ.
564 4578 698 4647 Οὐχὶ
737 4577 791 4630 δὲ
828 4579 917 4632 τὸν
955 4579 1085 4633 Θεὸν
1132 4580 1238 4651 φῂς
1276 4581 1482 4650 τροπήν
1524 4596 1643 4632 τινα
1672 4578 1781 4632 τῶν

225 4671 514 4738 ποιοτήτων
555 4668 910 4737 πεποιηκέναι
928 4686 942 4735 ;
1657 4688 1663 4694 ’

299 4761 490 4813 ΟΥΑΛ.
529 4760 699 4813 Τοῦτό
733 4778 891 4831 φημι.

297 4854 524 4907 ΟΡΘΟΔ.
557 4854 654 4916 Εἰς
680 4854 740 4905 τὸ
768 4856 1013 4922 κρεῖττον
1040 4871 1054 4919 ;

296 4945 491 4996 oras.
539 4945 691 5013 Ἐμοι
722 4944 886 4998 δοκεῖ.

297 5040 523 5091 ΟΡΘΟΔ.
578 5038 787 5092 Οὐκοῦν
822 5039 870 5090 εἰ
904 5038 1183 5109 ποιότητες
1214 5037 1345 5107 ὕλης
1375 5038 1443 5091 τὰ
1481 5037 1647 5100 κακὰ,
1686 5036 1783 5101 τὰς

227 5128 281 5181 δὲ
313 5132 598 5202 τῶιότητας
627 5131 796 5200 αὐτῆς
837 5132 917 5193 εἰς
942 5131 1003 5184 τὸ
1034 5133 1277 5203 κρεῖττον
1304 5130 1527 5202 ἔτρεψεν
1555 5133 1583 5185 6
1617 5130 1748 5194 Θεός
1767 5149 1781 5162 ο

226 5223 383 5277 πόθεν
401 5224 469 5277 τὰ
493 5222 638 5278 κακὰ
676 5222 857 5293 ζητεῖν
882 5222 1113 5293 ἀνάγκη.
1142 5223 1212 5275 Ἦ
1241 5222 1350 5294 γὰρ
1392 5224 1582 5287 πᾶσαι,
1619 5222 1784 5275 κακαὶ

289 5382 399 5455 (28)
428 5381 566 5439 Van.
629 5379 859 5455 Videtur
898 5379 988 5433 hic
1034 5394 1157 5455 esse
1200 5379 1394 5455 tertius
1423 5379 1782 5455 _co_llocutqr,

221 5450 390 5522 cujus
412 5454 614 5508 mentio
644 5452 802 5506 initio
830 5450 999 5522 ἥιρει
1034 5451 1219 5522 eadem
1246 5450 1435 5522 haeresi
1460 5450 1783 5522 laborantis,

218 5520 378 5591 θυμω
399 5522 818 5578 Valentinianus
843 5521 935 5591 qui
968 5521 1188 5575 modum
1224 5521 1389 5574 alium
1419 5520 1606 5591 tuendi
1634 5536 1786 5575 erro-

218 5589 364 5663 rem,
424 5594 574 5649 socio
632 5609 770 5663 pene
811 5589 1049 5654 revicto,
1084 5598 1356 5663 suggerat.
1416 5589 1554 5656 Quia
1583 5598 1783 5663 tamen

220 5662 441 5719 Pbotius
467 5660 739 5732 ejusmodi
769 5676 1034 5733 personas
1081 5660 1205 5715 non
1242 5661 1439 5723 refert,
1495 5660 1785 5733 maluimus

220 5737 447 5798 primum
486 5730 620 5788 illud
652 5730 849 5787 nomen
881 5732 1113 5786 retinere
1139 5747 1299 5800 quam
1338 5747 1401 5785 ex
1436 5730 1595 5784 nobis
1640 5730 1785 5783 aliud

1890 3200 2057 3256 Deum
2091 3218 2214 3258 esse
2253 3212 2553 3259 creatorem
2605 3206 2857 3263 dicimus.
2908 3208 2973 3261 Et
3002 3212 3453 3280 quemadmodum

1890 3296 1934 3349 si
1972 3296 2094 3365 quis
2132 3297 2297 3360 dicat,
2356 3297 2553 3351 factam
2600 3313 2667 3352 ex
2720 3299 2991 3369 lapidibus
3048 3302 3307 3371 domum;
3345 3322 3457 3375 quo

1889 3398 2069 3444 tamen
2097 3390 2317 3444 minime
2336 3387 2497 3443 fuerit
2524 3391 2828 3460 negandum
2862 3392 2996 3463 (29),
3033 3409 3250 3449 manere
3277 3397 3459 3453 adhuc

1888 3478 2095 3547 lapides
2113 3482 2410 3535 secundum
2436 3484 2820 3547 substantiam,
2841 3486 2931 3554 qui
2950 3485 3206 3541 dicuntur
3224 3488 3452 3546 domus:

1888 3569 2108 3623 domum
2140 3572 2283 3625 enim
2324 3575 2737 3643 compositionis
2765 3578 3025 3645 qualitate
3060 3580 3181 3634 dico
3209 3580 3404 3634 factam
3434 3602 3450 3639 :

1887 3657 1962 3711 ita
1990 3672 2206 3725 censeo,
2236 3659 2425 3729 Deum,
2452 3673 2705 3720 manente
2734 3666 3061 3733 substantia,
3098 3672 3451 3729 mutationem

1888 3751 2175 3819 quamdam
2221 3753 2543 3823 qualitatum
2575 3754 2791 3821 fecisse,
2822 3759 3035 3814 ratione
3081 3760 3239 3830 cujus
3292 3779 3454 3819 muno

1887 3842 2015 3895 dum
2050 3858 2079 3895 a
2120 3841 2229 3897 Deo
2252 3855 2491 3898 creatum
2526 3845 2751 3902 allirmo.

1958 3929 2258 3988 ORTHOD.
2296 3932 2592 3989 Videturne
2636 3936 2797 3990 etiam
2826 3934 2925 3991 tibi
2953 3934 3094 3989 mala
3120 3936 3459 3993 substantia-

1884 4033 2009 4072 rum
2042 4030 2164 4070 esse
2197 4019 2523 4087 qualitates?

1960 4113 2113 4169 VAL.
2150 4113 2390 4169 Videtur.

1957 4205 2259 4261 ORTHOD.
2287 4205 2598 4263 Fueruntne
2642 4207 2726 4263 hac
2783 4209 3076 4279 qualitates
3129 4212 3196 4265 ab
3244 4222 3449 4269 aeterno

1887 4299 1941 4351 in
1971 4299 2219 4363 materia,
2251 4313 2319 4351 an
2362 4299 2687 4369 principium
2719 4298 2932 4353 essendi
2963 4299 3309 4355 habuerunt?
3458 4296 3459 4299 “

1968 4390 2118 4444 VAL.
2154 4389 2346 4444 Fuisse
2403 4390 2502 4444 has
2530 4390 2816 4459 qualitates
2851 4390 2919 4444 ab
2939 4399 3141 4445 aeterno
3171 4408 3292 4446 cum
3325 4408 3444 4447 ma-

1885 4482 2021 4536 teria
2054 4481 2327 4537 existimo.

1953 4571 2163 4627 URTII.
2228 4571 2346 4625 Non
2398 4571 2680 4625 arbitraris
2736 4571 3093 4627 mutationem
3152 4572 3443 4641 quamdam

1880 4666 2202 4736 qualitatum
2233 4678 2355 4721 esse
2382 4677 2412 4714 a
2449 4662 2556 4717 Deo
2587 4662 2832 4717 factam?

1951 4757 2106 4812 VAL.
2132 4758 2378 4811 Arbitror
2399 4756 2619 4811 factam.

1952 4848 2161 4905 ORTH.
2198 4849 2254 4903 ln
2289 4848 2522 4904 melius?

1957 4941 2111 4997 VAL.
2138 4941 2266 4995 Mihi
2290 4941 2528 4998 videtur.

1953 5033 2162 5090 ORTH.
2196 5034 2253 5088 Si
2282 5050 2410 5105 ergo
2452 5032 2693 5089 materiae
2721 5031 3014 5104 qualitates
3072 5030 3214 5085 mala
3276 5040 3439 5098 sunt,

1883 5128 2028 5184 Deus
2082 5135 2259 5182 autem
2308 5141 2402 5183 eas
2455 5126 2511 5181 in
2549 5126 2742 5181 melius
2797 5124 3085 5191 convertit,
3135 5124 3445 5179 necessario

1884 5220 2233 5292 quaerendum
2264 5225 2367 5283 est,
2400 5219 2543 5275 unde
2587 5218 2729 5273 mala
2762 5216 2892 5273 sint.
2928 5218 3036 5272 Aut
3065 5215 3209 5269 enim
3256 5228 3447 5270 omnes

1886 5378 2088 5434 talibus
2119 5375 2369 5446 dialogis.

1957 5448 2068 5522 (29)
2103 5448 2219 5522 Quo
2274 5444 2447 5522 tamen
2495 5445 2705 5522 minime
2748 5445 2907 5522 fuerit
2951 5449 3241 5522 negandum
3265 5482 3301 5522 ,H
3336 5444 3446 5494 etc.

1886 5513 2190 5585 Qu'od'sola
2215 5518 2445 5572 mutatio
2488 5513 2837 5571 accidentalis
2870 5513 3199 5585 accesserit,
3236 5513 3452 5585 aliaque

1886 5583 2094 5642 tantum
2113 5597 2166 5642 et
2196 5588 2300 5641 alia
2320 5587 2664 5656 compositio,
2685 5588 2833 5641 salva
2858 5584 3162 5656 substantia
3185 5583 3446 5656 lapidum.

1887 5660 2161 5731 lntﬁerprcs
2208 5658 2388 5731 Pbotii
2437 5650 2607 5710 totum
2655 5658 2966 5727 oppositum
3013 5650 3299 5731 exprimit,
3351 5650 3449 5706 sed

1888 5730 2040 5786 nullo
2073 5745 2239 5787 sensu
2261 5730 2396 5786 satis
2419 5740 2678 5796 congruo.

218 5806 363 5859 dare.
402 5806 632 5861 Multum
673 5805 813 5862 lucis
841 5802 996 5862 alfert
1027 5803 1307 5873 expressio
1346 5815 1701 5873 personarum
1730 5802 1785 5854 in
1884 5872 1917 5881 va
