4010 6328
505 300 612 358 259

1481 291 1541 350 S.
1584 290 1913 348 METIIODII
1943 290 2255 349 EPISCOPI
2293 290 2381 346 ET
2412 289 2768 346 MARTYRIS

3639 288 3753 344 260

510 436 637 476 cum
668 421 827 476 bona:
880 424 1088 482 essent,
1118 415 1175 469 in
1203 413 1405 470 melius
1452 419 1585 468 sunt
1631 427 1909 467 conversae
1938 429 1952 465 :
1983 419 2077 464 aut

2186 406 2354 475 οὖσαι,
2389 411 2481 463 ἐπὶ
2520 409 2581 462 τὸ
2625 412 2869 481 κρεῖττον
2905 407 3252 479 ἐτράπησαν·
3281 407 3314 478 ἢ
3368 407 3424 459 αί
3457 406 3556 478 μὲν
3589 403 3750 461 οὖσαι

511 529 636 570 cum
674 513 792 567 aliae
843 510 1063 580 quidem
1097 507 1256 561 bonae
1311 513 1517 568 essent,
1554 503 1672 558 aliae
1713 502 2080 568 n1alaa;malae

511 606 730 678 quidem
761 618 871 658 non
904 607 1032 656 sunt
1058 607 1277 654 mutatae
1309 599 1366 652 in
1413 595 1646 660 melius;
1673 593 1896 662 reliqua:
1926 608 2076 658 vero,

509 708 845 768 quaecunque
872 700 1029 748 erant
1082 688 1402 755 commodae,
1433 693 1666 743 ornatus
1711 697 1878 739 causa
1917 682 2079 739 aDeo

509 795 728 843 mutata:
762 791 910 840 sunt.

579 880 735 936 VAL.
764 878 856 932 Sic
885 893 986 947 ego
1010 875 1125 946 jam
1161 873 1290 929 olim
1321 871 1640 928 sentiebam.

575 972 786 1029 ORTH.
839 969 1122 1038 Quomodo
1169 983 1298 1038 ergo
1355 966 1526 1019 malas
1577 962 1898 1034 qualitates,
1961 975 2079 1016 uta

509 1068 775 1141 principio
799 1063 1046 1128 fuerunt,
1079 1060 1300 1116 relictas
1353 1056 1529 1113 dicis?
1573 1055 1668 1110 Vel
1723 1056 1814 1122 ita,
1862 1062 1922 1108 ut
1953 1070 2080 1125 pos~

510 1170 593 1218 set
629 1164 769 1216 Deus
797 1173 888 1214 cas
946 1155 1178 1220 tollere;
1219 1151 1302 1206 vel
1337 1160 1396 1204 ut
1437 1149 1671 1206 voluerit
1714 1147 1952 1218 quidem,
1983 1146 2078 1201 sed

510 1271 620 1309 non
651 1249 920 1322 potuerit?
949 1246 1011 1302 Si
1040 1245 1284 1316 potuisse
1318 1241 1420 1308 ais,
1469 1249 1524 1295 et
1554 1239 1818 1303 noluisse,
1856 1251 2079 1292 necesse

510 1357 594 1404 est
627 1353 685 1399 ut
719 1349 910 1397 auctor
937 1340 1133 1394 horum
1159 1336 1375 1390 dicatur
1410 1352 1424 1387 ε
1457 1331 1600 1403 quod
1635 1330 1871 1402 potuerit
1904 1328 2079 1384 ellice‘

512 1457 572 1496 re
594 1450 653 1493 ut
673 1439 988 1492 nonessent
1009 1431 1181 1496 mala;
1209 1436 1263 1483 et
1302 1434 1481 1480 tamen
1511 1423 1621 1489 illa,
1654 1431 1712 1477 ut
1751 1429 1925 1488 erant,
1957 1435 2079 1475 esse

513 1529 822 1606 permiserit
855 1547 869 1582 :
907 1525 1070 1596 idque
1101 1521 1354 1585 maxime,
1378 1525 1665 1589 postquam
1693 1516 1948 1584 cmpisset
1966 1528 2081 1567 ma-

512 1626 708 1680 teriam
761 1621 1016 1675 formare.
1055 1614 1112 1668 Si
1160 1614 1302 1668 enim
1357 1611 1561 1665 nullam
1600 1624 1828 1680 prorsus
1851 1607 1970 1676 ejus
1998 1622 2081 1660 ra-

512 1719 719 1772 tionem
770 1711 1075 1774 habuisset,
1102 1705 1274 1762 videri
1317 1703 1586 1774 potuisset
1637 1716 1745 1755 non
1769 1710 1956 1754 auctor
1986 1714 2080 1754 eo-

2179 503 2454 564 κακαὶ,ἀὶ
2479 501 2535 554 δὲ
2575 503 2682 573 μήθ
2721 503 2775 554 αἱ
2813 500 2910 570 μὲν
2947 500 3112 552 κακαὶ
3153 500 3252 552 οὑκ
3299 500 3611 570 ἐτράπησαν
3655 501 3752 552 ἐπὶ

2176 593 2238 646 τὸ
2270 595 2544 663 κρεῖττον’
2582 594 2636 645 ai
2663 591 2719 644 δὲ
2746 591 2958 654 λοιπαὶ,
2996 591 3117 642 ὅσαι
3151 589 3394 661 διάφοροι
3435 590 3748 660 ἐτύγχανον,

2175 685 2274 757 τῆς
2302 685 2711 756 διακοσμήσεως
2742 683 2904 736 ἕνεκα
2929 683 3064 754 πρὸς
3089 683 3222 736 Θεοῦ
3249 683 3583 755 ἐτράπησαν.

2247 864 2449 918 ΟΥΑΛ.
2479 863 2664 927 Οὕτως
2692 863 2894 918 ἄνωθεν
2917 861 3059 934 εἶχον
3086 863 3218 932 ἐγώ.

2246 953 2482 1006 ΟΡΘΟΔ.
2535 952 2659 1016 Πῶς
2700 954 2878 1006 τοίνυν
2909 954 3007 1017 τὰς
3039 954 3146 1008 τῶν
3183 954 3396 1023 φαύλων
3433 957 3742 1028 ποιότητας,

2177 1044 2253 1108 ὼς
2283 1041 2450 1116 εἶχον,
2487 1044 2928 1099 καταλελοιπέναι
2968 1045 3184 1115 λέγεις;
3226 1048 3476 1118 Πότερον,
3511 1050 3749 1121 δυνάμε-

2177 1153 2266 1189 νον
2292 1136 2389 1206 μὲν
2411 1135 2623 1198 ὲκείνας
2658 1135 2865 1190 ἀνελεῖν
2889 1153 2902 1166 ·
2929 1137 2960 1207 ἢ
2989 1135 3313 1207 βουληθέντα
3342 1138 3458 1208 μὲν,
3489 1141 3561 1210 μὴ
3593 1139 3753 1196 δυνά-

2182 1244 2340 1298 μενον
2383 1227 2474 1293 δέ;
2509 1229 2571 1280 El
2601 1227 2700 1298 μὲν
2722 1227 2828 1298 γὰρ
2870 1227 3162 1298 δυνάμενον
3200 1229 3399 1298 λέγεις,
3437 1232 3510 1303 μὴ
3555 1232 3750 1303 βουλη-

2179 1319 2338 1373 θέντα
2379 1319 2435 1373 se
2477 1319 2636 1373 αὑτὸν
2681 1320 2850 1373 αἴτιον
2897 1320 3098 1374 τούτων
3129 1321 3237 1391 (5i)
3258 1338 3273 1352 ’
3329 1323 3410 1375 ὅτι
3455 1324 3752 1394 δυνάμενος

2178 1414 2398 1484 ποιῆσαι
2430 1413 2503 1484 μὴ
2531 1409 2670 1468 εἶναι
2696 1413 2861 1478 κακὰ,
2889 1414 3262 1486 συνεχώρησεν
3295 1417 3432 1476 αὺτά
3465 1419 3644 1487 μένειν
3674 1419 3754 1481 ὡς

2177 1497 2272 1572 ἦν’
2319 1504 2412 1556 καὶ
2445 1502 2676 1573 μάλιστα
2711 1505 2799 1557 ὅτε
2842 1503 3186 1576 δημιουργεῖν
3227 1504 3324 1575 τὴν
3361 1506 3491 1578 ὕλην
3525 1507 3750 1580 ῆρξατο.

2179 1593 2241 1645 Εί
2284 1591 2393 1664 γὰρ
2440 1593 2574 1665 μηδὲ
2607 1594 2743 1658 ὅλως
2792 1593 2982 1665 ἔμελεν
3017 1595 3164 1666 αὐτῷ
3207 1597 3306 1668 τῆς
3357 1597 3506 1668 ὕλης,
3548 1601 3648 1653 οὐκ
3684 1601 3753 1655 ἂν

2180 1682 2350 1748 αἴτιος
2395 1679 2494 1756 ἦν,
2533 1677 2606 1739 ῶν
2653 1685 2995 1758 συνεχώρησε
3051 1687 3248 1758 μένειν.
3291 1690 3442 1742 Ἐπεὶ
3483 1691 3540 1744 δὲ
3585 1693 3754 1765 μέρος

513 1822 637 1862 rum
665 1819 786 1876 quae
819 1799 1066 1873 permisit
1093 1811 1332 1851 manere.
1382 1793 1675 1863 Postquam
1721 1799 1920 1856 autem,
1956 1806 2079 1862 par-

2187 1775 2284 1847 μέν
2307 1793 2358 1828 τι
2386 1775 2565 1876 αὐτῆς
2587 1775 2926 1876 δημιουργεῖ,
2953 1777 3116 1849 μέρος
3147 1777 3203 1831 δέ
3225 1796 3278 1831 τι
3305 1781 3440 1851 αὐτῇ
3471 1783 3553 1853 ea,
3588 1760 3756 1838 δυνά-

513 1909 623 1956 tem
667 1895 884 1968 quidem
933 1889 1172 1947 materia:
1229 1886 1427 1942 format
1479 1895 1533 1940 et
1583 1882 1812 1954 perlicit,
1870 1893 2078 1953 partem

513 1990 765 2061 negligit;
810 2000 933 2042 cum
963 1992 1016 2039 et
1065 1983 1212 2037 illam
1255 1986 1440 2050 posset
1503 1978 1561 2032 in
1605 1977 1800 2032 melius
1843 1982 2076 2041 mutare,

514 2082 648 2138 mihi
678 2079 894 2136 videtur
936 2075 1206 2130 malorum
1256 2086 1443 2135 causa,
1473 2070 1565 2140 qui
1597 2075 1802 2138 partem
1841 2064 2081 2120 materiae

513 2176 710 2232 malam
757 2170 1064 2242 reliquerit.
1118 2168 1357 2223 Alteram
1401 2179 1532 2233 ergo
1589 2169 1794 2232 partem
1839 2158 1894 2212 in
1918 2157 2080 2227 hujus

513 2269 740 2326 exitium
761 2263 1021 2320 formavit
1052 2281 1066 2316 :
1102 2260 1232 2324 imo,
1283 2267 1337 2313 et
1369 2257 1423 2310 in
1449 2255 1554 2308 hoc
1597 2253 1850 2315 maxime,
1872 2259 2078 2317 partem

513 2361 658 2417 hanc
705 2357 951 2413 materia:
979 2369 1143 2425 quam
1175 2349 1462 2421 disposuit,
1497 2359 1724 2416 quaeque
1753 2343 1866 2412 jam
1903 2339 2081 2410 perci-

515 2455 629 2526 piat
656 2453 922 2508 malorum
951 2443 1318 2505 incommoda,
1368 2439 1572 2509 injuria
1613 2435 1875 2490 ail‘ecerit.
1911 2433 2082 2488 Ante-

517 2519 678 2616 quam
707 2541 850 2597 enim
881 2544 1131 2593 ornatum
1163 2533 1428 2602 reciperet
1453 2527 1585 2599 (30),
1611 2525 1793 2580 nullus
1812 2522 1862 2578 ei
1896 2519 2082 2575 aderat

517 2613 786 2694 malorum
810 2646 1008 2687 sensus
1039 2647 1055 2685 :
1089 2640 1235 2682 nunc
1256 2639 1406 2687 vero,
1443 2618 1613 2674 ambae
1664 2623 1846 2686 partes
1877 2613 2081 2667 malum

518 2729 780 2786 sentiunt.
823 2723 906 2779 Sit
927 2720 1121 2776 tibi-ab
1153 2716 1373 2772 homine
1398 2710 1726 2781 exemplum.
1754 2705 2081 2776 Priusquam

517 2821 660 2879 enim
697 2820 847 2874 lieret
899 2812 1121 2877 animal,
1173 2809 1320 2864 omni
1348 2818 1577 2877 prorsus
1619 2798 1888 2855 malorum
1916 2810 2081 2851 sensu

517 2913 766 2969 vacabat.
792 2908 872 2963 Ex
901 2923 1009 2978 quo
1060 2911 1240 2958 autem
1273 2899 1482 2955 eilictus
1526 2896 1688 2950 homo
1710 2893 2083 2958 formatusque

517 3005 752 3076 imagine
779 2999 1006 3058 eﬂicitur
1030 3013 1060 3051 a
1083 2995 1212 3058 Deo,
1245 2992 1408 3048 etiam
1439 2985 1804 3042 incumbentis
1837 2981 1964 3036 mali
1991 2994 2084 3034 ac-

518 3075 652 3168 cipit
678 3107 922 3152 sensum.
955 3090 1132 3159 Atque
1173 3085 1327 3147 adeo,
1362 3081 1508 3153 quod
1542 3076 1783 3133 materiae
1833 3075 1888 3128 in
1921 3075 2084 3177 bene—
2113 3119 2159 3183 C

519 3165 625 3246 ﬁcii
655 3195 860 3260 partem
884 3201 914 3239 a
948 3182 1061 3237 Deo
1089 3179 1343 3236 collatum
1369 3174 1527 3236 dicis,
1563 3171 1744 3242 potius
1769 3168 1836 3222 ad
1859 3165 2086 3222 exitium

520 3281 820 3338 accessisse
861 3270 1306 3346 deprehenditur.
1360 3265 1422 3321 Si
1451 3279 1579 3320 vero
1612 3261 1787 3326 dicas,
1836 3274 1948 3314 non
1990 3271 2089 3326 ρος

518 3374 693 3429 tuisse
721 3385 752 3424 a
782 3367 892 3423 Deo
921 3362 1126 3420 aboleri
1150 3359 1292 3415 mala
1326 3377 1341 3413 :
1382 3371 1506 3412 cum
1570 3349 1841 3422 ejusmodi
1886 3349 2089 3418 impos-

522 3467 778 3528 sibilitas,
804 3471 898 3516 aut
921 3467 1116 3513 natura
1148 3451 1482 3509 imbecillum
1521 3454 1735 3518 arguat,
1772 3451 1865 3498 aut
1894 3442 2089 3496 timore

522 3560 773 3612 vincente
818 3551 1030 3608 fortiori
1080 3545 1243 3602 alicui
1284 3543 1674 3611 mancipatum,
1735 3535 1858 3592 vide
1904 3544 2087 3588 utrum

521 3652 714 3704 horum
741 3641 1099 3714 omnipotenti
1127 3647 1181 3694 et
1205 3639 1349 3692 bono
1363 3635 1470 3692 Deo
1487 3633 1622 3689 velis
1647 3631 1938 3686 ascribere.
1952 3625 2088 3680 Por-

521 3755 584 3794 ro
613 3739 808 3791 iterum
862 3729 1154 3802 proposita:
1185 3727 1332 3780 circa
1377 3721 1661 3776 materiam
1683 3715 1972 3788 quaestioni
2002 3727 2089 3768 re-

523 3828 749 3901 sponde.
779 3826 944 3881 Estne
964 3819 1188 3876 materia
1221 3816 1471 3886 simplex,
1506 3828 1576 3868 at:
1600 3808 1930 3879 composita?
1956 3806 2090 3860 Nam

526 3898 573 3979 si
597 3917 823 3975 materia
848 3915 1077 3984 simplex
1102 3909 1203 3964 fuit
1259 3915 1313 3962 et
1344 3898 1654 3966 uniformis,
1697 3917 1821 3954 cum
1855 3899 2089 3953 mundus

525 4009 866 4082 compositus
899 4007 968 4060 sit
997 4013 1050 4059 et
1079 4018 1148 4056 ex
1179 3997 1410 4055 diversis
1457 3992 1783 4050 substantiis
1834 3996 2086 4053 constet,

526 4121 639 4160 non
664 4107 845 4173 potest
866 4096 976 4152 dici
1005 4094 1183 4148 factus
1227 4107 1292 4146 ex
1324 4086 1579 4152 materia;
1613 4083 1756 4154 quod
1819 4097 1927 4137 non
1963 4094 2088 4149 pos-

525 4199 635 4254 sint
665 4168 824 4264 —qua:
883 4196 1011 4246 sunt
1072 4183 1415 4254 composita,
1467 4192 1576 4232 uno
1635 4176 1817 4244 aliquo
1869 4168 2088 4227 informi

525 4287 803 4348 constitui.
857 4280 1230 4351 Compositum
1281 4275 1446 4338 enim,
1496 4268 1822 4341 simplicium
1875 4264 2087 4333 aliquo~

527 4398 648 4438 rum
709 4376 1020 4434 mistionem
1079 4369 1302 4425 indicat.
1362 4361 1518 4431 Quod
1574 4361 1620 4417 si
1675 4360 1870 4414 iterum
1921 4362 2090 4409 mate-

2188 1882 2348 1936 μενος
2406 1865 2624 1919 κάκεῖνο
2655 1867 2874 1938 τρέπειν
2904 1869 2983 1932 εἰς
3033 1867 3093 1921 τὸ
3144 1871 3388 1940 κρεῖττον
3411 1889 3424 1902 ·
3458 1874 3628 1938 αἴτιός
3658 1894 3755 1946 μοι

2183 1956 2290 2010 τῶν
2319 1958 2501 2012 κακῶν
2536 1957 2744 2027 (δοκεῖ),
2777 1959 3088 2014 καταλιπὼν
3115 1963 3278 2034 μέρος
3318 1962 3450 2034 ὕλης
3491 1967 3752 2038 πονηρόν.

2197 2050 2312 2103 Ἐπ’
2339 2050 2542 2122 ὀλέθρῳ
2569 2046 2660 2106 οὖν
2682 2052 3075 2126 ἐδημιούργησε
3103 2042 3301 2125 μέρους
3319 2073 3333 2086 ο
3356 2056 3490 2110 ἀλλά
3519 2058 3626 2128 μὴν
3654 2061 3756 2113 καὶ

2185 2143 2251 2198 τὰ
2283 2145 2542 2214 μέγιστα,
2587 2146 2727 2199 κατὰ
2759 2147 2948 2213 τοῦτο,
2982 2147 3139 2200 τοῦτο
3164 2149 3225 2202 τὸ
3262 2150 3423 2222 μέρος
3462 2151 3757 2222 ἠδικῆσθαί

2189 2253 2276 2305 μοι
2304 2236 2467 2301 δοκεῖ,
2496 2238 2632 2308 ὅπερ
2675 2239 3042 2292 κατεσκεύασε
3073 2241 3172 2310 τῆς
3214 2241 3344 2313 ὕλης
3387 2243 3568 2314 μέρος,
3604 2247 3760 2299 ἀντι-

2185 2325 2591 2401 λαμϐανόμενον
2631 2329 2700 2383 τά
2759 2333 2822 2384 ὲκ
2865 2331 2972 2385 τῶν
3013 2333 3215 2386 κακῶν.
3258 2335 3393 2406 Πρὶν
3433 2337 3540 2410 γὰρ
3584 2338 3760 2410 αὐτὴν

2183 2419 2652 2493 διακοσμηθῆναι,
2700 2423 2761 2476 τὸ
2811 2425 2946 2494 μηδὲ
2995 2426 3344 2481 αἰσθάνεσθαι
3400 2429 3505 2482 τῶν
3566 2433 3759 2487 κακῶν

2186 2515 2364 2586 παρῆν
2411 2517 2582 2587 αύτῇο
2624 2515 2719 2570 νῦν
2771 2515 2828 2569 δὲ
2896 2516 3122 2571 ἕκαστον
3166 2518 3276 2572 τῶν
3343 2519 3523 2590 μερῶν
3586 2522 3761 2593 αὐτῆς

2185 2607 2434 2678 αἴσθησιν
2466 2609 2729 2680 λαμϐάνει
2759 2608 2869 2662 τῶν
2899 2609 3105 2664 κακῶν.
3138 2611 3248 2664 Καὶ
3289 2629 3378 2682 μοι
3416 2613 3500 2665 ἐπ’
3540 2613 3760 2685 ἀνθρώ-

2186 2715 2287 2750 που
2310 2699 2440 2752 λάϐε
2464 2700 2525 2753 τὸ
2561 2699 2927 2772 παράδειγμα.
2975 2700 3111 2772 Πρὶν
3149 2699 3298 2772 (γὰρ)
3338 2700 3473 2765 ζῶον
3510 2703 3758 2775 γένηται,

2185 2789 2506 2861 ἀναίσθητον
2536 2785 2604 2860 ἦν
2653 2788 2762 2842 τῶν
2812 2788 3014 2842 κακῶν.
3077 2789 3191 2857 Ἀφ’
3241 2784 3300 2842 οὕ
3345 2790 3402 2843 δὲ
3460 2792 3763 2847 εἰκονισθὲν

2187 2879 2470 2952 ἄνθρωπος
2497 2881 2631 2951 πρὸς
2665 2877 2798 2932 Θεοῦ
2833 2878 3072 2947 γίνεται,
3104 2878 3223 2932 τότε
3255 2882 3348 2933 καὶ
3387 2880 3483 2952 τὴν
3509 2881 3763 2951 αῐσθησιν

2186 2972 2280 3026 τοῦ
2324 2971 2754 3045 προπελάζοντος
2790 2971 2958 3025 κακοῦ
3006 2972 3428 3043 προσλαμϐάνει.
3461 2976 3568 3028 Καὶ
3600 2974 3762 3028 τοῦτο

2187 3066 2323 3136 ὅπερ
2353 3064 2472 3116 ἐπεὶ
2506 3064 2795 3136 εὐεργεσίᾳ
2833 3063 2932 3132 τῆς
2960 3062 3092 3136 ὕλης
3124 3065 3258 3136 πρὸς
3305 3064 3438 3118 Θεοῦ
3479 3065 3762 3134 γεγονένα.

2188 3154 2383 3224 λέγεις,
2414 3156 2724 3227 εὑρίσκεται
2762 3154 2962 3225 μᾶλλον
2989 3155 3080 3208 ἐπὶ
3111 3155 3187 3225 τῷ
3227 3156 3431 3226 χείρονι
3464 3157 3764 3228 προσγενό-

2191 3265 2348 3318 μενον
2381 3248 2538 3318 αύτῇ.
2569 3246 2633 3300 Εἰ
2665 3247 2722 3300 δὲ
2759 3247 2832 3318 μὴ
2865 3245 3121 3300 δύνασθαι
3165 3245 3370 3300 παῦσαι
3396 3247 3462 3301 τὰ
3494 3248 3637 3302 κακά
3670 3249 3764 3302 τὸν

2187 3338 2317 3392 Θεὸν
2369 3339 2507 3410 φῄςο
2561 3339 2622 3392 τὸ
2666 3339 2722 3391 δὲ
2769 3337 3024 3392 ἀδύνατον
3065 3339 3183 3408 ἦτοι
3227 3341 3293 3410 τῇ
3341 3339 3498 3408 φύσει
3554 3338 3764 3412 ἀσθενῆ

2189 3430 2450 3502 ὑπάρχειν
2494 3430 2660 3494 ἐστὶν,
2693 3431 2727 3499 ἢ
2773 3429 2850 3500 τῷ
2894 3430 3144 3483 νικᾶσθαι
3185 3429 3262 3500 τῷ
3306 3431 3455 3501 φόϐῳ
3497 3430 3763 3484 δεδουλω-

2193 3521 2349 3591 μένον
2397 3519 2532 3591 πρός
2581 3535 2724 3582 τινος
2778 3519 3121 3590 κρείττονος;
3173 3521 3272 3590 ὅρα
3321 3521 3500 3572 ὁποῖον
3555 3519 3764 3574 τούτων

2191 3613 2522 3683 προσάπτειν
2553 3610 2755 3674 ἐθέλοις
2777 3610 2854 3681 τῷ
2878 3612 3275 3683 παντοκράτορι
3301 3609 3393 3663 καὶ
3417 3609 3603 3679 ἁγαθῷ
3618 3609 3760 3680 Θεῷ.

2202 3706 2359 3760 Ἀλλά
2411 3705 2572 3760 πάλιν
2621 3705 2749 3776 περὶ
2805 3705 2904 3775 τῆς
2965 3705 3095 3776 ὕλης
3148 3705 3458 3775 ἀπόκριναι.
3526 3703 3763 3775 Πότερον

2189 3798 2332 3869 ἁπλῆ
2364 3799 2448 3861 τίς
2489 3799 2635 3849 ἐστιν
2663 3798 2696 3867 ὴ
2725 3795 2846 3868 ὕλη,
2883 3796 2916 3867 ἢ
2952 3796 3236 3864 σύνθετος;
3271 3799 3334 3850 El
3363 3797 3467 3870 γὰρ
3501 3795 3641 3867 ἁπλῆ
3678 3814 3764 3859 τις

2189 3892 2479 3962 ἐτύγχανεν
2505 3890 2602 3962 ὕλη
2636 3891 2730 3944 καὶ
2763 3890 3056 3962 μονοειδὴς,
3089 3889 3338 3954 σύνθετος
3361 3891 3416 3943 δὲ
3467 3893 3493 3944 ὁ
3534 3890 3761 3959 κόσμος,

2190 3987 2282 4038 καὶ
2323 3987 2386 4037 ἐκ
2420 3983 2690 4056 διαφόρων
2735 3984 2931 4037 οὐσιῶν
2966 3983 3231 4047 συνεστώς
3280 3986 3456 4037 ἐστιν’
3501 3984 3767 4042 ἀδύνατον

2189 4080 2371 4132 τοῦτον
2396 4077 2455 4143 ἐξ
2486 4079 2618 4149 ὕλης
2652 4077 2932 4146 γεγονέναι
2957 4079 3134 4147 λέγειν
3159 4094 3172 4107 °
3204 4077 3281 4148 τῷ
3324 4076 3392 4130 τά
3426 4077 3649 4130 σύνθετα
3687 4079 3764 4149 μὴ

2189 4167 2298 4225 οἷόν
2340 4190 2399 4224 τε
2441 4171 2499 4238 ἐξ
2549 4172 2666 4234 ὲνὸς
2695 4171 2885 4224 ἀποίου
2918 4170 3014 4241 τὴν
3050 4170 3304 4224 σύστασιν
3339 4171 3498 4240 ἔχειν.
3533 4171 3604 4222 Τὸ
3650 4170 3764 4242 γὰρ

2193 4263 2441 4318 σύνθετον
2474 4261 2658 4316 ἁπλῶν
2692 4280 2850 4316 τινων
2889 4262 3030 4333 μίξιν
3065 4263 3275 4334 μηνύει.
3322 4263 3383 4314 Εἰ
3411 4262 3453 4314 δ’
3485 4258 3550 4315 αὖ
3597 4264 3767 4320 πάλιν

2192 4357 2439 4409 σύνθετον
2483 4355 2660 4424 λέγεις
2705 4354 2802 4425 τὴν
2833 4353 2996 4424 ὕλην,
3041 4355 3254 4416 πάντως
3299 4351 3358 4417 ἐξ
3406 4352 3591 4406 ἁπλῶν
3638 4370 3769 4406 συν-

525 4480 662 4532 riam
716 4470 867 4525 dicas
898 4465 1028 4536 quid
1080 4459 1471 4532 compositum,
1518 4452 1737 4508 omnino
1787 4449 1974 4505 debuit
2021 4462 2086 4501 ex

2189 4449 2364 4519 ετέθη·
2392 4450 2482 4502 καὶ
2503 4445 2570 4521 ἦν
2595 4464 2723 4500 ποτε
2751 4446 2869 4500 καθ’
2895 4445 3061 4499 ἑαυτά
3091 4446 3253 4500 ἁπλᾶ·
3277 4439 3349 4499 ὧν
3379 4444 3762 4513 συντεθέντων,

529 4561 868 4634 simplicibus
892 4552 1180 4625 componi;
1211 4557 1475 4617 erantque
1519 4545 1647 4601 olim
1678 4549 1924 4612 separata
1957 4539 2088 4594 sim-

525 4659 710 4730 plicia,
761 4667 990 4725 quorum
1045 4643 1440 4716 compositione
1493 4639 1633 4694 facta
1687 4643 1770 4692 est
1825 4634 2086 4701 materia;

528 4747 828 4820 composita
885 4751 1064 4797 autem
1102 4737 1442 4808 simplicibus
1492 4730 1938 4787 constituuntur:
1973 4735 2090 4782 erat

527 4843 685 4912 plane
717 4853 841 4892 cum
873 4834 1104 4890 materia
1136 4845 1244 4884 non
1267 4837 1404 4891 erat,
1450 4825 1602 4896 prius
1645 4823 1902 4878 nimirum
1927 4833 2090 4889 quam

526 4929 791 5001 simplicia
820 4926 1049 4982 coirent.
1086 4919 1241 4988 Quod
1299 4919 1345 4974 si
1397 4923 1514 4973 erat
1552 4914 1900 4985 quandoque,
1965 4925 2088 4965 cum

529 5022 754 5080 materia
786 5036 892 5076 non
915 5025 1066 5084 erat;
1096 5026 1376 5083 nunquam
1398 5025 1528 5065 vero
1564 5007 1686 5070 fuit,
1721 5021 1842 5060 cum
1891 5002 2093 5072 ingeni-

528 5121 644 5167 tum
669 5127 777 5165 non
803 5116 947 5164 esset
980 5125 992 5160 :
1025 5119 1130 5160 non
1163 5117 1293 5172 ergo
1309 5098 1534 5154 materia
1564 5093 1804 5166 ingenita
1823 5099 1928 5147 est.
1959 5090 2091 5146 Por-

530 5219 594 5259 ro
647 5202 914 5272 sequitur,
975 5207 1036 5252 ut
1100 5190 1435 5250 admittenda
1494 5189 1606 5246 sint
1649 5189 1802 5258 plura
1830 5184 2086 5256 ingenita.

601 5397 733 5470 (50)
751 5395 1041 5470 antequam
1062 5391 1198 5470 enim
1223 5399 1471 5470 omnium
1506 5386 1774 5470 reciperet.
1810 5383 1947 5465 Πρὶν
1975 5383 2090 5470 δια-

531 5455 908 5540 κοσμηθῖψαιί
924 5463 1106 5540 Altera
1131 5462 1301 5540 lectio
1317 5457 1661 5540 διακριθῆναι
1677 5497 1692 5518 ,
1724 5470 1884 5540 quam
1923 5455 2094 5540 inter-

572 5525 658 5595 ι·εέ
691 5525 870 5593 Photii
913 5533 1084 5602 magis
1117 5532 1344 5602 probat:
1383 5525 1583 5598 ubique
1636 5525 2093 5602 tamen_loquitur

587 5610 838 5665 cthodius
867 5605 933 5660 de
970 5595 1164 5657 ornatu
1189 5641 1204 5664 ,
1250 5595 1574 5655 formatio—ne
1616 5606 1671 5652 et
1717 5595 2050 5665 perfectione
2075 5634 2090 5658 ,

531 5697 694 5753 quam
743 5676 1043 5753 niatel'ia_,_
1055 5673 1210 5742 juxta
1235 5673 1420 5753 _etiam
1462 5668 1786 5750 haereticos,
1829 5667 2091 5738 δημιουρ-

535 5740 654 5824 για,
684 5766 714 5805 a
743 5749 852 5804 Deo
878 5740 1105 5816 accipiat
1131 5761 1146 5803 :
1183 5741 1250 5798 ad
1279 5756 1442 5812 quam
1483 5740 1669 5806 ctiam,
1694 5749 1845 5808 parte
1879 5745 2092 5793 tantum

2189 4541 2406 4610 γέγονεν
2437 4544 2469 4613 ἡ
2496 4541 2593 4613 ὕλη
2614 4558 2628 4572 ο
2663 4541 2732 4594 τὰ
2752 4541 2807 4595 δὲ
2834 4539 3063 4593 σύνθετα
3088 4537 3145 4603 ἐξ
3171 4536 3355 4590 ἁπλῶν
3384 4537 3482 4607 τὴν
3507 4535 3766 4589 σύστασιν

2189 4635 2320 4705 ἔχειι
2344 4631 2450 4688 Ἦν
2477 4652 2605 4688 ποτε
2634 4634 2842 4705 καιρὸς,
2865 4634 2952 4686 ὅτε
2977 4631 3074 4702 ὕλη
3103 4629 3200 4682 οὐκ
3228 4625 3321 4699 ἦν·
3350 4630 3590 4682 τουτέστι
3620 4629 3763 4700 πλὴν

2188 4726 2256 4780 τά
2283 4726 2428 4780 ἁπλᾶ
2451 4726 2742 4779 συνελθεῖν.
2774 4727 2836 4778 Εἰ
2869 4724 2925 4777 δὲ
2958 4719 3026 4793 ἦν
3060 4738 3190 4775 ποτε
3223 4721 3432 4791 καιρὸς,
3462 4721 3548 4773 ὅτε
3588 4721 3619 4789 ἡ
3655 4719 3763 4791 ὕλη

2188 4819 2287 4871 ούκ
2315 4814 2412 4889 ἦν’
2439 4819 2538 4872 οὐκ
2582 4815 2648 4888 ἦν
2686 4818 2742 4870 δέ
2789 4833 2916 4870 ποτε
2947 4815 3136 4886 καιρὸς
3159 4855 3174 4877 ,
3221 4814 3308 4866 ὅτε
3342 4813 3600 4881 ἀγένητον
3644 4811 3761 4883 (52)

2190 4913 2290 4965 οὐκ
2314 4909 2380 4984 ἦν
2397 4930 2408 4942 ·
2442 4913 2541 4965 οὐκ
2571 4913 2696 4983 (ἄρα
2718 4910 2889 4975 ἔσται)
2918 4909 3178 4979 ἀγένητος
3205 4909 3238 4978 ἡ
3268 4906 3386 4975 ὕλη.
3411 4908 3452 4958 Τ
3457 4906 3484 4958 ὸ
3508 4906 3551 4958 δ’
3578 4905 3765 4958 ἐντεῦ-

2192 5003 2282 5056 θεν
2311 5004 2448 5074 (ἄρα
2476 5004 2659 5071 ἐσται)
2694 5003 2861 5056 πολλὰ
2905 5001 2972 5056 τὰ
3010 5001 3267 5072 ἀγένητα.
3304 5001 3366 5052 Ei
3396 4999 3503 5071 γὰρ
3533 4995 3599 5070 ἦν
3627 4999 3765 5066 ἀγέ-

2193 5111 2350 5163 νητος
2392 5095 2420 5146 ὁ
2454 5095 2604 5161 Θεὸς,
2632 5090 2700 5164 ἦν
2745 5095 2802 5147 δὲ
2846 5093 3082 5162 ἀγένητα
3115 5093 3210 5145 καὶ
3242 5090 3310 5144 τὰ
3336 5091 3502 5154 ἁπλᾶ,
3535 5089 3593 5153 ἐξ
3622 5083 3699 5143 ὧν
3725 5093 3760 5160 ἡ

2193 5185 2291 5256 ὕλη
2343 5186 2626 5257 συνετέθη·
2676 5187 2776 5239 οὐκ
2831 5185 2938 5256 ἄρα
2993 5184 3213 5253 (ἔσται)
3245 5183 3337 5236 δύο
3369 5183 3462 5237 καὶ
3509 5183 3640 5253 μόνα
3693 5182 3766 5234 τὰ

3473 5347 3477 5366 l

2193 5391 2520 5453 pcrornata,
2571 5382 2817 5452 sequitur
2887 5377 3153 5448 ejusmodi
3207 5375 3505 5436 discretio,
3563 5378 3764 5424 contra

2193 5470 2354 5524 quam
2388 5465 2579 5509 auctor
2604 5453 2803 5523 arguit.

2268 5526 2376 5612 (51)
2411 5526 2603 5612 Auri)?
2655 5510 2845 5610 ᾆῖζιον
2904 5521 3147 5574 τούτων.
3198 5517 3280 5572 Αι.
3341 5516 3501 5572 αὐτὸν
3551 5510 3767 5566 τούτων

2193 5593 2418 5667 ποιητὴν
2449 5599 2619 5667 εἰπεῖν
2645 5593 2878 5662 ἀνάγκη.

2266 5663 2387 5738 (52f
2417 5665 2741 5736 ’Aq-érntm'.
2784 5663 3088 5735 Ἀγένητος.
