4010 6328
269 284 362 339 2G!

1409 282 1533 339 LIB.
1574 282 1661 337 DE
1699 278 1947 336 LIBERO
1984 278 2337 335 ARBITRIO.

3386 284 3495 341 262

264 397 524 467 ἀγένητα·
574 395 663 450 ἵνα
702 397 930 468 παρήσω
958 395 1066 466 (55)
1114 396 1175 449 τὺ
1208 396 1570 468 ἐπιζητῆσαι,
1613 397 1665 450 τί
1693 396 1803 450 ὄντα

1922 394 2055 448 Nam
2085 395 2131 472 si
2188 393 2329 449 Deus
2381 402 2497 449 erat
2556 394 2867 464 ingenitus,
2912 401 3177 465 erantque
3226 396 3498 468 simplicia

264 492 403 542 ἐστὶν
455 488 635 543 darid-
669 486 768 559 ὕλη
791 530 804 553 ,
840 490 873 561 ἦ
926 486 1095 554 εἶδοςς
1149 490 1323 543 Πολλά
1369 490 1476 560 γάρ
1520 490 1614 542 καὶ
1651 488 1803 542 οὕτως

1927 490 2017 544 illa
2048 489 2249 558 quibus
2278 487 2503 541 materia
2533 488 2835 558 composita
2857 485 2980 551 fuit,
3010 487 3249 559 ingenita
3284 509 3296 543 :
3336 492 3495 560 plane

260 584 423 635 ἄτοπα
445 582 884 652 ἀκολουθήσειαν.
912 586 1067 635 Δοκεῖ
1096 583 1152 636 δέ
1181 600 1261 636 σοι
1304 582 1465 654 μηδὲν
1507 582 1613 634 τῶν
1652 581 1803 635 ὅντωι

1925 599 2034 638 non
2062 592 2219 637 erunt
2268 583 2498 652 amplius
2548 580 2675 645 duo,
2702 590 2755 636 et
2785 582 2897 636 sola
2927 582 3166 653 ingenita
3193 602 3205 637 :
3266 591 3324 637 ut
3358 601 3492 655 pne-

260 674 381 728 αὑτὸ
406 673 585 743 ἑαυτῷ
614 675 946 727 ἀντικεῖσθαι
966 692 980 739 ;

1924 674 2218 729 termittam
2270 690 2548 744 quaerere,
2608 674 2740 744 quid
2784 672 2988 729 fuerint
3045 674 3137 727 illa
3190 675 3492 748 simplicia;

262 784 376 820 num
404 768 658 831 materia,
690 782 760 820 an
815 766 1023 821 forma?
1058 765 1191 819 Nam
1224 766 1348 821 hinc
1372 766 1533 820 etiam
1561 774 1859 836 sequentur
1891 766 2063 820 multa
2096 766 2351 821 absurda.
2412 764 2518 821 Sed
2564 774 2617 821 et
2650 766 2753 821 hoc
2801 782 2987 837 quaaro
3026 785 3039 822 :
3068 765 3209 821 Num
3275 765 3492 824 videtur

256 861 382 914 nihil
404 860 458 914 in
482 862 650 917 rebus
703 862 807 917 sibi
843 864 1017 931 ipsum
1042 876 1163 916 esse
1191 860 1570 915 contrarium?

318 955 524 1007 ΟΥΑΛ.
562 955 740 1007 Δοκεῖ.

313 1039 552 1094 ΟΡΘΟΔ.
598 1040 921 1093 Ἀντίκειται
962 1038 1017 1091 δὲ
1046 1038 1122 1109 τῷ
1158 1040 1288 1110 πυρὶ
1324 1039 1383 1093 τὸ
1408 1038 1549 1111 ὕδωρ
1573 1057 1585 1069 ·
1620 1040 1713 1093 καὶ
1743 1040 1820 1111 τῷ

1999 940 2156 999 VAL.
2188 942 2431 1000 Videtur.

1993 1035 2201 1091 ORTH.
2227 1037 2405 1107 Atqui‘
2426 1037 2536 1107 igni
2566 1039 2839 1092 contraria
2872 1046 2955 1093 est
2984 1055 3153 1109 aqua;
3206 1050 3259 1096 et
3282 1043 3389 1099 luci
3415 1055 3491 1103 te-

252 1130 377 1197 φωτὶ
411 1130 476 1181 τὸ
526 1130 718 1193 σκότος
740 1146 751 1158 ·
788 1130 884 1182 κα)⁹
912 1128 989 1199 τῷ
1028 1129 1218 1200 ψυχρῷ
1248 1129 1308 1182 τὸ
1352 1129 1580 1201 Θερμόν·
1613 1130 1704 1183 καὶ
1741 1129 1803 1201 τις

1920 1128 2131 1196 nebraa;
2166 1138 2217 1184 et
2241 1128 2436 1200 frigido
2466 1128 2735 1197 calidum;
2761 1138 2815 1185 et
2846 1130 2999 1187 arido
3030 1132 3336 1191 humidum.

249 1220 388 1291 ξη
412 1221 477 1273 τὺ
512 1221 701 1291 ὑγρόν.

228 1330 237 1344 ο
308 1314 518 1368 ΟΥΑΛ.
553 1314 742 1377 Οὕτως
773 1313 915 1384 ἔχειν
943 1312 1015 1383 μὴ
1042 1313 1148 1382 (54)
1175 1313 1338 1367 δοκεῖ.

305 1404 547 1457 ΟΡΘΟΔ.
599 1404 808 1458 Οὐκοῦν
858 1407 904 1457 εἰ
941 1404 1102 1475 μηδὲν
1131 1405 1236 1457 τῶν
1276 1405 1442 1459 ὄντων
1476 1404 1605 1459 αὐτὸ
1639 1406 1814 1478 ἑαυτῷ

244 1498 559 1564 ἀντίκειται,
596 1498 844 1568 ἀλλήλοις
876 1499 932 1552 δὲ
970 1499 1139 1551 ταῦτα
1169 1499 1501 1554 ἀντίκειται·
1534 1502 1631 1554 οὐκ
1662 1503 1815 1556 ἔσον-

242 1606 320 1644 ται
355 1590 462 1661 ὕλη
514 1591 635 1661 μία,
667 1591 787 1645 οὐδὲ
824 1591 927 1662 μὴν
957 1591 1014 1655 ἐξ
1046 1591 1177 1663 ὕλης
1226 1595 1374 1663 μιᾶς.
1413 1594 1580 1649 Πάλιν
1617 1595 1673 1648 δὲ
1716 1611 1815 1649 πυ-

1990 1309 2145 1364 VAL.
2173 1310 2301 1364 Mihi
2326 1310 2399 1364 ita
2424 1311 2654 1366 videtur.

1989 1402 2196 1458 08TH.
2227 1402 2367 1473 Ergo
2396 1403 2438 1458 si
2465 1405 2611 1457 nulla
2642 1419 2729 1459 res
2770 1404 2874 1461 sibi
2916 1406 3031 1477 ipsa
3065 1409 3340 1464 contraria
3369 1420 3485 1478 est;

1920 1493 2035 1550 haec
2064 1503 2246 1549 autem
2302 1495 2405 1550 sibi
2449 1504 2795 1567 repugnant:
2862 1514 2971 1553 non
3013 1515 3141 1569 ergo
3167 1513 3326 1557 erunt
3373 1506 3488 1559 sola

1918 1586 2189 1651 materia;
2222 1588 2331 1641 imo
2357 1603 2533 1658 neque
2561 1604 2628 1643 ex
2662 1590 2890 1644 materia
2922 1592 3058 1645 sola.
3094 1592 3330 1650 Rursum
3362 1612 3489 1651 vero

243 1682 417 1737 θέσθαι
462 1683 758 1755 βούλομαι’
792 1686 947 1738 Δοκεῖ
980 1701 1061 1737 σοι
1104 1684 1171 1738 τά
1210 1686 1350 1756 μέρη
1386 1688 1460 1758 μὴ
1498 1688 1803 1760 ἀναιρετικὰ

1918 1676 2078 1730 velim
2107 1677 2295 1731 audire
2328 1697 2339 1732 :
2374 1676 2514 1731 Num
2550 1687 2709 1748 putas
2738 1686 2923 1750 partes
2956 1696 3065 1734 non
3106 1698 3165 1738 se
3210 1683 3359 1753 ipsas
3403 1686 3490 1741 in-

242 1775 483 1845 ἀλλήλων
511 1773 652 1829 εἶναι
679 1794 693 1842 ;

304 1866 515 1919 ΟΥΑΛ.
555 1869 727 1923 Δοκεῖ.

300 1958 544 2011 ΟΡΘΟΔ.
596 1954 751 2011 Εἶναι
788 1958 844 2011 δὲ
876 1959 971 2031 τῆς
1009 1959 1138 2031 ὕλης
1167 1962 1357 2032 μέρος⁸
1393 1963 1454 2016 τό
1484 1981 1543 2018 τε
1577 1964 1689 2038 πῦρ
1719 1968 1811 2021 καὶ

240 2048 291 2099 τὸ
321 2047 496 2118 ὕδωρ,
518 2048 784 2113 ὡσαύτως
810 2050 867 2103 δὲ
892 2052 983 2104 καὶ
1006 2051 1077 2105 τά
1104 2050 1265 2107 λοιπά
1286 2095 1299 2118 ,

301 2140 512 2193 ΟΥΑΛ.
552 2140 740 2205 Οὕτως
776 2141 903 2211 ἔχω.

298 2232 539 2285 ΟΡΘΟΔ.
580 2233 645 2285 Τί
677 2233 733 2287 δέ
756 2250 769 2299 ;
795 2235 854 2287 οὐ
885 2235 1031 2288 δοκεί
1064 2253 1143 2289 σοι
1167 2235 1506 2308 ἀναιρετικὸν
1540 2240 1639 2310 μὲν
1675 2237 1808 2296 εἶναι

238 2321 318 2374 τοῦ
342 2322 521 2394 πυρὸς
549 2324 611 2376 τὸ
633 2323 797 2396 ὕδωρ,
819 2324 912 2378 τοῦ
941 2324 993 2377 δὲ
1019 2326 1239 2390 σκότους
1265 2326 1325 2381 τὸ
1363 2329 1497 2397 φῶς,
1528 2330 1620 2382 καὶ
1644 2330 1809 2384 τᾶλλα

236 2415 323 2467 ὅτι
349 2416 576 2480 τούτοις
607 2416 961 2487 παραπλήσια
982 2434 997 2482 ;

298 2507 508 2561 ΟΥΑΛ.
540 2510 721 2561 Δοκεῖ.

300 2600 543 2654 ΟΡΘΟΔ.
606 2598 835 2663 Οὐκοῦν,
879 2601 927 2652 εἰ
970 2598 1037 2653 τά
1070 2599 1209 2671 μέρη
1245 2599 1344 2653 οὐκ
1391 2600 1535 2654 ἔστιν
1567 2602 1808 2674 ἀλλήλων

240 2691 576 2763 ἀναιρετικὴ,
609 2690 783 2746 ταῦτα
806 2692 860 2745 δὲ
892 2692 1211 2763 άναιρετικά
1239 2694 1351 2763 (55)
1388 2696 1671 2765 τυγχάνει·
1710 2698 1809 2750 οὐκ

238 2784 371 2855 (ἀρα)
404 2783 565 2837 ἔσται
592 2784 838 2855 ἀλλήλων
876 2785 1036 2855 μέρη.
1068 2785 1130 2838 Εἰ
1163 2784 1218 2837 δὲ
1252 2785 1351 2837 οὑκ
1384 2784 1533 2839 ἔσται
1564 2788 1807 2857 ἀλλήλων

242 2877 387 2949 μέρη,
428 2878 533 2930 οὐκ
582 2877 798 2931 ἔσονται
848 2877 977 2947 ὕλης
1032 2880 1177 2949 μιᾶς.
1238 2878 1395 2932 Ἀλλά
1446 2879 1549 2949 μὴν
1596 2881 1702 2933 οὐδ’
1742 2880 1807 2934 ἂν

237 2968 435 3019 ἔσονται
477 2967 606 3039 ὕλη,
642 2967 721 3038 τῷ
765 2968 930 3038 μηδὲν
965 2971 1027 3039 τῇ
1077 2968 1183 3021 τῶν
1234 2969 1402 3022 ὄντων
1446 2970 1577 3023 αὐτὸ
1614 2971 1805 3025 ἑαυτοῦ

238 3060 574 3129 ἀναιρετικὸν
598 3054 761 3115 εἶναι.
791 3058 975 3122 Οὕτως
999 3056 1091 3113 οὖν
1119 3060 1224 3113 τῶν
1253 3062 1639 3132 ἀντικειμένων
1664 3063 1807 3133 ἐχόν-

235 3169 356 3213 των,
392 3154 451 3205 τὸ
482 3154 557 3225 μὴ
591 3148 729 3205 εἶναι
772 3151 868 3223 τὴν
902 3151 1030 3223 ὕλην
1070 3152 1358 3209 δείκνυται.
1403 3154 1538 3224 Περὶ
1573 3155 1669 3225 μὲν
1700 3157 1801 3227 τῆς

234 3244 357 3315 ὕλης
390 3247 685 3317 αὐτάρκως
717 3245 850 3314 ἔχει.

304 3339 427 3391 Ἐπὶ
461 3339 519 3391 δὲ
544 3339 644 3409 τὴν
676 3337 784 3391 τῶν
816 3337 1001 3391 κακῶν
1026 3338 1268 3404 ἐξέτασιν
1288 3338 1541 3412 ἔρχεσθαι
1575 3340 1673 3403 δεῖ,
1708 3342 1802 3393 καὶ

227 3430 541 3497 ἀναγκαίως
579 3428 867 3499 ἀναζητεῖν
913 3430 982 3483 τά
1017 3431 1145 3500 παρ’
1178 3429 1503 3501 ἀνθρώποις.
1531 3430 1611 3483 Τά
1655 3431 1801 3502 ποιρά

224 3520 535 3592 ἀνθρώποις
585 3520 767 3583 κακὰ,
804 3521 1031 3591 πότερον
1087 3521 1201 3590 εἴδη
1247 3520 1501 3590 τυγχάνει
1547 3520 1715 3572 κακοῦ
1766 3521 1799 3592 ἢ

230 3612 391 3689 μέρης
432 3614 496 3665 Εἰ
550 3614 659 3683 γάρ
702 3612 851 3684 εἴδη·
886 3613 985 3665 οὐκ
1018 3611 1194 3684 (ἄρα)
1224 3613 1373 3666 ἔσται
1424 3612 1607 3683 ἕτερον
1652 3616 1802 3683 παρὰ

225 3704 387 3757 ταῦτα
434 3706 527 3757 τὸν
576 3704 743 3757 κακὸν
774 3704 894 3758 καθ’
938 3705 1125 3757 ἑαυτόο
1172 3705 1249 3776 τῷ
1296 3706 1363 3759 τὰ
1408 3705 1537 3777 γένη
1595 3708 1650 3758 ὲν
1683 3709 1801 3770 ταῖς

224 3798 413 3852 εἴδεσιν
442 3798 834 3862 ἐξετάζεσθαι,
894 3798 989 3851 κα)¹
1038 3799 1348 3866 ὑφεστάναι.
1406 3800 1466 3851 Εἰ
1509 3799 1565 3851 δὲ
1609 3798 1799 3864 τοῦτο,

226 3890 452 3960 γενητὸν
487 3890 640 3961 (ἄρα)
673 3891 821 3943 ἔσται
862 3891 921 3943 τὸ
965 3890 1155 3946 κακόν.
1192 3891 1273 3945 Τὰ
1311 3890 1417 3961 γάρ
1455 3891 1568 3961 εἴδη
1603 3891 1801 3961 γενητὰ

222 3982 340 4033 εντα
396 3982 679 4034 δείκνυται
706 3999 721 4015 ο
757 3978 868 4034 οἷον
902 3982 1095 4049 φόνος,
1156 3982 1249 4035 καὶ
1305 3983 1546 4052 μοιχεία,
1592 3982 1686 4035 καὶ
1736 3982 1801 4034 τὰ

218 4075 433 4137 τούτοις
461 4074 840 4145 παραπλήσια.
882 4075 944 4126 Εἰ
971 4073 1026 4126 δὲ
1070 4072 1209 4144 μέρη
1247 4074 1387 4136 τινὸς
1430 4074 1600 4127 κακοῦ
1629 4072 1803 4126 ταῦτα

217 4171 349 4226 εἶναι
378 4171 611 4235 ἐθέλοις,
650 4173 765 4223 ἐστὶ
792 4170 848 4222 δὲ
882 4168 1051 4222 ταῦτα
1073 4170 1304 4238 γενητόν
1339 4170 1549 4238 ἀνάγκη
1585 4170 1802 4221 κάκεῖνο

218 4267 448 4337 γενητὸν
477 4265 763 4336 ὑπάρχειν.
798 4258 896 4315 ’Ὧν
928 4262 1035 4334 γάρ
1068 4262 1135 4315 τά
1183 4263 1323 4334 μέρη
1368 4262 1595 4331 γενητὰ,
1631 4261 1801 4314 ταῦτα

214 4360 424 4426 ὁμοίως
468 4356 529 4421 ἐξ
582 4357 826 4426 ἀνάγκης
859 4356 974 4410 ἐστὶ
1030 4356 1249 4427 γενητά.
1300 4355 1371 4435 Ἰξὸ
1422 4353 1530 4424 γάρ
1579 4354 1696 4406 ὅλον
1739 4355 1801 4405 ὲκ

1830 3106 1877 3168 C

1842 1768 1884 1823 B
1911 1768 2161 1823 terimere
2177 1770 2200 1823 ?

1984 1858 2141 1917 VAL.
2173 1860 2329 1918 Puto.

1981 1951 2192 2007 OR'I‘II.
2222 1953 2361 2008 Num
2392 1969 2520 2009 vero
2552 1954 2836 2010 existimas
2882 1956 3057 2026 ignem
3088 1965 3141 2013 et
3173 1973 3390 2029 aquam,
3423 1975 3487 2015 ac

1914 2048 2169 2103 similiter
2199 2048 2427 2118 reliqua,
2460 2063 2581 2103 esse
2612 2056 2795 2119 partes
2826 2050 3102 2104 materia}?

1982 2136 2135 2193 VAL.
2169 2136 2245 2191 lta
2270 2138 2542 2193 existimo.

1980 2229 2190 2285 OBTH.
2227 2230 2368 2296 Quid
2400 2231 2568 2286 vero?
2593 2230 2712 2286 Non
2746 2231 2961 2287 videtur
3012 2234 3111 2289 tibi
3142 2249 3280 2304 aqua
3310 2234 3484 2289 letha-

1909 2319 1978 2374 lis
2025 2320 2168 2391 igni;
2203 2321 2405 2391 luxque
2459 2322 2733 2390 tenebris;
2785 2328 2839 2377 et
2868 2324 2995 2389 alia,
3033 2328 3208 2395 siqua
3237 2333 3364 2380 sunt
3396 2326 3484 2382 his

1911 2412 2147 2466 similia?

1983 2503 2137 2558 VAL.
2180 2504 2419 2561 Videtur.

1978 2594 2188 2653 ORTil.
2226 2596 2281 2651 Si
2310 2613 2440 2669 ergo
2490 2607 2674 2669 partes
2706 2600 2930 2656 minimc
2963 2601 3066 2657 sibi
3118 2602 3349 2658 invicem
3376 2604 3486 2658 exi-

1909 2689 1983 2743 tio
2014 2700 2167 2756 sunt;
2198 2690 2313 2745 htec
2339 2702 2519 2746 autem
2545 2709 2603 2747 se
2634 2701 2821 2749 mutuo
2876 2695 3181 2763 perimunt;
3213 2696 3481 2766 sequitur,

1909 2790 1968 2834 ut
1997 2798 2107 2835 non
2142 2783 2252 2836 sint
2282 2784 2516 2839 invicem
2546 2792 2746 2855 partes.
2787 2784 2843 2840 Si
2879 2795 3059 2843 autem
3103 2805 3211 2843 non
3236 2801 3364 2845 sunt
3394 2792 3481 2845 in-

1908 2875 2082 2929 vicem
2118 2884 2335 2946 partes;
2365 2893 2541 2947 neque
2575 2879 2738 2934 unius
2767 2881 3007 2934 materia:
3037 2891 3219 2951 partes
3254 2882 3480 2938 fuerint.

1908 2964 2021 3020 lmo
2060 2984 2237 3037 neque
2260 2978 2420 3023 erunt
2444 2972 2690 3035 materia,
2727 2972 2873 3041 quod
2906 2973 3043 3026 nihil
3090 2975 3196 3027 sibi
3233 2976 3337 3044 ipsi
3363 2978 3482 3030 exi-

1908 3060 1985 3113 tio
2008 3060 2078 3114 sit
2101 3070 2153 3115 et
2172 3064 2537 3120 contrarium.
2586 3063 2723 3118 Cum
2750 3080 2881 3135 ergo
2914 3065 2988 3119 ita
3027 3083 3086 3121 se
3120 3068 3357 3122 habeant
3379 3086 3480 3139 op-

1906 3153 2104 3222 posita,
2133 3163 2278 3223 patet
2298 3155 2424 3211 inde
2449 3172 2512 3211 ea
2548 3171 2656 3210 non
2686 3172 2810 3213 esse
2857 3159 3164 3213 materiam.
3209 3160 3386 3230 Atque
3413 3162 3482 3218 de

1904 3246 2129 3300 materia
2163 3247 2295 3301 satis
2327 3248 2531 3302 dictum
2561 3249 2651 3303 sit.

1974 3337 2310 3395 Veniendum
2348 3348 2526 3395 autem
2559 3350 2643 3397 est
2694 3342 2759 3397 ad
2814 3345 3086 3398 malorum
3136 3344 3479 3417 disquisitio-

1903 3446 2048 3494 nem,
2069 3432 2487 3502 necessarioque
2512 3434 2837 3489 excutienda
2858 3444 2985 3490 sunt
3010 3438 3149 3490 mala
3176 3438 3477 3494 hominum.

1904 3522 2101 3588 Quaero
2127 3525 2293 3594 igitur
2321 3545 2333 3579 :
2368 3524 2505 3578 Mala
2528 3527 2832 3591 hominum,
2860 3536 3058 3582 suntne
3088 3530 3299 3598 species
3322 3531 3475 3597 mali,

1904 3628 1973 3668 an
2006 3615 2227 3684 partes?
2259 3614 2315 3669 Si
2354 3617 2601 3686 species;
2636 3633 2745 3671 non
2793 3618 2899 3671 erit
2930 3634 3060 3689 ergo
3092 3621 3238 3673 aliud
3280 3631 3478 3690 praeter

1902 3704 2018 3758 haec
2085 3706 2391 3763 subsistens
2446 3709 2671 3773 malum,
2709 3723 2774 3763 eo
2807 3710 2953 3779 quod
2999 3727 3197 3781 genera
3253 3713 3307 3766 in
3352 3729 3477 3783 spe-

1903 3798 2091 3853 ciebus
2120 3798 2473 3855 inveniantur
2500 3810 2553 3855 et
2580 3802 2901 3859 subsistant.
2930 3802 3085 3869 Quod
3119 3806 3167 3860 si
3189 3806 3263 3860 ita
3290 3807 3475 3873 habet,

1901 3892 2004 3945 erit
2057 3906 2188 3947 sane
2236 3894 2437 3947 malum
2524 3896 2729 3964 aliquid
2783 3906 3151 3966 procreatum.
3198 3900 3287 3954 Sic
3329 3903 3477 3957 enim

1902 3984 2112 4051 Species
2149 4000 2271 4055 qua:
2300 3986 2429 4050 sint,
2461 3985 2665 4041 factum
2696 3989 2916 4059 aliquod
2944 3992 3245 4046 ostendunt
3276 4013 3288 4047 :
3321 4002 3474 4064 puta,

1902 4074 2276 4142 homicidium,
2330 4078 2655 4134 adulterium
2681 4089 2734 4136 et
2796 4082 2881 4137 his
2914 4083 3136 4137 similia.
3176 4084 3268 4138 Sin
3293 4095 3475 4142 autem

1902 4168 2159 4223 malueris
2194 4185 2313 4225 esse
2347 4180 2531 4240 partes
2576 4173 2810 4242 alicujus
2842 4175 2969 4229 mali
3029 4195 3042 4230 :
3076 4191 3202 4230 cum
3239 4177 3342 4232 illae
3365 4178 3475 4232 sint

1902 4259 2032 4330 quid
2072 4260 2309 4326 factum;
2355 4263 2514 4332 plane
2559 4263 2618 4317 (it
2674 4280 2983 4330 necessum,
3022 4276 3081 4321 ut
3132 4276 3187 4321 et
3240 4268 3373 4323 illud
3402 4270 3475 4323 sit

1901 4352 2033 4421 quid
2066 4350 2288 4405 factum.
2307 4352 2549 4417 Quorum
2580 4355 2722 4407 enim
2738 4363 2919 4423 partes
2945 4365 3074 4409 sunt
3099 4358 3228 4425 quid
3247 4359 3468 4426 factum,

219 4452 409 4522 μερῶν
443 4450 759 4520 συνέστηκε.
816 4451 924 4503 Καὶ
964 4450 1025 4502 τὸ
1061 4448 1157 4519 μὲν
1197 4447 1314 4501 ὅλον
1372 4447 1470 4498 οὐκ
1514 4444 1684 4505 ἔσται,
1724 4444 1796 4515 μὴ

1912 4444 2065 4496 etiam
2098 4443 2213 4511 ipsa
2244 4442 2495 4497 similiter
2524 4446 2836 4499 necessario
2863 4446 3133 4514 ejusmodi
3156 4456 3301 4501 sunt.
3334 4448 3471 4502 Nam

214 4541 386 4594 ὅντων
429 4542 611 4612 μερῶν
633 4558 647 4571 ’
680 4542 830 4593 ἔσται
851 4541 907 4593 δέ
938 4540 1047 4609 (56)
1082 4556 1201 4591 τινα
1230 4536 1336 4589 τῶν
1364 4536 1566 4607 μερῶν,
1600 4535 1699 4588 κᾶν
1726 4534 1799 4605 μὴ

214 4635 271 4685 τὸ
299 4636 433 4687 ὅλον
463 4636 636 4704 παρῇ.
671 4634 898 4696 Οὐδενὸς
926 4634 981 4686 δὲ
1011 4632 1119 4685 τῶν
1146 4631 1311 4683 ὄντων
1344 4630 1504 4700 μέρος
1556 4629 1652 4698 μέν
1686 4630 1800 4679 ἐστι

211 4727 470 4797 γενητὸν,
506 4728 668 4796 μέρος
694 4726 750 4778 δὲ
774 4726 1056 4795 ἀγένητον.
1093 4725 1155 4776 Et
1189 4724 1245 4776 δὲ
1276 4722 1549 4776 καὶτοῦτο
1590 4716 1799 4791 συγχω-

218 4818 457 4887 ρήσαιμι
486 4816 565 4886 τῷ
591 4816 753 4886 λόγῳ,
788 4811 855 4886 ἦν
890 4831 1018 4867 ποτε
1046 4813 1107 4866 τὸ
1154 4813 1343 4877 κακὸν,
1391 4812 1477 4865 ὅτε
1511 4811 1800 4882 ὁλόκληρον

212 4911 311 4962 οὐκ
350 4906 461 4980 ἦν’
504 4908 747 4961 τουτέστι
789 4908 919 4979 πρὶν
946 4906 1345 4977 δημιουργῆσαι
1387 4905 1485 4973 τὴν
1531 4903 1661 4975 ὓλην
1711 4901 1801 4955 τὸν

214 5002 374 5057 Θεὸν.
429 5004 561 5055 Τότε
614 5003 670 5056 δὲ
722 5002 1013 5073 ὁλόκληρον
1057 5000 1298 5068 γίνεται,
1352 4999 1441 5051 ὅτε
1485 4998 1620 5069 πρὸς
1665 4994 1798 5049 Θεοῦ

214 5098 447 5165 γέγονεν
487 5096 798 5166 ἄνθρωπος’
825 5094 932 5147 τῶν
981 5094 1089 5164 γὰρ
1120 5091 1302 5163 μερῶν
1346 5089 1441 5143 τοῦ
1481 5089 1653 5143 κακοῦ
1704 5089 1798 5143 ἆν-

216 5189 442 5258 Θρωπος
470 5188 700 5258 ὑπάρχει
724 5188 969 5259 ποιητής.
995 5185 1103 5237 Καὶ
1130 5185 1191 5237 τὸ
1229 5182 1475 5236 ὲντεῦθεν
1509 5182 1799 5253 ὁλόκληρον

216 5280 359 5337 εἶναι
418 5283 479 5335 τὸ
531 5282 699 5335 κακὸν
734 5284 902 5345 αἴτιος
942 5280 1092 5333 ἔσται
1129 5280 1538 5350 δημιουργήσας
1584 5280 1611 5330 ὁ
1636 5279 1794 5341 Θεός·

216 5377 357 5446 ὅπερ
386 5375 599 5438 ἀσεϐές.
648 5376 710 5427 Εἰ
748 5375 790 5427 δ’
820 5374 927 5426 οὐδ’
977 5373 1234 5442 ὁπότερον
1275 5370 1479 5423 τούτων
1514 5371 1691 5439 λέγεις
1738 5372 1799 5423 τὸ

216 5470 412 5531 κακὸν,
443 5466 640 5537 πρᾶξιν
670 5466 727 5517 δέ
759 5482 902 5528 τινος
934 5461 1106 5516 κακοῦ
1141 5462 1252 5531 (57)
1294 5458 1431 5516 εἶναι
1461 5461 1638 5529 λέγεις
1658 5478 1670 5492 ·
1706 5478 1797 5529 γε-

195 5580 209 5621 ‘2
292 5603 408 5669 ('53)
453 5600 726 5668 Παρήσω.
762 5599 847 5654 ΑΙ.
885 5601 1187 5670 παρήσατο.

220 5702 227 5709 ·
294 5675 407 5739 (54)
443 5672 559 5736 Μή.
601 5670 780 5724 Scrib.
818 5671 926 5740 μοί.

299 5744 409 5812 (7)5)
450 5740 836 5812 fArwpsttxd.
875 5742 958 5795 Al.
994 5740 1336 5796 συνανετικά.

1901 4547 2074 4595 t0tum
2110 4547 2324 4595 constat
2350 4539 2617 4609 partibus.
2653 4541 2730 4592 Ac
2763 4546 2934 4593 totum
2964 4538 3182 4608 quidem
3216 4555 3325 4593 non
3344 4542 3468 4601 erit.

1901 4634 2147 4704 partibus
2201 4649 2311 4687 non
2366 4632 2800 4687 exsistentibus:
2854 4639 3034 4700 partes
3092 4646 3220 4685 vero
3276 4631 3473 4701 aliqua)

1900 4734 2081 4789 erunt,
2112 4740 2421 4796 quanquam
2452 4733 2625 4778 totum
2648 4723 3006 4779 desideretur.
3046 4721 3260 4779 Nullius
3288 4734 3468 4778 autem

1900 4820 1979 4874 rei
2013 4835 2140 4889 pars
2166 4818 2335 4873 altera
2368 4817 2547 4888 genita
2589 4824 2693 4881 est,
2720 4817 2890 4869 altera
2922 4815 3184 4885 ingenita.
3212 4814 3309 4869 Sin
3338 4832 3471 4871 vero

1900 4908 2002 4963 hoc
2031 4909 2193 4963 etiam
2224 4907 2460 4963 orationi
2495 4906 2731 4970 dedero;
2766 4904 2911 4959 haud
2943 4914 3126 4959 tamen
3155 4906 3341 4975 negari
3368 4920 3467 4975 po-

1898 5004 2026 5062 test,
2090 4997 2260 5054 fuisse
2313 4997 2531 5068 quando
2585 4996 2787 5050 malum
2818 5009 2926 5049 non
2958 4996 3230 5065 integrum
3265 5003 3414 5050 esset
3449 5014 3463 5049 :

1902 5091 2004 5145 hoc
2046 5098 2150 5153 est,
2178 5099 2467 5160 antequam
2503 5088 2646 5143 Deus
2690 5087 2973 5142 materiam
3004 5086 3285 5141 formaret.
3310 5085 3470 5141 Post-

1901 5198 2063 5253 quam
2096 5182 2239 5237 Deus
2269 5182 2541 5237 hominem
2591 5178 2817 5241 creavit,
2849 5178 2961 5249 jam
2992 5180 3356 5249 integritatem
3384 5196 3468 5234 re-

1900 5276 2051 5345 cipit.
2075 5272 2208 5327 Nam
2244 5273 2424 5336 homo,
2450 5270 2683 5340 partium
2716 5270 2843 5323 mali
2873 5278 3062 5325 auctor
3089 5277 3174 5326 est
3206 5289 3219 5324 :
3269 5285 3464 5339 eoque,

1900 5370 2043 5424 Deus
2066 5367 2158 5437 qui
2180 5364 2445 5429 condidit,
2491 5375 2681 5418 auctor
2713 5362 2876 5419 fuerit
2918 5364 3249 5434 integritatis
3298 5363 3464 5425 mali;

1898 5458 2041 5530 quod
2072 5458 2297 5528 impium
2328 5457 2475 5511 dictu
2500 5456 2591 5511 sit.
2623 5453 2680 5507 Si
2702 5470 2829 5511 vero
2848 5464 3099 5511 neutrum
3131 5455 3322 5510 horum
3354 5468 3467 5507 ma-

1972 5593 2081 5662 (56)
2128 5595 2331 5645 Ἔσται
2358 5591 2443 5664 δέ).
2486 5592 2571 5644 Al.
2615 5594 2721 5664 ἄρα
2750 5593 2826 5649 δέ.
2872 5592 2962 5649 Sic
3003 5600 3057 5650 et
3105 5590 3270 5663 paulo
3318 5597 3465 5660 post,

1900 5668 2068 5726 αἴτιος
2100 5665 2205 5733 ἄρα
2236 5664 2386 5733 ἔσται
2419 5662 2546 5732 δημ.

1973 5736 2081 5807 (57)
2122 5732 2337 5790 Καχοῦ.
2370 5734 2456 5788 Al.
2494 5734 2685 5791 κακόν.
