  <div class='ocr_page' id='page_1' title='image "/cluster/home/n/w/nwhite01/storage/ocr_20150623/18/hvd.32044073501215/139.png"; bbox 0 0 4010 6328; ppageno 0'>
   <div class='ocr_carea' id='block_1_1' title="bbox 484 310 590 368">
    <p class='ocr_par' dir='ltr' id='par_1_1' title="bbox 484 310 590 368">
     <span class='ocr_line' id='line_1_1' title="bbox 484 310 590 368; baseline 0.009 -1"><span class='ocrx_word' id='word_1_1' title='bbox 484 310 590 368; x_wconf 71' lang='lat'><strong>265</strong></span> 
     </span>
    </p>
   </div>
   <div class='ocr_carea' id='block_1_2' title="bbox 1432 282 2740 371">
    <p class='ocr_par' dir='ltr' id='par_1_2' title="bbox 1432 282 2740 371">
     <span class='ocr_line' id='line_1_2' title="bbox 1432 282 2740 371; baseline 0.002 -3"><span class='ocrx_word' id='word_1_2' title='bbox 1432 312 1495 368; x_wconf 88' lang='lat' dir='ltr'><strong>s.</strong></span> <span class='ocrx_word' id='word_1_3' title='bbox 1534 282 1869 370; x_wconf 69' lang='lat' dir='ltr'><strong>METH&#39;oou</strong></span> <span class='ocrx_word' id='word_1_4' title='bbox 1908 312 2216 371; x_wconf 83' lang='lat' dir='ltr'><strong>EPISCOPI</strong></span> <span class='ocrx_word' id='word_1_5' title='bbox 2249 313 2338 369; x_wconf 88' lang='lat' dir='ltr'><strong>ET</strong></span> <span class='ocrx_word' id='word_1_6' title='bbox 2383 311 2740 370; x_wconf 76' lang='lat' dir='ltr'><strong>MARTYRIS</strong></span> 
     </span>
    </p>
   </div>
   <div class='ocr_carea' id='block_1_3' title="bbox 3613 311 3725 367">
    <p class='ocr_par' dir='ltr' id='par_1_3' title="bbox 3613 311 3725 367">
     <span class='ocr_line' id='line_1_3' title="bbox 3613 311 3725 367; baseline 0 -1"><span class='ocrx_word' id='word_1_7' title='bbox 3613 311 3725 367; x_wconf 68' lang='grc' dir='ltr'><strong>εει</strong></span> 
     </span>
    </p>
   </div>
   <div class='ocr_carea' id='block_1_4' title="bbox 482 423 2055 502">
    <p class='ocr_par' dir='ltr' id='par_1_4' title="bbox 482 423 2049 497">
     <span class='ocr_line' id='line_1_4' title="bbox 482 423 2049 497; baseline 0.004 -19"><span class='ocrx_word' id='word_1_8' title='bbox 482 425 596 479; x_wconf 91' lang='lat' dir='ltr'><strong>lum</strong></span> <span class='ocrx_word' id='word_1_9' title='bbox 646 423 851 483; x_wconf 78' lang='lat' dir='ltr'><strong>dixeris</strong></span> <span class='ocrx_word' id='word_1_10' title='bbox 882 440 1025 491; x_wconf 89' lang='lat' dir='ltr'><strong>esse,</strong></span> <span class='ocrx_word' id='word_1_11' title='bbox 1086 424 1181 480; x_wconf 87' lang='lat' dir='ltr'><strong>sed</strong></span> <span class='ocrx_word' id='word_1_12' title='bbox 1238 425 1469 497; x_wconf 85' lang='lat' dir='ltr'><strong>alicujus</strong></span> <span class='ocrx_word' id='word_1_13' title='bbox 1491 430 1688 483; x_wconf 89' lang='lat' dir='ltr'><strong>malam</strong></span> <span class='ocrx_word' id='word_1_14' title='bbox 1739 430 2049 485; x_wconf 85' lang='lat' dir='ltr'><strong>actionem:</strong></span> 
     </span>
    </p>
   </div>
   <div class='ocr_carea' id='block_1_5' title="bbox 2159 423 3731 502">
    <p class='ocr_par' dir='ltr' id='par_1_5' title="bbox 2159 423 3731 502">
     <span class='ocr_line' id='line_1_5' title="bbox 2159 423 3731 502; baseline -0.002 -19"><span class='ocrx_word' id='word_1_15' title='bbox 2159 430 2314 502; x_wconf 84' lang='grc' dir='ltr'>νητὸν</span> <span class='ocrx_word' id='word_1_16' title='bbox 2370 431 2531 485; x_wconf 86' lang='grc' dir='ltr'>αὑτὸν</span> <span class='ocrx_word' id='word_1_17' title='bbox 2574 429 2836 501; x_wconf 81' lang='grc' dir='ltr'><strong>ὑπάρχειν</strong></span> <span class='ocrx_word' id='word_1_18' title='bbox 2877 426 3117 498; x_wconf 81' lang='grc' dir='ltr'><strong>μηνύεις.</strong></span> <span class='ocrx_word' id='word_1_19' title='bbox 3174 423 3239 480; x_wconf 82' lang='grc' dir='ltr'><strong>Ἠ</strong></span> <span class='ocrx_word' id='word_1_20' title='bbox 3284 427 3393 500; x_wconf 83' lang='grc' dir='ltr'>γὰρ</span> <span class='ocrx_word' id='word_1_21' title='bbox 3439 425 3535 483; x_wconf 75' lang='grc' dir='ltr'>τοῦ</span> <span class='ocrx_word' id='word_1_22' title='bbox 3581 444 3731 491; x_wconf 86' lang='grc' dir='ltr'>τινος</span> 
     </span>
    </p>
   </div>
   <div class='ocr_carea' id='block_1_6' title="bbox 482 517 2054 589">
    <p class='ocr_par' dir='ltr' id='par_1_6' title="bbox 482 517 2054 589">
     <span class='ocr_line' id='line_1_6' title="bbox 482 517 2054 589; baseline 0.002 -17"><span class='ocrx_word' id='word_1_23' title='bbox 482 526 598 572; x_wconf 91' lang='lat' dir='ltr'><strong>tum</strong></span> <span class='ocrx_word' id='word_1_24' title='bbox 636 518 877 589; x_wconf 81' lang='lat' dir='ltr'><strong>genitum</strong></span> <span class='ocrx_word' id='word_1_25' title='bbox 913 532 977 571; x_wconf 91' lang='lat' dir='ltr'><strong>ac</strong></span> <span class='ocrx_word' id='word_1_26' title='bbox 1006 517 1138 587; x_wconf 89' lang='lat' dir='ltr'><strong>quid</strong></span> <span class='ocrx_word' id='word_1_27' title='bbox 1200 517 1428 583; x_wconf 87' lang='lat' dir='ltr'><strong>factum,</strong></span> <span class='ocrx_word' id='word_1_28' title='bbox 1461 519 1638 589; x_wconf 89' lang='lat' dir='ltr'><strong>ipsum</strong></span> <span class='ocrx_word' id='word_1_29' title='bbox 1678 518 1864 575; x_wconf 89' lang='lat' dir='ltr'><strong>doces.</strong></span> <span class='ocrx_word' id='word_1_30' title='bbox 1899 517 2054 586; x_wconf 87' lang='lat' dir='ltr'><strong>Quod</strong></span> 
     </span>
    </p>
   </div>
   <div class='ocr_carea' id='block_1_7' title="bbox 484 610 2054 681">
    <p class='ocr_par' dir='ltr' id='par_1_7' title="bbox 484 610 2054 681">
     <span class='ocr_line' id='line_1_7' title="bbox 484 610 2054 681; baseline 0.001 -16"><span class='ocrx_word' id='word_1_31' title='bbox 484 611 631 665; x_wconf 86' lang='lat' dir='ltr'><strong>enim</strong></span> <span class='ocrx_word' id='word_1_32' title='bbox 664 610 899 679; x_wconf 85' lang='lat' dir='ltr'><strong>alicujus</strong></span> <span class='ocrx_word' id='word_1_33' title='bbox 928 610 1072 665; x_wconf 90' lang='lat' dir='ltr'><strong>actio</strong></span> <span class='ocrx_word' id='word_1_34' title='bbox 1107 616 1213 676; x_wconf 90' lang='lat' dir='ltr'><strong>est,</strong></span> <span class='ocrx_word' id='word_1_35' title='bbox 1275 611 1490 666; x_wconf 88' lang='lat' dir='ltr'><strong>initium</strong></span> <span class='ocrx_word' id='word_1_36' title='bbox 1521 612 1741 667; x_wconf 90' lang='lat' dir='ltr'><strong>essendi</strong></span> <span class='ocrx_word' id='word_1_37' title='bbox 1771 620 2054 681; x_wconf 89' lang='lat' dir='ltr'><strong>acceptum</strong></span> 
     </span>
    </p>
   </div>
   <div class='ocr_carea' id='block_1_8' title="bbox 482 701 2054 774">
    <p class='ocr_par' dir='ltr' id='par_1_8' title="bbox 482 701 2054 774">
     <span class='ocr_line' id='line_1_8' title="bbox 482 701 2054 774; baseline 0.001 -18"><span class='ocrx_word' id='word_1_38' title='bbox 482 702 668 756; x_wconf 88' lang='lat' dir='ltr'><strong>habet.</strong></span> <span class='ocrx_word' id='word_1_39' title='bbox 701 701 791 769; x_wconf 45' lang='lat' dir='ltr'><strong>Ad,</strong></span> <span class='ocrx_word' id='word_1_40' title='bbox 815 701 951 765; x_wconf 85' lang='lat' dir='ltr'><strong>haec,</strong></span> <span class='ocrx_word' id='word_1_41' title='bbox 984 702 1195 757; x_wconf 88' lang='lat' dir='ltr'><strong>nullum</strong></span> <span class='ocrx_word' id='word_1_42' title='bbox 1218 712 1477 774; x_wconf 60' lang='lat' dir='ltr'><strong>praterea</strong></span> <span class='ocrx_word' id='word_1_43' title='bbox 1512 704 1660 759; x_wconf 82' lang='lat' dir='ltr'><strong>aliud</strong></span> <span class='ocrx_word' id='word_1_44' title='bbox 1683 705 1881 759; x_wconf 89' lang='lat' dir='ltr'><strong>malum</strong></span> <span class='ocrx_word' id='word_1_45' title='bbox 1912 704 2054 759; x_wconf 87' lang='lat' dir='ltr'><strong>assi—</strong></span> 
     </span>
    </p>
   </div>
   <div class='ocr_carea' id='block_1_9' title="bbox 484 793 2056 866">
    <p class='ocr_par' dir='ltr' id='par_1_9' title="bbox 484 793 2056 866">
     <span class='ocr_line' id='line_1_9' title="bbox 484 793 2056 866; baseline 0.004 -21"><span class='ocrx_word' id='word_1_46' title='bbox 484 808 649 864; x_wconf 76' lang='lat' dir='ltr'><strong>gnare</strong></span> <span class='ocrx_word' id='word_1_47' title='bbox 672 801 846 862; x_wconf 92' lang='lat' dir='ltr'><strong>potes.</strong></span> <span class='ocrx_word' id='word_1_48' title='bbox 879 793 1052 860; x_wconf 85' lang='lat' dir='ltr'><strong>Quam</strong></span> <span class='ocrx_word' id='word_1_49' title='bbox 1081 794 1227 849; x_wconf 90' lang='lat' dir='ltr'><strong>enim</strong></span> <span class='ocrx_word' id='word_1_50' title='bbox 1258 795 1419 850; x_wconf 90' lang='lat' dir='ltr'><strong>aliam</strong></span> <span class='ocrx_word' id='word_1_51' title='bbox 1447 796 1740 860; x_wconf 90' lang='lat' dir='ltr'><strong>actionem,</strong></span> <span class='ocrx_word' id='word_1_52' title='bbox 1786 807 1978 866; x_wconf 67' lang='lat' dir='ltr'><strong>praeter</strong></span> <span class='ocrx_word' id='word_1_53' title='bbox 2000 796 2056 851; x_wconf 91' lang='lat' dir='ltr'><strong>id</strong></span> 
     </span>
    </p>
   </div>
   <div class='ocr_carea' id='block_1_10' title="bbox 482 885 2055 959">
    <p class='ocr_par' dir='ltr' id='par_1_10' title="bbox 482 885 2055 959">
     <span class='ocr_line' id='line_1_10' title="bbox 482 885 2055 959; baseline 0.004 -22"><span class='ocrx_word' id='word_1_54' title='bbox 482 885 628 955; x_wconf 88' lang='lat' dir='ltr'><strong>quod</strong></span> <span class='ocrx_word' id='word_1_55' title='bbox 674 886 1027 941; x_wconf 91' lang='lat' dir='ltr'><strong>committunt</strong></span> <span class='ocrx_word' id='word_1_56' title='bbox 1079 887 1372 952; x_wconf 88' lang='lat' dir='ltr'><strong>homines,</strong></span> <span class='ocrx_word' id='word_1_57' title='bbox 1428 889 1711 959; x_wconf 80' lang='lat' dir='ltr'><strong>assignare</strong></span> <span class='ocrx_word' id='word_1_58' title='bbox 1763 889 2055 945; x_wconf 79' lang='lat' dir='ltr'><strong>habueris?</strong></span> 
     </span>
    </p>
   </div>
   <div class='ocr_carea' id='block_1_11' title="bbox 481 975 2055 1056">
    <p class='ocr_par' dir='ltr' id='par_1_11' title="bbox 481 975 2055 1056">
     <span class='ocr_line' id='line_1_11' title="bbox 481 975 2055 1056; baseline 0.004 -27"><span class='ocrx_word' id='word_1_59' title='bbox 481 975 617 1030; x_wconf 88' lang='lat' dir='ltr'><strong>Nam</strong></span> <span class='ocrx_word' id='word_1_60' title='bbox 641 976 788 1047; x_wconf 90' lang='lat' dir='ltr'><strong>quod</strong></span> <span class='ocrx_word' id='word_1_61' title='bbox 813 977 860 1033; x_wconf 89' lang='lat' dir='ltr'><strong>is</strong></span> <span class='ocrx_word' id='word_1_62' title='bbox 889 977 983 1049; x_wconf 89' lang='lat' dir='ltr'><strong>qui</strong></span> <span class='ocrx_word' id='word_1_63' title='bbox 1020 986 1297 1049; x_wconf 83' lang='lat' dir='ltr'><strong>operatur,</strong></span> <span class='ocrx_word' id='word_1_64' title='bbox 1334 995 1442 1034; x_wconf 93' lang='lat' dir='ltr'><strong>non</strong></span> <span class='ocrx_word' id='word_1_65' title='bbox 1476 981 1548 1035; x_wconf 87' lang='lat' dir='ltr'><strong>sit</strong></span> <span class='ocrx_word' id='word_1_66' title='bbox 1574 979 1693 1056; x_wconf 70' lang='lat' dir='ltr'><strong>ipse</strong></span> <span class='ocrx_word' id='word_1_67' title='bbox 1726 980 1927 1035; x_wconf 88' lang='lat' dir='ltr'><strong>malum</strong></span> <span class='ocrx_word' id='word_1_68' title='bbox 1968 996 2055 1036; x_wconf 87' lang='lat' dir='ltr'><strong>se-</strong></span> 
     </span>
    </p>
   </div>
   <div class='ocr_carea' id='block_1_12' title="bbox 479 1071 2052 1144">
    <p class='ocr_par' dir='ltr' id='par_1_12' title="bbox 479 1071 2052 1144">
     <span class='ocr_line' id='line_1_12' title="bbox 479 1071 2052 1144; baseline 0.002 -19"><span class='ocrx_word' id='word_1_69' title='bbox 479 1071 722 1128; x_wconf 88' lang='lat' dir='ltr'><strong>cundum</strong></span> <span class='ocrx_word' id='word_1_70' title='bbox 755 1074 1022 1130; x_wconf 86' lang='lat' dir='ltr'><strong>rationem</strong></span> <span class='ocrx_word' id='word_1_71' title='bbox 1039 1075 1377 1140; x_wconf 82' lang='lat' dir='ltr'><strong>substantiae,</strong></span> <span class='ocrx_word' id='word_1_72' title='bbox 1413 1078 1508 1131; x_wconf 80' lang='lat' dir='ltr'><strong>sed</strong></span> <span class='ocrx_word' id='word_1_73' title='bbox 1538 1074 1839 1132; x_wconf 91' lang='lat' dir='ltr'><strong>secundum</strong></span> <span class='ocrx_word' id='word_1_74' title='bbox 1881 1075 2052 1144; x_wconf 84' lang='lat' dir='ltr'><strong>ipsam</strong></span> 
     </span>
    </p>
   </div>
   <div class='ocr_carea' id='block_1_13' title="bbox 480 1165 2055 1237">
    <p class='ocr_par' dir='ltr' id='par_1_13' title="bbox 480 1165 2055 1237">
     <span class='ocr_line' id='line_1_13' title="bbox 480 1165 2055 1237; baseline 0.003 -19"><span class='ocrx_word' id='word_1_75' title='bbox 480 1166 606 1219; x_wconf 87' lang='lat' dir='ltr'><strong>mali</strong></span> <span class='ocrx_word' id='word_1_76' title='bbox 642 1167 1031 1235; x_wconf 85' lang='lat' dir='ltr'><strong>operationem,</strong></span> <span class='ocrx_word' id='word_1_77' title='bbox 1082 1167 1196 1237; x_wconf 89' lang='lat' dir='ltr'><strong>jam</strong></span> <span class='ocrx_word' id='word_1_78' title='bbox 1249 1174 1528 1223; x_wconf 83' lang='lat' dir='ltr'><strong>ostensum</strong></span> <span class='ocrx_word' id='word_1_79' title='bbox 1572 1166 1698 1223; x_wconf 89' lang='lat' dir='ltr'><strong>fuit.</strong></span> <span class='ocrx_word' id='word_1_80' title='bbox 1750 1165 1885 1222; x_wconf 84' lang='lat' dir='ltr'><strong>Nam</strong></span> <span class='ocrx_word' id='word_1_81' title='bbox 1914 1167 2055 1222; x_wconf 88' lang='lat' dir='ltr'><strong>nihil</strong></span> 
     </span>
    </p>
   </div>
   <div class='ocr_carea' id='block_1_14' title="bbox 480 1258 2056 1329">
    <p class='ocr_par' dir='ltr' id='par_1_14' title="bbox 480 1258 2056 1329">
     <span class='ocr_line' id='line_1_14' title="bbox 480 1258 2056 1329; baseline 0.001 -17"><span class='ocrx_word' id='word_1_82' title='bbox 480 1265 566 1312; x_wconf 88' lang='lat' dir='ltr'><strong>est</strong></span> <span class='ocrx_word' id='word_1_83' title='bbox 600 1258 803 1311; x_wconf 88' lang='lat' dir='ltr'><strong>malum</strong></span> <span class='ocrx_word' id='word_1_84' title='bbox 860 1267 1080 1326; x_wconf 91' lang='lat' dir='ltr'><strong>natura,</strong></span> <span class='ocrx_word' id='word_1_85' title='bbox 1130 1259 1226 1314; x_wconf 88' lang='lat' dir='ltr'><strong>sed</strong></span> <span class='ocrx_word' id='word_1_86' title='bbox 1278 1275 1383 1313; x_wconf 92' lang='lat' dir='ltr'><strong>usu</strong></span> <span class='ocrx_word' id='word_1_87' title='bbox 1412 1258 1547 1313; x_wconf 87' lang='lat' dir='ltr'><strong>fiunt</strong></span> <span class='ocrx_word' id='word_1_88' title='bbox 1598 1260 1738 1314; x_wconf 88' lang='lat' dir='ltr'><strong>mala</strong></span> <span class='ocrx_word' id='word_1_89' title='bbox 1766 1274 1885 1329; x_wconf 62' lang='lat' dir='ltr'><strong>quae</strong></span> <span class='ocrx_word' id='word_1_90' title='bbox 1913 1259 2056 1315; x_wconf 88' lang='lat' dir='ltr'><strong>mala</strong></span> 
     </span>
    </p>
   </div>
   <div class='ocr_carea' id='block_1_15' title="bbox 482 1350 2056 1422">
    <p class='ocr_par' dir='ltr' id='par_1_15' title="bbox 482 1350 2056 1422">
     <span class='ocr_line' id='line_1_15' title="bbox 482 1350 2056 1422; baseline -0.001 -14"><span class='ocrx_word' id='word_1_91' title='bbox 482 1359 635 1408; x_wconf 84' lang='lat' dir='ltr'><strong>sunt.</strong></span> <span class='ocrx_word' id='word_1_92' title='bbox 668 1350 879 1422; x_wconf 87' lang='lat' dir='ltr'><strong>Quippe</strong></span> <span class='ocrx_word' id='word_1_93' title='bbox 904 1351 1056 1417; x_wconf 87' lang='lat' dir='ltr'><strong>dico,</strong></span> <span class='ocrx_word' id='word_1_94' title='bbox 1082 1352 1257 1422; x_wconf 84' lang='lat' dir='ltr'><strong>inquit</strong></span> <span class='ocrx_word' id='word_1_95' title='bbox 1280 1350 1650 1422; x_wconf 78' lang='lat' dir='ltr'><strong>(Methodius),</strong></span> <span class='ocrx_word' id='word_1_96' title='bbox 1681 1359 1923 1406; x_wconf 91' lang='lat' dir='ltr'><strong>creatum</strong></span> <span class='ocrx_word' id='word_1_97' title='bbox 1957 1350 2056 1406; x_wconf 80' lang='lat' dir='ltr'><strong>ho-</strong></span> 
     </span>
    </p>
   </div>
   <div class='ocr_carea' id='block_1_16' title="bbox 482 1441 2055 1513">
    <p class='ocr_par' dir='ltr' id='par_1_16' title="bbox 482 1441 2055 1513">
     <span class='ocr_line' id='line_1_16' title="bbox 482 1441 2055 1513; baseline 0.001 -18"><span class='ocrx_word' id='word_1_98' title='bbox 482 1442 688 1496; x_wconf 85' lang='lat' dir='ltr'><strong>minem</strong></span> <span class='ocrx_word' id='word_1_99' title='bbox 718 1441 877 1496; x_wconf 83' lang='lat' dir='ltr'><strong>liberi</strong></span> <span class='ocrx_word' id='word_1_100' title='bbox 926 1443 1163 1507; x_wconf 87' lang='lat' dir='ltr'><strong>arbitrii,</strong></span> <span class='ocrx_word' id='word_1_101' title='bbox 1204 1459 1313 1499; x_wconf 92' lang='lat' dir='ltr'><strong>non</strong></span> <span class='ocrx_word' id='word_1_102' title='bbox 1360 1443 1509 1499; x_wconf 82' lang='lat' dir='ltr'><strong>velut</strong></span> <span class='ocrx_word' id='word_1_103' title='bbox 1539 1442 1681 1498; x_wconf 90' lang='lat' dir='ltr'><strong>malo</strong></span> <span class='ocrx_word' id='word_1_104' title='bbox 1736 1443 2055 1513; x_wconf 86' lang='lat' dir='ltr'><strong>aliquojam</strong></span> 
     </span>
    </p>
   </div>
   <div class='ocr_carea' id='block_1_17' title="bbox 480 1532 2057 1607">
    <p class='ocr_par' dir='ltr' id='par_1_17' title="bbox 480 1532 2057 1607">
     <span class='ocr_line' id='line_1_17' title="bbox 480 1532 2057 1607; baseline -0.002 -17"><span class='ocrx_word' id='word_1_105' title='bbox 480 1534 807 1600; x_wconf 78' lang='lat' dir='ltr'><strong>exsistente,</strong></span> <span class='ocrx_word' id='word_1_106' title='bbox 840 1535 997 1605; x_wconf 85' lang='lat' dir='ltr'><strong>cujus</strong></span> <span class='ocrx_word' id='word_1_107' title='bbox 1024 1536 1277 1607; x_wconf 76' lang='lat' dir='ltr'><strong>eligendi,</strong></span> <span class='ocrx_word' id='word_1_108' title='bbox 1320 1537 1367 1592; x_wconf 89' lang='lat' dir='ltr'><strong>si</strong></span> <span class='ocrx_word' id='word_1_109' title='bbox 1398 1536 1576 1599; x_wconf 84' lang='lat' dir='ltr'><strong>vellet,</strong></span> <span class='ocrx_word' id='word_1_110' title='bbox 1606 1542 1928 1605; x_wconf 90' lang='lat' dir='ltr'><strong>potestatem</strong></span> <span class='ocrx_word' id='word_1_111' title='bbox 1957 1532 2057 1587; x_wconf 88' lang='lat' dir='ltr'><strong>ha-</strong></span> 
     </span>
    </p>
   </div>
   <div class='ocr_carea' id='block_1_18' title="bbox 492 1623 2056 1699">
    <p class='ocr_par' dir='ltr' id='par_1_18' title="bbox 492 1623 2056 1699">
     <span class='ocr_line' id='line_1_18' title="bbox 492 1623 2056 1699; baseline -0.001 -18"><span class='ocrx_word' id='word_1_112' title='bbox 492 1625 697 1682; x_wconf 87' lang='lat' dir='ltr'><strong>beret:</strong></span> <span class='ocrx_word' id='word_1_113' title='bbox 749 1627 845 1682; x_wconf 83' lang='lat' dir='ltr'><strong>sed</strong></span> <span class='ocrx_word' id='word_1_114' title='bbox 900 1640 1120 1699; x_wconf 81' lang='lat' dir='ltr'><strong>propter</strong></span> <span class='ocrx_word' id='word_1_115' title='bbox 1169 1643 1486 1683; x_wconf 83' lang='lat' dir='ltr'><strong>concessam</strong></span> <span class='ocrx_word' id='word_1_116' title='bbox 1539 1626 1850 1681; x_wconf 80' lang='lat' dir='ltr'><strong>facultatem</strong></span> <span class='ocrx_word' id='word_1_117' title='bbox 1896 1623 2056 1680; x_wconf 85' lang='lat' dir='ltr'><strong>obse-</strong></span> 
     </span>
    </p>
   </div>
   <div class='ocr_carea' id='block_1_19' title="bbox 481 1717 2054 1791">
    <p class='ocr_par' dir='ltr' id='par_1_19' title="bbox 481 1717 2054 1791">
     <span class='ocr_line' id='line_1_19' title="bbox 481 1717 2054 1791; baseline -0.003 -17"><span class='ocrx_word' id='word_1_118' title='bbox 481 1718 686 1789; x_wconf 89' lang='lat' dir='ltr'><strong>quendi</strong></span> <span class='ocrx_word' id='word_1_119' title='bbox 719 1719 830 1775; x_wconf 89' lang='lat' dir='ltr'><strong>Deo</strong></span> <span class='ocrx_word' id='word_1_120' title='bbox 850 1721 935 1775; x_wconf 90' lang='lat' dir='ltr'><strong>vel</strong></span> <span class='ocrx_word' id='word_1_121' title='bbox 957 1736 1066 1775; x_wconf 90' lang='lat' dir='ltr'><strong>non</strong></span> <span class='ocrx_word' id='word_1_122' title='bbox 1096 1720 1452 1791; x_wconf 86' lang='lat' dir='ltr'><strong>obsequendi.</strong></span> <span class='ocrx_word' id='word_1_123' title='bbox 1487 1719 1599 1774; x_wconf 87' lang='lat' dir='ltr'><strong>Iloc</strong></span> <span class='ocrx_word' id='word_1_124' title='bbox 1622 1718 1768 1775; x_wconf 91' lang='lat' dir='ltr'><strong>enim</strong></span> <span class='ocrx_word' id='word_1_125' title='bbox 1798 1717 1901 1773; x_wconf 90' lang='lat' dir='ltr'><strong>sibi</strong></span> <span class='ocrx_word' id='word_1_126' title='bbox 1924 1724 2054 1770; x_wconf 90' lang='lat' dir='ltr'><strong>tunc</strong></span> 
     </span>
    </p>
   </div>
   <div class='ocr_carea' id='block_1_20' title="bbox 482 1809 2054 1876">
    <p class='ocr_par' dir='ltr' id='par_1_20' title="bbox 482 1809 2054 1876">
     <span class='ocr_line' id='line_1_20' title="bbox 482 1809 2054 1876; baseline -0.003 -11"><span class='ocrx_word' id='word_1_127' title='bbox 482 1810 720 1876; x_wconf 87' lang='lat' dir='ltr'><strong>volebat,</strong></span> <span class='ocrx_word' id='word_1_128' title='bbox 758 1826 823 1865; x_wconf 88' lang='lat' dir='ltr'><strong>ac</strong></span> <span class='ocrx_word' id='word_1_129' title='bbox 849 1818 988 1876; x_wconf 92' lang='lat' dir='ltr'><strong>erat,</strong></span> <span class='ocrx_word' id='word_1_130' title='bbox 1022 1812 1250 1867; x_wconf 89' lang='lat' dir='ltr'><strong>liberum</strong></span> <span class='ocrx_word' id='word_1_131' title='bbox 1277 1811 1585 1865; x_wconf 89' lang='lat' dir='ltr'><strong>arbitrium.</strong></span> <span class='ocrx_word' id='word_1_132' title='bbox 1620 1809 1792 1864; x_wconf 85' lang='lat' dir='ltr'><strong>Porro</strong></span> <span class='ocrx_word' id='word_1_133' title='bbox 1836 1814 2054 1862; x_wconf 87' lang='lat' dir='ltr'><strong>creatus</strong></span> 
     </span>
    </p>
   </div>
   <div class='ocr_carea' id='block_1_21' title="bbox 480 1896 2056 1971">
    <p class='ocr_par' dir='ltr' id='par_1_21' title="bbox 480 1896 2056 1971">
     <span class='ocr_line' id='line_1_21' title="bbox 480 1896 2056 1971; baseline -0.004 -17"><span class='ocrx_word' id='word_1_134' title='bbox 480 1901 646 1956; x_wconf 85' lang='lat' dir='ltr'><strong>homo</strong></span> <span class='ocrx_word' id='word_1_135' title='bbox 680 1909 1006 1971; x_wconf 66' lang='lat' dir='ltr'><strong>praeceptum</strong></span> <span class='ocrx_word' id='word_1_136' title='bbox 1033 1916 1063 1954; x_wconf 91' lang='lat' dir='ltr'><strong>a</strong></span> <span class='ocrx_word' id='word_1_137' title='bbox 1097 1899 1207 1956; x_wconf 91' lang='lat' dir='ltr'><strong>Deo</strong></span> <span class='ocrx_word' id='word_1_138' title='bbox 1243 1900 1442 1971; x_wconf 88' lang='lat' dir='ltr'><strong>accipit</strong></span> <span class='ocrx_word' id='word_1_139' title='bbox 1476 1918 1491 1954; x_wconf 92' lang='lat'>:</span> <span class='ocrx_word' id='word_1_140' title='bbox 1531 1906 1755 1969; x_wconf 92' lang='lat' dir='ltr'><strong>tumque</strong></span> <span class='ocrx_word' id='word_1_141' title='bbox 1785 1896 1916 1950; x_wconf 89' lang='lat' dir='ltr'><strong>hinc</strong></span> <span class='ocrx_word' id='word_1_142' title='bbox 1938 1910 2056 1949; x_wconf 88' lang='lat' dir='ltr'><strong>ma-</strong></span> 
     </span>
    </p>
   </div>
   <div class='ocr_carea' id='block_1_22' title="bbox 481 1983 2057 2063">
    <p class='ocr_par' dir='ltr' id='par_1_22' title="bbox 481 1983 2057 2063">
     <span class='ocr_line' id='line_1_22' title="bbox 481 1983 2057 2063; baseline -0.004 -18"><span class='ocrx_word' id='word_1_143' title='bbox 481 1991 595 2045; x_wconf 81' lang='lat' dir='ltr'><strong>lum</strong></span> <span class='ocrx_word' id='word_1_144' title='bbox 625 1991 830 2063; x_wconf 89' lang='lat' dir='ltr'><strong>incipit.</strong></span> <span class='ocrx_word' id='word_1_145' title='bbox 867 1990 985 2048; x_wconf 84' lang='lat' dir='ltr'><strong>Non</strong></span> <span class='ocrx_word' id='word_1_146' title='bbox 1024 1994 1167 2046; x_wconf 90' lang='lat' dir='ltr'><strong>enim</strong></span> <span class='ocrx_word' id='word_1_147' title='bbox 1215 1998 1370 2062; x_wconf 87' lang='lat' dir='ltr'><strong>paret</strong></span> <span class='ocrx_word' id='word_1_148' title='bbox 1402 1990 1586 2046; x_wconf 87' lang='lat' dir='ltr'><strong>divino</strong></span> <span class='ocrx_word' id='word_1_149' title='bbox 1637 1986 1892 2043; x_wconf 90' lang='lat' dir='ltr'><strong>mandato</strong></span> <span class='ocrx_word' id='word_1_150' title='bbox 1931 1983 2057 2040; x_wconf 87' lang='lat' dir='ltr'><strong>:id-</strong></span> 
     </span>
    </p>
   </div>
   <div class='ocr_carea' id='block_1_23' title="bbox 483 2080 2055 2157">
    <p class='ocr_par' dir='ltr' id='par_1_23' title="bbox 483 2080 2055 2157">
     <span class='ocr_line' id='line_1_23' title="bbox 483 2080 2055 2157; baseline -0.001 -22"><span class='ocrx_word' id='word_1_151' title='bbox 483 2096 591 2150; x_wconf 90' lang='lat' dir='ltr'><strong>que</strong></span> <span class='ocrx_word' id='word_1_152' title='bbox 639 2089 695 2137; x_wconf 92' lang='lat' dir='ltr'><strong>et</strong></span> <span class='ocrx_word' id='word_1_153' title='bbox 721 2081 898 2137; x_wconf 90' lang='lat' dir='ltr'><strong>solum</strong></span> <span class='ocrx_word' id='word_1_154' title='bbox 953 2081 1158 2157; x_wconf 86' lang='lat' dir='ltr'><strong>malum</strong></span> <span class='ocrx_word' id='word_1_155' title='bbox 1189 2088 1328 2146; x_wconf 87' lang='lat' dir='ltr'><strong>erat,</strong></span> <span class='ocrx_word' id='word_1_156' title='bbox 1387 2080 1755 2137; x_wconf 86' lang='lat' dir='ltr'><strong>inobedientia</strong></span> <span class='ocrx_word' id='word_1_157' title='bbox 1783 2093 1903 2151; x_wconf 68' lang='lat' dir='ltr'><strong>qua:</strong></span> <span class='ocrx_word' id='word_1_158' title='bbox 1931 2092 2055 2133; x_wconf 80' lang='lat' dir='ltr'><strong>esse</strong></span> 
     </span>
    </p>
   </div>
   <div class='ocr_carea' id='block_1_24' title="bbox 482 2174 669 2244">
    <p class='ocr_par' dir='ltr' id='par_1_24' title="bbox 482 2174 669 2244">
     <span class='ocr_line' id='line_1_24' title="bbox 482 2174 669 2244; baseline -0.016 -12"><span class='ocrx_word' id='word_1_159' title='bbox 482 2174 669 2244; x_wconf 66' lang='lat' dir='ltr'><strong>etrapit.</strong></span> 
     </span>
    </p>
   </div>
   <div class='ocr_carea' id='block_1_25' title="bbox 605 2281 1926 2344">
    <p class='ocr_par' dir='ltr' id='par_1_25' title="bbox 605 2281 1926 2344">
     <span class='ocr_line' id='line_1_25' title="bbox 605 2281 1926 2344; baseline -0.001 -4"><span class='ocrx_word' id='word_1_160' title='bbox 605 2284 986 2344; x_wconf 75' lang='lat' dir='ltr'><strong>METEODII</strong></span> <span class='ocrx_word' id='word_1_161' title='bbox 1044 2285 1148 2341; x_wconf 83' lang='lat' dir='ltr'><strong>EX</strong></span> <span class='ocrx_word' id='word_1_162' title='bbox 1208 2284 1428 2342; x_wconf 84' lang='lat' dir='ltr'><strong><em>LIBRO</em></strong></span> <span class='ocrx_word' id='word_1_163' title='bbox 1492 2284 1591 2340; x_wconf 90' lang='lat' dir='ltr'><em>DE</em></span> <span class='ocrx_word' id='word_1_164' title='bbox 1653 2281 1926 2339; x_wconf 85' lang='lat' dir='ltr'><strong>LIBERO</strong></span> 
     </span>
    </p>
   </div>
   <div class='ocr_carea' id='block_1_26' title="bbox 1081 2355 1455 2412">
    <p class='ocr_par' dir='ltr' id='par_1_26' title="bbox 1081 2355 1455 2412">
     <span class='ocr_line' id='line_1_26' title="bbox 1081 2355 1455 2412; baseline -0.005 -1"><span class='ocrx_word' id='word_1_165' title='bbox 1081 2355 1455 2412; x_wconf 81' lang='lat' dir='ltr'><strong><em>ARBITRIO.</em></strong></span> 
     </span>
    </p>
   </div>
   <div class='ocr_carea' id='block_1_27' title="bbox 2154 514 3732 594">
    <p class='ocr_par' dir='ltr' id='par_1_27' title="bbox 2154 514 3732 594">
     <span class='ocr_line' id='line_1_27' title="bbox 2154 514 3732 594; baseline 0 -22"><span class='ocrx_word' id='word_1_166' title='bbox 2154 521 2350 593; x_wconf 76' lang='grc' dir='ltr'>πρᾶξις</span> <span class='ocrx_word' id='word_1_167' title='bbox 2388 523 2562 594; x_wconf 80' lang='grc' dir='ltr'>ἀρχὴν</span> <span class='ocrx_word' id='word_1_168' title='bbox 2607 521 2702 574; x_wconf 81' lang='grc' dir='ltr'><strong>τοῦ</strong></span> <span class='ocrx_word' id='word_1_169' title='bbox 2740 514 2878 572; x_wconf 84' lang='grc' dir='ltr'>εἶναι</span> <span class='ocrx_word' id='word_1_170' title='bbox 2921 518 3203 589; x_wconf 86' lang='grc' dir='ltr'>λαμϐάνει.</span> <span class='ocrx_word' id='word_1_171' title='bbox 3245 519 3390 591; x_wconf 79' lang='grc' dir='ltr'>Πρὸς</span> <span class='ocrx_word' id='word_1_172' title='bbox 3426 519 3484 574; x_wconf 82' lang='grc' dir='ltr'><strong>δέ</strong></span> <span class='ocrx_word' id='word_1_173' title='bbox 3516 519 3732 584; x_wconf 80' lang='grc' dir='ltr'><strong>τούτοις</strong></span> 
     </span>
    </p>
   </div>
   <div class='ocr_carea' id='block_1_28' title="bbox 2153 607 3727 683">
    <p class='ocr_par' dir='ltr' id='par_1_28' title="bbox 2153 607 3727 683">
     <span class='ocr_line' id='line_1_28' title="bbox 2153 607 3727 683; baseline 0.002 -20"><span class='ocrx_word' id='word_1_174' title='bbox 2153 610 2305 664; x_wconf 82' lang='grc' dir='ltr'>οὐδὲν</span> <span class='ocrx_word' id='word_1_175' title='bbox 2340 610 2524 683; x_wconf 82' lang='grc' dir='ltr'>ἓτερον</span> <span class='ocrx_word' id='word_1_176' title='bbox 2556 609 2705 681; x_wconf 86' lang='grc' dir='ltr'>παρὰ</span> <span class='ocrx_word' id='word_1_177' title='bbox 2746 607 2919 663; x_wconf 81' lang='grc' dir='ltr'>ταῦτα</span> <span class='ocrx_word' id='word_1_178' title='bbox 2948 609 3116 662; x_wconf 84' lang='grc' dir='ltr'>κακὸν</span> <span class='ocrx_word' id='word_1_179' title='bbox 3149 611 3321 662; x_wconf 75' lang='grc' dir='ltr'>εἰπεῖν</span> <span class='ocrx_word' id='word_1_180' title='bbox 3362 608 3526 680; x_wconf 79' lang='grc' dir='ltr'>ἔχεις.</span> <span class='ocrx_word' id='word_1_181' title='bbox 3558 610 3727 666; x_wconf 80' lang='grc' dir='ltr'>Ποίαν</span> 
     </span>
    </p>
   </div>
   <div class='ocr_carea' id='block_1_29' title="bbox 2153 699 3728 774">
    <p class='ocr_par' dir='ltr' id='par_1_29' title="bbox 2153 699 3728 774">
     <span class='ocr_line' id='line_1_29' title="bbox 2153 699 3728 774; baseline -0.001 -19"><span class='ocrx_word' id='word_1_182' title='bbox 2153 701 2261 773; x_wconf 84' lang='grc' dir='ltr'>γὰρ</span> <span class='ocrx_word' id='word_1_183' title='bbox 2290 701 2484 774; x_wconf 82' lang='grc' dir='ltr'>πρᾶξιν</span> <span class='ocrx_word' id='word_1_184' title='bbox 2514 701 2708 772; x_wconf 81' lang='grc' dir='ltr'><strong>ἑτέραν</strong></span> <span class='ocrx_word' id='word_1_185' title='bbox 2751 700 2900 772; x_wconf 86' lang='grc' dir='ltr'>παρὰ</span> <span class='ocrx_word' id='word_1_186' title='bbox 2927 700 2988 753; x_wconf 88' lang='grc' dir='ltr'><strong>τὸ</strong></span> <span class='ocrx_word' id='word_1_187' title='bbox 3019 700 3126 770; x_wconf 81' lang='grc'><strong>(58)</strong></span> <span class='ocrx_word' id='word_1_188' title='bbox 3167 701 3225 754; x_wconf 87' lang='grc' dir='ltr'><strong>ἐν</strong></span> <span class='ocrx_word' id='word_1_189' title='bbox 3271 699 3579 772; x_wconf 84' lang='grc' dir='ltr'>ἀνθρώποις</span> <span class='ocrx_word' id='word_1_190' title='bbox 3613 700 3728 754; x_wconf 84' lang='grc' dir='ltr'><strong>δει-</strong></span> 
     </span>
    </p>
   </div>
   <div class='ocr_carea' id='block_1_30' title="bbox 2153 791 3728 865">
    <p class='ocr_par' dir='ltr' id='par_1_30' title="bbox 2153 791 3728 865">
     <span class='ocr_line' id='line_1_30' title="bbox 2153 791 3728 865; baseline -0.001 -19"><span class='ocrx_word' id='word_1_191' title='bbox 2153 793 2335 847; x_wconf 85' lang='grc' dir='ltr'>κνύειν</span> <span class='ocrx_word' id='word_1_192' title='bbox 2378 793 2556 865; x_wconf 75' lang='grc' dir='ltr'>ἔχειςς</span> <span class='ocrx_word' id='word_1_193' title='bbox 2591 794 2712 846; x_wconf 84' lang='grc' dir='ltr'>Ὅτι</span> <span class='ocrx_word' id='word_1_194' title='bbox 2756 792 2865 864; x_wconf 85' lang='grc' dir='ltr'><strong>γὰρ</strong></span> <span class='ocrx_word' id='word_1_195' title='bbox 2905 791 3170 864; x_wconf 84' lang='grc' dir='ltr'>ἐνεργῶν,</span> <span class='ocrx_word' id='word_1_196' title='bbox 3210 791 3271 845; x_wconf 84' lang='grc' dir='ltr'><strong>ού</strong></span> <span class='ocrx_word' id='word_1_197' title='bbox 3304 792 3448 845; x_wconf 80' lang='grc' dir='ltr'>κατά</span> <span class='ocrx_word' id='word_1_198' title='bbox 3489 792 3582 845; x_wconf 89' lang='grc' dir='ltr'><strong>τὸν</strong></span> <span class='ocrx_word' id='word_1_199' title='bbox 3625 793 3728 862; x_wconf 79' lang='grc' dir='ltr'>τῆς</span> 
     </span>
    </p>
   </div>
   <div class='ocr_carea' id='block_1_31' title="bbox 2152 882 3727 955">
    <p class='ocr_par' dir='ltr' id='par_1_31' title="bbox 2152 882 3727 955">
     <span class='ocr_line' id='line_1_31' title="bbox 2152 882 3727 955; baseline -0.003 -16"><span class='ocrx_word' id='word_1_200' title='bbox 2152 884 2341 949; x_wconf 86' lang='grc' dir='ltr'>οὐσίας</span> <span class='ocrx_word' id='word_1_201' title='bbox 2396 885 2551 954; x_wconf 89' lang='grc' dir='ltr'>λόγον</span> <span class='ocrx_word' id='word_1_202' title='bbox 2608 885 2840 955; x_wconf 79' lang='grc' dir='ltr'><strong>ὑπάρχει</strong></span> <span class='ocrx_word' id='word_1_203' title='bbox 2884 883 3083 949; x_wconf 85' lang='grc' dir='ltr'>κακία,</span> <span class='ocrx_word' id='word_1_204' title='bbox 3139 883 3276 937; x_wconf 81' lang='grc' dir='ltr'>ἀλλὰ</span> <span class='ocrx_word' id='word_1_205' title='bbox 3316 883 3437 937; x_wconf 85' lang='grc' dir='ltr'>κατ’</span> <span class='ocrx_word' id='word_1_206' title='bbox 3481 882 3614 935; x_wconf 82' lang='grc' dir='ltr'>αὑτὸ</span> <span class='ocrx_word' id='word_1_207' title='bbox 3662 882 3727 935; x_wconf 90' lang='grc' dir='ltr'><strong>τὸ</strong></span> 
     </span>
    </p>
   </div>
   <div class='ocr_carea' id='block_1_32' title="bbox 2153 972 3725 1048">
    <p class='ocr_par' dir='ltr' id='par_1_32' title="bbox 2153 972 3725 1048">
     <span class='ocr_line' id='line_1_32' title="bbox 2153 972 3725 1048; baseline -0.003 -19"><span class='ocrx_word' id='word_1_208' title='bbox 2153 978 2392 1048; x_wconf 78' lang='grc' dir='ltr'>ἐνεργεῖν</span> <span class='ocrx_word' id='word_1_209' title='bbox 2418 975 2477 1028; x_wconf 82' lang='grc' dir='ltr'><strong>τὸ</strong></span> <span class='ocrx_word' id='word_1_210' title='bbox 2508 974 2674 1028; x_wconf 89' lang='grc' dir='ltr'>κακὸν</span> <span class='ocrx_word' id='word_1_211' title='bbox 2695 974 2794 1046; x_wconf 54' lang='grc' dir='ltr'><strong>Δἤδη</strong></span> <span class='ocrx_word' id='word_1_212' title='bbox 2819 973 3103 1029; x_wconf 84' lang='grc' dir='ltr'><strong>δέδεικται.</strong></span> <span class='ocrx_word' id='word_1_213' title='bbox 3135 975 3256 1027; x_wconf 87' lang='grc' dir='ltr'>Ὂτι</span> <span class='ocrx_word' id='word_1_214' title='bbox 3276 976 3342 1045; x_wconf 81' lang='grc' dir='ltr'>τῇ</span> <span class='ocrx_word' id='word_1_215' title='bbox 3372 973 3529 1043; x_wconf 79' lang='grc' dir='ltr'>φύσει</span> <span class='ocrx_word' id='word_1_216' title='bbox 3555 972 3725 1026; x_wconf 85' lang='grc' dir='ltr'>κακὸν</span> 
     </span>
    </p>
   </div>
   <div class='ocr_carea' id='block_1_33' title="bbox 2152 1064 3721 1138">
    <p class='ocr_par' dir='ltr' id='par_1_33' title="bbox 2152 1064 3721 1138">
     <span class='ocr_line' id='line_1_33' title="bbox 2152 1064 3721 1138; baseline -0.003 -17"><span class='ocrx_word' id='word_1_217' title='bbox 2152 1067 2303 1121; x_wconf 78' lang='grc' dir='ltr'>οὐδέν</span> <span class='ocrx_word' id='word_1_218' title='bbox 2337 1069 2504 1131; x_wconf 81' lang='grc' dir='ltr'>ἐστιν,</span> <span class='ocrx_word' id='word_1_219' title='bbox 2539 1066 2672 1120; x_wconf 81' lang='grc' dir='ltr'>ἀλλά</span> <span class='ocrx_word' id='word_1_220' title='bbox 2706 1069 2772 1138; x_wconf 80' lang='grc' dir='ltr'>τῇ</span> <span class='ocrx_word' id='word_1_221' title='bbox 2806 1068 2997 1138; x_wconf 84' lang='grc' dir='ltr'>χρήσει</span> <span class='ocrx_word' id='word_1_222' title='bbox 3028 1067 3237 1135; x_wconf 85' lang='grc' dir='ltr'>γίνεται</span> <span class='ocrx_word' id='word_1_223' title='bbox 3286 1065 3431 1118; x_wconf 79' lang='grc' dir='ltr'>κακά</span> <span class='ocrx_word' id='word_1_224' title='bbox 3458 1065 3527 1117; x_wconf 81' lang='grc' dir='ltr'><strong>τά</strong></span> <span class='ocrx_word' id='word_1_225' title='bbox 3554 1064 3721 1117; x_wconf 84' lang='grc' dir='ltr'>κακά.</span> 
     </span>
    </p>
   </div>
   <div class='ocr_carea' id='block_1_34' title="bbox 2157 1156 3730 1229">
    <p class='ocr_par' dir='ltr' id='par_1_34' title="bbox 2157 1156 3730 1229">
     <span class='ocr_line' id='line_1_34' title="bbox 2157 1156 3730 1229; baseline -0.004 -14"><span class='ocrx_word' id='word_1_226' title='bbox 2157 1160 2276 1215; x_wconf 76' lang='grc' dir='ltr'>Ὀτι</span> <span class='ocrx_word' id='word_1_227' title='bbox 2302 1156 2663 1224; x_wconf 78' lang='grc' dir='ltr'>αὔτεξούσιον,</span> <span class='ocrx_word' id='word_1_228' title='bbox 2709 1159 2863 1229; x_wconf 75' lang='grc' dir='ltr'>φησὶ,</span> <span class='ocrx_word' id='word_1_229' title='bbox 2904 1158 3184 1228; x_wconf 80' lang='grc' dir='ltr'>γεγονέναι</span> <span class='ocrx_word' id='word_1_230' title='bbox 3216 1157 3357 1228; x_wconf 76' lang='grc' dir='ltr'><strong>φημὶ</strong></span> <span class='ocrx_word' id='word_1_231' title='bbox 3399 1156 3489 1210; x_wconf 88' lang='grc' dir='ltr'><strong>τὸν</strong></span> <span class='ocrx_word' id='word_1_232' title='bbox 3518 1156 3730 1227; x_wconf 72' lang='grc' dir='ltr'>ἄνθρωο</span> 
     </span>
    </p>
   </div>
   <div class='ocr_carea' id='block_1_35' title="bbox 2154 1243 3731 1328">
    <p class='ocr_par' dir='ltr' id='par_1_35' title="bbox 2154 1243 3731 1328">
     <span class='ocr_line' id='line_1_35' title="bbox 2154 1243 3731 1328; baseline -0.003 -22"><span class='ocrx_word' id='word_1_233' title='bbox 2154 1270 2275 1317; x_wconf 86' lang='grc' dir='ltr'><strong>πον,</strong></span> <span class='ocrx_word' id='word_1_234' title='bbox 2310 1254 2407 1324; x_wconf 80' lang='grc' dir='ltr'><strong>οὐχ</strong></span> <span class='ocrx_word' id='word_1_235' title='bbox 2430 1254 2508 1317; x_wconf 86' lang='grc' dir='ltr'>ὠς</span> <span class='ocrx_word' id='word_1_236' title='bbox 2530 1252 2993 1328; x_wconf 84' lang='grc' dir='ltr'>προῢποκειμὲνου</span> <span class='ocrx_word' id='word_1_237' title='bbox 3026 1252 3169 1315; x_wconf 89' lang='grc' dir='ltr'>τινὸς</span> <span class='ocrx_word' id='word_1_238' title='bbox 3185 1252 3284 1322; x_wconf 73' lang='grc' dir='ltr'><strong>ήδη</strong></span> <span class='ocrx_word' id='word_1_239' title='bbox 3317 1250 3508 1315; x_wconf 77' lang='grc' dir='ltr'>κακοῦ,</span> <span class='ocrx_word' id='word_1_240' title='bbox 3538 1243 3600 1303; x_wconf 74' lang='grc' dir='ltr'>οὗ</span> <span class='ocrx_word' id='word_1_241' title='bbox 3626 1251 3731 1320; x_wconf 82' lang='grc' dir='ltr'><strong>τὴν</strong></span> 
     </span>
    </p>
   </div>
   <div class='ocr_carea' id='block_1_36' title="bbox 2154 1342 3728 1416">
    <p class='ocr_par' dir='ltr' id='par_1_36' title="bbox 2154 1342 3728 1416">
     <span class='ocr_line' id='line_1_36' title="bbox 2154 1342 3728 1416; baseline -0.002 -17"><span class='ocrx_word' id='word_1_242' title='bbox 2154 1345 2400 1411; x_wconf 76' lang='grc' dir='ltr'><strong>ἐξουσίαν</strong></span> <span class='ocrx_word' id='word_1_243' title='bbox 2421 1386 2435 1410; x_wconf 92' lang='grc'><strong>,</strong></span> <span class='ocrx_word' id='word_1_244' title='bbox 2471 1348 2518 1399; x_wconf 88' lang='grc' dir='ltr'><strong>εί</strong></span> <span class='ocrx_word' id='word_1_245' title='bbox 2547 1345 2803 1416; x_wconf 88' lang='grc' dir='ltr'>βούλοιτο,</span> <span class='ocrx_word' id='word_1_246' title='bbox 2847 1343 2940 1397; x_wconf 81' lang='grc' dir='ltr'>τοῦ</span> <span class='ocrx_word' id='word_1_247' title='bbox 2983 1343 3192 1397; x_wconf 78' lang='grc' dir='ltr'><strong>ἑλέσθαι</strong></span> <span class='ocrx_word' id='word_1_248' title='bbox 3240 1342 3524 1413; x_wconf 82' lang='grc' dir='ltr'>ἄνθρωπος</span> <span class='ocrx_word' id='word_1_249' title='bbox 3553 1343 3728 1412; x_wconf 79' lang='grc' dir='ltr'>ἐλάμ-</span> 
     </span>
    </p>
   </div>
   <div class='ocr_carea' id='block_1_37' title="bbox 2155 1432 3728 1510">
    <p class='ocr_par' dir='ltr' id='par_1_37' title="bbox 2155 1432 3728 1510">
     <span class='ocr_line' id='line_1_37' title="bbox 2155 1432 3728 1510; baseline -0.005 -19"><span class='ocrx_word' id='word_1_250' title='bbox 2155 1438 2335 1501; x_wconf 89' lang='grc' dir='ltr'>ϐανεν,</span> <span class='ocrx_word' id='word_1_251' title='bbox 2356 1437 2489 1492; x_wconf 85' lang='grc' dir='ltr'>ἀλλὰ</span> <span class='ocrx_word' id='word_1_252' title='bbox 2521 1438 2619 1510; x_wconf 83' lang='grc' dir='ltr'>τὴν</span> <span class='ocrx_word' id='word_1_253' title='bbox 2650 1436 2742 1490; x_wconf 80' lang='grc' dir='ltr'>τοῦ</span> <span class='ocrx_word' id='word_1_254' title='bbox 2769 1433 3061 1489; x_wconf 81' lang='grc' dir='ltr'>ὑπακούειν</span> <span class='ocrx_word' id='word_1_255' title='bbox 3082 1433 3191 1505; x_wconf 81' lang='grc'><strong>(59)</strong></span> <span class='ocrx_word' id='word_1_256' title='bbox 3216 1432 3316 1505; x_wconf 80' lang='grc' dir='ltr'><strong>[τῷ</strong></span> <span class='ocrx_word' id='word_1_257' title='bbox 3344 1433 3482 1504; x_wconf 87' lang='grc' dir='ltr'><strong>Θεῷ,</strong></span> <span class='ocrx_word' id='word_1_258' title='bbox 3517 1434 3613 1497; x_wconf 72' lang='grc' dir='ltr'><strong>καὶ</strong></span> <span class='ocrx_word' id='word_1_259' title='bbox 3648 1434 3728 1506; x_wconf 79' lang='grc' dir='ltr'>μὴ</span> 
     </span>
    </p>
   </div>
   <div class='ocr_carea' id='block_1_38' title="bbox 2156 1513 3733 1601">
    <p class='ocr_par' dir='ltr' id='par_1_38' title="bbox 2156 1513 3733 1601">
     <span class='ocr_line' id='line_1_38' title="bbox 2156 1513 3733 1601; baseline -0.002 -20"><span class='ocrx_word' id='word_1_260' title='bbox 2156 1513 2470 1601; x_wconf 71' lang='grc' dir='ltr'>ὑπακούειν]</span> <span class='ocrx_word' id='word_1_261' title='bbox 2494 1528 2662 1582; x_wconf 75' lang='grc' dir='ltr'>αἴτιον</span> <span class='ocrx_word' id='word_1_262' title='bbox 2697 1529 2854 1600; x_wconf 88' lang='grc' dir='ltr'>μόνον</span> <span class='ocrx_word' id='word_1_263' title='bbox 2874 1523 2962 1599; x_wconf 79' lang='grc' dir='ltr'><strong>ἦν.</strong></span> <span class='ocrx_word' id='word_1_264' title='bbox 2981 1524 3149 1580; x_wconf 81' lang='grc' dir='ltr'>Τοῦτο</span> <span class='ocrx_word' id='word_1_265' title='bbox 3173 1526 3282 1598; x_wconf 91' lang='grc' dir='ltr'><strong>γάρ</strong></span> <span class='ocrx_word' id='word_1_266' title='bbox 3303 1526 3363 1579; x_wconf 86' lang='grc' dir='ltr'><strong>τὸ</strong></span> <span class='ocrx_word' id='word_1_267' title='bbox 3382 1524 3733 1592; x_wconf 80' lang='grc' dir='ltr'>αὐτεξούσιον</span> 
     </span>
    </p>
   </div>
   <div class='ocr_carea' id='block_1_39' title="bbox 2155 1616 3731 1690">
    <p class='ocr_par' dir='ltr' id='par_1_39' title="bbox 2155 1616 3731 1690">
     <span class='ocr_line' id='line_1_39' title="bbox 2155 1616 3731 1690; baseline -0.003 -16"><span class='ocrx_word' id='word_1_268' title='bbox 2155 1620 2403 1674; x_wconf 88' lang='grc' dir='ltr'>ἐϐούλετο</span> <span class='ocrx_word' id='word_1_269' title='bbox 2448 1621 2588 1674; x_wconf 88' lang='grc' dir='ltr'>τότε.</span> <span class='ocrx_word' id='word_1_270' title='bbox 2654 1620 2763 1674; x_wconf 77' lang='grc' dir='ltr'><strong>Καὶ</strong></span> <span class='ocrx_word' id='word_1_271' title='bbox 2825 1620 3117 1690; x_wconf 86' lang='grc' dir='ltr'>γενόμενος</span> <span class='ocrx_word' id='word_1_272' title='bbox 3177 1618 3460 1689; x_wconf 81' lang='grc' dir='ltr'>ἄνθρωπος</span> <span class='ocrx_word' id='word_1_273' title='bbox 3505 1616 3731 1688; x_wconf 76' lang='grc' dir='ltr'>ἐντολὴν</span> 
     </span>
    </p>
   </div>
   <div class='ocr_carea' id='block_1_40' title="bbox 2156 1707 3728 1783">
    <p class='ocr_par' dir='ltr' id='par_1_40' title="bbox 2156 1707 3728 1783">
     <span class='ocr_line' id='line_1_40' title="bbox 2156 1707 3728 1783; baseline -0.002 -19"><span class='ocrx_word' id='word_1_274' title='bbox 2156 1710 2417 1782; x_wconf 91' lang='grc' dir='ltr'>λαμϐάνει</span> <span class='ocrx_word' id='word_1_275' title='bbox 2449 1711 2597 1783; x_wconf 81' lang='grc' dir='ltr'>παρὰ</span> <span class='ocrx_word' id='word_1_276' title='bbox 2626 1709 2721 1765; x_wconf 78' lang='grc' dir='ltr'>τοῦ</span> <span class='ocrx_word' id='word_1_277' title='bbox 2754 1711 2906 1764; x_wconf 82' lang='grc' dir='ltr'>Θεοῦ.</span> <span class='ocrx_word' id='word_1_278' title='bbox 2950 1710 3061 1765; x_wconf 68' lang='grc' dir='ltr'><strong>Καὶ</strong></span> <span class='ocrx_word' id='word_1_279' title='bbox 3092 1709 3338 1763; x_wconf 80' lang='grc' dir='ltr'>ἐντεῦθεν</span> <span class='ocrx_word' id='word_1_280' title='bbox 3380 1710 3480 1780; x_wconf 69' lang='grc' dir='ltr'><strong>ἤδη</strong></span> <span class='ocrx_word' id='word_1_281' title='bbox 3511 1707 3574 1762; x_wconf 89' lang='grc' dir='ltr'><strong>τὸ</strong></span> <span class='ocrx_word' id='word_1_282' title='bbox 3618 1725 3728 1762; x_wconf 86' lang='grc' dir='ltr'>κα-</span> 
     </span>
    </p>
   </div>
   <div class='ocr_carea' id='block_1_41' title="bbox 2156 1801 3728 1876">
    <p class='ocr_par' dir='ltr' id='par_1_41' title="bbox 2156 1801 3728 1876">
     <span class='ocr_line' id='line_1_41' title="bbox 2156 1801 3728 1876; baseline -0.003 -20"><span class='ocrx_word' id='word_1_283' title='bbox 2156 1804 2250 1856; x_wconf 91' lang='grc' dir='ltr'><strong>κὸν</strong></span> <span class='ocrx_word' id='word_1_284' title='bbox 2274 1804 2518 1876; x_wconf 74' lang='grc' dir='ltr'>ἄρχεται.</span> <span class='ocrx_word' id='word_1_285' title='bbox 2542 1804 2614 1857; x_wconf 91' lang='grc' dir='ltr'>Ού</span> <span class='ocrx_word' id='word_1_286' title='bbox 2646 1802 2753 1876; x_wconf 84' lang='grc' dir='ltr'>γὰρ</span> <span class='ocrx_word' id='word_1_287' title='bbox 2780 1803 3025 1856; x_wconf 84' lang='grc' dir='ltr'>πείθεται</span> <span class='ocrx_word' id='word_1_288' title='bbox 3054 1801 3132 1872; x_wconf 81' lang='grc' dir='ltr'>τῷ</span> <span class='ocrx_word' id='word_1_289' title='bbox 3152 1801 3280 1873; x_wconf 84' lang='grc' dir='ltr'>θείῳ</span> <span class='ocrx_word' id='word_1_290' title='bbox 3308 1801 3728 1872; x_wconf 77' lang='grc' dir='ltr'>προστάγματιο</span> 
     </span>
    </p>
   </div>
   <div class='ocr_carea' id='block_1_42' title="bbox 2158 1890 3727 1966">
    <p class='ocr_par' dir='ltr' id='par_1_42' title="bbox 2158 1890 3727 1966">
     <span class='ocr_line' id='line_1_42' title="bbox 2158 1890 3727 1966; baseline -0.003 -17"><span class='ocrx_word' id='word_1_291' title='bbox 2158 1896 2251 1950; x_wconf 65' lang='grc' dir='ltr'><strong>καλ⁸</strong></span> <span class='ocrx_word' id='word_1_292' title='bbox 2281 1896 2436 1949; x_wconf 80' lang='grc' dir='ltr'>τοῦτο</span> <span class='ocrx_word' id='word_1_293' title='bbox 2476 1896 2570 1948; x_wconf 68' lang='grc' dir='ltr'><strong>καὶ</strong></span> <span class='ocrx_word' id='word_1_294' title='bbox 2602 1894 2759 1965; x_wconf 90' lang='grc' dir='ltr'>μόνον</span> <span class='ocrx_word' id='word_1_295' title='bbox 2789 1890 2858 1965; x_wconf 79' lang='grc' dir='ltr'>ἦν</span> <span class='ocrx_word' id='word_1_296' title='bbox 2889 1894 2949 1948; x_wconf 89' lang='grc' dir='ltr'><strong>τὸ</strong></span> <span class='ocrx_word' id='word_1_297' title='bbox 2982 1893 3171 1957; x_wconf 87' lang='grc' dir='ltr'>κακὸν,</span> <span class='ocrx_word' id='word_1_298' title='bbox 3215 1895 3249 1964; x_wconf 77' lang='grc' dir='ltr'>ἡ</span> <span class='ocrx_word' id='word_1_299' title='bbox 3279 1892 3530 1966; x_wconf 82' lang='grc' dir='ltr'>παρακοὴ</span> <span class='ocrx_word' id='word_1_300' title='bbox 3550 1930 3566 1954; x_wconf 92' lang='grc'><strong>,</strong></span> <span class='ocrx_word' id='word_1_301' title='bbox 3598 1891 3727 1961; x_wconf 73' lang='grc' dir='ltr'>ἥτις</span> 
     </span>
    </p>
   </div>
   <div class='ocr_carea' id='block_1_43' title="bbox 2152 1977 2789 2054">
    <p class='ocr_par' dir='ltr' id='par_1_43' title="bbox 2152 1977 2789 2054">
     <span class='ocr_line' id='line_1_43' title="bbox 2152 1977 2789 2054; baseline -0.003 -19"><span class='ocrx_word' id='word_1_302' title='bbox 2152 1981 2243 2035; x_wconf 81' lang='grc' dir='ltr'>τοῦ</span> <span class='ocrx_word' id='word_1_303' title='bbox 2270 1982 2378 2054; x_wconf 72' lang='grc'><strong>(40)</strong></span> <span class='ocrx_word' id='word_1_304' title='bbox 2409 1977 2549 2037; x_wconf 80' lang='grc' dir='ltr'>εἶναι</span> <span class='ocrx_word' id='word_1_305' title='bbox 2571 1980 2789 2053; x_wconf 66' lang='grc' dir='ltr'>ἤρξατο.</span> 
     </span>
    </p>
   </div>
   <div class='ocr_carea' id='block_1_44' title="bbox 2163 2269 3729 2395">
    <p class='ocr_par' dir='ltr' id='par_1_44' title="bbox 2163 2269 3729 2395">
     <span class='ocr_line' id='line_1_44' title="bbox 2163 2269 3729 2395; baseline -0.003 -65"><span class='ocrx_word' id='word_1_306' title='bbox 2163 2272 2522 2330; x_wconf 77' lang='grc' dir='ltr'><strong>ΜΕΘΟΔΙΟΥ</strong></span> <span class='ocrx_word' id='word_1_307' title='bbox 2575 2273 2676 2328; x_wconf 81' lang='grc' dir='ltr'><strong>ΕΚ</strong></span> <span class='ocrx_word' id='word_1_308' title='bbox 2730 2271 3101 2395; x_wconf 50' lang='grc' dir='ltr'><strong>ΤΟΥὲΙῦΙξΡΙ</strong></span> <span class='ocrx_word' id='word_1_309' title='bbox 3165 2270 3306 2325; x_wconf 82' lang='grc' dir='ltr'><strong>ΤΟΥ</strong></span> <span class='ocrx_word' id='word_1_310' title='bbox 3355 2269 3729 2326; x_wconf 76' lang='grc' dir='ltr'><strong>ΑΥΤΕΞΟΥ-</strong></span> 
     </span>
    </p>
   </div>
   <div class='ocr_carea' id='block_1_45' title="bbox 1605 2476 2622 2558">
    <p class='ocr_par' dir='ltr' id='par_1_45' title="bbox 1605 2476 2622 2558">
     <span class='ocr_line' id='line_1_45' title="bbox 1605 2476 2622 2558; baseline -0.008 -18"><span class='ocrx_word' id='word_1_311' title='bbox 1605 2484 1946 2558; x_wconf 77' lang='lat' dir='ltr'><strong>(Excerptum</strong></span> <span class='ocrx_word' id='word_1_312' title='bbox 1968 2482 2033 2537; x_wconf 81' lang='grc' dir='ltr'><strong>Β.</strong></span> <span class='ocrx_word' id='word_1_313' title='bbox 2061 2480 2127 2536; x_wconf 89' lang='grc' dir='ltr'><strong>Ρ.</strong></span> <span class='ocrx_word' id='word_1_314' title='bbox 2154 2478 2426 2535; x_wconf 81' lang='lat' dir='ltr'><strong>Sirmondi</strong></span> <span class='ocrx_word' id='word_1_315' title='bbox 2456 2477 2512 2532; x_wconf 93' lang='lat' dir='ltr'><strong>S.</strong></span> <span class='ocrx_word' id='word_1_316' title='bbox 2538 2476 2622 2549; x_wconf 82' lang='lat' dir='ltr'><strong>J.)</strong></span> 
     </span>
    </p>
   </div>
   <div class='ocr_carea' id='block_1_46' title="bbox 556 2603 2057 2679">
    <p class='ocr_par' dir='ltr' id='par_1_46' title="bbox 556 2603 2057 2679">
     <span class='ocr_line' id='line_1_46' title="bbox 556 2603 2057 2679; baseline -0.005 -15"><span class='ocrx_word' id='word_1_317' title='bbox 556 2605 728 2665; x_wconf 80' lang='lat' dir='ltr'><strong>Homo</strong></span> <span class='ocrx_word' id='word_1_318' title='bbox 753 2607 896 2663; x_wconf 89' lang='lat' dir='ltr'><strong>enim</strong></span> <span class='ocrx_word' id='word_1_319' title='bbox 920 2613 1242 2678; x_wconf 87' lang='lat' dir='ltr'><strong>potestatem</strong></span> <span class='ocrx_word' id='word_1_320' title='bbox 1274 2607 1522 2678; x_wconf 87' lang='lat' dir='ltr'><strong>accepit,</strong></span> <span class='ocrx_word' id='word_1_321' title='bbox 1556 2613 1618 2662; x_wconf 90' lang='lat' dir='ltr'><strong>ut</strong></span> <span class='ocrx_word' id='word_1_322' title='bbox 1647 2623 1707 2663; x_wconf 92' lang='lat' dir='ltr'><strong>se</strong></span> <span class='ocrx_word' id='word_1_323' title='bbox 1734 2607 1851 2679; x_wconf 89' lang='lat' dir='ltr'><strong>ipse</strong></span> <span class='ocrx_word' id='word_1_324' title='bbox 1884 2603 2057 2660; x_wconf 86' lang='lat' dir='ltr'><strong>servi-</strong></span> 
     </span>
    </p>
   </div>
   <div class='ocr_carea' id='block_1_47' title="bbox 432 2698 2051 2764">
    <p class='ocr_par' dir='ltr' id='par_1_47' title="bbox 432 2698 2051 2764">
     <span class='ocr_line' id='line_1_47' title="bbox 432 2698 2051 2764; baseline -0.004 -9"><span class='ocrx_word' id='word_1_325' title='bbox 432 2716 455 2735; x_wconf 68' lang='lat'><strong>‘</strong></span> <span class='ocrx_word' id='word_1_326' title='bbox 478 2700 583 2756; x_wconf 83' lang='lat' dir='ltr'><strong>tuti</strong></span> <span class='ocrx_word' id='word_1_327' title='bbox 619 2698 926 2764; x_wconf 84' lang='lat' dir='ltr'><strong>addiceret,</strong></span> <span class='ocrx_word' id='word_1_328' title='bbox 956 2715 1067 2754; x_wconf 90' lang='lat' dir='ltr'><strong>non</strong></span> <span class='ocrx_word' id='word_1_329' title='bbox 1120 2699 1373 2755; x_wconf 84' lang='lat' dir='ltr'><strong>vincente</strong></span> <span class='ocrx_word' id='word_1_330' title='bbox 1432 2700 1760 2756; x_wconf 80' lang='lat' dir='ltr'><strong>necessitate</strong></span> <span class='ocrx_word' id='word_1_331' title='bbox 1804 2704 2051 2763; x_wconf 63' lang='lat' dir='ltr'><strong>naturae;</strong></span> 
     </span>
    </p>
   </div>
   <div class='ocr_carea' id='block_1_48' title="bbox 2228 2590 3732 2666">
    <p class='ocr_par' dir='ltr' id='par_1_48' title="bbox 2228 2590 3732 2666">
     <span class='ocr_line' id='line_1_48' title="bbox 2228 2590 3732 2666; baseline 0.001 -17"><span class='ocrx_word' id='word_1_332' title='bbox 2228 2595 2544 2665; x_wconf 80' lang='grc' dir='ltr'>Ἀνθρωπος</span> <span class='ocrx_word' id='word_1_333' title='bbox 2574 2592 2681 2665; x_wconf 83' lang='grc' dir='ltr'><strong>γάρ</strong></span> <span class='ocrx_word' id='word_1_334' title='bbox 2713 2591 3046 2666; x_wconf 81' lang='grc' dir='ltr'>προσέλαϐεν</span> <span class='ocrx_word' id='word_1_335' title='bbox 3081 2590 3352 2660; x_wconf 78' lang='grc' dir='ltr'>ἐξουσίαν,</span> <span class='ocrx_word' id='word_1_336' title='bbox 3382 2592 3573 2649; x_wconf 83' lang='grc' dir='ltr'>ἐαυτὸν</span> <span class='ocrx_word' id='word_1_337' title='bbox 3603 2596 3732 2650; x_wconf 83' lang='grc' dir='ltr'>δου-</span> 
     </span>
    </p>
   </div>
   <div class='ocr_carea' id='block_1_49' title="bbox 2153 2684 3734 2759">
    <p class='ocr_par' dir='ltr' id='par_1_49' title="bbox 2153 2684 3734 2759">
     <span class='ocr_line' id='line_1_49' title="bbox 2153 2684 3734 2759; baseline -0.001 -15"><span class='ocrx_word' id='word_1_338' title='bbox 2153 2686 2436 2758; x_wconf 84' lang='grc' dir='ltr'>λαγωγῶν,</span> <span class='ocrx_word' id='word_1_339' title='bbox 2460 2686 2561 2739; x_wconf 87' lang='grc' dir='ltr'><strong>οὑκ</strong></span> <span class='ocrx_word' id='word_1_340' title='bbox 2588 2685 2801 2758; x_wconf 82' lang='grc' dir='ltr'><strong>ἀνάγκῃ</strong></span> <span class='ocrx_word' id='word_1_341' title='bbox 2824 2685 2924 2759; x_wconf 83' lang='grc' dir='ltr'>τῆς</span> <span class='ocrx_word' id='word_1_342' title='bbox 2950 2684 3162 2755; x_wconf 83' lang='grc' dir='ltr'>φύσεως</span> <span class='ocrx_word' id='word_1_343' title='bbox 3187 2684 3575 2758; x_wconf 77' lang='grc' dir='ltr'>κρατούμενος,</span> <span class='ocrx_word' id='word_1_344' title='bbox 3600 2689 3734 2743; x_wconf 69' lang='grc' dir='ltr'>οὑδὲ</span> 
     </span>
    </p>
   </div>
   <div class='ocr_carea' id='block_1_50' title="bbox 481 2773 2055 2862">
    <p class='ocr_par' dir='ltr' id='par_1_50' title="bbox 481 2789 2054 2862">
     <span class='ocr_line' id='line_1_50' title="bbox 481 2789 2054 2862; baseline -0.004 -16"><span class='ocrx_word' id='word_1_345' title='bbox 481 2792 659 2862; x_wconf 85' lang='lat' dir='ltr'><strong>neque</strong></span> <span class='ocrx_word' id='word_1_346' title='bbox 682 2791 939 2846; x_wconf 78' lang='lat' dir='ltr'><strong>facultate</strong></span> <span class='ocrx_word' id='word_1_347' title='bbox 962 2789 1261 2856; x_wconf 84' lang='lat' dir='ltr'><strong>auferente,</strong></span> <span class='ocrx_word' id='word_1_348' title='bbox 1294 2792 1439 2862; x_wconf 88' lang='lat' dir='ltr'><strong>quod</strong></span> <span class='ocrx_word' id='word_1_349' title='bbox 1467 2799 1583 2846; x_wconf 88' lang='lat' dir='ltr'><strong>erat</strong></span> <span class='ocrx_word' id='word_1_350' title='bbox 1612 2791 1808 2846; x_wconf 90' lang='lat' dir='ltr'><strong>melius</strong></span> <span class='ocrx_word' id='word_1_351' title='bbox 1832 2808 1846 2857; x_wconf 89' lang='lat'><strong>;</strong></span> <span class='ocrx_word' id='word_1_352' title='bbox 1895 2789 2054 2857; x_wconf 88' lang='lat' dir='ltr'><strong>cujus</strong></span> 
     </span>
    </p>
   </div>
   <div class='ocr_carea' id='block_1_51' title="bbox 2159 2773 3733 2862">
    <p class='ocr_par' dir='ltr' id='par_1_51' title="bbox 2159 2773 3733 2853">
     <span class='ocr_line' id='line_1_51' title="bbox 2159 2773 3733 2853; baseline -0.001 -18"><span class='ocrx_word' id='word_1_353' title='bbox 2159 2782 2251 2853; x_wconf 78' lang='grc' dir='ltr'>τῆς</span> <span class='ocrx_word' id='word_1_354' title='bbox 2280 2779 2557 2850; x_wconf 84' lang='grc' dir='ltr'>δυνάμεως</span> <span class='ocrx_word' id='word_1_355' title='bbox 2584 2777 2979 2850; x_wconf 75' lang='grc' dir='ltr'>ἀφαιρούμενος</span> <span class='ocrx_word' id='word_1_356' title='bbox 3009 2776 3142 2851; x_wconf 77' lang='grc' dir='ltr'><strong>(Η),</strong></span> <span class='ocrx_word' id='word_1_357' title='bbox 3177 2779 3312 2851; x_wconf 85' lang='grc' dir='ltr'>ὅπερ</span> <span class='ocrx_word' id='word_1_358' title='bbox 3347 2778 3496 2851; x_wconf 85' lang='grc' dir='ltr'>αύτῷ</span> <span class='ocrx_word' id='word_1_359' title='bbox 3542 2773 3733 2853; x_wconf 52' lang='grc' dir='ltr'>κρεῖτζ</span> 
     </span>
    </p>
   </div>
   <div class='ocr_carea' id='block_1_52' title="bbox 482 2866 2055 2952">
    <p class='ocr_par' dir='ltr' id='par_1_52' title="bbox 482 2880 2051 2952">
     <span class='ocr_line' id='line_1_52' title="bbox 482 2880 2051 2952; baseline -0.002 -15"><span class='ocrx_word' id='word_1_360' title='bbox 482 2883 644 2937; x_wconf 86' lang='lat' dir='ltr'><strong>etiam</strong></span> <span class='ocrx_word' id='word_1_361' title='bbox 681 2882 876 2952; x_wconf 72' lang='lat' dir='ltr'><strong>gratia,</strong></span> <span class='ocrx_word' id='word_1_362' title='bbox 899 2881 1024 2937; x_wconf 91' lang='lat' dir='ltr'><strong>dico</strong></span> <span class='ocrx_word' id='word_1_363' title='bbox 1068 2880 1238 2939; x_wconf 90' lang='lat' dir='ltr'><strong>fuisse</strong></span> <span class='ocrx_word' id='word_1_364' title='bbox 1266 2897 1588 2938; x_wconf 85' lang='lat' dir='ltr'><strong>concessam</strong></span> <span class='ocrx_word' id='word_1_365' title='bbox 1623 2901 1636 2936; x_wconf 91' lang='lat'>:</span> <span class='ocrx_word' id='word_1_366' title='bbox 1688 2888 1748 2936; x_wconf 93' lang='lat' dir='ltr'><strong>ut</strong></span> <span class='ocrx_word' id='word_1_367' title='bbox 1791 2880 2051 2936; x_wconf 89' lang='lat' dir='ltr'><strong>nimirum</strong></span> 
     </span>
    </p>
   </div>
   <div class='ocr_carea' id='block_1_53' title="bbox 2159 2866 3733 2952">
    <p class='ocr_par' dir='ltr' id='par_1_53' title="bbox 2159 2866 3733 2943">
     <span class='ocr_line' id='line_1_53' title="bbox 2159 2866 3733 2943; baseline 0.001 -16"><span class='ocrx_word' id='word_1_368' title='bbox 2159 2889 2275 2935; x_wconf 73' lang='grc' dir='ltr'>τον·</span> <span class='ocrx_word' id='word_1_369' title='bbox 2328 2867 2389 2927; x_wconf 77' lang='grc' dir='ltr'><strong>οὗ</strong></span> <span class='ocrx_word' id='word_1_370' title='bbox 2434 2872 2595 2925; x_wconf 72' lang='grc' dir='ltr'>ἕνεκα</span> <span class='ocrx_word' id='word_1_371' title='bbox 2638 2869 2960 2943; x_wconf 81' lang='grc' dir='ltr'>κεχαρίσθαι</span> <span class='ocrx_word' id='word_1_372' title='bbox 3010 2869 3182 2941; x_wconf 83' lang='grc' dir='ltr'>φημί·</span> <span class='ocrx_word' id='word_1_373' title='bbox 3226 2871 3312 2924; x_wconf 84' lang='grc' dir='ltr'><strong>ἴνα</strong></span> <span class='ocrx_word' id='word_1_374' title='bbox 3352 2889 3404 2927; x_wconf 86' lang='grc' dir='ltr'><strong>τι</strong></span> <span class='ocrx_word' id='word_1_375' title='bbox 3443 2872 3605 2926; x_wconf 87' lang='grc' dir='ltr'>πλέον</span> <span class='ocrx_word' id='word_1_376' title='bbox 3645 2866 3733 2929; x_wconf 81' lang='grc' dir='ltr'>ὧν</span> 
     </span>
    </p>
   </div>
   <div class='ocr_carea' id='block_1_54' title="bbox 484 2973 2050 3045">
    <p class='ocr_par' dir='ltr' id='par_1_54' title="bbox 484 2973 2050 3045">
     <span class='ocr_line' id='line_1_54' title="bbox 484 2973 2050 3045; baseline 0.001 -18"><span class='ocrx_word' id='word_1_377' title='bbox 484 2974 730 3028; x_wconf 81' lang='lat' dir='ltr'><strong>accessio</strong></span> <span class='ocrx_word' id='word_1_378' title='bbox 756 2973 939 3043; x_wconf 89' lang='lat' dir='ltr'><strong>aliqua</strong></span> <span class='ocrx_word' id='word_1_379' title='bbox 988 2973 1149 3028; x_wconf 85' lang='lat' dir='ltr'><strong>bonis</strong></span> <span class='ocrx_word' id='word_1_380' title='bbox 1180 2974 1454 3044; x_wconf 88' lang='lat' dir='ltr'><strong>prioribus</strong></span> <span class='ocrx_word' id='word_1_381' title='bbox 1484 2973 1667 3041; x_wconf 84' lang='lat' dir='ltr'><strong>fieret;</strong></span> <span class='ocrx_word' id='word_1_382' title='bbox 1701 2973 1845 3045; x_wconf 89' lang='lat' dir='ltr'><strong>quod</strong></span> <span class='ocrx_word' id='word_1_383' title='bbox 1889 2973 1940 3028; x_wconf 91' lang='lat' dir='ltr'><strong>ei</strong></span> <span class='ocrx_word' id='word_1_384' title='bbox 1984 2987 2050 3029; x_wconf 81' lang='lat' dir='ltr'><strong>ex</strong></span> 
     </span>
    </p>
   </div>
   <div class='ocr_carea' id='block_1_55' title="bbox 2155 2961 3730 3038">
    <p class='ocr_par' dir='ltr' id='par_1_55' title="bbox 2155 2961 3730 3038">
     <span class='ocr_line' id='line_1_55' title="bbox 2155 2961 3730 3038; baseline -0.001 -19"><span class='ocrx_word' id='word_1_385' title='bbox 2155 2965 2267 3037; x_wconf 72' lang='grc' dir='ltr'>ἔχει</span> <span class='ocrx_word' id='word_1_386' title='bbox 2300 2963 2602 3038; x_wconf 78' lang='grc' dir='ltr'>προσλάϐῃ,</span> <span class='ocrx_word' id='word_1_387' title='bbox 2640 2964 2776 3035; x_wconf 82' lang='grc' dir='ltr'>ὅπερ</span> <span class='ocrx_word' id='word_1_388' title='bbox 2823 2961 2973 3033; x_wconf 83' lang='grc' dir='ltr'>αύτῷ</span> <span class='ocrx_word' id='word_1_389' title='bbox 3016 2962 3166 3033; x_wconf 78' lang='grc' dir='ltr'>παρὰ</span> <span class='ocrx_word' id='word_1_390' title='bbox 3191 2961 3286 3015; x_wconf 81' lang='grc' dir='ltr'>τοῦ</span> <span class='ocrx_word' id='word_1_391' title='bbox 3327 2963 3633 3036; x_wconf 84' lang='grc' dir='ltr'>κρείττονος</span> <span class='ocrx_word' id='word_1_392' title='bbox 3657 2966 3730 3019; x_wconf 76' lang='grc' dir='ltr'><strong>ἐκ</strong></span> 
     </span>
    </p>
   </div>
   <div class='ocr_carea' id='block_1_56' title="bbox 483 3054 2055 3158">
    <p class='ocr_par' dir='ltr' id='par_1_56' title="bbox 483 3063 2055 3135">
     <span class='ocr_line' id='line_1_56' title="bbox 483 3063 2055 3135; baseline -0.002 -15"><span class='ocrx_word' id='word_1_393' title='bbox 483 3065 791 3120; x_wconf 85' lang='lat' dir='ltr'><strong>obedientia</strong></span> <span class='ocrx_word' id='word_1_394' title='bbox 822 3080 852 3119; x_wconf 92' lang='lat' dir='ltr'><strong>a</strong></span> <span class='ocrx_word' id='word_1_395' title='bbox 878 3064 1089 3119; x_wconf 89' lang='lat' dir='ltr'><strong>meliori</strong></span> <span class='ocrx_word' id='word_1_396' title='bbox 1109 3065 1358 3131; x_wconf 88' lang='lat' dir='ltr'><strong>accedit,</strong></span> <span class='ocrx_word' id='word_1_397' title='bbox 1388 3072 1441 3120; x_wconf 92' lang='lat' dir='ltr'><strong>et</strong></span> <span class='ocrx_word' id='word_1_398' title='bbox 1460 3073 1519 3119; x_wconf 89' lang='lat' dir='ltr'><strong>ut</strong></span> <span class='ocrx_word' id='word_1_399' title='bbox 1544 3064 1786 3120; x_wconf 90' lang='lat' dir='ltr'><strong>debitum</strong></span> <span class='ocrx_word' id='word_1_400' title='bbox 1821 3063 2055 3135; x_wconf 73' lang='lat' dir='ltr'><strong>exigitur</strong></span> 
     </span>
    </p>
   </div>
   <div class='ocr_carea' id='block_1_57' title="bbox 2159 3054 3730 3158">
    <p class='ocr_par' dir='ltr' id='par_1_57' title="bbox 2159 3054 3730 3130">
     <span class='ocr_line' id='line_1_57' title="bbox 2159 3054 3730 3130; baseline -0.001 -17"><span class='ocrx_word' id='word_1_401' title='bbox 2159 3059 2256 3130; x_wconf 83' lang='grc' dir='ltr'>τῆς</span> <span class='ocrx_word' id='word_1_402' title='bbox 2285 3058 2526 3130; x_wconf 84' lang='grc' dir='ltr'>ὑπακοῆς</span> <span class='ocrx_word' id='word_1_403' title='bbox 2552 3056 2920 3130; x_wconf 79' lang='grc' dir='ltr'>προσγίνεται,</span> <span class='ocrx_word' id='word_1_404' title='bbox 2947 3056 3041 3109; x_wconf 72' lang='grc' dir='ltr'>καὶ</span> <span class='ocrx_word' id='word_1_405' title='bbox 3068 3055 3144 3119; x_wconf 83' lang='grc' dir='ltr'>ὡς</span> <span class='ocrx_word' id='word_1_406' title='bbox 3169 3054 3388 3127; x_wconf 82' lang='grc' dir='ltr'>ὀφειλὴν</span> <span class='ocrx_word' id='word_1_407' title='bbox 3412 3057 3730 3112; x_wconf 85' lang='grc' dir='ltr'>άπαιτεῖται</span> 
     </span>
    </p>
   </div>
   <div class='ocr_carea' id='block_1_58' title="bbox 483 3154 2054 3215">
    <p class='ocr_par' dir='ltr' id='par_1_58' title="bbox 483 3154 2054 3215">
     <span class='ocr_line' id='line_1_58' title="bbox 483 3154 2054 3215; baseline 0 -5"><span class='ocrx_word' id='word_1_408' title='bbox 483 3156 555 3211; x_wconf 90' lang='lat' dir='ltr'><strong>ab</strong></span> <span class='ocrx_word' id='word_1_409' title='bbox 583 3162 826 3215; x_wconf 78' lang='lat' dir='ltr'><strong>auctore.</strong></span> <span class='ocrx_word' id='word_1_410' title='bbox 858 3154 975 3211; x_wconf 86' lang='lat' dir='ltr'><strong>Non</strong></span> <span class='ocrx_word' id='word_1_411' title='bbox 1005 3156 1149 3210; x_wconf 90' lang='lat' dir='ltr'><strong>enim</strong></span> <span class='ocrx_word' id='word_1_412' title='bbox 1172 3157 1295 3213; x_wconf 91' lang='lat' dir='ltr'><strong>dico</strong></span> <span class='ocrx_word' id='word_1_413' title='bbox 1326 3156 1496 3213; x_wconf 89' lang='lat' dir='ltr'><strong>fuisse</strong></span> <span class='ocrx_word' id='word_1_414' title='bbox 1522 3167 1762 3213; x_wconf 86' lang='lat' dir='ltr'><strong>creatum</strong></span> <span class='ocrx_word' id='word_1_415' title='bbox 1783 3157 2054 3213; x_wconf 80' lang='lat' dir='ltr'><strong>hominem</strong></span> 
     </span>
    </p>
   </div>
   <div class='ocr_carea' id='block_1_59' title="bbox 482 3243 2055 3317">
    <p class='ocr_par' dir='ltr' id='par_1_59' title="bbox 482 3243 2055 3317">
     <span class='ocr_line' id='line_1_59' title="bbox 482 3243 2055 3317; baseline 0.002 -20"><span class='ocrx_word' id='word_1_416' title='bbox 482 3243 540 3298; x_wconf 88' lang='lat' dir='ltr'><strong>in</strong></span> <span class='ocrx_word' id='word_1_417' title='bbox 579 3243 877 3311; x_wconf 88' lang='lat' dir='ltr'><strong>interitum,</strong></span> <span class='ocrx_word' id='word_1_418' title='bbox 926 3244 1020 3300; x_wconf 89' lang='lat' dir='ltr'><strong>sed</strong></span> <span class='ocrx_word' id='word_1_419' title='bbox 1045 3253 1266 3317; x_wconf 88' lang='lat' dir='ltr'><strong>propter</strong></span> <span class='ocrx_word' id='word_1_420' title='bbox 1292 3247 1537 3302; x_wconf 87' lang='lat' dir='ltr'><strong>meliora.</strong></span> <span class='ocrx_word' id='word_1_421' title='bbox 1593 3245 1729 3301; x_wconf 86' lang='lat' dir='ltr'><strong>Nam</strong></span> <span class='ocrx_word' id='word_1_422' title='bbox 1778 3246 1825 3302; x_wconf 92' lang='lat' dir='ltr'><strong>si</strong></span> <span class='ocrx_word' id='word_1_423' title='bbox 1877 3244 2055 3300; x_wconf 85' lang='lat' dir='ltr'><strong>factus</strong></span> 
     </span>
    </p>
   </div>
   <div class='ocr_carea' id='block_1_60' title="bbox 481 3332 2056 3406">
    <p class='ocr_par' dir='ltr' id='par_1_60' title="bbox 481 3332 2056 3406">
     <span class='ocr_line' id='line_1_60' title="bbox 481 3332 2056 3406; baseline -0.002 -16"><span class='ocrx_word' id='word_1_424' title='bbox 481 3341 628 3390; x_wconf 81' lang='lat' dir='ltr'><strong>esset</strong></span> <span class='ocrx_word' id='word_1_425' title='bbox 652 3334 798 3390; x_wconf 88' lang='lat' dir='ltr'><strong>velut</strong></span> <span class='ocrx_word' id='word_1_426' title='bbox 843 3334 1060 3406; x_wconf 89' lang='lat' dir='ltr'><strong>aliquod</strong></span> <span class='ocrx_word' id='word_1_427' title='bbox 1107 3335 1176 3391; x_wconf 86' lang='lat' dir='ltr'><strong>de</strong></span> <span class='ocrx_word' id='word_1_428' title='bbox 1205 3335 1486 3392; x_wconf 86' lang='lat' dir='ltr'><strong>elementis</strong></span> <span class='ocrx_word' id='word_1_429' title='bbox 1517 3336 1632 3392; x_wconf 83' lang='lat' dir='ltr'><strong>sive</strong></span> <span class='ocrx_word' id='word_1_430' title='bbox 1687 3333 1812 3391; x_wconf 91' lang='lat' dir='ltr'><strong>aliis</strong></span> <span class='ocrx_word' id='word_1_431' title='bbox 1860 3332 1941 3390; x_wconf 87' lang='lat' dir='ltr'><strong>sic</strong></span> <span class='ocrx_word' id='word_1_432' title='bbox 1969 3333 2056 3388; x_wconf 89' lang='lat' dir='ltr'><strong>in-</strong></span> 
     </span>
    </p>
   </div>
   <div class='ocr_carea' id='block_1_61' title="bbox 483 3425 2053 3499">
    <p class='ocr_par' dir='ltr' id='par_1_61' title="bbox 483 3425 2053 3499">
     <span class='ocr_line' id='line_1_61' title="bbox 483 3425 2053 3499; baseline -0.001 -18"><span class='ocrx_word' id='word_1_433' title='bbox 483 3437 702 3481; x_wconf 85' lang='lat' dir='ltr'><strong>sensate</strong></span> <span class='ocrx_word' id='word_1_434' title='bbox 734 3427 1097 3483; x_wconf 85' lang='lat' dir='ltr'><strong>servientibus</strong></span> <span class='ocrx_word' id='word_1_435' title='bbox 1149 3425 1280 3494; x_wconf 91' lang='lat' dir='ltr'><strong>Deo,</strong></span> <span class='ocrx_word' id='word_1_436' title='bbox 1312 3445 1424 3484; x_wconf 90' lang='lat' dir='ltr'><strong>non</strong></span> <span class='ocrx_word' id='word_1_437' title='bbox 1472 3427 1586 3498; x_wconf 90' lang='lat' dir='ltr'><strong>jam</strong></span> <span class='ocrx_word' id='word_1_438' title='bbox 1638 3427 1917 3499; x_wconf 91' lang='lat' dir='ltr'><strong>proposito</strong></span> <span class='ocrx_word' id='word_1_439' title='bbox 1964 3425 2053 3481; x_wconf 85' lang='lat' dir='ltr'><strong>di-</strong></span> 
     </span>
    </p>
   </div>
   <div class='ocr_carea' id='block_1_62' title="bbox 484 3518 2055 3590">
    <p class='ocr_par' dir='ltr' id='par_1_62' title="bbox 484 3518 2055 3590">
     <span class='ocr_line' id='line_1_62' title="bbox 484 3518 2055 3590; baseline 0.003 -19"><span class='ocrx_word' id='word_1_440' title='bbox 484 3533 643 3588; x_wconf 75' lang='lat' dir='ltr'><strong>gnam</strong></span> <span class='ocrx_word' id='word_1_441' title='bbox 669 3518 973 3573; x_wconf 88' lang='lat' dir='ltr'><strong>mercedem</strong></span> <span class='ocrx_word' id='word_1_442' title='bbox 1002 3520 1296 3590; x_wconf 87' lang='lat' dir='ltr'><strong>reciperet;</strong></span> <span class='ocrx_word' id='word_1_443' title='bbox 1344 3521 1437 3577; x_wconf 89' lang='lat' dir='ltr'><strong>sed</strong></span> <span class='ocrx_word' id='word_1_444' title='bbox 1471 3529 1616 3577; x_wconf 90' lang='lat' dir='ltr'><strong>esset</strong></span> <span class='ocrx_word' id='word_1_445' title='bbox 1645 3522 1787 3577; x_wconf 85' lang='lat' dir='ltr'><strong>velut</strong></span> <span class='ocrx_word' id='word_1_446' title='bbox 1815 3521 2055 3576; x_wconf 87' lang='lat' dir='ltr'><strong>auctoris</strong></span> 
     </span>
    </p>
   </div>
   <div class='ocr_carea' id='block_1_63' title="bbox 484 3610 2081 3685">
    <p class='ocr_par' dir='ltr' id='par_1_63' title="bbox 484 3610 2081 3685">
     <span class='ocr_line' id='line_1_63' title="bbox 484 3610 2081 3685; baseline 0.003 -22"><span class='ocrx_word' id='word_1_447' title='bbox 484 3610 930 3673; x_wconf 88' lang='lat' dir='ltr'><strong>instrumentum,</strong></span> <span class='ocrx_word' id='word_1_448' title='bbox 961 3610 1137 3666; x_wconf 88' lang='lat' dir='ltr'><strong>aliene</strong></span> <span class='ocrx_word' id='word_1_449' title='bbox 1168 3626 1198 3664; x_wconf 93' lang='lat' dir='ltr'><strong>a</strong></span> <span class='ocrx_word' id='word_1_450' title='bbox 1236 3613 1467 3679; x_wconf 88' lang='lat' dir='ltr'><strong>ratione,</strong></span> <span class='ocrx_word' id='word_1_451' title='bbox 1495 3614 1567 3669; x_wconf 90' lang='lat' dir='ltr'><strong>ob</strong></span> <span class='ocrx_word' id='word_1_452' title='bbox 1592 3613 1733 3668; x_wconf 91' lang='lat' dir='ltr'><strong>male</strong></span> <span class='ocrx_word' id='word_1_453' title='bbox 1763 3620 1917 3685; x_wconf 74' lang='lat' dir='ltr'><strong>gesta</strong></span> <span class='ocrx_word' id='word_1_454' title='bbox 1966 3627 2081 3668; x_wconf 83' lang='lat' dir='ltr'><strong>re--</strong></span> 
     </span>
    </p>
   </div>
   <div class='ocr_carea' id='block_1_64' title="bbox 483 3702 2055 3772">
    <p class='ocr_par' dir='ltr' id='par_1_64' title="bbox 483 3702 2055 3772">
     <span class='ocr_line' id='line_1_64' title="bbox 483 3702 2055 3772; baseline 0.004 -18"><span class='ocrx_word' id='word_1_455' title='bbox 483 3702 833 3772; x_wconf 88' lang='lat' dir='ltr'><strong>prehensioni</strong></span> <span class='ocrx_word' id='word_1_456' title='bbox 877 3702 1169 3757; x_wconf 77' lang='lat' dir='ltr'><strong>obnoxius.</strong></span> <span class='ocrx_word' id='word_1_457' title='bbox 1205 3702 1386 3758; x_wconf 86' lang='lat' dir='ltr'><strong>Causa</strong></span> <span class='ocrx_word' id='word_1_458' title='bbox 1431 3706 1578 3761; x_wconf 87' lang='lat' dir='ltr'><strong>enim</strong></span> <span class='ocrx_word' id='word_1_459' title='bbox 1635 3705 1834 3762; x_wconf 89' lang='lat' dir='ltr'><strong>horum</strong></span> <span class='ocrx_word' id='word_1_460' title='bbox 1908 3714 2055 3761; x_wconf 89' lang='lat' dir='ltr'><strong>esset</strong></span> 
     </span>
    </p>
   </div>
   <div class='ocr_carea' id='block_1_65' title="bbox 484 3780 2055 3869">
    <p class='ocr_par' dir='ltr' id='par_1_65' title="bbox 484 3780 2055 3869">
     <span class='ocr_line' id='line_1_65' title="bbox 484 3780 2055 3869; baseline 0.004 -22"><span class='ocrx_word' id='word_1_461' title='bbox 484 3801 665 3847; x_wconf 83' lang='lat' dir='ltr'><strong>utens.</strong></span> <span class='ocrx_word' id='word_1_462' title='bbox 693 3793 811 3846; x_wconf 90' lang='lat' dir='ltr'><strong>lmo</strong></span> <span class='ocrx_word' id='word_1_463' title='bbox 835 3808 1009 3863; x_wconf 88' lang='lat' dir='ltr'><strong>neque</strong></span> <span class='ocrx_word' id='word_1_464' title='bbox 1038 3793 1183 3863; x_wconf 84' lang='lat' dir='ltr'><strong>quod</strong></span> <span class='ocrx_word' id='word_1_465' title='bbox 1216 3803 1300 3849; x_wconf 89' lang='lat' dir='ltr'><strong>est</strong></span> <span class='ocrx_word' id='word_1_466' title='bbox 1329 3780 1524 3852; x_wconf 87' lang='lat' dir='ltr'><strong>melius</strong></span> <span class='ocrx_word' id='word_1_467' title='bbox 1555 3797 1719 3852; x_wconf 89' lang='lat' dir='ltr'><strong>homo</strong></span> <span class='ocrx_word' id='word_1_468' title='bbox 1760 3812 2055 3869; x_wconf 81' lang='lat' dir='ltr'><strong>cognosce-</strong></span> 
     </span>
    </p>
   </div>
   <div class='ocr_carea' id='block_1_66' title="bbox 483 3885 2055 3956">
    <p class='ocr_par' dir='ltr' id='par_1_66' title="bbox 483 3885 2055 3956">
     <span class='ocr_line' id='line_1_66' title="bbox 483 3885 2055 3956; baseline 0.004 -15"><span class='ocrx_word' id='word_1_469' title='bbox 483 3895 590 3953; x_wconf 83' lang='lat' dir='ltr'><strong>ret,</strong></span> <span class='ocrx_word' id='word_1_470' title='bbox 614 3885 719 3941; x_wconf 91' lang='lat' dir='ltr'><strong>nisi</strong></span> <span class='ocrx_word' id='word_1_471' title='bbox 751 3886 897 3941; x_wconf 89' lang='lat' dir='ltr'><strong>illius</strong></span> <span class='ocrx_word' id='word_1_472' title='bbox 923 3887 1267 3956; x_wconf 82' lang='lat' dir='ltr'><strong>cognovisset</strong></span> <span class='ocrx_word' id='word_1_473' title='bbox 1297 3897 1574 3945; x_wconf 89' lang='lat' dir='ltr'><strong>auctorem</strong></span> <span class='ocrx_word' id='word_1_474' title='bbox 1593 3932 1609 3955; x_wconf 92' lang='lat'><strong>,</strong></span> <span class='ocrx_word' id='word_1_475' title='bbox 1637 3891 1733 3947; x_wconf 86' lang='lat' dir='ltr'><strong>sed</strong></span> <span class='ocrx_word' id='word_1_476' title='bbox 1762 3892 1892 3946; x_wconf 86' lang='lat' dir='ltr'><strong>illud</strong></span> <span class='ocrx_word' id='word_1_477' title='bbox 1932 3900 2055 3947; x_wconf 89' lang='lat' dir='ltr'><strong>tan-</strong></span> 
     </span>
    </p>
   </div>
   <div class='ocr_carea' id='block_1_67' title="bbox 487 3974 2054 4046">
    <p class='ocr_par' dir='ltr' id='par_1_67' title="bbox 487 3974 2054 4046">
     <span class='ocr_line' id='line_1_67' title="bbox 487 3974 2054 4046; baseline 0.005 -16"><span class='ocrx_word' id='word_1_478' title='bbox 487 3985 602 4030; x_wconf 82' lang='lat' dir='ltr'><strong>tum</strong></span> <span class='ocrx_word' id='word_1_479' title='bbox 634 3974 703 4029; x_wconf 89' lang='lat' dir='ltr'><strong>ad</strong></span> <span class='ocrx_word' id='word_1_480' title='bbox 724 3974 871 4046; x_wconf 92' lang='lat' dir='ltr'><strong>quod</strong></span> <span class='ocrx_word' id='word_1_481' title='bbox 900 3990 1022 4032; x_wconf 85' lang='lat' dir='ltr'><strong>csse</strong></span> <span class='ocrx_word' id='word_1_482' title='bbox 1049 3987 1211 4033; x_wconf 89' lang='lat' dir='ltr'><strong>natus</strong></span> <span class='ocrx_word' id='word_1_483' title='bbox 1243 3987 1346 4035; x_wconf 89' lang='lat' dir='ltr'><strong>est.</strong></span> <span class='ocrx_word' id='word_1_484' title='bbox 1380 3978 1559 4045; x_wconf 83' lang='lat' dir='ltr'><strong>Quare</strong></span> <span class='ocrx_word' id='word_1_485' title='bbox 1590 3982 1733 4046; x_wconf 86' lang='lat' dir='ltr'><strong>dico,</strong></span> <span class='ocrx_word' id='word_1_486' title='bbox 1765 3998 1888 4037; x_wconf 87' lang='lat' dir='ltr'><strong>cum</strong></span> <span class='ocrx_word' id='word_1_487' title='bbox 1912 3983 2054 4038; x_wconf 90' lang='lat' dir='ltr'><strong>Deus</strong></span> 
     </span>
    </p>
   </div>
   <div class='ocr_carea' id='block_1_68' title="bbox 487 4066 2057 4139">
    <p class='ocr_par' dir='ltr' id='par_1_68' title="bbox 487 4066 2057 4139">
     <span class='ocr_line' id='line_1_68' title="bbox 487 4066 2057 4139; baseline 0.005 -16"><span class='ocrx_word' id='word_1_488' title='bbox 487 4066 762 4123; x_wconf 84' lang='lat' dir='ltr'><strong>hominem</strong></span> <span class='ocrx_word' id='word_1_489' title='bbox 790 4067 1058 4124; x_wconf 86' lang='lat' dir='ltr'><strong>honorare</strong></span> <span class='ocrx_word' id='word_1_490' title='bbox 1089 4076 1145 4125; x_wconf 90' lang='lat' dir='ltr'><strong>et</strong></span> <span class='ocrx_word' id='word_1_491' title='bbox 1166 4070 1308 4125; x_wconf 88' lang='lat' dir='ltr'><strong>scire</strong></span> <span class='ocrx_word' id='word_1_492' title='bbox 1336 4087 1460 4127; x_wconf 84' lang='lat' dir='ltr'><strong>eum</strong></span> <span class='ocrx_word' id='word_1_493' title='bbox 1487 4073 1713 4129; x_wconf 88' lang='lat' dir='ltr'><strong>meliora</strong></span> <span class='ocrx_word' id='word_1_494' title='bbox 1741 4074 1935 4139; x_wconf 90' lang='lat' dir='ltr'><strong>vellet,</strong></span> <span class='ocrx_word' id='word_1_495' title='bbox 1961 4076 2057 4131; x_wconf 80' lang='lat' dir='ltr'><strong>de-</strong></span> 
     </span>
    </p>
   </div>
   <div class='ocr_carea' id='block_1_69' title="bbox 483 4158 2051 4237">
    <p class='ocr_par' dir='ltr' id='par_1_69' title="bbox 483 4158 2051 4237">
     <span class='ocr_line' id='line_1_69' title="bbox 483 4158 2051 4237; baseline 0.006 -22"><span class='ocrx_word' id='word_1_496' title='bbox 483 4158 566 4215; x_wconf 86' lang='lat' dir='ltr'><strong>dit</strong></span> <span class='ocrx_word' id='word_1_497' title='bbox 606 4159 654 4214; x_wconf 90' lang='lat' dir='ltr'><strong>ei</strong></span> <span class='ocrx_word' id='word_1_498' title='bbox 685 4167 1042 4230; x_wconf 85' lang='lat' dir='ltr'><strong>potestatem,</strong></span> <span class='ocrx_word' id='word_1_499' title='bbox 1087 4177 1193 4232; x_wconf 88' lang='lat' dir='ltr'><strong>qua</strong></span> <span class='ocrx_word' id='word_1_500' title='bbox 1233 4175 1415 4234; x_wconf 88' lang='lat' dir='ltr'><strong>posset</strong></span> <span class='ocrx_word' id='word_1_501' title='bbox 1464 4164 1640 4221; x_wconf 87' lang='lat' dir='ltr'><strong>facere</strong></span> <span class='ocrx_word' id='word_1_502' title='bbox 1685 4183 1807 4237; x_wconf 60' lang='lat' dir='ltr'><strong>quae</strong></span> <span class='ocrx_word' id='word_1_503' title='bbox 1855 4170 2051 4237; x_wconf 87' lang='lat' dir='ltr'><strong>vellet;</strong></span> 
     </span>
    </p>
   </div>
   <div class='ocr_carea' id='block_1_70' title="bbox 483 4253 2055 4332">
    <p class='ocr_par' dir='ltr' id='par_1_70' title="bbox 483 4253 2055 4332">
     <span class='ocr_line' id='line_1_70' title="bbox 483 4253 2055 4332; baseline 0.005 -24"><span class='ocrx_word' id='word_1_504' title='bbox 483 4253 714 4323; x_wconf 88' lang='lat' dir='ltr'><strong>ejusque</strong></span> <span class='ocrx_word' id='word_1_505' title='bbox 745 4260 1066 4323; x_wconf 87' lang='lat' dir='ltr'><strong>potestatem</strong></span> <span class='ocrx_word' id='word_1_506' title='bbox 1105 4255 1171 4309; x_wconf 90' lang='lat' dir='ltr'><strong>ad</strong></span> <span class='ocrx_word' id='word_1_507' title='bbox 1207 4256 1431 4312; x_wconf 89' lang='lat' dir='ltr'><strong>meliora</strong></span> <span class='ocrx_word' id='word_1_508' title='bbox 1460 4257 1729 4324; x_wconf 90' lang='lat' dir='ltr'><strong>hortatur,</strong></span> <span class='ocrx_word' id='word_1_509' title='bbox 1760 4275 1868 4314; x_wconf 92' lang='lat' dir='ltr'><strong>non</strong></span> <span class='ocrx_word' id='word_1_510' title='bbox 1909 4260 2055 4332; x_wconf 90' lang='lat' dir='ltr'><strong>quod</strong></span> 
     </span>
    </p>
   </div>
   <div class='ocr_carea' id='block_1_71' title="bbox 486 4343 2056 4420">
    <p class='ocr_par' dir='ltr' id='par_1_71' title="bbox 486 4343 2056 4420">
     <span class='ocr_line' id='line_1_71' title="bbox 486 4343 2056 4420; baseline 0.003 -19"><span class='ocrx_word' id='word_1_511' title='bbox 486 4360 681 4401; x_wconf 86' lang='lat' dir='ltr'><strong>rursus</strong></span> <span class='ocrx_word' id='word_1_512' title='bbox 715 4343 927 4400; x_wconf 88' lang='lat' dir='ltr'><strong>auferat</strong></span> <span class='ocrx_word' id='word_1_513' title='bbox 964 4352 1283 4417; x_wconf 87' lang='lat' dir='ltr'><strong>potestatem</strong></span> <span class='ocrx_word' id='word_1_514' title='bbox 1318 4347 1541 4403; x_wconf 92' lang='lat' dir='ltr'><strong>liberam</strong></span> <span class='ocrx_word' id='word_1_515' title='bbox 1567 4365 1728 4420; x_wconf 89' lang='lat' dir='ltr'><strong>quam</strong></span> <span class='ocrx_word' id='word_1_516' title='bbox 1762 4352 1936 4419; x_wconf 88' lang='lat' dir='ltr'><strong>dedit,</strong></span> <span class='ocrx_word' id='word_1_517' title='bbox 1959 4352 2056 4408; x_wconf 84' lang='lat' dir='ltr'><strong>sed</strong></span> 
     </span>
    </p>
   </div>
   <div class='ocr_carea' id='block_1_72' title="bbox 2160 3146 3729 3223">
    <p class='ocr_par' dir='ltr' id='par_1_72' title="bbox 2160 3146 3729 3223">
     <span class='ocr_line' id='line_1_72' title="bbox 2160 3146 3729 3223; baseline -0.001 -19"><span class='ocrx_word' id='word_1_518' title='bbox 2160 3150 2308 3223; x_wconf 78' lang='grc' dir='ltr'>παρὰ</span> <span class='ocrx_word' id='word_1_519' title='bbox 2348 3148 2442 3203; x_wconf 80' lang='grc' dir='ltr'>τοῦ</span> <span class='ocrx_word' id='word_1_520' title='bbox 2490 3148 2870 3219; x_wconf 82' lang='grc' dir='ltr'>πεποιηκότος.</span> <span class='ocrx_word' id='word_1_521' title='bbox 2906 3148 2982 3202; x_wconf 89' lang='grc' dir='ltr'>Οὑ</span> <span class='ocrx_word' id='word_1_522' title='bbox 3022 3147 3130 3218; x_wconf 83' lang='grc' dir='ltr'>γὰρ</span> <span class='ocrx_word' id='word_1_523' title='bbox 3164 3147 3256 3200; x_wconf 80' lang='grc' dir='ltr'>ἐπὶ</span> <span class='ocrx_word' id='word_1_524' title='bbox 3290 3146 3459 3220; x_wconf 81' lang='grc' dir='ltr'>βλάϐῃ</span> <span class='ocrx_word' id='word_1_525' title='bbox 3503 3148 3593 3202; x_wconf 91' lang='grc' dir='ltr'><strong>τὸν</strong></span> <span class='ocrx_word' id='word_1_526' title='bbox 3623 3148 3729 3203; x_wconf 75' lang='grc' dir='ltr'>άν-</span> 
     </span>
    </p>
   </div>
   <div class='ocr_carea' id='block_1_73' title="bbox 2159 3238 3730 3313">
    <p class='ocr_par' dir='ltr' id='par_1_73' title="bbox 2159 3238 3730 3313">
     <span class='ocr_line' id='line_1_73' title="bbox 2159 3238 3730 3313; baseline 0 -18"><span class='ocrx_word' id='word_1_527' title='bbox 2159 3241 2372 3312; x_wconf 80' lang='grc' dir='ltr'>θρωπον</span> <span class='ocrx_word' id='word_1_528' title='bbox 2415 3241 2693 3311; x_wconf 87' lang='grc' dir='ltr'>γεγονέναι</span> <span class='ocrx_word' id='word_1_529' title='bbox 2732 3241 2899 3313; x_wconf 80' lang='grc' dir='ltr'>φημί·</span> <span class='ocrx_word' id='word_1_530' title='bbox 2939 3238 3101 3294; x_wconf 74' lang='grc' dir='ltr'>ἕνεκα</span> <span class='ocrx_word' id='word_1_531' title='bbox 3132 3239 3190 3293; x_wconf 83' lang='grc' dir='ltr'><strong>δὲ</strong></span> <span class='ocrx_word' id='word_1_532' title='bbox 3233 3239 3341 3294; x_wconf 84' lang='grc' dir='ltr'>τῶν</span> <span class='ocrx_word' id='word_1_533' title='bbox 3375 3241 3730 3312; x_wconf 84' lang='grc' dir='ltr'>κρειττόνων.</span> 
     </span>
    </p>
   </div>
   <div class='ocr_carea' id='block_1_74' title="bbox 2158 3331 3732 3405">
    <p class='ocr_par' dir='ltr' id='par_1_74' title="bbox 2158 3331 3732 3405">
     <span class='ocr_line' id='line_1_74' title="bbox 2158 3331 3732 3405; baseline -0.001 -18"><span class='ocrx_word' id='word_1_534' title='bbox 2158 3334 2221 3387; x_wconf 80' lang='lat' dir='ltr'><strong>Et</strong></span> <span class='ocrx_word' id='word_1_535' title='bbox 2240 3333 2348 3405; x_wconf 84' lang='grc' dir='ltr'>γὰρ</span> <span class='ocrx_word' id='word_1_536' title='bbox 2375 3333 2449 3396; x_wconf 86' lang='grc' dir='ltr'>ὡς</span> <span class='ocrx_word' id='word_1_537' title='bbox 2480 3333 2538 3386; x_wconf 77' lang='grc' dir='ltr'>ἒν</span> <span class='ocrx_word' id='word_1_538' title='bbox 2564 3350 2617 3387; x_wconf 89' lang='grc' dir='ltr'><strong>τι</strong></span> <span class='ocrx_word' id='word_1_539' title='bbox 2640 3331 2831 3401; x_wconf 85' lang='grc' dir='ltr'>γέγονε</span> <span class='ocrx_word' id='word_1_540' title='bbox 2862 3331 2969 3386; x_wconf 86' lang='grc' dir='ltr'>τῶν</span> <span class='ocrx_word' id='word_1_541' title='bbox 3003 3332 3302 3403; x_wconf 85' lang='grc' dir='ltr'>στοιχείων,</span> <span class='ocrx_word' id='word_1_542' title='bbox 3333 3332 3365 3403; x_wconf 79' lang='grc' dir='ltr'>ἢ</span> <span class='ocrx_word' id='word_1_543' title='bbox 3395 3331 3503 3385; x_wconf 85' lang='grc' dir='ltr'>τῶν</span> <span class='ocrx_word' id='word_1_544' title='bbox 3522 3332 3732 3403; x_wconf 85' lang='grc' dir='ltr'>ὁμοίως</span> 
     </span>
    </p>
   </div>
   <div class='ocr_carea' id='block_1_75' title="bbox 2157 3423 3736 3499">
    <p class='ocr_par' dir='ltr' id='par_1_75' title="bbox 2157 3423 3736 3499">
     <span class='ocr_line' id='line_1_75' title="bbox 2157 3423 3736 3499; baseline 0.001 -20"><span class='ocrx_word' id='word_1_545' title='bbox 2157 3425 2512 3480; x_wconf 78' lang='grc' dir='ltr'>δουλευόντων</span> <span class='ocrx_word' id='word_1_546' title='bbox 2538 3423 2676 3496; x_wconf 83' lang='grc' dir='ltr'>Θεῷ,</span> <span class='ocrx_word' id='word_1_547' title='bbox 2709 3425 2810 3478; x_wconf 79' lang='grc' dir='ltr'><strong>οὐκ</strong></span> <span class='ocrx_word' id='word_1_548' title='bbox 2840 3423 2919 3478; x_wconf 76' lang='grc' dir='ltr'>ἔτι</span> <span class='ocrx_word' id='word_1_549' title='bbox 2951 3424 3139 3495; x_wconf 86' lang='grc' dir='ltr'>μισθὸν</span> <span class='ocrx_word' id='word_1_550' title='bbox 3170 3424 3319 3491; x_wconf 84' lang='grc' dir='ltr'>ἄξιον</span> <span class='ocrx_word' id='word_1_551' title='bbox 3345 3425 3445 3495; x_wconf 81' lang='grc' dir='ltr'>τῆς</span> <span class='ocrx_word' id='word_1_552' title='bbox 3474 3425 3736 3499; x_wconf 77' lang='grc' dir='ltr'>προαιρέ-</span> 
     </span>
    </p>
   </div>
   <div class='ocr_carea' id='block_1_76' title="bbox 2159 3514 3735 3591">
    <p class='ocr_par' dir='ltr' id='par_1_76' title="bbox 2159 3514 3735 3591">
     <span class='ocr_line' id='line_1_76' title="bbox 2159 3514 3735 3591; baseline -0.001 -18"><span class='ocrx_word' id='word_1_553' title='bbox 2159 3536 2297 3584; x_wconf 84' lang='grc' dir='ltr'>σεως</span> <span class='ocrx_word' id='word_1_554' title='bbox 2339 3517 2602 3590; x_wconf 86' lang='grc' dir='ltr'>λαμϐάνει</span> <span class='ocrx_word' id='word_1_555' title='bbox 2621 3535 2634 3546; x_wconf 77' lang='lat'><strong><em>°</em></strong></span> <span class='ocrx_word' id='word_1_556' title='bbox 2685 3516 2801 3571; x_wconf 83' lang='grc' dir='ltr'>ἀλλ’</span> <span class='ocrx_word' id='word_1_557' title='bbox 2836 3515 3025 3589; x_wconf 82' lang='grc' dir='ltr'>ὥσπερ</span> <span class='ocrx_word' id='word_1_558' title='bbox 3056 3517 3286 3589; x_wconf 83' lang='grc' dir='ltr'>ϐργανον</span> <span class='ocrx_word' id='word_1_559' title='bbox 3322 3517 3387 3571; x_wconf 80' lang='grc' dir='ltr'>ἂν</span> <span class='ocrx_word' id='word_1_560' title='bbox 3414 3514 3480 3591; x_wconf 80' lang='grc' dir='ltr'><strong>ἦν</strong></span> <span class='ocrx_word' id='word_1_561' title='bbox 3508 3518 3599 3572; x_wconf 85' lang='grc' dir='ltr'>τοῦ</span> <span class='ocrx_word' id='word_1_562' title='bbox 3631 3521 3735 3590; x_wconf 84' lang='grc' dir='ltr'><strong>δη-</strong></span> 
     </span>
    </p>
   </div>
   <div class='ocr_carea' id='block_1_77' title="bbox 2162 3604 3734 3685">
    <p class='ocr_par' dir='ltr' id='par_1_77' title="bbox 2162 3604 3734 3685">
     <span class='ocr_line' id='line_1_77' title="bbox 2162 3604 3734 3685; baseline 0 -20"><span class='ocrx_word' id='word_1_563' title='bbox 2162 3612 2444 3685; x_wconf 85' lang='grc' dir='ltr'>μιουργοῦ,</span> <span class='ocrx_word' id='word_1_564' title='bbox 2483 3611 2581 3684; x_wconf 82' lang='grc' dir='ltr'>τὴν</span> <span class='ocrx_word' id='word_1_565' title='bbox 2630 3610 2714 3682; x_wconf 80' lang='grc' dir='ltr'><strong>ἐφ’</strong></span> <span class='ocrx_word' id='word_1_566' title='bbox 2762 3604 2844 3673; x_wconf 85' lang='grc' dir='ltr'><strong>οἷς</strong></span> <span class='ocrx_word' id='word_1_567' title='bbox 2881 3610 2943 3663; x_wconf 84' lang='grc' dir='ltr'><strong>οὐ</strong></span> <span class='ocrx_word' id='word_1_568' title='bbox 2991 3608 3171 3674; x_wconf 84' lang='grc' dir='ltr'>καλῶς</span> <span class='ocrx_word' id='word_1_569' title='bbox 3216 3610 3468 3684; x_wconf 74' lang='grc' dir='ltr'>ἔπραξεν,</span> <span class='ocrx_word' id='word_1_570' title='bbox 3516 3611 3734 3681; x_wconf 83' lang='grc' dir='ltr'>ἀλόγως</span> 
     </span>
    </p>
   </div>
   <div class='ocr_carea' id='block_1_78' title="bbox 2162 3698 3734 3777">
    <p class='ocr_par' dir='ltr' id='par_1_78' title="bbox 2162 3698 3734 3777">
     <span class='ocr_line' id='line_1_78' title="bbox 2162 3698 3734 3777; baseline -0.001 -19"><span class='ocrx_word' id='word_1_571' title='bbox 2162 3705 2367 3777; x_wconf 82' lang='grc' dir='ltr'><strong>μέμψιν</strong></span> <span class='ocrx_word' id='word_1_572' title='bbox 2398 3704 2704 3776; x_wconf 85' lang='grc' dir='ltr'>ὑπομένων·</span> <span class='ocrx_word' id='word_1_573' title='bbox 2732 3702 2934 3756; x_wconf 90' lang='grc' dir='ltr'>τούτων</span> <span class='ocrx_word' id='word_1_574' title='bbox 2967 3700 3075 3772; x_wconf 79' lang='grc' dir='ltr'><strong>γάρ</strong></span> <span class='ocrx_word' id='word_1_575' title='bbox 3102 3702 3272 3765; x_wconf 77' lang='grc' dir='ltr'>αἴτιος</span> <span class='ocrx_word' id='word_1_576' title='bbox 3296 3701 3408 3773; x_wconf 71' lang='grc'>(42)</span> <span class='ocrx_word' id='word_1_577' title='bbox 3427 3698 3494 3774; x_wconf 78' lang='grc' dir='ltr'><strong>ἦν</strong></span> <span class='ocrx_word' id='word_1_578' title='bbox 3518 3704 3547 3756; x_wconf 87' lang='grc' dir='ltr'>ὁ</span> <span class='ocrx_word' id='word_1_579' title='bbox 3577 3704 3734 3774; x_wconf 78' lang='grc' dir='ltr'>χρώ-</span> 
     </span>
    </p>
   </div>
   <div class='ocr_carea' id='block_1_79' title="bbox 2162 3793 3731 3872">
    <p class='ocr_par' dir='ltr' id='par_1_79' title="bbox 2162 3793 3731 3872">
     <span class='ocr_line' id='line_1_79' title="bbox 2162 3793 3731 3872; baseline -0.003 -20"><span class='ocrx_word' id='word_1_580' title='bbox 2162 3816 2340 3872; x_wconf 81' lang='grc' dir='ltr'>μενος.</span> <span class='ocrx_word' id='word_1_581' title='bbox 2390 3796 2527 3850; x_wconf 77' lang='grc' dir='ltr'>Ἀλλ’</span> <span class='ocrx_word' id='word_1_582' title='bbox 2560 3795 2682 3849; x_wconf 83' lang='grc' dir='ltr'>οὐδὲ</span> <span class='ocrx_word' id='word_1_583' title='bbox 2717 3793 2779 3847; x_wconf 86' lang='grc' dir='ltr'><strong>τὸ</strong></span> <span class='ocrx_word' id='word_1_584' title='bbox 2823 3795 3067 3864; x_wconf 87' lang='grc' dir='ltr'>κρεῖττον</span> <span class='ocrx_word' id='word_1_585' title='bbox 3115 3793 3398 3867; x_wconf 74' lang='grc' dir='ltr'>ἄνθρωπος</span> <span class='ocrx_word' id='word_1_586' title='bbox 3432 3794 3731 3864; x_wconf 71' lang='grc' dir='ltr'>ἠπίστατο,</span> 
     </span>
    </p>
   </div>
   <div class='ocr_carea' id='block_1_80' title="bbox 2162 3885 3737 3964">
    <p class='ocr_par' dir='ltr' id='par_1_80' title="bbox 2162 3885 3737 3964">
     <span class='ocr_line' id='line_1_80' title="bbox 2162 3885 3737 3964; baseline -0.004 -20"><span class='ocrx_word' id='word_1_587' title='bbox 2162 3893 2237 3964; x_wconf 83' lang='grc' dir='ltr'>μὴ</span> <span class='ocrx_word' id='word_1_588' title='bbox 2271 3891 2361 3945; x_wconf 92' lang='grc' dir='ltr'><strong>τὸν</strong></span> <span class='ocrx_word' id='word_1_589' title='bbox 2403 3888 2571 3944; x_wconf 76' lang='grc' dir='ltr'>αἴτιον</span> <span class='ocrx_word' id='word_1_590' title='bbox 2622 3887 2795 3951; x_wconf 81' lang='grc' dir='ltr'>εἰδὼς,</span> <span class='ocrx_word' id='word_1_591' title='bbox 2839 3885 2952 3940; x_wconf 81' lang='grc' dir='ltr'>ἀλλ’</span> <span class='ocrx_word' id='word_1_592' title='bbox 3001 3888 3176 3940; x_wconf 82' lang='grc' dir='ltr'>ἐκεῖνο</span> <span class='ocrx_word' id='word_1_593' title='bbox 3229 3885 3389 3957; x_wconf 85' lang='grc' dir='ltr'>μόνον</span> <span class='ocrx_word' id='word_1_594' title='bbox 3434 3889 3514 3950; x_wconf 87' lang='grc' dir='ltr'><strong>είς</strong></span> <span class='ocrx_word' id='word_1_595' title='bbox 3558 3886 3587 3940; x_wconf 82' lang='grc' dir='ltr'><strong>ὃ</strong></span> <span class='ocrx_word' id='word_1_596' title='bbox 3630 3888 3737 3941; x_wconf 83' lang='grc' dir='ltr'><strong>πέ.</strong></span> 
     </span>
    </p>
   </div>
   <div class='ocr_carea' id='block_1_81' title="bbox 2161 3976 3736 4052">
    <p class='ocr_par' dir='ltr' id='par_1_81' title="bbox 2161 3976 3736 4052">
     <span class='ocr_line' id='line_1_81' title="bbox 2161 3976 3736 4052; baseline -0.001 -18"><span class='ocrx_word' id='word_1_597' title='bbox 2161 3999 2328 4052; x_wconf 84' lang='grc' dir='ltr'>φυκεν</span> <span class='ocrx_word' id='word_1_598' title='bbox 2361 3976 2519 4034; x_wconf 74' lang='grc' dir='ltr'>εἶναι.</span> <span class='ocrx_word' id='word_1_599' title='bbox 2550 3980 2695 4050; x_wconf 79' lang='grc' dir='ltr'><strong>Φημὶ</strong></span> <span class='ocrx_word' id='word_1_600' title='bbox 2726 3977 3013 4050; x_wconf 79' lang='grc' dir='ltr'>τοιγαροῦν</span> <span class='ocrx_word' id='word_1_601' title='bbox 3044 3977 3138 4031; x_wconf 89' lang='grc' dir='ltr'><strong>τὸν</strong></span> <span class='ocrx_word' id='word_1_602' title='bbox 3169 3978 3300 4032; x_wconf 88' lang='grc' dir='ltr'>Θεὸν</span> <span class='ocrx_word' id='word_1_603' title='bbox 3328 3976 3471 4031; x_wconf 79' lang='grc' dir='ltr'>οὓτω</span> <span class='ocrx_word' id='word_1_604' title='bbox 3511 3977 3601 4031; x_wconf 89' lang='grc' dir='ltr'><strong>τὸν</strong></span> <span class='ocrx_word' id='word_1_605' title='bbox 3631 3979 3736 4033; x_wconf 76' lang='grc' dir='ltr'><strong>ἆν-</strong></span> 
     </span>
    </p>
   </div>
   <div class='ocr_carea' id='block_1_82' title="bbox 2161 4069 3736 4144">
    <p class='ocr_par' dir='ltr' id='par_1_82' title="bbox 2161 4069 3736 4144">
     <span class='ocr_line' id='line_1_82' title="bbox 2161 4069 3736 4144; baseline -0.001 -17"><span class='ocrx_word' id='word_1_606' title='bbox 2161 4073 2375 4144; x_wconf 88' lang='grc' dir='ltr'>θρωπον</span> <span class='ocrx_word' id='word_1_607' title='bbox 2401 4072 2622 4142; x_wconf 79' lang='grc' dir='ltr'>τιμῆσαι</span> <span class='ocrx_word' id='word_1_608' title='bbox 2653 4070 3102 4142; x_wconf 88' lang='grc' dir='ltr'>προαιρούμενον,</span> <span class='ocrx_word' id='word_1_609' title='bbox 3140 4069 3233 4123; x_wconf 69' lang='grc' dir='ltr'>καὶ</span> <span class='ocrx_word' id='word_1_610' title='bbox 3264 4069 3371 4123; x_wconf 82' lang='grc' dir='ltr'><strong>τῶν</strong></span> <span class='ocrx_word' id='word_1_611' title='bbox 3404 4070 3736 4142; x_wconf 80' lang='grc' dir='ltr'>κρειττόνων</span> 
     </span>
    </p>
   </div>
   <div class='ocr_carea' id='block_1_83' title="bbox 2158 4160 3734 4237">
    <p class='ocr_par' dir='ltr' id='par_1_83' title="bbox 2158 4160 3734 4237">
     <span class='ocr_line' id='line_1_83' title="bbox 2158 4160 3734 4237; baseline -0.001 -19"><span class='ocrx_word' id='word_1_612' title='bbox 2158 4166 2493 4237; x_wconf 79' lang='grc' dir='ltr'>ἐπιστήμονα</span> <span class='ocrx_word' id='word_1_613' title='bbox 2524 4162 2782 4231; x_wconf 87' lang='grc' dir='ltr'>γίνεσθαι,</span> <span class='ocrx_word' id='word_1_614' title='bbox 2826 4163 2927 4233; x_wconf 82' lang='grc' dir='ltr'><strong>τὴν</strong></span> <span class='ocrx_word' id='word_1_615' title='bbox 2967 4161 3210 4226; x_wconf 80' lang='grc' dir='ltr'>ἐξουσίαν</span> <span class='ocrx_word' id='word_1_616' title='bbox 3250 4160 3399 4232; x_wconf 82' lang='grc' dir='ltr'>αύτῷ</span> <span class='ocrx_word' id='word_1_617' title='bbox 3426 4160 3520 4215; x_wconf 82' lang='grc' dir='ltr'>τοῦ</span> <span class='ocrx_word' id='word_1_618' title='bbox 3563 4161 3734 4216; x_wconf 85' lang='grc' dir='ltr'>δύνα-</span> 
     </span>
    </p>
   </div>
   <div class='ocr_carea' id='block_1_84' title="bbox 2160 4252 3734 4327">
    <p class='ocr_par' dir='ltr' id='par_1_84' title="bbox 2160 4252 3734 4327">
     <span class='ocr_line' id='line_1_84' title="bbox 2160 4252 3734 4327; baseline -0.002 -16"><span class='ocrx_word' id='word_1_619' title='bbox 2160 4258 2283 4311; x_wconf 88' lang='grc' dir='ltr'>σθαι</span> <span class='ocrx_word' id='word_1_620' title='bbox 2313 4260 2484 4311; x_wconf 83' lang='grc' dir='ltr'>ποιεῖν</span> <span class='ocrx_word' id='word_1_621' title='bbox 2511 4256 2546 4310; x_wconf 81' lang='grc' dir='ltr'><strong>ἃ</strong></span> <span class='ocrx_word' id='word_1_622' title='bbox 2578 4255 2845 4327; x_wconf 87' lang='grc' dir='ltr'>βούλεται,</span> <span class='ocrx_word' id='word_1_623' title='bbox 2872 4254 3192 4309; x_wconf 85' lang='grc' dir='ltr'>δεδωκέναι·</span> <span class='ocrx_word' id='word_1_624' title='bbox 3222 4253 3317 4308; x_wconf 77' lang='grc' dir='ltr'>καὶ</span> <span class='ocrx_word' id='word_1_625' title='bbox 3348 4252 3446 4325; x_wconf 81' lang='grc' dir='ltr'><strong>τὴν</strong></span> <span class='ocrx_word' id='word_1_626' title='bbox 3477 4252 3734 4318; x_wconf 78' lang='grc' dir='ltr'>ἐξουσίαν</span> 
     </span>
    </p>
   </div>
   <div class='ocr_carea' id='block_1_85' title="bbox 2159 4346 3737 4434">
    <p class='ocr_par' dir='ltr' id='par_1_85' title="bbox 2159 4346 3737 4434">
     <span class='ocr_line' id='line_1_85' title="bbox 2159 4346 3737 4434; baseline -0.003 -30"><span class='ocrx_word' id='word_1_627' title='bbox 2159 4350 2322 4404; x_wconf 79' lang='grc' dir='ltr'>αὑτοῦ</span> <span class='ocrx_word' id='word_1_628' title='bbox 2352 4353 2430 4414; x_wconf 82' lang='grc' dir='ltr'><strong>είς</strong></span> <span class='ocrx_word' id='word_1_629' title='bbox 2465 4352 2708 4434; x_wconf 53' lang='grc' dir='ltr'>κρεῖττον</span> <span class='ocrx_word' id='word_1_630' title='bbox 2737 4352 3042 4420; x_wconf 79' lang='grc' dir='ltr'>παραινεῖν,</span> <span class='ocrx_word' id='word_1_631' title='bbox 3076 4348 3173 4401; x_wconf 81' lang='grc' dir='ltr'><strong>οὐκ</strong></span> <span class='ocrx_word' id='word_1_632' title='bbox 3198 4346 3596 4419; x_wconf 77' lang='grc' dir='ltr'>ἀφαιρούμενον</span> <span class='ocrx_word' id='word_1_633' title='bbox 3628 4347 3737 4400; x_wconf 75' lang='grc' dir='ltr'>πά-</span> 
     </span>
    </p>
   </div>
   <div class='ocr_carea' id='block_1_86' title="bbox 487 4437 2055 4513">
    <p class='ocr_par' dir='ltr' id='par_1_86' title="bbox 487 4437 2055 4507">
     <span class='ocr_line' id='line_1_86' title="bbox 487 4437 2055 4507; baseline 0.004 -16"><span class='ocrx_word' id='word_1_634' title='bbox 487 4445 748 4506; x_wconf 83' lang='lat' dir='ltr'><strong>tanquam</strong></span> <span class='ocrx_word' id='word_1_635' title='bbox 786 4437 929 4507; x_wconf 90' lang='lat' dir='ltr'><strong>quod</strong></span> <span class='ocrx_word' id='word_1_636' title='bbox 952 4437 1146 4493; x_wconf 89' lang='lat' dir='ltr'><strong>melius</strong></span> <span class='ocrx_word' id='word_1_637' title='bbox 1170 4446 1274 4503; x_wconf 90' lang='lat' dir='ltr'><strong>est,</strong></span> <span class='ocrx_word' id='word_1_638' title='bbox 1305 4439 1582 4497; x_wconf 89' lang='lat' dir='ltr'><strong>declarare</strong></span> <span class='ocrx_word' id='word_1_639' title='bbox 1602 4442 1747 4497; x_wconf 89' lang='lat' dir='ltr'><strong>velit.</strong></span> <span class='ocrx_word' id='word_1_640' title='bbox 1779 4442 1951 4498; x_wconf 85' lang='lat' dir='ltr'><strong>Habet</strong></span> <span class='ocrx_word' id='word_1_641' title='bbox 1980 4445 2055 4498; x_wconf 86' lang='lat' dir='ltr'><strong>si-</strong></span> 
     </span>
    </p>
   </div>
   <div class='ocr_carea' id='block_1_87' title="bbox 2159 4437 3734 4513">
    <p class='ocr_par' dir='ltr' id='par_1_87' title="bbox 2159 4438 3734 4511">
     <span class='ocr_line' id='line_1_87' title="bbox 2159 4438 3734 4511; baseline -0.004 -15"><span class='ocrx_word' id='word_1_642' title='bbox 2159 4443 2241 4497; x_wconf 89' lang='grc' dir='ltr'>λιν</span> <span class='ocrx_word' id='word_1_643' title='bbox 2268 4443 2359 4496; x_wconf 84' lang='grc' dir='ltr'><strong>τὸν</strong></span> <span class='ocrx_word' id='word_1_644' title='bbox 2393 4442 2750 4507; x_wconf 81' lang='grc' dir='ltr'>αὐτεξούσιον,</span> <span class='ocrx_word' id='word_1_645' title='bbox 2784 4440 2917 4494; x_wconf 87' lang='grc' dir='ltr'><strong>άλλὰ</strong></span> <span class='ocrx_word' id='word_1_646' title='bbox 2956 4442 3046 4493; x_wconf 88' lang='grc' dir='ltr'><strong>τὸν</strong></span> <span class='ocrx_word' id='word_1_647' title='bbox 3079 4443 3322 4511; x_wconf 86' lang='grc' dir='ltr'>κρεῖττον</span> <span class='ocrx_word' id='word_1_648' title='bbox 3362 4438 3585 4509; x_wconf 79' lang='grc' dir='ltr'>μηνύειν</span> <span class='ocrx_word' id='word_1_649' title='bbox 3630 4438 3734 4491; x_wconf 80' lang='grc' dir='ltr'><strong>θέ-</strong></span> 
     </span>
    </p>
   </div>
   <div class='ocr_carea' id='block_1_88' title="bbox 487 4529 2057 4605">
    <p class='ocr_par' dir='ltr' id='par_1_88' title="bbox 487 4529 2057 4605">
     <span class='ocr_line' id='line_1_88' title="bbox 487 4529 2057 4605; baseline 0.006 -24"><span class='ocrx_word' id='word_1_650' title='bbox 487 4529 704 4599; x_wconf 83' lang='lat' dir='ltr'><strong>quidem</strong></span> <span class='ocrx_word' id='word_1_651' title='bbox 752 4537 1109 4599; x_wconf 89' lang='lat' dir='ltr'><strong>potestatem,</strong></span> <span class='ocrx_word' id='word_1_652' title='bbox 1153 4540 1208 4585; x_wconf 91' lang='lat' dir='ltr'><strong>et</strong></span> <span class='ocrx_word' id='word_1_653' title='bbox 1252 4532 1565 4587; x_wconf 87' lang='lat' dir='ltr'><strong>mandatum</strong></span> <span class='ocrx_word' id='word_1_654' title='bbox 1608 4535 1804 4605; x_wconf 89' lang='lat' dir='ltr'><strong>accipit</strong></span> <span class='ocrx_word' id='word_1_655' title='bbox 1850 4553 1865 4589; x_wconf 92' lang='lat'><strong>:</strong></span> <span class='ocrx_word' id='word_1_656' title='bbox 1914 4534 2057 4592; x_wconf 90' lang='lat' dir='ltr'><strong>Deus</strong></span> 
     </span>
    </p>
   </div>
   <div class='ocr_carea' id='block_1_89' title="bbox 487 4618 2053 4697">
    <p class='ocr_par' dir='ltr' id='par_1_89' title="bbox 487 4618 2053 4697">
     <span class='ocr_line' id='line_1_89' title="bbox 487 4618 2053 4697; baseline 0.004 -24"><span class='ocrx_word' id='word_1_657' title='bbox 487 4627 669 4675; x_wconf 81' lang='lat' dir='ltr'><strong>autem</strong></span> <span class='ocrx_word' id='word_1_658' title='bbox 702 4618 976 4689; x_wconf 87' lang='lat' dir='ltr'><strong>admonet,</strong></span> <span class='ocrx_word' id='word_1_659' title='bbox 1008 4630 1069 4677; x_wconf 89' lang='lat' dir='ltr'><strong>ut</strong></span> <span class='ocrx_word' id='word_1_660' title='bbox 1098 4622 1282 4687; x_wconf 88' lang='lat' dir='ltr'><strong>homo,</strong></span> <span class='ocrx_word' id='word_1_661' title='bbox 1314 4624 1665 4690; x_wconf 88' lang='lat' dir='ltr'><strong>voluntatem,</strong></span> <span class='ocrx_word' id='word_1_662' title='bbox 1700 4641 1806 4696; x_wconf 82' lang='lat' dir='ltr'><strong>qua</strong></span> <span class='ocrx_word' id='word_1_663' title='bbox 1855 4635 2053 4697; x_wconf 91' lang='lat' dir='ltr'><strong>potest,</strong></span> 
     </span>
    </p>
   </div>
   <div class='ocr_carea' id='block_1_90' title="bbox 492 4709 2053 4785">
    <p class='ocr_par' dir='ltr' id='par_1_90' title="bbox 492 4709 2053 4785">
     <span class='ocr_line' id='line_1_90' title="bbox 492 4709 2053 4785; baseline 0.003 -21"><span class='ocrx_word' id='word_1_664' title='bbox 492 4710 548 4764; x_wconf 89' lang='lat' dir='ltr'><strong>in</strong></span> <span class='ocrx_word' id='word_1_665' title='bbox 586 4710 787 4764; x_wconf 89' lang='lat' dir='ltr'><strong>bonum</strong></span> <span class='ocrx_word' id='word_1_666' title='bbox 837 4709 1120 4766; x_wconf 81' lang='lat' dir='ltr'><strong>inflexerit.</strong></span> <span class='ocrx_word' id='word_1_667' title='bbox 1161 4710 1232 4767; x_wconf 79' lang='lat' dir='ltr'><strong>lJt</strong></span> <span class='ocrx_word' id='word_1_668' title='bbox 1265 4712 1430 4777; x_wconf 90' lang='lat' dir='ltr'><strong>enim,</strong></span> <span class='ocrx_word' id='word_1_669' title='bbox 1462 4727 1585 4767; x_wconf 92' lang='lat' dir='ltr'><strong>cum</strong></span> <span class='ocrx_word' id='word_1_670' title='bbox 1617 4722 1770 4783; x_wconf 88' lang='lat' dir='ltr'><strong>pater</strong></span> <span class='ocrx_word' id='word_1_671' title='bbox 1804 4728 2053 4785; x_wconf 89' lang='lat' dir='ltr'><strong>puerum,</strong></span> 
     </span>
    </p>
   </div>
   <div class='ocr_carea' id='block_1_91' title="bbox 487 4800 2055 4876">
    <p class='ocr_par' dir='ltr' id='par_1_91' title="bbox 487 4800 2055 4876">
     <span class='ocr_line' id='line_1_91' title="bbox 487 4800 2055 4876; baseline 0.004 -21"><span class='ocrx_word' id='word_1_672' title='bbox 487 4801 693 4872; x_wconf 90' lang='lat' dir='ltr'><strong>alioqui</strong></span> <span class='ocrx_word' id='word_1_673' title='bbox 741 4800 1028 4858; x_wconf 86' lang='lat' dir='ltr'><strong>habentem</strong></span> <span class='ocrx_word' id='word_1_674' title='bbox 1081 4804 1394 4861; x_wconf 89' lang='lat' dir='ltr'><strong>facultatem</strong></span> <span class='ocrx_word' id='word_1_675' title='bbox 1434 4805 1503 4859; x_wconf 88' lang='lat' dir='ltr'><strong>ad</strong></span> <span class='ocrx_word' id='word_1_676' title='bbox 1546 4805 1932 4876; x_wconf 86' lang='lat' dir='ltr'><strong>perdiscendas</strong></span> <span class='ocrx_word' id='word_1_677' title='bbox 1972 4807 2055 4861; x_wconf 86' lang='lat' dir='ltr'><strong>di-</strong></span> 
     </span>
    </p>
   </div>
   <div class='ocr_carea' id='block_1_92' title="bbox 490 4892 2055 4965">
    <p class='ocr_par' dir='ltr' id='par_1_92' title="bbox 490 4892 2055 4965">
     <span class='ocr_line' id='line_1_92' title="bbox 490 4892 2055 4965; baseline 0.005 -20"><span class='ocrx_word' id='word_1_678' title='bbox 490 4892 772 4962; x_wconf 87' lang='lat' dir='ltr'><strong>sciplinas,</strong></span> <span class='ocrx_word' id='word_1_679' title='bbox 808 4900 863 4948; x_wconf 90' lang='lat' dir='ltr'><strong>et</strong></span> <span class='ocrx_word' id='word_1_680' title='bbox 900 4894 1073 4965; x_wconf 84' lang='lat' dir='ltr'><strong>magis</strong></span> <span class='ocrx_word' id='word_1_681' title='bbox 1115 4910 1304 4951; x_wconf 88' lang='lat' dir='ltr'><strong>earum</strong></span> <span class='ocrx_word' id='word_1_682' title='bbox 1348 4897 1532 4953; x_wconf 85' lang='lat' dir='ltr'><strong>studio</strong></span> <span class='ocrx_word' id='word_1_683' title='bbox 1580 4898 2055 4965; x_wconf 78' lang='lat' dir='ltr'><strong>adhaerescendum</strong></span> 
     </span>
    </p>
   </div>
   <div class='ocr_carea' id='block_1_93' title="bbox 490 4980 2056 5060">
    <p class='ocr_par' dir='ltr' id='par_1_93' title="bbox 490 4980 2056 5060">
     <span class='ocr_line' id='line_1_93' title="bbox 490 4980 2056 5060; baseline 0.006 -25"><span class='ocrx_word' id='word_1_684' title='bbox 490 4980 762 5049; x_wconf 83' lang='lat' dir='ltr'><strong>hortatur,</strong></span> <span class='ocrx_word' id='word_1_685' title='bbox 789 4983 1076 5042; x_wconf 86' lang='lat' dir='ltr'><strong>declarans</strong></span> <span class='ocrx_word' id='word_1_686' title='bbox 1119 5001 1243 5043; x_wconf 88' lang='lat' dir='ltr'><strong>esse</strong></span> <span class='ocrx_word' id='word_1_687' title='bbox 1280 4987 1331 5042; x_wconf 89' lang='lat' dir='ltr'><strong>ei</strong></span> <span class='ocrx_word' id='word_1_688' title='bbox 1380 4988 1434 5042; x_wconf 90' lang='lat' dir='ltr'><strong>id</strong></span> <span class='ocrx_word' id='word_1_689' title='bbox 1460 4989 1690 5055; x_wconf 89' lang='lat' dir='ltr'><strong>melius,</strong></span> <span class='ocrx_word' id='word_1_690' title='bbox 1740 5004 1852 5045; x_wconf 88' lang='lat' dir='ltr'><strong>non</strong></span> <span class='ocrx_word' id='word_1_691' title='bbox 1880 4992 2056 5060; x_wconf 88' lang='lat' dir='ltr'><strong>privat</strong></span> 
     </span>
    </p>
   </div>
   <div class='ocr_carea' id='block_1_94' title="bbox 488 5078 2055 5151">
    <p class='ocr_par' dir='ltr' id='par_1_94' title="bbox 488 5078 2055 5151">
     <span class='ocr_line' id='line_1_94' title="bbox 488 5078 2055 5151; baseline 0.006 -24"><span class='ocrx_word' id='word_1_692' title='bbox 488 5090 714 5144; x_wconf 87' lang='lat' dir='ltr'><strong>puerum</strong></span> <span class='ocrx_word' id='word_1_693' title='bbox 765 5082 1034 5145; x_wconf 89' lang='lat' dir='ltr'><strong>potestate</strong></span> <span class='ocrx_word' id='word_1_694' title='bbox 1057 5093 1221 5147; x_wconf 88' lang='lat' dir='ltr'><strong>quam</strong></span> <span class='ocrx_word' id='word_1_695' title='bbox 1250 5078 1791 5151; x_wconf 80' lang='lat' dir='ltr'><strong>habet;-quanquam</strong></span> <span class='ocrx_word' id='word_1_696' title='bbox 1818 5081 1866 5137; x_wconf 90' lang='lat' dir='ltr'><strong>is</strong></span> <span class='ocrx_word' id='word_1_697' title='bbox 1919 5082 2055 5137; x_wconf 90' lang='lat' dir='ltr'><strong>nolit</strong></span> 
     </span>
    </p>
   </div>
   <div class='ocr_carea' id='block_1_95' title="bbox 489 5166 2057 5237">
    <p class='ocr_par' dir='ltr' id='par_1_95' title="bbox 489 5166 2057 5237">
     <span class='ocr_line' id='line_1_95' title="bbox 489 5166 2057 5237; baseline 0.008 -19"><span class='ocrx_word' id='word_1_698' title='bbox 489 5166 668 5222; x_wconf 89' lang='lat' dir='ltr'><strong>libens</strong></span> <span class='ocrx_word' id='word_1_699' title='bbox 692 5167 872 5223; x_wconf 87' lang='lat' dir='ltr'><strong>dicere</strong></span> <span class='ocrx_word' id='word_1_700' title='bbox 900 5189 913 5224; x_wconf 88' lang='lat'><strong>:</strong></span> <span class='ocrx_word' id='word_1_701' title='bbox 938 5170 1014 5223; x_wconf 88' lang='lat' dir='ltr'><strong>ita</strong></span> <span class='ocrx_word' id='word_1_702' title='bbox 1038 5179 1092 5225; x_wconf 89' lang='lat' dir='ltr'><strong>et</strong></span> <span class='ocrx_word' id='word_1_703' title='bbox 1119 5169 1310 5237; x_wconf 89' lang='lat' dir='ltr'><strong>Deum,</strong></span> <span class='ocrx_word' id='word_1_704' title='bbox 1341 5187 1464 5227; x_wconf 86' lang='lat' dir='ltr'><strong>cum</strong></span> <span class='ocrx_word' id='word_1_705' title='bbox 1507 5173 1781 5230; x_wconf 85' lang='lat' dir='ltr'><strong>hominem</strong></span> <span class='ocrx_word' id='word_1_706' title='bbox 1807 5175 2057 5231; x_wconf 88' lang='lat' dir='ltr'><strong>hortatur</strong></span> 
     </span>
    </p>
   </div>
   <div class='ocr_carea' id='block_1_96' title="bbox 492 5258 2053 5336">
    <p class='ocr_par' dir='ltr' id='par_1_96' title="bbox 492 5258 2053 5336">
     <span class='ocr_line' id='line_1_96' title="bbox 492 5258 2053 5336; baseline 0.006 -24"><span class='ocrx_word' id='word_1_707' title='bbox 492 5267 554 5313; x_wconf 91' lang='lat' dir='ltr'><strong>ut</strong></span> <span class='ocrx_word' id='word_1_708' title='bbox 574 5258 846 5315; x_wconf 80' lang='lat' dir='ltr'><strong>mandatis</strong></span> <span class='ocrx_word' id='word_1_709' title='bbox 880 5268 1090 5330; x_wconf 84' lang='lat' dir='ltr'><strong>pareat,</strong></span> <span class='ocrx_word' id='word_1_710' title='bbox 1124 5262 1545 5336; x_wconf 87' lang='lat' dir='ltr'><strong>haudquaquam</strong></span> <span class='ocrx_word' id='word_1_711' title='bbox 1596 5267 1832 5323; x_wconf 87' lang='lat' dir='ltr'><strong>arbitror</strong></span> <span class='ocrx_word' id='word_1_712' title='bbox 1855 5268 2053 5323; x_wconf 83' lang='lat' dir='ltr'><strong>volun-</strong></span> 
     </span>
    </p>
   </div>
   <div class='ocr_carea' id='block_1_97' title="bbox 491 5348 2056 5430">
    <p class='ocr_par' dir='ltr' id='par_1_97' title="bbox 491 5348 2056 5430">
     <span class='ocr_line' id='line_1_97' title="bbox 491 5348 2056 5430; baseline 0.007 -28"><span class='ocrx_word' id='word_1_713' title='bbox 491 5348 623 5405; x_wconf 84' lang='lat' dir='ltr'><strong>tatis</strong></span> <span class='ocrx_word' id='word_1_714' title='bbox 679 5355 999 5420; x_wconf 81' lang='lat' dir='ltr'><strong>potestatem</strong></span> <span class='ocrx_word' id='word_1_715' title='bbox 1028 5352 1260 5421; x_wconf 87' lang='lat' dir='ltr'><strong>auferre,</strong></span> <span class='ocrx_word' id='word_1_716' title='bbox 1289 5371 1397 5427; x_wconf 87' lang='lat' dir='ltr'><strong>qua</strong></span> <span class='ocrx_word' id='word_1_717' title='bbox 1429 5358 1478 5413; x_wconf 91' lang='lat' dir='ltr'><strong>is</strong></span> <span class='ocrx_word' id='word_1_718' title='bbox 1506 5359 1680 5430; x_wconf 89' lang='lat' dir='ltr'><strong>possit</strong></span> <span class='ocrx_word' id='word_1_719' title='bbox 1729 5359 1893 5415; x_wconf 89' lang='lat' dir='ltr'><strong>etiam</strong></span> <span class='ocrx_word' id='word_1_720' title='bbox 1945 5374 2056 5414; x_wconf 88' lang='lat' dir='ltr'><strong>non</strong></span> 
     </span>
    </p>
   </div>
   <div class='ocr_carea' id='block_1_98' title="bbox 561 5519 1435 5598">
    <p class='ocr_par' dir='ltr' id='par_1_98' title="bbox 561 5519 1435 5598">
     <span class='ocr_line' id='line_1_98' title="bbox 561 5519 1435 5598; baseline 0 0"><span class='ocrx_word' id='word_1_721' title='bbox 561 5519 674 5598; x_wconf 66' lang='grc' dir='ltr'><strong>(ἓὲ)</strong></span> <span class='ocrx_word' id='word_1_722' title='bbox 710 5519 879 5598; x_wconf 60' lang='grc' dir='ltr'>Εἰλιρά</span> <span class='ocrx_word' id='word_1_723' title='bbox 905 5521 996 5598; x_wconf 62' lang='lat' dir='ltr'><strong>&quot;i-</strong></span> <span class='ocrx_word' id='word_1_724' title='bbox 1020 5522 1107 5598; x_wconf 69' lang='grc' dir='ltr'><strong>ΑΙ·</strong></span> <span class='ocrx_word' id='word_1_725' title='bbox 1138 5525 1291 5598; x_wconf 66' lang='grc' dir='ltr'>περά</span> <span class='ocrx_word' id='word_1_726' title='bbox 1320 5526 1435 5583; x_wconf 51' lang='lat'><strong>$05-</strong></span> 
     </span>
    </p>
   </div>
   <div class='ocr_carea' id='block_1_99' title="bbox 561 5590 2051 5662">
    <p class='ocr_par' dir='ltr' id='par_1_99' title="bbox 561 5590 2051 5662">
     <span class='ocr_line' id='line_1_99' title="bbox 561 5590 2051 5662; baseline 0.003 -16"><span class='ocrx_word' id='word_1_727' title='bbox 561 5590 672 5659; x_wconf 73' lang='lat'><strong>(39)</strong></span> <span class='ocrx_word' id='word_1_728' title='bbox 713 5590 833 5662; x_wconf 53' lang='lat' dir='ltr'><strong>This</strong></span> <span class='ocrx_word' id='word_1_729' title='bbox 875 5594 982 5648; x_wconf 82' lang='grc' dir='ltr'>τοῦ</span> <span class='ocrx_word' id='word_1_730' title='bbox 1025 5596 1128 5650; x_wconf 82' lang='grc' dir='ltr'>ὑπ.</span> <span class='ocrx_word' id='word_1_731' title='bbox 1182 5590 1625 5655; x_wconf 67' lang='lat' dir='ltr'><strong>P&#39;raamittendum</strong></span> <span class='ocrx_word' id='word_1_732' title='bbox 1674 5598 1906 5655; x_wconf 88' lang='lat' dir='ltr'><strong>fortasse</strong></span> <span class='ocrx_word' id='word_1_733' title='bbox 1945 5597 2051 5652; x_wconf 83' lang='grc' dir='ltr'>διά.</span> 
     </span>
    </p>
   </div>
   <div class='ocr_carea' id='block_1_100' title="bbox 491 5658 2053 5740">
    <p class='ocr_par' dir='ltr' id='par_1_100' title="bbox 491 5658 2053 5740">
     <span class='ocr_line' id='line_1_100' title="bbox 491 5658 2053 5740; baseline 0.006 -25"><span class='ocrx_word' id='word_1_734' title='bbox 491 5658 617 5716; x_wconf 74' lang='lat' dir='ltr'><strong>Mox</strong></span> <span class='ocrx_word' id='word_1_735' title='bbox 659 5658 1009 5721; x_wconf 73' lang='lat' dir='ltr'><strong>scribendum</strong></span> <span class='ocrx_word' id='word_1_736' title='bbox 1054 5666 1233 5720; x_wconf 85' lang='grc' dir='ltr'>αἰτίαν</span> <span class='ocrx_word' id='word_1_737' title='bbox 1285 5667 1450 5740; x_wconf 85' lang='grc' dir='ltr'>μόνην</span> <span class='ocrx_word' id='word_1_738' title='bbox 1473 5711 1489 5738; x_wconf 96' lang='grc'><strong>,</strong></span> <span class='ocrx_word' id='word_1_739' title='bbox 1538 5672 1621 5726; x_wconf 86' lang='lat' dir='ltr'><strong>vel</strong></span> <span class='ocrx_word' id='word_1_740' title='bbox 1682 5669 1852 5723; x_wconf 73' lang='grc' dir='ltr'>αἴτιον</span> <span class='ocrx_word' id='word_1_741' title='bbox 1893 5668 2053 5724; x_wconf 86' lang='grc' dir='ltr'>δύνα-</span> 
     </span>
    </p>
   </div>
   <div class='ocr_carea' id='block_1_101' title="bbox 492 5747 606 5806">
    <p class='ocr_par' dir='ltr' id='par_1_101' title="bbox 492 5747 606 5806">
     <span class='ocr_line' id='line_1_101' title="bbox 492 5747 606 5806; baseline 0.026 -21"><span class='ocrx_word' id='word_1_742' title='bbox 492 5747 606 5806; x_wconf 84' lang='grc' dir='ltr'>μιν.</span> 
     </span>
    </p>
   </div>
   <div class='ocr_carea' id='block_1_102' title="bbox 2161 4530 3735 4605">
    <p class='ocr_par' dir='ltr' id='par_1_102' title="bbox 2161 4530 3735 4605">
     <span class='ocr_line' id='line_1_102' title="bbox 2161 4530 3735 4605; baseline -0.003 -18"><span class='ocrx_word' id='word_1_743' title='bbox 2161 4534 2335 4588; x_wconf 86' lang='grc' dir='ltr'>λοντα.</span> <span class='ocrx_word' id='word_1_744' title='bbox 2362 4535 2434 4587; x_wconf 87' lang='grc' dir='ltr'>Τὸ</span> <span class='ocrx_word' id='word_1_745' title='bbox 2464 4534 2560 4605; x_wconf 80' lang='grc' dir='ltr'>μὲν</span> <span class='ocrx_word' id='word_1_746' title='bbox 2583 4533 2691 4605; x_wconf 86' lang='grc' dir='ltr'><strong>γὰρ</strong></span> <span class='ocrx_word' id='word_1_747' title='bbox 2717 4531 2973 4586; x_wconf 84' lang='grc' dir='ltr'>δύνασθαι</span> <span class='ocrx_word' id='word_1_748' title='bbox 3007 4532 3267 4604; x_wconf 88' lang='grc' dir='ltr'>πάρεστιν</span> <span class='ocrx_word' id='word_1_749' title='bbox 3292 4530 3440 4601; x_wconf 82' lang='grc' dir='ltr'>αύτῷ</span> <span class='ocrx_word' id='word_1_750' title='bbox 3461 4547 3474 4560; x_wconf 83' lang='grc'><em>’</em></span> <span class='ocrx_word' id='word_1_751' title='bbox 3502 4530 3597 4583; x_wconf 78' lang='grc' dir='ltr'><strong>καὶ</strong></span> <span class='ocrx_word' id='word_1_752' title='bbox 3624 4530 3735 4603; x_wconf 79' lang='grc' dir='ltr'><strong>τὴν</strong></span> 
     </span>
    </p>
   </div>
   <div class='ocr_carea' id='block_1_103' title="bbox 2161 4621 3735 4698">
    <p class='ocr_par' dir='ltr' id='par_1_103' title="bbox 2161 4621 3735 4698">
     <span class='ocr_line' id='line_1_103' title="bbox 2161 4621 3735 4698; baseline -0.003 -17"><span class='ocrx_word' id='word_1_753' title='bbox 2161 4627 2378 4698; x_wconf 83' lang='grc' dir='ltr'>ἐντολὴν</span> <span class='ocrx_word' id='word_1_754' title='bbox 2416 4625 2711 4696; x_wconf 79' lang='grc' dir='ltr'>λαμϐάνει·</span> <span class='ocrx_word' id='word_1_755' title='bbox 2758 4624 2855 4695; x_wconf 82' lang='grc' dir='ltr'><strong>τὴν</strong></span> <span class='ocrx_word' id='word_1_756' title='bbox 2887 4623 2943 4676; x_wconf 84' lang='grc' dir='ltr'><strong>δὲ</strong></span> <span class='ocrx_word' id='word_1_757' title='bbox 2981 4623 3075 4678; x_wconf 77' lang='grc' dir='ltr'>τοῦ</span> <span class='ocrx_word' id='word_1_758' title='bbox 3118 4622 3378 4677; x_wconf 86' lang='grc' dir='ltr'>δύνασθαι</span> <span class='ocrx_word' id='word_1_759' title='bbox 3407 4621 3735 4692; x_wconf 81' lang='grc' dir='ltr'>προαίρεσιν</span> 
     </span>
    </p>
   </div>
   <div class='ocr_carea' id='block_1_104' title="bbox 2162 4714 3735 4789">
    <p class='ocr_par' dir='ltr' id='par_1_104' title="bbox 2162 4714 3735 4789">
     <span class='ocr_line' id='line_1_104' title="bbox 2162 4714 3735 4789; baseline -0.004 -16"><span class='ocrx_word' id='word_1_760' title='bbox 2162 4722 2241 4783; x_wconf 86' lang='grc' dir='ltr'>εἰς</span> <span class='ocrx_word' id='word_1_761' title='bbox 2269 4719 2327 4774; x_wconf 90' lang='grc' dir='ltr'><strong>τὸ</strong></span> <span class='ocrx_word' id='word_1_762' title='bbox 2349 4720 2592 4789; x_wconf 87' lang='grc' dir='ltr'>κρεῖττον</span> <span class='ocrx_word' id='word_1_763' title='bbox 2620 4717 2840 4788; x_wconf 80' lang='grc' dir='ltr'>τρέπειν</span> <span class='ocrx_word' id='word_1_764' title='bbox 2866 4717 2894 4768; x_wconf 89' lang='grc' dir='ltr'>ὁ</span> <span class='ocrx_word' id='word_1_765' title='bbox 2925 4714 3056 4779; x_wconf 77' lang='grc' dir='ltr'>Θεὸς</span> <span class='ocrx_word' id='word_1_766' title='bbox 3080 4717 3353 4784; x_wconf 87' lang='grc' dir='ltr'>παραινεῖ.</span> <span class='ocrx_word' id='word_1_767' title='bbox 3381 4715 3590 4784; x_wconf 84' lang='grc' dir='ltr'>’Ὠσπερ</span> <span class='ocrx_word' id='word_1_768' title='bbox 3616 4716 3735 4786; x_wconf 84' lang='grc' dir='ltr'><strong>γάρ</strong></span> 
     </span>
    </p>
   </div>
   <div class='ocr_carea' id='block_1_105' title="bbox 2162 4803 3734 4880">
    <p class='ocr_par' dir='ltr' id='par_1_105' title="bbox 2162 4803 3734 4880">
     <span class='ocr_line' id='line_1_105' title="bbox 2162 4803 3734 4880; baseline -0.002 -17"><span class='ocrx_word' id='word_1_769' title='bbox 2162 4809 2345 4880; x_wconf 81' lang='grc' dir='ltr'>πατὴρ</span> <span class='ocrx_word' id='word_1_770' title='bbox 2381 4808 2527 4861; x_wconf 67' lang='grc' dir='ltr'>παιδὶ</span> <span class='ocrx_word' id='word_1_771' title='bbox 2556 4809 2842 4878; x_wconf 86' lang='grc' dir='ltr'>παραινεῖ,</span> <span class='ocrx_word' id='word_1_772' title='bbox 2876 4804 3123 4869; x_wconf 81' lang='grc' dir='ltr'>ἐξουσίαν</span> <span class='ocrx_word' id='word_1_773' title='bbox 3155 4804 3332 4875; x_wconf 75' lang='grc' dir='ltr'>ἔχοντι</span> <span class='ocrx_word' id='word_1_774' title='bbox 3367 4803 3734 4874; x_wconf 80' lang='grc' dir='ltr'>ἐκμανθάνειν</span> 
     </span>
    </p>
   </div>
   <div class='ocr_carea' id='block_1_106' title="bbox 2158 4894 3733 4972">
    <p class='ocr_par' dir='ltr' id='par_1_106' title="bbox 2158 4894 3733 4972">
     <span class='ocr_line' id='line_1_106' title="bbox 2158 4894 3733 4972; baseline -0.004 -19"><span class='ocrx_word' id='word_1_775' title='bbox 2158 4899 2227 4953; x_wconf 81' lang='grc' dir='ltr'><strong>τά</strong></span> <span class='ocrx_word' id='word_1_776' title='bbox 2255 4899 2574 4972; x_wconf 85' lang='grc' dir='ltr'>μαθήματα,</span> <span class='ocrx_word' id='word_1_777' title='bbox 2606 4898 2698 4952; x_wconf 76' lang='grc' dir='ltr'><strong>καὶ</strong></span> <span class='ocrx_word' id='word_1_778' title='bbox 2745 4897 2942 4968; x_wconf 81' lang='grc' dir='ltr'>μᾶλλον</span> <span class='ocrx_word' id='word_1_779' title='bbox 2969 4895 3187 4966; x_wconf 79' lang='grc' dir='ltr'>ἔχεσθαι</span> <span class='ocrx_word' id='word_1_780' title='bbox 3213 4894 3323 4948; x_wconf 82' lang='grc' dir='ltr'><strong>τῶν</strong></span> <span class='ocrx_word' id='word_1_781' title='bbox 3358 4894 3733 4965; x_wconf 85' lang='grc' dir='ltr'>μαθημάτων,</span> 
     </span>
    </p>
   </div>
   <div class='ocr_carea' id='block_1_107' title="bbox 2158 4983 3733 5061">
    <p class='ocr_par' dir='ltr' id='par_1_107' title="bbox 2158 4983 3733 5061">
     <span class='ocr_line' id='line_1_107' title="bbox 2158 4983 3733 5061; baseline -0.002 -19"><span class='ocrx_word' id='word_1_782' title='bbox 2158 4990 2262 5053; x_wconf 84' lang='grc' dir='ltr'>ὅτι,</span> <span class='ocrx_word' id='word_1_783' title='bbox 2293 4991 2536 5061; x_wconf 84' lang='grc' dir='ltr'>κρεῖττον</span> <span class='ocrx_word' id='word_1_784' title='bbox 2559 4986 2715 5041; x_wconf 72' lang='grc' dir='ltr'>τοῦτο</span> <span class='ocrx_word' id='word_1_785' title='bbox 2740 4987 2981 5059; x_wconf 84' lang='grc' dir='ltr'>μηνύων,</span> <span class='ocrx_word' id='word_1_786' title='bbox 3009 4986 3070 5039; x_wconf 86' lang='grc' dir='ltr'><strong>ού</strong></span> <span class='ocrx_word' id='word_1_787' title='bbox 3094 4986 3192 5056; x_wconf 83' lang='grc' dir='ltr'><strong>τὴν</strong></span> <span class='ocrx_word' id='word_1_788' title='bbox 3214 4984 3308 5038; x_wconf 83' lang='grc' dir='ltr'>τοῦ</span> <span class='ocrx_word' id='word_1_789' title='bbox 3338 4983 3596 5039; x_wconf 84' lang='grc' dir='ltr'>δύνασθαι</span> <span class='ocrx_word' id='word_1_790' title='bbox 3626 4984 3733 5039; x_wconf 80' lang='grc' dir='ltr'>τοῦ</span> 
     </span>
    </p>
   </div>
   <div class='ocr_carea' id='block_1_108' title="bbox 2160 5076 3737 5150">
    <p class='ocr_par' dir='ltr' id='par_1_108' title="bbox 2160 5076 3737 5150">
     <span class='ocr_line' id='line_1_108' title="bbox 2160 5076 3737 5150; baseline -0.001 -16"><span class='ocrx_word' id='word_1_791' title='bbox 2160 5080 2347 5145; x_wconf 87' lang='grc' dir='ltr'>παιδὸς</span> <span class='ocrx_word' id='word_1_792' title='bbox 2389 5080 2635 5144; x_wconf 77' lang='grc' dir='ltr'>ἐξουσίαν</span> <span class='ocrx_word' id='word_1_793' title='bbox 2678 5080 2920 5150; x_wconf 71' lang='grc' dir='ltr'>ἀφαιρεῖ,</span> <span class='ocrx_word' id='word_1_794' title='bbox 2969 5077 3072 5133; x_wconf 75' lang='grc' dir='ltr'>κᾶν</span> <span class='ocrx_word' id='word_1_795' title='bbox 3130 5077 3205 5149; x_wconf 81' lang='grc' dir='ltr'>μὴ</span> <span class='ocrx_word' id='word_1_796' title='bbox 3240 5076 3381 5131; x_wconf 75' lang='grc' dir='ltr'>ἑκὼν</span> <span class='ocrx_word' id='word_1_797' title='bbox 3432 5076 3737 5149; x_wconf 83' lang='grc' dir='ltr'>μανθάνειν</span> 
     </span>
    </p>
   </div>
   <div class='ocr_carea' id='block_1_109' title="bbox 2162 5164 3737 5242">
    <p class='ocr_par' dir='ltr' id='par_1_109' title="bbox 2162 5164 3737 5242">
     <span class='ocr_line' id='line_1_109' title="bbox 2162 5164 3737 5242; baseline -0.003 -19"><span class='ocrx_word' id='word_1_798' title='bbox 2162 5170 2442 5242; x_wconf 85' lang='grc' dir='ltr'>βούληται·</span> <span class='ocrx_word' id='word_1_799' title='bbox 2475 5169 2615 5224; x_wconf 79' lang='grc' dir='ltr'>οὑτω</span> <span class='ocrx_word' id='word_1_800' title='bbox 2662 5186 2750 5239; x_wconf 89' lang='grc' dir='ltr'><strong>μοι</strong></span> <span class='ocrx_word' id='word_1_801' title='bbox 2778 5168 2872 5222; x_wconf 74' lang='grc' dir='ltr'><strong>καὶ</strong></span> <span class='ocrx_word' id='word_1_802' title='bbox 2908 5167 2998 5221; x_wconf 86' lang='grc' dir='ltr'><strong>τὸν</strong></span> <span class='ocrx_word' id='word_1_803' title='bbox 3035 5166 3166 5222; x_wconf 82' lang='grc' dir='ltr'>Θεὸν</span> <span class='ocrx_word' id='word_1_804' title='bbox 3199 5166 3262 5220; x_wconf 89' lang='grc' dir='ltr'><strong>ού</strong></span> <span class='ocrx_word' id='word_1_805' title='bbox 3303 5165 3472 5233; x_wconf 85' lang='grc' dir='ltr'>δοκεῖ,</span> <span class='ocrx_word' id='word_1_806' title='bbox 3500 5164 3737 5237; x_wconf 84' lang='grc' dir='ltr'>προτρέ-</span> 
     </span>
    </p>
   </div>
   <div class='ocr_carea' id='block_1_110' title="bbox 2157 5257 3735 5332">
    <p class='ocr_par' dir='ltr' id='par_1_110' title="bbox 2157 5257 3735 5332">
     <span class='ocr_line' id='line_1_110' title="bbox 2157 5257 3735 5332; baseline -0.003 -17"><span class='ocrx_word' id='word_1_807' title='bbox 2157 5278 2329 5315; x_wconf 87' lang='grc' dir='ltr'>ποντα</span> <span class='ocrx_word' id='word_1_808' title='bbox 2360 5260 2451 5315; x_wconf 91' lang='grc' dir='ltr'><strong>τὸν</strong></span> <span class='ocrx_word' id='word_1_809' title='bbox 2487 5258 2771 5332; x_wconf 78' lang='grc' dir='ltr'>ἄνθρωπον</span> <span class='ocrx_word' id='word_1_810' title='bbox 2815 5257 3098 5313; x_wconf 82' lang='grc' dir='ltr'>πείθεσθαι</span> <span class='ocrx_word' id='word_1_811' title='bbox 3134 5260 3247 5323; x_wconf 85' lang='grc' dir='ltr'>τοῖς</span> <span class='ocrx_word' id='word_1_812' title='bbox 3288 5259 3735 5332; x_wconf 80' lang='grc' dir='ltr'>προστάγμασιν,</span> 
     </span>
    </p>
   </div>
   <div class='ocr_carea' id='block_1_111' title="bbox 2158 5348 3735 5425">
    <p class='ocr_par' dir='ltr' id='par_1_111' title="bbox 2158 5348 3735 5425">
     <span class='ocr_line' id='line_1_111' title="bbox 2158 5348 3735 5425; baseline -0.002 -18"><span class='ocrx_word' id='word_1_813' title='bbox 2158 5355 2418 5425; x_wconf 68' lang='grc' dir='ltr'><strong>ἀρφιειιρεῖνΔ</strong></span> <span class='ocrx_word' id='word_1_814' title='bbox 2453 5352 2616 5406; x_wconf 84' lang='grc' dir='ltr'>αὑτὸν</span> <span class='ocrx_word' id='word_1_815' title='bbox 2658 5350 2757 5423; x_wconf 84' lang='grc' dir='ltr'>τὴν</span> <span class='ocrx_word' id='word_1_816' title='bbox 2793 5350 3040 5418; x_wconf 77' lang='grc' dir='ltr'>ἐξουσίαν</span> <span class='ocrx_word' id='word_1_817' title='bbox 3075 5351 3173 5422; x_wconf 78' lang='grc' dir='ltr'>τῆς</span> <span class='ocrx_word' id='word_1_818' title='bbox 3217 5349 3585 5424; x_wconf 81' lang='grc' dir='ltr'>προαιρέσεως</span> <span class='ocrx_word' id='word_1_819' title='bbox 3629 5348 3735 5404; x_wconf 77' lang='grc' dir='ltr'>τοῦ</span> 
     </span>
    </p>
   </div>
   <div class='ocr_carea' id='block_1_112' title="bbox 2231 5530 2831 5602">
    <p class='ocr_par' dir='ltr' id='par_1_112' title="bbox 2231 5530 2831 5602">
     <span class='ocr_line' id='line_1_112' title="bbox 2231 5530 2831 5602; baseline -0.003 -16"><span class='ocrx_word' id='word_1_820' title='bbox 2231 5530 2343 5602; x_wconf 76' lang='grc' dir='ltr'><strong>(ιο)</strong></span> <span class='ocrx_word' id='word_1_821' title='bbox 2387 5530 2517 5585; x_wconf 82' lang='grc' dir='ltr'><strong>Τοῦ.</strong></span> <span class='ocrx_word' id='word_1_822' title='bbox 2551 5530 2651 5602; x_wconf 81' lang='lat' dir='ltr'><strong>Al.</strong></span> <span class='ocrx_word' id='word_1_823' title='bbox 2669 5530 2831 5584; x_wconf 80' lang='grc' dir='ltr'>αὑτοῦ</span> 
     </span>
    </p>
   </div>
   <div class='ocr_carea' id='block_1_113' title="bbox 2232 5601 3542 5676">
    <p class='ocr_par' dir='ltr' id='par_1_113' title="bbox 2232 5601 3542 5676">
     <span class='ocr_line' id='line_1_113' title="bbox 2232 5601 3542 5676; baseline 0 0"><span class='ocrx_word' id='word_1_824' title='bbox 2232 5601 2344 5676; x_wconf 58' lang='lat'><strong>(.4!)</strong></span> <span class='ocrx_word' id='word_1_825' title='bbox 2390 5601 2857 5676; x_wconf 60' lang='grc' dir='ltr'><strong>Ἀφαιρούμβνος-</strong></span> <span class='ocrx_word' id='word_1_826' title='bbox 2898 5601 3076 5676; x_wconf 70' lang='grc' dir='ltr'><strong>δςτίδ-</strong></span> <span class='ocrx_word' id='word_1_827' title='bbox 3113 5602 3542 5676; x_wconf 59' lang='grc' dir='ltr'><strong>ἀφαιρουμένοις·</strong></span> 
     </span>
    </p>
   </div>
   <div class='ocr_carea' id='block_1_114' title="bbox 2233 5621 3727 5741">
    <p class='ocr_par' dir='ltr' id='par_1_114' title="bbox 2233 5621 3727 5741">
     <span class='ocr_line' id='line_1_114' title="bbox 2233 5621 3542 5689; baseline 0.002 -34"><span class='ocrx_word' id='word_1_828' title='bbox 2233 5621 2316 5664; x_wconf 64' lang='grc' dir='ltr'><strong>ιιι</strong></span> <span class='ocrx_word' id='word_1_829' title='bbox 2396 5621 2857 5689; x_wconf 51' lang='grc' dir='ltr'>Λςιίαιρουμενος.</span> <span class='ocrx_word' id='word_1_830' title='bbox 2898 5621 3076 5656; x_wconf 69' lang='grc' dir='ltr'><strong>θοι-ω.</strong></span> <span class='ocrx_word' id='word_1_831' title='bbox 3113 5621 3422 5685; x_wconf 67' lang='grc' dir='ltr'>αιεαιρουμε</span> <span class='ocrx_word' id='word_1_832' title='bbox 3494 5621 3542 5669; x_wconf 92' lang='grc' dir='ltr'>ς.</span> 
     </span>
     <span class='ocr_line' id='line_1_115' title="bbox 2233 5621 3727 5741; baseline 0.004 -18"><span class='ocrx_word' id='word_1_833' title='bbox 2233 5621 2345 5741; x_wconf 59' lang='grc' dir='ltr'>(λεί</span> <span class='ocrx_word' id='word_1_834' title='bbox 2390 5674 2619 5725; x_wconf 78' lang='grc' dir='ltr'>Τουτων</span> <span class='ocrx_word' id='word_1_835' title='bbox 2650 5671 2759 5741; x_wconf 65' lang='grc' dir='ltr'><strong>γάρ</strong></span> <span class='ocrx_word' id='word_1_836' title='bbox 2786 5672 2902 5726; x_wconf 77' lang='lat' dir='ltr'><strong>alr.</strong></span> <span class='ocrx_word' id='word_1_837' title='bbox 2935 5671 3114 5729; x_wconf 90' lang='lat' dir='ltr'><strong>Locus</strong></span> <span class='ocrx_word' id='word_1_838' title='bbox 3141 5680 3342 5729; x_wconf 74' lang='lat' dir='ltr'><strong>cntatur</strong></span> <span class='ocrx_word' id='word_1_839' title='bbox 3373 5691 3404 5730; x_wconf 84' lang='lat' dir='ltr'><strong>a</strong></span> <span class='ocrx_word' id='word_1_840' title='bbox 3424 5621 3537 5731; x_wconf 49' lang='lat' dir='ltr'><strong>var.</strong></span> <span class='ocrx_word' id='word_1_841' title='bbox 3573 5666 3727 5730; x_wconf 78' lang='lat' dir='ltr'><strong>Tur-</strong></span> 
     </span>
    </p>
   </div>
   <div class='ocr_carea' id='block_1_115' title="bbox 2162 5739 3286 5815">
    <p class='ocr_par' dir='ltr' id='par_1_115' title="bbox 2162 5739 3286 5815">
     <span class='ocr_line' id='line_1_116' title="bbox 2162 5739 3286 5815; baseline -0.003 -14"><span class='ocrx_word' id='word_1_842' title='bbox 2162 5739 2441 5801; x_wconf 28' lang='lat' dir='ltr'><strong>ria‘no&#39;lib.</strong></span> <span class='ocrx_word' id='word_1_843' title='bbox 2473 5757 2524 5794; x_wconf 86' lang='lat' dir='ltr'><strong>tv</strong></span> <span class='ocrx_word' id='word_1_844' title='bbox 2550 5739 2847 5813; x_wconf 23' lang='lat' dir='ltr'><strong>pro’Epist.</strong></span> <span class='ocrx_word' id='word_1_845' title='bbox 2880 5742 3062 5811; x_wconf 84' lang='lat' dir='ltr'><strong>Pont.,</strong></span> <span class='ocrx_word' id='word_1_846' title='bbox 3084 5758 3204 5815; x_wconf 81' lang='lat' dir='ltr'><strong>cap.</strong></span> <span class='ocrx_word' id='word_1_847' title='bbox 3229 5743 3286 5798; x_wconf 57' lang='grc' dir='ltr'><strong>ἢ.</strong></span> 
     </span>
    </p>
   </div>
  </div>
