4010 6328
192 321 290 381 265

1238 314 1329 367 EX
1368 312 1569 367 ιλιιΒο
1604 311 1690 366 DE
1731 308 2327 367 RESURRECTIONE.

3291 308 3395 363 266

193 432 460 495 δύνασθαι,
515 432 612 486 καὶ
667 431 741 503 μὴ
798 432 1088 486 ὑπακούειν
1116 435 1227 496 τοῖς
1272 433 1555 503 πράγμασι
1602 430 1732 502 (45).

1853 428 2058 484 )bedire
2098 427 2393 483 mandatis.
2424 424 2556 481 Nam
2594 433 2648 481 et
2676 423 2736 478 id
2771 438 2949 479 causa!
2977 424 3245 489 ostendit,
3297 439 3397 478 cur

192 526 294 579 Καὶ
332 525 430 594 γὰρ
478 525 581 594 τὴν
617 524 790 595 ἀρχὴν
831 524 923 577 τοῦ
968 523 1138 587 οὑτως
1187 526 1489 595 παραινεῖν,
1534 524 1615 577 ὅτι
1663 522 1737 594 μὴ

190 610 363 679 ἀφεῖλε
384 610 480 681 τὴν
504 610 751 673 ἐξουσίαν
770 649 783 674 ,
810 611 1022 682 μηνύει.
1062 613 1389 683 Προστάττει
1415 612 1491 676 δὲ,
1525 613 1609 665 ἵνα
1632 612 1739 664 τῶν

192 699 499 772 κρειττόνων
523 700 810 771 ἄνθρωπος
840 702 1130 757 ἀπολαύειν
1169 703 1387 774 δυνηθῇ.
1432 702 1601 756 Τοῦτο
1632 703 1741 773 γὰρ

191 793 366 845 ἕπεται
424 791 504 862 τῷ
563 794 847 864 πεισθῆναι
898 793 973 865 τῷ
1008 794 1099 848 τοῦ
1161 795 1293 847 Θεοῦ
1339 793 1737 865 προστάγματι.

193 885 342 936 Ὥστε
392 885 490 953 οὐχ
548 884 633 936 ἵνα
682 885 779 956 τὴν
836 885 1079 952 ἐξουσίαν
1136 886 1202 956 ἦν
1257 885 1485 938 δέδωκεν
1544 885 1738 957 ἀφέλῃ’

190 974 536 1045 προστάττειν
563 976 837 1047 βούλεταιο
872 976 984 1029 ἀλλ’
1026 976 1113 1029 ἵνα
1141 978 1382 1046 κρεῖττον
1412 976 1739 1047 δωρήσηται,

190 1068 256 1130 ὡς
312 1065 448 1136 ἀξίῳ
501 1066 763 1135 μειζόνων
811 1070 1013 1137 τυχεῖν,
1063 1067 1175 1120 ἀνθ’
1226 1060 1300 1119 ὧν
1354 1068 1625 1138 ὑπήκουσε
1667 1064 1744 1135 τῷ

190 1158 313 1228 Θεῷ,
350 1158 444 1210 καὶ
472 1157 569 1228 τὴν
596 1158 690 1210 τοῦ
725 1158 798 1229 μὴ
832 1158 1123 1212 ὑπακούειν
1151 1157 1393 1224 ἐξουσίαν
1418 1158 1571 1228 ἔχων.
1599 1157 1744 1227 Φημὶ

191 1251 466 1322 ἄνθρωπον
506 1252 786 1319 γεγονέναι
808 1250 829 1322 [
852 1250 1250 1322 αὑτεξούσιον],
1282 1251 1377 1321 οὑχ
1406 1250 1480 1315 ὡς
1508 1254 1746 1321 προὺπο-

192 1340 430 1409 κειμένου
461 1342 606 1403 τινὸς
634 1342 732 1414 ήδη
768 1343 958 1405 κακοῦ,
991 1337 1050 1395 οὗ
1078 1342 1177 1413 τὴν
1213 1342 1457 1405 ἐξουσίαν
1495 1341 1587 1395 τοῦ
1627 1341 1741 1393 ὲλέ-

194 1429 322 1492 σθαι,
373 1432 426 1482 εἰ
471 1430 753 1500 βούλοιτο,ο
785 1434 812 1484 6
854 1431 1135 1501 ἄνθρωπος
1180 1430 1339 1483 ἔλαϐε
1382 1467 1398 1483 .
1442 1468 1457 1482 .
1502 1468 1515 1481 .
1556 1469 1570 1480 .
1613 1468 1627 1482 .
1670 1468 1684 1481 .
1728 1469 1741 1481 .

193 1520 311 1571 ἀλλὰ
344 1519 450 1591 τὴν
488 1521 584 1574 τοῦ
618 1522 909 1575 ὑπακούειν
948 1522 1024 1593 τῷ
1056 1521 1174 1593 Θεῷ
1206 1522 1298 1575 καὶ
1342 1523 1416 1593 μὴ
1456 1520 1745 1575 ὑπακούειν

192 1610 351 1662 αἰτίαν
400 1611 595 1682 μόνην.
635 1610 806 1664 Τοῦτο
846 1612 951 1683 γὰρ
989 1612 1050 1664 τὸ
1096 1610 1437 1676 αὐτεξούσιον
1470 1610 1744 1680 ἠϐούλετο.

192 1701 287 1751 Καὶ
308 1701 607 1770 γενόμενος
645 1703 673 1754 ὁ
715 1700 1015 1771 ἄνθρωπος,
1049 1700 1262 1771 ἐντολὴν
1294 1699 1557 1770 λαμϐάνει
1598 1698 1745 1770 παρὰ

1838 520 1909 574 ila
1942 520 2209 585 hortetur,
2244 518 2387 591 quod
2417 524 2736 589 potestatem
2770 532 2880 572 non
2922 517 3224 572 abstulerit.
3254 516 3398 572 Pue-

1838 613 1971 684 cipit
1991 621 2192 678 autem,
2224 622 2281 666 ut
2312 614 2478 666 homo
2506 612 2715 683 potiora
2744 611 3003 679 consequi
3031 611 3223 679 possit.
3242 608 3395 676 Quod

1839 705 1964 775 quis
2011 705 2154 759 enim
2216 705 2398 759 divino
2442 710 2710 773 praecepto
2747 702 3098 771 obsequatur,
3129 701 3397 769 ejusmodi

1840 793 2117 865 prmmium
2146 794 2364 864 excipit.
2397 792 2758 859 Quamobrem
2799 806 2909 845 non
2941 791 3055 847 vult
3106 790 3235 845 dare
3266 806 3403 860 prie-

1840 894 2077 955 ceptum,
2106 894 2162 939 ut
2188 886 2398 940 auferat
2430 892 2748 954 potestatem
2776 898 2936 952 quam
2964 882 3147 948 dedit;
3197 883 3289 937 sed
3343 889 3401 935 ut

1842 979 2035 1032 melius
2067 977 2267 1047 aliquid
2326 976 2508 1041 donet,
2551 983 2805 1044 tanquam
2853 975 3015 1044 digno
3052 973 3143 1043 qui
3180 974 3403 1027 meliora

1842 1068 2196 1137 adipiscatur,
2220 1067 2347 1136 quia
2395 1066 2575 1137 paruit
2610 1065 2740 1132 Deo,
2768 1081 2890 1119 cum
2923 1064 3120 1133 alioqui
3167 1072 3404 1133 potesta-

1845 1168 1951 1214 tem
1980 1176 2087 1213 non
2126 1157 2347 1226 parendi
2372 1158 2612 1213 haberet.
2645 1156 2773 1211 Dico
2802 1164 2983 1211 autem
3007 1156 3205 1210 factum
3230 1155 3405 1210 homi-

1847 1266 1970 1307 nem
2007 1252 2260 1315 liberum,
2292 1266 2398 1305 non
2428 1252 2576 1304 velut
2597 1250 2737 1303 malo
2757 1250 2938 1320 aliquo
2956 1250 3067 1319 jam
3088 1248 3402 1313 exsisteute,

1843 1344 1999 1413 cujus
2026 1343 2278 1413 eligendi,
2309 1343 2355 1396 si
2381 1342 2574 1405 vellet,
2608 1350 2928 1411 potestatem
2963 1340 3233 1410 acceperit
3264 1357 3277 1392 :
3311 1339 3406 1394 sed

1844 1442 2063 1503 propter
2096 1449 2411 1487 concessam
2443 1431 2775 1496 facultatem,
2810 1447 2916 1502 qua
2946 1439 3157 1502 pareret
3187 1430 3271 1484 vel
3299 1445 3407 1484 non

1847 1537 2055 1594 pareret
2083 1524 2411 1595 praecipienti
2442 1523 2571 1579 Deo.
2596 1523 2689 1580 Est
2737 1525 2841 1578 hoc
2862 1524 3029 1588 enim,
3068 1523 3121 1577 in
3156 1538 3263 1592 quo
3294 1532 3412 1577 erat

1847 1618 2022 1686 posita
2053 1616 2280 1670 facultas
2321 1615 2551 1668 arbitrii.
2577 1615 2803 1669 Creatus
2841 1622 3021 1669 autem
3055 1616 3237 1675 homo,
3273 1628 3413 1683 pra:-

1848 1715 2059 1777 ceptum
2082 1723 2111 1760 a
2141 1707 2249 1761 Deo
2275 1707 2503 1775 accipit:
2528 1705 2747 1775 jamque
2775 1706 2898 1760 inde
2921 1704 3140 1759 inchoat
3172 1706 3373 1757 malum
3393 1744 3410 1771 ,

190 1792 273 1844 τοὺ
314 1793 455 1845 Θεοῦ
478 1811 491 1823 ·
529 1796 625 1846 καὶ⁵
670 1794 915 1847 ἐντεῦθεν
959 1795 1058 1865 ἤδη
1108 1793 1170 1847 τὸ
1201 1794 1366 1848 κακὸν
1399 1796 1653 1865 ἄρχεται·
1684 1794 1743 1846 οὑ

1853 1812 1970 1850 nam
2004 1812 2111 1849 non
2143 1803 2294 1865 paret
2327 1794 2512 1849 divino
2540 1801 2806 1864 praecepto
2850 1813 2862 1848 :
2916 1794 3129 1863 hocque
3159 1802 3211 1847 et
3244 1809 3413 1847 unum

190 1885 287 1957 γὰρ
319 1886 572 1939 πείθεται
614 1886 689 1957 τῷ
722 1886 847 1957 θείῳ
886 1887 1288 1958 προστάγματιη
1327 1887 1419 1939 καὶ
1462 1885 1617 1939 τοῦτο
1653 1886 1748 1940 καὶ

196 1976 336 2045 μόνον
361 1976 427 2029 τδ
463 1976 655 2039 κακὸν,
694 1979 727 2047 ὴ
772 1978 1047 2049 παρακοὴ,
1086 1979 1208 2048 ῆτις
1235 1977 1325 2030 τοῦ
1364 1973 1499 2030 εἶναι
1526 1978 1744 2049 ἤρξατο.

193 2067 310 2119 οὐδὲ
357 2066 475 2138 γὰρ
524 2067 786 2139 ἀγένητον
841 2067 1040 2140 ταύτην
1103 2087 1186 2132 τις
1231 2070 1406 2121 εἰπεῖν
1462 2068 1592 2139 ἔχει,
1656 2068 1747 2121 τοῦ

196 2159 505 2227 ποιήσαντος
545 2159 713 2230 αὑτὴν
747 2159 897 2223 ὄντος
928 2159 1173 2231 γενητοῦ.
1222 2161 1444 2223 Πάντως
1472 2161 1546 2225 δὲ,
1590 2161 1750 2214 πόθεν

194 2248 330 2300 τοῦτο
346 2249 407 2300 τὸ
438 2250 810 2318 παρακοῦσαι,
833 2254 1143 2323 ἐρωτήσεις.
1180 2251 1339 2305 Ἀλλὰ
1368 2254 1542 2305 κεῖται
1570 2251 1752 2322 σαφῶς

196 2336 245 2385 ἐν
269 2340 325 2405 τῇ
354 2337 483 2408 θεία
510 2340 725 2411 Γραφῇ.
764 2341 921 2396 Ὅθεν
944 2342 1063 2395 οὑδὲ
1086 2342 1323 2396 τοιοῦτον
1350 2342 1439 2395 τὸν
1472 2342 1752 2415 ἄνθρωπον

198 2428 313 2499 πρὸς
344 2430 437 2483 τοῦ
477 2430 615 2484 Θεοῦ
646 2432 925 2501 γεγονέναι
954 2434 1121 2505 φημί’
1156 2435 1294 2488 κατὰ
1320 2435 1373 2488 δὲ
1402 2437 1498 2506 τήν
1526 2453 1647 2489 τινα
1674 2436 1751 2488 δι-

195 2517 472 2573 δασκαλίαν
514 2522 679 2575 τοῦτο
721 2523 1046 2578 πεπονθέναι
1077 2525 1236 2593 λέγω.
1278 2526 1411 2579 Οὑδὲ
1439 2525 1545 2598 γὰρ
1575 2526 1754 2580 τοιαύ-

104 2614 111 2621 ’
198 2626 278 2679 την
306 2610 471 2679 φύσιν
512 2612 755 2683 εἰληφὼς
795 2615 823 2665 6
868 2614 1172 2688 ἄνθρωπος.
1219 2617 1281 2667 Εἰ
1315 2616 1420 2685 γὰρ
1464 2615 1633 2678 οὑτως
1681 2609 1755 2666 εῖ-

199 2717 296 2769 χεν,
352 2704 460 2756 οὑκ
512 2704 583 2757 ἂν
630 2704 775 2775 αὑτῷ
824 2706 963 2759 κατὰ
1008 2706 1349 2760 διδασκαλίαν
1395 2705 1547 2758 τοῦτο
1590 2722 1756 2777 προσ-

198 2793 403 2858 εγένετο,
430 2795 539 2864 τῆς
574 2796 787 2863 φύσεως
826 2797 994 2867 αὑτῆς
1020 2797 1188 2860 οὑτως
1227 2797 1475 2868 ἐχούσης.
1509 2796 1667 2866 Λέγει
1698 2797 1755 2851 δέ

200 2901 271 2947 τις
292 2886 402 2959 θείᾳ
439 2891 635 2958 φωνῇ,
670 2889 1065 2958 μεμαθηκέναι
1098 2890 1206 2961 (44)
1241 2890 1331 2943 τὸν
1379 2890 1751 2963 ἄνθρωπον....

199 2974 540 3030 meamea.
587 2973 682 3031 οὖν
725 2995 866 3049 φημι
903 2978 963 3030 το
1001 2979 1331 3051 παρακούειν
1377 2979 1533 3032 Θεοῦ.
1591 2978 1756 3032 Τοῦτο

200 3068 301 3138 γὰρ
332 3070 418 3121 καὶ
452 3071 617 3139 μόνον
652 3073 768 3124 ἐστὶ
807 3072 866 3123 τὸ
897 3072 1085 3135 κακὸν,
1118 3072 1145 3124 ὃ
1190 3072 1340 3143 παρὰ
1369 3072 1463 3143 τὴν
1490 3070 1581 3125 τοῦ
1623 3071 1755 3126 Θεοῦ

200 3162 503 3232 προαίρεσιν
536 3164 782 3233 γίνεται·
826 3166 886 3218 οὑ
919 3166 1025 3237 γὰρ
1057 3166 1122 3219 ἂν
1157 3164 1277 3219 καθ’
1312 3166 1470 3217 ἑαυτδ
1500 3164 1560 3217 τὸ
1595 3181 1759 3236 πονη-

199 3252 287 3323 ρὸν
325 3256 351 3305 ὀ
390 3254 677 3326 ἄνθρωπος
713 3256 1040 3310 διδάσκεται.
1085 3258 1142 3310 Ὀ
1176 3257 1438 3309 διδάσκων
1477 3256 1654 3309 τοίνυν
1698 3254 1758 3307 τὸ

199 3345 349 3397 κακόν
376 3348 527 3400 ἐστιν
562 3351 591 3401 6
620 3348 856 3419 δράκων,
884 3350 974 3401 καὶ
1000 3348 1068 3402 τὰ
1096 3349 1240 3419 ἑξῆς.
1272 3349 1477 3402 Λείπει.

641 3442 750 3495 Τοῦ
784 3441 969 3495 αὑτοῦ
1004 3441 1319 3495 Μεθοδίου.

1849 1890 2049 1942 malum
2071 1896 2207 1954 erat,
2240 1887 2602 1941 inobedientia
2631 1901 2751 1955 quae
2778 1894 2908 1939 tunc
2943 1885 3161 1955 incepit.
3185 1884 3261 1939 Ne
3290 1884 3413 1954 quis

1849 1980 1992 2033 enim
2022 1995 2139 2034 eam
2192 1978 2386 2032 dixerit
2440 1978 2755 2047 ingenitam,
2798 1977 2979 2048 genito
3025 1983 3079 2030 et
3126 1984 3309 2030 creato
3352 1990 3415 2030 eo

1849 2072 1942 2141 qui
1979 2070 2124 2125 fecit.
2157 2068 2390 2123 Prorsus
2438 2084 2567 2123 vero
2617 2084 2849 2138 quaares,
2906 2066 3047 2122 unde
3083 2066 3197 2120 htec
3229 2066 3416 2119 inobe-

1850 2163 2074 2219 dientia.
2122 2162 2409 2215 Enimvero
2462 2161 2745 2231 perspicue
2804 2161 2860 2213 in
2902 2159 3083 2213 divina
3137 2156 3417 2226 Scriptura

1850 2255 2086 2327 positum
2114 2261 2217 2309 est.
2267 2252 2444 2318 Quare
2475 2253 2636 2307 etiam
2669 2267 2805 2321 nego
2855 2251 3015 2304 talem
3047 2264 3076 2301 a
3111 2248 3217 2302 Deo
3250 2248 3419 2301 fuisse

1853 2357 2093 2403 creatum
2150 2345 2422 2400 hominem
2476 2364 2488 2398 :
2546 2343 2668 2398 dico
2716 2358 2882 2409 vero,
2923 2342 2977 2396 id
3023 2341 3125 2411 ipsi
3166 2341 3419 2394 doctrina

1853 2440 2085 2511 quadam
2138 2436 2428 2492 accidisse.
2459 2435 2576 2490 Non
2621 2436 2763 2490 enim
2806 2435 2969 2489 homo
3023 2441 3305 2503 acceperat
3339 2441 3420 2485 ta-

1854 2530 1955 2584 lem
2009 2535 2278 2582 naturam.
2338 2524 2473 2579 Nam
2526 2526 2631 2580 hoc
2684 2524 2881 2595 posito,
2933 2523 3050 2593 ipsa
3096 2529 3288 2576 natura
3340 2521 3423 2575 sic

1856 2629 2216 2689 comparata,
2281 2618 2698 2687 haudquaquam
2761 2616 3094 2686 oportuisset
3145 2612 3276 2668 illud
3327 2626 3423 2682 per

1855 2712 2157 2766 doctrinam
2212 2710 2486 2765 accedere.
2530 2709 2700 2762 Porro
2750 2716 2833 2762 est
2890 2707 2981 2777 qui
3021 2721 3153 2761 voce
3205 2704 3420 2764 divina,

1854 2817 1919 2857 ac
1952 2817 2050 2856 ceu
2081 2818 2147 2855 ex
2186 2803 2438 2865 oraculo,
2491 2801 2763 2855 hominem
2810 2800 2953 2853 mala
2995 2798 3245 2852 didicisse
3287 2798 3306 2824 "
3340 2796 3424 2849 di-

1857 2900 1964 2945 cat.
2016 2889 2147 2943 Dico
2198 2906 2326 2959 ergo
2378 2888 2634 2943 didicisse
2689 2903 2798 2942 non
2853 2886 3073 2941 obedire
3130 2884 3258 2938 Deo.
3310 2880 3423 2934 Hoc

1858 2984 2002 3038 enim
2055 2988 2109 3036 et
2146 2982 2320 3034 solum
2346 2988 2427 3033 est
2448 2978 2646 3032 malum
2666 2978 2829 3042 illud,
2860 2975 3001 3046 quod
3022 2975 3077 3028 lit
3099 2981 3293 3044 praeter
3342 2969 3429 3023 di-

1860 3076 2043 3131 vinam
2090 3073 2421 3127 voluntatem
2458 3086 2471 3121 :
2524 3085 2630 3123 non
2666 3070 2810 3123 enim
2850 3068 3047 3129 homo,
3088 3065 3288 3119 malum
3330 3062 3427 3114 ad-

1862 3166 2025 3222 discit
2060 3162 2358 3219 secundum
2397 3176 2475 3215 se.
2515 3160 2615 3225 Qui
2648 3174 2778 3230 ergo
2810 3160 3011 3212 malum
3048 3150 3228 3216 docet,
3259 3153 3426 3207 draco

1864 3266 1970 3325 est,
1996 3263 2104 3313 etc.

2368 3423 2613 3495 Ejusdem
2662 3422 2937 3478 Methodii.

1182 3535 1286 3607 (Ea:
1316 3532 1485 3588 Elem.
1514 3531 1762 3586 Damasc.
1784 3531 1942 3587 σηιξη.
1972 3526 2118 3582 card.
2147 3519 2417 3593 Rupifuc.)

256 3628 361 3697 Τὴν
394 3627 499 3699 μὲν
546 3622 642 3679 οὖν
684 3627 857 3698 ἀρχὴν
895 3625 985 3681 τοῦ
1022 3627 1192 3680 κακοῦ
1235 3627 1327 3680 τὸν
1374 3625 1563 3695 φθόνον
1606 3620 1759 3676 εἶπον

202 3716 384 3784 ἔγωγε·
419 3719 521 3771 τὸν
564 3717 621 3769 δὲ
656 3716 848 3785 φθόνον
899 3719 962 3769 ὲκ
1005 3717 1098 3770 τοῦ
1132 3718 1397 3788 κρείττονι
1442 3720 1573 3787 τιμῇ
1633 3733 1761 3768 κατ-

1937 3619 2077 3673 Sane
2129 3630 2292 3678 vero,
2343 3609 2467 3665 mali
2502 3605 2847 3678 principium,
2883 3603 3111 3659 dixerim
3142 3616 3242 3672 ego
3290 3600 3430 3656 invi-

1867 3714 2011 3768 diam
2047 3728 2061 3763 :
2099 3707 2221 3761 inde
2254 3718 2381 3758 vero
2410 3708 2584 3754 ortam
2633 3698 2801 3762 illam,
2837 3695 2981 3767 quod
3012 3696 3173 3749 homo
3204 3693 3436 3763 potiori-

200 3809 558 3878 ηξιῶσθαιτὺν
589 3784 872 3875 ἄνθρωπον
902 3809 1035 3881 πρὸς
1051 3810 1142 3864 τοῦ
1155 3784 1290 3863 Θεοῦ
1307 3828 1319 3841 ’
1345 3810 1405 3863 τὸ
1432 3809 1487 3862 δὲ
1503 3784 1698 3873 κακὸν,
1730 3808 1751 3857 ί

1869 3805 1972 3859 bus
2008 3797 2303 3854 honoribus
2333 3808 2362 3845 a
2394 3790 2505 3845 Deo
2550 3788 2743 3844 fuisset
2769 3797 2983 3843 auctus.
3012 3784 3182 3840 Porro
3204 3785 3431 3849 malum,

204 3904 434 3973 παρακοὴ
467 3902 580 3971 τῆς
610 3900 704 3952 τοῦ
733 3899 868 3953 Θεοῦ
898 3901 1133 3973 ἐντολῆς.

269 4017 289 4049 ⁸
311 4015 513 4072 larem.
554 4029 680 4081 xm,
705 4013 800 4068 εδ.

212 4129 2286 4169 __________________________.___.._

1873 3890 2235 3949 inobedientia
2265 3895 2348 3942 est
2371 3883 2539 3938 divini
2560 3882 2822 3938 mandati.

415 4306 447 4337 +
612 4261 1201 4356 ΜΕΘΟΔΙΟΥ
1273 4259 1425 4345 ΕΚ
1482 4250 1707 4340 ΤΟΥ
1769 4249 2027 4337 ΠΕΡΙ
2105 4242 2802 4331 ΑΝΑΣΤΑΣΕΩΣ
2845 4232 3012 4324 (τιὸ).

1462 4502 2178 4623 METHODII

852 4747 1014 4833 EX
1086 4734 1451 4829 LIBRO
1526 4734 1675 4822 DE
1754 4716 2805 4863 RESUBRECTIONE.

269 5027 343 5078 A’.
388 5023 517 5077 Οὑκ
553 5016 775 5087 ἐποίησε
806 5011 914 5086 (46)
950 5010 1118 5064 κακὸν
1149 5010 1179 5061 ὁ
1219 5006 1350 5069 Θεός
1370 5023 1384 5035 ο
1417 5004 1537 5058 οὑδέ
1566 5006 1679 5057 ἐστι
1718 5019 1748 5054 τ

1853 5023 1855 5042 ι
1954 4993 1996 5047 l.
2021 4990 2218 5045 Malum
2265 4986 2408 5041 Deus
2439 5001 2547 5040 non
2578 4982 2723 5049 fecit,
2756 4994 2856 5036 nec
2887 4979 2997 5034 ullo
3047 4974 3208 5031 modo
3254 4978 3445 5027 auctor

210 5116 416 5169 σύνολον
445 5113 596 5174 ὅλως
629 5110 694 5161 ἐκ
737 5106 934 5168 παντὸς
974 5102 1037 5155 τὸ
1066 5100 1325 5171 παράπαν
1366 5096 1533 5159 αῐτιος
1581 5092 1772 5148 κακοῦ.

221 5209 369 5263 Ἀλλὰ
398 5208 520 5261 πᾶν
554 5204 689 5271 ὅπερ
718 5200 784 5254 ἂν
814 5194 1154 5261 αὐτεξούσιον
1177 5191 1347 5253 οὑτως
1376 5189 1464 5242 ὑπ’
1493 5185 1655 5241 αὑτοῦ
1688 5202 1777 5254 γε-

210 5301 380 5364 γονόςο
422 5297 478 5349 εἰ
530 5293 640 5363 (47)
668 5289 803 5359 πρὸς
842 5288 901 5341 τὸ
930 5281 1261 5355 φυλάξασθαι
1299 5280 1394 5333 καὶ
1425 5277 1657 5350 τηρῆσαι
1688 5277 1777 5329 νό-

214 5408 321 5461 μον,
356 5392 416 5443 ὃν
448 5385 620 5447 αὐτὸς
643 5381 864 5441 δικαίως
889 5376 1237 5439 διεστείλατο,
1270 5373 1343 5444 μὴ
1388 5371 1658 5441 τηρῆσαν,
1686 5367 1778 5420 λέ-

276 5549 386 5615 (ιὸ)
425 5542 769 5613 Πρὰγμασι.
802 5536 989 5601 Turr.,
1018 5533 1313 5604 προστάσι,
1346 5530 1481 5586 forte
1552 5538 1693 5593 προσ

213 5634 392 5687 num.

434 5684 801 5762 Jeremuxm,
832 5678 923 5739 25,
951 5673 1327 5798 μεμαθιγῗιότες
1357 5669 1425 5724 τὰ
1453 5668 1616 5722 κακά.

280 5760 392 5798 tam
439 5758 545 5798 Ἐκ
576 5770 680 5798 tm)
709 5748 843 5798 περὶ
876 5749 1090 5798 ἀναστ.
1170 5761 1247 5797 aee
1290 5750 1543 5798 excerpta
1591 5755 1616 5798 ι]

280 5748 392 5828 (ιδ)
439 5758 545 5808 Ἐκ
576 5751 680 5805 τοῦ
709 5748 843 5817 περὶ
876 5749 1090 5801 ἀναστ.

501 5847 769 5904 ΡΑτιιοι..
806 5840 920 5898 Gn.
976 5837 1202 5900 XVIII.

1694 5524 1789 5576 τά·

1170 5761 1247 5797 aec
1290 5750 1543 5810 excerpta
1591 5737 1787 5809 partim

1883 5088 2029 5144 illius
2057 5090 2161 5139 est.
2187 5080 2292 5135 Sed
2320 5076 2582 5147 quidquid
2612 5072 2821 5128 arbitrii
2866 5070 2952 5127 sui
3002 5073 3266 5140 potestate
3310 5077 3445 5133 prm-

1885 5182 2056 5236 ditum
2075 5177 2143 5231 ab
2168 5191 2231 5229 eo
2252 5172 2450 5226 factum
2480 5177 2584 5233 est,
2611 5176 2670 5221 ut
2701 5180 2862 5237 quam
2886 5165 2932 5219 is
2950 5163 3119 5233 legem
3143 5157 3446 5229 justissime

1886 5268 2236 5343 pra-scripsit,
2266 5262 2581 5326 servaverit,
2625 5274 2686 5313 ea
2719 5274 2823 5313 non
2869 5262 3103 5318 servata,
3150 5250 3447 5323 appellatur

1886 5340 2109 5421 malum.
2164 5360 2259 5415 Est
2291 5366 2469 5413 autem
2528 5353 2907 5425 gravissimum
2955 5350 3059 5403 hoc
3104 5347 3360 5401 damnum
3396 5340 3448 5392 in

1893 5540 1955 5579 ex
1986 5520 2309 5591 Epiphanio.
2338 5513 2768 5591 sed__em_en_data,
2786 5511 2997 5591 partim
3023 5522 3182 5562 nova.

1965 5565 3029 5659 (Ié'i"655}?Ruﬁnam;_mer_._
3052 5593 3175 5632 wa
3196 5615 3211 5641 ,
3256 5588 3312 5625 n.
3353 5565 3449 5633 22,

1895 5649 2105 5718 emend.
2140 5675 2203 5713 ex
2234 5658 2487 5711 Elemem.
2523 5649 2673 5709 card.
2708 5649 3052 5724 Bupifucald.

1966 5731 2077 5800 (47)
2110 5731 2199 5784 El.
2231 5728 2419 5797 lmpr.,
2456 5729 2510 5797 ἡ,
2543 5725 2681 5781 [οι-ιθ
2796 5721 2815 5724 “
3147 5804 3185 5859 9

3202 5898 3389 6029 ιβ’
