4010 6328
552 310 660 368 267

1521 311 1579 370 S.
1614 311 1949 370 ΜΕΤΗΟΒΙΙ
1985 312 2294 372 EPISCOPI
2331 308 2419 371 ET
2452 312 2809 373 MARTYRIS

3689 316 3802 375 268

553 430 762 500 primis,
820 428 913 485 Dei
971 434 1226 485 mandata
1278 431 1570 503 negligere,
1623 447 1687 488 ac
1737 433 1961 503 justitiae
2000 449 2104 505 qua

2220 452 2376 505 γεται
2434 436 2622 491 κακόν.
2673 434 2956 508 Βαρυτάτη
3006 430 3065 488 δέ
3116 431 3285 508 βλάϐη
3336 434 3398 490 τὸ
3449 434 3797 508 παρακοῦσαι

551 522 807 592 adjuncta
834 520 1076 577 libertati
1103 530 1206 587 est,
1229 520 1428 578 limites
1447 524 1743 593 praeterire.

618 696 681 754 ll.
710 696 846 753 Illud
867 713 996 754 vero
1020 699 1133 770 jam
1167 709 1322 756 antea
1353 699 1688 772 disputatum
1715 709 1820 767 est,
1843 711 2115 760 monstra-

544 799 792 863 tumque,
845 792 1091 863 pelliceas
1126 795 1330 848 tunicas
1360 795 1401 861 τ,
1431 793 1578 849 aliud
1611 810 1733 851 esse
1763 805 1957 866 praeter
1990 813 2115 852 cor-

543 900 698 956 pora.
759 883 865 940 Sed
926 886 1280 942 nihilominus
1341 887 1484 942 idem
1534 903 1754 944 rursum
1802 889 2111 960 (dicendum

542 980 685 1035 enim
716 979 914 1050 saepius
941 979 1045 1052 est)
1072 979 1174 1035 hoc
1195 979 1315 1037 loco
1345 989 1670 1059 repetamus.
1703 980 1918 1038 Primus
1949 983 2113 1055 igitur

540 1073 660 1141 ipse
708 1088 928 1144 parens,
989 1080 1280 1144 antequam
1327 1089 1406 1129 ea:
1452 1073 1648 1128 tunicae
1694 1088 2107 1143 consuerentur,

539 1178 665 1219 ossa
688 1179 746 1219 se
769 1172 823 1220 et
846 1179 1064 1221 carnem
1092 1163 1293 1220 habere
1320 1164 1643 1232 conﬁtetur;
1667 1181 1791 1221 cum
1826 1169 2106 1233 nimirum,

537 1254 856 1325 perductam
909 1253 978 1309 ad
1033 1270 1154 1312 sese
1196 1256 1476 1312 mulierem
1538 1259 1955 1328 contemplatus,
1992 1258 2110 1315 Hoc

536 1364 675 1402 nunc
706 1365 787 1412 os,
817 1347 1015 1418 inquit,
1050 1363 1116 1402 ea:
1138 1348 1342 1403 ossibus
1368 1349 1517 1414 meis,
1567 1358 1618 1403 et
1654 1344 1791 1403 caro
1841 1351 1906 1406 de
1954 1367 2109 1407 carne

536 1453 671 1493 mea.
706 1436 772 1493 Et
823 1452 1044 1493 rursum
1078 1457 1091 1492 :
1126 1438 1255 1493 Htec
1299 1440 1569 1493 vocabitur
1605 1441 1813 1508 mulier,
1858 1444 2107 1512 quoniam

535 1526 600 1583 de
627 1529 735 1584 viro
763 1540 972 1600 sumpta
1016 1540 1115 1587 est.
1145 1530 1371 1601 Propter
1400 1532 1496 1587 hoc
1527 1531 1779 1603 relinquet
1816 1532 1968 1587 homo
1996 1550 2109 1603 pa—

534 1630 665 1676 trem
716 1639 868 1677 suum
912 1633 962 1678 et
1003 1631 1245 1688 matrem,
1277 1634 1326 1678 et
1358 1618 1645 1678 ad‘hwrebit
1680 1625 1837 1679 uxori
1863 1642 1974 1679 sua:
2006 1642 2025 1679 :
2054 1637 2105 1681 et

533 1724 682 1769 erunt
714 1716 817 1770 duo
853 1717 908 1770 in
939 1733 1148 1772 carnem
1170 1734 1328 1771 unam
1355 1716 1396 1770 ⁸.
1432 1715 1614 1787 Neque
1635 1717 1776 1772 enim
1799 1728 1979 1774 certos
2007 1717 2107 1772 ho-

2220 527 2376 596 Θεοῢ,
2405 530 2530 594 τοὺς
2551 530 2708 602 ὅρους
2726 528 2824 600 τῆς
2855 528 2994 582 κατὰ
3019 528 3080 582 τὸ
3106 528 3450 597 αὐτεξούσιον
3479 529 3795 601 ὑπερϐάντα

2219 618 2587 693 δικαιοσύνης.

2289 710 2365 765 B'.
2404 710 2785 784 Προηπόρηται
2817 711 2926 783 (49)
2943 711 3000 766 δὲ
3033 712 3158 785 ήδη,
3185 714 3278 767 κα)⁵
3304 710 3619 783 ἀπεδείχθη,
3650 711 3794 779 τοὺς

2218 801 2605 871 δερματίνους
2629 801 2883 872 χιτῶνας
2918 804 2992 876 μὴ
3025 799 3163 859 εἶναι
3201 804 3271 858 τά
3308 803 3557 876 σώματα.
3599 804 3793 874 Ὅμως

2216 892 2273 947 δὲ
2301 893 2408 963 ,καὶ
2461 893 2621 948 πάλιν
2676 894 2765 967 (ού
2817 896 2927 968 γὰρ
2986 896 3132 964 ἅπαξ
3180 896 3406 969 ῥητέον)
3466 896 3788 970 φράσωμεν.

2215 986 2388 1050 Αὐτὸς
2431 986 2536 1059 πρὸ
2569 987 2665 1059 τῆς
2699 988 3041 1060 κατασκευῆς
3087 988 3266 1043 αὐτῶν
3292 992 3320 1043 ὁ
3365 989 3793 1062 πρωτόπλαστος

2215 1077 2463 1148 ὁμολογεῖ
2504 1080 2599 1132 καὶ
2631 1081 2764 1133 ὀστᾶ
2791 1079 2932 1151 ἔχειν
2978 1080 3072 1134 καὶ
3117 1082 3345 1153 σάρκας,
3397 1082 3559 1135 ὁπότε
3586 1080 3651 1153 δὴ
3688 1080 3791 1152 τὴν

2214 1173 2448 1239 γυναῖκα
2487 1171 2634 1243 αὐτῷ
2661 1176 3058 1244 προσαχθεῖσαν
3080 1172 3436 1244 θεασάμενος,
3471 1172 3651 1227 Τοῦτο
3669 1171 3791 1227 νῦν

2214 1261 2457 1330 ὀστοῦν,
2496 1263 2794 1337 ἐφώνησεν,
2838 1264 2907 1318 ἐκ
2930 1263 3050 1319 τῶν
3084 1262 3283 1319 ὀστῶν
3307 1282 3449 1333 μου,
3501 1264 3599 1318 καὶ
3627 1262 3789 1334 σὰρξ

2211 1353 2280 1408 ἐκ
2316 1353 2427 1424 τῆς
2462 1357 2688 1424 σαρκός
2728 1372 2879 1426 μου·
2916 1357 3011 1409 καὶ
3053 1356 3246 1410 πάλιν⁸
3284 1356 3446 1423 Αὕτη
3478 1355 3787 1423 κληθήσε-

2211 1462 2306 1500 ται
2328 1446 2504 1517 γυνὴ,
2535 1446 2623 1502 ὅτι
2643 1449 2713 1502 ἐκ
2735 1448 2841 1503 τοῦ
2869 1448 3091 1518 ἀνδρὸς
3113 1447 3302 1518 αὐτῆς
3323 1448 3575 1520 ἐλήφθη.
3612 1452 3788 1507 Ἐνε-

2211 1555 2320 1593 κεν
2365 1540 2579 1594 τούτου
2631 1540 2982 1610 καταλείψει
3030 1539 3338 1610 ἅνθρωπος
3395 1542 3503 1597 τὸν
3553 1543 3789 1613 πατέρα

2210 1630 2417 1696 αὐτοῦ,
2453 1632 2551 1687 καί
2600 1631 2713 1703 τὴν
2747 1632 3003 1703 μητέρα,
3039 1633 3139 1687 καί
3178 1635 3788 1706 προσκολληθήσεται

2210 1722 2285 1794 τῇ
2324 1725 2558 1795 γυναικὶ
2602 1726 2788 1781 αὐτοῦ
2822 1725 2964 1799 (50)·
3019 1724 3118 1780 καί
3156 1727 3398 1781 ἔσονται
3443 1730 3496 1781 oi
3544 1727 3654 1782 δύο
3693 1731 3786 1795 είς

533 1808 706 1864 mines
751 1808 895 1864 ferre
948 1824 1209 1880 possum,
1264 1809 1357 1879 qui
1406 1809 1657 1864 consulto
1710 1817 1985 1879 nugantur
2042 1822 2104 1864 ac

2213 1814 2406 1885 σάρκα
2424 1818 2592 1887 μίαν.
2622 1818 2695 1871 Οὐ
2728 1818 2836 1891 γὰρ
2863 1819 2928 1890 δὴ
2957 1816 3216 1891 ἀνέξομαι
3250 1817 3667 1891 φληναφούντων
3700 1838 3786 1873 τι-

532 1897 845 1971 Scripturas
893 1899 1368 1972 impudentissime
1414 1901 1761 1973 detorquent,
1786 1917 1894 1972 quo
1944 1917 2105 1958 suum

531 1994 638 2050 illis
660 1994 728 2050 de
768 1996 1171 2052 resurrectione
1213 1995 1333 2051 sine
1376 2010 1542 2052 carne
1574 1995 1771 2066 dogma
1796 1995 2057 2066 procedat
2086 2014 2100 2049 :

2208 1911 2333 1975 νῶν,
2359 1914 2451 1967 καὶ
2480 1910 2811 1985 βιαζομένων
2843 1913 3374 1987 ἀπηρυθριασμένως
3405 1913 3502 1986 τὴν
3531 1914 3782 1986 Γραφὴν,

2206 2005 2291 2059 ἵνα
2335 2006 2517 2069 αὐτοῖς
2553 2005 2674 2077 δίχα
2702 2006 2899 2079 σαρκὸς
2924 2003 3058 2060 εἶναι
3089 2008 3422 2080 προχωρήσῃ
3449 2005 3558 2077 (51)
3585 2009 3618 2079 ἡ
3646 2006 3787 2062 ἀνά-

394 5168 401 5173 -
512 5139 655 5195 enim
686 5154 882 5193 novam
918 5138 1065 5192 illam
1103 5136 1478 5193 excellentiam

529 2086 622 2144 oui
666 2086 807 2153 ideo,
842 2094 895 2142 et
948 2102 1076 2142 ossa
1126 2072 1373 2159 quaedam
1405 2088 1781 2159 intelligibilia.
1813 2094 1868 2143 et
1910 2103 2103 2145 carnes

2213 2112 2414 2160 στασις,
2437 2096 2570 2149 ὀστᾶ
2589 2072 2783 2167 νοητὰ,
2799 2098 2893 2150 καὶ
2917 2097 3121 2167 σάρκας
3133 2072 3569 2169 boﬁrag'siéoluo'a
3576 2072 3781 2168 μένων,

530 2176 777 2232 similiter
809 2176 1176 2248 iutelligibiles
1226 2177 1520 2234 commenti
1552 2185 1701 2242 sunt,
1737 2191 1801 2231 ac
1830 2177 1946 2232 suis
1967 2176 2093 2233 alle-

2213 2186 2297 2240 καὶ
2352 2187 2540 2241 ἄλλοτε
2586 2187 2759 2253 ἄλλως
2805 2187 2917 2242 ἄνω
2961 2188 3055 2241 καὶ
3098 2187 3248 2241 κάτω
3290 2186 3782 2259 μεταϐαλλομένων

528 2270 692 2339 goriis
727 2269 863 2325 alias
903 2269 1060 2324 aliter
1110 2285 1328 2325 sursum
1382 2270 1746 2340 deorsumque
1794 2286 1916 2326 sese
1971 2285 2104 2326 con-

2213 2279 2570 2351 ὲλληγορίαις.
2604 2279 2714 2333 Καὶ
2733 2279 2902 2332 ταῦτα
2930 2276 3121 2342 οὕτως,
3144 2278 3220 2342 ὡς
3241 2276 3565 2350 γέγραπται,
3601 2295 3786 2350 παρα-

529 2368 765 2419 vertunt.
806 2362 969 2432 Atqui
1004 2362 1117 2416 haec
1156 2362 1381 2432 perinde
1427 2377 1491 2417 ac
1549 2362 1753 2432 scripta
1804 2372 1964 2429 sunt,
2008 2378 2102 2419 ac-

2213 2371 2589 2443 λαμϐάνεσθαι,
2616 2370 2971 2443 κρατύνοντος
3010 2369 3103 2424 τοῦ
3132 2369 3367 2443 Χριστοῦ
3405 2371 3503 2441 τὴν
3528 2370 3781 2441 Γραφὴν,

527 2453 774 2524 cipienda
825 2468 980 2520 esse,
1036 2453 1240 2510 Christi
1291 2454 1576 2510 conﬁrmat
1619 2455 1957 2524 auctoritas;
2006 2455 2101 2510 ubi

2213 2465 2328 2521 ἔνθα
2378 2465 2800 2537 πυνθανομένοις
2836 2466 2949 2529 τοῖς
2985 2464 3298 2536 Φαρισαίοις
3330 2463 3458 2535 περὶ
3488 2461 3781 2536 χωρισμοῢ

522 2546 986 2617 interrogantibus
1029 2545 1321 2603 Pharisaais
1372 2547 1438 2601 de
1470 2547 1658 2602 uxoris
1701 2545 1956 2613 divortio,
2013 2563 2102 2603 re-

2213 2557 2454 2627 γυναικὸς
2487 2558 2870 2630 ἀποκρίνεται·
2913 2559 3034 2612 Οὐκ
3070 2556 3389 2627 ἀνέγνωτε,
3423 2554 3513 2609 ὅτι
3535 2556 3637 2610 ἀπ’
3665 2555 3780 2624 ἁρ-

527 2639 811 2711 spondet:
869 2638 993 2695 Non
1050 2641 1268 2712 legistis,
1329 2642 1454 2712 quia
1510 2641 1601 2712 qui
1659 2640 1784 2710 fecit
1838 2641 2099 2696 hominem

2213 2648 2317 2717 [ἧς
2338 2652 2371 2703 ὁ
2398 2648 2611 2716 κτίσας
2647 2648 2835 2718 ἄρσεν
2865 2649 2965 2703 καὶ
2994 2648 3152 2717 θῆλυ
3199 2648 3487 2715 ἐποίησεν
3513 2648 3780 2715 adrade;

527 2733 589 2787 ab
640 2734 812 2801 initio,
859 2735 1153 2789 masculum
1190 2745 1239 2788 et
1274 2735 1523 2804 feminam
1565 2732 1686 2803 fecit
1734 2749 1821 2788 eos
1844 2734 1872 2790 1'
1910 2736 1981 2787 Et
2014 2734 2099 2786 di-

2213 2740 2310 2795 Καί
2350 2741 2520 2795 εἶπεν
2541 2757 2556 2772 ο
2601 2741 2844 2796 Ἕνεκεν
2885 2742 3100 2796 τούτου
3150 2741 3499 2811 καταλείψει
3548 2739 3779 2810 ἀνθρω-

526 2828 602 2880 τὶι
630 2842 649 2880 :
689 2826 911 2896 Propter
957 2828 1053 2881 hoc
1102 2827 1355 2899 relinquet
1412 2826 1567 2881 homo
1616 2835 1822 2895 patrem
1878 2832 1929 2879 ct
1983 2841 2098 2879 ma-

2213 2849 2311 2900 τος
2336 2832 2442 2889 τὸν
2465 2831 2709 2904 πατέρα,
2734 2833 2830 2889 καὶ
2855 2834 2924 2889 τὰ
2949 2832 3096 2906 ἑξῆς.

522 2927 655 2974 trem
675 2921 721 2984 ’,
752 2928 858 2977 etc.

583 3011 678 3070 .111.
713 3013 821 3070 Sed
851 3022 905 3069 et
940 3013 1073 3069 illud
1107 3012 1391 3085 perspicue
1442 3009 1737 3067 absurdum
1793 3018 1913 3076 est,
1946 3010 2095 3065 arbi-

2267 3011 2343 3065 l".
2386 3011 2617 3064 Ἄτοπον
2648 3010 2757 3083 (52)
2787 3010 2844 3064 δὲ
2872 3012 3095 3066 κάκεῖνο
3124 3012 3437 3083 προφανῶς,
3468 3012 3529 3066 τδ
3559 3011 3781 3069 οἴεσθαι

525 3105 653 3159 ιΐίὶΐί
676 3120 878 3176 corpus
911 3105 967 3160 in
993 3114 1196 3161 aeterna
1229 3104 1319 3160 illa
1349 3104 1459 3159 vita
1504 3105 1725 3159 minime
1756 3118 1881 3159 cum
1911 3101 2092 3156 anima

2213 3101 2255 3156 πὸ
2278 3100 2437 3173 σῶμα
2462 3102 2520 3156 ἐν
2539 3105 2605 3175 τῇ
2629 3103 2708 3166 είς
2727 3102 2926 3166 αἰῶνας
2945 3102 3187 3174 διαγωγῇ
3211 3102 3287 3175 μὴ
3312 3102 3630 3157 συνέσεσθαι
3655 3104 3776 3175 (53)

525 3197 786 3265 futurum,
816 3198 959 3269 quod
1008 3197 1141 3251 illud
1180 3203 1438 3267 tanquam
1474 3196 1751 3251 vinculum
1783 3209 1848 3249 ac
1900 3192 2091 3264 pedica

2213 3197 2258 3267 πῇ
2304 3194 2470 3271 ψυχῇ,
2515 3194 2602 3249 διὰ
2627 3195 2689 3248 τὸ
2731 3192 2928 3265 δεσμὸν
2964 3193 3096 3248 αὐτὸ
3146 3195 3241 3249 καὶ
3278 3195 3443 3259 πέδας
3471 3190 3642 3250 εἶναι·
3681 3196 3779 3250 ἵνα.

2195 3286 2270 3359 μὴ
2297 3285 2503 3340 αἰώνιοι
2528 3283 2816 3356 γενώμεθα
2849 3286 3168 3358 κατάκριτοι
3195 3286 3489 3359 δεσμῶται,
3524 3288 3647 3342 κατ’
3675 3290 3784 3342 αύ-

2188 3379 2336 3444 τοὺς,
2368 3377 2575 3451 φθορᾶς
2600 3376 2715 3449 (54)
2741 3379 2798 3432 ἐν
2817 3380 2884 3450 τῇ
2915 3377 3161 3450 βασιλείᾳ
3180 3379 3274 3432 τοῦ
3299 3381 3475 3449 φωτὸς
3493 3381 3776 3452 ἐσόμενοι.

2188 3471 2498 3543 Λελυμένου
2531 3470 2639 3543 γὰρ
2676 3469 2895 3534 ἱκανῶς,
2920 3471 3013 3524 καί
3034 3469 3439 3542 ἐξελεγχθέντος
3460 3473 3556 3527 τοῦ
3581 3474 3775 3543 λόγου,

2191 3564 2250 3616 ἐν
2286 3556 2332 3632 ᾧ
2366 3562 2564 3635 δεσμὸν
2592 3562 2692 3635 τῆς
2725 3560 2903 3633 ψυχῆς
2954 3559 3213 3633 ὡρίζοντό
3248 3558 3387 3617 εἶναι
3420 3563 3517 3637 τὴν
3562 3564 3776 3635 σάρκα,

2189 3655 2407 3710 λέλυται
2441 3655 2535 3709 καὶ
2562 3654 2642 3719 τὸ,
2679 3655 2764 3709 ἵνα
2794 3655 2870 3728 μὴ
2902 3654 3177 3728 δεσμῶται
3208 3657 3264 3708 ἐν
3295 3658 3359 3727 τῇ
3394 3654 3644 3727 βασιλείᾳ
3673 3655 3781 3709 τοῦ

2192 3748 2388 3819 φωτὸς,
2413 3749 2461 3801 εί
2484 3747 2844 3819 ἀπολάϐωμεν
2871 3748 2983 3819 (55)
3007 3746 3196 3820 αὐτὴν,
3220 3746 3475 3820 ἐσόμεθα,
3496 3747 3584 3802 διὰ
3610 3747 3783 3802 τοῦτο

2189 3842 2291 3896 οὐκ
2315 3840 2701 3912 ἀναστήσεται.

526 3291 621 3357 sit;
656 3298 715 3344 nt
743 3304 831 3353 ne,
849 3289 1007 3359 juxta
1038 3288 1184 3360 quod
1218 3289 1532 3359 opinantur,
1570 3285 1919 3357 sempiternis
1962 3284 2087 3339 viu-

524 3381 658 3439 culis
690 3382 1056 3453 corruptionis
1080 3381 1283 3437 addicti
1305 3380 1605 3444 videamur,
1628 3378 1720 3450 qui
1756 3378 1813 3433 in
1833 3378 1973 3433 lucis
1995 3378 2090 3434 illo

524 3489 684 3546 regno
712 3475 887 3533 simus
909 3473 1228 3528 habitaturi.
1251 3471 1388 3528 Cum
1416 3473 1562 3528 enim
1585 3470 1798 3526 abunde
1821 3468 2089 3526 dissoluta

525 3582 581 3620 sc
607 3564 841 3621 refutata
893 3565 963 3621 sit
1007 3564 1100 3619 illa
1128 3564 1418 3630 sententia,
1454 3579 1561 3637 qua
1589 3563 1785 3619 animae
1811 3562 2088 3618 vinculum

523 3673 739 3714 carnem
769 3672 890 3713 esse
916 3656 1274 3723 deﬁniebant;
1305 3658 1469 3711 etiam
1517 3656 1652 3711 illud
1694 3656 1931 3711 solutum
1970 3662 2085 3721 est,

522 3763 633 3806 tore
660 3758 722 3805 ut
754 3749 876 3804 ideo
908 3764 1038 3805 caro
1068 3765 1177 3805 non
1198 3758 1472 3821 resurgat,
1502 3766 1573 3806 ne
1605 3750 1652 3807 si
1705 3765 1827 3806 eam
1876 3765 2088 3805 resum-

522 3842 809 3913 pserimus,
838 3840 1004 3896 vincti
1034 3849 1258 3911 propter
1282 3857 1403 3897 eam
1430 3842 1486 3896 in
1514 3857 1682 3912 regno
1712 3842 1805 3896 illo
1836 3841 1975 3896 lucis
1999 3840 2083 3895 fu-

521 3934 624 3989 .uri
651 3933 849 3990 simus.

579 4023 670 4081 IV.
711 4026 881 4098 Igitur
911 4040 980 4079 ne
1010 4024 1317 4081 immortale
1362 4025 1635 4097 quoddam
1684 4041 1749 4081 ac
1798 4028 2087 4098 sempiter-

518 4132 641 4173 aum
670 4118 873 4172 malum
910 4125 1054 4172 esset
1081 4116 1264 4183 homo,
1313 4125 1373 4172 ut
1410 4117 1524 4187 jam
1577 4117 1815 4173 diximus
1839 4158 1854 4183 ,
1887 4119 1941 4173 in
1977 4134 2086 4189 quo

2257 4025 2329 4076 Δ’.
2356 4024 2473 4078 ἰνα
2496 4022 2674 4077 τοίνυν
2691 4021 2804 4096 (56)
2837 4021 2909 4095 μὴ
3011 4019 3180 4076 κακὸν
3213 4019 3473 4074 ἀθάνατον
3494 4020 3522 4072 ὀ
3548 4017 3781 4091 ἄνθρω-

2187 4132 2329 4180 πος,
2393 4115 2428 4187 ἢ
2489 4115 2755 4181 ἀείζωον,
2807 4115 2944 4187 ἔχων
2994 4118 3053 4168 ἐν
3100 4111 3277 4184 ἐαυτῷ
3331 4111 3428 4185 τὴν
3487 4113 3781 4185 ἁμαρτίαν

519 4217 796 4278 peccatum
851 4208 1155 4280 potioribus
1201 4217 1461 4274 auctum,
1514 4210 1814 4264 dominium
1873 4210 2088 4266 obtine~

2213 4205 2664 4279 ερατιστεύουσαν,
2697 4206 2797 4261 ἅτε
2840 4207 2896 4260 ὲν
2936 4205 3188 4277 ἀθανάτῳ
3233 4204 3613 4276 βλαστήσασαν
3654 4201 3779 4256 σώ-

518 4310 593 4357 ret
624 4302 771 4375 (48);
798 4304 943 4359 velut
964 4302 1111 4372 quod
1139 4301 1434 4358 immortali
1464 4303 1517 4357 in
1548 4318 1778 4373 corpore
1821 4301 2086 4374 pullulas-

2213 4316 2342 4364 ιατι,
2383 4298 2477 4352 καὶ
2513 4299 2776 4353 ἀθάνατον
2811 4298 3038 4371 ἔχουσαν
3069 4300 3294 4371 τροφὴν,
3339 4300 3367 4352 ὁ
3408 4297 3541 4360 Θεὸς
3594 4297 3779 4351 αὐτὸν

518 4403 609 4460 set,
638 4402 693 4451 et
723 4395 1015 4450 immortali
1043 4395 1269 4466 perinde
1313 4395 1569 4450 alimento
1621 4396 1872 4467 glisceret
1904 4414 1916 4450 :
1950 4411 2081 4466 pro-

2218 4394 2272 4447 ιὰ
2307 4391 2466 4447 τοῦτο
2503 4391 2692 4464 θνητὸν
2737 4392 3052 4463 ἀπεφήνατο
3098 4391 3380 4462 νεκρότητι
3430 4387 3775 4461 περιϐαλών.

516 4494 691 4557 ,κει-εδ
719 4488 1004 4543 mortalem
1046 4487 1198 4542 illum
1233 4486 1373 4543 Deus
1395 4502 1517 4542 esse
1555 4487 1765 4551 voluit,
1814 4500 1884 4542 ac
1911 4493 2085 4542 morte

2213 4486 2358 4541 Γοῦτο
2389 4485 2499 4557 γὰρ
2530 4486 2579 4538 οἱ
2607 4484 2921 4557 δερμάτινον.
2964 4483 3188 4556 χιτῶνες
3224 4482 3534 4545 ἐϐούλοντο,
3574 4481 3665 4534 ἵνα
3698 4480 3779 4555 δὴ

516 4580 803 4636 iamnavit.
838 4579 952 4636 Hoc
974 4581 1119 4637 enim
1151 4588 1380 4637 scortea:
1430 4581 1533 4635 illae
1578 4582 1775 4636 tunicae
1803 4580 2080 4652 signiﬁca-

2213 4580 2276 4633 ῐιὰ
2304 4580 2404 4651 τῆς
2433 4577 2741 4643 ἀναλύσεως
2764 4578 2875 4650 (57)
2906 4576 2999 4631 τοῦ
3035 4575 3287 4649 σώματος
3321 4577 3353 4648 ἡ
3384 4575 3629 4647 ἁμαρτία
3658 4575 3780 4628 κά-

515 4680 658 4739 oant,
694 4678 755 4729 ut
785 4672 1045 4728 nimirum
1091 4687 1321 4745 corpore
1347 4669 1614 4737 resoluto,
1644 4688 1806 4728 omne
1853 4688 1921 4729 ex
1968 4673 2078 4728 imo

2213 4670 2357 4726 ’ωθεν
2401 4671 2779 4743 αὑτόπρεμνος
2819 4669 2967 4724 πᾶσα
3012 4667 3318 4740 διαφθαρῇ,
3353 4665 3429 4730 ὡς
3473 4665 3607 4737 μηδὲ
3658 4667 3782 4723 κᾶν

578 4840 600 4870 '
629 4838 760 4896 Gen.
789 4854 873 4903 ut,
902 4838 993 4893 21.
1069 4838 1092 4870 ⁸
1116 4835 1243 4893 Gen.
1280 4851 1341 4903 tt,
1372 4834 1463 4899 25,
1486 4833 1575 4889 24.
1656 4834 1677 4866 ⁸
1702 4831 1899 4887 Matth.
1932 4847 2048 4896 XIX,
2072 4830 2128 4899 4,
2164 4829 2217 4886 5.

579 4997 689 5069 (48)
724 4995 1041 5069 Potioribus
1068 5004 1305 5069 auctum,
1346 4991 1636 5069 dominium
1670 4985 2075 5069 obtineretanic
2182 4983 2563 5069 codgLRupif'.
2601 4990 2655 5040 et
2686 4982 2927 5069 Sirmkt
3160 5052 3209 5069 Α.
3258 5050 3298 5069 η
3352 5049 3430 5069 Α.
3487 5010 3527 5069 ὲ.
3565 5046 3619 5069 οἳ

513 5046 688 5123 visuml
710 5046 795 5123 est.
809 5046 1185 5140 enitimini
1197 5046 1279 5140 re,
1293 5046 1780 5140 ’κρατιστεύουσανο
1806 5058 2078 5140 signiﬁcat

2255 5046 2797 5140 (55)_23}réa‘sa:0at.
2847 5051 2937 5108 Sic
2968 5052 3126 5140 σφι..
3148 5052 3217 5107 At
3257 5049 3442 5122 Rupif.
3479 5056 3533 5106 et
3564 5046 3774 5117 Sirm.,

1573 5133 1716 5186 ccati
1745 5131 1801 5184 in
1836 5122 2076 5195 Homine,
2187 5122 2553 5185 συνενοῦσθαι.
2586 5127 2779 5180 anima:
2808 5141 2911 5179 non
2936 5122 3241 5195 uniendum.

1543 5218 1639 5258 eus
1673 5203 1851 5273 ipsum
1887 5215 1917 5254 a
1945 5190 2075 5270 pecl

2233 5197 2369 5273 _(54)
2400 5196 2537 5253 Κατ’
2558 5196 2802 5273 αὐτοὺς,
2837 5194 3078 5273 φθορᾶς.
3117 5197 3280 5273 lmpr.
3310 5192 3450 5247 κατὰ
3468 5190 3597 5255 τοὺς
3626 5190 3779 5261 φθο-

2188 5269 2335 5340 ρέας,
2348 5265 2524 5340 ίοοτιύ
2533 5276 2635 5339 pte.
2646 5266 2788 5340 Sirm
2799 5308 2811 5319 .
2821 5307 2836 5332 ,
2865 5266 2960 5340 καὶ
2991 5265 3198 5319 ταυτοί.

2179 5330 2364 5466 ἐάωὸ)
2393 5341 2463 5393 Et
2493 5330 2903 5405 ἀπολάϐωμεν.
2927 5336 3090 5406 impr.
3118 5345 3173 5390 et
3203 5334 3391 5401 Sirm.,
3422 5330 3781 5408 meminit.-

2250 5428 2429 5466 νομεν.

2250 5428 2308 5464 νο
2314 5428 2409 5464 μεν
2417 5451 2429 5461 .

2255 5428 2529 5555 (ἒὲῗνλζνα
2557 5478 2706 5555 τρίις.
2743 5476 2822 5532 Ex
2856 5474 3049 5547 Epiph.
3083 5476 3120 5529 Ι.
3159 5492 3209 5530 c.
3241 5492 3392 5555 num.
3417 5473 3508 5540 25,
3535 5472 3771 5532 emend.

2182 5569 2246 5610 ex
2264 5548 2401 5607 'cod.
2433 5550 2644 5620 Rupit,
2680 5550 2733 5602 in
2757 5563 2868 5617 quo
2892 5556 2945 5604 et
2972 5563 3093 5620 qua:
3122 5554 3443 5620 sequuntur:

2253 5622 2363 5694 (57)
2396 5613 2897 5694 Τῆξᾴναλύοῖεως
2940 5613 3046 5673 τοῦ
3087 5613 3377 5687 σώματος.
3423 5614 3613 5686 impn,
3661 5613 3775 5685 τῆς

2180 5690 2384 5760 λύσεως
2414 5692 2509 5748 καὶ
2538 5690 2866 5761 διαιρέσεως.

510 5225 575 5266 ex
608 5208 839 5278 subjecti
878 5208 1313 5274 immortalitate,
1359 5204 1466 5260 nisi

511 5287 655 5345 cato,
684 5286 857 5332 morte
884 5279 1215 5333 damnasset.

580 5340 717 5422 (49L
732 5351 957 5422 Προηίτ.
996 5347 1188 5418 Epiph.
1219 5347 1350 5403 baer.
1376 5361 1435 5400 ιι.
1480 5343 1586 5410 25,
1619 5340 1836 5399 emend.
1868 5355 1934 5397 ex
1975 5354 2074 5395 au-

509 5416 1115 5491 tog'r.fR.?.Sirm.'__
1185 5489 1192 5491 Α
1286 5488 1311 5491 μ
1394 5488 1436 5491 η
1601 5487 1611 5491 λ
1736 5484 1761 5491 _
1979 5485 2001 5491 _
2097 5470 2100 5474 λ

579 5484 691 5562 (50)
732 5487 810 5557 Τῇ
848 5487 1084 5558 γυναικί
1128 5488 1333 5544 αὐτοῦ.
1375 5488 1487 5555 AL,
1520 5487 1657 5561 πρὸς
1703 5484 1803 5557 τῆν
1842 5485 2075 5553 γυναῖκα

508 5560 691 5615 αὑτοῦ.

582 5640 596 5701 t
606 5632 693 5704 51)
710 5632 856 5704 ῥίχα
877 5629 1103 5704 σαρκὸς
1121 5625 1273 5704 εἶναι
1290 5628 1670 5704 προχωρήσῃ.
1689 5624 1835 5681 Edit.
1852 5623 1949 5696 Ερὶ
1957 5624 2073 5696 plu,

507 5697 685 5763 male,
700 5702 763 5773 δὴ
778 5697 993 5773 eam;
1010 5701 1094 5773 pi;
1116 5697 1254 5755 εἶναι
1282 5697 1645 5773 προχώρησις.

575 5774 695 5846 ,(52)
735 5766 930 5832 ’Ἀτθὶῃ
980 5766 1056 5828 Ex
1082 5766 1285 5845 ’Epiph.
1321 5766 1481 5837 ibid;
1525 5766 1579 5825 ἰι.
1614 5769 1703 5836 4",
1747 5766 1963 5824 cmend.
2007 5781 2072 5822 ex
