4010 6328
226 322 319 378 ara

1271 317 1364 372 EX
1403 314 1610 373 LIBRO
1647 314 1736 370 DE
1776 309 2382 371 RESURBECTIONE.

3355 308 3461 364 270

225 443 540 519 βραχύτατον
565 440 724 514 ῥίζης
745 441 971 513 ἐαθῆναι
994 440 1184 512 μέρος,
1213 439 1306 510 ἀφ’
1328 434 1388 494 οὗ
1409 439 1530 495 νὲαι
1554 439 1777 510 βλάσται

1888 443 2167 507 peccatum
2202 433 2455 504 stirpitus
2485 438 2806 488 enecaretur
2832 469 2846 494 ,
2901 445 2964 484 ac
3009 443 3079 484 ne
3130 427 3466 483 tenuissin'ce

225 539 367 593 πάλιν
392 537 808 610 ἁμαρτημάτων
841 535 1266 599 ἀναϐλύζωνται.

281 716 347 768 Ε’.
384 712 654 783 Καθάπερ
680 711 817 783 (57⁵)
845 711 953 783 γὰρ
985 712 1042 764 ἐν
1073 710 1467 780 οἰκοδομήμασι
1500 709 1642 762 ναῶν
1679 726 1778 762 κα-

221 808 318 870 λοῖς
349 805 461 874 (58)
494 805 635 874 συκῆ
667 803 1007 874 γεννηθεῖσα,
1038 803 1133 856 καὶ
1163 805 1240 865 είς
1275 801 1530 855 ἔκστασιν
1556 802 1651 854 καὶ
1684 802 1780 871 μέ-

217 898 355 968 γεθος
397 899 816 969 εὑτραςρήσασα,
857 897 950 950 καὶ
998 897 1090 948 ἐπὶ
1140 895 1318 958 πάσας
1375 893 1472 958 τὰς
1516 893 1780 966 ἁρμονίας

218 989 637 1060 πολυκλημάτοις
663 989 842 1058 ῥίζαις
864 988 972 1042 τῶν
991 988 1152 1042 λίθων
1173 987 1465 1059 κεχυμένη,
1497 987 1556 1040 οὐ
1583 987 1780 1059 πρότε-

217 1099 297 1152 ρον
317 1079 404 1133 τοῦ
430 1079 587 1147 φύειν
612 1079 909 1145 στέλλεται,
934 1080 1036 1143 ἓως
1055 1083 1204 1133 πᾶσα
1224 1078 1572 1150 ἀποσπασθῇ,
1598 1078 1783 1131 λυθέν-

215 1189 307 1224 των
330 1171 436 1223 τῶν
474 1171 594 1223 καθ’
639 1170 734 1234 οὓς
766 1170 1064 1242 ἐϐλάστησε
1097 1171 1292 1235 τόπους
1319 1170 1429 1224 τῶν
1461 1172 1652 1224 λίθωψ
1693 1171 1782 1224 δυ-

215 1264 352 1317 νατὸν
379 1262 494 1331 γὰρ
515 1265 596 1326 εἰς
624 1263 750 1328 τοὺς
775 1263 982 1317 ἑαυτῶν
1011 1264 1410 1336 ἐναρμοσθῆναι
1432 1265 1632 1328 τόπους
1658 1265 1783 1327 τοὺς

211 1355 389 1418 λίθους,
419 1356 522 1426 τῆς
556 1355 728 1424 συκῆς
759 1354 1138 1426 ἀφῃρημένης,
1164 1357 1312 1418 ὃπως
1335 1357 1364 1408 ό
1395 1357 1492 1427 μὲν
1520 1356 1645 1419 ναὸς
1678 1356 1782 1409 σώ-

215 1451 371 1521 ζηται,
393 1448 570 1519 μηδὲν
596 1449 701 1501 τῶν
728 1447 1099 1516 ἀφανιζόντων
1130 1447 1292 1502 αὑτὸν
1320 1448 1505 1502 κακῶν
1527 1451 1583 1502 ἐν
1609 1448 1784 1520 ἐαυτῷ

215 1544 388 1613 μηκέτι
421 1541 610 1611 φέρων
632 1580 646 1602 ,
668 1543 700 1611 ἡ
735 1539 791 1592 δὲ
817 1541 958 1610 συκῆ
987 1541 1214 1612 προθέλυ
1224 1558 1350 1611 μνος
1375 1541 1784 1594 ἀποσπασθεῖσα

210 1635 444 1708 ἀποθάνῃ
462 1653 476 1664 ο
513 1634 654 1687 κατά
688 1633 861 1687 ταῦτα
887 1634 982 1687 καὶ
1007 1637 1035 1687 ό
1058 1634 1190 1695 Θεὸς
1211 1635 1238 1686 ὁ
1266 1633 1512 1704 τεχνίτης
1541 1633 1630 1686 τὸν
1657 1635 1784 1686 ἑαυο

212 1728 292 1781 τοῦ
324 1727 449 1789 νεὼ,
500 1727 594 1780 τὸν
643 1726 952 1796 ἄνθρωπον,
998 1725 1153 1796 δίκην
1203 1726 1400 1798 ἀγρίας
1449 1725 1639 1796 συκῆς,
1683 1725 1783 1794 τὴν

211 1817 473 1888 ἁμαρτίαν
504 1801 912 1885 βλαστήσάντα,
934 1813 1224 1867 διεκώλυσε
1254 1814 1484 1868 θανάτου
1519 1814 1782 1884 προσκαί-
1816 1807 1855 1862 Β

211 1927 312 1980 pot;
341 1907 677 1978 προσϐολαῖς
698 1924 712 1936 ο
739 1906 1097 1972 ἀποκτείνων,
1123 1907 1261 1959 κατὰ
1287 1907 1348 1960 τὸ
1376 1907 1778 1979 γεγραμμένον,

216 2004 294 2056 καὶ
318 2001 602 2066 ζωοποιῶν
622 2018 634 2030 ·
668 2001 756 2054 ἵνα
785 1999 945 2054 πάλιν
981 1999 1090 2052 τῶν
1121 1999 1299 2052 αὐτῶν
1339 2002 1372 2070 ἡ
1407 1997 1543 2071 σὰρξ
1578 2000 1779 2072 μερῶν,

214 2095 334 2165 μετὰ
362 2095 421 2146 τὸ
452 2094 790 2166 ξηρανθῆναι
821 2093 913 2146 καὶ
941 2092 1230 2147 ἀποθανεῖν
1261 2093 1319 2145 τὸ
1352 2093 1673 2164 ἁμάρτημα,
1705 2092 1784 2145 δί-

217 2201 304 2253 κην
328 2183 914 2253 ἁνακαινοποιηθέντος
943 2182 1093 2248 ναοῦ,
1127 2182 1395 2245 ἀθάνατος
1423 2183 1518 2235 καὶ
1547 2183 1783 2253 ἀπήμων

216 2279 409 2348 ἐγερθῇ,
467 2276 671 2339 τελέως
717 2278 782 2328 ὲκ
817 2276 1031 2348 βάθρων
1079 2275 1420 2346 ἀπολομένης
1461 2276 1558 2345 τῆς
1601 2277 1782 2346 ἁμαρ-

216 2370 332 2433 τίεις.
365 2369 591 2433 Ζῶντος
624 2369 733 2441 γάρ
771 2368 852 2421 ἔτι
892 2368 984 2421 τοῦ
1020 2368 1288 2439 σώματος,
1325 2366 1432 2440 πρὸ
1468 2366 1562 2419 τοῦ
1595 2367 1784 2438 τεθνή-

215 2464 402 2531 ξασθαι,
448 2463 623 2534 συζῇν
656 2463 870 2534 ἀνάγκη
905 2462 998 2516 καὶ
1029 2461 1126 2533 τὴν
1170 2460 1466 2533 ἁμαρτίαν,
1495 2460 1640 2513 ἔνδον
1686 2460 1784 2523 τὰς

215 2555 348 2624 ῥίζας
371 2555 555 2624 αὐτῆς
590 2556 648 2607 ἐν
683 2557 814 2625 ἡμῖν
858 2552 1347 2625 ἀποκρύπτουσαν,
1389 2553 1436 2604 εί
1471 2551 1562 2602 καὶ
1588 2549 1783 2616 ἔξωθεν

212 2651 381 2718 τομαῖς
400 2651 531 2712 ταῖς
559 2647 671 2701 ἀπὸ
693 2646 800 2700 τῶν
825 2644 1216 2717 σωφρονισμῶν
1248 2643 1382 2714 (59),
1412 2641 1505 2695 καί
1527 2641 1634 2694 τῶν
1666 2657 1785 2695 νου-

216 2739 464 2811 θετήσεων
493 2739 868 2793 ἀνεστέλλετο.
918 2737 1069 2791 Ἐπεὶ
1101 2734 1193 2790 οὖν
1215 2737 1315 2789 οὑκ
1337 2734 1402 2788 ἂν
1429 2733 1566 2805 μετά
1587 2733 1646 2786 τὸ
1679 2751 1786 2802 φω-

213 2831 439 2902 τισθῆναι
491 2831 812 2885 συνέϐαινεν
853 2830 1078 2892 ἀδικεῖν,
1122 2828 1216 2882 ἀτε
1256 2829 1599 2882 παντάπασιν
1651 2827 1782 2880 εἰλι-

216 2924 392 2994 κρινῶς
411 2923 784 2997 ἀφῃρημένης
815 2922 908 2990 ἀφ’
945 2921 1099 2993 ἡμῶν
1131 2921 1232 2992 τῆς
1264 2921 1554 2992 ἁμαρτίας.
1587 2919 1703 2977 Νῦν
1728 2919 1785 2972 δὲ

207 3019 297 3071 καὶ
333 3018 461 3088 μετά
490 3018 557 3071 τὸ
597 3015 918 3080 πιστεῦσαι,
955 3017 1048 3069 καὶ
1078 3016 1170 3068 ἐπὶ
1201 3015 1262 3068 τὸ
1302 3015 1446 3087 ὕδωρ
1486 3014 1658 3068 ἐλθεῖν
1691 3012 1784 3068 τοῦ

211 3109 492 3180 ἀγιασμοῦ,
526 3109 792 3172 πολλάκις
815 3111 872 3161 ἐν
897 3107 1192 3178 ἁμαρτίαις
1217 3107 1370 3170 ὅντες
1391 3106 1781 3178 εὑρισκόμεθα.

208 3201 390 3262 Οὐδεὶς
425 3202 530 3272 γὰρ
561 3201 734 3264 οὕτως
763 3202 1038 3272 ἁμαρτίας
1073 3200 1228 3263 ἐκτὸς
1257 3195 1395 3253 εἶναι
1427 3201 1780 3270 καυχήσεται,

209 3291 280 3354 ὡς
302 3293 431 3364 μηδὲ
453 3294 561 3346 κᾶν
582 3292 952 3362 ἐνθυμηθῆναι
971 3291 1030 3344 τὸ
1046 3291 1260 3344 σύνολον
1275 3289 1410 3354 ὅλως
1431 3290 1526 3362 τὴν
1548 3291 1779 3344 ἀδικίαν.

209 3381 356 3435 Ὥστε
393 3383 718 3455 συμϐέϐηκε
752 3383 862 3454 (60)
901 3381 1281 3436 συστέλλεσθαι
1315 3383 1432 3448 μὲν,
1475 3383 1568 3435 καὶ
1592 3383 1792 3435 κατευ--Δ

207 3475 446 3538 νὶζεσθαι
475 3480 549 3547 τῇ
585 3476 766 3528 πίστει
789 3474 885 3529 νῦν
915 3475 1012 3546 τὴν
1039 3475 1334 3546 ἁμαρτίαν,
1370 3476 1450 3538 είς
1483 3473 1544 3526 τὸ
1578 3475 1651 3546 μὴ
1685 3473 1786 3544 φύ-

205 3581 284 3619 σαι
317 3568 425 3638 (6-1)
463 3569 734 3638 καρποὺς·
766 3566 1140 3636 βλαϐοποιοὺς,
1175 3567 1236 3619 οὺ
1285 3565 1388 3637 μὴν
1437 3564 1786 3635 ἀνασπασθῆ-

207 3677 285 3712 ναι
331 3663 421 3714 καὶ
467 3660 591 3712 τῶν
633 3658 796 3731 ῥιζῶν
858 3659 1035 3730 ἄχρις.
1079 3659 1194 3713 Νῦν
1243 3660 1340 3729 μὲν
1401 3657 1634 3711 ἐνταῦθα
1687 3659 1786 3722 τὰς

206 3753 424 3822 βλάστας
464 3753 670 3819 αὐτῆς,
718 3747 828 3806 οἷον
872 3752 972 3815 τὰς
1016 3751 1343 3823 ἐνθυμήσεις
1398 3751 1496 3814 τὰς
1521 3752 1781 3824 πονηρὰς,

209 3846 588 3916 συστέλλομεν,
634 3845 706 3914 μή
751 3861 836 3907 τις
872 3845 997 3914 ῥίζα
1026 3845 1250 3915 πικρίας
1283 3844 1395 3898 ἀνω
1454 3844 1659 3914 φύουσα
1700 3847 1784 3898 ἐν·

202 3936 416 4011 οχλήσῃ,
467 3939 552 4008 μὴ
588 3937 785 3996 ἐῶντες
811 3935 1097 4006 ἁναμύειν,
1119 3938 1212 3989 καὶ
1245 3936 1572 4006 διοίγνυσθαι
1599 3937 1668 3990 τά
1692 3955 1810 4008 μετ

206 4030 402 4097 μυκότα
430 4031 646 4100 στόμια
679 4029 814 4100 πρὸς
856 4028 953 4092 τάς
985 4031 1273 4098 ἐκφύσεις⁹
1319 4030 1415 4082 τοῦ
1443 4031 1598 4100 λόγου
1633 4032 1787 4100 δίκην

202 4120 379 4192 ἁξίνης
426 4122 581 4187 πρὸς
625 4121 723 4184 τὰς
771 4119 926 4189 ῥίζας
968 4121 1138 4190 αὐτῆς
1181 4121 1278 4183 τὰς
1315 4122 1464 4176 κάτω
1513 4124 1787 4194 φυομένας

203 4214 510 4282 τέμνοντος.
553 4214 690 4266 Τότε
732 4214 829 4267 καὶ
872 4214 933 4266 τὺ
974 4214 1109 4278 ὅλως
1154 4213 1625 4284 ἐνθυμηθὴσεσθαι
1660 4215 1787 4286 περὶ

199 4306 387 4371 κακίας
416 4307 885 4378 ἀφανισθήσεται.

1878 528 2102 599 quidem
2133 527 2281 581 ﬁbrae
2320 532 2687 586 remanerent,
2719 522 2864 577 unde
2895 537 3036 576 nova
3075 520 3310 576 subinde
3339 535 3463 591 ger-

1877 621 2026 675 mina
2064 627 2412 689 peccatorum
2456 626 2825 686 erumperem.

1951 711 2019 766 ν.
2068 711 2137 766 Ut
2167 711 2312 766 enim
2347 710 2654 781 magniﬁcis
2687 709 3013 779 templorum
3056 709 3347 765 structuris
3374 725 3466 764 ca-

1880 802 2107 870 priﬁcus
2137 816 2414 864 crescens,
2453 811 2617 869 atque
2645 800 2698 853 in
2733 799 3025 852 maximam
3048 800 3465 869 amplitudinem

1882 895 2224 961 adolescens,
2261 901 2314 948 et
2342 893 2738 962 multiplicibus
2790 892 3033 946 radicum
3070 893 3331 953 brachiis
3368 911 3464 964 per

1882 1002 2073 1043 omnes
2099 987 2340 1057 lapidum
2372 985 2567 1042 diﬁ‘usa
2595 1001 2906 1056 compages,
2939 1001 3046 1039 non
3079 987 3234 1056 prius
3279 1003 3468 1042 excre-

1883 1095 2038 1135 scere
2072 1095 2136 1135 ac
2190 1080 2458 1150 pullulare
2515 1079 2736 1143 desinit,
2769 1094 2934 1148 quam
2987 1078 3232 1148 disjectis
3291 1097 3356 1135 ex
3404 1097 3470 1136 eo

1885 1173 2029 1228 unde
2059 1183 2220 1229 enata
2260 1185 2345 1231 est
2402 1174 2520 1228 loco
2566 1173 2858 1244 lapidibus,
2891 1181 3005 1227 tota
3035 1174 3252 1244 penitus
3281 1175 3471 1229 evulsa

1881 1267 2142 1321 concidat
2172 1287 2185 1320 :
2226 1276 2341 1321 tum
2374 1267 2540 1334 enim,
2575 1267 2789 1322 sublata
2806 1267 3086 1337 capriﬁeo,
3114 1267 3325 1336 lapides
3354 1255 3478 1322 suis

1887 1358 2022 1413 locis
2051 1365 2284 1428 possunt
2306 1359 2542 1421 restitui,
2583 1366 2643 1411 ut
2676 1365 2729 1412 et
2752 1359 3013 1428 templum
3039 1359 3217 1429 ipsum
3254 1359 3468 1413 incolu-

1885 1467 1972 1506 me
2000 1459 2268 1518 servetur,
2319 1466 2442 1505 cum
2476 1452 2686 1504 nullum
2742 1452 2975 1521 amplius
3031 1467 3097 1506 ex
3147 1452 3215 1507 iis
3272 1452 3472 1522 quibus

1883 1544 2253 1610 evertebatur,
2286 1544 2649 1598 incommodis
2675 1544 2902 1610 habeat;
2932 1545 3223 1614 capriﬁcus
3243 1563 3372 1602 vero
3403 1548 3473 1602 ab

1888 1639 2013 1694 imis
2053 1639 2335 1694 radicibus
2365 1639 2553 1694 evulsa
2587 1640 2896 1694 moriatur:
2931 1639 2997 1693 ad
3032 1640 3280 1694 eumdem
3313 1643 3473 1710 piane

1888 1731 2108 1785 modum
2139 1730 2331 1786 artifex
2363 1731 2456 1786 ille
2483 1729 2650 1795 Deus,
2677 1732 2938 1802 templum
2963 1748 3146 1797 suum,
3171 1733 3469 1797 hominem,

1885 1823 1976 1891 qui
2009 1831 2313 1893 peccatum,
2341 1822 2585 1892 capriﬁci
2645 1823 2929 1892 cujusdam
2978 1824 3170 1886 instar,
3200 1825 3476 1892 produxe.

1885 1925 1989 1980 rat,
2039 1917 2229 1970 mortis
2290 1915 2358 1969 ad
2412 1925 2625 1985 tempus
2682 1915 3078 1986 impressione,
3120 1916 3474 1973 fruticatione

1885 2008 2120 2062 inhibuit
2167 2007 2276 2078 (65)
2305 2027 2318 2060 :
2355 2013 2447 2077 qui
2469 2008 2623 2076 juxta
2653 2009 2798 2078 quod
2823 2010 3084 2078 scriptum
3119 2017 3202 2064 est
3226 2011 3291 2071 ¹⁰,
3323 2013 3472 2064 occi—

1883 2098 1978 2152 dat
2011 2107 2064 2153 et
2092 2099 2274 2152 vivere
2299 2097 2496 2152 faciat:
2527 2108 2586 2152 ut
2621 2099 2816 2153 iisdem
2850 2099 3096 2169 partibus
3115 2115 3265 2163 caro,
3292 2103 3475 2155 exsic—

1885 2196 2009 2242 cato
2054 2187 2528 2258 intermortuoque
2554 2197 2799 2257 peccato,
2837 2188 2981 2242 velut
3011 2190 3265 2259 templum
3297 2190 3474 2261 quod-

1884 2279 2008 2334 dam
2037 2281 2423 2343 instauratum,
2459 2281 2786 2337 immortalis
2822 2282 3134 2352 illaesaque,
3191 2283 3408 2338 sublato
3440 2299 3470 2336 a

1884 2371 2256 2426 fundamentis
2320 2373 2717 2444 proﬁigatoque
2796 2383 3060 2444 peccato,
3141 2387 3473 2446 resurgeret.

1885 2465 2098 2521 Etenim
2127 2465 2369 2536 quandiu
2400 2481 2602 2536 corpus
2646 2467 2798 2531 vivit,
2835 2481 2937 2520 nec
2984 2465 3162 2521 adhuc
3194 2481 3471 2524 mortuum

1885 2567 2000 2624 est,
2033 2574 2158 2613 cum
2186 2574 2252 2614 eo
2277 2559 2459 2614 vivere
2488 2567 2774 2628 peccatum
2829 2575 3054 2614 necesse
3113 2566 3231 2625 est,
3284 2572 3338 2615 et
3375 2577 3474 2614 oc-

1887 2650 2063 2703 cultas
2097 2650 2152 2703 in
2186 2651 2346 2704 nobis
2380 2649 2596 2706 radices
2629 2665 2823 2719 agere,
2853 2650 3214 2718 quantumvis
3243 2651 3468 2720 quibus-

1886 2739 2012 2794 dam
2040 2742 2190 2794 velut
2219 2740 2637 2810 castigationum
2689 2741 3283 2812 reprehensionumque
3314 2751 3474 2813 puta-

1885 2830 2126 2886 tionibus
2162 2838 2503 2884 coerceatur.
2561 2829 2816 2900 Alioquin
2842 2840 2963 2899 post
2991 2831 3317 2901 baptismum
3350 2833 3474 2886 titil-

1887 2923 1998 2976 lum
2031 2923 2142 2992 jam
2173 2923 2355 2978 scelus
2401 2930 2815 2992 perpetramus,
2868 2932 3220 2996 posteaquam
3283 2941 3476 2994 pecca-

1887 3023 2002 3068 tum
2029 3028 2065 3067 a
2092 3014 2253 3069 nobis
2293 3014 2543 3070 funditus
2587 3023 2731 3070 esset
2765 3014 3059 3068 sublatum.
3110 3015 3271 3085 Atqui
3307 3017 3472 3069 eiiatn

1885 3117 2008 3178 post
2029 3115 2338 3176 susceptam
2371 3107 2552 3171 ﬁdem,
2577 3123 2640 3162 ac
2681 3115 2968 3178 postquam
3002 3108 3068 3161 ad
3102 3123 3298 3176 aquam
3327 3107 3473 3160 illam

1843 3199 1854 3269 ῗ
1889 3199 2322 3256 sanctiﬁcantem
2355 3201 2725 3267 accessimus,
2781 3203 2922 3270 saepe
2973 3201 3214 3270 peccatis
3251 3201 3472 3254 obnoxii

1889 3293 2222 3348 invenimur.
2257 3291 2445 3363 Neque
2478 3293 2622 3348 enim
2651 3293 2786 3348 adeo
2813 3309 2872 3349 se
2906 3294 3202 3348 immunem
3227 3293 3294 3346 ab
3324 3292 3472 3345 omni

1890 3371 2115 3454 peccato
2149 3384 2370 3454 gloriari
2400 3384 2670 3454 quispiam
2711 3391 2910 3454 potest,
2949 3394 3006 3437 ut
3035 3399 3103 3438 ne
3141 3385 3475 3454 cogitatione

1892 3476 2108 3546 quidem
2166 3476 2346 3531 scelus
2396 3476 2564 3529 ullum
2602 3475 2869 3529 admittat.
2903 3475 3083 3541 Quare
3141 3476 3374 3540 accidit,
3415 3484 3475 3530 ut

1891 3568 2055 3622 modo
2081 3567 2300 3637 quidem
2348 3578 2633 3636 peccatum
2688 3567 2794 3622 ﬁde
2831 3568 3160 3639 reprimatur
3192 3551 3250 3622 et
3275 3583 3476 3621 conso-

1890 3661 2092 3729 piatur,
2126 3668 2185 3712 ut
2211 3675 2279 3714 ne
2303 3659 2643 3729 perniciosos
2687 3660 2899 3715 fructus
2942 3661 3195 3726 emittat;
3236 3675 3347 3714 non
3392 3669 3475 3714 ta-

1871 3767 2016 3806 men
2035 3761 2091 3805 ut
2111 3754 2338 3806 omnino
2367 3767 2434 3806 ac
2464 3754 2730 3808 radicitus
2755 3755 3156 3823 exstinguatur.
3175 3753 3467 3820 Quocirca,

1891 3859 2036 3898 nunc
2065 3845 2284 3914 quidem
2317 3845 2463 3900 illius
2497 3846 2761 3916 germina,
2796 3861 2993 3916 pravas
3041 3846 3296 3899 nimirum
3327 3847 3477 3915 cogi-

1889 3937 2143 4001 tationes,
2178 3937 2521 4004 inltibemus;
2555 3955 2616 3991 ne
2635 3955 2738 4010 qua
2767 3936 2928 3991 radix
2955 3938 3330 3990 amaritudinis
3359 3953 3476 3990 sur-

1889 4043 2006 4082 sum
2035 4030 2337 4098 germinans
2366 4030 2429 4094 “,
2462 4030 2766 4084 molestiam
2818 4029 2977 4084 nobis
3019 4029 3207 4084 afferat
3235 4045 3247 4078 :
3279 4043 3342 4081 ac
3373 4043 3474 4082 nec

1891 4131 2107 4192 apertas
2140 4123 2204 4176 ad
2248 4123 2623 4193 pullulandum
2675 4125 2790 4177 vias
2836 4139 2900 4177 ac
2938 4124 3270 4192 spiramenta
3307 4120 3464 4175 dehi-

1881 4227 2046 4270 5cere
2072 4231 2135 4268 ac
2159 4215 2406 4284 pateﬁeri
2457 4215 2690 4270 sinimus
2713 4255 2726 4279 ,
2769 4216 2954 4270 divino
2985 4215 3164 4271 Verbo
3191 4254 3207 4281 ,
3265 4217 3474 4271 securis

1892 4307 2088 4368 instar,
2123 4305 2446 4362 fruticantes
2491 4307 2785 4361 identidem
2840 4307 2908 4362 ab
2939 4307 3121 4362 radice
3151 4307 3350 4376 stirpes
3375 4322 3473 4361 ex-

200 4400 426 4456 cidente.
461 4403 542 4454 At
586 4399 642 4453 in
677 4397 862 4452 futuro
888 4398 981 4452 illo
1009 4405 1180 4462 statu,
1213 4397 1341 4451 mali
1366 4398 1545 4452 omnis
1572 4397 1657 4452 vel
1686 4396 1870 4450 futura
1900 4398 2167 4467 cogitatio
2205 4399 2450 4453 tolletur.

263 4492 350 4558 φ.
393 4492 545 4564 Φέρε
581 4490 691 4560 (62)
728 4489 855 4560 γὰρ,
893 4490 1111 4542 ἐπειδὰν
1147 4489 1354 4542 πολλῶν
1387 4489 1466 4542 δεῖ
1495 4489 1603 4542 τῶν
1655 4490 1785 4560 περὶ

1959 4489 2050 4545 Vl.
2092 4491 2205 4561 Age
2231 4492 2402 4557 enim,
2429 4491 2687 4560 quoniam
2710 4490 2896 4545 multis
2921 4504 3102 4543 rerum
3134 4487 3474 4558 ejuscemodi

197 4584 260 4637 τὰ
299 4586 539 4638 τοιαῦτα
583 4582 1060 4655 παραδειγμάτων,
1091 4581 1340 4636 ἐντεῦθεν
1373 4581 1513 4635 αὐτά
1554 4581 1786 4652 μάλιστα

202 4676 601 4747 σκεπτώμεθα,
647 4675 721 4746 μὴ
773 4675 1129 4745 ἀφιστάμενοι
1172 4676 1300 4745 πρὶν
1336 4674 1400 4727 ἂν
1448 4676 1528 4738 είς
1574 4673 1790 4745 εὐδηλο-

195 4767 355 4839 τέραν
400 4767 716 4839 ἑρμηνείαν
770 4766 1188 4838 ἀποτελευτήσει
1217 4766 1307 4819 καὶ
1338 4765 1608 4831 ἀπόδειξιν
1641 4769 1668 4818 ὁ
1699 4766 1788 4818 λό-

195 4872 301 4927 γος.
329 4861 601 4914 Φαίνεται
632 4861 809 4913 τοίνυν
834 4859 1020 4930 ὥσπερ
1050 4858 1103 4911 εί
1132 4876 1215 4922 τις
1243 4858 1575 4930 δημιουργὸς
1601 4859 1786 4930 ἄκρος,

261 5059 305 5090 ¹⁹
325 5059 498 5115 Deut.
534 5073 712 5123 nm,
750 5059 836 5114 39.
903 5059 942 5090 “
983 5057 1116 5114 Πρὸ.
1147 5074 1245 5124 xu,
1281 5057 1334 5113 5.

261 5240 404 5312 (57‘)
438 5241 681 5312 Καθάπ.
708 5240 798 5312 Ex
819 5233 1167 5312 Epiphtlimr.
1194 5255 1250 5293 n.
1273 5239 1362 5293 25.

260 5308 664 5379 (58)](ιιλοῖς.
697 5308 1095 5382 Εάιῐ.,”καλι”ἱ›νἐ
1123 5309 1186 5362 Ει
1207 5325 1353 5382 mox,
1387 5308 1786 5382 εὐτροφήσασα.

264 5383 379 5446 (59)
415 5382 890 5450 Σωφρονισμῶν.
931 5382 1028 5435 Ms.
1065 5379 1275 5450 Rupili,
1307 5379 1620 5450 συμφορῶν.

259 5455 375 5522 (ϐυ)
412 5455 466 5506 Σ
472 5452 790 5520 νμὸέϐηκε.
842 5451 1010 5518 Edit.,
1037 5453 1354 5522 συνέστηκε.
1384 5451 1504 5505 Mox
1528 5464 1628 5520 pro
1655 5466 1789 5502 κατ-

196 5523 554 5586 ευνάζεσθαι,
578 5525 702 5576 cod.
743 5522 917 5592 Rup.._
937 5523 1302 5587 κατευνάζειν.

261 5597 375 5662 (61)
416 5595 644 5646 φύσαι.
674 5589 842 5656 Edit.,
870 5589 1031 5646 οίσαι.

262 5664 375 5733 (6‘2)
412 5663 595 5731 Φέρε,
631 5681 684 5715 κ.
714 5681 764 5718 τ.
800 5663 848 5718 λ.
880 5663 952 5716 Et
989 5663 1182 5732 Epiph.
1221 5679 1275 5717 η.
1304 5663 1393 5718 27.

264 5732 378 5804 (65)
415 5733 793 5786 Fruticatione
866 5734 1105 5787 inhibuit.
1135 5734 1458 5799 Διεκώλυσε,
1479 5749 1674 5804 nempe
1696 5732 1788 5787 τοῦ

202 5802 558 5871 βλαστάνειν.
588 5805 706 5859 Alia
746 5805 904 5862 lectio
933 5805 1195 5875 Epiphan.
1233 5805 1438 5858 διέλυσε
1463 5802 1626 5862 etiam
1657 5819 1787 5859 con-

1893 4583 2156 4652 exemplis
2182 4598 2321 4654 Opus
2356 4591 2442 4638 est
2474 4581 2587 4654 (64)
2609 4622 2624 4649 ,
2674 4582 2801 4637 hinc
2831 4581 3173 4652 potissimum
3207 4583 3311 4636 ista
3343 4596 3478 4636 con-

1895 4676 2234 4742 sideremus;
2267 4693 2442 4748 neque
2492 4677 2645 4747 prius
2674 4676 2741 4731 ab
2772 4691 2838 4731 eo
2867 4682 3189 4745 argumento
3226 4674 3478 4730 disceda-

1898 4785 2022 4823 mus
2046 4808 2060 4832 ,
2101 4783 2263 4838 quam
2296 4769 2352 4823 in
2384 4770 2666 4824 clariorem
2699 4767 3118 4838 explicationem
3153 4782 3216 4821 ac
3274 4767 3475 4837 proba-

1895 4860 2097 4916 tionem
2148 4867 2336 4916 nostra
2383 4861 2606 4917 desierit
2645 4860 2840 4916 oratio.
2873 4859 3106 4915 Perinde
3151 4861 3314 4930 igitur
3338 4876 3476 4915 con-

1933 5237 2062 5291 ruit.

1896 5252 2084 5379 ετῖθῖ)
2120 5306 2608 5379 ρηοιιίαηιῄιηιιίιίξ
2645 5324 2829 5379 rerum
2877 5307 3196 5378 ejuscemodi
3227 5310 3476 5378 exemplis

1899 5377 2028 5448 opus
2062 5377 2158 5451 est.
2207 5377 2465 5451 Ἐπειδὰν
2487 5377 2696 5451 πολλῶν
2725 5380 2806 5430 δεῖ
2840 5380 2948 5430 τῶν
2983 5381 3110 5451 περὶ
3147 5379 3213 5451 τὰ
3256 5377 3479 5433 τοιαῦτα

1899 5449 2380 5520 παραδειγμάτων.
2424 5448 2698 5504 Transitio
2731 5457 2816 5504 est
2853 5452 2921 5502 ab
2960 5448 3208 5518 exemplo
3234 5451 3477 5519 capriﬁci

1899 5529 1952 5575 et
1985 5522 2169 5590 templi
2205 5521 2272 5573 ad
2302 5521 2606 5590 exemplum
2641 5520 2841 5586 simile,
2875 5520 2990 5574 vitii
3021 5521 3287 5588 labisqne,
3324 5527 3375 5573 et
3401 5523 3478 5573 si-

1897 5590 2164 5656 mulacri;
2206 5591 2263 5645 in
2294 5591 2492 5660 quibus
2523 5592 2790 5646 ambobus
2824 5591 3034 5647 destrui
3072 5597 3319 5658 oporteat
3347 5591 3474 5645 Sub-

1900 5661 2097 5731 jectum
2123 5663 2318 5718 iterum
2346 5663 2784 5725 instaurandum,
2809 5672 2866 5715 ut
2889 5669 3074 5732 pereat
3101 5661 3244 5729 quod
3278 5662 3475 5732 malum

1897 5730 2293 5802 accessit.Non
2318 5733 2453 5786 satis
2481 5733 2694 5800 videtur
2725 5730 3028 5802 exprimere
3059 5733 3326 5797 interpres
3355 5730 3479 5800 Epi-

1896 5802 2077 5873 pbanii
2110 5822 2122 5858 :
2155 5801 2417 5870 Quoniam
2449 5805 2627 5865 multis
2658 5804 2725 5859 ad
2759 5801 2811 5857 id
2842 5804 3090 5872 exemplis
3119 5819 3243 5872 orm;
3264 5811 3370 5862 ,εει
