4010 6328
557 309 659 365 971

1522 308 1580 366 S.
1623 307 1956 367 METHODll
1992 307 2304 367 EPiSCOPl
2339 309 2430 366 ET
2468 309 2828 369 MARTYRIS

3699 320 3809 377 272

560 427 750 498 tigissc
770 420 912 481 mihi
950 425 1205 493 videtur,
1258 441 1323 482 ac
1376 426 1423 483 si
1471 427 1837 499 peritissimus
1864 426 2121 499 quispiam

2235 425 2455 499 ἄγαλμα
2486 427 2650 483 καλὸν
2677 429 2787 485 ἀπὸ
2820 429 3023 503 χρυσοῦ
3065 429 3178 504 (66)
3223 435 3733 507 κατεσκευασμένον
3769 438 3807 511 ἢ

556 520 749 577 artifex
778 519 1050 591 egregiam
1089 534 1157 575 ex
1179 534 1316 575 auro
1343 520 1429 576 vel
1458 521 1564 575 alia
1612 522 1844 577 materia
1889 531 2129 577 statuam

555 630 585 669 a
610 631 670 671 se
696 613 1037 677 fabricatam,
1068 628 1133 668 ac
1155 613 1416 670 membris
1441 614 1696 670 omnibus
1721 614 1990 671 concinne
2019 612 2118 669 ele-

551 717 849 780 ganterque
873 705 1217 777 perpolitam,
1253 708 1478 763 alteram
1509 706 1738 774 conllet;
1773 707 1867 763 ubi
1897 705 2129 762 subinde

552 815 583 854 a
643 798 981 870 nequissimo
1030 797 1215 868 aliquo
1270 798 1532 855 foedatam
1589 798 1996 864 animadvertit,
2032 796 2128 869 qui

551 891 694 946 hanc
749 897 944 946 statua:
979 890 1442 961 pulchritudinem
1497 906 1608 963 prae
1654 891 1858 947 invidia
1890 905 2002 945 non
2048 887 2128 945 fe-

548 1000 697 1049 rens,
725 982 903 1039 labem
933 983 1196 1054 aliquam,
1220 981 1438 1039 inanem
1467 998 1534 1040 ex
1563 982 1768 1039 invidia
1792 982 2125 1054 voluptatem

546 1087 926 1149 percepturus,
971 1076 1237 1135 intulerit.
1271 1076 1657 1133 Animadverte
1702 1076 1871 1141 enim,
1908 1074 2126 1146 sapien-

542 1170 760 1225 tissime
786 1167 1147 1240 Aglaophon:
1197 1167 1254 1224 Si
1296 1169 1446 1225 nullo
1482 1184 1711 1241 prorsus
1746 1166 1909 1223 modo
1939 1166 2126 1222 volue-

546 1262 620 1317 rit
652 1260 850 1319 artifex
871 1261 1074 1317 habere
1102 1261 1443 1332 deturpatam
1483 1269 1719 1319 statuam
1769 1275 1935 1333 quam
1971 1265 2125 1313 tanto

502 1348 507 1353 ’
548 1354 732 1412 studio
764 1354 1141 1426 elegantisque
1166 1354 1488 1421 elaboravit,
1523 1367 1743 1409 rursum
1783 1353 1943 1424 plane
1966 1348 2125 1405 indu-

544 1455 631 1502 cet
658 1447 715 1500 in
749 1447 1014 1512 animum,
1046 1454 1106 1500 ut
1150 1446 1438 1502 conflatam
1496 1446 1644 1501 illam
1670 1488 1686 1511 ,
1734 1444 1915 1517 qualis
1963 1449 2123 1496 antea

545 1545 684 1603 erat,
708 1536 937 1593 reficiat.
972 1534 1131 1603 Quod
1178 1536 1225 1592 si
1252 1536 1481 1594 fundere
1506 1538 1708 1600 denuo,
1739 1543 1904 1606 atque
1933 1533 2002 1588 ab
2038 1530 2124 1586 in—

544 1640 700 1700 tegro
732 1629 1020 1685 restituere
1049 1635 1104 1684 et
1127 1628 1434 1685 instaurare
1461 1645 1572 1685 non
1598 1630 1807 1701 placeat
1838 1647 1851 1682 :
1888 1625 1984 1683 sed
2010 1638 2125 1679 me-

544 1725 736 1780 dicans
755 1731 969 1778 tantum
998 1732 1051 1778 et
1070 1725 1372 1794 corrigens,
1404 1726 1478 1780 ita
1500 1726 1578 1781 uti
1606 1741 1666 1781 se
1710 1724 1874 1780 habet
1895 1763 1910 1778 .
1957 1721 2125 1777 relin-

2238 518 2368 591 ’ύλης
2406 519 2597 593 ἑτέρας
2639 520 2806 593 αὐτῷ,
2839 522 2936 576 καὶ
2977 523 3155 580 πάντα
3185 525 3253 580 τά
3296 527 3429 598 μέλη
3480 529 3808 600 συμμέτρως

2234 613 2315 678 εἰς
2340 613 2533 678 κάλλος
2562 614 3083 689 διακεκοσμημένον,
3110 618 3270 672 πάλιν
3292 619 3544 693 χωνειῦοι⁹
3568 620 3806 696 λελωϐη-

2236 705 2396 776 μένον
2422 706 2576 775 ἀφνω
2605 706 2940 778 θεασάμενος
2965 709 3070 763 ὑπό
3089 727 3233 775 τινος
3254 709 3543 784 ἀνθρώπου
3573 730 3807 787 πονηρο-

2231 796 2417 862 τάτου,
2449 798 2511 864 ὃς
2543 800 2644 854 οὐκ
2682 800 2920 870 ἐνεγκὼν
2947 801 3053 855 ὑπὸ
3085 800 3383 872 βασκανίας
3412 803 3688 875 εὐπρεπὲς
3724 802 3806 860 εἶ-

2233 906 2320 945 ναι
2372 890 2433 943 τὸ
2469 889 2709 963 ἄγαλμα,
2764 894 2997 960 ὲσίνατο,
3053 894 3287 965 ματαίαν
3324 895 3515 968 ἡδονὴν
3559 888 3808 969 καρπού-

2235 999 2395 1053 μενος
2428 983 2540 1055 (67)
2576 986 2672 1038 τοῦ
2712 984 2926 1055 φθόνου.
2973 986 3219 1058 Πρόσχες
3252 985 3380 1059 γὰρ,
3427 983 3474 1043 ὧ
3525 988 3803 1058 σοφώτατε

2245 1070 2570 1142 Ἀγλαοφῶν,
2621 1073 2725 1139 ὅτι,
2768 1074 2818 1128 εί
2874 1074 3114 1146 βούλοιτο
3154 1077 3228 1148 μὴ
3265 1072 3405 1133 εἶναι
3445 1081 3806 1153 σεσινωμένον

2229 1161 2365 1227 ὅλως
2408 1165 2438 1217 ὁ
2481 1165 2807 1238 δημιουργὸς
2859 1170 2952 1224 καὶ
2999 1169 3196 1241 ψεκτὸν
3250 1172 3313 1226 τὸ
3359 1173 3497 1241 μετά
3532 1174 3802 1248 τοσαύτης,

2227 1255 2377 1328 αὐτῷ
2414 1257 2651 1329 σπουδῆς
2690 1275 2750 1312 τε
2793 1260 2888 1314 καὶ
2935 1263 3209 1332 φροντίδος
3256 1266 3629 1338 πεπονημένον
3662 1266 3803 1340 (68),

2229 1346 2391 1402 πάλιν
2443 1352 2891 1424 προτραπήσεται
2947 1356 3328 1427 συγχωνεύσας
3387 1358 3538 1423 αὐτὸ,
3592 1358 3808 1415 τοιοῦτο

2230 1441 2423 1504 ποιεῖν,
2454 1435 2565 1495 οἷον
2598 1442 2691 1496 καὶ
2715 1443 2950 1515 πρόσθεν
2981 1441 3070 1518 ῆν.
3113 1447 3175 1501 Ei
3220 1447 3277 1500 δὲ
3325 1447 3401 1520 μὴ
3447 1448 3800 1520 ἀναχωνεύοι,

2232 1530 2366 1602 μηδὲ
2397 1531 2751 1598 ἀνασκευάζοι
2793 1534 2923 1606 (69),
2948 1538 3033 1607 (ἑᾷ
3079 1537 3136 1590 δὲ
3165 1537 3336 1603 οὕτως
3384 1539 3588 1611 μένειν)
3639 1540 3805 1615 θερα-

2230 1621 2410 1677 πεύων
2466 1624 2598 1678 αὐτὸ
2646 1627 2741 1679 καὶ
2783 1626 3269 1700 ἐπανορθούμενος,
3319 1631 3530 1705 ἀνάγκη
3575 1631 3660 1707 δὴ,
3699 1653 3807 1688 πυ-

2232 1714 2594 1787 ρακτοὺμενον
2625 1717 2717 1771 καὶ
2760 1718 3157 1791 χαλκευόμενον
3202 1721 3264 1775 τὸ
3307 1722 3546 1795 ἄγαλμα,
3599 1726 3808 1798 μηκέτι

538 1804 705 1885 quat;
741 1828 968 1870 necesse
995 1820 1101 1878 est,
1127 1821 1187 1869 ut
1213 1814 1325 1886 igni
1355 1814 1675 1871 candefacta
1720 1823 1881 1884 atque
1905 1821 2019 1867 arte
2047 1809 2121 1865 fa-

2230 1809 2483 1863 δύνασθαι
2531 1811 2927 1884 διατηρηθῆναι
2974 1813 3036 1867 τὸ
3086 1815 3248 1880 αὐτὸ,
3300 1816 3437 1870 ἀλλά
3469 1817 3805 1892 διηλλαγμέ-

542 1907 670 1963 brili
697 1914 993 1963 retractata
1020 1908 1250 1979 efﬁgies,
1283 1922 1393 1962 non
1444 1907 1559 1977 jam
1609 1906 1800 1962 eadem
1830 1917 2123 1960 conserve-

541 2008 653 2063 tur,
673 1997 768 2055 sed
797 2007 1132 2055 commutata
1153 2014 1218 2054 ac
1242 1998 1616 2055 subdistracta
1639 2004 1918 2069 appareat.
1942 1994 2124 2062 Quare

540 2092 588 2148 si
609 2092 929 2162 praeclarum
949 2099 1002 2148 et
1016 2093 1195 2148 omnis
1211 2092 1350 2147 labis
1363 2106 1557 2162 expers
1577 2098 1748 2144 totum
1768 2088 2121 2144 simulacrum

540 2187 691 2251 velit,
719 2184 958 2256 confingi
996 2184 1333 2254 conflarique
1367 2185 1563 2239 iterum
1603 2189 1848 2252 oportet;
1880 2188 1938 2235 ut
1963 2179 2124 2250 quiil-

540 2276 673 2348 quid
703 2278 1095 2333 malevolorum
1122 2275 1314 2332 fraude
1334 2286 1496 2346 atque
1524 2275 1730 2329 invidia
1764 2269 2122 2343 turpitudinis

540 2384 608 2424 ac
632 2369 753 2424 vitii
791 2383 875 2427 est
907 2370 1132 2425 allatum
1159 2408 1176 2435 ,
1223 2368 1623 2425 instauratiOne
1679 2381 1747 2420 ac
1794 2363 2124 2420 conflatione

541 2463 769 2517 tollatur
790 2504 809 2533 ,
842 2462 1023 2533 ipsum
1050 2476 1183 2518 vero
1206 2461 1583 2525 simulacrum,
1616 2460 1671 2513 in
1709 2458 1898 2514 eadem
1930 2469 2123 2511 rursus

542 2554 727 2626 specie
760 2554 1034 2627 integrum
1068 2562 1123 2610 et
1145 2554 1399 2619 illzesum,
1433 2552 1538 2608 sibi
1589 2566 1753 2623 quam
1783 2548 2122 2605 simillimum

541 2647 820 2704 reddatur.
846 2647 924 2703 lta
956 2650 1102 2704 enim
1127 2647 1414 2719 contingit,
1447 2660 1559 2701 non
1596 2654 1654 2698 ut
1680 2652 1883 2706 statua,
1914 2642 1984 2697 ab
2021 2656 2119 2696 eo-

539 2741 663 2798 dem
685 2742 805 2814 ipso
831 2742 1041 2798 artifice
1072 2750 1278 2813 pereat,
1308 2740 1522 2795 tametsi
1556 2737 1676 2793 fusa
1704 2751 1899 2792 rursus
1941 2735 2122 2790 solva-

538 2846 631 2891 tur
652 2835 711 2890 in
744 2835 1049 2901 materiam,
1088 2832 1186 2890 sed
1221 2840 1280 2887 ut
1327 2833 1383 2887 in
1431 2833 1700 2903 integrum
1752 2828 2116 2884 restituatur:

537 2941 706 3000 utque
724 2928 875 2984 labes
891 2943 1082 2983 omnes
1099 2935 1153 2983 et
1178 2925 1444 2982 foeditates
1465 2930 1711 2995 pereant;
1735 2919 2003 2992 siquidem
2015 2918 2121 2974 illa:

537 3021 942 3086 absumuntur;
977 3033 1090 3073 non
1128 3029 1186 3073 ut
1233 3018 1612 3071 instaurentur
1661 3023 1716 3068 et
1746 3010 1981 3080 amplius
2033 3022 2120 3063 re-

536 3111 701 3168 deant
728 3129 741 3166 :
775 3117 1061 3182 propterea
1091 3108 1236 3181 quod
1260 3109 1315 3163 in
1338 3107 1486 3162 omni
1505 3115 1620 3159 arte
1633 3101 2118 3175 praestantissimus

536 3202 721 3275 opifex
778 3216 888 3257 non
936 3215 1003 3256 eo
1036 3201 1298 3271 respiciat
1329 3209 1389 3252 ut
1419 3213 1580 3252 suum
1602 3211 1740 3266 opus
1766 3192 2121 3264 turpitudinis

537 3295 744 3368 aliquid
780 3294 864 3350 vel
912 3292 1231 3350 oliensionis
1285 3289 1510 3353 habeat,
1566 3288 1663 3343 sed
1721 3296 1782 3341 ut
1837 3282 2122 3356 aptissime

534 3388 878 3445 modulatum
912 3386 1225 3458 all‘abreque
1248 3383 1451 3439 factum
1477 3388 1657 3436 exeat.
1688 3378 1837 3435 Idem
1869 3378 2038 3447 igitur
2062 3376 2119 3431 in

534 3483 695 3537 nobis
727 3480 927 3537 fecisse
955 3479 1090 3533 mihi
1134 3477 1280 3533 Deus
1325 3484 1380 3532 et
1430 3474 1844 3529 administrasse
1879 3468 2115 3526 videtur.

534 3574 672 3627 Cum
706 3572 851 3628 enim
883 3571 1182 3636 hominem,
1215 3566 1681 3639 elegantissimum
1728 3577 1866 3634 opus
1916 3576 2076 3617 suum
2098 3599 2117 3628 ,

536 3662 904 3720 fraudulentis
931 3663 1144 3715 artibus
1183 3669 1348 3729 atque
1377 3656 1583 3712 invidia
1617 3654 1951 3727 perspiceret
1978 3652 2121 3708 male

538 3756 804 3819 habitum,
828 3753 991 3807 talem
1030 3766 1130 3822 pro
1158 3766 1259 3806 sua
1306 3749 1639 3820 benignitate
1682 3747 1993 3817 relinquere
2020 3758 2120 3800 no-

540 3850 666 3915 luit,
700 3862 771 3902 ne
801 3847 859 3900 in
892 3859 1110 3900 omnem
1144 3841 1503 3897 aeternitatem
1551 3838 1811 3895 infectum
1861 3838 2074 3892 macula
2099 3876 2116 3903 ,

537 3939 847 3997 immortale
877 3935 1010 3992 illud
1036 3948 1223 3991 secum
1272 3933 1566 3987 adveheret
1593 3932 1922 4002 vituperium
1941 3971 1958 3997 ,
2020 3929 2119 3987 sed

534 4034 595 4090 in
623 4031 908 4087 materiam
937 4027 1117 4084 denuo
1139 4025 1387 4091 resolvit,
1420 4030 1481 4077 ut
1509 4022 1776 4094 quidquid
1831 4023 1885 4077 in
1934 4037 2000 4077 eo
2035 4021 2120 4076 vi-

535 4126 742 4181 tiosum
771 4131 921 4188 erat,
953 4119 1346 4178 reformatione
1379 4121 1496 4188 ipsa
1530 4118 1676 4172 velut
1698 4118 1997 4187 eliquatum
2030 4121 2116 4171 at-

537 4231 647 4287 que
675 4215 1009 4271 exstinctum
1044 4210 1267 4282 periret.
1296 4208 1453 4276 Quod
1478 4209 1622 4264 enim
1656 4208 1766 4263 illic
1811 4216 1899 4264 est
1926 4216 2118 4265 statua:

535 4306 823 4372 conllatio,
854 4305 997 4362 idem
1024 4304 1115 4359 hic
1149 4317 1299 4358 mors
1326 4311 1409 4357 cst
1429 4341 1446 4368 ,
1495 4300 1893 4372 dissolutioque
1920 4317 2111 4373 corpo-

535 4404 654 4458 ris:
692 4416 758 4456 ac
781 4400 928 4472 quod
960 4399 1072 4455 illic
1093 4408 1197 4463 est,
1225 4397 1421 4453 iterum
1459 4394 1790 4451 conformari
1834 4395 2116 4450 materiam

534 4503 700 4566 atque
722 4494 778 4548 in
804 4493 1097 4563 pristinum
1145 4490 1378 4545 nitorem
1412 4487 1662 4551 restitui,
1711 4486 1854 4541 idem
1887 4486 1976 4540 hic
2007 4493 2112 4550 est,

534 4597 659 4658 post
695 4592 927 4642 mortem
957 4597 1284 4653 resurgere:
1321 4579 1781 4651 quemadmodum
1828 4577 1991 4633 etiam
2035 4575 2120 4633 Je-

534 4682 740 4737 remias
766 4679 1030 4751 propheta
1072 4676 1174 4751 [ait
1200 4674 1448 4748 Iudaeis].
1482 4673 1575 4729 Sic
1605 4674 1750 4729 enim
1780 4681 1835 4727 et
1865 4672 1956 4727 ille
2002 4671 2117 4742 jam

534 4781 652 4829 tum
681 4774 763 4830 eis
786 4773 1074 4829 denuntiat
1119 4771 1459 4842 spondetque
1500 4767 1689 4823 dicens
1720 4786 1734 4822 :
1771 4764 1841 4819 Et
1872 4765 2117 4821 descendi

534 4871 594 4923 in
614 4871 829 4922 domum
859 4867 1043 4938 ﬁguli;
1086 4874 1134 4919 et
1164 4878 1278 4918 ecce
1309 4863 1399 4917 ille
1428 4860 1654 4930 faciebat
1695 4872 1823 4928 opus
1847 4872 2001 4927 super
2036 4857 2119 4911 la-

535 4961 746 5033 pidibus
779 4979 799 5018 :
845 4970 895 5015 et
925 4957 1194 5014 intercidit
1227 4973 1317 5012 vas
1354 4955 1468 5026 (65)
1502 4953 1638 5025 quod
1666 4954 1776 5023 ipse
1808 4949 2034 5022 faciebat
2063 4950 2117 5005 in

612 5102 726 5176 (65)
773 5101 839 5176 Et
888 5100 1155 5176 intercidit
1203 5116 1315 5156 vas.
1367 5094 1926 5176 aténsse,_quontodo
1967 5100 2118 5176 notat

537 5167 789 5246 Nobilius
819 5174 1018 5228 habere
1046 5173 1260 5246 aliquos
1291 5170 1508 5246 codices
1532 5187 1554 5246 ι.
1571 5167 1755 5222 minus
1788 5177 1971 5246 tamen
1992 5171 2117 5246 apte

537 5245 1091 5313 videturrexponere,
1138 5235 1375 5313 cadendo
1422 5239 1735 5313 dissipatam
1774 5245 1874 5291 est.
1926 5235 2116 5313 Melius

540 5315 657 5381 alii,
705 5304 971 5382 dilapsum
1002 5304 1101 5377 est,
1133 5327 1211 5382 (ac
1248 5312 1405 5382 velut
1440 5304 1583 5382 inter
1624 5308 1826 5382 digitos
1865 5304 2116 5382 (ξι-μιμείιεὶ

538 5373 694 5453 casu,
725 5390 783 5438 ut
813 5373 867 5457 in
898 5373 1169 5457 ejusmodi
1190 5374 1598 5457 solet,_dcfluxit
1617 5373 2118 5457 actinterciditlfe—

535 5444 741 5582 Laviiust
765 5444 944 5510 solum
988 5454 1166 5510 reddit
1208 5444 1440 5524 simplex
1487 5450 1672 5518 ἔπεσε,
1714 5448 1862 5521 quod
1903 5444 2117 5502 Sixtina

577 5542 606 5580 a
647 5543 715 5582 en
750 5567 762 5579 .

577 5533 762 5582 abent.

606 5597 721 5669 (66)
766 5593 901 5651 Ἀπὸ
927 5610 1023 5669 χρ.
1060 5594 1364 5669 Εᾶίιη-ὑπὺ
1393 5610 1484 5669 χρ

606 5659 695 5741 (67
749 5659 1613 5741 Καρποῧμενοςηεοόοῖῐὶυρη
1650 5659 2076 5732 καρποζόμενος.

610 5736 1096 5818 (ϋιςὶλιιεπτονξιιι.⁸
1116 5736 1307 5818 codex,
1329 5736 1738 5807 πεπονημένο;;
1773 5747 1948 5803 neque
1979 5745 2173 5818 prie-ﬂ

541 5801 645 5869 fert
668 5801 1005 5889 subsequens
1038 5809 1191 5867 αὐτό.

2228 1918 2318 1957 νον
2356 1902 2466 1975 (70)
2502 1904 2717 1959 ἔσεσθαι
2765 1906 2860 1960 καὶ
2897 1907 3335 1979 ὑπεσπασμένον.
3377 1909 3476 1964 Διά
3526 1927 3703 1979 τουτο,
3750 1915 3807 1968 εί

2230 1993 2471 2065 βούλοιτο
2490 1995 2651 2051 καλὸν
2682 1996 2778 2052 καὶ
2806 1996 3035 2070 ἄμωμον
3067 1999 3187 2054 ὅλον
3221 2001 3350 2056 αὐτὸ
3377 1998 3535 2068 εἶναι,
3572 2004 3814 2061 ἀναθλᾶ-

2230 2088 2354 2142 σθαι
2409 2090 2572 2157 αὐτὸ,
2623 2092 2715 2145 καὶ
2762 2093 3194 2163 ἀναχωνεύεσθαι
3244 2094 3352 2148 δεῖο
3406 2096 3555 2160 ὅπως
3593 2098 3661 2153 τὰ
3704 2100 3807 2170 μὲν

2227 2180 2390 2254 αἴσχη
2431 2183 2526 2236 καὶ
2571 2182 2640 2236 τὰ
2691 2183 3038 2256 ἀλλοιώματα
3076 2187 3253 2241 πάντα
3296 2187 3365 2242 τὰ
3405 2188 3464 2256 ἐξ
3507 2189 3811 2262 ἐπιϐουλῆς

2226 2271 2374 2343 αὐτῷ
2408 2274 2502 2327 καὶ
2536 2274 2730 2345 φθόνου
2760 2276 3096 2351 ὑπάρξαντα,
3121 2279 3257 2333 αὒτά
3292 2280 3389 2351 μὲν
3418 2280 3506 2335 διὰ
3538 2283 3637 2354 τῆς
3670 2284 3812 2337 ἀναιι

2229 2366 2426 2436 σκευῆς
2467 2368 2562 2420 καὶ
2606 2368 3024 2440 ἀναχωνεύσεως
3070 2370 3372 2441 ἀπόληται·
3417 2373 3479 2426 τὸ
3516 2373 3574 2428 δὲ
3621 2376 3705 2440 είς
3742 2373 3812 2429 τὸ

2227 2457 2358 2510 αὐτὸ
2380 2455 2519 2522 εἶδος
2544 2460 2725 2521 ἀσινὲς
2750 2460 2843 2514 καὶ
2874 2461 3161 2535 ἀκίϐδηλον
3189 2459 3345 2529 αὖθις
3371 2463 3592 2536 ἄγαλμα
3622 2467 3812 2537 ὁμοιό-

2225 2565 2388 2604 τατον
2443 2548 2634 2603 ἑαυτοῦ
2683 2550 2993 2623 κατασταθῇ
3049 2554 3141 2627 Τῷ
3195 2557 3294 2628 μὲν
3355 2558 3464 2629 γὰρ
3526 2558 3810 2630 ἀγάλματι

2226 2639 2520 2696 ἀπολέσθαι
2573 2642 2674 2695 οὐκ
2722 2642 2869 2697 ἐστιν
2898 2644 3003 2698 ὑπὸ
3061 2646 3139 2717 τῷ
3192 2647 3341 2719 αὐτῷ
3386 2646 3498 2719 (71)
3559 2650 3808 2725 τεχνίτῃ,

2225 2732 2328 2787 κᾶν
2352 2728 2509 2785 πάλιν
2541 2733 2622 2796 είς
2655 2731 2786 2803 ὓλην
2817 2735 2984 2807 χυθῇ·
3008 2736 3526 2810 ἀποκατασταθῆναι
3550 2738 3607 2793 δὲ
3644 2738 3766 2795 ἔστι
3785 2756 3806 2773 ο

2223 2830 2339 2891 τοῖς
2363 2826 2420 2880 δὲ
2464 2826 2676 2896 αἶσχεσι
2716 2827 2811 2881 καὶ
2840 2826 3128 2900 λωδήμασι
3176 2830 3471 2884 ἀπολέσθαι
3524 2832 3625 2903 μὲν
3658 2831 3805 2901 ἐστι,

2224 2921 2480 2991 τήκονται
2508 2918 2616 2991 γάρ
2635 2935 2650 2950 ·
2677 2920 3189 2993 ἀποκατασταθῆναι
3215 2923 3273 2977 δὲ
3294 2925 3395 2978 οὐκ
3424 2923 3539 2978 ἐστι
3557 2941 3573 2956 ο
3607 2925 3701 2979 διά
3737 2928 3813 2981 τὸ

2225 3012 2284 3066 ὲν
2331 3012 2482 3083 πάσῃ
2512 3011 2676 3084 τέχνη
2717 3012 2807 3067 τὸν
2838 3014 3057 3085 ἄριστον
3086 3013 3418 3088 δημιουργὸν
3452 3016 3525 3088 μὴ
3561 3017 3701 3090 πρὸς
3738 3020 3813 3075 τὸ

2226 3104 2436 3176 αἴσχιον
2462 3106 2494 3176 ἢ
2525 3103 3046 3177 ὲπιτευχθησόμενον
3079 3106 3194 3178 (Ἱῖ)
3222 3108 3375 3180 ὀρᾷν,
3407 3108 3542 3162 ἀλλά
3573 3111 3713 3182 πρὸς
3739 3111 3813 3165 τὸ

2229 3196 2539 3269 σύμμετρον
2576 3196 2672 3250 καὶ
2698 3196 2856 3262 εὐθὲς
2893 3196 2987 3252 τοῦ
3023 3198 3545 3271 δημιουργουμένου.
3591 3201 3816 3257 Ταυτὸν

2225 3290 2335 3362 γὰρ
2373 3290 2621 3359 φαίνεται
2653 3288 2715 3361 δή
2751 3306 2840 3361 μοι
2872 3290 2966 3344 καὶ
3006 3292 3089 3361 ἐφ’
3124 3293 3281 3363 ἡμῶν
3308 3294 3338 3345 ό
3377 3291 3509 3356 Θεὸς
3543 3292 3816 3364 διῳκονο-

2228 3382 2480 3456 μηκέναι.
2516 3382 2618 3436 Τὸν
2649 3382 2759 3455 γάρ
2786 3382 3091 3456 ἄνθρωπον,
3123 3384 3185 3438 τὸ
3211 3383 3656 3457 εὐπρεπέστατον
3685 3388 3823 3442 tau-

2224 3476 2319 3530 τοῦ
2343 3476 2609 3549 τέχνημα,
2645 3476 2940 3548 βασκάνοις
2976 3478 3291 3543 ἐπιϐουλαῖς
3319 3478 3512 3550 φθόνου
3550 3497 3822 3534 κεκακω-

2226 3570 2387 3642 μένον
2421 3570 2562 3640 ίδὼν,
2592 3572 2692 3627 οὐκ
2718 3571 2976 3643 ἠνέσχετο
3000 3570 3239 3626 τοιοῦτον
3273 3571 3592 3643 καταλείψαι
3622 3572 3826 3642 cptum).

2226 3663 2442 3736 θρωπος
2481 3664 2577 3729 ὢν,
2614 3665 2763 3729 ὅπως
2798 3664 2874 3737 μὴ
2902 3664 2968 3717 δι’
3010 3664 3206 3729 αἰῶνος
3248 3665 3335 3735 εἴη
3372 3666 3820 3737 μεμωμημένον,

2224 3756 2490 3812 ἀθάνατον
2533 3757 2672 3829 ἔχων
2711 3758 2769 3811 ὲν
2815 3755 2990 3828 ἐαυτῷ
3023 3756 3114 3812 τὸν
3157 3756 3355 3827 ψόγονθ
3391 3757 3525 3811 ἀλλά
3557 3757 3823 3812 διέλυσεν

2224 3850 2304 3911 είς
2338 3847 2468 3920 ὓλην
2510 3848 2694 3914 πάλιν,
2727 3848 2813 3902 ἵνα
2843 3846 2931 3903 διὰ
2971 3847 3072 3919 τῆς
3120 3848 3470 3912 ἀναπλάσεως
3501 3848 3826 3917 ὲκτακῶσι,

2224 3941 2319 3995 καὶ
2346 3939 2742 4011 ἐξαφανισθῶσι
2778 3939 2957 3994 πάντα
2982 3940 3051 3994 τὰ
3081 3941 3140 3994 ὲν
3171 3940 3320 4013 αὐτῷ
3356 3941 3696 4013 μωμήματα.
3725 3941 3830 3998 Τὺ

2224 4029 2332 4103 γὰρ
2378 4033 2495 4084 ἐκεῖ
2534 4029 2972 4104 ἀναχωνευθῆναι
3023 4030 3113 4084 τὸν
3157 4031 3448 4103 ἀνδριάντα
3484 4031 3708 4098 τοῦτον,
3746 4032 3833 4087 τὸ

2223 4123 2457 4177 ἐνταῦθα
2490 4124 2780 4180 ἀποθανεῖν
2838 4125 2935 4179 κα)⁵
2981 4123 3296 4194 διαλυθῆναι
3332 4124 3393 4177 τὸ
3425 4123 3618 4195 σῶμα·
3651 4122 3715 4177 τὸ
3753 4125 3833 4180 δὲ

2223 4217 2340 4270 ἐκεῖ
2362 4215 2938 4290 ἀναμορφοποιηθῆναι
2967 4216 3077 4289 (75)
3097 4216 3195 4289 τὴν
3227 4214 3384 4288 ὓλην,
3409 4216 3445 4288 ἦ
3487 4217 3833 4287 ἀνακοσμο-

2224 4310 2532 4382 ποιηθῆναι,
2580 4310 2738 4364 τοῦτο
2785 4309 3018 4363 ἐνταῦθα
3060 4308 3222 4380 (μετά
3257 4308 3317 4362 τὸ
3367 4306 3681 4379 ἀποθανεῖν)
3748 4310 3838 4363 τδ

2222 4402 2549 4475 ἀναστῆναι·
2585 4400 2773 4475 ὥσπερ
2812 4402 2906 4455 καὶ
2943 4403 2972 4455 ὁ
3008 4402 3294 4474 προφήτης
3332 4401 3619 4474 Ἱερεμίας.
3663 4401 3839 4456 Τού-

2148 4531 2195 4589 D
2222 4514 2336 4562 τοις
2356 4495 2474 4589 ,γὰρ
2655 4497 2751 4550 καὶ
2778 4494 2939 4589 αὐτὸς
2966 4488 3068 4589 ὧδε
3115 4494 3291 4589 ταῦτα)
3328 4494 3649 4589 παρεγγυᾷο
3684 4496 3837 4552 Kal

2222 4588 2500 4658 κατέϐην,
2526 4587 2721 4657 λέγων,
2749 4589 2838 4654 εις
2863 4585 2971 4640 τὸν
2998 4583 3168 4641 οἷκον
3188 4587 3295 4642 τοῦ
3329 4586 3627 4655 κεραμέως
3646 4601 3662 4616 ·
3697 4589 3837 4643 καὶ

2221 4681 2349 4737 ἰδοὺ
2382 4678 2560 4747 αὐτὸς
2594 4680 2780 4734 ἐποίει
2812 4679 2991 4750 ἔργον
3017 4679 3116 4732 ἐπὶ
3146 4676 3265 4732 τῶν
3297 4680 3513 4733 λίθων·
3552 4678 3653 4731 καί
3708 4678 3845 4733 δι-

2217 4774 2402 4830 έπεσε
2432 4774 2498 4829 τὸ
2533 4773 2802 4845 ἀγγεῖον,
2840 4772 2871 4826 ὃ
2904 4774 3089 4839 αὐτὸς
3126 4774 3312 4827 ἐποίει
3349 4773 3419 4827 ἐν
3438 4772 3567 4839 ταῖς
3585 4774 3852 4842 χερσὶ»-

2217 4868 2423 4924 αὑτοῦ·
2447 4867 2545 4921 καὶ
2568 4867 2754 4922 πάλιν
2779 4867 3067 4935 ἐποίησεν
3097 4866 3280 4934 αὐτὸς
3309 4866 3549 4939 ἀγγεῖον
3570 4866 3847 4936 ἕτερον,

2219 4960 2414 5027 καθὼς
2459 4958 2682 5029 ἤρεσεν
2708 4957 2965 5014 ἐνώπιον
3003 4957 3193 5014 αὑτοῦ
3228 4957 3336 5013 τοῦ
3377 4954 3627 5027 ποιῆσαι
3663 4957 3853 5032 (74).

2289 5093 2403 5165 (69)
2473 5091 2899 5165 Ἀνασκευάζοι.
2952 5090 3119 5158 Editi,
3174 5090 3498 5162 ἀναγκάζοι,
3554 5098 3611 5145 et
3673 5106 3857 5153 mox

2218 5163 2476 5220 omittunt
2503 5163 2695 5228 οὕτως.

2290 5235 2403 5315 (_
2431 5234 2894 5315 ιλιημαῖμέοςον.
2915 5232 3028 5315 _Ms.
3054 5232 3218 5304 Bup.,
3245 5232 3628 5315 διηγαλμέκιον.

2290 5301 2402 5379 (τί)
2435 5301 2576 5379 Ὑπὸ
2730 5307 2862 5359 αὐτ.
2915 5305 3105 5379 lntpr.,
3142 5301 3502 5373 “ιιιιιιε,”κατὰ
3547 5301 3631 5374 τῷ
3672 5305 3821 5361 αὐτ

2220 5374 2340 5433 Mox
2380 5374 2509 5432 ibid.
2537 5374 2692 5446 λυθῇ,
2722 5376 2997 5447 ριὀχυθῇ.

2292 5447 2402 5519 (72)
2438 5444 2768 5519 νἘπιτεύχθ.
2802 5444 2994 5519 Scribe
3021 5445 3314 5515 ἁποτευχθ.

2290 5514 2410 5598 (75).
2434 5514 2824 5598 Ἀναμορξοπ.
2860 5517 3025 5587 Rup.,
3050 5514 3531 5590 ἀναμορφωθῆναι,
3549 5524 3605 5570 et
3634 5520 3869 5586 paulo

2134 5644 2147 5652 ν
2218 5599 2360 5661 post,
2383 5587 2854 5661 dvaxgaqujvat.

2225 5655 2239 5748 ;
2289 5661 2399 5746 (Ἃ)
2436 5657 2546 5716 Τοῦ
2578 5655 2846 5728 ποιῆσαι.
2878 5657 3041 5729 Rup.,
3077 5661 3268 5715 ποιεῖν.
3302 5655 3423 5713 Mox
3446 5670 3595 5725 vero,
3623 5663 3873 5721 ποιεῖν

2218 5751 2246 5786 υ
2256 5749 2365 5804 μιν.
