4010 6328
245 323 349 377 973

1310 310 1400 367 EX
1440 308 1643 364 ιιι]ηο
1685 307 1769 361 DE
1805 300 2417 362 RESURRECTIONE.

3366 289 3469 343 ετι

243 438 348 492 Καὶ
375 435 605 504 ἐγένετο
630 433 811 503 λόγος
840 432 1058 500 Κυρίου
1087 430 1236 498 πρὸς
1254 429 1351 498 μὲ,
1374 429 1583 499 λέγων·
1611 429 1673 481 Et
1702 444 1784 480 και

1906 424 2144 477 manibus
2175 422 2328 487 suis;
2365 429 2412 473 et
2450 432 2656 471 rursum
2698 410 2867 484 'ﬁnxit
2933 410 3022 464 ille
3068 426 3155 463 vas
3210 408 3464 469 alterum,

244 528 353 593 θὼς
378 530 409 580 ὁ
437 525 728 595 κεραμεὺς
760 520 937 589 οὗτος
965 524 1034 576 οὑ
1063 520 1396 590 δυνήσομαι
1423 520 1597 574 τοῦτο
1626 518 1797 586 ποιῆ-

240 638 340 676 σαι
382 618 553 687 ὑμᾶς,
586 613 751 682 οἶκος
788 614 1065 684 ’Ῑσραήλ;
1106 613 1250 668 Ἰδοὺ
1281 613 1357 679 ὡς
1391 617 1424 668 ό
1465 613 1657 681 πηλὸς
1693 612 1797 667 τοῦ

241 708 529 779 κεραμέως
554 707 725 777 ὑμεῖς
754 708 896 761 ἐστε
932 708 1000 761 ἐν
1030 707 1159 773 ταῖς
1184 707 1356 777 χερσί
1378 724 1517 777 μου.

299 886 371 938 Ζ’.
407 881 802 954 [lpos-15:6!)
828 881 934 954 γὰρ
961 882 1125 946 ὅπως,
1161 884 1234 945 ὼς
1254 881 1408 952 ἔφην,
1437 880 1571 953 μετά
1601 882 1660 935 τὸ
1695 899 1798 935 πα-

238 976 461 1051 ραὸἦναι
478 975 570 1034 τὸν
588 975 891 1045 ἄνθρωπον,
917 978 950 1045 ἡ
976 974 1180 1046 μεγάλη
1211 975 1330 1046 χεὶρ
1362 977 1439 1038 εἰς
1468 978 1612 1038 νῖκος
1640 992 1800 1028 κατα-

233 1070 403 1140 leid/at
428 1070 489 1122 τὸ
518 1069 715 1139 ἑαυτῆς
744 1068 903 1139 ἔργον
932 1069 1030 1122 οὐκ
1059 1069 1318 1141 ηὐδόκησε
1347 1070 1422 1133 ὡς
1452 1071 1699 1141 κίϐδηλον
1723 1069 1799 1142 τῷ

234 1159 447 1231 πονηρῷ
482 1159 680 1223 ἀδίκως
715 1160 850 1212 αὐτὸ
874 1159 1234 1230 λυμηναμένῳ
1252 1160 1539 1230 βασκάνοις
1564 1161 1761 1225 αἰτίαις
1781 1177 1795 1190 ·

230 1253 353 1306 ἀλλά
409 1251 685 1323 ἁνατήξας
742 1251 1025 1305 ἀνέδευσεν
1095 1246 1248 1314 αὖθις
1307 1254 1385 1316 εἰς
1441 1253 1643 1324 πηλὸν,
1713 1249 1798 1306 οἷα

229 1345 501 1417 κεραμεὺς
551 1345 719 1412 ἄγγος
772 1343 1098 1406 ἀνακλάσας,
1149 1344 1285 1415 πρὸς
1332 1345 1392 1396 τὸ
1439 1345 1798 1415 ἀφανισθῆναι

229 1438 317 1508 μὲν
357 1435 449 1487 διὰ
486 1435 588 1505 τῆς
632 1434 989 1497 ἁναπλάσεως
1037 1433 1212 1486 πάντα
1253 1434 1320 1487 τὰ
1369 1436 1426 1487 ὲν
1460 1434 1608 1506 αύτῴ
1637 1436 1800 1506 αἴσχη

226 1529 308 1582 καὶ
343 1528 657 1598 θλάσματα,
692 1525 988 1598 γενηθῆναι
1034 1525 1091 1578 δὲ
1131 1526 1192 1579 τὸ
1239 1527 1346 1580 πᾶν
1380 1527 1582 1581 ἀνωθεν
1623 1527 1800 1598 ἀμέμ-

226 1638 364 1684 πτως
379 1619 640 1692 ἀρεστόν.

1899 513 2340 586 quemadmodum
2370 511 2567 580 placuit
2613 508 2695 561 illi
2724 516 2779 558 ut
2811 505 3023 573 faceret.
3056 500 3121 553 Et
3159 500 3355 570 factum
3389 507 3465 552 est

1900 606 2104 661 verbum
2144 604 2355 658 Domini
2384 602 2452 657 ad
2508 618 2615 664 me,
2668 599 2880 651 dicens:
2910 595 2989 658 Si,
3028 590 3465 663 quemadmodum

1899 696 2089 766 ﬁgulus
2139 696 2256 756 iste,
2290 710 2389 746 non
2422 700 2597 760 potero
2628 705 2713 742 vos
2751 686 2922 755 facere
2946 722 2960 747 ,
3010 682 3192 735 domus
3251 678 3421 734 Israel
3441 680 3466 733 .9

1901 790 2052 852 Ecce,
2077 790 2211 842 sicut
2240 787 2407 841 lutum
2442 783 2591 853 ﬁguli
2628 798 2714 835 vos
2744 780 2867 833 estis
2886 776 2940 828 in
2989 771 3229 826 manibus
3252 771 3375 824 meis
3396 770 3461 823 ".

1970 878 2082 936 VII.
2116 878 2250 933 Illud
2281 877 2447 941 enim,
2473 875 2551 929 uti
2581 872 2846 949 dicebam,
2870 869 3028 923 velim
3057 863 3302 919 attendas
3333 881 3347 917 :
3381 869 3461 927 ut,

1898 982 2021 1044 post
2048 972 2283 1029 hominis
2312 966 2824 1038 transgressionem,
2862 957 3095 1016 noluerit
3139 958 3330 1027 ingens
3372 954 3463 1007 illa

1899 1080 2093 1118 manus
2141 1078 2279 1133 opus
2327 1076 2487 1117 suum
2519 1069 2773 1127 tanquam
2816 1050 3203 1114 adulterinum,
3253 1046 3463 1102 nefario

1900 1154 1977 1207 illi
2013 1154 2103 1223 qui
2134 1169 2198 1207 ex
2230 1151 2431 1205 invidia
2467 1164 2560 1219 per
2601 1146 2855 1215 iniuriam
2892 1142 3020 1196 illud
3072 1140 3348 1204 violasset,
3395 1136 3463 1191 ad

1898 1245 2179 1301 victoriam
2195 1258 2256 1297 ac
2273 1258 2372 1297 ceu
2395 1239 2671 1308 triumpho
2699 1235 2963 1307 agendum
2991 1232 3297 1300 relinquere
3315 1228 3423 1297 (80)
3445 1246 3460 1281 :

1899 1338 1993 1392 sed
2018 1352 2208 1391 rursus
2226 1336 2523 1405 eliquatum
2541 1329 2817 1400 subegerit
2847 1328 2899 1380 in
2928 1326 3122 1389 lutum,
3165 1337 3228 1375 ac
3253 1321 3299 1375 si
3334 1320 3466 1389 [igu-

1898 1432 1984 1485 lus
2016 1445 2111 1485 vas
2150 1427 2479 1498 confringat,
2500 1432 2556 1478 ut
2587 1436 2726 1477 nova
2761 1420 2997 1479 lictione,
3025 1414 3291 1486 quidquid
3324 1413 3377 1465 in
3399 1427 3464 1465 ιιο

1900 1520 2159 1575 fmdatum
2206 1528 2292 1575 est
2339 1533 2403 1572 ac
2457 1514 2781 1571 contusione
2826 1509 3220 1569 deformatum,
3251 1505 3465 1575 penitus

1898 1615 2071 1675 tollat,
2100 1621 2383 1680 totumque
2413 1608 2713 1678 Opiﬁcium.
2745 1611 2807 1657 ut
2842 1619 2872 1656 a
2899 1598 3190 1672 principio,
3232 1598 3468 1665 irreprc-

1901 1701 2165 1757 liensibile
2193 1709 2586 1768 acceptumque
2615 1694 2862 1749 exsistat.

285 1794 357 1846 Ην.
384 1794 506 1846 Ούκ
534 1792 765 1865 ἀρεστὸν
794 1793 903 1864 (75)
930 1794 987 1847 δὲ
1014 1794 1209 1857 ἐκεῖνο,
1234 1792 1293 1846 τὺ
1317 1792 1494 1862 λέγειν
1526 1794 1603 1857 εἰς
1630 1794 1784 1865 ἄρδηι

1968 1791 2102 1845 VIII.
2138 1790 2240 1845 Sed
2273 1806 2373 1844 nec
2414 1788 2545 1843 illud
2567 1798 2893 1856 magnopere
2922 1782 3116 1853 probo,
3157 1786 3218 1833 ut
3248 1778 3468 1832 univcr-

220 1884 529 1937 ἀπολεῖσθαι
574 1885 633 1938 τὸ
668 1886 805 1937 πᾶν·
836 1885 930 1937 καλ⁸
959 1884 1085 1955 γῆν,
1119 1885 1211 1938 καὶ
1242 1885 1399 1956 ἀέρα,
1432 1886 1525 1939 καὶ
1551 1885 1795 1957 οὐρανὸν,

223 1978 290 2048 μὴ
318 1977 401 2029 ἒσε
414 1977 564 2031 σθαι.
606 1977 1089 2049 Ἐκπυρωθήσεται
1118 1979 1216 2049 μὲν
1240 1978 1348 2049 γὰρ
1374 1978 1507 2049 πρὸς
1535 1979 1796 2051 κάθαρσιν

222 2067 304 2118 καὶ
341 2066 772 2135 ἀνακαινισμὸν,
831 2067 1149 2138 καταϐασίῳ
1182 2069 1289 2130 πᾶς
1322 2069 1349 2121 6
1380 2067 1582 2137 κόσμος
1630 2086 1797 2121 κατα-

221 2156 541 2226 κλυζόμενος
576 2158 705 2227 πυρί
740 2156 879 2227 (76)°
910 2158 971 2210 ού
1002 2157 1104 2230 μὴν
1129 2159 1209 2222 εἰς
1231 2158 1500 2211 ἀπώλειαν
1522 2158 1795 2212 ἐλεύσεται

221 2250 443 2318 παντελῆ
493 2250 591 2301 καὶ
642 2249 865 2321 φθοράν.
912 2251 976 2303 Εἰ
1006 2250 1114 2323 γὰρ
1156 2254 1401 2322 κρεῖττον
1440 2251 1499 2303 τὸ
1536 2253 1609 2321 μὴ
1653 2252 1794 2305 εἶναι

218 2334 300 2386 τοῦ
327 2331 469 2389 εἶναι
498 2337 593 2390 τὸν
618 2337 840 2407 κόσμον,
872 2339 959 2391 διὰ
980 2339 1031 2391 τί
1056 2340 1117 2392 τὸ
1142 2344 1320 2411 χεῖρον
1347 2343 1529 2411 ᾑρεῖτο
1563 2344 1794 2413 ποιήσας

216 2424 295 2477 τδν
338 2426 550 2496 κόσμον
584 2430 613 2480 6
660 2428 820 2492 Θεόςς
873 2430 1009 2482 Ἀλλ’
1043 2432 1163 2484 οὐδὲ
1204 2434 1235 2484 6
1288 2432 1419 2497 Θεὸς
1483 2434 1790 2506 ματαίωςῆ

217 2520 383 2586 χεῖρον
409 2520 596 2571 ἐποίει
622 2520 757 2590 (77).
776 2521 983 2575 Ούκοῦν
1012 2525 1090 2586 εἰς
1117 2524 1176 2575 τὸ
1199 2520 1337 2578 εῖναι
1367 2526 1458 2578 καὶ
1492 2526 1669 2596 μένειν
1695 2528 1792 2599 τὴν

218 2610 375 2660 κτίσιν
406 2613 440 2663 ὁ
477 2610 616 2674 Θεὸς
645 2612 1043 2685 διεκοσμήσατο
1066 2655 1080 2679 ,
1128 2616 1376 2687 καθάπερ
1418 2619 1510 2671 καὶ
1552 2620 1585 2690 ἡ
1623 2620 1791 2688 Σοφία

220 2702 418 2773 enim;
432 2720 552 2767 σιν,
584 2705 818 2758 Ἔκτισε
846 2706 953 2775 γὰρ
990 2709 1077 2773 εἱς
1119 2708 1183 2761 τὸ
1207 2704 1387 2772 εἶναι,
1441 2709 1671 2779 λέγουσα
1719 2710 1791 2764 τὰ

216 2791 414 2858 πάντα,
451 2799 484 2848 ὁ
515 2797 693 2861 Θεόςο
718 2797 818 2850 καὶ
848 2796 1123 2866 σωτήριοι
1162 2802 1221 2853 αἱ
1254 2801 1518 2869 γενέσεις
1550 2804 1655 2858 τοῦ
1692 2806 1791 2858 κό-

217 2896 358 2949 tuon
374 2900 387 2912 '
406 2885 507 2938 καὶ
536 2886 651 2938 οὐκ
667 2886 838 2939 ἐστιν
857 2887 927 2939 ἐν
953 2888 1162 2954 αὐταῖς
1181 2890 1495 2959 φάρμακον
1516 2893 1784 2961 ὀλέθρου.

215 2975 316 3026 Καὶ
357 2977 384 3028 6
428 2976 647 3039 Παῦλος
690 2977 745 3030 δὲ
784 2979 969 3049 σαφῶς
1019 2986 1301 3053 μαρτυρεῖ,
1337 2983 1539 3052 λέγων·
1586 2986 1654 3039 Ἠ
1678 2986 1788 3055 γὰρ

214 3066 658 3134 ἀποκαραδοκία
686 3069 795 3138 τῆς
825 3072 1077 3139 κτίσεως
1107 3073 1221 3141 τὴν
1247 3075 1635 3145 ἀποκάλυψιν
1670 3078 1786 3131 τῶν

210 3158 357 3213 υἱῶν
379 3161 479 3214 τοῦ
510 3160 661 3214 Θεοῦ
680 3163 1091 3233 ἀπεκδέχεται.
1134 3166 1211 3235 Τῇ
1243 3167 1352 3236 γὰρ
1374 3171 1716 3237 ματαιότητι
1745 3174 1782 3241 ἡ

209 3252 402 3317 κτίσις
432 3253 723 3323 ὑπετάγη,
762 3257 875 3323 οὐχ
905 3257 1150 3321 ἑκοῦσα,
1182 3259 1343 3312 ἀλλὰ
1375 3259 1473 3313 διὰ
1505 3262 1610 3315 τόν
1636 3265 1781 3316 ὑπο-

208 3341 463 3407 τάξαντα
479 3346 579 3397 ἐπ’
610 3346 813 3400 ἐλπίδι
833 3363 847 3378 ⁸
878 3348 965 3402 ὅτι
995 3350 1090 3403 καὶ
1132 3350 1284 3419 αὐτὴ
1319 3354 1357 3421 ἠ
1394 3356 1589 3421 κτίσις
1617 3356 1784 3410 ἐλευο

208 3436 603 3502 θερωθήσεται
644 3439 761 3493 ἀπὸ
812 3440 922 3509 τῆς
958 3440 1238 3510 δουλείας
1281 3444 1390 3515 τῆς
1432 3447 1653 3515 φθορᾶς
1695 3453 1780 3516 εἰς

206 3526 309 3593 τὴν
344 3530 707 3598 ἐλευθερίαν
734 3531 845 3600 τῆς
873 3532 1056 3602 δόξης
1081 3534 1199 3588 τῶν
1229 3536 1453 3591 τέκνων
1480 3540 1585 3593 τοῦ
1610 3543 1777 3596 Θεοῦ.

210 3617 279 3684 Τῇ
319 3620 427 3688 γὰρ
473 3622 830 3691 ματαιότητι
900 3626 938 3693 ἡ
984 3627 1180 3696 κτίσις
1248 3628 1535 3703 ὑπετάγη,
1587 3633 1767 3702 φησίν.

212 3708 780 3782 Ἐλευθερωθήσεσθαι
822 3713 880 3766 δὲ
924 3716 1019 3786 τῆς
1050 3718 1303 3789 τοιαύτης
1336 3719 1577 3784 δουλείας
1621 3740 1779 3793 προσ-

202 3799 342 3871 δοκᾷ,
404 3804 598 3855 κτίσιν
652 3804 741 3857 τὸν
806 3805 1010 3877 κόσμον
1063 3808 1249 3863 τοῦτον
1303 3810 1623 3882 βουλόμενος
1677 3833 1775 3868 κα-

200 3888 301 3942 λεῖν
333 3892 469 3961 ('78).
511 3893 592 3945 Οὐ
626 3892 737 3962 γὰρ
774 3892 842 3946 τὰ
882 3894 955 3965 μὴ
988 3894 1294 3966 βλεπόμενα
1332 3900 1406 3969 τῇ
1450 3900 1622 3971 φθορᾷ
1654 3901 1774 3953 δου-

200 3980 350 4045 λεύει,
396 3982 547 4035 ἀλλὰ
590 3982 761 4034 ταῦτα
792 3982 857 4054 δὴ
903 3985 970 4037 τὰ
1012 3985 1347 4059 βλεπόμενα..
1385 3989 1549 4043 Μὲνει
1595 3992 1701 4063 ἄρα
1741 3995 1787 4064 ἡ,

196 4074 359 4136 κτίσις
389 4077 475 4137 είς
514 4073 581 4125 τὸ
606 4074 828 4143 ἄμεινον
853 4077 1415 4151 ἀνακαινοποιηθεῖσα,
1457 4084 1550 4136 καὶ
1581 4083 1777 4155 εὐπρε-

197 4164 451 4236 πέττερον
488 4165 861 4237 ἀγαλλομένη,
891 4168 981 4220 καὶ
1014 4170 1277 4239 χαίρουσα
1306 4174 1397 4226 ἐπὶ
1428 4177 1540 4237 τοῖς
1566 4176 1775 4237 τέκνοις

194 4256 277 4309 τοῦ
322 4257 491 4321 Θεοῦ,
550 4261 615 4329 τῇ
665 4260 957 4312 ἀναστάσει
999 4262 1263 4323 στενάζει
1313 4266 1446 4337 (79),
1494 4267 1591 4319 καὶ
1628 4285 1775 4322 συν-

192 4346 375 4402 ωδίνει
403 4349 556 4411 νῦν,
590 4348 685 4418 τὴν
720 4350 1090 4421 ἀπολύτρωσιν
1114 4354 1269 4424 ἡμῶν
1300 4356 1405 4409 ἀπὸ
1434 4356 1533 4425 τῆς
1572 4358 1772 4431 φθορᾶς

1897 1901 2017 1940 sum
2052 1885 2153 1938 hoc
2181 1882 2426 1937 funditus
2476 1880 2779 1951 periturum
2832 1876 3116 1941 dicamus;
3148 1887 3212 1927 ac
3240 1881 3461 1932 terram,

1896 1990 2185 2045 acremque
2205 1982 2257 2029 et
2287 1974 2486 2027 malum
2520 1969 2848 2041 quandoque
2875 1966 3143 2022 desitura.
3174 1963 3319 2019 Sane
3343 1962 3465 2032 qui-

1894 2070 2015 2124 dem
2046 2067 2281 2122 mundus
2314 2067 2401 2119 hic
2428 2074 2575 2119 totus
2606 2073 2664 2117 ut
2702 2060 2921 2132 purgari
2946 2059 3119 2129 possit
3160 2065 3216 2113 et
3254 2059 3466 2112 instau-

1892 2162 2025 2223 rari,
2058 2158 2459 2216 exundantibus
2498 2157 2565 2210 de
2594 2155 2734 2209 cwlo
2767 2152 3023 2216 ﬂammis,
3050 2149 3303 2205 incendio
3331 2163 3466 2202 con-

1893 2256 2171 2327 ﬂagrabit;
2198 2270 2305 2309 non
2338 2261 2519 2308 tamen
2549 2249 2793 2305 interibit
2830 2262 2893 2302 ac
2924 2254 3304 2316 corrumpetur
3346 2259 3464 2296 om-

1892 2352 2043 2403 nino.
2082 2347 2293 2401 Etcnim
2324 2344 2369 2401 si
2402 2343 2662 2398 mundum
2690 2356 2799 2394 non
2830 2353 2950 2393 esse.
2979 2352 3141 2407 quam
3174 2350 3316 2399 esse,
3350 2348 3464 2388 me-

1891 2440 1997 2495 lius
2031 2449 2151 2506 est;
2184 2455 2282 2493 cur
2310 2438 2455 2508 quod
2480 2436 2721 2491 deterius
2745 2439 2848 2495 est,
2889 2429 3152 2484 mundum
3187 2427 3463 2481 fabrican—

1893 2531 1984 2593 do,
2014 2530 2159 2585 Deus
2190 2530 2454 2601 eligeret?
2485 2529 2553 2582 At
2580 2540 2757 2597 neque
2789 2524 2931 2578 Deus
2964 2523 3190 2586 frustra,
3211 2520 3294 2575 vel
3317 2517 3461 2589 quod

1892 2626 2133 2681 deterius
2177 2632 2279 2687 est,
2310 2638 2548 2696 unquam
2597 2626 2832 2675 crearet.
2866 2616 3230 2684 Quamobrem
3278 2622 3338 2666 ut
3371 2629 3462 2669 es-

1890 2724 2012 2772 sent
2043 2731 2105 2769 ac
2132 2723 2435 2775 manerent,
2472 2709 2723 2765 conditas
2768 2723 2797 2762 a
2850 2722 2906 2762 se
2945 2721 3034 2761 res
3068 2703 3214 2760 Deus
3251 2703 3462 2758 consti—

1890 2810 2027 2873 tuit;
2058 2804 2515 2877 quemadmodum
2565 2802 2729 2856 etiam
2790 2796 3069 2868 Sapientia
3132 2797 3330 2852 astruit
3376 2794 3461 2848 his

1888 2900 2069 2955 verbis
2096 2918 2109 2953 :
2137 2896 2343 2951 Creavit
2372 2896 2531 2957 enim,
2563 2900 2621 2946 ut
2653 2900 2825 2947 essent
2850 2892 3048 2956 omnia,
3084 2888 3259 2952 Deus;
3286 2899 3336 2941 et
3369 2904 3458 2940 sa.-

1891 2991 2088 3043 lutares
2126 2999 2247 3043 sunt
2283 2987 2465 3041 mundi
2486 2985 2845 3056 generationes
2877 2999 2894 3035 :
2924 2991 2971 3036 et
3007 2999 3109 3035 non
3143 2991 3221 3035 est
3258 2982 3311 3033 in
3349 2978 3456 3033 illis

1889 3081 2322 3136 medicamentum
2340 3078 2635 3134 exterminii
2661 3077 2723 3127 ¹³.
2755 3075 2854 3129 Cui
2877 3083 2929 3129 et
2950 3074 3236 3143 perspicue
3256 3072 3459 3126 Paulus

1888 3172 2232 3242 astipulatur,
2266 3171 2339 3224 ita
2374 3170 2601 3238 loquens
2640 3184 2654 3221 :
2684 3165 2827 3219 Nam
2849 3166 3169 3234 exspectatio
3200 3174 3450 3217 creatum

1886 3264 2252 3319 ret-elationem
2289 3261 2522 3331 ﬁliorum
2565 3259 2661 3313 Dei
2703 3266 2988 3327 exspectat.
3040 3256 3279 3310 Vanitati
3316 3257 3454 3308 enim

1884 3363 2128 3407 creatura
2167 3350 2399 3419 subjecta
2455 3358 2553 3413 est,
2596 3366 2697 3403 non
2727 3348 2924 3411 volens,
2960 3345 3049 3400 sed
3092 3355 3301 3415 propter
3337 3361 3456 3398 eum

1882 3444 1971 3514 qui
1997 3441 2219 3511 subjecit
2248 3458 2362 3494 eam
2387 3440 2440 3492 in
2464 3454 2589 3506 spe:
2622 3439 2747 3508 quia
2776 3447 2825 3491 et
2851 3439 2968 3505 ipsa
2992 3446 3239 3490 creatura
3261 3437 3447 3490 libera-

1883 3534 2025 3588 bitur
2055 3552 2088 3587 a
2137 3534 2384 3588 servitute
2415 3532 2790 3600 corruptionis,
2834 3532 2888 3584 in
2934 3529 3232 3583 libertatem
3266 3530 3452 3599 gloria:

1880 3628 2115 3697 ﬁiiorum
2140 3626 2238 3680 Dei
2269 3625 2334 3680 “.
2367 3623 2604 3678 Vauitati
2636 3624 2794 3686 enim,
2829 3623 3026 3693 inquit,
3059 3630 3305 3676 creatura
3327 3621 3453 3675 sub-

1870 3719 2014 3787 jecta
2040 3720 2239 3784 est;ab
2256 3718 2357 3771 hac
2394 3731 2521 3771 vero
2554 3717 2817 3771 servitute
2847 3714 3451 3784 illaexspectatlibera-

1880 3818 1993 3864 tum
2025 3810 2091 3863 iri
2121 3825 2265 3876 :quo
2286 3816 2550 3863 creaturae
2575 3808 2793 3862 nomine
2822 3806 3083 3860 mundum
3121 3805 3263 3858 hunc
3288 3804 3452 3874 signi-

1879 3904 2041 3957 ﬁcare
2072 3900 2264 3956 voluit.
2301 3899 2417 3954 Non
2460 3900 2603 3955 enim
2634 3914 2756 3969 quae
2789 3898 2961 3953 videri
3010 3904 3313 3966 nequeunt,
3353 3896 3448 3951 sed

1877 3993 1993 4049 haec
2025 4009 2144 4063 qum
2185 3991 2576 4062 adspectabilia
2629 3999 2790 4055 sunt,
2826 3990 3150 4059 corruptelae
3179 3990 3443 4044 serviunt.

1876 4085 2054 4140 Manet
2088 4084 2253 4154 igitur
2293 4091 2543 4138 creatura
2593 4082 2649 4137 in
2679 4089 2881 4137 statum
2922 4082 3199 4136 meliorem
3251 4081 3447 4134 decen-

1874 4180 2177 4247 tiorcmque
2204 4184 2492 4239 renovata,
2522 4175 2765 4246 gaudens
2807 4175 3196 4243 exsultansque
3226 4187 3323 4242 pro
3356 4188 3442 4225 rc-

1875 4267 2221 4338 surgentibus
2279 4267 2406 4321 ﬁliis
2449 4266 2542 4319 Dei
2600 4286 2612 4320 :
2665 4275 3000 4335 quapropter
3049 4264 3337 4333 ingemiscit
3394 4273 3442 4315 et

1872 4360 2103 4429 parturit
2126 4359 2298 4424 modo,
2330 4366 2651 4429 exspectans
2681 4368 2733 4412 et
2756 4358 2870 4427 ipsa
2899 4356 3321 4425 redemptionem
3344 4372 3444 4407 no.

191 4439 278 4489 καὶ
326 4440 471 4511 αὑτὴ
514 4438 613 4491 τοῦ
664 4439 913 4510 σώματος
948 4443 1387 4516 ἀπεκδεχομένη·
1426 4448 1572 4512 ὅπως
1618 4450 1772 4519 ἡμῶν

1886 4463 2043 4508 stram
2069 4468 2099 4508 a
2139 4453 2490 4522 corruptione
2518 4451 2766 4520 corporis
2789 4468 2803 4515 ;
2831 4456 2891 4501 ut
2910 4463 3032 4501 cum
3066 4446 3328 4501 fuerimus
3354 4463 3445 4500 ex-

191 4531 592 4602 ὲξεγερθέντων
648 4534 742 4585 καὶ
796 4534 1270 4606 ἀποτιναξαμένων
1320 4538 1419 4609 τὴν
1473 4542 1768 4613 νεκρότητα

190 4623 277 4691 τῆς
302 4624 540 4694 σαρκὸς,
573 4625 713 4675 κατά
743 4624 802 4676 τὸ
830 4627 1214 4697 γεγραμμένον
1233 4669 1247 4692 ,
1294 4629 1626 4695 Ἐκτίναξαι
1664 4633 1769 4687 τὸν

185 4714 348 4779 χοῦν,
378 4716 485 4767 καὶ
522 4713 838 4781 ἀνάστηθι,
874 4715 1019 4789 [καὶ]
1054 4718 1325 4783 κάθισον,
1344 4717 1731 4793 Ἰερουσαλὴμ
1751 4764 1766 4789 ,

186 4805 667 4879 ἐλευθερωθέντων
696 4824 756 4860 τε
799 4807 899 4879 τῆς
934 4810 1241 4881 ἁμαρτίας,
1279 4813 1767 4886 ἐλευθερωθήσεται

248 4961 525 5017 ¹¹Ιςτεηι.
553 4977 713 5027 xvm,
742 4962 863 5019 5-6.
944 4964 1138 5037 “Sep.
1175 4984 1211 5035 I,
1245 4967 1331 5023 Η.

417 5124 656 5193 Πρόσχ.
687 5123 761 5178 Ex
792 5123 1013 5195 Epiph..
1037 5123 1170 5195 Ιιτετ.
1203 5140 1357 5178 num.
1395 5124 1486 5179 28.

246 5142 335 5195 tu
366 5142 384 5189 )
417 5142 656 5193 ιιροσχ.
687 5142 761 5178 ω
792 5142 886 5194 [ιρι
932 5142 1008 5181 n..
1038 5142 1170 5177 uter.
1203 5142 1357 5178 num.
1395 5142 1486 5179 κδ.

393 5198 529 5275 Quae
562 5197 843 5275 ἀρεστόν.
867 5142 951 5248 ἐξ(
976 5194 1177 5275 βρξριι.
1204 5195 1333 5275 ibid.
1377 5212 1530 5249 num.
1562 5196 1654 5250 5i.

184 5325 211 5343 τ
245 5260 357 5348 (ῖς)
390 5260 820 5329 Καταϐασίῳ...
841 5260 1277 5333 πυρί.ΒΙέηάοεο
1301 5266 1485 5336 impr.,
1506 5265 1771 5332 καταϐὰς,

180 5352 219 5398 ῳ
252 5350 384 5395 τεο-ς.

243 5404 359 5475 (77)
396 5406 571 5475 Ἀλλ’
590 5404 799 5460 οὐδὲ...
822 5407 1032 5460 ἐποίει.
1054 5404 1155 5459 llic
1183 5406 1311 5460 editi
1342 5405 1517 5460 mutili
1540 5413 1594 5460 et
1617 5421 1769 5459 men-

179 5470 311 5547 dosi.
339 5470 509 5547 Nam
554 5484 678 5547 post
714 5475 803 5547 τὸν
836 5476 1037 5547 κόσμον
1059 5479 1088 5530 ό
1118 5476 1269 5541 Θεός,
1301 5476 1498 5530 habent
1527 5476 1769 5546 ματαίως

180 5544 531 5610 ἐχειροποίει.
557 5544 799 5607 Οὐκοῦν,
828 5564 883 5600 κ.
915 5544 966 5601 τ’.
995 5546 1044 5598 λ.

243 5614 357 5685 (7d)
391 5615 641 5685 καλεῖν.
667 5615 838 5685 Bup.,
877 5615 1203 5683 φιλοκαλεῖν.

240 5684 355 5750 (79‘)
390 5684 499 5737 Διὸ
535 5702 632 5737 στ.
666 5684 851 5755 lmpr.,
885 5687 951 5740 δι’
979 5685 1072 5749 οὓς
1104 5703 1187 5740 στ.

244 5754 357 5825 (80)
398 5755 494 5807 Ad
534 5756 805 5811 victoriam
834 5773 896 5811 ac
923 5774 1012 5812 ceu
1034 5758 1296 5826 triumpho
1327 5757 1585 5829 agendum
1609 5759 1764 5814 relin-

1876 4545 2023 4600 cilati
2047 4560 2077 4599 a
2104 4546 2353 4609 mortuis,
2382 4558 2445 4598 ac
2491 4543 2673 4596 carnis
2708 4541 3091 4595 mortalitatem
3128 4540 3440 4593 excusseri-

1881 4654 2025 4700 mus,
2063 4653 2162 4707 pro
2181 4652 2246 4691 eo
2277 4651 2340 4689 ac
2376 4634 2639 4703 scriptum
2665 4640 2745 4686 cst
2788 4652 2800 4686 :
2837 4631 3036 4684 Excute
3095 4630 3355 4697 pulverem
3392 4641 3439 4684 et

1877 4730 1997 4783 sede
2034 4744 2052 4781 :
2087 4744 2264 4798 surge,
2310 4725 2714 4780 Jerusalem”:
2749 4724 3122 4792 fuerimusque
3165 4720 3375 4775 liberati
3411 4740 3438 4774 ιι

1879 4819 2140 4888 peccatis,
2167 4820 2279 4887 ipsa
2312 4832 2529 4887 quoque
2576 4817 2835 4869 liberetur
2862 4829 2889 4867 a
2921 4813 3269 4881 corruptione
3295 4830 3307 4866 :
3337 4826 3438 4865 nes

1432 4969 1474 5001 ιδ
1510 4969 1657 5027 Rom.
1687 4987 1806 5037 vm,
1842 4971 2029 5027 19-20.
2108 4973 2151 5003 ¹³
2184 4969 2296 5025 lsa.
2332 4985 2427 5035 LII,
2457 4968 2514 5023 2.

1912 5142 2052 5191 uere,
2086 5127 2166 5189 εἰς
2202 5128 2350 5186 νῖκος
2380 5121 2721 5190 καταλείψαι.
2754 5120 2961 5177 Alludit
2993 5119 3059 5173 ad
3086 5116 3249 5174 verba
3278 5112 3431 5191 Pauli

1918 5190 2047 5251 Cor.
2079 5213 2167 5261 xv,
2191 5196 2280 5257 54,
2321 5195 2581 5261 Absorpta
2612 5203 2688 5245 est
2722 5209 2861 5246 mors
2893 5194 2947 5245 in
2974 5191 3213 5252 victoria,
3245 5190 3324 5250 εἰς
3357 5190 3435 5239 νῖ-

1874 5284 1989 5332 κος,
2023 5281 2329 5337 quanquam
2366 5264 2564 5337 babent
2597 5262 2762 5331 aliqui
2797 5262 3014 5337 codices
3044 5263 3239 5337 νεῖκος,
3272 5267 3434 5337 ulule-

1875 5326 2054 5392 διείυὲ
2080 5326 2258 5392 Εδιίὶιε
2290 5335 2472 5389 multis
2508 5326 2801 5388 excurrens
2828 5332 2894 5386 ad
2925 5347 3048 5395 eum
3082 5331 3283 5385 locum.
3315 5326 3434 5383 Non

1874 5408 2034 5462 video
2064 5422 2162 5461 cur
2191 5406 2472 5475 Epiphanii
2507 5405 2772 5475 interpres
2802 5404 3112 5473 suspicatus
3144 5401 3216 5455 sit
3249 5400 3432 5475 legen—

1866 5478 1994 5532 dum
2021 5477 2103 5540 τὸ,
2134 5472 2326 5538 νεῖκος,
2348 5474 2467 5527 ἀντὶ
2487 5472 2604 5536 τοῦ,
2633 5472 2831 5537 νίκους,
2872 5472 2938 5528 ac
2971 5487 3146 5543 neque
3176 5478 3234 5543 ut
3266 5472 3433 5520 alter-

1867 5556 2047 5601 utrum
2096 5546 2359 5616 signiﬁcet
2398 5556 2411 5591 :
2450 5546 2526 5616 in_
2551 5551 2698 5616 tanta
2733 5541 3073 5616 contumelia
3100 5541 3441 5616 probroque..

1864 5607 2279 5684 Composuiinus
2325 5629 2391 5668 ex
2445 5613 2626 5674 editis.
2659 5622 2739 5684 Aet
2794 5607 3161 5683 Rupifucaldii
3220 5607 3441 5684 codice,

1862 5678 2067 5741 textum
2100 5700 2289 5745 unum,
2339 5699 2531 5737 sanum
2567 5682 2702 5737 satis
2728 5692 2779 5737 et
2809 5678 3037 5749 clarum,
3064 5697 3188 5739 cum
3218 5678 3429 5735 utrobii-

1863 5771 1963 5825 que
1984 5756 2199 5809 lutatus
2228 5760 2402 5809 exstet
2432 5755 2717 5824 minusque
2748 5769 2935 5811 sanus.
