4010 6328
526 261 631 314 ‘279
1508 258 1564 315 S.
1606 259 1930 318 METHODII
1971 261 2272 319 EPISCOPI
2311 263 2396 318 ET
2438 262 2790 319 MARTYRIS
3626 269 3736 325 9.80

531 378 845 438 adveniens.
873 394 979 432 non
1007 378 1058 432 in
1095 377 1318 434 alteram
1346 378 1615 436 demutari
1655 384 1898 453 vertique
1921 392 2079 439 natu-

2198 403 2281 450 τιν,
2307 385 2438 438 ἀλλὰ
2469 388 2548 450 εἰς
2577 387 2604 438 ὃ
2635 382 2702 457 ἦν
2735 385 2794 450 ἐξ
2823 385 2996 458 ἀρχῆς
3026 385 3133 459 πρὸ
3155 387 3247 442 τοῦ
3290 390 3564 456 ἐκπεσεῖν,
3599 391 3742 445 ἀθά-

524 488 638 526 ram
676 471 910 526 hominis
943 480 1192 542 oportere
1223 475 1568 543 praedicavit;
1601 477 1695 532 sed
1729 477 1783 532 in
1822 479 1876 533 id
1902 479 2080 538 redire

2198 494 2337 540 lato;
2375 476 2470 530 ὧν.
2515 478 2634 550 Χρὴ
2671 478 2778 549 γὰρ
2823 481 2881 531 ἐν
2921 477 3000 550 τῷ
3047 479 3162 552 ἰδίῳ
3203 479 3308 550 τῆς
3353 481 3517 549 ἕξεως
3562 484 3742 537 αὐτῶν

524 562 669 634 quod
705 562 856 617 initio
891 561 1088 626 fuerat,
1122 572 1409 634 antequam
1459 566 1752 632 excideret,
1779 573 1895 622 tum
1951 584 2078 624 cum

2198 569 2324 640 τόπῳ
2353 569 2463 641 (96)
2501 570 2608 624 τῶν
2638 569 2912 638 γεννητῶν
2951 571 3176 625 ἕκαστον
3207 573 3408 644 μένειν,
3449 573 3535 628 ἵνα
3569 576 3744 630 πάντα

525 662 670 711 esset
708 653 1051 710 immortalis.
1093 654 1373 725 Siquidem
1402 672 1626 712 necesse
1655 667 1758 724 est,
1787 667 1844 713 ut
1875 677 2077 714 unum-

2198 661 2394 715 *πάντων
2437 655 2537 716 ὦσι
2581 661 2982 733 πεπληρωμένα
3001 681 3016 695 ο
3056 665 3272 736 οὐρανοὶ
3320 665 3418 735 μὲν
3460 667 3739 734 ἀγγέλων·

523 746 775 818 quodque
821 756 1098 811 creatum,
1159 763 1270 802 suae
1337 747 1712 803 constitutioni
1767 758 2081 822 naturaeque

2198 752 2356 833 θρόνοι
2387 753 2444 806 δὲ
2497 752 2782 820 ἐξουσιῶν
2837 753 2992 821 φῶτα
3033 753 3090 806 δὲ
3135 755 3492 828 λειτουργῶν⁹
3549 759 3642 810 καὶ
3693 760 3742 810 οἱ
3787 793 3795 799 -

524 854 764 910 congruo
784 839 904 893 loco
934 839 1221 908 persistat;
1259 850 1316 894 ut
1342 841 1596 896 omnibus
1623 843 1806 896 omnia
1835 845 2080 914 replean-

2198 844 2435 916 Ιειότεροι
2462 846 2634 909 τόποι,
2659 846 2750 898 καὶ
2775 844 2844 898 τά
2869 846 3147 917 άκράτητα
3167 849 3260 902 καὶ
3288 850 3560 921 ἀκραιφνῆ
3588 850 3744 918 φῶτα

523 940 647 998 tur;
682 931 807 985 coeli
838 931 1078 1001 quidem,
1101 932 1346 1001 angelis;
1379 933 1560 987 throni
1579 941 1774 997 autem,
1800 938 2072 1004 potestati-

2198 935 2286 990 :th
2315 938 2572 1008 σεραφὶμ,
2613 935 2648 990 ὃ.
2686 938 3062 1008 παρεστήκασι
3094 942 3159 1011 τῇ
3195 939 3402 1014 μεγάλῃ
3441 940 3601 1010 βουλῇ
3631 940 3745 992 δια-

522 1023 626 1077 bus
659 1020 772 1092 (94)
793 1040 807 1089 ;
831 1021 1121 1087 ministris,
1138 1021 1344 1075 lumina
1365 1041 1378 1075 :
1397 1021 1689 1078 diviniores
1711 1038 1872 1093 porro
1897 1024 2075 1088 sedes,

2198 1028 2477 1096 ιρατοῦντα
2531 1028 2642 1098 (97)
2690 1028 2750 1080 τὸ
2797 1029 2932 1081 πᾶν·
2983 1033 3011 1084 ὁ
3052 1030 3109 1084 δὲ
3163 1031 3362 1102 κόσμος
3419 1031 3741 1102 ἀνθρώπων.

521 1113 851 1184 purioraque
892 1122 946 1167 et
984 1113 1277 1168 sinceriora
1320 1113 1552 1178 lumina,
1601 1115 1924 1184 seraphinis,
1982 1116 2075 1185 qui

2198 1118 2311 1170 Ἐὰν
2342 1119 2397 1170 δὲ
2449 1118 2872 1190 μεταϐάλλεσθαι
2909 1120 3086 1192 δῶμεν
3140 1123 3264 1186 τοὺς
3308 1121 3624 1194 ἀνθρώπους
3665 1125 3744 1187 εἰς

522 1219 720 1274 magno
743 1203 821 1258 illi
850 1203 1082 1258 consilio
1121 1203 1438 1258 assistentes
1458 1241 1475 1269 ,
1504 1203 1813 1258 universum
1855 1218 2074 1260 conser-

2198 1210 2439 1280 ὶγγέλους
2461 1252 2475 1276 ,
2508 1212 2626 1284 ῶρα
2670 1213 3095 1283 μεταϐάλλεσθαι
3140 1215 3316 1284 λέγειν
3349 1218 3442 1270 καὶ
3477 1217 3602 1279 τοὺς
3645 1219 3747 1285 ἁγ-

523 1301 691 1359 vant;
727 1291 962 1348 mundus
994 1291 1226 1361 denique
1255 1291 1586 1349 hominibus.
1615 1291 1791 1362 Atque
1825 1293 1871 1347 si
1898 1293 2073 1346 homi—

2198 1301 2364 1366 τέλους
2393 1304 2473 1366 εἰς
2504 1303 2766 1369 ἔξουσίας,
2802 1304 2896 1356 καὶ
2932 1304 3131 1368 ταύτας
3169 1307 3248 1370 εἰς
3296 1306 3421 1360 ἄλλο
3463 1308 3557 1361 καὶ
3589 1307 3738 1362 ἄλλο,

523 1402 620 1441 nes
650 1385 702 1438 in
731 1385 953 1454 angelos
980 1385 1175 1439 mutari
1198 1384 1527 1447 dederimus,
1552 1399 1891 1454 consequens
1910 1395 1993 1440 est
2015 1394 2073 1440 ut

2198 1392 2286 1445 ἱστ’
2323 1391 2388 1446 ἂν
2413 1396 2440 1446 ὁ
2467 1394 2622 1462 λόγος
2654 1395 2858 1459 amca;
2890 1396 2968 1459 εἰς
2996 1395 3235 1451 κίνδυνον
3265 1397 3497 1468 ἐμπέσῃ.

523 1487 576 1534 et
607 1479 826 1549 angelos
870 1479 926 1533 in
983 1486 1302 1551 potestates,
1338 1488 1392 1535 et
1436 1479 1619 1536 basin
1665 1480 1813 1536 aliud
1860 1491 1914 1537 et
1953 1483 2098 1538 aliud
2143 1490 2472 1546 transituras
2521 1490 2734 1556 dicere,
2793 1493 2968 1547 oratio
3014 1508 3273 1563 processu
3321 1494 3620 1564 periculum
3658 1493 3748 1548 in-

525 1583 727 1631 currat.

594 1666 686 1721 XI.
723 1665 907 1737 Neque
943 1681 1071 1722 vero
1099 1667 1242 1738 quod
1274 1666 1420 1734 velut
1465 1667 1667 1722 malum
1698 1668 1970 1724 hominem
2003 1669 2084 1724 fa-

2259 1673 2358 1727 IA'.
2394 1673 2534 1728 Ἀλλ’
2563 1673 2683 1728 οὔτε
2710 1675 2785 1739 ὡς
2813 1673 3010 1744 φαῦλον
3035 1678 3432 1750 τεκτηνάμενος
3455 1681 3482 1734 ό
3504 1681 3635 1746 Θεὸς
3654 1682 3750 1739 τὸν

523 1760 816 1816 bricaverit
849 1759 1010 1824 Deus,
1043 1766 1136 1812 aut
1176 1759 1230 1813 in
1273 1775 1338 1816 eo
1387 1759 1636 1830 ﬁngendo
1663 1761 1948 1828 aberrarit,
1983 1777 2080 1816 an-

525 1853 701 1923 gelum
730 1860 916 1920 postea
953 1849 1130 1906 facere
1155 1851 1306 1905 illum
1347 1852 1553 1918 voluit,
1587 1852 1744 1923 quasi
1773 1853 1970 1923 ipsum,
2001 1855 2083 1909 vi-

525 1943 857 1998 lissimorum
915 1941 1167 2011 opiﬁcum
1199 1942 1392 2010 instar,
1457 1943 1780 2013 poenitentia
1831 1944 2080 2015 cepisset.

522 2032 709 2104 Neque
741 2049 865 2088 cum
903 2035 1152 2104 angelum
1183 2035 1454 2105 principio
1482 2036 1658 2090 facere
1685 2037 2080 2102 constituisset,

524 2141 698 2196 neque
720 2125 776 2180 id
797 2134 942 2182 esset
988 2135 1295 2192 assecutus,
1327 2126 1605 2180 hominem
1636 2128 1962 2197 procreavit.
1991 2126 2086 2181 Ni-

525 2218 720 2272 mirum
769 2217 912 2272 istud
936 2218 1263 2272 imbecillum
1307 2226 1410 2273 est.
1461 2218 1572 2274 Cur
1622 2217 1785 2288 igitur
1812 2219 2085 2274 hominem

527 2308 758 2364 faciebat
777 2324 885 2363 non
913 2310 1183 2379 angelum,
1215 2309 1261 2363 si
1291 2309 1542 2379 angelum
1573 2309 1843 2365 hominem
1888 2310 2084 2375 facere,

525 2417 636 2456 non
665 2400 940 2455 hominem
965 2402 1238 2472 cogitabat
1261 2401 1284 2454 ?
1309 2402 1391 2456 An
1414 2402 1541 2472 quia
1570 2417 1676 2456 non
1714 2403 1965 2474 poterat?
1993 2403 2088 2459 Est

528 2493 632 2547 hoc
686 2493 1084 2563 blasphemum.
1146 2493 1242 2562 An,
1305 2494 1361 2550 in
1426 2495 1697 2550 deteriore
1747 2504 2085 2568 occupatus,

527 2584 672 2656 quod
701 2587 1045 2665 prastantius
1068 2594 1152 2642 est
1183 2586 1463 2644 ditl‘erebat
1484 2588 1507 2641 ?
1527 2586 1623 2641 Est
1650 2595 1705 2643 et
1734 2588 1866 2642 illud
1891 2591 2084 2644 absur-

527 2677 679 2734 dum.
711 2676 896 2748 Neque
938 2680 1082 2734 enim
1132 2680 1188 2734 in
1243 2680 1518 2737 moliendo
1543 2681 1688 2736 bono
1745 2682 1830 2736 vel
1877 2680 2093 2735 aberrat

538 2769 702 2834 Deus,
758 2771 840 2826 vel
875 2771 930 2825 in
956 2771 1102 2826 aliud
1153 2779 1367 2843 tempus
1407 2773 1607 2844 rejicit,
1639 2762 1748 2828 ‘vel
1799 2773 2094 2828 destitutus

538 2860 747 2917 viribus
799 2869 921 2917 est:
961 2862 1056 2917 sed
1106 2872 1160 2919 et
1194 2873 1474 2936 utcunque
1521 2866 1756 2930 libuerit,
1789 2873 1842 2920 et
1879 2864 2096 2936 quando

539 2952 778 3016 libuerit,
807 2953 998 3023 agendi
1021 2961 1281 3024 potestate
1312 2966 1395 3013 est
1425 2957 1712 3028 praeditus,
1753 2957 1854 3027 qui"
1877 2958 1948 3012 sit
1980 2957 2095 3026 ipsa

535 3047 796 3114 potentia.
829 3045 1190 3111 Quamobrem
1225 3049 1497 3105 hominem
1525 3065 1647 3106 esse
1694 3049 1964 3104 hominem
1995 3064 2094 3102 vo-
2123 3029 2163 3084 C-

535 3135 673 3200 lens,
706 3137 864 3191 initio
899 3137 1173 3207 produxit.
1207 3139 1362 3206 Quod
1396 3141 1442 3196 si
1477 3141 1531 3196 id
1571 3141 1760 3196 volens
1783 3140 1909 3196 fecit
1933 3158 1950 3208 ;
1978 3140 2096 3193 vult

527 3236 707 3281 autem
764 3229 910 3298 quod
965 3231 1164 3286 bonum
1196 3243 1319 3300 est;
1364 3233 1526 3288 homo
1575 3249 1705 3288 vero
1738 3233 1938 3288 bonum
1970 3241 2090 3296 est;

529 3322 778 3394 idemque
815 3337 882 3377 ex
928 3323 1108 3378 anima
1159 3334 1374 3381 constat
1429 3333 1482 3380 et
1534 3340 1800 3396 corpore:
1849 3323 2097 3395 sequitur

529 3423 684 3468 extra
729 3428 929 3484 corpus
978 3414 1252 3470 hominem
1301 3418 1524 3474 minime
1581 3418 1716 3481 fore,
1752 3417 1848 3473 sed
1885 3417 1940 3470 in
1965 3432 2088 3470 cor-

531 3521 662 3574 pore
691 3525 704 3560 :
736 3521 803 3560 ne
841 3505 980 3561 alius
1023 3516 1216 3576 praeter
1244 3508 1518 3565 hominem
1550 3511 1713 3565 homo
1737 3510 2086 3580 producatur.

531 3599 680 3668 Opus
704 3598 849 3653 enim
879 3607 982 3665 est,
1045 3603 1123 3655 uti
1169 3602 1277 3658 Deo
1313 3604 1639 3660 immortalia
1687 3619 1884 3674 genera
1909 3604 2088 3660 omnia

531 3703 968 3749 conserventur:
1008 3696 1154 3765 atqui
1188 3696 1348 3750 homo
1387 3707 1470 3751 est
1500 3696 1841 3752 immortalis.
1889 3696 2094 3751 Creavit

531 3785 889 3854 enim,inquit
924 3783 1200 3854 Sapientia
1241 3786 1310 3847 ³³,
1366 3787 1626 3840 hominem
1656 3785 2092 3840 inexterminabi-

2182 1764 2483 1837 ἄνθρωπον,
2511 1765 2542 1836 ἥ
2575 1765 2948 1837 διαμαρτὴσας
2994 1768 3158 1821 αὐτοῦ
3207 1771 3333 1842 περὶ
3377 1771 3474 1842 τὴν
3523 1773 3753 1829 διάπλα-

2188 1874 2270 1910 σιν
2307 1856 2436 1927 (98),
2471 1857 2699 1926 ἄγγελον
2745 1858 2906 1911 αὑτὸν
2944 1859 3164 1931 ὕστερον
3212 1861 3470 1933 ἐπενόησε
3505 1866 3749 1936 ποιῆσαι,

2185 1952 2498 2021 μεταγνοὺς,
2537 1949 2723 2021 ὥσπερ
2771 1950 2821 2002 οἱ
2865 1949 3184 2018 φαυλότατοι
3231 1953 3340 2006 τῶν
3366 1954 3751 2026 δημιουργῶν·

2183 2042 2305 2096 οὕτε
2360 2043 2587 2111 ἄγγελον
2639 2045 2757 2095 κατ’
2787 2043 2961 2116 ἀρχὰς
3014 2044 3244 2116 θελήσας
3273 2047 3512 2116 ποιῆσαι,
3544 2051 3637 2102 καὶ
3669 2049 3750 2121 μὴ

2183 2137 2445 2208 δυνηθεὶς,
2476 2135 2760 2207 ἄνθρωπον
2799 2136 3057 2190 ἔπλασενο
3097 2138 3318 2202 ἀσθενὲς
3349 2139 3504 2194 τοῦτο
3530 2141 3657 2212 γάρ.
3690 2143 3760 2195 Τί

2185 2231 2380 2302 δήποτε
2404 2225 2495 2283 οὖν
2526 2228 2616 2282 τὸν
2647 2229 2927 2301 ἄνθρωπον
2953 2228 3144 2291 ἐποίει,
3174 2229 3267 2282 καὶ
3293 2230 3392 2282 οὐκ
3420 2229 3669 2298 ἄγγελον,
3688 2231 3764 2284 εῐ·

2187 2339 2249 2391 γε
2294 2321 2518 2390 ἄγγελον
2565 2320 2654 2373 τὸν
2704 2320 3006 2393 ἄνθρωπον,
3040 2319 3134 2373 καὶ
3161 2321 3259 2373 οὐκ
3295 2321 3576 2391 ἄνθρωπον
3603 2324 3759 2390 γενέ-

2191 2414 2312 2467 σθαι
2350 2412 2646 2484 ἠθέλησεν;
2691 2413 2778 2476 Ὠς
2805 2413 2865 2465 οὐ
2896 2413 3219 2482 δυνάμενος;
3253 2413 3597 2484 Βλάσφημον.
3616 2415 3762 2468 Ἀλλ’

2191 2503 2506 2556 ἀνεϐάλλετο
2533 2501 2661 2574 περὶ
2687 2502 2780 2555 τοῦ
2799 2503 3103 2574 κρείττονος
3121 2502 3180 2556 τὸ
3207 2505 3382 2575 χεῖρον
3411 2504 3609 2568 ποιῶν;
3648 2507 3762 2559 Καὶ

2191 2597 2342 2651 τοῦτο
2373 2597 2589 2651 ἄτοπον.
2614 2595 2750 2650 Οὔτε
2777 2595 2883 2668 γὰρ
2926 2595 3304 2665 διασφάλλεται
3343 2594 3468 2666 περὶ
3499 2595 3561 2648 τὸ
3589 2599 3770 2652 ποιεῖν

2192 2688 2252 2742 τὸ
2280 2689 2462 2754 καλὸν,
2497 2687 2620 2742 οὔτε
2653 2686 3026 2752 ἀναϐάλλεται,
3051 2685 3172 2740 οὔτε
3198 2687 3477 2741 ἀδυνατεῖ·
3506 2685 3640 2740 ἀλλὰ
3665 2688 3768 2741 καὶ

2192 2779 2266 2843 ὡς
2319 2779 2485 2843 θέλει,
2517 2781 2610 2833 καὶ
2660 2781 2748 2832 ὅτε
2793 2780 2954 2844 θέλει,
2988 2779 3047 2832 τὸ
3076 2777 3333 2832 δύνασθαι
3373 2778 3503 2848 ἔχει,
3530 2777 3769 2849 δύναμις

2195 2873 2289 2926 ῶν.
2319 2871 2526 2927 Οὐκοῦν
2554 2868 2689 2925 εἶναι
2729 2871 2818 2925 τὸν
2845 2870 3125 2942 ἄνθρωπον
3159 2869 3441 2939 ἄνθρωπον
3475 2868 3639 2922 Θέλων
3676 2871 3761 2939 te

2198 2965 2369 3037 ἀρχῆς
2394 2965 2625 3018 ἔκτισεν.
2661 2965 2724 3016 Εἰ
2751 2963 3030 3036 δὲιθέλων·
3063 2961 3204 3014 θέλει
3237 2961 3292 3014 δὲ
3323 2962 3384 3014 τὸ
3419 2961 3580 3014 καλὸν
3600 2979 3613 2991 ·
3660 2979 3766 3014 κα-

2198 3055 2287 3107 λὸν
2330 3053 2385 3106 δὲ
2434 3054 2462 3105 ό
2505 3051 2817 3123 ἄνθρωπος’
2867 3051 3148 3123 ἄνθρωπος
3181 3051 3238 3103 δὲ
3269 3051 3327 3103 τὸ
3356 3053 3420 3104 ἐκ
3451 3051 3627 3121 ψυχῆς
3669 3052 3767 3105 καὶ

2203 3142 2450 3213 σώματος
2474 3140 2690 3210 λέγεται
2723 3132 2973 3192 συντεθέν
2991 3156 3005 3169 ⁸
3033 3140 3133 3192 οὐκ
3159 3139 3308 3192 ἕσται
3337 3139 3443 3212 ἄρα
3476 3141 3631 3202 ἐκτὸς
3659 3140 3771 3193 σώ-

2205 3234 2723 3306 ματοςόάνθρωπος,
2753 3231 2887 3285 ἀλλὰ
2911 3231 3047 3303 μετὰ
3075 3230 3338 3302 σώματος,
3376 3232 3459 3284 ἵνα
3499 3233 3570 3304 μὴ
3606 3231 3774 3297 ἄλλος

2201 3327 2481 3398 ἄνθρωπος
2515 3324 2664 3394 παρὰ
2699 3325 2792 3377 τὸν
2817 3323 3099 3394 ἄνθρωπον
3123 3322 3374 3392 γεννηθῇ.
3421 3323 3510 3372 Δεῖ
3543 3319 3654 3390 γὰρ
3686 3318 3772 3391 τῷ

2191 3420 2306 3490 Θεῷ
2321 3418 2388 3471 τά
2405 3419 2643 3472 ἀθάνατα
2672 3417 2800 3488 γένη
2829 3415 3001 3468 πάντα
3033 3413 3328 3478 σῶζεσθαν
3364 3411 3625 3466 ἀθάνατον
3653 3411 3712 3464 δὲ
3737 3411 3773 3464 ὁ

2193 3510 2736 3582 ἄνθρωπος.”Εκτισε
2765 3509 2892 3578 γὰρ,
2927 3506 3088 3576 φησὶν
3116 3508 3148 3576 ἡ
3185 3505 3370 3574 Σοφία,
3407 3503 3511 3558 τὸν
3546 3503 3773 3570 ἄνθρω-

2195 3620 2311 3656 πον
2337 3606 2370 3656 ό
2398 3601 2541 3668 Θεὸς
2583 3600 2680 3653 ἐπὶ
2714 3599 3032 3668 ἀφθαρσίᾳ,
3095 3596 3193 3649 καὶ
3241 3597 3439 3649 εἰκόνα
3468 3593 3572 3661 τῆς
3611 3593 3774 3659 ιδίας

2197 3693 2530 3759 ἀϊδιότητος
2551 3691 2839 3758 ἐποίησεν
2875 3691 3080 3742 αὐτόν.
3103 3690 3216 3741 Οὐκ
3252 3689 3358 3760 ἄρα
3385 3685 3680 3739 ἀπόλλυται
3704 3683 3774 3738 τὸ

2204 3785 2391 3855 σῶμα·
2423 3785 2451 3836 ὁ
2481 3782 2589 3855 γὰρ
2620 3782 2903 3854 ἄνθρωπος
2936 3783 3000 3834 ἐκ
3031 3781 3202 3851 ψυχῆς
3227 3781 3321 3834 καὶ
3351 3777 3619 3850 σώματος.

534 3879 634 3934 lem
669 3879 800 3951 (95),
823 3887 873 3933 et
923 3880 1202 3950 imaginem
1251 3881 1562 3934 wternilatis
1613 3897 1725 3935 sum
1777 3881 1896 3949 fecit
1927 3881 2098 3934 illum.
2156 3880 2364 3950 Corpus
2412 3879 2595 3949 itaque
2648 3892 2758 3932 non
2800 3891 3027 3946 prorsus
3077 3873 3439 3944 exstinguitur
3485 3879 3539 3926 et
3585 3870 3770 3942 perit;

533 3989 659 4029 nam
689 3975 852 4029 homo
875 3989 941 4029 ex
963 3973 1143 4028 anima
1171 3982 1224 4029 et
1242 3990 1470 4044 corpore
1497 3975 1772 4030 consistit.

606 4067 651 4100 ⁸³
691 4067 820 4137 Sap.
860 4084 920 4132 ll,
950 4067 1041 4121 25.

758 4161 960 4216 Throm’
988 4159 1574 4244 ιιιιιρηιηριοιεξιαιὶὺιις.
1603 4157 1840 4244 γὶἁοιιιιχ
1861 4157 2096 4244 dillicille,

534 4229 665 4304 quid
697 4229 752 4304 in
784 4231 1344 4304 corporeisintelligat
1377 4245 1440 4284 eo
1471 4229 1689 4304 nomine
1715 4229 2098 4304 prrctercmlos

534 4297 588 4358 et
620 4303 846 4366 lumina,
880 4297 1021 4358 —sive
1065 4303 1156 4356 illa
1205 4297 1359 4355 nobis
1382 4299 1672 4368 conspicua
1716 4313 1835 4366 quae
1866 4297 2099 4351 admini-

535 4374 664 4461 stris
723 4373 998 4454 assignat,
1037 4372 1151 4426 sive
1207 4369 1476 4461 diviniora
1534 4369 1828 4461 ἁκρόιτηιιεοι⁴
1866 4368 1955 4449 illa
2007 4368 2100 4420 καὶ
2131 4406 2174 4461 D

533 4443 809 4516 ἀκραιφνῆ
840 4438 1474 4516 assigna_t_a__serapbinis,
1507 4438 1625 4507 quae
1651 4438 1902 4516 videntur
1923 4439 2097 4508 ipsum

537 4509 811 4568 ἱιηὶιιοῦἰιε
838 4522 892 4568 et
916 4509 1186 4567 invisibile
1215 4511 1371 4565 nobis
1404 4524 1738 4580 empyreum,
1771 4509 2002 4580 inﬂuens
2022 4524 2102 4562 se-

535 4584 757 4653 raphica
782 4583 1094 4638 assistentia
1115 4581 1371 4653 univer_so
1402 4579 1539 4634 huic
1559 4579 2100 4653 pernia_nentiam_,_ut

536 4647 750 4708 tandem
809 4655 987 4707 visum
1016 4659 1101 4706 est
1150 4667 1268 4704 meo
1295 4649 1537 4714 Thomae,
1559 4647 1964 4719 'signil‘icatque
1989 4647 2100 4702 Me-

533 4723 753 4778 thodius
792 4723 900 4792 illis
945 4722 1126 4792 verbis
1152 4719 1542 4792 διακρατοῦντα
1568 4719 1628 4771 τὸ
1663 4720 1792 4792 πᾶν.
1839 4719 2099 4792 Ῑιικιιιγιε-

534 4795 771 4848 ctionem
829 4791 1014 4863 Rupif.
1067 4807 1227 4862 quam
1280 4787 1470 4845 sumus
1513 4791 1706 4863 secuti.
1747 4787 1906 4863 Forte
1929 4788 2101 4842 voluit

535 4865 762 4919 thronos
790 4879 852 4917 ac
875 4859 1033 4918 sedes
1063 4859 1115 4916 in
1138 4876 1412 4932 empyreo.
1460 4859 1603 4932 quod
1632 4859 1958 4928 respondeat
1983 4873 2099 4932 cm-

535 4935 624 4996 lis,
654 4935 950 5004 assignatis
980 4930 1277 5004 spiritibus:
1307 4930 1811 5004 ininistris,_prazt_er
1875 4930 2099 4998 puriora

534 5006 627 5058 illa
661 5005 716 5058 in
745 4999 810 5060 eo
838 4999 1143 5072 serapliinis
1172 5003 1444 5070 assignata
1476 5000 1703 5053 lumina.
1730 4999 1943 5072 Quanta
1971 5015 2101 5070 por-

535 5075 737 5146 rogbaec
762 5070 1144 5146 probabilitate
1170 5074 1443 5146 nitantur,
1460 5078 1520 5124 ut
1546 5076 1600 5124 et
1613 5070 1780 5146 ‘quod
1804 5071 1987 5146 statim
2002 5085 2098 5146 ⁵ειδ-

535 5144 740 5214 quitur,
762 5137 838 5199 'de
872 5145 1053 5198 futura
1083 5150 1204 5213 post
1257 5143 1447 5214 iudicii
1501 5137 2100 5214 conﬂagrationemho-

537 5209 744 5268 minum
779 5209 1139 5275 habitatione,
1173 5209 1316 5268 terra
1372 5212 1473 5266 hac
1537 5209 1700 5264 nova’
1741 5226 1836 5280 per
1906 5209 2099 5264 Isaiam

537 5284 826 5354 promissa,
856 5283 1100 5354 coeloque
1143 5291 1195 5336 et
1246 5298 1370 5336 aere
1399 5296 1573 5354 novo;
1626 5280 1907 5354 operosius
1941 5280 2100 5354 fuerit

537 5349 829 5414 discutere,
858 5349 1188 5421 alteriusque
1220 5361 1272 5405 et
1319 5353 1414 5406 otii
1445 5360 1496 5407 et
1524 5349 1734 5421 operae.
1771 5349 1883 5404 Hoc
1909 5351 2099 5421 saltem

536 5425 864 5485 constiterit,
919 5420 1114 5476 abesse,
1143 5421 1471 5478 Methodium
1499 5422 1550 5475 in
1578 5436 1674 5476 sua
1704 5420 1794 5474 illa
1847 5420 2100 5488 opinione

537 5495 606 5548 ab
635 5510 820 5550 errore
844 5491 1287 5564 Millenariorum,
1324 5509 1424 5549 nec
1454 5493 1530 5545 ita
1564 5491 2098 5564 ponereparadisutn

537 5566 845 5619 sensibilem
879 5566 935 5619 in
984 5562 1228 5618 sensibili
1276 5569 1440 5625 terra,
1473 5559 1740 5616 utdivina:
1766 5559 1981 5614 interim
2012 5559 2098 5612 vi-

538 5636 709 5689 sionis
737 5636 962 5703 gratiam
995 5639 1170 5704 neget,
1207 5647 1313 5702 qua
1344 5634 1518 5688 simus
1547 5648 1672 5687 vere
1702 5629 1867 5704 beati,
1901 5638 1954 5684 et
1973 5630 2098 5704 ani-

538 5722 667 5773 nio;
701 5700 1011 5762 conferente
1060 5700 1263 5759 mundo
1323 5705 1647 5771 instaurato,
1682 5701 1748 5756 ad
1779 5700 2095 5756 nonnullam

2205 4156 2630 4210 instauratorum
2663 4168 2892 4224 corpore
2940 4153 3240 4210 incolarum
3283 4150 3617 4224 felicitatem.
3663 4152 3777 4206 mi-

2205 4226 2364 4296 rabili
2417 4227 2508 4279 illa
2553 4225 2820 4296 εὐκρασίᾳ
2877 4239 2974 4277 sua
3033 4232 3085 4277 et
3142 4223 3566 4296 temperatione,
3599 4237 3777 4289 quam

2204 4295 2367 4357 Deus,
2401 4311 2499 4350 ceu
2523 4291 2930 4364 amantissimus
2963 4300 3135 4364 pater,
3153 4291 3542 4364 administrare
3580 4303 3632 4347 ct
3667 4308 3778 4345 cu-

2204 4381 2323 4420 rare
2355 4366 2549 4420 habeat
2592 4384 2603 4418 :
2632 4362 3093 4435 ὲπιτροπεύοντος.
3122 4362 3246 4416 Mihi
3275 4364 3550 4435 eitimvero
3572 4363 3780 4417 melius

2206 4452 2325 4492 esse
2354 4452 2477 4491 cum
2510 4433 2833 4498 Christo,'et
2860 4441 2920 4488 ut
2961 4444 3216 4504 tanquam
3250 4433 3551 4486 membrum
3586 4449 3734 4500 quan
3755 4461 3780 4474 -

2206 4507 2382 4577 doque
2405 4522 2601 4576 sequar
2625 4507 2911 4577 inicualuin
2949 4507 3115 4577 etiam
3161 4518 3410 4577 corpore.
3470 4505 3779 4556 exaltatum

2207 4573 2369 4647 super
2401 4573 2589 4631 omnes
2612 4573 3346 4647 cmlosilivinissimumillud
3377 4580 3539 4647 caput
3564 4590 3776 4647 meum.

2278 4641 2387 4716 Ῑ95)
2413 4646 2949 4716 Inexterminabilem,
2989 4645 3079 4697 ἐπὶ
3107 4642 3398 4716 ἀφθαρσίᾳ.
3461 4642 3550 4716 Sic
3603 4641 3777 4711 Vulg.

2206 4727 2257 4772 et
2285 4713 2420 4773 Sixt.
2450 4717 2566 4772 Non
2597 4717 2735 4770 male
2767 4715 2952 4785 Tigur.
2983 4723 3036 4768 et
3065 4713 3460 4785 eodemsensu,
3488 4713 3780 4785 immortu-

2208 4790 2367 4850 litati,
2400 4788 2501 4842 hoc
2525 4794 2628 4848 est,
2659 4795 2716 4840 ut
2745 4781 3064 4840 immortalis
3104 4794 3264 4838 esset.
3311 4781 3486 4836 Minus
3513 4782 3781 4851 exprimit

2206 4859 2432 4928 interpr.
2465 4857 2751 4927 Epipltan.,
2786 4857 2839 4908 in
2877 4853 3406 4928 incorruptionet'lfb.
3443 4853 3782 4928 mtuet-‘6»;

2207 4923 2823 5000 suspicatur—ﬁgendum
2874 4926 2990 4979 κατ’
3025 4925 3227 5000 εἰκόνα.
3257 4923 3475 5000 Habent
3497 4923 3784 5000 nihilomi-

2207 4994 2492 5055 nus'etiam
2526 4994 2686 5058 Siit.,
2721 5011 3030 5066 quanquam
3078 4996 3344 5064 interpres
3390 4995 3633 5066 videatur
3670 4994 3784 5066 gleg-

2207 5071 2350 5141 gisse
2379 5070 2469 5123 καὶ
2497 5070 2618 5121 κατ’
2645 5064 2940 5141 ειχόναὶρι-
2981 5067 3396 5141 ad__imaginem,
3433 5065 3541 5119 nisi
3599 5064 3784 5141 voluit

2206 5134 2470 5210 glossare,
2504 5146 2596 5193 aut
2657 5139 2818 5210 sequi
2844 5138 3000 5210 Vulg.
3036 5136 3153 5190 Non
3185 5137 3363 5210 video‘
3385 5137 3497 5205 ipse
3528 5134 3782 5210 quid_ilii

2209 5205 2278 5266 sit
2312 5210 2574 5278 scrupuli,
2607 5225 2709 5263 nec
2732 5205 2880 5262 reddi
2908 5205 3096 5278 possit,
3127 5217 3174 5260 ct
3202 5207 3482 5274 imaginem
3503 5205 3784 5278 ᾳξιεηιὶςατ

2209 5283 2306 5344 tis;
2341 5274 2556 5350 quando
2577 5288 2628 5333 et
2657 5279 2859 5333 Paulus
2888 5274 3057 5330 [Ωον.
3086 5293 3164 5350 xt,
3192 5278 3460 5350 hominem
3485 5274 3638 5350 dicit,
3664 5274 3785 5350 ⁸υεὶ

2207 5344 2485 5421 imaginem
2527 5360 2576 5403 et
2633 5350 3042 5421 gloriam,_non
3075 5348 3141 5400 ad
3198 5349 3507 5417 imaginem.
3534 5344 3783 5411 Quidam

2208 5418 2646 5492 ρτοίάῖδιότητος
2674 5421 2856 5489 legunt
2886 5418 3169 5492 tatem—.0;

2278 5491 2387 5564 (96)
2412 5493 2589 5556 Τόπῳ.
2618 5491 2804 5564 llnpr.,
2837 5489 3010 5564 τύπῳ)

2297 5557 2387 5632 97)
2418 5557 2866 5632 Διακριιτοῦντνα.
2906 5557 3068 5632 Editi,
3106 5557 3487 5632 διακρατούση.

2300 5569 2362 5615 97
2418 5569 2866 5628 Διακριιτουντα.
2906 5569 3068 5622 bum,
3106 5569 3120 5612 ἐ

2300 5569 2388 5702 98)
2412 5630 2759 5687 Διάπλασιν.
2786 5631 2872 5686 Al.
2907 5629 3120 5685 πλάσιν.
