4010 6328
266 261 358 317 231

1325 263 1418 320 EX
1455 263 1656 320 LIBRO
1693 264 1781 319 DE
1818 264 2440 326 RESUBRECTIONE.‘

3384 282 3491 338 282

329 379 427 431 lB’.
452 375 546 429 Διδ
565 375 860 449 ἐπίστησον
891 375 1019 448 (99),
1051 376 1126 440 ὡς
1143 379 1169 432 6
1195 376 1396 452 Κύριος
1413 381 1481 433 τὰ
1509 381 1643 435 αὐτὰ
1658 379 1807 436 ταῦτι

2014 381 2130 438 ΧΠ.
2161 381 2238 437 Ac
2265 383 2409 447 vide,
2459 399 2664 454 quaeso,
2715 387 3169 456 quemadmodum
3207 391 3492 464 Dominus,

259 470 523 524 ἅῗάσκειν
550 468 739 532 θέλων,
759 468 833 538 μὴ
863 469 1218 522 πιστευόντων
1236 470 1599 527 Σαδδουκαίων
1630 475 1710 536 εἰς
1733 473 1829 544 τὴν

259 560 550 614 ἀνάστασιν
598 556 699 626 τῆς
752 557 976 628 σαρκός.
1021 557 1205 630 Δόγμα
1252 560 1360 632 γὰρ
1403 561 1558 616 τοῦτο
1603 564 1832 617 Σαδδου-

258 649 621 706 καίων.“’(.)θεν
657 651 1119 722 συσκευασάμενοι
1158 653 1258 724 τὴν
1306 654 1445 708 κατὰ
1475 655 1572 727 τὴν
1596 659 1829 724 γυναῖκα

257 746 348 799 καὶ
393 744 522 807 τοὺς
569 743 710 797 ἐπτά
756 742 1016 812 ἀδελφοὺς
1063 744 1392 818 παραϐολὴν,
1433 747 1519 802 ἵνα
1565 747 1654 801 τὸν
1701 749 1828 819 περὶ

254 838 605 899 ἀναστάσεως
629 837 728 906 τῆς
761 836 959 908 σαρκὸς
984 836 1139 908 λόγον
1170 841 1504 911 ἀπορήσωσι,
1553 841 1830 912 Προσῆλ-

255 933 359 984 θον
411 924 574 993 αὺτῷ
600 969 615 994 ,
670 929 802 1000 φησὶ
827 968 842 992 ,
895 929 991 983 καὶ
1046 929 1430 986 Σαδδουκαῖοι
1460 973 1475 997 ,
1523 932 1823 1003 λέγοντες,

253 1018 596 1073 ἀνάστασιν
636 1017 721 1088 μὴ
770 1016 942 1075 εἶναι.
987 1021 1044 1076 '0
1094 1018 1187 1075 οὖν
1228 1024 1479 1095 Χριστὸς,
1530 1026 1578 1077 εἰ
1631 1025 1704 1099 μὴ
1757 1021 1826 1097 ἦν

252 1113 550 1176 ἀνάστασις
604 1111 824 1184 σαρκὸς,
855 1113 988 1166 ἀλλὰ
1022 1115 1179 1185 μόνον
1205 1115 1435 1180 ἐσώζετο
1477 1116 1644 1189 ψυχὴ,
1706 1134 1826 1171 συν-

251 1204 401 1258 έθετο
445 1203 516 1256 ἂν
569 1204 774 1267 αὐτοῖς,
809 1205 884 1268 ὡς
935 1205 1113 1270 καλῶς
1160 1209 1254 1261 καὶ
1314 1208 1487 1280 ὀρθῶς
1546 1209 1820 1282 φρονοῦσι.

249 1298 384 1351 Νυνὶ
441 1298 504 1350 δὲ
546 1297 939 1368 ἀποκρίνεται,
974 1297 1174 1366 λέγων·
1221 1298 1320 1354 Ἐν
1369 1300 1441 1370 τῇ
1498 1302 1824 1356 ἀναστάσει

249 1392 385 1446 οὔτε
447 1389 784 1460 γαμοῦσιν,
848 1391 985 1444 οὔτε
1048 1392 1476 1461 γαμίσκονται,
1540 1395 1676 1450 ἀλλ’
1743 1395 1823 1460 ὡς

246 1481 490 1550 ἄγγελοι
550 1481 623 1535 ἐν
683 1480 916 1550 οὐρανῷ
980 1480 1171 1534 εἰσιν·
1218 1483 1278 1534 οὐ
1353 1483 1430 1554 τῷ
1492 1484 1670 1554 σάρκα
1740 1483 1816 1555 μὴ

246 1572 423 1644 ἔχειν,
484 1573 623 1628 ἀλλά
663 1574 740 1645 τῷ
787 1573 860 1644 μὴ
911 1577 1106 1645 γαμεῖν
1150 1576 1243 1629 καὶ
1305 1574 1634 1646 γαμεῖσθαι,
1687 1576 1822 1630 ἀλλά

246 1662 380 1720 εἶναι
429 1666 621 1720 λοιπὸν
674 1667 732 1718 ὲν
789 1665 1080 1740 ἀφθαρσίᾳ.
1135 1667 1242 1721 Καί
1311 1685 1506 1739 φησιν,
1569 1667 1818 1737 ἀγγέλοις

1931 471 2118 528 eadem
2165 474 2255 529 illa
2309 474 2522 530 tradere
2565 473 2878 534 Sadducacis
2919 481 3375 538 resurrectionem
3398 501 3496 542 nec

1930 567 2204 634 gantibus,
2259 568 2507 623 voluerit.
2577 567 2671 623 Est
2717 570 2861 624 enim
2934 572 3036 626 hoc
3068 572 3493 634 Sadducaeorum

1928 657 2140 729 dogma.
2173 657 2323 714 Unde
2355 661 2652 730 composita
2671 661 2782 724 illa,
2833 661 2900 718 de
2953 665 3180 720 muliere
3206 667 3378 739 deque
3408 686 3497 725 se-

1927 757 2068 818 ptem
2104 748 2384 812 fratribus,
2410 751 2692 819 parabola.
2725 767 2887 821 quam
2937 753 3198 810 adversus
3250 773 3496 814 resurre-

1925 839 2124 895 ctionis
2145 855 2432 910 corporum
2477 841 2671 912 dogma
2705 853 3070 913 proponerent
3103 863 3116 899 :
3149 848 3495 906 Accesserant

1925 930 1995 985 ad
2026 935 2356 1002 eum,inquit
2381 935 2446 1001 ’⁵,
2477 933 2778 999 Sadducwi,
2807 934 3034 992 dicentes
3063 943 3493 996 resurrectionem

1925 1032 2028 1071 non
2055 1035 2188 1073 esse.
2238 1018 2473 1075 Proinde
2527 1021 2798 1083 Christus.
2854 1025 2900 1078 si
2950 1026 3097 1078 nulla
3146 1031 3329 1089 carnis
3347 1041 3493 1087 esset

1925 1112 2270 1171 resurrectio.
2325 1110 2417 1166 sed
2468 1113 2647 1166 anima
2704 1114 2971 1169 duntaxat
3017 1117 3247 1172 salutem
3305 1137 3494 1177 conse-

1921 1209 2198 1270 queretur,
2235 1203 2345 1258 illis
2376 1205 2561 1274 utique
2591 1213 2776 1276 utpote
2809 1215 2958 1262 recte
2983 1223 3045 1262 ac
3074 1211 3333 1278 praeclare
3360 1229 3490 1268 sen-

1923 1295 2205 1355 tientibus.
2271 1311 2424 1350 suam
2488 1297 2865 1352 auctoritatem
2929 1301 3268 1371 adjungeret.
3325 1306 3489 1376 Atqui

1923 1383 2028 1436 alia
2059 1385 2242 1438 omnia
2278 1387 2614 1455 respondens
2666 1389 2845 1442 ait":
2885 1387 2951 1442 In
2999 1394 3375 1448 resurrectione
3407 1413 3492 1450 ne-

1919 1491 2016 1545 que
2044 1475 2240 1530 ducunt
2268 1494 2477 1546 uxores,
2536 1497 2694 1550 neque
2728 1483 2950 1550 nubunt,
3005 1483 3095 1538 sed
3129 1496 3184 1537 ut
3223 1488 3392 1556 angeli
3436 1490 3490 1542 in

1921 1567 2047 1621 caelo
2097 1576 2218 1622 sunt
2250 1584 2269 1621 :
2301 1584 2410 1622 non
2451 1569 2596 1639 quod
2642 1586 2860 1627 carnem
2923 1589 3032 1628 non
3083 1574 3347 1642 habeant,
3391 1579 3488 1632 sed

1920 1659 2063 1730 quod
2096 1669 2312 1715 mutuas
2334 1662 2554 1730 nuptias
2583 1664 2760 1718 nullas
2805 1666 3154 1731 contrahant,
3205 1670 3298 1723 sed
3339 1669 3489 1724 dein-

245 1757 384 1810 γατᾶ.
447 1755 612 1808 τοῦτο
675 1754 1102 1826 πλησιάζοντας,
1166 1758 1250 1812 ἵνα
1312 1756 1499 1829 ὥσπερ
1545 1759 1594 1809 οἰ
1653 1757 1807 1825 ἀγγε-

1926 1769 2053 1823 ceps
2075 1753 2184 1807 sint
2211 1755 2581 1824 corruptionis
2607 1765 2878 1826 expertes.
2919 1757 3080 1813 Addit
3107 1776 3257 1826 vero,
3287 1777 3350 1816 ea
3385 1778 3487 1818 nos

243 1847 318 1903 λοι
368 1849 428 1900 ἐν
476 1845 556 1917 τῷ
600 1846 831 1918 οὐρανῷ,
865 1846 1002 1901 οὕτω
1052 1849 1144 1901 καὶ
1187 1851 1348 1920 ἡμεῖς
1392 1850 1449 1902 ὲν
1501 1848 1580 1919 τῷ
1631 1866 1812 1920 παρα-

241 1940 418 2009 δείσῳ,
453 1941 597 2010 μήτε
643 1939 842 2009 γάμοις
887 1939 919 2011 ἢ
973 1940 1272 2004 εἰλαπίναις
1318 1940 1396 1993 ἔτι
1444 1940 1808 2012 σχολάζοντες,

241 2032 370 2085 ἀλλὰ
420 2032 521 2084 τοῦ
571 2031 790 2102 βλέπειν
838 2032 910 2104 (Ι)
957 2035 1046 2087 τὸν
1077 2033 1227 2097 Θεὸν,
1259 2034 1352 2087 καὶ
1399 2037 1660 2106 γεωργεῖν
1712 2034 1809 2106 τὴν

243 2124 398 2198 ζωὴν,
430 2126 864 2198 πρυτανεύοντος
903 2129 1033 2199 ἡμῖν
1076 2125 1170 2179 τοῦ
1203 2125 1456 2198 Χριστοῦ.
1492 2127 1566 2180 Οὐ
1598 2126 1706 2198 γὰρ
1732 2123 1808 2180 εἷ-

242 2234 353 2278 πεν,
376 2218 628 2271 ἔσονται
667 2217 926 2287 ἄγγελοι,
954 2217 1064 2271 ἀλλ’
1088 2217 1168 2282 ὡς
1207 2215 1442 2286 ἄγγελοι
1462 2257 1477 2280 ,
1512 2214 1622 2269 οἷον
1660 2215 1806 2286 δόξῃ

234 2311 341 2380 μὲν
378 2311 478 2362 καὶ
513 2307 676 2378 τιμῇ,
717 2308 856 2361 κατὰ
882 2308 941 2360 τὸ
970 2307 1371 2379 γεγραμμένον,
1393 2308 1804 2376 ἐστεφανωμέ-

239 2400 565 2470 ιιειηϐραχὺ
585 2399 650 2453 δέ
674 2417 727 2453 τι
743 2399 898 2468 παρὰ
922 2399 1058 2465 τοὺς
1085 2399 1377 2469 ἀγγέλους
1396 2397 1803 2454 διαλλάσσον-

241 2512 344 2560 τες,
379 2495 477 2546 καὶ
503 2493 675 2560 ἐγγὺς
696 2491 845 2555 ὅντες
879 2491 970 2544 τοῦ
999 2486 1138 2544 εἶναι
1178 2489 1413 2560 ἄγγελοι.
1458 2490 1722 2564 Καθάπερ
1753 2493 1802 2545 εί

239 2587 430 2656 ἔλεγεν,
466 2585 638 2654 οὔσης
673 2584 925 2650 εὐταξίας
957 2583 1096 2637 κατὰ
1124 2585 1213 2636 τὸν
1248 2583 1407 2654 ἀέρα,
1441 2585 1534 2637 καὶ
1566 2584 1803 2655 γαλήνης

239 2680 440 2743 νυκτὸς,
463 2679 562 2732 καὶ
589 2677 804 2730 πάντων
825 2676 902 2748 τῷ
931 2678 1027 2749 τῆς
1049 2677 1278 2747 σελήνης
1303 2674 1527 2746 αἰθερίῳ
1552 2675 1688 2745 φωτὶ
1713 2693 1803 2729 κε-

238 2771 614 2841 κασμημένων,
632 2771 667 2840 ἡ
695 2770 885 2840 σελήνη
908 2770 1082 2838 φαίνει
1104 2769 1179 2832 ὡς
1203 2771 1231 2822 6
1255 2767 1424 2838 ἥλιος.
1444 2768 1552 2822 Καὶ
1579 2769 1638 2821 οὑ
1662 2769 1800 2822 πάν-

238 2877 333 2922 τως
359 2861 424 2913 ἂν
460 2860 616 2930 ἥλιον
646 2855 783 2912 εἶναι
810 2860 908 2930 τήν
938 2859 1164 2930 σελήνην
1200 2859 1604 2930 ἀπομαρτυρεῖν
1636 2859 1798 2913 αὑτὸν

237 2949 457 3019 ὶέγομεν
490 2951 555 3017 (ι’.
590 2948 888 3019 λέγοιμεν),
916 2948 1030 3002 ἀλλ’
1067 2949 1142 3012 ὡς
1169 2949 1338 3019 ἥλιον.
1366 2951 1573 3022 ’Ὠσπερ
1604 2952 1694 3003 καὶ
1738 2951 1799 3004 τὸ

240 3041 313 3112 μὴ
339 3042 579 3114 ὑπάρχον
610 3042 830 3113 χρυσὸς,
861 3043 1025 3110 ἐγγὺς
1045 3042 1103 3095 δὲ
1130 3041 1222 3095 τοῦ
1253 3038 1390 3096 εἶναι
1415 3043 1611 3114 χρυσὸς
1634 3061 1800 3112 πεφυ-

1920 1852 2072 1915 parte
2125 1834 2334 1915 angelis
2382 1848 2697 1916 proximos;
2736 1856 2792 1902 ut
2828 1850 3280 1919 quemadmodum
3309 1855 3486 1925 angeli

1917 1937 1972 1990 in
1997 1938 2156 1999 coelo.
2186 1937 2264 1992 sic
2297 1953 2397 1991 nos
2432 1937 2482 1990 in
2511 1940 2764 2007 paradiso
2787 1957 2963 2010 neque
2994 1943 3199 2012 nuptiis
3249 1947 3485 2014 amplius

1916 2043 2092 2097 neque
2113 2029 2377 2083 conviviis
2412 2029 2808 2100 indulgeamus,
2841 2033 2936 2087 sed
2967 2033 3022 2088 in
3063 2037 3484 2106 contemplando

1915 2118 2026 2175 Deo
2048 2121 2453 2192 excolendaque
2501 2123 2607 2176 vita
2652 2124 2826 2179 simus
2872 2126 3146 2194 occupati,
3169 2127 3399 2196 praeside
3419 2145 3484 2185 ac

1913 2212 2252 2269 moderatore
2304 2215 2542 2270 Christo.
2575 2213 2708 2269 Nam
2763 2232 2871 2270 non
2915 2216 3072 2280 dixit,
3108 2229 3260 2272 erunt
3289 2222 3480 2290 angeli,

1912 2304 2030 2367 sed,
2065 2304 2200 2358 sicut
2232 2306 2424 2375 angeli.
2486 2307 2632 2362 velut
2685 2306 2942 2361 nimirum
2975 2309 3145 2379 gloria
3187 2321 3236 2365 et
3290 2313 3482 2367 honore

1911 2394 2168 2455 coronati,
2200 2401 2259 2447 ut
2282 2395 2542 2464 scriptum
2574 2401 2679 2462 est,
2724 2395 3000 2464 paululum
3058 2413 3176 2452 vero
3228 2399 3291 2453 ab
3317 2418 3479 2471 ange-

1913 2485 1979 2539 lis
2029 2485 2328 2555 di/ferentes
2357 2488 2424 2550 ’°,
2479 2494 2642 2556 atque
2695 2487 2910 2542 illorum
2967 2497 3177 2543 naturae
3223 2493 3476 2561 proximi.

1909 2577 2077 2643 Quasi
2099 2579 2173 2632 ita
2209 2579 2447 2634 diceret:
2490 2581 2786 2650 tranquillo
2825 2596 2919 2650 per
2953 2590 3166 2638 noctem
3193 2600 3256 2638 ac
3287 2601 3482 2641 sereno

1907 2684 2051 2735 aere,
2075 2687 2200 2726 cum
2254 2671 2464 2726 cmlesti
2497 2672 2616 2727 luce
2662 2673 2803 2727 luna:
2826 2674 3007 2728 omnia
3047 2677 3474 2743 collustrantur,

1907 2761 2034 2816 luna
2063 2763 2200 2818 sicut
2230 2764 2309 2818 sol
2333 2763 2600 2833 splendet.
2633 2763 2768 2818 Tum
2805 2766 2972 2828 enim,
3001 2783 3110 2821 non
3141 2769 3363 2824 omnino
3391 2787 3482 2826 so-

1906 2856 2010 2912 lem
2035 2872 2157 2912 esse
2205 2857 2387 2911 lunam
2441 2873 2505 2912 ex
2549 2858 2698 2913 illius
2726 2859 3039 2914 testimonio
3074 2862 3476 2933 colligeremus,

1905 2948 2000 3004 sed
2051 2949 2118 3003 ad
2177 2950 2346 3005 solem
2392 2950 2672 3005 accedere.
2718 2950 2873 3006 Sicut
2901 2953 3063 3007 etiam
3097 2954 3240 3024 quod
3285 2970 3480 3011 aurum

1904 3056 2013 3095 non
2044 3049 2146 3104 est,
2175 3055 2310 3094 auro
2347 3051 2529 3095 tamen
2581 3052 2779 3097 natura
2825 3059 2923 3099 sua
2957 3047 3317 3116 pr0pinquius
3357 3057 3477 3115 est,

234 3111 342 3198 κὸς,
378 3111 470 3197 ὡς*
487 3111 682 3205 χρυσὸς
707 3134 945 3203 λέγεται,
967 3134 1063 3188 καὶ
1087 3135 1146 3187 οὐ
1172 3135 1368 3207 χρυσός
1389 3151 1402 3165 ο
1507 3135 1563 3188 δὲ
1584 3132 1652 3206 ἦν
1672 3153 1803 3207 χρυ-

1909 3129 2056 3184 velut
2090 3145 2282 3184 aurum
2317 3129 2539 3196 dicitur,
2562 3148 2669 3186 non
2696 3148 2926 3188 aurum:
2953 3151 3075 3188 nam
3112 3137 3158 3191 si
3188 3147 3334 3192 esset
3380 3153 3478 3193 au-

233 3227 335 3290 σδς,
367 3229 471 3280 οὐκ
523 3226 740 3297 ἐλέγετο
787 3225 852 3280 ἂν
889 3226 963 3290 ὼς
997 3227 1216 3298 χρυσὸς,
1245 3226 1380 3280 ἀλλά
1409 3226 1630 3298 χρυσός.
1650 3227 1800 3280 Ἐπεὶ

228 3319 280 3373 δὲ
301 3321 372 3391 μὴ
397 3321 517 3373 ἔστι
533 3321 754 3392 χρυσὸς,
779 3317 914 3374 ἀλλά
943 3320 1036 3374 τοῦ
1073 3316 1210 3374 εἶναι
1229 3320 1300 3390 (‘2)
1315 3322 1532 3393 χρυσὸς,
1555 3323 1648 3375 καὶ
1665 3339 1801 3392 φαν-

228 3411 481 3476 τίζεσθαι
505 3413 599 3466 τὸν
624 3412 843 3484 χρυσὸν,
866 3412 940 3476 ὡς
959 3411 1158 3483 χρυσὸς
1187 3412 1399 3480 λέγεται
1415 3429 1428 3442 °
1453 3412 1592 3466 οὕτω
1615 3414 1704 3466 καὶ
1727 3413 1801 3477 ὡς

228 3506 486 3574 ἀγγέλους
524 3505 743 3559 ἔσεσθαι
771 3504 1017 3574 λέγοντος
1044 3507 1169 3569 τοὺς
1199 3505 1382 3574 ἁγίους
1403 3507 1460 3558 ὲν
1481 3507 1544 3575 τῇ
1567 3505 1801 3558 ἀναστά-

233 3616 318 3660 σει,
349 3599 458 3652 οὐκ
506 3599 638 3651 αὐτὸ
669 3597 827 3651 τοῦτο
867 3597 1128 3668 ἀγγέλους
1167 3597 1330 3652 αὑτὸν
1372 3596 1800 3666 ἐπαγγέλλεσθαι

229 3687 491 3757 ἀκούομεν
513 3689 640 3751 τοὺς
662 3687 848 3756 ἁγίους
881 3690 937 3740 ὲν
963 3691 1030 3760 τῇ
1060 3689 1349 3742 ἀναστάσει
1377 3687 1619 3752 ἔσεσθαι,
1665 3688 1800 3742 ἀλλά

229 3780 377 3846 ἐγγὺς
407 3779 505 3832 τοῦ
549 3775 685 3832 εἶναι
715 3781 997 3849 ἀγγέλους.
1031 3781 1188 3834 Ὥστε
1221 3779 1556 3850 ἀλογώτατον
1589 3782 1796 3850 λέγειν·

237 3871 451 3943 Ἐπειδὴ
472 3874 501 3925 6
520 3872 755 3944 Χριστὸς
795 3873 1106 3945 ἀπεφήνατο
1125 3876 1250 3939 τοὺς
1268 3873 1453 3944 ἁγίους
1473 3873 1697 3945 ὀφθῆναι
1725 3874 1801 3938 ὡς

225 3963 487 4032 ἀγγέλους
512 3966 572 4016 ὲν
599 3967 665 4034 τῇ
699 3963 1008 4028 ἀναστάσει,
1031 3965 1100 4019 τὰ
1126 3965 1352 4037 σώματα
1378 3965 1466 4019 διὰ
1489 3965 1646 4021 τοῦτο
1671 3964 1800 4019 ταῦ-

225 4073 283 4110 τα
309 4060 381 4129 μὴ
422 4058 765 4113 ἀνίστασθαι·
813 4059 987 4112 καίτοι
1016 4059 1116 4129 τῆς
1145 4058 1338 4123 λέξεως
1369 4060 1536 4131 αὐτὴν
1567 4060 1664 4131 τὴν
1691 4077 1800 4112 πα-

226 4149 460 4218 ράδειξιν
485 4148 755 4221 δηλούσης
786 4150 970 4219 σαφῶς
994 4150 1087 4204 τοῦ
1115 4169 1177 4203 συ
1187 4151 1520 4222 μϐαίνοντος.
1539 4153 1796 4206 Ἀνάστα-

225 4260 298 4306 σις
326 4245 448 4315 γὰρ
478 4243 581 4297 οὐκ
611 4244 703 4297 ἐπὶ
723 4242 816 4297 τοῦ
846 4244 918 4315 μὴ
953 4244 1320 4310 πεπτωκότος,
1346 4245 1459 4298 ἀλλ’
1483 4245 1574 4298 ἐπὶ
1598 4245 1690 4299 τοῦ
1712 4264 1802 4299 πε-

222 4337 498 4399 πωκότος
544 4336 781 4404 λέγεται,
834 4335 926 4389 καὶ
968 4335 1562 4408 ἀνισταμένουρὦπερ
1599 4338 1799 4390 ὁπόταν

1902 3235 2046 3286 rum,
2081 3236 2190 3277 non
2243 3229 2503 3293 tanquam
2543 3238 2760 3289 aurum,
2797 3227 2894 3281 sed
2944 3241 3141 3282 aurum
3175 3227 3283 3282 dici
3311 3244 3477 3300 opor-

1903 3321 2058 3368 teret.
2095 3314 2232 3380 Quia
2265 3330 2395 3370 vero
2427 3330 2621 3370 aurum
2674 3333 2782 3371 non
2807 3324 2892 3372 est
2916 3357 2932 3382 ,
2977 3317 3072 3373 sed
3106 3335 3242 3374 auro
3291 3322 3476 3390 proxi-

1902 3423 2073 3473 mum,
2101 3415 2155 3462 et
2182 3415 2242 3462 ut
2266 3409 2561 3462 mentiatur
2591 3410 2829 3479 speciem
2887 3411 3027 3472 auri.
3077 3411 3224 3466 sicut
3283 3429 3476 3468 aurum

1902 3502 2101 3557 dicitur
2133 3503 2358 3559 :eodem
2390 3505 2547 3575 plane
2573 3505 2754 3572 modo,
2785 3505 2928 3577 quod
2962 3506 3019 3560 in
3048 3510 3474 3574 resurrectione,

1903 3595 2019 3650 fore
2046 3603 2266 3652 sanctos
2325 3598 2468 3651 sicut
2517 3597 2737 3667 angelos
2787 3598 3180 3668 pronuntiavit,
3226 3617 3332 3656 non
3396 3603 3478 3658 sic

1902 3687 2274 3758 accipiendum
2305 3695 2412 3753 est,
2456 3690 2628 3745 ut'eos
2676 3690 2898 3760 angelos
2942 3689 3057 3746 fore
3099 3693 3345 3757 voluerit,
3380 3695 3477 3750 sed

1901 3795 2088 3834 eorum
2121 3787 2330 3834 tantum
2381 3780 2682 3837 conditioni
2715 3783 3074 3853 propinquos.
3111 3783 3474 3850 Quamobrem

1901 3873 2289 3928 stultissimum
2312 3883 2394 3928 est
2444 3873 2521 3928 ita
2574 3877 2873 3947 colligere:
2905 3878 3172 3943 Quoniam
3223 3878 3476 3936 Christus

1901 3974 2122 4022 sanctos
2142 3967 2197 4021 in
2235 3968 2637 4024 resurrectione
2668 3977 2924 4040 tanquam
2957 3972 3178 4043 angelos
3209 3972 3384 4028 visum
3407 3973 3474 4027 iri

1900 4058 2289 4128 pronuntiavit,
2325 4059 2532 4114 idcirco
2565 4059 2681 4116 fore
2722 4071 3030 4133 utcorpora
3071 4063 3184 4119 hare
3244 4080 3354 4118 non
3385 4078 3476 4118 rc-

1901 4150 2261 4215 surrexerint,
2313 4152 2614 4221 prazsertim
2645 4169 2770 4207 cum
2821 4169 2923 4209 vox
2956 4155 3094 4225 ipsa,
3127 4155 3275 4211 velut
3299 4156 3467 4210 colla-

1903 4241 2047 4298 tione
2081 4243 2181 4314 (4),
2214 4243 2333 4312 ejus
2384 4244 2528 4314 quod
2560 4247 2847 4317 contingit,
2884 4247 3151 4303 rationem
3187 4249 3471 4318 perspicue

1902 4336 2171 4390 ostendat.
2204 4335 2338 4390 Nam
2368 4339 2699 4393 resurrectio
2747 4355 2853 4393 non
2895 4339 2962 4394 de
2987 4355 3053 4393 eo
3088 4340 3289 4394 dicitur
3328 4339 3471 4409 quod

223 4425 354 4495 λέγει
397 4431 494 4481 καὶ
529 4431 557 4482 6
597 4430 880 4501 προφήτης
899 4446 912 4459 ·
949 4429 1057 4484 Καὶ
1085 4429 1408 4496 ἀναστήσω
1430 4429 1541 4499 τὴν
1559 4430 1800 4500 σκηνὴν

1909 4444 2178 4498 nunquam
2207 4429 2442 4496 cecidit;
2466 4430 2558 4485 sed
2577 4429 2643 4485 de
2672 4446 2738 4486 eo
2766 4431 2909 4500 quod
2939 4432 3156 4492 cecidit.
3186 4441 3240 4487 et
3275 4433 3471 4486 iterum

227 4520 399 4572 Aat‘ié‘
435 4519 558 4587 τὴν
601 4520 1212 4575 πεπτωκυῖαν.¹Ἐπεσε
1244 4521 1300 4574 δὲ
1334 4521 1608 4575 ὀκλάσασα
1636 4525 1669 4594 ἡ
1703 4540 1793 4577 πο-

225 4608 347 4682 0:37};-
379 4611 563 4682 σκηνή
597 4612 694 4682 τῆς
721 4612 898 4682 ψυχῆς
925 4616 1010 4679 εἰς
1038 4613 1153 4684 γῆν
1185 4611 1468 4682 χώματος.
1493 4614 1564 4666 Οὐ
1597 4613 1705 4685 γὰρ
1732 4614 1794 4668 τὸ

228 4705 292 4772 μὴ
320 4704 582 4775 θνῆσκον,
621 4703 755 4758 ἀλλά
781 4705 838 4758 τὸ
867 4704 1099 4775 θνῆσκον
1127 4705 1384 4760 κλίνεται.
1413 4705 1644 4776 Θνήσκει
1672 4706 1728 4759 δὲ
1758 4708 1790 4779 ή

187 4777 376 4865 ’σάρξο
412 4796 568 4867 ψυχὴ
609 4795 666 4847 δὲ
701 4797 775 4866 (δ)
807 4795 1091 4861 ἀθάνατος.
1124 4798 1234 4851 Καὶ
1263 4798 1460 4862 τοίνυν,
1493 4800 1541 4851 εἰ
1579 4777 1789 4872 ήψυχῆ

223 4885 506 4952 ἀθάνατος,
544 4887 703 4958 σῶμα
738 4887 794 4941 δὲ
830 4888 860 4940 6
897 4889 1106 4962 νεκρὸς,
1137 4891 1186 4942 oi
1215 4889 1463 4958 λέγοντες
1497 4891 1790 4947 ἀνάστασιν

226 4977 314 5045 μὲν
341 4975 511 5044 εἶναι,
542 4979 744 5052 σαρκὸς
770 4980 825 5033 δὲ
862 4980 933 5054 μὴ
957 4978 1114 5047 εἶναι,
1151 4983 1434 5055 ἀρνοῦνται
1466 4984 1758 5041 ἀνάστασιν
1776 5003 1790 5018 ο

223 5067 296 5120 ὅτι
325 5071 400 5142 μὴ
437 5071 503 5126 τὸ
529 5071 716 5138 ἑστὸς,
755 5071 890 5126 ἀλλά
928 5072 988 5126 τὺ
1033 5075 1318 5139 πεπτωκὸς
1341 5082 1435 5135 καὶ
1455 5081 1630 5135 κλιθὲν
1648 5079 1794 5134 διαν-

1907 4521 2166 4591 assurgit.
2213 4518 2375 4576 Velut
2411 4537 2534 4576 cum
2593 4522 2857 4592 propheta
2893 4521 3026 4577 dicit
3059 4542 3072 4577 :
3108 4523 3174 4576 Et
3205 4524 3473 4577 suscitabo

1901 4611 2297 4667 tabernaculum
2342 4612 2506 4668 David
2527 4613 2664 4684 quod
2687 4611 2948 4668 ceciderat
2980 4614 3045 4668 ’⁷.
3079 4613 3284 4668 Cecidit
3311 4630 3472 4684 porro

1897 4705 2264 4760 desideratum
2317 4706 2450 4760 illud
2487 4707 2894 4762 tabernaculum
2927 4708 3226 4777 collapsum
3275 4707 3327 4759 in
3368 4717 3472 4760 ter-

1899 4815 2014 4852 ram
2047 4800 2248 4869 aggeris
2279 4800 2346 4853 ".
2389 4799 2508 4855 Non
2553 4801 2696 4854 enim
2727 4800 2872 4870 quod
2923 4817 3033 4854 non
3093 4801 3342 4861 moritur,
3375 4799 3470 4854 sed

1899 4891 2044 4962 quod
2067 4872 2318 4960 moritur,
2348 4893 2614 4948 inclinare
2639 4893 2858 4948 dicitur.
2906 4893 2974 4946 At
3027 4891 3258 4946 moritur
3285 4903 3416 4943 caro
3453 4906 3467 4941 :

1903 4985 2083 5039 anima
2115 4986 2315 5056 quippe
2339 4986 2680 5041 immortalis.
2710 4985 3054 5056 Quapropter
3076 4984 3120 5039 si
3146 4981 3470 5039 immortalis

1907 5083 1993 5133 est
2022 5076 2224 5142 anima,
2255 5091 2453 5149 corpus
2481 5093 2609 5134 vero
2633 5076 2865 5132 cadaver
2900 5081 2983 5130 est
3008 5091 3022 5142 ;
3045 5073 3140 5144 qui
3174 5073 3248 5126 ita
3285 5086 3470 5127 resur-

281 5255 326 5289 ’δ
360 5255 563 5312 Hattlz.
587 5272 726 5323 nu,
756 5256 847 5313 2⁵5.
913 5257 958 5289 ’⁵
989 5256 1131 5313 Ibid.
1199 5260 1246 5292 ”
1276 5259 1428 5316 Psal.
1464 5277 1585 5326 vm,
1621 5259 1674 5314 6.
1747 5260 1789 5291 "

1909 5276 1982 5315 tos
2020 5276 2096 5327 Ix,
2132 5263 2214 5318 ll.
2284 5261 2329 5294 "
2367 5260 2508 5315 Dan.
2544 5274 2644 5320 xu.
2669 5257 2726 5312 9..

288 5431 402 5502 (99)
431 5435 529 5508 Διὸ
561 5437 756 5492 ἐπίστ.
783 5437 857 5493 Ex
884 5437 1074 5508 Epiph.
1111 5445 1268 5505 ham,
1298 5456 1352 5494 η.
1385 5438 1470 5495 35.

293 5511 344 5580 lt
359 5535 368 5560 ι
401 5507 510 5580 Τοῦ
526 5508 635 5580 βα.
675 5508 839 5580 Forte
853 5507 1040 5580 ﬁtfit.

296 5575 601 5651 magna
644 5575 1060 5651 touch-[Post
1085 5580 1222 5636 ἀλλά
1267 5583 1418 5638 deest
1456 5581 1640 5651 ἐγγύς.
1693 5581 1784 5638 Sic

234 5649 369 5720 enim
389 5647 618 5720 legimus
644 5650 802 5720 paulo
834 5658 973 5720 post.

311 5718 387 5784 ᾧ)
433 5718 598 5786 Ψυχὴ
622 5719 708 5775 δέ.
739 5718 898 5785 Editi,
934 5720 1079 5793 ψυχὴ
1105 5721 1228 5794 γάρ,

1967 5440 2040 5508 (ll)
2081 5437 2231 5494 Velut
2263 5439 2561 5501 collatione,
2588 5448 2689 5493 etc.
2717 5436 2881 5494 Editi.
2921 5436 3136 5508 πρᾶξιν.
3172 5437 3240 5508 At
3282 5435 3458 5508 παρά-

1892 5506 2076 5577 secem,
2109 5526 2207 5584 νοχ
2241 5513 2542 5580 aptissima.
2584 5508 2774 5584 Posset
2805 5506 3072 5584 forteuno
3095 5506 3278 5584 .verbo.
3291 5507 3465 5584 reddi,

1892 5575 2315 5635 conﬁtentionenf:
2368 5583 2640 5650 quomodo
2664 5581 2750 5639 τὸ,
2778 5575 3194 5650 παραδεικνύειν
3228 5575 3468 5630 dicimus

1890 5650 2196 5706 contendere
2244 5668 2339 5706 seu
2384 5648 2461 5704 ex
2535 5651 2754 5706 adverso
2801 5648 3036 5717 conferre
3079 5656 3128 5702 et
3182 5654 3452 5699 contraco-

1893 5739 1953 5778 ne
1958 5739 2009 5776 rc
2015 5761 2028 5776 ο
