4010 6328
585 297 693 355 285

1566 302 1626 362 s.
1666 302 1998 362 METEODll
2037 305 2345 363 EPISCOPI
2387 305 2473 361 ET
2514 289 2868 360 MARTYRIS

3699 295 3812 352 284

585 421 881 478 rectionem
906 435 1030 478 esse
1055 420 1406 487 conﬁtentur,
1431 431 1492 480 ut
1519 440 1640 482 eam
1667 427 1802 482 nihil
1828 426 1893 483 ad
1928 442 2132 483 carnea:

2248 431 2454 484 ίσταται
2477 469 2493 495 ,
2539 424 2681 481 κατὰ
2705 424 2765 478 τὸ
2793 416 3202 495 γεγραμμένον·
3231 417 3337 488 Μὴ,
3358 419 3391 472 ό
3422 417 3655 471 πίπτων
3696 416 3810 468 οὐκ

582 514 854 584 pertinere
904 521 1112 584 putent,
1145 520 1602 575 resurrectionem
1647 520 1864 589 penitus
1920 527 2137 591 negant.

2244 520 2575 582 ἀνίσταται,
2624 517 2663 585 ἢ
2690 519 2722 570 d
2748 512 3140 582 ἀποστρέφων
3160 513 3271 566 οὐκ
3294 506 3687 575 ἁναστρέφει;

583 607 1028 679 Quandoquidem
1074 623 1185 664 non
1246 609 1379 665 illud
1409 612 1557 682 quod
1611 618 1739 678 stat,
1782 611 1878 675 sed
1934 612 2078 682 quod
2125 612 2320 667 cecidit
2381 625 2433 668 et
2482 609 2798 670 inclinavit,
2855 620 3152 677 exsurgere
3202 604 3402 658 dicitur
3429 610 3484 656 et
3530 599 3811 665 suscitari,

577 706 732 778 juxta
766 720 829 760 ac
863 704 1124 776 scriptum
1165 713 1250 767 est
1280 708 1325 740 ⁸⁸
1357 726 1373 762 :
1409 706 1661 779 Nunquid
1710 708 1800 779 qui
1841 710 1984 763 cadit
2018 724 2120 762 non
2153 709 2401 779 resurgit,
2436 717 2529 761 aut
2559 706 2648 776 qui
2674 705 2861 761 avertit
2893 717 3073 756 senon
3109 698 3427 754 revertitur?

650 797 786 853 Xlll.
815 797 1083 866 Quoniam
1110 816 1238 856 caro
1268 802 1411 857 inter
1434 802 1669 858 conﬁnia
1703 805 2073 875 corruptionis
2093 814 2147 860 et

2313 806 2411 859 lI".
2446 802 2661 872 Ἐπειδὴ
2712 799 2959 873 μεθόριος
2987 795 3085 869 (4⁸)
3115 796 3214 867 τῆς
3245 793 3552 865 ἀφθαρσίας
3589 790 3809 860 ἐγένετο

578 890 1035 962 incorruptionis,
1074 906 1139 946 ac
1188 909 1289 949 nec
1336 895 1613 965 corruptio
1668 912 1768 952 nec
1807 897 2132 967 incorruptio

2243 898 2335 952 καί⁵
2356 896 2458 966 τ’ἠς
2511 893 2714 966 φθορᾶς
2742 895 2775 965 ἡ
2819 891 2975 963 σάρξ,
3014 891 3115 944 οὐκ
3142 884 3276 943 οὖσα
3318 885 3440 940 οὔτε
3474 885 3650 957 φθορὰ
3678 884 3810 937 οὔτε

577 992 755 1039 creata
785 990 936 1052 erat;
992 983 1137 1038 victa
1189 1000 1319 1040 vero
1348 993 1432 1041 est
1459 1002 1491 1041 a
1515 987 1865 1057 corruptione
1923 994 2132 1057 propter

2240 987 2515 1060 ἀφθαρσία
2533 1026 2548 1051 ,
2579 984 2850 1058 ἐκρατήθη
2876 983 2934 1036 δὲ
2964 982 3052 1037 διὰ
3074 982 3173 1053 τὴν
3202 978 3389 1052 ἡδονὴν
3417 977 3524 1031 ὑπὸ
3550 977 3648 1048 τῆς
3675 975 3811 1046 φθο-

578 1075 906 1144 voluptatem
937 1114 953 1139 ,
979 1089 1292 1144 quanquam
1348 1085 1493 1131 esset
1550 1076 1974 1146 incorruptionis
2003 1091 2132 1145 opus

2243 1084 2361 1154 ρᾶς,
2406 1081 2615 1151 ποίημα
2648 1078 2746 1148 τῆς
2767 1076 3071 1148 ἀφθαρσίας
3096 1074 3190 1127 καὶ
3233 1073 3418 1143 κτῆμα
3450 1071 3808 1141 ὑπάρχουσα·

573 1174 627 1222 et
657 1165 937 1235 possessio
962 1181 976 1216 :
1007 1164 1215 1220 idcirco
1246 1164 1391 1221 facta
1420 1175 1505 1221 est
1530 1166 1858 1236 corruptioni
1882 1166 2136 1231 obnoxia,

578 1257 962 1327 inclinavitque
1004 1257 1060 1310 in
1108 1267 1304 1311 terram
1356 1258 1558 1329 aggeris
1582 1259 1647 1314 ³⁸.
1678 1258 1970 1329 Postquam
2010 1273 2139 1331 ergo

576 1351 719 1403 victa
745 1347 937 1404 fuisset
963 1364 992 1402 a
1020 1338 1391 1420 Corruptione,
1436 1352 1705 1421 mortique
1750 1360 1970 1423 propter
2002 1366 2139 1422 prat-

572 1443 959 1497 varicationem
982 1442 1181 1496 tradita
1203 1483 1219 1508 ,
1257 1443 1432 1498 noluit
1454 1442 1597 1500 Deus
1626 1446 1798 1515 ipsam
1829 1461 1928 1500 ceu
1963 1446 2135 1501 haere-

575 1535 797 1590 ditatem
860 1536 1199 1607 corruptioni
1256 1537 1323 1591 ad
1356 1537 1637 1592 victoriam
1670 1538 2008 1608 relinquere;
2042 1538 2138 1593 sed

573 1644 794 1684 rursum
846 1628 989 1683 victa
1025 1644 1123 1699 per
1154 1628 1611 1684 resurrectionem
1660 1638 1856 1695 morte,
1890 1630 2140 1685 incorru-

2240 1173 2330 1227 διὰ
2367 1171 2524 1225 τοῦτο
2556 1171 2768 1240 ἐγένετο
2819 1167 3030 1240 φθαρτή
3074 1166 3168 1219 καὶ
3207 1167 3294 1230 εις
3321 1162 3437 1234 γῆν
3477 1160 3662 1231 ἐκλίθη
3693 1157 3812 1228 χώ-

2238 1282 2443 1335 ματος.
2473 1263 2582 1318 Καὶ
2606 1263 2725 1315 ἐπεὶ
2756 1257 2845 1315 οὖν
2885 1258 3161 1330 ἐκρατήθη
3191 1256 3297 1309 ὑπὸ
3320 1256 3419 1325 τῆς
3448 1253 3672 1325 φθορᾶς,
3713 1250 3812 1305 καὶ

2243 1357 2458 1427 θανάτῳ
2504 1354 2594 1435 διά
2620 1353 2904 1427 παρακοὴν
2946 1350 3234 1422 παρεδόθη,
3281 1350 3360 1412 εἰς
3381 1350 3525 1410 νῖκος
3578 1345 3746 1415 αὐτὴν
3779 1345 3812 1397 ό

2241 1449 2372 1513 Θεὸς
2417 1452 2483 1521 τῇ
2518 1448 2692 1521 φθορᾷ
2733 1448 2978 1517 καθάπερ
3022 1441 3461 1516 κληρονομίανού
3486 1438 3808 1493 κατέλιπεν·

2241 1542 2377 1600 ἀλλὰ
2407 1542 2587 1607 πάλιν,
2637 1542 2725 1595 διὰ
2755 1541 2853 1611 τῆς
2886 1538 3229 1602 ἀναστάσεως
3273 1535 3499 1606 νικήσας
3529 1533 3618 1585 τὸν
3644 1530 3812 1585 θάνα-

2228 1654 2352 1701 τον,
2395 1635 2675 1707 παρέδωκε
2708 1636 2773 1705 τῇ
2815 1631 3127 1703 ἀφθαρσίᾳ,
3188 1630 3275 1682 ἵνα
3320 1626 3393 1699 μὴ
3422 1624 3815 1697 κληρονομήσει

574 1721 746 1794 ptioni
777 1721 1012 1777 reddidit
1033 1762 1048 1785 ,
1085 1728 1143 1776 ut
1177 1737 1245 1776 ne
1293 1721 1576 1793 corruptio
1632 1721 2132 1793 incorruptionem,

2235 1732 2277 1815 ’ἡ
2311 1727 2484 1800 φθορά
2524 1726 2621 1797 τὴν
2666 1724 2991 1796 ἀφθαρσίαν,
3026 1721 3139 1775 ἀλλ’
3175 1724 3209 1792 ἡ
3237 1718 3509 1791 ἀφθαρσία
3541 1715 3613 1815 ib

576 1811 671 1865 sed
716 1810 887 1881 magis
940 1811 1300 1880 incorruptio,
1332 1812 1478 1881 quod
1527 1818 1609 1867 est
1660 1813 2030 1882 corruptibile,
2077 1814 2133 1869 in

574 1902 941 1958 haereditatem
973 1903 1263 1971 acciperet.
1316 1901 1396 1958 Ad
1445 1903 1560 1959 haec
1615 1904 1797 1975 itaque
1846 1905 2138 1975 respondet

569 1991 908 2063 Apostolus:
947 1991 1165 2062 Oportet
1217 1994 1355 2048 enim
1416 1993 1748 2063 corruptibile
1800 1995 1895 2049 hoc
1924 1995 2137 2050 induere

570 2085 1099 2155 incorruptionem,et
1122 2086 1344 2140 mortale
1382 2086 1476 2139 hoc
1505 2085 1716 2139 induere
1764 2086 2138 2141 immortalita-

573 2185 675 2230 tem
705 2176 770 2229 ".
817 2176 1183 2247 Corruptihile
1207 2184 1387 2231 autem
1426 2183 1480 2231 et
1502 2178 1730 2232 mortale
1782 2178 1885 2233 hoc
1915 2177 2137 2235 induere

569 2269 1028 2325 immortalitatem
1079 2278 1133 2324 et
1175 2268 1662 2340 incorruptionem,
1696 2271 1827 2341 quid
1862 2271 2011 2326 aliud
2041 2273 2134 2339 sit,

569 2375 732 2431 quam
763 2368 824 2415 ut
849 2359 988 2430 quod
1034 2362 1322 2414 seminatur
1352 2362 1407 2415 in
1455 2364 1816 2431 corruptione,
1853 2371 2036 2433 surgat
2077 2366 2136 2418 in

567 2455 958 2522 incorruptione
994 2452 1039 2485 ³⁸
1079 2453 1210 2523 (non
1237 2454 1381 2508 enim
1421 2455 1601 2509 anima
1644 2455 2017 2525 corruptibilis
2054 2464 2138 2511 est

568 2554 664 2600 aut
695 2546 973 2613 mortalis;
1010 2546 1361 2614 corruptibile
1415 2562 1546 2602 vero
1573 2554 1625 2601 et
1650 2548 1795 2617 quod
1823 2548 2131 2617 corrumpi-

568 2644 680 2702 tur,
722 2637 827 2691 ista
855 2653 982 2693 caro
1012 2637 1156 2711 est)?
1189 2647 1247 2694 ut
1293 2641 1428 2692 sicut
1477 2640 1798 2707 portavimus
1856 2639 2134 2710 imaginem

570 2726 779 2793 terreni,
809 2736 1071 2797 portemus
1090 2738 1138 2783 et
1160 2730 1437 2799 imaginem
1466 2729 1685 2785 caelestis
1708 2729 1775 2784 ³³.
1798 2728 1932 2783 Nam
1960 2730 2137 2801 imago

567 2820 772 2875 terreni
794 2836 955 2891 quam
984 2822 1339 2891 portavimus,
1376 2822 1509 2876 illud
1546 2830 1630 2878 est
1664 2841 1677 2876 :
1708 2821 1871 2877 Terra
1894 2837 1968 2885 es,
2004 2832 2054 2876 et
2082 2824 2135 2876 in

569 2918 765 2964 terram
815 2914 1086 2967 reverteris
1111 2911 1179 2965 ".
1207 2912 1389 2983 Imago
1412 2921 1591 2967 autem
1638 2912 1880 2968 caelestis
1934 2920 2016 2968 est
2047 2927 2136 2968 re-

570 3003 838 3058 surrectio
867 3019 935 3058 ex
952 3004 1183 3059 mortuis
1207 3012 1262 3059 et
1282 3004 1624 3073 incorruptio
1655 3023 1669 3059 :
1709 3003 1780 3057 Ut
1809 3005 1945 3058 sicut
1978 3003 2133 3059 Chri-

2234 1807 2344 1877 τόν.
2388 1818 2838 1890 Ἐπαποκρίνεται
2878 1814 3008 1885 γοῦν
3034 1817 3063 1868 ό
3085 1812 3401 1875 ’Δπόστολος
3423 1828 3436 1841 ·
3466 1808 3568 1864 Δεῖ
3599 1810 3708 1879 γὰρ
3738 1807 3811 1861 τὸ

2234 1912 2497 1984 φθαρτὸν
2543 1909 2718 1965 τοῦτο
2756 1908 3125 1963 ἐνδύσασθαι
3170 1904 3512 1975 ἀφθαρσίαν
3530 1942 3550 1967 ,
3600 1900 3701 1955 καὶ
3735 1899 3812 1953 τὸ

2233 2002 2457 2071 θνητόν
2495 1999 2670 2055 τοῦτο
2692 1998 3061 2053 ἐνδύσασθαι
3092 1995 3446 2051 ἀθανασίαν.
3471 1992 3582 2046 Φθα
3591 1991 3715 2065 ρτὸν
3747 1989 3813 2044 δὲ

2237 2096 2335 2148 καὶ
2357 2093 2551 2165 θνητὸν
2578 2090 2890 2162 ἐνδυόμενον
2913 2085 3212 2141 ἀθανασίαν
3240 2086 3292 2137 τί
3313 2084 3439 2139 ἄλλο
3461 2085 3526 2137 ἂν
3546 2081 3630 2152 εἴη
3652 2078 3814 2151 παρά

2233 2186 2302 2240 τὸ
2352 2186 2749 2254 σπειρόμενον
2808 2182 2879 2234 ἐν
2916 2177 3106 2249 φθορᾷ
3157 2177 3257 2231 καὶ
3296 2175 3697 2244 ἀνιστάμενον
3737 2174 3816 2227 ἐν

2234 2273 2533 2348 ἀφθαρσίᾳ
2584 2274 2685 2346 (ὅτι
2735 2273 2809 2345 μὴ
2859 2271 3071 2344 φθαρτή
3112 2272 3259 2323 ἐστιν
3299 2268 3333 2340 ἢ
3368 2266 3534 2338 θνητὴ
3579 2269 3614 2337 ἠ
3656 2264 3815 2338 ψυχῆ

2235 2369 2370 2424 άλλά
2402 2369 2463 2421 τὸ
2494 2366 2686 2439 θνητὸν
2707 2363 2865 2418 τοῦτο
2889 2364 2985 2417 καὶ
3016 2362 3367 2435 φθειρόμενον
3399 2358 3809 2430 σαρκίον);ιῖνα,

2235 2460 2426 2527 καθὼς
2457 2456 2829 2528 ἐφορέσαμεν
2864 2454 2980 2525 τὴν
3012 2455 3215 2509 εἰκόνα
3243 2451 3347 2506 τοῦ
3374 2449 3602 2520 χοϊκοῦ,
3634 2448 3819 2519 φορέ-

2235 2568 2433 2621 σωμεν
2468 2550 2566 2605 καὶ
2617 2550 2730 2619 τὴν
2774 2548 2978 2603 εἰκόνα
3019 2545 3125 2601 τοῦ
3160 2544 3539 2614 ἐπουρανίου.
3586 2543 3651 2595 Ἡ
3698 2542 3817 2615 γὰρ

2233 2643 2395 2698 εἰκὼν
2422 2643 2518 2698 τοῦ
2540 2641 2723 2714 χοϊκοῦ
2748 2641 2816 2712 ἣν
2860 2640 3219 2712 ἐφορέσαμεν,
3242 2638 3323 2703 τὸ,
3357 2634 3444 2705 Γῆ
3472 2633 3545 2700 εἷ,
3584 2633 3682 2689 καὶ
3720 2636 3820 2703 εις

2236 2734 2351 2806 γῆν
2373 2734 2706 2804 ἀπελεύσῃ,
2733 2732 2879 2786 ἐστίν
2897 2748 2910 2762 ⁸
2941 2733 2974 2802 ἡ
3004 2732 3062 2784 δὲ
3102 2729 3263 2784 είκὼν
3290 2727 3385 2781 τοῦ
3416 2724 3739 2798 ἐπουρανίου
3772 2724 3816 2799 ἡ

2236 2828 2300 2879 ἐκ
2327 2825 2533 2897 νεκρῶν
2571 2826 2865 2889 ἀνάστασις
2894 2825 2988 2879 καὶ
3022 2826 3055 2895 ἡ
3085 2821 3388 2894 ἀφθαρσία·
3424 2822 3539 2883 ἵνα,
3580 2820 3820 2886 ’Ὠσπερ

2234 2917 2450 2989 ἠγέρθη
2473 2920 2506 2971 ό
2529 2917 2787 2986 Χριστὸς
2823 2916 2921 2971 διὰ
2949 2916 3060 2986 τῆς
3078 2914 3264 2984 δόξης
3284 2911 3391 2966 τοῦ
3430 2910 3681 2979 Πατρός,
3707 2910 3818 2964 of»

2238 3026 2347 3073 τως
2378 3010 2477 3063 καὶ
2499 3008 2668 3078 ἡμεῖς
2697 3010 2767 3063 ὲν
2793 3009 3092 3077 καινότητι
3116 3006 3262 3076 ζωῆς
3294 3003 3817 3074 περιπατήσωμεν.

565 3103 679 3149 stus
711 3097 942 3149 surrexit
965 3112 1055 3165 per
1077 3096 1301 3166 gloriam
1332 3095 1535 3160 Patris,
1569 3096 1647 3149 ita
1669 3104 1719 3150 et
1751 3112 1844 3150 nos
1881 3097 1938 3149 in
1989 3096 2132 3151 nari-

2239 3096 2302 3149 Εί
2330 3095 2388 3150 δέ
2411 3113 2493 3159 τις
2515 3096 2697 3150 εἰκόνα
2728 3096 2828 3168 μὲν
2875 3097 3064 3168 χοῖκὴν
3100 3094 3198 3167 τὴν
3225 3096 3404 3168 σάρκα
3435 3094 3606 3166 αὐτὴν
3642 3092 3821 3148 οἴοιτο

567 3195 677 3241 tate
714 3188 835 3241 vita:
856 3187 1181 3242 ambulemus
1217 3188 1280 3242 ³⁸.
1312 3184 1469 3254 Quod
1489 3188 1534 3243 si
1557 3188 1681 3258 quis
1708 3195 1978 3243 terrenam
1996 3187 2133 3241 ima-

562 3279 766 3350 ginem,
830 3294 1050 3334 carnem
1105 3280 1266 3337 istam
1319 3279 1427 3335 dici
1479 3279 1788 3344 existimet,
1855 3279 2131 3334 caelestem

562 3384 696 3424 vero
730 3369 1039 3441 imaginem,
1070 3384 1270 3440 corpus
1319 3369 1466 3424 aliud
1520 3369 1766 3440 spiritale
1796 3377 1988 3440 praeter
2011 3383 2133 3423 car-

565 3476 690 3515 nem
719 3479 734 3527 ;
760 3461 846 3515 hic
894 3461 1049 3532 prius
1081 3461 1301 3531 cogitet,
1359 3468 1419 3515 ut
1466 3460 1740 3525 Christus,
1774 3459 2014 3515 caelestis
2043 3458 2132 3513 ille

564 3552 750 3616 homo,
786 3554 1030 3608 eamdem
1080 3553 1447 3608 membrorum
1498 3552 1750 3619 formam,
1781 3551 2132 3621 eamdemque

567 3645 855 3715 imaginem
898 3660 961 3699 ac
982 3661 1201 3700 carnem
1232 3646 1404 3703 nostri
1429 3645 1660 3701 similem
1690 3655 1912 3716 gestans
1933 3684 1948 3710 ,
1976 3644 2131 3701 visus

567 3736 673 3803 sit;
708 3745 930 3806 propter
989 3754 1151 3808 quam
1204 3738 1391 3803 etiam,
1437 3740 1552 3809 ipse
1584 3754 1691 3794 non
1729 3739 1912 3804 homo,
1970 3739 2133 3793 homo

566 3825 746 3881 factus
768 3827 872 3881 sit:
901 3834 959 3882 ut
987 3830 1123 3882 sicut
1171 3829 1225 3882 in
1280 3828 1453 3882 Adam
1488 3845 1664 3884 omnes
1705 3830 2022 3894 moriuntur,
2055 3830 2134 3884 ita

563 3924 617 3970 et
644 3916 699 3970 in
750 3914 963 3971 Christo
994 3934 1169 3973 omnes
1202 3919 1527 3987 vivificentur
1558 3918 1624 3971 “.
1655 3916 1774 3973 Non
1807 3920 1954 3974 enim
2010 3917 2133 3974 ideo

567 4022 786 4063 carnem
817 4009 1049 4079 portavit
1077 4018 1132 4065 et
1160 4008 1356 4076 induit,
1377 4016 1437 4064 ut
1457 4025 1566 4065 non
1590 4010 1850 4065 liberaret
1901 4019 1956 4065 et
1984 4025 2135 4066 resu-

565 4098 790 4154 scitaret
811 4113 1050 4155 carnem.
1073 4098 1206 4155 Nam
1227 4100 1357 4171 quid
1378 4100 1582 4156 frustra
1612 4116 1831 4156 carnem
1850 4099 2128 4166 induebat,

564 4207 726 4263 quam
759 4208 856 4248 nec
879 4194 1083 4249 salvam
1117 4192 1294 4249 facere
1323 4194 1605 4250 statuisset
1629 4209 1729 4250 nec
1763 4195 2133 4251 resuscitare?

563 4284 634 4338 At
662 4284 797 4339 nihil
824 4283 916 4340 Dei
943 4283 1113 4342 Filius
1140 4285 1346 4342 frustra
1391 4286 1543 4344 facit.
1591 4287 1713 4343 Non
1738 4302 1867 4359 ergo
1896 4288 2132 4344 inaniter

565 4377 821 4448 nullaque
853 4378 1084 4434 utilitate
1121 4379 1263 4435 servi
1289 4380 1518 4436 formam
1564 4383 1883 4453 assumpsit,
1934 4381 2030 4437 sed
2071 4388 2129 4437 ut

561 4471 961 4526 resurrectione
977 4471 1205 4527 donaret
1234 4487 1299 4527 ac
1327 4474 1511 4529 salvos
1533 4471 1755 4528 faceret.
1790 4473 1928 4529 Vere
1955 4474 2129 4545 siqui-

562 4559 683 4614 dem
701 4560 861 4617 homo
887 4562 1064 4617 factus
1112 4570 1167 4619 et
1222 4572 1472 4620 mortuus
1509 4571 1628 4633 est,
1670 4580 1779 4621 non
1813 4565 2128 4635 apparentia

561 4653 820 4724 inanique
876 4655 1080 4725 specie,
1141 4655 1236 4712 sed
1284 4664 1346 4711 ut
1395 4657 1658 4722 veritate,
1718 4659 2125 4729 primogenitum

560 4756 891 4800 mortuorum
923 4747 990 4812 "’,
1044 4756 1260 4804 terreno
1288 4749 1507 4806 homine
1546 4749 1601 4804 in
1641 4751 1943 4818 caelestem,
1977 4766 2124 4807 mor-

562 4840 767 4910 talique
800 4840 853 4893 in
879 4840 1237 4897 immortalem
1256 4849 1484 4907 mutato,
1513 4858 1632 4898 sese
1655 4842 1953 4899 exhiberet.
1983 4842 2121 4898 Cum

560 4948 688 5004 ergo
724 4932 799 4986 ait
824 4931 1025 4988 Paulus
1052 4934 1131 4989 ³⁸ε
1170 4933 1310 4991 Caro
1337 4943 1387 4988 et
1418 4935 1632 5005 sanguis
1657 4950 1868 5005 regnum
1898 4933 1995 4988 Dei
2016 4950 2121 4989 non

555 5033 779 5097 possunt
804 5026 1088 5095 possidere,
1122 5026 1402 5082 non.velut
1425 5027 1610 5082 carnis
1656 5027 2121 5096 regenerationem

564 5122 723 5184 neget
753 5116 827 5169 ita
853 5116 1029 5181 eﬂ‘ert,
1055 5116 1150 5172 sed
1172 5132 1280 5188 quo
1311 5116 1525 5181 doceat,
1558 5131 1666 5171 non
1712 5131 1874 5186 posse
1895 5131 2121 5187 regnum

563 5203 681 5268 Dei,
708 5206 853 5276 quod
885 5208 956 5263 sit
974 5208 1083 5262 vita
1115 5216 1336 5276 αξιοι-ηε,
1379 5207 1646 5279 possideri
1675 5222 1706 5261 a
1736 5222 1964 5278 corpore
1988 5247 2002 5273 ,
2028 5206 2125 5263 sed

564 5310 811 5366 corpusa
833 5297 962 5352 vita.
991 5296 1049 5351 Si
1082 5299 1225 5352 enim
1272 5314 1497 5370 regnum
1526 5298 1644 5364 Dei,
1671 5314 1796 5354 cum
1826 5299 1897 5353 sit
1928 5299 2060 5363 vita,
2091 5312 2124 5353 a

563 5401 795 5458 corpore
846 5388 1250 5457 possideretur,
1299 5391 1543 5446 eveniret
1575 5392 1742 5446 vitam
1782 5391 2061 5447 absorberi
2091 5405 2125 5445 a

2232 3185 2504 3256 λέγεσθαι,
2532 3187 2716 3241 εἰκόνα
2734 3187 2791 3241 δὲ
2823 3187 3143 3260 ἐπουράνιον
3169 3186 3297 3240 ἄλλο
3324 3186 3472 3257 παρὰ
3493 3185 3592 3256 τὴν
3626 3185 3823 3258 σάρκα

2232 3278 2391 3351 σῶμα
2422 3280 2784 3352 πνευματικόν
2804 3298 2817 3311 ·
2849 3278 3204 3352 ἐνθυμηθήτω
3241 3279 3306 3350 δὴ
3337 3273 3491 3341 οὗτος
3519 3276 3819 3349 πρότερον,

2231 3372 2313 3426 ὅτι
2372 3373 2622 3445 Χριστὸς,
2655 3376 2683 3428 δ
2726 3374 2974 3443 οὐράνιος
3015 3371 3320 3445 ἄνθρωπος,
3356 3372 3417 3424 τὸ
3446 3372 3580 3424 αὐτὸ
3614 3371 3819 3441 σχῆμα

2231 3463 2339 3518 τῶν
2381 3464 2577 3535 μελῶν,
2638 3466 2732 3520 καὶ
2794 3466 2978 3519 εἰκόνα
3005 3465 3097 3517 καὶ
3150 3464 3328 3536 σάρκα
3381 3462 3479 3533 τὴν
3525 3462 3698 3531 αὐτὴν
3737 3462 3821 3533 τῇ

2233 3554 2477 3627 ἡμετέρᾳ
2515 3555 2747 3626 φορέσας
2804 3554 2977 3623 ἐφάνη
3000 3569 3014 3583 ·
3050 3552 3115 3606 δι’
3147 3553 3213 3623 ἢν
3246 3552 3359 3616 καὶ,
3388 3547 3674 3632 ἄνθρωπος
3706 3548 3824 3602 οὐκ

2232 3647 2329 3712 ὢν,
2358 3646 2642 3719 ἄνθρωπος
2675 3647 2889 3716 ἐγένετο
2908 3663 2922 3676 ο
2964 3645 3072 3707 ἵνα,
3106 3642 3366 3712 καθάπερ
3403 3642 3474 3696 ἐν
3500 3641 3580 3709 τῷ
3620 3640 3825 3710 ’Δδὰμ

2233 3740 2453 3806 πάντες
2478 3739 2992 3808 ἀποθνήσκουσιν,
3022 3738 3208 3803 οὕτως
3234 3736 3332 3790 καὶ
3361 3736 3431 3788 ἐν
3461 3733 3541 3800 τῷ
3569 3733 3823 3802 Χριστῷ

2233 3831 2454 3896 πάντες
2483 3828 3047 3899 ζωοποιηθήσωνται.
3075 3830 3137 3882 Εἰ
3172 3830 3313 3900 γὰρ,
3344 3826 3430 3880 διὰ
3457 3826 3519 3879 τὸ
3545 3825 3619 3896 μὴ
3655 3824 3831 3879 ἐλευ-

2234 3923 2471 3995 θερῶσαι
2496 3923 2593 3994 τὴν
2619 3923 2795 3994 σάρκα
2821 3923 2914 3976 καὶ
2946 3922 3267 3993 ἀναστῆσαι,
3306 3920 3483 3992 σάρκα
3517 3918 3753 3990 ἐφόρεσε
3768 3936 3820 3985 ι,

2231 4015 2285 4068 τί
2308 4016 2402 4069 καὶ
2431 4015 2704 4086 περισσῶς
2735 4015 2911 4086 σάρκα
2954 4014 3159 4085 ἐφόρει,
3191 4015 3257 4084 ἢν
3285 4012 3408 4066 οὔτε
3454 4011 3648 4075 σῶσαι,
3683 4009 3829 4064 οὕτε

2233 4106 2536 4177 ἀναστῆσαι
2558 4110 2563 4116 ’
2589 4106 2905 4178 προῄρητο;
2946 4106 3080 4160 Ἀλλ’
3120 4107 3271 4160 οὐδὲν
3314 4104 3586 4178 περισσῶς
3616 4107 3773 4157 ποιεῖ
3793 4108 3829 4159 ὁ

2235 4197 2363 4261 Υἱὸς
2388 4195 2482 4249 τοῦ
2509 4195 2665 4250 Θεοῦ.
2711 4196 2825 4249 Οὐκ
2865 4196 2971 4268 ἄρα
3001 4195 3287 4265 ἀνωφελῶς
3328 4194 3423 4265 τὴν
3466 4194 3682 4265 μορφὴν
3710 4193 3827 4248 τοῦ

2230 4286 2419 4340 δούλου
2435 4286 2715 4353 ἀνέλαϐεν,
2755 4285 2889 4340 ἀλλὰ
2908 4287 3040 4359 πρὸς
3066 4287 3126 4339 τὸ
3155 4286 3456 4356 ἀναστῆσαι
3489 4285 3582 4338 κα)⁵
3609 4284 3825 4339 σῶσαι.

2248 4378 2481 4450 Ἀληθῶς
2512 4380 2620 4450 γὰρ
2657 4377 2939 4451 ἄνθρωπος
2963 4378 3174 4447 ἐγένετο
3204 4377 3296 4430 καὶ
3320 4375 3578 4441 ἀπέθανε,
3626 4376 3723 4428 καὶ
3750 4377 3829 4430 οὐ

2231 4472 2310 4544 τῷ
2359 4473 2555 4536 δοκεῖν,
2605 4472 2718 4525 ἀλλ’
2765 4472 2852 4525 ἵνα
2889 4470 3104 4543 άληθῶς
3139 4471 3507 4538 πρωτότοκος
3555 4469 3829 4542 ἀναφανῇ

2232 4564 2352 4618 τῶν
2373 4563 2620 4632 νεκρῶν,
2652 4564 2742 4617 τὸν
2770 4562 2950 4634 χοῐκὸν
2970 4559 3284 4634 μεταϐαλὼν
3314 4563 3394 4624 εἰς
3417 4560 3687 4630 οὐράνιον,
3712 4562 3837 4615 καὶ

2231 4656 2322 4709 τὸν
2354 4654 2544 4726 θνητὸν
2586 4657 2664 4719 εἰς
2695 4653 2981 4708 ἀθάνατον.
3026 4653 3254 4707 Ὀπόταν
3282 4646 3373 4706 οῦν
3400 4650 3596 4719 σάρκα
3616 4651 3646 4702 ὁ
3666 4651 3837 4705 Παῦ-

2233 4751 2322 4810 λος
2365 4746 2463 4800 καὶ
2495 4740 2637 4815 αἷμα
2666 4744 2993 4809 ,βασιλείαν
3039 4742 3184 4797 Θεοῦ
3229 4742 3679 4811 κληρονομῆσαι
3714 4740 3836 4814 μὴ

2229 4841 2523 4896 δύνασθαι
2580 4837 2711 4911 λέγῃ
2731 4877 2746 4900 ,
2774 4837 2871 4908 οὐχ
2920 4837 2994 4901 ὡς
3023 4837 3087 4889 ἐκ
3118 4833 3328 4906 φαύλης
3370 4834 3445 4907 (5)
3478 4834 3575 4905 τῆς
3602 4837 3837 4906 σαρκκ

2227 4933 2326 5006 τὴν
2357 4929 2773 5000 παλιγγενεσίαν
2804 4928 3181 4998 ἀποφαίνεται,
3208 4926 3321 4981 ἀλλ’
3350 4927 3426 4990 ῶς
3450 4925 3713 4980 διδάσκων
3750 4930 3835 4982 οὗ

2232 5022 2678 5096 κληρονομεῖσθαι
2704 5020 2974 5092 βασιλείαν
3004 5018 3161 5080 Θεοῦ,
3210 5017 3421 5072 αἰώνιον
3456 5017 3840 5090 ὑπάρχουσαν

2231 5117 2394 5189 ζωὴν,
2457 5116 2563 5170 ὑπὸ
2611 5115 2706 5169 τοῦ
2759 5113 3025 5185 σώματος,
3066 5111 3204 5166 ἀλλὰ
3248 5111 3309 5164 τὸ
3360 5109 3521 5181 σῶμα
3565 5109 3672 5163 ὑπὸ
3704 5109 3842 5181 τῆς

2230 5205 2398 5278 ζωῆς.
2442 5207 2507 5259 Ei
2548 5204 2657 5277 γὰρ
2703 5203 3117 5275 ἐκληρονομείτο
3175 5204 3208 5274 ἡ
3252 5199 3491 5272 βασιλεία
3532 5197 3627 5251 τοῦ
3668 5198 3838 5254 Θεοῦ

2230 5299 2334 5353 ὑπὸ
2381 5297 2476 5352 τοῦ
2520 5296 2788 5368 σώματος,
2829 5295 2940 5368 ζωὴ
2990 5295 3329 5368 ὑπάρχουσα,
3383 5292 3694 5347 συνέϐαινεν
3742 5294 3842 5349 ἂν

2228 5391 2324 5463 τὴν
2358 5391 2502 5461 ζωὴν
2547 5389 2653 5442 ὑπὸ
2707 5389 2808 5458 τῆς
2843 5388 3047 5460 φθορᾶς
3074 5385 3483 5440 καταπίνεσθαι.
3524 5382 3639 5438 Νῦν
3664 5384 3724 5437 δὲ
3752 5385 3844 5443 τὸ

641 5532 685 5602 ’ξ
711 5530 906 5588 Jerem.
944 5548 1064 5596 νιιι,
1108 5534 1158 5589 i.
1228 5535 1272 5567 ³⁸
1304 5534 1444 5591 Dan.
1469 5551 1568 5602 sn,
1590 5536 1645 5592 2.
1724 5537 1768 5568 ⁸⁸
1800 5536 1816 5589 ι
1849 5536 1971 5593 Cor.
2034 5551 2125 5600 xv,

2235 5575 2250 5589 .
2324 5536 2366 5567 ³⁸
2406 5534 2534 5589 ibid.
2576 5533 2665 5588 42.
2746 5532 2838 5586 ³³1
2883 5533 3008 5588 Cor.
3040 5548 3129 5598 ιν,
3182 5532 3273 5588 «i9.
3344 5531 3389 5564 ³⁸
3423 5529 3551 5586 Cen.
3584 5545 3677 5599 ιιι,
3714 5532 3841 5591 19.

569 5599 614 5634 ⁸⁸
650 5601 798 5658 Rom.
835 5619 914 5667 νι,
948 5604 1004 5658 ι.
1077 5604 1308 5660 “lCor.
1339 5623 1431 5671 xv,
1465 5599 1564 5661 22.
1634 5608 1675 5640 ³⁷
1707 5608 1863 5676 Apoc.
1901 5625 1939 5674 ι,
1963 5606 2018 5664 5.
2112 5599 2132 5639 ³

2235 5603 2359 5663 Cor.
2385 5622 2476 5672 xv,
2509 5606 2598 5661 ὅθ.

642 5743 742 5816 (δ’)
781 5744 1010 5817 Ἐπειδὴ
1034 5749 1160 5818 μεθ.
1197 5747 1270 5803 Ex
1294 5748 1392 5803 cod
1440 5746 1622 5821 Rupif.

2301 5746 2379 5819 (5)
2421 5746 2521 5801 Ἐκ
2540 5746 2795 5815 φαύλης.
2834 5744 3009 5800 Scrib.
3044 5739 3383 5813 ἐκφαυλίζων
3413 5756 3479 5798 ει
3498 5738 3852 5803 Photianis.
