4010 6328
221 365 321 421 285

1262 352 1355 411 EX
1392 351 1595 408 LlBRO
1635 348 1723 403 DE
1763 344 2391 406 RESURllECTIONE.'

3349 336 3454 392 286

219 480 500 553 θνῆσκονή
531 477 643 550 ζωὴ
673 475 996 548 κληρονομεῖ
1016 488 1030 504 ’
1062 471 1149 527 ἵνα
1180 473 1267 538 εις
1296 471 1462 538 νῖκος
1489 475 1522 525 ό
1542 468 1793 534 θάνατος

1920 463 2261 534 :orruptione.
2287 459 2442 514 Nunc
2471 471 2602 512 vero
2652 457 2763 510 vita
2795 461 3064 508 mortuum
3094 450 3357 522 possidet,
3396 461 3456 502 ut

219 568 521 638 καταποθῇ
539 571 656 622 ὑπὸ
679 566 789 635 τῆς
813 564 978 634 ζωῆς,
1012 565 1107 618 καὶ
1126 563 1186 616 τὸ
1206 562 1439 633 φθαρτὸν
1468 562 1566 631 τῆς
1588 559 1796 633 ἀφθαρ-

222 666 334 728 σίας
363 665 553 734 κτῆμα
583 661 674 714 καλ⁴
702 661 800 730 τῆς
830 657 1123 720 ἀθανασίας
1153 659 1315 726 φανῇ,
1344 654 1539 724 ἄφετον
1572 653 1669 724 μὲν
1701 652 1795 705 καὶ

221 755 505 823 ἐλεύθερον
560 749 790 804 Θανάτου
839 748 1124 817 γενόμενον
1153 745 1247 798 καὶ
1282 741 1571 813 ἁμαρτίας,
1613 739 1796 792 δοῦλον

221 845 394 901 δὲκαὶ
450 845 694 914 ὑπήκοον
763 839 1090 902 ἀθανασίας’
1148 838 1294 900 ὅπως
1333 836 1432 905 τῆς
1494 831 1795 904 ἀφθαρσίας

221 940 303 1010 εἴη
323 938 384 990 τὸ
408 936 573 1006 σῶμα
599 933 805 1004 κτῆμα,
844 931 937 985 καὶ
962 930 1035 1002 μὴ
1054 928 1146 982 τοῦ
1171 927 1418 1000 σώματος
1441 928 1474 998 ἡ
1498 924 1793 996 ἀφθαρσία.

289 1136 390 1188 ΙΔ⁰.
421 1133 487 1184 EE
515 1131 580 1183 ἐκ
596 1127 852 1198 τοιαύτης
882 1124 955 1197 (6)
987 1122 1242 1191 σταγόνος
1278 1121 1534 1193 βραχείας
1562 1121 1656 1175 καὶ
1697 1137 1800 1191 μη-

222 1225 366 1280 δέπω
413 1223 586 1291 οῦσης
637 1220 695 1272 τὸ
751 1217 988 1277 σύνολον,
1045 1214 1178 1285 μηδὲ
1210 1214 1268 1265 ὲν
1307 1212 1541 1283 ὑγρασία
1578 1211 1798 1282 τοιαύτῃ

226 1321 314 1371 καὶ
337 1317 543 1383 συνοχῇ
574 1314 667 1364 καὶ
697 1308 916 1379 πυγμῷ,
948 1309 1011 1359 ὲκ
1029 1305 1121 1357 τοῦ
1159 1304 1380 1374 μηδενὸς
1401 1302 1494 1356 ἄνθ
1506 1320 1682 1374 ρωπος
1711 1302 1799 1370 γί-

226 1424 392 1471 νεται,
440 1405 557 1467 πῶς
585 1403 704 1471 οὐχὶ
743 1399 938 1471 μᾶλλον
966 1398 1028 1448 ὲκ
1056 1395 1148 1447 τοῦ
1203 1394 1304 1463 ήδη
1340 1393 1679 1464 ὑπάρξαντος
1709 1393 1802 1444 ἀν-

226 1500 448 1574 θρώπου
483 1495 769 1566 ἄνθρωπος
813 1491 962 1544 ἔσται
991 1484 1144 1549 αὖθις
1169 1488 1197 1538 ό
1230 1485 1543 1556 άνθρωπος;
1581 1485 1654 1537 Οὐ
1695 1483 1802 1556 γὰρ

225 1592 364 1646 οὕτω
393 1589 473 1658 (7)
513 1585 652 1657 μετὰ
667 1585 724 1636 τὸ
746 1583 844 1653 ἤδη
871 1578 1231 1649 γεγενημένον
1251 1577 1342 1630 καὶ
1374 1575 1619 1629 διαλυθὲν
1643 1576 1800 1646 ποιῆ-

230 1699 312 1735 σαι
337 1679 528 1738 πάλιν.
559 1677 633 1738 ὡς
669 1673 892 1746 μηδέπω
936 1667 1298 1738 γεγενημένον
1334 1667 1396 1718 ὲκ
1420 1664 1512 1718 τοῦ
1549 1664 1622 1736 μὴ
1651 1665 1802 1728 ὄντος

228 1771 660 1827 κατασκευάσαι.
722 1769 844 1822 Ἐὰν
882 1765 972 1822 οὖν
1001 1769 1342 1840 ἐθελήσωμεν
1391 1765 1557 1831 δεῖξαι
1585 1765 1680 1837 τὴν
1711 1781 1802 1833 γο-

228 1868 317 1937 νὴν
346 1865 450 1935 τὴν
480 1863 591 1922 ἀπὸ
614 1862 708 1914 τοῦ
734 1862 957 1934 ἄρρενος
985 1861 1439 1933 ἀποκρινομένην,
1469 1859 1801 1930 παραγάγω-

235 1973 326 2026 μεν
357 1955 443 2018 δὲ,
464 1953 600 2005 αὐτὸ
620 1951 740 2005 καθ’
774 1951 955 2013 ἑαυτὸ,
977 1952 1073 2003 καὶ
1102 1949 1421 2022 τεθνηκότος
1449 1949 1629 2020 σῶμα’
1657 1952 1805 2001 ποῖον

233 2049 616 2102 πιστεύσουσιν
644 2048 779 2115 ἡμῖν
836 2044 884 2097 οἱ
924 2042 1136 2115 θεωροὶ,
1167 2046 1245 2106 εἰς
1271 2043 1330 2094 τὸ
1363 2043 1588 2113 φανερὸν
1620 2041 1807 2095 ἑκατέ-

237 2159 337 2212 ρων
370 2139 669 2210 κειμένων,
710 2136 924 2189 ἔσεσθαι
951 2135 1273 2207 ἀνθρωπον;
1305 2131 1412 2206 ἆρα
1442 2134 1540 2207 τὴν
1575 2134 1808 2203 σταγόνα

235 2233 444 2298 ἐκείνην
479 2233 582 2300 τὴν
609 2231 745 2292 ὅλως
762 2230 910 2282 οὐδὲν
939 2229 1308 2299 ὑπάρχουσαν,
1334 2228 1472 2299 ἢτὸν
1498 2228 1596 2299 ήδη
1625 2228 1810 2298 σχῆμα

237 2326 322 2376 καὶ
373 2323 612 2392 μέγεθος
666 2323 760 2375 καὶ
813 2322 1107 2374 ὑπόστασιν
1158 2320 1373 2390 ἔχοντα,
1422 2321 1483 2372 Et
1506 2320 1613 2391 γὰρ
1638 2322 1812 2373 ἐκεῖνο

236 2415 290 2466 τὸ
335 2413 476 2477 ὅλως
517 2413 692 2477 οὐδὲν,
759 2413 916 2482 μόνον
964 2413 1313 2483 ἐθελήσαντος
1364 2410 1519 2474 Θεοῦ,
1560 2412 1718 2464 πάλιν
1752 2411 1812 2464 τὸ

239 2505 361 2557 αὐτὸ
388 2504 680 2574 ἄνθρωπος
720 2502 948 2571 γίνεται,
984 2501 1163 2572 πολλῷ
1195 2499 1391 2570 μᾶλλον
1418 2499 1476 2551 τὸ
1508 2489 1609 2570 ἢδη
1637 2500 1812 2571 ὑπάρ-

238 2615 320 2665 χον
357 2598 454 2649 καὶ
499 2595 945 2664 τετελειωμένον,
994 2593 1344 2663 ἐθελήσαντος
1382 2590 1474 2644 τοῦ
1537 2589 1693 2655 Θεοῦ,
1754 2590 1814 2643 τὸ

242 2690 360 2741 αὐτὸ
417 2688 586 2740 πάλιν
629 2687 910 2758 ἄνθρωπος
940 2685 1194 2754 γενέσθαι
1374 2683 1525 2736 Ἑπεὶ
1551 2683 1602 2735 τί
1635 2683 1815 2753 βουλό-

245 2798 393 2851 μενος
421 2781 497 2848 (9)
533 2781 564 2830 ὁ
586 2778 832 2846 θεολόγος
855 2778 1112 2847 Μωῦσῆς,
1141 2775 1237 2846 τὴν
1259 2774 1397 2828 κατά
1426 2775 1524 2845 τὴν
1550 2791 1819 2846 σκηνοπη-

242 2873 359 2940 γίαν
394 2871 588 2943 ἑορτὴν
633 2872 690 2922 ἐν
736 2869 812 2939 τῷ
837 2867 1103 2937 Λευῖτικῷ
1154 2866 1427 2938 μυστικῶς
1457 2867 1815 2936 είσηγήσατο;

245 2959 384 3035 Ἄρα
403 2964 512 3034 γὰρ
549 2962 635 3015 ίνα
681 2960 853 3024 οὕτως
899 2959 1244 3032 ἐορτάσωμεν
1280 2958 1356 3029 τῷ
1390 2956 1530 3027 Θεῷ,
1567 2956 1819 3026 καθάπερ

248 3055 563 3125 ἐξηγοῦνται
593 3052 932 3123 χυδαιότερον
957 3050 1265 3104 οἱἸουδαῖοι
1293 3048 1536 3112 νοοῦντες
1559 3049 1656 3112 τὰς
1687 3049 1821 3118 Γρα-

1895 572 2034 610 mors
2055 557 2112 609 in
2147 552 2419 608 victoriam
2453 547 2796 603 absorbeatur
2824 563 2854 599 α
2879 545 2986 598 vita
3038 543 3084 575 ³⁹
3109 563 3121 597 :
3152 540 3324 611 'utqne
3355 540 3456 596 ob-

1895 649 2118 703 noxium
2161 644 2295 704 illud
2326 640 2684 711 corruptioni,
2717 635 3144 706 incorruptionis
3175 635 3456 687 immorta-

1893 737 2174 808 litatisque
2219 733 2496 805 possessio
2548 732 2674 784 ﬂat:
2708 728 3058 794 solutumque
3088 731 3142 778 et
3169 723 3398 776 liberum
3426 735 3457 774 a

1895 839 2069 886 morte
2098 835 2152 884 et
2180 830 2438 898 peccato,
2471 819 2864 876 immortalitati
2904 831 3123 872 servum
3154 813 3460 868 subditum-

1897 939 2002 996 que
2022 920 2324 979 concedat:
2366 925 2424 971 ut
2472 915 2542 972 sit
2590 929 2824 983 corpus,
2864 906 3290 978 incorruptionis
3335 919 3460 974 pos-

1899 1016 2072 1073 sessio
2096 1031 2112 1080 ;
2146 1027 2254 1067 non
2280 1006 2642 1077 incorruptio,
2677 1002 2942 1072 corporis.

1967 1125 2108 1181 XIV.
2157 1124 2294 1180 Cum
2317 1137 2382 1177 ex
2423 1130 2532 1174 tam
2586 1115 2802 1170 modica
2852 1110 3057 1168 stillula
3121 1125 3184 1164 ac
3230 1107 3462 1163 necdum

1900 1234 2125 1294 prorsus
2150 1218 2468 1275 exsistente,
2495 1225 2562 1265 ne
2584 1208 2802 1279 quidem
2843 1206 2896 1259 in
2929 1202 3196 1274 ejusmodi
3216 1200 3461 1263 humido,

1902 1293 2359 1379 arctitudinequc,
2411 1320 2473 1358 ac
2518 1303 2784 1374 parvitate
2839 1298 2985 1369 (10);
3017 1296 3249 1364 denique
3291 1309 3354 1348 ex
3379 1293 3464 1346 ni-

1903 1405 2034 1465 hilo,
2073 1403 2233 1455 homo
2258 1399 2350 1452 ﬁat
2375 1414 2388 1451 :
2418 1395 2510 1466 qui
2542 1409 2646 1447 non
2679 1391 2859 1461 potius
2890 1405 2954 1443 ex
2978 1387 3194 1440 homine
3219 1386 3308 1454 qui
3341 1384 3462 1447 fuit,

1903 1493 2066 1550 fuerit
2093 1504 2288 1546 rursus
2339 1486 2740 1542 resurrectione
2793 1479 2998 1534 homo?
3043 1477 3217 1530 Minus
3269 1475 3466 1544 quippe

1902 1585 2116 1639 videtur
2144 1579 2379 1642 difﬁcile,
2411 1586 2469 1630 ut
2497 1576 2640 1646 quod
2678 1573 2779 1626 fuit
2808 1578 2861 1627 et
2899 1578 2981 1625 est
3003 1567 3348 1628 dissolutum,
3373 1565 3468 1618 de-

1903 1691 2014 1730 nuo
2047 1680 2406 1742 componatur
2424 1675 2477 1722 et
2508 1673 2819 1735 reparatum
2870 1662 2998 1724 ﬁat,
3031 1675 3190 1737 quam
3237 1664 3293 1710 ut
3321 1652 3468 1725 quod

1906 1767 2146 1823 nondum
2176 1764 2297 1828 fuit,
2316 1777 2380 1816 ex
2400 1761 2568 1815 nihilo
2587 1756 2827 1828 prodeat.
2857 1752 3054 1819 Quare,
3073 1750 3120 1804 si
3150 1749 3350 1810 lubeat,
3380 1761 3472 1800 ex-
3537 1779 3542 1784 -

1906 1867 2110 1915 cretam
2143 1871 2174 1908 a
2208 1853 2451 1908 masculo
2486 1849 2750 1913 feturam;
2808 1846 2982 1916 ipsam
3019 1842 3274 1895 nimirum
3319 1853 3469 1894 seor-

1907 1951 2042 2006 sim:
2077 1945 2425 2015 defunctique
2445 1943 2694 2002 cadaver,
2734 1937 2789 1991 in
2821 1936 3055 1991 medium
3081 1933 3468 2004 producamus.

1907 2043 2043 2097 Tum
2066 2055 2219 2110 rogo,
2261 2036 2524 2091 ambobus
2556 2033 2732 2104 palam
2765 2029 3030 2099 expositis
3047 2025 3469 2096 propositisque,

1907 2133 2180 2202 quodnam
2207 2135 2542 2199 spectatores
2569 2123 2840 2178 hominem
2867 2120 2979 2173 fore
3012 2117 3271 2174 credituri
3304 2113 3476 2171 sunt?

1907 2239 2037 2279 num
2101 2220 2359 2275 stillulam
2407 2217 2587 2281 illam,
2640 2229 2759 2285 qua:
2815 2213 2948 2266 nihil
2989 2225 3214 2281 prorsus
3247 2207 3350 2263 sit?
3402 2221 3474 2261 an

1909 2321 2184 2368 mortuum
2217 2309 2388 2379 ﬁgura
2416 2307 2527 2376 jam
2562 2305 2810 2374 moleque
2844 2309 2896 2357 et
2946 2299 3248 2356 substantia
3277 2295 3476 2367 praedi-

1910 2406 2070 2462 tum?
2101 2403 2157 2459 Si
2191 2405 2334 2459 enim
2364 2400 2498 2456 illud
2527 2396 2672 2469 quod
2705 2397 2862 2467 plane
2911 2393 3046 2447 nihil
3069 2391 3333 2456 videatur,
3365 2389 3479 2444 Deo

1912 2505 2121 2553 tantum
2167 2496 2380 2550 volente
2424 2494 2603 2561 ipsum
2653 2489 2850 2542 iterum
2904 2486 3065 2540 homo
3108 2488 3474 2553 procreatur:

1912 2589 2266 2660 potiorijure,
2295 2584 2441 2655 quod
2489 2592 2572 2637 est
2622 2582 2734 2649 jam
2792 2586 2845 2634 et
2885 2578 2986 2632 fuit
3019 2584 3477 2637 consummatum,

1915 2682 2206 2736 accedente
2247 2679 2428 2733 divina
2457 2675 2755 2735 voluntate,
2812 2671 2864 2724 id
2900 2671 3075 2739 ipsum
3112 2668 3288 2721 denuo
3320 2666 3485 2718 homo

1917 2770 2025 2825 ﬁet.
2089 2768 2222 2823 Nam
2293 2766 2544 2833 alioqui,
2608 2762 2738 2834 quid
2795 2761 2983 2814 volens
3051 2759 3331 2828 theologus
3393 2752 3484 2808 ille

1918 2865 2150 2936 Moyses,
2189 2863 2385 2917 festum
2416 2854 2894 2913 tabernaculorum
2955 2851 3273 2921 spiritaliter
3314 2844 3486 2901 edixit

1920 2957 2205 3026 sanxitque
2246 2951 2656 3012 celebrandum,
2690 2948 2744 3000 in
2768 2945 3010 3000 Levitico
3038 2943 3119 2996 δοῖ*
3151 2941 3288 2994 Num
3339 2938 3482 2992 enim

1919 3063 1981 3108 ut
2008 3055 2080 3106 ita
2108 3053 2276 3106 Deum
2311 3049 2447 3103 festo
2480 3047 2724 3101 colamus
2757 3083 2772 3108 ,
2808 3037 3264 3111 quemadmodum
3312 3031 3484 3086 Judaei

253 3149 389 3214 φάς
423 3146 495 3208 ὡς
527 3145 618 3197 τοῦ
651 3143 783 3197 Θεοῦ
811 3145 1034 3214 σκηναῖς
1063 3141 1334 3204 τοιαύταις
1360 3144 1423 3194 ἐκ
1455 3140 1703 3212 καρπῶν,
1730 3141 1816 3192 καὶ

1923 3145 2085 3200 vilius
2116 3142 2503 3213 vulgariusque
2551 3137 2866 3206 Scripturas
2896 3131 3255 3199 intelligentcs
3281 3165 3295 3190 ,
3328 3138 3490 3193 expo-

250 3237 460 3289 κλάδων
483 3237 572 3289 καὶ
588 3235 801 3304 φύλλων
828 3232 1357 3304 κατεσκευασμέναις
1383 3231 1769 3302 ἀρεσκομένου,
1787 3229 1822 3282 ἃ

248 3328 445 3390 εσῦθέως
491 3327 846 3398 μαραίνονται
885 3325 982 3396 τὴν
1029 3325 1190 3395 χλόην
1236 3321 1649 3393 ἀποσυλώμενα.
1711 3322 1824 3375 Οὐκ

247 3421 388 3474 ἔστιν
414 3423 612 3473 εἰπεῖν.
634 3419 788 3482 Τίνος
817 3419 964 3488 μὲνὴ
997 3415 1364 3486 Σκηνοπηγία,
1387 3415 1629 3485 φράσατε
1647 3430 1662 3478 ;
1681 3414 1827 3484 εἰσή-

246 3515 341 3585 χθη
400 3515 632 3583 μήνυμα
670 3511 766 3581 τῆς
801 3509 1057 3580 ἀληθινῆς
1088 3507 1243 3578 ἡμῶν
1271 3505 1474 3576 ταύτης
1511 3505 1731 3574 σκηνῆς,
1759 3504 1825 3574 ἢν

247 3602 666 3658 καταπεσοῦσαν
730 3603 807 3662 εἰς
855 3600 1057 3672 φθορὰν
1103 3598 1189 3653 διὰ
1233 3597 1332 3668 τὴν
1375 3596 1702 3666 παράϐασιν,
1734 3595 1827 3648 καὶ

250 3697 554 3767 λελυμένην
584 3698 650 3765 τῇ
669 3694 931 3766 ἁμαρτίᾳ,
955 3690 1110 3756 αὖθις
1131 3709 1195 3744 συ
1205 3690 1494 3762 μπήξασαν
1526 3688 1826 3760 ἀνώλεθρον

249 3790 580 3858 ἀναστήσειν
605 3786 777 3850 ὁΘεὸς
806 3786 1176 3857 ἀπηγγείλατο
1196 3784 1257 3853 (Ῑ.
1279 3781 1398 3853 ὲπ-)
1419 3799 1432 3812 ο
1467 3781 1611 3844 ὅπως
1645 3780 1830 3852 ἑορτά-

253 3893 441 3946 σωμεν
479 3875 630 3946 αὐτῷ
669 3875 881 3945 ἀληθῶς
897 3875 993 3945 τὴν
1033 3873 1270 3944 μεγάλην
1295 3870 1485 3942 ἑορτὴν
1529 3871 1618 3923 καὶ
1665 3869 1827 3922 πολυ-

251 3969 553 4040 θρύλλητον
599 3967 699 4036 τῆς
741 3966 1114 4037 Σκηνοπηγίας
1139 3966 1195 4017 ἐν
1221 3965 1287 4034 τῇ
1322 3962 1640 4016 ἀναστάσειο
1671 3961 1829 4015 ὁπότε

251 4061 696 4132 συμπηγνύμενα
741 4059 898 4129 ἡμῶν
926 4058 1003 4120 εἰς
1044 4055 1451 4126 κατακόσμησιν
1484 4054 1583 4124 τῆς
1626 4053 1828 4106 ἀθανα-

251 4156 366 4216 σίας
436 4155 534 4206 καὶ
572 4151 887 4222 συμφωνίας
924 4149 993 4201 τὰ
1051 4148 1403 4219 σκηνώματα,
1461 4149 1524 4199 ἐκ
1569 4145 1664 4198 τοῦ
1711 4144 1834 4215 χοὸς

249 4246 512 4316 ἄφθαρτα
560 4245 901 4298 ἀνίστανται·
939 4243 1099 4296 ὁπότε
1162 4239 1448 4292 ἀκούσουσι
1489 4238 1556 4290 τά
1598 4238 1729 4289 ὀστᾶ
1766 4236 1836 4289 τὰ

249 4339 395 4410 ξηρὰ
429 4338 574 4392 κατὰ
609 4337 703 4407 τὴν
743 4335 1142 4405 ἀψευδεστάτην
1173 4331 1526 4403 προφητείαν,
1571 4327 1836 4400 προσαγό-

255 4450 394 4503 μενα,
421 4431 564 4501 πρὸς
584 4430 682 4491 τὰς
723 4427 980 4499 ἁρμονίας
1015 4424 1212 4490 αὐτῶν,
1238 4423 1341 4476 ὑπὸ
1364 4421 1457 4475 τοῦ
1490 4420 1835 4485 ζωοπλάστου

1925 3237 2107 3294 nunt?
2157 3236 2303 3289 velut
2354 3231 2612 3286 nimirum
2664 3228 2774 3283 Deo
2808 3229 3055 3297 placeant
3097 3217 3363 3290 ejusmodi
3421 3231 3488 3273 ex

1926 3329 2190 3384 fructibus
2220 3324 2495 3391 ramisque
2533 3327 2586 3375 et
2617 3319 2762 3374 foliis
2797 3318 3059 3372 adornata
3109 3307 3487 3373 tabernacula,

1926 3438 2045 3493 qua:
2077 3419 2235 3476 satim
2252 3414 2551 3484 despoliata
2570 3412 2750 3466 virore
2779 3411 3137 3464 marcescant.
3161 3399 3313 3455 Haud
3332 3401 3492 3469 plane

1927 3513 2089 3568 fuerit
2122 3508 2434 3564 dicendum.
2473 3505 2637 3568 Sane,
2672 3519 2824 3573 rogo,
2861 3501 3149 3570 cujusnam
3181 3495 3251 3549 sit
3284 3493 3489 3546 Scene-

1927 3603 2119 3677 pegia?
2148 3601 2397 3654 instituta
2460 3605 2543 3650 est
2593 3605 2652 3649 ut
2702 3593 2815 3649 veri
2839 3586 3176 3645 tabernaculi
3210 3584 3384 3637 nostri
3425 3581 3496 3636 si-

1930 3711 2116 3766 gnum,
2149 3689 2293 3761 quod
2325 3691 2380 3743 in
2435 3686 2840 3755 corruptionem
2891 3677 3336 3752 praevaricatione
3371 3687 3495 3744 pro-

1930 3790 2161 3856 lapsum,
2191 3790 2521 3854 peccatoque
2563 3781 2823 3842 solutum,
2859 3792 2917 3832 se
2955 3774 3096 3828 Deus
3123 3771 3302 3825 denuo
3343 3782 3494 3821 com-

1929 3887 2146 3951 pactum
2207 3879 2678 3947 compositumque
2714 3914 2729 3938 ,
2807 3869 3078 3924 incolume
3133 3863 3495 3918 excitaturum

1932 3972 2214 4044 promisit;
2241 3987 2346 4040 quo
2373 3971 2422 4024 ei
2456 3969 2702 4031 veritate,
2757 3975 3010 4032 magnam
3055 3957 3200 4012 illam
3241 3956 3497 4010 decanta-

1933 4065 2307 4132 tissimamque
2340 4061 2687 4129 Scenopegize
2733 4053 3126 4111 solemnitatem
3162 4048 3496 4102 celebremus

1936 4155 1989 4207 in
2019 4152 2446 4216 resurrectione;
2503 4147 2723 4219 quando
2756 4151 3036 4212 compacta
3078 4139 3144 4192 ad
3178 4134 3498 4191 immortali-

1937 4248 2066 4303 tatis
2092 4245 2570 4313 consonantiaeque
2607 4249 2860 4296 ornatum
2895 4242 3082 4288 nostra
3123 4228 3495 4291 tabernacula,

1939 4339 2199 4393 immunia
2259 4351 2289 4389 a
2342 4333 2691 4402 corruptione
2723 4331 2766 4361 “
2817 4328 2883 4382 de
2924 4326 3143 4396 pulvere
3180 4329 3496 4388 resurgent;

1939 4429 2158 4498 quando
2217 4426 2484 4492 auditura.
2518 4429 2666 4486 sunt,
2715 4403 2789 4473 Aut
2818 4416 3100 4471 verissime
3151 4412 3314 4464 habet
3373 4421 3500 4476 pro-

249 4527 384 4580 Θεοῦ
415 4525 521 4578 καὶ
555 4523 929 4594 ἀριστοτέχνου
971 4516 1503 4580 ἀνακαινοποιοῦντος
1540 4511 1693 4578 αὖθις
1733 4514 1816 4583 τὴι

1934 4523 2095 4592 pheta
2111 4520 2177 4583 "’,
2196 4534 2319 4573 ossa
2333 4516 2504 4578 arida,
2525 4515 2638 4569 suis
2664 4514 2857 4567 iterum
2871 4504 3241 4561 commissuris
3268 4499 3500 4563 reddita,

253 4623 436 4692 σάρκα
488 4617 586 4670 καὶ
642 4613 1058 4686 συμμιγνύντος,
1102 4613 1161 4666 ού
1193 4611 1450 4674 τοιούτοις
1482 4609 1559 4662 ἔτι
1595 4609 1832 4677 δεσμοῖς,

252 4706 330 4775 οἷς
365 4713 468 4764 καὶ
504 4709 720 4780 πρῶτον
765 4707 1057 4777 συνείχετο,
1099 4705 1212 4758 ἀλλ’
1262 4703 1556 4774 ἀκηράτοις
1606 4701 1838 4771 πάμπαν

175 4867 192 4888 ⁸
253 4802 442 4855 λοιπον
491 4803 588 4855 καὶ
637 4800 870 4863 ἀλύτοις.
927 4797 1266 4868 Ἐθεασάμην
1317 4795 1425 4866 γὰρ
1473 4796 1529 4848 ὲν
1581 4792 1839 4862 Ὀλύμπῳ

1946 4588 2266 4666 admovente
2299 4607 2513 4661 vivilico
2560 4603 2732 4674 plaste
2794 4600 3103 4669 optimoque
3140 4591 3331 4662 opiﬁce
3369 4588 3499 4651 Deo,

1943 4717 2161 4757 carnem
2183 4699 2362 4753 denuo
2388 4703 2682 4751 renovante
2699 4690 3191 4752 commiscenteque
3219 4689 3271 4735 et
3297 4677 3502 4733 astrin-

1943 4802 2119 4864 gente,
2153 4806 2258 4844 non
2283 4790 2395 4858 jam
2429 4786 2682 4858 qualibus
2735 4783 2897 4835 etiam
2947 4777 3098 4831 initio
3125 4772 3504 4828 continebatur

254 4897 366 4965 ἐγὼ
391 4897 544 4967 (ὄρος
565 4894 623 4947 δέ
655 4895 770 4946 ἐστι
800 4893 898 4962 τῆς
927 4890 1166 4960 Λυκίας)
1194 4889 1304 4960 πῦρ
1351 4886 1666 4956 αὐτομάτως
1701 4903 1816 4938 κατι

1939 4883 2190 4944 vinculis,
2224 4881 2317 4937 sed
2362 4880 2520 4950 plane
2570 4876 2830 4942 deinceps
2883 4866 3283 4928 immortalibus
3342 4869 3505 4930 atque

255 4955 352 5059 την
376 4955 700 5058 ἀκριῦρειαν
737 4985 828 5038 τοῦ
856 4955 1024 5057 ’ὅρους
1048 4955 1290 5037 κάτωθεν
1320 4984 1384 5034 ὲκ
1412 4955 1512 5049 τῆς
1535 4980 1637 5050 γῆς
1660 4977 1816 5031 ἀναδιη

1937 4973 2338 5030 insolubilibus.
2391 4969 2528 5023 Nam
2582 4967 2692 5022 vidi
2716 4979 2817 5033 ego
2878 4962 2933 5014 in
2975 4958 3201 5029 Olympo
3246 4955 3316 5026 (is
3341 4965 3505 5022 porro

255 5047 486 5151 Μ’μενον
509 5098 523 5110 ’
546 5047 692 5149 ,περὶ
735 5078 764 5131 ὃ
805 5047 915 5164 πῦρ
954 5047 1118 5147 ἄγνου
1163 5077 1325 5146 φυτὸν
1362 5047 1714 5138 ὲστδς,νοῦτω
1742 5071 1816 5143 μὲε

1941 5081 2098 5121 mons
2124 5073 2207 5121 est
2229 5063 2425 5136 Lyciae)
2457 5063 2635 5131 ignem
2677 5065 2869 5125 sponte
2917 5068 3037 5115 sua,
3085 5055 3139 5103 in
3190 5047 3389 5102 montis
3415 5060 3505 5098 ca-

1677 5235 1719 5266 “
1761 5234 1900 5288 Dan.
1934 5231 2110 5299 xn,9.
2184 5230 2228 5262 “
2269 5227 2456 5282 Ezech.
2492 5239 2695 5284 xxxv”,
2726 5221 2781 5274 4.

325 5249 372 5282 ³³
410 5251 430 5302 l
469 5245 598 5301 Cor.
624 5261 716 5307 xv,
746 5244 836 5298 54.
915 5243 960 5273 ⁸⁸
991 5241 1133 5296 Levi'
1184 5255 1344 5304 mn,
1376 5238 1442 5293 ’59
1480 5252 1594 5306 seq.

1954 5392 2058 5430 vox
2085 5383 2188 5430 est.
2219 5372 2355 5426 lllud
2385 5371 2611 5430 clarum,
2664 5363 2874 5417 elevare
2919 5357 3038 5412 istis
3078 5355 3329 5430 omnibus
3361 5351 3504 5404 fetu-

1950 5426 2222 5514 τᾱιῆξὶιίιε
2251 5443 2429 5513 proles
2456 5426 2627 5508 primo
2647 5431 2999 5514 “concipitur,
3035 5426 3178 5514 velut
3212 5436 3325 5477 rem
3367 5437 3505 5514 pene

1949 5492 2152 5570 nihili“:
2193 5492 2616 5582 exrqua'tzimen
2644 5503 2784 5559 Deus
2819 5492 2977 5556 suum
3005 5495 3164 5582 .i‘ll'ud
3199 5507 3357 5582 opqs,
3379 5492 3505 5582 “ho-

1947 5587 2167 5646 minem,
2201 5561 2494 5652 quia—vult
2539 5577 2736 5652 solum.
2775 5578 2966 5652 eruat;
3004 5566 3054 5620 id
3083 5561 3258 5652 ipsum
3293 5561 3506 5640 facilius

1948 5635 2325 5726 ﬁssa-iridis”
2355 5667 2420 5708 ex
2472 5645 2852 5719 prmdefunctis
2911 5635 3250 5710 corporibus,
3310 5635 3508 5702 majori

1949 5729 2106 5792 mole,
2139 5731 2245 5779 etc.

333 5394 419 5460 (t3)
453 5393 522 5444 Εἰ
548 5390 617 5442 ἐκ
646 5406 698 5441 τ.
734 5387 809 5460 Ex
837 5386 1026 5460 eodem
1053 5383 1172 5460 cod.
1211 5380 1394 5451 Rupif.

452 5463 536 5538 Q1)
568 5459 866 5538 πὰρ-οὕτω.
904 5456 1062 5538 Deest
1101 5446 1325 5538 ἀπορον,
1375 5456 1468 5504 aut
1499 5447 1628 5518 quid
1652 5446 1848 5503 simile.

463 5528 772 5604 Γενέσθαι.
803 5526 1300 5604 ξοτιοχενῄσεται.

341 5594 428 5671 (9')
463 5599 630 5671 Ἐπεί
674 5599 732 5652 τί
781 5597 1056 5671 βουέόμη
1091 5594 1236 5671 idem
1297 5599 1674 5671 argumentum
1702 5602 1847 5671 per-

267 5659 480 5728 tractat
515 5673 574 5725 S.
612 5659 851 5723 Pater'in
895 5659 1140 5720 Convivia
1190 5659 1387 5718 decem'
1418 5661 1563 5732 Virg.
1587 5659 1739 5715 Orat.
1773 5672 1848 5722 ις,

274 5743 305 5812 5
336 5762 376 5799 I.
415 5758 571 5810 seqq.
600 5739 767 5794 GALL.

350 5816 471 5885 (10)
495 5802 568 5865 ξιξ
590 5812 868 5881 parvitate,
900 5807 992 5862 καὶ
1013 5805 1232 5877 πυγμῷ.
1260 5803 1386 5859 Mihi
1419 5802 1572 5857 valde
1597 5805 1849 5870 suspecta
