4010 6328
497 290 604 350 887

1462 291 1520 347 S.
1553 290 1883 348 METHODII
1922 291 2229 350 EPISCOPI
2268 294 2355 349 ET
2395 294 2754 351 MARTYRIS

3607 297 3721 352 283

495 411 735 477 enmine,
783 426 849 467 ex
909 409 1020 465 imo
1061 415 1222 465 terra
1266 419 1668 481 erumpentem;
1699 413 1853 482 juxta
1895 429 2054 485 quem

2175 414 2376 478 ιύθαλὲς
2401 415 2495 469 καὶ
2526 415 2764 486 χλοερὸν,
2797 413 2938 468 οὕτω
2980 413 3037 468 δὲ
3069 413 3304 478 σύσκιον,
3332 413 3409 479 ὡς
3441 414 3718 468 {moremi-

495 510 673 560 cxstat
699 503 865 556 arbor
914 501 1095 571 Agnus
1147 502 1369 557 nomine
1392 504 1503 573 (ll)
1523 544 1538 568 ,
1567 503 1703 560 adeo
1730 504 1940 571 ﬂorida,
1970 507 2050 560 vi—

496 611 625 651 rens
651 602 704 650 et
725 607 914 664 opaca,
949 602 1011 646 ut
1035 592 1256 662 jugibus
1287 595 1466 664 potius
1492 596 1647 664 aquis
1678 597 1878 668 irrigua
1903 598 2056 653 nasci

497 689 764 743 videatur.
818 688 991 751 Quam
1053 685 1218 755 igitur
1254 687 1326 740 ob
1377 703 1619 749 causam,
1685 706 1806 744 cum
1853 699 2058 746 natura:

496 778 878 849 corruptibiles
908 778 1038 840 sint,
1063 790 1115 832 et
1141 793 1371 847 corpora
1399 780 1508 850 igni
1531 793 1939 846 consumantur,
1958 801 2058 840 nec

497 872 611 926 ﬁeri
640 869 813 941 piissit
841 877 901 924 ut
936 869 1045 940 igni
1082 868 1248 924 illaesa
1303 881 1673 939 permaneant,
1735 888 1854 943 quae
1891 875 2057 929 semel

497 981 592 1036 per
620 973 872 1018 naturam
909 971 1034 1018 sunt
1072 963 1475 1018 combustibilia
1521 980 1534 1016 :
1575 972 1784 1020 tantum
1816 967 1971 1021 abest
2000 970 2058 1022 ut

497 1058 610 1113 haec
655 1057 822 1112 arbor
874 1062 1174 1121 exuratur,
1241 1065 1299 1110 ut
1341 1057 1526 1120 etiam,
1576 1073 1885 1128 quanquam
1936 1069 2059 1114 nata

497 1149 766 1212 comburi,
795 1147 1058 1203 virentior
1082 1147 1310 1203 exsistat
1341 1156 1503 1218 atque
1536 1147 1849 1218 ﬂorentior;
1875 1151 2056 1220 idque,

498 1256 621 1295 cum
654 1241 718 1294 ad
743 1240 914 1310 ipsius
969 1241 1086 1309 ejus
1134 1241 1346 1296 radices
1377 1239 1518 1310 ignis
1552 1239 1795 1296 foveatur
1845 1249 1898 1295 et
1930 1258 2058 1297 eru-

499 1340 626 1388 ctet.
656 1333 801 1387 Sane
825 1349 926 1403 ego
953 1331 1239 1402 decerptos
1285 1344 1316 1382 e
1367 1333 1786 1403 circumjacente
1817 1335 1949 1390 silva
1973 1352 2063 1389 ar-

499 1426 715 1488 borum,
747 1442 952 1488 ramos,
988 1425 1041 1479 in
1067 1425 1244 1497 ignem
1275 1426 1386 1480 illic
1415 1433 1785 1496 erumpentem
1813 1428 2058 1499 conieci;

499 1518 592 1588 qui
655 1519 838 1573 subito
887 1517 1122 1572 ﬂammis
1177 1517 1434 1588 correpti,
1469 1517 1524 1572 in
1559 1519 1797 1574 cinerem
1853 1520 2058 1574 redacti

501 1618 648 1664 sunt.
683 1609 836 1680 Rogo
887 1611 1098 1680 itaque.
1133 1610 1485 1680 quamobrem
1515 1609 1659 1679 quod
1713 1625 1887 1679 neque
1930 1611 2065 1668 solis

496 1709 691 1755 a’stnm
729 1701 869 1755 ferre
900 1709 1096 1772 potest,
1135 1701 1230 1756 sed
1285 1700 1390 1756 nisi
1436 1701 1690 1772 irrigetur
1716 1710 2056 1772 poteturqne,

2159 523 2248 564 σαι
2273 506 2411 578 ὕδωρ
2452 507 2648 578 μᾶλλον
2699 507 2921 561 ἀένναον
2969 508 3098 561 αὐτὸ
3143 507 3588 578 βεδλαστηκέναι.
3638 505 3720 560 Δι’

2155 601 2221 671 ἣν
2247 599 2421 654 αἰτίαν
2444 595 2556 664 οὖν,
2583 601 2632 652 εἰ
2656 600 2842 670 φύσεις
2868 601 2972 653 εἰσὶ
2994 601 3264 672 φθαρτῶν,
3297 601 3388 654 κεί)⁵
3418 600 3520 653 ὑπὸ
3552 600 3722 671 πυρὸς

2155 692 2692 763 καταναλισκομένων
2721 694 3003 763 σωμάτων,
3053 693 3145 747 καὶ
3178 693 3437 746 ἀδύνατον
3472 692 3723 746 ἄκαυστι

2155 784 2422 854 διαμεῖναι
2442 784 2510 838 τὰ
2532 784 2674 851 ἅπαξ
2692 785 2902 854 φύσεως
2922 786 3228 858 ὑπάρχοντα
3256 787 3355 857 τῆς
3387 787 3683 856 καυστικῆς
3699 802 3717 816 ·

2155 875 2215 928 οὐ
2273 876 2428 946 μόνον
2487 877 2548 929 οὐ
2604 876 2997 946 καταφλέγεται
3059 877 3120 930 τὸ
3167 878 3329 948 φυτὸν
3385 877 3560 941 τοῦτο,
3601 877 3735 932 ἀλλ”

2157 969 2516 1040 ἀκμαιότερον
2558 970 2752 1040 μᾶλλον
2783 971 3013 1042 ὑπάρχει
3049 970 3144 1024 καὶ⁵
3181 971 3554 1041 χλοηρότερον,
3595 971 3625 1021 ὃ
3651 972 3724 1041 τῇ

2158 1060 2315 1130 φύσει
2339 1061 2452 1114 ἐστὶ
2475 1061 2725 1126 καυστὸν,
2774 1062 2866 1117 καὶ
2899 1061 3071 1116 ταῦτα
3100 1063 3228 1133 περὶ
3246 1061 3412 1124 αὑτὰς
3432 1061 3591 1114 αὐτοῦ
3622 1065 3726 1124 τὰς

2160 1152 2312 1222 ῥίζας
2349 1151 2440 1206 τοῦ
2486 1152 2653 1224 πυρὸς
2701 1153 3083 1224 ὲντυφομένου.
3140 1152 3383 1216 κλάδους
3432 1150 3563 1220 γοῦν
3609 1149 3725 1218 ἐγὼ

2157 1239 2384 1314 δένδρων
2435 1245 2499 1296 ὲκ
2547 1243 2644 1313 τῆς
2687 1243 3091 1316 παρακειμένης
3118 1242 3246 1313 ῦλης
3281 1242 3479 1314 ἔρριψα
3509 1241 3627 1294 καθ’
3666 1241 3730 1293 ὃν

2157 1333 2507 1404 ἀνερεύγεται
2554 1335 2614 1387 τὸ
2672 1334 2781 1406 πῦρ
2829 1336 3011 1398 τόπον,
3056 1335 3149 1388 καὶ
3182 1333 3382 1397 εὐθέως
3427 1335 3506 1396 είς
3551 1333 3729 1402 φλόγα

2158 1425 2413 1496 ἀρθέντες
2436 1425 2839 1496 ὲτεφρώθησαν.
2857 1427 3104 1498 Φράσατε
3132 1421 3222 1480 οῦν
3248 1424 3332 1495 δὴ,
3353 1424 3424 1477 δι’
3449 1426 3516 1496 ἢν
3546 1423 3729 1478 αἰτίαν

2158 1515 2220 1569 τὸ
2235 1515 2310 1587 μὴ
2337 1517 2602 1588 ὑποφέρον
2622 1517 2755 1589 μηδὲ
2777 1517 2875 1588 τὴν
2911 1516 2970 1581 ἐξ
2987 1515 3137 1587 ἡλίου
3162 1515 3415 1582 δέξασθαι
3440 1514 3729 1582 ἔκκαυσιν,

2159 1609 2294 1662 ἀλλὰ.
2325 1608 2707 1680 ξηραινόμενον
2740 1609 2833 1662 ἐὰν
2861 1608 2935 1680 μὴ
2974 1607 3207 1680 ἀρδευθῇ
3242 1605 3731 1680 βραχὲνμτοσούτῳ

2166 1699 2334 1770 πυρδς
2361 1699 2584 1771 φλογμῷ
2609 1701 2956 1771 συνεχόμενον
2993 1701 3054 1753 οὐ
3082 1699 3556 1760 καταναλίσκεται,
3593 1696 3732 1750 ἀλλὰ

497 1793 720 1860 arescit,
745 1800 1059 1847 coarctante
1089 1801 1241 1845 tanto
1269 1792 1541 1856 incendio,
1573 1807 1678 1848 non
1701 1794 2056 1858 consumitur;

2175 1788 2227 1861 ’ξῇ
2279 1807 2338 1842 τε
2380 1791 2472 1843 καὶ
2524 1790 2743 1857 θάλλει;
2805 1791 2870 1844 Τί
2895 1787 2987 1844 οὖν
3035 1790 3280 1861 βούλεται
3303 1790 3363 1844 τὸ
3393 1788 3731 1861 παράδοξονς

498 1884 636 1954 quin
668 1884 800 1937 vivit
821 1891 874 1938 et
925 1882 1120 1938 ﬂoret?
1145 1882 1284 1949 Quid
1327 1883 1428 1936 sibi
1465 1898 1593 1953 ergo
1616 1883 1728 1936 vult
1761 1883 1862 1938 hoc
1897 1883 2062 1938 mira-

500 1977 730 2030 culum?
778 1975 965 2031 Posuit
1028 1975 1169 2030 Deus
1221 1975 1416 2031 futurae
1472 1975 1579 2031 diei
1608 1976 1752 2030 illius
1801 1975 2061 2030 indicium

499 2068 776 2140 quoddam
798 2079 852 2123 et
877 2069 1122 2131 initium,
1153 2075 1210 2121 nt
1229 2069 1489 2132 sciamus,
1521 2068 1636 2124 fore
1668 2077 1726 2122 ut
1757 2069 1880 2138 igne
1909 2068 2064 2122 caeli-

500 2171 592 2219 tus
613 2163 850 2233 plnente,
874 2161 1346 2217 omnibusobrutis
1375 2162 1802 2230 absumptisque,
1833 2175 2062 2232 corpora

502 2255 597 2308 illa
655 2269 775 2324 qua:
825 2253 1139 2308 claruerunt
1170 2251 1225 2305 in
1257 2251 1505 2306 castitate
1565 2260 1619 2307 et
1671 2252 1907 2321 justitia,
1965 2267 2064 2322 per

504 2347 682 2416 ignem
717 2363 822 2400 non
847 2359 1006 2400 secus
1038 2359 1099 2398 ac
1129 2360 1224 2413 per
1266 2358 1460 2413 aquam
1505 2342 1774 2420 frigidam,
1807 2345 1925 2399 sine
1964 2344 2064 2397 ali-

503 2456 616 2509 quo
644 2438 828 2493 dolore
880 2452 942 2491 ac
977 2437 1219 2492 molestia
1258 2437 1325 2490 ab
1364 2436 1481 2504 ipso
1534 2437 1888 2492 deducantur.
1926 2435 2064 2494 Vere

502 2532 650 2585 enim
691 2537 1008 2583 nostrorum
1065 2527 1496 2593 commodorum,
1553 2528 1951 2584 studiosissime
2011 2537 2065 2584 et

509 2622 789 2689 magnilice
813 2620 1060 2684 Domine,
1099 2620 1190 2674 tibi
1225 2621 1416 2690 [actori
1468 2622 1692 2676 serviens
1741 2632 1984 2676 creatura
2012 2623 2064 2675 in

505 2709 757 2763 ultionem
797 2709 1043 2764 adversus
1075 2711 1278 2782 iniquos
1314 2712 1604 2766 intenditur
1651 2711 2024 2782 obrigescitque
2046 2728 2064 2765 :

503 2808 661 2868 atque
683 2798 750 2852 ad
777 2799 1077 2867 bene/icium
1115 2815 1210 2868 pro
1256 2801 1319 2854 iis
1360 2801 1449 2872 qui
1483 2799 1751 2868 conﬁdunt
1800 2801 1852 2853 in
1883 2809 1951 2864 te,
1985 2817 2067 2854 re-

508 2889 671 2942 missa
700 2890 965 2944 emollitur
986 2891 1030 2922 ”
1066 2909 1079 2944 :
1114 2892 1433 2960 volenteqne
1463 2898 1534 2952 te,
1562 2891 1702 2961 ignis
1731 2889 1947 2958 quidem
1973 2893 2067 2944 ‘re-

504 2980 786 3046 frigerium
816 2979 962 3045 facit,
1008 2982 1075 3037 iis
1132 2981 1266 3036 nihil
1304 2981 1446 3035 laesis
1479 2996 1710 3050 quorum
1753 2980 1868 3049 ipse
1905 2980 2063 3033 saluti

506 3075 819 3129 consultum
841 3075 1186 3141 decreveris;
1218 3081 1408 3128 contra
1442 3089 1570 3128 vero
1599 3088 1740 3142 aqua
1779 3073 2064 3128 vehemen-

2165 1884 2372 1952 Δεῖγμα
2429 1882 2587 1937 τοῦτο
2634 1884 2733 1954 τῆς
2781 1882 3078 1955 μελλούσης
3139 1884 3167 1935 ὁ
3212 1882 3342 1946 Θεὸς
3388 1881 3600 1953 ἡμέρας
3640 1878 3737 1934 καὶ

2167 1974 2446 2046 προοίμιον
2501 1975 2669 2040 ἔθετο,
2721 1977 2808 2030 ἵνα
2835 1975 3187 2046 γινώσκωμεν
3228 1973 3592 2046 εὔδηλότερον,
3626 1973 3736 2039 ὅτι,

2168 2067 2384 2120 πάντων
2437 2069 2569 2139 πυρὶ
2628 2068 2945 2139 καταϐασίῳ
2990 2066 3503 2138 κατομϐρουμένων,
3557 2063 3626 2117 τὰ
3677 2065 3742 2116 ἐν

2167 2158 2357 2230 ἁγνείᾳ
2381 2160 2601 2229 σώματα
2627 2160 2719 2212 καὶ
2741 2158 3052 2233 δικαιοσύνῃ
3071 2157 3458 2229 διαπρέψαντα,
3480 2154 3757 2227 καθάπερ.

2166 2249 2358 2322 ψυχρῷ
2391 2251 2541 2304 ῦδατι
2572 2251 2650 2322 τῷ
2675 2252 2808 2323 πυρὶ
2833 2250 2982 2304 οὐδὲν
3015 2250 3371 2320 ἁλγυνόμενα,
3403 2247 3538 2320 πρὸς
3569 2245 3742 2300 αὐτοῦ

2169 2342 2536 2413 ὲπιόήσονται.
2572 2343 2808 2414 Ἀληθῶς
2834 2344 2962 2416 γὰρ,
2983 2337 3026 2396 ὦ
3061 2339 3415 2414 μεγαλωφελῆ
3445 2340 3539 2393 καὶ
3568 2355 3758 2409 μεγα--

2168 2437 2368 2510 λόδωρε
2391 2439 2654 2498 Δέσποτα.
2702 2439 2738 2505 ἠ
2769 2437 2964 2503 κτίσις
3006 2451 3104 2489 σοι
3130 2434 3210 2500 τῷ
3233 2433 3550 2499 ποιήσαντι
3581 2435 3744 2497 ὑπη-

2161 2531 2445 2602 ρετοῦσα,
2492 2531 2840 2584 ἐπιτείνεται
2881 2531 2968 2595 εις
2996 2531 3256 2583 κόλασιν
3304 2526 3450 2580 κατά
3475 2523 3592 2577 τῶν
3615 2521 3746 2576 ἁδί-

2170 2640 2308 2678 κων·
2333 2623 2429 2675 καὶ
2457 2622 2681 2675 ἀνίεται
2709 2623 2794 2687 εις
2829 2621 3177 2690 εὐεργεσίαν
3205 2617 3356 2686 ὑπὲρ
3381 2615 3496 2671 τῶν
3512 2615 3611 2669 ἐπὶ
3635 2612 3743 2668 σοι

2170 2713 2559 2769 πεποιθότων·
2584 2713 2678 2765 καὶ
2705 2710 2948 2774 θέλοντός
2986 2727 3102 2774 σου,
3130 2707 3240 2780 πῦρ
3273 2708 3371 2779 μὲν
3413 2704 3740 2775 καταψύχει,

2171 2805 2561 2878 λυμαινόμενον
2588 2805 2740 2858 οὐδὲν
2783 2797 2858 2857 ὧν
2908 2803 3070 2866 αὐτὸς
3118 2802 3324 2875 κρίνεις
3345 2797 3740 2864 διασώζεσθαι·

2175 2897 2316 2968 ῦδωρ
2364 2899 2456 2950 καὶ
2513 2896 2744 2968 ἔμπαλιν
2789 2895 3137 2969 δριμυτέραις
3188 2891 3514 2962 καταφλέγει
3567 2889 3747 2961 πυρὸς

2174 2988 2523 3060 προσϐολατςο
2559 2989 2652 3042 καὶ
2677 2987 2829 3040 οὐδὲν
2861 2985 3236 3040 ἀντιτάσσεταί
3266 3001 3356 3036 σου
3389 2981 3465 3052 τῷ
3496 2982 3748 3050 ἁνικήτῳ

2175 3083 2384 3152 κράτει,
2440 3082 2531 3134 καὶ
2556 3084 2621 3152 τῇ
2666 3084 2730 3152 σῇ
2783 3079 2944 3150 ἰσχύϊ.
2972 3079 3153 3132 Πάντα
3178 3076 3287 3148 γὰρ
3325 3075 3540 3136 ἔκτισας
3564 3072 3622 3138 ἐξ
3641 3072 3752 3125 οὐκ

519 3167 630 3221 tius
657 3167 945 3237 acriusque
978 3167 1099 3238 igne
1155 3165 1457 3232 comburit,
1508 3181 1608 3219 nec
1640 3165 1933 3235 quidquam
1968 3165 2065 3218 im~

2175 3169 2368 3223 ὄντων·
2414 3171 2492 3224 διὸ
2549 3171 2643 3224 καὶ
2684 3171 2856 3224 πάντα
2895 3168 3259 3242 μεταλλεύεις,
3304 3167 3372 3220 σὰ
3403 3166 3760 3235 ὑπάρχοντα,

520 3259 737 3313 mortali
773 3268 862 3314 tuo
917 3259 1146 3330 imperio
1191 3267 1244 3312 et
1262 3257 1447 3312 virtuti
1500 3257 1728 3312 resistit.
1773 3255 1966 3311 Omnia
1995 3257 2072 3311 si-

2179 3261 2272 3314 καὶ
2301 3261 2742 3331 μετασκευάζεις,
2787 3262 2944 3332 μόνος
2979 3261 3235 3332 ὑπάρχων
3272 3258 3421 3322 Θεὸς,
3444 3257 3518 3319 ὡς
3547 3253 3764 3318 θέλεις..

507 3353 730 3423 quidem
759 3369 823 3408 ex
847 3354 1014 3408 nihilo
1045 3353 1242 3409 creasti
1283 3372 1296 3408 :
1330 3368 1498 3423 quare
1524 3353 1686 3407 etiam
1723 3351 1925 3416 omnia,
1949 3367 2069 3407 cum
2103 3361 2196 3410 tua
2225 3356 2357 3423 sint,
2393 3366 2450 3411 ut
2503 3357 2746 3420 libuerit,
2785 3358 2840 3412 in
2884 3358 3109 3412 formam
3153 3357 3315 3410 aliam
3369 3353 3754 3421 rationemque

509 3447 784 3500 convertis
807 3454 858 3500 et
887 3453 1084 3508 mutas,
1120 3444 1384 3514 quisolus
1415 3442 1558 3498 Deus
1589 3444 1831 3498 exsistis.

583 3537 697 3594 XV.
729 3539 1022 3608 Apostolus
1045 3555 1197 3609 ergo,
1225 3555 1348 3592 cum
1383 3538 1627 3609 plantare
1653 3547 1706 3594 et
1735 3540 1934 3611 rigare,
1966 3539 2069 3593 arti

513 3645 579 3686 ac
613 3640 768 3685 terra:
794 3638 845 3685 et
869 3647 1021 3701 aquae
1051 3631 1372 3696 tribuisset,
1415 3631 1526 3686 Deo
1557 3632 1658 3687 soli
1709 3634 2070 3688 accretionem

513 3722 806 3785 concessit,
837 3737 958 3774 cum
990 3722 1065 3775 ait
1094 3739 1107 3774 :
1149 3721 1329 3792 Neque
1357 3723 1447 3793 qui
1484 3723 1690 3790 plantat
1725 3734 1803 3778 est
1834 3723 2034 3794 aliquid
2055 3763 2069 3788 ,

514 3829 674 3882 neque
699 3813 788 3882 qui
818 3813 985 3882 rigat;
1035 3812 1126 3866 sed
1149 3817 1237 3883 qui
1265 3813 1358 3867 dat
1386 3815 1761 3870 incrementum
1784 3857 1799 3881 ,
1832 3817 1971 3871 Deus
2003 3816 2069 3868 “.

513 3903 748 3958 Noverat
780 3904 922 3957 enim
975 3903 1212 3958 divinam
1246 3906 1415 3970 illam,
1441 3912 1566 3962 ante
1587 3907 1770 3988 qmnia
1797 3908 2032 3979 genitam
2054 3947 2070 3974 ,

515 3996 697 4050 omnia
727 3997 1128 4066 progignentem
1156 3999 1507 4068 omniumque
1537 3998 1796 4054 artiﬁcem
1841 3999 1932 4055 Dei
1975 3998 2074 4054 Sa-

517 4091 810 4160 pientiam,
839 4091 1091 4146 universa
1119 4092 1174 4146 in
1214 4090 1475 4146 mundum
1525 4091 1860 4162 producere;
1912 4107 2074 4163 qnam

515 4181 679 4236 etiam
711 4181 918 4251 antiqui
950 4191 1198 4236 naturam
1226 4194 1558 4239 vocaverunt
1581 4192 1634 4240 et
1658 4185 2074 4254 providentiam,

515 4273 662 4342 quod
693 4289 906 4343 semper
938 4274 1226 4343 providens
1246 4291 1588 4346 curansque,
1619 4276 1873 4332 omnibus
1904 4275 1992 4330 det
2021 4283 2079 4329 ut

518 4373 814 4420 nascantur
854 4372 906 4419 et
935 4375 1201 4420 crescant.
1237 4365 1370 4420 Nam
1391 4409 1406 4432 ,
1443 4368 1619 4439 inquit
1641 4369 1710 4436 ”,
1743 4367 1904 4423 Pater
1938 4385 2079 4423 meus

2245 3539 2346 3595 IE’.
2386 3538 2444 3591 '0
2470 3537 2597 3608 γοῦν
2637 3537 2953 3601 Ἀώστολος
2999 3536 3132 3607 (19.),
3179 3537 3240 3591 τὸ
3285 3537 3603 3606 φυτεύεσθαι
3652 3539 3757 3592 καὶ

2177 3631 2488 3697 ποτίζεσθαι
2516 3633 2676 3703 τέχνῃ
2721 3632 2813 3684 καὶ
2845 3634 2915 3703 γῇ
2949 3631 3042 3684 καλ⁸
3065 3630 3212 3684 ῦδατι
3242 3630 3382 3693 δοὺς,
3412 3629 3489 3700 τῷ
3535 3631 3657 3702 Θεῷ
3684 3633 3764 3686 τὸ

2177 3722 2423 3788 αὐξάνειν
2449 3721 2789 3795 συνεχώρησε
2829 3723 2998 3793 μόνῳ·
3036 3721 3192 3787 ἔνθα,
3223 3722 3360 3774 οὔτε
3397 3725 3430 3775 ό
3470 3724 3761 3791 φυτεύων⁸

2177 3815 2314 3867 οὔτε
2352 3817 2384 3868 ci
2412 3814 2660 3875 ποτίζων
2697 3814 2832 3867 ἐστι
2878 3831 2954 3878 τι,
3015 3813 3152 3867 ἀλλ’
3191 3815 3224 3866 ό
3256 3811 3533 3876 αὐξάνων
3575 3814 3758 3881 Θεὸς,

2179 3903 2304 3976 εφη.
2339 3906 2632 3960 Ἦπίστατο
2654 3906 2761 3978 γὰρ
2783 3905 2958 3958 πάντα
2977 3904 3249 3974 γεννῶσαν
3274 3905 3370 3975 τὴν
3403 3905 3756 3978 πρωτόγονον

2183 3997 2373 4068 σοφίαν
2405 3999 2496 4052 τοῦ
2542 4000 2696 4064 Θεοῦ,
2734 4000 2826 4052 καὶ
2873 4001 3088 4054 πάντων
3121 3997 3407 4070 τεχνίτιδα,
3446 3999 3626 4053 πάντα
3667 4003 3760 4066 εἰς

2179 4089 2270 4141 τὸν
2303 4089 2504 4160 κόσμον
2545 4091 2862 4162 προφέρεινο
2913 4092 2976 4160 ἢν
3013 4090 3121 4162 γὰρ
3149 4091 3255 4162 (l5)
3287 4090 3504 4144 rit-alato).
3554 4091 3758 4163 ἄνδρες

2184 4180 2342 4249 φύσιν
2373 4181 2632 4235 ἐκάλεσαν
2672 4183 2765 4235 καὶ
2800 4183 3071 4254 πρόνοιαν,
3108 4181 3257 4253 παρὰ
3286 4182 3346 4235 τὸ
3379 4183 3531 4253 φύειν
3577 4185 3758 4254 αὐτὴν

2186 4275 2400 4328 ἃπαντα
2433 4275 2524 4327 καὶ
2555 4273 2772 4340 αὔξειν,
2820 4273 3220 4347 προνοουμένην
3263 4275 3348 4329 ἀεὶ
3397 4277 3490 4329 καὶ
3528 4277 3759 4348 φροντί-

2187 4364 2414 4430 ζουσανο
2455 4367 2508 4417 '0
2551 4365 2660 4437 γὰρ
2695 4365 2893 4434 Πατήρ
2935 4383 3052 4436 μου
3101 4365 3210 4431 ἕως
3247 4365 3377 4434 ἄρτι
3427 4365 3757 4435 ἐργάζεται,

519 4475 680 4528 usque
724 4456 874 4511 modo
913 4469 1180 4527 operatur,
1215 4469 1262 4513 et
1308 4476 1399 4536 ego
1454 4478 1657 4530 operor.
1720 4459 2069 4527 Quamobrem

2189 4459 2342 4528 φησὶ,
2383 4457 2542 4528 κάγὼ
2581 4456 2908 4526 ἐργάζομαι.
2950 4457 3111 4511 Ὅθεν
3156 4457 3242 4511 διὰ
3289 4457 3459 4510 ταῦτα
3491 4457 3552 4528 δὴ
3583 4459 3680 4510 καὶ
3724 4461 3762 4511 ὁ

519 4548 682 4604 etiam
719 4547 1004 4616 Salomon,
1058 4552 1315 4620 artiﬁcem
1351 4554 1613 4618 omnium,
1666 4553 1952 4624 appellavit
1981 4553 2026 4585 ⁸⁸
2061 4571 2076 4606 :

522 4641 720 4714 quippe
747 4658 869 4697 cum
907 4643 1055 4697 nulla
1083 4644 1152 4698 sit
1180 4644 1234 4697 in
1266 4643 1374 4700 Deo
1414 4645 1709 4716 indigentia
1732 4686 1746 4707 ,
1776 4645 1870 4700 sed
1901 4645 2082 4699 omnia

523 4735 807 4802 opulenter
845 4744 899 4789 et
933 4750 1119 4791 creare
1164 4742 1218 4790 et
1248 4736 1425 4792 facere
1456 4745 1512 4792 et
1546 4737 1754 4792 variare
1785 4745 1839 4792 et
1887 4753 2085 4808 augere

523 4826 720 4880 valeat.

596 4939 639 4971 “
675 4939 803 5007 Sap.
829 4957 943 5005 xvt,
973 4941 1063 4995 24.
1146 4939 1231 4993 ⁸⁵1
1266 4940 1391 4996 Cor.
1427 4956 1510 5006 ιιι,
1535 4939 1586 4994 7.
1673 4940 1716 4972 ⁸³
1739 4938 1960 5004 Joan.v,
1987 4941 2070 4995 17.

599 5053 711 5125 (Η)
744 5055 914 5126 Arbor
947 5056 1124 5126 Agnus
1175 5056 1400 5118 nomine,
1466 5055 1628 5122 ἄγνου
1675 5052 1858 5126 φυτόν.
1895 5052 2088 5126 Ηὶετοτ

527 5124 739 5197 nymus
767 5124 936 5197 Devit.
955 5124 1152 5197 nixi",
1184 5126 1274 5197 40,
1305 5125 1519 5197 calicem
1540 5125 1785 5197 torrentis
1813 5125 1966 5197 dicit,
1993 5124 2087 5197 ubi

528 5193 691 5253 etiam
719 5193 858 5265 LXX
901 5195 968 5265 ad
989 5210 1173 5250 vocem
1203 5195 1384 5265 Adyvou
1419 5194 1626 5250 addunt
1653 5194 1744 5248 τοῦ
1773 5194 2093 5265 χειμὰῥρου,

530 5266 598 5320 ad
632 5264 1042 5332 signiﬁcandum
1078 5263 1310 5334 gaudere
1338 5265 1605 5334 ejusmodi
1631 5263 1879 5334 arborem
1911 5263 2092 5333 aquis,

531 5336 888 5402 videmusque
924 5333 1122 5403 passim
1158 5333 1492 5389 luxuriantes
1519 5335 1583 5388 ad
1625 5336 1773 5404 ripas
1809 5333 2090 5387 ﬂuminum

532 5408 778 5474 locisque
803 5404 1134 5475 palustribus
1159 5419 1171 5454 :
1197 5421 1304 5474 quo
1331 5405 1501 5474 magis
1541 5414 1770 5475 augetur
1798 5404 2092 5458 Methodia-

536 5493 664 5532 num
694 5473 868 5529 istud
925 5489 1048 5529 vere
1109 5473 1311 5542 grande
1363 5473 1726 5530 miraculum:
1766 5476 1852 5528 cui
1905 5482 2084 5528 tamen

537 5553 789 5601 astruunt
819 5543 976 5598 Iidem
1009 5545 1161 5598 nives
1186 5545 1289 5598 illa:
1315 5546 1555 5615 ad_ipsas
1580 5547 1762 5600 lances
1783 5545 2085 5599 ﬂammivo-

539 5631 656 5672 mas
694 5615 948 5669 similium
981 5615 1239 5669 montium
1286 5616 1341 5669 in
1387 5613 1559 5673 Italia.
1590 5617 1824 5685 olimque
1857 5615 1911 5668 in
1948 5615 2086 5669 Sici-

540 5688 632 5748 lia,
662 5686 754 5739 ubi
775 5686 1065 5739 biluminea
1111 5686 1336 5738 materia
1369 5687 1516 5740 velut
1548 5687 1810 5740 exhausta
1839 5685 1904 5739 ad
1937 5687 2090 5739 ﬂam-

543 5773 661 5812 mas
694 5756 812 5811 illas
860 5756 1128 5812 terribiles
1173 5757 1402 5812 videtur.
1451 5755 1554 5812 Job
1585 5773 1796 5826 quoque
1835 5771 1956 5825 cap.
2000 5773 2088 5821 η,

2185 4549 2432 4620 Σολομῶν
2477 4549 2756 4603 ἁπάντων
2790 4549 2956 4620 αὐτὴν
3005 4550 3302 4619 τεχνίτιδα
3348 4551 3636 4604 ἐκάλεσενο
3673 4552 3764 4615 εἰς

2185 4645 2335 4699 οὐδὲν
2369 4646 2732 4715 πτωχεύοντος
2763 4645 2856 4699 τοῦ
2901 4645 3058 4709 Θεοῦ,
3103 4644 3235 4698 ἀλλὰ
3266 4645 3530 4706 πλουσίως
3571 4643 3764 4697 πάντα

2190 4738 2283 4791 καὶ
2319 4736 2543 4800 κτίζειν,
2574 4739 2668 4792 καί
2713 4739 2903 4802 ποιεῖν,
2941 4737 3034 4791 καὶ
3076 4737 3402 4801 ποικίλλειν,
3449 4736 3542 4790 καὶ
3569 4733 3765 4800 αὔξειν

2190 4828 2508 4900 δυναμένου.

2158 4940 2203 4972 ⁸⁸
2236 4939 2361 5010 Sap.
2390 4958 2488 5008 vn,
2511 4941 2600 4996 21.

2199 5054 2291 5128 ubi
2322 5053 2482 5128 δίκῃ,
2517 5055 2720 5118 κλῶνες
2769 5053 2962 5128 ἀγροῦ,
2995 5060 3047 5108 et
3075 5053 3304 5128 Aquila,
3349 5052 3767 5128 ἰτέαι-χειμάρ-

2200 5127 2295 5195 ρου
2321 5168 2333 5191 ,
2366 5115 2553 5180 salices
2576 5115 2856 5187 torrentis,
2892 5115 3046 5178 notat
3075 5115 3328 5195 Nobilius
3373 5125 3425 5195 in
3457 5115 3576 5179 aliis
3598 5115 3768 5195 libris

2197 5193 2320 5249 esse
2373 5196 2555 5264 ἄγνου·
2595 5196 2730 5252 forte
2764 5195 3111 5250 scribendum
3164 5194 3350 5263 ἄγνου.
3379 5193 3580 5264 Catena
3609 5193 3768 5250 Lon-

2197 5263 2428 5318 diniana
2447 5267 2498 5319 in
2529 5265 2649 5328 Job,
2682 5265 2748 5318 ad
2778 5281 2900 5320 eum
2939 5281 3152 5318 versum
3189 5281 3386 5332 marg..
3421 5281 3509 5334 π).
3542 5263 3760 5332 ἄγνου,

2195 5344 2246 5388 et
2270 5335 2344 5387 sic
2371 5335 2425 5387 in
2449 5353 2545 5390 ms.
2577 5336 2800 5390 Thecla:
2853 5334 3108 5389 Eamdem
3173 5336 3421 5388 arborem
3479 5335 3642 5389 etiam
3689 5352 3768 5393 ex

2197 5407 2440 5474 profanis
2471 5407 2626 5461 docet
2661 5408 2902 5460 Dioscm.
2953 5407 2987 5460 Ι.
3037 5421 3075 5465 ι,
3111 5422 3159 5460 c.
3187 5406 3309 5470 H6,
3333 5406 3560 5474 ejusque
3587 5421 3770 5474 expo-

2196 5476 2332 5528 sitor
2362 5475 2693 5529 Matthiolus.
2721 5506 2792 5517 —
2829 5475 3064 5543 Hujusce
3117 5475 3330 5529 arboris
3353 5474 3599 5530 meminit
3626 5477 3764 5530 item

2197 5543 2252 5617 ξ.
2293 5545 2492 5617 Martyr
2520 5547 2572 5599 in
2599 5545 2850 5617 _Canvirio
2872 5546 3046 5600 decent
3073 5546 3258 5616 virgin.
3303 5546 3408 5601 sub
3435 5546 3676 5611 initium,
3705 5554 3773 5602 et

2193 5615 2344 5687 Orat.
2361 5615 2486 5687 _x,‘§
2511 5617 2562 5674 5.
2587 5615 2755 5670 GALL.

2267 5685 2638 5755 Ηξὶγσγοῦν
2685 5688 2813 5740 Ἀπ.
2839 5686 2914 5740 Ex
2949 5687 3137 5741 eodem
3171 5688 3293 5743 cod.
3328 5687 3512 5757 Rupit.

2268 5758 2380 5828 (1'5)
2413 5759 2525 5812 Ἦν
2555 5757 2682 5828 πεάρ.
2703 5758 2809 5813 Pro
2855 5757 2961 5829 γάρ
2991 5759 3155 5813 scrib.
3191 5759 3306 5813 καί.
