  <div class='ocr_page' id='page_1' title='image "/cluster/home/n/w/nwhite01/storage/ocr_20150623/18/hvd.32044073501215/155.png"; bbox 0 0 4010 6328; ppageno 0'>
   <div class='ocr_carea' id='block_1_1' title="bbox 549 294 665 353">
    <p class='ocr_par' dir='ltr' id='par_1_1' title="bbox 549 294 665 353">
     <span class='ocr_line' id='line_1_1' title="bbox 549 294 665 353; baseline 0.017 -2"><span class='ocrx_word' id='word_1_1' title='bbox 549 294 665 353; x_wconf 71' lang='lat'><strong>295</strong></span> 
     </span>
    </p>
   </div>
   <div class='ocr_carea' id='block_1_2' title="bbox 1501 264 2810 349">
    <p class='ocr_par' dir='ltr' id='par_1_2' title="bbox 1501 264 2810 349">
     <span class='ocr_line' id='line_1_2' title="bbox 1501 264 2810 349; baseline 0.002 -3"><span class='ocrx_word' id='word_1_2' title='bbox 1501 289 1560 346; x_wconf 88' lang='lat' dir='ltr'><strong>s.</strong></span> <span class='ocrx_word' id='word_1_3' title='bbox 1599 264 1929 347; x_wconf 65' lang='lat' dir='ltr'><strong>uernoon</strong></span> <span class='ocrx_word' id='word_1_4' title='bbox 1968 289 2278 347; x_wconf 79' lang='lat' dir='ltr'><strong>EPISCOPI</strong></span> <span class='ocrx_word' id='word_1_5' title='bbox 2320 291 2408 347; x_wconf 83' lang='lat' dir='ltr'><strong>ET</strong></span> <span class='ocrx_word' id='word_1_6' title='bbox 2449 291 2810 349; x_wconf 70' lang='lat' dir='ltr'><strong>mannis</strong></span> 
     </span>
    </p>
   </div>
   <div class='ocr_carea' id='block_1_3' title="bbox 3679 298 3785 354">
    <p class='ocr_par' dir='ltr' id='par_1_3' title="bbox 3679 298 3785 354">
     <span class='ocr_line' id='line_1_3' title="bbox 3679 298 3785 354; baseline 0.009 -1"><span class='ocrx_word' id='word_1_7' title='bbox 3679 298 3785 354; x_wconf 74' lang='lat'><strong>9.96</strong></span> 
     </span>
    </p>
   </div>
   <div class='ocr_carea' id='block_1_4' title="bbox 545 402 2109 480">
    <p class='ocr_par' dir='ltr' id='par_1_4' title="bbox 545 402 2109 480">
     <span class='ocr_line' id='line_1_4' title="bbox 545 402 2109 480; baseline -0.007 -13"><span class='ocrx_word' id='word_1_8' title='bbox 545 412 707 468; x_wconf 80' lang='lat' dir='ltr'><strong>dicit.</strong></span> <span class='ocrx_word' id='word_1_9' title='bbox 757 407 943 480; x_wconf 87' lang='lat' dir='ltr'><strong>Neque</strong></span> <span class='ocrx_word' id='word_1_10' title='bbox 987 405 1132 462; x_wconf 91' lang='lat' dir='ltr'><strong>enim</strong></span> <span class='ocrx_word' id='word_1_11' title='bbox 1159 403 1489 475; x_wconf 78' lang='lat' dir='ltr'><strong>Apostolus,</strong></span> <span class='ocrx_word' id='word_1_12' title='bbox 1541 403 1752 473; x_wconf 80' lang='lat' dir='ltr'><strong>inquit,</strong></span> <span class='ocrx_word' id='word_1_13' title='bbox 1806 402 2109 472; x_wconf 79' lang='lat' dir='ltr'><strong>paradisum</strong></span> 
     </span>
    </p>
   </div>
   <div class='ocr_carea' id='block_1_5' title="bbox 2210 402 3780 480">
    <p class='ocr_par' dir='ltr' id='par_1_5' title="bbox 2224 403 3780 478">
     <span class='ocr_line' id='line_1_5' title="bbox 2224 403 3780 478; baseline 0.005 -21"><span class='ocrx_word' id='word_1_14' title='bbox 2224 403 2452 476; x_wconf 80' lang='grc' dir='ltr'><strong>Παύλῳ·</strong></span> <span class='ocrx_word' id='word_1_15' title='bbox 2489 404 2637 473; x_wconf 81' lang='grc' dir='ltr'><strong>λέγει</strong></span> <span class='ocrx_word' id='word_1_16' title='bbox 2666 406 2801 478; x_wconf 82' lang='grc' dir='ltr'><strong>γάρ’</strong></span> <span class='ocrx_word' id='word_1_17' title='bbox 2840 405 2978 458; x_wconf 82' lang='grc' dir='ltr'>Ἀλλ’</span> <span class='ocrx_word' id='word_1_18' title='bbox 3017 404 3138 459; x_wconf 74' lang='grc' dir='ltr'>οὐδὲ</span> <span class='ocrx_word' id='word_1_19' title='bbox 3168 406 3197 459; x_wconf 98' lang='lat'><strong>6</strong></span> <span class='ocrx_word' id='word_1_20' title='bbox 3239 406 3557 471; x_wconf 75' lang='grc' dir='ltr'>’Δπόστολος</span> <span class='ocrx_word' id='word_1_21' title='bbox 3603 409 3780 464; x_wconf 79' lang='grc' dir='ltr'>ὑποτί-</span> 
     </span>
    </p>
   </div>
   <div class='ocr_carea' id='block_1_6' title="bbox 548 495 2114 568">
    <p class='ocr_par' dir='ltr' id='par_1_6' title="bbox 548 495 2114 568">
     <span class='ocr_line' id='line_1_6' title="bbox 548 495 2114 568; baseline -0.008 -8"><span class='ocrx_word' id='word_1_22' title='bbox 548 509 608 561; x_wconf 74' lang='lat' dir='ltr'><strong>in</strong></span> <span class='ocrx_word' id='word_1_23' title='bbox 644 502 807 559; x_wconf 86' lang='lat' dir='ltr'><strong>tertio</strong></span> <span class='ocrx_word' id='word_1_24' title='bbox 838 500 977 555; x_wconf 62' lang='lat' dir='ltr'><strong>coelo</strong></span> <span class='ocrx_word' id='word_1_25' title='bbox 1010 499 1276 563; x_wconf 90' lang='lat' dir='ltr'><strong>collocat,</strong></span> <span class='ocrx_word' id='word_1_26' title='bbox 1313 498 1358 553; x_wconf 88' lang='lat' dir='ltr'><strong>si</strong></span> <span class='ocrx_word' id='word_1_27' title='bbox 1403 497 1527 568; x_wconf 91' lang='lat' dir='ltr'><strong>quis</strong></span> <span class='ocrx_word' id='word_1_28' title='bbox 1561 497 1704 550; x_wconf 91' lang='lat' dir='ltr'><strong>illius</strong></span> <span class='ocrx_word' id='word_1_29' title='bbox 1733 496 1894 549; x_wconf 81' lang='lat' dir='ltr'><strong>verba</strong></span> <span class='ocrx_word' id='word_1_30' title='bbox 1927 495 2114 549; x_wconf 78' lang='lat' dir='ltr'><strong>subtili</strong></span> 
     </span>
    </p>
   </div>
   <div class='ocr_carea' id='block_1_7' title="bbox 544 585 2113 668">
    <p class='ocr_par' dir='ltr' id='par_1_7' title="bbox 544 585 2113 668">
     <span class='ocr_line' id='line_1_7' title="bbox 544 585 2113 668; baseline -0.008 -18"><span class='ocrx_word' id='word_1_31' title='bbox 544 597 782 668; x_wconf 82' lang='lat' dir='ltr'><strong>quadam</strong></span> <span class='ocrx_word' id='word_1_32' title='bbox 821 589 1173 660; x_wconf 79' lang='lat' dir='ltr'><strong>intelligentia</strong></span> <span class='ocrx_word' id='word_1_33' title='bbox 1206 589 1471 658; x_wconf 80' lang='lat' dir='ltr'><strong>percipiat</strong></span> <span class='ocrx_word' id='word_1_34' title='bbox 1497 607 1510 642; x_wconf 90' lang='lat'><strong>:</strong></span> <span class='ocrx_word' id='word_1_35' title='bbox 1533 585 1652 642; x_wconf 88' lang='lat' dir='ltr'><strong>Scio</strong></span> <span class='ocrx_word' id='word_1_36' title='bbox 1682 585 2113 655; x_wconf 76' lang='lat' dir='ltr'><strong>enim,inquit&quot;,</strong></span> 
     </span>
    </p>
   </div>
   <div class='ocr_carea' id='block_1_8' title="bbox 549 677 2112 756">
    <p class='ocr_par' dir='ltr' id='par_1_8' title="bbox 549 677 2112 756">
     <span class='ocr_line' id='line_1_8' title="bbox 549 677 2112 756; baseline -0.006 -14"><span class='ocrx_word' id='word_1_37' title='bbox 549 683 852 756; x_wconf 83' lang='lat' dir='ltr'><strong>hujusmodi</strong></span> <span class='ocrx_word' id='word_1_38' title='bbox 872 683 1129 736; x_wconf 80' lang='lat' dir='ltr'><strong>hominem</strong></span> <span class='ocrx_word' id='word_1_39' title='bbox 1162 691 1369 749; x_wconf 85' lang='lat' dir='ltr'><strong>raptum</strong></span> <span class='ocrx_word' id='word_1_40' title='bbox 1396 696 1554 750; x_wconf 81' lang='lat' dir='ltr'><strong>usque</strong></span> <span class='ocrx_word' id='word_1_41' title='bbox 1576 678 1643 732; x_wconf 84' lang='lat' dir='ltr'><strong>ad</strong></span> <span class='ocrx_word' id='word_1_42' title='bbox 1677 680 1883 732; x_wconf 87' lang='lat' dir='ltr'><strong>tertium</strong></span> <span class='ocrx_word' id='word_1_43' title='bbox 1906 677 2112 732; x_wconf 77' lang='lat' dir='ltr'><strong>caelum.</strong></span> 
     </span>
    </p>
   </div>
   <div class='ocr_carea' id='block_1_9' title="bbox 557 769 2118 844">
    <p class='ocr_par' dir='ltr' id='par_1_9' title="bbox 557 769 2118 844">
     <span class='ocr_line' id='line_1_9' title="bbox 557 769 2118 844; baseline -0.007 -11"><span class='ocrx_word' id='word_1_44' title='bbox 557 779 626 834; x_wconf 78' lang='lat' dir='ltr'><strong>Et</strong></span> <span class='ocrx_word' id='word_1_45' title='bbox 656 779 761 832; x_wconf 86' lang='lat' dir='ltr'><strong>scio</strong></span> <span class='ocrx_word' id='word_1_46' title='bbox 807 772 1110 844; x_wconf 83' lang='lat' dir='ltr'><strong>hujusmodi</strong></span> <span class='ocrx_word' id='word_1_47' title='bbox 1159 773 1452 831; x_wconf 84' lang='lat' dir='ltr'><strong>hominem.</strong></span> <span class='ocrx_word' id='word_1_48' title='bbox 1502 771 1606 824; x_wconf 81' lang='lat' dir='ltr'><strong>sive</strong></span> <span class='ocrx_word' id='word_1_49' title='bbox 1641 770 1696 823; x_wconf 77' lang='lat' dir='ltr'><strong>in</strong></span> <span class='ocrx_word' id='word_1_50' title='bbox 1733 785 1978 838; x_wconf 82' lang='lat' dir='ltr'><strong>corpore,</strong></span> <span class='ocrx_word' id='word_1_51' title='bbox 2011 769 2118 823; x_wconf 76' lang='lat' dir='ltr'><strong>sive</strong></span> 
     </span>
    </p>
   </div>
   <div class='ocr_carea' id='block_1_10' title="bbox 544 861 2118 936">
    <p class='ocr_par' dir='ltr' id='par_1_10' title="bbox 544 861 2118 936">
     <span class='ocr_line' id='line_1_10' title="bbox 544 861 2118 936; baseline -0.007 -13"><span class='ocrx_word' id='word_1_52' title='bbox 544 881 700 924; x_wconf 74' lang='lat' dir='ltr'><strong>extra</strong></span> <span class='ocrx_word' id='word_1_53' title='bbox 731 884 948 936; x_wconf 84' lang='lat' dir='ltr'><strong>corpus,</strong></span> <span class='ocrx_word' id='word_1_54' title='bbox 981 865 1119 919; x_wconf 84' lang='lat' dir='ltr'><strong>Deus</strong></span> <span class='ocrx_word' id='word_1_55' title='bbox 1140 867 1270 928; x_wconf 83' lang='lat' dir='ltr'><strong>scit;</strong></span> <span class='ocrx_word' id='word_1_56' title='bbox 1300 863 1547 934; x_wconf 85' lang='lat' dir='ltr'><strong>quoniam</strong></span> <span class='ocrx_word' id='word_1_57' title='bbox 1586 871 1774 930; x_wconf 86' lang='lat' dir='ltr'><strong>raptus</strong></span> <span class='ocrx_word' id='word_1_58' title='bbox 1816 871 1893 915; x_wconf 92' lang='lat' dir='ltr'><strong>est</strong></span> <span class='ocrx_word' id='word_1_59' title='bbox 1929 861 1986 914; x_wconf 84' lang='lat' dir='ltr'><strong>in</strong></span> <span class='ocrx_word' id='word_1_60' title='bbox 2020 875 2118 929; x_wconf 81' lang='lat' dir='ltr'><strong>pa-</strong></span> 
     </span>
    </p>
   </div>
   <div class='ocr_carea' id='block_1_11' title="bbox 544 953 2118 1023">
    <p class='ocr_par' dir='ltr' id='par_1_11' title="bbox 544 953 2118 1023">
     <span class='ocr_line' id='line_1_11' title="bbox 544 953 2118 1023; baseline -0.005 -12"><span class='ocrx_word' id='word_1_61' title='bbox 544 958 808 1012; x_wconf 80' lang='lat' dir='ltr'><strong>radisum.</strong></span> <span class='ocrx_word' id='word_1_62' title='bbox 859 957 1071 1023; x_wconf 85' lang='lat' dir='ltr'><strong>Quibus</strong></span> <span class='ocrx_word' id='word_1_63' title='bbox 1115 956 1330 1019; x_wconf 86' lang='lat' dir='ltr'><strong>verbis,</strong></span> <span class='ocrx_word' id='word_1_64' title='bbox 1368 956 1504 1009; x_wconf 90' lang='lat' dir='ltr'><strong>duas</strong></span> <span class='ocrx_word' id='word_1_65' title='bbox 1533 969 1592 1009; x_wconf 90' lang='lat' dir='ltr'><strong>se</strong></span> <span class='ocrx_word' id='word_1_66' title='bbox 1622 953 1862 1008; x_wconf 90' lang='lat' dir='ltr'><strong>illustres</strong></span> <span class='ocrx_word' id='word_1_67' title='bbox 1909 953 2118 1006; x_wconf 81' lang='lat' dir='ltr'><strong>revela-</strong></span> 
     </span>
    </p>
   </div>
   <div class='ocr_carea' id='block_1_12' title="bbox 549 1041 2112 1119">
    <p class='ocr_par' dir='ltr' id='par_1_12' title="bbox 549 1041 2112 1119">
     <span class='ocr_line' id='line_1_12' title="bbox 549 1041 2112 1119; baseline -0.001 -16"><span class='ocrx_word' id='word_1_68' title='bbox 549 1054 727 1106; x_wconf 79' lang='lat' dir='ltr'><strong>tiones</strong></span> <span class='ocrx_word' id='word_1_69' title='bbox 782 1051 985 1104; x_wconf 72' lang='lat' dir='ltr'><strong>vidisse</strong></span> <span class='ocrx_word' id='word_1_70' title='bbox 1052 1041 1356 1119; x_wconf 69' lang='lat' dir='ltr'><strong>signiﬁcat;</strong></span> <span class='ocrx_word' id='word_1_71' title='bbox 1410 1048 1495 1103; x_wconf 86' lang='lat' dir='ltr'><strong>bis</strong></span> <span class='ocrx_word' id='word_1_72' title='bbox 1537 1046 1824 1102; x_wconf 80' lang='lat' dir='ltr'><strong>manifeste</strong></span> <span class='ocrx_word' id='word_1_73' title='bbox 1874 1054 2112 1115; x_wconf 86' lang='lat' dir='ltr'><strong>raptus:</strong></span> 
     </span>
    </p>
   </div>
   <div class='ocr_carea' id='block_1_13' title="bbox 549 1138 2116 1212">
    <p class='ocr_par' dir='ltr' id='par_1_13' title="bbox 549 1138 2116 1212">
     <span class='ocr_line' id='line_1_13' title="bbox 549 1138 2116 1212; baseline -0.004 -14"><span class='ocrx_word' id='word_1_74' title='bbox 549 1143 714 1198; x_wconf 86' lang='lat' dir='ltr'><strong>semel</strong></span> <span class='ocrx_word' id='word_1_75' title='bbox 748 1142 964 1212; x_wconf 85' lang='lat' dir='ltr'><strong>quidem</strong></span> <span class='ocrx_word' id='word_1_76' title='bbox 994 1156 1166 1210; x_wconf 88' lang='lat' dir='ltr'><strong>usque</strong></span> <span class='ocrx_word' id='word_1_77' title='bbox 1196 1141 1260 1195; x_wconf 91' lang='lat' dir='ltr'><strong>ad</strong></span> <span class='ocrx_word' id='word_1_78' title='bbox 1297 1141 1516 1195; x_wconf 88' lang='lat' dir='ltr'><strong>tertium</strong></span> <span class='ocrx_word' id='word_1_79' title='bbox 1546 1139 1780 1204; x_wconf 68' lang='lat' dir='ltr'><strong>malum;</strong></span> <span class='ocrx_word' id='word_1_80' title='bbox 1813 1138 1978 1193; x_wconf 87' lang='lat' dir='ltr'><strong>semel</strong></span> <span class='ocrx_word' id='word_1_81' title='bbox 2018 1154 2116 1192; x_wconf 86' lang='lat' dir='ltr'><strong>au-</strong></span> 
     </span>
    </p>
   </div>
   <div class='ocr_carea' id='block_1_14' title="bbox 549 1225 2114 1303">
    <p class='ocr_par' dir='ltr' id='par_1_14' title="bbox 549 1225 2114 1303">
     <span class='ocr_line' id='line_1_14' title="bbox 549 1225 2114 1303; baseline -0.007 -15"><span class='ocrx_word' id='word_1_82' title='bbox 549 1245 678 1296; x_wconf 86' lang='lat' dir='ltr'><strong>tem,</strong></span> <span class='ocrx_word' id='word_1_83' title='bbox 719 1233 770 1287; x_wconf 91' lang='lat' dir='ltr'><strong>in</strong></span> <span class='ocrx_word' id='word_1_84' title='bbox 806 1232 1140 1303; x_wconf 74' lang='lat' dir='ltr'><strong>paradisum.</strong></span> <span class='ocrx_word' id='word_1_85' title='bbox 1168 1229 1292 1285; x_wconf 76' lang='lat' dir='ltr'><strong>llzec</strong></span> <span class='ocrx_word' id='word_1_86' title='bbox 1321 1231 1464 1285; x_wconf 91' lang='lat' dir='ltr'><strong>enim</strong></span> <span class='ocrx_word' id='word_1_87' title='bbox 1503 1230 1664 1283; x_wconf 81' lang='lat' dir='ltr'><strong>verba</strong></span> <span class='ocrx_word' id='word_1_88' title='bbox 1701 1246 1714 1281; x_wconf 90' lang='lat'><strong>:</strong></span> <span class='ocrx_word' id='word_1_89' title='bbox 1755 1225 1878 1282; x_wconf 84' lang='lat' dir='ltr'><strong>Scio</strong></span> <span class='ocrx_word' id='word_1_90' title='bbox 1905 1236 2114 1295; x_wconf 84' lang='lat' dir='ltr'><strong>raptum</strong></span> 
     </span>
    </p>
   </div>
   <div class='ocr_carea' id='block_1_15' title="bbox 547 1314 2113 1395">
    <p class='ocr_par' dir='ltr' id='par_1_15' title="bbox 547 1314 2113 1395">
     <span class='ocr_line' id='line_1_15' title="bbox 547 1314 2113 1395; baseline -0.006 -17"><span class='ocrx_word' id='word_1_91' title='bbox 547 1325 850 1395; x_wconf 85' lang='lat' dir='ltr'><strong>hujusmodi</strong></span> <span class='ocrx_word' id='word_1_92' title='bbox 872 1340 1032 1393; x_wconf 81' lang='lat' dir='ltr'><strong>usque</strong></span> <span class='ocrx_word' id='word_1_93' title='bbox 1064 1321 1133 1376; x_wconf 84' lang='lat' dir='ltr'><strong>ad</strong></span> <span class='ocrx_word' id='word_1_94' title='bbox 1165 1322 1375 1376; x_wconf 86' lang='lat' dir='ltr'><strong>tertium</strong></span> <span class='ocrx_word' id='word_1_95' title='bbox 1409 1320 1616 1386; x_wconf 71' lang='lat' dir='ltr'><strong>caelum,</strong></span> <span class='ocrx_word' id='word_1_96' title='bbox 1653 1317 1926 1388; x_wconf 80' lang='lat' dir='ltr'><strong>peculiare</strong></span> <span class='ocrx_word' id='word_1_97' title='bbox 1953 1314 2113 1387; x_wconf 91' lang='lat' dir='ltr'><strong>quid-</strong></span> 
     </span>
    </p>
   </div>
   <div class='ocr_carea' id='block_1_16' title="bbox 550 1402 2114 1479">
    <p class='ocr_par' dir='ltr' id='par_1_16' title="bbox 550 1402 2114 1479">
     <span class='ocr_line' id='line_1_16' title="bbox 550 1402 2114 1479; baseline -0.006 -9"><span class='ocrx_word' id='word_1_98' title='bbox 550 1416 675 1470; x_wconf 85' lang='lat' dir='ltr'><strong>dam</strong></span> <span class='ocrx_word' id='word_1_99' title='bbox 699 1457 713 1479; x_wconf 91' lang='lat'><strong>,</strong></span> <span class='ocrx_word' id='word_1_100' title='bbox 758 1431 880 1469; x_wconf 89' lang='lat' dir='ltr'><strong>cum</strong></span> <span class='ocrx_word' id='word_1_101' title='bbox 908 1413 975 1468; x_wconf 89' lang='lat' dir='ltr'><strong>ad</strong></span> <span class='ocrx_word' id='word_1_102' title='bbox 997 1415 1212 1468; x_wconf 89' lang='lat' dir='ltr'><strong>tertium</strong></span> <span class='ocrx_word' id='word_1_103' title='bbox 1242 1414 1440 1467; x_wconf 75' lang='lat' dir='ltr'><strong>cmlum</strong></span> <span class='ocrx_word' id='word_1_104' title='bbox 1477 1402 1623 1465; x_wconf 83' lang='lat' dir='ltr'><strong>esset</strong></span> <span class='ocrx_word' id='word_1_105' title='bbox 1654 1416 1895 1470; x_wconf 84' lang='lat' dir='ltr'><strong>evectus,</strong></span> <span class='ocrx_word' id='word_1_106' title='bbox 1929 1418 2114 1463; x_wconf 83' lang='lat' dir='ltr'><strong>OSten-</strong></span> 
     </span>
    </p>
   </div>
   <div class='ocr_carea' id='block_1_17' title="bbox 551 1497 2112 1568">
    <p class='ocr_par' dir='ltr' id='par_1_17' title="bbox 551 1497 2112 1568">
     <span class='ocr_line' id='line_1_17' title="bbox 551 1497 2112 1568; baseline -0.006 -9"><span class='ocrx_word' id='word_1_107' title='bbox 551 1521 674 1560; x_wconf 88' lang='lat' dir='ltr'><strong>sum</strong></span> <span class='ocrx_word' id='word_1_108' title='bbox 713 1506 790 1559; x_wconf 88' lang='lat' dir='ltr'><strong>illi</strong></span> <span class='ocrx_word' id='word_1_109' title='bbox 837 1519 958 1559; x_wconf 86' lang='lat' dir='ltr'><strong>esse</strong></span> <span class='ocrx_word' id='word_1_110' title='bbox 997 1503 1389 1558; x_wconf 84' lang='lat' dir='ltr'><strong>demonstrant.</strong></span> <span class='ocrx_word' id='word_1_111' title='bbox 1422 1499 1554 1553; x_wconf 87' lang='lat' dir='ltr'><strong>Illud</strong></span> <span class='ocrx_word' id='word_1_112' title='bbox 1594 1513 1724 1553; x_wconf 79' lang='lat' dir='ltr'><strong>vero</strong></span> <span class='ocrx_word' id='word_1_113' title='bbox 1762 1497 1907 1568; x_wconf 86' lang='lat' dir='ltr'><strong>quod</strong></span> <span class='ocrx_word' id='word_1_114' title='bbox 1939 1497 2112 1566; x_wconf 83' lang='lat' dir='ltr'><strong>subji-</strong></span> 
     </span>
    </p>
   </div>
   <div class='ocr_carea' id='block_1_18' title="bbox 547 1591 2111 1663">
    <p class='ocr_par' dir='ltr' id='par_1_18' title="bbox 547 1591 2111 1663">
     <span class='ocr_line' id='line_1_18' title="bbox 547 1591 2111 1663; baseline -0.006 -11"><span class='ocrx_word' id='word_1_115' title='bbox 547 1599 692 1652; x_wconf 86' lang='lat' dir='ltr'><strong>citur</strong></span> <span class='ocrx_word' id='word_1_116' title='bbox 721 1617 733 1652; x_wconf 91' lang='lat'><strong>:</strong></span> <span class='ocrx_word' id='word_1_117' title='bbox 762 1597 831 1650; x_wconf 89' lang='lat' dir='ltr'><strong>Et</strong></span> <span class='ocrx_word' id='word_1_118' title='bbox 851 1597 958 1651; x_wconf 86' lang='lat' dir='ltr'><strong>scio</strong></span> <span class='ocrx_word' id='word_1_119' title='bbox 989 1593 1294 1663; x_wconf 84' lang='lat' dir='ltr'><strong>hujusmodi</strong></span> <span class='ocrx_word' id='word_1_120' title='bbox 1337 1592 1617 1655; x_wconf 77' lang='lat' dir='ltr'><strong>hominem,</strong></span> <span class='ocrx_word' id='word_1_121' title='bbox 1646 1591 1753 1644; x_wconf 84' lang='lat' dir='ltr'><strong>sive</strong></span> <span class='ocrx_word' id='word_1_122' title='bbox 1772 1591 1826 1643; x_wconf 85' lang='lat' dir='ltr'><strong>in</strong></span> <span class='ocrx_word' id='word_1_123' title='bbox 1857 1604 2072 1658; x_wconf 84' lang='lat' dir='ltr'><strong>corpore</strong></span> <span class='ocrx_word' id='word_1_124' title='bbox 2093 1625 2111 1650; x_wconf 88' lang='lat'><strong>,</strong></span> 
     </span>
    </p>
   </div>
   <div class='ocr_carea' id='block_1_19' title="bbox 546 1679 2109 1756">
    <p class='ocr_par' dir='ltr' id='par_1_19' title="bbox 546 1679 2109 1756">
     <span class='ocr_line' id='line_1_19' title="bbox 546 1679 2109 1756; baseline -0.008 -12"><span class='ocrx_word' id='word_1_125' title='bbox 546 1691 652 1744; x_wconf 86' lang='lat' dir='ltr'><strong>sive</strong></span> <span class='ocrx_word' id='word_1_126' title='bbox 678 1699 828 1743; x_wconf 68' lang='lat' dir='ltr'><strong>extra</strong></span> <span class='ocrx_word' id='word_1_127' title='bbox 855 1703 1039 1756; x_wconf 80' lang='lat' dir='ltr'><strong>corpus</strong></span> <span class='ocrx_word' id='word_1_128' title='bbox 1061 1727 1075 1754; x_wconf 89' lang='lat'><strong>,</strong></span> <span class='ocrx_word' id='word_1_129' title='bbox 1107 1683 1247 1738; x_wconf 86' lang='lat' dir='ltr'><strong>Deus</strong></span> <span class='ocrx_word' id='word_1_130' title='bbox 1284 1684 1419 1748; x_wconf 86' lang='lat' dir='ltr'><strong>scit;</strong></span> <span class='ocrx_word' id='word_1_131' title='bbox 1449 1684 1696 1753; x_wconf 86' lang='lat' dir='ltr'><strong>quoniam</strong></span> <span class='ocrx_word' id='word_1_132' title='bbox 1731 1689 1914 1750; x_wconf 86' lang='lat' dir='ltr'><strong>raptus</strong></span> <span class='ocrx_word' id='word_1_133' title='bbox 1946 1689 2022 1734; x_wconf 88' lang='lat' dir='ltr'><strong>est</strong></span> <span class='ocrx_word' id='word_1_134' title='bbox 2054 1679 2109 1733; x_wconf 79' lang='lat' dir='ltr'><strong>in</strong></span> 
     </span>
    </p>
   </div>
   <div class='ocr_carea' id='block_1_20' title="bbox 2220 493 3786 570">
    <p class='ocr_par' dir='ltr' id='par_1_20' title="bbox 2220 493 3786 570">
     <span class='ocr_line' id='line_1_20' title="bbox 2220 493 3786 570; baseline 0.004 -22"><span class='ocrx_word' id='word_1_135' title='bbox 2220 495 2370 550; x_wconf 88' lang='grc' dir='ltr'>θεται</span> <span class='ocrx_word' id='word_1_136' title='bbox 2395 493 2531 551; x_wconf 81' lang='grc' dir='ltr'>εἶναι</span> <span class='ocrx_word' id='word_1_137' title='bbox 2559 498 2648 551; x_wconf 74' lang='grc' dir='ltr'><strong>τὸν</strong></span> <span class='ocrx_word' id='word_1_138' title='bbox 2677 497 3000 570; x_wconf 76' lang='grc' dir='ltr'><strong>παράδεισον</strong></span> <span class='ocrx_word' id='word_1_139' title='bbox 3033 500 3090 552; x_wconf 87' lang='grc' dir='ltr'><strong>ἑν</strong></span> <span class='ocrx_word' id='word_1_140' title='bbox 3119 497 3196 569; x_wconf 83' lang='grc' dir='ltr'>τῷ</span> <span class='ocrx_word' id='word_1_141' title='bbox 3223 499 3391 570; x_wconf 86' lang='grc' dir='ltr'>τρίτῳ</span> <span class='ocrx_word' id='word_1_142' title='bbox 3409 499 3642 570; x_wconf 74' lang='grc' dir='ltr'>οὐρανῷ,</span> <span class='ocrx_word' id='word_1_143' title='bbox 3673 505 3786 567; x_wconf 84' lang='grc' dir='ltr'>τοῖς</span> 
     </span>
    </p>
   </div>
   <div class='ocr_carea' id='block_1_21' title="bbox 2215 586 3785 663">
    <p class='ocr_par' dir='ltr' id='par_1_21' title="bbox 2215 586 3785 663">
     <span class='ocr_line' id='line_1_21' title="bbox 2215 586 3785 663; baseline 0.004 -23"><span class='ocrx_word' id='word_1_144' title='bbox 2215 586 2425 642; x_wconf 81' lang='grc' dir='ltr'>λεπτῶν</span> <span class='ocrx_word' id='word_1_145' title='bbox 2474 589 2773 661; x_wconf 82' lang='grc' dir='ltr'>ἀκροᾶσθαι</span> <span class='ocrx_word' id='word_1_146' title='bbox 2819 589 2990 658; x_wconf 85' lang='grc' dir='ltr'>λόγων</span> <span class='ocrx_word' id='word_1_147' title='bbox 3043 591 3452 662; x_wconf 88' lang='grc' dir='ltr'>ἑπισταμένοις,</span> <span class='ocrx_word' id='word_1_148' title='bbox 3502 587 3643 646; x_wconf 77' lang='grc' dir='ltr'>Οἶδα</span> <span class='ocrx_word' id='word_1_149' title='bbox 3677 593 3785 663; x_wconf 77' lang='grc' dir='ltr'><strong>γὰρ</strong></span> 
     </span>
    </p>
   </div>
   <div class='ocr_carea' id='block_1_22' title="bbox 2215 681 3786 751">
    <p class='ocr_par' dir='ltr' id='par_1_22' title="bbox 2215 681 3786 751">
     <span class='ocr_line' id='line_1_22' title="bbox 2215 681 3786 751; baseline 0.003 -17"><span class='ocrx_word' id='word_1_150' title='bbox 2215 681 2325 734; x_wconf 77' lang='grc' dir='ltr'><strong>τὸν</strong></span> <span class='ocrx_word' id='word_1_151' title='bbox 2364 681 2632 735; x_wconf 82' lang='grc' dir='ltr'>τοιοῦτον</span> <span class='ocrx_word' id='word_1_152' title='bbox 2692 681 3032 751; x_wconf 75' lang='grc' dir='ltr'><strong>ἁρπαγέντα</strong></span> <span class='ocrx_word' id='word_1_153' title='bbox 3092 682 3202 748; x_wconf 80' lang='grc' dir='ltr'>ἕως</span> <span class='ocrx_word' id='word_1_154' title='bbox 3264 682 3462 750; x_wconf 80' lang='grc' dir='ltr'><strong>τρίτου</strong></span> <span class='ocrx_word' id='word_1_155' title='bbox 3503 685 3786 751; x_wconf 63' lang='grc' dir='ltr'>οὐρανοῦ,</span> 
     </span>
    </p>
   </div>
   <div class='ocr_carea' id='block_1_23' title="bbox 2216 772 3787 842">
    <p class='ocr_par' dir='ltr' id='par_1_23' title="bbox 2216 772 3787 842">
     <span class='ocr_line' id='line_1_23' title="bbox 2216 772 3787 842; baseline 0.003 -16"><span class='ocrx_word' id='word_1_156' title='bbox 2216 773 2406 842; x_wconf 67' lang='grc' dir='ltr'>λέγων.</span> <span class='ocrx_word' id='word_1_157' title='bbox 2436 773 2548 828; x_wconf 76' lang='grc' dir='ltr'><strong>Καὶ</strong></span> <span class='ocrx_word' id='word_1_158' title='bbox 2587 772 2718 828; x_wconf 83' lang='grc' dir='ltr'>οῖδα</span> <span class='ocrx_word' id='word_1_159' title='bbox 2750 776 2856 827; x_wconf 82' lang='grc' dir='ltr'><strong>τὸν</strong></span> <span class='ocrx_word' id='word_1_160' title='bbox 2895 772 3165 827; x_wconf 83' lang='grc' dir='ltr'>τοιοῦτον</span> <span class='ocrx_word' id='word_1_161' title='bbox 3193 772 3524 842; x_wconf 78' lang='grc' dir='ltr'>ἄνθρωπον,</span> <span class='ocrx_word' id='word_1_162' title='bbox 3567 776 3688 830; x_wconf 80' lang='grc' dir='ltr'>εἴτε</span> <span class='ocrx_word' id='word_1_163' title='bbox 3718 775 3787 829; x_wconf 75' lang='grc' dir='ltr'><strong>ἐν</strong></span> 
     </span>
    </p>
   </div>
   <div class='ocr_carea' id='block_1_24' title="bbox 2215 863 3784 935">
    <p class='ocr_par' dir='ltr' id='par_1_24' title="bbox 2215 863 3784 935">
     <span class='ocr_line' id='line_1_24' title="bbox 2215 863 3784 935; baseline 0.003 -17"><span class='ocrx_word' id='word_1_164' title='bbox 2215 865 2294 930; x_wconf 84' lang='grc' dir='ltr'>τῷ</span> <span class='ocrx_word' id='word_1_165' title='bbox 2315 863 2558 934; x_wconf 83' lang='grc' dir='ltr'>σώματι,</span> <span class='ocrx_word' id='word_1_166' title='bbox 2589 866 2706 919; x_wconf 85' lang='grc' dir='ltr'>εἴτε</span> <span class='ocrx_word' id='word_1_167' title='bbox 2730 866 2905 934; x_wconf 82' lang='grc' dir='ltr'>χωρὶς</span> <span class='ocrx_word' id='word_1_168' title='bbox 2929 866 3034 920; x_wconf 87' lang='grc' dir='ltr'>τοῦ</span> <span class='ocrx_word' id='word_1_169' title='bbox 3063 865 3350 935; x_wconf 82' lang='grc' dir='ltr'>σώματος,</span> <span class='ocrx_word' id='word_1_170' title='bbox 3376 869 3409 920; x_wconf 83' lang='grc' dir='ltr'><strong><em>ό</em></strong></span> <span class='ocrx_word' id='word_1_171' title='bbox 3434 867 3577 933; x_wconf 81' lang='grc' dir='ltr'>Θεὸς</span> <span class='ocrx_word' id='word_1_172' title='bbox 3601 867 3784 922; x_wconf 56' lang='lat' dir='ltr'><strong>older</strong></span> 
     </span>
    </p>
   </div>
   <div class='ocr_carea' id='block_1_25' title="bbox 2215 957 3788 1032">
    <p class='ocr_par' dir='ltr' id='par_1_25' title="bbox 2215 957 3788 1032">
     <span class='ocr_line' id='line_1_25' title="bbox 2215 957 3788 1032; baseline 0.004 -22"><span class='ocrx_word' id='word_1_173' title='bbox 2215 957 2304 1011; x_wconf 81' lang='grc' dir='ltr'>ὅτι</span> <span class='ocrx_word' id='word_1_174' title='bbox 2331 957 2568 1028; x_wconf 77' lang='grc' dir='ltr'>ἡρπάγη</span> <span class='ocrx_word' id='word_1_175' title='bbox 2598 961 2684 1024; x_wconf 80' lang='grc' dir='ltr'>εὶς</span> <span class='ocrx_word' id='word_1_176' title='bbox 2721 958 2827 1012; x_wconf 84' lang='grc' dir='ltr'><strong>τὸν</strong></span> <span class='ocrx_word' id='word_1_177' title='bbox 2862 958 3246 1027; x_wconf 83' lang='grc' dir='ltr'>παράδεισον.</span> <span class='ocrx_word' id='word_1_178' title='bbox 3279 959 3380 1012; x_wconf 91' lang='grc' dir='ltr'>Δύο</span> <span class='ocrx_word' id='word_1_179' title='bbox 3415 960 3788 1032; x_wconf 78' lang='grc' dir='ltr'><strong>ἀποκαλύψεις</strong></span> 
     </span>
    </p>
   </div>
   <div class='ocr_carea' id='block_1_26' title="bbox 2216 1049 3784 1123">
    <p class='ocr_par' dir='ltr' id='par_1_26' title="bbox 2216 1049 3784 1123">
     <span class='ocr_line' id='line_1_26' title="bbox 2216 1049 3784 1123; baseline 0.003 -21"><span class='ocrx_word' id='word_1_180' title='bbox 2216 1050 2456 1119; x_wconf 79' lang='grc' dir='ltr'><strong>μεγάλας</strong></span> <span class='ocrx_word' id='word_1_181' title='bbox 2488 1051 2783 1121; x_wconf 75' lang='grc' dir='ltr'><strong>ἑωρακέναι</strong></span> <span class='ocrx_word' id='word_1_182' title='bbox 2817 1049 3029 1121; x_wconf 79' lang='grc' dir='ltr'><strong>μηνύει,</strong></span> <span class='ocrx_word' id='word_1_183' title='bbox 3059 1051 3141 1114; x_wconf 71' lang='grc' dir='ltr'>δὶς</span> <span class='ocrx_word' id='word_1_184' title='bbox 3157 1051 3484 1122; x_wconf 68' lang='grc' dir='ltr'><strong>ἀναληφθεὶς</strong></span> <span class='ocrx_word' id='word_1_185' title='bbox 3511 1054 3784 1123; x_wconf 78' lang='grc' dir='ltr'>ἑναργῶςο</span> 
     </span>
    </p>
   </div>
   <div class='ocr_carea' id='block_1_27' title="bbox 2217 1139 3784 1218">
    <p class='ocr_par' dir='ltr' id='par_1_27' title="bbox 2217 1139 3784 1218">
     <span class='ocr_line' id='line_1_27' title="bbox 2217 1139 3784 1218; baseline 0.004 -25"><span class='ocrx_word' id='word_1_186' title='bbox 2217 1139 2363 1204; x_wconf 78' lang='grc' dir='ltr'>ἅπαξ</span> <span class='ocrx_word' id='word_1_187' title='bbox 2398 1141 2493 1211; x_wconf 85' lang='grc' dir='ltr'><strong>μὲν</strong></span> <span class='ocrx_word' id='word_1_188' title='bbox 2520 1141 2624 1203; x_wconf 76' lang='grc' dir='ltr'>ἕως</span> <span class='ocrx_word' id='word_1_189' title='bbox 2645 1140 2826 1212; x_wconf 80' lang='grc' dir='ltr'>τρίτου</span> <span class='ocrx_word' id='word_1_190' title='bbox 2853 1141 2912 1193; x_wconf 88' lang='grc' dir='ltr'><strong>ού</strong></span> <span class='ocrx_word' id='word_1_191' title='bbox 2923 1139 3103 1212; x_wconf 84' lang='grc' dir='ltr'>ρανοῦ,</span> <span class='ocrx_word' id='word_1_192' title='bbox 3131 1143 3273 1209; x_wconf 78' lang='grc' dir='ltr'>ἅπαξ</span> <span class='ocrx_word' id='word_1_193' title='bbox 3305 1142 3349 1196; x_wconf 91' lang='grc' dir='ltr'>δ’</span> <span class='ocrx_word' id='word_1_194' title='bbox 3379 1145 3458 1206; x_wconf 81' lang='grc' dir='ltr'>εἰς</span> <span class='ocrx_word' id='word_1_195' title='bbox 3480 1145 3570 1198; x_wconf 85' lang='grc' dir='ltr'>τὸν</span> <span class='ocrx_word' id='word_1_196' title='bbox 3605 1147 3784 1218; x_wconf 85' lang='grc' dir='ltr'>παρά-</span> 
     </span>
    </p>
   </div>
   <div class='ocr_carea' id='block_1_28' title="bbox 2213 1225 3786 1302">
    <p class='ocr_par' dir='ltr' id='par_1_28' title="bbox 2213 1225 3786 1302">
     <span class='ocr_line' id='line_1_28' title="bbox 2213 1225 3786 1302; baseline 0.003 -18"><span class='ocrx_word' id='word_1_197' title='bbox 2213 1231 2408 1284; x_wconf 88' lang='grc' dir='ltr'>δεισον.</span> <span class='ocrx_word' id='word_1_198' title='bbox 2436 1229 2508 1282; x_wconf 87' lang='grc' dir='ltr'>Τὸ</span> <span class='ocrx_word' id='word_1_199' title='bbox 2533 1229 2661 1302; x_wconf 81' lang='grc' dir='ltr'>γὰρ,</span> <span class='ocrx_word' id='word_1_200' title='bbox 2690 1225 2833 1284; x_wconf 81' lang='grc' dir='ltr'>Οἶδα</span> <span class='ocrx_word' id='word_1_201' title='bbox 2861 1231 3196 1301; x_wconf 76' lang='grc' dir='ltr'><strong>ἁρπαγέντα</strong></span> <span class='ocrx_word' id='word_1_202' title='bbox 3237 1233 3343 1286; x_wconf 82' lang='grc' dir='ltr'><strong>τὸν</strong></span> <span class='ocrx_word' id='word_1_203' title='bbox 3371 1231 3640 1287; x_wconf 76' lang='grc' dir='ltr'>τοιοῦτον</span> <span class='ocrx_word' id='word_1_204' title='bbox 3675 1235 3786 1302; x_wconf 82' lang='grc' dir='ltr'>ἓως</span> 
     </span>
    </p>
   </div>
   <div class='ocr_carea' id='block_1_29' title="bbox 2212 1321 3787 1398">
    <p class='ocr_par' dir='ltr' id='par_1_29' title="bbox 2212 1321 3787 1398">
     <span class='ocr_line' id='line_1_29' title="bbox 2212 1321 3787 1398; baseline 0.004 -24"><span class='ocrx_word' id='word_1_205' title='bbox 2212 1324 2412 1390; x_wconf 75' lang='grc' dir='ltr'>τρίτου</span> <span class='ocrx_word' id='word_1_206' title='bbox 2440 1321 2697 1391; x_wconf 78' lang='grc' dir='ltr'>οὐρανοῦ</span> <span class='ocrx_word' id='word_1_207' title='bbox 2717 1361 2732 1387; x_wconf 95' lang='grc'><strong>,</strong></span> <span class='ocrx_word' id='word_1_208' title='bbox 2776 1322 2918 1386; x_wconf 74' lang='grc' dir='ltr'>ἰδίως</span> <span class='ocrx_word' id='word_1_209' title='bbox 2956 1324 3295 1394; x_wconf 76' lang='grc' dir='ltr'><strong>ἀποκάλυψιν</strong></span> <span class='ocrx_word' id='word_1_210' title='bbox 3330 1326 3477 1398; x_wconf 81' lang='grc' dir='ltr'>αύτῷ</span> <span class='ocrx_word' id='word_1_211' title='bbox 3522 1326 3665 1380; x_wconf 85' lang='grc' dir='ltr'>κατὰ</span> <span class='ocrx_word' id='word_1_212' title='bbox 3694 1325 3787 1381; x_wconf 78' lang='grc' dir='ltr'>τὸν</span> 
     </span>
    </p>
   </div>
   <div class='ocr_carea' id='block_1_30' title="bbox 2211 1412 3784 1487">
    <p class='ocr_par' dir='ltr' id='par_1_30' title="bbox 2211 1412 3784 1487">
     <span class='ocr_line' id='line_1_30' title="bbox 2211 1412 3784 1487; baseline 0.003 -22"><span class='ocrx_word' id='word_1_213' title='bbox 2211 1414 2392 1485; x_wconf 84' lang='grc' dir='ltr'>τρίτον</span> <span class='ocrx_word' id='word_1_214' title='bbox 2417 1413 2638 1486; x_wconf 84' lang='grc' dir='ltr'>οὐρανὸν</span> <span class='ocrx_word' id='word_1_215' title='bbox 2669 1412 2963 1484; x_wconf 82' lang='grc' dir='ltr'>πεφηνέναι</span> <span class='ocrx_word' id='word_1_216' title='bbox 2987 1415 3283 1487; x_wconf 82' lang='grc' dir='ltr'><strong>συνίστησι.</strong></span> <span class='ocrx_word' id='word_1_217' title='bbox 3303 1416 3375 1469; x_wconf 83' lang='grc' dir='ltr'><strong>Τὸ</strong></span> <span class='ocrx_word' id='word_1_218' title='bbox 3399 1417 3476 1479; x_wconf 84' lang='grc' dir='ltr'>δὲ,</span> <span class='ocrx_word' id='word_1_219' title='bbox 3499 1417 3608 1470; x_wconf 76' lang='grc' dir='ltr'><strong>Καὶ</strong></span> <span class='ocrx_word' id='word_1_220' title='bbox 3628 1417 3784 1481; x_wconf 77' lang='grc' dir='ltr'>οἶδα,</span> 
     </span>
    </p>
   </div>
   <div class='ocr_carea' id='block_1_31' title="bbox 2215 1505 3785 1578">
    <p class='ocr_par' dir='ltr' id='par_1_31' title="bbox 2215 1505 3785 1578">
     <span class='ocr_line' id='line_1_31' title="bbox 2215 1505 3785 1578; baseline 0.003 -20"><span class='ocrx_word' id='word_1_221' title='bbox 2215 1505 2373 1559; x_wconf 82' lang='grc' dir='ltr'>πάλιν</span> <span class='ocrx_word' id='word_1_222' title='bbox 2407 1505 2815 1578; x_wconf 77' lang='grc' dir='ltr'>ἐπιφερόμενον,</span> <span class='ocrx_word' id='word_1_223' title='bbox 2845 1506 2952 1561; x_wconf 78' lang='grc' dir='ltr'><strong>τὸν</strong></span> <span class='ocrx_word' id='word_1_224' title='bbox 2987 1507 3258 1562; x_wconf 78' lang='grc' dir='ltr'>τοιοῦτον</span> <span class='ocrx_word' id='word_1_225' title='bbox 3295 1510 3627 1577; x_wconf 77' lang='grc' dir='ltr'>ἄνθρωπον,</span> <span class='ocrx_word' id='word_1_226' title='bbox 3662 1509 3785 1562; x_wconf 71' lang='grc' dir='ltr'>εἴτε</span> 
     </span>
    </p>
   </div>
   <div class='ocr_carea' id='block_1_32' title="bbox 2214 1595 3786 1668">
    <p class='ocr_par' dir='ltr' id='par_1_32' title="bbox 2214 1595 3786 1668">
     <span class='ocr_line' id='line_1_32' title="bbox 2214 1595 3786 1668; baseline 0.001 -18"><span class='ocrx_word' id='word_1_227' title='bbox 2214 1597 2282 1650; x_wconf 77' lang='grc' dir='ltr'><strong>ἐν</strong></span> <span class='ocrx_word' id='word_1_228' title='bbox 2299 1597 2542 1668; x_wconf 83' lang='grc' dir='ltr'>σώματι,</span> <span class='ocrx_word' id='word_1_229' title='bbox 2576 1599 2696 1652; x_wconf 80' lang='grc' dir='ltr'>εἴτε</span> <span class='ocrx_word' id='word_1_230' title='bbox 2728 1599 2900 1662; x_wconf 81' lang='grc' dir='ltr'>ἐκτὸς</span> <span class='ocrx_word' id='word_1_231' title='bbox 2927 1599 3219 1668; x_wconf 81' lang='grc' dir='ltr'>σώματος,</span> <span class='ocrx_word' id='word_1_232' title='bbox 3241 1603 3272 1654; x_wconf 88' lang='grc' dir='ltr'><em>ὀ</em></span> <span class='ocrx_word' id='word_1_233' title='bbox 3317 1601 3460 1666; x_wconf 71' lang='grc' dir='ltr'>Θεὸς</span> <span class='ocrx_word' id='word_1_234' title='bbox 3482 1595 3665 1663; x_wconf 74' lang='grc' dir='ltr'>οἶδεν,</span> <span class='ocrx_word' id='word_1_235' title='bbox 3694 1598 3786 1652; x_wconf 74' lang='grc' dir='ltr'>ὅτι</span> 
     </span>
    </p>
   </div>
   <div class='ocr_carea' id='block_1_33' title="bbox 2216 1686 3785 1762">
    <p class='ocr_par' dir='ltr' id='par_1_33' title="bbox 2216 1686 3785 1762">
     <span class='ocr_line' id='line_1_33' title="bbox 2216 1686 3785 1762; baseline 0 -20"><span class='ocrx_word' id='word_1_236' title='bbox 2216 1688 2451 1759; x_wconf 65' lang='grc' dir='ltr'>ἡρπάγη</span> <span class='ocrx_word' id='word_1_237' title='bbox 2477 1692 2564 1755; x_wconf 82' lang='grc' dir='ltr'>εἰς</span> <span class='ocrx_word' id='word_1_238' title='bbox 2608 1688 2716 1744; x_wconf 80' lang='grc' dir='ltr'><strong>τὸν</strong></span> <span class='ocrx_word' id='word_1_239' title='bbox 2759 1689 3155 1758; x_wconf 78' lang='grc' dir='ltr'>παράδεισον,</span> <span class='ocrx_word' id='word_1_240' title='bbox 3206 1691 3395 1762; x_wconf 82' lang='grc' dir='ltr'>ἑτέραν</span> <span class='ocrx_word' id='word_1_241' title='bbox 3438 1686 3593 1754; x_wconf 83' lang='grc' dir='ltr'>αὖθις</span> <span class='ocrx_word' id='word_1_242' title='bbox 3636 1687 3785 1760; x_wconf 80' lang='grc' dir='ltr'>αύτῷ</span> 
     </span>
    </p>
   </div>
   <div class='ocr_carea' id='block_1_34' title="bbox 544 1771 2109 1854">
    <p class='ocr_par' dir='ltr' id='par_1_34' title="bbox 544 1771 2109 1854">
     <span class='ocr_line' id='line_1_34' title="bbox 544 1771 2109 1854; baseline -0.009 -16"><span class='ocrx_word' id='word_1_243' title='bbox 544 1782 888 1854; x_wconf 71' lang='lat' dir='ltr'><strong>paradisum:</strong></span> <span class='ocrx_word' id='word_1_244' title='bbox 911 1778 1056 1832; x_wconf 90' lang='lat' dir='ltr'><strong>aliud</strong></span> <span class='ocrx_word' id='word_1_245' title='bbox 1092 1791 1280 1831; x_wconf 84' lang='lat' dir='ltr'><strong>rursus</strong></span> <span class='ocrx_word' id='word_1_246' title='bbox 1311 1777 1364 1829; x_wconf 92' lang='lat' dir='ltr'><strong>in</strong></span> <span class='ocrx_word' id='word_1_247' title='bbox 1394 1775 1649 1845; x_wconf 87' lang='lat' dir='ltr'><strong>paradiso</strong></span> <span class='ocrx_word' id='word_1_248' title='bbox 1679 1774 1755 1827; x_wconf 89' lang='lat' dir='ltr'><strong>illi</strong></span> <span class='ocrx_word' id='word_1_249' title='bbox 1782 1771 2109 1843; x_wconf 80' lang='lat' dir='ltr'><strong>patefactum</strong></span> 
     </span>
    </p>
   </div>
   <div class='ocr_carea' id='block_1_35' title="bbox 2210 1771 3781 1854">
    <p class='ocr_par' dir='ltr' id='par_1_35' title="bbox 2213 1779 3781 1853">
     <span class='ocr_line' id='line_1_35' title="bbox 2213 1779 3781 1853; baseline -0.001 -19"><span class='ocrx_word' id='word_1_250' title='bbox 2213 1780 2626 1852; x_wconf 81' lang='grc' dir='ltr'>πεφανερῶσθαι</span> <span class='ocrx_word' id='word_1_251' title='bbox 2651 1780 2791 1834; x_wconf 83' lang='grc' dir='ltr'>κατὰ</span> <span class='ocrx_word' id='word_1_252' title='bbox 2822 1780 2913 1834; x_wconf 81' lang='grc' dir='ltr'>τὸν</span> <span class='ocrx_word' id='word_1_253' title='bbox 2943 1783 3266 1853; x_wconf 78' lang='grc' dir='ltr'>παράδεισον</span> <span class='ocrx_word' id='word_1_254' title='bbox 3295 1780 3632 1850; x_wconf 76' lang='grc' dir='ltr'>ἀποκάλυψιν</span> <span class='ocrx_word' id='word_1_255' title='bbox 3671 1779 3781 1834; x_wconf 77' lang='grc' dir='ltr'>δεί-</span> 
     </span>
    </p>
   </div>
   <div class='ocr_carea' id='block_1_36' title="bbox 545 1861 2113 1933">
    <p class='ocr_par' dir='ltr' id='par_1_36' title="bbox 545 1861 2113 1933">
     <span class='ocr_line' id='line_1_36' title="bbox 545 1861 2113 1933; baseline -0.01 -2"><span class='ocrx_word' id='word_1_256' title='bbox 545 1883 599 1931; x_wconf 91' lang='lat' dir='ltr'><strong>et</strong></span> <span class='ocrx_word' id='word_1_257' title='bbox 630 1874 925 1930; x_wconf 88' lang='lat' dir='ltr'><strong>revelatum</strong></span> <span class='ocrx_word' id='word_1_258' title='bbox 957 1867 1216 1923; x_wconf 87' lang='lat' dir='ltr'><strong>ostendit.</strong></span> <span class='ocrx_word' id='word_1_259' title='bbox 1277 1865 1402 1920; x_wconf 43' lang='lat' dir='ltr'><strong>llaec</strong></span> <span class='ocrx_word' id='word_1_260' title='bbox 1444 1875 1622 1920; x_wconf 88' lang='lat' dir='ltr'><strong>autem</strong></span> <span class='ocrx_word' id='word_1_261' title='bbox 1657 1880 1722 1919; x_wconf 89' lang='lat' dir='ltr'><strong>eo</strong></span> <span class='ocrx_word' id='word_1_262' title='bbox 1767 1863 1930 1928; x_wconf 88' lang='lat' dir='ltr'><strong>dicit,</strong></span> <span class='ocrx_word' id='word_1_263' title='bbox 1968 1861 2113 1933; x_wconf 91' lang='lat' dir='ltr'><strong>quod</strong></span> 
     </span>
    </p>
   </div>
   <div class='ocr_carea' id='block_1_37' title="bbox 545 1955 2113 2030">
    <p class='ocr_par' dir='ltr' id='par_1_37' title="bbox 545 1955 2113 2030">
     <span class='ocr_line' id='line_1_37' title="bbox 545 1955 2113 2030; baseline -0.008 -11"><span class='ocrx_word' id='word_1_264' title='bbox 545 1965 880 2022; x_wconf 75' lang='lat' dir='ltr'><strong>contrarium</strong></span> <span class='ocrx_word' id='word_1_265' title='bbox 935 1962 1231 2017; x_wconf 89' lang='lat' dir='ltr'><strong>sentientes</strong></span> <span class='ocrx_word' id='word_1_266' title='bbox 1256 2002 1270 2025; x_wconf 96' lang='lat'><strong>,</strong></span> <span class='ocrx_word' id='word_1_267' title='bbox 1313 1957 1628 2030; x_wconf 87' lang='lat' dir='ltr'><strong>paradisum</strong></span> <span class='ocrx_word' id='word_1_268' title='bbox 1658 1964 1867 2010; x_wconf 90' lang='lat' dir='ltr'><strong>tantum</strong></span> <span class='ocrx_word' id='word_1_269' title='bbox 1893 1955 2113 2026; x_wconf 84' lang='lat' dir='ltr'><strong>spirita-</strong></span> 
     </span>
    </p>
   </div>
   <div class='ocr_carea' id='block_1_38' title="bbox 543 2046 2112 2124">
    <p class='ocr_par' dir='ltr' id='par_1_38' title="bbox 543 2046 2112 2124">
     <span class='ocr_line' id='line_1_38' title="bbox 543 2046 2112 2124; baseline -0.006 -16"><span class='ocrx_word' id='word_1_270' title='bbox 543 2056 648 2110; x_wconf 88' lang='lat' dir='ltr'><strong>lem</strong></span> <span class='ocrx_word' id='word_1_271' title='bbox 708 2060 972 2124; x_wconf 88' lang='lat' dir='ltr'><strong>ponerent</strong></span> <span class='ocrx_word' id='word_1_272' title='bbox 1021 2065 1088 2105; x_wconf 79' lang='lat' dir='ltr'><strong>ex</strong></span> <span class='ocrx_word' id='word_1_273' title='bbox 1140 2048 1442 2118; x_wconf 88' lang='lat' dir='ltr'><strong>apostolico</strong></span> <span class='ocrx_word' id='word_1_274' title='bbox 1497 2046 1683 2112; x_wconf 89' lang='lat' dir='ltr'><strong>dicto,</strong></span> <span class='ocrx_word' id='word_1_275' title='bbox 1742 2046 1888 2100; x_wconf 82' lang='lat' dir='ltr'><strong>velut</strong></span> <span class='ocrx_word' id='word_1_276' title='bbox 1944 2059 2112 2115; x_wconf 87' lang='lat' dir='ltr'><strong>supra</strong></span> 
     </span>
    </p>
   </div>
   <div class='ocr_carea' id='block_1_39' title="bbox 543 2138 2113 2214">
    <p class='ocr_par' dir='ltr' id='par_1_39' title="bbox 543 2138 2113 2214">
     <span class='ocr_line' id='line_1_39' title="bbox 543 2138 2113 2214; baseline -0.004 -13"><span class='ocrx_word' id='word_1_277' title='bbox 543 2148 778 2214; x_wconf 70' lang='lat' dir='ltr'><strong>cmlum;</strong></span> <span class='ocrx_word' id='word_1_278' title='bbox 827 2153 884 2200; x_wconf 92' lang='lat' dir='ltr'><strong>nt</strong></span> <span class='ocrx_word' id='word_1_279' title='bbox 933 2143 1058 2198; x_wconf 89' lang='lat' dir='ltr'><strong>inde</strong></span> <span class='ocrx_word' id='word_1_280' title='bbox 1135 2140 1371 2195; x_wconf 80' lang='lat' dir='ltr'><strong>futuram</strong></span> <span class='ocrx_word' id='word_1_281' title='bbox 1402 2139 1456 2193; x_wconf 90' lang='lat' dir='ltr'><strong>in</strong></span> <span class='ocrx_word' id='word_1_282' title='bbox 1486 2138 1744 2209; x_wconf 84' lang='lat' dir='ltr'><strong>paradiso</strong></span> <span class='ocrx_word' id='word_1_283' title='bbox 1777 2139 1942 2193; x_wconf 87' lang='lat' dir='ltr'><strong>vitam</strong></span> <span class='ocrx_word' id='word_1_284' title='bbox 1993 2138 2113 2194; x_wconf 90' lang='lat' dir='ltr'><strong>sine</strong></span> 
     </span>
    </p>
   </div>
   <div class='ocr_carea' id='block_1_40' title="bbox 541 2236 1212 2310">
    <p class='ocr_par' dir='ltr' id='par_1_40' title="bbox 541 2236 1212 2310">
     <span class='ocr_line' id='line_1_40' title="bbox 541 2236 1212 2310; baseline -0.015 -14"><span class='ocrx_word' id='word_1_285' title='bbox 541 2255 772 2310; x_wconf 87' lang='lat' dir='ltr'><strong>corpore</strong></span> <span class='ocrx_word' id='word_1_286' title='bbox 799 2236 1212 2292; x_wconf 88' lang='lat' dir='ltr'><strong>concluderent.</strong></span> 
     </span>
    </p>
   </div>
   <div class='ocr_carea' id='block_1_41' title="bbox 611 2321 2110 2390">
    <p class='ocr_par' dir='ltr' id='par_1_41' title="bbox 611 2321 2110 2390">
     <span class='ocr_line' id='line_1_41' title="bbox 611 2321 2110 2390; baseline -0.005 -4"><span class='ocrx_word' id='word_1_287' title='bbox 611 2330 682 2386; x_wconf 77' lang='grc' dir='ltr'><strong>Χ.</strong></span> <span class='ocrx_word' id='word_1_288' title='bbox 715 2330 878 2384; x_wconf 87' lang='lat' dir='ltr'><strong>Docet</strong></span> <span class='ocrx_word' id='word_1_289' title='bbox 912 2330 1107 2390; x_wconf 89' lang='lat' dir='ltr'><strong>etiam,</strong></span> <span class='ocrx_word' id='word_1_290' title='bbox 1160 2325 1362 2379; x_wconf 91' lang='lat' dir='ltr'><strong>malum</strong></span> <span class='ocrx_word' id='word_1_291' title='bbox 1403 2321 1581 2378; x_wconf 83' lang='lat' dir='ltr'><strong>facere</strong></span> <span class='ocrx_word' id='word_1_292' title='bbox 1628 2329 1724 2377; x_wconf 89' lang='lat' dir='ltr'><strong>aut</strong></span> <span class='ocrx_word' id='word_1_293' title='bbox 1751 2337 1861 2377; x_wconf 90' lang='lat' dir='ltr'><strong>non</strong></span> <span class='ocrx_word' id='word_1_294' title='bbox 1893 2321 2110 2387; x_wconf 77' lang='lat' dir='ltr'><strong>facere,</strong></span> 
     </span>
    </p>
   </div>
   <div class='ocr_carea' id='block_1_42' title="bbox 541 2416 2112 2490">
    <p class='ocr_par' dir='ltr' id='par_1_42' title="bbox 541 2416 2112 2490">
     <span class='ocr_line' id='line_1_42' title="bbox 541 2416 2112 2490; baseline -0.004 -12"><span class='ocrx_word' id='word_1_295' title='bbox 541 2439 662 2478; x_wconf 90' lang='lat' dir='ltr'><strong>esse</strong></span> <span class='ocrx_word' id='word_1_296' title='bbox 697 2423 752 2476; x_wconf 92' lang='lat' dir='ltr'><strong>in</strong></span> <span class='ocrx_word' id='word_1_297' title='bbox 781 2428 968 2475; x_wconf 88' lang='lat' dir='ltr'><strong>nostra</strong></span> <span class='ocrx_word' id='word_1_298' title='bbox 991 2427 1262 2490; x_wconf 87' lang='lat' dir='ltr'><strong>potestate</strong></span> <span class='ocrx_word' id='word_1_299' title='bbox 1292 2436 1306 2473; x_wconf 91' lang='lat'><strong>:</strong></span> <span class='ocrx_word' id='word_1_300' title='bbox 1339 2433 1467 2471; x_wconf 90' lang='lat' dir='ltr'><strong>nam</strong></span> <span class='ocrx_word' id='word_1_301' title='bbox 1514 2416 1755 2486; x_wconf 86' lang='lat' dir='ltr'><strong>alioquin</strong></span> <span class='ocrx_word' id='word_1_302' title='bbox 1779 2431 1888 2470; x_wconf 90' lang='lat' dir='ltr'><strong>non</strong></span> <span class='ocrx_word' id='word_1_303' title='bbox 1920 2431 2112 2485; x_wconf 72' lang='lat' dir='ltr'><strong>ptenas</strong></span> 
     </span>
    </p>
   </div>
   <div class='ocr_carea' id='block_1_43' title="bbox 541 2507 2110 2581">
    <p class='ocr_par' dir='ltr' id='par_1_43' title="bbox 541 2507 2110 2581">
     <span class='ocr_line' id='line_1_43' title="bbox 541 2507 2110 2581; baseline -0.003 -14"><span class='ocrx_word' id='word_1_304' title='bbox 541 2514 816 2574; x_wconf 86' lang='lat' dir='ltr'><strong>lueremus</strong></span> <span class='ocrx_word' id='word_1_305' title='bbox 869 2525 966 2581; x_wconf 87' lang='lat' dir='ltr'><strong>pro</strong></span> <span class='ocrx_word' id='word_1_306' title='bbox 1009 2510 1148 2565; x_wconf 89' lang='lat' dir='ltr'><strong>male</strong></span> <span class='ocrx_word' id='word_1_307' title='bbox 1184 2509 1350 2574; x_wconf 88' lang='lat' dir='ltr'><strong>actis,</strong></span> <span class='ocrx_word' id='word_1_308' title='bbox 1411 2523 1512 2562; x_wconf 87' lang='lat' dir='ltr'><strong>nec</strong></span> <span class='ocrx_word' id='word_1_309' title='bbox 1566 2507 1788 2577; x_wconf 59' lang='lat' dir='ltr'><strong>premit!</strong></span> <span class='ocrx_word' id='word_1_310' title='bbox 1835 2507 2110 2577; x_wconf 87' lang='lat' dir='ltr'><strong>recipere-</strong></span> 
     </span>
    </p>
   </div>
   <div class='ocr_carea' id='block_1_44' title="bbox 539 2598 2112 2676">
    <p class='ocr_par' dir='ltr' id='par_1_44' title="bbox 539 2598 2112 2676">
     <span class='ocr_line' id='line_1_44' title="bbox 539 2598 2112 2676; baseline -0.004 -16"><span class='ocrx_word' id='word_1_311' title='bbox 539 2621 664 2660; x_wconf 89' lang='lat' dir='ltr'><strong>mus</strong></span> <span class='ocrx_word' id='word_1_312' title='bbox 696 2604 810 2676; x_wconf 66' lang='lat' dir='ltr'><strong>(3i)</strong></span> <span class='ocrx_word' id='word_1_313' title='bbox 841 2618 938 2674; x_wconf 87' lang='lat' dir='ltr'><strong>pro</strong></span> <span class='ocrx_word' id='word_1_314' title='bbox 961 2602 1171 2657; x_wconf 87' lang='lat' dir='ltr'><strong>meritis</strong></span> <span class='ocrx_word' id='word_1_315' title='bbox 1199 2620 1211 2655; x_wconf 89' lang='lat'>:</span> <span class='ocrx_word' id='word_1_316' title='bbox 1235 2609 1290 2654; x_wconf 90' lang='lat' dir='ltr'><strong>at</strong></span> <span class='ocrx_word' id='word_1_317' title='bbox 1318 2603 1558 2671; x_wconf 85' lang='lat' dir='ltr'><strong>cogitare</strong></span> <span class='ocrx_word' id='word_1_318' title='bbox 1582 2638 1596 2663; x_wconf 89' lang='lat'><strong>,</strong></span> <span class='ocrx_word' id='word_1_319' title='bbox 1633 2599 1717 2653; x_wconf 80' lang='lat' dir='ltr'><strong>vel</strong></span> <span class='ocrx_word' id='word_1_320' title='bbox 1736 2613 1846 2652; x_wconf 90' lang='lat' dir='ltr'><strong>non</strong></span> <span class='ocrx_word' id='word_1_321' title='bbox 1873 2598 2112 2667; x_wconf 86' lang='lat' dir='ltr'><strong>cogitare</strong></span> 
     </span>
    </p>
   </div>
   <div class='ocr_carea' id='block_1_45' title="bbox 539 2690 2111 2763">
    <p class='ocr_par' dir='ltr' id='par_1_45' title="bbox 539 2690 2111 2763">
     <span class='ocr_line' id='line_1_45' title="bbox 539 2690 2111 2763; baseline -0.006 -12"><span class='ocrx_word' id='word_1_322' title='bbox 539 2698 704 2761; x_wconf 86' lang='lat' dir='ltr'><strong>mala,</strong></span> <span class='ocrx_word' id='word_1_323' title='bbox 737 2711 843 2750; x_wconf 93' lang='lat' dir='ltr'><strong>non</strong></span> <span class='ocrx_word' id='word_1_324' title='bbox 881 2709 1003 2750; x_wconf 89' lang='lat' dir='ltr'><strong>esse</strong></span> <span class='ocrx_word' id='word_1_325' title='bbox 1029 2695 1082 2748; x_wconf 90' lang='lat' dir='ltr'><strong>in</strong></span> <span class='ocrx_word' id='word_1_326' title='bbox 1113 2703 1298 2748; x_wconf 87' lang='lat' dir='ltr'><strong>nostra</strong></span> <span class='ocrx_word' id='word_1_327' title='bbox 1329 2692 1566 2763; x_wconf 91' lang='lat' dir='ltr'><strong>positum</strong></span> <span class='ocrx_word' id='word_1_328' title='bbox 1586 2699 1876 2762; x_wconf 84' lang='lat' dir='ltr'><strong>potestate.</strong></span> <span class='ocrx_word' id='word_1_329' title='bbox 1909 2690 2111 2756; x_wconf 86' lang='lat' dir='ltr'><strong>Quam-</strong></span> 
     </span>
    </p>
   </div>
   <div class='ocr_carea' id='block_1_46' title="bbox 539 2779 2108 2843">
    <p class='ocr_par' dir='ltr' id='par_1_46' title="bbox 539 2779 2108 2843">
     <span class='ocr_line' id='line_1_46' title="bbox 539 2779 2108 2843; baseline -0.006 0"><span class='ocrx_word' id='word_1_330' title='bbox 539 2789 726 2843; x_wconf 88' lang='lat' dir='ltr'><strong>obrem</strong></span> <span class='ocrx_word' id='word_1_331' title='bbox 769 2787 844 2840; x_wconf 85' lang='lat' dir='ltr'><strong>ait</strong></span> <span class='ocrx_word' id='word_1_332' title='bbox 895 2786 1143 2839; x_wconf 85' lang='lat' dir='ltr'><strong>divinum</strong></span> <span class='ocrx_word' id='word_1_333' title='bbox 1206 2782 1434 2838; x_wconf 89' lang='lat' dir='ltr'><strong>Paulum</strong></span> <span class='ocrx_word' id='word_1_334' title='bbox 1487 2782 1670 2836; x_wconf 88' lang='lat' dir='ltr'><strong>dicere</strong></span> <span class='ocrx_word' id='word_1_335' title='bbox 1723 2801 1738 2836; x_wconf 87' lang='lat'><strong>:</strong></span> <span class='ocrx_word' id='word_1_336' title='bbox 1804 2779 1930 2835; x_wconf 84' lang='lat' dir='ltr'><strong>Non</strong></span> <span class='ocrx_word' id='word_1_337' title='bbox 1972 2783 2108 2834; x_wconf 71' lang='lat' dir='ltr'><strong>enim</strong></span> 
     </span>
    </p>
   </div>
   <div class='ocr_carea' id='block_1_47' title="bbox 537 2868 2110 2952">
    <p class='ocr_par' dir='ltr' id='par_1_47' title="bbox 537 2868 2110 2952">
     <span class='ocr_line' id='line_1_47' title="bbox 537 2868 2110 2952; baseline -0.006 -19"><span class='ocrx_word' id='word_1_338' title='bbox 537 2879 675 2952; x_wconf 80' lang='lat' dir='ltr'><strong>quod</strong></span> <span class='ocrx_word' id='word_1_339' title='bbox 694 2878 806 2933; x_wconf 84' lang='lat' dir='ltr'><strong>volo</strong></span> <span class='ocrx_word' id='word_1_340' title='bbox 823 2917 836 2942; x_wconf 91' lang='lat'><strong>,</strong></span> <span class='ocrx_word' id='word_1_341' title='bbox 867 2876 962 2931; x_wconf 90' lang='lat' dir='ltr'><strong>hoc</strong></span> <span class='ocrx_word' id='word_1_342' title='bbox 983 2893 1078 2947; x_wconf 88' lang='lat' dir='ltr'><strong>ago</strong></span> <span class='ocrx_word' id='word_1_343' title='bbox 1092 2891 1111 2939; x_wconf 85' lang='lat'><em>;</em></span> <span class='ocrx_word' id='word_1_344' title='bbox 1138 2874 1227 2930; x_wconf 83' lang='lat' dir='ltr'><strong>sed</strong></span> <span class='ocrx_word' id='word_1_345' title='bbox 1257 2874 1392 2945; x_wconf 82' lang='lat' dir='ltr'><strong>quod</strong></span> <span class='ocrx_word' id='word_1_346' title='bbox 1417 2873 1566 2938; x_wconf 86' lang='lat' dir='ltr'><strong>nolo,</strong></span> <span class='ocrx_word' id='word_1_347' title='bbox 1593 2872 1688 2926; x_wconf 90' lang='lat' dir='ltr'><strong>hoc</strong></span> <span class='ocrx_word' id='word_1_348' title='bbox 1719 2871 1858 2940; x_wconf 80' lang='lat' dir='ltr'><strong>facio</strong></span> <span class='ocrx_word' id='word_1_349' title='bbox 1882 2871 1950 2927; x_wconf 83' lang='grc'><strong>⁸⁰.</strong></span> <span class='ocrx_word' id='word_1_350' title='bbox 1995 2868 2110 2924; x_wconf 83' lang='lat' dir='ltr'><strong>Hoc</strong></span> 
     </span>
    </p>
   </div>
   <div class='ocr_carea' id='block_1_48' title="bbox 537 2960 2108 3040">
    <p class='ocr_par' dir='ltr' id='par_1_48' title="bbox 537 2960 2108 3040">
     <span class='ocr_line' id='line_1_48' title="bbox 537 2960 2108 3040; baseline -0.009 -12"><span class='ocrx_word' id='word_1_351' title='bbox 537 2980 624 3028; x_wconf 90' lang='lat' dir='ltr'><strong>est</strong></span> <span class='ocrx_word' id='word_1_352' title='bbox 651 2991 664 3026; x_wconf 90' lang='lat'>:</span> <span class='ocrx_word' id='word_1_353' title='bbox 694 2971 813 3024; x_wconf 84' lang='lat' dir='ltr'><strong>Non</strong></span> <span class='ocrx_word' id='word_1_354' title='bbox 840 2969 984 3040; x_wconf 91' lang='lat' dir='ltr'><strong>quod</strong></span> <span class='ocrx_word' id='word_1_355' title='bbox 1026 2968 1146 3022; x_wconf 84' lang='lat' dir='ltr'><strong>volo</strong></span> <span class='ocrx_word' id='word_1_356' title='bbox 1171 2967 1430 3038; x_wconf 85' lang='lat' dir='ltr'><strong>cegitare.</strong></span> <span class='ocrx_word' id='word_1_357' title='bbox 1457 2967 1560 3019; x_wconf 88' lang='lat' dir='ltr'><strong>hoc</strong></span> <span class='ocrx_word' id='word_1_358' title='bbox 1591 2965 1771 3034; x_wconf 88' lang='lat' dir='ltr'><strong>cogito</strong></span> <span class='ocrx_word' id='word_1_359' title='bbox 1791 3005 1806 3030; x_wconf 93' lang='lat'><strong>,</strong></span> <span class='ocrx_word' id='word_1_360' title='bbox 1840 2960 1936 3018; x_wconf 90' lang='lat' dir='ltr'><strong>sed</strong></span> <span class='ocrx_word' id='word_1_361' title='bbox 1963 2960 2108 3031; x_wconf 85' lang='lat' dir='ltr'><strong>quod</strong></span> 
     </span>
    </p>
   </div>
   <div class='ocr_carea' id='block_1_49' title="bbox 537 3053 2104 3126">
    <p class='ocr_par' dir='ltr' id='par_1_49' title="bbox 537 3053 2104 3126">
     <span class='ocr_line' id='line_1_49' title="bbox 537 3053 2104 3126; baseline -0.007 -9"><span class='ocrx_word' id='word_1_362' title='bbox 537 3064 688 3120; x_wconf 85' lang='lat' dir='ltr'><strong>nolo.</strong></span> <span class='ocrx_word' id='word_1_363' title='bbox 741 3061 916 3116; x_wconf 91' lang='lat' dir='ltr'><strong>Porro</strong></span> <span class='ocrx_word' id='word_1_364' title='bbox 966 3060 1300 3116; x_wconf 88' lang='lat' dir='ltr'><strong>eradicatum</strong></span> <span class='ocrx_word' id='word_1_365' title='bbox 1353 3059 1428 3112; x_wconf 88' lang='lat' dir='ltr'><strong>ait</strong></span> <span class='ocrx_word' id='word_1_366' title='bbox 1458 3056 1611 3111; x_wconf 67' lang='lat' dir='ltr'><strong>malae</strong></span> <span class='ocrx_word' id='word_1_367' title='bbox 1643 3055 1992 3126; x_wconf 75' lang='lat' dir='ltr'><strong>cogitationis</strong></span> <span class='ocrx_word' id='word_1_368' title='bbox 2022 3053 2104 3106; x_wconf 79' lang='lat' dir='ltr'><strong>vi-</strong></span> 
     </span>
    </p>
   </div>
   <div class='ocr_carea' id='block_1_50' title="bbox 537 3122 2174 3218">
    <p class='ocr_par' dir='ltr' id='par_1_50' title="bbox 537 3122 2174 3218">
     <span class='ocr_line' id='line_1_50' title="bbox 537 3122 2174 3218; baseline -0.005 -10"><span class='ocrx_word' id='word_1_369' title='bbox 537 3155 697 3218; x_wconf 88' lang='lat' dir='ltr'><strong>tium,</strong></span> <span class='ocrx_word' id='word_1_370' title='bbox 723 3153 1039 3208; x_wconf 88' lang='lat' dir='ltr'><strong>adveniente</strong></span> <span class='ocrx_word' id='word_1_371' title='bbox 1076 3150 1309 3207; x_wconf 90' lang='lat' dir='ltr'><strong>naturali</strong></span> <span class='ocrx_word' id='word_1_372' title='bbox 1342 3157 1513 3204; x_wconf 84' lang='lat' dir='ltr'><strong>morte</strong></span> <span class='ocrx_word' id='word_1_373' title='bbox 1539 3163 1553 3199; x_wconf 90' lang='lat'><strong>:</strong></span> <span class='ocrx_word' id='word_1_374' title='bbox 1579 3163 1704 3202; x_wconf 89' lang='lat' dir='ltr'><strong>nam</strong></span> <span class='ocrx_word' id='word_1_375' title='bbox 1733 3153 1788 3202; x_wconf 89' lang='lat' dir='ltr'><strong>et</strong></span> <span class='ocrx_word' id='word_1_376' title='bbox 1807 3145 1930 3202; x_wconf 90' lang='lat' dir='ltr'><strong>ideo</strong></span> <span class='ocrx_word' id='word_1_377' title='bbox 1956 3160 2106 3200; x_wconf 90' lang='lat' dir='ltr'><strong>mors</strong></span> <span class='ocrx_word' id='word_1_378' title='bbox 2133 3122 2174 3180; x_wconf 80' lang='lat' dir='ltr'><strong>C</strong></span> 
     </span>
    </p>
   </div>
   <div class='ocr_carea' id='block_1_51' title="bbox 537 3237 2101 3317">
    <p class='ocr_par' dir='ltr' id='par_1_51' title="bbox 537 3237 2101 3317">
     <span class='ocr_line' id='line_1_51' title="bbox 537 3237 2101 3317; baseline -0.005 -17"><span class='ocrx_word' id='word_1_379' title='bbox 537 3246 811 3317; x_wconf 88' lang='lat' dir='ltr'><strong>peccatori</strong></span> <span class='ocrx_word' id='word_1_380' title='bbox 843 3245 1044 3298; x_wconf 81' lang='lat' dir='ltr'><strong>inﬂicta</strong></span> <span class='ocrx_word' id='word_1_381' title='bbox 1075 3252 1177 3306; x_wconf 90' lang='lat' dir='ltr'><strong>est,</strong></span> <span class='ocrx_word' id='word_1_382' title='bbox 1207 3250 1265 3296; x_wconf 89' lang='lat' dir='ltr'><strong>ut</strong></span> <span class='ocrx_word' id='word_1_383' title='bbox 1309 3259 1378 3296; x_wconf 87' lang='lat' dir='ltr'><strong>ne</strong></span> <span class='ocrx_word' id='word_1_384' title='bbox 1407 3241 1609 3295; x_wconf 90' lang='lat' dir='ltr'><strong>malum</strong></span> <span class='ocrx_word' id='word_1_385' title='bbox 1642 3248 1902 3296; x_wconf 70' lang='lat' dir='ltr'><strong>azternum</strong></span> <span class='ocrx_word' id='word_1_386' title='bbox 1940 3237 2101 3293; x_wconf 75' lang='lat' dir='ltr'><strong>foret.</strong></span> 
     </span>
    </p>
   </div>
   <div class='ocr_carea' id='block_1_52' title="bbox 537 3329 2102 3408">
    <p class='ocr_par' dir='ltr' id='par_1_52' title="bbox 537 3329 2102 3408">
     <span class='ocr_line' id='line_1_52' title="bbox 537 3329 2102 3408; baseline -0.006 -15"><span class='ocrx_word' id='word_1_387' title='bbox 537 3339 804 3393; x_wconf 82' lang='lat' dir='ltr'><strong>Caeterum</strong></span> <span class='ocrx_word' id='word_1_388' title='bbox 852 3352 959 3408; x_wconf 91' lang='lat' dir='ltr'><strong>qua</strong></span> <span class='ocrx_word' id='word_1_389' title='bbox 1013 3336 1066 3390; x_wconf 90' lang='lat' dir='ltr'><strong>id</strong></span> <span class='ocrx_word' id='word_1_390' title='bbox 1128 3335 1342 3390; x_wconf 88' lang='lat' dir='ltr'><strong>ratione</strong></span> <span class='ocrx_word' id='word_1_391' title='bbox 1412 3332 1861 3403; x_wconf 87' lang='lat' dir='ltr'><strong>intelligendum?</strong></span> <span class='ocrx_word' id='word_1_392' title='bbox 1911 3329 2102 3386; x_wconf 89' lang='lat' dir='ltr'><strong>Scien-</strong></span> 
     </span>
    </p>
   </div>
   <div class='ocr_carea' id='block_1_53' title="bbox 539 3424 2103 3502">
    <p class='ocr_par' dir='ltr' id='par_1_53' title="bbox 539 3424 2103 3502">
     <span class='ocr_line' id='line_1_53' title="bbox 539 3424 2103 3502; baseline -0.003 -17"><span class='ocrx_word' id='word_1_393' title='bbox 539 3432 668 3485; x_wconf 90' lang='lat' dir='ltr'><strong>dum</strong></span> <span class='ocrx_word' id='word_1_394' title='bbox 698 3430 814 3502; x_wconf 79' lang='lat'><strong>(55)</strong></span> <span class='ocrx_word' id='word_1_395' title='bbox 850 3430 952 3486; x_wconf 91' lang='lat' dir='ltr'><strong>hoc</strong></span> <span class='ocrx_word' id='word_1_396' title='bbox 980 3429 1143 3486; x_wconf 89' lang='lat' dir='ltr'><strong>ctiam</strong></span> <span class='ocrx_word' id='word_1_397' title='bbox 1175 3429 1244 3484; x_wconf 88' lang='lat' dir='ltr'><strong>ab</strong></span> <span class='ocrx_word' id='word_1_398' title='bbox 1271 3429 1394 3484; x_wconf 90' lang='lat' dir='ltr'><strong>aliis</strong></span> <span class='ocrx_word' id='word_1_399' title='bbox 1419 3427 1624 3482; x_wconf 88' lang='lat' dir='ltr'><strong>nostris</strong></span> <span class='ocrx_word' id='word_1_400' title='bbox 1650 3425 1905 3481; x_wconf 87' lang='lat' dir='ltr'><strong>Patribus</strong></span> <span class='ocrx_word' id='word_1_401' title='bbox 1933 3424 2103 3481; x_wconf 81' lang='lat' dir='ltr'><strong>fuisse</strong></span> 
     </span>
    </p>
   </div>
   <div class='ocr_carea' id='block_1_54' title="bbox 537 3518 2102 3590">
    <p class='ocr_par' dir='ltr' id='par_1_54' title="bbox 537 3518 2102 3590">
     <span class='ocr_line' id='line_1_54' title="bbox 537 3518 2102 3590; baseline -0.001 -16"><span class='ocrx_word' id='word_1_402' title='bbox 537 3521 819 3576; x_wconf 84' lang='lat' dir='ltr'><strong>traditum.</strong></span> <span class='ocrx_word' id='word_1_403' title='bbox 855 3521 1000 3576; x_wconf 86' lang='lat' dir='ltr'><strong>Mors</strong></span> <span class='ocrx_word' id='word_1_404' title='bbox 1046 3530 1191 3576; x_wconf 90' lang='lat' dir='ltr'><strong>certe</strong></span> <span class='ocrx_word' id='word_1_405' title='bbox 1258 3536 1354 3590; x_wconf 91' lang='lat' dir='ltr'><strong>per</strong></span> <span class='ocrx_word' id='word_1_406' title='bbox 1399 3519 1532 3574; x_wconf 91' lang='lat' dir='ltr'><strong>illud</strong></span> <span class='ocrx_word' id='word_1_407' title='bbox 1586 3527 1799 3589; x_wconf 88' lang='lat' dir='ltr'><strong>tempus</strong></span> <span class='ocrx_word' id='word_1_408' title='bbox 1837 3534 1945 3589; x_wconf 93' lang='lat' dir='ltr'><strong>quo</strong></span> <span class='ocrx_word' id='word_1_409' title='bbox 1979 3518 2102 3590; x_wconf 82' lang='lat' dir='ltr'><strong>quis</strong></span> 
     </span>
    </p>
   </div>
   <div class='ocr_carea' id='block_1_55' title="bbox 537 3611 2104 3684">
    <p class='ocr_par' dir='ltr' id='par_1_55' title="bbox 537 3611 2104 3684">
     <span class='ocr_line' id='line_1_55' title="bbox 537 3611 2104 3684; baseline -0.001 -17"><span class='ocrx_word' id='word_1_410' title='bbox 537 3613 630 3667; x_wconf 90' lang='lat' dir='ltr'><strong>illa</strong></span> <span class='ocrx_word' id='word_1_411' title='bbox 659 3612 991 3684; x_wconf 81' lang='lat' dir='ltr'><strong>defungitur,</strong></span> <span class='ocrx_word' id='word_1_412' title='bbox 1016 3628 1192 3683; x_wconf 89' lang='lat' dir='ltr'><strong>neque</strong></span> <span class='ocrx_word' id='word_1_413' title='bbox 1224 3611 1470 3668; x_wconf 88' lang='lat' dir='ltr'><strong>accessio</strong></span> <span class='ocrx_word' id='word_1_414' title='bbox 1505 3618 1851 3680; x_wconf 88' lang='lat' dir='ltr'><strong>peccatorum</strong></span> <span class='ocrx_word' id='word_1_415' title='bbox 1873 3648 1889 3677; x_wconf 88' lang='lat'><strong>,</strong></span> <span class='ocrx_word' id='word_1_416' title='bbox 1925 3625 2104 3681; x_wconf 89' lang='lat' dir='ltr'><strong>neque</strong></span> 
     </span>
    </p>
   </div>
   <div class='ocr_carea' id='block_1_56' title="bbox 461 3705 1053 3760">
    <p class='ocr_par' dir='ltr' id='par_1_56' title="bbox 461 3705 1053 3760">
     <span class='ocr_line' id='line_1_56' title="bbox 461 3705 1053 3760; baseline -0.003 0"><span class='ocrx_word' id='word_1_417' title='bbox 461 3734 464 3737; x_wconf 95' lang='lat'><strong><em>-</em></strong></span> <span class='ocrx_word' id='word_1_418' title='bbox 536 3706 836 3760; x_wconf 84' lang='lat' dir='ltr'><strong>subtractio</strong></span> <span class='ocrx_word' id='word_1_419' title='bbox 868 3705 1053 3760; x_wconf 80' lang='lat' dir='ltr'><strong>fuerit.</strong></span> 
     </span>
    </p>
   </div>
   <div class='ocr_carea' id='block_1_57' title="bbox 2214 1871 3783 1944">
    <p class='ocr_par' dir='ltr' id='par_1_57' title="bbox 2214 1871 3783 1944">
     <span class='ocr_line' id='line_1_57' title="bbox 2214 1871 3783 1944; baseline 0 -20"><span class='ocrx_word' id='word_1_420' title='bbox 2214 1888 2388 1924; x_wconf 85' lang='grc' dir='ltr'>κνυσι.</span> <span class='ocrx_word' id='word_1_421' title='bbox 2416 1871 2601 1926; x_wconf 81' lang='grc' dir='ltr'>Ταῦτα</span> <span class='ocrx_word' id='word_1_422' title='bbox 2623 1872 2680 1925; x_wconf 83' lang='grc' dir='ltr'>δὲ</span> <span class='ocrx_word' id='word_1_423' title='bbox 2695 1871 2860 1940; x_wconf 83' lang='grc' dir='ltr'>λέγει,</span> <span class='ocrx_word' id='word_1_424' title='bbox 2891 1874 3011 1926; x_wconf 75' lang='grc' dir='ltr'>ἐπεὶ</span> <span class='ocrx_word' id='word_1_425' title='bbox 3031 1875 3080 1926; x_wconf 76' lang='grc' dir='ltr'>οἱ</span> <span class='ocrx_word' id='word_1_426' title='bbox 3104 1873 3170 1926; x_wconf 85' lang='grc' dir='ltr'><strong>δι’</strong></span> <span class='ocrx_word' id='word_1_427' title='bbox 3200 1873 3445 1936; x_wconf 77' lang='grc' dir='ltr'>ἐναντίας</span> <span class='ocrx_word' id='word_1_428' title='bbox 3475 1872 3566 1926; x_wconf 82' lang='grc' dir='ltr'>τὸν</span> <span class='ocrx_word' id='word_1_429' title='bbox 3599 1872 3783 1944; x_wconf 76' lang='grc' dir='ltr'>παρά-</span> 
     </span>
    </p>
   </div>
   <div class='ocr_carea' id='block_1_58' title="bbox 2213 1965 3783 2038">
    <p class='ocr_par' dir='ltr' id='par_1_58' title="bbox 2213 1965 3783 2038">
     <span class='ocr_line' id='line_1_58' title="bbox 2213 1965 3783 2038; baseline -0.001 -19"><span class='ocrx_word' id='word_1_430' title='bbox 2213 1967 2384 2019; x_wconf 88' lang='grc' dir='ltr'>δεισον</span> <span class='ocrx_word' id='word_1_431' title='bbox 2413 1967 2600 2037; x_wconf 83' lang='grc' dir='ltr'>νοητὸν</span> <span class='ocrx_word' id='word_1_432' title='bbox 2633 1966 2813 2021; x_wconf 75' lang='grc' dir='ltr'>ἔθεντο</span> <span class='ocrx_word' id='word_1_433' title='bbox 2847 1968 2911 2021; x_wconf 83' lang='grc' dir='ltr'><strong>ἑκ</strong></span> <span class='ocrx_word' id='word_1_434' title='bbox 2943 1967 3036 2021; x_wconf 82' lang='grc' dir='ltr'>τοῦ</span> <span class='ocrx_word' id='word_1_435' title='bbox 3068 1966 3422 2022; x_wconf 81' lang='grc' dir='ltr'>ἀποστολικοῦ</span> <span class='ocrx_word' id='word_1_436' title='bbox 3473 1965 3659 2038; x_wconf 75' lang='grc' dir='ltr'>ῥητοῦ,</span> <span class='ocrx_word' id='word_1_437' title='bbox 3703 1966 3783 2029; x_wconf 79' lang='grc' dir='ltr'>ὡς</span> 
     </span>
    </p>
   </div>
   <div class='ocr_carea' id='block_1_59' title="bbox 2211 2058 3783 2133">
    <p class='ocr_par' dir='ltr' id='par_1_59' title="bbox 2211 2058 3783 2133">
     <span class='ocr_line' id='line_1_59' title="bbox 2211 2058 3783 2133; baseline -0.001 -19"><span class='ocrx_word' id='word_1_438' title='bbox 2211 2060 2340 2115; x_wconf 73' lang='grc' dir='ltr'>ὄντα</span> <span class='ocrx_word' id='word_1_439' title='bbox 2365 2061 2504 2131; x_wconf 81' lang='grc' dir='ltr'>ὑπὲρ</span> <span class='ocrx_word' id='word_1_440' title='bbox 2543 2059 2634 2113; x_wconf 82' lang='grc' dir='ltr'>τὸν</span> <span class='ocrx_word' id='word_1_441' title='bbox 2663 2061 2916 2133; x_wconf 77' lang='grc' dir='ltr'>οὐρανόνο</span> <span class='ocrx_word' id='word_1_442' title='bbox 2953 2061 3039 2113; x_wconf 78' lang='grc' dir='ltr'>ἵνα</span> <span class='ocrx_word' id='word_1_443' title='bbox 3088 2061 3149 2114; x_wconf 84' lang='grc' dir='ltr'>τὸ</span> <span class='ocrx_word' id='word_1_444' title='bbox 3186 2061 3489 2131; x_wconf 79' lang='grc' dir='ltr'>ἀσωμάτως</span> <span class='ocrx_word' id='word_1_445' title='bbox 3523 2058 3783 2128; x_wconf 82' lang='grc' dir='ltr'>γενέσθαι</span> 
     </span>
    </p>
   </div>
   <div class='ocr_carea' id='block_1_60' title="bbox 2210 2149 3492 2222">
    <p class='ocr_par' dir='ltr' id='par_1_60' title="bbox 2210 2149 3492 2222">
     <span class='ocr_line' id='line_1_60' title="bbox 2210 2149 3492 2222; baseline -0.002 -19"><span class='ocrx_word' id='word_1_446' title='bbox 2210 2149 2310 2222; x_wconf 76' lang='grc' dir='ltr'>τὴν</span> <span class='ocrx_word' id='word_1_447' title='bbox 2331 2151 2389 2203; x_wconf 90' lang='grc' dir='ltr'><strong>ἑν</strong></span> <span class='ocrx_word' id='word_1_448' title='bbox 2418 2149 2497 2220; x_wconf 84' lang='grc' dir='ltr'><strong>τῷ</strong></span> <span class='ocrx_word' id='word_1_449' title='bbox 2529 2149 2841 2221; x_wconf 81' lang='grc' dir='ltr'>παραδείσῳ</span> <span class='ocrx_word' id='word_1_450' title='bbox 2873 2150 3146 2222; x_wconf 81' lang='grc' dir='ltr'>διαγωγὴν</span> <span class='ocrx_word' id='word_1_451' title='bbox 3176 2149 3492 2214; x_wconf 77' lang='grc' dir='ltr'>συνάξωσιν.</span> 
     </span>
    </p>
   </div>
   <div class='ocr_carea' id='block_1_61' title="bbox 2280 2324 3783 2399">
    <p class='ocr_par' dir='ltr' id='par_1_61' title="bbox 2280 2324 3783 2399">
     <span class='ocr_line' id='line_1_61' title="bbox 2280 2324 3783 2399; baseline -0.001 -20"><span class='ocrx_word' id='word_1_452' title='bbox 2280 2328 2338 2380; x_wconf 84' lang='lat' dir='ltr'><strong>I&#39;.</strong></span> <span class='ocrx_word' id='word_1_453' title='bbox 2375 2326 2495 2380; x_wconf 88' lang='grc' dir='ltr'>Ὅτι</span> <span class='ocrx_word' id='word_1_454' title='bbox 2516 2327 2648 2398; x_wconf 66' lang='grc' dir='ltr'>φησι</span> <span class='ocrx_word' id='word_1_455' title='bbox 2675 2326 2734 2379; x_wconf 82' lang='grc' dir='ltr'>τὸ</span> <span class='ocrx_word' id='word_1_456' title='bbox 2759 2326 2857 2398; x_wconf 83' lang='grc' dir='ltr'>μὲν</span> <span class='ocrx_word' id='word_1_457' title='bbox 2879 2325 3104 2399; x_wconf 80' lang='grc' dir='ltr'>πρᾶξαι,</span> <span class='ocrx_word' id='word_1_458' title='bbox 3127 2326 3160 2398; x_wconf 82' lang='grc' dir='ltr'>ἢ</span> <span class='ocrx_word' id='word_1_459' title='bbox 3195 2327 3268 2398; x_wconf 81' lang='grc' dir='ltr'>μὴ</span> <span class='ocrx_word' id='word_1_460' title='bbox 3295 2324 3497 2398; x_wconf 79' lang='grc' dir='ltr'>πρᾶξαι</span> <span class='ocrx_word' id='word_1_461' title='bbox 3517 2325 3586 2379; x_wconf 77' lang='grc' dir='ltr'>τὰ</span> <span class='ocrx_word' id='word_1_462' title='bbox 3610 2325 3783 2390; x_wconf 76' lang='grc' dir='ltr'>κακὰ,</span> 
     </span>
    </p>
   </div>
   <div class='ocr_carea' id='block_1_62' title="bbox 2211 2417 3786 2489">
    <p class='ocr_par' dir='ltr' id='par_1_62' title="bbox 2211 2417 3786 2489">
     <span class='ocr_line' id='line_1_62' title="bbox 2211 2417 3786 2489; baseline 0.011 -24"><span class='ocrx_word' id='word_1_463' title='bbox 2211 2418 2293 2485; x_wconf 73' lang='grc' dir='ltr'><strong>ἐφ’</strong></span> <span class='ocrx_word' id='word_1_464' title='bbox 2337 2418 2492 2488; x_wconf 80' lang='grc' dir='ltr'>ἡμῖν’</span> <span class='ocrx_word' id='word_1_465' title='bbox 2545 2419 2666 2471; x_wconf 79' lang='grc' dir='ltr'>ἑπεὶ</span> <span class='ocrx_word' id='word_1_466' title='bbox 2696 2418 2795 2472; x_wconf 77' lang='grc' dir='ltr'>οὐκ</span> <span class='ocrx_word' id='word_1_467' title='bbox 2845 2418 2911 2472; x_wconf 83' lang='grc' dir='ltr'>ἂν</span> <span class='ocrx_word' id='word_1_468' title='bbox 2948 2419 3101 2483; x_wconf 80' lang='grc' dir='ltr'>δίκας</span> <span class='ocrx_word' id='word_1_469' title='bbox 3145 2418 3384 2489; x_wconf 83' lang='grc' dir='ltr'>ἑδίδομεν</span> <span class='ocrx_word' id='word_1_470' title='bbox 3435 2417 3541 2470; x_wconf 79' lang='grc' dir='ltr'><strong>τῶν</strong></span> <span class='ocrx_word' id='word_1_471' title='bbox 3592 2418 3786 2483; x_wconf 81' lang='grc' dir='ltr'>κακῶς</span> 
     </span>
    </p>
   </div>
   <div class='ocr_carea' id='block_1_63' title="bbox 2209 2508 3782 2584">
    <p class='ocr_par' dir='ltr' id='par_1_63' title="bbox 2209 2508 3782 2584">
     <span class='ocr_line' id='line_1_63' title="bbox 2209 2508 3782 2584; baseline 0.002 -23"><span class='ocrx_word' id='word_1_472' title='bbox 2209 2508 2518 2580; x_wconf 81' lang='grc' dir='ltr'>δρωμένων,</span> <span class='ocrx_word' id='word_1_473' title='bbox 2570 2510 2696 2563; x_wconf 72' lang='grc' dir='ltr'>οὐδ’·</span> <span class='ocrx_word' id='word_1_474' title='bbox 2731 2511 2963 2582; x_wconf 73' lang='grc' dir='ltr'>ἀμοιϐὰς</span> <span class='ocrx_word' id='word_1_475' title='bbox 2995 2511 3371 2584; x_wconf 69' lang='grc' dir='ltr'>ἐλαμϐάνομεν</span> <span class='ocrx_word' id='word_1_476' title='bbox 3413 2511 3520 2565; x_wconf 89' lang='grc' dir='ltr'><strong>τῶν</strong></span> <span class='ocrx_word' id='word_1_477' title='bbox 3560 2511 3782 2576; x_wconf 75' lang='grc' dir='ltr'>καλῶς’</span> 
     </span>
    </p>
   </div>
   <div class='ocr_carea' id='block_1_64' title="bbox 2209 2600 3784 2677">
    <p class='ocr_par' dir='ltr' id='par_1_64' title="bbox 2209 2600 3784 2677">
     <span class='ocr_line' id='line_1_64' title="bbox 2209 2600 3784 2677; baseline 0.005 -25"><span class='ocrx_word' id='word_1_478' title='bbox 2209 2600 2270 2653; x_wconf 86' lang='grc' dir='ltr'>τὸ</span> <span class='ocrx_word' id='word_1_479' title='bbox 2307 2601 2350 2654; x_wconf 87' lang='grc' dir='ltr'>δ’</span> <span class='ocrx_word' id='word_1_480' title='bbox 2375 2601 2748 2674; x_wconf 76' lang='grc' dir='ltr'>ἐνθυμηθῆναι</span> <span class='ocrx_word' id='word_1_481' title='bbox 2786 2603 2856 2656; x_wconf 83' lang='grc' dir='ltr'>τὰ</span> <span class='ocrx_word' id='word_1_482' title='bbox 2911 2603 3089 2669; x_wconf 82' lang='grc' dir='ltr'>κακὰ,</span> <span class='ocrx_word' id='word_1_483' title='bbox 3141 2605 3174 2675; x_wconf 82' lang='grc' dir='ltr'><strong>ἢ</strong></span> <span class='ocrx_word' id='word_1_484' title='bbox 3215 2605 3310 2675; x_wconf 81' lang='grc' dir='ltr'>μὴ,</span> <span class='ocrx_word' id='word_1_485' title='bbox 3355 2605 3453 2657; x_wconf 74' lang='grc' dir='ltr'>οὐκ</span> <span class='ocrx_word' id='word_1_486' title='bbox 3491 2605 3575 2674; x_wconf 78' lang='grc' dir='ltr'><strong>ἐφ’</strong></span> <span class='ocrx_word' id='word_1_487' title='bbox 3621 2607 3784 2677; x_wconf 77' lang='grc' dir='ltr'>ἡμῖν.</span> 
     </span>
    </p>
   </div>
   <div class='ocr_carea' id='block_1_65' title="bbox 2209 2692 3790 2769">
    <p class='ocr_par' dir='ltr' id='par_1_65' title="bbox 2209 2692 3790 2769">
     <span class='ocr_line' id='line_1_65' title="bbox 2209 2692 3790 2769; baseline 0.004 -24"><span class='ocrx_word' id='word_1_488' title='bbox 2209 2693 2307 2746; x_wconf 79' lang='grc' dir='ltr'>Διὰ</span> <span class='ocrx_word' id='word_1_489' title='bbox 2333 2692 2488 2747; x_wconf 81' lang='grc' dir='ltr'>τοῦτο</span> <span class='ocrx_word' id='word_1_490' title='bbox 2519 2696 2612 2748; x_wconf 77' lang='grc' dir='ltr'>καὶ</span> <span class='ocrx_word' id='word_1_491' title='bbox 2636 2694 2728 2748; x_wconf 85' lang='grc' dir='ltr'>τὸν</span> <span class='ocrx_word' id='word_1_492' title='bbox 2750 2695 2890 2750; x_wconf 85' lang='grc' dir='ltr'>θεῖον</span> <span class='ocrx_word' id='word_1_493' title='bbox 2919 2697 3128 2750; x_wconf 81' lang='grc' dir='ltr'>Παῦλόν</span> <span class='ocrx_word' id='word_1_494' title='bbox 3152 2714 3289 2769; x_wconf 17' lang='grc' dir='ltr'>φησι,</span> <span class='ocrx_word' id='word_1_495' title='bbox 3315 2696 3491 2766; x_wconf 81' lang='grc' dir='ltr'>λέγειν</span> <span class='ocrx_word' id='word_1_496' title='bbox 3511 2715 3525 2727; x_wconf 88' lang='grc'><strong>·</strong></span> <span class='ocrx_word' id='word_1_497' title='bbox 3558 2700 3639 2751; x_wconf 82' lang='grc' dir='ltr'><strong>Οὐ</strong></span> <span class='ocrx_word' id='word_1_498' title='bbox 3671 2698 3790 2768; x_wconf 74' lang='grc' dir='ltr'><strong>γὰρ</strong></span> 
     </span>
    </p>
   </div>
   <div class='ocr_carea' id='block_1_66' title="bbox 2210 2784 3790 2855">
    <p class='ocr_par' dir='ltr' id='par_1_66' title="bbox 2210 2784 3790 2855">
     <span class='ocr_line' id='line_1_66' title="bbox 2210 2784 3790 2855; baseline 0.005 -17"><span class='ocrx_word' id='word_1_499' title='bbox 2210 2784 2240 2838; x_wconf 88' lang='grc' dir='ltr'><em>ὃ</em></span> <span class='ocrx_word' id='word_1_500' title='bbox 2269 2784 2438 2851; x_wconf 76' lang='grc' dir='ltr'>θέλω,</span> <span class='ocrx_word' id='word_1_501' title='bbox 2489 2785 2662 2840; x_wconf 84' lang='grc' dir='ltr'>τοῦτο</span> <span class='ocrx_word' id='word_1_502' title='bbox 2716 2787 2997 2855; x_wconf 71' lang='grc' dir='ltr'><strong>πράσσω⁸</strong></span> <span class='ocrx_word' id='word_1_503' title='bbox 3025 2789 3160 2844; x_wconf 75' lang='grc' dir='ltr'><em>ἀλλ’</em></span> <span class='ocrx_word' id='word_1_504' title='bbox 3189 2789 3219 2842; x_wconf 87' lang='grc' dir='ltr'><strong>ὃ</strong></span> <span class='ocrx_word' id='word_1_505' title='bbox 3263 2791 3335 2844; x_wconf 86' lang='grc' dir='ltr'>οὐ</span> <span class='ocrx_word' id='word_1_506' title='bbox 3387 2791 3558 2854; x_wconf 72' lang='grc' dir='ltr'>θέλω,</span> <span class='ocrx_word' id='word_1_507' title='bbox 3601 2789 3790 2846; x_wconf 84' lang='grc' dir='ltr'>τοῦτο</span> 
     </span>
    </p>
   </div>
   <div class='ocr_carea' id='block_1_67' title="bbox 2208 2875 3786 2950">
    <p class='ocr_par' dir='ltr' id='par_1_67' title="bbox 2208 2875 3786 2950">
     <span class='ocr_line' id='line_1_67' title="bbox 2208 2875 3786 2950; baseline 0.004 -21"><span class='ocrx_word' id='word_1_508' title='bbox 2208 2875 2354 2930; x_wconf 77' lang='grc' dir='ltr'>ποιῶ</span> <span class='ocrx_word' id='word_1_509' title='bbox 2373 2893 2386 2907; x_wconf 78' lang='grc'><strong>’</strong></span> <span class='ocrx_word' id='word_1_510' title='bbox 2416 2878 2721 2943; x_wconf 82' lang='grc' dir='ltr'>τουτέστιν,</span> <span class='ocrx_word' id='word_1_511' title='bbox 2754 2880 2851 2950; x_wconf 90' lang='grc' dir='ltr'>ούχ</span> <span class='ocrx_word' id='word_1_512' title='bbox 2887 2880 2914 2933; x_wconf 87' lang='grc' dir='ltr'><strong>ὃ</strong></span> <span class='ocrx_word' id='word_1_513' title='bbox 2938 2881 3074 2934; x_wconf 86' lang='grc' dir='ltr'>θέλω</span> <span class='ocrx_word' id='word_1_514' title='bbox 3117 2882 3336 2948; x_wconf 80' lang='grc' dir='ltr'>ἐννοεῖν,</span> <span class='ocrx_word' id='word_1_515' title='bbox 3365 2883 3523 2936; x_wconf 79' lang='grc' dir='ltr'>τοῦτο</span> <span class='ocrx_word' id='word_1_516' title='bbox 3576 2883 3786 2936; x_wconf 75' lang='grc' dir='ltr'>ἐννοῶ·</span> 
     </span>
    </p>
   </div>
   <div class='ocr_carea' id='block_1_68' title="bbox 2207 2967 3794 3044">
    <p class='ocr_par' dir='ltr' id='par_1_68' title="bbox 2207 2967 3794 3044">
     <span class='ocr_line' id='line_1_68' title="bbox 2207 2967 3794 3044; baseline 0.004 -24"><span class='ocrx_word' id='word_1_517' title='bbox 2207 2967 2368 3021; x_wconf 85' lang='grc' dir='ltr'>ἀλλ’ὃ</span> <span class='ocrx_word' id='word_1_518' title='bbox 2400 2968 2474 3041; x_wconf 88' lang='grc' dir='ltr'>μὴ</span> <span class='ocrx_word' id='word_1_519' title='bbox 2535 2967 2692 3024; x_wconf 84' lang='grc' dir='ltr'>θέλω.</span> <span class='ocrx_word' id='word_1_520' title='bbox 2763 2969 3153 3044; x_wconf 79' lang='grc' dir='ltr'>Ἐκριζωθῆναι</span> <span class='ocrx_word' id='word_1_521' title='bbox 3185 2971 3240 3026; x_wconf 82' lang='grc' dir='ltr'><strong>δέ</strong></span> <span class='ocrx_word' id='word_1_522' title='bbox 3294 2989 3428 3043; x_wconf 75' lang='grc' dir='ltr'>φησι</span> <span class='ocrx_word' id='word_1_523' title='bbox 3474 2973 3568 3026; x_wconf 74' lang='grc' dir='ltr'><strong>καλ</strong></span> <span class='ocrx_word' id='word_1_524' title='bbox 3607 2971 3667 3026; x_wconf 77' lang='grc' dir='ltr'><strong>τὺ</strong></span> <span class='ocrx_word' id='word_1_525' title='bbox 3711 2973 3794 3027; x_wconf 77' lang='grc' dir='ltr'>τὰ</span> 
     </span>
    </p>
   </div>
   <div class='ocr_carea' id='block_1_69' title="bbox 2209 3060 3792 3136">
    <p class='ocr_par' dir='ltr' id='par_1_69' title="bbox 2209 3060 3792 3136">
     <span class='ocr_line' id='line_1_69' title="bbox 2209 3060 3792 3136; baseline 0.002 -20"><span class='ocrx_word' id='word_1_526' title='bbox 2209 3060 2355 3116; x_wconf 78' lang='grc' dir='ltr'>κακὰ</span> <span class='ocrx_word' id='word_1_527' title='bbox 2411 3061 2758 3132; x_wconf 76' lang='grc' dir='ltr'>ἐνθυμεῖσθαι</span> <span class='ocrx_word' id='word_1_528' title='bbox 2827 3063 2914 3136; x_wconf 75' lang='grc' dir='ltr'>διὰ</span> <span class='ocrx_word' id='word_1_529' title='bbox 2963 3064 3062 3136; x_wconf 86' lang='grc' dir='ltr'><strong>τῆς</strong></span> <span class='ocrx_word' id='word_1_530' title='bbox 3107 3062 3202 3118; x_wconf 78' lang='grc' dir='ltr'>τοῦ</span> <span class='ocrx_word' id='word_1_531' title='bbox 3257 3065 3484 3134; x_wconf 81' lang='grc' dir='ltr'>φυσικοῦ</span> <span class='ocrx_word' id='word_1_532' title='bbox 3545 3063 3792 3119; x_wconf 55' lang='grc' dir='ltr'>θανάτου</span> 
     </span>
    </p>
   </div>
   <div class='ocr_carea' id='block_1_70' title="bbox 2207 3135 3795 3229">
    <p class='ocr_par' dir='ltr' id='par_1_70' title="bbox 2207 3135 3795 3229">
     <span class='ocr_line' id='line_1_70' title="bbox 2207 3135 3795 3229; baseline 0.002 -22"><span class='ocrx_word' id='word_1_533' title='bbox 2207 3153 2536 3226; x_wconf 83' lang='grc' dir='ltr'>παρουσίας⁶</span> <span class='ocrx_word' id='word_1_534' title='bbox 2564 3154 2686 3208; x_wconf 73' lang='grc' dir='ltr'>ἐπεὶ</span> <span class='ocrx_word' id='word_1_535' title='bbox 2719 3156 2812 3210; x_wconf 74' lang='grc' dir='ltr'>καὶ</span> <span class='ocrx_word' id='word_1_536' title='bbox 2841 3135 2931 3210; x_wconf 65' lang='grc' dir='ltr'><strong>διὰ</strong></span> <span class='ocrx_word' id='word_1_537' title='bbox 2952 3135 3109 3210; x_wconf 69' lang='grc' dir='ltr'>τοῦτο</span> <span class='ocrx_word' id='word_1_538' title='bbox 3137 3158 3166 3209; x_wconf 88' lang='lat'><strong>6</strong></span> <span class='ocrx_word' id='word_1_539' title='bbox 3199 3157 3424 3220; x_wconf 78' lang='grc' dir='ltr'>θάνατος</span> <span class='ocrx_word' id='word_1_540' title='bbox 3442 3156 3594 3228; x_wconf 82' lang='grc' dir='ltr'>ἑδὸθη</span> <span class='ocrx_word' id='word_1_541' title='bbox 3631 3165 3795 3229; x_wconf 65' lang='grc' dir='ltr'>παρὰ</span> 
     </span>
    </p>
   </div>
   <div class='ocr_carea' id='block_1_71' title="bbox 2205 3245 3796 3322">
    <p class='ocr_par' dir='ltr' id='par_1_71' title="bbox 2205 3245 3796 3322">
     <span class='ocr_line' id='line_1_71' title="bbox 2205 3245 3796 3322; baseline 0.003 -23"><span class='ocrx_word' id='word_1_542' title='bbox 2205 3245 2340 3299; x_wconf 79' lang='grc' dir='ltr'>Θεοῦ</span> <span class='ocrx_word' id='word_1_543' title='bbox 2383 3246 2460 3318; x_wconf 82' lang='grc' dir='ltr'><strong>τῷ</strong></span> <span class='ocrx_word' id='word_1_544' title='bbox 2517 3246 2938 3320; x_wconf 82' lang='grc' dir='ltr'>ἑξημαρτηκότι,</span> <span class='ocrx_word' id='word_1_545' title='bbox 2974 3251 3060 3303; x_wconf 82' lang='grc' dir='ltr'>ἵνα</span> <span class='ocrx_word' id='word_1_546' title='bbox 3093 3250 3166 3322; x_wconf 81' lang='grc' dir='ltr'>μὴ</span> <span class='ocrx_word' id='word_1_547' title='bbox 3204 3250 3467 3304; x_wconf 82' lang='grc' dir='ltr'>ἀθάνατον</span> <span class='ocrx_word' id='word_1_548' title='bbox 3510 3250 3666 3321; x_wconf 74' lang='grc' dir='ltr'>μείνῃ</span> <span class='ocrx_word' id='word_1_549' title='bbox 3726 3249 3796 3303; x_wconf 79' lang='grc' dir='ltr'><strong>τὸ</strong></span> 
     </span>
    </p>
   </div>
   <div class='ocr_carea' id='block_1_72' title="bbox 2207 3339 3796 3415">
    <p class='ocr_par' dir='ltr' id='par_1_72' title="bbox 2207 3339 3796 3415">
     <span class='ocr_line' id='line_1_72' title="bbox 2207 3339 3796 3415; baseline 0.001 -23"><span class='ocrx_word' id='word_1_550' title='bbox 2207 3340 2394 3393; x_wconf 87' lang='grc' dir='ltr'>κακόν.</span> <span class='ocrx_word' id='word_1_551' title='bbox 2428 3339 2585 3392; x_wconf 84' lang='grc' dir='ltr'>Ἀλλὰ</span> <span class='ocrx_word' id='word_1_552' title='bbox 2616 3340 2733 3405; x_wconf 87' lang='grc' dir='ltr'><strong>πῶς</strong></span> <span class='ocrx_word' id='word_1_553' title='bbox 2745 3341 2902 3395; x_wconf 81' lang='grc' dir='ltr'>τοῦτο</span> <span class='ocrx_word' id='word_1_554' title='bbox 2935 3342 3143 3415; x_wconf 76' lang='grc' dir='ltr'>εἴρηται</span> <span class='ocrx_word' id='word_1_555' title='bbox 3175 3342 3544 3414; x_wconf 79' lang='grc' dir='ltr'>(σημειωτέον,</span> <span class='ocrx_word' id='word_1_556' title='bbox 3577 3343 3660 3395; x_wconf 85' lang='grc' dir='ltr'>ὅτι</span> <span class='ocrx_word' id='word_1_557' title='bbox 3687 3341 3796 3394; x_wconf 72' lang='grc' dir='ltr'><strong>καὶ</strong></span> 
     </span>
    </p>
   </div>
   <div class='ocr_carea' id='block_1_73' title="bbox 2203 3432 3799 3508">
    <p class='ocr_par' dir='ltr' id='par_1_73' title="bbox 2203 3432 3799 3508">
     <span class='ocr_line' id='line_1_73' title="bbox 2203 3432 3799 3508; baseline -0.001 -22"><span class='ocrx_word' id='word_1_558' title='bbox 2203 3432 2384 3496; x_wconf 83' lang='grc' dir='ltr'>ἄλλοις</span> <span class='ocrx_word' id='word_1_559' title='bbox 2412 3433 2567 3506; x_wconf 73' lang='grc' dir='ltr'>ἡμῶν</span> <span class='ocrx_word' id='word_1_560' title='bbox 2593 3436 2867 3506; x_wconf 86' lang='grc' dir='ltr'>Πατράσιν</span> <span class='ocrx_word' id='word_1_561' title='bbox 2904 3436 3154 3508; x_wconf 78' lang='grc' dir='ltr'>εἴρηται),</span> <span class='ocrx_word' id='word_1_562' title='bbox 3173 3436 3331 3507; x_wconf 77' lang='grc' dir='ltr'>εἴπερ</span> <span class='ocrx_word' id='word_1_563' title='bbox 3356 3437 3384 3488; x_wconf 89' lang='lat'><strong>6</strong></span> <span class='ocrx_word' id='word_1_564' title='bbox 3413 3434 3643 3496; x_wconf 86' lang='grc' dir='ltr'>θάνατος</span> <span class='ocrx_word' id='word_1_565' title='bbox 3667 3436 3799 3497; x_wconf 79' lang='grc' dir='ltr'>τοῖς</span> 
     </span>
    </p>
   </div>
   <div class='ocr_carea' id='block_1_74' title="bbox 2202 3523 3798 3601">
    <p class='ocr_par' dir='ltr' id='par_1_74' title="bbox 2202 3523 3798 3601">
     <span class='ocr_line' id='line_1_74' title="bbox 2202 3523 3798 3601; baseline 0.001 -22"><span class='ocrx_word' id='word_1_566' title='bbox 2202 3526 2388 3580; x_wconf 79' lang='grc' dir='ltr'>τοῦτον</span> <span class='ocrx_word' id='word_1_567' title='bbox 2423 3529 2837 3601; x_wconf 88' lang='grc' dir='ltr'>μετερχομένοις</span> <span class='ocrx_word' id='word_1_568' title='bbox 2890 3528 3031 3583; x_wconf 83' lang='grc' dir='ltr'>κατὰ</span> <span class='ocrx_word' id='word_1_569' title='bbox 3060 3531 3151 3583; x_wconf 87' lang='grc' dir='ltr'><strong>τδν</strong></span> <span class='ocrx_word' id='word_1_570' title='bbox 3172 3529 3361 3600; x_wconf 85' lang='grc' dir='ltr'>καιρὸν</span> <span class='ocrx_word' id='word_1_571' title='bbox 3411 3528 3618 3580; x_wconf 78' lang='grc' dir='ltr'>ἐκεῖνον</span> <span class='ocrx_word' id='word_1_572' title='bbox 3655 3523 3798 3580; x_wconf 70' lang='grc' dir='ltr'>οὔτε</span> 
     </span>
    </p>
   </div>
   <div class='ocr_carea' id='block_1_75' title="bbox 2210 3619 3798 3695">
    <p class='ocr_par' dir='ltr' id='par_1_75' title="bbox 2210 3619 3798 3695">
     <span class='ocr_line' id='line_1_75' title="bbox 2210 3619 3798 3695; baseline 0.001 -22"><span class='ocrx_word' id='word_1_573' title='bbox 2210 3621 2496 3693; x_wconf 84' lang='grc' dir='ltr'>προσθήκη</span> <span class='ocrx_word' id='word_1_574' title='bbox 2528 3620 2650 3675; x_wconf 73' lang='grc' dir='ltr'>οὔτε</span> <span class='ocrx_word' id='word_1_575' title='bbox 2683 3621 3088 3695; x_wconf 82' lang='grc' dir='ltr'>ὑφαίρεσις(57)</span> <span class='ocrx_word' id='word_1_576' title='bbox 3111 3621 3523 3695; x_wconf 81' lang='grc' dir='ltr'>ἁμαρτημάτων</span> <span class='ocrx_word' id='word_1_577' title='bbox 3545 3619 3798 3687; x_wconf 74' lang='grc' dir='ltr'>γίνεταις</span> 
     </span>
    </p>
   </div>
   <div class='ocr_carea' id='block_1_76' title="bbox 535 3929 2090 4003">
    <p class='ocr_par' dir='ltr' id='par_1_76' title="bbox 535 3929 2090 4003">
     <span class='ocr_line' id='line_1_76' title="bbox 535 3929 2090 4003; baseline -0.001 -15"><span class='ocrx_word' id='word_1_578' title='bbox 535 3931 916 4003; x_wconf 81' lang='lat' dir='ltr'><strong>Compendiosa</strong></span> <span class='ocrx_word' id='word_1_579' title='bbox 957 3929 1532 4003; x_wconf 65' lang='lat' dir='ltr'><strong>Expositiodictorum</strong></span> <span class='ocrx_word' id='word_1_580' title='bbox 1574 3931 1922 4003; x_wconf 71' lang='lat' dir='ltr'><strong>quorumdam</strong></span> <span class='ocrx_word' id='word_1_581' title='bbox 1957 3945 2090 4000; x_wconf 81' lang='lat' dir='ltr'><strong>apo-</strong></span> 
     </span>
    </p>
   </div>
   <div class='ocr_carea' id='block_1_77' title="bbox 710 3999 1908 4067">
    <p class='ocr_par' dir='ltr' id='par_1_77' title="bbox 710 3999 1908 4067">
     <span class='ocr_line' id='line_1_77' title="bbox 710 3999 1908 4067; baseline 0.002 -11"><span class='ocrx_word' id='word_1_582' title='bbox 710 3999 1130 4067; x_wconf 12' lang='lat' dir='ltr'><strong>stolicorum,rex</strong></span> <span class='ocrx_word' id='word_1_583' title='bbox 1166 3999 1344 4056; x_wconf 83' lang='lat' dir='ltr'><strong>eodem</strong></span> <span class='ocrx_word' id='word_1_584' title='bbox 1376 4001 1434 4056; x_wconf 91' lang='lat' dir='ltr'><strong>S.</strong></span> <span class='ocrx_word' id='word_1_585' title='bbox 1467 3999 1718 4055; x_wconf 78' lang='lat' dir='ltr'><strong>Methodii</strong></span> <span class='ocrx_word' id='word_1_586' title='bbox 1749 4001 1908 4058; x_wconf 81' lang='lat' dir='ltr'><strong>libra.</strong></span> 
     </span>
    </p>
   </div>
   <div class='ocr_carea' id='block_1_78' title="bbox 2201 3924 3803 3997">
    <p class='ocr_par' dir='ltr' id='par_1_78' title="bbox 2201 3924 3803 3997">
     <span class='ocr_line' id='line_1_78' title="bbox 2201 3924 3803 3997; baseline -0.006 -10"><span class='ocrx_word' id='word_1_587' title='bbox 2201 3933 2312 3987; x_wconf 84' lang='grc' dir='ltr'><strong>Τοῦ</strong></span> <span class='ocrx_word' id='word_1_588' title='bbox 2349 3932 2556 3995; x_wconf 85' lang='grc' dir='ltr'>αὐτοῦ.</span> <span class='ocrx_word' id='word_1_589' title='bbox 2604 3933 2673 3986; x_wconf 81' lang='grc' dir='ltr'>ἐκ</span> <span class='ocrx_word' id='word_1_590' title='bbox 2720 3931 2826 3986; x_wconf 84' lang='grc' dir='ltr'>τοῦ</span> <span class='ocrx_word' id='word_1_591' title='bbox 2873 3927 3059 3984; x_wconf 83' lang='grc' dir='ltr'>αὑτοῦ</span> <span class='ocrx_word' id='word_1_592' title='bbox 3103 3928 3309 3997; x_wconf 58' lang='grc' dir='ltr'><strong>λόγου,</strong></span> <span class='ocrx_word' id='word_1_593' title='bbox 3359 3924 3803 3979; x_wconf 66' lang='grc' dir='ltr'>ἀποστολικῶν·</span> 
     </span>
    </p>
   </div>
   <div class='ocr_carea' id='block_1_79' title="bbox 2473 3999 3492 4072">
    <p class='ocr_par' dir='ltr' id='par_1_79' title="bbox 2473 3999 3492 4072">
     <span class='ocr_line' id='line_1_79' title="bbox 2473 3999 3492 4072; baseline -0.01 -15"><span class='ocrx_word' id='word_1_594' title='bbox 2473 4003 2676 4072; x_wconf 73' lang='grc' dir='ltr'>ῥητῶν</span> <span class='ocrx_word' id='word_1_595' title='bbox 2711 4001 2989 4070; x_wconf 71' lang='grc' dir='ltr'>ἑρμηνεία</span> <span class='ocrx_word' id='word_1_596' title='bbox 3023 4001 3172 4053; x_wconf 82' lang='grc' dir='ltr'>κατὰ</span> <span class='ocrx_word' id='word_1_597' title='bbox 3208 3999 3492 4064; x_wconf 69' lang='grc' dir='ltr'>σύνοψιν.</span> 
     </span>
    </p>
   </div>
   <div class='ocr_carea' id='block_1_80' title="bbox 1664 4111 2635 4190">
    <p class='ocr_par' dir='ltr' id='par_1_80' title="bbox 1664 4111 2635 4190">
     <span class='ocr_line' id='line_1_80' title="bbox 1664 4111 2635 4190; baseline 0.008 -22"><span class='ocrx_word' id='word_1_598' title='bbox 1664 4113 1844 4186; x_wconf 79' lang='lat' dir='ltr'><strong>(Apud</strong></span> <span class='ocrx_word' id='word_1_599' title='bbox 1865 4111 2118 4170; x_wconf 78' lang='lat' dir='ltr'><strong>Photium</strong></span> <span class='ocrx_word' id='word_1_600' title='bbox 2143 4116 2296 4182; x_wconf 86' lang='lat' dir='ltr'><strong>ibid.,</strong></span> <span class='ocrx_word' id='word_1_601' title='bbox 2325 4133 2445 4190; x_wconf 79' lang='lat' dir='ltr'><strong>pag,</strong></span> <span class='ocrx_word' id='word_1_602' title='bbox 2477 4117 2635 4188; x_wconf 74' lang='lat'><strong>909.)</strong></span> 
     </span>
    </p>
   </div>
   <div class='ocr_carea' id='block_1_81' title="bbox 604 4223 2095 4294">
    <p class='ocr_par' dir='ltr' id='par_1_81' title="bbox 604 4223 2095 4294">
     <span class='ocr_line' id='line_1_81' title="bbox 604 4223 2095 4294; baseline 0.002 -16"><span class='ocrx_word' id='word_1_603' title='bbox 604 4227 647 4280; x_wconf 83' lang='grc' dir='ltr'><strong>ι.</strong></span> <span class='ocrx_word' id='word_1_604' title='bbox 669 4223 832 4280; x_wconf 87' lang='lat' dir='ltr'><strong>Lecta</strong></span> <span class='ocrx_word' id='word_1_605' title='bbox 859 4233 942 4282; x_wconf 86' lang='lat' dir='ltr'><strong>est</strong></span> <span class='ocrx_word' id='word_1_606' title='bbox 993 4240 1059 4280; x_wconf 81' lang='lat' dir='ltr'><strong>ex</strong></span> <span class='ocrx_word' id='word_1_607' title='bbox 1101 4227 1290 4282; x_wconf 89' lang='lat' dir='ltr'><strong>eodem</strong></span> <span class='ocrx_word' id='word_1_608' title='bbox 1319 4227 1469 4283; x_wconf 87' lang='lat' dir='ltr'><strong>illius</strong></span> <span class='ocrx_word' id='word_1_609' title='bbox 1520 4225 1661 4281; x_wconf 86' lang='lat' dir='ltr'><strong>libro</strong></span> <span class='ocrx_word' id='word_1_610' title='bbox 1702 4225 2095 4294; x_wconf 84' lang='lat' dir='ltr'><strong>compendiosa</strong></span> 
     </span>
    </p>
   </div>
   <div class='ocr_carea' id='block_1_82' title="bbox 532 4315 2092 4390">
    <p class='ocr_par' dir='ltr' id='par_1_82' title="bbox 532 4315 2092 4390">
     <span class='ocr_line' id='line_1_82' title="bbox 532 4315 2092 4390; baseline 0.001 -20"><span class='ocrx_word' id='word_1_611' title='bbox 532 4315 803 4372; x_wconf 74' lang='lat' dir='ltr'><strong>dictarunt</strong></span> <span class='ocrx_word' id='word_1_612' title='bbox 861 4318 1218 4388; x_wconf 90' lang='lat' dir='ltr'><strong>quorumdam</strong></span> <span class='ocrx_word' id='word_1_613' title='bbox 1278 4318 1700 4390; x_wconf 88' lang='lat' dir='ltr'><strong>apostolicorum</strong></span> <span class='ocrx_word' id='word_1_614' title='bbox 1761 4317 2092 4386; x_wconf 78' lang='lat' dir='ltr'><strong>explanatio.</strong></span> 
     </span>
    </p>
   </div>
   <div class='ocr_carea' id='block_1_83' title="bbox 531 4409 2092 4484">
    <p class='ocr_par' dir='ltr' id='par_1_83' title="bbox 531 4409 2092 4484">
     <span class='ocr_line' id='line_1_83' title="bbox 531 4409 2092 4484; baseline 0.001 -20"><span class='ocrx_word' id='word_1_615' title='bbox 531 4409 828 4467; x_wconf 75' lang='lat' dir='ltr'><strong>Videamus</strong></span> <span class='ocrx_word' id='word_1_616' title='bbox 860 4427 987 4468; x_wconf 83' lang='lat' dir='ltr'><strong>vero</strong></span> <span class='ocrx_word' id='word_1_617' title='bbox 1020 4412 1167 4484; x_wconf 86' lang='lat' dir='ltr'><strong>quod</strong></span> <span class='ocrx_word' id='word_1_618' title='bbox 1212 4413 1448 4483; x_wconf 86' lang='lat' dir='ltr'><strong>primum</strong></span> <span class='ocrx_word' id='word_1_619' title='bbox 1482 4413 1535 4467; x_wconf 90' lang='lat' dir='ltr'><strong>in</strong></span> <span class='ocrx_word' id='word_1_620' title='bbox 1560 4413 1881 4483; x_wconf 87' lang='lat' dir='ltr'><strong>Apostolum</strong></span> <span class='ocrx_word' id='word_1_621' title='bbox 1905 4411 2092 4467; x_wconf 88' lang='lat' dir='ltr'><strong>dicere</strong></span> 
     </span>
    </p>
   </div>
   <div class='ocr_carea' id='block_1_84' title="bbox 531 4484 2167 4576">
    <p class='ocr_par' dir='ltr' id='par_1_84' title="bbox 531 4484 2167 4576">
     <span class='ocr_line' id='line_1_84' title="bbox 531 4484 2167 4576; baseline -0.001 -18"><span class='ocrx_word' id='word_1_622' title='bbox 531 4504 642 4576; x_wconf 78' lang='lat'><strong>(36)</strong></span> <span class='ocrx_word' id='word_1_623' title='bbox 673 4502 914 4576; x_wconf 81' lang='lat' dir='ltr'><strong>aggressi</strong></span> <span class='ocrx_word' id='word_1_624' title='bbox 950 4504 1244 4562; x_wconf 86' lang='lat' dir='ltr'><strong>fueramus.</strong></span> <span class='ocrx_word' id='word_1_625' title='bbox 1277 4504 1410 4559; x_wconf 87' lang='lat' dir='ltr'><strong>Nam</strong></span> <span class='ocrx_word' id='word_1_626' title='bbox 1443 4504 1587 4576; x_wconf 80' lang='lat' dir='ltr'><strong>quod</strong></span> <span class='ocrx_word' id='word_1_627' title='bbox 1623 4505 1698 4559; x_wconf 88' lang='lat' dir='ltr'><strong>ait</strong></span> <span class='ocrx_word' id='word_1_628' title='bbox 1729 4506 1775 4537; x_wconf 78' lang='lat'><strong>&#39;°</strong></span> <span class='ocrx_word' id='word_1_629' title='bbox 1812 4525 1825 4560; x_wconf 92' lang='lat'><strong>:</strong></span> <span class='ocrx_word' id='word_1_630' title='bbox 1862 4503 1972 4575; x_wconf 85' lang='lat' dir='ltr'><strong>Ego</strong></span> <span class='ocrx_word' id='word_1_631' title='bbox 1999 4521 2094 4557; x_wconf 86' lang='lat' dir='ltr'><strong>au-</strong></span> <span class='ocrx_word' id='word_1_632' title='bbox 2122 4484 2167 4538; x_wconf 71' lang='grc' dir='ltr'><strong>ι)</strong></span> 
     </span>
    </p>
   </div>
   <div class='ocr_carea' id='block_1_85' title="bbox 2274 4222 3804 4298">
    <p class='ocr_par' dir='ltr' id='par_1_85' title="bbox 2274 4222 3804 4298">
     <span class='ocr_line' id='line_1_85' title="bbox 2274 4222 3804 4298; baseline -0.003 -16"><span class='ocrx_word' id='word_1_633' title='bbox 2274 4229 2350 4281; x_wconf 82' lang='lat' dir='ltr'><strong>A’.</strong></span> <span class='ocrx_word' id='word_1_634' title='bbox 2394 4226 2730 4298; x_wconf 83' lang='grc' dir='ltr'>Ἀνεγνώσθη</span> <span class='ocrx_word' id='word_1_635' title='bbox 2783 4226 2876 4280; x_wconf 82' lang='grc' dir='ltr'><strong>τοῦ</strong></span> <span class='ocrx_word' id='word_1_636' title='bbox 2918 4224 3105 4292; x_wconf 82' lang='grc' dir='ltr'>αὑτοῦ,</span> <span class='ocrx_word' id='word_1_637' title='bbox 3147 4226 3211 4278; x_wconf 82' lang='grc' dir='ltr'><strong>ἑκ</strong></span> <span class='ocrx_word' id='word_1_638' title='bbox 3242 4222 3335 4277; x_wconf 78' lang='grc' dir='ltr'><strong>τοῦ</strong></span> <span class='ocrx_word' id='word_1_639' title='bbox 3380 4223 3542 4277; x_wconf 75' lang='grc' dir='ltr'>αὐτοῦ</span> <span class='ocrx_word' id='word_1_640' title='bbox 3595 4222 3804 4290; x_wconf 80' lang='grc' dir='ltr'>λόγου,</span> 
     </span>
    </p>
   </div>
   <div class='ocr_carea' id='block_1_86' title="bbox 2204 4316 3809 4392">
    <p class='ocr_par' dir='ltr' id='par_1_86' title="bbox 2204 4316 3809 4392">
     <span class='ocr_line' id='line_1_86' title="bbox 2204 4316 3809 4392; baseline -0.002 -18"><span class='ocrx_word' id='word_1_641' title='bbox 2204 4319 2570 4374; x_wconf 78' lang='grc' dir='ltr'>ἀποστολικῶν</span> <span class='ocrx_word' id='word_1_642' title='bbox 2603 4319 2779 4392; x_wconf 83' lang='grc' dir='ltr'>ῥητῶν</span> <span class='ocrx_word' id='word_1_643' title='bbox 2815 4319 3076 4391; x_wconf 79' lang='grc' dir='ltr'>ἑρμηνεία</span> <span class='ocrx_word' id='word_1_644' title='bbox 3103 4317 3240 4372; x_wconf 75' lang='grc' dir='ltr'>κατὰ</span> <span class='ocrx_word' id='word_1_645' title='bbox 3269 4316 3506 4386; x_wconf 83' lang='grc' dir='ltr'>σύνοψιν.</span> <span class='ocrx_word' id='word_1_646' title='bbox 3546 4316 3809 4386; x_wconf 78' lang='grc' dir='ltr'>Ἰδωμεν</span> 
     </span>
    </p>
   </div>
   <div class='ocr_carea' id='block_1_87' title="bbox 2199 4405 3812 4484">
    <p class='ocr_par' dir='ltr' id='par_1_87' title="bbox 2199 4405 3812 4484">
     <span class='ocr_line' id='line_1_87' title="bbox 2199 4405 3812 4484; baseline -0.006 -19"><span class='ocrx_word' id='word_1_647' title='bbox 2199 4411 2275 4476; x_wconf 83' lang='grc' dir='ltr'>δὲ,</span> <span class='ocrx_word' id='word_1_648' title='bbox 2305 4411 2358 4464; x_wconf 88' lang='grc' dir='ltr'><strong>τί</strong></span> <span class='ocrx_word' id='word_1_649' title='bbox 2391 4407 2458 4483; x_wconf 74' lang='grc' dir='ltr'>ἦν</span> <span class='ocrx_word' id='word_1_650' title='bbox 2485 4411 2620 4484; x_wconf 85' lang='grc' dir='ltr'>ὅπερ</span> <span class='ocrx_word' id='word_1_651' title='bbox 2651 4411 2864 4483; x_wconf 88' lang='grc' dir='ltr'>πρῶτον</span> <span class='ocrx_word' id='word_1_652' title='bbox 2897 4411 2975 4473; x_wconf 82' lang='grc' dir='ltr'><strong>είς</strong></span> <span class='ocrx_word' id='word_1_653' title='bbox 3006 4410 3098 4462; x_wconf 85' lang='grc' dir='ltr'>τὸν</span> <span class='ocrx_word' id='word_1_654' title='bbox 3141 4406 3458 4461; x_wconf 80' lang='grc' dir='ltr'>’Δπόστολον</span> <span class='ocrx_word' id='word_1_655' title='bbox 3495 4405 3812 4479; x_wconf 71' lang='grc' dir='ltr'>προήχθη-</span> 
     </span>
    </p>
   </div>
   <div class='ocr_carea' id='block_1_88' title="bbox 2197 4497 3812 4574">
    <p class='ocr_par' dir='ltr' id='par_1_88' title="bbox 2197 4497 3812 4574">
     <span class='ocr_line' id='line_1_88' title="bbox 2197 4497 3812 4574; baseline -0.004 -18"><span class='ocrx_word' id='word_1_656' title='bbox 2197 4519 2296 4574; x_wconf 87' lang='grc' dir='ltr'><strong>μεν</strong></span> <span class='ocrx_word' id='word_1_657' title='bbox 2333 4505 2526 4557; x_wconf 84' lang='grc' dir='ltr'>είπεῖν.</span> <span class='ocrx_word' id='word_1_658' title='bbox 2565 4502 2639 4556; x_wconf 88' lang='grc' dir='ltr'><strong>Τὸ</strong></span> <span class='ocrx_word' id='word_1_659' title='bbox 2680 4503 2811 4573; x_wconf 84' lang='grc' dir='ltr'>γὰρ,</span> <span class='ocrx_word' id='word_1_660' title='bbox 2849 4502 2989 4573; x_wconf 77' lang='grc' dir='ltr'><strong>Ἐγὼ</strong></span> <span class='ocrx_word' id='word_1_661' title='bbox 3033 4501 3101 4555; x_wconf 84' lang='grc' dir='ltr'>δὲ</span> <span class='ocrx_word' id='word_1_662' title='bbox 3133 4500 3304 4565; x_wconf 70' lang='grc' dir='ltr'><strong>ἕζὶυν,</strong></span> <span class='ocrx_word' id='word_1_663' title='bbox 3350 4497 3539 4568; x_wconf 77' lang='grc' dir='ltr'>λεχθὲν</span> <span class='ocrx_word' id='word_1_664' title='bbox 3592 4498 3766 4571; x_wconf 80' lang='grc' dir='ltr'>αὐτῷ</span> <span class='ocrx_word' id='word_1_665' title='bbox 3789 4540 3812 4564; x_wconf 83' lang='grc'><strong>,</strong></span> 
     </span>
    </p>
   </div>
   <div class='ocr_carea' id='block_1_89' title="bbox 599 4618 2207 4690">
    <p class='ocr_par' dir='ltr' id='par_1_89' title="bbox 599 4618 2207 4690">
     <span class='ocr_line' id='line_1_89' title="bbox 599 4618 2207 4690; baseline -0.001 -14"><span class='ocrx_word' id='word_1_666' title='bbox 599 4620 645 4655; x_wconf 73' lang='grc'><strong>⁸⁸</strong></span> <span class='ocrx_word' id='word_1_667' title='bbox 676 4620 718 4676; x_wconf 92' lang='lat' dir='ltr'><strong>ll</strong></span> <span class='ocrx_word' id='word_1_668' title='bbox 747 4620 874 4678; x_wconf 87' lang='lat' dir='ltr'><strong>Cor.</strong></span> <span class='ocrx_word' id='word_1_669' title='bbox 902 4637 1000 4687; x_wconf 80' lang='lat' dir='ltr'><strong>xu,</strong></span> <span class='ocrx_word' id='word_1_670' title='bbox 1025 4623 1080 4690; x_wconf 74' lang='lat'><strong>2,</strong></span> <span class='ocrx_word' id='word_1_671' title='bbox 1121 4623 1175 4678; x_wconf 78' lang='lat'><strong>5.</strong></span> <span class='ocrx_word' id='word_1_672' title='bbox 1249 4623 1296 4654; x_wconf 81' lang='grc'><strong>⁸⁸</strong></span> <span class='ocrx_word' id='word_1_673' title='bbox 1320 4620 1473 4677; x_wconf 86' lang='lat' dir='ltr'><strong>Rom.</strong></span> <span class='ocrx_word' id='word_1_674' title='bbox 1504 4637 1600 4685; x_wconf 80' lang='lat' dir='ltr'><strong>vn,</strong></span> <span class='ocrx_word' id='word_1_675' title='bbox 1626 4621 1713 4676; x_wconf 78' lang='grc'><strong>15.</strong></span> <span class='ocrx_word' id='word_1_676' title='bbox 1772 4620 1817 4653; x_wconf 80' lang='grc'>⁸¹</span> <span class='ocrx_word' id='word_1_677' title='bbox 1841 4619 1991 4675; x_wconf 88' lang='lat' dir='ltr'><strong>Rom.</strong></span> <span class='ocrx_word' id='word_1_678' title='bbox 2025 4636 2121 4684; x_wconf 83' lang='lat' dir='ltr'><strong>vn,</strong></span> <span class='ocrx_word' id='word_1_679' title='bbox 2152 4618 2207 4676; x_wconf 86' lang='lat'><strong>9.</strong></span> 
     </span>
    </p>
   </div>
   <div class='ocr_carea' id='block_1_90' title="bbox 601 4755 2099 4829">
    <p class='ocr_par' dir='ltr' id='par_1_90' title="bbox 601 4755 2099 4829">
     <span class='ocr_line' id='line_1_90' title="bbox 601 4755 2099 4829; baseline -0.001 -18"><span class='ocrx_word' id='word_1_680' title='bbox 601 4755 723 4829; x_wconf 71' lang='grc'><strong>(54)</strong></span> <span class='ocrx_word' id='word_1_681' title='bbox 775 4755 881 4811; x_wconf 87' lang='lat' dir='ltr'><strong>Nec</strong></span> <span class='ocrx_word' id='word_1_682' title='bbox 931 4759 1155 4826; x_wconf 76' lang='lat' dir='ltr'><strong>prwmia</strong></span> <span class='ocrx_word' id='word_1_683' title='bbox 1189 4761 1553 4829; x_wconf 85' lang='lat' dir='ltr'><strong>reciperemus,</strong></span> <span class='ocrx_word' id='word_1_684' title='bbox 1594 4765 1700 4813; x_wconf 87' lang='lat' dir='ltr'><strong>etc.</strong></span> <span class='ocrx_word' id='word_1_685' title='bbox 1734 4757 1888 4826; x_wconf 78' lang='lat' dir='ltr'><strong>Apud</strong></span> <span class='ocrx_word' id='word_1_686' title='bbox 1951 4755 2099 4829; x_wconf 64' lang='lat' dir='ltr'><strong>Plio-</strong></span> 
     </span>
    </p>
   </div>
   <div class='ocr_carea' id='block_1_91' title="bbox 526 4825 2098 4899">
    <p class='ocr_par' dir='ltr' id='par_1_91' title="bbox 526 4825 2098 4899">
     <span class='ocr_line' id='line_1_91' title="bbox 526 4825 2098 4899; baseline -0.002 -17"><span class='ocrx_word' id='word_1_687' title='bbox 526 4825 734 4899; x_wconf 6' lang='lat' dir='ltr'><strong>tiu’mpﬂ</strong></span> <span class='ocrx_word' id='word_1_688' title='bbox 770 4825 956 4899; x_wconf 55' lang='lat' dir='ltr'><strong>gmw.</strong></span> <span class='ocrx_word' id='word_1_689' title='bbox 1013 4825 1372 4886; x_wconf 74' lang='lat' dir='ltr'><strong>Restitnimus</strong></span> <span class='ocrx_word' id='word_1_690' title='bbox 1426 4831 1546 4884; x_wconf 84' lang='grc' dir='ltr'>οὐδέ</span> <span class='ocrx_word' id='word_1_691' title='bbox 1612 4845 1679 4899; x_wconf 84' lang='lat' dir='ltr'><strong>ex</strong></span> <span class='ocrx_word' id='word_1_692' title='bbox 1738 4825 2098 4899; x_wconf 12' lang='lat' dir='ltr'><strong>cedis-378n-</strong></span> 
     </span>
    </p>
   </div>
   <div class='ocr_carea' id='block_1_92' title="bbox 525 4896 2097 4980">
    <p class='ocr_par' dir='ltr' id='par_1_92' title="bbox 525 4896 2097 4980">
     <span class='ocr_line' id='line_1_92' title="bbox 525 4896 2097 4980; baseline -0.002 -28"><span class='ocrx_word' id='word_1_693' title='bbox 525 4896 739 4980; x_wconf 74' lang='lat' dir='ltr'><strong>mundi.</strong></span> <span class='ocrx_word' id='word_1_694' title='bbox 770 4896 993 4953; x_wconf 82' lang='lat' dir='ltr'><strong>Tractat</strong></span> <span class='ocrx_word' id='word_1_695' title='bbox 1031 4901 1135 4956; x_wconf 87' lang='lat' dir='ltr'><strong>ista</strong></span> <span class='ocrx_word' id='word_1_696' title='bbox 1167 4899 1472 4955; x_wconf 78' lang='lat' dir='ltr'><strong>Methodius</strong></span> <span class='ocrx_word' id='word_1_697' title='bbox 1495 4916 1550 4954; x_wconf 91' lang='lat' dir='ltr'><strong>n.</strong></span> <span class='ocrx_word' id='word_1_698' title='bbox 1585 4898 1653 4954; x_wconf 80' lang='lat'><em>56</em></span> <span class='ocrx_word' id='word_1_699' title='bbox 1686 4898 1824 4969; x_wconf 86' lang='lat' dir='ltr'><strong>apud</strong></span> <span class='ocrx_word' id='word_1_700' title='bbox 1858 4896 2097 4968; x_wconf 84' lang='lat' dir='ltr'><strong>Epipha-</strong></span> 
     </span>
    </p>
   </div>
   <div class='ocr_carea' id='block_1_93' title="bbox 525 4983 700 5023">
    <p class='ocr_par' dir='ltr' id='par_1_93' title="bbox 525 4983 700 5023">
     <span class='ocr_line' id='line_1_93' title="bbox 525 4983 700 5023; baseline -0.011 0"><span class='ocrx_word' id='word_1_701' title='bbox 525 4983 700 5023; x_wconf 85' lang='lat' dir='ltr'><strong>mum.</strong></span> 
     </span>
    </p>
   </div>
   <div class='ocr_carea' id='block_1_94' title="bbox 599 5038 2097 5120">
    <p class='ocr_par' dir='ltr' id='par_1_94' title="bbox 599 5038 2097 5120">
     <span class='ocr_line' id='line_1_94' title="bbox 599 5038 2097 5120; baseline 0 -28"><span class='ocrx_word' id='word_1_702' title='bbox 599 5038 710 5120; x_wconf 63' lang='lat'><strong>(5§)</strong></span> <span class='ocrx_word' id='word_1_703' title='bbox 735 5038 1034 5120; x_wconf 67' lang='lat' dir='ltr'><strong>§ciendu_m,</strong></span> <span class='ocrx_word' id='word_1_704' title='bbox 1062 5051 1167 5097; x_wconf 88' lang='lat' dir='ltr'><strong>etc.</strong></span> <span class='ocrx_word' id='word_1_705' title='bbox 1209 5041 1288 5120; x_wconf 83' lang='lat' dir='ltr'><strong>l_ta</strong></span> <span class='ocrx_word' id='word_1_706' title='bbox 1326 5041 1533 5120; x_wconf 71' lang='lat' dir='ltr'><strong>passim</strong></span> <span class='ocrx_word' id='word_1_707' title='bbox 1579 5039 2005 5120; x_wconf 26' lang='lat' dir='ltr'><strong>C‘hlrysostomus</strong></span> <span class='ocrx_word' id='word_1_708' title='bbox 2043 5044 2097 5120; x_wconf 82' lang='lat' dir='ltr'><strong>et</strong></span> 
     </span>
    </p>
   </div>
   <div class='ocr_carea' id='block_1_95' title="bbox 522 5107 2092 5182">
    <p class='ocr_par' dir='ltr' id='par_1_95' title="bbox 522 5107 2092 5182">
     <span class='ocr_line' id='line_1_95' title="bbox 522 5107 2092 5182; baseline -0.001 -20"><span class='ocrx_word' id='word_1_709' title='bbox 522 5107 639 5162; x_wconf 69' lang='lat' dir='ltr'><strong>alii.</strong></span> <span class='ocrx_word' id='word_1_710' title='bbox 664 5107 871 5164; x_wconf 86' lang='lat' dir='ltr'><strong>Indicat</strong></span> <span class='ocrx_word' id='word_1_711' title='bbox 896 5112 1060 5166; x_wconf 88' lang='lat' dir='ltr'><strong>etiam</strong></span> <span class='ocrx_word' id='word_1_712' title='bbox 1089 5107 1350 5182; x_wconf 79' lang='lat' dir='ltr'><strong>propheta</strong></span> <span class='ocrx_word' id='word_1_713' title='bbox 1381 5111 1488 5166; x_wconf 89' lang='lat' dir='ltr'><strong>illis</strong></span> <span class='ocrx_word' id='word_1_714' title='bbox 1522 5107 1708 5182; x_wconf 76' lang='lat' dir='ltr'><strong>verbis</strong></span> <span class='ocrx_word' id='word_1_715' title='bbox 1728 5126 1740 5161; x_wconf 89' lang='lat'>:</span> <span class='ocrx_word' id='word_1_716' title='bbox 1779 5108 2092 5176; x_wconf 75' lang='lat' dir='ltr'><strong>Superuenit</strong></span> 
     </span>
    </p>
   </div>
   <div class='ocr_carea' id='block_1_96' title="bbox 524 5180 2096 5253">
    <p class='ocr_par' dir='ltr' id='par_1_96' title="bbox 524 5180 2096 5253">
     <span class='ocr_line' id='line_1_96' title="bbox 524 5180 2096 5253; baseline 0 -22"><span class='ocrx_word' id='word_1_717' title='bbox 524 5184 952 5253; x_wconf 71' lang='lat' dir='ltr'><strong>mansuetudoet</strong></span> <span class='ocrx_word' id='word_1_718' title='bbox 990 5180 1356 5253; x_wconf 74' lang='lat' dir='ltr'><strong>corripiemur,</strong></span> <span class='ocrx_word' id='word_1_719' title='bbox 1399 5191 1506 5253; x_wconf 84' lang='lat' dir='ltr'><strong>etc.</strong></span> <span class='ocrx_word' id='word_1_720' title='bbox 1540 5180 1899 5253; x_wconf 15' lang='lat' dir='ltr'><strong>AAcceleratas</strong></span> <span class='ocrx_word' id='word_1_721' title='bbox 1948 5195 2096 5253; x_wconf 72' lang='lat' dir='ltr'><strong>mpr-</strong></span> 
     </span>
    </p>
   </div>
   <div class='ocr_carea' id='block_1_97' title="bbox 523 5247 2094 5322">
    <p class='ocr_par' dir='ltr' id='par_1_97' title="bbox 523 5247 2094 5322">
     <span class='ocr_line' id='line_1_97' title="bbox 523 5247 2094 5322; baseline 0.001 -21"><span class='ocrx_word' id='word_1_722' title='bbox 523 5253 610 5322; x_wconf 78' lang='lat' dir='ltr'><strong>tes</strong></span> <span class='ocrx_word' id='word_1_723' title='bbox 632 5250 986 5322; x_wconf 74' lang='lat' dir='ltr'><strong>quorumdam</strong></span> <span class='ocrx_word' id='word_1_724' title='bbox 1021 5247 1282 5322; x_wconf 75' lang='lat' dir='ltr'><strong>singulari</strong></span> <span class='ocrx_word' id='word_1_725' title='bbox 1327 5251 1590 5306; x_wconf 83' lang='lat' dir='ltr'><strong>beneﬁcio</strong></span> <span class='ocrx_word' id='word_1_726' title='bbox 1634 5251 1884 5322; x_wconf 87' lang='lat' dir='ltr'><strong>legimus,</strong></span> <span class='ocrx_word' id='word_1_727' title='bbox 1917 5247 2094 5322; x_wconf 84' lang='lat' dir='ltr'><strong>ut_Jo-</strong></span> 
     </span>
    </p>
   </div>
   <div class='ocr_carea' id='block_1_98' title="bbox 526 5318 2090 5392">
    <p class='ocr_par' dir='ltr' id='par_1_98' title="bbox 526 5318 2090 5392">
     <span class='ocr_line' id='line_1_98' title="bbox 526 5318 2090 5392; baseline -0.001 -20"><span class='ocrx_word' id='word_1_728' title='bbox 526 5318 640 5392; x_wconf 62' lang='grc' dir='ltr'>δίῳ,</span> <span class='ocrx_word' id='word_1_729' title='bbox 671 5325 775 5392; x_wconf 73' lang='lat' dir='ltr'><strong>etc.</strong></span> <span class='ocrx_word' id='word_1_730' title='bbox 803 5319 1072 5392; x_wconf 13' lang='lat' dir='ltr'><strong>lniterpres</strong></span> <span class='ocrx_word' id='word_1_731' title='bbox 1097 5318 1236 5392; x_wconf 77' lang='lat' dir='ltr'><strong>male</strong></span> <span class='ocrx_word' id='word_1_732' title='bbox 1283 5323 1387 5376; x_wconf 88' lang='lat' dir='ltr'><strong>ista</strong></span> <span class='ocrx_word' id='word_1_733' title='bbox 1423 5318 2047 5392; x_wconf 29' lang='lat' dir='ltr'><strong>sequentibusncopulat</strong></span> <span class='ocrx_word' id='word_1_734' title='bbox 2076 5333 2090 5371; x_wconf 87' lang='lat'><strong>:</strong></span> 
     </span>
    </p>
   </div>
   <div class='ocr_carea' id='block_1_99' title="bbox 523 5387 2094 5462">
    <p class='ocr_par' dir='ltr' id='par_1_99' title="bbox 523 5387 2094 5462">
     <span class='ocr_line' id='line_1_99' title="bbox 523 5387 2094 5462; baseline 0 -21"><span class='ocrx_word' id='word_1_735' title='bbox 523 5388 699 5462; x_wconf 51' lang='lat' dir='ltr'><strong>velut_</strong></span> <span class='ocrx_word' id='word_1_736' title='bbox 698 5389 789 5442; x_wconf 89' lang='lat' dir='ltr'><strong>illa</strong></span> <span class='ocrx_word' id='word_1_737' title='bbox 816 5387 1004 5462; x_wconf 84' lang='lat' dir='ltr'><strong>dicant</strong></span> <span class='ocrx_word' id='word_1_738' title='bbox 1047 5392 1137 5447; x_wconf 86' lang='lat' dir='ltr'><strong>alii</strong></span> <span class='ocrx_word' id='word_1_739' title='bbox 1174 5391 1384 5456; x_wconf 87' lang='lat' dir='ltr'><strong>Patres,</strong></span> <span class='ocrx_word' id='word_1_740' title='bbox 1412 5387 1519 5447; x_wconf 81' lang='lat' dir='ltr'><strong>non</strong></span> <span class='ocrx_word' id='word_1_741' title='bbox 1552 5387 2094 5462; x_wconf 13' lang='lat' dir='ltr'><strong>prioraﬁillaiMetho-</strong></span> 
     </span>
    </p>
   </div>
   <div class='ocr_carea' id='block_1_100' title="bbox 525 5456 2093 5544">
    <p class='ocr_par' dir='ltr' id='par_1_100' title="bbox 525 5456 2093 5544">
     <span class='ocr_line' id='line_1_100' title="bbox 525 5456 2093 5544; baseline 0.001 -33"><span class='ocrx_word' id='word_1_742' title='bbox 659 5456 760 5543; x_wconf 74' lang='lat' dir='ltr'><strong>Est</strong></span> <span class='ocrx_word' id='word_1_743' title='bbox 780 5460 938 5531; x_wconf 90' lang='lat' dir='ltr'><strong>plane</strong></span> <span class='ocrx_word' id='word_1_744' title='bbox 959 5462 1099 5544; x_wconf 77' lang='lat' dir='ltr'><strong>illud</strong></span> <span class='ocrx_word' id='word_1_745' title='bbox 1147 5463 1306 5544; x_wconf 57' lang='grc' dir='ltr'>εἴπερ</span> <span class='ocrx_word' id='word_1_746' title='bbox 1332 5456 1693 5534; x_wconf 76' lang='lat' dir='ltr'><strong>epiphonema</strong></span> <span class='ocrx_word' id='word_1_747' title='bbox 1723 5460 1926 5544; x_wconf 74' lang='lat' dir='ltr'><strong>Pbotii,</strong></span> <span class='ocrx_word' id='word_1_748' title='bbox 1955 5475 2093 5531; x_wconf 91' lang='lat' dir='ltr'><strong>qua-</strong></span> 
     </span>
    </p>
   </div>
   <div class='ocr_carea' id='block_1_101' title="bbox 524 5528 1946 5606">
    <p class='ocr_par' dir='ltr' id='par_1_101' title="bbox 524 5528 1946 5606">
     <span class='ocr_line' id='line_1_101' title="bbox 524 5528 1946 5606; baseline 0.002 -25"><span class='ocrx_word' id='word_1_749' title='bbox 524 5528 822 5606; x_wconf 28' lang='lat' dir='ltr'><strong>lia‘passim</strong></span> <span class='ocrx_word' id='word_1_750' title='bbox 849 5541 1130 5606; x_wconf 79' lang='lat' dir='ltr'><strong>auctorum</strong></span> <span class='ocrx_word' id='word_1_751' title='bbox 1159 5528 1321 5590; x_wconf 88' lang='lat' dir='ltr'><strong>dictis</strong></span> <span class='ocrx_word' id='word_1_752' title='bbox 1341 5528 1441 5590; x_wconf 80' lang='lat' dir='ltr'><strong>ceti</strong></span> <span class='ocrx_word' id='word_1_753' title='bbox 1456 5549 1667 5606; x_wconf 86' lang='lat' dir='ltr'><strong>censor</strong></span> <span class='ocrx_word' id='word_1_754' title='bbox 1685 5531 1946 5587; x_wconf 89' lang='lat' dir='ltr'><strong>annectit.</strong></span> 
     </span>
    </p>
   </div>
   <div class='ocr_carea' id='block_1_102' title="bbox 523 5595 2089 5681">
    <p class='ocr_par' dir='ltr' id='par_1_102' title="bbox 523 5595 2089 5681">
     <span class='ocr_line' id='line_1_102' title="bbox 523 5595 2089 5681; baseline -0.002 -25"><span class='ocrx_word' id='word_1_755' title='bbox 523 5667 547 5681; x_wconf 42' lang='grc' dir='ltr'><strong>ο.</strong></span> <span class='ocrx_word' id='word_1_756' title='bbox 595 5595 704 5671; x_wconf 72' lang='lat'><strong>(36)</strong></span> <span class='ocrx_word' id='word_1_757' title='bbox 731 5601 883 5681; x_wconf 62' lang='grc' dir='ltr'>Ωιιοά</span> <span class='ocrx_word' id='word_1_758' title='bbox 909 5605 1134 5681; x_wconf 79' lang='lat' dir='ltr'><strong>primum</strong></span> <span class='ocrx_word' id='word_1_759' title='bbox 1162 5605 1215 5681; x_wconf 70' lang='lat' dir='ltr'><strong>in</strong></span> <span class='ocrx_word' id='word_1_760' title='bbox 1243 5605 1553 5681; x_wconf 69' lang='lat' dir='ltr'><strong>Apostolnm</strong></span> <span class='ocrx_word' id='word_1_761' title='bbox 1581 5604 1782 5681; x_wconf 54' lang='lat' dir='ltr'><strong>dicere,</strong></span> <span class='ocrx_word' id='word_1_762' title='bbox 1804 5612 1908 5681; x_wconf 60' lang='lat' dir='ltr'><strong>etc.</strong></span> <span class='ocrx_word' id='word_1_763' title='bbox 1939 5600 1992 5654; x_wconf 86' lang='grc' dir='ltr'><strong>τί</strong></span> <span class='ocrx_word' id='word_1_764' title='bbox 2020 5595 2089 5671; x_wconf 79' lang='grc' dir='ltr'>ἦν</span> 
     </span>
    </p>
   </div>
   <div class='ocr_carea' id='block_1_103' title="bbox 521 5672 2088 5745">
    <p class='ocr_par' dir='ltr' id='par_1_103' title="bbox 521 5672 2088 5745">
     <span class='ocr_line' id='line_1_103' title="bbox 521 5672 2088 5745; baseline 0.003 -27"><span class='ocrx_word' id='word_1_765' title='bbox 521 5672 658 5745; x_wconf 59' lang='grc' dir='ltr'>ᾇπερ</span> <span class='ocrx_word' id='word_1_766' title='bbox 690 5673 971 5745; x_wconf 77' lang='grc' dir='ltr'>πρῶτον...</span> <span class='ocrx_word' id='word_1_767' title='bbox 987 5672 1339 5745; x_wconf 80' lang='grc' dir='ltr'>προήχθημεν</span> <span class='ocrx_word' id='word_1_768' title='bbox 1358 5677 1550 5745; x_wconf 75' lang='grc' dir='ltr'>εἰπεῖν.</span> <span class='ocrx_word' id='word_1_769' title='bbox 1584 5672 1746 5727; x_wconf 87' lang='lat' dir='ltr'><strong>Plura</strong></span> <span class='ocrx_word' id='word_1_770' title='bbox 1763 5673 1874 5745; x_wconf 80' lang='lat' dir='ltr'><strong>jam</strong></span> <span class='ocrx_word' id='word_1_771' title='bbox 1893 5673 1947 5727; x_wconf 91' lang='lat' dir='ltr'><strong>in</strong></span> <span class='ocrx_word' id='word_1_772' title='bbox 1964 5687 2088 5726; x_wconf 90' lang='lat' dir='ltr'><strong>eum</strong></span> 
     </span>
    </p>
   </div>
   <div class='ocr_carea' id='block_1_104' title="bbox 523 5737 2079 5816">
    <p class='ocr_par' dir='ltr' id='par_1_104' title="bbox 523 5737 2079 5816">
     <span class='ocr_line' id='line_1_104' title="bbox 523 5737 2079 5816; baseline 0.002 -24"><span class='ocrx_word' id='word_1_773' title='bbox 523 5737 699 5794; x_wconf 86' lang='lat' dir='ltr'><strong>locum</strong></span> <span class='ocrx_word' id='word_1_774' title='bbox 735 5737 1164 5814; x_wconf 51' lang='lat' dir='ltr'><strong>&#39;disputave&#39;rat&#39;,‘</strong></span> <span class='ocrx_word' id='word_1_775' title='bbox 1197 5737 1345 5800; x_wconf 63' lang='lat' dir='ltr'><strong>velut</strong></span> <span class='ocrx_word' id='word_1_776' title='bbox 1390 5742 1717 5816; x_wconf 84' lang='lat' dir='ltr'><strong>Origeniana</strong></span> <span class='ocrx_word' id='word_1_777' title='bbox 1764 5737 2079 5806; x_wconf 78' lang='lat' dir='ltr'><strong>destruens,</strong></span> 
     </span>
    </p>
   </div>
   <div class='ocr_carea' id='block_1_105' title="bbox 2207 4745 3818 4824">
    <p class='ocr_par' dir='ltr' id='par_1_105' title="bbox 2207 4745 3818 4824">
     <span class='ocr_line' id='line_1_105' title="bbox 2207 4745 3818 4824; baseline -0.007 -16"><span class='ocrx_word' id='word_1_778' title='bbox 2207 4755 2406 4824; x_wconf 88' lang='lat' dir='ltr'><strong>quibus</strong></span> <span class='ocrx_word' id='word_1_779' title='bbox 2427 4753 2537 4823; x_wconf 87' lang='lat' dir='ltr'><strong>jam</strong></span> <span class='ocrx_word' id='word_1_780' title='bbox 2560 4752 2783 4824; x_wconf 69' lang='lat' dir='ltr'><strong>subiicit</strong></span> <span class='ocrx_word' id='word_1_781' title='bbox 2810 4766 2928 4807; x_wconf 89' lang='lat' dir='ltr'><strong>sua.</strong></span> <span class='ocrx_word' id='word_1_782' title='bbox 2957 4749 3188 4824; x_wconf 82' lang='lat' dir='ltr'><strong>Exstant</strong></span> <span class='ocrx_word' id='word_1_783' title='bbox 3217 4748 3320 4802; x_wconf 89' lang='lat' dir='ltr'><strong>ista</strong></span> <span class='ocrx_word' id='word_1_784' title='bbox 3355 4746 3496 4824; x_wconf 88' lang='lat' dir='ltr'><strong>apud</strong></span> <span class='ocrx_word' id='word_1_785' title='bbox 3533 4745 3818 4824; x_wconf 65' lang='lat' dir='ltr'><strong>Epiplm-</strong></span> 
     </span>
    </p>
   </div>
   <div class='ocr_carea' id='block_1_106' title="bbox 2205 4820 3819 4887">
    <p class='ocr_par' dir='ltr' id='par_1_106' title="bbox 2205 4820 3819 4887">
     <span class='ocr_line' id='line_1_106' title="bbox 2205 4820 3819 4887; baseline -0.009 -7"><span class='ocrx_word' id='word_1_786' title='bbox 2205 4820 2352 4880; x_wconf 76' lang='lat' dir='ltr'><strong>nium</strong></span> <span class='ocrx_word' id='word_1_787' title='bbox 2389 4820 2444 4878; x_wconf 53' lang='lat' dir='ltr'><strong>nl</strong></span> <span class='ocrx_word' id='word_1_788' title='bbox 2477 4824 2566 4878; x_wconf 80' lang='lat'><strong>55.</strong></span> <span class='ocrx_word' id='word_1_789' title='bbox 2597 4820 2856 4878; x_wconf 82' lang='lat' dir='ltr'><strong>Litterant</strong></span> <span class='ocrx_word' id='word_1_790' title='bbox 2901 4824 3038 4875; x_wconf 84' lang='lat' dir='ltr'><strong>male</strong></span> <span class='ocrx_word' id='word_1_791' title='bbox 3087 4821 3526 4887; x_wconf 87' lang='lat' dir='ltr'><strong>interpunctione</strong></span> <span class='ocrx_word' id='word_1_792' title='bbox 3584 4820 3640 4872; x_wconf 87' lang='lat' dir='ltr'><strong>in</strong></span> <span class='ocrx_word' id='word_1_793' title='bbox 3677 4821 3819 4875; x_wconf 84' lang='lat' dir='ltr'><strong>im-</strong></span> 
     </span>
    </p>
   </div>
   <div class='ocr_carea' id='block_1_107' title="bbox 2202 4890 3818 4967">
    <p class='ocr_par' dir='ltr' id='par_1_107' title="bbox 2202 4890 3818 4967">
     <span class='ocr_line' id='line_1_107' title="bbox 2202 4890 3818 4967; baseline -0.002 -16"><span class='ocrx_word' id='word_1_794' title='bbox 2202 4899 2406 4967; x_wconf 88' lang='lat' dir='ltr'><strong>pressis</strong></span> <span class='ocrx_word' id='word_1_795' title='bbox 2437 4895 2804 4967; x_wconf 75' lang='lat' dir='ltr'><strong>depravatam,</strong></span> <span class='ocrx_word' id='word_1_796' title='bbox 2831 4908 2930 4946; x_wconf 87' lang='lat' dir='ltr'><strong>nec</strong></span> <span class='ocrx_word' id='word_1_797' title='bbox 2964 4894 3098 4967; x_wconf 83' lang='lat' dir='ltr'><strong>bene</strong></span> <span class='ocrx_word' id='word_1_798' title='bbox 3122 4893 3384 4967; x_wconf 74' lang='lat' dir='ltr'><strong>redditam</strong></span> <span class='ocrx_word' id='word_1_799' title='bbox 3409 4890 3818 4959; x_wconf 80' lang='lat' dir='ltr'><strong>restitnimus,</strong></span> 
     </span>
    </p>
   </div>
   <div class='ocr_carea' id='block_1_108' title="bbox 2204 4960 3828 5035">
    <p class='ocr_par' dir='ltr' id='par_1_108' title="bbox 2204 4960 3828 5035">
     <span class='ocr_line' id='line_1_108' title="bbox 2204 4960 3828 5035; baseline 0 -16"><span class='ocrx_word' id='word_1_800' title='bbox 2204 4960 2262 5019; x_wconf 76' lang='lat' dir='ltr'><strong>iit</strong></span> <span class='ocrx_word' id='word_1_801' title='bbox 2297 4967 2411 5035; x_wconf 84' lang='lat' dir='ltr'><strong>ipsa</strong></span> <span class='ocrx_word' id='word_1_802' title='bbox 2445 4960 2541 5033; x_wconf 80' lang='lat' dir='ltr'><strong>per</strong></span> <span class='ocrx_word' id='word_1_803' title='bbox 2567 4980 2624 5019; x_wconf 92' lang='lat' dir='ltr'><strong>se</strong></span> <span class='ocrx_word' id='word_1_804' title='bbox 2659 4964 2806 5035; x_wconf 86' lang='lat' dir='ltr'><strong>clara</strong></span> <span class='ocrx_word' id='word_1_805' title='bbox 2850 4965 3126 5035; x_wconf 88' lang='lat' dir='ltr'><strong>procedat.</strong></span> <span class='ocrx_word' id='word_1_806' title='bbox 3153 4960 3324 5035; x_wconf 78' lang='lat' dir='ltr'><strong>Quod</strong></span> <span class='ocrx_word' id='word_1_807' title='bbox 3350 4974 3538 5035; x_wconf 86' lang='lat' dir='ltr'><strong>_porro_</strong></span> <span class='ocrx_word' id='word_1_808' title='bbox 3562 4972 3828 5028; x_wconf 71' lang='lat' dir='ltr'><strong>spectat</strong></span> 
     </span>
    </p>
   </div>
   <div class='ocr_carea' id='block_1_109' title="bbox 2201 5029 3829 5102">
    <p class='ocr_par' dir='ltr' id='par_1_109' title="bbox 2201 5029 3829 5102">
     <span class='ocr_line' id='line_1_109' title="bbox 2201 5029 3829 5102; baseline -0.007 -12"><span class='ocrx_word' id='word_1_809' title='bbox 2201 5037 2269 5090; x_wconf 89' lang='lat' dir='ltr'><strong>ad</strong></span> <span class='ocrx_word' id='word_1_810' title='bbox 2307 5029 2463 5089; x_wconf 75' lang='lat' dir='ltr'><strong>istam</strong></span> <span class='ocrx_word' id='word_1_811' title='bbox 2519 5034 2774 5089; x_wconf 88' lang='lat' dir='ltr'><strong>Methodii</strong></span> <span class='ocrx_word' id='word_1_812' title='bbox 2811 5029 3228 5102; x_wconf 65' lang='lat' dir='ltr'><strong>eipositionetn,</strong></span> <span class='ocrx_word' id='word_1_813' title='bbox 3277 5029 3436 5102; x_wconf 82' lang='lat' dir='ltr'><strong>video</strong></span> <span class='ocrx_word' id='word_1_814' title='bbox 3475 5029 3829 5088; x_wconf 79' lang='lat' dir='ltr'><strong>adversan-</strong></span> 
     </span>
    </p>
   </div>
   <div class='ocr_carea' id='block_1_110' title="bbox 2201 5100 3834 5177">
    <p class='ocr_par' dir='ltr' id='par_1_110' title="bbox 2201 5100 3834 5177">
     <span class='ocr_line' id='line_1_110' title="bbox 2201 5100 3834 5177; baseline -0.006 -17"><span class='ocrx_word' id='word_1_815' title='bbox 2201 5116 2284 5162; x_wconf 89' lang='lat' dir='ltr'><strong>tes</strong></span> <span class='ocrx_word' id='word_1_816' title='bbox 2312 5107 2494 5177; x_wconf 67' lang='lat' dir='ltr'><strong>plures</strong></span> <span class='ocrx_word' id='word_1_817' title='bbox 2516 5107 2786 5177; x_wconf 82' lang='lat' dir='ltr'><strong>juniores,</strong></span> <span class='ocrx_word' id='word_1_818' title='bbox 2821 5100 3050 5177; x_wconf 69' lang='lat' dir='ltr'><strong>quorum</strong></span> <span class='ocrx_word' id='word_1_819' title='bbox 3079 5103 3283 5177; x_wconf 54' lang='lat' dir='ltr'><strong>lesiora</strong></span> <span class='ocrx_word' id='word_1_820' title='bbox 3303 5100 3592 5177; x_wconf 59' lang='lat' dir='ltr'><strong>rideantur</strong></span> <span class='ocrx_word' id='word_1_821' title='bbox 3621 5116 3834 5173; x_wconf 66' lang='grc' dir='ltr'><strong>πευ-</strong></span> 
     </span>
    </p>
   </div>
   <div class='ocr_carea' id='block_1_111' title="bbox 2202 5170 3828 5245">
    <p class='ocr_par' dir='ltr' id='par_1_111' title="bbox 2202 5170 3828 5245">
     <span class='ocr_line' id='line_1_111' title="bbox 2202 5170 3828 5245; baseline -0.002 -13"><span class='ocrx_word' id='word_1_822' title='bbox 2202 5170 2404 5232; x_wconf 80' lang='lat' dir='ltr'><strong>menta.</strong></span> <span class='ocrx_word' id='word_1_823' title='bbox 2439 5170 2552 5245; x_wconf 76' lang='lat' dir='ltr'><strong>Ego</strong></span> <span class='ocrx_word' id='word_1_824' title='bbox 2590 5192 2713 5230; x_wconf 90' lang='lat' dir='ltr'><strong>cum</strong></span> <span class='ocrx_word' id='word_1_825' title='bbox 2757 5170 3031 5230; x_wconf 82' lang='lat' dir='ltr'><strong>soliditate</strong></span> <span class='ocrx_word' id='word_1_826' title='bbox 3062 5171 3475 5245; x_wconf 74' lang='lat' dir='ltr'><strong>subtilissiniarn</strong></span> <span class='ocrx_word' id='word_1_827' title='bbox 3511 5170 3828 5239; x_wconf 61' lang='lat' dir='ltr'><strong>arbitror,</strong></span> 
     </span>
    </p>
   </div>
   <div class='ocr_carea' id='block_1_112' title="bbox 2199 5242 3836 5317">
    <p class='ocr_par' dir='ltr' id='par_1_112' title="bbox 2199 5242 3836 5317">
     <span class='ocr_line' id='line_1_112' title="bbox 2199 5242 3836 5317; baseline -0.001 -15"><span class='ocrx_word' id='word_1_828' title='bbox 2199 5264 2362 5317; x_wconf 88' lang='lat' dir='ltr'><strong>quam</strong></span> <span class='ocrx_word' id='word_1_829' title='bbox 2411 5242 2571 5303; x_wconf 75' lang='lat' dir='ltr'><strong>etiam</strong></span> <span class='ocrx_word' id='word_1_830' title='bbox 2619 5247 2900 5317; x_wconf 79' lang='lat' dir='ltr'><strong>amplexus</strong></span> <span class='ocrx_word' id='word_1_831' title='bbox 2949 5253 3268 5317; x_wconf 85' lang='lat' dir='ltr'><strong>estnostcr</strong></span> <span class='ocrx_word' id='word_1_832' title='bbox 3318 5242 3635 5317; x_wconf 65' lang='lat' dir='ltr'><strong>Qajetanus,</strong></span> <span class='ocrx_word' id='word_1_833' title='bbox 3703 5248 3836 5301; x_wconf 69' lang='lat' dir='ltr'><strong>vir</strong></span> 
     </span>
    </p>
   </div>
   <div class='ocr_carea' id='block_1_113' title="bbox 2198 5313 3828 5387">
    <p class='ocr_par' dir='ltr' id='par_1_113' title="bbox 2198 5313 3828 5387">
     <span class='ocr_line' id='line_1_113' title="bbox 2198 5313 3828 5387; baseline -0.004 -16"><span class='ocrx_word' id='word_1_834' title='bbox 2198 5313 2344 5373; x_wconf 78' lang='lat' dir='ltr'><strong>certe</strong></span> <span class='ocrx_word' id='word_1_835' title='bbox 2373 5317 2517 5372; x_wconf 87' lang='lat' dir='ltr'><strong>acris</strong></span> <span class='ocrx_word' id='word_1_836' title='bbox 2542 5313 2742 5387; x_wconf 81' lang='lat' dir='ltr'><strong>ingenii</strong></span> <span class='ocrx_word' id='word_1_837' title='bbox 2768 5318 2820 5370; x_wconf 90' lang='lat' dir='ltr'><strong>in</strong></span> <span class='ocrx_word' id='word_1_838' title='bbox 2849 5316 3099 5387; x_wconf 57' lang='lat' dir='ltr'><strong>yenando</strong></span> <span class='ocrx_word' id='word_1_839' title='bbox 3129 5330 3292 5369; x_wconf 89' lang='lat' dir='ltr'><strong>sensu</strong></span> <span class='ocrx_word' id='word_1_840' title='bbox 3329 5313 3573 5374; x_wconf 86' lang='lat' dir='ltr'><strong>litterali,</strong></span> <span class='ocrx_word' id='word_1_841' title='bbox 3606 5329 3828 5380; x_wconf 78' lang='lat' dir='ltr'><strong>quem</strong></span> 
     </span>
    </p>
   </div>
   <div class='ocr_carea' id='block_1_114' title="bbox 2198 5385 3842 5446">
    <p class='ocr_par' dir='ltr' id='par_1_114' title="bbox 2198 5385 3842 5446">
     <span class='ocr_line' id='line_1_114' title="bbox 2198 5385 3842 5446; baseline -0.003 -5"><span class='ocrx_word' id='word_1_842' title='bbox 2198 5404 2366 5442; x_wconf 90' lang='lat' dir='ltr'><strong>unum</strong></span> <span class='ocrx_word' id='word_1_843' title='bbox 2397 5389 2508 5446; x_wconf 83' lang='lat' dir='ltr'><strong>fere</strong></span> <span class='ocrx_word' id='word_1_844' title='bbox 2550 5385 2814 5444; x_wconf 81' lang='lat' dir='ltr'><strong>sectatur.</strong></span> <span class='ocrx_word' id='word_1_845' title='bbox 2857 5385 2994 5440; x_wconf 86' lang='lat' dir='ltr'><strong>Puto</strong></span> <span class='ocrx_word' id='word_1_846' title='bbox 3026 5397 3205 5440; x_wconf 89' lang='lat' dir='ltr'><strong>tamen</strong></span> <span class='ocrx_word' id='word_1_847' title='bbox 3228 5401 3336 5439; x_wconf 88' lang='lat' dir='ltr'><strong>non</strong></span> <span class='ocrx_word' id='word_1_848' title='bbox 3367 5396 3491 5436; x_wconf 83' lang='lat' dir='ltr'><strong>esse</strong></span> <span class='ocrx_word' id='word_1_849' title='bbox 3543 5387 3842 5442; x_wconf 70' lang='lat' dir='ltr'><strong>restria-</strong></span> 
     </span>
    </p>
   </div>
   <div class='ocr_carea' id='block_1_115' title="bbox 2196 5453 3836 5532">
    <p class='ocr_par' dir='ltr' id='par_1_115' title="bbox 2196 5453 3836 5532">
     <span class='ocr_line' id='line_1_115' title="bbox 2196 5453 3836 5532; baseline -0.002 -20"><span class='ocrx_word' id='word_1_850' title='bbox 2196 5462 2425 5532; x_wconf 84' lang='lat' dir='ltr'><strong>gendam</strong></span> <span class='ocrx_word' id='word_1_851' title='bbox 2477 5458 2828 5532; x_wconf 74' lang='lat' dir='ltr'><strong>apostolicam</strong></span> <span class='ocrx_word' id='word_1_852' title='bbox 2857 5458 3228 5532; x_wconf 87' lang='lat' dir='ltr'><strong>_sententiam,</strong></span> <span class='ocrx_word' id='word_1_853' title='bbox 3277 5453 3568 5532; x_wconf 60' lang='lat' dir='ltr'><strong>adsolam</strong></span> <span class='ocrx_word' id='word_1_854' title='bbox 3627 5456 3836 5532; x_wconf 74' lang='lat' dir='ltr'><strong>illam</strong></span> 
     </span>
    </p>
   </div>
   <div class='ocr_carea' id='block_1_116' title="bbox 2197 5524 3849 5649">
    <p class='ocr_par' dir='ltr' id='par_1_116' title="bbox 2197 5524 3849 5649">
     <span class='ocr_line' id='line_1_116' title="bbox 2197 5524 3849 5649; baseline -0.007 -63"><span class='ocrx_word' id='word_1_855' title='bbox 2197 5524 2597 5586; x_wconf 70' lang='lat' dir='ltr'><strong>Methodianam</strong></span> <span class='ocrx_word' id='word_1_856' title='bbox 2641 5528 3055 5596; x_wconf 79' lang='lat' dir='ltr'><strong>expositionem,</strong></span> <span class='ocrx_word' id='word_1_857' title='bbox 3106 5541 3282 5598; x_wconf 88' lang='lat' dir='ltr'><strong>neque</strong></span> <span class='ocrx_word' id='word_1_858' title='bbox 3333 5524 3388 5580; x_wconf 88' lang='lat' dir='ltr'><strong>id</strong></span> <span class='ocrx_word' id='word_1_859' title='bbox 3419 5526 3849 5649; x_wconf 53' lang='grc' dir='ltr'>εοιιιεῧιόιξδθ</span> 
     </span>
     <span class='ocr_line' id='line_1_117' title="bbox 3617 5612 3841 5649; baseline 0 0"><span class='ocrx_word' id='word_1_860' title='bbox 3617 5612 3651 5649; x_wconf 84' lang='lat' dir='ltr'><strong>e</strong></span> <span class='ocrx_word' id='word_1_861' title='bbox 3743 5616 3841 5649; x_wconf 84' lang='lat' dir='ltr'><strong>o—</strong></span> 
     </span>
    </p>
   </div>
   <div class='ocr_carea' id='block_1_117' title="bbox 3617 5612 3841 5653">
    <p class='ocr_par' dir='ltr' id='par_1_117' title="bbox 3617 5612 3841 5653">
     <span class='ocr_line' id='line_1_118' title="bbox 3617 5612 3841 5653; baseline 0.018 -4"><span class='ocrx_word' id='word_1_862' title='bbox 3617 5612 3841 5653; x_wconf 74' lang='grc' dir='ltr'><strong>θιιιο-</strong></span> 
     </span>
    </p>
   </div>
   <div class='ocr_carea' id='block_1_118' title="bbox 2260 5736 3015 5810">
    <p class='ocr_par' dir='ltr' id='par_1_118' title="bbox 2260 5736 3015 5810">
     <span class='ocr_line' id='line_1_119' title="bbox 2260 5736 3015 5810; baseline -0.003 -19"><span class='ocrx_word' id='word_1_863' title='bbox 2260 5737 2372 5810; x_wconf 69' lang='grc' dir='ltr'><strong>(Ξῖ)</strong></span> <span class='ocrx_word' id='word_1_864' title='bbox 2413 5736 2650 5810; x_wconf 62' lang='grc' dir='ltr'><strong>’Υφαίμ</strong></span> <span class='ocrx_word' id='word_1_865' title='bbox 2679 5737 2765 5792; x_wconf 79' lang='lat' dir='ltr'><strong>Al.</strong></span> <span class='ocrx_word' id='word_1_866' title='bbox 2805 5736 3015 5807; x_wconf 75' lang='grc' dir='ltr'>ὕφεσις.</span> 
     </span>
    </p>
   </div>
  </div>
