4010 6328
231 235 332 291 εει

1328 240 1419 296 EX
1461 241 1662 296 ΜΒΒο
1700 241 1786 294 DE
1825 241 2424 299 RESUIMECTIONE.

3379 258 3486 311 τε

225 334 409 404 χωρίς
445 337 636 397 νόμου
689 336 865 390 ποτέο
924 337 1018 408 τήν
1074 336 1185 390 ἄνω
1237 340 1296 392 ἐν
1345 337 1422 410 τῷ
1482 339 1785 411 παραδείσῳ

1888 395 1889 398 η
1918 347 2019 392 tem
2050 340 2277 394 vivebam
2310 343 2422 395 sine
2441 341 2548 412 lege
2574 343 2859 428 aliquando
2885 361 2904 399 :
2940 361 3102 416 quam
3136 348 3264 402 olim
3313 354 3366 404 in
3402 370 3490 421 pa-

224 427 485 500 καθάπερ
508 428 569 494 ἐξ
597 430 773 499 ἀρχῆς
806 430 1131 500 ὑπεθέμεθα,
1168 431 1272 502 πρὸ
1311 431 1410 502 τῆς
1447 432 1684 502 ἐντολῆς,
1713 433 1811 485 οὐκ

220 518 379 580 ἐκτὸς
419 518 696 588 σώματος,
737 519 874 572 ἀλλὰ
925 519 1058 592 μετὰ
1108 520 1356 592 σώματος
1386 521 1559 592 ἡμῶν,
1605 525 1662 576 ἐν
1702 526 1812 586 τοῖς

221 611 676 680 πρωτοπλάστοις
711 611 984 685 διαγωγὴν
1028 616 1328 685 παρεγγυᾷ.
1360 615 1548 679 Ἐκτδς
1587 615 1642 668 δέ
1687 617 1810 668 ἐπι-

220 705 421 776 θυμίας
463 707 762 777 διήγομεν,
817 707 878 759 οὐ
929 706 1284 775 γινώσκοντες
1337 708 1471 772 ὅλως
1517 707 1811 779 ἐπιθυμίας

217 798 556 868 προσεολάς.
590 800 665 851 Τὸ
695 798 805 869 γὰρ
857 799 932 872 μὴ
976 800 1118 870 ἔχειν
1142 801 1440 873 διορισμὸν,
1489 801 1612 855 καθ’
1645 802 1703 854 ὂν
1731 802 1812 855 δεῖ

217 889 638 945 πολιτεύεσθαι’
698 891 832 963 μηδὲ
878 891 1125 956 ἐξουσίαν
1165 892 1550 946 αὑτοδέσποτον
1602 891 1805 960 λογίου,

218 978 352 1050 ποίῳ
380 979 467 1033 δεῖ
492 981 729 1052 χρῆσθαι
754 982 1128 1054 πολιτεύματι,
1167 983 1254 1037 ἴνα
1291 983 1512 1046 δικαίως
1539 983 1572 1054 ἢ
1604 983 1804 1056 τιμηθῇ

217 1069 500 1142 ῆψεχθῇ,
564 1073 933 1127 ἀνυπεύθυνον
987 1075 1185 1138 παντὸς
1240 1074 1486 1129 λέλεκται
1542 1074 1806 1145 ὑπάρχειν

215 1163 371 1216 τοῦτο
407 1165 781 1235 ἐγκλήματος.
809 1167 929 1220 Ὅτι
963 1167 1036 1239 μὴ
1062 1167 1283 1221 δύναται
1324 1167 1526 1221 τούτων
1563 1183 1646 1230 τις
1683 1170 1804 1220 ἐπι-

215 1257 483 1330 θυμῆσαι,
517 1252 596 1312 ὧν
623 1259 698 1330 μὴ
745 1259 1077 1314 κεκώλυται⁶
1117 1259 1221 1315 κᾶν
1252 1260 1565 1332 ἐπιθυμήσῃ
1602 1257 1680 1321 δέ,
1706 1260 1804 1312 οὐκ

213 1349 618 1421 αἰτιαθήσεται.
657 1351 729 1402 Τὸ
760 1349 868 1422 γὰρ
897 1350 1230 1420 ἐπιθυμῆσαι
1260 1350 1359 1403 οὐκ
1387 1349 1479 1402 ἐπὶ
1519 1348 1625 1402 τῶν
1668 1366 1805 1420 παρ-

213 1442 382 1496 όντων
461 1445 561 1498 Jul.
622 1444 994 1514 ὑποκειμένων
1040 1445 1096 1496 ἐν
1148 1442 1365 1516 ἐξουσίᾳ
1410 1442 1619 1505 πίπτει,
1666 1441 1802 1496 ἀλλὰ

211 1537 300 1589 ἐπὶ
331 1536 446 1588 τῶν
472 1537 762 1608 παρόντων
795 1537 914 1607 μὲν,
949 1536 1022 1607 μή
1056 1535 1224 1589 ὄντων
1247 1535 1292 1588 δ’
1325 1537 1382 1588 ἐν
1412 1534 1649 1606 ἐξουσίᾳ.
1678 1533 1803 1598 Πῶς

210 1630 315 1699 γὰρ
343 1621 408 1681 οὗ
445 1630 523 1701 μὴ
558 1629 862 1683 κεκώλυταί
889 1646 990 1693 τις,
1026 1628 1158 1700 μηδέ
1191 1628 1378 1698 ἐνδεής
1420 1628 1558 1690 ἐστι,
1610 1625 1800 1680 τούτου

1915 431 2118 496 radiso,
2143 433 2198 486 in
2245 435 2435 502 primis
2467 437 2804 504 parentibus,
2842 446 2968 492 ante
2995 447 3345 509 prazceptum,
3377 459 3485 497 non

1914 526 2162 596 corporis
2194 535 2464 596 expertes,
2493 528 2588 582 sed
2612 547 2734 582 cum
2763 545 3010 600 corpore,
3038 532 3375 590 ducebamus
3407 553 3488 590 vt-

1914 624 2045 678 tam,
2101 616 2394 686 signiﬁcat,
2428 617 2881 686 quemadmodum
2914 620 3203 677 docuimus
3247 623 3300 677 in
3331 641 3486 695 supe-

1911 707 2171 762 rioribus.
2208 706 2380 762 Porro
2406 707 2675 763 immunes
2711 713 3004 781 agebamus
3035 727 3065 766 a
3087 716 3484 786 concupiscen-

1912 799 2006 864 tia,
2057 815 2125 854 ne
2174 800 2284 854 ullo
2310 800 2526 870 quidem
2591 803 2753 858 modo
2815 803 3051 861 insultus
3091 807 3209 873 ejus
3263 810 3483 879 vimque

1912 885 2168 940 scientes.
2200 885 2412 942 Etenim
2438 905 2548 943 non
2578 890 2776 946 habere
2809 893 2873 945 ad
2908 895 3068 962 cujus
3101 899 3480 968 praescriptum

1909 977 2065 1033 vivas
2091 1017 2106 1042 ,
2136 994 2313 1048 neque
2333 981 2639 1051 explicandi
2668 984 2811 1054 jussi
2848 985 3017 1041 divini
3043 989 3172 1060 (quo
3201 1001 3362 1062 pacto
3396 994 3480 1048 vi-

1908 1069 2142 1123 vendum
2197 1070 2292 1136 sit,
2340 1081 2398 1125 ut
2424 1073 2507 1127 vel
2554 1075 2737 1131 debito
2789 1081 3015 1149 prmmio
3055 1081 3329 1149 alliciaris,
3392 1086 3478 1140 vel

1907 1158 2206 1234 damneris)
2258 1163 2562 1219 absolutam
2597 1169 2821 1224 omnino
2868 1180 3224 1240 potestatem,
3274 1175 3376 1230 hoc
3409 1177 3477 1230 ah

1906 1252 2056 1306 omni
2080 1252 2306 1308 crimine
2340 1254 2590 1312 absolvit.
2614 1257 2748 1313 Nam
2774 1278 2932 1318 nemo
2949 1265 3305 1334 concupierit,
3329 1270 3474 1338 quod

1907 1357 2013 1396 non
2039 1350 2123 1397 est
2156 1345 2379 1399 vetitum
2409 1365 2422 1404 :
2450 1363 2548 1402 nec
2580 1365 2708 1404 vero
2729 1353 2832 1406 etsi
2867 1355 3474 1424 concupierit,-crimini

1905 1434 2142 1492 dabitur.
2199 1437 2408 1509 Cupere
2441 1441 2585 1495 enim
2643 1459 2750 1498 non
2783 1444 2838 1499 in
2874 1461 2937 1501 ea
2985 1449 3150 1511 cadit,
3185 1465 3304 1520 quae
3327 1466 3471 1520 pne--

1905 1529 2102 1593 sentia,
2137 1529 2193 1584 in
2224 1541 2413 1586 nostra
2464 1542 2730 1602 potestate
2755 1544 2882 1591 sunt
2915 1557 2928 1592 :
2997 1540 3090 1594 sed
3148 1541 3202 1594 in
3242 1557 3305 1596 ea
3353 1561 3474 1614 quae

1904 1619 2122 1689 quidem
2153 1623 2445 1690 przesentia
2489 1632 2637 1687 sunt,
2682 1642 2792 1681 non
2826 1636 3004 1683 tamen
3036 1639 3164 1685 sunt
3192 1633 3248 1687 in
3283 1645 3474 1691 nostra

207 1698 340 1792 ἐρᾷς
373 1698 520 1774 ὅθεν⁷
551 1720 642 1774 διὰ
678 1721 836 1774 τοῦτο
870 1721 984 1789 τὴν
1019 1698 1340 1789 ἐπιθυμίαν
1374 1721 1485 1774 οὐκ
1532 1718 1717 1789 ᾔδειν,
1749 1721 1785 1771 ei

1904 1716 2187 1778 potestate.
2248 1711 2533 1777 Quomodo
2560 1716 2704 1770 enim
2750 1718 2870 1787 ejus
2898 1721 3168 1791 quispiam
3199 1723 3471 1782 desiderio

203 1815 285 1884 μὴ
315 1819 348 1866 ό
380 1816 575 1882 νόμος
613 1815 854 1882 ἔλεγεν·
899 1815 1018 1866 Οὐκ
1059 1812 1465 1882 ἐπιθυμήσεις.
1510 1811 1801 1866 Ἀκούσαν-

205 1926 297 1971 τες
327 1909 471 1979 γάρ’
516 1907 649 1961 Ἀπὸ
679 1907 747 1959 δὲ
771 1907 876 1960 τοῦ
907 1906 1096 1970 ξύλου
1125 1903 1231 1959 τοῦ
1267 1903 1579 1974 γινώσκειν
1610 1904 1801 1958 καλὸν

206 2003 300 2054 καί
357 1999 637 2068 πονηρὸν
683 2001 756 2053 οὐ
802 1998 1062 2068 φάγεσθε
1103 1996 1205 2051 ἀπ’
1253 1997 1459 2051 αὐτοῦ.
1494 1989 1578 2068 ⁷ῌ
1623 1997 1681 2049 δ’
1723 1996 1800 2049 ἂν

208 2094 396 2163 ἡμέρᾳ
441 2092 674 2163 φάγητε
719 2092 821 2145 ἀπ’
859 2089 1065 2152 αὐτοῦ,
1106 2086 1337 2153 θανάτῳ
1371 2088 1792 2143 ἀποθανεῖσθε·
1832 2126 1836 2130 ι

207 2188 323 2240 τότε
364 2187 430 2238 τὸ
471 2184 816 2255 ἐπιθυμῆσαι
866 2182 1176 2245 συνέλαϐον,
1206 2181 1302 2235 καὶ
1343 2181 1661 2251 ἐκίσσησαν.
1706 2180 1797 2232 Διὸ

204 2279 265 2350 δὴ
301 2279 425 2347 Τὴν
449 2278 774 2346 ἐπιθυμίαν
814 2274 993 2338 καλῶς
1028 2275 1144 2328 οὐκ
1175 2272 1342 2342 ᾔδειν
1381 2272 1592 2343 ἐλέχθη,
1629 2274 1681 2325 εὶ
1707 2271 1793 2341 μὴ

207 2373 240 2423 ὁ
272 2371 461 2438 νίψος
509 2371 755 2437 aleret“
802 2368 923 2420 Οὐκ
961 2365 1378 2434 ἐπιθυμήσεις
1407 2364 1529 2416 οὐδὲ
1572 2362 1791 2427 ἐσθίειν,

207 2466 252 2514 εξ
289 2462 363 2532 μή
394 2462 622 2532 είρητο’
673 2457 770 2527 Μὴ
823 2457 1086 2528 φάγεσθε
1120 2457 1220 2511 ἀπ’
1264 2457 1469 2511 αὐτοῦ.
1515 2456 1792 2509 Ἐντεῦθεν

207 2555 306 2626 γὰρ
334 2555 617 2622 ἐκτήσατο
647 2551 899 2623 ἀφορμὴν
924 2552 1004 2613 εἰς
1039 2549 1099 2602 τὸ
1135 2548 1410 2614 διαπαίξαί
1454 2565 1520 2620 με
1551 2551 1585 2620 ή
1616 2549 1793 2619 ἁμαρ-

207 2645 308 2697 τία,
351 2644 618 2713 Δοθείσης
649 2642 757 2713 γὰρ
785 2641 884 2712 τῆς
913 2641 1150 2712 ἐντολῆς,
1188 2641 1312 2711 ἔσχε
1351 2639 1520 2712 λαϐὴν
1549 2641 1577 2692 ὁ
1612 2640 1792 2693 διάϐο-

209 2736 292 2800 λος
328 2735 778 2807 κατεργάσασθαι
826 2738 882 2788 ἐν
929 2734 1053 2805 ἐμοὶ
1098 2733 1195 2805 τὴν
1240 2731 1560 2803 ἐπιθυμίανο
1601 2734 1790 2802 Χωρίς

209 2833 309 2901 γὰρ
363 2833 558 2899 νόμου
616 2830 656 2895 ἡ
695 2828 950 2896 ἁμαρτία
1000 2825 1203 2894 νεκρά.
1257 2820 1389 2880 Οἷα·
1426 2826 1500 2879 Οὐ
1545 2825 1790 2896 δοθείσης

209 2924 314 2995 γὰρ
341 2923 441 2991 τῆς
481 2921 730 2990 ἐντολῆς,
779 2920 1058 2991 ἄπρακτος
1084 2914 1152 2990 ἦν
1177 2920 1210 2988 ὴ
1250 2918 1511 2988 ἁμαρτία.
1547 2917 1687 2986 Ἐγὼ
1729 2915 1792 2970 δὲ

206 3015 340 3078 ἔζων
371 3015 477 3085 πρὸ
505 3015 602 3084 τῆς
625 3013 844 3083 ἐντολῆς
866 3012 1168 3083 ἀμέμπτως
1192 3010 1345 3080 (37‘),
1377 3010 1476 3063 οὐκ
1505 3009 1641 3080 ἒχων
1671 3011 1788 3062 ἐπι-

205 3106 407 3174 ταγὴν,
453 3105 570 3157 καθ’
627 3103 696 3174 ἠν
745 3103 849 3156 ἔδει
904 3100 1296 3156 πολιτεύεσθαι.
1345 3101 1672 3167 Ἐλθούσης
1715 3099 1783 3153 δὲ

203 3195 319 3264 τῆς
343 3195 616 3262 ἐντολῆς,
661 3197 699 3264 ἠ
734 3194 985 3265 ἁμαρτία
1015 3192 1321 3260 ἀνέζησεν.
1359 3190 1504 3261 Ἐγὼ
1540 3190 1608 3242 δὲ
1635 3191 1782 3244 dare-

199 3291 422 3343 θανον·
463 3285 564 3340 καὶ
603 3285 818 3354 εὴρέοη
858 3286 896 3353 ἡ
937 3283 1178 3352 ἐντολὴ,
1214 3285 1251 3352 ἡ
1284 3286 1371 3348 εὶς
1418 3281 1589 3350 ζωὴν,
1628 3283 1779 3351 αὕτη

195 3381 280 3444 εἰς
314 3378 603 3432 θάνατον.
643 3379 762 3430 ’Ὁτι
804 3376 940 3447 μετὰ
989 3376 1048 3428 τὸ
1087 3374 1445 3446 νομοθετῆσαι
1494 3374 1583 3427 τὸν
1627 3374 1778 3437 Θεὸν,

198 3473 286 3523 καὶ
313 3468 728 3524 διαστείλασθαί
765 3485 855 3539 μοι
883 3467 919 3522 ἃ
952 3468 1218 3538 ποιητέον,
1251 3468 1344 3520 καὶ
1394 3467 1468 3538 μὴ
1504 3466 1775 3537 ποιητέον,

197 3564 598 3634 κατειργάσατο
639 3564 696 3614 ἐν
742 3562 863 3631 ἐμοὶ
893 3561 989 3632 τὴν
1021 3559 1310 3630 ἐπιθυμίαν
1346 3561 1374 3612 ὁ
1409 3558 1669 3622 διάϐολος.
1714 3559 1777 3611 Ἦ

197 3657 299 3727 γὰρ
328 3656 643 3724 ἐπαγγελία
691 3655 782 3708 τοῦ
840 3653 972 3707 Θεοῦ
1018 3655 1051 3724 ἡ
1089 3652 1301 3706 δοθεῖσά
1351 3670 1460 3722 μοι,
1515 3650 1652 3722 αὕτη
1700 3653 1778 3714 είς

200 3745 340 3817 ζωὴν
388 3747 484 3798 καὶ
529 3745 858 3816 ἀφθαρσίαν,
893 3743 999 3806 ἵνα,
1034 3742 1346 3814 πειθόμενος
1373 3742 1533 3812 αὐτῇ,
1567 3740 1778 3794 ἀειθαλ-

197 3836 351 3890 λοντα
389 3837 533 3907 πῴς
562 3835 860 3889 ἀθανασίαν
891 3833 1001 3904 βίον
1039 3833 1166 3903 ἔχω,
1220 3832 1315 3886 καὶ
1355 3832 1556 3902 χαράν·
1585 3830 1777 3901 ἀθετή-

196 3946 345 3983 cum
377 3929 569 4000 αὐτὴν,
601 3929 682 3990 είς
724 3926 950 3980 θάνατον
977 3925 1177 3995 ἀπέϐη.
1218 3923 1431 3993 Ἐπειδὴ
1456 3924 1484 3975 ὁ
1510 3922 1771 3984 διάϐολος,

188 4020 246 4075 ὃν
271 4021 554 4092 ἁμαρτίαν
581 4013 674 4073 νῦν
697 4013 851 4079 οὗτος
880 4015 1100 4070 ἐκάλεσε
1130 4014 1217 4068 διὰ
1239 4013 1297 4066 τὸ
1326 4012 1649 4085 δημιουργὸν
1678 4012 1774 4064 a6-

1900 1801 2235 1865 exardescat,
2266 1817 2296 1855 a
2335 1819 2443 1872 quo
2475 1820 2582 1860 non
2610 1816 2848 1871 arcetur,
2880 1818 2932 1864 ct
2959 1813 3103 1880 quod
3127 1813 3348 1869 minime
3375 1831 3470 1870 ne-

1899 1894 2202 1948 cessarium
2268 1895 2501 1950 habeat?
2565 1898 2687 1953 Ideo
2756 1901 2940 1970 igitur,
2992 1906 3467 1972 concupiscentiam

1900 1986 2246 2050 nescivissem,
2281 1990 2385 2041 nisi
2428 1991 2511 2042 lea:
2567 1989 2826 2045 dixisset'
2868 1993 2989 2048 Non
3031 1999 3361 2065 concupisces
3394 2001 3462 2054 δ’.

1897 2075 2033 2131 Nam
2056 2093 2179 2132 cum
2208 2080 2548 2136 audivissent
2580 2102 2591 2135 :
2625 2081 2696 2135 De
2725 2085 2862 2154 ligno
2921 2097 3094 2141 autem
3121 2091 3466 2160 cognoscendi

1898 2169 2087 2224 bonum
2115 2180 2166 2225 et
2206 2172 2426 2237 malum,
2465 2191 2567 2227 non
2604 2175 2766 2232 edelis
2799 2178 2862 2232 de
2885 2179 2996 2233 illo.
3031 2180 3148 2246 Qua
3185 2183 3466 2237 alienarem

1893 2264 2106 2316 ederitis
2128 2279 2192 2318 ex
2221 2280 2301 2330 eo,
2333 2276 2498 2319 morte
2545 2270 2842 2324 moriemini
2897 2273 2975 2339 5’;
3009 2281 3138 2329 tunc
3196 2291 3463 2347 concepe-

1894 2361 2022 2407 runt
2051 2356 2575 2426 concupiscentiam,
2613 2359 2962 2431 improbeque
3024 2379 3086 2418 ac
3119 2366 3291 2419 instar
3322 2383 3458 2436 prae-

1893 2448 2112 2517 gnantis
2145 2449 2506 2518 appetierunt.
2537 2447 2660 2505 ldeo
2693 2453 2826 2507 bene
2853 2453 3056 2509 dictum
3087 2466 3169 2512 est
3199 2477 3212 2511 :
3256 2459 3464 2514 Concu-

1891 2537 2201 2605 piscentiam
2223 2541 2574 2605 nescivissem,
2620 2544 2724 2596 nisi
2756 2543 2842 2597 lea:
2866 2546 3085 2600 dixisset
3120 2565 3140 2601 :
3178 2548 3300 2603 Non
3337 2567 3462 2604 con-

1891 2631 2145 2699 cupisces.
2170 2630 2354 2702 Neque
2378 2632 2773 2689 desiderassem
2804 2639 3108 2705 comedere,
3141 2643 3243 2698 nisi
3269 2643 3461 2702 fuisse:

1890 2723 2091 2778 dictum
2130 2743 2141 2778 :
2175 2723 2298 2777 Non
2329 2719 2606 2781 comedetis
2635 2744 2702 2782 ex
2729 2745 2807 2783 eo.
2840 2729 2976 2786 Hinc
3006 2737 3149 2788 enim
3181 2749 3461 2806 peccatum

1888 2816 2024 2870 mihi
2056 2817 2319 2872 illudendi
2347 2818 2688 2874 occasionem
2713 2824 2939 2892 accepit.
2971 2823 3107 2880 Dato
3135 2830 3277 2883 enim
3305 2846 3462 2885 man-

1887 2907 2036 2972 dato,
2082 2909 2270 2962 habuit
2317 2909 2567 2966 diabolus
2612 2927 2719 2983 quo
2749 2913 2804 2966 in
2857 2931 2941 2970 me
2963 2919 3460 2988 concupiscentiam

1889 3006 2164 3065 operetur.
2201 2997 2327 3053 Sine
2362 2999 2471 3070 lege
2505 3001 2644 3053 enim
2676 3012 2943 3070 peccatum
2967 3017 3230 3060 mortuum
3253 3023 3367 3063 erat
3385 3013 3453 3067 ⁸³.

1893 3085 2050 3141 Velut
2072 3088 2400 3144 dicatzNon
2449 3091 2579 3145 data
2622 3094 2769 3147 enim
2811 3095 2925 3166 lege
2980 3108 3263 3167 peccatum
3307 3103 3455 3157 velut

1889 3178 2132 3234 inellicax
2159 3190 2294 3235 erat.
2329 3181 2442 3251 Ego
2496 3192 2676 3238 autem
2716 3193 2840 3239 ante
2901 3196 3228 3258 [incoeptum
3261 3191 3450 3257 latum,

1886 3271 2420 3342 irreprehensibilem
2472 3276 2640 3331 vitam
2677 3279 2924 3349 agebam,
2964 3287 3021 3333 ut
3070 3281 3161 3351 qui
3200 3299 3446 3338 normam

1889 3381 1995 3419 non
2023 3365 2274 3421 haberem
2301 3370 2601 3423 secundum
2632 3386 2795 3440 quam
2818 3374 3078 3427 viverem.
3111 3373 3214 3428 Sed
3231 3392 3349 3428 cum
3376 3394 3454 3430 ve-

1885 3457 2046 3511 nisset
2079 3458 2387 3512 mandatum
2406 3501 2419 3524 ,
2451 3471 2720 3530 peccatum
2752 3465 2956 3517 revixit.
2984 3463 3095 3535 Ego
3120 3475 3291 3520 autem
3313 3485 3454 3522 mor-

1886 3557 2005 3602 tuus
2043 3566 2159 3602 sum
2187 3568 2204 3603 :
2228 3560 2276 3603 et
2308 3552 2570 3605 inventum
2591 3564 2667 3608 est
2699 3555 2824 3608 mihi
2852 3555 3161 3610 mandatum
3189 3560 3452 3627 quoderat

1883 3641 1952 3692 ad
1977 3642 2156 3705 vitam,
2175 3641 2270 3695 ltoc
2295 3659 2409 3696 esse
2441 3644 2511 3697 ad
2548 3659 2766 3701 mortem
2796 3647 2864 3702 ⁸⁸.
2909 3647 3042 3702 Nam
3070 3659 3191 3719 post
3215 3652 3386 3723 legem
3420 3670 3451 3708 a

1883 3733 1993 3788 Deo
2033 3735 2219 3798 latam,
2261 3743 2316 3792 et
2373 3747 2661 3809 postquam
2709 3739 2811 3793 fuit
2843 3741 2898 3794 in
2945 3743 3214 3800 mandatis
3264 3744 3450 3801 datum

1882 3827 2010 3897 quid
2040 3826 2348 3882 faciendum
2390 3838 2534 3884 esset
2567 3845 2743 3899 quove
2795 3831 3202 3898 abstinendum,
3253 3852 3451 3906 cpera-

1881 3925 1972 3971 tus
2031 3925 2116 3972 est
2165 3921 2222 3971 in
2285 3933 2372 3973 me
2416 3920 2916 3989 concupiscentiam
2958 3921 3228 3979 diabolus.
3293 3925 3448 3992 Quod

1880 4011 2027 4064 enim
2055 4026 2084 4064 a
2114 4009 2222 4065 Deo
2256 4010 2323 4064 ad
2348 4011 2515 4065 vitam
2560 4020 2614 4067 et
2637 4013 3101 4083 incorruptionem
3130 4018 3447 4074 mandatum

250 4179 288 4208 "
317 4177 483 4230 Rom.
507 4191 609 4238 vlt,
645 4173 695 4227 7.
770 4174 815 4203 “
843 4169 967 4226 Cen.
1004 4185 1064 4235 ιι,
1095 4169 1178 4223 17.
1255 4168 1300 4200 ⁵³
1330 4166 1480 4224 Rom.
1526 4183 1619 4230 vu,
1645 4167 1698 4220 8.
1767 4167 1785 4197 ⁸

1888 4165 1960 4219 id.
1997 4165 2164 4231 9,10.

187 4333 554 4395 Μειὺοόῐιιιη,
592 4338 652 4385 ut
680 4345 858 4400 neque
891 4328 1340 4400 Chrysostomum
1370 4332 1426 4380 et
1474 4323 1610 4400 alios
1640 4339 1770 4377 cono
1805 4327 1848 4380 D
1878 4323 2052 4400 pluris
2076 4322 2226 4388 facit,
2249 4324 2684 4400 _imp_ugna_t_io_cx
2716 4325 2808 4378 illo
2840 4327 3035 4400 capite.
3067 4327 3254 4381 Solum
3290 4329 3448 4382 vidi-0

186 4405 438 4459 tendisse
466 4394 746 4464 existimo,
771 4394 1159 4465 restringenda
1205 4397 1270 4450 ad
1314 4411 1472 4450 suum
1528 4394 1767 4465 ipsorum

183 4491 413 4530 sensum
441 4473 610 4526 verba
635 4463 947 4541 apostolica.
985 4463 1169 4541 Fuerit
1187 4482 1316 4541 ergo
1331 4467 1546 4519 locutus
1567 4463 1768 4520 Paulus

185 4545 492 4600 universim
521 4544 588 4596 de
608 4537 816 4610 est—lege,
849 4540 1026 4610 qualis
1047 4537 1378 4614 _fuit_primu_s
1401 4550 1618 4614 parens,
1643 4543 1769 4614 ante

183 4617 312 4669 illud
343 4623 689 4686 praeceptum
734 4606 842 4665 non
869 4606 1188 4686 comedendi
1217 4607 1465 4686 deligno
1497 4606 1766 4686 scientiae,

180 4688 321 4756 quod
343 4676 625 4739 'nimirum
649 4690 857 4756 spectat
882 4680 965 4756 ad_
982 4682 1148 4756 legem
1174 4678 1459 4756 positiva_m
1483 4676 1768 4756 afuerunt-

178 4746 280 4826 que
314 4756 586 4810 homines
617 4746 771 4826 ante
801 4751 1002 4821 Moysis
1040 4746 1236 4826 legem,
1271 4746 1766 4826 quodetiamnspe-

180 4815 288 4881 clat
308 4827 381 4879 ad
415 4823 748 4891 multajuris
777 4815 986 4876 natura:
1017 4815 1197 4872 minus
1225 4815 1371 4870 nota.
1403 4815 1472 4870 lis
1489 4816 1762 4879 omnibus,

177 4899 319 4968 quod
349 4903 578 4967 spectat
602 4894 666 4946 ad
701 4892 1114 4968 ejusmodipon
1146 4895 1432 4968 praecepta,
1489 4895 1763 4968 mortuum

177 4957 287 5022 erat
335 4957 672 5036 peccatum;
721 4957 862 5036 sive_
890 4957 1564 5036 diabolum,‘incentorem
1610 4957 1760 5036 illum

175 5028 560 5093 extririsecum
615 5028 778 5089 sensu
817 5031 1165 5086 Methodiano
1203 5028 1589 5095 intelligamus,
1647 5028 1763 5081 sive

174 5105 693 5179 concupiscentiam
724 5113 778 5158 et
793 5103 1071 5179 _l'om_item,
1121 5095 1760 5179 incentorenLdomesti-

174 5195 290 5232 cum
329 5166 566 5247 ε’νεκρὰ
600 5175 865 5247 ἁμαρτία,
895 5172 1195 5243 ἄπρακτος,
1222 5169 1396 5247 inquit
1433 5166 1760 5247 Methodius,

174 5251 417 5320 inﬂicti:
446 5237 550 5320 ,ιιι
583 5237 737 5320 ιιὶίιίίΔ
773 5237 1006 5320 posset}
1036 5256 1208 5310 eoque
1245 5237 1485 5320 ignotum
1504 5237 1763 5320 [formali-

171 5305 281 5385 ter:
297 5335 405 5375 nec
425 5305 536 5371 nisi
561 5305 851 5370 occasione
875 5313 1004 5385 legis
1019 5305 1475 5385 cognoscendum.
1504 5305 1594 5360 Sic
1615 5308 1761 5385 enim

172 5379 358 5446 revera
399 5388 767 5457 cognovimus
795 5379 1481 5457 diabolum,'_cognovitque
1527 5379 1760 5431 maxime

174 5463 384 5530 primus
416 5452 650 5530 parens,
684 5463 742 5508 ut
764 5455 993 5530 nihilnil:
1037 5453 1157 5530 istis
1189 5452 1370 5530 minus
1416 5463 1758 5530 consequens

175 5520 372 5586 habeat
410 5520 747 5586 Siethodius.
800 5523 1065 5596 nihilique
1114 5523 1185 5577 sit
1234 5520 1553 5586 Iustiniani,
1593 5533 1757 5587 quam

237 5688 384 5759 (37')
428 5685 792 5755 Ἀμέμπτιυς.
821 5682 926 5747 AL,
963 5680 1074 5751 βίον
1113 5679 1419 5750 ἄμεμπτον.

493 5786 773 5845 Parum.
817 5780 933 5838 Gn.
973 5777 1205 5838 XVIII.

1876 4393 2144 4465 Achillem
2173 4394 2261 4465 cui
2293 4397 2384 4447 uni
2418 4401 2472 4447 et
2505 4394 2688 4447 Estius
2740 4403 2791 4448 ct
2825 4393 2923 4448 alii
2947 4412 3106 4450 secus
3156 4399 3445 4465 opinantes

1874 4464 2067 4526 Iidunt,
2101 4463 2343 4516 nondum
2393 4472 2727 4534 prostratum
2761 4481 2772 4514 :
2824 4482 3015 4534 nempe
3045 4463 3442 4520 dissonantiam

1874 4534 2100 4588 alterius
2142 4534 2246 4586 loci
2284 4533 2526 4600 ejusdem
2567 4533 2834 4602 Apostoli,
2864 4533 2972 4603 quo
3002 4536 3098 4598 ait,
3124 4551 3233 4589 non
3271 4535 3443 4591 fuisse

1868 4603 2357 4674 Adamseductum
2381 4622 2405 4674 κε
2431 4618 2537 4674 non
2565 4618 2692 4674 ergo
2712 4603 2801 4658 hic
2818 4607 3101 4658 seductum
3138 4606 3302 4660 dicit:
3331 4623 3442 4660 non

1869 4687 2001 4742 ergo
2036 4673 2103 4746 de
2135 4688 2192 4726 se
2233 4674 2355 4746 ipso
2380 4673 2621 4746 loquitur
2651 4683 2708 4746 ut
2739 4675 2792 4728 in
2823 4674 3029 4746 Adatno
3068 4689 3193 4730 ante
3248 4691 3443 4746 pecca-

1871 4741 2226 4815 tumiexlege.
2261 4741 2549 4815 Enimvero
2573 4741 2749 4815 ‘l‘acile
2787 4745 3100 4813 responderi
3132 4741 3328 4815 potest,
3358 4747 3441 4800 lo-

1873 4816 1964 4882 qui
2005 4814 2107 4866 hoc
2132 4814 2250 4882 loco
2277 4811 2505 4882 Paulum
2537 4813 2811 4880 absolute;
2858 4811 3029 4869 altero
3077 4811 3256 4870 autem
3288 4832 3438 4872 com-

1873 4881 2248 4954 parationead
2275 4881 2476 4936 Evam:
2498 4887 2761 4954 atqueijta
2788 4885 3090 4948 verissime,
3123 4888 3434 4954 seductum,

1869 4951 1924 5007 et
1950 4969 2056 5008 non
2089 4951 2396 5015 seductum,
2425 4951 2624 5007 dicere.
2656 4953 2781 5006 Fuit
2803 4963 2951 5009 certe
3001 4957 3147 5008 velut
3202 4951 3437 5012 mediate

1868 5025 2148 5096 seductus,
2186 5024 2276 5092 qui
2307 5038 2493 5096 errore
2536 5025 3148 5096 practicoﬂjudicavcrit
3187 5028 3439 5096 acquies-

1867 5094 2098 5166 cendum
2144 5094 2470 5166 serpentium
2523 5110 2587 5148 ac
2625 5094 3438 5166 diabolicae_suggestioni,'per

1870 5163 2035 5218 Evam
2070 5165 2359 5236 proposita:
2378 5206 2392 5228 ,
2426 5180 2735 5234 quanquam
2763 5164 2976 5235 νοητῷς
3001 5163 3432 5236 (ἐιέρερυίῑιιίνε,

1869 5251 1977 5288 non
2009 5235 2244 5288 nesciret
2273 5236 2487 5304 suggeri
2537 5237 2694 5296 falsa,
2729 5236 2784 5288 in
2813 5251 2921 5304 quo
2962 5235 3118 5291 velut
3139 5253 3246 5292 non
3271 5239 3435 5293 sedu-

1867 5315 2010 5366 ctus,
2047 5306 2218 5358 videri
2244 5315 2441 5373 potest,
2472 5313 2525 5359 et
2573 5307 2776 5359 dicitur
2820 5322 2849 5358 a
2884 5305 3072 5369 Paulo,
3117 5310 3436 5376 prreferente

1865 5377 2040 5447 virum
2076 5386 2132 5426 ut
2161 5377 2350 5443 majori
2382 5392 2411 5428 a
2440 5384 2654 5438 natura,
2711 5377 2974 5444 sapientia
3030 5379 3290 5447 mulieri;
3343 5383 3433 5434 cui

1865 5446 1919 5520 in
1945 5444 2053 5520 Eva
2090 5447 2418 5520 serpe_us_sic
2450 5447 2604 5500 facile
2635 5447 2884 5520 illuserit,
2924 5449 3231 5520 falsumque
3261 5444 3318 5505 et
3347 5452 3433 5506 di-

1863 5516 2146 5571 vinitatem
2171 5516 2538 5571 existimatum
2572 5519 2928 5587 persuaserit.

3081 5762 3152 5818 10
