4010 6328
546 215 653 272 299

1505 205 1565 263 S.
1608 200 1940 261 METEODII
1976 198 2286 258 EPISCOPI
2324 199 2413 256 ET
2448 196 2810 255 MABTYRIS
3657 206 3745 263 ωδ

545 312 888 403 acceperam,
935 335 996 383 ut
1023 325 1102 382 illi
1147 322 1412 382 obediens
1469 325 1729 381 virentem
1778 337 1994 395 semper
2052 320 2119 377 ad

2226 319 2314 376 τὸν
2354 319 2628 392 ἁμαρτίας
2682 316 2981 391 ὑπάρχειν,
3024 313 3116 370 διὰ
3154 314 3252 387 τῆς
3287 314 3491 387 ἐντολῆς
3531 317 3748 393 ἀφορμὴν

544 423 1015 481 immortalitatem
1041 426 1096 474 et
1149 417 1409 491 gaudium
1439 416 1605 473 vitam
1656 416 1912 471 haberem
1933 454 1949 478 ,
1982 429 2116 469 con-

546 517 811 574 temnenti
835 512 993 576 mihi,
1026 511 1195 567 cessit
1229 511 1286 565 in
1322 517 1576 566 mortem.
1608 506 1820 578 Quippe
1868 506 2121 562 diabolus

545 626 708 681 quem
772 608 863 663 hic
914 603 1121 661 Paulus
1174 611 1459 676 peccatum
1507 601 1930 673 appellavit,eo
1971 600 2119 670 quod

544 703 663 775 ipse
690 701 1027 756 architectus
1061 697 1137 754 sit
1174 708 1228 754 et
1276 704 1469 751 auctor
1501 694 1735 765 peccati,
1773 693 2063 751 occasione
2090 708 2121 749 a

544 803 770 867 peccato
801 801 1049 865 accepta,
1098 800 1157 847 ut
1189 806 1287 861 per
1339 788 1765 844 inobedicntiam
1822 786 2117 856 deciperet,

543 890 829 959 deceptum
853 887 1087 954 occidit;
1119 887 1509 953 sententiaaque
1529 882 1675 936 illius
1699 880 1907 951 peregit
1932 894 2119 937 reum:

546 978 614 1035 In
641 996 746 1050 qua
777 988 952 1032 autem
998 976 1082 1031 die
1117 973 1447 1029 comederilis
1497 986 1562 1026 ea:
1608 988 1691 1037 eo,
1734 982 1901 1024 morte
1931 969 2122 1023 morie—

542 1074 696 1127 mini.
730 1070 919 1142 Itaque
976 1070 1061 1125 lea:
1117 1066 1326 1138 quidem
1376 1071 1565 1120 sancta
1594 1073 1642 1117 et
1673 1061 1981 1117 mandatum
2003 1077 2123 1116 san-

543 1174 708 1228 ctum,
727 1172 775 1218 et
802 1162 1033 1233 justum,
1064 1168 1113 1214 et
1136 1159 1327 1212 bonum
1359 1156 1447 1211 "z
1483 1154 1905 1210 velutnimirum
1935 1152 2004 1208 ad
2034 1166 2124 1208 sa-

544 1259 737 1321 lutem,
769 1270 880 1310 non
908 1253 976 1308 ad
1010 1252 1236 1308 exitium
1264 1247 1634 1305 datum.Nihil
1658 1247 1803 1302 enim
1833 1246 2121 1302 credamus

546 1348 668 1405 ﬁeri
696 1363 727 1402 a
766 1344 878 1400 Deo
901 1343 1093 1399 inutile
1140 1347 1192 1397 et
1242 1339 1486 1395 noxium.
1511 1336 1618 1404 Qui
1656 1335 1828 1408 ergo?
1852 1333 2004 1402 Quod
2025 1333 2119 1389 bo-

545 1460 675 1500 num
715 1450 795 1496 est
810 1440 936 1496 mihi
950 1439 1149 1510 factum
1167 1442 1243 1490 est
1262 1443 1400 1486 mors
1430 1430 1515 1486 '°?
1554 1429 1607 1485 id
1660 1428 1940 1492 nimirum,
1976 1426 2122 1499 quod

544 1536 747 1592 summi
778 1548 841 1588 ac
868 1529 1127 1603 praecipui
1158 1524 1443 1595 cujusdam
1496 1522 1626 1578 boni
1656 1534 1825 1576 causa
1850 1520 2119 1585 futurum,

544 1627 680 1684 mihi
739 1623 917 1680 fuerat
964 1622 1079 1693 lege
1131 1615 1499 1690 praeceptum?
1548 1613 1726 1669 Absit.
1749 1611 1937 1684 Neque
1978 1611 2120 1666 enim

2227 411 2410 468 λαϐὼν
2443 411 2581 484 πρὸς
2611 409 2891 482 παρακοὴν
2919 405 3200 478 ἀπατῆσαί
3236 423 3318 478 με,
3348 408 3611 479 ἀπατήσας
3637 412 3750 464 ἀπε.

2227 523 2404 561 κτεινε
2420 521 2434 535 ³
2469 502 2568 576 τῷ,
2599 497 2681 576 τῌ
2732 501 2784 555 δ’
2836 499 2914 555 ἂν
2954 498 3143 569 ἡμέρᾳ
3192 496 3408 568 φάγητε
3436 499 3529 553 ἀπ’
3573 502 3763 556 αὐτοῦο·

2227 597 2460 667 θανάτῳ
2495 595 2920 660 ἀποθανεῖσθε,
2962 591 3328 663 κατακρίματι
3375 590 3645 646 ὑπεύθυνον
3677 612 3754 663 γε·

2227 690 2413 747 νέσθαι
2454 687 2953 760 κατεργασάμενος.
2980 686 3157 739 Ὥστε
3196 687 3227 739 ὁ
3261 682 3375 753 μὲν
3404 683 3574 753 νόμος
3597 684 3754 756 ἅγιος,

2227 784 2328 839 καί
2374 784 2412 853 ἡ
2462 780 2683 850 ἐντολὴ
2728 777 2837 833 τοῦ
2884 778 3033 833 Θεοῦ
3084 777 3242 847 ἁγία,
3285 776 3378 829 καί
3431 775 3640 842 δικαία,
3672 778 3756 832 καὶ

2226 875 2417 948 ἀγαθή
2440 892 2455 907 ⁸
2488 875 2570 929 ὃτι
2616 872 2691 945 μὴ
2729 872 2822 925 ἐπὶ
2865 871 2927 924 τὸ
2972 869 3191 940 βλάψαι,
3243 867 3353 922 ἀλλ’
3400 868 3487 922 ἐπὶ
3516 867 3574 921 τὸ
3613 868 3758 923 σῶσαι

2228 968 2404 1041 ἐδόθη.
2441 964 2536 1039 Μὴ
2581 964 2690 1037 γὰρ
2732 962 2973 1035 οἰώμεθα
3022 959 3292 1030 ἀνωφελές
3345 976 3397 1013 τι
3444 958 3476 1030 ἢ
3536 958 3760 1032 βλαϐερὸν

2227 1063 2402 1114 ποιεῖν
2430 1057 2523 1113 τὸν
2554 1056 2705 1111 Θεόν.
2738 1055 2804 1108 Τί
2849 1050 2972 1120 οῦν;
3014 1053 3082 1108 Τὸ
3135 1051 3358 1122 ἀγαθὸν
3395 1050 3518 1120 ἐμοὶ
3558 1051 3761 1121 ἐγένετο

2227 1152 2518 1218 θάνατος;
2565 1147 2594 1203 ὃ
2634 1145 2727 1202 τοῦ
2776 1147 3034 1219 μεγίστου
3082 1162 3172 1217 μοι
3216 1141 3292 1207 ὼς
3341 1145 3502 1197 αἰτιον
3542 1143 3763 1213 ἐσόμενον

2228 1243 2456 1314 ἀγαθοῦ,
2502 1239 2846 1313 νομοθέτημα
2893 1238 3086 1310 ὲδὸθης
3137 1236 3236 1305 Μὴ
3276 1235 3540 1307 γένοιτοέ
3565 1236 3672 1289 Ὀτι
3702 1236 3763 1307 μὴ

2227 1336 2262 1408 ἠ
2289 1334 2476 1407 ἐντολὴ
2507 1331 2601 1387 τοῦ
2630 1331 2766 1387 Θεοῦ
2796 1334 2876 1396 είς
2902 1332 2962 1385 τὸ
2991 1327 3463 1399 καταδουλωθῆναί
3497 1344 3558 1399 με
3582 1328 3765 1397 ἐγένετο

2226 1432 2294 1501 τῇ
2326 1427 2501 1501 φθορᾷ
2537 1426 2705 1490 αἰτία,
2727 1424 2840 1479 ἀλλ’
2879 1426 2908 1478 ὁ
2953 1422 3227 1486 διάϐολος*
3282 1421 3369 1475 ἵνα
3401 1419 3666 1493 φανερωθῇ
3693 1418 3768 1474 διὰ

2226 1519 2320 1575 τοῦ
2348 1519 2551 1591 ἀγαθοῦ
2581 1519 2643 1573 τὸ
2666 1518 2836 1573 κακὸν
2868 1515 3284 1578 κατασκευάσας
3303 1528 3316 1545 ·
3349 1513 3436 1568 ἴνα
3459 1514 3666 1584 γένηται
3691 1515 3768 1568 καὶ

2228 1614 2455 1687 ἐλεγχθῇ
2513 1612 2636 1667 καθ’
2679 1610 2984 1683 ὑπερϐολὴν
3035 1611 3064 1663 ὁ
3110 1607 3340 1679 εὑρετὴς
3392 1606 3489 1677 τῆς
3532 1605 3771 1677 ἁμαρτίας

545 1717 642 1774 Dei
669 1715 985 1772 mandatum
1009 1712 1141 1767 mihi
1163 1725 1329 1766 causa
1355 1708 1478 1771 fuit,
1507 1714 1567 1762 ut
1599 1705 1971 1776 corruptionis
1986 1704 2119 1775 jugo

2226 1704 2562 1776 ἁμαρτωλός.
2597 1702 2854 1772 Οἴδαμεν
2883 1701 3015 1770 γὰρ,
3047 1699 3136 1754 ὅτι
3165 1703 3197 1753 ό
3227 1698 3414 1768 νόμος
3455 1697 3581 1751 ἐστὶ
3616 1711 3771 1750 πνευ-

543 1811 912 1879 manciparer,
947 1804 1043 1862 sed
1071 1803 1322 1859 diabolus
1360 1799 1477 1873 (58)
1518 1819 1532 1855 :
1560 1808 1621 1854 ut
1656 1799 1833 1870 palam
1866 1798 2120 1869 prodere—

546 1911 658 1966 tur,
689 1901 784 1972 qui
845 1914 940 1969 per
991 1896 1196 1952 bonum
1252 1893 1386 1949 mihi
1429 1898 1579 1948 esset
1609 1891 1832 1945 molitus
1876 1888 2115 1955 malum;

543 1993 807 2063 ﬁeretque
834 1998 888 2045 et
916 1988 1344 2044 convinceretur
1396 1984 1648 2039 inventor
1678 1979 1910 2051 peccati,
1952 1993 2119 2049 supra

544 2084 767 2139 modum
795 2087 1071 2153 peccator.
1095 2077 1306 2133 Scimus
1333 2074 1472 2129 enim
1525 2074 1651 2143 quia
1694 2071 1781 2125 lex
1820 2069 2117 2140 spiritualis

541 2184 620 2229 est
641 2175 687 2207 ⁸⁷
723 2194 738 2230 :
767 2188 960 2244 eoque,
1008 2170 1145 2225 nulli
1174 2168 1341 2223 ullius
1378 2165 1564 2220 damni
1603 2171 1689 2220 est
1721 2178 1908 2219 causa.
1940 2161 2117 2233 Spiri-

544 2267 710 2322 tualia
738 2266 906 2327 enim,
938 2260 1129 2332 procul
1179 2274 1210 2313 a
1271 2256 1570 2328 cupiditate
1598 2256 1772 2310 aliena
1814 2269 1845 2309 a
1882 2255 2117 2321 ratione,

544 2358 737 2431 procul
765 2372 796 2409 a
823 2365 1056 2427 peccato
1084 2351 1350 2407 habitant.
1377 2348 1489 2420 Ego
1518 2361 1691 2404 autem
1721 2347 1955 2401 carnalis
1976 2363 2116 2415 sum,

544 2446 891 2503 venumdatus
910 2444 1005 2500 sub
1043 2452 1275 2514 peccato.
1309 2440 1480 2508 Quasi
1508 2440 1754 2496 diceret:
1788 2438 1900 2510 Ego
1934 2448 2119 2492 autem

545 2539 785 2594 carnalis
820 2552 966 2601 sum,
991 2546 1046 2591 et
1075 2535 1130 2589 in
1154 2533 1282 2590 boni
1313 2531 1551 2602 malique
1575 2531 1837 2594 conﬁnio,
1871 2531 2020 2585 velut
2055 2529 2120 2584 li-

543 2630 661 2686 beri
685 2629 922 2693 arbitrii,
950 2626 1199 2699 positus;
1226 2634 1286 2680 ut
1312 2625 1367 2680 in
1419 2640 1537 2679 mea
1561 2626 1633 2679 sit
1663 2630 1954 2694 potestate,
1987 2622 2119 2694 quid

543 2722 704 2777 velim
739 2721 957 2792 eligere.
994 2719 1156 2774 Posui
1179 2716 1560 2787 enim,inquit,
1595 2725 1716 2769 ante
1743 2714 1934 2783 faciem
1972 2723 2119 2768 tuam

544 2815 706 2867 vitam
735 2822 785 2866 et
816 2820 1035 2866 mortem
1059 2810 1127 2868 ⁸⁸.
1156 2809 1293 2864 Cum
1344 2809 1527 2879 itaque
1567 2806 1906 2871 annuissem,
1929 2814 1991 2862 ut
2015 2806 2120 2877 legi

543 2905 768 2976 quidem
803 2904 1057 2975 spiritali,
1116 2902 1398 2967 mandato,
1439 2903 1684 2972 inquam,
1716 2914 1825 2954 non
1853 2898 2122 2969 obseque-

543 3011 670 3063 rer;
697 2996 1029 3066 obsequerer
1061 3009 1193 3050 vero
1222 2994 1325 3065 legi
1356 2992 1587 3056 carnali,
1638 2991 1906 3061 serpentis
1953 2989 2119 3045 nimi-

2219 1797 2494 1868 ματικός·
2530 1796 2610 1849 διὸ
2637 1795 2731 1850 καὶ
2762 1793 2914 1848 οὐδὲν
2939 1792 3111 1857 αἴτιος
3142 1791 3350 1862 βλάϐης
3385 1789 3574 1844 οὐδενί.
3604 1789 3775 1860 manu

2222 1889 2331 1964 γὰρ
2361 1889 2653 1961 ἐπιθυμίας
2692 1888 2886 1957 ἀλόγου
2931 1887 3026 1942 καὶ
3078 1885 3356 1959 ἁμαρτίας
3403 1885 3683 1954 ἐσκήνηται
3719 1880 3775 1935 τὰ

2224 1982 2586 2054 πνευματικά.
2632 1980 2779 2051 Ἐγὼ
2817 1980 2886 2034 δὲ
2926 1980 3212 2049 σάρκινός
3266 1980 3405 2047 εἰμι,
3436 1973 3779 2044 πεπραμένος

2222 2075 2342 2130 ὑπὸ
2372 2075 2486 2145 τὴν
2517 2075 2827 2146 ἁμαρτίαν.
2863 2068 3018 2128 οἷονο
3057 2071 3197 2141 Ἐγὼ
3228 2071 3289 2124 δὲ
3320 2071 3569 2143 σάρκινος
3594 2067 3680 2133 ὣν,
3700 2067 3780 2120 καὶ

2224 2166 2283 2221 ὲν
2335 2167 2483 2239 μέσῳ
2514 2158 2613 2221 τοῦ
2660 2165 2865 2236 ἀγαθοῦ
2917 2166 3013 2219 καὶ
3061 2163 3306 2236 πονηροῦ
3340 2160 3690 2225 κατασταθεὶς
3719 2159 3782 2222 ὡς

2224 2258 2589 2327 αὑτεξούσιος,
2620 2259 2705 2312 ἴνα
2736 2260 2821 2311 ἐπ’
2855 2259 2977 2329 ἐμοὶ
3014 2256 3229 2311 ἑλέσθαι
3257 2256 3287 2310 ὃ
3337 2254 3592 2325 βούλομαι
3706 2251 3784 2305 Τέ-

2224 2356 2390 2408 θεικα
2419 2352 2529 2422 γὰρ
2561 2353 2671 2421 πρὸ
2700 2350 3023 2420 προσώπου
3050 2366 3187 2414 σου,
3212 2350 3375 2422 φησὶ,
3399 2348 3514 2417 τὴν
3542 2346 3683 2415 ζωὴν
3703 2344 3784 2398 καὶ

2223 2448 2330 2500 τὸν
2371 2444 2645 2499 θάνατον.
2686 2443 2901 2509 Νεύσας
2922 2444 3055 2515 πρὸς
3103 2443 3163 2496 τὸ
3198 2439 3549 2514 παρακοῦσαι
3588 2439 3679 2510 μὲν
3706 2433 3786 2490 τοῦ

2226 2536 2595 2608 πνευματικοῦ
2622 2536 2784 2607 νόμου
2810 2551 2825 2566 ⁸
2871 2529 2960 2588 οἷα
3001 2534 3102 2604 τῆς
3127 2532 3357 2604 ἐντολῆς
3379 2548 3393 2563 ⁸
3427 2529 3715 2585 ἐπακοῦσαι
3741 2525 3791 2581 δὴ

2223 2628 2319 2682 τοῦ
2355 2627 2567 2682 ὐλικοῦο
2615 2611 2823 2681 οἷαδιοῦ
2855 2626 3035 2698 ὄφεως
3060 2625 3159 2697 τῆς
3190 2624 3563 2697 συμϐουλίαςο
3596 2622 3791 2690 πέπραρ

2220 2738 2326 2793 μαι
2355 2720 2443 2774 διὰ
2473 2720 2571 2792 τὴν
2597 2722 2851 2792 τοιαύτην
2875 2721 3107 2793 αἰρεσιν,
3141 2717 3332 2772 πεσὼν
3367 2717 3476 2771 ὑπὸ
3519 2715 3618 2788 τὴν
3637 2716 3796 2785 ἁμαρ-

2225 2813 2366 2875 τίαν,
2388 2811 2467 2884 τῷ
2492 2812 2741 2883 διαϐόλῳ.
2763 2812 2925 2867 Ὅθεν
2964 2810 3210 2866 ἐντεῦθεν
3254 2808 3627 2881 πολιορκῆσάν
3660 2822 3719 2878 με
3743 2803 3795 2857 τὸ

2225 2904 2395 2961 κακὸν
2425 2904 2655 2970 ὲνιζάνει
2686 2905 2778 2958 καὶ
2806 2902 3221 2975 ἑμπολιτεῦεται
3259 2902 3591 2956 είσοικίσθαι
3619 2898 3723 2972 ('59)
3748 2897 3798 2949 ὲν

2224 3000 2291 3069 τῇ
2345 2996 2508 3069 σαρκί
2563 3013 2686 3066 μου,
2731 2995 2887 3066 δίκης
2924 2995 3235 3067 ὲντεθείσης
3295 3013 3413 3066 μοι,
3462 2995 3563 3067 τὴν
3604 2989 3799 3060 ἐντολὴν

543 3105 666 3144 rum
700 3088 952 3159 consilio,
968 3098 1187 3158 pr0pter
1230 3085 1499 3157 eiusmodi
1561 3085 1885 3141 electionem
1928 3086 2116 3155 lapsus

2226 3089 2564 3160 ἅθετήσαντι,
2590 3087 2863 3160 πραθῆναι
2890 3087 2968 3159 τῷ
2992 3088 3164 3158 κακῷ.
3201 3090 3301 3142 Διὸ
3326 3091 3426 3143 καὶ
3442 3090 3529 3153 τὸ,
3559 3091 3637 3144 Οὐ
3662 3083 3805 3158 τινώ-

542 3184 600 3239 in
631 3189 939 3254 peccatum,
971 3180 1188 3236 diabolo
1207 3180 1550 3235 venumdatus
1575 3194 1713 3233 sum.
1749 3177 1888 3233 llinc
1918 3178 2118 3232 malum

542 3276 694 3331 velut
742 3274 1024 3339 obsidens,
1077 3274 1212 3329 mibi
1260 3273 1608 3337 adhaerescit,
1667 3280 1831 3344 atque
1871 3272 1924 3326 in
1956 3287 2123 3328 carne

544 3383 665 3421 mea
699 3374 960 3437 tanquam
994 3367 1050 3421 in
1079 3366 1241 3423 domo
1276 3367 1517 3432 habitat;
1551 3366 1655 3420 hac
1684 3365 1869 3420 violati
1920 3380 2120 3435 praece-

543 3460 625 3531 pti
673 3461 843 3515 multa
899 3460 1173 3530 imposita,
1226 3458 1305 3514 uti
1354 3459 1499 3513 malo
1544 3457 1830 3514 venderer.
1886 3454 2043 3512 Unde
2071 3466 2125 3513 et

545 3552 691 3621 quod
723 3551 958 3606 dicitur:
994 3549 1116 3604 Non
1149 3568 1401 3623 cognosco
1426 3549 1563 3622 quod
1592 3564 1807 3619 operor:
1832 3555 1887 3605 et
1920 3566 1934 3604 :
1971 3547 2125 3616 Quod

546 3642 636 3697 odi
669 3641 808 3712 (acia
835 3641 882 3673 ”
919 3659 933 3696 :
965 3657 1077 3697 non
1111 3642 1192 3696 sic
1246 3642 1421 3712 accipi
1453 3642 1634 3706 debet,
1669 3640 1826 3712 quasi
1859 3641 1926 3696 de
1981 3640 2125 3696 malo

544 3749 710 3804 opere
741 3733 1095 3803 intelligatur,
1118 3732 1214 3789 sed
1242 3732 1525 3787 dumtaxat
1548 3732 1616 3788 de
1636 3732 1985 3804 cogitatione.
2002 3730 2123 3788 Non

545 3826 690 3882 enim
722 3828 777 3880 in
807 3833 998 3882 nostra
1029 3835 1114 3881 est
1142 3832 1427 3896 potestate,
1461 3833 1522 3879 ut
1549 3826 1853 3898 cogitemus
1895 3825 1979 3881 vel
2012 3840 2124 3880 non

545 3919 845 3989 cogitemus
872 3918 1099 3985 absona,
1136 3918 1233 3975 sed
1295 3929 1353 3973 ut
1382 3923 1602 3972 utamur
1647 3918 1730 3972 vel
1758 3933 1866 3973 non
1896 3926 2121 3973 utamur

546 4009 819 4078 cogitatis.
846 4006 1006 4075 Nam,
1059 4024 1127 4064 ne
1174 4007 1334 4063 nobis
1392 4006 1707 4063 istiusmodi
1759 4007 2120 4078 cogitationes

547 4101 980 4170 obrepant,qu:e
1033 4098 1299 4170 probandi
1353 4100 1529 4155 nostri
1580 4114 1747 4155 causa
1788 4100 2121 4158 intrinsecus

548 4191 939 4254 tmmittuntur,
970 4191 1261 4261 prohibere
1290 4205 1397 4245 non
1437 4205 1768 4260 possumus;
1800 4207 1907 4246 non
1931 4207 2123 4248 asseu-

548 4283 637 4338 tiri
660 4292 714 4338 et
741 4299 846 4338 non
896 4283 997 4347 uti,
1055 4297 1369 4354 possumus.
1403 4281 1694 4349 Quocirca,
1750 4283 2019 4354 ejusmodi
2051 4299 2121 4341 ne

2223 3196 2349 3235 σκω
2382 3180 2413 3233 ὃ
2449 3178 2866 3250 κατεργάζομαι
2886 3197 2900 3209 ·
2952 3181 3066 3244 καὶ,
3100 3180 3259 3234 11οιῶ
3316 3181 3349 3235 ὃ
3383 3179 3568 3251 μισῶ,
3601 3179 3806 3248 λεγόμε-

2223 3289 2340 3328 νονσ
2387 3273 2488 3326 οῦκ
2541 3274 2634 3326 ὲπὶ
2683 3272 2777 3326 τοῦ
2822 3272 3013 3344 δρᾶσαι
3059 3272 3121 3325 τὸ
3165 3272 3379 3342 φαῦλον
3422 3270 3807 3346 παραληπτέον,

2222 3365 2336 3419 ἀλλ’
2369 3366 2461 3420 ἐπὶ
2498 3365 2593 3419 τοῦ
2637 3364 2796 3437 μόνον
2838 3363 3229 3436 ἐνθυμηθῆναι.
3280 3366 3362 3419 Οὐ
3415 3366 3527 3437 γὰρ
3570 3364 3654 3435 ἐφ’
3698 3364 3811 3434 ἡμῖν

2223 3458 2283 3513 τὸ
2316 3458 2737 3530 ὲνθυμεῖσθαι,ῆ
2773 3456 2848 3531 μὴ
2887 3457 3260 3528 ἐνθυμεῖσθαι,
3305 3461 3492 3512 κεῖται
3527 3457 3599 3511 τὰ
3634 3456 3810 3517 ἄτοπα,

2231 3551 2367 3607 ἀλλὰ
2396 3553 2456 3606 τὸ
2475 3552 2711 3625 χρῆσθαι
2738 3552 2772 3623 ἢ
2805 3552 2878 3624 μὴ
2902 3551 3138 3624 χρῆσθαι
3158 3555 3274 3617 τοῖς
3311 3552 3689 3625 ἐνθυμήμασι.
3715 3550 3818 3604 Κω-

2229 3643 2389 3697 λῦσαι
2435 3644 2533 3716 μὲν
2559 3644 2665 3714 γὰρ
2695 3643 2913 3698 πίπτειν
2959 3645 3043 3707 είς
3081 3645 3234 3715 ἡμᾶς
3278 3645 3417 3708 τοὺς
3450 3641 3739 3713 λογισμοὺς
3762 3639 3816 3692 οὐ

2228 3734 2533 3807 δυνάμεθα,
2578 3734 3021 3809 προσδεχομένων
3067 3733 3178 3806 (40)
3231 3734 3404 3806 ἡμῶν
3465 3733 3668 3798 ἔξωθεν
3719 3732 3821 3785 εἰσ-

2230 3825 2589 3895 πνεομένους·
2624 3826 2699 3897 μὴ
2732 3824 3020 3895 πεισθῆναι
3051 3824 3259 3896 μέντοι,
3290 3825 3327 3898 ἢ
3371 3827 3451 3898 μὴ
3481 3824 3718 3898 χρῆσθαι
3741 3820 3820 3875 δυ-

2223 3916 2454 3986 νάμεθα.
2485 3916 2576 3970 Διὸ
2604 3917 2665 3969 τὸ
2699 3917 2797 3986 μὲν
2825 3916 2998 3970 θέλειν
3027 3915 3167 3970 αὐτὰ
3201 3916 3283 3988 μὴ
3312 3918 3700 3991 ἐνθυμηθῆναι
3729 3931 3820 3968 παι

2228 4009 2491 4080 ράκειται·
2513 4008 2573 4061 τὸ
2590 4008 2645 4061 δὲ
2665 4007 3103 4079 κατεργάσασθαι
3123 4011 3205 4074 εἰς
3227 4010 3297 4064 τὸ
3324 4011 3625 4082 ἀφανίσαι,
3655 4011 3739 4063 ἵνα
3761 4004 3827 4077 μὴ

2225 4093 2381 4161 αὖθις
2405 4098 2532 4171 περὶ
2545 4096 2638 4152 τὸν
2666 4097 2924 4170 λογισμὸν
2937 4099 3266 4166 ἀνέλθωσιν,
3295 4101 3366 4156 οῦ
3391 4119 3409 4134 ·
3440 4104 3529 4158 ὅτι
3565 4101 3642 4175 μὴ
3669 4102 3832 4155 κεῖται

2225 4188 2383 4243 τοῦτο
2403 4192 2487 4260 ἐφ’
2503 4192 2654 4262 ἡμῖν,
2674 4188 2748 4254 ὡς
2772 4177 3017 4260 ἔφην’ὧς
3042 4188 3179 4247 εἷναι
3196 4193 3297 4249 τὸν
3321 4194 3461 4249 νοῦν
3483 4195 3729 4249 τοιοῦτον
3748 4188 3832 4244 τοῦ

2231 4284 2420 4356 ῥητοῦ·
2460 4286 2542 4338 Οὐ
2583 4288 2693 4353 γὰρ
2730 4284 2761 4337 ὃ
2799 4283 2974 4348 θέλω,
3023 4283 3169 4339 ποιῶ
3216 4287 3502 4358 ἀγαθόν’
3563 4286 3724 4350 θέλω,
3740 4284 3839 4354 γὰρ

544 4374 788 4446 cogitare
842 4375 1063 4446 quidem
1123 4374 1279 4440 velle,
1322 4384 1523 4430 nostrae
1576 4383 1661 4431 est
1699 4377 1986 4447 potestatis
2020 4395 2034 4431 :
2067 4376 2119 4432 id

2329 4375 2674 4447 ἐνθυμεῖσθαι
2704 4376 2740 4431 δι
2768 4376 2991 4447 βλάπτει
3021 4395 3107 4450 με.
3148 4379 3384 4452 Ἐπειδὴ
3411 4381 3585 4435 τοῦτο
3612 4382 3675 4435 τὸ
3716 4380 3840 4446 ἀγα-

547 4479 726 4525 autem
784 4468 1002 4539 assequi
1036 4474 1096 4522 ut
1124 4469 1341 4537 penitus
1371 4467 1793 4537 exstinguantur
1826 4482 2001 4537 neque
2030 4483 2125 4523 no-

544 4561 631 4617 bis
652 4560 884 4631 amplius
904 4572 1219 4623 occurrant,
1244 4544 1488 4615 minime.
1518 4557 1676 4624 Nam,
1708 4566 1768 4614 ut
1797 4560 1929 4630 dixi,
1949 4560 2122 4618 haud-

613 4713 816 4771 "Rom.
847 4731 945 4779 vn,
978 4715 1061 4769 i2.
1139 4715 1186 4747 ⁸⁸
1215 4713 1345 4770 ibid.
1380 4715 1465 4770 15.
1554 4716 1600 4747 ⁸⁷
1636 4710 1765 4770 ibid.
1814 4717 1897 4775 14.

1996 4719 2042 4752 ⁸⁸
2071 4717 2238 4775 Eccli.
2270 4735 2363 4785 ur,
2392 4719 2490 4787 ης
2523 4718 2637 4775 ler.
2671 4733 2788 4785 xxi,
2827 4720 2881 4781 8.

2230 4466 2322 4520 θδν
2347 4469 2704 4540 πανάμωμον.
2726 4470 2835 4523 Kal
2862 4468 3191 4541 τοῦτομὲν,
3224 4471 3258 4525 ὃ
3297 4471 3474 4528 θέλω
3509 4471 3761 4545 ἀγαθὸν,
3778 4469 3845 4523 οὐ

2216 4560 2412 4617 ιποιῶ·
2463 4561 2495 4614 ὃ
2544 4560 2612 4615 δὲ
2644 4561 2730 4631 μὴ
2771 4564 2942 4628 θέλω,
2978 4565 3232 4632 πράσσω
3282 4570 3532 4624 κακόν*
3575 4570 3641 4622 οὐ
3686 4565 3844 4620 θέλων

2985 4722 3032 4758 ’ν
3066 4726 3216 4780 Rom.
3251 4740 3366 4790 vn,
3398 4725 3501 4782 £5.

618 4901 733 4987 (58)
762 4903 1156 4987 διάέίᾳὺοιιιε.
1187 4904 1358 4987 Quem
1382 4904 1583 4987 ubique
1601 4905 1922 4987 dicit_Pauli
1975 4906 2111 4987 illud
2219 4911 2396 4987 lenter
2428 4921 2682 4983 peccator
2714 4931 2729 4968 :
2767 4928 2862 4987 seu
2880 4912 3166 4987 maximus
3193 4923 3508 4987 peccator.
3536 4913 3707 4987 Apud
3734 4910 3853 4987 Epi:

543 4974 840 5049 peccatum.
877 4974 972 5031 Est
1020 4977 1372 5049 paraphrasis
1424 4974 1573 5030 velut
1616 4980 1894 5046 continua,
1929 4978 2114 5049 sequi-

547 5042 742 5116 turque
767 5042 1471 5117 Graecam—ponentium,
1506 5061 1615 5117 qua
1632 5049 1804 5117 verba
1835 5042 1947 5113 illa,
1979 5042 2117 5103 δίλλά

542 5119 578 5187 ἡ
619 5115 885 5189 ἁμαρτία,
918 5115 1239 5189 referuntur
1258 5118 1323 5171 ad
1353 5115 1539 5189 priora
1578 5116 2012 5189 :ALatininautem
2045 5121 2114 5174 ad

546 5185 828 5259 sequentia
859 5185 1124 5259 referunt,
1144 5203 1307 5243 sensu
1331 5185 1442 5243 non
1468 5188 1540 5241 ita
1564 5187 1745 5257 plano.
1787 5186 1914 5243 Vult
1962 5205 2112 5259 ergo,

546 5267 657 5328 non
688 5255 881 5328 legem,
912 5256 1009 5312 sed
1045 5267 1331 5328 peccatum
1365 5255 1657 5313 occasione
1698 5259 1851 5326 legis,
1884 5255 2114 5315 mortem

546 5323 855 5407 induxisse,
879 5335 971 5407 _u_t
1004 5323 1327 5407 ostendatur
1366 5323 1833 5407 convincaturque
1879 5329 2115 5384 maxima

549 5395 671 5469 ejus
699 5395 1101 5469 iniprobitaset
1143 5400 1375 5469 malitia;
1437 5400 1582 5469 quod
1620 5395 1820 5453 malum
1878 5407 2112 5467 tantum,

548 5464 696 5540 bono
723 5467 817 5519 illo
855 5467 1237 5540 conciliaverit
1291 5483 1306 5520 :
1353 5464 1677 5540 egregieque
1728 5470 1962 5540 quadrat
2001 5464 2116 5523 Me;

548 5535 821 5611 t‘ltpdiange
854 5536 909 5588 in
938 5535 1236 5611 diaboluin,
1267 5535 1411 5611 vere'
1448 5535 1760 5611 γὲνόμενον’
1789 5539 1911 5593 καθ’
1948 5541 2118 5611 ὑπερ-

549 5603 710 5676 eam
761 5605 1121 5678 ἁμαρτωλὸν·
1153 5605 1378 5661 Paulina
1417 5603 1631 5678 phrasis
1664 5628 1677 5663 :
1709 5610 1813 5677 Qui
1847 5613 1920 5665 sit
1943 5603 2119 5665 factus

547 5690 642 5732 Seu
677 5683 934 5732 ostensus
956 5692 1022 5732 eo
1058 5677 1232 5734 abusu
1268 5679 1502 5746 bonique
1539 5681 1906 5747 perversiune,
1941 5681 2119 5736 excel-

2222 4980 2482 5055 phaniuin
2504 4989 2685 5055 tamen
2709 4999 2763 5037 n.
2788 4984 2857 5040 56
2879 4983 3112 5039 habetur
3135 4980 3344 5039 Latina
3368 4980 3691 5055 punctatio
3724 4980 3855 5055 :sed

2225 5052 2404 5124 potest
2429 5053 2619 5111 vitiosa
2647 5070 2791 5117 esse,
2821 5069 2932 5110 non
2965 5054 3146 5110 minus
3181 5052 3465 5123 quam—co
3491 5058 3709 5120 αἰτίας,
3743 5052 3857 5110 ἀντὶ

2222 5123 2341 5199 τοῦ,
2370 5125 2539 5199 αίτία,
2595 5125 2744 5199 quod
2772 5124 3103 5199 immediate
3133 5126 3422 5199 ριαξυεᾴἰι
3461 5145 3476 5180 :
3512 5134 3860 5199 possemque

2223 5195 2338 5266 illic
2371 5195 2527 5265 plura
2571 5197 2785 5266 restitui
2820 5210 2888 5252 ex
2928 5194 3149 5266 nostris
3166 5194 3557 5266 dPhotianis’;
3607 5204 3769 5266 puta.
3808 5211 3860 5249 n.

2222 5265 2328 5339 55.»
2365 5264 2552 5339 initio,
2605 5265 2825 5339 ίδωμεν,
2859 5266 2982 5321 ἀντὶ
3014 5265 3131 5331 τοῦ,
3163 5264 3350 5335 ἴωμεν
3378 5287 3395 5300 σ
3453 5264 3860 5339 ὲνέκίσσησαν,

2221 5337 2342 5390 ἀντὶ
2363 5335 2457 5408 τοῦ
2479 5335 2825 5408 ἐνεκίσθτησα.

2256 5456 2259 5461 .
2295 5407 2409 5477 (59)
2440 5403 2835 5461 Elaomlo'dat.
2869 5404 3062 5479 Epiph.
3098 5406 3225 5462 hazr.
3255 5420 3433 5472 uiv,
3460 5424 3639 5465 num.
3668 5406 3743 5465 56
3767 5403 3867 5463 Sub

2226 5476 2408 5539 linein,
2438 5478 2819 5531 εἰσοικείσθαι.

2265 5546 2965 5672 ιιὲἱῖξέὲλιῖθέῗῗδκομένων·
2999 5547 3142 5620 ¹ο⁰ε⁰
3166 5546 3314 5618 πρδς
3347 5549 3618 5624 δοκιμήν
3644 5565 3719 5607 ex
3739 5544 3870 5620 Epi-

2226 5631 2427 5687 pnamo
2449 5633 2502 5672 n.
2533 5631 2621 5673 at.
