4010 6328
256 255 354 311 30!

1343 255 1432 310 ex
1471 255 1670 311 uano
1710 256 1797 310 os
1830 219 2418 312 assummum“.

3368 259 3471 315 50‘!

250 371 571 436 ἐννοεῖσθαι,
601 373 693 426 καὶ
722 373 1079 444 ἐννοούμενος.
1111 374 1146 428 6.
1185 375 1258 446 μὴ
1291 374 1444 428 θέλω.
1468 377 1576 429 Καὶ
1600 376 1819 429 ἐπισκέ-

1925 393 2194 446 quaquam
2250 377 2302 432 id
2333 375 2567 447 positum
2616 383 2701 430 est
2730 376 2784 429 in
2835 382 3021 430 nostra
3061 372 3318 428 facultate
3347 391 3359 403 ο
3412 386 3473 428 ιιι

247 464 454 534 ψασθαι
488 463 619 534 (Η),
647 467 693 517 εί
723 466 798 536 μὴ
831 465 915 518 διὰ
939 465 1109 518 ταῦτα
1141 465 1278 519 αὐτὰ
1319 468 1410 519 καὶ
1440 469 1467 520 6
1505 467 1667 520 Δαυῖδ
1702 469 1814 520 ἐνε-

245 554 479 625 τύγχανε
502 556 580 626 τῷ
605 556 742 626 Θεῷ,
780 537 1139 627 δυσχεραίνων
1169 558 1259 609 ἐπὶ
1287 557 1364 627 τῷ
1383 557 1686 626 λογίζεσθαι
1720 560 1813 612 καὶ

243 646 428 707 αὐτὸν,
452 647 488 701 ξι
525 646 598 716 μὴ
624 645 839 716 ἢθελεν·
877 648 1006 701 Ἀπὸ
1046 647 1163 700 τῶν
1193 651 1454 716 κρυφίων
1481 667 1600 718 μου
1631 650 1810 706 καθά-

239 739 419 806 ρισόν
442 755 545 806 με,
577 739 670 790 καὶ
715 737 834 791 ἀπὸ
871 739 1202 805 ἀλλοτρίων
1219 739 1417 808 φεῖσαι
1455 740 1559 792 τοῦ
1589 741 1810 796 δούλου

242 847 379 884 σου.
412 830 552 882 Ἐὰν
583 829 666 898 μή
701 847 818 898 μου
856 832 1378 897 κατακυριεύσωσι,
1413 833 1545 884 τότε
1580 830 1814 900 ἄμωμος

241 922 478 996 ἔσομαι,
521 922 616 974 καὶ
651 920 1153 991 καθαρισθήσομαι
1183 923 1300 977 ἀπὸ
1331 924 1614 992 ἁμαρτίας
1637 923 1816 992 μεγὰ-

239 1017 374 1078 λης.
415 1014 528 1066 Καὶ
561 1014 723 1075 αὐτὸς
763 1012 819 1064 δὲ
857 1014 886 1064 ὁ
932 1013 1242 1077 Ἀπόστολος
1263 1016 1320 1067 ἐν
1343 1016 1502 1087 ἑτέρᾳ
1530 1016 1640 1086 (4'2)
1661 1035 1674 1046 ο
1707 1022 1816 1071 Λο-

241 1106 499 1176 τισμοὺς
526 1105 962 1172 καθαιροῦντες,
990 1106 1084 1158 καὶ
1115 1105 1236 1159 πᾶν
1268 1108 1483 1176 ὕψωμα
1513 1109 1816 1178 ἐπαιρόμε-

241 1215 350 1250 νον
390 1198 546 1250 κατὰ
582 1195 688 1263 τῆς
721 1197 991 1265 γνώσεως
1027 1197 1130 1250 τοῦ
1172 1199 1349 1251 Θεοῦ’
1392 1199 1487 1251 καὶ
1521 1202 1817 1268 αἰχμαλω-

243 1289 501 1356 τίζοντες
541 1288 664 1343 πᾶν
700 1290 895 1356 νόημα
937 1290 1024 1354 είς
1065 1287 1178 1357 τὴν
1210 1286 1488 1360 ὑπακοὴν
1534 1293 1638 1345 τοῦ
1681 1294 1815 1360 Χρι-

241 1396 392 1434 στου

1917 470 2030 523 haec
2053 470 2288 524 sitillius
2320 469 2421 522 loci
2473 472 2760 531 sententia,
2818 466 2942 522 Non
2989 469 3124 522 enim
3161 467 3297 538 quod
3334 468 3466 530 volo,

1918 561 2054 630 facio
2089 561 2296 616 bonum.
2325 559 2458 614 Volo
2487 561 2630 614 enim
2655 560 2874 614 minime
2904 562 3158 630 cogitare,
3194 573 3313 628 quae
3337 559 3469 611 mihi

1917 659 2167 705 noceant.
2192 651 2325 704 Nam
2361 661 2443 706 est
2474 651 2576 706 hoc
2603 653 2800 706 bonum
2841 666 3098 720 perquam
3130 651 3472 720 irreprehen-

1917 743 2074 797 sibile
2103 751 2157 797 et
2204 758 2396 812 purum
2458 743 2594 814 (45).
2631 743 2917 804 Caeterum,
2953 746 3139 794 bonum
3172 742 3306 794 illud
3333 740 3470 811 quod

1918 833 2053 898 volo,
2085 849 2185 886 non
2217 833 2387 900 facio;
2421 834 2558 903 quod
2582 841 2754 886 autem
2815 831 2954 894 nolo,
2991 849 3086 900 ago
3111 831 3341 884 malum:
3377 829 3470 899 qui

1920 925 2198 990 nimirum,
2254 926 2419 978 nolim
2473 927 2733 996 cogitare,
2785 933 2838 980 et
2868 925 3120 994 cogitem,
3172 939 3291 992 qua:
3322 925 3469 977 nolo.

1917 1014 2091 1086 Atque
2147 1016 2277 1069 illud
2316 1032 2498 1086 quaeso
2531 1017 2727 1080 videte,
2767 1032 2894 1069 num
2932 1016 3176 1070 eamdem
3225 1015 3296 1068 ob
3342 1029 3472 1067 cau-

1919 1126 2032 1165 sam
2075 1112 2240 1165 David
2270 1110 2376 1166 Deo
2428 1113 2772 1181 supplicaret,
2806 1126 2946 1180 tegre
3005 1109 3203 1172 ferens,
3245 1107 3388 1178 quod
3419 1115 3472 1161 et

1918 1203 2032 1272 ipse
2083 1203 2342 1272 cogitaret
2369 1219 2490 1272 qua:
2534 1205 2713 1256 minus
2748 1202 2941 1256 vellet:
2995 1198 3074 1252 Ab
3128 1199 3364 1260 occultis,
3388 1197 3472 1250 in-

1920 1295 2057 1364 quit,
2085 1297 2206 1348 meis
2241 1295 2435 1349 munda
2465 1311 2560 1355 me,
2607 1303 2656 1347 et
2709 1293 2770 1344 ab
2797 1293 2980 1344 alienis
3006 1308 3160 1360 parce
3189 1307 3330 1343 servo
3359 1299 3467 1342 tuo.

1925 1385 1985 1440 Si
2008 1387 2107 1440 mei
2139 1404 2242 1440 non
2285 1387 2478 1456 fuerint
2509 1385 2787 1446 deminuti,
2815 1397 2934 1436 tunc
2969 1382 3335 1435 immaculatus
3360 1397 3469 1442 ero,

240 1490 289 1531 et
312 1476 648 1531 entandabor
676 1495 707 1530 a
751 1487 960 1546 peccato
999 1494 1186 1547 magno
1215 1479 1282 1534 ⁶⁰.
1315 1477 1420 1534 Sed
1447 1490 1502 1535 et
1550 1479 1840 1551 Apostolus
1871 1481 1927 1536 in
1961 1485 2203 1553 Epistula
2243 1485 2345 1538 alia
2370 1484 2412 1513 ⁶¹
2451 1502 2462 1536 :
2489 1481 2846 1552 Cogitationes
2869 1479 3212 1540 destruentes,
3265 1486 3313 1528 et
3360 1492 3473 1528 om-

241 1589 358 1626 nem
385 1573 732 1627 altitudinem
777 1572 1106 1628 extollentem
1148 1591 1202 1628 se
1251 1574 1498 1630 adversus
1534 1557 1804 1631 scientiam
1838 1577 1964 1644 Dei,
1988 1589 2037 1633 et
2077 1581 2129 1632 in
2155 1581 2506 1648 captivitatem
2551 1576 2838 1646 redigentes
2898 1591 3100 1627 onmem
3158 1569 3474 1624 intellectum

243 1669 297 1722 in
320 1670 630 1740 obsequ-ium
654 1669 871 1724 Christi.

314 1763 391 1816 B’.
436 1764 501 1814 Εἰ
524 1761 582 1814 δέ
616 1779 698 1823 τις
730 1762 896 1832 ὁμόσε
923 1761 999 1832 τῷ
1024 1763 1168 1833 λόγῳ
1201 1762 1336 1816 ίὲναι
1365 1763 1576 1835 τολμῶν
1598 1765 1821 1835 ἀποκρί-

1989 1760 2052 1814 ll.
2089 1757 2241 1825 Quod
2267 1759 2313 1814 si
2347 1759 2489 1828 quis,
2525 1757 2609 1814 his
2649 1758 2806 1826 dictis
2861 1756 3120 1827 refragari
3168 1772 3354 1818 ausus.
3385 1757 3478 1811 ob'

244 1872 406 1914 νοιτο,
440 1854 520 1916 ὡς
547 1853 654 1924 ἄρα
679 1854 917 1906 διδάσκει
947 1857 974 1908 6
1019 1856 1355 1918 Ἀπόστολος,
1393 1857 1466 1918 ὡς
1493 1857 1554 1908 οὐ
1583 1857 1736 1926 μόνον
1762 1859 1818 1908 ἐν

1923 1853 2071 1922 iiciat
2107 1872 2120 1906 :
2159 1852 2343 1905 haberi
2373 1868 2438 1904 ex
2471 1850 2746 1920 Apostolo,
2790 1849 2932 1918 quod
2981 1864 3087 1902 non
3125 1849 3298 1903 solum
3326 1847 3471 1918 cogi.

244 1947 320 2016 τῷ
346 1945 661 2014 λογίζεσθαι
693 1945 756 1998 τὸ
788 1945 954 1998 κακὸν
986 1945 1271 2017 μισοῦμεν,
1309 1947 1402 1999 καὶ
1428 1945 1456 1997 ὃ
1482 1946 1542 1998 οὐ
1576 1946 1817 2015 θέλομεν,

249 2037 565 2106 πράττομεν
585 2052 598 2064 ο
630 2034 762 2087 ἀλλὰ
794 2035 887 2088 καὶ
917 2037 972 2087 ἐν
1003 2034 1081 2104 τῷ
1101 2033 1533 2106 κατεργάζεσθαι
1560 2033 1710 2095 αὐτὸ,
1734 2031 1822 2086 διὰ

246 2125 337 2176 τόο
407 2127 492 2176 Οὐ
551 2124 661 2192 γὰρ
715 2123 744 2176 ὃ
795 2123 965 2185 θέλω,
1017 2122 1164 2176 ποιῶ
1226 2122 1466 2193 ἀγαθὸν,
1534 2121 1815 2191 λελέχθαι·

245 2217 382 2269 ἀλλ’
434 2215 466 2267 ὃ
526 2217 598 2268 οὐ
642 2214 791 2268 θέλω
839 2215 1046 2279 κακὸν,
1089 2215 1261 2268 τοῦτο
1316 2215 1602 2282 πράσσω·
1662 2213 1822 2277 ἀξιώ-

250 2307 430 2377 σωμέν
452 2325 558 2359 που
585 2309 632 2359 εί
659 2305 832 2378 ἀληθῆ
861 2306 971 2374 (43)
998 2305 1146 2374 λέγει
1167 2309 1195 2358 ὁ
1223 2306 1395 2360 ταῦτα
1424 2305 1617 2374 λέγων,
1644 2305 1822 2358 διασα-

248 2399 448 2466 φῆσαιο
488 2397 555 2448 Τί
599 2393 667 2466 ἦν
709 2397 770 2449 τὸ
816 2396 1056 2458 κακὸν,ὃ
1084 2396 1258 2466 ἐμίσει
1295 2396 1390 2466 μὲν
1415 2398 1442 2448 ὁ
1483 2395 1818 2459 Ἀπὸστολος,

249 2485 338 2543 iul.
364 2491 466 2542 οὐκ
501 2488 758 2541 ἐϐούλετο
790 2491 984 2550 ποιεῖν,
1018 2488 1189 2540 ἐποίει
1216 2487 1270 2540 δέ
1291 2504 1304 2517 ο
1339 2489 1430 2540 καὶ
1476 2487 1538 2540 τὸ
1565 2487 1762 2554 ἀγαθὸν
1792 2487 1820 2540 6

249 2582 496 2635 ἐῶύλετο
551 2587 648 2650 μὲν
684 2583 871 2644 ποιεῖν,
915 2581 1012 2632 οὐκ
1055 2579 1224 2631 ἐποίει
1257 2579 1347 2631 δὲο
1401 2579 1514 2632 ἀλλ’
1545 2579 1821 2651 ἀντιστρό-

251 2690 359 2740 ςως
381 2690 394 2702 ·
429 2673 624 2735 ὁσάκις
660 2673 757 2739 μὲν
785 2670 939 2741 ἠθελε
974 2671 1194 2740 ποιῆσαι
1221 2671 1281 2723 τὸ
1305 2670 1525 2738 ἀγαθὸν,
1560 2671 1823 2723 τοσαυτά-

252 2783 332 2830 κις
352 2765 414 2818 οὐ
446 2764 512 2816 τὸ
538 2763 761 2830 ἀγαθὸν,
787 2763 815 2815 6
839 2762 1047 2834 ἤθελεν,
1083 2762 1286 2815 ἐποίει·
1311 2761 1446 2814 ἀλλὰ
1477 2761 1536 2813 τὸ
1562 2761 1816 2832 πονηρὸν,

251 2850 278 2902 6
309 2851 382 2920 μὴ
416 2849 632 2921 ἤθελεν,
664 2851 872 2914 ἐποίεις
906 2851 1028 2914 Πῶς
1055 2851 1109 2902 δέ
1140 2851 1233 2904 και¹
1273 2852 1440 2921 ἡμᾶς,
1472 2851 1553 2913 είς
1587 2850 1647 2902 τὸ
1688 2867 1821 2903 παν-

252 2945 482 2998 τάπασιν
531 2941 954 3005 ἀποτινάξασθαι
984 2942 1043 2994 τὸ
1083 2943 1412 3012 ἁμαρτάνειν
1447 2942 1819 3012 προτρεπόμε-

253 3053 362 3098 νος,
407 3035 666 3102 Μιμηταί
714 3053 854 3102 μου,
883 3036 1262 3103 ἀποφαίνεται,
1304 3034 1575 3102 γίνεσθε,
1628 3033 1822 3100 καθὼς

1920 1945 2086 1998 tando
2123 1945 2322 1997 malum
2348 1941 2655 2005 oderimus,
2718 1950 2771 1996 et
2818 1941 2961 2012 quod
3000 1942 3252 1996 nolumus
3306 1939 3474 1992 facia-

1920 2052 2072 2100 mus;
2124 2050 2309 2089 verum
2361 2041 2522 2088 etiam
2565 2035 2683 2103 ipso
2738 2048 2921 2102 opere,
2970 2047 3034 2086 eo
3085 2034 3227 2101 quod
3283 2031 3472 2086 dicat:

1924 2128 2045 2181 Non
2073 2128 2209 2182 enim
2231 2126 2365 2196 quod
2392 2127 2505 2180 volo
2531 2125 2741 2188 bonum,
2761 2125 2854 2178 hoc
2875 2126 3013 2194 facio
3038 2142 3054 2178 :
3077 2125 3165 2178 sed
3195 2125 3330 2194 quod
3356 2123 3475 2176 nolo

1920 2215 2140 2283 malum,
2173 2214 2268 2268 hoc
2291 2231 2389 2285 ago
2420 2216 2506 2279 °’;
2541 2214 2685 2268 hunc
2713 2229 2864 2277 sane,
2900 2215 2990 2283 qui
3017 2215 3090 2266 ita
3119 2215 3263 2268 dicat
3306 2221 3359 2268 et
3389 2228 3478 2266 ra-

1919 2306 2230 2369 tiocinetur,
2259 2308 2306 2361 si
2337 2306 2497 2359 modo
2523 2320 2650 2360 vera
2680 2306 2833 2369 dicit,
2866 2306 3473 2374 explicarejuheamus:

1921 2399 2193 2469 quodnam
2225 2409 2370 2453 esset
2406 2398 2537 2451 illud
2572 2398 2794 2459 malum,
2842 2396 2988 2466 quod
3029 2413 3150 2450 cum
3183 2397 3478 2466 Apostolus

1921 2489 2127 2544 odisset
2155 2504 2257 2543 nec
2292 2489 2450 2542 vellet
2486 2487 2688 2554 facere,
2720 2489 3076 2544 nihilominus
3102 2488 3343 2543 faceret:
3383 2497 3477 2542 aut

1922 2580 2054 2635 illud
2079 2595 2110 2634 e
2142 2579 2418 2633 contrario
2443 2580 2667 2640 bonum,
2689 2578 2832 2648 quod
2860 2594 2983 2631 cum
3012 2579 3168 2634 vellet
3200 2587 3477 2650 praestare,

1921 2683 2030 2722 non
2055 2676 2237 2737 posset
2273 2687 2285 2721 :
2333 2668 2442 2720 imo
2476 2683 2608 2721 vero
2636 2671 2850 2736 quoties
2890 2678 3106 2740 patrare
3138 2672 3336 2725 bonum
3365 2672 3479 2725 vel-

1922 2760 2017 2822 let,
2047 2775 2152 2814 non
2183 2760 2324 2830 quod
2355 2761 2513 2814 vellet
2542 2760 2779 2826 bonum;
2823 2763 2916 2815 sed
2951 2764 3150 2815 malum
3180 2763 3325 2832 quod
3357 2765 3478 2817 nol-

1922 2851 2016 2914 let,
2042 2852 2323 2920 patraret?
2375 2850 2492 2917 Qua
2526 2852 2803 2907 enimvero
2834 2854 3066 2916 ratione,
3116 2855 3382 2909 hortando
3411 2854 3476 2909 ad

1922 2944 2303 2998 excutiendum
2346 2943 2656 2999 omnimode
2694 2956 2997 3015 peccatum,
3038 2945 3337 3001 lmitatores
3380 2949 3480 3001 mei

1923 3045 2105 3101 estote,
2134 3037 2270 3090 sicut
2296 3044 2344 3089 et
2369 3051 2459 3106 ego
2487 3033 2683 3090 Christi
2711 3037 2777 3100 ⁸⁸,
2815 3039 3166 3107 pronuntiat?
3219 3037 3309 3091 Sic
3349 3054 3478 3093 sane

257 3127 419 3196 κάγὼ
473 3127 730 3194 Χριστοῦ
746 3145 766 3190 ;
823 3127 1005 3191 Οὕτως
1048 3128 1109 3180 οὐ
1149 3127 1227 3197 τῷ
1291 3129 1462 3179 ποιεῖν
1505 3126 1540 3179 ἆ
1584 3127 1657 3197 μὴ
1697 3127 1821 3198 ἤθε-

1928 3143 2033 3180 non
2067 3128 2121 3180 in
2153 3128 2357 3197 agendo
2380 3144 2501 3197 qua:
2533 3131 2716 3189 nollet.
2750 3129 2844 3183 sed
2885 3130 2939 3182 iu
2980 3131 3096 3184 sola
3131 3131 3477 3198 cogitatione.

253 3220 366 3282 λεν,
426 3221 648 3273 ὑπέθετο
677 3221 759 3278 ,τὰ
806 3221 1194 3291 προειρημένα,
1234 3219 1368 3272 ἀλλὰ
1409 3219 1485 3290 τῷ
1539 3220 1695 3289 μόνον
1745 3218 1828 3270 λοι

250 3311 516 3378 γέζεσθαι.
538 3312 689 3364 Ἐπεὶ
715 3311 830 3374 πῶς
856 3311 919 3364 ἃν
945 3307 1010 3382 ἦν
1045 3312 1285 3382 μιμητὴς
1308 3311 1542 3382 Χριστοῦ
1565 3309 1828 3382 ἀκριϐήςς

250 3404 432 3456 Καλὸν
469 3403 568 3473 μὲν
599 3399 716 3465 οὖν,
759 3404 807 3454 εί
842 3403 916 3473 μὴ
949 3403 1186 3472 εἴχομεν,
1214 3397 1280 3472 ἦν
1315 3402 1378 3455 ἂν
1403 3403 1497 3455 καὶ
1525 3400 1829 3472 χαρμιὼτα-

246 3511 358 3559 τον,
391 3495 520 3557 τοὺς
540 3495 1004 3566 ἀντιπράσσοντας
1031 3496 1162 3564 ἡμῖν
1183 3495 1277 3546 καὶ
1303 3493 1642 3566 μαχομένους
1662 3510 1676 3522 ·
1709 3494 1828 3546 ἐπεὶ

246 3586 303 3639 δὲ
343 3587 508 3639 τοῦτο
549 3585 828 3648 ἀδύνατον,
865 3586 958 3638 καὶ
987 3586 1014 3638 6
1043 3585 1264 3656 θέλομεν
1301 3585 1360 3637 οὐ
1394 3584 1684 3654 δυνάμεθα.
1720 3585 1820 3637 Θέ-

249 3677 413 3748 λομεν
436 3679 548 3748 γὰρ
573 3678 647 3747 μὴ
672 3677 816 3748 ἔχειν
842 3678 965 3739 τοὺς
991 3676 1304 3742 ἐξὲλκοντας
1323 3677 1401 3740 είς
1426 3675 1570 3744 πάθη
1587 3693 1599 3705 ⁸
1623 3671 1688 3746 ἦν
1715 3675 1821 3746 γὰρ

249 3770 506 3840 ἀνιδρωτὶ
553 3768 816 3838 σωθῆναι·
851 3769 942 3828 καὶ
977 3767 1005 3820 ὃ
1052 3767 1293 3837 θέλομεν,
1326 3765 1478 3818 τοῦτο
1504 3767 1565 3818 οὐ
1596 3766 1819 3834 γίνεται,

248 3862 363 3912 ἀλλ’
399 3862 428 3913 6
455 3861 518 3912 οὗ
551 3859 797 3929 θέλομεν.
829 3861 918 3910 Δεῖ
959 3859 1065 3929 γὰρ
1110 3860 1255 3928 ἡμᾶς
1301 3857 1700 3928 δοκιμάζεσθαι,
1748 3859 1823 3921 ὡς

247 3954 418 4023 ἐχρῆν
446 3953 583 4020 (44).
612 3951 703 4022 Mi;
733 3950 1016 4021 ἐνδιδῶμεν
1042 3947 1198 4023 [οὖν],
1230 3945 1274 4002 ὦ
1311 3951 1476 4020 ψυχὴ,
1515 3951 1586 4021 μὴ
1618 3950 1824 4002 ἐνδιδῶ-

249 4064 342 4114 μεν
383 4048 445 4098 ἐν
471 4045 551 4115 τῷ
579 4043 799 4114 πονηρῷ
818 4061 831 4073 ο
877 4043 1009 4106 ἀλλ’,
1055 4044 1469 4108 Ἀναλαϐόντες
1500 4042 1611 4109 τὴν
1637 4057 1821 4095 πανο-

243 4138 439 4189 πλίαν
469 4135 575 4189 τοῦ
612 4133 778 4196 Θεοῦ,
797 4132 1322 4201 ὑπερασπίζουσαν
1347 4133 1533 4201 ἡμῶν,
1559 4132 1822 4186 ἐνδυσώ-

236 4235 401 4297 μεθα
425 4229 536 4282 τὸν
568 4227 804 4297 θώρακα
832 4227 940 4293 τῆς
967 4227 1375 4293 δικαιοσύνης,
1395 4227 1489 4279 καὶ
1523 4224 1826 4279 ὐποδυσώ-

235 4325 402 4390 μεθα
436 4320 577 4386 τοὺς
623 4319 811 4385 πόδας
841 4319 912 4371 ἐν
947 4318 1256 4386 ἑτοιμασίᾳ
1292 4317 1400 4370 τοῦ
1435 4317 1819 4386 anm-extat).

1926 3220 2201 3289 praemissa
2224 3221 2427 3276 docuit.
2450 3222 2663 3291 Alioqui
2688 3221 2852 3286 enim,
2877 3223 2970 3290 qui
2992 3222 3105 3290 ipse
3132 3222 3350 3276 sedulus
3367 3233 3482 3276 erat

1927 3310 2167 3363 imitator
2201 3310 2442 3366 Christi?
2473 3311 2606 3366 Illud
2641 3311 2860 3382 quidem
2892 3312 3185 3382 optandum
3217 3321 3354 3376 erat,
3392 3314 3480 3367 lae-

1926 3401 2165 3471 titizeque
2221 3402 2624 3473 plenissimum,
2684 3410 2743 3456 ut
2797 3403 3139 3457 adversarios
3187 3403 3366 3458 nullos
3416 3419 3482 3458 ac

1924 3492 2110 3548 hostes
2142 3493 2502 3560 haberemus;
2559 3493 2653 3548 sed
2709 3495 2965 3563 quoniam
3020 3494 3135 3548 ﬁeri
3185 3494 3328 3550 istud
3372 3511 3481 3550 non

1926 3592 2128 3655 potest,
2160 3585 2284 3639 hinc
2311 3601 2527 3655 quoque
2557 3593 2640 3639 est
2671 3593 2732 3638 ut
2761 3585 2904 3654 quod
2935 3586 3206 3652 volumus,
3225 3601 3331 3640 non
3357 3602 3484 3655 pos-

1928 3678 2121 3734 simus.
2155 3675 2420 3730 Volumus
2451 3677 2617 3740 enim,
2663 3691 2768 3730 non
2799 3676 2994 3732 habere
3025 3678 3258 3745 aliquem
3293 3679 3385 3748 qui
3415 3679 3483 3731 ad

1925 3769 2211 3839 passiones
2245 3769 2483 3839 vitisque
2510 3769 2761 3824 detrahat
2790 3787 2803 3823 :
2844 3785 2970 3823 nam
3003 3777 3147 3824 esset
3191 3785 3254 3824 ea
3309 3771 3480 3832 salus,

1929 3862 2145 3918 sudoris
2182 3876 2414 3930 expers:
2452 3869 2707 3915 caeterum
2743 3877 2851 3915 non
2887 3862 3066 3916 evenit
3098 3862 3241 3931 quod
3281 3866 3361 3916 sic
3390 3880 3486 3918 vo-

1928 3950 2129 4012 lumus,
2161 3949 2253 4004 sed
2284 3949 2426 4018 quod
2452 3950 2725 4004 nolumus.
2755 3948 2844 4003 Uti
2872 3951 3013 4004 enim
3036 3950 3294 4017 diximus,
3326 3967 3487 4021 opor-

1927 4047 2004 4092 tet
2031 4055 2130 4093 nos
2163 4039 2402 4108 probari.
2433 4037 2511 4092 Ne
2531 4053 2680 4107 ergo,
2717 4037 2919 4102 anima,
2962 4054 3058 4104 ne,
3102 4053 3255 4108 rogo,
3289 4053 3486 4093 conce-

1926 4130 2118 4184 damus
2175 4130 2229 4183 in
2259 4131 2402 4184 malo
2450 4130 2590 4184 :sed
2624 4139 2947 4183 assumentes
3005 4140 3333 4182 armaturam
3388 4127 3486 4183 Dei

1915 4234 2023 4291 qua
2057 4225 2409 4290 prolegamur
2439 4225 2498 4272 et
2571 4222 2672 4274 tuti
2704 4223 2893 4283 simus,
2912 4220 3140 4289 justitiw
3159 4220 3375 4274 loricam
3406 4223 3486 4273 in-

1924 4315 2260 4380 duamus,.et
2287 4315 2577 4368 calceemus
2604 4313 2754 4381 pedes
2785 4315 2837 4366 in
2883 4315 3263 4381 pra'paratione
3310 4312 3484 4366 Evan-

319 4501 366 4531 “
409 4498 568 4554 Psal.
606 4513 760 4561 xvtn,
805 4497 890 4560 l5,
924 4497 1011 4550 14.
1082 4497 1121 4530 ⁶¹
1155 4494 1217 4547 ΙΙ
1243 4493 1366 4549 Cor.
1393 4510 1448 4558 ι,
1475 4493 1528 4558 ι,
1567 4493 1620 4546 5.
1689 4493 1732 4524 ⁸⁸
1761 4491 1821 4546 Rt

1948 4508 2043 4556 vn,
2074 4491 2153 4545 l9.
2197 4491 2241 4523 ⁸³
2273 4489 2442 4545 ICor.
2473 4506 2548 4555 Il,
2588 4489 2637 4541 l.

312 4679 433 4744 (ιιι
474 4675 966 4744 Ἐπιοπέψασθαμ
1003 4671 1164 4726 Forte
1197 4668 1580 4738 ἐπισκέψασθε.

311 4743 434 4809 (42)
472 4745 703 4810 Ἐτέρᾳ.
730 4745 836 4803 ΑΙ.,
864 4743 1055 4812 ἐτέρῳ.

311 4804 432 4887 (tsi
487 4804 880 4887 ’.»1.1i1']r'1._A|.,
917 4804 1156 4887 among.
1193 4809 1257 4887 ξι
1280 4807 1488 4887 _m_ox,_a

315 4879 437 4958 (44)
479 4879 884 4958 ξξχρὴιλείιρς.
915 4879 1069 4952 ἔφην,
1100 4897 1162 4935 ex
1199 4879 1498 4958 Epiphanio
1525 4895 1585 4958 nu.

312 4947 434 5027 (si?)
468 4947 614 5027 Nam
631 4947 708 5027 est
733 4947 1031 5027 Ιιοείιοηιιῄι
1050 4966 1295 5027 perquam
1319 4947 1764 5027 irrepreltensibi_le
1781 4956 1831 5000 et

237 5017 464 5098 parum.
504 5025 870 5098 Πανὰμωμον,
917 5017 1058 5098 velut
1083 5017 1319 5074 ἀττάθεια.
1349 5017 1436 5098 illa
1474 5019 1546 5072 ita
1582 5017 1832 5071 Palt‘ibus

239 5092 291 5154 et
314 5097 598 5164 theologis
631 5092 873 5165 mysticis
905 5093 1208 5165 decantata,
1241 5092 1532 5159 paucisque
1547 5103 1827 5165 cotlcessa.

241 5169 369 5223 Fuit
397 5173 456 5220 iu
478 5159 543 5219 ea
573 5159 837 5234 insignis,
872 5164 1030 5234 cujus
1065 5162 1225 5215 hodie
1273 5169 1518 5234 octavam
1564 5159 1704 5213 diem
1738 5173 1829 5234 so—

241 5239 414 5293 lemni
481 5227 1142 5294 olliciofPrzediciatores,
1202 5232 1453 5285 colimus.
1510 5237 1697 5284 uoster
1739 5227 1828 5282 ille

241 5308 519 5370 Thomas,
546 5308 638 5374 qui
659 5321 927 5373 nunquam
959 5302 1220 5371 pestifera:
1249 5299 1526 5374 superbiat,
1559 5298 1725 5374 tantis
1775 5304 1828 5353 et

237 5382 442 5448 gratia:
465 5369 519 5430 et
542 5369 749 5428 natura;
776 5369 931 5427 donis
949 5369 1161 5448 auctus,
1187 5371 1491 5448 persenserit
1518 5369 1831 5448 stimulant:

241 5439 501 5517 omnique
531 5455 736 5513 postea,
765 5459 794 5496 a
814 5445 1159 5517 miraculose
1187 5442 1389 5517 cint'tis
1431 5440 1675 5517 renibus,
1710 5439 1831 5491 libi-

238 5521 386 5571 dinis
407 5510 584 5570 'sensu
615 5516 844 5568 caruerit
872 5531 889 5568 :
918 5514 998 5568 sic
1043 5512 1225 5566 divina
1256 5512 1450 5580 gratia,
1503 5510 1669 5562 menti
1700 5523 1826 5580 vere

241 5589 534 5657 angelicae,
580 5593 801 5654 aptante
844 5583 1144 5657 vasculum.
1175 5579 1557 5657 Euieudandus
1591 5595 1656 5634 ex
1706 5579 1827 5657 istis

244 5650 438 5712 tritus
485 5650 995 5726 Epiphauii,quam
1029 5655 1190 5726 etiam
1233 5650 1663 5726 emendationem
1698 5651 1827 5704 sub-

240 5729 430 5797 juucti
465 5720 628 5782 ἐπεὶ)
659 5720 1032 5795 ἱοωιιῑίιιιιιιιε
1073 5723 1311 5794 exigunt.
1349 5720 1513 5775 Plane
1542 5734 1690 5783 vero,
1738 5733 1828 5773 so-

1521 4777 1828 4878 $560131'qco.

1861 4671 1905 4725 D
1936 4670 2042 4724 lida
2073 4667 2207 4730 haec,
2237 4665 2475 4720 Paulinae
2521 4666 2665 4720 illius
2721 4668 3000 4720 sententia:
3054 4664 3372 4734 explicatio;
3423 4673 3484 4721 ut

1927 4737 2190 4810 ipseiam
2214 4738 2396 4804 justus
2430 4737 2693 4810 iustorum
2732 4747 2851 4810 agat
2882 4751 3187 4810 personam,
3215 4744 3268 4787 et
3312 4736 3481 4810 mea,

1927 4805 2033 4865 vim
2062 4809 2226 4871 illam,
2259 4823 2324 4859 ex
2358 4809 2494 4859 mala
2527 4807 2869 4876 suggestione
2891 4807 3168 4864 dazmonis.
3203 4805 3478 4876 autetiam

1927 4899 1993 4936 ex
2027 4878 2220 4930 virium
2255 4876 2569 4930 inferiorum
2603 4875 2868 4930 seditione
2894 4885 2946 4928 et
2977 4876 3338 4933 contumacia,
3376 4875 3479 4927 im-

1927 4949 2110 5004 missis
2143 4947 2322 5016 pravis
2342 4948 2780 5015 cogitatzouibus.
2807 4962 3032 5016 quarum
3056 4961 3160 5016 non
3186 4948 3355 5013 possit
3375 4960 3481 4997 non

1931 5013 2430 5080 habere'seusum,
2454 5029 2711 5084 queratur
2739 5027 2790 5070 et
2823 5013 3019 5083 lugeat.
3058 5013 3113 5068 Si
3149 5023 3326 5069 autem
3358 5029 3480 5068 cum

1931 5091 2073 5147 aliis,
2100 5087 2153 5140 in
2189 5101 2412 5155 persona
2445 5087 2678 5140 hominis
2701 5103 2804 5139 non
2832 5086 2964 5154 justi
2985 5094 3037 5139 et
3070 5086 3122 5138 iu
3155 5086 3348 5153 gratia,
3382 5085 3481 5137 ad-

1930 5157 2238 5212 miserimus
2274 5157 2437 5224 loqui,
2474 5157 2634 5210 fuerit
2657 5158 2818 5209 etiam
2853 5158 2905 5208 in
2935 5155 3190 5225 operibus
3223 5155 3484 5208 nonnulla

1930 5227 2194 5296 ejusmodi
2221 5227 2300 5279 vis
2315 5227 2654 5280 concedenda
2673 5247 2686 5290 ;
2705 5227 2804 5281 etsi
2831 5243 2936 5280 non
2964 5227 3183 5278 omnino
3213 5225 3480 5285 absoluta,

1930 5309 1983 5352 et
2017 5299 2306 5368 qualiscth
2353 5297 2405 5368 in
2462 5297 2876 5365 cogitationibus
2912 5316 2924 5350 :
2964 5313 3121 5368 quam
3161 5304 3336 5348 tamen
3371 5296 3485 5364 ipse

1932 5367 2057 5430 sibi,
2087 5370 2164 5423 sic
2189 5367 2384 5420 diaboli
2413 5369 2679 5436 captivus,
2705 5377 2965 5436 actusque
3007 5367 3070 5420 ad
3100 5367 3270 5434 ipsius
3300 5370 3485 5436 vptun-

1932 5449 2092 5492 tatem
2135 5438 2186 5489 in
2216 5439 2394 5491 scelus
2440 5434 2621 5499 oinne,
2679 5434 3023 5507 ascripserit;
3088 5439 3178 5505 qui
3233 5442 3285 5487 et
3321 5434 3487 5507 Deum

1933 5509 2249 5568 deseruerit,
2300 5522 2399 5560 nec
2448 5509 2623 5561 adhuc
2660 5505 2949 5563 conciliare
2985 5507 3204 5566 volenti,
3240 5505 3480 5573 acquies-

1933 5593 2057 5631 cere
2083 5578 2230 5650 velit.
2263 5576 2515 5650 Egregia
2541 5587 2667 5632 sunt
2699 5595 2818 5646 qum
2847 5578 3484 5650 Amphilochius__noster

1938 5648 2278 5716 prosequitur
2311 5645 2456 5700 hom.
2483 5647 2546 5702 de
2578 5645 2878 5712 poenitentia
2904 5645 2965 5701 iu
2999 5646 3306 5717 hujusmotli
3344 5645 3483 5711 cogi:

1939 5720 2188 5784 lationes,
2213 5730 2526 5789 magnisque
2551 5733 2606 5773 et
2635 5719 2955 5774 eruditionis
2983 5729 3032 5773 et
3073 5717 3484 5772 consolationis.
