4010 6328
485 236 590 293 5θό
1437 235 1497 291 S.
1540 233 1869 336 ME‘TIIODH
1909 233 2215 291 EPISCOPI
2255 235 2344 291 ET
2386 235 2745 292 MARTYBIS
3617 238 3722 293 5H

483 356 624 429 gelii.
659 354 728 411 In
758 354 996 412 omnibus
1021 363 1196 409 autem
1224 372 1555 412 assumamus
1581 367 1787 413 scutum
1817 356 1964 428 ﬁdei,
1986 358 2042 411 in

2157 358 2281 411 Ἐπὶ
2307 356 2459 414 πᾶσι
2472 377 2536 413 τε
2548 338 2938 430 ἀναλάϐωμεν
2951 358 3060 413 τὸν
3075 359 3290 427 θυρεὸν
3306 356 3417 426 τῆς
3434 359 3712 427 πίστεως,

483 465 591 521 qua
610 449 871 518 possimus
900 448 1077 501 omnia
1105 447 1210 502 tela
1237 450 1544 519 nequissimi
1575 450 1729 520 ignea
1754 451 2047 521 exstingue-

2146 450 2219 503 ὲν
2245 444 2286 522 ᾖ
2309 449 2689 521 δυνησόμεθα
2727 449 2923 504 πάντα
2948 448 3019 503 τὰ
3037 449 3199 519 ,ϐέλη
3227 450 3335 505 τοῦ
3356 450 3624 520 πονηροῦ
3649 452 3722 507 τὰ

482 556 541 595 re
569 557 589 595 :
610 549 659 595 et
680 540 884 611 galeam
910 537 1134 602 salutis,
1182 548 1232 594 et
1272 539 1511 609 gladium
1534 541 1778 607 spiritus,
1806 542 1941 611 quod
1967 550 2047 595 est

2145 539 2536 609 πεπυρωμένα
2556 540 2769 594 σϐέσαι
2790 558 2803 571 ο
2836 540 2935 594 καὶ
2967 537 3080 606 τὴν
3110 540 3582 608 περικεφαλαίαν
3614 541 3721 595 τοῦ

481 630 689 687 verbum
746 629 842 684 Dei
899 644 917 683 :
967 636 1025 681 ut
1075 630 1340 697 possimus
1369 640 1513 684 stare
1541 629 1789 685 adversus
1822 630 2043 687 insidias

2144 632 2463 700 σωτηρίου,
2480 632 2576 686 καί
2595 631 2709 700 τὴν
2723 631 3024 702 μάχαιραν
3039 631 3145 685 τοῦ
3161 632 3518 702 πνεύματος,
3536 632 3571 686 ὅ
3589 633 3722 687 ἐστι

481 721 682 778 diaboli
713 722 759 754 “
781 736 800 775 :
827 720 1169 791 cogitationes
1199 720 1324 775 item
1353 720 1642 784 destruere,
1668 731 1715 776 et
1736 738 1938 777 omnem
1963 722 2047 776 al-

2139 721 2302 791 ρἦα
2343 721 2518 777 Θεοῦ·
2557 722 2706 791 πρὸς
2738 722 2804 775 τὸ
2837 721 3128 777 δύνασθαι
3161 722 3382 791 στῆναι
3417 723 3568 791 πρὸς
3606 722 3722 792 τὴν

484 813 760 867 titudinem
800 811 1133 867 extollentem
1182 829 1237 867 se
1279 811 1528 868 adversus
1572 814 1846 868 scientiam
1885 812 2044 868 Citri-

2137 808 2454 881 μεθοόείαν
2478 812 2586 866 τοῦ
2613 812 2895 868 διαϐόλου
2915 830 2929 844 ·
2969 815 3299 884 λογισμούς
3328 830 3395 867 τε
3418 816 3718 879 καθελειν,

481 905 553 960 sti
578 904 641 959 ε’.
678 904 939 970 Quoniam
974 920 1077 958 non
1118 911 1197 960 est
1244 902 1394 959 nobis
1449 904 1751 959 colluctatio
1795 905 2043 961 adversus

2142 904 2249 957 παὶ
2268 902 2391 959 πᾶν
2406 905 2620 974 ὕψωμα
2633 906 3026 975 ἐπαιρόμενον
3039 907 3189 960 κατὰ
3202 904 3311 974 τῆς
3325 905 3598 974 γνώσεως
3612 905 3721 959 τοῦ

480 1012 689 1051 carnem
710 1004 759 1050 et
788 997 1095 1066 sanguinem
1114 996 1183 1051 “.
1216 995 1339 1050 Non
1361 996 1501 1050 enim
1528 992 1673 1068 quod
1690 996 1804 1051 volo
1826 997 2038 1061 bonum,

2140 996 2543 1064 Χριστοῦ.”οτι
2562 995 2647 1066 μή
2674 996 2844 1051 ἐστιν
2866 997 3012 1067 ἡμῖν
3034 1000 3072 1067 ἠ
3096 996 3260 1065 πάλη
3285 998 3435 1066 πρὸς
3455 990 3601 1066 αἷμα
3621 996 3722 1051 καί

482 1086 577 1141 hoc
597 1102 729 1157 ago;
756 1086 844 1141 sed
877 1085 1013 1157 quod
1047 1084 1155 1152 odi,
1183 1085 1317 1141 illud
1365 1087 1525 1156 facio.
1587 1087 1648 1144 Si
1691 1097 1865 1143 autem
1903 1088 2042 1160 quod

2141 1086 2355 1157 σάρκα.
2379 1090 2461 1142 Οὐ
2480 1089 2590 1156 γὰρ
2609 1088 2640 1141 ὃ
2662 1088 2814 1143 θέλω
2836 1089 3111 1157 πράσσω,
3133 1090 3273 1144 ἀλλ’
3295 1088 3327 1143 ὃ
3345 1089 3525 1160 μισῶ,
3539 1091 3720 1145 τοῦτο

483 1176 623 1242 nolo,
662 1175 795 1230 illud
836 1176 977 1246 facio
997 1217 1012 1243 ,
1047 1178 1314 1232 consentio
1345 1177 1466 1247 legi,
1501 1179 1748 1249 quoniam
1779 1178 1913 1233 bona
1941 1189 2038 1235 est.

2141 1177 2305 1233 ποιῶ.
2315 1182 2385 1232 El
2396 1178 2464 1232 δὲ
2476 1178 2506 1232 ὃ
2519 1180 2591 1233 οὐ
2604 1177 2777 1244 θέλω,
2790 1180 2966 1234 τοῦτο
2998 1179 3165 1243 ποιῶ,
3181 1181 3303 1249 σύμ
3307 1197 3455 1250 φημι
3466 1179 3545 1246 τῷ
3554 1183 3720 1251 νόμῳ

484 1266 639 1321 Nunc
668 1277 839 1322 autem
856 1267 976 1338 jam
1005 1284 1107 1322 non
1147 1284 1240 1339 ego
1280 1284 1465 1338 operor
1492 1269 1650 1339 illud,
1677 1269 1768 1325 sed
1789 1270 1927 1341 quod
1951 1270 2044 1326 ha-

2140 1270 2227 1324 ὄτι
2248 1270 2435 1336 καλός
2453 1269 2585 1341 (49).
2609 1270 2762 1324 Νυνὶ
2795 1270 2865 1324 δὲ
2892 1273 3002 1325 οὐκ
3028 1272 3116 1326 ἔτι
3141 1269 3257 1341 ἐγὼ
3293 1268 3722 1340 κατεργάζομαι

482 1362 615 1415 bitat
644 1361 700 1414 in
724 1376 802 1414 me
822 1369 1113 1429 peccatum.
1141 1359 1264 1415 Scio
1289 1361 1428 1415 enim
1451 1362 1577 1432 quia
1609 1378 1714 1417 non
1750 1362 1956 1417 habitat
1985 1362 2041 1417 in

2138 1361 2305 1428 αὐτὸ,
2325 1362 2513 1432 ἀλλ’ή
2535 1362 2787 1417 οἰκοῦσα
2801 1362 2871 1416 ἐν
2889 1361 3019 1432 ἐμοὶ
3032 1359 3457 1432 ἁμαρτίαλὶῖδα
3470 1367 3605 1432 γὰρ,
3628 1361 3720 1416 ὅτι

480 1469 581 1518 me,
608 1453 703 1506 hoc
731 1461 808 1507 est
829 1453 883 1506 in
911 1467 1072 1506 carne
1099 1467 1237 1517 mea,
1268 1451 1459 1507 bonum
1486 1452 1553 1508 "'.
1591 1451 1859 1510 Pmclare
1890 1453 2039 1509 istud

2140 1455 2250 1509 οὐκ
2270 1453 2503 1509 οῑκεῗέν
2514 1454 2641 1524 ἐμοὶ
2651 1493 2666 1519 ,
2680 1453 2952 1509 τουτέστι
2969 1454 3040 1508 ἐν
3053 1452 3128 1523 τῇ
3142 1454 3323 1523 σαρκί
3334 1470 3476 1524 μου,
3490 1452 3558 1506 τὸ
3574 1453 3723 1523 ἀτα-

480 1544 718 1615 quidem.
751 1542 1073 1599 Meministis
1099 1544 1265 1609 enim,
1314 1543 1457 1614 quod
1491 1545 1744 1615 superius
1776 1544 1879 1599 fuit
1906 1560 2039 1600 con-

2141 1545 2267 1599 θόν’
2284 1543 2459 1617 ὀρθῶς
2477 1543 2670 1613 λέγων.
2687 1544 2769 1598 Μέ
2776 1543 2978 1617 μνησθε
2991 1543 3120 1616 γὰρ,
3133 1543 3209 1609 ὡς
3223 1545 3280 1598 ἐν
3290 1548 3402 1609 τοῖς
3413 1544 3724 1617 ἔμπροσθεν

480 1644 728 1691 ειιιυιυιη
768 1654 782 1691 :
821 1642 881 1689 ut
913 1650 979 1689 ex
1009 1650 1116 1705 quo
1141 1635 1377 1705 primum
1426 1635 1590 1691 homo
1623 1637 1904 1703 seductus,
1941 1634 2036 1692 Dei

2139 1634 2515 1709 διωριζόμεθα,
2546 1635 2640 1706 ἀφ’
2671 1629 2733 1689 οὗ
2782 1635 2873 1689 τὸν
2921 1634 3206 1708 ἄνθρωπον
3236 1633 3580 1707 πλανηθέντα
3614 1634 3714 1709 τὴν

480 1726 791 1782 mandatum
831 1727 1080 1796 violavit,
1117 1726 1262 1791 inde,
1315 1742 1384 1782 ex
1437 1728 1807 1784 inobedientia
1861 1739 2040 1785 ortum

2145 1702 2373 1799 ἐντολὴν⁷
2385 1702 2646 1798 ἀθετῆσαι
2679 1726 2902 1800 συνέϐη,
2933 1702 3180 1782 ἐντεῦθεν
3206 1729 3270 1781 ἐκ
3296 1702 3411 1799 τῆς,
3432 1702 3720 1799 παρακοέις

480 1827 784 1890 peccatum,
819 1817 999 1875 sedem
1049 1819 1104 1873 in
1133 1834 1198 1875 eo
1228 1821 1493 1890 posuerit.
1553 1819 1645 1875 Sic
1673 1822 1818 1876 enim
1850 1822 2044 1878 seditio

2143 1817 2241 1889 τὴν
2269 1816 2540 1888 ἁμαρτίαν
2571 1816 2840 1873 λαϐοῦσαν
2865 1817 3097 1886 γένεσιν,
3125 1819 3205 1881 εἰς
3226 1817 3388 1870 αὐτὸν
3417 1817 3721 1889 είσῳκηκέ-

479 1909 703 1967 conﬂari
730 1911 896 1982 cmpit
926 1909 1039 1982 (46)
1092 1926 1208 1966 :ac
1265 1912 1595 1968 turbulentis
1652 1913 2043 1984 agitationibus

2143 1923 2249 1961 ναι.
2282 1906 2437 1961 Οὕτω
2484 1906 2594 1978 γὰρ
2644 1906 2833 1970 στάσις
2884 1907 3127 1971 ἐνέπεσε,
3163 1905 3491 1977 σφαδασμῶν
3528 1923 3588 1959 τε
3620 1906 3721 1961 καὶ

479 2002 1008 2075 cogitationibusque
1039 2002 1355 2073 incongruis
1383 2017 1574 2058 sumus
1608 2003 1822 2073 repleti,
1859 2003 2043 2060 divino

2143 1996 2414 2069 λογισμῶν
2461 1998 2740 2052 ἀνοικείων
2774 1997 3201 2070 ἐπληρώθημεν·
3237 1997 3559 2062 κενωθέντες
3614 1997 3719 2068 μὲν

479 2096 659 2152 atilatu
684 2097 867 2161 vacui,
892 2112 1184 2167 rerumque
1208 2095 1263 2151 in
1290 2095 1521 2151 materia
1539 2103 1593 2151 et
1626 2110 2040 2166 corporearum,

2140 2086 2235 2141 τοῦ
2281 2089 2673 2160 ἐμφυσήματος
2704 2087 2797 2141 τοῦ
2828 2086 2984 2151 Θεοῦ,
3017 2086 3392 2160 πληρωθέντες
3434 2087 3492 2140 δὲ
3521 2086 3720 2140 ἐπιθυ⁴

476 2204 639 2259 quam
668 2189 899 2244 callidus
934 2188 1092 2245 nobis
1123 2202 1351 2258 serpens
1380 2185 1700 2254 insutilaret,
1746 2188 2044 2260 cupiditate

2146 2178 2271 2251 μίας
2318 2177 2528 2250 ὑλικῆς,
2556 2179 2623 2250 ἣν
2664 2178 2693 2231 6
2742 2176 3075 2257 πρλύτροπος
3109 2179 3222 2247 (50)
3270 2176 3600 2247 ἐνεφύσησεν
3636 2179 3723 2241 είς

478 2279 643 2350 pleni.
699 2277 839 2335 Hinc
888 2278 1052 2344 Deus,
1106 2286 1336 2333 mortem
1364 2293 1472 2349 qua
1502 2277 1707 2334 deleret
1735 2288 2038 2350 peccatum,

2143 2270 2287 2341 ἡμᾶς
2317 2268 2460 2338 ὄφις.
2494 2268 2585 2321 Διὸ
2611 2267 2707 2322 καὶ
2732 2268 2823 2322 τὸν
2856 2267 3084 2322 θάνατον
3110 2269 3139 2320 6
3170 2267 3303 2331 Θεὸς
3333 2268 3467 2339 πρὸς
3499 2267 3722 2339 ἀναίρε-

478 2371 652 2426 nostri
674 2385 842 2426 causa
863 2371 1215 2441 excogitavit,
1244 2381 1299 2424 ut
1328 2386 1398 2426 ne
1432 2374 1486 2424 in
1519 2370 1680 2428 nobis
1716 2372 2038 2429 immortali-

2144 2378 2227 2414 σιν
2269 2359 2369 2430 τῆς
2411 2359 2684 2432 ἁμαρτίας
2731 2358 2871 2430 ὑπὲρ
2908 2358 3066 2430 ἡμῶν
3101 2357 3388 2430 ἀνεύρετο’
3426 2359 3512 2411 ἵνα
3551 2358 3626 2429 μὴ
3658 2360 3718 2411 ἐν

476 2462 599 2531 bus,
625 2462 1078 2533 quemadmodum
1095 2463 1302 2517 dictum
1329 2472 1435 2527 est,
1465 2462 1844 2533 reﬂorescens,
1877 2467 2041 2523 etiam

2142 2451 2430 2516 ἀθανάτοις
2476 2454 2608 2524 ἡμῖν
2656 2450 3003 2515 ἀνατείλασα,
3028 2450 3104 2513 ὼς
3147 2450 3302 2521 ἔφην,
3343 2449 3604 2513 ἀθάνανπ

477 2555 655 2625 ipsum
695 2554 999 2610 immortale
1029 2563 1196 2611 esset.
1227 2553 1362 2610 Cum
1395 2571 1527 2627 ergo
1576 2557 1652 2611 ait
1692 2557 1989 2628 Apostolus
2022 2579 2036 2615 :

2143 2540 2303 2595 Ὅθεν
2345 2544 2375 2596 6
2414 2542 2760 2605 Ἀπόστολος·
2803 2536 2947 2595 Οἶδα
2996 2539 3126 2610 γὰρ,
3170 2539 3260 2594 ὅτι
3302 2542 3415 2594 οὐκ
3463 2539 3615 2593 οἰκεῖ
3644 2540 3721 2593 ἐν

477 2645 603 2701 Scio
628 2647 766 2701 enim
797 2647 935 2719 quod
957 2664 1061 2702 non
1091 2647 1299 2701 habitat
1328 2648 1382 2702 in
1415 2665 1515 2711 me,
1550 2648 1646 2703 hoc
1676 2658 1775 2716 est,
1799 2652 1853 2705 in
1885 2669 2042 2709 carne

2139 2633 2291 2703 ἐμοὶ,
2327 2633 2638 2688 τουτέστιν
2680 2633 2751 2687 ἐν
2784 2630 2858 2701 τῇ
2883 2631 3063 2700 σαρκί
3084 2648 3221 2702 μου,
3266 2632 3332 2686 τὸ
3358 2630 3600 2701 ἀγαθὸν,
3627 2632 3718 2686 λέ-

479 2754 616 2804 ntea,
638 2738 850 2809 bonum,
889 2747 1172 2811 peccatum
1206 2739 1380 2794 voluit
1414 2740 1750 2811 signiﬁcare,
1787 2745 1931 2814 quod
1972 2760 2040 2800 ex

2139 2742 2270 2794 γων,
2302 2725 2399 2797 τὴν
2443 2726 2551 2779 ἀπὸ
2596 2725 2698 2797 τῆς
2741 2724 3103 2796 παραϐάσεως
3148 2723 3236 2777 διὰ
3276 2724 3373 2794 τῆς
3420 2723 3719 2795 ἐπιθυμίας

476 2833 568 2887 illa
601 2831 773 2888 divini
807 2832 1045 2888 mandati
1076 2832 1535 2904 transgressione,
1556 2849 1654 2904 per
1685 2836 2039 2906 cupiditatem

2139 2815 2556 2871 εἰσοικισθεῖσαν
2585 2818 2664 2880 εἰς
2692 2817 2839 2887 ἡμᾶς
2873 2815 3146 2887 ἁμαρτίαν
3172 2814 3418 2885 βούλεται
3453 2814 3714 2887 μηνύειν

354 2972 359 2977 .
474 2922 532 2976 in
565 2936 666 2977 nos
700 2920 975 2978 invectum
998 2929 1139 2979 est:
1192 2903 1262 2979 es
1320 2938 1451 2994 quo,
1509 2903 1608 2980 ceu
1660 2903 1787 2981 novi
1817 2927 1937 2998 quid

2137 2903 2206 2981 ἦς
2238 2909 2323 2979 δὴ,
2354 2907 2607 2979 καθάπερ
2638 2907 2993 2980 βλαστήματα
3038 2906 3152 2973 νέα,
3179 2908 3230 2960 οἱ
3271 2907 3537 2979 φιλήδονοι
3585 2908 3719 2980 περὶ

480 3013 684 3068 surculi
713 3013 1032 3084 voluptaria:
1067 3028 1167 3071 nos
1196 3013 1579 3086 cogitationes,
1642 3031 1739 3072 ceu
1801 3020 2033 3089 agmine,

2138 3003 2286 3073 ἡμᾶς
2329 3002 2415 3055 ἀεὶ
2455 3000 2705 3072 λογισμοὶ
2737 3000 3100 3054 συνίστανται.
3136 3000 3302 3053 Δισσέι
3342 2999 3452 3070 γὰρ
3495 3002 3554 3053 ἐν
3577 3002 3720 3071 ἡμῖν

471 3104 830 3157 circumstant
851 3116 1067 3172 semper
1088 3108 1143 3158 et
1170 3100 1444 3157 obsident.
1492 3100 1588 3158 Est
1619 3103 1766 3158 enim
1795 3104 1851 3158 in
1877 3104 2035 3160 nobis

2137 3092 2413 3165 λογισμῶν
2455 3092 2622 3164 γένηο
2670 3091 2731 3146 τὸ
2759 3091 2860 3163 μὲν
2889 3091 2998 3146 ἀπὸ
3032 3091 3134 3162 τῆς
3161 3090 3451 3160 ἐπιθυμίας
3481 3092 3578 3161 τῆς
3612 3092 3719 3162 ἐμ-

471 3196 672 3267 duplex
705 3194 1100 3267 cogitationum
1134 3210 1307 3266 genus
1338 3212 1354 3250 :
1390 3194 1539 3250 aliud
1565 3196 1711 3267 quod
1766 3211 1833 3252 ex
1879 3199 2035 3268 cupi-

2137 3184 2482 3256 φωλευούσης
2527 3185 2585 3238 ἐν
2638 3182 2717 3255 τῷ
2770 3182 2981 3254 σώματι
3031 3182 3433 3254 συνιστάμενον,
3483 3183 3604 3253 ἥτις
3654 3184 3717 3251 ἐξ

470 3286 639 3342 ditate
664 3285 782 3352 illa,
808 3285 1058 3341 latitante
1080 3284 1138 3338 in
1167 3298 1398 3355 corpore
1438 3284 1668 3340 excitari
1715 3286 1885 3353 solet;
1915 3302 2037 3356 qua!

2135 3277 2396 3341 ἐπινοίας,
2426 3276 2503 3340 ὡς
2531 3275 2688 3345 ἔφην,
2725 3274 2951 3346 συνέστη
2994 3272 3089 3329 τοῦ
3136 3273 3321 3329 ὑλικοῦ
3366 3273 3712 3345 πνεύματος

470 3374 748 3439 nimirum,
805 3382 862 3429 ut
904 3373 1038 3440 dixi,
1069 3389 1100 3428 a
1136 3373 1329 3431 fraude
1372 3374 1709 3445 artiﬁcioque
1766 3378 2032 3447 procedit,

2134 3368 2197 3422 τὸ
2218 3367 2276 3421 δὲ
2304 3368 2410 3421 ἀπὸ
2439 3366 2534 3421 τοῦ
2562 3367 2727 3438 νόμου
2756 3367 2850 3421 τοῦ
2876 3365 3019 3421 κατὰ
3050 3366 3149 3438 τὴν
3173 3365 3412 3437 ἐντολὴν,
3441 3365 3499 3418 ὃν
3537 3365 3716 3437 ἔμφυ-

469 3465 670 3521 addicti
695 3465 934 3521 materia:
961 3465 1187 3536 spiritus
1217 3464 1364 3536 (47);
1401 3465 1547 3521 aliud
1572 3474 1774 3530 autem,
1804 3466 1947 3537 quod
1967 3482 2034 3522 ex

2135 3478 2227 3515 τον
2257 3456 2523 3533 ἐλάϐομεν
2547 3460 2691 3533 ἔχειν
2715 3461 2809 3515 καὶ
2842 3460 3068 3531 φυσικὸν
3103 3460 3266 3530 νόμον
3293 3459 3428 3531 πρὸς
3460 3458 3522 3512 τὸ
3546 3458 3718 3515 καλὸν

469 3558 588 3629 lege
622 3556 864 3611 mandati
889 3556 1171 3612 derivatur
1210 3576 1224 3613 :
1266 3559 1406 3629 lege,
1440 3559 1687 3629 inquam,
1731 3558 1844 3622 illa,
1872 3574 2032 3630 quam

2134 3553 2290 3626 ἡμῶν
2320 3553 2662 3625 ἐξεγείροντα
2693 3553 2783 3607 τὸν
2815 3551 3258 3624 λογισμόν.”οθεν
3302 3554 3368 3622 τῇ
3418 3550 3515 3622 μὲν
3547 3567 3715 3622 νομο-

471 3648 694 3704 insitam
747 3654 801 3703 et
847 3662 878 3700 a
932 3659 1127 3702 natura
1162 3649 1458 3720 ingenitam
1516 3649 1800 3705 hausimus
1839 3668 1852 3703 :
1888 3651 1941 3704 in
1979 3649 2033 3703 id

2136 3647 2290 3718 θεσίᾳ
2334 3646 2426 3700 τοῦ
2474 3646 2608 3699 Θεοῦ
2653 3644 2792 3699 κατὰ
2833 3645 2924 3698 τὸν
2973 3644 3098 3699 νοῦν
3144 3644 3509 3717 συνηδόμεθα’
3553 3643 3718 3698 τοῦτο

469 3738 711 3791 animum
735 3736 1059 3792 excitantem
1091 3746 1607 3810 provocantemque,
1646 3740 1793 3810 quod
1821 3747 1903 3794 est
1929 3740 2033 3793 hoc

2133 3737 2241 3810 γὰρ
2271 3740 2299 3791 ὁ
2327 3738 2434 3791 ἔσω
2462 3737 2744 3809 ἄνθρωπος
2763 3753 2776 3768 ·
2817 3740 2883 3809 τῇ
2925 3736 2982 3790 δὲ
3029 3736 3318 3808 νομοθεσίᾳ
3342 3735 3434 3790 τοῦ
3462 3735 3714 3790 διαϐόλου

469 3837 708 3885 nestum.
769 3828 848 3883 Eo
894 3829 972 3894 tit,
1014 3838 1073 3885 ut
1123 3836 1308 3887 mente
1340 3830 1556 3900 quidem
1592 3830 2034 3886 condelectemur

2132 3828 2275 3882 κατὰ
2302 3828 2398 3900 τὴν
2428 3830 2739 3883 ἐνοικοῦσαν
2766 3829 3056 3900 ἐπιθυμίαν
3097 3832 3154 3883 ὲν
3198 3832 3264 3900 τῇ
3308 3828 3489 3901 σαρκί.
3505 3829 3562 3881 '0
3596 3827 3714 3898 γὰρ

472 3922 576 3993 legi
599 3920 694 3977 Dei
728 3939 744 3977 :
776 3921 880 3975 hoc
903 3923 1047 3976 enim
1069 3928 1153 3978 est
1180 3920 1345 3976 homo
1376 3921 1466 3977 ille
1504 3922 1735 3977 interior
1766 3941 1779 3976 :
1817 3923 2031 3992 cupidi-

2134 3919 2683 3992 ἀντιστρατευόμενος
2734 3921 2829 3975 καὶ
2876 3920 3256 3991 ἀντιπράσσων
3301 3918 3379 3989 τῷ
3419 3920 3567 3990 νόμῳ
3610 3917 3713 3974 τοῦ

471 4021 585 4068 tate
606 4022 789 4068 autem
821 4029 941 4084 quae
968 4013 1178 4069 habitat
1216 4013 1276 4068 in
1306 4028 1492 4077 carne,
1528 4012 1632 4083 legi
1667 4012 1889 4069 diaboli.
1908 4013 2034 4069 Haec

2133 4008 2287 4073 Θεοῦ,
2316 4004 2427 4062 οἷον
2469 4012 2535 4081 τῇ
2582 4010 2717 4081 πρὸς
2754 4009 2816 4063 τὸ
2844 4009 3046 4079 ἀγαθὸν
3080 4011 3223 4082 ὁρμῇ
3253 4008 3346 4063 τοῦ
3373 4009 3511 4073 νοὸς,
3543 4009 3714 4074 αὑτός

469 4104 615 4159 enim
644 4119 708 4160 ea
733 4103 817 4161 lex
850 4114 935 4161 est
969 4105 1110 4177 (48),
1142 4120 1269 4160 cum
1320 4105 1503 4159 divina
1555 4119 1825 4174 pugnans,
1874 4106 2034 4176 eique

2133 4101 2298 4165 ἐστιν,
2328 4103 2357 4155 6
2381 4100 2506 4165 τοὺς
2531 4099 2795 4172 ἐμπαθεῖς
2818 4100 3073 4173 ἀναφύων
3095 4102 3182 4156 ἀεὶ
3212 4102 3305 4155 καὶ
3324 4100 3540 4166 ὑλικοὺς
3568 4097 3712 4173 πρὸς

467 4195 764 4263 resistens;
808 4195 886 4249 illi
927 4196 1186 4250 nimirum
1241 4196 1442 4253 mentis
1477 4195 1535 4250 in
1573 4196 1799 4258 bonum,
1834 4195 2034 4266 impul-

1244 4196 1442 4253 mentis
1477 4195 1535 4250 in
1573 4196 1799 4258 bonum,
1834 4195 2034 4266 impul-
2133 4191 2363 4264 ἀνομίαν
2395 4191 2827 4263 περισπασμούς.

468 4288 645 4356 sioni;
676 4303 798 4359 qua:
827 4288 1057 4345 vitiosas
1091 4288 1541 4360 fmculentasque,
1566 4296 1620 4344 et
1653 4286 1723 4343 ad
1768 4287 2033 4360 improbi-

465 4386 631 4436 tatem
659 4380 954 4453 dissipatas
979 4380 1342 4454 cogitationes
1363 4382 1639 4454 producit.
2061 4391 2105 4447 ι)

532 4489 619 4545 ιιι.
645 4490 923 4563 Siquidem
950 4491 1245 4563 Apostolus
1297 4500 1410 4549 tres
1457 4493 1681 4548 omnino
1731 4492 1876 4565 leges
1925 4491 2027 4548 hoc

2201 4492 2277 4548 I".
2294 4493 2454 4564 Τρεῖς
2468 4492 2576 4565 γὰρ
2595 4493 2790 4565 νόμους
2803 4495 3188 4567 ὑποτιθέμενος
3204 4499 3233 4549 6
3245 4495 3451 4561 Παῦλος
3474 4498 3710 4568 ἀναφαν-

465 4582 665 4641 inloco
685 4585 1003 4642 distinxisse
1035 4585 1323 4641 manifeste
1374 4584 1607 4640 videtur.
1644 4582 1763 4639 Una
1798 4585 1891 4639 illa
1917 4590 2021 4650 est,

2130 4581 2219 4636 δὸν
2246 4581 2480 4636 ἐνταῦθά
2510 4601 2597 4655 μοι
2629 4585 3182 4653 καταφαίνεται.Ἔνα
3205 4587 3301 4658 μὲν
3334 4587 3475 4642 κατὰ
3513 4587 3573 4641 τὸ
3600 4587 3711 4660 εμ-

458 4675 616 4746 juxta
650 4676 873 4732 insitum
915 4676 1076 4735 nobis
1117 4677 1347 4744 bonum,
1400 4691 1563 4749 quam
1612 4684 1800 4748 aperte
1849 4676 2020 4746 legem

2129 4691 2294 4744 φυτον
2343 4675 2401 4728 ἐν
2443 4676 2572 4747 ἡμῖν
2603 4675 2825 4744 ἀγαθὸν,
2853 4677 2911 4731 ὃν
2945 4679 3039 4731 καὶ
3071 4680 3231 4751 νόμον
3257 4679 3441 4749 σαφῶς
3468 4678 3704 4736 ἐκάλεσε

535 4850 583 4885 ⁸⁸
611 4851 913 4924 ΕρΙιεε.’νι,
939 4854 1029 4920 il,
1071 4853 1266 4909 13.17.
1342 4853 1387 4885 ⁸⁸
1417 4850 1481 4906 11
1508 4850 1633 4907 Cor.
1668 4867 1724 4915 ι,
1754 4850 1808 4907 5.
1883 4850 1931 4884 ⁸⁸
1955 4849 2118 4920 Ephes

1421 4850 1481 4906 II
1508 4850 1633 4907 Cor.
1668 4867 1724 4915 ι,
1754 4850 1808 4907 5.
1883 4850 1931 4884 ⁸⁸
1955 4849 2142 4920 Ephes.
2173 4865 2248 4918 vn,
2280 4850 2368 4904 12.
2444 4850 2488 4882 ⁸⁷
2510 4849 2660 4906 Rom.
2690 4866 2786 4917 vn,
2829 4850 3004 4907 15-17.

533 5009 649 5081 (46)
682 5009 771 5081 Sic
797 5012 934 5067 enim
976 5011 1161 5066 seditio
1204 5010 1426 5079 con/lari
1456 5010 1624 5078 capit.
1670 5009 1865 5073 Στάσις
1906 5008 2021 5081 ίένέ-
2126 5009 2281 5076 illud,
2309 5009 2537 5081 concreti
2583 5024 2702 5063 cum
2729 5009 2974 5076 materia,
2997 5007 3243 5078 Petavii;
3275 5018 3335 5066 ut
3362 5017 3416 5066 et
3441 5025 3707 5079 corpora-

460 5079 597 5151 πεσε
619 5095 632 5108 ·
666 5080 814 5151 velut
847 5082 1007 5136 irruit
1036 5101 1050 5136 :
1091 5083 1305 5151 justum
1332 5081 1489 5149 plane
1510 5081 1786 5150 praemium
1844 5080 2020 5151 rebe|_-
2124 5081 2213 5143 lis,
2247 5079 2476 5151 Schotti.

461 5149 625 5222 lienis
653 5150 709 5203 in
751 5150 941 5207 Deum.
977 5146 1249 5221 interpres
1282 5146 1457 5204 Photii
1508 5146 1664 5204 aliter
1705 5149 1913 5220 accepit
1961 5149 2020 5202 τὸ
2196 5152 2308 5221 (48)
2350 5149 2475 5205 ch
2499 5149 2633 5222 enim
2668 5148 2843 5222 cales:
2865 5159 2962 5204 est.
2990 5146 3229 5222 Referre
3279 5151 3471 5222 legem,
3500 5158 3551 5207 et
3577 5151 3713 5222 ipse

462 5217 668 5292 στάσις,
702 5235 800 5292 pro
828 5231 970 5292 statu
996 5240 1009 5274 :
1041 5217 1140 5275 sed
1154 5222 1347 5292 minus
1374 5222 1667 5292 congruit,
1696 5290 1725 5292 Η
1790 5290 1798 5292 Α
1837 5217 1853 5220 ’
2126 5217 2434 5292 contextus,
2457 5226 2511 5274 et
2535 5221 2711 5292 littera
2739 5218 3024 5292 Epiphanii
3052 5236 3157 5292 qua
3180 5217 3528 5292 inprimitur,
3556 5217 3711 5281 satis

531 5289 645 5357 (47)
681 5288 723 5340 Α
750 5288 934 5355 fraude
967 5291 1294 5360 artiﬁcioque
1330 5288 1563 5360 procedit
1600 5290 1801 5343 addicti
1848 5297 2017 5360 mate-
2128 5289 2325 5344 docent
2359 5306 2372 5342 :
2412 5306 2585 5358 eoque
2616 5288 2875 5345 Scliottus
2899 5288 3081 5345 minus
3100 5291 3235 5345 bene
3252 5288 3459 5346 'retulit
3481 5293 3547 5345 ad
3572 5292 3710 5346 dia-

462 5357 569 5432 τεῳ-
586 5360 824 5432 spiritus.
852 5360 955 5432 flii
981 5357 1220 5424 ἐπινοίας
1252 5359 1346 5413 τοῦ
1373 5359 1555 5432 ὑλωιοῦ
1580 5360 1905 5430 πνεύματος.
1936 5358 2022 5413 ln-

2127 5360 2309 5432 bolum
2337 5360 2451 5432 sub,
2486 5357 2965 5432 diabolimomine
2996 5378 3010 5414 :
3047 5360 3324 5432 hactenus
3340 5361 3483 5415 enim
3517 5363 3706 5432 legem

463 5427 652 5501 telligii
685 5429 978 5501 diabolum,
1010 5446 1168 5501 quem
1219 5428 1484 5501 superius
1519 5445 1644 5501 cum
1678 5427 2019 5501 Athenagora
2128 5430 2229 5501 legi
2258 5431 2502 5500 ορροιιίι,
2527 5429 2758 5501 subinde
2784 5430 3133 5500 expositurus
3180 5441 3234 5486 et
3279 5431 3548 5487 divisione
3574 5427 3710 5489 ἀε-

460 5497 599 5552 dixit
651 5497 864 5570 πνεῦμα
910 5497 1040 5569 περῖ
1080 5500 1177 5624 ego
1234 5497 1366 5573 ὓλην
1417 5500 1705 5571 γενόμενον
1771 5497 2018 5553 ὑπὺῒτοῦ

460 5567 615 5622 Θεοῦ.
645 5566 805 5624 Velut
852 5584 975 5623 cum
1001 5585 1106 5624 uua
1148 5587 1232 5624 am
1268 5572 1589 5624 habitudine
1618 5571 1683 5624 ad
1713 5569 2016 5624 materiam.

1417 5500 1705 5571 γενόμενον
1771 5500 1873 5553 ὑπὸ
1895 5497 2018 5553 *τοῦ
2125 5497 2450 5562 claraturus,
2476 5500 2785 5569 hujusmodi
2817 5497 2980 5571 leges.

1398 5572 1589 5624 tudine
1618 5571 1683 5624 ad
1713 5569 2016 5624 materiam.
2200 5568 2308 5624 (49)
2327 5571 2543 5624 Καλός.
2575 5571 2658 5623 Al.
2689 5570 2873 5624 καλόν.

391 5581 394 5584 ’
460 5567 619 5641 Θεοῦ.
645 5566 805 5641 Velut
852 5566 1232 5640 cum—quadam
1268 5566 1589 5641 habitudine
1618 5571 1683 5625 ad
1713 5569 1974 5625 materian

1289 5566 1589 5641 labituditie
1618 5571 1683 5625 ad
1713 5569 2016 5630 materiam,
2178 5568 2308 5641 ,(49)
2327 5566 2658 5637 Eulog—Al.
2689 5570 2872 5641 καλόν.

459 5646 514 5693 et
548 5636 622 5692 illi
654 5640 950 5707 addictum,
985 5636 1031 5694 a'
1055 5642 1350 5698 creatione.
1376 5640 1690 5698 Plusculum
1725 5640 1866 5696 forte
1887 5641 2018 5694 dicit

2010 5650 2018 5693 ;
2197 5636 2307 5712 (50)
2330 5636 2735 5709 Πολύτροπος.
2769 5640 2989 5712 Epiph.,
3016 5656 3075 5696 n.
3103 5640 3193 5707 60,
3230 5639 3593 5705 πολύπλοκος.

2044 5765 2075 5772 ι
