4010 6328
264 380 373 436 505

1352 382 1446 438 EX
1484 383 1690 441 LIBRO
1730 382 1815 438 DE
1851 380 2451 440 RESURRECTIONE.

3400 376 3506 432 δυθ

261 498 548 562 νοός.Ἕνα
570 496 631 550 δὲ
661 494 754 552 τὸν
785 497 853 552 ὲκ
900 498 1200 571 προσϐολῆς
1251 501 1635 573 συνιστάμενον
1682 502 1837 573 νόμον

1949 502 2147 559 mentis
2169 501 2426 573 appellat.
2458 497 2641 554 Altera
2672 503 2755 552 est
2783 509 2904 568 quae
2950 508 3019 551 ex
3048 492 3367 565 nequissimi
3401 495 3503 548 imo

260 590 356 646 τοῦ
390 588 657 662 πονηροῦ,
688 589 781 644 καὶ
810 592 890 655 εἰς
918 590 1019 655 τὰς
1045 591 1312 663 ἐμπαθεῖς
1341 593 1626 658 ἐξέλκοντα
1659 596 1848 651 πολλά-

260 700 347 746 κις
397 680 703 751 φαντασίας
755 681 853 753 τὴν
903 681 1100 753 ψυχὴν,
1142 683 1201 736 ὃν
1245 684 1729 756 ἐπιστρατεύεσθαι
1769 688 1846 760 τῷ

259 775 422 842 νόμῳ
449 772 558 827 τοῦ
583 773 727 840 νοὸς
754 772 879 844 ἐφη.
913 773 1023 827 Καὶ
1048 773 1230 846 τρίτον
1275 774 1414 829 κατὰ
1445 776 1543 849 τὴν
1570 779 1846 851 ἁμαρτίαν

257 866 321 917 ἐκ
372 864 473 934 τῆς
516 864 813 935 ἐπιθυμίας
843 863 1183 937 σκιρὼσαντα
1218 866 1330 937 (51)
1377 868 1435 920 ἐν
1466 871 1530 939 τῇ
1566 870 1746 942 σαρκὶ,
1786 869 1845 924 ὃν

257 954 553 1024 ἁμαρτίας
600 955 791 1024 νόμον
817 953 1097 1008 οἰκοῦντα
1134 955 1204 1008 ἐν
1231 954 1355 1021 τοῖς
1375 955 1631 1026 μέλεσιν
1657 955 1848 1024 ἐκάλε-

259 1063 352 1100 σεν
377 1064 391 1077 ·
422 1039 468 1114 ᾧ
488 1046 857 1118 ἐποχούμενος
878 1046 1136 1111 πολλάκις
1164 1046 1287 1100 καθ’
1302 1049 1335 1118 ἡ
1344 1048 1460 1119 μῶν
1475 1048 1843 1118 ὲγκελεύεται,

258 1135 399 1209 πρὸς
426 1134 648 1189 ἀδικίαν
683 1136 778 1189 καὶ
809 1134 1038 1207 πράξεις
1066 1134 1404 1191 συνελαύνων
1436 1138 1632 1203 κακὰς.
1660 1138 1849 1194 Φαίνε-

254 1244 344 1281 ται
371 1226 484 1299 γὰρ
504 1226 582 1290 ὡς
613 1227 828 1291 ἑαυτοῖς
855 1229 986 1300 ἡμῖν
1012 1226 1074 1281 τὸ
1107 1228 1207 1301 μὲν
1236 1228 1466 1300 βέλτιον,
1496 1231 1557 1284 τὸ
1584 1230 1642 1285 δὲ
1666 1233 1847 1306 χεῖρον

254 1321 335 1374 δν.
374 1319 491 1374 Καὶ
524 1321 652 1375 ὅταν
692 1320 861 1394 μέλλῃ
906 1321 967 1374 τὸ
1014 1320 1223 1392 βέλτιον
1267 1322 1425 1392 φύσει
1473 1322 1567 1377 τοῦ
1608 1324 1847 1396 χείρονος

255 1411 695 1484 ἐγκρατέστερον
721 1411 1035 1484 γενηθῆναι,
1074 1413 1298 1487 φέρεται
1328 1415 1448 1481 ὅλος
1472 1417 1606 1488 πρὸς
1628 1418 1688 1472 τὸ
1711 1420 1850 1488 ἀγα-

255 1504 346 1557 θὸν
389 1505 421 1557 ὁ
462 1503 628 1569 νοῦς⁸
672 1505 803 1559 ὅταν
835 1504 890 1558 δὲ
915 1506 977 1558 τὸ
1014 1509 1196 1579 χεῖρον
1237 1507 1490 1581 ἐπιϐρίσῃ
1526 1509 1845 1577 πλεονάσαν,

255 1597 446 1667 ἄγεται
477 1596 644 1652 πάλιν
675 1598 1043 1670 ἀντιστρόφως
1092 1600 1231 1672 πρὸς
1262 1598 1553 1673 λογισμοὺς
1600 1604 1848 1677 χείρονας

254 1690 284 1742 ὸ
315 1689 626 1762 ἄνθρωπος.
659 1681 735 1744 οὗ
776 1690 843 1763 δὴ
882 1690 979 1745 καὶ
1007 1692 1167 1764 χάριν
1208 1693 1238 1745 ὁ
1277 1693 1599 1759 ’Λπόστολος
1630 1694 1848 1767 εὔχεται

257 1781 527 1853 ρυσθῆναι
553 1822 570 1848 ,
623 1780 851 1835 θάνατον
902 1782 1034 1841 αὐτὸ
1092 1782 1186 1837 καὶ
1245 1782 1464 1855 ὄλεθρον
1510 1785 1842 1857 ἡγούμενος·

1946 595 2231 666 pressione
2256 592 2513 659 conﬂata,
2544 590 2600 645 in
2627 588 2853 645 vitiosas
2900 588 3098 657 saepius
3152 586 3510 657 cogitationes

1943 695 1998 743 et
2026 687 2343 757 phantasias
2387 687 2628 741 animum
2672 681 2919 753 conjicit,
2954 695 3118 752 quam
3167 679 3269 751 legi
3318 680 3508 734 mentis

1944 779 2216 833 adversari
2243 778 2404 834 dixit.
2461 775 2648 831 Tertia
2680 775 2921 836 demum,
2952 787 3073 842 quin
3100 786 3199 842 per
3231 781 3507 842 peccatum

1944 886 2007 925 ex
2032 870 2330 940 cupiditate
2354 870 2506 924 carni
2531 866 2821 935 occalluit;
2870 881 3035 937 quam
3068 864 3179 930 ille,
3209 863 3367 935 legem
3399 879 3513 934 pec-

1944 962 2052 1016 cati
2083 961 2412 1016 habitantem
2445 962 2501 1015 in
2529 959 2777 1014 membris
2836 958 3058 1022 nostris,
3106 955 3323 1012 vocavit
3358 974 3373 1011 :
3421 954 3512 1010 cui

1945 1055 2111 1109 etiam
2142 1054 2423 1125 improbus
2456 1053 2547 1110 ille
2579 1052 2753 1109 hostis
2787 1051 3030 1108 insidens
3062 1049 3196 1121 (55),
3242 1062 3384 1120 saepe
3415 1045 3513 1102 ad-

1945 1162 2165 1203 versum
2185 1161 2286 1204 nos
2316 1146 2540 1212 excitat,
2572 1154 2735 1217 atque
2779 1144 2847 1199 ad
2892 1144 3219 1214 injustitiam
3254 1142 3512 1199 scelesta-

1946 1256 2052 1311 que
2086 1240 2327 1295 facinora
2357 1239 2653 1309 compellit.
2686 1237 2819 1292 Nam
2851 1237 3010 1308 quasi
3054 1236 3213 1292 nobis
3238 1234 3372 1307 ipsis
3398 1233 3511 1306 (54)

1945 1331 2093 1385 aliud
2125 1346 2248 1387 esse
2272 1330 2512 1395 videtur,
2540 1329 2686 1400 quod
2721 1329 2793 1385 sit
2818 1328 3034 1392 melius,
3072 1328 3221 1383 aliud
3244 1328 3389 1398 quod
3425 1327 3512 1382 de-

1948 1421 2119 1476 terius
2145 1420 2237 1476 sit.
2265 1418 2514 1490 Cumque
2535 1420 2589 1475 id
2619 1418 2762 1490 quod
2787 1427 2983 1474 natura
3005 1418 3221 1482 melius,
3256 1417 3512 1473 deteriori

1945 1512 2226 1585 potentius
2255 1527 2380 1569 esse
2411 1512 2683 1577 debuerit,
2719 1526 2872 1566 mens
2918 1518 3032 1566 tota
3064 1511 3185 1580 ipso
3221 1510 3426 1579 impetu
3456 1509 3513 1564 in

1949 1605 2155 1659 bonum
2192 1601 2387 1658 fertur.
2426 1601 2564 1658 Cum
2595 1609 2776 1657 autem
2808 1600 2863 1655 id
2896 1600 3040 1671 quod
3069 1606 3154 1654 est
3182 1599 3359 1670 pejus,
3381 1613 3514 1655 exu—

1946 1697 2145 1753 berans
2171 1711 2272 1752 suo
2288 1695 2530 1767 pondere
2556 1694 2912 1766 depresserit,
2934 1701 3049 1749 tum
3078 1693 3296 1749 demum
3320 1708 3387 1747 ex
3414 1692 3514 1746 ad—

1946 1803 2107 1845 verso
2135 1788 2192 1843 in
2220 1788 2520 1845 deteriores
2545 1788 2904 1859 cogitationes
2944 1800 3185 1856 praeceps
3239 1787 3421 1856 agitur
3450 1799 3514 1840 ac

256 1871 443 1944 ὥσπερ
477 1872 544 1944 δὴ
569 1873 665 1927 καὶ
697 1874 726 1927 ό
753 1874 1043 1946 προφήτης
1062 1890 1077 1906 ⁸
1131 1875 1266 1930 Ἀπὸ
1290 1876 1408 1929 τῶν
1434 1878 1701 1948 κρυφίων
1726 1897 1837 1950 μου

1949 1882 2201 1936 trahitur.
2234 1879 2413 1953 Atque
2437 1896 2502 1937 ea
2539 1896 2706 1935 causa
2750 1887 2836 1935 est
2864 1896 2965 1934 cur
3001 1877 3321 1949 Apostolus,
3366 1892 3515 1931 mor-

255 1963 595 2033 καθὰρισόν
623 1982 721 2035 με,
753 1964 945 2035 λέγων.
978 1966 1127 2021 Δὺτὰ
1171 1963 1266 2022 οὖν
1306 1968 1375 2022 τὰ
1428 1971 1647 2042 ῥήματα
1685 1972 1843 2026 τοῦτο

259 2056 551 2108 σννιστῶσι
574 2072 589 2086 ⁸
622 2054 965 2126 Συνήὼμαι
990 2058 1100 2135 γᾴρ
1131 2056 1210 2124 τῷ
1240 2061 1401 2129 νόμῳ
1424 2061 1531 2114 τοῦ
1571 2062 1719 2117 Θεοῦ
1741 2079 1844 2117 κα·-

256 2148 322 2200 τὰ
345 2147 455 2199 τὸν
478 2146 627 2210 ἔσω,
659 2146 927 2215 λέγοντος,
952 2148 1268 2217 ἄνθρωπον
1286 2168 1298 2181 ·
1332 2150 1543 2216 ,ϐλέπω
1566 2152 1619 2207 δ’
1641 2153 1843 2224 ἕτερον

254 2239 438 2308 νόμον
466 2237 597 2303 τοῖς
623 2237 839 2307 μέλεσι
858 2257 996 2309 μου,
1020 2241 1630 2315 ἁντιστρατεϋόμενον
1648 2246 1730 2313 τῷ
1750 2249 1844 2302 νό-

255 2348 342 2398 μῳ
367 2329 475 2383 τοῦ
506 2331 651 2397 νοός
670 2349 813 2400 μου,
849 2332 945 2386 καὶ
970 2336 1481 2404 αἰχμαλωτίζοντά,
1492 2356 1569 2407 με
1587 2337 1668 2405 τῷ
1681 2339 1841 2408 νόμῳ

257 2440 359 2489 της
374 2422 695 2492 ἁμαρτίας,
722 2422 801 2489 τῷ
830 2423 955 2478 ὄντι
984 2426 1054 2479 ἐν
1083 2426 1206 2494 τοῖς
1221 2428 1441 2498 μέλεσι
1463 2448 1605 2498 μου.
1638 2431 1842 2485 Ταλαι-

256 2533 445 2585 εεωρος
472 2517 593 2587 ἐγὼ
625 2517 970 2585 ἄνθρωπος]
1009 2520 1100 2587 Τίς
1121 2538 1199 2590 με
1218 2523 1470 2590 ῥύσεται
1498 2524 1565 2577 ἐκ
1588 2524 1693 2578 τοῦ
1724 2522 1841 2578 σώ-

256 2627 432 2679 ματος
466 2610 577 2665 τοῦ
612 2610 874 2666 θανάτου
906 2613 1119 2667 τούτου
1138 2630 1157 2679 ;
1184 2614 1257 2668 Οὐ
1302 2614 1363 2668 τὸ
1409 2614 1569 2686 σῶμα
1611 2615 1839 2670 θάνατον

258 2703 714 2775 ἀποφαινόμενος,
749 2702 886 2758 ἀλλὰ
912 2705 1003 2758 τὸν
1032 2705 1198 2777 νόμον
1227 2706 1329 2778 τῆς
1360 2707 1632 2780 ἁμαρτίας
1660 2708 1751 2763 τὸν
1780 2709 1839 2762 ἐν

257 2798 363 2860 τοῖς
393 2796 608 2867 μέλεσι,
636 2795 722 2849 διὰ
750 2795 850 2867 τῆς
884 2796 1248 2868 παραϐάσεως
1294 2799 1353 2853 ἐν
1386 2801 1519 2871 ἡμῖν
1560 2800 1840 2871 ἐμφωλεύ-

259 2906 399 2951 οντα,
423 2890 525 2944 καὶ
556 2888 696 2961 πρὶς
726 2889 955 2944 θάνατον
976 2891 1063 2944 ἀεὶ
1090 2890 1229 2963 [τὸν]
1258 2892 1354 2963 τῆς
1382 2891 1597 2957 ἀδικίας
1618 2892 1716 2964 τὴν
1737 2892 1841 2962 ψυ-

260 2980 355 3052 χὴν
403 2981 1141 3055 ἐμφαντάζοντα.Ἒπιφέρει
1186 2981 1318 3053 γοῦν
1366 2984 1589 3049 εὐθέως,
1645 2984 1838 3057 ἀμέλει

262 3071 624 3143 διαλπμενος,
658 3074 841 3128 ὁποίου
886 3074 1115 3129 Θανάτου
1158 3074 1401 3146 ἐγλίχετο
1432 3075 1715 3148 ῥυσθῆναι,
1745 3076 1839 3129 καὶ

263 3167 345 3229 τίς
371 3165 528 3220 αὺτὸν
558 3169 587 3221 ὁ
618 3168 882 3239 ῥυόμενος
907 3163 973 3240 ἦν
999 3185 1012 3199 ·
1044 3168 1225 3237 Χάρις
1253 3167 1322 3222 δὲ
1344 3167 1422 3234 τῷ
1456 3167 1578 3234 Θεῷ
1606 3167 1703 3223 διὰ
1730 3167 1838 3222 τοῦ

1949 1980 2057 2027 tem
2084 1971 2376 2041 quamdam
2410 1979 2465 2026 et
2508 1970 2737 2026 exiliunt
2780 1984 2892 2025 rem
2927 1968 3248 2029 arbitratus,
3297 1965 3513 2021 liberari

1948 2080 2009 2120 se
2055 2070 2241 2134 optet;
2290 2061 2752 2133 quemadmodum
2820 2060 2987 2117 etiam
3039 2058 3334 2132 Propheta,
3387 2072 3514 2112 cum

1948 2155 2024 2210 ait
2046 2155 2140 2210 “:
2183 2154 2262 2208 Ab
2309 2154 2527 2210 occultis
2589 2154 2715 2208 meis
2774 2151 2970 2206 munda
3036 2169 3133 2207 me.
3184 2149 3332 2208 liud
3368 2149 3515 2205 enim

1945 2249 2111 2304 verba
2138 2248 2256 2318 ipsa
2285 2263 2396 2319 prae
2426 2264 2485 2303 se
2511 2246 2693 2303 lerunt
2732 2266 2745 2302 :
2780 2246 3123 2302 Condelector
3151 2246 3313 2309 enim,
3338 2244 3517 2314 inquit

1948 2334 2016 2401 ",
2052 2335 2150 2407 legi
2170 2334 2267 2390 Dei
2286 2335 2570 2390 secundum
2594 2337 2891 2391 interiorem
2914 2337 3193 2389 hominem.
3225 2334 3385 2390 Video
3415 2350 3516 2389 au-

1948 2436 2051 2483 tem
2081 2428 2246 2482 aliam
2275 2427 2435 2499 legem
2457 2429 2514 2483 in
2540 2428 2787 2483 membris
2816 2430 2967 2492 meis,
3019 2437 3389 2498 repugnantem
3417 2428 3516 2501 legi

1947 2519 2133 2573 mentis
2162 2535 2311 2587 mem,
2332 2529 2383 2574 et
2409 2521 2762 2589 captivantem
2799 2537 2879 2575 me
2911 2520 3010 2591 legi
3040 2521 3265 2590 peccati,
3295 2537 3412 2590 qua:
3439 2530 3517 2575 est

1945 2612 1999 2666 in
2028 2612 2274 2667 membris
2296 2614 2447 2668 meis.
2473 2611 2675 2684 Infelix
2691 2630 2785 2684 ego
2812 2610 3004 2668 homo!
3047 2612 3177 2681 Quis
3207 2630 3286 2667 me
3326 2611 3517 2667 liberas

1945 2703 2021 2759 bit
2062 2703 2126 2759 de
2171 2720 2391 2775 corpore
2434 2707 2622 2760 mortis
2666 2706 2871 2776 hujus?
2930 2704 3142 2772 Quibus
3175 2720 3283 2760 non
3311 2719 3517 2774 corpus

1944 2808 2176 2853 mortem
2225 2798 2569 2867 pronuntiat,
2619 2798 2714 2853 sed
2746 2799 2953 2869 peccati
2997 2799 3167 2868 legem
3195 2811 3318 2868 quae
3343 2802 3428 2853 est
3461 2796 3515 2852 in

1945 2888 2226 2953 membris,
2261 2888 2319 2943 in
2360 2890 2563 2960 quibus
2590 2906 2620 2943 a
2652 2890 2854 2944 violato
2885 2888 3142 2943 mandato
3185 2903 3285 2943 ceu
3315 2888 3517 2944 latibu-

1944 2976 2057 3031 lum
2084 2977 2267 3044 habet,
2304 2994 2405 3035 nec
2444 2981 2689 3035 animum
2724 2980 2792 3035 ad
2821 2979 3105 3050 injustitia’:
3139 2987 3391 3044 mortem,
3419 2995 3515 3034 va~

1943 3070 2044 3126 riis
2092 3070 2417 3143 imaginibus
2464 3073 2763 3138 illudendo,
2796 3073 3015 3129 trahere
3061 3073 3280 3130 desinit.
3319 3071 3514 3129 Statim

1943 3176 2074 3233 ergo
2104 3162 2268 3218 infert
2297 3183 2310 3218 :
2346 3166 2604 3220 nimirum
2665 3166 3024 3236 quaestionem
3078 3165 3387 3221 dissolvens
3417 3163 3515 3220 de-

272 3258 465 3327 Ἰησοῦ
488 3258 770 3328 Χριστοῦ.
800 3259 1139 3331 Προσεκτέον
1161 3259 1239 3324 δὲ,
1266 3261 1315 3312 ει
1342 3260 1402 3313 τὸ
1430 3260 1588 3330 σῶμα
1611 3258 1837 3314 θάνατον

1941 3255 2266 3327 claransque
2288 3255 2401 3329 (55)
2430 3272 2537 3328 qua
2562 3265 2737 3314 morte
2764 3266 2988 3328 cuperet
3017 3256 3258 3320 liberari.
3278 3265 3331 3312 et
3355 3272 3386 3311 ει
3404 3271 3513 3327 quo

256 3351 428 3413 τοῦτο,
448 3345 496 3404 ὦ
532 3351 842 3422 Ἀγλαοφῶν
864 3352 996 3423 (52),
1018 3353 1095 3417 ὡς
1124 3352 1486 3425 ὑπειλήφατε,
1507 3354 1712 3424 ἔλεγεν,
1737 3355 1837 3408 οὐκ

257 3441 319 3493 ἂν
357 3443 452 3495 τὸν
495 3443 754 3514 Χριστὸν,
779 3442 856 3508 ὡς
905 3444 1168 3516 ῥυόμενον
1212 3445 1372 3500 αὐτὸν
1402 3445 1625 3519 ὕστερον
1650 3448 1714 3500 ἐκ
1742 3446 1836 3501 τοῦ

255 3534 496 3588 τοιούτου
543 3535 740 3601 κακοῦ,
789 3536 1225 3608 παρελάμϐανεν.
1244 3537 1397 3591 Ἐπεὶ
1438 3538 1491 3591 τί
1536 3538 1837 3612 παράδοξον

256 3629 354 3682 ἀπὸ
372 3627 472 3681 τοῦ
496 3628 735 3701 Χριστοῦ
760 3630 858 3701 τῆς
880 3630 1180 3702 παρουσίας
1203 3632 1516 3702 ἐσχήκαμεν
1539 3649 1554 3698 ;
1578 3633 1644 3685 Τί
1663 3632 1718 3685 δὲ
1742 3633 1836 3687 καὶ

256 3720 283 3772 ὁ
306 3720 630 3784 Ἀπόστολος
651 3721 809 3785 ὅλως,
833 3721 910 3786 ὡς
933 3721 1020 3775 διὰ
1038 3721 1139 3791 τῆς
1161 3722 1460 3794 παρουσίας
1482 3723 1578 3777 τοῦ
1599 3723 1833 3797 Χριστοῦ

256 3812 656 3884 δυναμούμενος
682 3811 773 3867 τοῦ
796 3812 1025 3866 Θανάτου
1054 3813 1160 3867 ὑπὸ
1181 3812 1274 3867 τοῦ
1295 3814 1430 3868 Θεοῦ
1471 3814 1833 3888 ἐλευθερωθῆ-

258 3921 356 3970 ναι,
369 3903 536 3958 τοῦτο
556 3904 854 3975 ἐφθέγγετο
869 3922 883 3935 ·
907 3905 1068 3958 ὁπότε
1088 3906 1223 3958 πᾶσι
1245 3905 1337 3959 καὶ
1358 3905 1464 3977 πρὸ
1483 3904 1577 3960 τοῦ
1597 3907 1689 3961 τὸν
1709 3908 1835 3980 Χρι-

259 3998 373 4052 στὸν
395 3997 577 4051 ἐλθεῖν
614 3998 696 4061 είς
718 3998 809 4052 τὸν
835 3998 1038 4068 κόσμον
1064 3997 1345 4054 συνέϐαινε
1367 3997 1650 4071 θνήσκειν;
1673 4000 1835 4053 ’Ὥστε

254 4090 312 4144 οὐ
346 4089 409 4144 τὸ
453 4089 620 4160 σῶμα
656 4087 836 4156 τοῦτο,
859 4082 904 4143 ὧ
936 4088 1270 4160 Ἀγλαοφῶν,
1297 4088 1544 4158 θάνατον,
1566 4089 1702 4146 ἀλλὰ
1736 4090 1837 4163 τὴν

317 4245 363 4278 ⁸⁸
386 4243 548 4301 Psal.
571 4259 729 4310 xvm,
761 4222 881 4300 13..
929 4243 974 4277 "
1008 4243 1163 4300 Rom.
1195 4244 1506 4311 “132-24.
1583 4245 1630 4279 "
1654 4244 1783 4300 ibid.
1812 4244 1904 4303 25.

304 4405 437 4491 ,(51)
471 4400 730 4471 Σκιρώσ.
752 4401 1165 4474 Σκιρρὡαντα.
1196 4402 1390 4473 Epiph.
1416 4418 1473 4457 n.
1504 4400 1594 4469 6i,
1656 4402 1835 4459 ἐνσκι-

332 4492 507 4530 σαντα
514 4516 529 4529 .

257 4494 529 4549 ρωσαντα.

321 4546 435 4616 (52)
483 4547 648 4615 Ἀτλ.
699 4542 903 4616 Sirm.,_
945 4542 1313 4616 ’Ayladgpwy,
1357 4550 1417 4598 ut
1469 4548 1631 4614 paulo
1676 4548 1823 4612 post.

256 4615 320 4669 At
350 4613 695 4685 Epiphanius
728 4613 973 4685 ubique,
994 4613 1331 4685 ’Aﬂamatbv.

321 4679 436 4753 (53)
459 4679 575 4740 ’δαὶ
595 4686 755 4740 etiam
786 4679 1170 4752 iuiprobusille
1205 4679 1380 4735 hostis
1405 4682 1684 4753 insidens.
1737 4679 1832 4753 Sic

255 4750 580 4826 ειτηερυά
625 4750 1010 4826 Epiphanium,
1067 4752 1355 4826 referendo
1388 4750 1689 4826 diabolum,
1738 4752 1832 4821 qui

258 4822 502 4882 invadat.
538 4842 604 4880 ac
635 4822 787 4880 velut
829 4825 1093 4893 inequitet
1124 4822 1430 4893 cupiditati.
1489 4822 1610 4893 ejus
1641 4822 1696 4876 in
1730 4837 1831 4878 nos

255 4905 438 4952 motus
472 4896 821 4951 inordinatus
855 4892 1212 4950 suecendens.
1250 4892 1385 4947 Male
1412 4908 1542 4963 ergo
1570 4892 1831 4963 Scitottus

254 4968 440 5021 retulit
477 4967 542 5021 ad
588 4967 887 5032 hominem,
932 4965 1053 5035 ipso
1098 4965 1261 5021 etiam
1314 4961 1650 5035 repugnante
1688 4961 1833 5019 Pho-

252 5037 403 5091 tiano
422 5046 705 5092 contextu.

322 5106 605 5179 (54)_Nan_t
635 5107 790 5179 quasi
836 5106 982 5179 nobis
1008 5106 1157 5175 ipsis.
1183 5176 1194 5179 _
1221 5104 1309 5179 Ὠς
1336 5105 1581 5179 ἑαυτοῖς,Δ
1612 5104 1735 5179 vel,
1770 5112 1831 5159 ut

254 5173 396 5247 apud
421 5173 668 5247 'Epiphf,
732 5176 808 5234 ὡς
838 5178 908 5247 (ἐν
964 5173 1096 5247 ἡμῖν
1138 5176 1339 5239 αὐτοῖς,
1373 5177 1541 5247 quod
1568 5175 1623 5229 in
1683 5173 1826 5247 idem

256 5244 416 5303 redit.
448 5244 935 5317 Significaturista
972 5244 1184 5300 bonitas
1233 5247 1315 5299 vel
1377 5245 1604 5317 malitia.
1656 5253 1736 5317 ut”
1770 5244 1824 5298 in

254 5320 414 5373 nobis
479 5312 542 5371 ac
592 5333 760 5388 penes
806 5316 1072 5384 judicium
1128 5324 1409 5388 nostrum.
1459 5312 1828 5388 sequentibus

255 5405 383 5443 vero
408 5385 635 5456 e'tpunit
658 5387 954 5442 discrimen
986 5392 1168 5456 motus
1198 5385 1451 5456 animiin
1474 5385 1530 5456 id
1552 5386 1697 5455 quod
1730 5401 1827 5439 na-

255 5469 374 5513 tura
397 5454 601 5512 bonum
627 5466 731 5518 est,
760 5466 811 5510 ct
840 5456 891 5509 id
924 5455 1067 5525 quod
1090 5464 1297 5510 tantum
1333 5455 1402 5509 ab
1428 5454 1712 5511 ell'ectioue
1740 5456 1827 5511 hic

252 5539 305 5584 et
345 5544 499 5584 nunc
518 5529 647 5583 boni
681 5528 944 5581 rationem
969 5525 1143 5580 induit
1176 5546 1189 5581 :
1224 5535 1282 5579 ut
1312 5527 1364 5579 in
1401 5525 1531 5580 illud
1563 5535 1711 5581 tutus
1747 5526 1824 5581 l'e-

254 5610 433 5666 ratur,
454 5600 601 5654 velut
630 5614 731 5653 suo
760 5598 874 5666 ipse
900 5595 1169 5666 pandere;
1218 5596 1273 5650 in
1295 5595 1426 5649 illud
1460 5598 1605 5650 velut
1638 5597 1825 5650 traha-

255 5678 345 5724 tur
378 5686 453 5724 ac
490 5670 543 5723 vi
577 5668 812 5739 quadam
866 5676 1056 5740 agatur
1086 5683 1099 5718 :
1128 5667 1233 5740 sic_
1258 5668 1403 5721 enim
1458 5667 1547 5721 illa
1598 5667 1822 5740 φέρεται

256 5750 309 5793 et
341 5742 560 5808 ἄγεται,
594 5737 805 5793 delectu
835 5737 1170 5807 signiﬁcant;
1192 5738 1306 5808 sive.
1359 5737 1690 5808 postremum
1740 5754 1824 5793 re-

261 5806 403 5865 ferat
426 5810 518 5865 τὸν
548 5810 693 5874 νοῦν,
727 5816 788 5862 ιιι
817 5806 992 5879 potest
1019 5807 1305 5879 commode
1330 5807 1470 5879 apud
1519 5806 1769 5879 Photium
1804 5826 1817 5863 :

262 5883 374 5937 sire
403 5881 497 5934 τὸν
525 5876 833 5952 ἄνθρωπον,
860 5885 919 5933 ιιι
938 5886 1019 5935 est
1047 5878 1187 5948 apud
1214 5877 1593 5951 Epiphanium.
1618 5876 1753 5933 Nam
1769 5887 1822 5935 et

1862 4589 1909 4645 Ι)

1941 3348 2257 3405 liberandus
2287 3359 2433 3406 esset
2466 3369 2478 3403 :
2514 3347 2727 3414 Gratia,
2763 3350 2961 3420 inquit,
3015 3350 3121 3404 Deo
3155 3349 3269 3422 (56)
3302 3365 3392 3418 per
3417 3346 3513 3404 Je-

1941 3462 2060 3501 sum
2089 3444 2361 3502 Christum
2390 3448 2462 3502 7°.
2498 3445 2710 3518 Quippe
2738 3445 3025 3517 diligenter
3071 3443 3508 3501 animadversum

1941 3539 2103 3596 velim
2139 3558 2153 3595 :
2189 3539 2237 3595 si
2271 3555 2471 3611 corpus
2492 3539 2618 3605 hoc,
2648 3546 2711 3594 ut
2733 3538 3081 3602 existimatis,
3114 3552 3148 3592 o
3170 3536 3508 3607 Aglaophon,

1941 3638 2172 3686 mortem
2232 3629 2486 3697 dixisset,
2544 3630 2966 3701 haudquaquam
3020 3628 3259 3693 Christi,
3317 3635 3377 3682 ut
3424 3627 3512 3683 sui

1941 3724 2291 3795 postmodum
2330 3724 2399 3780 ab
2437 3724 2706 3794 ejusmodi
2739 3723 2881 3779 malo
2910 3722 3243 3786 liberatoris,
3275 3721 3512 3777 mentio-

1939 3828 2065 3873 nem
2097 3815 2395 3872 facturum.
2431 3816 2649 3888 Alioqui
2684 3817 2829 3873 enim
2882 3815 3012 3886 quid
3046 3815 3206 3871 nobis
3238 3814 3514 3885 singulare

1941 3909 2270 3965 accessisset
2321 3907 2526 3965 Christi
2577 3908 2852 3964 adventu?
2906 3907 3050 3975 Quid
3109 3924 3241 3964 vero
3288 3906 3512 3967 omnino

1940 3998 2257 4070 Apostolus,
2297 3998 2455 4070 quasi
2488 3998 2694 4054 Christi
2728 3997 3018 4068 praesentia
3050 3997 3428 4061 coutirmatus,
3451 4002 3513 4050 ut

1946 4091 2039 4148 Dei
2072 4091 2336 4148 beneﬁcio
2361 4101 2592 4149 mortem
2620 4090 2760 4148 liber
2787 4089 3062 4155 evaderet,
3094 4087 3239 4146 istud
3268 4103 3514 4161 pronun-

1939 4400 2147 4472 homini
2182 4401 2477 4458 violentum
2505 4408 2611 4465 est,
2638 4400 2783 4472 quod
2803 4402 2939 4472 pejus
2971 4401 3165 4472 potiori
3211 4400 3375 4472 parti,
3411 4399 3508 4455 καὶ

1939 4471 2016 4542 τῷ
2040 4474 2096 4525 ὲν
2128 4472 2277 4543 αῷτῷ
2297 4470 2746 4543 ἡγεμονικῷνὶηι
2788 4470 2939 4543 fauit.
2972 4470 3506 4543 'Neutervinterpres

1938 4539 2072 4597 satis
2103 4539 2327 4598 videtur
2347 4539 2487 4595 hanc
2511 4539 2866 4598 Methodianm
2892 4542 3107 4611 phrasis
3134 4539 3200 4595 ad
3237 4541 3507 4595 intentum

1934 4612 2202 4683 Apostoli,
2231 4617 2615 4682 proprietatem
2644 4612 3004 4683 expressisse.

2009 4680 2772 4753 (55)Νἱίηὶνιιιηᾲφιιεδιὶοηεηι
2789 4681 3075 4753 dissolvens
3092 4680 3502 4753 rdeclaransgue,

1933 4751 2039 4808 etc.
2084 4752 2299 4822 Ἀμέλει
2332 4751 2699 4823 διαλυόμενος.
2733 4752 2792 4807 In
2830 4752 2972 4807 idem
3010 4752 3149 4806 redit
3200 4754 3341 4823 apud
3372 4751 3503 4821 Epi-

1934 4823 2192 4893 phanium
2239 4840 2295 4878 n.
2332 4822 2423 4886 62,
2469 4822 2530 4894 τό
2562 4823 2962 4894 διαλεγόμενος,
3001 4824 3147 4877 velut
3192 4822 3502 4894 edisserens.

1934 4894 2194 4965 Schottus
2216 4909 2345 4949 vero
2375 4893 2562 4965 nescio
2588 4910 2695 4963 qua
2721 4893 3031 4965 parenthesi
3049 4893 3501 4965 totuminvolvit,

1927 4963 2150 5036 jamque
2182 4972 2402 5034 repente
2448 4963 2737 5036 liberatum
2771 4963 2998 5036 Paulum
3033 4979 3194 5036 quem
3224 4963 3500 5036 hactenus

1931 5034 2299 5106 captivitatem
2344 5041 2660 5106 querentem
2695 5035 3016 5106 habuimus1
3051 5034 3282 5106 inducit.

2002 5102 2329 5186 (5§)_Gratia
2363 5102 2499 5160 Deo.
2537 5104 2747 5186 [labent
2782 5105 2944 5186 modo
2971 5104 3167 5186 .Graica
3196 5102 3504 5186 εὐχαριστῶ

1930 5174 2007 5247 τῷ
2038 5174 2177 5248 Θεῷ,
2213 5193 2314 5232 nec
2338 5188 2423 5233 est
2455 5176 2747 5233 verisimile
2781 5175 2949 5233 fuisse
2970 5177 3023 5230 in
3058 5177 3166 5231 illis
3203 5174 3498 5248 quidquam

1931 5244 2237 5301 mutatum:
2273 5262 2336 5303 ac
2361 5265 2459 5303 nec
2500 5255 2747 5302 nostrum
2783 5248 3132 5316 interpretem
3173 5244 3279 5303 sibi
3321 5244 3501 5316 indul-

1931 5317 2091 5380 sisse,
2122 5318 2267 5388 quod
2292 5320 2379 5373 hic
2410 5317 2691 5378 Schottus.
2724 5326 2781 5371 ut
2811 5315 2948 5386 grati
2982 5317 3150 5372 animi
3180 5315 3500 5388 expressio-

1929 5404 2052 5441 nem
2077 5385 2246 5452 illam,
2278 5390 2332 5443 in
2372 5388 2617 5444 beneﬁcii
2647 5385 3331 5443 assertionemmutaverit.
3367 5385 3502 5441 Cre-

1931 5457 2159 5529 diderim
2191 5474 2321 5529 ergo
2354 5459 2678 5521 reddidisse,
2712 5466 2768 5512 ut
2808 5458 3148 5513 Methodiana
3177 5457 3245 5512 ad
3274 5457 3498 5529 verbum

1927 5528 2168 5584 habent:
2209 5527 2394 5583 Gratia
2421 5530 2548 5587 Deo.
2582 5530 2725 5599 quod
2762 5531 3014 5594 subinde,
3035 5527 3501 5599 scriptorum__im-

1928 5601 2122 5669 peritia
2156 5607 2365 5653 mutato
2397 5618 2426 5655 ο
2458 5601 2511 5653 in
2545 5595 2804 5662 ifGratia
2846 5599 2940 5655 Dei
2995 5595 3197 5653 factum
3220 5598 3325 5669 sit.
3362 5595 3499 5669 Nam

1925 5666 1981 5724 et
2029 5669 2394 5742 Hieronymus
2437 5678 2632 5740 quaest.
2669 5671 2723 5742 8_.
2776 5670 2842 5724 ad
2888 5671 3164 5742 Algasiam
3215 5668 3289 5742 ita
3330 5666 3495 5742 legit;

1926 5755 2027 5864 pro
2055 5757 2163 5811 quo
2192 5732 2634 5822 postea_réperit,
2679 5739 2892 5822 Gratias
2936 5732 3031 5812 ago
3062 5740 3186 5795 Deo.
3228 5732 3407 5794 Plura'
3430 5732 3494 5793 F.

1974 5827 2102 5864 ucas
2141 5811 2452 5864 Bruacnsns.
2480 5811 2661 5864 Estius
2691 5821 2743 5864 ct
2766 5814 2876 5864 alit.

1974 5827 2102 5869 ucas
2141 5811 2452 5886 Brugcnsis,
2480 5811 2661 5868 Estius
2691 5821 2743 5868 et
2766 5813 2876 5866 alii.
