4010 6328
263 342 366 398 309

1364 342 1455 399 EX
1493 343 1698 400 LIBRO
1732 342 1820 398 DE
1857 342 2464 402 RESURRECTiONE.

3422 354 3527 411 MO

261 456 421 524 ὃγκον
455 455 557 526 τῆς
596 456 824 527 amaro;
856 459 1359 516 καταναλίσκουσιν.
1405 462 1600 533 Ἐχρῆν
1629 462 1759 534 γὰρ,
1800 479 1825 514 ε

1953 477 1983 515 a
2016 461 2293 516 radicibus
2320 461 2623 519 ascendens
2659 472 2825 529 terra,
2876 463 3224 536 ligneseerct,
3262 474 3321 522 ut
3346 472 3528 526 omnis

257 538 456 616 ἀληθὲς
495 542 585 617 ἦν,
628 548 716 601 διὰ
762 549 870 602 τῶν
917 551 1081 621 ῥιζῶν
1127 554 1494 625 ἀνερχομένην
1543 552 1845 618 ἀποξυλοῦ-

261 640 378 694 σθαι
408 641 523 709 (62)
560 640 659 712 τὴν
694 644 818 713 γῆν,
852 644 1065 698 ἅπαντα
1092 646 1183 698 τὸν
1220 646 1348 717 περὶ
1381 645 1520 698 αὐτὰ
1546 645 1709 699 τόπον
1743 646 1844 717 τῆς

257 737 354 805 γῆς
379 736 775 800 κοιλαίνεσθαι,
804 740 886 791 ὃτι
918 740 990 810 μὴ
1019 742 1292 812 ὲπιρῤἐειν
1318 741 1527 808 πέφυκε
1561 739 1621 792 τὸ
1657 739 1839 811 ξηρὸν,

256 827 510 899 καθάπερ
532 830 628 881 καὶ
651 829 711 882 τὸ
739 831 923 901 ὑγρὸν,
960 832 1045 884 ἀεὶ
1076 834 1209 903 πρὸς
1241 832 1302 885 τὸ
1328 831 1663 904 κινούμενον.
1701 834 1841 904 Ἤδη

252 918 304 972 δὲ
339 920 438 972 καὶ
478 921 665 983 συκαὶ,
698 922 791 973 καὶ
828 921 961 975 ἄλλα
994 922 1217 976 τοιαῦτα
1256 922 1430 993 φυτὰ,
1468 924 1745 994 μνημείων
1786 926 1842 978 ὲν

253 1010 509 1081 οίκοδομή
520 1028 658 1080 μασι
684 1011 943 1076 πολλάκις
967 1013 1362 1085 βλαστήσαντα,
1390 1014 1540 1067 οὐδὲν
1568 1016 1647 1078 εἰς
1675 1016 1843 1069 ἑαυτὰ

252 1101 345 1171 τῆς
388 1102 682 1174 οἰκοδομῆς
725 1105 859 1168 ὅλως
902 1105 1239 1178 ἱστοροῦνται
1272 1107 1733 1176 κατηναλωκέναι.
1778 1107 1841 1159 El

251 1194 379 1262 γοῦν
414 1194 560 1247 ἐτῶν
592 1195 802 1250 πολλῶν
834 1197 1250 1267 συλλογίσασθαί
1277 1216 1361 1262 τις
1387 1199 1477 1253 τὸν
1507 1198 1717 1270 καρπὸν
1741 1199 1840 1251 αῦ-

251 1287 355 1341 τῶν
385 1290 484 1341 καὶ
520 1288 591 1341 τὰ
633 1289 807 1358 φύλλα
840 1290 1149 1363 βουληθείη,
1194 1292 1402 1345 κατίδοι
1434 1292 1498 1346 ἂν
1533 1292 1839 1346 πολλαπλα-

250 1380 400 1435 σίονα
444 1380 549 1450 τῆς
592 1381 825 1434 ἐπὶτῶν
874 1384 1153 1454 μνημείων
1185 1384 1287 1454 γῆς
1330 1383 1423 1437 τὸν
1471 1384 1633 1453 ὄγκον
1664 1383 1841 1437 αὐτῶν

247 1472 645 1542 γεγενημένον.
689 1471 851 1525 Ὅθεν
898 1470 1245 1528 ἀτοπώτατον
1285 1475 1533 1546 ἡγεῖσθαι
1579 1475 1676 1545 τὴν
1716 1475 1845 1547 γῆν,

247 1565 323 1624 εἰς
356 1564 595 1635 καρπῶν
635 1564 807 1635 φορὰν
840 1565 1316 1638 μεταϐαλλομένην
1346 1569 1437 1620 καὶ
1475 1566 1649 1637 φύλλα
1705 1587 1841 1624 κατ-

242 1653 653 1707 αναλίσκεσθαι·
685 1653 787 1706 κᾶν
836 1654 903 1706 δι’
952 1656 1122 1725 αὐτῆς
1171 1656 1385 1709 ἅπαντα
1435 1656 1640 1724 γίνεται
1703 1656 1838 1724 (63),

245 1739 374 1810 ἔδρα
411 1742 553 1813 αὐτῇ
591 1742 862 1814 χρώμενοι
899 1745 992 1797 καὶ
1026 1745 1193 1816 τόπῳ.
1230 1746 1361 1799 Οὐδὲ
1386 1746 1493 1817 γὰρ
1524 1748 1685 1819 ἄρτος
1720 1748 1843 1817 δίχα

249 1832 417 1901 μύλου
449 1834 549 1885 καὶ
574 1835 764 1893 τόπου.
798 1838 887 1888 καὶ
917 1837 1132 1908 χρόνου,
1168 1838 1261 1891 καὶ
1290 1839 1460 1909 πυρὸς
1490 1839 1715 1907 γίνεται·
1748 1841 1842 1893 καὶ

244 1925 394 1978 οὐδέν
422 1927 575 1979 ἐστιν
602 1926 635 1997 ἢ
664 1928 875 1994 γίνεται
902 1928 1107 1982 τούτων
1141 1931 1169 1982 ὁ
1201 1932 1381 2003 ἄρτος.
1412 1933 1521 1985 Καὶ
1551 1931 1643 1983 ἐπὶ
1668 1929 1841 1984 ἄλλων

248 2018 463 2089 μυρίων
493 2018 779 2081 ὡσαύτως.

306 2107 385 2163 E'.
413 2110 539 2163 Ὅτι
557 2113 646 2178 τὸ,
662 2109 919 2178 Οἴδαμεν
933 2111 1064 2180 τὰρ,
1090 2112 1190 2178 ὠς,
1216 2111 1326 2167 ἐὰν
1342 2114 1378 2183 ἠ
1398 2115 1657 2186 ἐπίγειος
1674 2118 1842 2187 ἡμῶν

244 2202 397 2256 ebria
432 2201 542 2255 τοῦ
566 2199 849 2271 ’σκήνους
882 2203 1214 2273 καταλυθῇ,
1243 2206 1336 2259 καὶ
1371 2207 1516 2278 ἑξῆς·
1546 2210 1595 2261 οί
1630 2211 1839 2281 Ὤριγε-

244 2294 419 2346 νισταὶ
466 2296 550 2357 εἰς
592 2294 873 2365 ἀναίρεσιν
906 2296 1003 2366 τῆς
1034 2296 1141 2349 τῶν
1188 2298 1456 2368 σωμάτων
1493 2300 1839 2365 ἀναστάσεως

243 2387 661 2457 προϐάλλονται,
692 2387 885 2459 σκῆνος
912 2387 973 2443 τὸ
1000 2387 1177 2459 σῶμα,
1205 2389 1298 2442 καὶ
1335 2391 1741 2465 ἀχειροποίητον
1780 2395 1838 2449 ἐν

243 2482 489 2551 οὐρανοῖς
512 2483 710 2549 οἰκίαν,
736 2483 803 2536 τὰ
834 2484 961 2553 παρ’
995 2482 1172 2537 αὐτῶν
1194 2486 1540 2556 πνευματικὰ
1568 2487 1837 2559 ἐνδύματα

244 2573 513 2642 λέγοντες.
548 2575 661 2640 Διὸ,
709 2576 873 2647 φησιν
914 2577 942 2628 ὁ
984 2576 1137 2643 ἆγιος
1165 2576 1449 2641 Μεθόδιος,
1478 2579 1717 2648 ἐπίγειον
1759 2583 1835 2635 ol-

245 2666 361 2718 κὶαν
415 2667 519 2738 τὴν
570 2668 807 2721 ἐνταῦθα
862 2668 1149 2740 βραχύϐιον
1193 2668 1338 2740 ζωὴν
1382 2674 1833 2743 καταχρηστικῶς

245 2758 496 2830 ληπτέον,
538 2761 635 2813 καὶ
674 2762 735 2813 οὺ
786 2762 847 2814 τὸ
876 2762 1075 2831 σκῆνος
1113 2761 1291 2815 τοῦτο.
1332 2764 1395 2815 ΕΞ
1443 2762 1551 2835 γὰρ
1594 2766 1833 2834 ἐπίγειον

244 2852 414 2904 οἰκίαν
456 2852 870 2923 καταλυομένην
910 2852 968 2906 τὸ
1002 2852 1160 2926 σῶμα
1204 2854 1447 2908 τίθεσθαι
1474 2856 1635 2909 αὑτὸν
1681 2858 1833 2928 νομί-

277 2948 394 2996 ετε·
447 2945 716 3013 φράσατε,
752 2946 813 2997 τὸ
852 2946 1047 3017 σκῆνος
1082 2946 1133 2999 τί
1167 2948 1337 3012 ἐστιν,
1388 2941 1449 3001 οῦ
1485 2951 1518 3020 ἡ
1552 2950 1698 3003 οἰκία
1732 2968 1830 3005 κα-

246 3035 528 3101 ταλύεται;
559 3037 788 3107 Ἕτερον
820 3037 927 3108 γὰρ
956 3038 1015 3091 τὸ
1046 3039 1261 3109 σκῆνος,
1296 3039 1388 3093 καὶ
1420 3039 1545 3094 ἄλλο
1572 3041 1665 3093 τοῦ
1697 3044 1830 3113 σκή-

246 3144 369 3190 νους
397 3130 431 3198 ἡ
471 3128 617 3180 οἰκία
637 3146 649 3157 ·
701 3130 794 3181 καὶ
823 3129 1008 3201 ἓτερον
1052 3132 1231 3201 ἡμεῖς,
1264 3123 1337 3183 ὧν
1372 3132 1487 3184 ἐστι
1515 3131 1575 3184 τὸ
1607 3132 1825 3203 σκῆνος.

255 3218 390 3271 Ἐὰν
420 3219 527 3289 γὰρ
555 3221 595 3287 ἠ
637 3220 898 3290 ἐπίγειος
931 3219 1100 3290 ἡμῶν
1140 3222 1319 3289 οἰκία,
1350 3221 1505 3294 φησὶ,
1534 3222 1640 3277 τοῦ
1678 3223 1828 3291 σκή-

242 3327 385 3376 νους
406 3312 750 3381 καταλυθῇ
787 3309 895 3366 οἷον
924 3315 1073 3385 ἡμᾶς
1104 3314 1201 3385 μὲν
1230 3313 1326 3379 τὰς
1358 3314 1535 3385 ψυχὰς
1565 3311 1701 3368 εἶναι
1734 3315 1828 3388 δη-

240 3403 447 3467 λώσας·
492 3405 690 3475 σκῆνος
734 3406 791 3458 δὲ
838 3405 899 3458 τὸ
943 3405 1131 3476 σῶμα·
1172 3406 1349 3459 οἰκίαν
1376 3406 1432 3459 δὲ
1466 3406 1558 3460 τοῦ
1594 3408 1826 3477 σκήνους

1948 553 2374 624 circumquaque
2409 554 2562 610 locus
2599 562 2927 623 cavaretur;
2959 557 3103 626 quod
3142 566 3377 629 nequeat
3404 576 3527 616 eor—

1948 659 2049 714 pus
2079 643 2316 709 aridum,
2350 643 2525 697 instar
2551 644 2871 699 substantia:
2897 645 3152 711 humidae,
3201 648 3269 702 ad
3304 649 3355 703 id
3382 651 3527 720 quod

1945 748 2194 789 movetur
2215 742 2270 789 et
2304 733 2448 789 cedit
2487 735 2627 797 loco,
2657 738 2915 791 continuo
2957 738 3099 792 velut
3127 738 3355 803 afﬂuxu,
3381 757 3514 796 cnn-

1947 827 2189 884 tendere.
2229 827 2347 883 Jam
2378 846 2504 884 vero
2525 830 2688 885 etiam
2722 830 2856 885 licus
2882 830 3255 903 videmus(64)
3285 834 3526 905 aliasque

1945 919 2213 987 ejusmodi
2240 921 2461 991 stirpes,
2493 922 2789 979 exstructis
2820 925 3189 979 monumentis
3221 924 3523 981 adnascen-

1945 1020 2049 1073 tes,
2077 1016 2136 1064 ut
2174 1010 2311 1065 nihil
2336 1012 2561 1067 omnino
2586 1012 2800 1067 aediﬁcii
2834 1013 2889 1067 in
2911 1029 2969 1069 se
3004 1014 3151 1083 ipsas
3175 1025 3520 1072 convertant.

1947 1100 2004 1157 Si
2023 1104 2146 1174 quis
2164 1119 2295 1161 sane
2327 1105 2504 1161 editos
2525 1106 2710 1161 multis
2734 1108 2892 1162 annis
2918 1106 3128 1163 fructus
3158 1106 3394 1179 foliaque
3411 1110 3526 1165 col-

1944 1197 2111 1267 ligere
2140 1199 2414 1261 statuerit,
2449 1200 2643 1254 multis
2677 1200 2926 1268 partibus
2963 1202 3263 1255 auctiorem
3301 1203 3521 1268 molem,

1942 1294 2089 1341 terra
2119 1290 2486 1345 monumentis
2521 1301 2738 1361 aggesta
2776 1293 3135 1362 perspexerit.
3172 1293 3524 1351 Absurdissi-

1941 1394 2090 1433 mum
2122 1396 2252 1451 ergo
2284 1389 2387 1446 εει,
2414 1381 2755 1447 existimare,
2778 1391 2979 1439 terram
2999 1387 3053 1439 in
3073 1385 3350 1442 fructuum
3370 1390 3524 1444 uber-

1942 1477 2110 1527 tatem
2140 1470 2380 1543 t‘oliaque
2413 1475 2666 1529 consumi
2700 1492 2715 1541 ;
2749 1490 3065 1546 quanquam
3106 1494 3201 1547 per
3225 1478 3365 1533 hanc
3394 1481 3525 1535 ﬁant

1941 1566 2146 1630 omnia,
2210 1565 2393 1622 sedem
2424 1567 2541 1637 ipsa
2573 1576 2627 1623 et
2656 1567 2835 1622 locum
2888 1577 3201 1639 praestante.
3256 1570 3392 1627 Nam
3426 1588 3526 1629 ne-

1942 1674 2047 1728 que
2072 1659 2228 1729 panis
2277 1660 2397 1715 sine
2430 1660 2571 1715 mola
2627 1661 2709 1725 lit,
2740 1662 2857 1716 sine
2887 1662 3028 1727 loco,
3055 1664 3172 1719 sine
3202 1671 3447 1735 tempore
3469 1673 3523 1719 et

1942 1751 2087 1821 igni:
2142 1768 2243 1807 nec
2283 1759 2466 1809 tamen
2502 1754 2700 1808 borum
2734 1754 2939 1825 aliquid
2964 1763 3048 1811 est
3096 1764 3191 1809 aut
3235 1756 3296 1810 ﬁt
3342 1756 3521 1827 panis.

1942 1842 2098 1910 Quod
2126 1846 2308 1916 ipsum
2332 1846 2389 1902 in
2418 1848 2696 1904 sexcentis
2725 1847 2851 1903 aliis
2872 1846 3163 1921 contingit.

2013 2106 2081 2162 ν.
2114 2106 2229 2163 Hoc
2254 2107 2437 2165 Pauli:
2467 2106 2675 2164 Scimus
2709 2108 2867 2174 enim,
2892 2108 3145 2178 quoniam
3176 2108 3224 2161 si
3254 2109 3520 2163 terrestris

1940 2200 2126 2255 domus
2155 2213 2338 2256 nostra
2367 2200 2692 2255 tabernaculi
2720 2200 3042 2254 dissolvatur
3062 2201 3130 2265 τ’,
3162 2208 3269 2255 etc.
3332 2200 3523 2271 Origc~

1938 2295 2099 2348 nista:
2121 2294 2186 2347 ad
2222 2294 2517 2348 tollendam
2542 2308 2834 2365 corporum
2854 2293 3315 2349 resurrectionem
3346 2293 3519 2365 profe-

1938 2395 2068 2441 runt
2099 2426 2114 2452 ,
2143 2386 2411 2450 dicentes,
2436 2387 2857 2441 tabernaculum
2886 2401 3009 2441 esse
3029 2401 3267 2457 corpus;
3297 2387 3520 2441 domum

1938 2487 2119 2534 autem
2149 2495 2259 2535 non
2290 2495 2457 2535 manu
2507 2479 2711 2534 factam
2740 2479 2796 2532 in
2828 2478 3005 2543 cmlis,
3040 2495 3159 2549 quae
3192 2480 3268 2534 illi
3293 2479 3519 2534 commi-

1936 2573 2226 2627 niscuntur
2264 2572 2531 2643 spiritalia
2582 2570 2924 2625 indumenta.
2979 2570 3116 2626 llinc
3144 2572 3276 2627 dicit
3309 2571 3369 2627 S.
3407 2571 3520 2628 Με-

1935 2665 2177 2731 thodius,
2209 2680 2305 2735 per
2322 2672 2638 2719 terrestrem
2673 2664 2920 2727 domum,
2944 2664 3162 2718 brevem
3196 2664 3337 2718 hanc
3352 2663 3519 2718 vitam

1934 2757 2161 2812 abusive
2206 2756 2618 2827 intelligendam
2653 2773 2667 2822 ;
2692 2771 2802 2809 non
2821 2770 2953 2809 vero
2976 2772 3097 2811 esse
3125 2757 3230 2810 boc
3260 2756 3520 2811 taberna-

1932 2851 2136 2905 culum.
2167 2848 2226 2904 Si
2255 2851 2423 2913 enim,
2455 2848 2654 2919 inquit,
2683 2863 2779 2917 per
2808 2856 3126 2903 terrestrem
3160 2848 3382 2903 domum
3406 2849 3518 2904 disc

1932 2943 2269 3007 solvendam,
2300 2956 2503 3010 corpus
2535 2951 2784 2993 nostrum
2818 2940 2886 2993 ab
2915 2955 2980 2995 eo
3020 2940 3247 3010 intelligi
3277 2940 3516 3009 putatis;

1929 3036 2060 3109 quid
2078 3036 2488 3090 tabernaculum
2503 3036 2594 3099 sit,
2609 3035 2819 3098 docete,
2840 3033 2997 3103 cujus
3021 3031 3216 3085 domus
3239 3033 3309 3085 sit
3326 3030 3518 3087 disse}-

1928 3127 2103 3185 venda
2130 3126 2152 3180 ?
2195 3127 2356 3182 Aliud
2388 3128 2533 3182 enim
2566 3136 2650 3182 est
2691 3125 3126 3189 tabernaculum,
3157 3122 3300 3176 aliud
3338 3124 3519 3177 taber—

1927 3220 2113 3277 naculi
2141 3220 2338 3275 domus
2376 3238 2390 3275 :
2420 3228 2474 3274 et
2503 3218 2652 3271 aliud
2689 3232 2789 3272 nos
2812 3257 2826 3281 ,
2865 3230 3097 3287 quorum
3135 3222 3218 3268 est
3258 3213 3515 3267 taberna-

1927 3316 2130 3372 culum.
2166 3312 2227 3369 Si
2270 3314 2428 3377 enim,
2472 3313 2669 3382 inquit,
2702 3308 2963 3364 terrestris
2999 3307 3185 3360 domus
3218 3314 3401 3359 nostra
3433 3315 3517 3357 ta-

1928 3407 2195 3463 bernaculi
2252 3406 2628 3473 dissolvatur:
2680 3404 2865 3468 velut,
2922 3415 3045 3455 esse
3094 3414 3219 3462 nos,
3256 3398 3511 3465 animas;

239 3491 327 3562 τὴν
356 3493 504 3547 κατὰ
529 3495 628 3564 τὴν
662 3494 942 3565 παροῦσαν
975 3495 1118 3567 ζωὴν
1146 3495 1443 3549 ἀπόλαυσιν
1472 3497 1570 3567 τῆς
1601 3497 1823 3568 σαρκὸς,

1935 3498 2343 3555 tabernaculum
2386 3506 2591 3561 autem,
2620 3510 2854 3564 corpus;
2882 3490 3217 3545 tabernaculi
3256 3505 3385 3543 vero
3415 3491 3515 3543 do-

239 3586 532 3653 τροπικῶς.
598 3588 722 3640 Ἐὰν
756 3584 848 3641 οῦν
884 3591 916 3659 ἡ
947 3588 1041 3642 νῦν
1070 3589 1134 3660 δὴ
1184 3588 1323 3660 αῦτη
1368 3591 1400 3661 ή
1434 3588 1527 3642 τοῦ
1574 3588 1825 3661 σώματος

239 3677 343 3751 ζωὴ
390 3681 555 3750 δίκην
587 3681 762 3742 οἰκίας
792 3681 1088 3753 καταλυθῇ,
1135 3682 1327 3754 ἕξομεν
1374 3681 1471 3753 τὴν
1505 3683 1561 3734 ἐν
1588 3685 1701 3745 τοῖς
1732 3684 1825 3735 οὐ-

241 3776 411 3840 ρανοῖς
451 3774 894 3845 ἀχειροποίητον.
948 3774 1439 3843 Ἀχειροποίητον,
1470 3774 1623 3846 φησι,
1648 3774 1736 3828 διὰ
1767 3774 1826 3827 τὸ

237 3866 618 3935 χειροποίητον
666 3865 870 3936 ταύτην
906 3864 1159 3934 λέγεσθαι
1202 3866 1299 3937 τὴν
1332 3866 1495 3938 ζωὴν,
1550 3866 1691 3920 κατὰ
1736 3867 1827 3919 ἀν-

236 3956 598 4027 τιδιαστολὴν,
645 3957 794 4028 παρὰ
845 3959 903 4011 τὸ
950 3958 1127 4014 πάντα
1174 3959 1330 4031 ἡμῶν
1377 3961 1446 4015 τὰ
1493 3962 1827 4033 κοσμήματα

237 4049 321 4100 καὶ
366 4049 772 4116 σπουδάσματα
820 4050 914 4103 τοῦ
970 4050 1085 4122 βίου
1138 4054 1295 4123 χερσὶ
1348 4053 1702 4125 παλαμᾶσθαι
1734 4054 1827 4106 ἀν-

236 4140 494 4212 θρώπων.
527 4141 604 4194 Τὸ
631 4144 738 4213 γὰρ
771 4142 949 4213 σῶμα,
977 4143 1366 4217 δημιούργημα
1391 4146 1635 4217 ὑπάρχον
1664 4143 1824 4210 Θεοῦ,

167 4219 179 4233 ’
235 4234 617 4306 χειροποίητον
666 4234 726 4286 οὐ
790 4234 1031 4301 λέγεται,
1081 4237 1162 4289 ὅτι
1198 4237 1273 4308 μὴ
1322 4237 1649 4310 ὲπαλαμήθη
1695 4237 1822 4308 τέχ-

238 4341 350 4388 ναις
375 4324 711 4395 ἀνθρὼπων.
739 4326 801 4378 Εἰ
829 4325 907 4389 δὲ,
938 4326 1071 4381 διότι
1104 4329 1209 4382 ὑπὸ
1233 4329 1365 4383 Θεοῦ
1397 4330 1825 4402 ὲδημιουργήθη,

234 4418 613 4489 χειροποίητον
678 4419 809 4471 αὐτὸ
865 4418 1111 4484 λέξουσιο
1168 4422 1532 4494 χειροποίητοι
1576 4423 1683 4493 ἄρα
1734 4423 1826 4475 καὶ

232 4511 285 4562 αἱ
316 4510 514 4581 ψυχαὶ,
564 4509 734 4584 [καὶ]
778 4514 825 4565 oi
876 4512 1117 4582 ἄγγελοι,
1154 4515 1248 4567 καὶ
1292 4513 1363 4567 τὰ
1408 4514 1700 4586 ἐνδύματα,
1757 4514 1827 4569 τὰ

233 4604 287 4654 ἐν
309 4607 426 4665 τοῖς
454 4603 723 4673 οὐρανοῖς.
752 4602 886 4656 Θεοῦ
916 4604 1024 4676 γὰρ
1054 4605 1477 4679 αὐτουργήματα
1503 4608 1595 4660 καὶ
1618 4605 1811 4659 ταῦτα.

1933 3607 2107 3655 mum,
2130 3593 2315 3645 carnis
2351 3603 2575 3643 usuram
2620 3587 2676 3640 in
2707 3587 2815 3639 vita
2850 3584 3127 3655 praesenti,
3154 3582 3435 3635 moraliter
3460 3588 3515 3634 ct

1935 3698 2100 3740 sensu
2151 3680 2383 3751 spiritali
2416 3677 2827 3750 signiﬁcaverit.
2865 3675 2922 3730 Si
2952 3691 3082 3747 ergo
3115 3674 3229 3728 hmc
3264 3672 3512 3744 corporis

1934 3777 2043 3832 vita
2076 3776 2250 3830 instar
2274 3772 2471 3827 domus
2505 3772 2868 3832 dissolvatur,
2911 3768 3148 3822 habituri
3185 3781 3375 3820 sumus
3413 3763 3511 3818 do-

1934 3882 2083 3922 mum
2132 3866 2279 3920 illam
2311 3880 2419 3919 non
2451 3880 2616 3918 manu
2648 3863 2848 3917 factam
2895 3861 2947 3915 in
2983 3861 3162 3915 cmlis.
3202 3857 3371 3913 Vocat
3409 3872 3512 3911 non

1933 3974 2094 4010 manu
2125 3956 2344 4025 factam,
2388 3953 2708 4009 diﬂerentia:
2761 3967 2974 4019 causa;
3032 3949 3179 4022 quod
3228 3950 3336 4003 vita
3396 3946 3510 4001 hac

1933 4054 2055 4108 ideo
2086 4066 2249 4105 manu
2283 4048 2424 4103 facta
2459 4046 2694 4111 dicatur,
2717 4046 2864 4117 quod
2897 4045 3075 4099 omnis
3108 4044 3228 4113 ejus
3247 4044 3427 4099 cultus
3454 4050 3511 4097 et

1932 4137 2133 4203 studia,
2163 4136 2442 4191 hominum
2468 4136 2720 4189 manibus
2749 4134 3210 4188 administrentur
3233 4141 3287 4187 et
3320 4148 3510 4204 geran-

1925 4238 2034 4285 tur.
2070 4228 2207 4283 Nam
2241 4242 2462 4299 corpus,
2496 4241 2619 4280 cum
2649 4226 2724 4280 sit
2747 4223 2839 4279 Dei
2894 4223 3193 4293 epilicium,
3234 4237 3343 4277 non
3373 4222 3509 4277 diei-

1922 4330 2015 4379 tur
2038 4338 2203 4376 manu
2233 4320 2459 4380 factum,
2496 4317 2643 4388 quod
2671 4332 2777 4371 non
2813 4316 2883 4371 sit
2906 4323 3023 4369 arte
3058 4316 3295 4369 humana
3331 4316 3503 4368 mani-

1923 4416 2026 4470 bus
2055 4414 2420 4470 eﬂ‘ormatum.
2440 4408 2597 4475 Quod
2636 4410 2683 4465 si
2720 4408 2843 4462 idco
2865 4422 3068 4477 corpus
3082 4406 3319 4460 dixerint
3340 4422 3503 4461 manu

1924 4510 2151 4574 factum,
2184 4507 2328 4578 quod
2358 4504 2491 4559 illud
2526 4503 2669 4557 Deus
2700 4502 2769 4557 sit
2795 4514 3057 4570 operatus
3085 4541 3100 4565 ,
3134 4500 3294 4568 plane
3326 4499 3505 4568 sequi-

1923 4613 2034 4667 tur,
2068 4609 2127 4657 ut
2154 4610 2209 4657 et
2242 4600 2457 4663 animae,
2489 4607 2542 4651 et
2575 4595 2771 4666 angeli,
2806 4594 3032 4663 ipsaque
3062 4593 3116 4645 in
3150 4590 3306 4647 ccelis
3336 4592 3506 4663 spiri-

234 4693 324 4757 Τίς
367 4692 467 4749 οὖν
499 4697 649 4747 ἐστιν
686 4698 717 4766 ἡ
769 4698 1142 4769 χειροποίητος
1172 4698 1351 4767 οἰκίας
1400 4699 1462 4753 Ἠ
1504 4698 1819 4772 βραχύϐιος,

1935 4696 2057 4752 talia
2082 4693 2426 4760 indumenta,
2460 4705 2626 4745 manu
2662 4686 2805 4743 facta
2833 4686 3107 4741 dicantur.
3143 4683 3279 4739 Nam
3300 4691 3354 4740 et
3386 4684 3503 4749 illa,

204 4848 216 4917 ;
296 4850 343 4881 τ’
376 4849 445 4905 II
476 4848 604 4906 Cor.
627 4868 683 4917 v,
719 4852 771 4907 1.

233 5012 341 5079 tur,
378 5015 479 5061 aut
520 5015 669 5063 certe
707 5007 893 5061 minus
934 5008 1267 5079 percipiatur
1313 5007 1673 5064 subtractum.
1716 5008 1812 5063 Vi-

231 5077 422 5133 demus
456 5094 620 5148 quam
653 5094 857 5146 paucos
878 5077 1111 5140 cineres.
1138 5095 1260 5149 quae
1296 5080 1407 5135 fere
1434 5088 1649 5135 terrena
1678 5082 1813 5135 sub.

230 5149 434 5200 stantia
462 5151 516 5202 in
559 5149 1033 5222 combustibilibus
1079 5159 1185 5212 est,
1222 5154 1414 5222 ingens
1458 5153 1594 5205 silva
1643 5153 1813 5205 relin»

232 5224 399 5287 quat:
426 5222 612 5275 inesse
631 5235 762 5275 vero
790 5221 1083 5290 plurimum
1107 5223 1249 5277 aeris
1267 5221 1580 5286 arboribus,
1611 5222 1818 5277 indicat

301 5422 421 5491 (62)
462 5422 669 5486 Ἀποξ.
705 5422 871 5479 Sirm.
907 5424 1316 5489 ἁναξυλοῦσθαι.

301 5494 425 5566 (63)
456 5495 720 5547 Γίνεται.
766 5494 878 5557 ΑΔ..
910 5494 1184 5563 γίνωνται.
1214 5495 1282 5551 Et
1318 5510 1443 5550 mox
1486 5494 1643 5564 forte,
1671 5516 1740 5571 χρ
1761 5498 1816 5551 b-

301 5582 394 5616 να.

234 5579 424 5710 frgi)
454 5634 616 5710 Ficus
638 5635 888 5700 videmus,
912 5644 1017 5693 etc.
1040 5635 1300 5710 Accipere
1331 5637 1539 5710 aliquid
1566 5656 1596 5695 e
1627 5640 1807 5710 parie-

233 5704 385 5760 tibus
420 5707 1041 5782 quibus‘adnascuntur,
1083 5704 1395 5782 huj'usmodi
1426 5704 1545 5765 sive
1586 5704 1807 5782 caprili-

234 5789 353 5837 eos.
412 5777 525 5849 sive
571 5778 771 5848 stirpes
819 5781 976 5844 alias,
1027 5777 1222 5849 praater
1268 5781 1395 5841 alia.
1427 5782 1591 5835 etiam
1644 5777 1801 5837 ruina

238 5845 501 5915 ostendit,
535 5845 704 5919 quam
732 5850 959 5923 tandem
1007 5845 1238 5908 editicio
1273 5851 1525 5917 alterunt,
1557 5852 1801 5925 disjectis

1915 5656 2203 5722 novusque
2242 5642 2577 5722 instaurari;
2620 5643 2767 5722 quod
2810 5642 2926 5722 ipse

1914 5712 2085 5780 illum.
2113 5711 2167 5766 in
2193 5721 2458 5780 nostram,
2487 5711 2737 5784 stirpitus
2767 5711 3048 5789 evellendo
3080 5716 3321 5789 peccato,
3353 5720 3507 5765 mor.

1912 5791 2049 5855 ιθωε
2066 5790 2492 5855 secuturamque
2521 5784 3007 5851 resurrectionem,
3026 5784 3240 5853 egregie
3266 5784 3324 5833 in
3342 5790 3479 5844 συνῆ

1905 5854 2145 5911 rioribus
2172 5852 2414 5911 deducit;

1926 5008 2136 5068 levitas.
2170 5024 2278 5078 qua
2323 5009 2486 5063 etiam
2518 5007 2679 5078 aquis
2711 5012 3107 5077 supernatant;
3142 5018 3338 5078 aquam
3372 5017 3503 5059 vero

1930 5087 2128 5148 prater
2158 5076 2263 5134 alia
2298 5079 2539 5135 ostendit
2574 5076 2763 5155 earum
2786 5076 2981 5155 virens
3012 5076 3278 5137 luxuries,
3316 5080 3503 5155 matu-

1924 5160 2215 5223 ratumque
2240 5159 2615 5223 augmentum,
2641 5149 2843 5222 quibus
2867 5149 3003 5204 locis
3024 5162 3179 5217 aqua:
3207 5149 3366 5216 copia
3387 5159 3504 5198 ma.

1924 5232 2075 5277 nant.

1926 5426 2199 5497 lapidibus
2249 5427 2586 5500 intrusisque
2620 5429 2676 5483 in
2717 5428 2895 5483 locum
2916 5420 3499 5500 caementiradicibus.

1922 5494 2152 5570 ejusque
2189 5510 2418 5554 exsucto
2448 5494 2628 5557 terreo
2656 5500 2970 5570 pinguiore;
3011 5506 3071 5551 ut
3099 5494 3294 5570 debeat
3327 5508 3503 5570 quan-

1919 5563 2098 5638 doque
2132 5572 2311 5639 paries
2342 5570 2538 5627 infesta
2564 5563 2900 5641 plantatione
2916 5564 3302 5641 depurgandus
3326 5563 3495 5627 dimi.

3019 5637 3270 5695 etbodius
3310 5650 3503 5689 exem-
