4010 6328
542 335 642 396 53.!

1514 336 1573 394 S.
1615 336 1949 395 METIlODII
1980 336 2288 396 EPlSCOI'l
2328 337 2418 392 ET
2458 336 2822 395 MARTYRIS

3652 349 3742 408 3|?

541 453 661 510 suis
686 451 835 507 velut
861 447 1136 513 manibus,
1166 446 1214 502 is
1248 446 1366 518 ipse
1395 458 1676 519 operatus,
1701 448 1847 505 fecit.
1870 448 2004 516 Quae
2031 465 2094 505 es

2218 449 2291 514 ὡς
2325 449 2482 521 ἔφην,
2513 449 2652 522 αὕτη
2680 434 2878 521 ζωὴ,
2906 449 3002 505 ἀπ’
3038 450 3384 524 ἀνθρωπίνων
3416 456 3601 528 χειρῶν
3637 461 3744 535 δρα.

540 559 672 616 ergo
698 544 895 599 domus
925 557 1089 596 manu
1122 540 1309 595 facta?
1363 540 1562 614 Utique
1599 543 1783 600 brevis
1811 546 1927 599 itare
1979 546 2112 605 vita,

539 634 992 710 quemadmodum
1042 634 1314 698 dicebam,
1368 635 1625 691 humanis
1655 636 1913 691 manibus
1965 637 2116 690 velut

539 733 732 787 all'ecta
763 739 817 785 et
849 734 1177 784 sustentata.
1205 726 1344 782 Nam
1391 728 1590 800 inquit,
1619 725 1686 784 In
1714 729 1911 783 sudore
1941 730 2115 784 vultus

539 825 615 878 tui
636 822 854 878 vesceris
885 837 1020 892 pane
1055 828 1144 875 tuo
1177 820 1222 852 ⁷³
1251 837 1269 874 ;
1303 836 1408 891 qua
1433 820 1721 887 dissoluta,
1752 821 2114 877 immortalem

536 916 684 970 illam
710 914 876 968 vitam
907 930 1017 969 non
1041 929 1207 969 manu
1237 912 1435 968 factam
1452 927 1821 983 occupamus:
1851 897 2114 985 quemad-

536 1010 757 1067 modum
782 1011 898 1081 ipse
928 1009 1198 1067 Dominus
1226 1008 1545 1075 declaravit,
1576 1024 1702 1065 cum
1728 989 1868 1065 dixit
1901 1009 1982 1063 7‘:
2007 1007 2113 1063 Fa-

532 1105 634 1160 cite
680 1103 824 1160 vobis
854 1104 1053 1160 amicos
1089 1103 1154 1159 de
1193 1120 1495 1159 mammona
1522 1104 1701 1175 iniquo
1730 1102 1864 1176 (65),
1890 1111 1950 1156 ut
1993 1120 2113 1157 cum

530 1195 831 1265 defeceritis
859 1236 875 1261 ,
929 1196 1186 1265 recipiant
1233 1211 1324 1249 vos
1374 1195 1429 1249 in
1486 1202 1687 1250 (eterna
1738 1191 2107 1250 tabernacula.

533 1287 692 1354 Quod
728 1288 872 1342 enim
900 1287 1012 1341 illic
1050 1284 1314 1341 Dominus
1343 1283 1685 1340 tabernacula
1712 1283 1926 1338 vocavit
1955 1322 1971 1348 ,
2018 1282 2110 1335 hic

531 1382 829 1453 Apostolus
882 1386 1042 1434 vocat
1093 1378 1424 1432 indumenta.
1476 1375 1634 1443 Quod
1667 1375 1777 1430 illic
1809 1375 2006 1431 amicos
2045 1372 2110 1427 de

527 1474 830 1547 iniquitate,
856 1472 945 1528 hic
961 1471 1258 1543 Apostolus
1276 1469 1459 1524 domos
1484 1466 1871 1523 dissolvendas.
1902 1465 2107 1533 Quem-

532 1566 823 1623 admodum
874 1580 1024 1637 ergo,
1072 1578 1198 1618 cum
1246 1561 1532 1633 praesentis
1574 1559 1700 1615 vitae
1741 1566 1945 1616 nostrae
1989 1556 2108 1614 dies

529 1659 849 1725 defecerint,
866 1665 1083 1713 nostras
1100 1655 1311 1710 animas
1327 1661 1455 1710 sunt
1479 1660 1771 1724 acceptura
1800 1650 2108 1709 beneﬁcen-

529 1752 618 1806 tiae
647 1750 863 1813 merita,
893 1748 941 1805 si
967 1763 1097 1820 qua,
1122 1746 1308 1817 iniqua
1328 1745 1432 1801 hac
1463 1746 1596 1809 vita,
1617 1745 2057 1815 comparavimus
2087 1760 2104 1810 ;

2221 543 2665 615 ματουργημένη.
2713 543 2885 613 didm.
2922 543 3051 615 γὰρ,
3106 544 3286 615 φησὶν,
3339 547 3409 600 ἐν
3448 548 3625 618 ἰδρῶτι
3654 557 3742 610 τοῦ

2217 634 2541 703 προσώπου
2594 652 2713 691 σου
2774 633 2882 688 τὸν
2934 634 3118 703 ἄρτον
3167 650 3313 691 σου*
3358 632 3426 710 ἧς
3464 643 3745 701 καταλυθεί-

2218 741 2339 795 σης,
2386 725 2601 796 ἐκείνην
2639 725 2736 797 τὴν
2775 726 3185 799 ἀχειροποίητον
3226 726 3368 800 ζωὴν
3404 729 3607 802 ἔχομεν.
3649 737 3745 792 Κα-

2215 815 2392 889 θάπερ
2425 818 2520 872 καὶ
2553 819 2582 871 ὁ
2616 816 2820 889 Κύριος
2847 817 3038 884 εἰπὼν,
3069 818 3334 890 ἐδήλωσε’
3364 822 3641 892 Ποιήσατε
3667 829 3747 896 φί-

2212 914 2366 977 λους
2402 909 2471 963 ἐκ
2493 908 2605 978 τῆς
2631 908 2868 977 ἀδικίας
2895 910 3002 965 τοῦ
3032 910 3345 981 μαμμωνᾶ,
3364 913 3480 979 ἵνα,
3512 915 3646 971 ὅταν
3665 919 3745 974 ἐκ·

2211 1003 2447 1070 λίπητε,
2491 1001 2779 1067 δέξωνται
2813 1002 2971 1073 ὑμᾶς
2998 1004 3086 1069 εἰς
3112 1003 3219 1069 τὰς
3233 1006 3504 1073 αἰωνίους
3520 1010 3743 1077 σκηνάς.

2220 1096 2284 1149 Ὃ
2316 1094 2429 1167 γὰρ
2489 1096 2606 1149 ἐκεῖ
2655 1096 2893 1165 σκηνὰς
2927 1095 2956 1147 ὁ
2997 1096 3202 1169 Κύριος
3233 1097 3474 1164 ἐκάλεσε,
3500 1100 3645 1155 τοῦτο
3669 1104 3744 1157 ὲν-

2209 1187 2387 1243 ταῦθα
2425 1190 2455 1242 ὁ
2496 1188 2815 1253 ’Δπόστολος
2859 1188 3178 1258 ἐνδύματα.
3220 1192 3286 1243 Ὂ
3320 1190 3377 1245 δὲ
3414 1192 3525 1246 ἐκεῖ
3559 1194 3747 1262 φίλους

2209 1283 2278 1337 ἐκ
2309 1281 2419 1351 τῆς
2440 1282 2695 1349 ἀδικίας,
2731 1280 2964 1337 ἐνταῦθα
2993 1281 3442 1352 καταλυομένας
3471 1287 3499 1338 ὁ
3527 1286 3746 1341 Ἀπόστο-

2209 1372 2300 1437 λος
2355 1375 2566 1441 οἰκίας.
2614 1373 2883 1446 Καθάπερ
2913 1373 3067 1443 γοῦν,
3115 1374 3210 1431 ὲάν
3240 1374 3545 1447 ὲλλείψωσιν
3583 1380 3635 1431 ai
3664 1379 3747 1450 τῆς

2209 1464 2494 1539 παρούσης
2532 1465 2678 1537 ζωῆς
2708 1467 2865 1538 ἡμῶν
2898 1468 3121 1539 ⁴ἡμέραι,
3155 1469 3223 1523 τὰ
3251 1469 3385 1542 πρὸς
3414 1471 3641 1524 εὐποιίαν
3666 1471 3749 1537 τὰς

2207 1556 2386 1630 ψυχὰς
2437 1558 2596 1630 ἡμῶν
2639 1556 2987 1627 ὑποδέξονται
3043 1559 3530 1634 ἀγαθοεργήματα,
3583 1562 3616 1617 ἃ
3659 1564 3748 1616 ἀπὸ

2206 1650 2306 1722 τῆς
2334 1652 2391 1704 ὲν
2413 1655 2480 1722 τῇ
2504 1651 2688 1723 ἀδικίᾳ
2726 1651 2876 1723 ζωῆς
2920 1654 3292 1726 ἐκτησάμεθα,
3319 1656 3397 1729 τῷ
3417 1656 3521 1712 τὸν
3546 1659 3751 1728 κόσμον

2206 1742 2278 1797 ἐν
2310 1742 2390 1809 τῷ
2434 1743 2676 1813 πονηρῷ
2728 1743 2960 1801 κεῖσθαι
2983 1762 2997 1777 ·
3032 1745 3194 1813 οὕτω,
3226 1748 3327 1820 τῆς
3372 1749 3515 1821 ζωῆς
3541 1749 3747 1805 καταλυ-

528 1861 596 1902 eo
628 1845 837 1915 iniqua,
869 1843 1014 1915 quod
1046 1841 1275 1896 mundus
1331 1840 1400 1896 sit
1435 1840 1639 1909 positus
1669 1840 1724 1893 in
1751 1836 1987 1908 maligno
2007 1838 2053 1869 ⁷⁸
2085 1854 2094 1890 έ

2207 1833 2396 1906 θείσης
2428 1836 2527 1907 τῆς
2559 1836 2869 1910 ὠκυμόρου,
2894 1839 2992 1912 τὴν
3025 1840 3132 1911 πρὸ
3155 1841 3255 1912 τῆς
3288 1842 3622 1906 ἀναστάσεως
3648 1842 3750 1909 ἕξο-

530 1940 606 1995 ita
636 1941 748 1995 cito
782 1940 1024 2010 peritura
1055 1937 1167 1992 vita
1222 1935 1327 1992 hac
1366 1933 1657 1997 dissoluta,
1709 1932 2104 1990 habitationem

528 2034 671 2103 apud
711 2032 879 2087 Deum
936 2046 1057 2101 qua:
1112 2038 1197 2086 est
1246 2035 1374 2084 ante
1414 2025 1874 2083 resurrectionem
1905 2067 1921 2095 ,
1975 2025 2102 2097 ipsi,

525 2124 633 2182 hoc
662 2124 1003 2188 est'unimaz,
1051 2138 1245 2179 sumus
1273 2120 1512 2176 habituri
1542 2117 1680 2191 (66),
1726 2117 1902 2175 donec
1944 2117 2104 2175 nobis

524 2218 885 2275 instauratam
919 2215 1140 2271 domum
1187 2214 1358 2279 illam,
1393 2227 1694 2285 numquam
1735 2225 1986 2269 casuram
2017 2228 2103 2268 re-

523 2313 814 2383 cipiamus.
856 2309 1004 2365 Unde
1050 2320 1100 2365 et
1148 2309 1562 2380 ingemiscimus,
1598 2324 1657 2362 eo
1683 2304 1822 2377 quod
1855 2305 2102 2360 nolumus

521 2400 814 2471 exspoliari
845 2415 1069 2470 corpus,
1106 2400 1196 2454 sed
1230 2404 1442 2455 retento
1474 2398 1588 2463 illo,
1624 2397 1790 2451 vitam
1832 2396 2100 2468 reliquam

524 2492 952 2562 supervestiri".
984 2490 1121 2547 Illud
1152 2491 1297 2547 enim
1332 2490 1397 2544 de
1428 2488 1555 2543 caelo
1582 2488 1933 2552 domicilium,
1960 2485 2101 2557 quod

525 2586 831 2656 superindui
873 2587 1137 2657 cupimus,
1190 2585 1572 2640 immortalitas
1615 2592 1699 2639 est
1734 2601 1746 2638 :
1776 2597 1942 2654 quam
1972 2596 2099 2636 cum

520 2679 791 2736 fuerimus
843 2677 1210 2749 superinduti,
1268 2676 1635 2733 absorbebitur
1684 2679 1906 2748 penitus
1937 2675 2098 2746 quid-

520 2772 652 2845 quid
680 2772 736 2827 in
768 2789 832 2828 ea
869 2772 1146 2826 inlirmum
1178 2779 1263 2825 est
1295 2778 1351 2827 et
1379 2769 1623 2833 mortale,
1656 2767 1721 2823 ab
1756 2778 1958 2825 aeterna
1989 2769 2098 2821 vita

520 2873 929 2939 consumptum.
966 2865 1071 2919 Per
1101 2864 1258 2935 ﬁdem
1308 2865 1446 2919 enim
1496 2863 1853 2926 ambulamus,
1900 2870 1951 2916 et
1992 2877 2098 2914 non

516 2976 611 3031 per
634 2961 855 3031 speciem
885 2960 953 3015 ".
994 2956 1111 3013 Hoc
1139 2965 1223 3014 est
1262 2977 1277 3014 :
1319 2956 1455 3012 Nam
1485 2958 1665 3013 adhuc
1698 2971 1796 3028 per
1826 2954 1988 3012 ﬁdem
2018 2955 2097 3009 in-

517 3052 784 3116 cedimus,
818 3057 1017 3106 statum
1043 3049 1195 3104 illum
1228 3048 1621 3106 obscurissima
1655 3046 2094 3103 consideratione

517 3143 863 3213 aspicientes,
888 3150 940 3197 et
979 3156 1085 3196 non
1116 3141 1262 3196 clare
1290 3158 1305 3208 ;
1331 3147 1391 3195 ut
1420 3139 1628 3206 videre,
1655 3139 1763 3194 l‘rui
1801 3145 1856 3194 et
1881 3151 2005 3194 esse
2034 3136 2091 3190 in

516 3235 611 3291 illo
640 3236 934 3305 possimus.
967 3233 1082 3290 Hoc
1114 3244 1289 3289 autem
1325 3234 1465 3301 dico,
1495 3234 1713 3303 fratres,
1741 3231 1865 3302 quia
1885 3247 2011 3286 caro
2042 3238 2092 3284 et

514 3329 732 3398 sanguis
779 3342 993 3399 regnum
1033 3326 1126 3382 Dei
1154 3324 1423 3397 possidere
1476 3341 1581 3379 non
1627 3332 1849 3395 possunt
1881 3338 1900 3389 ;
1934 3338 2095 3394 neque

514 3421 783 3490 corruptio
834 3420 1280 3489 incorruptionem
1325 3418 1615 3490 possidebit
1646 3418 1714 3475 "°.
1761 3415 1959 3472 Carnis
1991 3431 2093 3470 no-

513 3513 661 3568 mine
717 3528 830 3568 non
877 3512 1051 3584 ipsam
1084 3526 1305 3568 carnem
1358 3510 1711 3581 signiﬁcavit,
1744 3509 1839 3566 sed
1867 3508 2091 3564 brutum

512 3605 816 3675 appetitum
848 3605 901 3659 in
932 3604 1164 3660 lascivas
1193 3604 1393 3659 anima:
1443 3603 1774 3674 voluptates.
1817 3599 1924 3656 Ubi
1959 3614 2092 3670 ergo

512 3696 766 3756 dixisset.
790 3695 929 3767 quod
958 3712 1082 3749 caro
1111 3705 1161 3750 et
1193 3695 1412 3767 sanguis
1445 3711 1662 3766 regnum
1701 3693 1794 3748 Dei
1820 3691 2093 3762 possidere

512 3805 616 3843 non
653 3798 895 3855 possunt,
928 3796 1334 3858 consequentur
1356 3787 1750 3858 pronuntiavit,
1782 3802 1943 3858 neque
1970 3801 2090 3840 cor-

513 3883 688 3952 ruptio
748 3882 1194 3951 incorruptionem
1249 3880 1557 3951 possidebit.
1591 3880 1758 3951 Atqui
1811 3879 2092 3948 corruptio

509 3990 622 4032 non
644 3990 737 4031 res
767 3976 887 4047 ipsa
931 3982 1018 4031 est
1067 3991 1189 4047 qua:
1239 3976 1633 4045 corrumpitur,
1664 3973 1760 4031 sed
1788 3974 1936 4045 quod
1961 3987 2089 4029 cor-

507 4068 734 4140 rumpit.
767 4068 1101 4125 Praevalente
1133 4068 1350 4140 quidem
1385 4076 1599 4134 morte,
1657 4067 1834 4139 vergit
1884 4082 2089 4138 corpus

509 4162 571 4217 in
598 4165 1004 4235 corruptionem
1046 4173 1283 4220 :contra
1316 4178 1467 4229 vero,
1514 4170 1871 4233 permanente
1918 4162 1974 4216 in
2021 4176 2088 4217 eo

504 4254 643 4320 vita,
693 4264 801 4311 stat
854 4256 1302 4314 illabefactatum.
1353 4256 1536 4325 Quare
1587 4271 1713 4311 cum
1760 4270 1892 4311 caro
1944 4255 2089 4310 inter

508 4350 747 4408 conﬁnia
777 4351 1151 4421 corruptionis
1170 4358 1226 4407 et
1253 4349 1708 4421 incorruptionis,
1741 4363 1807 4403 ac
1839 4363 1941 4403 nec
1960 4364 2088 4403 cor-

504 4446 689 4521 ruptio
713 4460 814 4502 nec
844 4445 1186 4516 incorruptio
1214 4445 1354 4501 facta
1409 4451 1593 4511 esset;
1620 4443 1761 4498 victa
1790 4458 1921 4498 vero
1951 4458 2084 4514 pro-

504 4545 635 4611 pter
655 4538 1014 4610 voluptatetn,
1040 4552 1353 4611 quanquam
1395 4534 1830 4608 incorruptionis
1863 4549 2004 4606 opus
2028 4541 2084 4590 et

2211 1944 2311 1999 μεν
2359 1929 2591 2001 οἴκησιν,
2644 1932 2702 1987 αἰ
2753 1931 2943 2004 ψυχαὶ,
2989 1933 3140 2004 παρά
3164 1934 3243 2005 τῷ
3284 1934 3403 2006 Θεῷ
3459 1935 3585 2007 (67),
3624 1938 3692 2000 εἰς
3710 1935 3751 1990 τ’

2206 2020 2784 2094 ἀνακαινοποιηθεῑσαν
2829 2027 2960 2096 ἡμῖν
3006 2026 3258 2081 ἄπτωτον
3308 2027 3648 2100 ἀναλάϐωμεν
3668 2029 3752 2101 τὴν

2204 2112 2403 2169 οἰκίαν.
2457 2113 2626 2170 Ὅθεν
2679 2116 2776 2170 καί
2836 2117 3214 2189 στενάζομεν,
3253 2120 3345 2192 μὴ
3395 2121 3657 2189 θέλοντες
3701 2122 3753 2176 τὸ

2207 2202 2366 2277 σῶμα
2425 2205 2915 2275 ἁπεκδύσασθαι,
2975 2212 3112 2267 ἀλλ’
3177 2216 3267 2268 ἐπ’
3326 2213 3475 2287 αύτῷ
3516 2217 3608 2288 τὴν
3663 2217 3754 2270 λοι-

2203 2297 2311 2370 πὴν
2372 2300 2820 2358 ἐπενδύσασθαι
2861 2302 3026 2377 ζωήν.
3076 2305 3150 2359 Τὸ
3192 2306 3308 2379 γὰρ
3349 2307 3671 2378 οἰκητήριον
3698 2316 3757 2363 το

2201 2389 2271 2456 ἐξ
2302 2392 2584 2461 οὐρανοῦ,
2616 2391 2648 2447 ὃ
2674 2393 3121 2453 ἐπενδύσασθαι
3140 2397 3561 2470 ἐπιθυμοῦμεν,
3585 2403 3615 2472 ἡ
3640 2400 3754 2457 aba-

2201 2485 2359 2539 νασία
2387 2486 2534 2541 ἐστίν
2555 2504 2569 2517 ·
2598 2486 2666 2558 ἢν
2698 2486 2795 2542 ἐὰν
2838 2489 3283 2563 ὲπενδυσώμεθα,
3311 2493 3755 2559 καταποθήσεται

2202 2579 2312 2632 πᾶν
2332 2578 2394 2632 τὸ
2427 2580 2485 2633 ὲν
2526 2581 2661 2651 αὐτῇ
2687 2581 2992 2656 ὁλοσχερῶς
3023 2583 3269 2651 ἀσθενὲς,
3293 2587 3412 2641 ὑπὸ
3433 2587 3530 2658 τῆς
3553 2586 3754 2660 ἁχρόνον

2201 2666 2349 2738 ζωῆς
2372 2669 2773 2739 καταναλωθὲν,
2806 2674 2901 2728 καὶ
2931 2676 3172 2743 θνητόν.
3207 2678 3317 2732 Διὰ
3371 2680 3620 2746 πίστεως
3663 2678 3753 2750 γὰρ

2200 2763 2654 2835 περιπατοῦμεν,
2702 2769 2775 2821 οὐ
2825 2767 2924 2823 διὰ
2946 2768 3167 2837 είὸους.
3221 2770 3518 2827 Τουτέστι·
3546 2774 3638 2827 Διά
3676 2770 3761 2827 πί-

2200 2870 2370 2919 στεως
2396 2854 2505 2927 γὰρ
2526 2857 2877 2929 ἐπιϐαίνομεν
2910 2859 3010 2927 ἔτι,
3047 2862 3423 2936 ἀτρανωτάτῳ
3450 2863 3680 2936 λογισμῷ
3695 2864 3753 2916 τὰ

2197 2950 2313 3003 ἐκεῖ
2345 2951 2647 3024 πράγματα
2672 2955 3115 3022 κατοπτεύοντες,
3156 2960 3251 3012 καὶ
3289 2961 3351 3015 οὐ
3387 2959 3570 3030 σαφῶς
3589 2976 3603 2990 ο
3634 2958 3754 3012 ὥστε

2197 3044 2290 3097 καὶ
2314 3046 2465 3117 ὁρᾷν,
2502 3047 2597 3101 καὶ
2644 3047 2958 3115 ἀπολαύειν,
2993 3051 3089 3105 καὶ
3108 3053 3167 3106 ὲν
3190 3052 3382 3118 αὐτοῖς
3415 3049 3569 3108 εἶναι.
3598 3051 3757 3107 Τοῦτο

2194 3134 2262 3190 δέ
2283 3153 2455 3208 φημι,
2498 3137 2769 3210 ἀδελφοὶ,
2809 3141 2898 3196 ὅτι
2923 3144 3080 3212 σὰρξ
3107 3144 3207 3199 καί
3231 3141 3382 3217 αἷμα
3411 3143 3761 3215 κληρονομῆσι

2197 3243 2302 3284 σαι
2327 3230 2655 3295 βασιλείαν
2699 3234 2848 3289 Θεοῦ
2893 3237 2964 3289 οὐ
2991 3234 3301 3306 δύνανται,
3346 3239 3489 3296 οὐδὲ
3523 3242 3560 3309 ἠ
3591 3238 3759 3309 φθορὰ

2195 3321 2313 3390 τὴν
2336 3323 2680 3392 ἀφθαρσίαν
2715 3327 3092 3398 κληρονομεῖ.
3131 3330 3345 3402 Σάρκα,
3386 3331 3571 3405 φησὶν,
3598 3331 3656 3384 οὐ
3675 3330 3759 3399 τὴν

2198 3413 2375 3487 σάρκα
2435 3417 2607 3489 αὐτὴν
2664 3417 2952 3490 ἐδήλωσεν,
2988 3419 3123 3475 ἀλλά
3158 3422 3258 3495 τὴν
3302 3423 3499 3493 ἄλογον
3521 3424 3651 3497 πρὸς
3674 3421 3759 3484 τὰς

2198 3505 2488 3577 μαχλώσας
2550 3508 2651 3579 τῆς
2705 3508 2883 3582 ψυχῆς
2927 3511 3103 3585 ὁρμὴν
3146 3514 3367 3586 ἡδονάς.
3408 3514 3592 3570 Εἰπὼν
3637 3509 3758 3568 οὖν’

2196 3596 2317 3650 Ὅτι
2335 3596 2491 3667 σὰρξ
2514 3599 2610 3653 καί
2633 3594 2775 3670 αἷμα
2793 3601 3122 3664 ,βασιλείαν
3144 3604 3298 3659 Θεοῦ
3327 3605 3763 3676 κληρονομῆσαι

2193 3689 2265 3743 οὐ
2324 3689 2641 3746 δύνανται⁹
2711 3696 3128 3767 ἐπαπεφήνατο’
3163 3697 3322 3753 Οὐδὲ
3368 3701 3407 3769 η
3447 3698 3633 3769 φθορὰ
3662 3696 3766 3766 τὴν

2192 3782 2535 3854 ἀφθαρσίαν
2569 3789 2947 3858 κληρονομεῖ.
2993 3790 3173 3863 Φθορά
3203 3792 3260 3846 δὲ
3291 3794 3395 3847 οὐκ
3421 3794 3553 3848 αὐτό
3577 3797 3687 3847 ἐστι
3710 3791 3765 3844 τὸ

2194 3875 2568 3949 φθειρόμενον,
2595 3879 2732 3935 ἀλλά
2760 3881 2822 3935 τὸ
2854 3882 3092 3956 φθεῖρον.
3138 3885 3643 3962 Ἐπικρατήσαντος
3675 3884 3764 3958 μὲν

2190 3970 2299 4045 γὰρ
2330 3971 2427 4026 τοῦ
2464 3972 2717 4043 θανάτου,
2746 3975 2989 4032 κλίνεται
3010 3978 3071 4032 τὸ
3095 3977 3252 4052 σῶμα
3283 3983 3366 4046 εἰς
3394 3980 3627 4054 φθοράν·
3659 3983 3765 4034 ἐπι-

2194 4064 2459 4139 μενούσης
2506 4067 2565 4121 δὲ
2599 4066 2834 4140 ἔμπαλιν
2856 4070 2955 4141 τῆς
2979 4070 3128 4140 ζωῆς
3176 4072 3234 4126 ὲν
3267 4073 3445 4146 αὐτῷ,
3474 4074 3670 4146 ἔστηκε
3697 4071 3765 4144 μὴ

2189 4158 2638 4233 καθαιρούμενον.
2680 4161 2773 4215 Διὸ
2828 4162 3014 4235 ἐπειδὴ
3052 4164 3303 4237 μεθόριον
3340 4167 3446 4239 τῆς
3473 4165 3766 4239 ἀφθαρσίας
3831 4198 3849 4226 ο

2188 4253 2424 4325 ἐγενήθη
2443 4255 2537 4309 καὶ
2560 4256 2660 4327 τῆς
2683 4254 2888 4327 φθορᾶς
2910 4258 2945 4328 ἡ
2977 4254 3132 4329 σὰρξ,
3160 4260 3262 4314 οὐκ
3283 4256 3426 4317 οὖσα
3456 4261 3577 4315 οὐδὲ
3605 4259 3768 4332 φθορὲ

2188 4343 2309 4397 οὐδὲ
2334 4344 2633 4417 ἀφθαρσία,
2667 4344 2945 4419 ἐκρατήθη
2986 4347 3153 4402 δὲδιά
3188 4349 3289 4419 τὴν
3313 4350 3514 4424 ἡδονὴν
3550 4351 3652 4404 ὑπὸ
3678 4350 3767 4421 τῆς

2190 4438 2418 4511 φθορᾶς,
2469 4439 2679 4512 ποίημα
2733 4439 2831 4513 τῆς
2868 4438 3177 4511 ἀφθαρσίας
3226 4444 3324 4498 καὶ
3380 4446 3574 4519 κτῆμα
3600 4442 3769 4515 ὑπάρ-

2190 4550 2362 4604 χουσα
2385 4549 2401 4564 ο
2459 4533 2549 4588 διὰ
2597 4532 2755 4587 τοῦτο
2806 4534 3097 4607 γεγένηται
3126 4536 3206 4600 εἰς
3232 4536 3467 4611 φθοράν.
3503 4537 3617 4593 Καὶ
3656 4533 3774 4590 ἐπεὶ

502 4633 815 4707 possessio,
861 4630 1056 4688 fuisset
1096 4647 1128 4685 a
1167 4631 1559 4702 corruptione:
1621 4635 1911 4701 propterea
1956 4644 2084 4685 cor-

2199 4626 2556 4701 ςυνεκροτήθη
2600 4627 2714 4699 (68)
2759 4627 2864 4682 ὑπὸ
2895 4629 2995 4700 τῆς
3022 4630 3247 4702 φθορᾶς,
3283 4635 3382 4688 καὶ
3442 4634 3661 4709 θανάτῳ
3690 4631 3771 4689 διὰ

568 4747 617 4781 ’³
645 4746 774 4802 Gen.
805 4762 889 4813 nt,
917 4748 1005 4803 l9.
1080 4750 1128 4781 ⁷⁸
1155 4748 1285 4806 Luc.
1320 4766 1433 4814 xw,
1460 4748 1515 4805 9.
1591 4750 1638 4783 "
1661 4750 1681 4806 Ι
1706 4750 1867 4806 Joan.
1899 4768 1953 4813 ν,
1986 4751 2070 4807 l9.

452 4853 462 4875 ι
578 4838 691 4909 (65)
739 4837 816 4910 Dc
862 4853 1163 4910 mammona
1208 4840 1405 4908 iniquo.
1454 4839 1551 4894 Ἐκ
1575 4840 1677 4910 τῆς
1723 4841 1939 4905 ἀδικίας
1982 4841 2078 4895 τοῦ

508 4908 822 4982 μαμμωνᾶ,
874 4909 1022 4982 velut
1067 4924 1134 4962 ex
1191 4909 1459 4978 injustitia
1513 4908 1839 4966 mammonm
1877 4929 1889 4964 :
1932 4913 2079 4982 quod

503 4979 754 5050 magnam
810 4979 972 5032 habet
1015 4983 1425 5048 expressionem
1469 4996 1481 5031 :
1516 4995 1830 5050 quanquam
1880 4979 2082 5039 habent

503 5046 691 5104 GraEca
731 5046 864 5120 Luci.
901 5056 969 5120 ut
1004 5046 1241 5103 reddidit
1289 5058 1479 5105 noster
1528 5046 1821 5120 interpres,
1868 5056 1933 5107 ὲκ
1984 5052 2080 5106 τοῦ

506 5121 785 5191 μαμμωνᾶ
803 5119 900 5191 τῆς
918 5119 1127 5191 ἀδικίας
1154 5140 1167 5175 :
1192 5136 1295 5175 nec
1326 5121 1464 5176 forte
1493 5122 1626 5176 illud
1659 5119 1913 5177 Methodii
1936 5125 2079 5178 aliud

501 5189 779 5263 estquam
813 5189 1146 5263 ῥπερόατόν.
1190 5193 1371 5263 qualia
1412 5194 1617 5262 passim
1656 5193 1805 5248 illius
1838 5203 2080 5262 exstant,

503 5278 567 5316 ac
595 5260 740 5313 velut
772 5259 1041 5314 aﬂ'ectata.

576 5330 689 5401 (66)
724 5326 857 5406 Ipsi,
889 5330 986 5406 _hoe
1022 5333 1354 5406 est_anim(r,
1386 5351 1567 5390 sumus
1608 5334 1861 5397 habituri,
1889 5335 2083 5406 ἕξομεν

500 5399 831 5483 orenam}:
873 5399 1061 5483 ψυχαίέ
1096 5400 1372 5483 Siepaulo
1412 5405 1742 5483 inl‘erius_n._
1890 5399 2083 5483 Ἡμεῖς

500 5470 680 5546 γὰρόἱ
712 5470 915 5535 ζῶντες
949 5470 1004 5546 αἰ
1029 5470 1419 5545 ψυχαίεσμεν,
1448 5492 1541 5530 nos
1573 5476 1664 5546 qui
1694 5477 1935 5539 vivimus,
1960 5470 2084 5531 ani-

502 5544 603 5599 me
648 5559 856 5605 sumus,
906 5544 1055 5596 velut
1094 5551 1265 5598 totum
1304 5544 1607 5612 hominem,
1638 5562 1800 5601 unam
1839 5548 2080 5602 animam

504 5613 1111 5686 Platoniceagnoscat,
1137 5623 1191 5686 et
1218 5615 1347 5686 velit
1375 5631 1405 5670 a
1446 5616 1616 5672 Paulo
1652 5617 2021 5686 signiﬁcatum
2058 5635 2072 5670 :

499 5685 647 5755 quod
693 5684 826 5737 nihil
858 5682 1153 5740 Viennensi
1197 5693 1251 5739 et
1284 5685 1639 5743 Lateranensi
1680 5682 1931 5744 conciliis
1971 5689 2073 5742 ad-

499 5763 773 5817 versatur,
806 5756 1284 5823 pronuntiantibus
1324 5757 1588 5814 adversus
1616 5758 1963 5815 Averroistas
1986 5761 2071 5813 vel

502 5828 661 5883 etiam
708 5824 1069 5897 Origeniauos
1112 5842 1252 5899 quos
1292 5827 1377 5882 hic
1422 5828 1727 5887 Methodius
1765 5831 2069 5905 impugnat,

2177 4752 2226 4784 7°
2253 4750 2299 4805 ll
2321 4750 2445 4806 Cor.
2472 4766 2525 4814 ν,
2546 4748 2602 4816 2,
2634 4748 2688 4805 ’5.
2785 4748 2829 4781 ⁷⁷
2863 4748 2990 4805 ibid.
3027 4750 3075 4804 7.
3157 4750 3204 4783 ⁷⁸
3232 4752 3253 4806 l
3285 4751 3419 4810 Cor.
3455 4770 3551 4823 xv,
3582 4754 3671 4810 50.

2182 4850 2451 4912 ponentes
2498 4856 2699 4910 corpus
2729 4840 2877 4894 velut
2904 4841 3130 4895 omnino
3163 4849 3496 4900 extraneum
3541 4844 3765 4907 homini,

2184 4911 2286 4967 nec
2319 4928 2358 4987 a_
2379 4911 2655 4967 creatione
2684 4918 2989 4987 acceptum,
3024 4912 3119 4987 sed
3147 4916 3394 4987 careeris
3431 4918 3555 4972 loco
3578 4920 3628 4970 in
3661 4932 3771 4987 pte.

2185 4997 2308 5053 nam
2327 4982 2546 5053 datum;
2572 4996 2688 5053 non?
2708 4982 3019 5035 damnatam
3038 4983 3314 5053 plerisque
3339 4985 3610 5044 Patribus
3638 4982 3771 5041 ἐντε-

2184 5051 2401 5123 λέχειαν
2423 5052 2568 5106 illam
2599 5052 2934 5116 Aristotelis,
2960 5054 3105 5107 velut
3131 5051 3327 5110 anima:
3368 5057 3769 5114 immortalitati

2183 5124 2459 5199 intestatn,
2491 5136 2562 5199 _ac
2592 5124 2716 5192 plus
2739 5124 2890 5192 justo
2923 5125 3161 5178 materiae
3193 5124 3640 5199 immergentetn.
3677 5142 3771 5184 nec

2188 5194 2328 5269 satis
2353 5194 2658 5269 absolutam
2702 5203 3032 5269 seruantem,
3061 5210 3168 5269 _eeu
3199 5194 3452 5269 divinum
3498 5201 3698 5269 dogma
3720 5206 3772 5253 et

2188 5265 2257 5339 ab
2296 5263 2504 5339 _Spiritu
2538 5272 2751 5326 sancto,
2792 5264 3201 5339 deﬁnientihus.
3235 5265 3521 5339 interpres
3560 5263 3771 5326 ridetur

2187 5335 2598 5407 dissimulasse,
2647 5341 2855 5407 mutata
2896 5335 3069 5405 prima
3115 5352 3349 5407 persona
3387 5335 3468 5395 ’ἱη
3517 5342 3768 5404 tertiam,

2187 5407 2382 5460 anima:
2415 5405 2676 5483 habebunt
2702 5421 2727 5483 :_
2764 5405 2861 5483 sed
2901 5421 3009 5483 non
3041 5405 3210 5483 _lie_uit
3243 5409 3298 5463 in
3345 5412 3605 5482 reliquis.
3654 5410 3771 5483 Ipse

2187 5485 2368 5552 tamen
2400 5478 2576 5546 palam
2604 5474 2911 5552 Methodius
2936 5477 3091 5531 initio
3120 5478 3319 5552 _horum
3352 5474 3769 5552 exeérptorum,

2185 5548 2460 5620 hominem
2501 5563 2613 5602 non
2662 5547 2837 5620 solam
2878 5562 3000 5603 esse
3044 5550 3284 5620 animam
3325 5547 3551 5607 statuit.
3595 5553 3774 5620 Quare

2185 5618 2275 5673 hic
2306 5620 2667 5700 metonymice
2696 5617 2958 5688 loquitur,
2986 5626 3039 5673 et
3070 5618 3525 5679 denominatione
3554 5617 3772 5693 sumpta

2180 5703 2210 5742 a
2244 5695 2463 5759 potiori.

2252 5759 2364 5827 (67)
2397 5762 2500 5827 Εἰς
2524 5762 2575 5813 τ’
2603 5761 2777 5816 dicax.
2812 5759 2978 5823 Editi,
3011 5762 3120 5816 ἔστ’
3149 5763 3216 5817 ἂν
3242 5763 3406 5817 ἀνακ.

2251 5829 2362 5904 (68)
2378 5831 2813 5904 Συνεκροτήθη.
2854 5831 3046 5890 Scribe
3075 5835 3462 5908 συνεκρατήθη
3490 5852 3565 5893 ex
3585 5836 3766 5908 liupif.
