4010 6328
204 389 308 446 313

1301 378 1392 432 EX
1432 377 1633 434 LIBRO
1672 377 1759 431 DE
1797 371 2398 432 RESURRECTIONE.

3349 364 3455 422 5M

203 510 452 566 παιδείαν
504 505 804 577 παρεδόθη,
854 505 932 567 εἰς
961 506 1106 563 νῖκος
1136 503 1304 569 αὐτὴν
1329 506 1396 574 τῇ
1423 503 1596 574 φθορᾷ
1624 501 1775 556 καθά-

1889 500 2125 570 ruptioni
2159 495 2466 567 mancipata
2495 502 2600 550 est.
2655 492 2948 562 Postquam
2981 504 3111 560 ergo
3137 489 3279 544 victa
3322 488 3458 545 luis-

201 620 304 673 περ
333 598 705 670 κληρονομίαν
737 597 800 648 οὐ
829 593 1146 648 κατέλιπεν⁸
1177 594 1312 647 ἀλλὰ
1356 595 1535 656 πάλιν,
1571 594 1659 647 διά
1682 595 1782 665 τῆς

201 691 552 751 ἀναστάσεως
579 689 808 758 νικήσας
834 685 924 738 τὸν
947 685 1193 748 θάνατον,
1211 684 1457 737 ἀπέδωκε
1477 688 1542 755 τῇ
1570 685 1780 756 ἀφθαρ-

203 785 306 853 σίᾳ,
352 783 442 833 ἵνα
479 781 556 851 μὴ
602 778 987 849 κληρονομήσῃ
1027 779 1059 847 ἡ
1096 777 1269 848 φθορά
1309 779 1409 848 τὴν
1451 777 1777 850 ἀφθαρσίαν,

199 876 308 928 ἀλλ’
336 877 371 944 ἡ
401 871 689 942 ἀφθαρσία
719 871 780 922 τὸ
818 869 1073 940 φθαρτόν.
1121 870 1572 940 Ἐπαποκρίνεται
1615 872 1744 939 γοῦν
1763 889 1775 902 ·

199 967 291 1020 Δεῖ
320 967 433 1034 γὰρ
460 964 525 1017 τὸ
556 962 820 1030 φθαρτὸν
843 959 1013 1012 τοῦτο
1034 960 1398 1014 ἐνδύσασθαι
1424 962 1538 1027 τὴν
1555 963 1779 1030 ἀφθαρ-

197 1059 360 1117 σίαν,
393 1054 497 1108 καί
540 1053 604 1107 τὸ
640 1052 861 1120 θνητὸν
905 1050 1019 1117 τὴν
1060 1051 1413 1107 ἀθανασίαν.
1441 1054 1680 1125 Φθαρτὸν
1722 1054 1778 1106 δὲ

198 1149 283 1201 καὶ
316 1146 520 1216 θνητὸν
563 1145 878 1214 ἐνδυόμενον
912 1142 1206 1196 ἀθανασίαν
1242 1146 1333 1198 καὶ
1366 1143 1694 1216 ἀφθαρσίαν,
1727 1145 1780 1198 τί

197 1243 256 1294 ἀν
286 1240 481 1309 ἕτερον
515 1238 602 1306 εἴη
642 1235 793 1306 παρά
826 1234 890 1290 τὸ
923 1238 1316 1305 σπειρόμενον
1339 1237 1408 1289 ἐν
1444 1235 1654 1306 φθορᾷ,
1680 1237 1777 1290 καὶ

195 1326 604 1394 ἀνιστάμενον
621 1325 691 1378 ἐν
707 1326 1009 1392 ἀφθαρσίᾳ
1031 1343 1044 1391 ;
1066 1325 1169 1388 ἵνα,
1194 1324 1388 1390 καθὼς
1409 1325 1781 1394 ἐφορέσαμεν

196 1419 301 1484 τὴν
328 1417 543 1470 εἰκόνα
565 1415 671 1468 τοῦ
697 1415 925 1483 χοϊκοῦ,
949 1416 1293 1484 φορέσωμεν
1323 1417 1421 1469 καὶ
1443 1415 1555 1484 τὴν
1575 1418 1780 1471 είκόνα

194 1509 294 1563 τοῦ
322 1508 722 1574 ἐπουρανίου.
773 1508 834 1559 Ἦ
869 1507 975 1577 γάρ
1007 1507 1166 1560 εἰκὼν
1193 1508 1286 1561 τοῦ
1320 1507 1522 1578 χοϊκοῦ,
1554 1511 1620 1579 ἣν
1655 1511 1781 1577 ἐφο-

196 1605 435 1675 ρέσαμεν
454 1618 468 1630 ⁸
498 1601 581 1662 τὺ,
615 1598 704 1666 Γῆ
735 1595 807 1661 εἷ,
840 1597 936 1651 καὶ
981 1595 1068 1663 εἰς
1096 1597 1212 1667 γῆν
1245 1599 1576 1666 ἀπελεύσῃ,
1607 1599 1774 1653 ἐστίν.

201 1695 260 1746 Ἡ
287 1694 346 1746 δὲ
389 1690 557 1745 εἰκὼν
581 1689 677 1743 τοῦ
712 1689 1030 1760 ἐπουρανίου
1057 1691 1090 1759 ἡ
1119 1689 1184 1742 ὲκ
1227 1688 1434 1761 νεκρῶν
1482 1689 1778 1752 ἀνάστασις

191 1785 281 1836 καὶ
310 1785 344 1853 ἡ
378 1781 687 1853 ἀφθαρσία.

194 1874 322 1928 illud
374 1882 460 1928 est
525 1892 540 1928 :

194 1970 410 2022 incorru
419 1967 556 2035 ptio.

1884 602 2019 648 seta
2053 593 2427 661 corruptione,
2457 587 2730 656 mortique
2762 591 2988 654 propter
3037 583 3452 674 castigationem

1883 687 1993 757 (7t)
2028 685 2224 740 tradita
2255 725 2268 746 ,
2316 683 2488 738 noluit
2521 681 2684 742 Deus,
2725 694 2824 732 ceu
2860 676 3226 732 haereditatem
3261 717 3276 736 ,
3331 689 3455 726 cor-

1883 778 2114 847 ruptioni
2141 775 2208 830 ad
2227 774 2511 828 victoriam
2541 771 2850 840 relinquere
2887 786 2900 822 :
2929 766 3024 821 sed
3053 766 3197 819 victa
3227 781 3453 820 rursum

1884 877 2056 922 morte
2105 882 2199 937 per
2242 863 2725 924 resurrectionem,
2765 857 3162 927 incorruptioni
3195 855 3452 920 reddidit,

1882 967 1941 1012 ut
1977 974 2046 1012 ne
2077 957 2355 1026 corruptio
2390 953 2855 1021 incorruptionem
2881 991 2898 1018 ,
2941 947 3036 1004 sed
3070 947 3242 1017 magis
3273 945 3454 998 incor-

1882 1049 2080 1117 ruptio,
2115 1046 2262 1116 quod
2313 1053 2396 1100 est
2444 1043 2798 1113 corruptibile
2825 1042 2878 1095 in
2913 1038 3280 1093 haereditatem
3313 1035 3450 1090 acci-

1881 1148 2052 1210 peret.
2074 1139 2153 1193 Ad
2181 1139 2293 1193 hac
2328 1139 2511 1206 itaque
2539 1133 2832 1204 respondet
2852 1131 3145 1202 Apostolus
3169 1131 3216 1161 ⁷⁹
3243 1147 3256 1182 :
3284 1127 3454 1196 Opor-

1881 1242 1950 1287 tet
1973 1233 2114 1286 enim
2135 1232 2472 1301 corruptibile
2501 1230 2595 1283 hoc
2631 1227 2845 1282 induere
2889 1225 3369 1293 incorruptionem,
3403 1228 3453 1272 et

1879 1325 2141 1387 mortale,
2197 1323 2676 1377 immortalitatem.
2740 1316 3109 1386 Corruptibile
3154 1322 3336 1367 autem
3399 1317 3454 1365 et

1879 1417 2107 1471 mortale
2159 1416 2262 1471 hoc
2320 1415 2546 1470 induere
2608 1410 3072 1467 immortalitatem
3115 1413 3168 1461 et
3197 1405 3452 1458 incorru-

1878 1509 2138 1579 ptionem,
2164 1509 2292 1580 quid
2328 1507 2477 1562 aliud
2510 1506 2600 1566 sit,
2639 1518 2800 1574 quam
2833 1507 2892 1555 ut
2922 1497 3057 1568 quod
3089 1498 3377 1552 seminatur
3399 1497 3452 1550 in

1881 1602 2234 1668 corruptione,
2263 1609 2445 1671 surgat
2474 1600 2529 1653 in
2555 1594 3004 1662 incorruptione”
3029 1595 3053 1648 ?
3082 1591 3152 1646 Ut
3183 1592 3453 1658 sicutpor—

1880 1692 2108 1745 tavimus
2168 1692 2449 1762 imaginem
2500 1689 2713 1752 terreni,
2760 1695 3024 1755 portemus
3071 1692 3119 1738 et
3171 1682 3452 1752 imaginem

1879 1782 2097 1838 caelestis
2125 1783 2212 1835 ·⁸¹.
2243 1781 2377 1836 Nam
2424 1782 2604 1850 imago
2631 1777 2834 1833 terreni
2893 1790 3055 1846 quam
3091 1773 3448 1845 portavimus,

600 1874 764 1927 Terra
797 1889 871 1934 es,
906 1873 1030 1926 etin
1065 1881 1258 1925 terram
1288 1872 1558 1928 reverteris
1599 1873 1666 1928 ”.
1712 1873 1892 1945 Imago
1925 1885 2102 1930 autem
2152 1876 2415 1938 caelestis,
2471 1872 2806 1929 resurrectio
2875 1879 2960 1925 est
3001 1883 3069 1925 ex
3124 1867 3355 1922 mortuis
3397 1872 3452 1921 et

261 2093 348 2158 ς’.
397 2089 688 2150 Ἰουστῖνος
726 2085 784 2139 δὲ
824 2087 852 2140 ὁ
906 2085 1248 2158 Νεαπολίτης
1274 2128 1288 2153 ,
1344 2086 1483 2159 ἀνὴρ
1527 2085 1651 2140 οὔτε
1696 2086 1774 2158 τῷ

1947 2086 2033 2143 VI.
2064 2087 2313 2144 Justinus
2366 2103 2496 2144 vero
2546 2081 3128 2156 Neapolitanus;(72),
3169 2081 3256 2134 vir
3303 2078 3449 2134 haud

193 2181 365 2253 lpdvq)
414 2179 611 2248 πόρῤω
656 2175 732 2228 ὣν
781 2175 891 2231 τῶν
942 2177 1255 2231 ἀποστόλων
1279 2178 1402 2231 οὔτε
1453 2181 1518 2250 τῇ
1571 2178 1774 2251 ἀρετῇ,

193 2269 652 2343 κληρονομεῖσθαι
690 2268 789 2340 μὲν
819 2269 879 2322 τὸ
925 2270 1285 2341 ἀποθνῆσκον,
1325 2271 1680 2343 κληρονομεῖν
1714 2271 1777 2343 δὴ

191 2367 282 2436 τὴν
312 2365 460 2435 ζωὴν
497 2365 634 2433 (69),
664 2363 833 2432 λέγει.
873 2364 983 2416 Καὶ
1027 2364 1393 2434 ἀποθνήσκειν
1427 2365 1523 2435 μὲν
1564 2364 1775 2435 σάρκα,

194 2458 284 2528 ζῇν
339 2457 398 2510 δὲ
455 2456 558 2526 τὴν
617 2454 891 2525 βασιλείαν
942 2454 1050 2508 τῶν
1101 2455 1364 2526 οὐρανῶν.
1434 2456 1664 2508 Ὀπόταν
1714 2455 1778 2528 δὴ

196 2546 382 2615 σάρκα
414 2549 443 2600 ὁ
477 2545 693 2608 Παῦλος
727 2546 823 2599 καὶ
849 2541 990 2614 αἷμα
1017 2546 1101 2615 μὴ
1139 2545 1428 2601 δύνασθαι
1459 2546 1570 2615 τὴν
1599 2548 1778 2612 ,ϐασι-

195 2639 359 2691 λείαν
390 2637 501 2691 τοῦ
544 2635 695 2690 Θεοῦ
732 2635 1180 2705 κιηρονομῆσαι
1222 2636 1388 2710 λέγῃ·
1427 2638 1524 2707 οὐχ
1561 2638 1636 2702 ὡς
1681 2640 1776 2692 ὲκ-

196 2727 502 2794 φαυλίξων,
573 2726 741 2796 φησὶ,
799 2727 898 2796 τῆς
955 2726 1156 2796 σαρκὸς
1205 2727 1305 2798 τὴν
1361 2727 1777 2796 παλιγγενεσίαν

197 2819 573 2888 ἀποφαίνεται,
606 2817 744 2871 ἀλλά
771 2817 1058 2880 διδάσκων,
1087 2818 1148 2870 οὐ
1192 2819 1645 2890 κληρονομεῖσθαι
1681 2819 1777 2889 βα-

203 2912 396 2964 σιλείαν
441 2908 613 2972 Θεοῦ,
645 2908 861 2962 αἰώνιον
905 2906 1255 2978 ὑπάρχουσαν
1301 2908 1444 2980 ζωὴν
1469 2948 1482 2972 ,
1529 2909 1632 2962 ὑπὸ
1682 2910 1775 2963 τοῦ

202 3003 470 3073 arbita-«1;,
495 3001 633 3054 ἀλλά
660 3001 719 3054 τὺ
750 3001 908 3071 σῶμα
935 3000 1039 3052 ὑπὸ
1067 3001 1164 3071 τῆς
1189 3000 1354 3071 ζωῆς.
1383 3002 1444 3054 Ei
1479 3001 1588 3072 γὰρ
1617 3003 1778 3072 ἐκλη-

199 3097 477 3167 ρονομεῖτο
494 3095 528 3162 ἡ
564 3091 810 3163 βασιλεία
837 3089 932 3143 τοῦ
961 3089 1095 3143 Θεοῦ
1127 3091 1230 3144 ὑπὸ
1252 3091 1346 3144 τοῦ
1387 3091 1634 3163 σώματος
1661 3093 1774 3166 ζωὴ

193 3187 515 3257 ὑπάρχουσα
534 3227 548 3248 ,
581 3183 891 3236 συνέϐαινεν
923 3183 988 3236 ἂν
1025 3182 1123 3254 τὴν
1143 3183 1287 3253 ζωὴν
1311 3183 1415 3236 ὑπὸ
1439 3185 1536 3254 τῆς
1570 3183 1776 3254 φθορᾶς

195 3277 610 3334 καταπίνεσθαι.
634 3276 746 3330 Νῦν
767 3276 823 3328 δὲ
851 3276 911 3328 τὸ
935 3273 1195 3344 τεθνηκὸς
1220 3277 1253 3346 ἡ
1285 3275 1397 3346 ζωὴ
1427 3277 1772 3347 κληρονομεῖ,

196 3369 275 3422 ἵνα
323 3371 410 3431 εἰς
451 3371 602 3431 νῖκος
639 3365 922 3436 καταποθῇ
981 3367 1008 3418 ὁ
1039 3365 1284 3427 θάνατοςτ
1315 3365 1421 3418 ὑπὸ
1454 3366 1553 3436 τῆς
1593 3366 1770 3436 ζωῆς,

193 3463 278 3513 καὶ
335 3461 402 3512 τὸ
466 3457 708 3528 φθαρτὸν
759 3458 856 3527 τῆς
904 3456 1211 3528 ἀφθαρσίας
1260 3455 1448 3526 κτῆμα
1499 3458 1774 3528 ἀναφανῇ·
1807 3441 1845 3497 C

192 3551 474 3622 ἐλεύθερον
539 3549 637 3621 μὲν
699 3547 932 3601 θανάτου
989 3548 1081 3601 καὶ
1143 3548 1418 3619 ἁμαρτίας
1477 3549 1774 3618 γεγενημέ-

193 3661 307 3705 νον,
351 3643 545 3696 δοῦλον
585 3642 642 3694 δὲ
696 3644 789 3695 καὶ
825 3644 1063 3712 ὑπήκοον
1111 3640 1440 3702 ἀθανασίας·
1486 3641 1633 3704 ὅπως
1674 3643 1773 3713 τῆς

193 3728 500 3807 ἀξθαρσίας
522 3733 586 3786 τὸ
619 3733 778 3803 σῶμα
805 3730 862 3807 ᾖ,
888 3733 978 3786 καὶ
1009 3734 1082 3805 μὴ
1104 3732 1196 3785 τοῦ
1225 3731 1474 3803 σώματος
1501 3733 1535 3802 ή
1562 3732 1772 3804 ἀφθαρ-

195 3843 295 3879 σια.

256 3914 327 3966 Z'.
360 3913 634 3974 Ὀτι,ι(αὶ
663 3914 717 3964 οἱ
749 3911 950 3980 νεκροὶ
973 3913 1042 3965 ἐν
1069 3911 1298 3980 Χριστῷ
1325 3913 1773 3978 ἀναστήσονται

192 4003 449 4070 πρῶτον,
477 4005 685 4057 ἔπειτα
719 4003 887 4072 ἡμεῖς
922 4007 974 4058 οι
1009 4002 1252 4070 ζῶντες-⁸
1280 4006 1308 4057 ὁ
1338 4005 1489 4073 ἅγιος
1516 4004 1772 4068 Μεθὸδιος

191 4093 323 4148 οὕτω
363 4094 523 4165 φησί.
549 4094 811 4146 Τουτέστι
830 4110 843 4124 ·
875 4094 1063 4165 αὑτάή
1074 4094 1188 4164 μῶν
1210 4095 1382 4149 ταῦτα
1411 4094 1480 4148 τά
1513 4093 1768 4166 σώματα·

191 4184 348 4256 ἡμεῖς
383 4187 495 4258 γὰρ
520 4188 570 4239 οἱ
602 4187 804 4251 ζῶντες
835 4188 892 4239 αἱ
922 4187 1090 4257 ψυχαί
1137 4190 1322 4259 ἐσμεν,
1359 4189 1407 4240 οἱ
1443 4188 1770 4259 ἀπολαμϐά-

190 4293 372 4343 νοντες
404 4277 720 4350 ἐγερθέντες
746 4279 854 4351 (70)
886 4280 950 4332 ἐκ
971 4281 1068 4351 τῆς
1098 4279 1203 4349 γῆς
1228 4282 1354 4344 τοὺς
1379 4280 1632 4350 νεκρούςο
1660 4280 1768 4346 ἵνα,

186 4369 264 4434 ei;
299 4372 618 4442 ἀπάντησιν
653 4370 769 4441 ἅμα
801 4373 982 4436 αὐτοῖς
1017 4371 1388 4444 ἁρπασθέντες
1414 4372 1506 4425 τοῦ
1543 4372 1770 4444 Κυρίου,

1881 2181 2038 2252 longe
2083 2183 2151 2237 ab
2190 2181 2562 2252 apostolorum
2588 2177 2929 2249 temporibus
2961 2183 3015 2230 et
3040 2174 3332 2229 virtutibus
3365 2189 3451 2228 re-

1881 2284 2080 2336 motus,
2118 2274 2264 2346 quod
2291 2273 2509 2343 quidem
2538 2271 2793 2332 Emortale
2835 2275 2939 2331 est,
2989 2267 3257 2337 possideri
3291 2266 3446 2329 dicit,

1877 2367 2040 2420 vitam
2074 2374 2252 2421 autem
2314 2363 2614 2436 possidere.
2666 2360 2732 2414 Et
2758 2374 2979 2414 carnem
3011 2357 3227 2428 quidem
3257 2355 3394 2410 mori
3429 2396 3445 2420 ,

1877 2459 2142 2512 ccelorum
2180 2463 2360 2510 autem
2413 2468 2641 2525 regnum
2697 2450 2903 2505 vivere.
2960 2449 3097 2504 Cum
3150 2448 3332 2517 itaque
3373 2447 3449 2500 ait

1878 2549 2078 2605 Paulus
2111 2549 2176 2615 ⁸³,
2213 2565 2315 2603 non
2345 2561 2495 2616 posse
2526 2561 2738 2599 carnem
2768 2554 2817 2597 et
2847 2544 3154 2612 sanguinem
3182 2579 3198 2604 ,
3235 2555 3448 2609 regnum

1877 2640 1975 2695 Dei
2001 2641 2308 2710 possidere:
2345 2653 2453 2692 non
2504 2651 2590 2703 eo,
2635 2635 2834 2706 inquit,
2876 2633 3029 2696 dicit,
3061 2639 3121 2686 ut
3147 2631 3332 2685 carnis
3361 2645 3450 2685 re-

1877 2733 2276 2804 generationem
2305 2730 2555 2786 videatur
2589 2742 2786 2797 negare
2815 2743 2830 2792 ;
2861 2726 2955 2780 sed
2990 2731 3050 2778 ut
3091 2723 3306 2786 doceat,
3337 2737 3450 2776 non

1877 2825 2144 2896 possideri
2172 2839 2398 2895 regnum
2435 2821 2529 2877 Dei
2561 2822 2707 2892 quod
2747 2828 2830 2875 est
2854 2821 2964 2872 vita
2997 2824 3220 2878 atterna,
3265 2829 3294 2868 a
3327 2829 3449 2868 cor-

1879 2930 2042 2985 pore,
2074 2914 2169 2970 sed
2199 2929 2400 2984 corpus
2422 2927 2450 2966 a
2487 2912 2618 2967 vita.
2654 2909 2711 2964 Si
2737 2912 2882 2965 enim
2924 2922 3150 2978 regnum
3183 2905 3445 2966 Dei,cum

1875 3007 1946 3059 sit
1969 3005 2098 3070 vita,
2128 3019 2158 3057 a
2185 3019 2415 3074 corpore
2441 3001 2852 3072 possideretur;
2899 2999 3139 3054 eveniret
3166 3003 3225 3050 ut
3270 2995 3378 3049 vita
3414 3008 3448 3047 a

1876 3095 2228 3164 corruptione
2281 3095 2686 3150 absorberetur.
2743 3091 2899 3146 Nunc
2954 3097 3166 3153 contra,
3202 3088 3256 3142 id
3301 3087 3447 3156 quod

1875 3195 1957 3242 est
1991 3194 2288 3248 mortuum,
2319 3201 2348 3239 a
2373 3187 2484 3240 vita
2515 3185 2846 3256 possidetur,
2879 3191 2940 3237 ut
2969 3197 3118 3236 mors
3144 3182 3198 3235 in
3218 3179 3447 3234 victoria

1876 3282 2236 3336 absorbeatur
2261 3295 2292 3332 a
2327 3280 2436 3333 vita
2469 3299 2480 3334 :
2509 3277 2971 3348 corruptibileque
3020 3272 3152 3326 illud
3196 3273 3448 3326 incorru-

1881 3371 2050 3440 ptioni
2076 3369 2354 3440 possessio
2386 3369 2541 3424 cedat
2573 3387 2588 3434 ;
2642 3368 2930 3421 liberatum
2962 3363 3181 3434 quidem
3214 3378 3243 3415 a
3275 3372 3448 3417 morte

1881 3472 1935 3518 et
1964 3470 2209 3533 peccato,
2254 3461 2456 3515 factum
2491 3469 2670 3514 autem
2709 3455 3105 3512 immortalitati
3140 3454 3447 3524 subjectum

1879 3567 1931 3612 et
1963 3571 2215 3623 servum;
2267 3563 2326 3610 ut
2356 3569 2555 3624 corpus
2583 3551 2801 3623 quidem
2853 3549 2924 3606 sit
2969 3547 3398 3618 incorruptionis
3426 3585 3444 3611 ,

1877 3665 1985 3703 non
2017 3647 2357 3719 incorruptio
2387 3645 2652 3716 corporis.

1947 3915 2062 3971 VII.
2093 3916 2230 3972 Illud
2265 3933 2280 3972 :
2316 3915 2383 3971 Et
2415 3915 2609 3969 mortui
2644 3916 2733 3985 qui
2760 3915 2813 3969 in
2846 3913 3062 3969 Christo
3094 3921 3236 3977 sunt,
3265 3928 3442 3967 resur-

1876 4019 1994 4082 gant
2024 4011 2252 4081 primum
2277 4050 2294 4075 ,
2334 4009 2520 4064 deinde
2550 4027 2644 4063 nos
2673 4009 2763 4078 qui
2801 4008 3020 4062 vivimus
3055 4006 3102 4038 °"
3133 4023 3150 4059 :
3183 4007 3263 4060 sie
3299 4005 3447 4060 edis-

1879 4104 2011 4160 serit
2040 4102 2096 4157 S.
2131 4101 2456 4158 Methodius.
2490 4101 2603 4156 Iloc
2633 4113 2753 4156 est:
2793 4098 2914 4170 Ipsa
2948 4106 3134 4154 nostra
3169 4098 3282 4152 haec
3318 4112 3446 4151 cor-

1878 4206 2010 4262 pora
2038 4206 2051 4241 :
2085 4189 2196 4245 Nos
2231 4190 2377 4245 enim
2417 4191 2512 4260 qui
2541 4190 2777 4245 vivimus
2813 4189 2950 4259 (73),
3001 4189 3196 4242 animae
3230 4203 3444 4252 sumus,

1877 4285 1968 4354 qui
2002 4283 2332 4339 resumimus
2363 4283 2595 4338 excitata
2615 4297 2645 4334 a
2671 4291 2817 4337 terra
2839 4296 3069 4352 corpora
3101 4288 3348 4345 mortua;
3386 4288 3446 4334 ut

1880 4374 1936 4427 in
1969 4387 2260 4428 occursum
2293 4371 2532 4438 Domini,
2559 4388 2665 4426 una
2699 4387 2823 4427 cum
2855 4373 2964 4428 illis
2998 4371 3174 4441 rapti,
3209 4370 3448 4442 gloriose

251 4548 342 4606 "I
387 4548 511 4603 Cor.
544 4564 636 4612 xv,
660 4548 750 4603 55.
828 4548 874 4580 ⁸ο
904 4546 1035 4602 ibid.
1065 4546 1155 4602 42.
1225 4547 1268 4579 ⁸¹
1305 4546 1434 4601 ibid.
1462 4547 1552 4602 49.
1628 4548 1672 4580 ⁸¹
1699 4545 1916 4612 Cena",
1951 4549 2036 4604 I9.
2113 4549 2157 4582 ⁸³
2184 4548 2205 4602 I
2233 4547 2357 4604 Cor.
2387 4564 2476 4612 xv,
2504 4547 2592 4602 50.
2668 4545 2714 4578 ⁸⁸
2745 4544 2764 4598 1
2801 4545 2980 4600 Thess.
3013 4559 3086 4610 tv,
3117 4543 3200 4600 I6.

259 4721 384 4790 (69)
416 4723 536 4788 Tip-
576 4721 748 4790 ζωήν.
788 4721 946 4787 Editi,
979 4726 1040 4778 τὸ
1083 4723 1209 4789 ζῶν.
1247 4687 1504 4781 Fortasse
1545 4727 1764 4780 rectius.

1874 4726 2071 4798 Συρίας
2091 4725 2188 4798 τῇς
2211 4724 2592 4798 Παλαιστίνης.
2614 4723 2786 4794 Syria:
2810 4724 3135 4798 Palwstinaf,
3159 4734 3217 4778 ut
3240 4724 3437 4781 Euseb.

195 4790 599 4876 Hyreditariid
621 4793 758 4876 quod
789 4795 1010 4876 mortale
1040 4807 1115 4876 est
1149 4795 1296 4876 dicit,
1332 4795 1640 4876 nereditare
1669 4813 1767 4849 au-
1801 4807 1851 4876 θ’
1874 4790 2018 4876 μέν,
2049 4790 2215 4876 σιμ,
2249 4805 2307 4876 ει
2333 4806 2398 4876 ut
2419 4790 2864 4876 Plio'ti‘usmoster
2889 4796 2942 4876 iu
2973 4797 3207 4876 sua‘liac
3243 4798 3442 4876 Μυριο-

197 4879 292 4936 tem
321 4866 380 4915 id
408 4863 554 4936 quod
602 4864 743 4936 vivit.
792 4863 904 4936 Hoc
945 4866 1150 4919 dictum
1197 4866 1556 4936 refertiiuter
1601 4881 1764 4936 Opera

197 4932 578 5007 deperditaS.
612 4931 809 4989 Justiui
855 4934 923 4990 M.
951 4938 1312 5007 doctissimus
1349 4931 1761 5007 Maranusipag.

199 5005 318 5064 596,
353 5005 452 5059 ubi
496 5005 607 5077 haec
641 5007 865 5077 adnotat
897 5005 1148 5077 {Similis
1194 5008 1460 5062 sententia
1489 5005 1766 5077 apud’lre-

198 5088 372 5130 nzum
407 5095 420 5128 :
457 5075 554 5144 qui
596 5076 812 5144 quidem
849 5075 979 5128 mihi
1011 5077 1223 5131 videtur
1251 5075 1558 5131 accuratius
1589 5078 1770 5131 dicere

198 5161 408 5198 carnem
434 5143 743 5198 hccreditate
761 5145 1014 5214 possideri
1046 5149 1096 5200 in
1127 5165 1302 5217 regno,
1337 5163 1396 5202 ea
1426 5148 1478 5200 in
1507 5145 1767 5216 Spiritum

201 5225 454 5268 sanctum
489 5219 851 5289 transferens,
877 5231 995 5285 quae
1029 5217 1330 5272 Illetliodius
1356 5218 1422 5273 de
1460 5218 1578 5287 ipso
1608 5234 1776 5289 regno

200 5289 463 5338 caelorum
489 5286 644 5340 dixit.
677 5285 845 5341 GALL.

263 5356 378 5427 (70)
428 5355 820 5427 Ἐγερθέττες.
852 5356 942 5427 Al.
972 5356 1309 5427 ὲγερθέντας.

263 5426 384 5495 (Ἠ)
441 5425 667 5493 Propter
701 5425 1115 5495 castigationem.
1165 5429 1264 5481 Διά
1309 5427 1606 5484 παίδευσιν.
1656 5427 1770 5482 Ru-

199 5495 680 5568 pilueald:_haliet,
712 5497 801 5568 διὰ
835 5497 1138 5568 παρακοήν.
1171 5497 1368 5551 Neutra
1409 5499 1569 5551 lectio
1617 5515 1771 5568 sper-

199 5567 400 5619 nenda.
447 5563 514 5619 Ut
541 5569 689 5620 enim
742 5563 968 5620 fuerit'a
1001 5563 1444 5636 praevaricatione
1493 5577 1546 5623 et
1586 5563 1773 5624 inobe-

203 5635 430 5708 dientia,
459 5637 756 5708 castigatio
781 5635 1163 5708 nihilominus
1211 5639 1333 5698 fuit,
1367 5653 1637 5708 pomaque
1686 5641 1772 5694 in-

204 5705 384 5776 ducta,
418 5723 519 5760 non
553 5705 831 5776 perdenda
863 5707 1085 5772 homini,
1119 5709 1210 5762 sed
1244 5705 1560 5763 erudiendo.

272 5775 392 5844 (72)
423 5775 668 5831 Justinus
703 5793 820 5830 vero
864 5775 1266 5847 Neapolitanus.
1304 5777 1623 5847 Neapoleos,
1659 5794 1768 5832 non

210 5847 436 5903 celebris
474 5849 625 5903 illius
675 5847 986 5918 Campaniae
1034 5849 1085 5901 in
1138 5846 1312 5914 Italia,
1369 5846 1464 5905 sed
1520 5865 1641 5919 qua:
1687 5860 1770 5904 est

1873 4866 2063 4938 ϐίϐλῳ*
2091 4867 2325 4938 Πατρίδα
2347 4861 2457 4938 εἶχε
2477 4866 2767 4925 Νεάπολιν.
2798 4866 2894 4938 τὴν
2922 4865 3146 4938 *τὴν
3171 4861 3441 4938 ὲπαρῇίαν

1871 4934 2129 4988 τελοῦσαν
2145 4934 2525 5008 Παλαιστίνης.
2545 4940 2782 5008 patriam
2797 4934 2976 5008 habuit
3007 4934 3443 5008 Neapolim,"!‘a-

1877 5008 2097 5060 lwstina:
2138 5022 2411 5076 accensum
2443 5004 2708 5076 oppidum.
2751 5004 2842 5060 Sic
2874 5004 3062 5060 Latine
3094 5007 3228 5061 satis
3273 5008 3441 5060 inter-

1875 5092 1999 5146 pres
2037 5077 2179 5146 apud
2207 5075 2483 5131 Iustinum
2510 5075 2786 5132 'Parisiua:
2829 5077 3084 5132 editionis
3123 5076 3281 5140 1615,
3333 5079 3440 5130 ιιιί-

1877 5163 2000 5200 nam
2041 5163 2196 5218 aeque
2225 5146 2533 5202 Christiane
2566 5149 2628 5218 in
2661 5147 2836 5218 titulo_
2856 5147 3074 5215 egisset,
3107 5163 3170 5201 ac
3208 5149 3288 5202 vel
3325 5163 3438 5202 non

1884 5215 2329 5279 lecissetlucum,
2360 5219 2442 5272 vel
2473 5219 2575 5273 sibi
2608 5217 2718 5271 Iieri
2747 5233 2776 5270 a
2799 5215 3042 5270 Grazeulo
3065 5219 3438 5284 schismatico,

1879 5298 2211 5356 praenotante
2232 5297 2492 5358 sanctum,
2520 5287 2623 5341 diri
2659 5288 2970 5358 scliismatis
2997 5289 3435 5358 antesignanum,

1879 5373 1986 5410 nou
2018 5359 2369 5427 permisisset.
2395 5357 2595 5413 Locum
2625 5374 2689 5411 ex
2734 5374 2841 5427 quo
2867 5357 3304 5427 Methodius’ista
3339 5359 3437 5412 de-

1878 5426 2116 5495 scrip’sit,
2155 5431 2292 5481 mala
2340 5429 2550 5483 numeri
2598 5426 2857 5498 ascriptio
2896 5429 2946 5480 iu
2982 5426 3195 5483 Justin
3217 5430 3434 5486 celavit.

1947 5499 2060 5566 (75)
2082 5498 2191 5551 Nos
2215 5499 2349 5552 enim
2370 5500 2459 5569 qui
2486 5500 2719 5552 vivimus.
2755 5499 3016 5554 Subtilior
3037 5500 3250 5553 videtur
3269 5514 3431 5568 quam

1879 5570 2104 5624 solidior
2145 5571 2273 5622 dicti
2321 5570 2604 5639 apostolici
2653 5572 2949 5639 expositio,
3007 5570 3140 5625 satis
3191 5570 3432 5639 alioquin

1878 5640 2107 5693 diilicilis
2131 5657 2146 5704 ;
2173 5657 2280 5709 quo
2313 5650 2489 5692 tamen
2525 5638 2927 5708 Paulusmagui
2961 5656 3072 5693 rem
3103 5638 3430 5694 sacramenti

1877 5711 2144 5764 contineri
2177 5711 2368 5763 innuit.
2404 5709 2722 5764 Communis
2760 5712 3048 5779 expositio,
3080 5718 3140 5764 ut
3179 5712 3433 5779 loquatur

1876 5782 1944 5834 de
1978 5783 2043 5834 iis
2075 5781 2166 5850 qui
2207 5789 2335 5834 tunc
2360 5781 2684 5848 superstites
2704 5790 2884 5845 erunt,
2918 5789 2972 5837 et
3010 5783 3061 5836 in
3088 5797 3277 5837 eorum
3307 5793 3431 5850 per-

1875 5866 2006 5906 sona
2031 5869 2044 5917 ;
2069 5866 2173 5922 qua
2198 5853 2265 5906 de
2296 5867 2354 5906 re
2384 5850 2455 5904 ibi
2489 5851 2832 5921 interpretes.
