4010 6328
219 422 308 480 317

1293 418 1388 476 EX
1422 417 1625 475 LIBRO
1661 416 1754 472 DE
1783 415 2381 480 RESURRECTIONE.

3332 419 3437 476 5l8

213 546 241 595 6
284 538 586 610 σοφώτατος
631 538 848 604 Παῦλος
892 540 1072 612 δηλοὲ’
1129 539 1299 610 Ἀνὴρ
1336 541 1453 612 μὲν
1492 541 1603 614 γὰρ
1664 543 1776 596 οὐκ

1886 544 2061 613 planat
2109 547 2547 617 sapientissimus
2595 544 2798 602 Paulus
2819 543 2909 601 ’τι
2947 542 3044 597 Vir
3084 540 3290 614 quidem
3336 559 3440 596 non

214 634 425 704 (ipsaet
475 633 1039 689 κατακαλύπτεσθαι
1089 632 1205 702 τὴν
1252 633 1547 703 κεφαλὴν,
1596 632 1775 687 εἰκὼν

213 728 300 781 zal
335 725 485 790 δόξα
537 725 689 780 Θεοῦ
718 724 1033 794 ὑπάρχων
1069 728 1150 789 είς
1185 725 1214 779 6
1250 728 1343 780 καὶ
1369 726 1438 779 τὰ
1468 725 1629 798 νοερά
1665 725 1774 779 τῶν

212 817 452 887 ἀγγέλων
477 815 709 887 σώματα
748 816 1218 888 διεκοσμήθησανς
1246 813 1393 888 Ἀρα
1427 818 1772 890 κυκλοτερὲς,

210 908 619 982 ῆπολυγώνιον,
666 908 700 979 ἢ
739 908 1035 980 κυσικὺν,ἢ
1077 910 1472 981 πυραμοειδέςς
1520 910 1774 963 Πλεῖσται

210 1004 307 1073 γάρ
330 1001 445 1054 τῶν
470 1001 767 1071 σχημάτων
794 1002 849 1055 αἱ
877 1000 1223 1073 παραλλαγαί
1241 1020 1255 1033 ο
1289 1002 1422 1056 ἀλλά
1448 1003 1606 1056 τοῦτο
1631 1004 1776 1075 ἀμή-

208 1110 380 1165 χανον.
420 1092 631 1145 υὺκοῦν
660 1093 744 1155 τίς
767 1094 800 1163 ἡ
829 1092 1227 1165 ἀποκλήρωσις,
1254 1094 1314 1147 τὸ
1349 1094 1446 1165 μὲν
1472 1094 1775 1147 θεοείκελον

211 1186 387 1257 σχῆμα
425 1184 709 1256 (ὁμολογεῖ
744 1184 851 1256 γὰρ
898 1184 992 1237 καὶ
1031 1186 1190 1249 αὐτὸς
1235 1186 1467 1257 ὁμοειδῆ,
1501 1182 1638 1240 εἶναι
1679 1184 1776 1257 τὴν

206 1277 373 1348 ψυχὴν
405 1275 487 1346 τῷ
522 1275 792 1346 σώματι·)
826 1276 1261 1347 ἀπαγορεόεσθαι
1291 1278 1366 1342 ὡς
1397 1277 1773 1349 ἀκλεέστερον,

207 1370 366 1425 ἄπουν
395 1368 457 1422 δὲ
482 1368 579 1422 καὶ
607 1367 825 1440 ἄχειρον
846 1368 1191 1435 ἀνίστασθαις

266 1553 363 1607 IB'.
407 1553 556 1616 Ὅτι,
582 1555 766 1626 φησὶν,
794 1554 824 1607 6
850 1554 1422 1627 μετασχηματισμδςὴ
1452 1557 1535 1622 είς
1556 1557 1617 1611 τὸ
1644 1558 1780 1612 ἀπα-

206 1644 288 1709 θὲς
310 1647 409 1699 καὶ
437 1644 652 1710 ἔνδοξόν
682 1647 828 1699 ἐστιν
878 1646 1336 1710 ἀποκατάστασις.
1367 1646 1480 1701 Νῦν
1519 1648 1622 1716 μὲν
1668 1649 1778 1721 γὰρ

204 1738 264 1791 τὸ
289 1736 464 1807 σῶμα
496 1737 793 1810 ἐπιθυμίας
826 1740 942 1792 ἐστὶ
973 1740 1066 1792 καὶ
1095 1737 1523 1806 ταπεινώσεως
1557 1741 1638 1794 διὸ
1681 1744 1778 1798 καὶ

204 1829 394 1901 Δανιὴλ
424 1830 587 1898 ἀνὴρ
612 1830 930 1899 ἐπιθυμίας
977 1831 1138 1902 ἤκουε
1169 1830 1304 1902 (80).
1340 1831 1470 1884 Τότε
1504 1831 1561 1885 δὲ
1609 1849 1776 1903 μετα-

210 1922 604 1991 σχηματίσεται
639 1923 720 1985 εἰς
752 1920 911 1993 σῶμα
935 1922 1171 1986 ἀπαθές’
1202 1923 1262 1976 οὐ
1293 1925 1358 1995 τῇ
1384 1922 1650 1997 ἐξαλλαγῇ
1678 1927 1777 1998 τῆς

1876 636 2024 691 debet
2074 639 2248 693 velare
2283 649 2439 709 caput
2485 656 2660 705 suum,
2689 639 2937 709 quoniam
2978 636 3153 708 imago
3184 646 3233 691 et
3270 636 3442 708 gloria

1876 728 1975 784 Dei
2002 741 2079 784 est
2097 746 2119 795 ;
2149 731 2218 785 ad
2250 733 2394 802 quod
2423 731 2611 796 etiam,
2646 728 2978 801 intelligendi
3013 727 3270 784 facultate
3299 745 3441 796 prae-

1875 820 1987 874 dita
2018 822 2335 890 angelorum
2367 837 2619 892 corpora,
2657 831 2916 876 exornata
2946 830 3074 875 sunt
3106 828 3160 875 et
3196 818 3448 890 digesta?

1875 909 2014 965 Num
2047 928 2175 983 ergo
2209 912 2379 983 figura
2422 912 2691 982 ejusmodi
2732 911 3019 968 rotundior
3046 911 3151 967 erit
3181 920 3275 965 aut
3303 911 3445 966 mul-

1876 1002 2120 1072 tangula.
2154 1010 2247 1055 aut
2304 1003 2517 1067 cubica,
2548 1011 2642 1056 aut
2671 1001 3062 1074 pyramidalis?
3094 1000 3268 1056 Variae
3296 1001 3443 1055 enim

1876 1103 2004 1151 sunt
2043 1094 2343 1165 figurarum
2382 1094 2757 1166 spccies:scd
2807 1107 2892 1150 est
2941 1095 3043 1149 hoc
3087 1093 3442 1164 impossibile.

1875 1186 2060 1259 Ecqua
2092 1202 2220 1242 vero
2247 1186 2580 1253 distributio,
2613 1197 2671 1241 ut
2701 1186 2873 1241 forma
2906 1187 3125 1256 quidem
3169 1185 3260 1241 Dei
3291 1185 3450 1240 simi-

1877 1277 1946 1333 lis
1975 1277 2231 1346 (similem
2265 1276 2410 1332 euim
2458 1277 2695 1330 animam
2738 1290 2862 1330 esse
2891 1276 3104 1346 corpori
3151 1276 3266 1345 ipse
3307 1290 3447 1345 quo-

1878 1386 1986 1440 que
2027 1370 2248 1441 fatetur)
2297 1385 2396 1425 ceu
2465 1369 2755 1441 ignobilior
2786 1370 3109 1439 obiiciatur;
3160 1371 3280 1426 sine
3315 1386 3445 1427 vero

1881 1460 2115 1532 pedibus
2144 1460 2508 1532 manibusque
2536 1461 2700 1515 homo
2726 1460 3015 1530 resurgat?

1950 1549 2069 1605 XII.
2111 1549 2565 1612 Transformatio,
2598 1550 2799 1621 inquit,
2833 1560 2917 1606 est
2941 1552 2995 1606 in
3020 1560 3220 1608 statum
3258 1552 3450 1607 immu-

1879 1658 2003 1699 nem
2031 1659 2060 1697 a
2097 1645 2372 1714 passione,
2395 1658 2458 1697 ac
2488 1643 2674 1714 gloriae
2744 1644 2800 1697 in
2831 1644 3100 1715 integrum
3144 1645 3442 1701 restitutio.

1880 1735 2036 1791 Nunc
2059 1737 2260 1806 quippe
2283 1752 2471 1805 corpus
2492 1736 2747 1792 desiderii
2782 1744 2864 1791 est
2887 1746 2940 1792 et
2968 1737 3280 1792 humilitatis
3296 1740 3445 1810 (82);

1881 1825 2027 1880 unde
2072 1834 2127 1880 et
2162 1824 2349 1879 Daniel
2380 1824 2458 1878 vir
2500 1823 2878 1880 desideriorum
2918 1829 3217 1898 appellatus
3254 1836 3339 1883 est
3357 1829 3445 1885 ⁸⁸ι

1885 1924 2015 1972 tunc
2046 1923 2225 1972 autem
2256 1917 2733 1988 transfigurabitur
2762 1919 2815 1972 in
2849 1934 3049 1990 corpus
3077 1920 3447 1989 impossibile;

205 2008 617 2082 διακοσμήσεως
662 2010 771 2063 τῶν
819 2009 1016 2081 μελῶν,
1067 2009 1202 2066 ἀλλά
1245 2010 1324 2083 τῷ
1364 2012 1439 2085 μὴ
1496 2014 1779 2086 ἐπιθυμεῖν

1886 2024 1990 2063 non
2036 2009 2405 2064 membrorum
2445 2017 2641 2064 ornatu
2688 2018 2915 2076 mutato,
2947 2010 3045 2067 sed
3082 2013 3449 2083 corporalium

205 2097 303 2151 τῶν
333 2099 545 2152 ὑλικῶν
566 2099 791 2172 ἡδονῶν.

270 2192 387 2245 ὀτι
431 2192 652 2269 φησὶν,
704 2190 1001 2263 ἐξελέγχων
1064 2191 1155 2246 τὸν
1217 2192 1518 2267 Ὠριγένηνο
1582 2194 1778 2250 Βούλε-

204 2299 285 2336 ται
326 2282 511 2335 τοίνυν
552 2284 582 2334 6
635 2284 915 2355 Ὠριγένης
956 2283 1051 2355 τὴν
1099 2285 1198 2356 μὲν
1244 2284 1413 2357 αὐτὴν
1452 2286 1632 2359 σάρκα
1679 2289 1780 2342 οὐκ

208 2376 671 2431 ἀποκαθίστασθαι
699 2379 766 2448 τῇ
798 2376 966 2448 ψυχῇ,
989 2378 1086 2450 τὴν
1118 2378 1174 2432 δὲ
1203 2379 1361 2432 ποίαν
1387 2380 1617 2434 ἑκάστου
1651 2399 1782 2454 μορ-

210 2468 326 2539 φὴν,
346 2468 495 2522 κατά
515 2469 577 2523 τὸ
605 2464 768 2534 εἶδος,
792 2468 853 2521 τὸ
879 2468 978 2540 τὴν
1003 2469 1181 2541 σάρκα
1201 2472 1296 2526 καί
1323 2471 1418 2526 νῦν
1447 2475 1781 2547 χαρακτηρί-

208 2561 307 2625 ζον,
344 2562 407 2613 ἐν
452 2559 634 2632 ἑτέρῳ
672 2560 1024 2632 πνευματικῷ
1067 2562 1515 2638 ἐντετυπωμένην
1547 2567 1783 2641 ἀναστή-

209 2652 380 2705 σεσθαι
409 2652 651 2722 σώματι·
673 2653 763 2706 ἶνα
787 2653 1016 2718 ἕκαστος
1038 2654 1199 2708 πάλιν
1221 2656 1250 2709 6
1279 2657 1441 2721 αὐτὸς
1470 2662 1610 2731 φανῇ
1642 2661 1781 2716 κατὰ

207 2744 294 2816 τὴν
339 2748 587 2817 μορφήψ
643 2745 738 2799 καὶ
779 2744 938 2800 τοῦτο
984 2742 1119 2801 εῖναι
1166 2747 1266 2820 τὴν
1308 2748 1782 2825 ὲπαγγελλομὲνην

208 2837 518 2891 ἀνάστασιν.
576 2837 829 2891 Ῥευστοῦ
874 2838 1004 2911 γάρ,
1056 2842 1241 2909 φησὶν,
1301 2842 1641 2916 ὑπάρχοντος
1687 2845 1781 2900 τοῦ

210 2928 383 2983 ὕλικοῦ
418 2930 702 3001 σώματος,
744 2930 840 2984 καὶ
880 2932 1149 3004 μηδέποτε
1184 2934 1434 3005 μένοντος
1464 2938 1548 3007 ἐφ’
1582 2938 1780 3011 ἑαυτῷ,

361 3023 765 3094 ἀπογινομένου
791 3024 886 3077 καὶ
916 3026 1292 3096 ἐπιγινομένου
1315 3045 1381 3081 πε
1392 3029 1443 3099 pl.
1467 3030 1527 3084 τὸ
1556 3025 1694 3096 εἶδος
1721 3031 1782 3085 τὸ

208 3115 612 3187 χαρακτηρίζον
639 3116 739 3187 τὴν
779 3116 1013 3187 μορφὴν,
1048 3118 1139 3188 ὑφ’
1172 3111 1232 3172 οὗ
1268 3120 1363 3173 καὶ
1392 3126 1780 3194 ωγκρατείται

1880 2101 2222 2171 voluptatum
2247 2102 2518 2157 exstincto
2540 2102 2835 2157 desiderio.

1951 2193 2090 2248 Tum
2129 2194 2227 2260 ait,
2259 2209 2567 2265 coarguens
2591 2193 2878 2267 Origenem
2904 2216 2919 2250 :
2948 2194 3237 2252 Existimat
3267 2197 3450 2268 itaque

1881 2283 2143 2356 Origenes
2183 2302 2293 2342 non
2325 2288 2573 2343 eamdem
2608 2288 2801 2343 animae
2830 2304 3049 2344 carnem
3086 2289 3449 2344 instauratum

1881 2380 1984 2447 iri;
2029 2378 2124 2434 sed
2156 2378 2291 2444 fore,
2335 2386 2395 2434 ut
2435 2381 2612 2450 qualis
2667 2389 2750 2437 est
2801 2379 3140 2450 singulorum
3182 2379 3355 2434 forma
3395 2378 3452 2433 in

1881 2473 2082 2544 specie,
2124 2488 2246 2544 quae
2276 2481 2332 2527 et
2364 2474 2525 2528 modo
2551 2487 2771 2528 carnem
2818 2488 2918 2527 ceu
2963 2472 3216 2543 obsignat
3250 2471 3452 2526 distin-

1881 2567 2123 2639 guitque,
2153 2565 2383 2637 spiritali
2406 2566 2497 2621 alii
2519 2566 2736 2637 corpori
2769 2566 3058 2636 impressa,
3083 2573 3363 2636 resurgat;
3393 2571 3455 2621 ut

1881 2661 2079 2716 iterum
2116 2657 2255 2713 idem
2287 2658 2541 2729 quisque,
2581 2657 2881 2714 secundum
2920 2657 3154 2727 speciem
3188 2656 3453 2712 formam-

1882 2767 1989 2823 que
2036 2759 2332 2823 appareat:
2363 2758 2526 2822 atque
2570 2751 2712 2806 banc
2756 2765 2879 2805 esse
2926 2751 3255 2819 promissam
3293 2750 3454 2808 nobis

1882 2844 2361 2901 resurrectionem.
2405 2842 2541 2898 Cum
2591 2843 2760 2911 enim,
2793 2841 2991 2912 inquit,
3032 2856 3234 2912 corpus
3279 2850 3455 2897 mata-

1884 2936 2018 2993 riale
2051 2936 2257 2991 ﬂuxum
2294 2937 2388 3002 sit,
2432 2950 2609 3006 neque
2641 2935 2696 2989 in
2741 2951 2799 2991 se
2843 2935 2962 3006 ipso
2996 2948 3233 3004 unquam
3280 2932 3456 2987 consi-

1885 3036 2013 3096 stat,
2054 3028 2150 3085 sed
2178 3028 2406 3083 decedat
2435 3028 2766 3096 accedatque
2802 3027 2952 3081 circa
2996 3025 3231 3096 speciem
3258 3023 3456 3080 dist-im

1884 3127 2136 3192 guentem
2188 3117 2443 3183 formam,
2501 3131 2609 3187 qua
2664 3118 2827 3171 etiam
2876 3116 3045 3187 ﬁgura
3097 3115 3453 3183 continetur;

203 3208 262 3261 τὸ
296 3210 503 3279 σχῆμαο
541 3207 755 3279 ἀνάγκη
801 3207 865 3279 δὴ
905 3212 1003 3280 την
1042 3210 1336 3265 ἀνάστασιν
1368 3213 1461 3266 ἐπὶ
1507 3213 1668 3285 μόνου
1701 3214 1779 3267 εἴ-

1887 3213 2047 3283 plane
2072 3209 2445 3266 necessarium
2467 3207 2777 3270 conﬁcitur,
2810 3215 2870 3262 ut
2899 3207 3230 3263 resurrectio
3256 3208 3313 3261 in
3337 3208 3456 3263 sola

202 3299 320 3363 δους
352 3299 600 3354 ἔσεσθαι.

271 3391 365 3449 [Ρ.
401 3390 547 3446 Εἶτα
576 3394 695 3464 μετ’
724 3392 903 3463 ὀλίγον
928 3392 1109 3464 φησίεν
1145 3392 1375 3459 Οὐκοῦν,
1406 3386 1451 3447 ὧ
1492 3395 1782 3467 Ὠρίγενες,

204 3486 248 3537 εἰ
278 3486 369 3537 ἐπὶ
394 3483 499 3538 τοῦ
530 3483 705 3547 εἴδους
731 3484 891 3555 μόνον
922 3482 1317 3553 προσδοκᾶσθαι
1351 3484 1657 3557 διισχυρίζῃ
1686 3486 1784 3558 τὴν

202 3577 501 3631 ἀνάστασιν
554 3577 612 3628 ὲν
660 3574 1013 3647 πνευματικῷ
1063 3575 1499 3648 μεταθησομένου
1552 3575 1784 3648 σώματι,

206 3669 476 3733 ἀπόδειξίν
513 3685 574 3721 τε
606 3668 981 3740 δοκιμωτάτην
1011 3669 1107 3741 τὴν
1139 3670 1280 3725 κατά
1303 3670 1394 3725 τὸν
1439 3669 1624 3724 Ἠλίαν
1655 3662 1787 3743 ἡμῖν

204 3760 465 3814 ὀπτασίαν
497 3760 599 3814 καὶ
643 3762 847 3820 Μωσέα
898 3762 1176 3834 παρέχεις·
1206 3761 1395 3832 ὥσπερ
1427 3763 1644 3827 ἐκεῖνοι,
1681 3762 1787 3831 φά-

208 3869 378 3923 μενος,
432 3851 583 3925 μετὰ
615 3853 714 3924 τὴν
744 3853 850 3906 ἀπὺ
876 3854 970 3907 τοῦ
1007 3853 1120 3923 βίου
1153 3854 1328 3919 ἔξοδον
1378 3852 1656 3925 ὤφθησαν,
1689 3854 1789 3925 οὐχ

201 3945 381 4018 ἕτερον
429 3946 571 4017 παρ’
618 3944 649 3998 6
694 3941 838 4017 εἶχον
886 3941 1025 4010 εἶδος
1058 3946 1116 4015 ἐξ
1177 3947 1349 4019 ἀρχῆς
1396 3947 1748 4014 διασώζοντες
1773 3962 1787 3979 ⁸

202 4040 336 4092 κατά
364 4040 441 4094 τὰ
472 4038 622 4093 αὐτὰ
664 4040 759 4093 καὶ
796 4041 829 4110 ἡ
867 4041 1082 4094 πάντων
1124 4039 1274 4094 ἔσται
1314 4042 1610 4103 ἀνάστασις
1647 4040 1785 4112 (81).

215 4131 269 4186 '0
303 4134 529 4207 Μωσῆς
586 4130 645 4184 δὲ
676 4131 771 4184 καὶ
810 4131 1015 4195 Ἠλίας,
1048 4133 1151 4205 πρὸ
1178 4129 1273 4185 τοῦ
1302 4133 1395 4186 τὸν
1423 4133 1655 4204 Χριστὸν
1687 4151 1790 4188 πα-

204 4222 309 4277 θεῖν
331 4226 431 4279 καὶ
460 4224 789 4293 ἀναστῆναι,
808 4224 908 4295 ήδη
936 4224 996 4277 τὸ
1013 4221 1150 4289 εἶδος
1171 4225 1344 4288 τοῦτο,
1367 4225 1396 4278 6
1423 4225 1549 4298 φῂς,
1574 4225 1789 4297 ἔχοντες

202 4318 511 4388 ἀνέστησαν
536 4317 633 4370 καὶ
662 4315 925 4387 ὤφθησαν
950 4333 964 4347 ·
1000 4317 1117 4381 πῶς
1139 4317 1202 4389 δὴ
1226 4316 1305 4371 ἔτι
1323 4320 1351 4370 6
1374 4317 1604 4391 Χριστὸς
1633 4322 1792 4388 Πρω-

198 4410 443 4476 τότοκος
477 4404 624 4462 εἶναι
656 4407 775 4461 τῶν
801 4408 1030 4477 νεκρῶν
1080 4410 1184 4463 ὑπὸ
1228 4409 1337 4462 τῶν
1365 4410 1659 4483 προφητῶν
1697 4410 1790 4465 καὶ

198 4500 301 4556 τῶν
334 4501 666 4556 ἀποστόλων
699 4501 922 4572 ᾀδεται;
957 4502 1021 4555 Ei
1049 4496 1535 4573 γὰρ’Πρωτότοκος
1565 4501 1672 4555 τῶν
1704 4519 1789 4555 νε-

195 4597 338 4667 κρῶν
360 4595 612 4668 Χριστὸς
634 4590 772 4649 εἶναι
802 4594 1177 4656 πεπίστευται,
1223 4593 1564 4666 πρωτότοκος
1585 4593 1641 4646 δέ
1669 4594 1785 4647 ἐστι

194 4687 297 4740 τῶν
322 4687 549 4759 νεκρῶν
575 4688 606 4739 ὁ
632 4687 738 4757 πρὸ
766 4687 986 4740 πάντων
1017 4684 1272 4749 ἀναστάς
1298 4688 1326 4740 6
1346 4685 1404 4738 δὲ
1445 4683 1646 4756 Μωσῆς
1681 4685 1780 4757 ήδη

193 4781 284 4834 καὶ
315 4781 432 4852 πρὸ
459 4778 562 4832 τοῦ
587 4779 681 4831 τὸν
713 4778 944 4849 Χριστὸν
979 4777 1169 4831 παθεῖν
1203 4776 1340 4849 ἔχων
1367 4781 1430 4830 τὸ
1462 4773 1599 4841 εἶδος
1628 4777 1786 4832 τοῦτο

195 4873 365 4946 ἒφάνη
398 4876 525 4936 τοῖς
549 4871 890 4934 ἀποστόλοις,
918 4871 1046 4941 περὶ
1069 4871 1097 4924 ὃ
1125 4869 1460 4941 πληροῦσθαι
1491 4870 1597 4942 φῂς
1622 4870 1785 4934 αὐτὸς

191 4966 281 5037 τὴν
309 4968 648 5021 ἀνάστασιν·
676 4964 779 5018 οὐκ
806 4964 916 5036 ἄρα
943 4963 1038 5017 τοῦ
1070 4963 1243 5028 εἴδους
1268 4965 1436 5035 χωρὶς
1458 4964 1558 5037 τῆς
1587 4966 1788 5038 σαρκός

253 5122 302 5156 ⁸⁷
330 5121 353 5178 1
382 5121 525 5178 Cor.
557 5137 637 5187 ιι,
670 5120 722 5174 7.
798 5120 843 5152 ⁸⁸
868 5118 1007 5175 Dan.
1041 5135 1119 5187 Ix,
1151 5121 1241 5176 23.
1315 5118 1360 5153 ⁸’
1389 5119 1552 5191 Apoc.
1585 5136 1626 5188 l,
1660 5121 1715 5177 5.

256 5278 377 5341 (80)
412 5280 657 5332 Ἦκουε.
691 5275 802 5347 Αι,,
838 5276 1060 5347 ἤκουσε.

254 5345 875 5417 (81)-Ἕσταιάνάοντζ
908 5347 971 5399 Al
1000 5386 1015 5407 ,
1045 5362 1126 5399 σοι
1158 5346 1348 5402 ἀνάστ.

257 5420 379 5484 (δὲ)
411 5418 629 5487 Corpus
650 5416 902 5470 desiderii
948 5427 997 5470 et
1027 5417 1365 5473 humilitatis.
1400 5416 1643 5473 Alterum
1692 5416 1793 5472 ha-

188 5487 275 5545 bet
313 5488 538 5543 Paulus
582 5487 814 5558 Philipp.
875 5503 955 5549 tu,
1005 5487 1098 5548 21.
1157 5489 1387 5542 alterum
1424 5495 1542 5558 ipse
1587 5488 1790 5558 aliique

320 5562 403 5613 im
444 5560 753 5617 insinuant,
781 5557 909 5611 dum
939 5558 1123 5612 carnis
1150 5564 1205 5612 et
1231 5557 1477 5627 corporis
1518 5557 1789 5615 desideria

321 5576 403 5613 im
444 5575 753 5617 insinuant,
781 5575 909 5611 uum
939 5575 1123 5612 carnis
1150 5575 1205 5612 et
1231 5575 1477 5627 corporis
1518 5575 1787 5615 uesmerta

189 5575 508 5702 munitur
562 5648 577 5684 :
623 5629 823 5702 vixque
860 5628 961 5702 nisi
996 5629 1049 5682 in
1080 5629 1274 5702 malam
1330 5638 1561 5702 partem.
1603 5632 1690 5702 _At
1717 5629 1787 5702 in

193 5698 423 5755 Daniele
478 5714 709 5754 summa:
741 5698 957 5752 virtutis
981 5698 1227 5768 probatio
1251 5707 1355 5762 est,
1382 5707 1442 5754 ut
1476 5700 1556 5753 uir
1579 5698 1786 5753 deside-

194 5774 405 5825 riorum
444 5770 705 5824 audierit.
740 5784 1047 5840 quanquam
1080 5785 1181 5840 nec
1212 5770 1327 5840 ipse
1376 5771 1515 5825 male
1562 5768 1787 5824 all‘ertur

1818 4568 1862 4624 D

1887 3302 2069 3373 specie
2098 3309 2153 3356 et
2186 3300 2362 3355 forma
2391 3299 2503 3355 fiat.

1954 3392 2094 3451 Xlll.
2137 3391 2341 3448 Deinde
2383 3401 2508 3463 post
2540 3405 2713 3462 pauca
2742 3389 2876 3445 dicit
2907 3408 2918 3443 :
2952 3387 3009 3444 Si
3055 3390 3241 3460 igitur,
3266 3405 3300 3443 ο
3337 3392 3458 3445 Ori-

1885 3501 2073 3559 genes,
2105 3485 2560 3542 resurrectionem
2609 3483 2663 3537 in
2694 3483 2810 3538 sola
2856 3482 3038 3551 specie
3077 3493 3132 3536 et
3169 3480 3365 3545 forma,
3398 3482 3456 3538 in

1886 3579 2132 3651 spiritale
2163 3594 2364 3649 corpus
2404 3584 2633 3643 mutata,
2675 3575 3094 3645 exspectandam
3144 3574 3454 3639 contendis,

1886 3682 1940 3730 et
1962 3674 2225 3729 visionem
2256 3671 2386 3726 Eliaa
2411 3678 2463 3726 et
2494 3671 2696 3739 Moysis
2722 3684 2819 3741 pro
2844 3668 3154 3723 certissima
3188 3667 3346 3723 nobis
3370 3668 3460 3723 de-

1887 3765 2285 3821 monstratione
2319 3764 2543 3818 exhibes
2578 3759 3075 3833 :quemadmodum
3119 3758 3217 3826 illi,
3251 3760 3455 3829 inquis,

1890 3866 2014 3929 post
2037 3866 2289 3922 mortem,
2330 3873 2438 3911 non
2479 3856 2584 3909 alia
2630 3868 2795 3925 quam
2840 3852 3086 3907 viventes
3115 3852 3243 3905 olim
3292 3851 3461 3906 habe-

1887 3949 2041 4013 bant,
2065 3950 2246 4018 specie
2275 3946 2558 4017 formaque
2584 3951 2991 4015 apparuerunt;
3027 3944 3100 3996 ita
3130 3951 3183 3998 et
3208 3957 3310 3997 nos
3340 3957 3461 3996 om-

1888 4056 1988 4095 nes
2026 4055 2394 4110 resurgemus.
2425 4037 2588 4108 Atqui
2635 4036 2851 4108 Moyses
2880 4035 3154 4105 Eliasque,
3182 4034 3294 4104 jam
3330 4040 3459 4090 ante

1890 4129 2096 4187 Christi
2126 4133 2434 4201 passionem
2461 4145 2524 4184 ac
2556 4128 3035 4191 resurrectionem,
3062 4126 3289 4180 formam
3316 4124 3458 4180 hanc

1891 4238 2056 4293 quam
2092 4223 2193 4287 ais,
2224 4222 2485 4276 habentes
2512 4228 2934 4275 resurrexerunt
2965 4225 3019 4273 et
3051 4223 3454 4287 apparuerunt:

1890 4317 1984 4385 qui
2008 4330 2139 4386 ergo
2163 4313 2418 4370 Christus
2477 4311 2866 4383 Primogenitus
2911 4320 3237 4364 mortuorum
3260 4308 3306 4341 ”
3337 4322 3460 4376 pro-

1890 4408 2108 4478 phetico
2137 4407 2547 4478 apostolicoque
2575 4405 2847 4476 praeconio
2876 4401 3225 4459 celebratur?
3254 4398 3388 4453 Nam
3410 4397 3460 4454 si

1891 4498 2146 4571 Christus
2169 4498 2569 4568 Primogenitus
2592 4504 2933 4550 mortuorum
2965 4492 3208 4548 creditus
3235 4498 3338 4552 est,
3373 4493 3462 4547 est

1892 4607 2021 4647 vero
2066 4590 2467 4660 primogenitus
2511 4598 2871 4650 mortuorum,
2901 4587 2993 4655 qui
3037 4599 3227 4639 omnes
3267 4594 3459 4637 resur-

1890 4684 2064 4756 gendo
2091 4682 2407 4754 praecessit:
2447 4679 2660 4752 Moyses
2686 4686 2868 4735 autem
2917 4679 3030 4748 jam
3084 4687 3211 4732 ante
3253 4672 3459 4731 Christi

1890 4781 2201 4853 passionem
2231 4793 2295 4834 ea
2321 4777 2496 4832 forma
2520 4776 2784 4847 apostolis
2816 4773 2969 4830 visus
2996 4785 3102 4837 est,
3144 4772 3199 4825 in
3230 4784 3337 4841 qua
3368 4783 3458 4825 re-

1891 4873 2283 4930 surrectionem
2354 4869 2683 4939 implendam
2753 4867 2892 4923 dicis
2945 4886 2958 4922 :
3016 4866 3204 4934 utique
3276 4859 3463 4931 sequi-

1894 4974 1984 5022 tur
2013 4962 2150 5036 (85),
2187 4969 2248 5018 ut
2286 4960 2463 5018 forma
2496 4974 2605 5015 non
2642 4967 2892 5045 resurgat
2933 4955 3052 5010 sine
3093 4965 3278 5008 carne.
3322 4945 3463 5003 Nam

1897 5273 2035 5342 θείᾳ.
2057 5279 2111 5328 et
2140 5278 2284 5327 statu
2318 5270 2523 5342 gloriae.
2551 5284 2661 5341 quo
2689 5269 2805 5326 sola
2833 5275 2937 5336 est,
2958 5266 3044 5323 vel
3071 5272 3130 5322 ut
3151 5265 3267 5322 sola
3307 5264 3467 5321 beata

1895 5330 2199 5400 desiderata
2233 5330 2532 5411 possessio.

1966 5415 2080 5485 185)
2117 5405 2304 5485 Utique
2349 5413 2607 5485 sequitur,
2640 5421 2699 5463 ut
2727 5410 2902 5485 forma
2933 5426 3036 5485 rion
3085 5414 3323 5485 resurgat
3354 5405 3468 5485 sine

1894 5474 2074 5538 carne:
2104 5474 2230 5537 Οὐκ
2250 5484 2357 5553 ἄρα
2387 5474 2482 5537 τοῦ
2515 5481 2686 5545 εἴδους
2711 5474 2879 5553 χωρὶς
2910 5480 3007 5550 τῆς
3035 5474 3467 5553 σαρκὸςὲστινςιι

1894 5555 2211 5618 ἀνάστασις.
2247 5544 2405 5609 Clara
2460 5544 2763 5609 conclusio,
2794 5544 2984 5621 'quam
3039 5544 3298 5602 Sc'hottus
3328 5544 3468 5599 male

1893 5626 2322 5694 assumptionem
2356 5624 2485 5677 facit
2516 5641 2529 5676 :
2572 5637 2913 5692 sequensque
2949 5621 3204 5694 dilemma
3252 5630 3468 5694 assum-

1892 5688 2099 5768 ptionis
2123 5696 2307 5764 specie
2343 5694 2602 5768 obseruat
2636 5688 2862 5768 planeet
2892 5688 3213 5768 confundit:
3250 5693 3308 5739 ut
3337 5697 3469 5741 vero

1892 5761 2267 5827 reddidimus.
2312 5764 2446 5818 nihil
2490 5761 2652 5818 habet
2701 5761 3074 5821 difﬁcultatis;
3135 5761 3358 5826 ipseque
3407 5768 3468 5810 se

192 5840 246 5896 in
302 5841 671 5908 enmplum;
720 5827 850 5919 sunt
902 5827 1066 5920 enim.
1093 5827 1255 5894 etiam
1297 5840 1567 5907 ejusmodi
1603 5841 1784 5895 cordis
1889 5835 2068 5906 ipsum
2113 5834 2445 5904 Metltodius,
2476 5849 2641 5904 quam
2693 5827 3179 5957 ἐπιγεῧηματικρς
3224 5827 3310 5906 sit.
3340 5837 3466 5880 ner-

192 5912 429 5957 mntriti
458 5918 648 5957 sancta
678 5908 970 5957 desideria.
1001 5909 1173 5957 aliena
1196 5910 1266 5957 ab
1303 5925 1499 5957 summ
1527 5910 1619 5957 illa
1640 5911 1782 5957 ἀπα-
1891 5922 2166 5957 vususnue
2222 5912 2443 5957 aruutor
2536 5903 2795 5957 ostendit.
2901 5904 3063 5957 bmue
3118 5913 3175 5953 tn
3226 5903 3346 5951 ιεῑιί
3404 5891 3466 5946 τδ

191 5912 430 5969 contriti
458 5918 648 5967 sancta
678 5908 970 5977 desideria,
1001 5909 1174 5967 aliena
1196 5910 1266 5968 ab
1303 5925 1500 5983 supera
1527 5910 1620 5967 illa
1640 5911 1782 5967 ἀπα-

1891 5891 2191 5981 ιῖοεψςῳὶο
2222 5891 2443 5978 argutor
2497 5891 2801 5960 'ostcndit:
2854 5891 3063 5972 Ubique
3118 5898 3175 5953 in
3226 5895 3346 5951 istis
3404 5891 3470 5946 τὸ
