4010 6328
183 217 276 273 521

1267 221 1354 276 EX
1397 223 1600 279 LIBRO
1644 223 1732 277 DE
1769 221 2366 282 RESL'RRECTIONE.

3323 233 3429 288 52%

184 339 502 409 τελευτήσας
536 341 655 410 μὲν.
694 341 930 406 ἀναστάς
959 342 1012 395 δὲ
1051 342 1152 415 ἤδη
1187 345 1251 397 ἐκ
1281 345 1488 418 νεκρῶν
1512 347 1737 400 οὐδέπω.

1845 361 1975 417 ergo
2009 345 2119 415 (88)
2154 347 2406 416 apparuit
2433 361 2558 402 cum
2587 362 2838 420 corpore,
2898 355 3125 419 eratque
3147 359 3426 420 mortuus;

183 431 284 485 Καὶ
309 428 474 483 ταῦτα
506 431 590 484 ἶνα
618 431 681 502 δὴ
718 434 1165 506 συγχωρήσωμεν
1191 435 1268 507 τῷ
1307 437 1588 509 Ὠριγένει,
1628 437 1751 492 καθ’

181 522 334 575 ἑαυτὸ
364 523 425 574 τὸ
473 518 614 587 εἶδος
653 523 862 592 λέγοντι
914 524 1052 596 μετὰ
1084 525 1183 598 τὴν
1225 527 1478 600 τελευτὴν
1522 527 1752 593 ἀποζευ-

180 615 438 685 γνὺμενον
481 616 589 668 ἀπὸ
622 615 714 670 τοῦ
753 616 1001 688 σώματος
1030 621 1094 689 τῇ
1144 619 1288 690 ψυχῇ
1318 619 1576 685 δίδοσθαι,
1613 622 1751 692 ὅπερ

176 709 316 760 ἐστὶν
345 708 604 762 ἁπάντων
635 709 916 774 ἀδύνατον,
944 709 1020 780 τῷ
1051 711 1489 783 προαπόλλυσθαι
1521 714 1581 767 τὸ
1613 709 1750 778 εἶδος

174 800 276 852 τῶν
325 799 550 871 σαρκῶν
603 802 662 853 ἐν
709 803 831 865 ταῖς
874 801 1210 866 ἀλλοιώσεσι,
1263 803 1510 875 καθάπερ
1545 804 1639 857 καὶ
1688 804 1751 858 τὸ

175 892 351 962 σχῆμα
386 891 482 945 τοῦ
518 894 995 966 συγχωνευομένου
1037 895 1351 966 ἀνδριάντος
1383 895 1488 967 πρὸ
1515 897 1612 968 τῆς
1635 896 1750 950 δια..

172 983 371 1047 λύσεως
394 983 489 1037 τοῦ
521 984 664 1038 ὅλου.
704 986 825 1038 Ὅτι
866 985 939 1057 μὴ
984 984 1203 1040 δύναται
1249 986 1577 1059 χωρίζεσθαι
1623 987 1748 1042 καθ’

173 1078 463 1131 ὑπόστασιν
496 1078 607 1132 ἀπὸ
648 1078 746 1148 τῆς
778 1078 911 1149 ὕλης
953 1081 986 1151 ἡ
1021 1079 1273 1148 ποιότης·
1308 1079 1598 1151 χωρίζεται
1649 1081 1748 1152 μὲν

169 1169 270 1240 γὰρ
319 1169 433 1222 ἀπὸ
494 1167 591 1222 τοῦ
646 1169 963 1242 ἀνδριάντος
1009 1171 1372 1242 χωνευθέντος
1420 1173 1454 1245 ἡ
1500 1172 1627 1245 περὶ
1669 1173 1748 1245 τῷ

168 1261 345 1333 χαλκῷ
402 1263 589 1334 μορφὴ
620 1263 1012 1335 ἀφανιζομένη,
1061 1263 1124 1317 οὑ
1178 1264 1286 1336 μὴν
1333 1264 1624 1334 ὑφεστῶσα
1667 1265 1746 1319 ἔτι

169 1357 281 1409 κατ’
308 1355 529 1410 οὐσίαν.

228 1447 322 1502 ιε’.
383 1450 542 1502 Ἐπεὶ
571 1448 629 1502 δὲ
655 1447 876 1517 λέγεται
902 1449 959 1502 ἐν
978 1447 1056 1520 τῷ
1077 1448 1295 1521 θανάτῳ
1324 1449 1386 1503 τὸ
1419 1445 1556 1515 εἶδος
1581 1449 1746 1523 χωρί-

167 1541 343 1605 ζεσθαι
375 1541 491 1596 ἀπὸ
535 1541 638 1612 τῆς
674 1543 912 1614 σαρκὸς,
947 1541 1098 1613 φέρε,
1139 1542 1199 1595 τὸ
1232 1541 1596 1614 χωριζόμενον
1646 1560 1744 1596 πο-

167 1634 333 1705 σαχῶς
379 1634 606 1702 λέγεται
656 1632 1004 1706 χωρίζεσθαι,
1039 1633 1481 1706 ἐπισκεψώμεθα.
1513 1634 1742 1704 Λέγεται

1855 445 1910 492 at
1942 453 2048 492 non
2079 439 2227 494 velut
2252 439 2366 509 jam
2396 456 2462 495 ex
2497 442 2728 497 mortuis
2761 443 3174 498 resurrexisset.
3214 443 3279 498 Et
3313 445 3429 502 lucc

1851 527 2126 583 utdemus
2171 529 2376 599 aliquid
2425 528 2666 602 Origeni,
2717 531 2812 602 qui
2856 532 3029 602 ipsam
3073 549 3172 604 per
3219 551 3279 591 se
3314 536 3432 590 for-

1851 633 2018 683 mam,
2056 627 2180 690 post
2222 628 2451 677 mortem
2503 637 2534 676 a
2573 639 2803 694 corpore
2853 624 3181 694 seiunctam,
3231 629 3433 684 anima:

1851 707 2006 762 reddi
2037 708 2192 775 dicit,
2223 710 2367 780 quod
2409 726 2520 781 prae
2558 713 2815 768 omnibus
2848 712 3032 769 minus
3064 715 3280 771 videtur
3301 734 3432 788 pos-

1850 801 2036 866 sibile;
2068 817 2133 857 eo
2155 801 2301 872 quod
2345 802 2398 857 in
2449 804 2890 869 alterationibus,
2919 806 3072 875 prior
3115 796 3288 862 forma
3314 809 3431 882 (89)

1848 907 2013 963 quam
2045 908 2244 949 carnes
2276 904 2700 966 corrumpatur;
2746 907 2807 950 ut
2850 906 2904 953 et
2955 898 3126 970 ﬁgura
3158 901 3292 957 fusae
3324 914 3432 960 sta-

1849 991 1956 1039 tuae
1984 982 2142 1051 prius
2162 1000 2327 1056 quam
2373 993 2550 1040 totum
2596 987 2963 1044 dissolutione
3003 992 3260 1051 intereat.
3304 994 3424 1052 Non

1847 1074 1992 1130 enim
2020 1083 2199 1144 potest
2227 1076 2466 1146 qualitas
2498 1092 2528 1130 a
2560 1078 2790 1132 materia
2831 1081 3099 1149 separari,
3139 1083 3213 1137 ita
3243 1089 3300 1138 ut
3331 1100 3432 1155 per

1846 1181 1908 1221 se
1933 1165 2164 1221 exsistat
2196 1185 2208 1220 :
2235 1176 2522 1237 separatur
2544 1167 2768 1239 quidem
2803 1185 2833 1223 a
2859 1169 2980 1226 fusa
3009 1183 3187 1228 statua
3217 1191 3339 1245 qua:
3367 1178 3428 1234 in

1845 1271 1953 1312 aere
1996 1263 2102 1324 est,
2134 1256 2313 1313 deleta
2353 1256 2550 1326 forma,
2587 1259 2668 1314 sic
2717 1266 2902 1317 tamen
2960 1268 3018 1316 ut
3050 1279 3162 1319 non
3193 1269 3430 1340 amplius

1846 1349 2149 1405 secundum
2184 1349 2551 1404 substantiam
2582 1351 2870 1408 subsistat.

1916 1436 2032 1495 XV.
2066 1438 2204 1506 Quia
2218 1455 2351 1495 vero
2374 1439 2549 1495 forma
2569 1455 2598 1494 a
2615 1457 2780 1498 carne
2799 1444 2854 1498 in
2881 1454 3056 1504 morte
3078 1451 3324 1519 separari
3353 1452 3432 1508 di-

1843 1534 2023 1603 citur;
2057 1549 2188 1607 age,
2227 1543 2363 1605 quot
2411 1534 2588 1591 modis
2641 1553 2812 1592 unum
2846 1540 2915 1594 ab
2965 1542 3138 1598 altero
3183 1547 3424 1616 separari

1843 1627 2082 1692 dicatur,
2113 1627 2421 1683 videmnus.
2465 1628 2675 1685 Dicitur
2696 1647 2824 1704 ergo
2848 1648 3018 1688 unum
3043 1636 3109 1690 ab
3133 1637 3239 1691 alio
3269 1654 3427 1708 sepa-

164 1725 330 1776 τοίνυν
359 1722 702 1795 χωρίζεσθαι
734 1740 788 1775 τι
821 1723 929 1777 ἀπό
960 1741 1105 1788 τινος
1140 1723 1173 1795 ἢ
1210 1724 1460 1796 ἐνεργείᾳ
1491 1724 1585 1779 καὶ
1619 1725 1737 1779 ὑπο-

1850 1719 1996 1786 rari,
2022 1719 2108 1774 vel
2149 1729 2278 1775 actu
2309 1729 2362 1776 et
2396 1720 2774 1786 subsistentia,
2809 1724 2894 1778 vel
2924 1728 3253 1797 cogitatione
3292 1748 3304 1784 :
3342 1730 3428 1786 vel

166 1816 364 1875 στάσει,
387 1815 423 1885 ἦ
448 1815 685 1886 ἐπινοίᾳ·
719 1815 753 1886 ἤ
784 1815 1055 1887 ἐνεργείᾳ,
1084 1816 1145 1869 οὑ
1176 1814 1282 1887 μὴν
1306 1815 1399 1869 καὶ
1423 1815 1735 1870 ὑποστάσει.

174 1908 254 1971 ὀς
281 1909 327 1960 ει
356 1907 572 1977 πυρούς
616 1924 699 1971 τις
744 1907 840 1960 καὶ
881 1907 1076 1980 κριθάς
1120 1907 1432 1979 μεμιγμένα
1458 1908 1742 1979 χωρίσειεν

164 2001 249 2053 ἀπ’
283 2000 574 2072 ἀλλήλων·
699 2001 798 2071 μὲν
839 1999 948 2073 γὰρ
995 2001 1135 2056 κατὰ
1178 2000 1394 2072 κίνησιν
1426 2002 1736 2073 χωρίζεται,

167 2091 409 2160 ἐνέργεια
433 2091 678 2159 λέγεται·
800 2091 856 2144 δὲ
892 2091 1226 2163 χωρισθέντα
1259 2092 1582 2164 ὑφέστηκεν,
1609 2093 1738 2146 ὑτιο-

167 2182 335 2236 στάσει
370 2184 596 2251 λέγεται
637 2185 989 2256 κεχωρίσθαι.
1052 2184 1294 2258 Ἐπινοίᾳ
1337 2185 1416 2250 δὲ,
1465 2187 1594 2240 ὅταν
1640 2187 1738 2258 τὴν

165 2273 284 2346 ὕλην
317 2275 428 2330 ἀπὸ
467 2275 583 2328 τῶν
626 2277 926 2347 ποιοτήτων
958 2275 1298 2348 χωρίζωμεν,
1333 2276 1429 2330 καὶ
1461 2276 1560 2340 τὰς
1591 2278 1739 2331 ποιό-

166 2385 318 2440 τητας
356 2369 469 2423 ἀπὸ
503 2368 606 2438 τῆς
637 2367 788 2432 ὕλης,
818 2369 1066 2439 ἐνεργείᾳ
1105 2369 1181 2433 δὲ,
1231 2369 1291 2422 οὑ
1329 2369 1436 2441 μὴν
1469 2371 1562 2423 καὶ
1602 2371 1737 2424 ὑπο-

168 2460 359 2523 στάσει,
391 2460 528 2512 ὅταν
559 2457 829 2530 χωρισθέν
851 2473 904 2509 τι
930 2457 1039 2510 ἀπό
1069 2473 1216 2520 τινος
1248 2457 1446 2529 μηκέτι
1480 2458 1735 2530 ὑπάρχοι,

168 2551 450 2605 ὑπόστασιν
490 2550 684 2613 οὑσίας
714 2550 815 2602 οὑκ
855 2548 1013 2620 ἔχων.
1051 2549 1210 2620 Γνοίη
1241 2549 1286 2602 δ’
1325 2550 1392 2605 άν
1424 2567 1510 2614 τις
1542 2549 1638 2604 καὶ
1679 2552 1738 2604 ἐν

167 2647 264 2706 τοῖς
290 2643 610 2714 χειροτεχνή
622 2658 751 2711 μασι
783 2641 858 2705 ῶς
889 2641 1022 2712 ἔχει,
1057 2642 1352 2714 ἀνδριάντα
1388 2641 1532 2706 ἰδὼν,
1566 2643 1598 2714 ἢ
1651 2643 1739 2695 ἵπ-

167 2751 254 2789 πον
296 2733 559 2806 χαλκοῦν.
597 2732 782 2786 Ταῦτα
827 2733 936 2805 γάρ
984 2733 1352 2805 λογιζόμενος,
1401 2734 1590 2805 ὑψεται
1639 2735 1738 2808 τὴν

166 2826 387 2895 ἔμφυτον
439 2825 663 2897 μορῳὴν
708 2824 1122 2878 διαλλάττοντα·
1169 2828 1248 2889 εἰς
1279 2826 1335 2878 δὲ
1379 2826 1571 2898 ἐτέραν
1617 2827 1738 2898 ὄψιν

167 2917 528 2988 μεθιστάμενα
561 2918 654 2986 ὑφ’
679 2910 748 2987 ἧς
777 2916 886 2988 (87)
918 2916 978 2969 τὸ
1007 2918 1402 2990 ξυγγενόμενον
1431 2915 1567 2984 εἶδος
1593 2921 1736 2988 ἀφα-

162 3009 376 3072 νίζεται.
409 3010 474 3062 ΕΞ
523 3009 636 3078 γάρ
673 3025 758 3070 τις
787 3008 854 3061 τὰ
883 3007 1017 3080 ἔργα
1049 3009 1119 3063 τά
1167 3013 1614 3083 σχηματιζόμενα
1657 3013 1737 3075 εἰς

161 3097 293 3162 εἶδος
325 3100 612 3171 ἀνθρώπου
661 3101 696 3170 ἢ
747 3100 914 3153 ἵππου
967 3103 1238 3173 συντήκοι,
1285 3104 1509 3175 εὑρήσει
1539 3103 1600 3157 τὸ
1636 3103 1734 3174 μὲν

157 3191 244 3246 τοῦ
280 3195 559 3264 σχήματος
588 3189 730 3256 εἶδος
751 3193 1167 3266 ἀφανιζόμενον,
1199 3196 1365 3268 αὐτὴν
1387 3197 1443 3250 δέ
1473 3198 1572 3268 τὴν
1604 3196 1734 3267 ὕλην

162 3286 438 3353 μένουσαν.
483 3287 647 3339 Ὥστε
681 3285 984 3340 ἀσύστατον
1020 3287 1079 3339 τὸ
1109 3287 1290 3356 λέγειν
1339 3288 1398 3340 τὸ
1452 3288 1548 3358 μὲν
1595 3285 1732 3352 εἶδος

158 3377 470 3431 ἀνίστασθαι
510 3377 913 3448 ἠμαυρωμένον
941 3378 1123 3449 μηδὲν,
1157 3379 1218 3432 τὸ
1245 3379 1303 3432 δὲ
1334 3378 1493 3451 σῶμα
1513 3380 1570 3431 ἐν
1592 3372 1636 3446 ᾧ
1666 3373 1733 3450 ἦν

160 3469 211 3521 τὸ
235 3465 369 3532 εἶδος
400 3469 877 3540 ἐντετυπωμένον,
911 3468 1338 3542 διαφθείρεσθαι.

219 3651 328 3716 ις’.
378 3649 550 3704 Ἀλλὰ
580 3652 689 3715 ναὶ,
722 3651 916 3722 φησίν·
948 3653 1006 3704 ἐν
1049 3649 1403 3721 πνευματικῷ
1427 3651 1533 3722 γὰρ
1569 3668 1733 3721 μετα-

157 3742 428 3815 τεθήσεται
462 3744 702 3816 σώματι.
729 3744 939 3798 Οὐκοῦν
966 3746 1174 3817 ἀνάγκη
1204 3746 1264 3798 τὸ
1297 3746 1394 3816 μὲν
1419 3743 1558 3810 εἶδος
1590 3747 1732 3812 ἰδίως

157 3834 425 3904 ὁμολογεῖν
473 3837 610 3890 αὑτὸ
656 3837 717 3890 τὸ
751 3837 964 3908 πρῶτον
995 3838 1069 3910 μὴ
1109 3838 1452 3904 ἀνίστασθαι,
1500 3839 1577 3910 τῷ
1613 3857 1734 3892 συν-

155 3926 474 3996 ηλλοιῶσθαι
521 3931 652 3983 αὑτὸ
694 3929 990 4001 συμφθίνον
1034 3932 1100 4001 τῇ
1155 3931 1348 4001 σαρκί·
1390 3931 1490 3986 κᾶν
1534 3933 1643 4006 γὰρ
1675 3935 1732 3986 ἐν

156 4020 505 4092 πνευματικῷ
539 4021 890 4093 μεταπλασθῇ
932 4019 1165 4093 σώματι,
1193 4022 1325 4076 αὑτὸ
1370 4024 1468 4096 μὲν
1501 4025 1644 4090 ἰδίως
1673 4026 1731 4079 τὸ

155 4110 353 4179 πρῶτον
396 4112 767 4182 ὑποκείμενον
801 4113 976 4165 ἐκεῖνο
1022 4112 1122 4165 οὑκ
1170 4111 1342 4179 ἔσται,
1393 4115 1645 4186 ὁμοιότης
1673 4115 1730 4169 δέ

153 4215 224 4264 τις
255 4203 472 4256 ἐκείνου
506 4205 565 4255 ἐν
599 4203 923 4276 λεπτομερεί
961 4205 1458 4278 μεταπεπλασμένη
1498 4206 1725 4286 σῶματι·

152 4293 193 4343 εὶ
215 4292 267 4345 δὲ
301 4296 449 4364 μήτε
487 4295 547 4346 τὸ
595 4291 734 4360 εἶδος
767 4296 829 4348 τὸ
858 4296 1010 4372 αὑτὸ,
1058 4298 1196 4368 μήτε
1228 4296 1290 4350 τὸ
1323 4297 1480 4368 σῶμα
1513 4299 1730 4352 ἀνίστα-

1843 1817 1991 1876 actu,
2029 1826 2142 1866 non
2176 1811 2306 1867 item
2357 1811 2734 1868 subsistentia.
2770 1813 2840 1868 Ut
2871 1815 2916 1869 si
2940 1819 3064 1886 quis
3093 1819 3330 1873 triticum
3370 1826 3427 1876 et

1841 1900 2104 1957 hordeum
2129 1903 2296 1958 mista
2325 1901 2467 1958 inter
2495 1917 2573 1968 se,
2597 1914 2849 1960 secernat
2875 1925 2888 1961 :
2915 1916 3185 1977 quatenus
3206 1907 3424 1980 quidem

1840 2009 1938 2064 per
1964 2005 2169 2050 motum
2205 2004 2552 2067 separantur,
2578 1997 2782 2054 dicitur
2809 2001 3080 2070 separatio
3110 2013 3232 2056 actu
3261 2011 3426 2073 atque

1840 2099 1935 2151 re;
1971 2097 2244 2156 quatenus
2275 2103 2406 2143 vero
2437 2097 2691 2159 separata
2719 2093 2948 2146 seorsim
2979 2093 3306 2160 subsistunt,
3341 2096 3426 2150 di—

1840 2177 1986 2231 citur
2017 2179 2318 2248 separatio,
2352 2180 2728 2239 subsistentia.
2779 2183 3122 2254 Cogitatione
3151 2196 3328 2241 autem
3367 2195 3424 2242 et

1839 2269 2070 2335 ratione,
2088 2271 2244 2325 velut.
2266 2273 2310 2328 si
2345 2275 2623 2329 materiam
2647 2290 2676 2328 a
2699 2276 3055 2346 qualitatibus
3082 2293 3419 2348 separemus,

1840 2376 1905 2415 ac
1934 2361 2226 2431 qualitates
2256 2379 2286 2418 a
2311 2366 2562 2424 materia.
2598 2365 2736 2422 Actu
2769 2367 3005 2438 denique
3029 2411 3042 2435 ,
3073 2377 3127 2422 at
3157 2385 3262 2424 ιιοιι
3293 2370 3424 2424 sub-

1838 2453 2086 2510 sistentia
2109 2493 2125 2519 ,
2158 2471 2281 2511 cum
2319 2463 2630 2525 separatum
2671 2457 2874 2526 aliquid
2909 2459 2976 2512 ab
3001 2458 3108 2512 alio
3129 2499 3142 2520 ,
3171 2474 3279 2513 non
3309 2474 3422 2512 amo

1839 2546 1983 2616 plius
2011 2545 2204 2611 fuerit,
2246 2564 2354 2603 non
2397 2549 2601 2606 habens
2634 2566 2743 2621 quo
2786 2549 3075 2605 subsistat.
3114 2548 3335 2604 Noverit
3362 2558 3422 2604 ut

1839 2638 1951 2693 haec
1982 2637 2218 2693 habeant
2249 2642 2412 2695 etiam
2446 2642 2497 2694 in
2532 2643 2888 2704 meclianicis,
2938 2643 2982 2696 si
3023 2641 3145 2712 quis
3185 2649 3421 2696 statuam

1837 2745 2110 2800 equumve
2155 2746 2266 2786 aere
2314 2736 2498 2785 l‘usum
2541 2731 2792 2801 aspiciat.
2825 2729 3041 2784 Videbit
3066 2731 3245 2797 enim,
3290 2733 3421 2787 dum

1840 2817 2088 2873 advertat
2135 2823 2402 2885 animum,
2441 2826 2499 2872 ut
2549 2819 2841 2875 immutent
2872 2820 3100 2874 formam
3138 2821 3419 2888 innatam,

1838 2916 2001 2980 atque
2056 2911 2114 2966 in
2165 2911 2392 2982 ﬁguram
2425 2911 2584 2964 aliam
2616 2927 2646 2966 a
2676 2927 2783 2983 qua
2807 2912 3053 2968 deleatur
3082 2913 3258 2969 forma
3285 2930 3420 2970 con-

1839 3001 2020 3071 genita
2048 3042 2060 3063 ,
2092 3001 2450 3058 transferant.
2489 3002 2624 3056 Nam
2667 3005 2712 3059 si
2746 3005 2868 3073 quis
2900 3005 3054 3075 signa
3090 3007 3145 3059 in
3182 3007 3419 3064 hominis

1837 3101 1932 3146 aut
1961 3093 2085 3164 equi
2112 3094 2338 3165 ﬁguram
2357 3094 2589 3166 efﬁgiata
2615 3095 2950 3160 conflaverit,
2993 3096 3180 3152 formae
3201 3099 3419 3168 quidem

1838 3183 2064 3256 ﬁguram
2085 3187 2436 3252 exstinctam,
2469 3189 2754 3243 materiam
2802 3205 2932 3244 vero
2963 3192 3308 3260 superstitem
3335 3192 3422 3246 in-

1837 3287 2099 3332 venturus
2122 3287 2224 3335 est.
2258 3279 2448 3348 Itaque
2471 3279 2767 3335 absurdum
2801 3287 2882 3334 est
2902 3322 2917 3347 ,
2951 3290 3005 3334 ut
3034 3282 3159 3351 quis
3186 3281 3418 3336 formam

1836 3385 1956 3438 qua;
1984 3369 2120 3424 nihil
2161 3370 2263 3424 fuit
2297 3372 2568 3427 exstincta
2611 3381 3042 3426 resurrecturam
3078 3373 3258 3437 dicat,
3295 3387 3420 3427 cor-

1835 3478 2047 3534 pusque
2104 3463 2193 3517 cui
2262 3463 2355 3517 illa
2417 3462 2521 3518 fuit
2577 3464 2876 3532 impressa,
2965 3475 3280 3535 corruptum
3352 3465 3419 3520 iri

1836 3557 2152 3612 contendat.

1908 3648 2046 3703 XVI.
2067 3649 2298 3704 Maxime
2317 3649 2616 3712 enimvero,
2647 3652 2852 3721 inquit;
2890 3650 3250 3707 transferetur
3271 3652 3417 3706 enim

1835 3743 1890 3797 in
1913 3758 2114 3812 corpus
2134 3742 2397 3812 spiritale.
2431 3742 2570 3814 Ergo
2601 3743 2760 3800 fateri
2794 3762 3018 3801 necesse
3044 3753 3147 3811 est,
3170 3745 3418 3800 eamdem

1834 3836 2051 3905 proprie
2081 3835 2309 3888 formam
2331 3835 2562 3906 primam
2582 3851 2692 3891 non
2719 3853 3028 3909 resurgere,
3048 3853 3115 3892 eo
3131 3837 3276 3908 quod
3300 3853 3420 3892 mu-

1834 3934 1944 3979 tata
1986 3925 2058 3980 sit
2084 3933 2137 3979 et
2176 3935 2432 3996 corrupta
2455 3967 2469 3990 ,
2503 3944 2610 3982 una
2644 3944 2768 3984 cum
2813 3945 2994 3985 carne.
3043 3928 3156 3985 Etsi
3181 3931 3327 3985 enim
3360 3929 3418 3984 in

1834 4017 2078 4086 spiritale
2127 4032 2326 4087 corpus
2370 4020 2638 4074 translata
2680 4022 2786 4085 sit,
2832 4023 2949 4093 ipsa
2998 4032 3178 4079 tamen
3225 4025 3418 4079 eadem

1831 4123 1940 4163 non
1980 4109 2086 4163 erit
2131 4109 2366 4178 primum
2401 4114 2616 4182 proprie
2645 4114 2992 4183 subjectum,
3031 4115 3125 4170 sed
3161 4117 3407 4185 quaedam

1832 4199 1981 4254 illius
2007 4201 2064 4254 in
2100 4201 2289 4255 subtili
2322 4217 2556 4273 corpore
2584 4205 2972 4261 transformata
2996 4208 3315 4264 similitudo.
3353 4207 3414 4262 Si

1831 4302 2137 4347 autemnon
2154 4293 2342 4349 eadem
2375 4293 2548 4350 forma
2576 4313 2715 4372 ;nee
2749 4298 2890 4354 idem
2922 4315 3124 4370 corpus
3155 4299 3412 4369 resurgit,

150 4401 247 4450 ται,
440 4389 634 4460 ἓτερον
664 4389 784 4442 ἀντὶ
816 4388 910 4442 τοῦ
940 4389 1226 4462 προτέρου.
1263 4391 1336 4442 Τὸ
1376 4391 1483 4462 γὰρ
1515 4391 1720 4461 ὅμοιον,

1841 4383 1929 4441 sed
1961 4384 2108 4439 aliud
2146 4400 2245 4454 pro
2273 4386 2402 4440 alio.
2427 4385 2563 4440 Nam
2612 4389 2818 4455 simile,
2864 4406 2988 4444 cum
3039 4393 3110 4446 sit
3152 4393 3296 4446 aliud
3345 4393 3415 4446 ab

150 4475 320 4548 ἕτερον
347 4478 452 4532 τοῦ
489 4478 685 4533 ἑαυτοῦ
707 4481 893 4552 ὁμοίου
926 4480 1004 4544 ὃν,
1039 4481 1168 4535 αὐτὸ
1191 4483 1370 4535 ἐκεῖνο
1396 4481 1456 4534 τὸ
1484 4481 1726 4554 πρῶτον,

149 4569 274 4639 πρὸς
298 4572 325 4623 ὃ
356 4571 609 4637 ἐγένετο,
645 4567 784 4626 εἶναι
817 4573 876 4626 οὑ
908 4571 1151 4626 δύναται.

350 4791 646 4864 ξιεθκύερ*
677 4787 769 4860 ἧς.
806 4792 917 4864 AL,
974 4791 1386 4864 μεθιστάμενος,
1415 4795 1500 4862 ἐφ’
1523 4787 1612 4864 ἦς.

209 4859 319 4929 (88)
346 4861 650 4924 Siquidem
688 4859 830 4931 ergo.
854 4859 1014 4915 Clara
1043 4859 1324 4918 conclusio
1373 4881 1386 4916 :
1421 4859 1480 4918 ut
1529 4859 1643 4921 sive
1675 4865 1732 4920 in

145 4941 389 5003 corpore.
417 4931 543 5003 sive
566 4933 680 4984 sola
704 4936 903 5003 anima,
935 4935 1049 4987 sive
1069 4937 1246 4989 adhuc
1283 4943 1583 5003 superstes,
1616 4936 1733 4991 sive

151 5001 424 5055 redivivus
459 5002 614 5056 visus
649 5004 720 5075 sit
762 5002 926 5062 Elias.
954 5005 1088 5058 nihil
1109 5007 1231 5072 ejus
1269 5001 1539 5075 apparitio
1585 5007 1733 5061 obsit

148 5080 371 5141 sperata:
405 5073 807 5127 resurrectioni
839 5075 1041 5128 carnis.
1079 5073 1534 5131 Sehottu‘s—aliter
1554 5076 1728 5141 eﬂ'ert,

149 5140 300 5217 velut_
319 5151 616 5217 mortuum
671 5144 898 5217 allirntet
937 5143 1241 5217 Methodius
1277 5147 1476 5217 :quod
1512 5162 1572 5201 re
1611 5140 1733 5217 ipsa

148 5223 240 5288 non
279 5212 467 5270 facit:
515 5214 609 5288 sed
656 5216 922 5288 permittit
984 5215 1203 5286 Origeui
1254 5212 1521 5288 quidquid
1556 5212 1730 5280 malit,

145 5282 796 5358 tjusque_undequaque
851 5282 1208 5358 inconSunum
1272 5282 1466 5358 dogma
1527 5289 1728 5356 arguit.

149 5349 363 5426 ἕρμασι
382 5355 508 5426 huc
532 5349 800 5416 scholion,
835 5357 978 5424 qttod
1006 5357 1168 5426 paulo
1194 5349 1551 5419 antefsecuti
1575 5349 1732 5413 notas

149 5419 470 5498 liteschelii,
497 5419 875 5498 ascripsimus,
916 5419 1223 5481 asci-ibcnte
1283 5429 1370 5481 hic
1422 5430 1734 5498 apographo

151 5489 436 5567 Strmundi
458 5510 472 5558 ;
494 5489 697 5567 estque
727 5496 847 5564 ejus
879 5512 1074 5551 sensus
1129 5498 1329 5564 facilis,
1365 5499 1411 5553 si
1441 5489 1565 5567 quis
1608 5489 1732 5552 cum

152 5561 258 5626 ipso
277 5561 640 5619 Methodiano
666 5561 835 5628 textu,
873 5576 932 5620 ut
965 5568 1067 5621 fuit
1099 5582 1128 5620 a
1152 5561 1324 5624 nobis
1341 5561 1612 5633 redditus,
1643 5569 1731 5624 vel

153 5638 203 5681 ιιι
227 5633 349 5703 ipse
377 5635 578 5703 habet,
601 5637 915 5691 contulerit.

214 5701 330 5773 (89)
365 5701 455 5759 Eo
499 5706 636 5775 quod
665 5708 720 5760 in
749 5707 1148 5764 alteralionibus
1199 5710 1344 5778 prior
1390 5709 1582 5780 forma,
1625 5720 1730 5766 etc.

1833 4492 1898 4533 eo
1914 4476 2027 4549 (90)
2059 4476 2204 4548 quod
2235 4477 2336 4547 ipsi
2375 4478 2551 4534 simile
2577 4487 2684 4544 est,
2705 4480 2836 4533 illttd
2867 4483 3043 4551 ipsum
3065 4483 3318 4552 primum,
3343 4482 3412 4536 ad

1832 4569 1976 4641 quod
1999 4569 2102 4624 fuit
2134 4569 2338 4623 factum
2365 4577 2420 4624 et
2445 4571 2590 4641 quod
2625 4572 2889 4640 imitatur,
2913 4591 3036 4629 esse
3070 4591 3178 4628 non
3210 4582 3410 4645 potest.

1830 4794 1923 4868 Τῷ
1968 4794 2410 4868 προαπόλλυίσθαι
2455 4797 2518 4851 τὸ
2563 4793 2700 4860 εἶδος
2744 4795 2875 4868 τῶν,
2906 4795 3144 4868 σαρκῶν,
3193 4796 3316 4868 νθΙ,Δ
3350 4804 3412 4850 ιιι

1835 4864 2026 4928 Sinin,
2061 4866 2358 4937 σαρκικῶν,
2393 4871 2582 4922 eodem
2624 4882 2807 4922 sensu.
2852 4867 3258 4937 Arguitrcontra
3295 4865 3408 4919 fur-

1833 4952 1976 4990 mam
2009 4934 2154 4989 illam
2177 4934 2586 5005 Origenianam,
2625 4946 2682 4990 ut
2711 4953 2818 4992 non
2845 4934 3018 5006 possit
3051 4936 3141 4990 illa
3192 4937 3408 4991 restitui

1835 5007 2051 5070 animm,
2099 5021 2264 5060 carne
2315 5016 2614 5077 perempta.
2671 5023 2794 5061 cum
2848 5016 3033 5076 pereat
3088 5007 3203 5076 ipsa
3262 5007 3413 5075 prior

1835 5091 2022 5139 carne,
2056 5077 2109 5129 in
2139 5092 2244 5146 qua
2276 5078 2424 5130 velut
2453 5078 2808 5138 subsistebat,
2840 5092 2905 5147 eo
2927 5077 3209 5147 modoquo
3236 5079 3408 5147 ﬁgura

1833 5155 1888 5202 et
1921 5147 2093 5200 forma
2116 5147 2240 5215 equi
2274 5147 2327 5200 in
2353 5163 2479 5202 tere.
2518 5148 2654 5202 Male
2685 5163 2815 5212 ergo
2851 5146 3109 5202 Schottus
3161 5164 3219 5201 eo
3270 5146 3408 5217 quod

1835 5217 2010 5286 [arma
2042 5218 2238 5279 carnis,
2273 5225 2403 5283 etc.,
2433 5219 2694 5288 pluraque
2720 5219 2823 5272 alia
2851 5217 3084 5288 quisque
3119 5233 3410 5288 perspexe-

1834 5288 1907 5342 rit
1933 5288 2114 5342 minus
2143 5295 2265 5357 apte
2299 5289 2381 5340 vel
2415 5289 2645 5343 ﬁdeliter
2676 5291 2906 5342 reddita.

1905 5357 2016 5427 (90)
2045 5357 2175 5429 Cum
2197 5358 2263 5410 sit
2290 5359 2438 5429 aliud
2467 5359 2530 5429 ab
2560 5368 2766 5429 eo,_etc~.
2807 5358 2896 5429 Sic
2924 5358 3080 5428 plane
3096 5358 3407 5429 legendum,

1837 5426 2021 5499 ἕτερον
2074 5427 2168 5481 τοῦ
2199 5427 2376 5499 ἑαυιῴ
2410 5428 2595 5498 ὁμοίου
2631 5426 2708 5492 ὃν,
2743 5426 2936 5483 suadet
2966 5429 3080 5497 ipse
3121 5426 3408 5484 contextus

1834 5510 1887 5554 et
1935 5498 2169 5552 inducta
2223 5498 2509 5567 probatio;
2542 5514 2662 5566 qua:
2693 5499 2850 5551 aliter
2899 5507 3183 5567 concepta,
3226 5501 3406 5568 inepta

1833 5576 1939 5623 est.
1967 5567 2118 5622 Valet
2141 5585 2270 5622 vero
2298 5569 2602 5630 in.creatis,
2633 5569 2725 5622 ubi
2771 5569 2918 5622 nulla
2975 5568 3169 5630 forma,
3223 5567 3406 5625 multis

1836 5655 1898 5694 re
1953 5655 2078 5694 vera
2112 5648 2166 5694 et
2197 5639 2474 5694 iudividue
2508 5639 2815 5693 communis
2847 5647 2951 5693 est.
2982 5640 3037 5692 ιιι
3089 5638 3290 5693 divinis
3320 5649 3404 5694 est

1841 5710 2030 5766 saltem
2063 5710 2198 5766 alter
2221 5709 2373 5766 alteri
2396 5708 2610 5775 similis,
2642 5725 2813 5778 coque
2843 5708 3133 5777 singularis
3158 5712 3402 5780 quamam
