4010 6328
626 191 733 252 325

1598 200 1657 257 S.
1692 202 2020 260 METIIODII
2061 204 2367 262 EPISCOPI
2406 206 2492 262 ET
2534 205 2889 263 MARTYRIS

3714 223 3801 282 ιιι

686 309 849 368 XVII.
887 312 976 369 Ait
1019 311 1161 381 εἶδος
1197 323 1250 372 et
1282 317 1515 374 I'ormam
1556 337 1703 389 esse,
1737 323 1883 395 quod
1914 327 2174 381 membro-

2367 328 2463 383 iZ'.
2506 330 2623 384 ’Ότι
2656 327 2792 396 εἶδός
2837 348 3000 403 φησιν
3027 326 3166 385 εἶναι
3193 332 3251 386 τὺ
3277 332 3373 405 τὴν
3411 335 3684 409 ταυτότητα
3713 344 3801 396 τῶν

622 416 747 459 mm
775 404 1134 474 identitatem,
1172 407 1225 462 in
1251 410 1421 479 tigura
1446 410 1631 468 forma:
1650 416 2000 488 propriisque
2014 419 2202 473 unius-

621 497 890 567 cujusque
900 497 1252 563 distinclivis,
1267 502 1504 558 exhibet.

594 594 607 618 ’
695 588 878 644 XVIII.
915 589 1232 662 Ezponente
1254 592 1489 665 Origene
1511 611 1677 651 sensu
1710 597 2024 668 allegorica,
2054 601 2197 670 quod

622 681 690 736 ab
719 680 999 739 Ezechiele
1028 685 1287 755 propheta
1314 687 1517 742 dictum
1541 687 1659 753 fuit,
1681 688 1748 744 de
1764 693 2194 760 resurrectione,

619 782 782 843 atque
809 774 876 829 ad
921 773 1288 831 Israelitarum
1321 795 1351 833 e
1383 779 1712 850 Babylonica
1770 783 2081 853 captivitate
2109 801 2197 841 re-

617 864 789 919 ditum
823 864 1198 936 detorquente,
1224 877 1346 937 post
1386 871 1576 934 multa,
1612 887 1735 925 eum
1774 888 2008 944 arguens
2060 874 2198 930 San-

617 963 761 1018 ctus,
798 956 899 1011 hoc
928 958 1117 1027 adjicit
1146 978 1158 1013 :
1193 958 1270 1015 Ac
1296 976 1470 1032 neque
1505 961 1604 1032 ipsi
1628 960 1800 1018 Judaei
1832 965 2047 1035 plenam
2082 967 2198 1023 sin-

620 1062 911 1119 ceramque
961 1049 1265 1105 libertatem
1324 1054 1564 1108 assecuti
1615 1063 1775 1119 sunt,
1805 1073 1982 1128 neque
2005 1059 2194 1128 majori

616 1146 887 1208 potestate
918 1141 1149 1199 devictis
1189 1144 1460 1210 hostibus,
1488 1144 1919 1220 Hierosolymam
1947 1150 2194 1205 incolue-

616 1240 775 1287 runt:
796 1248 859 1287 ac
880 1248 1003 1287 cum
1028 1236 1226 1311 saepius
1253 1239 1577 1293 statuissent
1609 1241 1871 1310 templum
1900 1239 2191 1306 aediﬁcare,

617 1332 686 1386 ab
712 1333 834 1388 aliis
869 1334 1125 1404 gentibus
1168 1336 1426 1406 prohibiti
1455 1348 1601 1394 sunt.
1638 1336 1790 1395 Unde
1810 1339 1973 1395 etiam
2009 1342 2097 1395 vix
2128 1341 2194 1395 il-

615 1424 709 1479 Ind
733 1425 876 1479 intra
906 1441 1079 1482 annos
1108 1444 1229 1483 xcvi
1254 1429 1627 1495 absolverunt,
1650 1447 1774 1486 cum
1802 1430 2063 1487 Salomon
2097 1448 2195 1487 an-

614 1518 704 1574 nis
720 1527 925 1589 septem
948 1536 976 1573 a
998 1520 1364 1578 fundamentis
1380 1525 1673 1579 excitatum
1700 1525 2035 1595 perfecisset.
2051 1523 2193 1591 Quid

614 1625 747 1663 vero
778 1626 1004 1667 necesse
1050 1613 1122 1668 sit
1172 1615 1329 1684 plura
1378 1615 1721 1677 dicere,cum
1759 1631 1788 1670 a
1828 1614 2190 1672 Nabuchodo-

2302 421 2477 493 μελῶν
2523 424 2579 475 ἐν
2615 422 2693 493 τῷ
2728 423 3035 494 χαρακτῆρι
3083 422 3183 493 τῆς
3231 425 3438 496 μορφῆς
3479 428 3684 483 ἑκάστου
3726 434 3806 502 ty.-

2300 530 2506 583 φαινον.

2367 605 2474 658 IH'.
2527 606 2666 672 Ὅτι,
2712 605 2773 658 τὸ
2802 604 2952 676 παρά
2981 604 3076 659 τοῦ
3130 606 3399 677 προφήτου
3438 606 3673 678 Ἰεζεκιὴλ
3703 611 3807 682 περὶ

2297 694 2395 764 τῆς
2438 696 2782 760 ἀναστάσεως
2825 694 2931 748 τῶν
2969 695 3178 767 νεκρῶν
3212 695 3371 766 ῥητὸν
3412 697 3691 768 εἰρημένον,
3730 700 3804 753 τοῦ

2311 788 2614 859 Ὠριγένους
2649 787 3090 859 ἀλληγοροῦντος,
3137 787 3228 841 καὶ
3274 789 3354 852 είς
3385 789 3479 858 τὴν
3503 788 3605 841 τῶν
3631 791 3698 853 είς
3725 790 3810 843 Βα-

2297 878 2508 933 ϐυλῶνα
2539 878 3080 950 αἰχμαλωτισθέντων
3120 878 3462 951 Ἰσραηλιτῶν
3487 879 3715 933 ἐπάνοδον
3737 882 3810 934 ἐκν-

2297 969 2614 1041 ϐιαζομένου
2635 971 2903 1042 εἰρῆσθαι,
2931 968 3224 1039 ἐξελέγχων
3250 969 3383 1040 μετά
3404 968 3567 1023 πολλὰ
3586 972 3612 1022 ὁ
3635 970 3807 1037 Ἄγιος,

2296 1062 2387 1114 καὶ
2415 1062 2574 1115 τοῦτό
2607 1079 2788 1134 φησιν·
2833 1062 2967 1115 Οὐδὲ
3005 1060 3113 1133 γάρ
3140 1062 3260 1116 οὐδὲ
3292 1062 3440 1115 αὐτοὶ¹
3471 1061 3598 1133 πρὸς
3637 1061 3811 1116 ἐλευθε-

2297 1152 2416 1224 ρίαν
2447 1153 2753 1224 ἀνέσφηλαν
2785 1152 3052 1225 καθαράν,
3075 1153 3191 1205 οὐδὲ
3223 1152 3329 1205 τῶν
3351 1152 3550 1223 ἐχθρῶν
3581 1169 3813 1224 κατακρα»

2292 1246 2553 1315 τήσαντες
2620 1244 3165 1316 ὲξουσιαστικώτερον
3215 1243 3327 1314 (95)
3381 1243 3685 1314 κατῴκησαν
3732 1244 3814 1316 τὴν

2306 1336 2676 1409 Ἰερουσαλήμ.
2709 1338 2968 1408 Εῖργοντο
2998 1336 3127 1406 γοῦν
3151 1337 3257 1390 ὑπὸ
3292 1336 3400 1388 τῶν
3438 1335 3708 1389 ἀλλοεθνῶν
3726 1336 3810 1407 (94)

2293 1429 2548 1493 πολλάκις
2576 1429 2924 1500 οἰκοδομῆσαι
2952 1428 3275 1500 θελήσαντες
3307 1427 3502 1498 μᾶλλον
3529 1427 3651 1497 (95).
3682 1427 3813 1480 Ὅθεν

2293 1522 2385 1574 καὶ
2435 1522 2492 1574 ἐν
2540 1525 2635 1590 μς⁸
2671 1520 2832 1572 αὑτὸν
2879 1519 2975 1572 καὶ
3024 1518 3083 1583 ἒξ
3127 1516 3272 1571 ἔτεσι
3324 1517 3474 1587 μόλις
3520 1514 3812 1587 ἠδυνήθησαν

2291 1610 2600 1682 δείμασθαι,
2650 1609 2742 1664 τοῦ
2795 1608 3137 1680 Σολομῶντος
3182 1609 3241 1660 ὲν
3288 1610 3536 1661 ἑπταετεῖ
3580 1608 3733 1678 χρόνῳ
3766 1607 3816 1659 ἐκ

613 1716 814 1757 nosore
858 1711 911 1759 et
946 1707 1364 1762 successoribus
1399 1708 1520 1776 ejus
1566 1707 1620 1760 in
1655 1706 1930 1779 Babylone
1953 1724 2174 1778 regnan-

2293 1703 2554 1774 θεμελίων
2574 1703 2735 1757 αὐτὸν
2765 1700 3283 1773 συμπληρώσαντος.
3308 1702 3417 1754 Καὶ
3440 1698 3491 1752 τί
3523 1699 3620 1771 χρὴ
3640 1699 3812 1765 λέγειν,

613 1793 783 1857 tibus,
808 1811 980 1866 usque
1012 1796 1078 1851 ad
1101 1796 1388 1853 Persarum
1417 1799 1471 1853 in
1503 1798 1760 1870 Assyrios
1790 1801 2188 1869 expeditionem

612 1894 667 1942 et
717 1889 1014 1943 Alexandri
1060 1889 1350 1961 imperium
1391 1899 1445 1945 et
1493 1890 1694 1945 bellum
1747 1907 1870 1946 cum
1929 1891 2191 1948 Romanis

611 1982 989 2045 commissum,
1020 1982 1200 2038 sexies
1232 1984 1300 2037 ab
1327 1984 1576 2039 hostibus
1600 1983 1973 2056 Hierosolyma
2006 1986 2058 2039 in
2093 2003 2190 2057 po-

612 2078 866 2126 testatem
898 2073 1118 2128 redacta
1143 2072 1601 2146 sint?Narratque
1624 2075 1914 2145 Josephus,
1946 2077 2137 2132 dicens
2170 2098 2184 2133 :

611 2160 899 2234 [Captaest
934 2165 1324 2238 Hierosolyma]
1348 2184 1485 2222 anno
1505 2167 1729 2221 secundo
1762 2167 2068 2236 Vespasiani
2085 2172 2185 2223 im-

606 2258 890 2324 perrtoris.
921 2254 1092 2326 Capta
1118 2266 1166 2311 et
1198 2266 1318 2311 ante
1351 2257 1466 2327 jam
1500 2259 1771 2330 quinquies
1793 2299 1808 2322 ,
1829 2268 1952 2313 tunc
1991 2261 2181 2315 iterum

608 2357 819 2401 vastata
869 2357 968 2401 est.
1017 2348 1301 2403 Asoelueus
1338 2349 1477 2403 enim
1505 2349 1727 2421 ngypti
1759 2366 1879 2414 rex,
1923 2359 1973 2406 et
2024 2352 2181 2421 hujus

604 2453 875 2491 successor
910 2440 1230 2505 Antiochus;
1261 2439 1449 2495 deinde
1488 2441 1798 2511 Pompeius,
1846 2452 1895 2496 et
1939 2452 2055 2512 post
2086 2443 2181 2497 hos

604 2545 724 2583 cum
767 2527 976 2584 Herode
1018 2528 1225 2592 Sosius,
1269 2542 1478 2601 captam
1527 2533 1707 2588 urbem
1743 2550 2011 2589 servavere
2042 2532 2178 2605 (91).

602 2614 739 2672 Ante
768 2637 885 2676 vero
915 2639 1007 2677 rea:
1027 2623 1440 2694 Babyloniorum
1466 2642 1529 2680 ea
1554 2628 1773 2696 petitus,
1799 2626 2089 2682 exciderat.

2290 1796 2399 1850 ἀπὸ
2427 1795 2535 1867 γάρ
2562 1796 2625 1867 δὴ
2658 1794 3122 1866 Ναδουχοδονόσορ
3159 1795 3257 1848 καὶ
3289 1793 3398 1847 τῶν
3428 1794 3538 1864 μετ’
3571 1792 3713 1846 αὑτὸν
3734 1792 3817 1845 Βα-

2292 1889 2526 1952 6υλῶνος
2569 1888 3000 1959 βασιλευσάντων
3045 1887 3169 1959 ἄχρι
3201 1887 3307 1956 τῆς
3351 1884 3569 1956 [Ιερσὼν
3597 1883 3678 1936 ἐπὶ
3717 1883 3816 1946 τοὺς

2303 1982 2618 2053 Ἀσσυρίους
2658 1980 2906 2042 καθόδου,
2935 1979 3032 2051 τῆς
3068 1996 3127 2031 τε
3169 1977 3521 2048 Ἀλεξάνδρου
3549 1974 3817 2046 ἡγεμονίας,

2292 2074 2386 2129 καὶ
2412 2074 2503 2128 τοῦ
2547 2072 2833 2144 Ῥωμαίων
2865 2071 2957 2126 τοῦ
2998 2070 3136 2143 πρὸς
3167 2072 3298 2134 τοὺς
3341 2068 3621 2130 Ἰουδαίους
3651 2066 3818 2137 συρρα-

2289 2168 2479 2238 γέντος
2528 2166 2787 2238 πολέμου,
2842 2165 3028 2232 ἑξάκις
3084 2163 3547 2235 κατεστράφησαν
3592 2160 3688 2212 ὑπὸ
3735 2158 3820 2211 τῶν

2290 2259 2560 2331 πολεμίων
2613 2258 2680 2312 τά
2746 2257 3111 2329 Ἰεροσόλυμα.
3159 2257 3276 2309 Καὶ
3334 2254 3493 2308 τοῦτο
3562 2250 3819 2321 Ίὼσηππος

2289 2354 2491 2424 ἱστορεῖ
2516 2351 2688 2419 λέγων
2708 2367 2722 2381 ·
2746 2352 2897 2403 Ἔτει
2929 2348 3184 2417 δευτέρῳ
3204 2349 3322 2419 (96)
3346 2348 3457 2416 τῆς
3487 2349 3821 2402 Obsonioru-

2288 2441 2399 2496 νοῦ
2430 2440 2767 2509 ἡγεμονίας.
2808 2438 3064 2493 Ἀλοῦσα
3094 2438 3164 2491 δὲ
3195 2438 3300 2510 καὶ
3328 2439 3613 2506 πρότερον
3646 2434 3824 2488 πεντὰ-

2286 2551 2399 2599 κις,
2433 2528 2611 2588 τοῦτο
2637 2530 2921 2598 δεύτερον
2942 2528 3241 2598 ἠρημώθη.
3273 2528 3589 2597 Ἀσωχαῖος
3615 2525 3718 2596 μὲν
3738 2526 3823 2595 γὰρ

2287 2629 2320 2679 ό
2349 2624 2467 2678 τῶν
2493 2624 2830 2695 Αἰγυπτίων
2853 2620 3171 2687 βασιλεὺς.
3213 2620 3319 2675 καὶ
3347 2622 3474 2689 μετ’
3521 2618 3694 2673 αὐτὸν
3732 2619 3826 2669 ’Λν-

602 2709 823 2781 τίοχος,
858 2713 1060 2768 ἔπειτα
1093 2717 1421 2786 Πομπήϊος.
1452 2719 1549 2773 καὶ
1576 2719 1675 2773 ἐπὶ
1704 2721 1938 2787 τούτοις
1963 2719 2085 2774 σὺν
2116 2715 2331 2786 Ἡρώδῃ
2367 2717 2592 2783 Σώσιος
2616 2716 2880 2781 ἑλόντες,
2903 2713 3254 2782 ἐνέπρησαν
3282 2712 3402 2782 τὴν
3425 2712 3622 2766 πόλιν.
3646 2708 3750 2778 Πρὸ
3773 2705 3826 2760 δὲ

602 2804 847 2867 τούτων,
884 2809 917 2859 ὁ
948 2805 1067 2860 τῶν
1096 2808 1496 2863 Βαϐυλωνίων
1518 2809 1841 2877 βασιλεὺς,
1876 2808 2203 2879 κρατήσας,
2239 2807 2560 2878 ἠρήμωσεν
2593 2804 2805 2871 αὐτήν.

673 2892 814 2948 XIX.
848 2893 996 2960 Haec,
1029 2896 1225 2966 inquit,
1252 2897 1328 2950 ait
1349 2895 1631 2969 Origenes.
1664 2899 1829 2969 Atqui
1859 2908 2037 2970 potest
2061 2914 2175 2953 aio-

599 2985 716 3039 veri
748 2985 973 3041 dubium
1001 2987 1069 3043 de
1100 2986 1309 3043 Lazaro
1337 2998 1391 3044 et
1420 2988 1622 3045 divite:
1649 2990 1769 3046 aliis
1799 2991 2015 3061 quidem
2046 2992 2178 3045 sim-

600 3076 798 3147 plicius
847 3079 1056 3135 dictum
1109 3082 1466 3152 potantibus,
1500 3083 1658 3153 quasi
1686 3084 1848 3139 ambo
1892 3084 1948 3138 in
1983 3097 2177 3153 corpo-

2356 2897 2455 2952 IG'.
2495 2898 2617 2949 Ὅτι
2670 2896 2955 2967 Ὦριγένης
2984 2894 3111 2949 τάδε
3152 2894 3325 2965 φησί’
3361 2895 3499 2967 Περί
3533 2893 3589 2946 δὲ
3628 2890 3713 2944 τοῦ
3740 2890 3827 2943 Aa-

2285 2989 2449 3061 ξάρου
2488 2988 2583 3042 καὶ
2630 2984 2723 3040 τοῦ
2772 2985 3024 3039 πλουσίου
3076 2986 3409 3057 ἀπορεῖσθαι
3455 2986 3698 3040 δύναται*
3742 2980 3829 3034 τῶν

2289 3083 2386 3155 μὲν
2433 3078 2813 3151 ἁπλουστέρων
2848 3078 2958 3151 (97)
2993 3079 3256 3149 οἰομένων
3288 3080 3469 3135 ταῦτα
3494 3077 3744 3149 λελέχθαι,
3768 3072 3829 3135 ὡς

601 3170 791 3236 ribus,
825 3170 992 3242 digna
1041 3172 1202 3229 factis
1234 3175 1290 3229 in
1320 3174 1430 3229 vita
1458 3178 1765 3246 receperint
1799 3195 1813 3233 :
1844 3177 1966 3232 aliis
1996 3186 2174 3232 autem

2283 3151 2606 3245 ἀμφοτέρων
2637 3172 2773 3243 μετά
2799 3170 2905 3224 τῶν
2937 3170 3203 3241 σωμάτων
3221 3170 3619 3243 λαμϐανόντων
3643 3168 3706 3221 τὰ
3730 3165 3832 3230 ἄξια

602 3263 888 3332 subtilius;
913 3280 1035 3318 cum
1054 3272 1177 3335 post
1202 3267 1656 3322 resurrectionem
1674 3267 1783 3340 (92)
1803 3268 1985 3322 nullus
2002 3268 2056 3321 in
2071 3268 2179 3321 vita

600 3356 975 3426 relinquatur;
1034 3372 1142 3412 non
1183 3359 1624 3417 existimantibus
1672 3363 1787 3416 haec
1826 3362 1883 3415 in
1933 3375 2180 3416 resurre-

599 3447 779 3503 ctione
820 3448 1137 3519 contigisse.
1165 3447 1304 3505 Nam
1331 3455 1407 3507 ait
1431 3452 1583 3509 dives
1606 3454 1655 3486 “
1689 3472 1704 3509 :
1744 3451 1926 3508 Habeo
1954 3452 2179 3523 quinque

670 3582 717 3618 “
736 3581 868 3641 Luc.
904 3601 1017 3654 xvi.
1037 3586 1130 3643 28.

597 3699 945 3772 similitudo,
1005 3717 1167 3772 quam
1248 3701 1429 3772 aptius
1506 3702 1844 3757 identitatem
1914 3700 2168 3772 dicimus.

596 3768 792 3843 φησί,
822 3768 1231 3842 ὁμοουσίότηταο
1255 3768 1558 3843 ταυτότητα
1590 3788 1736 3836 vero,
1778 3779 1836 3825 ut
1863 3789 1968 3842 qua
1993 3771 2173 3827 Sabel-

596 3840 885 3913 Iianismus
913 3859 975 3896 ex
986 3840 1235 3913 plicetur,
1254 3844 1401 3913 omni
1417 3840 1784 3913 extremorum
1816 3840 2167 3898 distinctione

597 3912 835 3983 sublata.
884 3911 1142 3983 reprobat
1178 3912 1531 3983 Epiphanius.
1600 3911 1674 3967 De
1714 3914 1817 3967 hac
1847 3915 2028 3968 divina
2067 3929 2166 3967 ex-

598 3982 815 4053 cellenti
849 3982 1223 4053 siinilimdine.
1251 3997 1421 4052 pauca
1455 3984 1699 4053 quaedam
1735 3983 1801 4037 ad
1835 4000 2027 4037 novam
2059 3983 2166 4038 Ca—

598 4052 820 4107 tecliesin
845 4052 1051 4117 Basilii,
1087 4052 1142 4107 in
1168 4052 1286 4107 Vita
1308 4052 1499 4123 ipsius,
1532 4061 1756 4109 auctore
1783 4054 2164 4124 Amphilochio

593 4130 805 4178 DOSII‘O.

572 4242 608 4264 ,ί
666 4192 780 4263 (91)
814 4191 1111 4264 Servavere.
1148 4193 1473 4264 Ἐτήρησαν.
1499 4191 1577 4246 ita
1603 4193 1888 4264 legendum
1924 4200 2068 4261 patet
2099 4210 2165 4250 ex

519 4276 526 4284 '
596 4263 716 4333 ipSo
747 4272 897 4317 textu
938 4263 1179 4333 Josephi.
1208 4263 1368 4333 quem
1396 4264 1590 4318 melius
1625 4263 1936 4319 Hmschelio
1970 4265 2163 4335 legisse

591 4342 649 4389 et
680 4335 1002 4405 expendisse
1031 4335 1359 4389 Methodium
1399 4334 1693 4389 verisimile
1720 4340 1907 4405 estaet
1939 4349 2002 4388 ex
2032 4334 2163 4387 om.

2283 3264 2391 3317 τῶν
2424 3265 2525 3335 (ὲν)
2573 3262 2651 3334 τῷ
2685 3263 2783 3334 βίῳ
2816 3263 3249 3334 πεπραγμένων⁸
3301 3262 3415 3316 τῶν
3457 3263 3514 3315 δὲ
3550 3256 3831 3333 ἀκριὸεστέ-

2285 3376 2414 3430 ρωψ
2443 3360 2565 3412 ἐπεὶ
2595 3356 2731 3429 μετά
2763 3355 2859 3427 τὴν
2888 3358 3180 3411 ἀνάστασιν
3223 3357 3407 3421 οὐδεὶς
3457 3358 3516 3411 ὲν
3560 3354 3656 3426 βίῳ
3702 3365 3835 3407 κατα·

2283 3448 2546 3508 λείπεται.
2580 3450 2681 3503 οὐκ
2706 3449 2765 3502 ὲν
2791 3450 2854 3521 τῇ
2879 3448 3171 3503 ἀναστάσει
3203 3447 3675 3518 οἰομένων·ταῦτα
3700 3458 3835 3514 vexor

2276 3715 2398 3756 rum
2449 3700 2821 3772 apparitiones
2866 3699 3092 3770 exponit
3142 3716 3155 3752 :
3209 3716 3351 3770 quae
3405 3709 3559 3772 certe
3605 3696 3846 3772 crassiora

2277 3780 2426 3833 sunt,
2450 3769 2745 3842 putidaquc
2761 3780 2815 3826 et
2846 3769 3099 3825 haaretica
3125 3789 3139 3836 ;
3172 3769 3508 3841 quanquam
3538 3770 3673 3842 forte
3692 3769 3843 3842 minus

2275 3833 2504 3897 solidc'a
2535 3833 2726 3897 nostro
2755 3842 3026 3897 Methodio
3057 3833 3386 3912 impugnata
3416 3842 3545 3911 :qui
3573 3851 3627 3896 et
3659 3841 3772 3912 ipse
3788 3833 3843 3889 ad

2275 3928 2507 3982 corpora
2533 3922 2805 3975 recurrat,
2831 3913 2926 3967 sed
2956 3913 3106 3965 velut
3136 3910 3413 3979 cognata,
3433 3910 3491 3968 et
3522 3914 3641 3967 sine
3673 3910 3845 3980 quibus

2274 3985 2500 4038 minime
2538 3985 2807 4039 exsistant
2851 3983 3079 4052 spiritus
3129 3982 3393 4046 humani,
3431 3994 3631 4053 suapte
3673 3990 3840 4053 natura

2272 4055 2542 4124 corporei,
2590 4048 2900 4124 quanquam
2957 4068 3186 4122 corpore
3239 4056 3483 4109 alterius
3536 4048 3758 4108 rationis
3788 4048 3845 4101 ab

2270 4125 2398 4181 isto.
2430 4126 2574 4195 quod
2605 4125 3106 4195 ceuiindumentum
3128 4131 3429 4195 externum
3471 4136 3776 4193 gestemus,
3800 4125 3845 4195 et

2269 4186 2634 4265 corruptibili.
2688 4194 2843 4249 Esset
2876 4208 3014 4263 opus
3048 4194 3299 4266 longiori,
3346 4186 3748 4266 disputatione,
3783 4186 3843 4242 ad

2268 4266 2662 4340 ostendendum
2705 4268 2981 4334 quomodo
3021 4264 3157 4340 _veri
3216 4264 3488 4333 Spiritus,
3547 4274 3848 4340 naturaaun

2269 4350 2493 4403 prorsus
2548 4336 2881 4406 incorporeze
2923 4334 3222 4405 patiantur,
3290 4338 3615 4404 praesertim
3661 4336 3727 4389 ab
3752 4334 3845 4402 igni

593 4403 765 4477 nibus
792 4405 1090 4477 historicis,
1128 4405 1441 4477 apudquos
1487 4420 1757 4477 nusquam
1813 4403 1900 4477 ilia
1945 4413 2162 4477 exstant
2197 4421 2239 4475 ι)
2268 4421 2533 4477 corporeo
2561 4424 2574 4459 :
2600 4408 2692 4460 sed
2708 4403 2889 4462 'l'uerit
2914 4403 3086 4477 metas
3125 4403 3425 4467 excedere,
3461 4408 3671 4477 quibus
3716 4413 3846 4477 unus

593 4473 1097 4558 Hierosolymorum
1104 4472 1360 4558 “enim:
1386 4472 1808 4558 eiifcptoprimo
1832 4474 1923 4528 illo
1943 4472 2165 4558 Babylo-
2200 4472 2225 4475 ⁷
2267 4472 2525 4531 Μθι’ίιοι1ἰί
2552 4484 2748 4558 _textus
2785 4475 3144 4558 elucidandus
3184 4472 3524 4558 propositus
3570 4485 3676 4531 est.

592 4546 719 4600 nico
763 4553 817 4601 et
853 4545 1054 4601 ‘ultimo
1103 4545 1364 4600 Romano.
1425 4547 1809 4616 Kacsa‘cpacpq
1846 4560 1976 4616 ergo
2033 4547 2163 4601 urbs

593 4616 707 4679 illa,
732 4617 956 4670 subacta
983 4625 1067 4671 est
1094 4627 1146 4671 et
1179 4623 1335 4685 capta
1354 4616 1532 4671 sexies
1554 4635 1567 4669 :
1587 4615 1856 4686 ἠρημώθη
1878 4615 2162 4686 δέλενθνειι

592 4695 648 4740 et
681 4687 863 4742 excisa
884 4695 969 4741 est
992 4686 1205 4740 tandem
1232 4684 1426 4756 iterum
1447 4684 1693 4741 secundo
1710 4684 1930 4755 imperil
1959 4684 2162 4756 Vespa-

592 4758 731 4811 siani
764 4771 942 4825 anno;
982 4758 1127 4826 quod
1154 4763 1208 4810 et
1234 4756 1349 4826 ipse
1375 4755 1754 4811 Methodianus
1780 4763 1983 4819 textus,
2012 4755 2159 4813 clare

591 4832 746 4886 satis.
769 4828 822 4880 in
847 4843 945 4882 sua
975 4828 1139 4882 etiam
1163 4828 1479 4893 vitiosuate,
1505 4834 1877 4897 repraesentat.

662 4897 775 4969 (92)
799 4897 933 4953 Cum
958 4909 1075 4968 post
1091 4899 1540 4969 resurrectionem,
1562 4895 1668 4951 etc.
1704 4895 1929 4969 Videtur
1956 4896 2161 4966 signifi-

588 4966 703 5023 cari
737 4966 984 5024 absoluta
1009 4969 1095 5023 illa
1119 4966 1444 5038 Origeniana
1470 4968 1936 5032 ἀποκατάστασις,
1978 4978 2032 5022 ct
2070 4984 2158 5023 re-

589 5039 802 5109 stitutio
825 5040 879 5093 in
904 5040 1192 5109 integrum,
1218 5040 1274 5093 in
1299 5053 1405 5108 qua
1431 5040 1614 5095 nullus
1649 5040 1722 5094 sit
1750 5039 2156 5108 relinquendus

588 5106 645 5161 in
664 5109 785 5180 vita
811 5127 826 5173 ;
856 5106 1115 5180 intellige,
1148 5106 1414 5178 passibili,
1440 5124 1536 5163 seu
1593 5112 1755 5165 etiam
1792 5110 1846 5163 in
1875 5106 2150 5180 corpore;

588 5177 676 5230 cui
703 5178 751 5250 is
783 5177 1247 5250 alligatos'ccnset
1286 5180 1511 5250 spiritus
1563 5179 1618 5234 in
1654 5194 1892 5250 pinnam,
1923 5177 2016 5250 sed
2063 5179 2155 5233 iila

587 5246 804 5324 {andem
824 5246 1061 5324 solubili.
1079 5258 1141 5324 et
1176 5246 1432 5324 omnibus
1452 5246 1790 5324 quandoque
1802 5248 2150 5324 remittenda.

586 5313 822 5390 Exponit
849 5333 978 5390 ergo
999 5317 1282 5390 Origenes,
1302 5329 1362 5375 ut
1379 5313 1488 5376 ista
1503 5324 1555 5375 in
1578 5313 1901 5390 corporibus
1926 5334 1955 5372 a
1980 5326 2155 5373 morte

584 5387 862 5460 acceptis;
895 5387 949 5442 in
1003 5387 1203 5460 quibus
1252 5407 1425 5460 usque
1466 5393 1533 5446 ad
1584 5387 2037 5447 resurrectionem
2098 5395 2154 5444 et

583 5457 950 5512 omnimodam
970 5459 1040 5513 ab
1071 5460 1180 5513 illis
1196 5457 1615 5528 absolutionem,
1648 5463 1736 5517 vel
1756 5462 2044 5529 refrigerio
2066 5460 2152 5515 vel

581 5540 766 5603 pmna,
798 5529 1025 5603 spiritus
1055 5530 1384 5603 emigrantes
1434 5534 1747 5603 potiantur;
1798 5540 1950 5603 gesta
1977 5530 2151 5584 dicta-

579 5611 688 5665 que
715 5598 859 5673 sint;
887 5599 1155 5673 ejusmodi
1174 5598 1358 5656 adhuc
1382 5598 1740 5673 corporibus,
1763 5598 1938 5673 instar
1961 5615 2150 5657 carce-

581 5681 703 5721 rum
728 5682 760 5723 a
783 5668 894 5726 Deo
920 5668 1203 5739 adhibitis,
1232 5668 1507 5743 quomodo
1536 5674 1699 5729 etiam
1723 5671 1862 5728 alias
1901 5680 2148 5729 mortuo-

2264 4558 2431 4611 certe,
2473 4546 2568 4602 sed
2613 4548 2757 4601 veris
2809 4546 2986 4601 modis
3018 4544 3201 4599 divina
3254 4544 3490 4615 justitia
3552 4561 3689 4602 suos
3741 4544 3851 4598 illos

2264 4633 2388 4672 reos
2421 4625 2637 4687 torquet
2669 4632 2681 4668 :
2722 4633 2824 4673 nec
2853 4616 3008 4671 deest
3044 4625 3102 4669 ut
3122 4624 3398 4671 extraneo
3463 4631 3704 4686 corpore
3755 4623 3854 4669 tor-

2261 4697 2444 4758 queat,
2475 4704 2596 4758 quae
2633 4690 2796 4751 torsit
2830 4687 3143 4758 conjunrto.
3184 4687 3495 4743 Extensior
3523 4689 3713 4743 divina
3748 4699 3850 4738 ma-

2261 4757 2386 4821 nus,
2418 4757 2580 4830 quam
2632 4770 2689 4813 ut
2732 4774 2852 4814 eam
2902 4757 3296 4813 subtilissimus
3350 4758 3851 4830 quisque_spiritus

2260 4825 2464 4901 fugiat';
2489 4846 2555 4886 eo
2589 4845 2697 4884 non
2750 4831 2911 4901 ma_le,
2946 4837 3001 4883 et
3031 4825 3458 4901 comparatione
3490 4825 3562 4886 ad
3601 4825 3766 4884 Deum
3795 4825 3852 4881 ii-

2258 4898 2367 4955 luin
2416 4899 2700 4967 Spiritum,
2739 4911 2794 4956 et
2827 4898 2994 4955 Deum
3053 4901 3374 4967 spirituum,
3418 4900 3772 4956 Damasceno
3807 4903 3856 4950 et

2258 4972 2415 5043 aliis;
2443 4967 2569 5026 dum
2597 4973 2672 5026 ita
2702 4972 2789 5041 pie
2817 4986 2943 5028 cum
2965 4967 3252 5024 D.Thoma
3271 4971 3528 5026 velimus
3550 4981 3853 5043 exponere;

2256 5042 2437 5098 dictus
2477 5058 2797 5112 corporeus.

2310 5133 2442 5221 '(95)
2485 5131 3142 5215 Ἐξουσιαστικώτερον.
3193 5129 3260 5187 Η.
3320 5130 3443 5199 St.,
3513 5131 3856 5199 ὲξουσιαστς-

2254 5223 2394 5259 κωτε
2402 5223 2483 5277 ροι
2495 5252 2510 5268 ,

2324 5297 2437 5369 (94)
2478 5294 2866 5369 Ἀλλοεθνῷν.
2889 5294 2956 5348 H.
2989 5292 3095 5369 St.,
3129 5292 3303 5348 ἄλλων
3334 5293 3551 5349 ἐθνῶν.

2324 5365 2438 5436 (95)
2473 5368 2743 5424 Μᾶλλον.
2768 5365 2898 5435 Leg.
2922 5365 3070 5436 ναόν.

2324 5434 2437 5509 (96)
2476 5440 2635 5493 Ἔτει
2690 5434 2857 5491 δευτ.
2887 5435 3077 5507 Suppl.
3121 5450 3186 5491 ex
3218 5434 3463 5506 Ioseph.
3503 5434 3659 5491 ἑάλω
3699 5434 3858 5507 Ἰερο-

2252 5510 2938 5675 σὸἲέἔῦέῖιὶπλουστέρων.
2987 5597 3099 5666 AL,
3154 5597 3573 5675 ἁπλούστερον,
3628 5609 3688 5658 et
3716 5609 3862 5664 mox,

2251 5671 2659 5747 ἀκριϐέστερον.
