4010 6328
238 219 348 275 3‘25

1320 215 1413 270 EX
1452 215 1656 271 LIBRO
1696 215 1784 270 DE
1821 214 2432 273 RESURRECHONE.

3390 216 3498 274 326

232 335 402 388 νὲναι.
436 330 597 398 Λέγει
639 328 743 400 γάρ
781 328 809 381 6
843 328 1113 392 πλούσιος,
1162 327 1243 380 ὅτι
1280 327 1465 381 Πέντε
1508 327 1804 396 ἀδελφοὺς

1915 327 2154 396 fratres:
2202 345 2265 381 ne
2294 339 2342 381 et
2371 327 2472 397 ipsi
2513 329 2724 381 veniant
2764 327 2817 380 in
2856 326 2991 380 hunc
3013 326 3186 381 locum
3217 336 3498 387 tormento-

228 424 369 493 ἔχω,
412 421 511 475 καὶ
556 422 655 472 ἵνα
678 419 763 489 μὴ
797 421 1057 473 ἔλθωσιν
1104 423 1189 486 εὶς
1221 419 1327 472 τὸν
1368 420 1555 471 τόπον
1593 420 1807 472 τοῦτον

227 512 342 579 τῆς
364 510 669 575 βασάνου,
703 508 945 577 πέμψον
976 509 1242 577 Λάζαρον
1272 510 1683 578 ἀπαγγέλλοντα
1713 510 1809 562 αὺ-

226 607 341 667 τοῖς
365 603 435 656 τά
463 601 716 655 ἐνταῦθα.
747 604 857 655 Καὶ
881 602 969 655 διά
994 602 1148 655 τοῦτο
1178 602 1481 673 ζητούντων
1504 603 1602 672 τὴν
1636 602 1809 671 γλῶσ-

228 713 350 759 σαν,
389 696 485 749 καὶ
514 695 604 747 τὸν
636 695 917 756 δάκτυλον,
959 695 1053 747 καὶ
1081 695 1205 757 τοὺς
1254 695 1489 757 κόλπους
1534 693 1806 765 Ἀϐραάμ,

224 787 321 838 καὶ
343 788 443 855 τὴν
471 785 769 856 ἀνάκλησιν
790 786 922 855 (98),
942 788 1034 839 καὶ
1051 786 1190 857 τάχα
1220 787 1279 839 τὸ
1300 788 1396 858 τῆς
1416 787 1590 858 ψυχῆς
1612 788 1725 859 ἅμα
1742 791 1807 859 τῇ

223 878 520 948 ἀπαλλαγῇ
576 878 762 947 σχῆμα
789 879 1030 947 ὁμοειδὲς
1073 878 1131 931 ὃν
1170 878 1245 949 τῷ
1297 883 1462 950 παχεῖ
1504 881 1597 932 καὶ
1636 882 1810 951 γηΐνῳ

223 969 466 1039 σώματι,
523 968 743 1022 δύναται
794 968 937 1021 οὕτω
984 970 1377 1041 λαμϐάνεσθαι.
1437 972 1503 1024 Εἰ
1538 988 1668 1025 ποτε
1717 967 1809 1025 οὖν

225 1061 511 1132 ἱπόρηταί
530 1079 613 1125 τις
635 1061 742 1113 τῶν
767 1063 1180 1132 κεκοιμημένων
1202 1062 1545 1133 φαινόμενος,
1606 1064 1809 1133 ὁμοίως

225 1154 335 1223 (99)
370 1153 613 1225 ἑώραται
647 1153 724 1223 τῷ
755 1154 842 1206 ὅτε
873 1154 969 1225 τὴν
999 1155 1175 1226 σάρκα
1215 1151 1348 1225 εἶχε,
1381 1157 1640 1226 σχήματι.
1658 1150 1812 1210 Εἶτα·

219 1243 356 1300 ἀλλὰ
437 1250 453 1268 ⁶
476 1246 577 1299 καὶ
614 1248 643 1298 6
686 1246 943 1316 Σαμουὴλ
967 1247 1312 1317 φαινόμενος,
1343 1247 1417 1310 ὡς
1462 1247 1620 1318 δῆλόν
1665 1249 1815 1302 ἐστιν

220 1339 421 1408 ὁρατὸς
439 1337 539 1401 ὣν,
564 1337 914 1408 παρίστησιν,
939 1338 1017 1390 ὃτι
1047 1338 1203 1409 σῶμα
1224 1341 1550 1411 περιέκειτο·
1580 1342 1811 1413 μάλιστα

221 1427 318 1479 ἐὰν
353 1425 793 1498 ἀναγκασθῶμεν
838 1428 942 1481 ὑπὸ
972 1428 1081 1481 τῶν
1125 1430 1452 1497 ἀποδείξεων
1494 1432 1592 1503 τὴν
1624 1432 1812 1485 οὐσίαν

218 1520 317 1589 τῆς
345 1521 529 1591 ψυχῆς
552 1522 840 1594 ἀσώματον
865 1519 1130 1586 εἶναι,καὶ
1180 1519 1384 1588 ταυτὴν
1412 1524 1809 1595 ἀποφήνασθαι.

209 1611 347 1665 ἀλλά
382 1618 401 1632 '
434 1613 531 1665 καὶ
559 1614 587 1665 ό
619 1613 977 1683 κολαζόμενος
1012 1612 1285 1677 πλούσιος,
1315 1614 1409 1666 καὶ
1439 1616 1466 1667 6
1494 1616 1551 1666 ὲν
1592 1615 1813 1679 κόλποις

230 1701 493 1772 Ἀϐραάμ
527 1704 695 1776 πένης
740 1704 1175 1775 ἀναπαυόμενος,
1223 1704 1329 1773 πρὸ
1372 1703 1471 1774 τῆς
1512 1705 1811 1776 παρουσίας

217 1794 313 1848 τοῦ
348 1796 608 1867 Σωτῆρος
633 1798 724 1850 καὶ
754 1798 859 1870 πρὸ
884 1797 983 1867 τῆς
1019 1798 1326 1860 συντελείας
1346 1798 1437 1850 τοῦ
1470 1798 1681 1863 αἰῶνος,
1717 1799 1810 1851 καὶ

214 1888 307 1941 διὰ
340 1887 503 1941 τοῦτο
551 1890 658 1958 πρὸ
699 1889 798 1959 τῆς
845 1889 1195 1951 ἀναστάσεως
1224 1887 1501 1959 λεγόμενοι
1534 1890 1561 1941 6
1599 1890 1701 1959 μὲν
1751 1890 1809 1942 ὲν

218 1980 347 2051 ᾅδου
413 1981 761 2045 κολάζεσθαι,
801 1980 829 2032 ὁ
880 1981 936 2035 δὲ
985 1984 1042 2035 ὲν
1096 1981 1316 2044 κόλποις
1382 1980 1624 2051 Ἀϐραὰμ
1680 1984 1811 2036 ἀνα-

216 2072 513 2137 παύεσθαι,
538 2073 900 2136 διδάσκουσιν,
923 2075 1003 2126 ὅτι
1033 2074 1127 2126 καὶ
1174 2071 1269 2126 νῦν
1292 2075 1357 2143 τῇ
1388 2074 1672 2145 ἀπαλλαγῇ
1708 2075 1806 2147 (1),

217 2166 434 2236 σώματι
486 2166 684 2236 χρῆται
734 2167 767 2235 ἡ
814 2166 979 2236 ψυχή.
1033 2165 1177 2236 Πρὸς
1207 2163 1378 2217 ταῦτα
1423 2167 1451 2218 6
1501 2166 1654 2233 ἆγιος
1684 2166 1809 2220 τάδε

217 2259 349 2329 φησί
368 2277 381 2287 ·
419 2258 620 2327 Σχῆμα
654 2257 781 2310 ἄλλο
812 2257 1055 2327 ὁμοειδὲς
1084 2257 1162 2327 τῷ
1189 2256 1432 2327 αἰσθητῷ
1465 2258 1638 2327 τούτῳ
1670 2260 1808 2327 μετὰ

218 2349 314 2418 τὴν
339 2349 601 2404 ἐντεῦθεν
637 2350 899 2420 ἐκδημίαν
929 2349 1067 2419 ἔχειν
1099 2346 1443 2419 ἐκτιθέμενος
1477 2350 1576 2421 τὴν
1608 2348 1804 2420 ψυχήν⁶

219 2442 517 2513 ἀσώματον
556 2444 663 2497 ὑπὸ
714 2444 765 2498 τί
803 2442 1163 2508 Πλατωνικῶς
1202 2445 1558 2513 ἀποφαίνεται
1600 2448 1804 2519 abs-qv;

221 2533 290 2586 T6
325 2535 436 2605 γὰρ
482 2537 579 2589 καὶ
629 2535 766 2605 μετά
805 2536 901 2608 τὴν
934 2535 1041 2589 ἀπὸ
1067 2535 1160 2588 τοῦ
1198 2536 1403 2606 κόσμου
1450 2539 1807 2611 ἀποφοίτησιν

220 2625 312 2696 δή
321 2644 494 2695 ματος
519 2628 689 2699 αὐτὴν
715 2628 932 2681 δέεσθαι
961 2627 1055 2681 καὶ
1084 2626 1378 2698 περιϐολῆς
1417 2629 1615 2698 λέγειν,
1647 2632 1721 2694 ὡς
1745 2632 1805 2684 οὑ

221 2715 528 2789 δυναμένην
575 2718 978 2787 κατασχεθῆναι
1024 2718 1257 2790 γυμνὴν,
1301 2718 1419 2782 πῶς
1450 2720 1549 2772 οὐκ
1589 2720 1655 2773 ἂν
1681 2722 1803 2775 καθ’

222 2810 422 2881 ἑαυτὴν
449 2810 745 2881 ἀσώματος
774 2813 894 2883 atq;
941 2813 1256 2885 Ἀσώματος
1280 2814 1338 2867 δὲ
1370 2810 1523 2878 οὖσα,
1556 2815 1674 2879 πῶς
1706 2818 1805 2869 οὐκ

222 2901 377 2955 ἔσται
422 2903 521 2956 καὶ
557 2904 909 2968 ἀνεπίδεκτος
949 2905 1175 2971 παθῶν;
1235 2907 1539 2960 Ἀκολουθεῖ
1577 2907 1687 2981 γάρ
1728 2908 1805 2980 τῷ

222 2993 514 3065 ἀσώματον
563 2997 735 3066 αὐτὴν
770 2997 1037 3068 ὑπάρχειν
1083 2999 1176 3051 καὶ
1222 3000 1284 3052 τὸ
1312 2999 1495 3071 ἀπαθῆ
1527 2996 1669 3057 εἶναι
1710 3003 1805 3055 καὶ

220 3085 654 3156 ἀπερίσπαστον.
690 3090 751 3142 Εἰ
779 3090 877 3159 μὲν
907 3086 999 3143 οὖν
1032 3090 1136 3143 ὑπὸ
1168 3090 1360 3159 ἀλόγου
1386 3091 1446 3144 οὐ
1479 3090 1805 3162 παρείλκετο

1914 437 2052 479 rum,
2089 420 2237 474 mitte
2264 418 2531 472 Lazarum
2551 428 2607 472 ut
2632 418 2739 473 illis
2763 418 3067 484 denuntiet,
3087 436 3205 489 quae
3227 420 3315 475 hic
3335 424 3489 480 liunt.

1917 513 2096 583 Atque
2127 513 2261 567 adeo
2294 516 2338 568 si
2370 528 2678 582 quaeramus
2713 512 2949 581 linguam
2976 513 3119 565 illam
3154 523 3209 567 et
3236 515 3491 584 digitum,

1912 604 2203 674 sinumque
2232 605 2463 658 Abrahae
2482 614 2533 658 et
2563 603 2866 658 recubitum
2896 622 2908 656 :
2938 600 3075 656 forte
3095 620 3225 657 vero
3254 613 3307 658 et
3328 622 3492 675 quam

1910 698 2095 752 statim
2127 713 2156 750 a
2191 707 2399 760 morte,
2432 712 2621 751 crasso
2676 698 2799 749 huic
2834 704 2886 750 et
2916 703 3135 748 terreno
3168 699 3384 767 corpori
3418 700 3494 752 si-

1912 788 2093 841 milem
2146 788 2373 841 formam
2423 789 2603 840 anima
2641 787 2845 851 induit;
2893 787 2972 840 sic
3012 795 3190 856 potest
3244 787 3491 858 intelligi.

1915 878 1970 932 Si
2006 882 2225 949 quando
2270 882 2435 950 igitur
2485 881 2728 935 historiis
2754 881 3025 949 proditum
3066 889 3148 935 est
3174 884 3494 951 apparuisse

1913 972 2147 1041 aliquem
2180 984 2477 1033 mortuum,
2510 972 2672 1026 simili
2713 971 2886 1025 forma
2921 989 2983 1026 ac
3011 972 3138 1027 dum
3182 981 3495 1029 versaretur

1915 1063 1969 1117 in
2020 1079 2207 1128 carne,
2257 1064 2529 1134 apparuit.
2564 1063 2832 1118 Praeterea
2864 1084 2876 1117 :
2913 1064 3191 1119 enimvero
3230 1071 3245 1086 ·
3274 1064 3496 1121 Samuel

1914 1168 2190 1225 apparens
2220 1156 2297 1224 (2)
2327 1157 2475 1210 velut
2496 1157 2671 1210 oculis
2702 1158 3037 1226 conspicuus
3060 1156 3127 1219 ⁸⁸,
3165 1157 3412 1210 indutum
3437 1172 3499 1212 se

1914 1263 2117 1318 corpus
2143 1246 2383 1301 ostendit
2416 1267 2428 1301 :
2478 1250 2781 1317 praesertim
2808 1250 2851 1301 si
2883 1249 3389 1305 demonstrantibus
3410 1266 3500 1304 ur-

1915 1356 2140 1409 geamur
2174 1341 2327 1394 fateri
2363 1357 2484 1396 esse
2509 1342 2745 1395 animam
2772 1352 2966 1395 natura
3002 1340 3402 1413 incorporeum,
3433 1360 3497 1399 ac

1914 1432 2183 1495 eamdem,
2209 1434 2470 1503 nullaque
2488 1434 2749 1488 varietate
2773 1437 3008 1502 partium
3030 1436 3128 1504 (3).
3159 1434 3260 1489 Sed
3280 1436 3499 1492 etdives

1913 1526 2159 1595 punitus,
2191 1534 2243 1585 et
2270 1543 2477 1597 pauper
2508 1528 2560 1580 in
2590 1527 2714 1581 sinu
2748 1527 3000 1590 Abrahae,
3040 1538 3164 1582 ante
3192 1526 3497 1582 Salvatoris

1915 1618 2206 1672 adventum
2244 1620 2537 1689 szeculique
2580 1621 3105 1674 consum-nationem
3129 1661 3143 1682 ,
3176 1630 3336 1690 atque
3362 1622 3498 1675 adeo

1915 1720 2040 1764 ante
2065 1714 2515 1765 resurrectionem
2538 1713 2716 1782 quiete
2737 1714 2941 1782 potitus
2963 1729 2977 1777 ;
2997 1712 3140 1782 quod
3158 1714 3293 1766 alter
3314 1713 3497 1781 puniri

1917 1804 1971 1857 in
2034 1803 2279 1866 inferno,
2327 1804 2462 1857 alter
2495 1804 2549 1857 in
2596 1804 2718 1859 sinu
2757 1804 2984 1857 Abrahre
3028 1804 3243 1857 dicatur
3279 1804 3497 1874 requie-

1912 1911 2093 1959 scere;
2131 1895 2183 1949 id
2216 1896 2432 1959 docent,
2466 1896 2630 1950 etiam
2668 1896 2846 1954 modo,
2885 1896 3065 1948 statim
3092 1910 3120 1947 a
3151 1896 3497 1966 migratione,

1912 1988 1992 2042 uti
2043 1988 2278 2041 animam
2314 2004 2562 2058 corpore.
2601 1987 2681 2040 Ad
2719 2004 2839 2057 qua:
2892 1988 2964 2040 ita
3021 1988 3105 2039 vir
3135 1998 3357 2043 sanctus
3408 2004 3496 2043 re-

1912 2080 2172 2148 spondet:
2207 2077 2431 2141 docens,
2460 2080 2656 2132 habere
2677 2080 2911 2131 animam
2946 2079 3033 2131 ubi
3070 2094 3098 2131 a
3131 2094 3362 2148 corpore
3394 2080 3497 2133 mi-

1910 2171 2087 2241 gravit
2113 2212 2127 2234 ,
2173 2168 2403 2223 formam
2438 2170 2601 2223 aliam
2629 2211 2644 2234 ,
2682 2170 2873 2225 huicce
2914 2172 3195 2237 sensibili,
3223 2175 3403 2242 specie
3429 2188 3495 2228 ac

1912 2262 2099 2316 habitu
2144 2263 2400 2317 similem.
2435 2261 2708 2327 Quorsum
2747 2278 2876 2317 vero
2902 2266 3160 2325 animam,
3199 2267 3492 2335 inquit”),

1909 2353 2189 2411 Platonica
2215 2356 2589 2425 incorporeum
2622 2355 2928 2428 (Origenes)
2956 2357 3137 2412 delinit
3155 2360 3177 2411 ?
3194 2365 3323 2424 una:
3345 2362 3492 2417 enim

1908 2456 2033 2515 post
2079 2448 2245 2503 etiam
2292 2464 2577 2503 excessum
2609 2464 2639 2503 e
2676 2450 2808 2512 vita,
2854 2450 3106 2504 vehiculo
3149 2462 3303 2521 egeat
3332 2460 3385 2505 et
3411 2468 3495 2506 vc-

1912 2546 2017 2605 ste,
2054 2541 2201 2593 velut
2232 2539 2377 2593 nuda
2404 2539 2787 2610 comprehendi
2822 2558 2930 2595 non
2966 2544 3138 2612 possit
3174 2552 3269 2597 aut
3298 2544 3492 2607 tene-ri,

1907 2632 2182 2700 quomodo
2208 2648 2316 2685 non
2344 2632 2457 2702 ipsa
2479 2649 2573 2702 per
2603 2648 2662 2686 se
2688 2634 3008 2702 incorporea
3033 2634 3140 2687 sit?
3168 2634 3494 2705 lncorporea

1906 2738 2061 2786 vero,
2082 2724 2177 2793 qui
2203 2740 2310 2778 non
2342 2728 2501 2779 etiam
2524 2725 2590 2778 ab
2618 2724 2765 2777 omni
2816 2726 3068 2794 passione
3100 2726 3359 2781 immunis
3385 2725 3496 2781 sit?

1906 2813 2277 2885 Consequitur
2314 2814 2459 2870 enim
2486 2850 2501 2875 ,
2543 2821 2601 2864 ut
2632 2816 2951 2884 incorporea
2973 2818 3137 2878 sit,ct
3158 2827 3340 2870 utnon
3365 2832 3492 2886 pos-

1906 2906 1977 2960 sit
1996 2905 2131 2960 allici
2155 2921 2219 2960 ac
2254 2906 2586 2976 perturbari.
2613 2903 2667 2959 Si
2688 2906 2835 2959 nulla
2859 2920 2990 2975 ergo
3008 2907 3237 2969 ratione,
3263 2907 3439 2960 alieno
3458 2919 3490 2961 α

1906 2998 2117 3051 ratione
2142 2998 2382 3067 appetitu
2412 2997 2753 3063 trahebatur,
2789 2997 2949 3066 plane
2984 3014 3085 3052 nec
3116 2999 3352 3053 dolentis
3366 3013 3491 3052 cor-

1905 3089 2055 3157 poris
2073 3088 2438 3158 patientisque
2450 3103 2613 3143 sensu
2639 3089 2748 3141 ullo
2771 3089 3177 3142 immolabatur.
3201 3088 3489 3159 Nunquam

218 3177 363 3241 ὅλως
400 3179 713 3251 ἐπιθυμίας,
755 3182 874 3236 οὐδὲ
908 3182 1377 3254 συμμετεϐάλλετο
1420 3183 1673 3252 ἀλγοῦντι
1711 3186 1803 3239 καὶ

1909 3181 2051 3234 enim
2082 3181 2227 3251 quod
2259 3188 2415 3235 vacat
2438 3168 2685 3251 corpore,
2719 3197 2825 3235 una
2858 3198 2983 3235 cum
3007 3197 3257 3250 corpore,
3293 3198 3357 3236 ac
3389 3199 3490 3238 nec

217 3270 484 3343 πάσχοντι
540 3273 621 3343 τῷ
671 3273 901 3344 σώματι.
964 3276 1274 3347 ’Δσώματον
1322 3275 1431 3347 γὰρ
1483 3274 1714 3346 σώματι,
1762 3277 1795 3347 ἢ

217 3363 383 3433 σῶμα
407 3364 691 3436 ἀσωμάτῳ
718 3366 817 3418 οὐκ
849 3366 913 3419 ἀν
943 3383 1070 3419 ποτε
1115 3366 1411 3436 συμπάθοι,
1446 3367 1533 3419 ἵνα
1564 3365 1629 3419 ἂν
1658 3364 1801 3418 ἀσώ-

286 3525 305 3542 ⁶
338 3520 932 3599 χόλᾍᾼαιμόνιονῆν
958 3526 1025 3599 τὸν
1042 3526 1191 3599 παρά
1212 3528 1310 3599 τῆς
1338 3526 1799 3599 Ἐνγαστριμὺθου

215 3594 476 3663 ἀναχθὲν,
500 3596 617 3647 ἀλλ’
636 3598 733 3665 οὐχ
759 3598 787 3647 ὁ
820 3594 1089 3668 Σαμουὴλ.

286 3731 335 3763 ’⁸
370 3732 388 3785 Ι
418 3730 546 3801 Reg.
576 3747 771 3797 xvaII,
799 3732 886 3787 12.

283 3868 404 3936 (98)
450 3870 835 3939 Ἀνὰκλησιν.
870 3869 1031 3926 Forte
1055 3870 1352 3925 ἁνάκλισιν.

285 3941 408 4007 (99)
446 3942 711 4012 Ὁμοίως.
739 3943 845 4007 AL,
877 3944 1079 4012 ὅμοιος.

284 4016 335 4083 (Ι
360 4026 373 4075 ι
399 4011 473 4079 Τῇ
500 4015 726 4065 dare“.
762 4011 920 4067 Deest
949 4013 1082 4083 ἀμα.

285 4081 377 4153 (2)
406 4083 623 4136 Samuel
648 4099 925 4150 apparens.
960 4082 1155 4135 Paucis
1192 4081 1441 4136 scholion
1475 4082 1800 4136 sententiam

212 4154 485 4212 Methodii
517 4155 640 4207 huic
665 4153 1005 4223 Origeniante
1023 4156 1307 4207 adversam
1326 4154 1593 4221 explicat;
1616 4165 1800 4207 utnon

215 4227 472 4288 Samuel,
502 4226 593 4278 sed
625 4225 831 4278 daemon
878 4223 1025 4277 Sauli
1061 4225 1345 4285 illusurus,
1380 4225 1640 4278 ementita
1680 4223 1801 4291 ejus

214 4296 436 4366 specie,
472 4305 731 4349 evocatus
754 4296 1067 4365 apparuerit
1098 4310 1250 4363 :quae
1277 4304 1356 4348 est
1379 4309 1636 4363 perquam
1661 4309 1805 4366 com-

211 4364 414 4421 munis
466 4364 1098 4427 sant-tommsententia,
1154 4367 1205 4417 in
1237 4380 1399 4433 quam
1435 4366 1590 4433 plura
1642 4364 1800 4420 docte

1906 3288 2107 3344 corpus
2142 3289 2248 3328 una
2275 3288 2397 3327 cum
2428 3289 2492 3327 eo
2541 3274 2685 3344 quod
2712 3275 2805 3327 illo
2838 3284 3010 3337 vacat,
3038 3274 3287 3327 habuerit
3310 3274 3489 3343 afﬁci;

1908 3373 1969 3419 ut
2002 3367 2078 3419 ita
2106 3382 2236 3422 sane
2264 3374 2632 3421 consentanee
2659 3368 2821 3422 dictis
2849 3366 2925 3438 (5)
2966 3367 3285 3437 incorporea
3315 3366 3488 3423 videri

1978 3526 2001 3547 ‘
2040 3521 2217 3578 Schol.
2263 3521 2598 3593 Dtemonium
2638 3529 2757 3576 erat
2794 3523 2936 3593 quod
2979 3522 3079 3575 fuit
3120 3529 3407 3577 evocatum
3454 3537 3485 3577 ει

1907 3595 2251 3665 ventriloqua
2278 3602 2331 3649 et
2359 3592 2707 3664 Pythonissa,
2732 3609 2840 3648 non
2862 3610 2989 3650 vero
3016 3593 3279 3664 Samuel.,

1987 3870 2061 3937 (4)
2088 3868 2353 3935 Quorsum
2369 3884 2485 3922 vero
2510 3868 2765 3929 animam,
2798 3867 2986 3935 inquit,
3013 3874 3119 3921 etc.
3166 3866 3483 3939 ’ᾼσώματον

1909 3941 2023 3996 ὑπὸ
2045 3936 2095 3993 τί
2128 3938 2487 4002 Πλατωνικῶς
2523 3939 2883 4006 ἀποφαίνεται
2932 3940 3135 4007 αὑτήν;
3175 3936 3265 3991 Sic
3307 3936 3481 3994 inter—

1907 4012 2147 4081 rogative
2196 4011 2479 4081 legendum
2518 4010 2633 4078 ipsa
2665 4016 2846 4063 textus
2882 4010 3053 4063 series
3082 4008 3363 4081 exigit,_ut
3393 4011 3481 4065 hic

1909 4079 2136 4151 incipiat
2176 4082 2323 4150 loqui
2362 4080 2667 4133 Methodins
2699 4088 2752 4133 et
2779 4094 3009 4151 arguere
3039 4081 3217 4149 priora
3259 4079 3479 4147 (Photio

1906 4149 2091 4207 verbis
2143 4149 2409 4221 protimis
2452 4160 2758 4219 exponentc
2800 4149 3053 4221 lliethodiI
3101 4153 3476 4217 sententiam),

1905 4239 2027 4293 quae
2075 4220 2335 4276 Schottus
2369 4229 2425 4275 ut
2477 4221 2733 4293 Methodii
2766 4220 3071 4293 confundit,
3120 4221 3195 4273 illi
3236 4222 3477 4288 ascripta

1907 4291 2198 4353 sententia,
2230 4308 2391 4361 quam
2432 4293 2477 4345 is
2512 4292 2613 4345 sibi
2667 4291 3095 4360 impugnandaut
3148 4293 3469 4359 assumpsit,

1904 4372 1958 4417 et
2007 4364 2274 4418 sententia
2328 4363 2442 4431 ipsa
2487 4361 2737 4430 Origenis
2776 4379 2788 4414 :
2837 4368 2893 4413 ut
2932 4361 3187 4413 nimirum
3233 4362 3396 4412 etiam
3441 4378 3473 4416 a

209 4435 608 4507 disputatLeo
637 4436 869 4507 Allatius
900 4437 951 4489 in
984 4451 1082 4489 suo
1110 4429 1411 4507 Eustathio,
1435 4429 1676 4507 tractatu
1711 4450 1803 4503 pe-
1836 4429 1878 4483 D
1908 4445 2104 4493 morte.
2153 4435 2261 4487 sint
2311 4429 2600 4507 animabus
2651 4439 2909 4507 tanquam
2974 4431 3371 4507 spiritualihus,
3420 4440 3476 4486 et

209 4506 423 4561 culiari
459 4506 525 4559 de
546 4522 608 4559 ea
642 4523 700 4560 re
732 4508 786 4560 in
813 4506 1120 4577 Origenem,
1153 4506 1368 4575 qualem
1396 4506 1557 4577 etiam
1621 4516 1809 4559 noster

210 4578 536 4633 Methodius
579 4574 1048 4640 elaboravitfsed
1095 4574 1356 4630 hactenus
1404 4574 1805 4629 desideramus.

212 4651 348 4719 Ipse
387 4648 446 4700 Ι),
481 4645 717 4701 Thomas
748 4648 865 4711 2-2,
897 4665 951 4716 q.
982 4647 1071 4708 95,
1098 4647 1226 4719 λι,
1260 4647 1399 4719 εχει
1432 4662 1486 4713 q.
1516 4644 1636 4719 in,
1674 4647 1803 4719 n.5,

209 4716 266 4782 ε,
294 4722 363 4773 in
398 4734 459 4773 ea
489 4720 629 4771 velut
658 4720 929 4771 solutione
958 4718 1212 4786 quiescit,
1241 4725 1299 4769 ut
1324 4716 1485 4769 fuerit
1511 4716 1668 4769 ﬁctus
1706 4716 1805 4769 Sa-

210 4791 399 4870 muel.
428 4804 492 4843 ea
518 4790 789 4868 solutione
820 4788 1117 4873 utrobique
1158 4788 1347 4841 ultimo
1382 4786 1709 4873 lolcqallata,
1742 4802 1804 4841 ac

212 4878 325 4916 nec
356 4862 474 4929 ipsa
507 4860 826 4912 auctoritate
848 4861 968 4913 libri
997 4856 1204 4913 Eccles.
1230 4871 1350 4926 qua:
1370 4858 1481 4911 sola
1518 4856 1801 4929 videbatur

211 4927 452 4988 obstare
493 4931 548 4983 in
579 4944 594 4982 I
627 4945 681 4998 p.
716 4930 901 4994 tacita,
938 4930 1034 4984 sed
1074 4937 1128 4983 et
1169 4930 1287 5000 ipsa
1314 4928 1505 4981 ultimo
1546 4927 1666 4979 loco
1708 4945 1801 4982 so-

212 5004 365 5057 luta.

284 5074 380 5141 (3)
409 5071 488 5124 Ac
536 5069 795 5135 eamdem,
839 5070 1085 5139 nullaque
1120 5070 1369 5123 varietate
1412 5069 1664 5138 partium.
1720 5067 1798 5121 Ita

210 5145 555 5213 exponimus
596 5142 742 5213 quod
786 5142 1067 5209 legendum
1109 5141 1364 5213 duximus
1395 5141 1618 5213 ταυτήν,
1656 5141 1801 5193 velut

208 5211 321 5287 τὴν
356 5214 546 5287 αὑτήν,
572 5212 803 5287 canitiem
834 5214 1002 5278 ipsam
1031 5213 1131 5265 sibi
1161 5228 1179 5264 :
1209 5228 1318 5282 quo
1352 5212 1506 5287 longe
1540 5211 1693 5287 abest
1741 5217 1799 5263 ut

209 5281 399 5340 videri
439 5284 611 5353 possit
648 5298 709 5336 ea
742 5282 938 5340 forma.
970 5299 1076 5352 qua
1108 5298 1166 5337 se
1214 5281 1572 5353 aspectandas
1603 5281 1797 5334 animae

212 5372 336 5410 non
371 5352 501 5408 raro
542 5353 921 5423 praebuerunt;
963 5356 1107 5407 velut
1156 5360 1359 5407 retenta
1397 5352 1563 5420 priori
1616 5353 1797 5420 specie

211 5438 266 5481 et
300 5427 498 5480 habitu
524 5441 619 5478 seu
652 5424 1016 5485 lineamentis,
1054 5432 1269 5493 totaque
1298 5423 1542 5491 corporis
1573 5437 1795 5491 compo-

214 5500 449 5557 sitione,
475 5510 595 5563 qua:
630 5495 861 5562 partium
896 5494 1325 5548 dissimiharium
1385 5494 1617 5563 propriis
1649 5494 1792 5547 notis

215 5562 501 5622 consistit.
558 5565 839 5623 Schottus,
877 5562 1029 5616 Hanc
1061 5564 1221 5617 videri
1272 5562 1788 5630 demonstrationem,

220 5639 275 5690 in
304 5640 508 5707 quibus
565 5650 666 5705 ego
706 5636 887 5689 verbis
936 5650 1003 5707 ne
1050 5634 1217 5707 hilum
1254 5650 1447 5689 sensus
1476 5635 1654 5700 video,
1692 5650 1789 5688 nec

221 5706 345 5765 scio
371 5726 442 5762 an
474 5707 845 5779 perspicacior
877 5706 1015 5760 alius
1048 5706 1260 5759 viderit.

1909 4520 2029 4574 qtae
2062 4521 2167 4558 non
2203 4505 2410 4574 possint
2442 4505 2596 4574 ahter
2635 4503 2829 4562 teneri,
2863 4516 2958 4574 sua
2998 4501 3239 4574 vehicua
3270 4508 3478 4574 eteor-

1910 4570 2040 4644 pora
2068 4593 2083 4639 ;
2114 4570 2275 4643 quam
2317 4573 2405 4625 ille
2428 4573 2895 4641 Spiritualitatem,
2930 4570 3276 4644 incommodo
3300 4570 3472 4634 ducit,

1907 4642 2229 4699 existimans
2272 4644 2362 4697 illa
2407 4658 2689 4707 concessa,
2730 4658 2837 4695 non
2873 4656 3030 4710 posse
3077 4642 3313 4692 aaimam
3348 4656 3473 4695 cum

1906 4730 2139 4785 corpore
2172 4722 2226 4767 et
2282 4713 2666 4767 affectionibus
2716 4712 2987 4781 corporis,
3024 4712 3168 4765 velut
3204 4713 3470 4785 eniti-anei,

1907 4777 2043 4839 allict
2072 4804 2085 4837 :
2119 4785 2261 4853 quod
2308 4792 2360 4837 et
2391 4784 2736 4852 experientia:
2780 4777 3098 4837 adversatur
3126 4790 3177 4834 et
3221 4777 3471 4850 Scriptu-

1906 4857 2005 4909 ris.
2038 4856 2131 4915 T6,
2165 4854 2269 4906 ὑπὸ
2299 4853 2371 4915 τί,
2403 4870 2714 4923 quanquam
2765 4855 2967 4912 rarius.
3004 4854 3308 4923 accipimus
3354 4854 3474 4907 ἀντὶ

1904 4926 2017 4990 τοῦ,
2048 4926 2195 4996 παρά
2223 4924 2293 4979 τί.
2333 4922 2495 4979 Forte
2548 4922 2674 4978 vero
2713 4926 2997 4995 scripserit
3046 4922 3351 4977 Methodius
3385 4924 3474 4977 ῐνα

1901 4997 1971 5048 τί·
2008 4998 2089 5051 sic
2141 5010 2241 5050 nos
2302 4996 2502 5064 passim
2543 4996 3021 5067 παραγράμματα,
3060 4997 3111 5067 in
3158 5002 3473 5067 portentosa

1902 5068 2148 5137 qumdam
2182 5068 2488 5135 impellunt,
2536 5066 2816 5136 nunquam
2867 5066 3184 5137 auctoribus
3211 5066 3467 5137 cogitata.

1974 5139 2051 5208 (5)
2081 5137 2148 5192 Ut
2190 5133 2275 5191 itaﬁ
2306 5154 2432 5191 sane
2482 5133 2823 5191 consentanee
2860 5135 3036 5189 dictis.
3070 5136 3185 5208 ’Ὶνα
3227 5134 3294 5208 {iw
3327 5133 3466 5186 ἀσώ-

1903 5205 2068 5280 ματον
2100 5208 2246 5274 δόξαι
2293 5209 2482 5281 αὐτὴν.
2525 5208 2867 5281 liteschelius
2917 5206 3175 5281 putat‘rb
3226 5205 3313 5281 [va
3358 5221 3467 5260 non

1900 5274 2088 5335 carere
2111 5284 2273 5345 vitio;
2308 5274 2550 5333 sed'non
2590 5274 2927 5349 detegitaut
2950 5277 3196 5346 corrigit.
3230 5274 3468 5329 Putave-

1899 5353 2000 5404 rim
2030 5367 2131 5422 ego
2164 5351 2449 5422 legendum
2478 5350 2557 5422 ὼς
2591 5351 2691 5422 vel
2721 5348 2851 5419 quid
2885 5349 3085 5422 simile,
3119 5349 3313 5422 ut_sit_
3336 5361 3469 5422 con-

1896 5417 2088 5476 clusio
2116 5417 2262 5475 illata
2294 5420 2513 5490 quidem
2548 5417 2807 5490 legitime,
2838 5427 2896 5472 ut
2941 5418 3160 5490 quidem
3196 5417 3469 5490 Methodio

1894 5493 2144 5560 videtur;
2171 5494 2265 5546 sed
2295 5486 2359 5546 ex
2390 5491 2528 5544 falso
2554 5486 2918 5554 antecedenti,
2957 5486 3099 5559 quod
3124 5486 3319 5543 deinde
3349 5487 3466 5543 vel-

1894 5574 1952 5615 ut
1988 5564 2361 5632 assumptione
2414 5562 2682 5626 destruat,
2719 5570 2929 5616 asserta
2958 5572 3157 5632 Inutua
3202 5561 3288 5611 illa
3320 5560 3466 5632 velut

1893 5635 2127 5703 partium
2177 5628 2207 5687 a
2238 5628 2434 5687 natura
2493 5633 2771 5685 unitarum
2825 5630 3079 5702 passione
3123 5644 3285 5697 quam
3336 5628 3464 5684 Ori-

1890 5719 2055 5775 genes
2086 5705 2333 5775 negabat.
