4010 6328
585 228 694 284 τεν

1558 224 1619 280 S.
1660 220 1996 279 ΜΕτηοοιι
2035 219 2160 276 Εριε

2266 219 2345 275 lPl
2385 219 2473 275 ET
2513 218 2877 275 MARTYRIS
3699 230 3788 288 32$

585 348 780 422 possit.
816 348 911 404 Sin
934 358 1115 405 autem
1145 364 1250 403 una
1273 364 1398 403 cum
1429 362 1660 420 corpore
1688 347 1947 419 patiatur,
1980 354 2039 401 ut
2075 362 2160 402 eo-

2275 361 2441 414 ματον
2474 343 2622 410 δόξαι
2651 342 2819 414 αὐτὴν
2845 339 3153 406 ἀκολούθως
3180 346 3297 407 τοῖς
3323 344 3624 417 εἰρημένοις.
3657 347 3710 402 El
3733 349 3783 403 δὲ

588 453 709 493 rum
732 437 826 505 qui
858 445 1229 509 apparuerunt
1255 438 1566 493 testimonia
1598 438 1830 507 probant
1853 476 1867 500 ,
1892 436 2052 507 plane
2082 436 2165 489 in-

585 543 850 601 corporea
872 544 993 583 esse
1016 529 1225 599 nequit.
1264 527 1404 600 Ergo
1444 530 1595 586 solus
1630 528 1809 593 Deus,
1853 536 2047 582 natura
2074 528 2163 581 in-

585 617 787 685 genita,
813 615 1018 670 nullius
1038 631 1223 686 egens,
1250 633 1315 671 ac
1348 617 1618 674 indefessa
1634 618 1942 673 celebratur
1960 636 1975 686 ;
1993 617 2159 682 velut,

585 722 653 763 eo
687 707 1016 772 invisibilis,
1046 708 1189 778 quod
1219 709 1575 779 incorporeus
1610 731 1622 765 :
1658 710 1825 764 Deum
1880 712 2024 766 enim
2068 726 2162 764 ne-

589 815 673 852 mo
706 797 835 853 vidit
867 797 935 853 “.
967 798 1174 853 Anima:
1204 815 1335 854 vero
1363 803 1432 855 ab
1455 802 1701 855 omnium
1729 809 1952 855 auclore
1982 811 2163 871 patre-

584 904 712 961 que,
736 904 968 961 corpora
994 891 1331 962 intelligendi
1362 890 1617 947 facultate
1645 893 1866 963 praedita
1896 898 2081 954 editae,
2111 892 2167 947 in

585 981 835 1037 membra
887 982 1118 1038 rationis
1166 984 1327 1039 oculo
1386 984 1771 1054 aspectabilia,
1834 983 2169 1053 ejuscemodi

586 1072 954 1130 delineatione
999 1082 1246 1146 accepta,
1297 1075 1522 1147 digestae
1565 1083 1715 1132 sunt.
1746 1074 1902 1132 Unde
1936 1083 1992 1131 et
2024 1075 2170 1146 apud

586 1166 832 1233 inferos,
868 1176 927 1223 ut
973 1176 1028 1224 et
1076 1169 1132 1224 in
1173 1168 1381 1225 Lazaro
1414 1178 1469 1225 et
1497 1170 1666 1225 divite
1706 1170 1893 1225 videre
1921 1177 2028 1233 est,
2059 1169 2169 1223 lin-

584 1275 773 1334 guam,
791 1268 845 1317 et
862 1260 1115 1332 digitum,
1134 1270 1187 1316 et
1209 1261 1314 1316 alia
1335 1262 1578 1318 membra
1602 1261 1913 1317 referuntur
1926 1261 2158 1317 habere:

585 1369 695 1409 non
719 1355 863 1426 quod
881 1356 1117 1410 alienum
1134 1369 1334 1425 corpus
1353 1370 1475 1410 eum
1512 1356 1620 1411 illis
1637 1358 1864 1410 exsistat
1895 1354 2126 1409 informe
2144 1394 2160 1420 ,

583 1448 681 1504 sed
707 1448 852 1519 quod
883 1447 1014 1519 ipsae
1042 1448 1237 1503 anima:
1266 1447 1337 1504 ab
1379 1449 1528 1503 omni
1562 1455 1876 1518 legumento
1905 1447 2158 1513 nudatae,

586 1548 784 1596 natura
813 1557 911 1597 sua
935 1548 991 1596 et
1018 1540 1319 1597 secundum
1350 1539 1714 1596 substantiam
1745 1543 1854 1597 sint
1883 1540 2042 1597 tales.

2273 436 2582 507 συμπάσχοι
2626 435 2704 507 τῷ
2748 434 2994 505 σώματι,
3036 434 3288 508 καθάπερ
3333 438 3422 490 καὶ
3460 437 3540 490 διά
3576 440 3663 510 τῆς
3688 442 3786 494 ἐπι-

2272 529 2666 601 μαρτυρήσεως
2714 526 2824 580 τῶν
2862 526 3203 598 φαινομένων
3256 527 3626 592 ἀποδείκνυται,
3665 529 3785 586 ἀσώ-

2272 638 2440 692 ματος
2472 616 2610 674 εἷναι
2641 621 2703 674 οὐ
2731 619 2973 673 δύναται.
3026 620 3233 688 Ἦγουν
3262 620 3511 689 ἀγένητος
3540 622 3624 673 καὶ
3658 623 3785 676 ἀνεν⁴

2266 710 2391 783 δεὴς
2418 711 2513 764 καὶ
2539 710 2822 782 ἀκάματος
2850 708 3010 779 φύσις
3038 710 3067 762 ὁ
3092 708 3225 773 Θεὸς
3259 709 3411 781 μόνος
3442 710 3609 782 ᾄδεται
3626 726 3638 740 ·
3667 711 3786 765 ἀσώ-

2270 821 2439 874 ματος
2464 802 2559 862 ὣν,
2586 802 2667 857 διὸ
2694 803 2790 857 καὶ
2818 802 3065 872 ἀόρατος.
3091 799 3225 853 Θεὸν
3247 800 3352 872 γὰρ
3371 801 3538 864 οὐδεὶς
3561 802 3782 875 ἑώρακεν.

2265 895 2330 946 Αἱ
2358 892 2414 946 δὲ
2444 894 2613 964 ψυχαὶ
2668 893 2777 947 ἀπὸ
2823 891 2916 946 τοῦ
2957 891 3285 965 δημιουργοῦ
3331 893 3424 945 καὶ
3469 894 3663 967 Πατρὸς
3695 896 3785 949 τῶν

2265 985 2423 1050 ὅλων,
2451 983 2678 1055 σώματα
2720 984 2886 1056 νοερὰ
2914 984 3279 1056 ὑπάρχουσαι,
3306 986 3383 1049 εις
3410 983 3546 1057 λόγῳ
3573 986 3785 1058 θεωρητὰ

2272 1076 2410 1148 μέλη
2461 1076 2941 1150 διακεκόσμηνται,
2989 1077 3193 1149 ταύτην
3228 1076 3483 1132 λαϐοῦσαι
3516 1078 3607 1149 τὴν
3635 1080 3787 1134 διατύ-

2268 1180 2465 1218 πωσιν.
2509 1162 2672 1219 Ὅθεν
2716 1164 2812 1220 καὶ
2849 1166 2907 1219 ὲν
2934 1164 3013 1236 τῷ
3053 1165 3177 1240 ᾅδῃ,
3217 1166 3462 1239 καθάπερ
3487 1167 3576 1221 καὶ⁸
3604 1169 3685 1221 ἐπὶ
3709 1169 3787 1223 τοῦ

2270 1259 2524 1334 Λαζάρου
2560 1262 2655 1316 καὶ
2672 1260 2768 1316 τοῦ
2800 1261 3076 1324 πλουσίου,
3101 1263 3195 1317 καὶ
3222 1262 3486 1332 γλῶσσαν,
3512 1265 3599 1318 καὶ
3621 1265 3787 1318 δάκτυ-

2266 1352 2377 1419 λον,
2403 1354 2498 1407 καὶ
2521 1351 2592 1407 τά
2611 1352 2746 1408 ἄλλα
2778 1352 2911 1425 μέλη
2940 1352 3276 1425 ἱστοροῦνται
3298 1353 3438 1425 ἔχειν
3454 1369 3469 1385 °
3496 1355 3587 1425 οὐχ
3606 1354 3674 1418 ὡς
3696 1353 3790 1409 ἑτέ-

2271 1463 2365 1520 ρου
2405 1444 2654 1517 σώματος
2683 1446 3119 1518 συνυπάρχοντος
3144 1446 3337 1512 αὑταῖς
3361 1445 3581 1511 ἀειδοῦς,
3606 1445 3706 1501 ἀλλ’
3724 1447 3789 1501 ὅτι

2268 1530 2429 1592 αὗται
2466 1536 2626 1606 φύσει
2656 1538 2711 1591 αἱ
2754 1536 2943 1610 ψυχαὶ,
2979 1540 3197 1604 πάντως
3230 1538 3684 1611 ἀπογυμνωθεωαι
3714 1555 3791 1592 πε-

2268 1632 2620 1705 ριῦλήματος,
2658 1632 2905 1688 τοιαῦται
2939 1633 3079 1688 κατά
3109 1633 3211 1706 τὴν
3249 1633 3438 1688 οὐσίαν
3478 1632 3786 1703 ὑπάρχουσιν.

652 1718 771 1777 XX.
800 1720 960 1776 Addit
998 1721 1053 1777 in
1098 1720 1203 1777 fine
1233 1722 1316 1778 vir
1354 1730 1581 1778 sanctus
1612 1741 1626 1778 :
1658 1721 1718 1777 ιρι
1763 1722 1917 1794 quod
1954 1723 2160 1781 dictum

2333 1729 2404 1781 Κ.
2449 1727 2573 1780 Ὅτι
2597 1728 2761 1799 φησὶν
2789 1730 2818 1781 ὁ
2842 1728 2993 1797 ἅγιος
3024 1730 3082 1782 ὲν
3112 1727 3287 1781 τέλει’
3320 1727 3480 1778 Ὥστε
3506 1720 3674 1777 τὸιδιά
3695 1720 3789 1774 τοῦ-

583 1820 670 1867 est
687 1812 772 1869 ":
805 1812 869 1867 In
897 1813 993 1868 hoc
1036 1814 1283 1870 Christus
1327 1823 1565 1869 mortuus
1599 1824 1697 1880 est,
1728 1825 1782 1868 tu
1827 1826 2155 1872 mortuorum

581 1912 633 1956 et
656 1904 890 1959 vivorum
922 1903 1227 1960 dominetur
1248 1922 1267 1960 :
1302 1905 1372 1961 de
1414 1904 1703 1962 animabus
1728 1913 1783 1961 et
1831 1908 2160 1978 corporibus

584 1995 963 2067 accipiendum
989 2013 1113 2053 esse
1143 2016 1156 2053 :
1185 1998 1326 2055 vivis
1364 1997 1577 2055 scilicet
1621 1998 1928 2066 animabus,
1973 2010 2161 2072 utpote

579 2087 1018 2157 immortalibus;
1050 2090 1280 2147 mortuis
1303 2106 1432 2146 vero
1465 2092 1809 2162 corporibus.

654 2179 794 2235 XXI.
824 2180 983 2246 Cum,
1016 2183 1213 2252 inquit,
1247 2184 1545 2238 humanum
1577 2198 1777 2254 corpus
1799 2181 1899 2256 (6),
1930 2184 2162 2240 aliorum

582 2272 904 2326 animalium
943 2272 1273 2343 corporibus
1305 2274 1375 2328 sit
1411 2272 1671 2338 nobilius,
1705 2273 1853 2329 velut
1885 2273 2032 2344 quod
2064 2274 2160 2331 Dei

590 2365 846 2420 manibus
889 2364 1109 2420 dicatur
1140 2365 1434 2421 formatum
1455 2408 1470 2433 ,
1514 2366 1840 2437 habeatque,
1873 2375 1932 2422 ut
1965 2368 2160 2424 anima:

582 2454 868 2510 rationalis
904 2470 1025 2525 quae
1057 2464 1141 2510 est
1163 2455 1418 2522 nobilior,
1447 2456 1519 2513 sit
1553 2456 1860 2512 vehiculum
1887 2474 1901 2510 :
1924 2473 2160 2529 quomo-

581 2544 655 2601 do
685 2547 862 2618 ipsum
898 2548 1119 2619 quidem
1160 2556 1269 2604 tam
1300 2549 1482 2606 brevis
1523 2558 1608 2606 est
1648 2550 1771 2615 aevi,
1807 2567 1931 2607 cum
1968 2552 2160 2607 bruto-

583 2652 706 2692 rum
741 2640 1107 2709 quorumdam
1151 2656 1404 2712 corpora,
1441 2643 1566 2697 vitae
1603 2643 1713 2697 sint
1749 2645 1923 2697 multo
1950 2642 2162 2713 longio-

584 2729 701 2784 ris?
727 2729 868 2785 Num
893 2732 1089 2802 palam,
1136 2733 1281 2803 quod
1316 2747 1347 2786 a
1379 2734 1804 2799 resurrectione,
1853 2733 2161 2789 substantia

583 2819 706 2890 ejus
727 2821 968 2893 longaeva
998 2825 1181 2877 futura
1201 2822 1313 2878 sit?

2260 1838 2322 1875 το
2365 1820 2598 1895 Χριστὸς
2646 1818 3355 1894 ἀπέθανειλεγόμενον,ιῖνα
3380 1814 3587 1882 ζώντων
3620 1813 3701 1867 καὶ
3724 1829 3792 1867 νε-

2264 1915 2412 1987 κρῶν
2456 1913 2869 1987 κυριεύσῃ,›ὲπ“ι
2896 1914 3003 1968 τῶν
3040 1914 3229 1985 ψυχῶν
3268 1911 3363 1965 καὶ
3395 1909 3487 1961 ἐπὶ
3516 1907 3618 1959 τῶν
3643 1904 3794 1974 σωμά-

2265 2022 2372 2059 των
2426 2006 2809 2079 παραληπτέον
2825 2023 2839 2037 ⁸
2889 2004 3106 2069 ζώντων
3168 2004 3269 2075 μὲν
3317 2000 3424 2055 τῶν
3453 1996 3646 2069 ψυχῶν,
3688 1992 3795 2049 καθὸ

2268 2095 2528 2151 ἀθάνατοι
2548 2114 2561 2128 ⁸
2588 2097 2797 2169 νεκρῶν
2818 2096 2874 2151 δὲ
2897 2097 3004 2151 τῶν
3037 2096 3327 2167 σωμάτων.

2339 2190 2470 2243 KA'.
2513 2190 2635 2242 Ὅτι
2666 2188 2760 2262 [εἰ]
2784 2187 3105 2260 τιμιώτερον
3135 2186 3296 2257 σῶμα
3316 2183 3593 2257 ἀνθρώπου
3613 2178 3706 2234 τῶν
3724 2177 3797 2231 ἄλο

2266 2278 2374 2334 λων
2401 2280 2576 2346 ζώων,
2603 2282 2686 2334 ὅτι
2713 2281 2869 2352 χερσί
2892 2298 2952 2334 τε
2981 2279 3116 2333 Θεοῦ
3141 2279 3367 2349 λέγεται
3397 2274 3702 2335 πεπλάσθαι,
3725 2269 3799 2323 καὶ

2265 2372 2347 2427 ὅτι
2375 2374 2700 2445 τιμιωτέρου
2738 2374 2839 2445 τῆς
2878 2372 3102 2443 λογικῆς
3129 2371 3320 2443 ψυχῆς
3353 2370 3606 2442 τετύχηκε
3635 2365 3803 2435 ὀχήμα·

2265 2481 2357 2528 τος
2377 2482 2391 2496 ’
2444 2466 2562 2530 πῶς
2608 2465 2766 2519 τοῦτο
2813 2466 2913 2537 μὲν
2945 2465 3336 2537 ὀλιγοχρόνιον,
3370 2459 3577 2532 ἀλόγων
3600 2459 3651 2512 δέ
3671 2470 3800 2510 τινων

2268 2555 2769 2627 πολυχρονιώτερα;
2805 2558 2876 2611 Ἣ
2901 2556 3058 2627 δῆλον
3088 2556 3163 2621 ὡς
3199 2558 3231 2628 ἡ
3279 2555 3469 2610 τούτου
3502 2547 3801 2624 πολυχρόνιος

2268 2649 2499 2723 ὖπαρξις
2525 2651 2664 2722 μετά
2691 2651 2792 2723 τὴν
2815 2651 3113 2706 ἀνάστασιν
3144 2648 3305 2704 ἔσται
3328 2666 3344 2718 ;

1190 3090 1258 3156 S.
1294 3088 1735 3153 METHODII
1762 3088 1877 3151 ‘DE
1904 3087 2148 3153 JON/E
2182 3091 2584 3153 HISTORIA
2616 3091 3236 3157 FRAGMENTUM.

1730 3240 1825 3305 Ex
1859 3242 2025 3306 libro
2065 3244 2156 3305 De
2196 3244 2701 3308 resurrectione.

588 3482 968 3546 (Fragmentum
1009 3479 1147 3546 istud
1189 3478 1606 3546 Latineprofert
1630 3477 2020 3546 Cmeetisinsjn
2057 3477 2350 3546 liibliottiecq
2370 3475 2746 3546 concinnatoria,
2769 3483 2886 3546 tom.
2918 3478 2975 3536 Π,

3021 3491 3069 3539 p.
3097 3475 3191 3524 263
3213 3490 3319 3539 seq.
3355 3483 3407 3525 et
3431 3490 3492 3539 ex
3517 3488 3577 3539 eo
3599 3469 3788 3539 Galland.

643 3538 808 3603 Gréca
848 3557 909 3592 ex
934 3542 1044 3603 cod.
1089 3541 1249 3591 Vatic.
1284 3541 1367 3589 16l
1384 3540 1398 3589 l
1415 3538 1641 3591 'exbibet
1663 3541 1832 3591 Simon
1856 3542 1920 3591 de
1959 3541 2206 3600 Magistris
2228 3540 2276 3591 in
2302 3541 2432 3591 libro
2453 3544 2531 3590 cui
2559 3538 2732 3589 titulus
2756 3553 2769 3588 :
2795 3544 2916 3589 Acta
2941 3538 3213 3603 marlyrtun
3247 3538 3317 3589 ad
3359 3538 3487 3589 Ostia
3514 3538 3723 3589 Tiberina

644 3602 849 3656 Claudio
864 3602 1077 3655 Gothico.
1100 3604 1269 3653 Romae
1290 3602 1431 3665 1792,
1455 3605 1508 3652 in
1530 3604 1636 3664 fol.,
1656 3603 1884 3667 Append.
1911 3617 1960 3666 p.
1986 3603 2120 3664 462.:

917 3869 1173 3925 Methodii
1196 3872 1422 3941 episcopi
1457 3869 1801 3928 Patarorum.

649 3959 692 4018 l.
720 3960 975 4033 Magnum
1018 3977 1238 4034 quoque
1276 3962 1522 4017 continet
1549 3965 1866 4035 mysterium
1888 3963 2041 4021 Iona:
2070 3965 2158 4021 hi-

580 4055 776 4111 storia.
820 4053 1049 4110 Videtur
1090 4055 1236 4110 enim
1278 4071 1374 4125 per
1418 4064 1597 4111 cetum
1639 4064 1853 4127 tempus
1906 4058 2157 4130 intelligi,

581 4148 729 4220 quod
763 4162 1044 4219 nunquam
1076 4148 1367 4213 consistat,
1398 4146 1491 4202 scd
1523 4163 1740 4220 semper
1770 4150 2010 4218 labatur,
2043 4151 2160 4206 lon-

581 4242 775 4312 gisque
803 4254 867 4296 ac
900 4239 1244 4295 brevioribus
1266 4240 1579 4298 interstitiis
1607 4248 1808 4297 cuncta
1850 4250 2155 4297 consumat.

581 4334 684 4400 Qui
715 4341 897 4390 autem
933 4332 1103 4390 Jonas
1132 4334 1321 4406 fugita
1351 4333 1490 4391 faeie
1517 4333 1634 4398 Dei,
1666 4335 1785 4407 ipse
1823 4335 1915 4391 ille
1947 4336 2157 4405 primus

581 4426 746 4482 homo
771 4435 877 4493 est,
903 4426 1018 4499 qui,
1040 4426 1357 4483 mandatum
1383 4437 1781 4500 transgressus,
1815 4442 1879 4483 ac
1907 4442 2004 4499 per
2032 4443 2158 4498 pec-

580 4526 763 4576 catum
807 4520 1010 4577 amissa
1045 4519 1312 4577 adversus
1352 4519 1522 4575 Deum
1566 4520 1783 4588 fiducia,
1826 4520 2009 4575 nudus
2054 4520 2156 4574 im-

580 4612 915 4668 mortalitate
937 4611 1016 4667 illi
1039 4628 1100 4669 se
1130 4628 1315 4669 coram
1346 4613 1541 4669 sistere
1563 4612 1784 4683 refugit.
1803 4611 1970 4669 Navis
1988 4626 2154 4682 quam

581 4704 961 4760 conscendens
1010 4713 1331 4778 tempestate
1364 4705 1603 4775 iactatus
1653 4712 1759 4769 est,
1801 4705 1985 4760 brevis
2039 4705 2156 4759 haec

583 4804 668 4852 est
716 4811 785 4852 ac
816 4811 1034 4853 morosa
1079 4798 1368 4867 prasentis
1409 4797 1669 4868 temporis
1704 4798 1853 4866 vita;
1895 4806 2154 4870 tanquam

584 4889 842 4943 nimirum
872 4897 1188 4944 nostrarum
1234 4904 1418 4945 rerum
1450 4899 1660 4945 mutato
1692 4897 1865 4955 statu,
1895 4905 1959 4946 ac
2001 4890 2095 4961 qui
2125 4905 2156 4944 a

586 4980 864 5046 felicitate,
899 4989 1127 5053 tutaque
1174 4983 1268 5037 illa
1309 4999 1340 5037 a
1371 4984 1630 5053 periculis
1670 4984 1805 5049 vita,
1851 4983 1919 5039 ad
1966 4986 2160 5040 turbu-

586 5072 786 5127 lentam
816 5088 881 5128 ac
906 5073 1217 5132 instabilem
1252 5075 1395 5129 hanc
1427 5075 1596 5131 veluti
1625 5090 1656 5129 a
1679 5085 1826 5132 terra
1849 5077 1904 5131 in
1932 5078 2161 5132 navicu-

667 5226 715 5259 “
735 5224 900 5286 Joan.
924 5245 964 5297 ι,
1006 5229 1095 5287 18.
1198 5231 1244 5264 ⁸⁷
1273 5228 1427 5286 Rom.
1458 5247 1572 5297 xw,
1609 5228 1664 5288 9.

660 5383 739 5455 (6)
764 5381 899 5459 cum
926 5384 1119 5459 inquit,
1149 5387 1438 5459 [romanum
1455 5403 1669 5459 corpus.
1693 5384 1816 5442 Ὅτι
1850 5384 1945 5459 [εἰ]
1964 5387 2167 5459 τιμιὼ-

588 5453 767 5527 τερον.
800 5453 928 5527 Non
966 5453 1129 5527 habet
1157 5456 1324 5512 Sirm.
1352 5457 1434 5520 τὸ,
1470 5453 1556 5522 εἰ(
1571 5466 1626 5512 et
1660 5453 1945 5527 impressa'
1963 5453 2165 5512 habent

589 5523 861 5599 clausum.
897 5523 1374 5599 Schottovidetur
1400 5528 1687 5599 legendum
1721 5523 1777 5599 ἧ.
1810 5537 2035 5599 propter
2067 5541 2156 5582 se.

588 5610 787 5669 quens,
833 5597 1030 5669 inquit,
1060 5596 1093 5668 ἢ
1121 5596 1303 5669 δῆλονε
1335 5596 1498 5669 quem
1531 5608 1710 5653 tamen
1743 5596 1885 5654 inde
1913 5596 2154 5654 sensum

590 5666 776 5723 eliciat
804 5676 857 5725 et
886 5666 1034 5739 velit,
1081 5666 1216 5723 inibi
1242 5666 1529 5740 hactenus
1563 5670 1988 5741 imperspectum
2032 5675 2155 5739 est;

2731 3863 3022 3920 Μεθοδιου
3056 3862 3366 3931 Πατάρων.

2333 3960 2412 4012 A'.
2454 3957 2705 4030 Περιέχει
2751 3956 2808 4009 δὲ
2845 3956 2941 4009 καὶ
2994 3955 3137 4026 μέγα
3173 3958 3476 4029 μυστήριον
3518 3958 3551 4027 ή
3586 3951 3716 4008 κατά
3738 3947 3811 4001 τὸν

2276 4055 2460 4109 Ἰωνᾶν
2506 4050 2735 4123 ἱστορία.
2764 4051 2947 4104 Ἔοικε
2975 4048 3084 4121 γὰρ
3130 4049 3191 4103 τὸ
3229 4052 3331 4120 μὲν
3362 4051 3529 4122 κῆτος
3557 4045 3768 4103 νοεῖσθαι
3788 4042 3814 4095 6

2261 4149 2471 4221 χρόνος,
2500 4146 2595 4200 ἆτε
2632 4144 2898 4215 μηδέποτε
2928 4142 3117 4209 ἑστὼς,
3148 4143 3286 4197 ἀλλά
3331 4144 3691 4216 πορευόμενος
3724 4135 3813 4199 ἀεὶ,

2264 4242 2356 4296 καὶ
2384 4237 2775 4293 καταδαπανῶν
2798 4236 2865 4290 τά
2890 4237 3199 4307 γεννώμενα
3238 4240 3476 4310 μακροῖς
3506 4254 3564 4290 τε
3593 4234 3684 4290 καὶ
3707 4231 3817 4304 βρα-

2263 4333 2508 4406 χυτέροις
2533 4332 2915 4402 διαστήμασιν.
2932 4330 2990 4383 ὐ
3009 4331 3066 4382 δὲ
3095 4329 3313 4399 φεύγων
3344 4332 3529 4395 Ἰωνᾶς
3551 4327 3654 4382 ἀπὸ
3676 4337 3821 4395 προσ-

2261 4425 2411 4480 ώπου
2451 4424 2546 4478 τοῦ
2594 4424 2752 4487 Θεοῦ,
2777 4423 2936 4487 αὐτὸς
2977 4424 3182 4487 ἐκεῖνος
3227 4424 3257 4476 ὁ
3295 4422 3518 4495 πρῶτος
3563 4418 3818 4490 ἄνθρωπος

2261 4517 2534 4588 ἀθετήσας
2593 4515 2690 4587 τὴν
2739 4515 2961 4587 ἐντολὴν
3008 4515 3205 4585 ἔφυγεν
3257 4515 3569 4588 ἀφθαρσίας
3618 4509 3821 4582 ὀφθῆναι

2262 4608 2490 4680 γυμνὸς,
2518 4607 2616 4680 τὴν
2646 4608 2781 4681 πρὸς
2811 4607 2872 4661 τὸ
2899 4608 3052 4661 Θεῖον
3080 4608 3185 4661 ύπὸ
3210 4608 3310 4679 τῆς
3333 4606 3611 4679 ἁμαρτίας
3633 4601 3822 4674 παρρη·

2263 4703 2384 4756 σίαν
2414 4702 2789 4774 ἀφῃρημένος.
2817 4702 2891 4756 Τὸ
2933 4702 2990 4755 δὲ
3019 4701 3201 4754 πλοῖον
3230 4703 3310 4764 εἰς
3340 4701 3370 4754 ὅ
3399 4701 3599 4763 ἐπιϐὰς
3630 4691 3826 4767 ἐχειμά-

2263 4795 2457 4869 ζετο,ὴ
2481 4795 2621 4850 καιτά
2638 4796 2728 4849 τὸν
2751 4794 2993 4867 παρόντα
3016 4793 3202 4866 καιρὸν
3220 4792 3524 4865 βραχύϐιός
3540 4793 3682 4844 ἐστιν
3706 4783 3825 4850 αὕτη

2263 4893 2359 4947 καὶ
2388 4894 2715 4964 δυσάρεστος
2748 4890 2858 4964 ζωή
2876 4908 2889 4921 ’
2921 4884 3031 4945 οἷον
3056 4888 3373 4961 τραπέντων
3403 4887 3586 4961 ἡμῶν,
3603 4885 3694 4939 καὶ
3718 4896 3830 4952 μετ·

2265 4985 2712 5040 αναστευσάντων
2755 4984 2863 5037 ἀπὸ
2907 4983 3007 5055 τῆς
3073 4982 3483 5054 μακαριότητος
3515 4978 3725 5045 ἐκείνης
3752 4969 3832 5026 καὶ

2266 5078 2551 5133 ἀκινδύνου
2595 5077 2741 5149 ζωῆς
2783 5080 2865 5142 εἰς
2908 5078 3001 5131 τὸν
3045 5076 3621 5147 πολυχειμαστότατον
3668 5065 3837 5121 τοῦτον

2272 5387 2475 5457 alioqui
2508 5385 2656 5440 clara
2702 5385 2909 5449 littera.
2954 5387 3070 5443 sive
3116 5388 3248 5443 illud
3274 5388 3323 5442 ei
3362 5389 3709 5460 retineatur,
3737 5378 3836 5460 εἶξε

2270 5472 2422 5526 non:
2456 5471 2565 5526 quo
2611 5468 2789 5510 tamen
2840 5459 3047 5513 omisso
3073 5500 3087 5525 ,
3129 5471 3278 5515 esset
3328 5457 3712 5515 subnectenda
3748 5457 3836 5526 τῷ,

2270 5525 2406 5603 πῶς,
2438 5520 2706 5603 particula
2744 5526 2824 5603 δέ,
2859 5537 2954 5603 aut
2989 5520 3215 5603 similis.
3238 5528 3596 5603 Postremum
3635 5520 3836 5603 νει-οιῆι

2266 5595 2453 5673 liquet‘
2477 5596 2856 5673 accipiepdum
2899 5599 3309 5673 interrogative,
3365 5600 3626 5671 solvique
3664 5608 3731 5654 eo
3762 5595 3834 5647 in'

2265 5668 2483 5724 ductam
2512 5667 2927 5725 dubitationem.
