4010 6328
249 313 346 368 5‘29

1312 314 1402 368 ΕΚ
1443 314 1641 371 LIBRO
1670 315 1755 368 DE
1793 313 2389 370 RESURRECTIUNE.
3329 329 3397 378 55
3445 383 3448 386 ,

245 429 356 502 βίον
392 430 484 482 καὶ
524 429 911 493 ἀκατάστατον,
933 429 1178 499 καθάπερ
1206 431 1310 484 ἀπὸ
1338 431 1440 500 γῆς
1473 434 1551 496 είς
1584 433 1781 486 πλοῖον.

1889 432 1992 484 lam
2022 431 2576 502 commigraverimus.
2608 430 2760 497 Quod
2785 431 2928 488 enim
2959 440 3104 486 terra
3137 430 3204 488 ad
3230 435 3435 503 navim,

250 526 312 574 Ὃ
331 524 437 590 γάρ
466 520 643 574 πλοῖον
668 521 801 589 πρὸς
828 521 950 590 γῆν,
972 519 1124 573 τοῦτο
1144 524 1171 574 ὁ
1200 523 1384 591 παρὼν
1416 523 1524 592 βίος
1548 524 1681 594 πρὸς
1703 525 1792 576 τὸν

243 614 518 666 ἀθάνατον.
536 613 594 664 'U
633 613 686 665 δὲ
720 615 922 683 χειμὼν
964 615 1054 666 καὶ
1085 617 1140 667 αἱ
1171 614 1640 684 ἐπισυνιστάμεναι
1669 614 1791 668 καθ’

242 703 678 773 ήμῶνλαίλαπες
699 705 834 756 εἰσιν
853 707 899 757 οἰ
927 705 1155 758 ἐνταῦθα
1183 705 1472 776 πειρασμοί
1489 721 1504 734 ·
1529 705 1713 776 ὥσπερ
1735 708 1792 758 ἐν

241 795 464 848 κλύδωνι
509 794 590 864 τῷ
629 795 834 864 κόσμῳ,
863 795 1078 858 ἀλύπως
1123 797 1514 868 εὐθυδρομήσαι
1547 799 1636 850 τὸν
1681 798 1792 868 βίον

240 887 384 955 ἡμᾶς
417 886 473 936 ἐν
501 884 702 956 γαλήνῃ
721 885 813 936 καὶ
840 885 1066 956 νηνεμίᾳ
1084 887 1264 939 κακῶν
1292 887 1364 957 μὴ
1388 888 1788 958 ἐπιτρέποντες.

247 973 306 1025 Ἥ
337 973 399 1024 δὲ
429 973 537 1024 ἀπὸ
566 970 659 1024 τοῦ
690 971 873 1024 πλοίου
905 976 981 1035 εἰς
1016 975 1113 1044 τὴν
1154 974 1424 1028 θάλασσαν
1461 977 1671 1048 ἔκριψις
1699 980 1791 1033 τοῦ

250 1063 404 1115 Ἰωνᾶ
427 1062 758 1134 γεγενημένη
791 1063 887 1132 τὴν
916 1063 1022 1116 ἀπὸ
1048 1063 1138 1116 τοῦ
1171 1062 1268 1134 ζῇν
1290 1065 1367 1128 εἰς
1390 1065 1450 1118 τὸ
1476 1067 1790 1138 τελευτῆσαι

238 1151 324 1204 τοῦ
362 1151 784 1222 πρωτοπλάστου
808 1153 958 1224 δηλοῖ
979 1155 1334 1224 μετάπτωσιν,
1363 1157 1684 1226 ἀποφάσεως
1709 1177 1794 1213 τυ-

240 1243 437 1310 χόντος,
470 1242 588 1296 ἀνθ’
617 1238 691 1296 ὧν
731 1246 1046 1316 ἁμαρτήσας
1075 1247 1280 1318 ἀπέδρα
1309 1249 1406 1318 τῆς
1433 1249 1790 1321 δικαιοσύνης,

237 1331 311 1394 τὸ,
344 1328 433 1398 Γῆ
461 1329 523 1386 εἴ
543 1335 640 1387 καὶ
664 1337 750 1400 εἰς
787 1335 901 1404 γῆν
931 1337 1254 1405 ἀπελεύσῃ.
1293 1339 1367 1391 Τὸ
1397 1340 1453 1392 δὲ
1486 1343 1792 1413 καταποθῆ-

236 1439 314 1475 tu:
343 1424 511 1476 αὐτὸν
533 1425 637 1478 ὑπὸ
664 1425 756 1478 τοῦ
789 1427 1003 1497 κήτους,
1028 1427 1125 1498 τὴν
1169 1429 1272 1482 ὑπὸ
1299 1431 1391 1483 τοῦ
1418 1432 1606 1502 χρόνου
1643 1450 1795 1502 γεγε-

235 1514 472 1585 νημένην
518 1517 889 1587 ἀπαραίτητον
933 1518 1086 1588 ήμῶν
1113 1520 1258 1591 δηλοῖ
1285 1523 1575 1594 ἀναίρεσιν.
1593 1525 1656 1577 Ἠ
1687 1526 1792 1598 γὰρ

235 1603 426 1666 κοιλία,
463 1605 553 1672 ὑφ’
585 1600 653 1676 ἧς
684 1606 955 1678 ὲκαλύφθη
985 1611 1310 1676 καταποθεὶς
1333 1616 1360 1665 ὁ
1389 1616 1636 1687 ’1ωνᾶς,ή
1662 1633 1792 1668 παν-

233 1694 444 1763 τοδόχος
475 1696 593 1748 ἐστὶ
633 1698 722 1768 γῆ,
754 1699 820 1751 τά
851 1699 954 1752 ὑπὸ
981 1700 1072 1752 τοῦ
1101 1703 1291 1772 χρόνου
1329 1704 1676 1775 δαπανώμενα
1707 1707 1791 1760 δε-

233 1786 454 1854 χυμένηο

296 1876 370 1930 Β.
414 1876 683 1950 Καθάπερ
731 1873 822 1933 οὖν
865 1881 1062 1947 Ἰωνᾶς,
1094 1882 1150 1936 ἐν
1183 1885 1245 1955 τῇ
1275 1885 1449 1956 κοιλίᾳ
1471 1885 1563 1939 τοῦ
1596 1888 1791 1959 κήτους

232 1969 376 2037 τρεῖς
407 1969 622 2039 ἡμέρας
656 1970 993 2042 ἐνδιατρίψας
1022 1974 1115 2027 καὶ
1145 1974 1341 2037 νύκτας
1380 1977 1660 2045 τοσαύτας,
1692 1976 1788 2034 αὖ·

233 2059 307 2126 θις
339 2061 504 2132 ὑγιὴς
550 2062 784 2136 ἀπεδόθη
805 2081 816 2094 ·
850 2065 989 2118 οὕτω
1032 2066 1087 2119 δὲ
1131 2068 1223 2121 καὶ
1268 2069 1484 2133 πάντες,
1518 2063 1616 2135 τάξ
1645 2076 1790 2143 τρεῖς

233 2150 317 2202 τοῦ
342 2153 612 2222 παρόντος
634 2153 826 2218 αἰῶνος
849 2156 1151 2222 διαστάσεις
1178 2161 1498 2230 ποιήσαντες
1525 2163 1580 2216 ὲν
1605 2167 1668 2235 τῇ
1696 2167 1786 2236 γῇ,

233 2241 402 2311 ἀρχὴν
433 2242 599 2310 λέγω,
635 2247 727 2297 καὶ
756 2248 1022 2318 μεσότητα
1049 2250 1141 2302 καὶ
1175 2251 1342 2315 τέλος,
1371 2253 1428 2318 ἐξ
1468 2247 1543 2307 ὧν
1576 2256 1790 2324 σύγκει-

232 2346 314 2382 ται
345 2333 458 2394 ταῖς
485 2328 639 2397 οὗτος
679 2336 708 2388 ὁ
753 2336 939 2407 παρὼν
961 2340 1165 2409 χρόνος,
1197 2342 1623 2414 ἀναστησόμεοα.
1654 2346 1790 2418 Τρία

233 2421 332 2493 γάρ
381 2425 644 2479 καθολικὰ
684 2428 874 2498 χρόνου
915 2430 1266 2503 διαστήματα,
1302 2438 1662 2508 παρῳχηκὼς,
1699 2442 1790 2492 καὶ

239 2515 460 2582 μέλλων,
496 2519 591 2569 καὶ
622 2518 826 2589 παρών.
867 2521 973 2574 Καὶ
1004 2522 1090 2576 διά
1118 2524 1272 2577 τοῦτο
1304 2527 1394 2579 καὶ
1428 2529 1456 2580 ὁ
1483 2529 1681 2600 Κύριος
1704 2549 1791 2585 το-

237 2607 432 2670 σαύτας
463 2609 679 2680 ἡμέρας
706 2611 1039 2681 συμϐολικῶς
1067 2615 1294 2685 ποιήσας
1324 2619 1382 2670 ὲν
1399 2621 1462 2690 τῇ
1493 2623 1560 2691 γῇ
1589 2621 1788 2688 ἐδίδαξε

237 2700 444 2766 σαφῶς,
497 2703 602 2764 ὅτι,
649 2702 1035 2773 πληρωθέντων
1082 2707 1188 2760 τῶν
1238 2711 1645 2782 προειρημένων
1695 2713 1788 2766 τοῦ

233 2790 414 2858 χρόνου
459 2791 864 2864 διαστημάτων,
902 2796 1049 2850 ἔσται
1092 2801 1245 2869 ἡμῶν
1280 2802 1310 2871 ή
1350 2803 1660 2869 ἀνάστασις,
1695 2804 1788 2859 τοῦ

237 2881 514 2949 μέλλοντος
567 2885 669 2954 μὲν
717 2887 856 2958 ἀρχὴ
899 2889 1087 2952 αἰῶνος
1133 2892 1466 2963 ὑπάρχουσα,
1497 2897 1684 2950 τούτου
1732 2898 1788 2952 δὲ

237 2971 397 3034 τέλος.
415 2974 504 3026 Ἐν
539 2976 696 3028 αίῶνι
721 2978 827 3050 γάρ
855 2979 978 3032 οὔτε
1009 2981 1303 3055 παρῴχηκέ
1333 3002 1406 3048 τι,
1436 2987 1555 3040 οὔτε
1585 2989 1784 3058 μέλλει,

235 3060 368 3112 ἀλλὰ
400 3065 552 3131 μόνον
579 3064 1028 3138 ὐφέιστηκεν.Ἔτι
1051 3074 1078 3124 ό
1102 3074 1300 3138 Ἰωνᾶς,
1329 3078 1384 3128 ἐν
1411 3080 1474 3148 τῇ
1499 3080 1671 3151 κοιλίᾳ
1692 3079 1786 3133 τοῦ

237 3154 432 3224 κήπυς
461 3161 607 3228 τρεῖς
639 3161 849 3231 ἡμέρας
882 3164 972 3216 καὶ
1015 3168 1160 3236 τρεῖς
1201 3167 1398 3232 νύκτας
1439 3175 1687 3243 ποιήσας,
1728 3174 1787 3226 οὗ

231 3248 563 3320 κατεφθάρη,
601 3255 1004 3323 συντηκομένων
1048 3257 1192 3328 αὐτῷ
1237 3259 1345 3313 τῶν
1393 3263 1605 3333 σαρκῶν
1650 3265 1788 3318 κατά

231 3339 322 3407 τήν
351 3339 408 3390 ἐν
441 3344 508 3410 τῇ
539 3342 719 3413 κοιλία
757 3347 1048 3416 γενομένην
1097 3352 1326 3423 φυσικήν
1362 3354 1519 3425 σῆψιν
1542 3355 1650 3409 τῶν
1677 3362 1788 3410 εἰσ-

227 3431 545 3499 φερομένων
592 3433 893 3504 βρωμάτων
938 3437 1024 3490 διὰ
1072 3442 1172 3512 τὴν
1204 3443 1420 3497 πλείονα
1463 3449 1518 3499 ὲν
1559 3452 1671 3512 τοῖς
1711 3452 1788 3502 ὲν-

229 3519 398 3589 ὕδρας
431 3521 765 3593 θερμότητα,
786 3527 872 3580 ἵνα
899 3528 1100 3602 δειχθῇ,
1127 3532 1205 3584 ὅτι
1228 3533 1448 3589 δύναται
1477 3535 1610 3591 εἶναι
1634 3542 1786 3610 ἡμῶν

228 3611 291 3662 τά
330 3613 564 3683 σώματα
593 3619 764 3670 ταῦτα
797 3619 1092 3692 ἀνώλεθρα.
1122 3623 1247 3678 Νόει
1274 3628 1381 3699 γάρ
1429 3645 1515 3698 μοι
1538 3631 1627 3683 τὸν
1656 3632 1785 3686 Θεὸν

229 3701 319 3764 τας
354 3705 452 3773 μὲν
491 3705 568 3767 ὡς
597 3706 704 3759 ἀπὸ
732 3709 930 3779 χρυσοῦ
953 3718 1457 3786 κατεσκευασμένας
1489 3719 1628 3790 ἔχειν
1653 3723 1788 3776 εἰκό-

228 3810 316 3854 νας
339 3795 536 3847 ἑαυτοῦ
563 3799 673 3850 ἀπὸ
704 3799 804 3869 τῆς
846 3806 1212 3875 πνευματικῆς
1260 3807 1646 3883 καθαρωτέρας
1693 3815 1782 3867 οὐ-

230 3883 359 3945 σίας,
383 3881 500 3938 οἷον
528 3890 655 3951 τοὺς
680 3890 938 3958 ἀγγέλους
959 3909 972 3922 ·
1006 3894 1103 3958 τὰς
1127 3896 1183 3948 δὲ
1209 3896 1395 3969 ὥσπερ
1419 3901 1529 3953 ἀπὸ
1549 3881 1721 3972 γύψου
1749 3905 1781 3975 ἢ

226 3975 445 4066 χαλκοῦ,
479 3975 595 4030 οἷον
622 3983 788 4050 ἡμᾶς.
826 3983 914 4053 Τῷ
943 3986 1112 4057 γηΐνῳ
1136 3987 1245 4059 γὰρ
1282 3991 1380 4060 τήν
1409 3991 1582 4064 ψυχὴν
1609 3996 1781 4066 ἧνωσε

224 4059 316 4130 τήν
344 4067 466 4116 κατ’
503 4067 688 4118 εἰκόνα
738 4067 870 4122 Θεοῦ
919 4059 1431 4148 γεγενημένην.
1609 4059 1784 4147 πάσας

223 4152 454 4207 ἐνταῦθα
484 4155 580 4209 τοῦ
611 4157 870 4226 βασιλέως
893 4165 990 4226 τὰς
1028 4168 1240 4232 εἰκόνας
1266 4173 1521 4241 τιμᾶσθαι
1549 4177 1652 4246 χρὴ
1699 4177 1784 4230 διὰ

222 4245 314 4313 τήν
345 4247 405 4298 ἐν
437 4247 632 4312 αὐταῖς
669 4251 896 4323 μορφὴν,
926 4256 1064 4308 οὕτω
1089 4258 1150 4330 δὴ
1180 4262 1268 4313 καὶ
1295 4264 1438 4332 ἡμᾶς
1477 4266 1782 4321 ἀνένδεκτόν

222 4335 331 4388 ἐστι
363 4338 505 4391 Θεοῦ
536 4343 750 4404 εἰκόνας
771 4347 1105 4418 ὑπάρχοντας
1129 4354 1261 4424 πρὸς
1282 4355 1549 4410 ἀπώλειαν
1572 4359 1646 4423 ὡς
1675 4363 1785 4431 ήτι-

1893 519 1995 576 hoc
2023 537 2260 592 praesens
2299 522 2408 576 vita
2436 530 2538 588 est,
2575 522 2620 579 si
2657 531 2998 594 comparetur
3040 541 3166 580 cum
3203 519 3294 581 illa
3329 525 3434 580 im-

1889 616 2128 670 mortali.
2158 615 2472 686 Tempestas
2505 623 2682 670 autem
2728 631 2791 670 ac
2837 617 3079 672 turbines
3110 618 3293 672 navim
3329 635 3433 674 un-

1891 703 2052 773 dique
2081 713 2529 775 conquassantes,
2566 708 2889 763 tentationes
2919 716 3064 773 sunt,
3097 724 3216 778 qua:
3243 710 3296 763 in
3328 710 3431 764 hoc

1893 791 2114 854 mundo,
2153 801 2405 862 tanquam
2453 793 2507 846 in
2551 801 2785 849 arstuoso
2829 810 2892 849 ac
2919 797 3225 852 turbulento
3273 800 3429 862 mari,

1892 886 2098 932 rectum
2129 896 2230 934 nos
2256 881 2379 936 vita:
2405 897 2625 936 cursum
2659 883 2846 941 faciles
2875 894 3078 949 tenere,
3113 891 3432 960 tranquillo-

1889 984 1997 1037 que
2025 984 2055 1022 a
2083 971 2241 1026 malis
2285 978 2401 1026 tum
2442 988 2676 1042 aequore,
2714 986 2824 1029 tum
2874 979 3013 1031 coelo
3039 980 3273 1048 gaudere
3324 997 3430 1038 non

1893 1060 2099 1114 sinunt.
2138 1059 2287 1115 Iona:
2336 1062 2392 1115 in
2435 1079 2582 1118 mare
2620 1065 2992 1136 praecipitatio.
3046 1072 3365 1139 protoplasti
3406 1089 3435 1126 a

1893 1147 2000 1202 vita
2030 1148 2084 1202 in
2128 1157 2353 1203 mortem
2393 1150 2602 1220 lapsum
2631 1153 2877 1223 designat
2903 1171 2916 1206 :
2949 1157 3043 1225 qui
3074 1158 3276 1215 idcirco
3307 1161 3433 1230 quia

1891 1239 2165 1308 peccando
2198 1255 2226 1292 a
2265 1241 2476 1310 justitia
2515 1243 2749 1310 deﬂexit,
2788 1246 2932 1300 illam
2963 1251 3173 1320 excepit
3216 1259 3434 1309 senten-

1891 1331 2021 1384 tiam
2050 1351 2062 1385 :
2093 1331 2252 1386 Terra
2281 1350 2333 1387 es
2369 1344 2418 1386 et
2455 1335 2510 1387 in
2537 1344 2726 1389 terram
2760 1341 3025 1394 reverteris
3047 1341 3110 1394 ’⁸.
3146 1342 3320 1412 Ipsius
3343 1361 3436 1400 au.

1893 1428 1999 1475 tem
2031 1437 2061 1474 a
2094 1431 2212 1478 ceto
2255 1425 2527 1496 absorptio
2561 1427 2828 1497 signiﬁcat
2869 1430 3233 1489 inevitabilem
3283 1437 3430 1492 illam

1891 1509 2084 1574 nostri,
2115 1524 2236 1579 quae
2271 1525 2302 1564 a
2331 1521 2566 1582 tempore
2605 1514 2684 1578 fit,
2716 1515 3116 1576 demolitionem
3161 1537 3225 1578 ac
3268 1525 3436 1582 inter-

1894 1595 2062 1664 itum;
2096 1608 2283 1654 venter
2309 1602 2451 1656 enim
2483 1618 2590 1673 quo
2613 1605 2899 1677 absorptus
2940 1608 3105 1668 Jonas
3133 1614 3432 1672 absconsus

1891 1691 1996 1746 est,
2027 1693 2184 1741 terrae
2211 1694 2294 1742 est
2329 1691 2570 1744 omnium
2604 1704 2888 1766 susceptor
2927 1701 3102 1766 sinus,
3145 1719 3253 1773 quo
3293 1720 3430 1762 cono

1819 1775 1866 1836 Β
1892 1773 2087 1828 dantur
2114 1792 2448 1849 quaecunque
2481 1783 2617 1837 edax
2657 1791 2865 1855 tempus
2894 1793 3183 1846 consumit.

1957 1861 2020 1918 ll.
2051 1863 2508 1930 Quemadmodum
2541 1871 2701 1943 igitur
2717 1875 2882 1933 Jonas
2912 1879 2967 1935 in
2997 1891 3182 1939 ventre
3197 1886 3302 1941 ceti
3322 1892 3433 1944 tres

1889 1957 2006 2014 dies
2033 1968 2086 2014 et
2133 1962 2354 2016 totidem
2399 1972 2585 2020 noctes
2623 1979 3009 2036 commoratus,
3049 1991 3239 2032 rursus
3268 1993 3434 2036 sanus

1891 2049 2012 2103 inde
2044 2064 2106 2103 ac
2147 2050 2354 2122 integer
2395 2055 2595 2121 evasit;
2638 2057 2716 2111 sic
2743 2065 2796 2112 et
2841 2075 3028 2116 omnes
3076 2063 3166 2118 ubi
3195 2066 3296 2120 tria
3335 2070 3433 2123 aevi

1889 2141 2172 2212 praesentis
2198 2144 2474 2199 intervalla
2518 2145 2861 2219 (principium
2908 2153 3152 2218 scilicet.
3198 2159 3432 2214 medium

1889 2247 1953 2288 ac
1991 2235 2170 2295 ﬁnem,
2205 2235 2404 2304 quibus
2445 2249 2681 2306 praesens
2726 2241 2825 2296 hoc
2861 2251 3069 2314 tempus
3103 2262 3260 2304 omne
3305 2264 3436 2306 con-

1890 2326 2016 2392 stat)
2059 2323 2161 2379 sub
2208 2335 2347 2379 terra
2381 2328 2672 2396 egerimus,
2711 2345 3074 2401 resurgemus.
3119 2333 3180 2390 In
3211 2339 3434 2395 univer-

1889 2429 2007 2468 sum
2031 2416 2174 2470 enim
2198 2419 2298 2471 tria
2327 2426 2452 2473 sunt
2470 2412 2723 2490 temporis
2753 2422 3051 2489 intervalla,
3081 2431 3431 2498 praeteritum.

1889 2507 2150 2572 futurum,
2198 2519 2253 2564 et
2292 2526 2528 2581 praesens
2565 2533 2577 2568 :
2624 2521 2842 2585 pr0pter
2887 2517 3031 2588 quod
3071 2527 3125 2575 et
3175 2521 3434 2582 Dominus

1887 2602 2109 2657 totidem
2132 2602 2252 2657 dies
2291 2605 2344 2658 in
2377 2612 2520 2659 terra
2549 2617 2934 2673 commoratus,
2971 2610 3074 2665 hoc
3105 2615 3346 2684 symbolo
3371 2631 3434 2672 ac

1890 2692 2057 2762 ﬁgura
2087 2695 2371 2750 manifeste
2414 2711 2514 2750 nos
2543 2697 2746 2760 docuit,
2779 2710 2902 2768 post
2941 2711 3130 2758 exacta
3176 2722 3296 2776 qua:
3322 2707 3436 2764 dixi

1889 2786 2147 2855 temporis
2177 2787 2368 2856 spatia,
2404 2799 2644 2843 nostram
2679 2791 2791 2846 fore
2820 2797 3286 2865 resurrectionem,
3315 2816 3434 2871 quae

1891 2875 2054 2930 futuri
2077 2879 2258 2932 saeculi
2287 2879 2516 2943 initium,
2549 2881 2708 2950 hujus
2737 2882 2859 2939 finis
2883 2888 3127 2942 exsistat.
3153 2887 3209 2944 In
3235 2894 3434 2946 saeculo

1887 2969 2030 3023 enim
2062 2970 2154 3024 illo
2191 2985 2365 3040 neque
2405 2973 2663 3041 praeteriit
2713 2975 2938 3044 aliquid,
2976 2993 3150 3048 neque
3190 2980 3432 3035 futurum

1889 3067 1993 3126 est,
2029 3061 2121 3115 sed
2157 3077 2394 3130 prwsens
2420 3063 2683 3116 duntaxat
2711 3067 2976 3120 consistit.
3019 3067 3184 3124 Jonas
3211 3071 3436 3142 insuper

1888 3153 2062 3207 tribus
2091 3153 2280 3208 diebus
2296 3160 2347 3209 et
2364 3155 2536 3210 tribus
2565 3156 2814 3212 noctibus
2837 3158 2890 3212 in
2919 3167 3104 3214 ventre
3123 3163 3224 3216 ceti
3251 3170 3432 3218 trans-

1888 3246 2046 3308 actis,
2093 3261 2199 3300 non
2245 3251 2326 3300 est
2354 3253 2662 3316 corruptus,
2688 3257 2779 3302 aut
2809 3249 2926 3317 ejus
2955 3261 3287 3323 consumptae
3314 3271 3434 3311 car-

1887 3350 2018 3400 nes;
2054 3334 2132 3387 uti
2164 3342 2388 3389 caeteros
2443 3335 2593 3390 cibos
2619 3337 2675 3389 in
2717 3345 2958 3392 ventrem
3005 3341 3109 3393 ceti
3159 3342 3434 3399 immissos

1886 3426 2118 3480 naturali
2165 3427 2511 3496 corruptione
2555 3430 2823 3483 consumit
2871 3430 3173 3502 digeritque
3236 3435 3429 3492 bellum

1886 3515 2109 3568 marina!
2137 3516 2346 3569 auctior
2370 3516 2582 3570 nativus
2611 3517 2795 3572 calor:
2817 3519 2884 3573 ad
2915 3521 3295 3578 declarandum
3318 3524 3432 3581 fieri

1885 3620 2066 3674 posse,
2100 3615 2157 3659 ut
2186 3614 2239 3662 et
2269 3617 2453 3662 nostra
2484 3609 2594 3662 haec
2613 3623 2841 3678 corpora
2871 3614 3152 3682 superiora
3180 3613 3432 3678 evadant,

1884 3714 2045 3767 quam
2077 3707 2137 3754 ut
2167 3715 2403 3770 unquam
2438 3702 2721 3756 intereant.
2751 3702 2936 3773 Cogita
2965 3706 3132 3769 enim,
3164 3706 3327 3761 Deum
3357 3709 3434 3763 di¢

1885 3806 2070 3848 versas
2110 3794 2192 3848 sui
2225 3793 2422 3848 habere
2450 3793 2731 3864 imagines,
2766 3796 2900 3850 alias
2928 3781 3142 3866 quidem
3169 3801 3334 3854 veluti
3364 3816 3430 3856 ex

1886 3897 2020 3936 auro
2049 3883 2358 3948 fabricatas,
2392 3899 2512 3954 qua:
2539 3886 2748 3940 scilicet
2775 3901 2838 3939 ex
2871 3888 3101 3956 spiritali
3130 3903 3193 3944 ac
3225 3891 3435 3960 puriori

1887 3974 2186 4028 substantia
2219 3976 2542 4041 consistant,
2588 3978 2665 4030 uti
2710 3980 2965 4049 angelos:
3011 3981 3144 4036 alias
3188 3997 3317 4036 vero
3362 3998 3426 4038 ex

1883 4079 2049 4134 gypso
2076 4066 2157 4119 vel
2184 4081 2310 4132 aere,
2349 4068 2423 4121 uti
2459 4067 2722 4124 homines.
2752 4070 3000 4124 Animam
3031 4072 3173 4125 enim
3203 4087 3322 4141 quae
3363 4072 3432 4127 ad

1883 4154 1974 4210 Dei
2009 4157 2292 4228 imaginem
2329 4160 2540 4214 condita
2588 4164 2678 4228 sit,
2714 4172 2940 4218 terrente
2977 4164 3293 4220 substantiae
3336 4181 3431 4220 ρο⁴

1883 4249 2103 4316 pulavit.
2133 4249 2208 4322 (7)
2233 4251 2383 4305 Sicut
2421 4252 2584 4322 igitur
2612 4252 2697 4308 hic
2731 4256 2868 4323 regis
2913 4269 3102 4310 omnes
3143 4255 3426 4326 imagines,

1884 4349 2104 4414 propter
2153 4343 2271 4412 ejus
2295 4359 2400 4414 qua
2450 4353 2577 4399 sunt
2607 4345 2873 4416 insignitae
2894 4346 3140 4417 cﬂigiem,
3171 4346 3224 4400 in
3256 4349 3430 4417 pretio

223 4428 510 4496 μωμένους
554 4433 797 4502 χωρῆσαι
836 4439 1254 4512 παντελῆ.”06εν
1282 4446 1374 4498 καὶ
1405 4449 1668 4519 κατῆλθεν
1699 4428 1782 4516 είς

1887 4443 2011 4488 sunt
2059 4449 2122 4487 ac
2171 4435 2427 4490 honorem
2476 4437 2699 4502 habent;
2746 4438 2816 4490 ita
2872 4439 3091 4492 minime
3132 4438 3426 4507 putandum

349 4522 479 4612 καθ’
503 4525 651 4592 ἡμᾶς
679 4528 996 4600 οἰκουμένην
1021 4535 1048 4583 ὁ
1077 4533 1261 4602 Λόγος,
1285 4537 1377 4590 καὶ
1402 4538 1684 4612 ὲσαρκὼθη
1717 4545 1780 4595 ἐκ

217 4609 307 4661 τοῦ
339 4611 598 4682 σώματος
632 4617 804 4685 ἡμῶν,
828 4620 970 4684 ὅπως
1001 4625 1078 4684 είς
1112 4623 1170 4676 τὸ
1205 4624 1658 4701 Θεοπρεπέστερον
1685 4632 1780 4702 τὴν

217 4703 402 4757 εἰκόνα
431 4707 819 4772 ἐπισκευάσας,
854 4711 1098 4785 καθάπερ
1122 4715 1224 4769 ὑπὸ
1252 4719 1440 4788 χρόνου
1469 4721 1781 4794 διαλελυμέ-

220 4808 333 4858 νην,
364 4796 648 4867 ἀναστήσῃ
681 4798 975 4872 ἀνώλεθρον
1026 4807 1133 4858 Καὶ
1156 4807 1282 4874 γοῦν
1306 4811 1404 4880 τὴν
1429 4813 1520 4865 ἐπὶ
1545 4813 1636 4866 τοῦ
1660 4833 1784 4886 προ-

219 4884 388 4978 ιρήτου
442 4891 829 4957 μυστηριωδῶς
880 4901 1438 4972 πεπραγματευμένην
1475 4884 1780 4978 οἰκονομίαν

213 4971 525 5041 δηλοῦντες,
563 4978 779 5032 ἅπαντα
823 4983 902 5043 εἰς
936 4984 1090 5037 τοῦτο
1116 4971 1411 5056 ἀναφανδὸν
1445 4995 1779 5048 συντείνοντα

216 5064 457 5137 εὕρομεν
482 5069 574 5120 τὸν
607 5069 779 5138 λόγον.

307 5400 355 5432 ⁸⁸
380 5399 514 5455 Gen.
543 5418 627 5467 ιιι,
657 5405 746 5460 19.

1885 4531 1988 4589 est,
2020 4541 2120 4581 nos
2149 4528 2239 4596 qui
2270 4526 2361 4582 Dei
2396 4527 2567 4600 imago
2600 4543 2787 4584 sumus
2817 4543 2880 4583 eo
2903 4545 3073 4598 usque
3103 4529 3434 4584 inhonorati-

1884 4615 1983 4672 dos
2012 4633 2152 4682 esse,
2187 4623 2243 4673 ut
2273 4619 2486 4687 penitus
2510 4621 2678 4674 simus
2700 4619 2966 4675 abolendi.
2992 4618 3253 4686 Quocirca
3271 4621 3431 4674 etiam

1889 4713 2166 4770 descendit
2199 4711 2429 4767 Verbum
2453 4714 2506 4767 in
2536 4721 2781 4766 nostrum
2813 4712 2957 4766 hunc
2994 4711 3200 4774 orbem,
3233 4727 3296 4766 ac
3329 4712 3430 4766 lina

1887 4820 2099 4859 manam
2135 4818 2352 4858 carnem
2383 4805 2696 4872 assumpsit,
2736 4811 2794 4856 ut
2839 4803 3095 4856 divinitus
3147 4801 3432 4870 imaginem

1845 4891 2234 4965 'componens,
2271 4903 2523 4964 tanquam
2573 4903 2812 4965 tempore
2867 4893 3206 4954 dissolutam,
3250 4891 3434 4944 incor-

1886 4993 2097 5048 ruptam
2123 4985 2289 5047 illam,
2330 4993 2588 5055 extraque
2624 4999 2838 5040 omnem
2873 4983 3123 5038 interitus
3155 4982 3323 5036 aleam
3349 4997 3433 5034 re-

1889 5076 2195 5131 suscitaret.
2222 5075 2300 5130 Ac
2330 5091 2460 5130 sane
2493 5077 2748 5146 quidquid
2778 5076 3005 5144 mystica
3033 5070 3433 5140 dispensatione

1888 5169 1941 5222 in
1972 5168 2229 5238 propheta
2255 5177 2463 5238 gestum
2499 5175 2601 5231 est,
2645 5169 2691 5223 si
2725 5167 2951 5221 velimus
2994 5177 3282 5232 exponere,
3325 5161 3431 5214 huc.

1887 5259 2170 5315 manifeste
2200 5261 2491 5315 collineare
2518 5258 2870 5314 inveniemus.

283 5535 366 5632 (7-)
405 5533 529 5591 llaec
559 5537 808 5592 conferas
839 5540 994 5593 velim
1027 5555 1148 5594 cum
1175 5553 1426 5613 excerpto
1453 5560 1516 5599 ex
1549 5543 1778 5602 S.Joan.
1807 5548 2079 5623 Damasc.,
2112 5561 2302 5612 οπλιῶ
2335 5559 2406 5614 De
2428 5561 2586 5632 imag.
2620 5561 2868 5631 superius
2928 5559 3095 5615 relato
3139 5556 3245 5611 col.
3299 5551 3429 5613 389.

214 5602 386 5662 GALL.

432 5812 696 5872 Pareat.
731 5814 844 5874 Gn.
882 5813 1107 5874 XVIII.

3043 5833 3109 5888 11
