4010 6328
291 294 395 348 333

1475 286 1565 341 EX
1604 286 1807 342 LIBRO
1846 286 1934 341 DE
1973 283 2289 342 CREATIS.

3397 291 3500 344 δδι

284 430 434 482 ρων,
470 412 544 476 ὡς
847 412 880 482 ἢ
929 413 1132 475 τούτου,
1164 412 1237 476 ὡς
1277 413 1488 485 ἐλέχθη,
1531 415 1839 485 νοουμένου,

1947 413 2071 483 cipi,
2101 421 2159 467 ut
2184 411 2387 465 dictum
2432 416 2554 465 est:
2590 417 2679 465 aut
2712 410 2814 465 hoc
2847 410 2919 464 ita
2964 418 3185 480 accepto
3216 420 3274 465 ut
3312 422 3396 468 est
3422 414 3507 467 di-

287 506 501 574 ἀνάγκη
554 507 699 575 ἡμᾶς
747 504 941 573 λέγειν,
975 505 1048 567 ὼς
1091 504 1263 557 οὐδενὶ
1299 504 1404 557 τῶν
1446 504 1705 569 ἀπίστων,
1754 505 1846 569 οὓς

286 596 490 667 χοίροις
518 597 905 665 ἀπεικάζομεν,
937 596 1000 647 ὲκ
1049 594 1154 647 τῶν
1189 595 1553 648 ἀποστολικιῖω
1580 595 1842 665 διδαγμά-

282 706 413 753 των,
454 689 804 761 μαργαριτῶν
827 690 981 759 δίκην
1008 688 1103 751 τὰς
1128 687 1301 757 ψυχὰς
1332 686 1844 759 καταυγαζόντων,ή

281 783 363 844 εἰς
394 782 628 852 Χριστὸν
659 782 855 844 πίστις,
905 782 998 832 καὶ
1032 781 1065 849 ἡ
1110 780 1206 849 τῆς
1261 779 1508 841 ἀσεϐείας
1569 778 1845 851 ἐλευθερία

281 872 596 942 γεγένηται.
637 872 958 941 Βλάσφημον
989 871 1043 923 δὲ
1066 871 1237 923 τοῦτο.
1273 870 1515 940 Οὑκ¹άρα
1540 870 1618 922 δεῖ
1639 888 1848 941 μαργα-

285 963 446 1033 ρίτας
480 964 579 1033 μὲν
628 964 694 1017 τὰ
748 963 1118 1034 μυστικώτερα
1143 962 1246 1015 τῶν
1277 961 1607 1032 μαθημάτων
1642 961 1847 1031 ἐκλαμ-

284 1057 472 1109 δάνειν
505 1054 758 1118 ἐνταῦθα,
789 1056 999 1127 χοίρους
1048 1056 1102 1109 δὲ
1146 1057 1271 1133 ,τοὺς
1325 1056 1566 1116 ἀσεϐεῖς·
1616 1054 1735 1107 οὐδὲ
1765 1054 1847 1117 τὺ,

280 1147 381 1214 Μὴ
406 1148 641 1215 ,ϐάλητε
666 1150 804 1214 τοὺς
817 1152 1179 1218 μαργαρίτας
1193 1149 1708 1219 ὑμῶν-ἔμπροσθεν
1734 1148 1851 1201 τῶν

284 1243 529 1311 χοιᾯων,
582 1243 663 1305 εἰς
711 1242 791 1310 τὸ,
816 1243 887 1313 μὴ
924 1242 1293 1315 παραϐάλλετε
1336 1244 1445 1304 τοῖς
1489 1241 1705 1294 ἀσεϐέσι
1756 1240 1850 1293 καὶ

280 1334 539 1396 ἀπίστοις
571 1334 640 1387 τά
670 1335 902 1404 μυστικὰ
926 1335 1019 1386 καὶ
1051 1333 1351 1387 τελειοποιὰ
1391 1334 1488 1402 τῆς
1514 1336 1591 1396 εἰς
1624 1331 1848 1403 Χριστὸν

278 1425 522 1489 πίστεως
554 1425 1333 1495 διδάγματα,παραλαμ6άνειν
1356 1442 1367 1454 ·
1411 1423 1545 1477 ἀλλά
1589 1423 1853 1493 μαργαρί-

278 1532 379 1576 τας
430 1515 533 1583 μὲν
565 1515 665 1576 τὰς
697 1512 891 1584 ἀρετὰς
923 1513 1230 1583 ἐκδέχεσθαι
1261 1512 1385 1584 χρὴ,
1423 1506 1509 1573 αἶς
1537 1511 1722 1581 ὥσπερ
1753 1528 1849 1562 πο-

277 1606 531 1676 λυτίμοις
564 1606 921 1677 μαργαρίταις
947 1607 979 1675 ἡ
1007 1606 1149 1677 ψυχὴ
1175 1603 1595 1677 καθωραῖζεται·
1642 1604 1716 1674 μὴ
1752 1620 1853 1655 πα-

276 1700 543 1770 ραϐαλεῖν
573 1698 631 1751 δὲ
662 1698 857 1761 αὐτοὺς
887 1700 996 1760 τοῖς
1025 1695 1241 1767 χοίροις,
1278 1696 1540 1755 τουτέστι,
1580 1694 1651 1765 μὴ
1680 1712 1853 1765 παρα-

278 1769 464 1844 ϐαλεῖν
500 1790 673 1853 αὑτάς
706 1790 802 1852 τὰς
833 1788 1048 1860 ἀρετὰς,
1074 1782 1181 1840 οἷον
1200 1788 1436 1855 ἁγνείαν,
1461 1789 1553 1839 καὶ
1580 1785 1851 1856 σωφροσύ-
1882 1769 1923 1823 Β

278 1900 398 1953 νην,
416 1884 513 1935 καὶ
542 1880 905 1951 δικαιοσύνην,
936 1882 1027 1933 καὶ
1048 1878 1318 1950 ἀλήθειαν,
1348 1878 1549 1941 ταύτας
1566 1878 1627 1948 δὴ
1657 1878 1728 1949 μὴ
1748 1895 1851 1931 πα·

280 1974 539 2047 ραδαλείν
566 1976 683 2036 ταῖς
706 1972 1014 2043 μαχλώσαις
1031 1972 1241 2042 ἡδοναῖς
1280 1973 1503 2044 (χοίροις
1533 1973 1640 2043 γὰρ
1674 1972 1853 2025 ἐοίκα-

283 2084 365 2119 σιν
397 2062 607 2131 αὗται),
640 2066 731 2119 ἴνα
765 2065 857 2137 μὴ,
884 2065 978 2129 τὰς
1008 2064 1206 2135 ἀρετὰς
1231 2060 1388 2119 αὗται
1423 2064 1848 2133 καταφαγοῦσαι,

278 2157 513 2229 χοιρὼδη
544 2157 656 2225 βίον
692 2158 785 2210 καὶ
813 2156 1093 2227 πολυπαθῆ
1125 2156 1219 2228 τὴν
1244 2157 1419 2228 ψυχὴν
1455 2157 1714 2227 βιοτεύειν
1748 2174 1851 2211 πα-

278 2249 724 2320 ραςκευάσωσιν.

349 2341 425 2391 B’.
463 2341 588 2392 Ὀτι
625 2341 653 2391 ὁ
690 2338 1000 2410 Ὠριγένης,
1036 2340 1094 2393 δν
1142 2339 1433 2411 κένταυρον
1480 2340 1664 2405 καλεῖ,
1700 2339 1851 2409 ἔλεγε

280 2433 552 2485 πναῖδιον
588 2426 729 2483 εἶναι
771 2431 847 2501 τῷ
892 2432 1035 2502 μόνῳ
1078 2432 1225 2504 σοφῷ
1270 2434 1364 2485 καὶ
1404 2432 1691 2500 ἀπροσδεεῖ
1734 2433 1851 2504 Θεῷ

276 2524 337 2576 τὸ
362 2526 493 2578 πᾶν.
531 2524 779 2593 Ἔφασκε
814 2524 939 2595 γάρ·
986 2524 1047 2576 Εἰ
1081 2503 1179 2577 οὐκ
1214 2524 1325 2577 ἔστι
1359 2525 1685 2597 δημιουργὸς
1725 2503 1849 2578 ἀνευ

276 2614 801 2687 δημιουργημάτων,
833 2615 864 2685 ἢ
903 2616 1128 2686 ποιητὴς
1177 2616 1303 2670 ἄνευ
1347 2617 1695 2687 ποιημάτων,
1731 2617 1851 2670 οὐδὲ

283 2708 683 2779 παντοκράτωρ
722 2708 847 2761 ἄνευ
889 2706 995 2761 τῶν
1040 2708 1437 2778 κρατουμένωνο
1482 2708 1573 2760 τὸν
1620 2707 1727 2779 γὰρ
1754 2708 1848 2777 δη-

282 2800 542 2872 μιουργὸν
585 2800 675 2852 διὰ
712 2801 777 2853 τὰ
830 2799 1284 2871 δημιουργήματα
1333 2800 1579 2870 ἀνάγκη,
1628 2802 1717 2853 καὶ
1759 2800 1848 2852 τὸν

281 2896 513 2962 ποιητὴν
541 2893 631 2945 διὰ
658 2892 727 2945 τὰ
751 2894 1048 2963 ποιήματα,
1082 2895 1173 2945 καὶ
1200 2893 1290 2945 τὸν
1320 2894 1725 2965 παντοκράτορα
1763 2892 1849 2946 διὰ

279 2986 347 3040 τά
392 2985 742 3057 κρατούμενα
794 2983 1076 3052 λέγεσθαι·
1128 2984 1339 3054 ἀνάγκη
1378 2984 1435 3052 ἐξ
1486 2985 1656 3056 ἀρχῆς
1711 2985 1849 3038 αὐτά

286 3074 390 3125 ὑπὸ
417 3073 509 3125 τοῦ
538 3072 675 3126 Θεοῦ
714 3072 1055 3143 γεγενῆσθαι,
1090 3075 1183 3126 καὶ
1218 3074 1290 3144 μὴ
1335 3070 1471 3127 εἶναι
1514 3075 1721 3147 χρόνον,
1756 3076 1843 3127 ὅτε
1872 3111 1913 3168 C

281 3167 384 3217 οὐκ
431 3161 497 3235 ἦν
545 3165 736 3220 ταῦτα.
784 3165 847 3217 El
880 3164 986 3235 γὰρ
1034 3161 1101 3235 ἦν
1148 3165 1355 3236 χρόνος,
1406 3168 1492 3218 ὅτε
1538 3167 1637 3218 οὐκ
1682 3161 1749 3236 ἦν
1777 3165 1845 3219 τά

277 3258 404 3327 and,
415 3275 584 3327 ματα,
620 3258 738 3310 ἐπεὶ
766 3258 872 3309 τῶν
898 3257 1209 3326 ποιημάτων
1248 3256 1319 3326 μὴ
1351 3256 1534 3321 ὄντων,
1559 3256 1677 3309 οὐδὲ
1700 3274 1848 3325 ποιη-

273 3351 377 3419 τής
412 3354 583 3413 ἐστιν,
627 3350 725 3421 ὅρα
754 3344 863 3401 οἷον
895 3349 1085 3411 ἀσεϐὲς
1118 3348 1415 3401 ἀκολουθεῖ.
1454 3348 1611 3401 Ἀλλά
1635 3349 1727 3401 καὶ
1751 3348 1845 3400 ἀλ-

275 3438 552 3492 λοιοῦσθαι
596 3442 688 3493 καὶ
733 3439 1082 3509 μεταϐάλλειν
1114 3440 1203 3491 τὸν
1249 3441 1513 3511 ἄτρεπτον
1564 3440 1656 3491 καὶ
1689 3440 1847 3492 ἀναλ-

272 3530 497 3584 λοίωτον
522 3532 863 3601 συμϐήσεται
898 3532 1047 3583 Θεόν.
1076 3531 1138 3583 Ei
1178 3531 1283 3602 γὰρ
1326 3531 1547 3602 ὕστερον
1582 3531 1845 3602 πεποίηκε

268 3623 334 3674 τὸ
374 3624 503 3686 πᾶν,
548 3622 709 3689 δῆλον
744 3622 826 3674 ὅτι
863 3621 970 3673 ἀπὸ
1002 3620 1094 3673 τοῦ
1129 3621 1201 3692 μὴ
1246 3624 1414 3673 ποιεῖν
1457 3623 1537 3685 είς
1570 3623 1629 3675 τὸ
1675 3626 1845 3676 ποιεῖν

274 3714 565 3783 μετὲὗαλε.
600 3712 770 3767 Τοῦτο
802 3714 857 3767 δὲ
883 3714 1077 3768 ἄτοπον
1111 3714 1245 3784 μετά
1271 3713 1378 3765 τῶν
1399 3715 1718 3785 είρημὲνων’
1748 3716 1846 3769 οὐκ

269 3808 381 3879 ἀρα
414 3804 639 3858 δυνατὸν
684 3805 881 3873 λέγειν,
916 3806 988 3877 μὴ
1032 3802 1169 3858 εἶναι
1198 3806 1427 3876 ἄναρχον
1463 3806 1555 3858 καὶ
1582 3806 1844 3861 συναῒδιον

266 3896 352 3966 τῷ
378 3896 495 3967 Θεῴ
526 3897 589 3948 τὸ
613 3897 738 3948 πᾶν.
772 3897 912 3966 Πρὸς
956 3898 1013 3949 ὃν
1055 3914 1186 3967 φησι
1234 3897 1300 3948 δι’
1333 3897 1517 3967 ἑτέρου
1555 3897 1843 3969 προσώπου

266 3992 300 4042 ὁ
328 3990 516 4056 Ἀγιος
564 3987 802 4058 ὲρωτῶψ
832 3984 977 4059 Ἀρά
1020 4006 1081 4057 γε
1132 3990 1321 4057 σοφίας
1374 3991 1466 4043 καὶ
1516 3990 1704 4061 δόξης,
1752 3992 1845 4043 καὶ

270 4081 582 4152 συλλήϐδην
631 4081 809 4149 πάσης
840 4082 1036 4153 ἀρετῆς
1082 4083 1251 4153 ἀρχὴν
1286 4084 1377 4135 καὶ
1426 4082 1609 4153 πηγὴν
1655 4084 1844 4136 οὑσιω-

264 4171 398 4235 δὼς,
427 4172 563 4226 ἀλλά
599 4172 670 4241 μὴ
715 4173 1018 4242 ἐπικτήτοις
1050 4175 1157 4243 ἡγῇ
1197 4174 1285 4225 τὸν
1314 4173 1476 4236 Θεόν;
1520 4173 1577 4224 '0
1603 4173 1679 4225 δέ’
1716 4174 1840 4226 Ναί.

265 4262 340 4314 Τί
387 4262 442 4314 δὲ
492 4262 630 4331 πρὸς
661 4262 903 4324 “mairem;
938 4264 1068 4331 Οὐχὶ
1110 4262 1311 4325 τέλειος
1346 4264 1519 4332 πάντη
1553 4264 1617 4315 δι’
1653 4263 1843 4316 ἑαυτὸν

266 4352 371 4404 καὶ
397 4351 732 4421 άπροσδεήςς
777 4351 990 4422 Ἀληθῆ’
1023 4354 1301 4423 ἀμήχανον
1329 4354 1437 4424 γὰρ
1462 4355 1523 4405 τὸ
1549 4354 1842 4424 ἀπροσδεὲς

1949 514 2118 569 ctum,
2157 518 2498 574 consequens
2537 502 2595 556 fit
2630 510 2689 557 ut
2719 503 2997 566 dicamus,
3039 504 3169 557 nulli
3209 504 3507 559 infidelium

1949 613 2087 667 quos
2109 597 2290 667 porcis
2317 611 2718 667 comparamus,
2748 611 2842 664 per
2872 597 3165 664 apostolica
3187 596 3513 652 documenta

1950 706 2068 759 qua:
2097 689 2306 742 animas
2348 688 2519 742 instar
2552 688 2964 757 margaritarum
3000 688 3327 753 illuminant,
3351 689 3509 743 fidem

1952 784 2005 836 in
2031 782 2303 836 Christum
2332 789 2385 834 et
2405 780 2768 850 abimpietate
2798 781 3101 834 libertatem
3130 788 3338 849 partam
3365 796 3508 835 esse.

1953 873 2058 927 Sed
2104 881 2186 927 est
2242 873 2617 942 blasphemum
2645 872 2749 926 hoc
2791 872 2989 925 dicere.
3032 871 3174 941 Ergo
3205 874 3514 941 margarita:

1948 967 2053 1020 hoc
2084 966 2203 1019 loco
2233 980 2338 1019 non
2364 972 2489 1020 sunt
2511 963 2837 1034 accipiendae
2860 964 3159 1019 sanctiores
3183 963 3510 1033 disciplinae;

1951 1056 2230 1126 porcique,
2265 1056 2415 1125 impii
2446 1072 2457 1109 :
2485 1071 2659 1124 neque
2690 1055 2819 1107 illud
2850 1071 2860 1105 :
2904 1053 3080 1107 Nolite
3102 1055 3353 1123 projicere
3371 1068 3513 1107 mar-

1951 1150 2152 1215 garitas
2188 1156 2385 1199 vestras
2411 1156 2529 1199 ante
2566 1161 2770 1213 porcos,
2810 1147 2879 1198 ita
2912 1144 3291 1214 explicandum
3318 1154 3420 1210 est,
3452 1152 3513 1198 ut

1952 1240 2233 1308 prohibeat
2267 1238 2489 1306 proponi
2521 1238 2702 1307 impiis
2746 1237 3188 1307 inlidelibusque,
3222 1253 3375 1292 sacra
3421 1238 3511 1291 illa

1951 1336 2003 1384 et
2032 1331 2459 1382 consummativa
2492 1329 2542 1382 in
2567 1328 2839 1383 Christum
2861 1330 3183 1383 documenta
3209 1345 3220 1379 :
3253 1329 3343 1385 sed
3371 1324 3515 1383 mar-

1952 1423 2140 1493 garitm
2173 1422 2375 1476 fuerint
2404 1422 2650 1486 virtutes,
2681 1422 2875 1491 quibus
2898 1423 3045 1477 velut
3076 1423 3381 1493 margaritis
3399 1439 3516 1493 pre-

1955 1515 2112 1569 tiosis
2148 1522 2374 1569 ornatur
2406 1514 2642 1569 animus.
2678 1512 2793 1568 Non
2834 1514 3166 1582 abjiciendas
3209 1523 3387 1569 autem
3419 1530 3513 1569 eas

1954 1608 2168 1675 porcis;
2211 1606 2313 1658 hoc
2353 1613 2458 1668 cst,
2506 1622 2613 1659 non
2665 1605 3026 1674 projicicndas
3072 1606 3339 1669 virtutes,
3381 1615 3510 1675 puta

1954 1699 2279 1760 castitatem,
2332 1696 2774 1766 temperantiam,
2828 1697 3130 1765 justitiam,
3190 1699 3507 1762 veritatem,

1952 1788 2241 1857 ejusmodi,
2279 1788 2520 1858 inquam,
2561 1789 2810 1852 virtutes,
2848 1805 2952 1843 non
2976 1790 3309 1857 objicieudas
3336 1792 3511 1861 impu-

1952 1880 2028 1935 ris
2070 1882 2435 1951 voluptatibus
2477 1897 2490 1931 :
2532 1879 2613 1935 ha:
2654 1882 2799 1935 enim
2854 1884 3228 1937 assimilantur
3272 1884 3453 1953 porcis
3492 1901 3509 1939 :

1954 1988 2021 2027 ne
2045 1972 2143 2028 has
2168 1973 2554 2027 conculcantes
2584 1973 2718 2044 (10),
2748 1974 2798 2026 in
2833 1974 2998 2027 vitam
3035 1990 3323 2045 porcorum
3361 1975 3513 2031 simi-

1952 2063 2057 2118 lem
2077 2066 2331 2135 omnique
2369 2065 2617 2120 vitiorum
2647 2082 2840 2135 genere
2872 2068 3107 2135 plenam,
3152 2069 3389 2122 animam
3421 2084 3513 2123 co-

1952 2162 2101 2225 gant.

2021 2332 2085 2388 ll.
2118 2333 2399 2401 Origenes,
2432 2334 2628 2405 inquit,
2654 2350 2811 2404 quem
2838 2345 3157 2391 centaurum
3189 2345 3366 2401 vocat,
3388 2340 3512 2393 uni-

1950 2442 2167 2482 versum
2214 2427 2338 2491 hoc,
2398 2429 2499 2482 soli
2557 2429 2788 2497 sapienti
2824 2429 3135 2499 nulliusque
3168 2431 3345 2501 egenti
3380 2429 3510 2496 Deo,

1951 2525 2275 2571 coaeternum
2303 2519 2560 2572 asseruit.
2611 2517 2746 2571 Nam
2775 2519 2850 2571 ait
2876 2539 2887 2572 :
2916 2517 3050 2572 Cum
3080 2535 3187 2573 non
3220 2520 3291 2573 sit
3331 2520 3509 2590 opifex

1951 2610 2068 2663 sine
2100 2609 2345 2679 opificio,
2367 2625 2466 2664 nec
2500 2618 2714 2665 creator
2739 2612 2855 2665 sine
2887 2618 3133 2665 creatura
3160 2612 3269 2683 (Η)
3291 2653 3309 2679 ,
3340 2630 3515 2684 neque

1950 2700 2273 2755 universalis
2329 2699 2591 2755 Dominus
2644 2700 2759 2754 sine
2800 2700 3039 2769 subjecta
3099 2703 3453 2757 universitate
3496 2722 3511 2757 :

1948 2792 2143 2861 quippe
2182 2807 2408 2846 necesse
2441 2800 2523 2846 est
2567 2802 2626 2846 ut
2661 2792 2839 2860 opifex
2865 2795 2933 2847 ab
2963 2794 3178 2864 opificio
3197 2834 3212 2857 ,
3240 2802 3457 2848 creator
3483 2811 3515 2848 a

1948 2892 2197 2937 creatura
2233 2926 2246 2949 ,
2320 2886 2644 2940 universalis
2708 2885 2969 2941 Dominus
3028 2888 3097 2939 ab
3162 2887 3516 2941 universitate

1948 2976 2193 3044 subjecta
2246 2979 2601 3032 nominetur:
2660 2980 2905 3047 sequitur
2946 2979 3256 3034 necessario
3286 2986 3345 3032 ut
3400 2979 3515 3034 hac

1950 3069 2090 3124 Deus
2121 3086 2149 3122 a
2178 3070 2439 3139 principio
2463 3072 2749 3134 creaverit,
2773 3086 2872 3124 nec
2920 3071 2989 3125 sit
3019 3071 3187 3124 ullum
3218 3078 3430 3139 tempus
3458 3070 3515 3124 in

1947 3177 2056 3232 quo
2091 3162 2179 3214 illa
2204 3179 2314 3215 non
2349 3163 2571 3217 fuerint.
2605 3162 2739 3216 Nam
2772 3163 2817 3219 si
2852 3162 2971 3226 fuit,
3005 3161 3220 3232 quando
3251 3171 3516 3217 creatura:

1946 3268 2053 3306 non
2088 3262 2277 3319 erant;
2310 3268 2433 3307 cum
2468 3256 2735 3309 creaturis
2776 3270 2883 3309 non
2915 3254 3321 3317 exsistentibus,
3340 3270 3515 3324 neque

1946 3346 2107 3400 etiam
2141 3346 2212 3399 sit
2240 3358 2458 3401 creator
2498 3364 2511 3401 :
2542 3348 2666 3401 vide
2711 3355 2912 3417 quanta
2951 3353 3209 3415 sequatur
3237 3347 3509 3416 impietas.

1946 3433 2089 3499 Quin
2116 3447 2168 3491 et
2195 3438 2415 3491 alterari
2451 3438 2757 3506 mutarique
2788 3436 3063 3506 continget
3123 3435 3514 3491 immutabilem

1945 3526 2113 3582 Deum
2148 3544 2211 3582 ac
2264 3529 2657 3584 invariabilem.
2692 3529 2748 3581 Si
2787 3528 2931 3583 enim
2980 3527 3192 3583 tandem
3223 3529 3514 3598 aliquando

1943 3620 2149 3675 creavit
2200 3621 2535 3685 universum,
2573 3620 2716 3675 haud
2777 3620 2960 3684 dubie,
3014 3635 3044 3673 a
3095 3635 3201 3674 non
3252 3621 3509 3683 creando,

1946 3720 2187 3765 mutatus
2216 3712 2468 3765 transivit
2497 3712 2563 3767 ad
2601 3711 2916 3765 creandum.
2949 3710 3062 3767 Iloc
3102 3720 3277 3766 autem
3321 3713 3513 3766 absur-

1944 3799 2071 3853 dum
2105 3808 2209 3864 est,
2246 3810 2302 3855 ut
2334 3809 2386 3854 et
2419 3818 2527 3871 quo
2585 3801 2845 3865 infertur;
2884 3816 2988 3855 ron
3025 3816 3153 3871 ergo
3194 3801 3302 3855 dici
3334 3810 3513 3871 potest

1944 3909 2052 3947 non
2082 3909 2203 3948 esse
2232 3894 2300 3948 ab
2332 3904 2535 3949 aeterno
2568 3910 2750 3950 rerum
2807 3896 3209 3951 universitatem
3234 3936 3248 3957 ,
3293 3911 3355 3949 ac
3405 3895 3513 3949 Deo

1945 3997 2287 4041 comternam.
2320 3986 2401 4041 Ad
2440 4004 2602 4058 quem
2636 3986 2891 4054 Sanctus,
2924 4004 2990 4042 ex
3022 3989 3244 4043 alterius
3279 4004 3512 4059 persona

1944 4080 2288 4150 interrogans
2324 4101 2336 4134 :
2370 4078 2561 4135 Nonne
2606 4079 2798 4144 Deum,
2835 4080 3160 4150 principium
3207 4081 3509 4143 existimas,

1946 4170 2261 4242 fontemque
2284 4174 2565 4243 sapientiae
2594 4189 2656 4227 ac
2686 4174 2890 4243 gloriae,
2924 4175 3111 4236 verbo,
3140 4174 3357 4227 virtutis
3385 4173 3511 4226 uni-

1944 4277 2133 4326 versae,
2160 4262 2588 4317 substantialiter
2608 4270 2661 4317 et
2693 4279 2801 4317 non
2830 4264 3098 4318 ascititie?
3119 4262 3280 4329 Sane,
3314 4266 3506 4333 inquit.

1944 4352 2084 4418 Quid
2140 4368 2268 4407 vero
2301 4354 2594 4422 praeterea?
2622 4352 2810 4409 Nonne
2842 4356 3066 4409 omnino
3100 4370 3128 4407 a
3154 4372 3211 4410 se
3241 4356 3509 4424 perfectus

263 4444 339 4496 δι’
369 4444 551 4514 ἕτερον
596 4439 733 4496 εἶναί
765 4460 817 4495 τι
858 4445 1153 4514 ἀπροσδεές
1218 4444 1565 4517 [ἁμήχανον].
1587 4448 1699 4499 Πᾶν
1732 4447 1839 4519 γάρ

1947 4454 2050 4511 est,
2093 4462 2156 4500 ac
2186 4447 2392 4501 nullius
2434 4446 2715 4516 indigens?
2744 4448 2822 4499 lla
2852 4454 2933 4501 est
2958 4465 2970 4499 :
3004 4446 3337 4515 impossibile
3363 4447 3509 4501 enim

261 4534 339 4587 δι’
383 4536 568 4606 ἕτερον
615 4536 816 4606 πλῆρες
854 4536 933 4597 ὃν,
974 4537 1066 4589 καὶ
1111 4537 1295 4600 ἀτελὲς
1338 4537 1555 4591 λεκτέον
1598 4539 1836 4608 ἀνάγκη.

262 4626 351 4680 Τδ
373 4627 478 4697 γάρ
510 4627 644 4679 αὐτὸ
676 4626 741 4678 δι’
765 4627 922 4680 ἑαυτὸ
950 4628 1139 4681 ἑαυτοῦ
1176 4628 1445 4699 πλήρωμα
1472 4628 1549 4690 ὃν,
1578 4631 1670 4682 καὶ
1707 4630 1836 4683 αὐτὸ

264 4724 335 4776 ἓν
362 4721 535 4791 ἑαυτῷ
568 4721 746 4791 μόνον,
775 4721 974 4774 τέλειον
997 4719 1133 4775 εἶναι
1163 4721 1318 4775 τοῦτο
1350 4724 1506 4793 μόνον
1531 4722 1829 4787 δοξαστέον.

274 4812 649 4881 ’Δληϐέστατα
672 4812 867 4881 λέγεις.
900 4814 971 4865 Τὸ
994 4813 1047 4866 δὲ
1082 4815 1219 4884 μήτε
1253 4815 1381 4867 αὐτὸ
1404 4815 1468 4867 δι’
1494 4816 1673 4879 ἑαυτὸ,
1701 4817 1834 4888 μήτε

346 4960 454 5032 (10)
486 4961 568 5016 Ne
606 4963 701 5017 has
746 4964 1126 5017 conculcantes.
1174 4962 1301 5029 Leg.
1367 4963 1420 5015 in
1467 4962 1558 5015 Gr.
1586 4980 1652 5018 ex
1686 4972 1833 5018 textu

260 5032 476 5101 Evang.
522 5034 952 5087 ωταπατοῦσαι.
985 5035 1170 5086 Amica
1220 5042 1303 5087 est
1351 5033 1617 5089 Methodio
1675 5051 1834 5102 para-

262 5103 505 5173 phrasis.
546 5107 658 5158 Vox
696 5119 911 5173 quoque
941 5111 1061 5172 apta
1093 5104 1445 5172 metaphorze,
1476 5106 1561 5157 cui
1614 5106 1837 5158 mendo-

259 5190 391 5226 sum
421 5173 551 5226 illud
582 5176 725 5243 quod
756 5181 1143 5242 repraesentant
1176 5174 1463 5243 impressa,
1487 5175 1835 5244 καταφαγοῦ-

262 5260 381 5303 σαι,
414 5245 597 5314 minus
626 5244 894 5314 congruit.

344 5315 467 5385 (li),
508 5313 618 5368 Nec
644 5313 855 5385 creator
905 5316 1015 5368 sine
1057 5323 1321 5377 creatura,
1365 5314 1397 5384 ἢ
1444 5314 1668 5385 ποιητὴς
1708 5315 1834 5369 ἄνευ

257 5384 606 5457 ποιημάτων.
644 5382 700 5438 1η
732 5385 896 5439 Deum
925 5386 1141 5444 dicitur.
1181 5393 1237 5437 ut
1282 5396 1334 5440 et
1382 5382 1703 5439 antecedens
1745 5386 1837 5457 δη-

261 5456 547 5535 μιουργός,
579 5469 641 5509 ac
669 5471 1010 5532 consequens
1044 5457 1433 5535 παντοκράτωρ
1460 5474 1472 5508 :
1500 5471 1667 5535 quare
1693 5456 1834 5535 jeju-

258 5524 392 5577 nius
420 5523 700 5587 Scholtus,
732 5523 883 5590 poeta
913 5527 1023 5578 sine
1053 5523 1324 5593 poematis.
1361 5523 1659 5579 Discrimen
1692 5529 1833 5581 inter

1945 4547 2047 4600 est,
2085 4548 2144 4591 ut
2176 4538 2321 4607 quod
2353 4537 2555 4591 nullius
2588 4537 2813 4606 indiget,
2847 4539 2913 4591 ab
2938 4539 3119 4606 aliquo
3142 4538 3248 4589 alio
3276 4552 3383 4591 non
3425 4537 3509 4590 iu-

1944 4630 2239 4700 digentiam
2268 4629 2532 4698 ejusmodi
2561 4629 2769 4684 habeat.
2814 4629 2946 4683 Nam
2999 4629 3261 4700 quidquid
3291 4630 3358 4683 ab
3400 4630 3509 4685 alio

1946 4722 2161 4790 plenum
2212 4728 2295 4775 est
2341 4728 2395 4774 et
2435 4719 2756 4790 perfectum,
2813 4721 2987 4790 ipsum
3042 4735 3257 4790 quoque
3312 4722 3508 4790 imper-

1944 4813 2143 4868 fectum
2184 4813 2291 4868 dici
2342 4828 2565 4869 necesse
2616 4823 2717 4867 est.
2780 4812 2965 4869 Solum
3021 4813 3318 4883 siquidem,
3363 4814 3506 4883 quod

1943 4964 2020 5017 dit
2041 4962 2287 5017 Justinus
2320 4961 2522 5033 Martyr
2554 4962 2628 5032 (a)
2661 4978 2673 5013 :
2701 4972 2759 5016 ut
2809 4961 2895 5016 ille
2927 4960 3129 5015 nullius
3174 4960 3399 5033 alterius
3430 4960 3505 5033 in-

1943 5035 2151 5104 digens.
2187 5048 2251 5086 ex
2289 5048 2385 5086 sua
2432 5030 2838 5101 ipsius'virtute
2887 5040 2940 5084 et
2989 5030 3387 5104 potentiaopus
3427 5030 3506 5104 fa-

1943 5100 2084 5169 ciat;
2121 5105 2207 5156 hic
2235 5111 2413 5157 autem
2438 5100 2467 5166 ,ί
2505 5111 2786 5157 mutuatus
2818 5118 2847 5155 a
2897 5102 3119 5155 materia
3165 5100 3365 5170 opilicii
3396 5102 3507 5155 νὴ·

1946 5183 2136 5228 tutem.
2172 5172 2283 5228 Hoc
2306 5188 2465 5242 porro
2492 5182 2867 5243 argumentum
2886 5170 3291 5243 Origenianum,
3324 5171 3507 5225 Achil-

1947 5247 2024 5299 les
2049 5254 2131 5299 est
2162 5246 2322 5299 etiam
2350 5242 2646 5304 Aristoteli,
2676 5244 2742 5295 ad
2771 5242 3013 5296 eamdem
3044 5242 3230 5295 mundi
3257 5251 3307 5295 et
3325 5251 3507 5296 motus

1941 5318 2295 5370 :eternitatem
2343 5315 2727 5379 astruendam;
2784 5313 2959 5382 ipsum
3020 5313 3174 5365 valde
3232 5313 3506 5366 infirmum

1944 5402 2044 5439 nec
2100 5385 2234 5439 satis
2287 5385 2507 5453 (lignum
2561 5386 2690 5438 tanti
2734 5384 2972 5436 nominis
3025 5383 3371 5453 philosopho,
3415 5382 3505 5437 cui

1941 5456 2083 5510 Deus
2114 5452 2472 5523 εἰοὲμπαθῶς
2505 5462 2647 5523 agat.
2680 5454 2852 5506 Aliter
2878 5453 3171 5507 Christiani
3206 5462 3260 5507 et
3285 5452 3505 5523 dignius

1936 5522 2048 5579 Deo
2074 5526 2155 5595 (ut
2180 5522 2263 5580 est
2292 5526 2407 5580 sola
2441 5522 2559 5579 Deo
2591 5524 2753 5594 digna
2786 5523 3097 5578 Christiana
3121 5522 3329 5594 religio)
3362 5522 3507 5577 didi-

260 5595 495 5665 ποιητὴν
520 5598 612 5649 καὶ
637 5596 964 5666 δημιουργόν
986 5635 999 5657 ,
1033 5612 1097 5650 ex
1129 5594 1369 5651 Platonis
1404 5598 1693 5661 sententia,
1722 5606 1833 5650 tra-

1947 5598 2131 5652 :imus.

328 5709 399 5771 (a)
429 5710 581 5778 Locus
603 5709 1033 5778 Justini_Martyris
1053 5712 1113 5778 ad
1138 5726 1286 5778 quem
1308 5714 1389 5778 hic
1409 5714 1609 5778 respicit
1632 5712 1973 5777 Combeﬁsius,
1999 5719 2170 5778 exstat
2209 5715 2261 5764 in
2304 5710 2497 5766 Cohort.
2536 5712 2601 5761 ad
2634 5714 2810 5774 Gneo,
2834 5711 2859 5774 §
2883 5711 2961 5774 22,
2986 5716 3133 5773 atque
3158 5712 3363 5775 egregie
3388 5710 3477 5762 illa
3508 5710 3513 5750 ἓ

261 5776 448 5822 strator
469 5788 494 5822 a
517 5773 762 5822 Malochio
786 5772 843 5823 Υ.
867 5772 919 5824 C.
946 5773 1005 5822 ad
1029 5772 1228 5825 Acta‘S.
1265 5772 1441 5826 lustini
1468 5772 1536 5824 Μ.
1565 5775 1709 5825 ϐλιι..
1740 5834 1743 5837 ν
