4010 6328
593 315 696 371 335

1560 308 1619 365 S.
1661 305 1992 363 METHODII
2030 305 2334 363 EPISCOPI
2377 305 2460 361 ET
2502 304 2857 361 MARTYRIS
2916 336 2931 355 .

3648 315 3734 369 336

591 440 768 509 ipsum
800 452 830 490 a
863 451 941 501 se,
967 434 1051 490 sui
1082 432 1253 503 ipsius
1281 430 1558 500 plenitudo
1588 438 1671 485 est
1699 439 1984 500 manetque
2014 431 2067 483 in
2086 443 2150 484 se

2262 428 2380 483 αὐτὸ
2406 428 2596 481 ἑαυτοῦ
2629 427 2899 499 πλήρωμα
2929 423 3016 489 ὃν,
3048 423 3207 495 φαίης
3238 424 3301 478 ἂν
3332 414 3628 497 ἀπροσδεές
3653 432 3741 483 οι-

590 530 731 600 ipso,
764 526 1060 598 perfectum
1094 525 1424 578 censendum
1457 530 1559 577 est.
1585 520 1879 576 Verissime
1934 535 2143 576 censes.

590 620 729 678 Num
758 635 906 684 vero,
937 616 1080 687 quod
1122 631 1297 686 neque
1321 631 1349 669 a
1380 630 1460 679 se,
1491 629 1665 684 neque
1713 614 1799 668 sui
1833 613 2004 683 ipsius
2036 611 2151 682 ple-

592 709 783 766 nitudo
816 716 919 773 est,
963 707 1166 762 nullius
1204 705 1446 777 indigum
1476 703 1718 759 dixeris?
1749 702 1966 758 Minime
1998 718 2143 757 vero.

594 805 736 858 Deus
765 796 892 872 ergo
925 817 1052 857 num
1081 800 1150 854 ab
1180 799 1285 854 alio
1311 799 1583 871 perfectus
1605 795 2147 853 azstimabitur?Nam

591 894 737 966 quod
766 894 1066 965 perfectum
1094 901 1177 946 est
1223 893 1291 947 ab
1341 892 1468 955 alio,
1504 907 1682 945 nonne
1715 890 1892 960 ipsum
1939 906 2034 959 per
2087 900 2147 940 se

591 987 903 1043 necessario
933 983 1306 1055 imperfectum
1333 983 1454 1039 est?
1478 981 1571 1037 Est
1611 983 1788 1051 plane.
1828 980 1968 1037 Deus
1996 996 2146 1050 ergo,

590 1095 619 1132 a
648 1094 726 1143 se,
746 1095 852 1132 non
884 1077 952 1131 ab
979 1077 1085 1130 alio
1114 1072 1387 1144 perfectus
1403 1074 1736 1144 indicabitur
1756 1074 1780 1127 ?
1802 1071 2149 1127 Rectissime.

588 1167 779 1223 Nonne
829 1168 973 1222 aliud
1026 1173 1110 1222 est
1160 1164 1303 1220 Deus
1349 1181 1377 1219 a
1426 1165 1628 1222 mundo
1689 1167 1838 1238 (l2),
1900 1166 2151 1236 aliudque

590 1258 824 1313 mundus
846 1273 875 1310 a
902 1256 1315 1314 Deo?0mnino.
1346 1254 1485 1310 Num
1532 1256 1696 1326 igitur
1743 1256 1885 1311 Deus
1930 1264 2151 1326 propter

591 1349 850 1404 mundum
886 1347 1027 1405 Deus
1059 1357 1111 1404 et
1134 1348 1429 1420 perfectus,
1450 1356 1502 1403 et
1531 1346 1732 1418 opifex,
1754 1355 1808 1402 et
1830 1347 2150 1403 universalis

591 1439 851 1495 Dominus
899 1439 1159 1495 dicendus
1215 1439 1334 1495 est?
1375 1438 1727 1510 Nequaquam
1780 1438 1932 1510 (l3);
1981 1447 2040 1492 ut
2083 1454 2152 1493 ne

593 1543 811 1603 proper
838 1531 1121 1596 mundum,
1157 1532 1454 1603 praesertim
1481 1531 1816 1595 mutabilem,
1840 1546 1947 1585 non
1977 1530 2092 1600 ipse
2119 1545 2151 1583 a

591 1640 666 1688 se,
695 1639 791 1695 per
810 1638 867 1678 se
894 1622 1164 1694 perfectus
1184 1623 1507 1678 inveniatur.
1522 1622 1771 1692 Congrue
1786 1636 1931 1676 vero.
1952 1620 2151 1688 Quam-

589 1740 773 1793 obrem
825 1737 976 1795 dives
1028 1752 1208 1793 nonne
1259 1745 1479 1811 propter
1523 1735 1741 1791 divitias
1772 1735 1923 1791 dives
1964 1734 2150 1805 appel—

589 1829 784 1883 landus
811 1829 934 1884 est?
982 1827 1165 1885 Recte.
1191 1827 1332 1894 Quid
1360 1842 1488 1883 vero
1541 1826 1780 1896 sapiens,
1811 1841 1993 1881 nonne
2023 1826 2152 1881 sub-

591 1917 860 1972 stantialis
891 1918 1038 1973 illius
1070 1916 1350 1987 sapientiae
1390 1916 1699 1987 participio,
1737 1929 1850 1969 non
1879 1916 2149 1971 exsistens

589 2012 705 2081 ipse
743 2010 1029 2081 sapientia,
1061 2009 1277 2080 Sapiens
1327 2010 1710 2081 nuncupatur?
1746 2010 1824 2064 lta
1867 2024 2016 2064 sane.
2068 2009 2150 2063 An

592 2116 721 2172 ergo
750 2110 804 2156 et
832 2100 996 2164 Deus,
1017 2102 1109 2172 qui
1158 2101 1229 2155 sit
1256 2099 1401 2155 aliud
1425 2116 1457 2154 a
1482 2099 1685 2155 mundo
1702 2140 1717 2167 ,
1744 2113 1808 2155 ea
1845 2099 2074 2162 ratione,
2098 2105 2152 2153 et

591 2196 741 2252 dives
760 2204 979 2268 propter
1015 2196 1274 2251 mundum
1304 2204 1359 2251 et
1392 2196 1684 2261 beneficus,
1730 2202 1786 2251 et
1814 2194 2015 2265 opifex,
2057 2210 2154 2248 vo-

591 2290 799 2346 candus
824 2289 1018 2344 fuerit?
1046 2287 1425 2359 Nequaquam;
1460 2304 1647 2360 apage.
1679 2287 1799 2359 lpse
1851 2288 2016 2358 igitur
2042 2301 2154 2341 sua:

591 2382 791 2438 divitia:
827 2388 931 2445 est,
970 2391 1129 2450 atque
1157 2395 1189 2433 a
1225 2395 1283 2435 se
1320 2379 1439 2450 ipso
1465 2378 1618 2433 dives
1644 2386 1729 2434 est
1757 2388 1805 2433 et
1834 2384 2045 2448 potens.
2077 2376 2154 2430 Ita

593 2475 824 2530 videtur.
857 2471 1056 2527 Eratne
1091 2473 1251 2527 etiam
1278 2456 1404 2526 ante
1446 2470 1635 2526 mundi
1668 2470 2002 2526 molitionem
2032 2469 2155 2523 nul-

595 2568 703 2621 lius
742 2564 1009 2637 indigens,
1037 2566 1184 2621 velut
1208 2565 1301 2633 qui
1339 2563 1520 2631 Pater,
1552 2572 1607 2618 et
1646 2561 1909 2620 Dominus
1940 2564 2156 2618 univer-

568 2660 749 2722 salis,
783 2648 1072 2729 opifexque
1099 2665 1272 2725 esset;
1309 2657 1443 2711 adeo
1486 2664 1565 2721 ut,
1597 2671 1627 2710 a
1651 2672 1729 2718 se,
1763 2672 1872 2712 non
1931 2655 1999 2709 ab
2050 2655 2156 2710 alio

594 2752 669 2808 sit
720 2749 905 2807 omnia
950 2750 1098 2805 haec?
1132 2747 1221 2805 Sic
1250 2756 1399 2805 certe
1440 2763 1664 2804 necesse
1711 2755 1813 2802 est.
1847 2745 1983 2801 Nam
2037 2748 2084 2801 si
2126 2761 2157 2799 a

598 2842 822 2905 mundo,
868 2857 979 2896 non
1014 2842 1129 2911 ipse
1159 2856 1190 2895 a
1219 2856 1279 2896 se
1303 2884 1318 2908 ,
1365 2840 1459 2909 qui
1493 2840 1564 2895 sit
1599 2840 1739 2895 alius
1762 2854 1792 2893 a
1821 2839 2045 2903 mundo,
2074 2838 2159 2892 in-

597 2934 931 3003 telligeretur
962 2931 1220 2987 Dominus
1260 2931 1637 2986 universorum
1667 2930 1821 3001 (pace
1856 2939 1967 2994 tua,
1993 2928 2156 2997 Deus,

598 3038 763 3094 cogor
817 3022 899 3077 sic
941 3018 1137 3092 loqui),
1163 3021 1277 3090 ipse
1320 3034 1417 3089 per
1468 3033 1528 3074 se
1580 3016 1928 3088 imperfectus
1987 3026 2157 3079 esset,

2181 1779 2223 1834 Β

2246 521 2447 592 δαμῶς.
2476 521 2587 573 Οὐκ
2615 515 2721 590 ἄρα
2752 520 2779 572 ὁ
2805 516 2936 580 Θεὸς
2960 515 3159 579 τέλειος
3186 515 3271 569 διά
3293 532 3341 568 τι
3371 517 3738 590 νομισθήσεται;

2253 618 2316 668 '0
2347 615 2454 686 γὰρ
2479 614 2566 667 διά
2599 630 2650 666 τι
2687 611 2886 665 τέλειόν
2926 611 3091 671 ἐστιν,
3120 608 3249 661 αὐτὸ
3275 608 3390 662 καθ’
3417 610 3563 663 ἑαυτὸ
3584 613 3741 677 ἀτελὲς

2246 708 2458 778 ἀνάγκη
2482 705 2783 777 τυγχάνειν.
2816 700 3021 755 Οὐκοῦν
3048 700 3140 753 καὶ
3168 702 3195 753 ό
3228 700 3355 763 Θεὸς
3387 700 3534 764 αὐτὸς
3557 702 3616 755 δι’
3636 704 3742 757 ἑαυ-

2245 799 2334 852 τὸν
2360 798 2582 860 τέλειος,
2615 795 2726 849 ἀλλ’
2760 794 2821 847 οὐ
2862 792 2927 845 δι’
2950 791 3134 866 ἕτερον
3164 790 3552 862 λογισθήσεται;
3585 793 3744 863 Ὀρθό-

2245 907 2400 943 τατα.
2436 889 2657 959 Ἕτερον
2680 885 2808 949 Θεὸς
2837 884 3058 955 κόσμου,
3082 883 3174 936 καὶ
3195 882 3373 954 ἕτερον
3403 883 3588 953 κόσμος
3604 883 3743 949 Θεοῦ;

2247 982 2548 1046 Παντελῶς.
2584 981 2697 1035 Οὐκ
2719 976 2827 1052 ἆρα
2855 978 3057 1032 τέλειον
3080 976 3271 1046 φατέον
3287 1015 3301 1038 ,
3326 977 3418 1028 καὶ
3442 975 3747 1046 δημιουργὸν,

2248 1086 2341 1139 καὶ
2371 1082 2803 1155 παντοκράτορα,
2836 1078 2922 1132 διά
2965 1078 3166 1148 κόσμον
3206 1073 3296 1127 τὸν
3323 1070 3480 1133 θεόν;
3512 1066 3597 1120 Οὔ·
3627 1067 3750 1129 ὅπως

2249 1179 2373 1252 [μὴ]
2416 1180 2480 1233 δι’
2516 1178 2738 1241 ἑαυτὸν,
2767 1173 2901 1228 ἀλλά
2937 1170 3060 1244 [μὴ]
3103 1167 3192 1222 διὰ
3232 1166 3447 1236 κόσμον,
3484 1158 3571 1214 καὶ
3606 1157 3750 1252 :m'ne

2247 1250 2497 1341 τρεπτὸν,
2523 1269 2681 1331 αὐτὸς
2713 1265 2830 1320 καθ’
2855 1262 3040 1318 ἑαυτὸν
3062 1260 3260 1321 τέλειος
3285 1255 3587 1325 εὑρίσκοιτο.
3607 1250 3753 1341 Προσ-

2248 1338 2507 1435 ηκόντως.
2528 1360 2591 1413 Τί
2615 1359 2702 1424 δέ;
2731 1359 2820 1411 τὸν
2839 1355 3084 1410 πλούσιον
3103 1351 3189 1404 διὰ
3212 1350 3301 1402 τὸν
3329 1344 3546 1400 πλοῦτον
3568 1338 3752 1435 λεκτέον

2251 1429 2532 1518 πλούσιονς
2563 1450 2787 1523 Ὀρθῶς.
2809 1449 2917 1503 Καὶ
2944 1447 3032 1502 τὸν
3070 1442 3230 1514 σοφὸν
3258 1439 3397 1493 κατά
3433 1432 3642 1507 μετοχὴν
3672 1429 3753 1500 τῆς

2250 1545 2533 1608 οὑσιώδους
2551 1542 2758 1613 σοφίας.
2779 1542 2877 1594 οὐκ
2896 1539 3056 1594 αὑτὸν
3079 1533 3266 1603 σοφίαν
3284 1530 3427 1592 ὄντα,
3449 1525 3597 1594 σοφὸν
3611 1538 3754 1594 προα·

2250 1636 2532 1711 γορευτέον
2551 1635 2611 1706 (f.
2625 1632 2905 1706 προσαγ-);
2921 1629 3025 1683 Ναί
3037 1661 3050 1676 ο
3072 1625 3206 1681 Τίδέ
3222 1640 3236 1690 ;
3254 1622 3346 1676 καὶ
3366 1621 3454 1674 τὸν
3468 1617 3589 1711 Θεὸν
3602 1615 3757 1711 ἓτερον

2250 1732 2379 1785 ὄντα
2404 1730 2629 1800 κόσμου,
2669 1725 2756 1779 διὰ
2781 1724 2979 1793 κόσμον
3017 1720 3190 1791 ταύτῃ
3227 1714 3474 1769 πλούσιον
3515 1709 3602 1762 καὶ
3629 1705 3757 1774 εὐερ-

2250 1822 2412 1894 γέτην
2461 1796 2554 1873 καὶ
2584 1814 2910 1889 δημιουργὸν
2948 1809 3202 1881 κλητέον;
3254 1803 3548 1894 Οὐδαμῶς-μ
3573 1796 3756 1894 ἄπαγε]

2252 1885 2460 1967 Οὐκοῦν
2497 1909 2659 1971 αὐτὸς
2692 1903 2881 1959 ἑαυτοῦ
2910 1901 3156 1964 πλοῦτος,
3184 1899 3282 1953 καὶ
3318 1897 3382 1949 δι’
3416 1892 3591 1949 ἑαυτὸν
3626 1885 3761 1943 πλού-

2253 2022 2364 2069 σιος
2397 2004 2492 2057 καὶ
2518 2001 2737 2064 δυνατὸς
2756 1996 3029 2067 τυγχάνει.
3056 1994 3293 2046 Ἔοικεν.
3322 1985 3428 2042 Ἦν
3448 1986 3551 2058 ἀρα
3572 1983 3657 2037 καὶ
3675 1977 3760 2050 πρδ

2251 2097 2454 2165 κόσμου
2488 2093 2663 2161 πάντη
2702 2088 3023 2161 ἀπροσδεὴς»
3050 2084 3124 2137 ὢν
3158 2083 3251 2136 καὶ
3279 2081 3464 2151 Πατὴρ
3485 2077 3574 2130 καὶ

2251 2161 2489 2260 κράτωρ,
2513 2184 2606 2237 καὶ
2620 2180 2966 2253 δημιουργὸς,
2988 2180 3133 2239 ὅπως
3159 2174 3320 2237 αὐτὸς
3345 2171 3409 2225 δι’
3434 2167 3629 2260 ἑαυτδν,
3654 2161 3763 2217 ἀλλὰ

2256 2258 2330 2353 μη
2352 2279 2416 2333 δι’
2443 2278 2624 2350 ἕτερον
2648 2273 2822 2328 ταῦτα
2847 2268 2912 2345 ᾗς
2959 2270 3212 2337 Ἀνάγκη.
3241 2267 3306 2324 Et
3328 2263 3435 2334 γάρ
3460 2259 3543 2315 διὰ
3573 2258 3762 2327 κόσμον⁹

2252 2374 2346 2427 καὶ
2372 2371 2490 2440 οὐχὶ
2515 2369 2578 2422 δι’
2610 2365 2797 2420 ἑαυτὸν
2836 2364 3018 2434 ἕτερος
3058 2359 3132 2414 ὢν
3163 2357 3306 2430 [καὶ]
3346 2356 3541 2426 κόσμου
3560 2394 3573 2418 ,
3599 2364 3765 2440 παντο-

2253 2439 2472 2534 κράτωρ
2505 2458 2822 2532 γνωρίζοιτο
2848 2452 3194 2527 (συγγνώμην
3222 2453 3252 2503 ὁ
3291 2448 3421 2512 Θεδς
3441 2488 3455 2509 ,
3507 2439 3766 2534 ἀναγκάςος

2258 2527 2354 2629 μαι
2378 2527 2486 2625 γάυρ
2511 2527 2668 2605 τοῦτο
2698 2548 2913 2618 εἰπεῖν),
2936 2545 3094 2609 αὐτὸς
3124 2541 3241 2596 καθ’
3276 2538 3461 2594 ἑαυτὸν
3476 2534 3655 2629 ἀτελὴς

2255 2622 2349 2703 καὶ
2382 2622 2646 2720 προσδεὴς
2691 2640 2913 2703 τούτων,
2963 2638 3030 2690 δι’
3076 2635 3112 2689 ἃ
3155 2631 3546 2703 παντοκράτωρ
3574 2625 3666 2720 καὶ
3693 2622 3770 2720 δη-

2260 2709 2513 2811 μιουργός
2537 2709 2683 2787 ἐστιν
2712 2728 3018 2802 ὑπερφυῶς.
3055 2728 3165 2780 Οὐκ
3199 2724 3311 2797 ἄρα
3337 2716 3639 2777 ἀποδεκτέον
3665 2709 3771 2766 ταύ-

2255 2850 2352 2904 την
2378 2831 2477 2903 τὴν
2508 2828 2744 2899 ὀλέθριον
2771 2823 3041 2895 ἁμαρτίαν
3072 2837 3137 2873 πε
3148 2821 3198 2891 pl.
3226 2817 3367 2872 Θεοῦ
3392 2816 3495 2870 τῶν
3526 2811 3768 2904 λεγόντων,

2258 2902 2669 2992 παντοκράτορα
2715 2918 2807 2972 καὶ
2852 2913 3173 2986 δημιουργὸν
3221 2913 3314 2966 διὰ
3358 2910 3426 2964 τά
3473 2902 3771 2992 κρατούμενα

2258 3015 2351 3068 καὶ
2380 2987 2846 3083 δημιουργούμενα
2868 3002 3093 3077 τρεπτὰ,
3124 3001 3236 3055 an!
3269 3003 3332 3055 οὐ
3368 3001 3435 3054 δι’
3464 2995 3639 3052 ἑαυτὸν
3656 2987 3772 3047 εἶναι

600 3118 773 3185 iisque
825 3112 1119 3185 indigeret,
1175 3126 1207 3164 a
1255 3110 1452 3181 quibus
1521 3109 1783 3166 Dominus
1837 3107 2160 3163 universalis
2259 3105 2527 3161 τὸνθεόν.

599 3218 893 3280 auctorque
919 3207 1151 3264 mirabili
1181 3207 1389 3262 ratione
1409 3213 1573 3262 esset.
1609 3204 1704 3261 Est
1726 3220 1854 3274 ergo
1886 3203 2224 3274 perniciosus
2256 3202 2347 3258 ille
2376 3215 2531 3258 error
2585 3197 2931 3269 rejiciendus,
2993 3184 3290 3252 dicentium
3334 3191 3392 3245 in
3444 3186 3604 3244 Deum
3627 3220 3644 3249 .
3688 3192 3777 3235 non

595 3309 777 3378 ipsum
825 3320 856 3359 ε
892 3319 971 3373 ae,
1000 3303 1095 3361 sed
1124 3319 1155 3357 a
1184 3301 1444 3373 subjectis
1491 3302 1654 3356 rebus
1697 3310 1749 3355 et
1786 3299 2005 3364 creatis,
2039 3313 2160 3369 qua:
2213 3306 2339 3353 sunt
2371 3295 2652 3352 mutationi
2704 3293 2967 3357 obnoxiae,
3002 3290 3368 3345 universalem
3407 3282 3679 3339 Dominum
3727 3286 3780 3329 ac

600 3409 897 3459 creatorem
918 3416 1059 3457 esse.

669 3494 760 3551 ΙΙΙ.
790 3495 961 3548 Etiam
991 3495 1065 3548 ita
1091 3493 1438 3550 ratiocinare.
1467 3488 1526 3545 Si
1565 3492 1805 3557 tandem,
1834 3491 2039 3560 inquis,
2063 3489 2159 3545 ali-

2331 3483 2404 3536 l".
2440 3480 2578 3551 Ὅρα
2610 3478 2665 3532 δὲ
2692 3478 2783 3532 καί
2813 3473 2936 3532 ὦδε.
2965 3476 3029 3529 Et
3063 3473 3309 3544 ὕστερον,
3340 3472 3493 3542 ἔφης,
3527 3466 3781 3536 πεποίηται

601 3585 820 3657 quando
849 3594 1066 3641 creatus
1096 3593 1180 3640 est
1209 3583 1465 3647 mundus,
1504 3598 1626 3638 cum
1661 3583 1811 3652 prius
1843 3598 1954 3638 non
1980 3588 2159 3648 esset;

602 3693 831 3734 necesse
873 3683 978 3738 est,
1009 3677 1299 3737 immunem
1330 3675 1497 3729 Deum
1528 3690 1557 3728 a
1592 3678 1845 3745 passione
1873 3684 1927 3730 et
1966 3673 2164 3728 altera-

498 3804 507 3809 μ
561 3816 563 3819 .
602 3772 771 3834 tione,
798 3767 1024 3821 mutari.
1069 3764 1278 3835 Quippe
1310 3772 1541 3836 oportet,
1574 3764 1860 3818 mutationi
1889 3764 2164 3818 alteratio-

608 3862 771 3930 nique
794 3857 1090 3927 subjaceat,
1123 3858 1216 3926 qui
1245 3857 1314 3910 ab
1341 3858 1451 3912 otio
1511 3857 1852 3926 postmodum
1904 3854 1973 3908 ad
2027 3868 2164 3924 opus

562 3998 565 4001 .
609 3950 871 4021 procedit.
918 3946 1052 4002 Nam
1083 3947 1327 4002 dicebam
1378 3946 1488 4018 (14)
1522 3945 1913 4015 :Requievitne
1941 3943 2082 3998 Deus
2133 3959 2164 3998 a
2187 4002 2202 4017 ,

608 4042 796 4099 mundi
841 4041 1133 4105 creatione,
1187 4038 1400 4093 necne?
1434 4036 1577 4093 Sane
1626 4037 1927 4106 requievit:
1963 4035 2165 4105 alioqui

608 4134 754 4189 enim
782 4131 1012 4188 necdum
1042 4131 1090 4185 is
1136 4136 1283 4185 esset
1333 4130 1629 4199 perfectus.
1666 4124 1742 4180 lta
1773 4136 1877 4181 est.
1931 4124 1989 4179 Si
2037 4140 2164 4196 ergo

609 4224 815 4279 creatio
861 4237 892 4276 a
946 4236 1054 4275 non
1098 4220 1372 4274 creatione
1416 4217 1526 4273 Deo
1568 4218 1936 4271 alterationem
1992 4214 2162 4280 aﬂ‘ert,

610 4327 791 4369 nonne
817 4311 978 4366 etiam
1010 4324 1118 4364 non
1151 4307 1356 4363 creatio
1389 4321 1419 4360 a
1466 4304 1775 4359 creatione?
1805 4301 1882 4356 lta
1920 4318 2162 4372 prorsus.

610 4404 824 4461 Dixeris
854 4417 983 4457 vero
1008 4409 1298 4466 mutatum,
1332 4398 1477 4470 quod
1528 4413 1639 4453 non
1690 4402 1836 4451 creet
1866 4396 2046 4460 hodie,
2102 4410 2167 4450 eo

610 4497 756 4568 quod
799 4491 1090 4564 aliquando
1121 4491 1364 4546 crearet?
1419 4488 1792 4560 Nequaquam.
1823 4486 2008 4557 Neque
2040 4500 2169 4555 ergo

611 4596 696 4645 cst
748 4586 1069 4642 necessitate
1110 4591 1346 4639 mutatus
1395 4580 1629 4637 creando
1684 4579 1979 4643 mundum,
2025 4577 2168 4649 quod

611 4680 775 4736 fuerit
802 4677 1017 4749 quando
1047 4692 1155 4731 non
1182 4685 1411 4730 crearet.
1442 4673 1615 4742 Atque
1663 4670 1799 4725 adeo
1827 4685 1935 4724 non
1982 4684 2170 4725 neces-

685 4789 797 4860 (Ii!)
832 4786 1020 4860 Nonne
1050 4783 1196 4860 aliud
1225 4795 1301 4860 est
1330 4783 1469 4860 Deus
1507 4800 1545 4860 ρ
1574 4780 1790 4860 mundo,
1821 4788 1956 4845 etc.,
1982 4780 2168 4860 ἕτερον

614 4850 746 4923 Θεὸς
779 4850 1016 4929 κόσμους
1052 4856 1191 4922 Quid
1223 4855 1469 4929 planius?
1500 4851 1746 4929 Ostendit
1774 4867 1883 4929 non
1916 4866 2035 4906 esse
2077 4850 2170 4905 Dei

617 4920 999 4997 perfectionem
1036 4920 1318 4997 a‘mun'do,
1357 4924 1449 4997 qui
1484 4924 1574 4997 sit‘
1597 4921 1742 4997 aliud
1772 4923 1840 4977 ab
1871 4920 2023 4997 ipso,
2046 4936 2169 4974 cum

616 4990 795 5054 divina
826 5007 880 5053 et
909 4998 1157 5052 absoluta
1194 4990 1485 5066 perfectio,
1526 4994 1595 5066 ab
1623 4992 1761 5066 ipso
1807 4990 1965 5066 cujus
1993 4998 2076 5045 est
2119 4997 2173 5043 et

618 5078 832 5140 propter
880 5070 1056 5137 ipsum
1109 5060 1301 5140 debeat
1352 5080 1491 5140 esse.
1549 5060 1810 5140 Schottus
1835 5080 1846 5115 :
1883 5060 2067 5140 Nonne
2097 5067 2174 5114 est

617 5131 762 5192 aliud
799 5131 929 5190 Deus
960 5137 1159 5200 mundi,
1192 5148 1320 5202 etc.,
1356 5133 1499 5202 fteda
1531 5140 1678 5186 certe
1699 5131 1963 5185 barbarie.

691 5208 803 5277 (45)
833 5197 1196 5275 Nequaquam,
1227 5197 1418 5277 οὐμή.
1483 5201 1574 5257 Sic
1615 5202 1771 5277 facile
1810 5208 1988 5271 potest
2017 5197 2178 5253 resti-

622 5274 711 5331 tui
731 5274 934 5337 littera,
954 5278 1161 5332 reddita
1188 5274 1445 5340 particula
1477 5276 1548 5343 μή
1580 5288 1681 5327 suo
1713 5274 1848 5335 loco,
1874 5285 2043 5343 eoque
2066 5283 2171 5343 non

622 5348 818 5402 inutili.
852 5344 1009 5400 Velut
1049 5338 1343 5400 adversarii
1392 5338 1673 5415 responsio
1722 5343 1793 5396 sit
1822 5338 1981 5415 abiis
2002 5338 2172 5408 parti-

623 5418 762 5472 culis
796 5431 967 5484 usque
987 5417 1050 5486 ad
1092 5416 1312 5469 verbum
1343 5411 1666 5486 εὑρίσκοιτο,
1702 5415 1787 5486 cui
1822 5411 1965 5465 velut
1991 5416 2174 5486 gratu-

625 5489 744 5543 lans
774 5477 1074 5541 Mcllnodius
1102 5477 1498 5556 subiungat-1b
1544 5482 1945 5555 προσηκόντως,
1985 5477 2049 5533 ac
2097 5477 2172 5531 ita

627 5559 959 5627 interrogare
991 5564 1195 5627 pergat.

698 5628 804 5708 (1.4)
835 5618 1273 5708 Nam-difﬁnire
1313 5623 1493 5708 ἔλεγον
1527 5622 1654 5708 γάρ.
1692 5621 1912 5708 Replica
1953 5628 2037 5676 est
2059 5618 2176 5708 Ale-

626 5689 817 5758 thodii,
852 5713 955 5765 qua
979 5696 1046 5749 ad
1074 5695 1340 5765 hominem
1371 5689 1617 5765 infringit
1634 5689 2018 5765 argui_nentum_
2057 5689 2178 5765 0_ri-

627 5769 798 5838 genis,
826 5761 1120 5837 probatque
1146 5763 1285 5821 idem
1309 5762 1462 5832 sequi
1490 5761 1891 5817 incommodum
1919 5776 1981 5818 ex
2007 5761 2175 5832 ipsius

2201 4831 2243 4885 D

2261 3577 2290 3630 ό
2323 3574 2541 3645 κόσμος,
2581 3571 2654 3643 μὴ
2685 3570 2942 3643 πρότερον
2966 3567 3061 3631 ὢν,
3096 3564 3456 3637 μεταϐάλλειν
3485 3561 3683 3629 ἀνάγκη
3710 3556 3784 3609 τὸν

2261 3662 2447 3734 ἀποιθῆ
2497 3662 2591 3715 καὶ
2652 3659 2998 3713 ἀναλλοίωτον
3055 3653 3206 3707 Θεόν.
3256 3654 3367 3707 Τὸν
3415 3652 3522 3721 γὰρ
3565 3645 3789 3701 ποιοῦντα

2264 3757 2522 3829 πρότερον
2555 3751 2749 3823 μηδὲν,
2780 3747 3001 3817 ὕστερον
3043 3746 3098 3799 δὲ
3139 3744 3245 3799 ἀπὸ
3276 3744 3380 3799 τοῦ
3429 3744 3502 3815 μὴ
3533 3741 3691 3796 ποιεῖν
3726 3738 3790 3798 εις

2262 3849 2322 3900 τὸ
2355 3849 2527 3901 ποιεῖν
2562 3844 2690 3914 (15),
2721 3838 3064 3912 μεταϐάλλειν
3095 3839 3187 3891 καὶ
3214 3836 3556 3891 ἀλλοιοῦσθαι
3585 3832 3786 3899 ἀνάγκη.

2268 3938 2488 4006 Ἔλεγον
2514 3936 2638 4007 γάρ·
2673 3933 2950 3985 Πέπαυται
2990 3929 3045 3982 δὲ
3089 3928 3182 3983 τοῦ
3213 3933 3392 3982 ποιεῖν
3426 3928 3516 3980 τὸν
3551 3924 3734 3994 κόσμον
3766 3919 3790 3971 ό

2263 4030 2412 4094 Θεὸς,
2447 4028 2479 4098 ἢ
2511 4025 2608 4092 ob;
2645 4025 2953 4078 Πέπαυταισ
2988 4020 3139 4075 οὔπω
3168 4019 3274 4091 γάρ
3302 4017 3378 4094 ἦν
3409 4014 3791 4086 τετελειωμένος

2264 4122 2348 4176 ἄν.
2390 4118 2626 4191 Ἀληθές.
2657 4118 2720 4171 Εἰ
2753 4112 2843 4170 οὖν
2881 4115 2942 4168 τὸ
2971 4117 3140 4168 ποιεῖν
3168 4115 3232 4166 ἐκ
3264 4112 3362 4167 τοῦ
3408 4112 3482 4184 μὴ
3513 4111 3676 4163 ποιεῖν
3717 4103 3794 4158 άλ-

2264 4214 2476 4268 λοίωσιν
2519 4210 2612 4264 τοῦ
2659 4209 2792 4263 Θεοῦ
2840 4203 3295 4279 καταψηφίζεται,
3342 4207 3463 4276 οὐχὶ
3512 4203 3603 4258 καὶ
3646 4200 3700 4254 τὺ
3729 4195 3793 4269 μὴ

2266 4311 2434 4360 ποιεῖν
2461 4309 2523 4358 ἐκ
2551 4303 2644 4357 τοῦ
2689 4306 2893 4367 ποιεῖν;
2934 4302 3188 4372 Ἀνάγκη.
3230 4298 3583 4353 Ἦλλοιῶσθαι
3624 4293 3677 4349 δὲ
3715 4290 3797 4345 αὑ-

2266 4399 2355 4452 τὸν
2407 4397 2568 4468 φαίης
2625 4395 2699 4467 μὴ
2754 4394 3004 4447 ποιοῦντα
3069 4397 3301 4464 σήμερον
3351 4393 3482 4463 παρ’
3535 4390 3564 4441 ὃ
3607 4384 3669 4459 ἧν
3721 4385 3795 4438 ὅτε

2268 4491 2470 4555 ἐποίεις
2502 4487 2783 4559 Οὐδαμῶς.
2833 4485 2952 4539 Οὐδ’
3000 4485 3107 4557 ἄρα
3145 4485 3232 4537 ὅτε
3282 4487 3428 4537 ποιεῖ
3469 4483 3559 4536 τὸν
3591 4481 3797 4550 κόσμον.

2267 4581 2585 4652 ἠλλοιῶσθαι
2617 4579 2776 4633 αὐτὸν
2806 4577 3035 4647 ἀνάγκη,
3065 4577 3191 4648 παρ’
3219 4576 3247 4628 ὃ
3273 4571 3339 4646 ἧν
3369 4576 3461 4629 ὅτε
3503 4575 3612 4627 οὐκι
3627 4569 3796 4624 ἐποίει·

2269 4677 2362 4730 καὶ
2392 4673 2514 4728 οὔτε
2551 4674 2762 4742 ἀνάγκη
2797 4671 3154 4740 συνυπάρχειν
3200 4667 3348 4738 αὐτῷ
3386 4668 3452 4721 τὸ
3491 4669 3598 4720 πᾶν
3633 4664 3706 4717 δεῖ
3727 4660 3804 4714 λέ-

2272 4787 2569 4850 sententia,
2620 4784 2688 4837 ab
2724 4783 2864 4845 otio,
2912 4788 3169 4851 sequente
3207 4795 3366 4849 opus,
3402 4776 3548 4849 quod
3571 4777 3695 4851 ipse
3725 4782 3805 4851 os-

2272 4858 2442 4910 tendit
2465 4844 2796 4916 ab'eodem,
2848 4852 2897 4907 id
2943 4844 3118 4921 ipsum
3159 4844 3807 4922 pra—accdent_e._Scliottus

2271 4928 2416 4982 nulla
2443 4925 2824 4981 consecutione
2865 4924 2917 4976 in
2948 4916 3105 4977 tertia
3133 4916 3331 4988 accipit
3358 4938 3372 4973 :
3412 4916 3805 4988 dicebriiitenim,

2273 4998 2379 5052 nisi
2403 4997 2605 5065 prelum
2637 4994 2774 5048 male
2799 4992 3036 5065 sudavit,
3062 4982 3530 5065 scripsilque‘i‘pse
3559 4982 3807 5065 dicebam:

2274 5054 2433 5136 quam
2468 5077 2644 5136 tamen
2668 5054 3211 5136 piamconjecturam
3241 5054 3485 5128 depellit,
3519 5054 3659 5136 quod
3693 5065 3810 5136 pall:

2276 5124 2357 5191 eis
2386 5143 2505 5204 post
2554 5124 2711 5187 lineis
2744 5124 3258 5204 eadernfosr:ita_ritia_
3297 5124 3507 5204 peccat,
3550 5124 3639 5177 ubi
3665 5124 3813 5204 etiam

2277 5197 2468 5260 novam
2520 5205 2894 5257 transitionem
2940 5202 3083 5254 illam
3131 5197 3391 5252 Metliodii
3415 5198 3481 5250 ad
3532 5206 3717 5248 novam
3742 5197 3816 5260 in:

2279 5256 2529 5331 stantiam
2559 5256 2695 5343 εΚαί
2721 5256 2809 5343 μοι
2839 5270 2967 5339 φάθι
2997 5270 3088 5343 καί
3129 5262 3251 5331 ὧδε,
3299 5269 3378 5322 sic
3414 5266 3595 5343 reddit

2276 5347 2352 5400 sic
2409 5359 2604 5398 mecum
2664 5336 2953 5409 disputant.
3005 5342 3321 5408 Quanquam
3376 5336 3716 5409 enim_notat
3768 5336 3818 5409 in

2280 5430 2470 5486 ψει-8.,
2501 5402 2790 5486 Mascizel,
2819 5402 3047 5486 planum:
3072 5402 3247 5486 tamen
3278 5414 3359 5461 est
3387 5421 3515 5462 esse
3549 5402 3817 5486 lectionem

2278 5477 2425 5538 illam
2462 5477 2955 5545 mendosamfnec
3008 5479 3390 5550 Origenianum
3453 5477 3819 5545 argumentum

2278 5553 2543 5614 inchoari,
2576 5553 2669 5608 sed
2702 5551 3123 5606 Metliodianum.
3765 5600 3796 5614 η

2610 5602 2674 5675 τό
2698 5602 3109 5706 apicii-Deest
3142 5614 3570 5691 προεληλυθότα,
3615 5615 3708 5666 aut
3733 5602 3824 5660 ali'

2279 5692 2410 5767 quid
2445 5692 2774 5763 huiusmodi.
