4010 6328
240 316 335 371 337

1475 310 1566 365 EX
1602 310 1806 367 LIBRO
1842 309 1929 365 DE
1961 310 2274 369 CBEATIS.

3349 318 3452 373 333

236 449 370 504 γειν,
403 430 491 486 διὰ
515 432 576 485 τὺ
604 429 679 502 μὴ
709 429 1109 499 ἀναγκάζεσθαι
1137 430 1314 501 λέγειν
1337 431 1677 503 ἠλλοιῶσθαι,
1707 434 1785 488 ὅτι

1891 448 2011 487 sum
2056 433 2375 488 habebimus
2404 429 2560 487 fateri
2587 428 2901 487 universum
2956 428 3066 491 Deo
3095 428 3450 499 coexsistere,

236 524 503 580 συναῖδιον
536 524 604 576 δι’
631 522 761 577 αὐτὸ
788 522 963 577 τοῦτο.

298 701 374 756 Δ’.
407 699 518 752 Καί
569 716 658 769 μοι
700 699 827 768 φάθι
870 700 962 754 καὶ
1001 694 1122 755 ὧδε
1162 702 1398 775 Γενητὸν.
1426 705 1487 758 τὸ
1529 706 1604 777 μὴ
1644 705 1792 775 γενέ-

233 803 366 851 σεως
409 788 534 859 ἔχον
580 788 752 860 ἀρχὴν
805 791 965 861 φαίης
1007 791 1106 857 ἄν;
1154 794 1226 845 Οὐ
1270 793 1422 864 δῆτα.
1459 796 1520 848 Et
1564 796 1671 866 γὰρ
1716 796 1792 867 μὴ

232 878 522 935 ὑποπίπτει
578 880 841 949 γενέσεως
893 882 1069 953 ἀρχῇ,
1121 883 1177 949 ἐξ
1230 884 1473 955 ἀνάγκης
1532 885 1791 957 ἀγένητόν

232 972 393 1022 ἐστιν.
425 971 494 1023 Εἰ
532 971 591 1024 δὲ
631 970 873 1042 γέγονεν,
907 972 1010 1025 ὑπὸ
1055 974 1224 1026 αἰτίου
1266 975 1409 1038 τινὸς
1446 974 1601 1038 δίδως
1645 974 1791 1046 αὑτῷ

234 1063 532 1133 γεγονέναι.
564 1065 747 1137 Παντη
776 1065 882 1137 γὰρ
911 1065 1165 1119 ἀδύνατον
1188 1067 1355 1138 χωρὶς
1380 1068 1552 1121 αἰτίου
1584 1066 1791 1136 γένεσιν

235 1160 399 1231 ἔχειν;
451 1159 756 1216 Ἀδύνατον.
787 1162 1004 1232 Κόσμον
1032 1162 1094 1234 δὴ
1123 1160 1234 1228 οὖν,
1278 1163 1371 1217 καὶ
1402 1163 1500 1215 ὅσα
1530 1164 1586 1215 ὲν
1623 1160 1787 1233 αὐτῷ,

236 1251 344 1322 μῶν
390 1250 552 1305 ἄλλου
599 1252 743 1315 τινὸς
796 1253 829 1324 ἢ
879 1253 1011 1306 Θεοῦ
1058 1253 1509 1326 δημιουργοῦντος
1549 1257 1790 1327 φήσομεν

231 1343 512 1414 γεγονέναι
562 1342 810 1418 ὕστερον,
864 1344 1073 1416 πρῶτον
1120 1347 1219 1399 οὐκ
1262 1346 1424 1412 avra;
1477 1348 1665 1419 Δῆλον,
1710 1349 1790 1402 ὅτι

230 1435 379 1491 Θεοῦ.
428 1435 712 1489 Ἀδύνατον
739 1435 848 1507 γὰρ
887 1438 946 1490 τὸ
974 1437 1238 1506 γενέσεως
1276 1439 1417 1511 ἀρχῇ
1454 1440 1789 1513 περιορισθὲν

230 1528 631 1600 συναπέραντον
661 1523 798 1581 εἶναι
830 1527 907 1600 τῷ
935 1529 1242 1603 ἀπεράντῳ;
1292 1530 1591 1586 Ἀδύνατον.
1625 1533 1789 1587 Πάλιν

225 1621 282 1692 δὴ
310 1617 434 1686 οὖν,
478 1614 524 1675 ὧ
580 1617 863 1693 κένταυρε,
906 1619 966 1687 ἐξ
1013 1622 1187 1694 ἀρχῆς
1221 1622 1610 1696 διαλεγώμεθα.
1659 1624 1789 1697 Θείᾳ

227 1713 503 1784 ἐπιστήμῃ
537 1711 775 1767 τὰ’δντα
817 1714 954 1782 φατὲ
996 1715 1313 1783 γεγονέναι,
1357 1717 1389 1787 ἦ
1434 1714 1526 1782 οὓς
1560 1713 1628 1769 Ὦ
1658 1716 1785 1787 βάλε

227 1804 356 1875 (16),
390 1803 658 1868 λέξουσινθ
689 1803 953 1874 οὐδαμῶς.
1002 1805 1160 1859 Ἀλλὰ
1204 1807 1310 1860 ἀπὸ
1354 1807 1461 1860 τῶν
1491 1808 1785 1878 στοιχείων,

224 1897 256 1967 ἦ
288 1897 443 1966 ὕλης,
479 1895 513 1965 ἦ
550 1895 965 1968 στηριγμάτων,
995 1897 1028 1967 ἢ
1063 1898 1210 1962 ὅπως
1256 1899 1408 1953 αὐτοί⁹
1452 1898 1624 1953 ταῦτα
1667 1898 1789 1968 βού-

224 1985 377 2039 λεσθε
424 1985 713 2057 ὀνομάζειν
755 1988 924 2058 (οὐδὲν
952 1989 1059 2061 γὰρ
1087 1989 1377 2061 διαφέρει),
1422 1991 1624 2045 τούτων
1660 1994 1787 2061 ἀγε-

225 2078 399 2148 νήτως
430 2077 924 2149 προῦφεστηκότων
969 2079 1062 2131 καὶ
1093 2079 1423 2151 πλημμελῶς
1454 2082 1785 2154 φερομένων,

222 2171 250 2223 ὁ
274 2168 406 2231 Θεὸς
432 2168 719 2239 διακρίνας
756 2170 1080 2240 ἐτεχνήσατο
1109 2170 1177 2223 τὰ
1207 2173 1401 2235 πάντα,
1436 2170 1621 2244 ὥσπερ
1651 2174 1786 2242 ἀγα-

224 2258 306 2322 θὸς
330 2257 627 2329 ζωγράφος
657 2258 765 2312 ἀπὸ
803 2259 1007 2312 πολλῶν
1044 2262 1345 2333 χρωμάτων
1377 2261 1503 2332 μίαν
1528 2262 1785 2334 τεχνησά-

225 2367 377 2422 μενος
405 2351 589 2416 ίδὲανς
624 2350 760 2404 Οὐδὲ
784 2350 959 2405 τοῦτο.
989 2352 1209 2416 Πάντως
1249 2353 1356 2423 γὰρ
1393 2353 1783 2424 ἀποφεύξονται

224 2442 548 2513 ὁμολογῆσαι
597 2442 717 2497 καθ’
767 2443 992 2507 ἑαυτῶν,
1046 2443 1132 2497 ἵνα
1181 2443 1276 2515 μὴ,
1322 2444 1422 2515 τῆς
1465 2445 1783 2517 διακρίσεως

228 2535 325 2607 (Π)
357 2536 455 2591 καὶ
491 2536 593 2606 τῆς
627 2537 1099 2607 μεταμορφώσεως
1135 2537 1233 2607 τὴν
1268 2536 1397 2606 ὓλην
1441 2538 1781 2611 συγχωροῦν-

225 2643 304 2692 τες
346 2628 527 2700 ἀρχὴν
578 2629 892 2698 ἐσχηκυῖαν,
927 2626 1307 2696 ἀναγκασθῶσι
1346 2627 1422 2699 τῷ
1466 2628 1607 2701 λόγῳ
1641 2631 1783 2686 κατὰ

226 2720 388 2773 πάντα
422 2719 517 2773 τὸν
556 2720 691 2773 Θεὸν
726 2715 927 2791 ἦρχθαι
968 2719 1063 2774 τοῦ
1095 2720 1312 2774 διονκεῖν
1345 2719 1523 2789 λέγειν
1562 2722 1655 2776 καὶ
1684 2739 1782 2777 κα-

231 2814 508 2882 τακοσμεῖν
532 2810 633 2882 τὴν
661 2813 921 2884 πρότερον
955 2812 1196 2885 ἄμορφον
1223 2807 1386 2866 οὖσαν
1419 2812 1568 2884 ὓλην.

1893 533 1953 579 ιιι
1982 540 2049 579 ne
2076 539 2334 595 cogamur
2381 530 2649 576 mutatum
2681 522 2965 578 admittere
3001 542 3013 575 :
3068 537 3131 577 ea
3180 521 3450 593 siqui’dem

1893 617 2032 672 ratio
2052 626 2135 673 est
2158 633 2257 671 cur
2283 616 2335 671 ei
2358 630 2688 672 coaeternum
2722 632 2917 686 ponas.

1962 706 2050 762 IV.
2105 705 2210 763 Sed
2244 715 2296 762 et
2352 707 2432 761 sic
2480 706 2748 778 responde
2789 725 2802 762 :
2851 707 3131 762 Dixerisne
3186 714 3450 770 creatum,

1891 801 2034 871 quod
2057 817 2165 855 non
2195 800 2355 855 habet
2378 799 2672 854 creationis
2706 798 3026 869 principium
3050 798 3073 853 ?
3099 797 3249 851 Haud
3286 807 3447 867 puto:

1892 893 1998 948 nisi
2019 894 2161 946 enim
2197 892 2253 945 in
2288 892 2612 961 principium
2635 892 2925 947 creationis
2962 891 3171 954 incidit,
3202 907 3452 945 necessa-

1890 981 1973 1035 rio
1995 990 2078 1036 est
2109 982 2430 1036 increatum.
2462 978 2616 1047 Quod
2641 981 2686 1036 si
2718 980 2816 1034 fuit
2844 987 3106 1043 creatum,
3137 981 3294 1050 plane
3324 994 3452 1033 eon-

1890 1075 2038 1130 cedis
2082 1075 2148 1129 ab
2181 1075 2360 1145 aliqua
2406 1089 2573 1129 causa
2615 1082 2876 1130 creatum.
2906 1074 3183 1144 Quippene
3227 1090 3452 1145 prorsus

1891 1167 2247 1239 impossibile,
2280 1176 2339 1223 ut
2372 1169 2578 1224 creatio
2608 1169 2680 1225 sit
2706 1170 2825 1225 sine
2868 1184 3035 1224 causa
3069 1168 3451 1224 creanleHm—

1891 1261 2170 1331 possibile.
2203 1260 2341 1315 Num
2370 1277 2499 1333 ergo
2546 1262 2807 1317 mundum
2839 1270 2893 1318 et
2938 1278 3274 1334 qumeunque
3324 1270 3452 1318 sunt

1892 1354 1947 1409 in
1978 1354 2091 1418 illo,
2126 1355 2234 1409 alio
2261 1356 2475 1410 tandem
2525 1371 2688 1425 quam
2720 1356 2831 1411 Deo
2854 1357 3075 1427 opifice,
3110 1356 3306 1411 dicturi
3352 1373 3448 1412 διι-

1890 1460 2012 1500 mus
2039 1453 2243 1509 creata,
2275 1462 2397 1501 cum
2432 1446 2582 1517 prius
2612 1463 2720 1503 non
2765 1450 2983 1504 essent?
3017 1449 3363 1519 Perspicuum
3418 1466 3448 1503 ιι

1889 1534 1999 1591 Deo
2031 1546 2212 1593 creata
2232 1554 2372 1594 esse.
2402 1537 2540 1593 Num
2578 1541 2852 1596 enimvero
2889 1539 3003 1596 fieri
3043 1548 3242 1611 potest,
3273 1546 3331 1593 ut
3363 1540 3447 1593 in-

1889 1628 2215 1683 terminabili
2269 1631 2341 1684 sit
2402 1631 2908 1697 cointerminabile,
2962 1632 3107 1702 quod
3155 1632 3447 1687 creationis

1889 1719 2156 1790 principio
2183 1718 2464 1776 deﬁnitum
2505 1723 2628 1777 est?
2652 1721 3075 1800 Haudquaquam
3112 1731 3307 1793 potest.
3342 1720 3445 1777 lte—

1886 1827 2005 1866 rum
2033 1828 2182 1883 ergo,
2212 1829 2245 1869 ο
2272 1820 2529 1869 centaure
2559 1814 2695 1886 (l8),
2752 1830 3093 1872 resumamus
3123 1815 3447 1885 disputatio-

1886 1903 1974 1957 nis
1997 1902 2492 1974 principium.Nam
2522 1920 2609 1959 res
2640 1906 2819 1960 divina
2847 1905 3074 1961 scientia
3104 1904 3445 1975 (ποίησε-(19)

1885 1990 2149 2057 fatemini,
2201 1993 2402 2048 necne?
2447 1992 2647 2064 Apage,
2693 1993 2978 2063 inquient:
3019 1992 3256 2046 Minime.
3303 1990 3443 2044 Num

1884 2099 2011 2139 vero
2047 2100 2114 2139 ex
2146 2084 2572 2148 elementis,,vel
2616 2082 2860 2147 materia,
2922 2090 3017 2138 aut
3068 2083 3439 2143 firmamentis,

1887 2182 1980 2230 aut
2034 2174 2232 2245 quibus
2287 2175 2400 2230 haec
2451 2174 2631 2229 verbis
2697 2173 2965 2243 appellare
3026 2172 3190 2227 vultis
3246 2190 3258 2226 :
3316 2186 3444 2225 nam

1886 2268 2019 2323 nihil
2058 2266 2256 2333 refert;
2297 2283 2421 2322 cum
2458 2267 2548 2321 illa
2598 2267 2835 2322 increata
2890 2264 3324 2335 praeexsisterent
3379 2278 3443 2317 ac

1885 2366 2088 2415 temere
2149 2358 2440 2420 ferrentur,
2499 2372 2790 2413 secernens
2841 2358 3002 2420 Deus,
3050 2356 3301 2410 universa
3360 2352 3444 2407 fa-

1886 2449 2126 2505 bricatus
2168 2457 2273 2515 est,
2315 2448 2459 2504 velut
2491 2449 2971 2519 przestantissimus
3016 2448 3223 2517 pictor,
3274 2445 3445 2501 ratiu-

1884 2556 2007 2596 nem
2033 2557 2193 2596 unam
2222 2547 2277 2596 et
2304 2540 2593 2611 imaginem
2632 2554 2663 2593 e
2706 2539 2891 2593 multis
2914 2538 3186 2593 coloribus
3225 2551 3445 2606 expres~

1887 2633 2057 2690 serit?
2101 2632 2287 2704 Neque
2325 2631 2421 2696 ita,
2478 2632 2723 2702 inquient
2771 2649 2786 2685 :
2838 2630 3059 2685 omnino
3099 2629 3241 2684 enim
3301 2625 3446 2682 refu-

1884 2726 2033 2797 gient
2060 2734 2250 2780 contra
2285 2739 2344 2780 se
2374 2724 2522 2795 ipsos
2558 2724 2661 2779 hoc
2703 2722 2924 2788 testari;
2959 2734 3017 2775 ut
3049 2736 3117 2775 ne
3170 2718 3298 2774 dato
3349 2719 3446 2770 lia-

1884 2817 2069 2873 buisse
2099 2816 2379 2871 materiam
2409 2817 2730 2888 principium
2757 2815 3075 2871 secretionis
3099 2823 3153 2869 et
3178 2808 3444 2867 transfor-

228 2905 498 2971 mationis,
550 2914 713 2976 cogat
759 2907 900 2962 ratio
962 2905 1144 2974 fateri,
1181 2907 1413 2978 coepisse
1441 2906 1645 2973 Deum,
1712 2910 1988 2965 materiam
2045 2912 2197 2982 prius
2243 2909 2529 2965 informem
2599 2918 2653 2966 et
2686 2909 3031 2981 indigestam,
3071 2907 3313 2978 digerere
3379 2914 3442 2953 ac

227 2997 509 3065 perpolire.

296 3089 372 3143 ις’.
395 3087 531 3159 θέρε
566 3085 698 3161 γὰρ,
743 3088 929 3159 ἐπειδὴ
970 3089 1064 3143 σὺν
1107 3087 1183 3160 τῷ
1208 3066 1326 3159 Θεῷ
1358 3089 1522 3158 φάναι
1554 3087 1783 3143 ἐνταῦθα

1953 3081 2021 3138 γ.
2042 3084 2156 3155 Age
2186 3098 2336 3148 vero,
2354 3083 2609 3154 quoniam
2632 3081 2738 3138 Deo
2760 3082 2993 3153 propitio
3017 3082 3071 3136 in
3091 3082 3235 3151 hunc
3262 3082 3439 3140 locum

226 3178 319 3234 τοῦ
343 3179 498 3248 λόγου
522 3181 842 3251 γεγόναμεν·
871 3181 984 3251 ἤτω
1009 3197 1092 3245 τις
1119 3181 1337 3253 ἀνδριὰς
1365 3180 1534 3246 ἑστὼς
1566 3182 1657 3235 ἐπὶ
1692 3179 1785 3251 βά-

227 3289 363 3336 σεως
411 3270 596 3334 καλός·
624 3266 688 3326 οὗ
727 3270 1095 3342 θαυμάζοντες
1127 3275 1175 3326 οἱ
1220 3272 1478 3345 θεώμενοι
1504 3273 1601 3346 τὴν
1627 3273 1785 3346 εὔρυ-

224 3362 352 3435 θμον
396 3363 681 3435 καλλονὴν,
726 3363 1162 3434 διαφερέσθωσαν
1204 3366 1341 3437 πρὸς
1385 3365 1675 3437 ἀλλήλους,
1708 3368 1784 3438 πῆ

232 3454 323 3524 μὲν
352 3456 605 3524 γενητὸν,
636 3455 713 3525 πῆ
738 3456 793 3509 δὲ
821 3458 915 3510 καὶ
942 3456 1197 3528 ἀγένητον
1224 3456 1402 3526 λέγειν
1435 3457 1783 3530 πειρώμενοι.

235 3549 490 3620 Ἦροίμην
526 3550 637 3620 γὰρ
684 3550 842 3617 σφᾶς·
879 3550 957 3602 Δι’
996 3550 1063 3622 ἢν
1111 3550 1289 3605 αἰτίαν
1322 3552 1581 3622 ἀγένητον
1624 3551 1783 3605 αὐτόν

226 3657 349 3707 φατε
369 3683 385 3705 ,
418 3641 650 3711 πότερον
680 3640 766 3693 διὰ
796 3640 885 3693 τὸν
916 3641 1184 3711 τεχνίτην,
1218 3642 1366 3705 ὅπως
1400 3641 1661 3713 μηδαμῶς
1687 3643 1783 3713 ἀρ-

225 3737 387 3803 γησας
428 3732 535 3803 τῆς
571 3731 929 3803 δημιουργίας
970 3731 1260 3804 νομίζοιτο,
1290 3732 1323 3804 ἢ
1352 3732 1417 3786 δι’
1448 3732 1642 3799 αὐτόν;
1686 3735 1781 3787 Ἂν

291 3936 406 4002 (ιε)
436 3932 515 3990 'a
535 3934 714 4000 sua.
755 3934 871 4004 AL,
890 3933 936 3987 ὣ
956 3934 1150 3989 πάλιν·
1182 3932 1278 4004 aL,
1311 3927 1357 3987 ὧ
1387 3932 1544 4004 βάλη.

291 4008 403 4079 (Π)
434 4006 811 4074 Διακρίσεως.
849 4003 958 4072 AL,
994 4003 1381 4075 κατακρίσεως·
1409 4003 1517 4066 aL,
1537 4003 1784 4075 μετακρί-

224 4096 403 4217 es???)
438 4145 487 4202 0
515 4154 796 4227 centaure;
817 4142 1078 4227 Suggillat
1113 4144 1400 4227 priggnem
1433 4145 1592 4227 _velnt
1631 4160 1784 4227 m_on-

225 4213 487 4280 strosum,
530 4217 624 4286 qui
668 4216 836 4269 multa
864 4213 1078 4286 quidem
1113 4213 1369 4278 hominis,
1399 4221 1451 4286 et
1486 4231 1647 4286 supra
1674 4214 1784 4286 fere

1882 3175 2113 3232 dicendo
2142 3176 2508 3247 pervenimus,
2533 3190 2798 3246 ponamus
2825 3182 3082 3237 statuam,
3112 3175 3164 3228 in
3195 3189 3290 3229 sua
3324 3176 3440 3232 basi

1884 3268 2243 3335 collocatam;
2290 3269 2585 3340 elegantem
2646 3268 2832 3331 illam,
2898 3267 3053 3337 cujus
3119 3267 3439 3325 concinnam

1885 3360 2343 3432 pulchritudinem
2395 3369 2729 3433 spectatores
2781 3361 3084 3415 mirentur:
3117 3361 3443 3417 dissentiant

1885 3471 2054 3523 vero;
2125 3456 2248 3511 aliis
2321 3454 2517 3510 factam
2578 3454 3030 3510 contendentibus
3063 3494 3079 3521 ,
3150 3456 3268 3510 aliis
3330 3472 3439 3511 non

1886 3546 2101 3602 factam.
2131 3547 2445 3614 Qumsierim
2475 3563 2574 3620 ego
2603 3547 2671 3601 ab
2719 3547 2798 3601 eis
2834 3562 2847 3597 :
2895 3545 3254 3612 Quamobrem
3298 3547 3441 3601 dici-

1888 3640 1960 3697 tis
1988 3656 2096 3697 non
2125 3641 2323 3697 factam
2353 3640 2503 3712 (20)?
2558 3641 2640 3694 An
2683 3646 2903 3710 propter
2951 3639 3232 3704 artificem,
3270 3650 3326 3694 ut
3372 3656 3442 3696 ne

1886 3748 2125 3805 unquam
2154 3748 2378 3790 vacasse
2430 3734 2496 3789 ab
2522 3748 2686 3803 opere
2715 3732 3074 3798 existimetur,
3108 3731 3189 3786 vel
3219 3738 3441 3804 propter

1891 3931 2214 3988 solidissima
2237 3939 2341 3994 est,
2369 3947 2469 3987 nec
2501 3932 2669 4001 tangit
2700 3929 3008 4002 opinionem
3053 3927 3191 4002 apud
3225 3935 3443 3982 nostra-

1840 4034 1859 4052 .
1894 4013 1974 4058 tes
2026 4004 2218 4073 agitari
2279 4003 2513 4065 solitam,
2562 3997 2755 4055 uirum'
2791 4001 3024 4054 mumlus
3080 3997 3162 4073 vel
3200 4004 3440 4051 creatum

1892 4069 2093 4142 aliquid
2126 4073 2361 4142 potuerit
2388 4088 2508 4142 esse
2535 4072 2602 4124 ab
2623 4079 2858 4137 aeterno;
2890 4085 2996 4122 non
3025 4069 3170 4142 velut
3211 4082 3309 4122 ens
3342 4083 3439 4123 ne-

1891 4138 2213 4204 cessarium,
2260 4152 2314 4196 et
2366 4141 2509 4212 quod
2557 4142 2636 4196 sic
2687 4155 2837 4199 esse,
2886 4153 3006 4212 sua_
3034 4138 3436 4212 ips_um_n_atura

1958 4221 2133 4278 teret;
2170 4212 2265 4268 sed
2306 4224 2365 4266 ut
2383 4205 2748 4281 ’contingens,
2783 4206 3009 4281 etquod
3052 4205 3162 4261 Sola
3205 4205 3299 4281 Dei
3344 4220 3441 4259 vo-

227 4274 527 4346 hominem,
549 4274 567 4286 ’
593 4286 808 4348 habeat,
845 4274 1119 4354 m'ultaque
1176 4287 1303 4340 item
1354 4274 1498 4338 velut
1525 4274 1781 4347 belluina,
1818 4274 1859 4327 ί)
1889 4274 2095 4354 luntate
2121 4274 2201 4337 sie
2219 4288 2379 4337 esset.
2407 4274 2724 4350 Quanquam
2755 4274 2915 4354 etiam
2938 4292 3052 4332 eam
3083 4277 3440 4354 mternitatem

224 4361 446 4415 absonis
490 4355 604 4410 illis
643 4355 934 4426 dogmatis.
964 4356 1160 4425 quibus
1191 4370 1288 4426 sua
1321 4369 1545 4426 quaeque
1584 4355 1786 4426 optima

224 4430 460 4484 vitiavit:
480 4442 594 4480 non
624 4424 803 4479 minus
828 4426 954 4479 mali
982 4424 1205 4482 effectus
1232 4425 1425 4492 forma,
1458 4424 1548 4478 ubi
1588 4425 1783 4487 malus,

222 4516 378 4570 quam
421 4496 578 4570 b_o_ni_.
610 4495 701 4549 ubi
724 4496 918 4570 bonus.

288 4571 403 4637 (l9)
437 4567 633 4621 Divina
660 4567 877 4637 scientia
901 4575 1123 4637 creatas.
1156 4562 1245 4618 Sic
1271 4563 1468 4634 ubique
1486 4561 1556 4637 _S.
1576 4562 1785 4637 doctor2

223 4633 676 4722 probatioresque
686 4635 969 4722 itheolo‘gi;
1006 4636 1314 4722 frustraque
1332 4634 1623 4722 quaerimus
1641 4633 1786 4722 aliud

225 4701 277 4769 in
310 4709 453 4770 Deo,
483 4701 647 4761 etiam
675 4701 993 4759 distinctum
1022 4701 1366 4774 virtute'quo
1386 4720 1472 4758 res
1500 4710 1641 4773 agat.
1672 4701 1788 4757 Scit

221 4795 363 4843 esse,
417 4777 635 4840 volens,
671 4784 903 4845 suntque
941 4782 1001 4829 ut
1060 4787 1261 4845 aeterno
1290 4775 1378 4828 illa
1424 4776 1623 4845 placito
1672 4774 1788 4845 vult

222 4865 362 4910 esse,
431 4861 609 4916 eoque
663 4853 791 4899 sunt
819 4843 1000 4904 ‘nova.
1034 4846 1177 4899 nulla
1205 4843 1298 4898 Dei
1328 4843 1629 4914 divinaeque
1666 4843 1785 4913 ejus

221 4928 310 4974 aut
344 4919 596 4975 scientiae
618 4924 713 4968 aut
740 4916 1029 4971 voluntatis
1052 4917 1308 4969 novitate.

291 4990 413 5058 (20)
460 4985 813 5054 Quamobrem
855 4987 1033 5058 dicitis
1073 5002 1175 5039 non
1223 4985 1465 5054 factam?
1497 4981 1676 5058 facile

221 5053 448 5120 lemma,
484 5053 549 5110 ut
580 5065 774 5111 stature
810 5055 1106 5116 aeternitas.
1136 5053 1307 5120 eoque
1350 5054 1536 5108 mundi
1579 5053 1666 5107 cui
1696 5053 1787 5106 illa

221 5136 599 5195 comparatur.
624 5127 706 5182 vel
735 5126 807 5181 sit
856 5127 924 5179 ab
945 5128 1063 5195 ipso
1102 5123 1308 5179 artifice
1330 5132 1383 5179 et
1410 5125 1528 5192 ejus
1570 5123 1786 5193 propria

220 5196 565 5260 conditione,
585 5199 674 5266 qui
694 5204 838 5266 petat
856 5210 979 5251 esse
1008 5210 1220 5263 semper
1251 5196 1305 5247 in
1332 5202 1476 5256 actu,
1510 5207 1785 5260 nunquam

220 5271 388 5324 otiari
411 5287 429 5335 ;
462 5283 583 5338 quae
601 5277 685 5322 est
713 5267 853 5321 ratio
871 5266 1124 5338 superius
1152 5266 1333 5327 allata,
1366 5272 1419 5338 et
1442 5266 1587 5338 velut
1622 5277 1785 5338 utinm

219 5342 396 5395 totius
427 5334 633 5394 erroris
673 5338 832 5392 istius
863 5334 1304 5399 fundamentum;
1332 5336 1414 5390 vel
1450 5335 1519 5388 ab
1558 5334 1786 5401 ipsamet

221 5418 435 5471 statua,
465 5424 585 5480 quae
618 5408 697 5480 sic
736 5415 880 5480 petat
909 5421 1013 5460 non
1039 5406 1328 5480 iugepissg
1354 5421 1370 5471 ;
1405 5404 1547 5474 quod
1576 5410 1786 5480 utrum-

218 5494 328 5600 que
374 5472 752 5535 subtilissime
768 5478 1044 5548 impugnat
1096 5472 1438 5535 Methodius;
1467 5490 1524 5528 re
1568 5472 1783 5556 tandem

256 5549 462 5600 educta
506 5550 571 5600 ad
594 5547 1016 5600 αὐτοματισμόν.
1059 5554 1113 5599 et
1156 5555 1215 5600 ut
1264 5555 1445 5600 creata
1494 5560 1522 5598 a
1565 5558 1782 5600 setosis

256 5549 462 5604 educta
506 5550 571 5603 ad
594 5542 1016 5617 αὺτοματίσμῖὀν,
1059 5554 1113 5599 et
1156 5555 1215 5600 ut
1264 5555 1445 5600 creata
1494 5560 1522 5598 a
1565 5558 1622 5599 se
1650 5542 1782 5617 ipsis

223 5621 359 5685 sint,
387 5635 493 5673 non
512 5635 540 5671 a
563 5618 693 5681 Deo,
727 5612 869 5672 velut
899 5612 948 5672 ei
975 5616 1281 5671 necessario
1303 5626 1565 5671 coacterna
1592 5629 1608 5685 ς
1633 5612 1777 5685 nulla

224 5681 393 5742 etiarn
434 5689 663 5743 rationis
708 5688 1101 5748 antecessione.
1146 5685 1308 5741 divini
1360 5702 1501 5750 esse,
1539 5684 1604 5737 ad
1647 5681 1777 5737 illud

224 5774 421 5814 eorum
448 5775 571 5817 esse
598 5765 857 5820 perpetuo
890 5756 1270 5813 necessarium.
1309 5757 1439 5824 Qua:
1464 5761 1607 5812 certe
1641 5754 1806 5827 ratio~

1888 4351 2227 4407 Methodiana
2280 4346 2592 4421 argumenta
2642 4365 2770 4421 non
2806 4349 2993 4402 leviter
3048 4346 3436 4421 perstringam,

1886 4424 2032 4478 velut
2052 4438 2117 4478 ex
2154 4424 2269 4491 ipsa
2290 4415 2497 4475 ratione
2527 4421 2694 4475 creati
2728 4418 2819 4482 sit,
2852 4427 2909 4470 nt
2934 4432 2998 4471 eo
3027 4415 3178 4491 quod
3199 4423 3442 4491 creatum

1887 4494 2082 4563 accipit
2111 4484 2190 4546 vei
2212 4507 2333 4547 esse
2360 4493 2691 4563 velmotum.
2721 4500 3011 4563 necessum
3040 4484 3444 4563 sitiam-trees}-

1888 4553 2024 4615 σθαῖ
2050 4563 2229 4634 ἀρχῇ,
2272 4570 2329 4614 ιιι
2369 4561 2619 4629 principio
2649 4558 2933 4634 subjaceat.
2970 4553 3225 4634 Sghottus
3255 4553 3320 4634 ad
3350 4554 3442 4634 illa

1888 4634 2049 4686 verba
2072 4623 2599 4701 et"primampartetn
2631 4623 2978 4701 diletnlnatis,
3011 4626 3157 4687 ὅπως
3184 4623 3444 4701 μηδαμῶς

1888 4704 2130 4775 αργήσας
2155 4693 2274 4775 ’τῆς
2306 4693 2659 4771 δημιουργίας
2706 4696 2993 4775 νομίζοιτο,
3026 4693 3253 4775 causam
3284 4693 3439 4756 hanc,

1888 4764 2085 4841 inquit,
2112 4764 2389 4841 non'bene‘
2427 4764 2688 4838 assequar.
2743 4764 2811 4819 At
2843 4781 2956 4841 nec
2976 4780 3075 4835 ego
3126 4764 3258 4817 bene
3275 4778 3442 4841 fisse—

1887 4831 2025 4912 quor
2053 4831 2222 4912 ipsius
2261 4831 2599 4912 modestiam,
2635 4845 2688 4892 et
2747 4850 2908 4906 quam
2943 4831 3104 4912 in're
3133 4842 3239 4886 tam
3273 4831 3439 4912 facili,

1888 4905 2374 4981 sicqne'Mcthodio
2407 4911 2703 4981 inculcata,
2740 4905 3023 4981 prtetendit
3058 4905 3438 4981 ignorantiam.

1887 4972 2038 5053 Quod
2060 4989 2207 5053 certe
2227 4981 2385 5049 paulo
2418 4989 2537 5049 post
2569 4978 2634 5053 ad
2655 4972 2792 5031 idem
2816 4972 3253 5053 sequitur,'i_27:mc
3275 4972 3452 5053 ἀνάρῂ

1922 5043 1996 5114 ως
2018 5043 2239 5118 λέγοιτο
2278 5043 2493 5122 κρατεῖν
2550 5048 2642 5102 τοῦ
2699 5046 3066 5122 τεχνάσματος
3107 5046 3135 5097 ὁ
3172 5043 3435 5113 τεχνίτης,

1922 5071 1996 5114 ως
2020 5071 2227 5118 Αεγοιτο
2278 5071 2493 5122 κρατειν
2550 5071 2642 5102 του
2699 5071 3062 5115 τεχνασματυς
3107 5071 3135 5097 υ
3172 5071 3435 5113 multivagi"

1886 5071 2192 5189 ﬁiciturque
2227 5136 2292 5174 ex
2330 5121 2517 5174 eadem
2566 5133 2797 5188 persona
2851 5115 3297 5189 Qrigenianornm
3326 5151 3341 5174 ,
3375 5126 3438 5166 eo

1887 5184 2245 5247 astruentium
2279 5184 2606 5245 creationem
2643 5189 2758 5241 sine
2791 5184 3056 5259 principio
3080 5192 3134 5238 et
3157 5190 3435 5259 aeternam.

1888 5275 1993 5314 non
2030 5260 2163 5315 bene
2208 5260 2420 5315 videtur
2475 5250 3082 5319 assecutusfdum'ita
3133 5253 3340 5308 reddit:
3374 5250 3439 5304 Ut

1890 5331 2061 5400 opifex
2094 5331 2300 5400 opiﬁcio
2323 5331 2386 5383 ab
2417 5339 2607 5400 a'terno
2636 5327 2811 5389 maior
2838 5324 3049 5378 dicatur
3076 5339 3093 5376 :
3128 5322 3264 5376 nihil
3294 5323 3438 5400 enim

1885 5393 1988 5453 1ιόιὲ
2022 5401 2087 5454 ad
2125 5393 2503 5470 "propositum.
2545 5398 2653 5452 Nos
2680 5399 2759 5470 ita
2787 5412 2800 5445 :
2836 5405 2893 5470 at
2950 5406 3200 5449 internum
3225 5393 3439 5470 ᾳζιξῙε-Υν

1886 5470 2074 5541 (rabere
2124 5463 2332 5524 dicatur
2372 5469 2507 5541 quod
2562 5469 2774 5522 molitus
2808 5467 2876 5519 sit
2910 5481 3034 5541 opus
3065 5481 3127 5541 ac.
3155 5463 3438 5541 opiﬁcium.

1888 5539 1983 5593 Est
2009 5541 2164 5609 plane
2210 5542 2321 5595 haec
2348 5533 2441 5611 τοῦ
2475 5542 2696 5611 κρατεῖν
2745 5539 3020 5611 acceptio;
3056 5535 3256 5611 sicque
3287 5533 3445 5600 ἀκρι-

1887 5601 2139 5680 ϐέστερον
2186 5601 2526 5681 respondent'
2556 5601 2886 5681 Origeniani'
2917 5611 3169 5681 caventes
3198 5601 3440 5681 αὑτομοιο

1884 5670 2094 5749 σεισμόν,
2121 5670 2390 5751 quom-udo
2421 5678 2556 5734 forte
2586 5670 2669 5733 εἰ(
2686 5675 2968 5749 legendum
2991 5675 3107 5729 ὀιντί⁸
3132 5671 3225 5727 τοῦ
3254 5670 3415 5741 πικρά

1882 5766 2037 5818 τερον
