4010 6328
605 315 705 372 5'59

1562 315 1619 372 S.
1661 314 1990 372 METHODII
2028 313 2330 371 EPlSCOPl
2371 313 2456 367 ET
2494 313 2846 370 MARTYRIS
3665 321 3751 376 uo

602 439 892 506 ipsammet
934 411 1213 490 statuam?
1260 431 1317 488 Si
1367 433 1584 504 quidem
1618 450 1746 489 vero
1785 443 2003 505 propter
2032 433 2156 486 arti-

2267 433 2364 503 μὲν
2409 433 2515 502 γὰρ
2560 431 2646 484 διὰ
2683 431 2770 484 τὸν
2816 427 3080 498 τεχνίτην,
3124 426 3236 491 πῶς
3273 429 3520 500 ἀγένητος
3552 430 3620 485 ῶν
3645 436 3757 502 προς

603 529 779 593 ﬁcem,
809 528 898 598 qui
944 527 1056 592 illa,
1083 541 1207 581 cum
1237 527 1308 581 sit
1335 541 1443 581 non
1473 525 1641 590 facta,
1675 527 1942 596 efﬁngitur
1969 527 2036 581 ab
2069 542 2157 579 ar-

598 623 785 677 tifice?
814 622 868 674 Si
896 622 1040 676 enim
1071 619 1292 674 omnino
1327 621 1689 675 necessariam
1724 621 1885 673 habet
1916 619 2158 672 metalla-

598 717 738 770 riam
773 724 964 780 artem,
995 723 1054 767 ut
1107 714 1334 784 recipiat
1363 731 1745 784 quamcunque
1785 714 1979 768 artifex
2007 714 2156 768 malit

603 810 849 879 figuram,
878 823 984 877 qua
1011 808 1222 862 ratione
1249 809 1352 861 erit
1384 824 1491 861 non
1524 807 1684 873 facta,
1708 824 1826 878 qua:
1851 817 1903 862 et
1925 808 2157 877 patiatur

601 903 666 953 ab
684 901 909 964 artifice,
937 909 988 955 et
1024 899 1149 954 flat?
1179 898 1276 953 Sin
1306 908 1506 963 autem,
1535 901 1678 955 velut
1704 917 1732 954 a
1763 916 1820 955 se
1848 901 1961 970 ipsa
1993 901 2153 955 abso-

599 993 856 1047 lutionem
891 991 1116 1055 habens,
1147 1001 1200 1048 et
1248 991 1446 1047 infecta
1499 993 1876 1063 increataque,
1932 1003 1990 1046 ut
2033 1008 2156 1061 per-

596 1085 803 1141 niciosa
831 1093 1010 1138 vestra
1039 1085 1199 1138 habet
1224 1084 1516 1150 sententia,
1569 1085 1784 1139 dicatur
1815 1100 1922 1140 non
1959 1084 2156 1138 habere

597 1182 765 1230 artem
792 1175 1150 1229 necessariam
1173 1192 1188 1242 ;
1216 1190 1504 1230 necessum
1534 1182 1636 1238 est,
1662 1174 1956 1234 fateamini,
1975 1189 2152 1227 rerum

598 1281 626 1318 a
651 1282 708 1322 se
740 1275 791 1320 et
813 1277 1166 1336 spontaneum
1193 1274 1372 1319 ortum
1406 1285 1418 1320 :
1446 1266 1528 1320 vel
1570 1275 1732 1328 certe,
1783 1281 1956 1335 neque
2013 1266 2153 1318 hunc

597 1353 735 1409 forte
769 1355 1111 1408 admittentes
1159 1369 1485 1418 sermonem,
1519 1355 1808 1409 absurdius
1841 1354 2152 1424 responsuri

599 1457 758 1511 sunt;
796 1453 854 1499 ut
908 1455 1138 1501 statuam
1185 1445 1400 1514 quidem
1452 1445 1702 1500 infectam
1761 1461 1867 1499 non
1929 1447 2150 1510 dicant;

599 1534 798 1590 factam
827 1551 954 1591 vero
976 1535 1266 1604 ejusmodi,
1301 1543 1358 1588 ut
1393 1551 1498 1589 non
1521 1535 1716 1589 habeat
1743 1542 1894 1590 ortus
1916 1535 2150 1597 initium,

599 1637 656 1682 ut
699 1636 958 1682 aeternum
1011 1625 1198 1680 artifex
1227 1626 1426 1680 habere
1473 1627 1684 1680 dicatur
1722 1625 1863 1694 quod
1905 1626 2155 1680 moliatur

596 1719 890 1788 opificium.
918 1717 1062 1772 Heus
1102 1734 1199 1772 vos
1232 1732 1378 1785 ergo,
1411 1717 1684 1783 dicemus,
1718 1719 1763 1772 si
1813 1733 1986 1786 neque
2013 1725 2150 1770 tem-

597 1827 698 1880 pus
749 1825 922 1879 neque
953 1823 1124 1862 mvum
1169 1817 1313 1861 retro
1367 1807 1531 1860 ullum
1583 1808 1902 1876 reperiatur,
1940 1808 2154 1878 quando
2187 1786 2226 1838 Β

598 1908 774 1955 statua
814 1899 1048 1970 perfecta
1101 1914 1208 1952 non
1252 1897 1433 1959 fuerit,
1465 1898 1614 1967 quid.
1652 1914 1802 1967 rogo,
1833 1899 1906 1952 illi
1959 1898 2151 1952 artifex

599 1991 868 2062 praastit‘it,
911 1989 1106 2058 quidve
1146 1988 1199 2042 in
1233 1989 1321 2042 illa
1357 1989 1503 2058 egit?
1549 1987 1682 2042 Nam
1719 1991 1764 2044 si
1809 1989 1924 2058 ipsa
1955 1990 2155 2044 nullius

596 2099 782 2153 egens,
812 2081 1060 2152 principii
1087 2088 1239 2135 ortus
1265 2095 1456 2148 expers
1483 2089 1601 2146 est;
1634 2096 1910 2150 nunquam
1953 2083 2152 2151 potius,

595 2175 651 2228 in
693 2173 957 2228 sententia
987 2179 1186 2235 vestra,
1221 2170 1398 2240 opifex
1443 2172 1728 2237 effinxerit,
1763 2181 1855 2226 aut
1903 2173 2154 2230 inventus

594 2265 776 2334 opifex
829 2263 1009 2317 fuerit.
1041 2263 1216 2333 Atque
1265 2262 1335 2314 ita
1386 2277 1575 2317 rursus
1624 2264 1678 2318 in
1729 2265 1869 2319 idem
1913 2267 2154 2320 revoluta

595 2359 797 2420 oratio,
823 2362 1014 2425 sponte
1065 2369 1162 2409 sua
1221 2353 1417 2408 factum
1451 2368 1621 2422 Opus,
1659 2354 1812 2410 fateri
1864 2366 2037 2426 coget.
2098 2357 2155 2412 Si

597 2449 741 2501 enim
765 2445 954 2500 artifex
986 2445 1070 2499 vel
1102 2443 1396 2499 exilissitne
1421 2452 1651 2499 statuam
1670 2448 1904 2504 movisse
1932 2449 2152 2513 dicitur,

598 2538 785 2608 utique
818 2537 1061 2606 subjacet
1087 2535 1370 2604 principio,
1402 2553 1506 2606 qua
1540 2537 1585 2592 is
1619 2538 1826 2593 ratione
1871 2540 2154 2596 informem

597 2629 725 2682 olim
749 2635 802 2683 et
831 2628 947 2683 sine
969 2637 1134 2690 motu,
1188 2643 1403 2683 movere
1436 2629 1600 2697 cmpit
1628 2637 1786 2698 atque
1822 2632 2010 2700 polire.
2047 2631 2156 2687 Nec

595 2735 725 2789 ergo
759 2730 893 2783 erat,
925 2734 1025 2773 nec
1050 2727 1132 2774 est
1177 2718 1394 2774 futurus
1428 2719 1565 2774 idem
1610 2729 1864 2790 perpetuo
1898 2723 2154 2782 mundus.

596 2809 1004 2881 Comparandus
1028 2812 1171 2864 enim
1210 2818 1293 2866 est
1325 2811 1516 2866 artifex
1541 2811 1669 2875 Deo,
1702 2821 1753 2867 et
1790 2822 1968 2869 statua
1995 2831 2155 2870 mun-

598 2901 690 2957 do.
750 2901 1032 2967 Quomodo
1080 2903 1260 2973 igitur,
1312 2918 1345 2956 o
1396 2903 1790 2973 stupidissimi,
1852 2916 2153 2961 creaturam

594 2993 914 3049 existimatis
939 2995 1168 3049 creatori
1196 3001 1538 3059 coaaternam,
1573 2995 1693 3064 ejus
1725 3011 1889 3066 opera
1921 3014 2028 3052 non
2072 2999 2156 3053 in-

595 3085 813 3157 digere?
841 3085 994 3152 Quod
1029 3086 1171 3141 enim
1216 3096 1299 3142 est
1328 3095 1674 3150 coazternum,
1706 3103 1828 3142 cum
1863 3089 2008 3143 nulla
2065 3106 2154 3144 ra-

602 3179 750 3233 tione
781 3178 975 3233 habeat
1002 3179 1293 3233 creationis
1332 3186 1591 3247 ortusque
1619 3179 1963 3249 principium,
1992 3183 2152 3235 etiam

596 3269 896 3338 oportuerit
950 3284 1070 3323 esse
1117 3268 1524 3331 coincreatum,
1579 3267 1878 3338 eademque
1931 3269 2151 3325 virtute.

596 3357 785 3424 Porro,
809 3358 952 3430 quod
981 3359 1145 3413 semel
1173 3360 1470 3414 increatum
1515 3368 1674 3428 atque
1712 3374 1741 3411 a
1771 3374 1829 3413 se
1854 3359 2150 3428 perfectum

594 3457 649 3503 et
686 3450 1016 3503 immutabile
1048 3449 1222 3503 visum
1275 3451 1377 3514 sit,
1410 3450 1612 3504 nullius
1672 3449 1833 3504 etiam
1881 3460 2151 3519 egenS'et

2255 525 2348 578 τοῦ
2373 526 2614 595 τεχνίτου
2655 524 3090 593 δημιουργεῖται;
3129 521 3176 571 εί
3219 520 3324 591 γὰρ
3355 521 3481 585 ὅλως
3524 526 3575 576 ὲν
3609 524 3756 595 ἐνδείᾳ.

2256 617 2352 688 τῆς
2400 605 2590 686 τέχνης
2641 614 2939 683 καθέστηκε
3000 611 3482 682 χαλικουργοὺμενος
3540 613 3660 684 πρὸς
3712 615 3760 667 τὸ

2257 711 2400 778 σχεῖν
2444 710 2623 760 ὁποῖον
2650 711 2678 760 6
2704 703 3028 776 δημιουργὸς
3059 702 3226 755 ἐθέλοι
3273 703 3604 774 χαρακτῆρα,
3645 707 3758 776 ποίῳ

2253 803 2437 874 τρόπῳ
2473 801 2728 870 ἀγένητος
2760 799 2906 850 ἔσται
2951 796 3171 866 πάσχων
3203 812 3260 846 τε
3294 795 3382 846 καὶ
3420 794 3694 864 δρώμενος;
3721 800 3763 850 εί

2253 895 2308 948 δὲ
2339 890 2404 947 αὖ
2451 892 2516 944 δι’
2558 891 2748 944 ἑαυτὸν
2793 889 2992 951 τέλειος
3039 887 3134 940 καὶ
3183 885 3436 957 ἀγένητος
3478 885 3667 954 λέγοιτο
3701 888 3760 958 μὴ

2252 983 2455 1037 δεῖσθαι
2482 983 2578 1054 τῆς
2621 982 2815 1052 τέχνης
2847 983 2875 1034 6
2907 979 3147 1050 ἀνδριὰς,
3192 977 3329 1029 κατά
3361 977 3416 1029 τὺ
3455 977 3669 1047 ὀλέθριον
3693 977 3762 1030 66-

2253 1093 2389 1147 γμα,
2417 1076 2624 1144 ἀνάγκη
2655 1071 3057 1143 αὐτοματισμὸν
3103 1070 3402 1140 ὁμολογεῖν.
3436 1070 3501 1120 Ἢ
3533 1068 3638 1120 οὐδὲ
3663 1068 3765 1122 τοῦ.

2252 1189 2340 1223 τον
2390 1170 2516 1234 ἴσως
2556 1168 2905 1237 ἐθελήσαντες
2957 1163 3328 1236 προσήκασθαι
3374 1161 3460 1215 τὸν
3495 1162 3652 1230 λόγον,
3688 1182 3763 1216 πι-

2254 1266 2504 1337 κρότερον
2538 1264 2647 1334 (‘23)
2689 1259 3132 1332 ἀποκρινοῦνται,
3171 1259 3232 1312 τὸ
3266 1258 3360 1328 μὲν
3395 1257 3576 1328 βρέτας
3601 1257 3767 1328 ἀγένη-

2251 1375 2341 1410 τον
2368 1357 2465 1410 οὑκ
2495 1351 2628 1408 εἶναι
2656 1354 2918 1422 λέγοντες·
2948 1352 3169 1422 γενητὸν
3193 1351 3247 1404 δὲ
3277 1347 3409 1403 εἶναι
3436 1349 3516 1404 ἀεὶ
3539 1349 3764 1417 γενέσεως

2252 1449 2420 1519 ἀρχὴν
2449 1447 2546 1500 οὐκ
2574 1446 2715 1516 ἕχον,
2745 1446 2891 1508 ὅπως
2933 1444 3180 1514 ἀνάρχως
3222 1441 3428 1510 λέγοιτο
3455 1443 3656 1512 κρατεῖν
3688 1439 3763 1492 τοῦ

2252 1537 2617 1606 τεχνάσματος
2660 1537 2687 1587 6
2730 1534 2993 1604 τεχνίτης.
3023 1531 3249 1596 Οὐκοῦν,
3287 1526 3330 1584 ὦ
3371 1527 3528 1596 οὗτοι,
3573 1530 3766 1598 λέξομεν

2252 1627 2451 1687 αὐτοῖς,
2500 1623 2649 1694 εἰμὴ
2693 1623 2899 1695 χρόνος,
2943 1625 3077 1694 μήτε
3104 1621 3236 1675 αἰὼν
3276 1623 3566 1693 εὑρίσκοιτο
3594 1620 3767 1682 ἐπάνω,

2253 1719 2340 1770 ὅτε
2387 1716 2485 1769 οὐκ
2526 1711 2592 1786 ἦν
2627 1715 2826 1778 τέλειος
2863 1717 2891 1768 6
2933 1715 3178 1786 ἀνδριὰς,
3213 1714 3265 1767 τί
3307 1713 3566 1782 παρέσχεν
3595 1712 3769 1782 αὑτῷό

2253 1808 2516 1878 τεχνίτης,
2545 1806 2577 1876 ἦ
2604 1805 2654 1858 τί
2684 1808 2982 1877 ἐνήργησεν
3014 1808 3093 1869 εἰς
3127 1805 3288 1858 αὐτὸν
3309 1846 3322 1869 ,
3360 1804 3519 1873 φατέ;
3549 1804 3604 1855 Et
3632 1804 3722 1873 γὰρ
3747 1805 3771 1855 6

2255 1900 2413 1962 αὐτὸς
2460 1898 2710 1968 ἀνενδεὴς
2751 1897 2844 1960 ὢν,
2895 1897 2986 1950 καὶ
3029 1897 3128 1948 οὐκ
3173 1896 3314 1965 ἔχων
3349 1893 3514 1966 ἀρχὴν
3546 1893 3774 1962 γενέσεως

2253 1991 2526 2061 τυγχάνει,
2559 1990 2732 2060 ταύτῃ
2760 1988 2954 2059 μᾶλλον
2984 1987 3103 2041 καθ’
3135 1987 3280 2057 ὑμᾶς
3310 1989 3337 2040 6
3368 1984 3672 2056 δημιουργὸς
3699 1982 3772 2034 οό-

2253 2084 2440 2138 δέποτε
2485 2084 2922 2154 δημιουργήσας,
2975 2079 3096 2133 οὔτε
3146 2078 3487 2150 δημιουργῶν
3524 2075 3773 2147 εὑρεθήσε-

2253 2193 2362 2230 ται.
2391 2177 2497 2228 Καὶ
2524 2175 2680 2229 πάλιν
2713 2176 2790 2237 εἰς
2820 2173 2948 2226 αὐτὸ
2984 2172 3156 2226 ἔοικεν
3183 2173 3210 2223 6
3237 2171 3394 2239 λόγος
3423 2168 3774 2240 περιδεδραμη-

2254 2269 2436 2332 κέναι,
2488 2266 2889 2338 αὐτοματισμὸν
2938 2267 3236 2336 ὁμολογεῖν.
3292 2264 3413 2316 Ἐὰν
3461 2263 3561 2333 γὰρ
3608 2261 3694 2313 κᾶν
3725 2257 3774 2311 τὸ

2253 2361 2634 2430 ἁκαριαίτατον
2663 2357 2948 2430 ἀνδριάντα
2978 2359 3201 2429 κινήσας
3228 2359 3259 2409 6
3283 2353 3597 2427 δημιουργὸς
3616 2350 3771 2421 λεχθῇ,

2255 2453 2393 2522 ἀρχῇ
2423 2453 2790 2512 ὑποπεσεῖται,
2831 2449 2948 2502 καθ’
2991 2449 3056 2519 ἣν
3087 2449 3350 2520 πρότερον
3392 2447 3544 2500 αὑτὸν
3572 2445 3775 2512 ἄκοσμον

2254 2547 2346 2598 καὶ
2374 2545 2626 2614 ἀκίνητον
2653 2543 2808 2604 ὄντα,
2840 2541 3039 2613 ἤρξατο
3077 2543 3246 2593 κινεῖν
3283 2541 3374 2593 καὶ
3405 2540 3632 2608 κοσμεῖν.
3659 2535 3775 2587 Οὐκο

2253 2633 2344 2685 οὖν
2379 2633 2470 2686 καὶ
2508 2628 2574 2703 ἦν
2613 2632 2706 2685 καὶ
2736 2631 2886 2682 ἔσται
2926 2629 3185 2700 διηνεκῶς
3214 2629 3244 2681 6
3284 2627 3442 2690 αὐτὸς
3481 2625 3561 2678 ἀεὶ
3585 2623 3772 2691 κόσμος.

2267 2724 2642 2777 Ἀπεικαστέον
2683 2723 2789 2795 γὰρ
2827 2722 2903 2793 τῷ
2936 2722 3033 2792 μὲν
3074 2719 3190 2791 Θεῷ
3219 2720 3315 2773 τὸν
3345 2717 3603 2789 τεχνίτην,
3626 2713 3704 2766 τὸν
3729 2710 3775 2764 δὲ

2255 2814 2541 2885 ἀνδριάντα
2573 2813 2653 2883 τῷ
2684 2815 2889 2883 κόσμῳ.
2935 2813 3016 2882 [Ιῆ
3061 2811 3103 2864 δ’
3145 2808 3262 2875 οὖν,
3316 2805 3360 2863 ὦ
3397 2808 3600 2879 ἠλίθιοι,
3631 2801 3775 2866 οἴεσθε

2254 2905 2348 2976 τὴν
2378 2906 2553 2958 κτίσιν
2605 2905 3002 2975 συναπέραντον
3049 2899 3210 2956 οὖσαν
3256 2903 3337 2973 τῷ
3379 2896 3686 2971 δημιουργῷ,
3717 2893 3776 2964 μὴ

2253 2997 2458 3050 δεῖσθαι
2503 2996 2594 3048 τοῦ
2632 2996 2992 3068 δημιο’δργοῦ;
3024 2995 3096 3047 T6
3133 2995 3242 3065 γὰρ
3276 2993 3658 3061 συναπέραντον
3695 3001 3778 3056 μη-

2255 3087 2440 3157 δαμῶς
2484 3087 2655 3158 ἀρχὴν
2693 3087 2954 3154 γενέσεως
2996 3085 3146 3156 ἕχον,
3183 3085 3280 3138 καὶ
3335 3081 3670 3151 συναγένητον
3699 3073 3776 3129 καὶ

2263 3179 2466 3232 ίσοδύνα
2477 3196 2574 3249 μον
2598 3178 2807 3247 ἀνάγκη
2842 3177 3143 3246 τυγχάνειν.
3170 3176 3243 3227 Τὸ
3266 3175 3323 3228 δὲ
3354 3175 3621 3243 ἀγένητον,
3647 3169 3778 3222 αὐτοι

2255 3271 2406 3334 τελὲς
2429 3273 2521 3324 καὶ
2545 3271 2806 3342 ἄτρεπτον
2833 3268 3050 3338 φανθὲν,
3082 3269 3175 3320 καὶ
3209 3266 3506 3338 ἀπροσδεὲς
3534 3263 3620 3316 καὶ
3645 3257 3781 3327 6900-

2261 3381 2349 3434 ρον
2395 3362 2508 3435 [ἀν]
2557 3363 2732 3416 ἔσται’
2774 3361 2866 3414 καὶ
2904 3362 2950 3412 εί
2995 3357 3149 3412 τοῦτο
3187 3357 3362 3422 οὕτως
3399 3357 3540 3427 ἔχει,
3574 3347 3782 3406 οὺκέτιὸ

2257 3457 2457 3525 κόσμος
2484 3455 2711 3526 τρεπτὸς
2739 3453 2856 3507 καθ’
2883 3455 3045 3524 ὑμᾶς.

597 3540 836 3594 immune
862 3556 891 3594 a
927 3541 1271 3609 corruptione
1318 3541 1464 3597 erit:
1503 3550 1663 3610 atque
1707 3539 1862 3605 adeo,
1914 3539 2041 3595 dum
2085 3557 2172 3600 res
2215 3548 2294 3601 sic
2321 3545 2534 3611 habeat,
2569 3545 2672 3601 erit
2709 3544 2943 3598 mundus
2970 3545 3026 3598 in
3082 3550 3266 3598 vestra
3307 3538 3567 3600 sententia
3616 3535 3785 3590 immuo

598 3635 798 3690 labilis.

669 3725 756 3778 Vl.
784 3735 799 3748 '
827 3726 1142 3794 Ecclesiam,
1179 3730 1245 3784 ab
1302 3730 1656 3798 appellandis,
1683 3746 1745 3785 ac
1777 3747 1874 3787 ceu
1931 3734 1996 3788 ad
2029 3748 2151 3788 cer-

597 3824 774 3871 tamen
808 3818 1066 3873 vocaudis
1096 3821 1458 3890 voluptatibus
1491 3820 1605 3892 (21)
1638 3822 1836 3876 dictam
1868 3825 1963 3878 ait.

671 3907 782 3964 \lll.
813 3909 900 3964 Ait
927 3909 1160 3968 Sanctus
1217 3932 1229 3967 :
1262 3912 1402 3966 Duas
1437 3929 1597 3982 porro
1659 3914 1793 3985 (9.2),
1835 3916 1887 3969 in
1941 3917 2007 3971 iis
2034 3933 2154 3987 qua:

670 4067 691 4090 ⁹
722 4068 1191 4142 Scliol.Quomodo
1213 4068 1267 4122 id
1295 4069 1453 4142 dicis,
1489 4078 1676 4125 sancte
1712 4070 1826 4136 Dei,
1862 4073 1904 4125 si
1941 4046 2154 4142 quidem

597 4136 864 4207 ejusmodi
896 4147 988 4192 tua
1016 4141 1198 4208 opinio
1235 4140 1357 4194 est?

663 4293 778 4415 $9.1)
805 4295 882 4346 Ab
910 4293 1230 4361 appellandis
1271 4310 1332 4347 ac
1360 4311 1452 4347 ceu
1499 4293 1567 4346 ad
1616 4304 1876 4348 certamen
1906 4295 2147 4348 vorandis

684 4364 945 4415 volatibus
977 4405 991 4415 .
1040 4365 1189 4415 παοά
1253 4365 1311 4415 τὸ
1349 4366 1737 4415 ὲκκεκλτικέναι
1794 4370 1891 4415 τὰς
1941 4366 2147 4415 ἡδονάς.

598 4364 945 4436 goluplatt'bus
977 4405 991 4427 ,
1040 4365 1189 4436 παρά
1248 4365 1311 4436 τὸ
1349 4366 1737 4436 ὲκκεκληκέναι
1794 4370 1891 4428 τὰς
1941 4366 2152 4436 ἡδονάς.

600 4431 872 4505 Vixcerte
906 4434 1065 4489 fuerit
1095 4431 1348 4490 subtilius
1371 4431 1640 4505 etymum.
1683 4431 2010 4505 digniusque
2044 4435 2153 4489 Me-

595 4503 784 4574 thodio
807 4519 869 4557 ac
887 4521 950 4560 eo
975 4505 1176 4558 Christi
1199 4503 1535 4574 athleta,‘qui
1555 4504 1646 4558 tali
1682 4503 1809 4559 olim
1840 4503 2154 4566 certamine,

595 4571 662 4644 ad
692 4574 956 4643 insignem
992 4575 1134 4627 illam
1163 4577 1228 4628 de
1247 4571 1478 4644 tyranno
1509 4576 1810 4638 victoriam,
1845 4591 2006 4644 quam
2038 4583 2158 4628 tan-

593 4642 716 4697 dem
745 4642 947 4714 martyr
985 4644 1212 4699 illustris
1238 4642 1494 4707 obtinuit,
1533 4661 1650 4699 sese
1687 4642 1907 4699 strenue
1937 4660 2157 4714 compa-

596 4721 813 4784 rassct;
853 4715 997 4768 velut
1042 4715 1183 4784 apud
1230 4724 1501 4770 nostrates
1545 4715 1736 4768 Petrus
1795 4716 1885 4769 ille
1931 4723 2154 4784 martyr,

593 4797 720 4836 vere
741 4782 946 4856 Christi
985 4795 1038 4839 et
1077 4782 1228 4856 ante
1271 4786 1586 4856 martyrium
1639 4785 1850 4856 hostia_,
1893 4782 2160 4854 pauloque

595 4855 836 4908 anterior
890 4870 952 4907 ac
987 4854 1156 4924 gradu
1181 4853 1427 4908 vicinior'
1462 4855 1754 4918 Methodio,
1792 4853 2032 4909 Themas
2068 4855 2159 4909 ille

631 4925 773 4994 entis
815 4924 1134 4994 Anglorum,
1189 4925 1393 4978 utinam
1444 4925 1663 4978 virtutis
1713 4926 1918 4978 aemulae
1964 4927 2152 4978 decus.

625 4991 726 5045 fire
743 4991 941 5047 acciuit
963 5011 1114 5048 meus
1137 4995 1226 5049 ille
1250 4995 1657 5064 Amphilochius
1675 4994 1819 5049 hom.
1855 4994 1925 5047 De
1953 4996 2156 5060 pmnit.,

594 5065 916 5135 Cttnritade
943 5065 1158 5119 diabolo
1177 5075 1493 5120 succentore
1521 5067 1858 5135 passionum,
1895 5065 2156 5135 loquitur,

593 5145 649 5199 p.
675 5131 745 5184 93
774 5149 786 5184 :
813 5133 998 5186 Φθονεῖ
1025 5135 1132 5208 γὰρ
1165 5135 1265 5189 ὑπὲ
1345 5131 1550 5200 πάντας
1594 5136 1654 5188 τὸ
1679 5135 1834 5204 γένος
1880 5131 1988 5186 τῶν
2037 5135 2162 5204 Χρι-

596 5202 847 5258 στιανῶν.
874 5203 947 5258 ὡς
982 5153 1450 5258 ἀποστοεωῖμενον
1503 5207 1601 5258 τῆς
1637 5204 1830 5258 ἑαυτοῦ
1869 5203 2160 5258 ματαιότη-

596 5202 847 5276 στιανῶν,
874 5203 947 5266 ὼς
982 5202 1450 5276 ἀποστρεφόμενον
1503 5207 1601 5276 τῆς
1637 5202 2160 5276 ἑαυτοῦᾐματαιὸτη-

593 5285 686 5332 τος
715 5271 948 5327 πάντων.
989 5274 1110 5328 Prw
1142 5271 1453 5331 mortalibus
1501 5271 1637 5329 enim
1690 5271 1950 5336 omnibus,
2001 5271 2160 5326 livore

595 5340 763 5416 fertur
791 5342 843 5394 in
865 5341 1222 5399 Christianum
1250 5363 1408 5416 genus
1442 5361 1488 5401 et
1529 5362 1734 5408 nomen,
1779 5344 1914 5399 velut
1942 5341 2161 5416 quodex

595 5411 833 5464 omnibus
891 5428 1000 5466 sua'
1052 5416 1212 5482 ipsius
1252 5411 1536 5474 'demeutiaz
1593 5417 1865 5469 adversum
1913 5411 2158 5467 ﬂeverit:

595 5481 1266 5560 at‘iPefidem_\telut_sol_os
1310 5489 1502 5560 habeat
1552 5487 1932 5560 adversarios;
1961 5483 2160 5552 quibus

594 5551 820 5624 proinde
861 5553 1003 5624 velut
1033 5555 1164 5609 solis
1193 5556 1269 5608 illi
1300 5558 1537 5612 militans
1575 5557 1911 5624 voluptatum
1942 5551 2156 5622 agmen,

599 5620 891 5696 ρυὶεέίῖιιιη]⁸
923 5623 1091 5696 videri
1126 5627 1317 5694 possit,
1370 5636 1550 5696 aperta
1593 5620 1862 5696 baptismo
1894 5620 2040 5696 velut
2073 5640 2159 5692 pa-

595 5687 802 5766 laestra;
853 5691 1090 5766 Ecclesia
1128 5687 1246 5763 'qua
1302 5687 1701 5766 depugnemus';
1735 5711 1799 5748 eo
1853 5695 2016 5748 etiam
2045 5687 2158 5766 tum

595 5761 965 5830 crerimoniali,
1003 5773 1114 5818 tum
1143 5761 1321 5830 sacro,
1357 5761 1410 5820 in
1439 5761 1523 5833 eo,
1555 5769 1730 5821 unctis
1753 5766 1904 5829 oleo;
1943 5763 2158 5831 quando

2329 3734 2586 3800 G’.‘”O=t
2651 3731 2944 3801 Ἐκκλησία
2987 3729 3139 3802 παρά
3181 3729 3241 3784 τὸ
3287 3725 3664 3797 ἐκκεκληκέναι
3705 3722 3786 3780 τὰς

2257 3825 2448 3896 ἡδονὰς
2475 3824 2725 3893 λέγεσθαί
2751 3841 2932 3894 φησιν.

2329 3920 2400 3971 Z'.
2439 3919 2559 3969 ’Ότι
2589 3917 2748 3987 φησὶν
2778 3918 2806 3968 6
2833 3917 3036 3984 Ἄγιος*
3085 3913 3187 3966 Δύο
3227 3912 3284 3966 δὲ
3336 3911 3587 3982 δυνάμεις
3620 3909 3672 3961 ὲν
3698 3903 3790 3964 τοῖς

2331 4075 2348 4091 '
2381 4073 2654 4138 Σχόλιον.
2686 4071 2829 4142 Πῶς
2852 4071 3007 4142 τοῦτο
3048 4070 3171 4142 φῂς,
3205 4069 3329 4138 ἅγιε
3361 4067 3452 4123 τοῦ
3481 4066 3629 4131 Θεοῦ,
3657 4062 3790 4129 εἴπερ

2263 4143 2358 4195 καὶ
2388 4143 2469 4194 σοι
2501 4144 2533 4213 ἡ
2561 4143 2780 4212 τοιαύτη
2815 4141 2974 4206 δόξα;

2255 4303 2309 4368 et
2337 4310 2574 4357 sacrum,
2607 4295 2825 4368 ejusest
2852 4295 2994 4349 velut
3023 4294 3443 4368 consummatio.
3479 4283 3793 4368 limschelius

2260 4365 2426 4420 hocce
2452 4355 2686 4436 etymuin
2723 4367 3068 4436 itaiexponit,
3105 4373 3162 4418 ut
3195 4365 3429 4418 voluerit
3460 4363 3652 4415 dictam
3687 4355 3791 4406 Ἐκ-

2261 4435 2484 4506 κλησίαν
2513 4435 2666 4505 quasi
2710 4435 3003 4498 ὲκκλισίαν,
3035 4453 3065 4487 a
3096 4437 3219 4504 fuga
3250 4435 3574 4506 voluptatum
3602 4471 3616 4495 ,
3641 4437 3793 4506 eoque

2262 4497 2544 4575 legendum
2593 4497 3012 4575 exxsxhxévar:
3076 4497 3330 4572 ad'quod
3372 4497 3557 4575 "etiam
3607 4497 3795 4575 videtur

2260 4571 2562 4645 respexisse
2597 4573 2854 4630 Schottus
2887 4577 2975 4629 illa
3022 4571 3331 4644 parenthesi
3384 4571 3502 4644 (ltoc
3522 4580 3596 4625 est
3627 4571 3794 4645 exstir:

2259 4628 2806 4720 ponitisi),:Enimvero
2843 4628 2921 4720 sic
2972 4628 3078 4720 non
3123 4628 3403 4720 egregium
3431 4650 3685 4720 etymum,
3715 4628 3796 4720 stiti

2261 4709 2460 4785 inepta'
2503 4716 2665 4771 fuerit
2717 4717 3110 4785 aequivocatio,
3158 4709 3385 4785 dignior
3626 4709 3798 4774 lingua!

2260 4781 2479 4849 Graecae,
2505 4802 2665 4855 quam
2701 4781 3089 4841 facundissimo
3118 4787 3172 4839 in
3227 4781 3287 4838 ea
3325 4781 3796 4855 Methodio,.qttem

2261 4857 2420 4926 plane
2451 4849 2556 4911 non
2587 4859 2740 4925 fugit,
2769 4872 2928 4926 quam
2961 4857 3346 4926 dedimusiuon
3394 4854 3477 4926 ita
3501 4849 3798 4926 insolentem

2261 4923 2705 4996 aptissimamque
2727 4923 3021 4996 proposito.
3038 4928 3127 4981 illa
3157 4924 3248 4980 τοῦ
3266 4923 3521 4977 ἐκκαλεῖν
3552 4924 3793 4986 θροεριιοο

2331 5017 2446 5089 (22)
2479 5018 2622 5073 Duas
2647 5036 2822 5089 porro.
2867 5027 2972 5074 etc.
3012 5018 3154 5089 Duas
3200 5015 3505 5089 hypostasi,
3553 5021 3706 5064 unam
3750 5015 3801 5056 re

2261 5088 2377 5158 ipsa
2393 5087 2446 5142 et
2463 5087 2678 5152 natura,
2710 5105 2882 5160 eoque
2904 5104 3021 5160 una
3049 5087 3275 5142 indivisa
3309 5087 3527 5139 actione
3553 5089 3610 5160 _et
3631 5089 3805 5160 crean-

2261 5153 2344 5214 tes
2375 5161 2680 5222 materiam,
2706 5168 2759 5214 et
2788 5153 3135 5215 distinctione
3169 5163 3451 5228 ornantes.
3485 5153 3600 5208 sola
3625 5159 3804 5228 alii"?

2262 5213 2532 5302 priatione
2562 5213 2730 5284 altera
2765 5213 2864 5302 sibi
2897 5231 3145 5288 alterum,
3173 5228 3339 5302 altera
3370 5226 3603 5302 alterum
3641 5213 3804 5302 vindi-

2261 5285 2416 5353 caute
2455 5320 2468 5352 :
2500 5298 2659 5354 Patre
2688 5301 3050 5358 creationem,
3103 5285 3161 5350 ut
3190 5299 3240 5349 in
3275 5310 3383 5364 qua
3435 5291 3666 5364 maxime
3710 5285 3808 5364 clu-

2260 5377 2378 5423 ceat
2413 5370 2592 5423 divina
2655 5371 2894 5440 potentia
2928 5387 2940 5422 :
2972 5355 3107 5440 Filio
3153 5355 3406 5440 ornatum
3433 5355 3810 5440 _et_perfecti:)-

2260 5455 2405 5504 nem,
2442 5449 2500 5495 ut
2527 5426 2809 5511 Proprium
2848 5439 3079 5493 maxime
3102 5437 3238 5492 artis
3269 5426 3576 5491 etrationis
3604 5426 3808 5548 dirigit:

2293 5689 2443 5813 ὸβῗ)
2471 5689 2836 5758 Πικρὸτερον.
2867 5685 3045 5752 Forte,
3093 5679 3446 5752 ἀλογώτερον.
3483 5675 3552 5732 Et
3575 5687 3692 5729 mox
3719 5667 3804 5728 al»

2324 5779 2348 5812 ν
2412 5777 2534 5813 mo.

2261 5777 2348 5813 τον
2373 5777 2534 5832 amp.
