4010 6328
212 309 314 367 319

1304 312 1540 371 SEBMO
1580 313 1665 370 DE
1707 313 2007 373 SlMEONE
2045 315 2134 372 ET
2169 314 2407 373 ANNA.‘

3321 320 3426 382 350

210 426 307 496 τῆς
338 423 583 496 ἐμψύχου
616 423 849 479 κιϐωτοῦ
870 466 886 491 ,
933 426 1009 490 ὡς
1039 426 1131 480 ἐπὶ
1178 426 1502 501 ἱλαστήριον,
1535 428 1628 482 ἐπὶ
1671 430 1760 500 γῆς

1872 430 2172 501 respiciens
2219 433 2282 487 ".
2339 430 2403 486 In
2451 415 2666 503 propria
2709 432 2972 498 Dominus
3040 438 3316 509 manifeste
3343 458 3430 496 ue-

209 513 505 588 πομπεύει.
522 515 736 589 Ταύτης
761 516 1109 587 προσψαύσας
1135 517 1389 590 τελώνης,
1421 518 1622 583 δίκαιος
1649 519 1769 572 ἀνα-

206 606 504 662 δείκνυται.
557 606 744 678 Ταύτῃ
814 606 1233 678 προσπελάσασα
1287 608 1480 679 πόρνη,
1539 606 1768 679 σώφρων

205 699 626 755 ἀναπλάττεται.
656 699 840 774 Ταύτῃ
873 699 1025 767 θίξας
1058 700 1276 773 λεπρὸς,
1310 700 1593 765 ἀνωδύνως
1631 701 1766 754 ἀνα-

203 792 549 863 χαλκεύεται.
609 792 812 845 Οὐδένα
866 793 1198 846 ἀπωθεῖται·
1253 792 1442 847 οὐδένα
1484 792 1767 863 βδελύσσε-

200 899 306 936 ται.
368 882 656 936 Μεταδιδοῖ
702 882 809 936 τῶν
846 883 1116 952 ὑγιεινῶν,
1176 884 1235 937 οὐ
1279 884 1766 955 μεταλαμϐάνουσα

202 974 306 1029 τῶν
338 974 600 1046 νοσερῶν·
652 977 681 1029 ὁ
725 975 832 1048 γάρ
860 976 960 1046 τῆς
989 976 1393 1047 φιλανθρωπίας
1435 977 1637 1048 Κύριος
1669 979 1767 1031 ὲπ-

199 1067 542 1122 αναπαύεται
586 1068 743 1139 αὐτῇ.
789 1068 972 1121 Ταῦτα
1017 1069 1114 1140 τῆς
1153 1069 1277 1133 νέας
1316 1068 1536 1140 χάριτος
1566 1067 1634 1121 τά
1665 1067 1768 1121 δω-

201 1161 439 1232 ρήματα.
487 1159 656 1212 Τοῦτο
698 1160 1006 1231 πρόσφατον
1045 1161 1264 1231 γέγονεν
1312 1160 1416 1213 ὑπὸ
1453 1160 1543 1214 τὸν
1596 1159 1764 1231 ἥλιον,

197 1252 254 1303 οὐ
289 1250 465 1303 πάλαι
515 1250 755 1318 γεγονὸς,
801 1250 906 1303 οὐδ’
943 1246 1008 1305 αὖ
1053 1251 1346 1322 μετέπειτα
1384 1250 1763 1322 γενησόμενον.

198 1344 486 1417 Προώρισε
517 1344 630 1416 (38)
662 1345 729 1399 δι’
768 1342 947 1400 οἶκτον
976 1347 1067 1401 τὸν
1112 1346 1247 1417 πρὸς
1282 1349 1448 1419 ἡμᾶς,
1479 1344 1629 1420 ἦλθε,
1673 1346 1768 1400 καὶ

196 1438 485 1509 ἐπλήρωσε
518 1436 608 1490 διά
650 1436 1054 1509 φιλανθρωπίαν
1096 1438 1194 1511 τὴν
1245 1438 1394 1511 αὑτῷ
1429 1441 1763 1512 πρέπουσαν.

195 1528 437 1594 Εἰκότως
486 1530 616 1599 γοῦν
665 1531 760 1584 καὶ
798 1531 1094 1604 ἀνέκραγεν
1139 1535 1172 1604 ἡ
1209 1532 1330 1603 ἱερά
1374 1533 1628 1603 σάλπιγξο
1689 1536 1767 1590 Τὰ

194 1621 413 1691 ἀρχαῖα
442 1621 772 1691 παρῆλθεν·
806 1622 936 1676 ἰδοὺ
982 1623 1190 1694 γέγονε
1235 1623 1306 1677 τὰ
1340 1623 1535 1677 πάντα
1570 1626 1763 1682 καινά.

193 1716 301 1768 Καὶ
331 1715 386 1767 τί
439 1717 697 1787 ὲννοήσω,
732 1716 763 1788 ἢ
800 1717 854 1769 τί
884 1715 1098 1787 λαλήσω
1131 1715 1351 1782 ἐπάξιον
1385 1717 1484 1787 τῆς
1529 1718 1761 1789 ἡμέρας,

192 1810 304 1870 τοῖς
356 1807 668 1875 ἀνεφίκτοις
698 1807 1172 1878 ὲπεκτεινόμενος;
1202 1808 1361 1879 Φέρει
1396 1808 1504 1880 γὰρ
1548 1809 1635 1862 ἀεὶ
1665 1811 1765 1882 τῆς
1795 1790 1836 1845 Β

194 1900 353 1967 ἀγὶας
384 1899 666 1972 Παρθένου
695 1903 728 1972 ἡ
764 1902 950 1971 μνήμη
983 1900 1124 1954 κατὰ
1156 1900 1353 1965 παντὸς
1384 1901 1541 1971 λόγου
1582 1902 1649 1956 τά
1687 1921 1766 1957 νι-

196 1993 454 2063 κητήρια.
500 1994 599 2046 Διά
629 2010 711 2045 τοι
741 1992 916 2058 τοῦτο,
949 1993 1277 2063 δυσωπῆσαν
1318 1994 1447 2065 ἡμῖν
1477 1994 1573 2066 τὴν
1603 1995 1765 2048 ἀσθέ-

198 2101 343 2137 νειαν
382 2085 447 2137 τὸ
497 2085 729 2156 μέγεθος
774 2085 880 2139 τῶν
923 2086 1230 2157 ἐγκωμίων,
1273 2086 1363 2139 ἐπὶ
1404 2086 1496 2139 τὸν
1543 2086 1764 2141 δυνατὸν

197 2175 359 2248 ὓμνον
391 2178 830 2248 καταφεύγωμεν
863 2178 957 2232 καὶ
988 2179 1084 2250 τὴν
1103 2179 1354 2251 ἀκίνητον
1376 2175 1542 2252 ἧτταν
1566 2182 1765 2249 ἐγκαυ-

198 2270 493 2340 χησάμενοι
526 2270 659 2341 (59),
693 2271 771 2342 τῷ
819 2271 1081 2342 φιλεόρτῳ
1113 2271 1346 2343 Χριστοῦ
1390 2273 1625 2343 ποιμνίῳ
1667 2290 1763 2342 γε-

199 2362 417 2434 γηθότες
452 2363 929 2436 συγχορεύσωμεν.
961 2366 1032 2419 Σὺ
1062 2364 1119 2417 δέ
1157 2383 1265 2436 μοι,
1295 2359 1339 2418 ὦ
1372 2365 1642 2420 θειότατον
1669 2366 1763 2420 καὶ

202 2453 484 2525 ἱερώτατον
517 2456 900 2527 ἀκροατήριον,
935 2455 996 2508 τὸ
1028 2455 1245 2525 σιγηλὸν
1285 2456 1460 2521 ἄσκει,
1493 2457 1641 2520 ὅπως
1672 2456 1761 2511 διὰ

200 2548 296 2600 τῶν
337 2546 605 2619 πορθμῶν
648 2546 757 2600 τῶν
806 2547 985 2601 ἀκοῶν
1036 2547 1284 2620 γαληνῶς
1335 2551 1457 2612 ταῖς
1502 2548 1762 2612 διανοίαις

203 2638 601 2711 ἑγκαθορμισθῇ
650 2638 750 2709 τῆς
800 2638 1053 2711 ἀληθείας
1101 2639 1170 2694 τά
1222 2638 1496 2710 ἀγώγιμα.
1542 2640 1761 2713 Ἑορτὴν

203 2734 413 2805 ἄγομεν,
444 2734 548 2803 οὐχ
594 2731 909 2803 Ἑλληνικῆς
933 2730 1325 2803 εἰκαιομυθίας,
1359 2731 1637 2801 γελοποιὸν
1668 2734 1761 2786 καὶ

204 2824 558 2895 ὲμὸρόντητον
626 2821 762 2875 θεῶν
815 2822 1053 2876 ἑστίασιν
1116 2823 1406 2895 φέρουσαν,
1466 2823 1599 2877 ἀλλά
1658 2823 1759 2895 τῆς

204 2916 450 2970 ἀπέκτου
481 2914 641 2985 8651;;
672 2914 764 2968 τοῦ
808 2914 900 2968 ἐπὶ
932 2913 1144 2967 πάντων
1176 2913 1311 2967 Θεοῦ
1358 2914 1759 2984 συγκατάθασιν

206 3008 638 3061 ὶκπαιδεύουσαν.

1871 524 1945 576 nit
1980 524 2052 591 ";
2092 524 2335 595 vivatque
2364 534 2416 579 et
2445 525 2695 581 animata:
2735 542 2896 593 arcte,
2928 542 3027 583 ceu
3049 532 3425 602 propitiatorio
3458 516 3469 527 ’

1868 616 2135 683 insidens,
2171 633 2367 689 pompa
2403 618 2456 672 in
2486 626 2631 673 terra
2682 619 2944 689 procedit.
2984 619 3135 677 Hanc
3179 624 3427 693 publica-

1868 724 1973 765 nus
2003 710 2347 780 contingens,
2396 709 2578 779 justus
2627 710 2827 766 evadit.
2887 710 3026 768 Huic
3072 729 3131 769 se
3169 717 3423 776 meretrix

1869 802 2171 873 applicans,
2196 803 2347 857 velut
2369 817 2508 857 nova
2546 803 2764 858 ﬁctione
2792 813 2944 860 casta
2974 806 3240 863 redditur.
3273 807 3425 866 Hane

1868 895 2116 965 leprosus
2144 902 2514 959 contrectans,
2567 895 2685 950 sine
2717 895 2904 953 dolore
2944 914 3132 963 sanus,
3169 901 3313 957 velut
3344 916 3427 958 re-

1868 986 2105 1041 cuditur.
2152 984 2433 1041 Neminem
2481 988 2710 1056 repellit,
2758 991 3025 1046 neminem
3058 992 3423 1051 abominatur.

1867 1077 2181 1149 lmpertitur
2199 1082 2488 1148 sanitates;
2519 1096 2626 1135 non
2646 1082 2932 1153 participat
2948 1085 3149 1155 aliquid
3175 1087 3420 1146 noxium.

1867 1166 2341 1239 Propensissimus
2367 1169 2511 1224 enim
2545 1184 2671 1239 erga
2701 1170 2947 1227 homines
2972 1171 3233 1231 Dominus
3278 1176 3333 1231 in
3358 1193 3424 1235 ea

1865 1258 2177 1331 requiescit.
2217 1258 2356 1314 Sunt
2385 1260 2499 1314 haec
2530 1275 2683 1315 novae
2712 1262 2898 1329 gratia:
2926 1278 3172 1321 munera.
3208 1264 3322 1321 Hoc
3344 1284 3426 1324 re-

1865 1366 1997 1407 cens
2025 1367 2335 1423 novumque
2367 1352 2563 1408 accidit
2617 1355 2719 1409 sub
2761 1356 2875 1411 sole
2914 1356 2993 1427 ἐς
3060 1374 3160 1414 nec
3187 1360 3316 1414 olim
3347 1361 3426 1416 l'a-

1866 1451 2035 1507 ctum,
2063 1459 2162 1499 nec
2190 1452 2313 1514 post
2336 1444 2616 1506 futurum..
2632 1444 2782 1512 Quod
2808 1463 2906 1518 pro
2928 1464 3028 1504 sua
3056 1448 3203 1507 Deus
3234 1451 3288 1506 in
3322 1465 3427 1511 nos

1866 1535 2239 1592 misericordia
2272 1537 2652 1607 praeliniverat,
2684 1540 2861 1608 venit;
2898 1551 2951 1597 et
3000 1558 3098 1613 pro
3130 1559 3229 1600 sua
3260 1546 3425 1618 digna

1865 1642 1989 1698 erga
2022 1627 2316 1683 humanum
2352 1645 2523 1700 genus
2552 1635 2928 1703 propensione,
2984 1635 3099 1706 ipse
3157 1639 3422 1710 adimple-

1864 1718 1961 1779 vit.
1991 1718 2167 1784 Quare
2210 1719 2336 1789 jure
2369 1723 2575 1792 optimo
2647 1739 2803 1779 sacra
2837 1725 2927 1779 illa
2961 1727 3089 1782 tuba
3123 1729 3360 1785 intonuit
3402 1750 3420 1790 :

1876 1808 2058 1863 Vetera
2093 1812 2457 1878 transierunt;
2492 1830 2605 1869 ecce
2633 1816 2777 1884 facta
2808 1826 2932 1871 sunt
2971 1821 3147 1874 omnia
3190 1838 3323 1877 nova
3353 1823 3418 1878 ³⁸.

1866 1901 2007 1968 Quid
2036 1918 2165 1959 vero
2195 1914 2373 1960 mente
2402 1907 2705 1978 concipiam
2732 1910 2929 1979 quidve
2958 1911 3169 1981 loquar,
3202 1913 3305 1969 hac
3337 1915 3420 1970 di-

1865 2009 2029 2064 gnum
2065 1994 2153 2049 die
2177 1994 2388 2051 enitens
2437 1997 2503 2051 ad
2549 1997 2906 2055 inconcessa?
2950 1999 3133 2056 Vincit
3178 2002 3322 2058 enim
3356 2020 3421 2062 ac

1865 2088 2023 2158 longe
2074 2097 2293 2159 superat
2351 2105 2567 2145 omnem
2618 2107 2944 2158 sermonem,
2996 2104 3194 2152 sanctae
3255 2098 3420 2169 hujus

1865 2175 2105 2249 Virginis
2137 2180 2420 2238 memoria.
2455 2179 2722 2247 Quocirca
2759 2185 3063 2243 deterrente
3094 2188 3288 2243 virium
3321 2205 3423 2245 no-

1868 2275 2104 2323 strarum
2135 2270 2556 2326 imbecillitatem
2585 2269 2802 2325 laudum
2829 2270 2998 2342 ipsius
3029 2276 3415 2345 magnitudine,

1867 2361 1932 2415 ad
1968 2362 2225 2433 hymnum
2256 2364 2429 2419 eidem
2457 2379 2556 2435 pro
2586 2365 2785 2436 ingenii
2816 2368 2987 2423 nostri
3022 2367 3278 2425 facultate
3327 2370 3426 2425 de-

1866 2454 2195 2508 cantandum
2239 2454 2648 2527 confugiamus;
2680 2474 2889 2529 nosque
2934 2459 3037 2531 ipsi
3075 2461 3425 2518 immobiliter

1864 2544 2037 2599 victos
2063 2545 2381 2615 gloriantes,
2421 2563 2527 2602 una
2559 2563 2682 2603 cum
2741 2549 2867 2606 festi
2921 2551 3166 2608 studioso
3217 2552 3423 2608 Christi

1865 2650 2046 2706 grege,
2075 2637 2315 2707 tripudio
2347 2639 2625 2697 saliamus.
2681 2639 2762 2697 Tu
2803 2659 2932 2699 vero
2975 2645 3106 2699 mihi
3141 2643 3197 2698 in
3235 2644 3424 2715 primis

1864 2729 2206 2786 divinissima
2238 2733 2717 2805 sacratissimaque
2765 2737 2976 2801 concio,
3012 2739 3285 2794 silentium
3329 2754 3423 2794 co-

1863 2822 2058 2885 lito,ut
2080 2839 2176 2895 per
2196 2824 2410 2879 aurium
2429 2825 2583 2883 sinus
2614 2828 2760 2883 velut
2782 2830 3151 2900 intelligentia:
3180 2836 3419 2901 portum,

1863 2915 2107 2971 veritatis
2136 2931 2346 2972 merces
2371 2916 2582 2987 placide
2614 2919 2936 2976 subintrent.
2965 2919 3181 2976 Festum
3211 2921 3421 2991 agimus

1862 3023 1971 3061 non
2012 3024 2078 3063 ex
2107 3008 2417 3064 Graecorum
2461 3010 2614 3065 vanis
2659 3011 2878 3076 fabulis,
2907 3013 3197 3068 ridiculum
3228 3008 3422 3066 attoni-

207 3112 421 3173 tumque
468 3102 693 3155 deorum
760 3099 1067 3154 convivium
1114 3114 1297 3154 secum
1335 3098 1645 3167 adducens;
1693 3099 1787 3156 sed
1825 3099 1970 3171 quod
1999 3102 2359 3173 importabilis
2394 3102 2598 3173 gloriae,
2625 3104 2747 3174 ejus
2793 3108 2881 3177 qui
2919 3115 2997 3160 est
3035 3120 3190 3174 super
3242 3103 3421 3159 omnia

203 3196 338 3251 Deus
384 3195 448 3261 ⁸⁸,
474 3193 731 3248 humilem
758 3192 825 3246 ad
852 3207 954 3248 nos
981 3191 1389 3257 demissionem,
1430 3192 1676 3249 edoceat.

263 3289 333 3342 B’.
373 3288 512 3358 Φέρε
541 3287 741 3351 τοίνυν,
776 3285 1060 3356 σεμνολόγε
1092 3285 1368 3358 κηρύκων,
1408 3289 1502 3342 καὶ
1536 3288 1755 3359 μέγιστε

1925 3279 1990 3338 ll.
2025 3282 2138 3353 Age
2166 3298 2295 3354 ergo
2317 3323 2330 3347 ,
2362 3281 2505 3337 inter
2550 3298 2826 3353 praecones
2857 3283 3179 3355 gravissime
3206 3301 3270 3342 ac
3299 3304 3419 3345 ma-

204 3377 745 3452 προφητῶν,⁹Ησαῖα,
779 3375 845 3430 τά
886 3377 983 3447 τῆς
1027 3376 1234 3443 ἐνδόξου
1278 3377 1633 3449 πανηγύρεως
1665 3394 1755 3447 φι-

204 3473 403 3540 λοσόφει
450 3472 517 3540 τῇ
574 3467 866 3538 Ἐκκλησία
914 3467 1205 3539 μυστήρια,
1255 3466 1348 3521 καὶ
1379 3465 1615 3536 δαψιλῶς
1654 3468 1757 3537 έμ-

205 3562 491 3635 ςιορηθῆναι
538 3560 647 3613 τῶν
684 3558 1052 3630 ἀναφαιρέτων
1084 3558 1301 3627 ἀγαθῶν
1330 3559 1604 3630 πρότρεπε
1634 3558 1759 3620 τοὺς

206 3655 509 3716 καλλίστους
535 3652 879 3722 δαιτυμόνας,
919 3651 1065 3715 ὅπως
1094 3650 1172 3722 τῷ
1205 3650 1354 3723 παρά
1397 3650 1480 3704 σοὶ
1513 3650 1757 3722 ἐσόπτρῳ

205 3748 288 3817 τὴν
311 3747 446 3817 παρ’
471 3746 607 3816 ἡμῖν
632 3743 884 3815 ἀλήθειαν
907 3742 1241 3809 ἀντιζεύξας,
1276 3745 1351 3808 ὡς
1372 3743 1605 3814 ἀψευδὴς
1629 3744 1758 3795 ὑπο-

205 3837 382 3907 φήτης,
403 3837 567 3906 χεῖρα
596 3832 690 3885 ἐπὶ
720 3835 874 3905 χεῖρα
896 3835 1164 3906 κροτήσῃς
1183 3833 1262 3905 τῷ
1289 3834 1429 3888 τέλει
1452 3832 1558 3887 τῶν
1590 3835 1759 3905 προρ-

206 3928 424 4000 ρήσεων
470 3923 756 3996 Ἐγένετο,
781 3926 935 3996 φησὶ,
952 3924 1058 3979 τοῦ
1079 3925 1353 3979 ἐνιαυτοῦ
1370 3921 1441 3981 οὗ
1458 3924 1757 3979 ἀπέθανεν

218 4015 383 4083 nam;
415 4019 449 4069 ὁ
476 4014 800 4080 βασιλεὺς,
828 4011 990 4068 εἶδον
1021 4014 1128 4068 τὸν
1166 4016 1384 4083 Κύριον
1419 4013 1756 4084 καθήμενον

206 4109 289 4162 ἐπὶ
331 4109 553 4176 θρόνου
589 4107 832 4176 ὑψηλοῦ
863 4107 959 4161 καὶ
1005 4104 1359 4175 ἐπῃρμένου,
1391 4105 1487 4160 καὶ
1519 4104 1756 4173 πλήρης

207 4203 235 4252 ὁ
254 4197 411 4266 οἶκος
448 4198 562 4267 τῆς
588 4198 771 4267 δόξης
797 4197 1001 4253 αὐτοῦ.
1036 4197 1148 4251 Kal
1173 4196 1429 4267 oepagplp
1463 4196 1756 4265 εἱστήκει-

206 4304 311 4346 σαν
347 4291 559 4353 κύκλῳ
602 4289 817 4343 αὐτοῦ·
862 4287 930 4353 ἒξ
983 4288 1264 4359 πτέρυγες
1301 4287 1379 4353 τῷ
1410 4288 1520 4352 ἐνὶ,
1554 4289 1651 4342 καὶ
1685 4287 1754 4352 ἐξ

210 4377 476 4449 πτέρυγες
500 4378 582 4444 τῷ
611 4378 722 4432 ἑνί.
754 4379 862 4434 Kal
898 4378 1214 4448 ἐκέκραγεν
1249 4377 1448 4447 ἔτερος
1475 4379 1623 4447 πρὸς
1650 4379 1756 4431 τὸν

213 4469 414 4539 ἕτερον,
457 4469 558 4523 καὶ
582 4468 822 4537 ἔλεγον·
853 4468 1072 4538 Ἄγιος,
1111 4470 1293 4540 ἅγιος,
1339 4470 1503 4541 ἅγιος
1541 4472 1754 4538 Κύριος

214 4560 450 4615 Σαόαιέιθ·
500 4559 742 4628 πλήρης
788 4557 954 4615 πᾶσα
1000 4562 1038 4628 ἡ
1078 4558 1152 4631 γῆ
1176 4560 1285 4629 τῆς
1320 4561 1503 4629 δόξης
1543 4562 1747 4616 αὐτοῦ.

1860 3372 2001 3427 xime
2034 3373 2441 3444 prophetarum,
2472 3371 2631 3438 Isaia,
2664 3373 2911 3445 gloriosae
2943 3374 3278 3433 celebritatis
3323 3396 3416 3435 sa-

1858 3474 2130 3519 cramenta
2152 3465 2425 3536 sapienter
2460 3465 2733 3531 edissere;
2771 3466 3112 3536 optimosque
3133 3469 3417 3537 convivas,

1857 3563 1917 3609 ut
1937 3557 2226 3614 stabilibus
2266 3557 2426 3613 bonis
2458 3557 2606 3627 large
2631 3565 3036 3624 exsaturentur,
3072 3546 3328 3629 impelle;
3358 3568 3421 3617 ut

1856 3653 1950 3702 tuo
1984 3648 2058 3702 illi
2107 3649 2332 3720 speculo
2361 3649 2642 3704 veritatem
2669 3658 2913 3705 nostram
2962 3665 3031 3705 ex
3064 3651 3294 3706 adverso
3323 3669 3422 3709 ne-

1856 3746 2038 3803 ctens,
2069 3739 2517 3809 praedictionibus
2549 3740 2759 3796 sortitis
2787 3740 3075 3795 terminum
3100 3780 3117 3806 ,
3173 3750 3230 3796 ut
3257 3758 3421 3801 verus

1855 3836 2027 3895 vates,
2059 3846 2278 3885 manum
2312 3831 2379 3887 ad
2401 3846 2621 3885 manum
2638 3832 2794 3888 laetus
2825 3833 3168 3903 complodas:
3192 3831 3420 3890 Factum

1854 3935 1968 3990 est,
2017 3924 2227 3996 inquit-,
2261 3925 2315 3978 in
2351 3941 2489 3979 anno
2528 3940 2630 3995 quo
2686 3934 2924 3979 mortuus
2955 3935 3033 3980 est
3076 3925 3236 3982 Ozias
3292 3943 3418 3997 rex,

1854 4018 1960 4073 vidi
1987 4017 2264 4073 Dominum
2296 4016 2556 4072 sedentem
2593 4033 2750 4087 super
2785 4018 3026 4072 thronum
3059 4019 3320 4079 excelsum
3364 4028 3415 4074 et

1852 4110 2106 4167 eleuatum
2131 4124 2150 4163 :
2177 4118 2225 4163 et
2244 4109 2399 4179 plena
2429 4108 2614 4165 domus
2660 4110 2829 4181 gloria
2863 4110 2997 4180 ejus.
3037 4110 3106 4165 Et
3153 4112 3417 4182 seraphim

1854 4202 2063 4257 stabant
2083 4203 2138 4256 in
2165 4202 2389 4255 circuitu
2421 4201 2534 4272 ejus
2566 4219 2585 4256 :
2613 4218 2706 4256 sea:
2725 4202 2825 4257 ala:
2845 4204 2957 4267 uni,
2979 4212 3027 4257 et
3055 4219 3145 4258 sea:
3175 4205 3276 4258 ala:
3300 4204 3413 4261 uni.

1856 4292 1924 4349 Et
1942 4293 2245 4348 clamabant
2264 4293 2401 4348 alter
2431 4292 2500 4346 ad
2532 4294 2781 4362 alterum,
2804 4305 2852 4349 et
2878 4294 3415 4364 dicebant:Sanctus,

1852 4396 2095 4451 sanctus,
2148 4396 2363 4441 sanctus
2410 4385 2666 4441 Dominus
2708 4385 2940 4440 Sabaoth
2985 4403 3003 4440 :
3051 4387 3204 4457 plena
3243 4389 3414 4443 omnis

1855 4487 1995 4531 terra
2031 4476 2201 4544 gloria
2253 4476 2386 4545 ejus.
2431 4475 2497 4528 Et
2529 4477 2785 4530 eleuatum
2827 4484 2905 4530 est
2939 4479 3340 4545 superliminare
3380 4479 3441 4534 a'

1853 4584 1970 4623 voce
1992 4584 2094 4638 qua
2125 4551 2425 4621 clamabant
2447 4582 2465 4619 :
2489 4575 2538 4620 et
2561 4566 2746 4621 domus
2785 4566 2999 4635 impleta
3034 4576 3112 4621 est
3147 4568 3310 4637 fumo.
3345 4567 3417 4625 Et

214 4652 305 4707 Καὶ
326 4653 554 4722 ἐπήρθη
586 4653 652 4705 τὸ
674 4652 1007 4720 ὑπέρθυρον
1031 4652 1148 4706 ἀπὸ
1178 4651 1286 4721 τῆς
1306 4652 1507 4723 φωνῆς
1534 4648 1610 4724 ἧς
1631 4652 1753 4707 ἐκέ-

1860 4660 1965 4712 dixi
1992 4674 2009 4712 :
2038 4659 2082 4714 0
2113 4659 2269 4711 miser
2293 4675 2404 4728 ego,
2426 4658 2549 4728 quia
2573 4668 2910 4727 compunctus
2937 4675 3053 4713 sum
3077 4674 3096 4712 :
3116 4659 3241 4730 quia
3260 4659 3416 4718 homo

214 4760 432 4815 κραγον,
462 4745 563 4797 καὶ
594 4746 629 4797 ὀ
674 4739 835 4808 οἶκος
867 4742 1141 4813 ἐπλήσθη
1176 4746 1427 4801 καπνοῦ.
1459 4746 1569 4800 Καὶ
1591 4742 1745 4800 εἶπα·

212 4830 276 4889 Ὠ
308 4837 485 4903 τάλας
527 4836 661 4907 ἐγὼ,
705 4836 793 4889 ὅτι
835 4836 1283 4908 κατιινένυγμαι⁸
1321 4838 1411 4891 ὅτι
1447 4838 1753 4907 ἄνθρωπος

214 4922 301 4988 ὢν,
330 4929 423 4982 καὶ
446 4928 748 4997 ἀκάθαρτα
771 4931 941 4999 χείλη
966 4930 1141 5000 ἔχων,
1163 4932 1231 4984 ἐν
1252 4932 1420 5001 μέσῳ
1446 4932 1596 4986 λαοῦ
1618 4931 1756 4987 ἀκά-

216 5020 379 5086 θαρτα
398 5022 566 5089 χείλη
593 5021 841 5090 ἔχοντος
875 5021 1032 5087 οἰκῶ,
1064 5024 1160 5077 καὶ
1194 5023 1300 5077 τὸν
1331 5022 1593 5089 ,ϐασιλέα
1629 5023 1749 5078 Κύ-

211 5124 325 5175 ριον
348 5113 584 5168 Σαϐαὼθ
620 5110 783 5169 εἶδον
808 5116 930 5182 τοῖς
956 5116 1281 5186 ὀφθαλμοῖς
1317 5135 1455 5186 μου.
1502 5116 1612 5171 Καὶ
1639 5117 1752 5171 ἀπ-

215 5202 419 5272 male;
446 5205 595 5275 πρὸς
613 5205 692 5276 μέ
721 5206 790 5260 ἓν
814 5206 930 5261 τῶν
955 5209 1232 5278 σεραερὶμ,
1267 5209 1365 5262 καὶ
1393 5208 1462 5262 ἐν
1492 5207 1569 5278 τῇ
1598 5208 1750 5279 χειρὶ

1854 4767 1972 4805 cum
2004 4752 2133 4813 sim,
2155 4759 2203 4804 et
2227 4749 2498 4803 immunda
2531 4750 2673 4804 labia
2697 4749 2939 4814 habeam,
2972 4751 3027 4804 in
3050 4749 3217 4805 medio
3233 4752 3417 4822 populi

1852 4840 2126 4896 immunda
2162 4840 2305 4895 labia
2340 4840 2577 4896 habentis
2603 4840 2815 4906 habito;
2849 4852 2897 4896 et
2929 4858 3099 4911 regem
3128 4841 3410 4898 Dominum

1853 4931 2085 4987 Sabaoth
2109 4932 2216 4986 vidi
2256 4934 2423 4987 oculis
2456 4934 2604 4987 meis.
2648 4932 2717 4986 Et
2750 4935 2942 4988 missus
2964 4943 3040 4988 est
3068 4934 3137 4987 ad
3163 4951 3243 4988 me
3278 4951 3414 4992 unus

1850 5024 1912 5079 de
1952 5024 2253 5094 seraphim;
2286 5025 2415 5079 etin
2457 5042 2617 5079 manu
2654 5041 2753 5080 sua
2784 5024 3005 5079 habebat
3040 5025 3413 5083 carbunculum

1848 5133 1997 5187 quem
2017 5117 2213 5185 forcipe
2240 5114 2361 5169 tulit
2395 5114 2459 5170 ab
2490 5106 2693 5169 altari:
2715 5124 2766 5169 et
2807 5116 2971 5187 tetigit
3016 5133 3072 5171 os
3124 5133 3322 5182 meum,
3362 5126 3414 5174 et

1849 5208 2019 5264 dixit:
2042 5207 2174 5263 Ecce
2202 5208 2369 5280 tetigit
2391 5207 2486 5263 hoc
2503 5206 2646 5262 labia
2680 5216 2791 5276 tua,
2812 5216 2861 5263 et
2889 5208 3087 5279 auferet
3113 5209 3414 5282 iniquitates

278 5376 399 5435 “II
419 5379 541 5454 Reg.
577 5399 652 5449 vr,
686 5382 771 5438 10.
848 5384 892 5416 ³⁸
911 5382 1069 5439 Joan.
1104 5384 1267 5452 1,”;
1303 5384 1450 5442 Psal.
1478 5400 1627 5450 ms,
1662 5384 1716 5441 5.

1864 5382 2038 5439 Eccle.
2072 5400 2110 5451 ι,
2135 5384 2222 5438 10.
2300 5384 2342 5418 ⁸⁵
2371 5383 2435 5440 II
2460 5384 2585 5444 Cor.
2619 5401 2674 5451 v,
2695 5384 2789 5440 17..
2860 5384 2904 5416 ³⁸
2930 5383 3080 5441 Rom.
3111 5403 3186 5452 ιι,
3218 5384 3274 5443 5.

280 5559 381 5627 (38)
403 5561 714 5631 Πραῦρισε.
745 5561 942 5619 Deesse
972 5565 1182 5620 videtur
1206 5567 1255 5619 ὅ.

280 5633 380 5694 (59)
409 5633 524 5706 Τὴν
547 5633 830 5706 ἀκίνητον
856 5632 1040 5706 ἧτταν
1073 5633 1605 5706 ἐγκαυχησάμενοι.
1659 5634 1750 5691 Sic

222 5704 534 5776 minuendum
592 5705 843 5776 videtur,
884 5704 1151 5776 quidquid
1208 5704 1441 5762 Palatino
1497 5706 1749 5760 videatur

220 5774 512 5829 ululantium
554 5774 637 5838 τὸ,
687 5774 962 5842 ἀκοινητον
1014 5774 1069 5832 in
1125 5777 1425 5849 ἁν-ίκητον,
1460 5778 1747 5849 minusque

1856 5566 1992 5621 bene
2020 5564 2232 5627 reddat.
2259 5566 2449 5622 invicto
2471 5570 2566 5623 hoc
2590 5568 2870 5624 certamine
2888 5569 3069 5633 vietos,
3092 5575 3197 5624 etc.
3230 5565 3412 5638 Signi-

1854 5637 2048 5709 licatur
2073 5637 2345 5709 excellens
2374 5640 2578 5695 Christi
2626 5639 2848 5694 victoria
2894 5640 3218 5709 laudumque
3269 5637 3409 5709 ejus.

1852 5722 1959 5776 qua
1994 5706 2253 5784 immobili
2276 5751 2300 5784 ,.
2328 5716 2386 5762 ut
2418 5726 2525 5766 non
2557 5711 2731 5784 possit
2760 5725 2870 5766 non
2922 5706 3198 5779 obtinere,
3253 5706 3412 5767 nobis

1851 5777 2229 5848 gratulandum
2257 5778 2349 5835 sit.
