4010 6328
201 345 296 400 555
1286 335 1515 398 Sillle
1557 337 1639 396 DE
1672 341 1755 396 Si]

1856 342 1968 399 )NF.
2005 341 2088 396 ΕΤ
2129 341 2332 396 ΛΝᾸΛ.

3231 339 3407 398 ’554

200 462 366 531 σάρκα
394 456 472 528 τῷ
501 459 640 525 γένει
673 456 777 510 τῶν
816 458 1109 528 ἀκορώπων
1142 458 1500 530 εέὂοκήσαντα
1526 461 1743 516 Κύριον.

1856 458 2009 526 pheta
2037 459 2104 523 ",
2143 459 2380 512 lmmano
2415 456 2594 526 generi
2641 456 2935 510 secundum
2988 472 3203 513 carnem
3242 462 3407 516 voluit

771 545 956 615 ὐῦτι-’ς
995 569 1112 620 μου
1168 553 1329 616 Θεὸς,
1373 551 1468 604 καὶ
1513 549 1748 613 δοξάσω

194 646 391 707 αὐτὸν,
429 642 571 707 Θεὸς
599 641 700 695 τοῦ
742 645 960 708 πατρός
995 661 1132 710 μου,
1169 641 1262 696 καὶ
1299 642 1519 710 ﬁgi-(bow
1545 641 1746 695 αὐτόν.

205 737 463 806 Ἐχὸμενα
513 735 567 788 δὲ
617 734 722 787 τῶν
767 735 1191 805 εὖχαριστηρίων
1235 735 1376 804 (45),
1413 734 1752 802 ἐξετάσωμεν

195 555 326 620 Λέγε
375 549 686 612 Μωσαῑκὼς
711 567 722 578 ·

196 827 600 898 χρησιμώτατα,
625 827 704 890 τίς
734 828 765 897 ἡ
796 828 854 879 ἐν
891 826 1125 896 Βηθλεὲμ
1156 826 1466 897 ἐξεγείρασα
1487 828 1754 898 πρόφασις

194 922 274 970 τὸν
309 917 537 987 βασιλέα
574 919 671 986 τῆς
717 918 892 988 δόξης.
924 919 995 970 Τὸ
1037 919 1131 988 μὲν
1155 919 1258 990 γάρ
1290 921 1345 969 ἐν
1378 917 1619 989 Βηθλεὲμ
1649 936 1753 971 σω-

195 1010 437 1080 ματικῶς
453 1010 774 1080 γεννηθῆναι
793 1011 825 1079 ὴ
847 1011 970 1081 περὶ
1001 1012 1144 1080 ἡμᾶς
1160 1011 1523 1081 εὐσπλαγχνία
1549 1011 1754 1075 ἐξεϐιά-

197 1118 320 1153 σατο
342 1100 431 1152 τὸν
453 1101 708 1153 ἀϋίαστον
728 1117 741 1130 ·
772 1099 830 1152 τὸ
851 1101 904 1152 δὲ
931 1102 1230 1154 ὑποτΞτΟιον
1259 1102 1590 1172 τυγχάνοντα
1621 1102 1750 1173 (ΑΗ),

195 1195 278 1246 τὸν
309 1195 366 1245 ἐν
415 1191 592 1262 χρὸνῳ
641 1193 885 1264 ἄχρονον,
933 1194 1024 1246 καὶ
1059 1196 1168 1257 τοῖς
1201 1196 1530 1266 σπαργάνοις
1561 1197 1754 1264 ἐγκατ-

197 1285 454 1354 εχόμενον
484 1285 784 1354 ἀκατὸχως,
816 1285 1056 1355 μέτοικὸν
1093 1303 1147 1339 τε
1182 1288 1271 1339 καὶ
1306 1289 1640 1359 μετανάστην
1665 1305 1756 1356 γε·

195 1376 394 1438 νέσοαι,
413 1377 545 1428 ’ποία
577 1376 682 1448 ἄρα
702 1377 923 1447 γένηται
962 1378 1205 1449 ἀνάγκης
1243 1381 1303 1432 ΕΞ
1334 1381 1388 1432 δὲ
1427 1379 1588 1453 βούλῃ
1613 1380 1753 1448 γνῶ-

195 1486 275 1521 ναι
305 1469 396 1520 καὶ
444 1466 621 1529 τοῦτο,
674 1461 717 1518 ὧ
750 1467 1018 1522 Οειότατόν
1045 1485 1130 1537 μοι
1165 1470 1255 1521 καὶ
1293 1469 1640 1523 θεόπνευστον
1668 1470 1756 1523 σύ-

198 1575 394 1629 στημα,
421 1559 587 1612 ἄκουε
631 1557 895 1621 Μωίσέως
924 1557 1253 1629 διαπρυσίως
1290 1559 1644 1630 κηρύττοντος
1678 1561 1756 1630 τῷ

196 1650 323 1720 λαῷ,
360 1652 455 1702 καὶ
490 1652 570 1712 εἰς
597 1649 793 1717 γνῶσιν
813 1650 908 1720 τῆς
927 1649 1232 1721 ὑπερφυοῦς
1250 1652 1550 1722 γεννήσεως
1571 1654 1756 1720 ἐγκεν-

195 1742 469 1812 τρίζοντος
511 1740 722 1804 αὐτοὺς,
764 1739 856 1792 καὶ
889 1739 1164 1808 λέγοντος·
1209 1739 1339 1795 Πᾶν
1391 1741 1608 1809 ἄρσεν,
1665 1758 1756 1797 σι-

196 1826 434 1894 ανοῖτυν
448 1827 704 1897 μήτραν,
748 1829 917 1899 ἅγιον
952 1830 1027 1896 τῷ
1057 1833 1246 1899 Κυρίῳ
1278 1834 1659 1901 κληθήσεται.
1692 1839 1755 1890 Ὢ
1787 1812 1826 1865 Β
1857 1837 2066 1882 Celllem
2113 1846 2125 1880 ε

192 1919 283 1972 τοῦ
307 1918 611 1989 Θαύματοςῑ
658 1921 717 1973 Ὠ
754 1920 942 1986 ,ϐάοος
967 1923 1228 1976 πλούτου
1261 1925 1357 1976 καὶ
1403 1928 1621 1994 σοφίας
1655 1930 1753 1982 καὶ

194 2010 466 2080 γνώσεως
498 2010 678 2065 Θεοῦ]
733 2014 976 2084 Ἔπρεπε
1011 2015 1116 2086 γάρ
1151 2015 1226 2086 τῷ
1255 2018 1441 2089 Κυρίῳ
1466 2021 1630 2092 νόμου
1662 2023 1755 2074 καὶ

195 2105 482 2175 προφητῶν
547 2104 687 2157 κατὰ
727 2106 888 2184 νόμον
923 2105 1134 2160 ᾶπαντα
1179 2108 1266 2162 τὸν
1297 2109 1422 2162 ἴδιον
1455 2112 1752 2184 διαπράξα-

197 2199 332 2258 σθαι,
365 2197 462 2249 καὶ
499 2197 573 2267 μὴ
606 2179 870 2268 ἀθετητὴν
903 2194 1036 2251 εἶναι
1065 2200 1243 2270 νόμου,
1272 2201 1405 2255 ἀλλὰ
1436 2179 1750 2277 πληρωτὴν·

198 2290 422 2358 συνάψαι
457 2306 514 2343 τε
541 2289 788 2342 ἐντεῦθεν
822 2294 885 2362 τῇ
906 2291 997 2344 τοῦ
1021 2293 1184 2364 νόμου
1207 2294 1496 2365 περαιώσει
1527 2297 1635 2367 (45)
1658 2299 1755 2370 τὴν

197 2386 286 2456 τῆς
314 2385 539 2455 χάριτος
575 2383 737 2437 αὐτοῦ
780 2385 971 2455 ἀρχήν.
1009 2386 1104 2438 Διὰ
1133 2386 1288 2440 τοῦτο
1325 2390 1356 2458 ἡ
1387 2389 1656 2464 ὑπερτὲρα
1680 2393 1758 2446 νό-

203 2494 290 2546 μον
323 2479 524 2548 Μήτηρ
567 2475 646 2546 τῷ
691 2478 838 2545 νόμῳ
879 2478 1193 2542 ὑποκύπτει,
1239 2481 1392 2551 καὶὴ
1430 2483 1632 2554 εὐαγής
1666 2485 1756 2538 τὸν

205 2571 330 2622 κατά
354 2570 466 2621 τῶν
497 2569 714 2636 ἀναγῶν
733 2569 982 2636 φυλάττει
1001 2571 1222 2642 ὁρισμὸν
1249 2572 1338 2625 τὸν
1360 2575 1755 2646 τετταράκοντα

202 2661 428 2732 ἡμερῶν,
491 2663 590 2713 καὶ
621 2661 825 2727 γίνεται
890 2661 1049 2731 νόμου
1104 2662 1336 2734 ὑπήκοος
1387 2666 1414 2717 ὁ
1459 2664 1550 2717 τοῦ
1594 2667 1754 2736 νόμου

201 2753 597 2824 ὲλευθεριωτὴς,
657 2754 750 2805 καὶ
799 2752 1080 2824 προσφορά
1125 2756 1452 2824 προσάγεται
1497 2757 1636 2828 ὑπὲρ
1663 2758 1755 2812 τοῦ

203 2847 334 2915 ἡμᾶς
374 2846 724 2912 ἁγιάσαντος,
752 2841 940 2911 ζεῦγος
966 2845 1163 2915 ὀρνέων
1188 2847 1476 2918 ἀκεραίων,
1511 2851 1588 2912 είς
1621 2867 1758 2923 μαρ-

202 2939 372 3007 τύριον
406 2936 512 2989 τῶν
552 2936 868 3005 ἀμωμήτως
906 2936 1252 3006 προσιόντων.
1285 2939 1404 2991 Ὅτι
1439 2939 1493 2991 δὲ
1527 2940 1758 3010 ἀμόλυν-

202 3045 283 3092 τος
310 3027 513 3090 ὀτόκος
554 3027 647 3078 καὶ
680 3025 985 3095 καθαρσίων
1026 3026 1329 3091 ἀνεύθυνος,
1371 3034 1634 3102 μαρτυρεῖ
1657 3050 1758 3102 μου

202 3121 276 3189 τῷ
305 3119 446 3189 λόγῳ
489 3119 734 3180 Ἡσαΐας,
764 3117 1051 3189 διαρρήδην
1078 3120 1140 3188 τῇ
1171 3119 1258 3186 ὑφ’
1281 3118 1412 3189 ἡλίῳ
1446 3121 1754 3192 κηρύττωνσ

203 3213 347 3280 Πρὶν
366 3213 404 3280 ἢ
425 3211 534 3279 τὴν
563 3211 905 3265 ὠδίνουσαν
944 3212 1155 3275 τεκεῖν,
1184 3214 1326 3280 πρὶν
1360 3212 1398 3281 ἢ
1423 3214 1621 3267 ἐλθεῖν
1653 3214 1759 3268 τὸν

202 3305 381 3357 πόνον
416 3303 532 3356 τῶν
566 3303 815 3368 ὠδίνων,
862 3303 1130 3374 ἐξέφυγε,
1190 3305 1285 3357 καὶ
1321 3306 1520 3359 ἔτεκεν
1559 3307 1755 3374 tie-per.

208 3399 291 3462 Τίς
343 3397 577 3464 ἤκουσε
639 3395 941 3460 τοιοῦτον,
1003 3397 1040 3464 ἢ
1088 3397 1179 3461 τίς
1223 3395 1478 3463 ἑώρακεν
1536 3397 1758 3463 οὕτως;

214 3486 544 3555 Ἐκπὲφευγε
597 3487 773 3538 τοίνυν
830 3487 862 3556 ἡ
916 3488 1151 3554 παναγία
1210 3487 1643 3559 Παρθενομήτωρ
1691 3488 1758 3542 τά

203 3582 494 3646 γυναικεῖα,
530 3580 626 3632 καὶ
655 3579 833 3650 πρὶνῆ
865 3581 1157 3644 τεκεῖν,εἰ’τ’
1186 3575 1276 3633 οὖν
1316 3581 1442 3634 ἄνευ
1478 3583 1758 3644 συνουσίας

207 3671 472 3723 σδὶάαὸεῖν
521 3669 658 3739 (46),
701 3669 1011 3740 Πνεύματος
1056 3671 1208 3739 ἁγίου
1249 3671 1757 3742 προνυμφεύσαντος

207 3764 287 3815 καὶ
341 3764 689 3830 ἁγιάσαντος.
737 3760 933 3813 Τέτοκε
970 3763 1058 3814 τὸν
1092 3763 1445 3832 πρωτότοκον,
1480 3762 1573 3815 καὶ
1601 3781 1755 3832 μονο-

209 3857 320 3925 γενῆ
342 3855 434 3908 τοῦ
463 3852 684 3924 Πατρὺς
717 3853 864 3916 Υἰὸν,
903 3853 992 3905 τὸν
1021 3854 1130 3906 ἄνω
1165 3854 1459 3924 μονογενῶς
1491 3854 1621 3924 ἄτερ
1653 3872 1755 3926 μη-

209 3947 316 4017 τρὸς
349 3950 413 4000 ὲκ
452 3947 553 4016 τῆς
611 3946 880 4014 πατρικῆς
928 3945 1111 4009 οὐσίας
1143 3945 1510 4016 ἐκλάμψαντα,
1540 3947 1631 3999 καὶ
1662 3947 1758 4017 τὴν

210 4040 485 4111 παρθενίαν
517 4039 620 4110 τῆς
663 4039 893 4109 φυσικῆς
927 4037 1105 4101 ὲνάδος
1150 4040 1437 4108 ἀμέριστον
1486 4040 1574 4091 καὶ
1605 4038 1758 4092 ἀδιά-

191 4133 384 4186 “στατον
413 4130 722 4200 φυλάξαντα
743 4148 756 4161 ο
784 4132 877 4184 καὶ
914 4130 1060 4183 κάτω
1091 4132 1154 4183 ὲκ
1188 4130 1517 4202 παρθενικῆς
1551 4131 1758 4186 παστά-

273 4314 312 4343 ¹¹
341 4312 475 4366 Hab.
504 4327 590 4376 ιιι,
667 4310 719 4365 5.
796 4311 841 4342 ’³
873 4309 1043 4368 Exod.
1075 4328 1166 4376 xv,
1189 4309 1242 4364 2.

1314 4311 1360 4342 ”‘
1385 4309 1558 4367 Exod.
1593 4326 1781 4378 xxxrv,
1801 4310 1884 4365 l9.

1853 566 2133 620 apparere,
2169 550 2363 604 faustis
2403 548 2656 604 omnibus
2685 552 2891 622 excipe.
2924 550 3017 605 Die
3049 559 3106 606 ut
3146 552 3355 624 Moyses
3389 574 3403 610 :

1853 640 1963 696 Istc
1991 644 2128 695 Deus
2164 659 2326 704 meus,
2345 650 2392 694 et
2422 640 2727 710 gloriﬁcabo
2757 658 2870 694 cum
2898 659 2914 694 :
2948 641 3084 696 Deus
3113 645 3281 710 patris
3311 646 3411 700 mei

1852 741 1898 784 et
1923 731 2164 785 cxallabo
2189 747 2302 784 cum
2335 730 2399 782 ’³.
2455 727 2626 783 Porro
2675 737 2794 799 post
2821 732 3112 800 gratiarum
3153 732 3410 803 deinceps

1854 825 2120 879 actionem
2146 823 2433 878 utilissime
2466 832 2804 895 scrutemur,
2842 825 2969 894 quid
3001 840 3177 879 causa:
3209 823 3410 895 Regem

1855 916 2037 986 gloria:
2069 917 2121 968 in
2153 915 2462 969 Bethlchem
2503 917 2867 970 suscitaverit.
2901 915 2964 969 Et
2996 918 3234 986 quidem,
3265 925 3322 971 ut
3354 918 3412 971 in

1854 1005 2166 1060 Bethlehem
2201 1015 2523 1076 corporatus
2546 1014 2878 1073 nasceretur,
2909 1010 3081 1079 coegit
3105 1011 3272 1062 nostri
3310 1009 3413 1063 mi-

1854 1096 2078 1160 seratio,
2113 1099 2314 1167 alioqui
2347 1099 2465 1168 cogi
2497 1100 2763 1153 nescium.
2799 1097 3014 1163 Verum,
3048 1108 3104 1153 ut
3138 1100 3314 1155 itif-.an
3342 1101 3415 1154 la-

1854 1200 2029 1258 ctens,
2063 1191 2153 1244 ille
2191 1192 2246 1244 in
2272 1201 2514 1261 tempore
2549 1209 2743 1262 expers
2790 1194 3069 1264 temporis,
3100 1195 3299 1264 quique
3334 1194 3410 1247 fa-

1855 1284 1985 1338 sciis
2030 1299 2137 1336 non
2194 1282 2444 1337 detentus
2487 1283 2841 1349 detineretur,
2876 1286 3064 1354 pulsus
3115 1287 3288 1354 patria
3348 1299 3412 1340 ac

1856 1375 2115 1444 profugus
2140 1373 2308 1439 fieret,
2343 1389 2588 1444 quaenam
2622 1373 2836 1427 demum
2871 1376 3164 1428 necessitas
3189 1390 3414 1445 compu-

1855 1466 1950 1519 lit?
1981 1456 2140 1529 Sa'ne,
2157 1466 2200 1520 si
2219 1474 2270 1519 et
2296 1472 2407 1518 haec
2430 1466 2581 1519 vobis
2595 1467 2956 1536 cognoscendi
2979 1476 3060 1522 est
3082 1469 3314 1532 animus,
3332 1467 3416 1522 di-

1853 1557 1979 1609 vina
2024 1557 2182 1626 plane
2217 1554 2435 1626 Deoque
2475 1557 2648 1611 amata
2695 1558 2906 1621 concio,
2959 1559 3139 1612 audite
3171 1558 3411 1630 Moysen,

1855 1651 1999 1704 clare
2029 1650 2228 1720 populo
2257 1648 2636 1718 praedicantem
2656 1693 2671 1716 ,
2698 1658 2858 1720 atque
2905 1652 2971 1705 ad
3015 1651 3223 1705 eximia:
3271 1652 3414 1708 illius

1857 1739 2155 1793 nativitatis
2189 1739 2550 1808 cognitionem
2586 1741 2731 1793 velut
2776 1741 3206 1794 exstimulantem
3243 1756 3306 1794 ac
3331 1741 3416 1795 di-

2189 1825 2352 1881 Oti-tne
2406 1828 2774 1892 masculinum,
2836 1831 3140 1899 adaperiens
3191 1829 3415 1896 vulvam,

1856 1930 2095 1976 sanctum
2122 1920 2346 1973 Domino
2377 1921 2644 1974 vocabitur
2673 1920 2736 1975 “.
2767 1919 2810 1976 0
2840 1937 2925 1976 res
2949 1921 3226 1975 miranda!
3261 1921 3304 1977 0
3334 1923 3419 1976 ai-

1855 2013 2023 2067 titudo
2050 2013 2356 2067 divitiarum
2385 2022 2433 2066 et
2458 2015 2728 2081 sapientia'
2755 2025 2804 2067 et
2836 2015 3070 2068 scientia:
3094 2014 3188 2068 Dei
3206 2016 3285 2068 “l
3312 2014 3416 2070 De-

1854 2107 2011 2160 cebat
2039 2105 2287 2160 videlicet
2336 2103 2626 2159 Dominum
2677 2106 2809 2176 legis
2837 2115 2889 2161 et
2922 2108 3324 2178 prOphetarum,
3357 2117 3416 2163 ut

1851 2199 2001 2269 juxta
2033 2199 2308 2269 propriam
2334 2197 2449 2267 ipse
2483 2197 2654 2268 legem
2677 2199 2860 2251 omnia
2888 2200 3211 2265 conﬁceret,
3239 2215 3416 2270 neque

1854 2291 2057 2346 faceret
2090 2291 2321 2354 irritam,
2349 2289 2444 2344 sed
2474 2289 2653 2358 potius
2681 2290 2924 2360 impleret
2960 2309 2973 2345 :
3015 2307 3079 2345 ac
3110 2292 3306 2347 dehinc
3341 2293 3416 2347 le-

1856 2386 1939 2455 gis
2003 2385 2262 2447 termino,
2310 2385 2496 2453 gratia:
2537 2397 2648 2437 suae
2707 2384 3031 2454 principium
3078 2385 3414 2454 adjungeret.

1856 2476 2240 2543 Quamobrem,
2270 2477 2369 2547 legi
2401 2478 2652 2546 superior
2683 2477 2852 2530 Mater
2873 2494 2930 2532 se
2965 2478 3065 2547 legi
3099 2479 3367 2532 submittit
3397 2495 3414 2533 :

1859 2578 2156 2639 sanctaque
2188 2569 2277 2622 illa
2312 2569 2641 2639 mundaque,
2672 2577 2885 2638 tempus
2910 2569 3269 2640 quadraginta
3303 2569 3420 2624 die-

1857 2679 1976 2716 rum
2007 2663 2062 2714 in
2095 2662 2329 2731 pollutas
2368 2663 2746 2728 constitutum,
2771 2655 3021 2716 observat
3048 2680 3061 2716 :
3087 2678 3151 2717 ac
3193 2662 3286 2732 qui
3317 2660 3416 2715 ab-

1859 2755 2019 2810 solvit
2068 2770 2098 2808 a
2152 2755 2288 2825 lege,
2323 2755 2424 2824 legi
2467 2755 2744 2822 subjectus
2780 2755 3009 2809 ellicitur
3039 2774 3052 2809 :
3087 2754 3418 2824 offerturque

1857 2863 1954 2916 pro
1985 2862 2051 2901 eo
2103 2846 2195 2916 qui
2241 2861 2340 2901 nos
2398 2847 2778 2913 sanctilicavit,
2823 2863 2920 2918 par
2951 2848 3131 2900 avium
3187 2846 3416 2900 munda-

1857 2954 1976 2994 rum
2008 2941 2072 3003 ’°,
2107 2941 2160 2993 in
2182 2954 2369 2994 eorum
2396 2939 2762 2994 testimonium
2796 2940 2888 3009 qui
2914 2940 3097 2993 mundi
3134 2939 3418 3008 inculpati-

1859 3048 1964 3103 que
1996 3033 2343 3086 accedebant.
2390 3032 2546 3099 Quod
2596 3048 2724 3088 vero
2775 3032 3090 3100 impollutus
3132 3031 3294 3085 fuerit
3328 3030 3419 3085 ille

1786 3157 1826 3213 ο
1863 3135 2069 3196 partus,
2092 3140 2190 3179 nec
2220 3126 2586 3194 piacularibus
2619 3125 2812 3178 hostiis
2838 3125 3124 3186 obnoxius,
3158 3123 3312 3177 testis
3331 3130 3416 3177 est

1861 3217 2050 3283 Isaias,
2073 3218 2276 3272 diserte
2304 3219 2569 3272 univetsa:
2597 3217 2697 3272 sub
2727 3217 2837 3271 sole
2868 3226 3020 3270 terrae
3050 3215 3376 3269 denuntians
3397 3233 3415 3270 :

1860 3313 2172 3380 Antequam,
2203 3311 2396 3378 inquit,
2434 3320 2524 3362 aut
2563 3309 2860 3377 parturiens
2899 3309 3097 3377 pariat,
3139 3316 3229 3359 aut
3269 3318 3417 3360 ante-

1860 3419 2017 3472 quam
2073 3403 2240 3455 veniat
2288 3401 2437 3454 labor
2465 3400 2726 3471 pariendi.
2756 3401 2958 3469 e/fugit,
2992 3411 3040 3452 et
3063 3400 3256 3467 peperit
3302 3414 3417 3450 ma-

1860 3493 2083 3548 sculum.
2117 3493 2246 3559 Quis
2286 3493 2388 3547 tale
2416 3493 2539 3564 quid
2586 3492 2941 3546 audivit?aut
2971 3494 3084 3562 quis
3128 3490 3296 3546 simile
3339 3490 3417 3543 vi-

1861 3583 1939 3636 dit
1965 3583 2267 3653 "?Ell'ugit
2295 3597 2424 3653 ergo
2478 3597 2597 3654 quae
2633 3591 2761 3636 sunt
2803 3581 3088 3636 muliebria
3137 3581 3422 3636 sanctissi-

1863 3689 1948 3729 ma
1984 3673 2143 3746 Virgo
2174 3673 2362 3738 Mater,
2397 3685 2684 3745 antequam
2726 3676 2886 3730 etiam
2940 3680 3194 3744 pareret:
3232 3679 3288 3726 ut
3329 3673 3416 3728 ni-

1860 3767 2080 3832 mirum,
2111 3765 2314 3836 Spiritu
2368 3778 2555 3822 sancto
2593 3783 2710 3822 eam
2755 3768 2856 3822 sibi
2878 3767 2988 3836 jam
3030 3776 3152 3824 ante
3184 3767 3421 3838 despon-

1860 3863 2015 3910 sante
2046 3864 2100 3910 et
2153 3855 2550 3919 sanctiﬁcante,
2601 3855 2805 3925 absque
2843 3855 2982 3908 virili
3030 3856 3420 3924 congressione

1861 3945 2188 4015 conciperet.
2250 3943 2463 4016 Peperit
2511 3946 2598 3999 illa
2653 3947 3093 4016 primogenitum,
3133 3954 3185 4000 et
3240 3943 3419 4000 Patris

1861 4039 2198 4110 unigenitutn
2242 4037 2436 4093 Filium
2469 4059 2483 4094 :
2518 4056 2663 4105 eum,
2698 4041 2942 4110 inquam,
2973 4041 3064 4109 qui
3094 4041 3149 4094 in
3183 4041 3414 4110 superis,

1861 4133 2114 4202 unigene,
2134 4133 2336 4202 absque
2352 4141 2542 4200 matre,
2561 4149 2626 4187 ex
2652 4141 2875 4204 paterna
2897 4133 3198 4188 substantia
3219 4133 3413 4199 eluxit;

2483 4309 2672 4364 "Luc.
2701 4327 2760 4376 ιι,
2783 4310 2873 4365 24.
2944 4312 2985 4342 ⁸⁷
3013 4309 3144 4365 Isai.
3176 4326 3322 4378 uvr,
3365 4311 3414 4366 7.

1965 4313 2010 4345 ³⁸
2041 4310 2190 4365 Rom.
2211 4327 2288 4377 ιι,
2318 4312 2407 4366 55.

276 4479 377 4552 (ιδ)
418 4479 708 4552 Ἐχόμείνα
729 4477 797 4528 δὲ
825 4476 942 4529 τῶν
969 4478 1453 4552 εὐχαριστηρίων.
1490 4476 1755 4552 Nonnullo

1863 4495 1966 4552 nus
2001 4494 2306 4552 congruere
2352 4479 2566 4552 videtur
2605 4477 2853 4548 dignitati
2885 4477 3035 4546 pueri
3075 4475 3225 4540 Iesu,
3257 4477 3324 4530 ab
3352 4491 3418 4531 ea

221 4548 298 4602 illo
324 4551 544 4618 hymno,
575 4549 640 4601 ad
669 4563 826 4616 quem
861 4556 1014 4601 antea
1044 4550 1288 4602 hortatus
1345 4556 1482 4610 erat,
1511 4549 1758 4603 vincente

222 4621 501 4683 argumenti
561 4619 867 4687 majestate,
917 4634 1074 4686 quem
1124 4628 1176 4673 et
1229 4619 1338 4687 jam
1376 4620 1592 4688 exegit;
1644 4627 1758 4672 uta

223 4692 489 4758 voluptate,
521 4689 588 4742 ad
614 4692 848 4758 aliquam
879 4689 1178 4743 intellectus
1212 4688 1753 4758 eruditionemuseo-

222 4757 361 4821 διχῶς
394 4757 902 4814 Μυιὴοάὶιιςιιοειθι·
931 4768 1198 4826 transeat;
1227 4758 1372 4829 quod
1403 4760 1540 4812 tnale
1571 4757 1758 4813 Parui--

221 4847 310 4882 nus
328 4831 489 4883 obscu
499 4840 602 4883 rat.

278 4901 380 4966 (44)
420 4900 778 4952 Ύποτίτθιον
834 4898 1223 4967 τυγχάνοντα.
1273 4897 1594 4969 Aggravatio
1619 4906 1703 4952 est
1739 4914 1751 4949 ι

221 4976 270 5021 ιιι
300 4986 398 5022 non
421 4981 630 5023 tantum
665 4971 891 5024 voluerit
929 4973 1038 5023 lieri
1077 4972 1275 5033 infans,
1301 4981 1354 5023 et
1388 4985 1506 5037 qua:
1532 4977 1659 5023 sunt
1683 4970 1759 5022 in-

219 5037 426 5094 l'antium
447 5043 592 5094 velut
628 5041 936 5093 necessario
990 5056 1305 5105 assumere;
1351 5041 1442 5093 sed
1487 5041 1646 5092 etiam
1679 5048 1756 5094 te-

218 5111 342 5163 nella
370 5111 460 5163 illa
482 5119 658 5170 :etate,
691 5112 812 5178 pelli
837 5112 1026 5180 patria.
1046 5120 1099 5164 et
1133 5112 1198 5164 ad
1229 5110 1755 5180 transmigrationem

217 5182 355 5251 cogi:
392 5182 638 5251 μέτοικος
667 5179 936 5248 γενέσθαι.
965 5181 1171 5234 Μειωεὶ
1203 5182 1255 5234 ἱιι
1285 5182 1320 5234 l.
1355 5178 1530 5243 Certa,
1579 5196 1630 5235 c.
1685 5178 1759 5234 De

211 5246 320 5313 jure
349 5246 455 5311 lis..
495 5255 528 5304 I.
559 5268 612 5313 ς,
636 5246 761 5305 sunt
788 5253 878 5318 qui
901 5251 1057 5317 jussu
1083 5251 1380 5320 principum
1405 5252 1458 5304 in
1491 5251 1650 5303 aliam
1681 5252 1758 5303 ci-

215 5321 416 5390 vitatem
444 5338 617 5390 pinnae
640 5337 804 5374 causa
836 5323 1254 5383 transferuntur,
1287 5337 1583 5390 eorumque
1623 5335 1759 5389 prae-

212 5389 288 5460 dia
319 5389 661 5460 publicentur
694 5412 706 5446 :
739 5392 772 5444 ii
797 5390 1051 5444 dicuntur
1069 5400 1120 5445 et
1135 5392 1470 5444 ἀνάσπαστοι
1503 5389 1515 5445 ι
1555 5393 1755 5460 quibus

213 5455 461 5516 Dominus
488 5463 648 5516 Jesus
683 5463 735 5516 in
770 5460 1059 5531 Aigyptum
1108 5462 1338 5531 fugiens,
1394 5455 1586 5516 statim'
1623 5477 1757 5531 pene

209 5531 270 5604 ab
297 5543 442 5594 ortu,
472 5535 667 5587 similis
690 5533 816 5604 egit.
844 5523 956 5604 Ede
979 5533 1079 5586 hoc
1097 5523 1358 5588 Paulinus
1387 5523 1757 5604 expressit.—

206 5597 374 5656 Monet
401 5597 764 5658 Combelisiu's
785 5603 836 5654 in
857 5602 1209 5656 Emendandis
1237 5605 1302 5657 ad
1329 5597 1532 5656 calcem
1560 5603 1759 5656 Metho—

203 5670 292 5732 dii,
316 5673 454 5728 hanc
487 5683 670 5728 uolam
693 5689 812 5729 esse
845 5674 1213 5744 corrigendam
1237 5690 1250 5725 :
1271 5673 1540 5744 hicﬁenim,
1561 5675 1754 5744 inquit,

202 5750 340 5813 patet
363 5760 675 5800 sermonem
703 5761 826 5800 esse
854 5745 920 5798 de
951 5743 1268 5813 migratione
1294 5760 1324 5796 a
1353 5743 1663 5799 Bethlehem
1700 5743 1755 5798 in

198 5811 531 5871 Hierusalem
563 5818 631 5871 ad
660 5815 981 5886 implendam
1013 5811 1214 5884 legem;
1246 5829 1365 5884 quae
1404 5823 1455 5872 et
1485 5814 1624 5886 ipsa_
1657 5814 1758 5868 mi-

1861 4550 1974 4604 lege
1999 4550 2274 4603 imtnunis.

2319 4615 2864 4691 ro;rov_:rspatd)o'st.
2900 4615 2968 4691 Ut
2993 4615 3130 4691 idem
3163 4616 3417 4691 sit-atque

1858 4687 2106 4761 πέρασις,
2139 4687 2300 4761 Sensu
2333 4706 2440 4758 quo
2502 4689 2698 4742 Suidas
2742 4690 2981 4757 exponit,
3037 4689 3086 4739 in
3141 4687 3353 4761 cnloco
3396 4707 3410 4740 :

1857 4755 1983 4813 Δότε
2013 4761 2125 4830 βίου
2176 4755 2403 4829 πέρασιν
2448 4761 2538 4812 καὶ
2578 4755 2957 4829 καταστροφήν
3006 4773 3171 4830 τινα-⁸
3205 4755 3413 4830 Finem,

1855 4827 2074 4885 exitum.
2103 4829 2190 4884 Sic
2219 4827 2361 4883 recte
2390 4830 2638 4899 quadrat,
2678 4839 2733 4883 ut
2758 4827 2856 4898 legi
2891 4827 3102 4883 habenti
3120 4827 3230 4896 jam
3259 4828 3414 4880 linem

1859 4901 2063 4955 Chriin
2102 4901 2334 4955 adventu
2363 4898 2418 4954 ct
2444 4902 2844 4970 adimpletione,
2877 4901 2990 4968 ipse
3010 4899 3266 4970 adjungat
3295 4898 3418 4970 ini-

1860 4975 1992 5025 tium
2057 4974 2240 5040 gratia:
2287 4988 2418 5034 sum,
2464 4987 2564 5024 nos
2597 4968 2685 5024 illa
2739 4971 3044 5031 absolvens,
3081 4977 3133 5022 et
3157 4968 3224 5040 ad
3255 4969 3419 5040 aliam

1860 5044 2030 5112 legem
2065 5038 2438 5112 transferens;
2470 5056 2587 5111 quae
2614 5049 2696 5097 est
2725 5042 2908 5110 gratia:
2937 5038 3420 5112 lllClltlalltlSAllll-US

1859 5109 2142 5168 desitione.
2175 5113 2311 5167 Male
2343 5109 2607 5166 Paulinus
2634 5130 2645 5164 :
2688 5109 2878 5165 Dehinc
2900 5111 2967 5163 ad
2990 5112 3112 5180 legis
3140 5109 3418 5177 perfectio-

1859 5201 1994 5241 nem.
2018 5185 2204 5254 gratia:
2227 5200 2338 5238 sua:
2353 5184 2665 5253 principium
2695 5183 2996 5252 adjungere,
3027 5183 3204 5234 minus
3225 5183 3417 5232 saltem

1859 5254 2022 5308 clare.

1930 5326 2039 5391 (46)
2083 5325 2202 5378 Εἶτ’
2242 5323 2355 5381 οὖν
2373 5325 2518 5380 ἄνευ
2543 5325 2876 5388 συνουσίὶις
2903 5316 3423 5391 ott11a6sir.__Sunt

1859 5388 1948 5450 illa
1984 5397 2285 5467 muliebria,
2321 5413 2439 5465 qua:
2463 5407 2586 5450 ante
2622 5398 2802 5467 etiam
2840 5402 3052 5467 partum
3091 5391 3202 5467 _Dei
3252 5388 3422 5467 Mater

1857 5467 2061 5534 ell'ugit.
2101 5466 2298 5521 Eodem
2329 5458 2439 5521 fere
2472 5469 2630 5521 modo
2659 5458 3173 5535 arguit'Ambrosius
3193 5458 3423 5535 epistola

1858 5539 1924 5608 ad
1958 5530 2208 5591 Siricium
2235 5553 2447 5608 papam,
2473 5553 2502 5590 a
2536 5530 2802 5604 conceptu
2831 5530 3166 5608 virginali_ad
3187 5533 3418 5608 partun}.

1857 5606 2122 5662 Pantinus
2153 5601 2428 5678 connectit
2457 5601 2829 5678 sequentibus,
2863 5601 3134 5678 qumnodo
3157 5607 3312 5652 erant
3337 5601 3419 5649 vi-

1860 5679 1995 5733 tiose
2030 5687 2285 5748 punctata
2317 5673 2662 5740 Graecafnee
2697 5673 2934 5748 congrua
2973 5673 3419 5748 orationemem-

1857 5737 2088 5819 sumque
2121 5749 2358 5806 auctoris
2385 5737 2583 5819 ubique
2604 5737 2878 5817 subtilem,
2912 5747 3092 5802 minus
3117 5737 3314 5796 reddit.
