4010 6328
184 323 290 385 587

1267 332 1497 388 SERMO
1536 333 1624 388 DE
1663 334 1965 391 SIMEONE-
2001 336 2090 391 ET
2129 337 2334 393 ANNA.

3289 353 3390 411 558

185 437 468 502 ἀνάδειξιν,
501 435 654 492 ἅτινα
685 436 852 511 δηλοῖ,
883 440 940 494 τὸ
976 442 1070 512 μὲν
1091 483 1105 505 ,
1142 446 1243 499 Ἐν
1259 448 1424 516 μέσῳ
1448 448 1554 501 δύο
1586 447 1738 510 ζώων

1848 451 1972 504 dum
2013 462 2209 523 tempus
2251 453 2453 518 aderit,
2486 457 2768 512 ostenderis
2799 458 2864 512 '°.
2901 459 3110 531 Inspice
3152 479 3278 519 vero
3303 482 3395 521 ac-

182 528 530 602 τνωσθήσῃ,
555 531 653 600 τήν
672 548 730 583 τε
765 531 906 585 κατὰ
922 534 1080 605 νόμον
1107 539 1164 590 ἐν
1195 541 1303 602 τοῖς
1335 539 1544 604 ἀδύτοις
1585 542 1745 612 ὑπερ-

183 618 386 672 άνωθεν
418 617 512 671 τοῦ
542 619 854 691 ἱλαστηρίου
888 623 982 694 τῆς
1022 624 1252 679 κιϐωτοῦ
1281 628 1483 697 μεταξὺ
1510 630 1618 683 τῶν
1650 649 1742 684 τυ-

185 711 356 762 πικῶν
403 711 674 782 χερουσὶμ
719 714 1027 769 ὲπισκίασιν
1048 717 1147 787 τῆς
1192 718 1338 782 Θείας
1373 721 1535 773 αὑτοῦ
1567 721 1740 791 δόξης,

183 801 255 866 ὥς
281 819 412 873 φησι
442 802 580 874 πρὸς
628 805 866 877 Μωῦσῆν
887 846 901 869 ,
945 807 1247 862 Ἐντεῦθέν
1271 825 1368 863 σοι
1400 813 1744 880 γνωσθήσο-

160 910 313 964 μαι,
375 895 480 965 τήν
536 911 595 947 τε
654 899 1068 968 καταντήσασαν
1127 900 1194 953 τά
1240 901 1333 955 νῦν
1364 903 1450 956 διὰ
1483 903 1578 975 τὴν
1605 905 1744 976 κατὰ

184 985 358 1057 σάρκα
406 986 753 1058 πανύμνητον
806 989 968 1043 αὐτοῦ
1003 991 1095 1045 τοῦ
1141 994 1384 1066 Σωτῆρος
1431 995 1744 1064 θεοφάνειαν

181 1077 476 1150 ἀγγελικὴν
514 1078 840 1144 συνέλευσιν,
877 1083 924 1134 εί
957 1086 1050 1137 καὶ
1078 1087 1210 1158 πρὸς
1239 1087 1392 1158 ἡμῶν
1421 1087 1744 1160 ἀθεώρητος,

185 1169 359 1233 καθὼς
402 1171 804 1242 προδεδήλωκεν
855 1173 1108 1240 Ἡσαΐας·
1137 1179 1196 1231 τὺ
1227 1179 1304 1245 δὲ,
1356 1181 1450 1232 Ἐν
1479 1181 1557 1245 τῷ
1593 1181 1746 1251 ἐγγί-

185 1263 298 1323 ζειν
332 1263 405 1317 τὰ
466 1265 592 1333 ἐτη,
643 1267 1093 1338 ἑπιγνωσθήσῃ,
1142 1271 1238 1342 τὴν
1283 1272 1617 1336 πανὲνδοξον,
1672 1273 1747 1337 ὡς

187 1353 522 1424 πῳείρηται,
550 1358 690 1408 κατὰ
733 1357 910 1430 σάρκα
935 1359 1226 1427 ἐπίγνωσιν
1257 1361 1351 1414 τοῦ
1383 1362 1612 1433 ἀοράτου
1641 1363 1745 1415 Σω-

186 1445 342 1514 τῆρος
368 1444 528 1514 ἡμῶν
560 1446 717 1512 Θεοῦ,
744 1447 818 1511 ὣς
845 1466 944 1501 που
974 1450 1136 1519 φησὶν
1164 1453 1192 1503 ό
1222 1451 1390 1522 μέγας
1427 1451 1747 1524 ίερομύστης

186 1537 424 1600 Παῦλος·
479 1539 618 1592 Ὅτε
643 1539 710 1593 δὲ
747 1537 893 1610 ἦλθε
925 1542 990 1594 τὸ
1031 1543 1321 1612 πλήρωμα
1367 1544 1470 1597 τοῦ
1503 1546 1744 1614 χρόνου,

186 1629 611 1694 ἐξαπέστειλεν
642 1634 675 1684 ό
706 1632 848 1698 Θεὸς
890 1631 995 1686 τὸν
1037 1633 1176 1687 Υὶὸν
1201 1635 1404 1696 αὐτοῦ,
1430 1636 1748 1704 γενόμενον

185 1722 246 1775 ἐκ
274 1723 579 1790 γυναικὸς,
607 1725 926 1793 γενόμενον
950 1726 1067 1779 ὐπὸ
1087 1728 1292 1796 νόμον,
1325 1728 1423 1780 ἵνα
1466 1727 1606 1792 τοὺς
1627 1727 1744 1782 ὑπὸ

1843 554 2085 600 curatam
2141 549 2357 618 penitus
2409 546 2647 618 Spiritus
2698 551 3051 622 diligentiam.
3109 553 3392 614 Notionem

1842 639 2000 705 dixit,
2033 641 2361 709 agnitionem
2397 649 2450 694 et
2487 643 2886 710 ostensionem;
2923 662 3153 714 quorum
3181 648 3395 720 singula

1843 733 1956 786 haec
1978 732 2282 800 declarant;
2314 733 2442 787 illud
2468 735 2682 804 quidem
2722 755 2733 790 :
2761 735 2823 789 1η
2850 740 3017 793 medio
3034 742 3255 795 duorum
3286 743 3376 804 αὶρὶ

1842 825 2061 878 malium
2092 825 2424 888 uosceris;in
2458 827 2668 895 primis,
2698 827 2891 882 divina:
2914 832 3100 899 ipsius,
3135 833 3288 900 juxta
3320 834 3394 887 le-

1843 933 1985 986 gem,
2016 918 2070 971 in
2099 919 2298 989 adytis,
2323 935 2485 990 super
2510 935 2648 975 arca:
2666 923 3118 991 propitiatorium,
3140 926 3190 978 in
3216 927 3397 981 medio

1843 1008 2147 1078 typicorum
2185 1008 2485 1074 cherubim,
2511 1011 2695 1080 gloria:
2718 1013 2859 1066 velut
2887 1015 3348 1069 obumbrationem
3373 1033 3392 1084 ;

1842 1113 1967 1152 nam
2009 1099 2084 1152 ait
2109 1116 2114 1122 ·
2138 1099 2202 1153 ad
2236 1099 2449 1171 Moysen
2486 1119 2498 1154 :
2533 1100 2662 1154 Inde
2689 1103 2783 1155 tibi
2822 1104 3234 1159 innotescunt":
3265 1123 3397 1176 prte-

1843 1197 1991 1244 terea
2015 1190 2198 1255 etiam,
2234 1206 2381 1246 nunc
2410 1193 2586 1258 nobis,
2635 1208 2730 1263 per
2771 1193 3067 1251 Salvatoris
3115 1197 3286 1266 ipsius
3309 1215 3392 1253 se-

1844 1281 2082 1335 cundum
2117 1283 2616 1349 carnem,-divinam
2653 1285 3008 1356 laudibusque
3034 1290 3283 1344 omnibus
3304 1307 3395 1344 ce-

1843 1371 2159 1425 lebrandam
2191 1373 2600 1442 apparitionem,
2620 1372 2817 1426 factum
2843 1376 3055 1430 obvium
3082 1379 3392 1448 angelorum

1845 1476 2170 1517 concursum
2204 1482 2216 1516 :
2251 1479 2555 1534 quanquam
2595 1465 2663 1529 is,
2705 1475 2896 1520 natura
2945 1483 3064 1534 sua,
3112 1469 3268 1524 nobis
3311 1470 3395 1522 in-

1846 1561 2194 1631 aspectabilis
2217 1571 2319 1625 est,
2345 1569 2402 1615 ut
2421 1564 2530 1631 jam
2560 1570 2684 1617 ante
2708 1563 2873 1618 Isaias
2900 1565 3212 1619 declaravit.
3239 1564 3394 1631 Quod

1844 1661 2023 1707 autem
2049 1656 2123 1707 ait
2146 1675 2156 1707 :
2186 1653 2320 1706 Dum
2344 1656 2863 1726 appropinquaverint
2887 1657 3030 1720 anni,
3058 1658 3349 1726 agnosceris
3373 1671 3394 1712 :

1847 1746 2068 1800 omnino
2099 1747 2350 1816 inclytam
2380 1746 2548 1814 illam,
2582 1758 2640 1803 ut
2677 1750 2785 1818 jam
2821 1749 3024 1802 dictum
3055 1758 3158 1815 est,
3195 1765 3393 1804 secun-

185 1817 358 1882 νόμον
380 1813 746 1883 ἐξαγοράσῃ.
762 1817 862 1867 ἵνα
881 1813 993 1883 τὴν
1006 1818 1311 1871 υἱοθεσίαν
1333 1817 1740 1886 ἀπολάϐωμεν.

1846 1838 1972 1893 dum
2005 1853 2244 1902 carnem,
2287 1839 2574 1895 invisibilis
2619 1841 2820 1911 alioqui
2855 1840 2946 1895 Dei
2982 1840 3277 1895 Salvator-is
3306 1855 3396 1894 no—

184 1907 250 1959 Τὸ
264 1906 315 1958 δὲ
337 1906 704 1975 ἐπαγόμενον,
722 1907 816 1959 Ἐν
834 1907 898 1960 τὸ
915 1907 976 1976 (Ῑ.
992 1906 1089 1978 τῷ)
1115 1908 1383 1976 παρεῖναι
1395 1909 1500 1961 τὸν
1518 1909 1738 1977 καιρὸν,

183 1997 608 2065 ἀναδειχθήσῃ,
643 1998 804 2061 ποίας
849 1998 913 2050 ἂν
943 1999 1035 2052 καὶ
1062 1999 1230 2053 δέοιτο
1269 2001 1637 2074 ἀντιφράσεως
1665 2002 1741 2073 τῷ

185 2088 437 2142 εὕσκοπον
499 2089 637 2160 πρὸς
705 2089 765 2141 τὸ
832 2090 1213 2162 ἑορταξόμενον
1270 2093 1618 2146 ἀπευθύνοντι
1683 2094 1742 2146 τὺ

182 2181 347 2251 opus;
386 2181 782 2254 Ἀναδειχθήσῃ
801 2182 927 2254 γὰρ,
965 2184 1232 2254 (meimei);
1263 2187 1353 2239 ἐπὶ
1381 2187 1563 2240 πίνακι
1593 2187 1744 2257 βασι-

183 2271 325 2344 λικῷ,
349 2274 461 2326 ὑπὸ
503 2273 606 2343 τῆς
651 2273 915 2344 τεκούσης
956 2292 1014 2327 σε
1049 2275 1314 2345 ἀχράντου
1348 2279 1546 2350 μητρὸς
1571 2280 1628 2330 ὲν
1665 2279 1743 2350 τῷ

185 2365 302 2434 ναῷ,
331 2367 390 2417 ὲν
419 2367 488 2436 τῇ
542 2365 641 2434 τῆς
677 2363 1001 2434 σαρκιῦσεὼς
1042 2383 1134 2418 σου
1194 2367 1512 2440 εὐπρεπείᾳ.
1559 2367 1744 2422 Ταῦτα

184 2456 232 2509 δὲ
251 2456 652 2526 ἀνακεφαλαιού
663 2474 821 2528 μενος
855 2459 884 2510 ό
924 2459 1205 2530 προφήτης
1244 2461 1379 2532 πρὸς
1402 2461 1461 2513 τὸ
1486 2461 1743 2530 σαφέσι-εει

189 2566 287 2620 ρον,
321 2548 678 2619 ἀνακέκραγε
731 2548 934 2617 λέγων·
970 2552 1181 2621 Κύριος
1215 2553 1284 2606 ἐν
1317 2553 1439 2618 ναῷ
1474 2554 1618 2623 ἁγίῳ
1646 2554 1742 2607 αὐ-

185 2639 276 2692 τοῦ
291 2657 302 2669 ·
327 2640 704 2693 εὐλαϐείσθω
720 2640 838 2694 ἀπὸ
861 2641 1182 2708 προσώπου
1205 2645 1388 2698 αὑτοῦ
1409 2644 1573 2700 πᾶσα
1587 2647 1622 2713 ἡ
1639 2643 1730 2714 γῆ.

1845 1932 1944 1986 stri
1972 1929 2299 1999 agnitionem
2324 1931 2624 2000 signiﬁcat;
2651 1942 2706 1984 ut
2738 1931 2969 2002 quodam
3002 1933 3137 1992 loco,
3169 1947 3394 2002 magnus

1845 2020 1934 2075 ille
1964 2034 2241 2074 sacrorum
2300 2028 2503 2090 mystes
2549 2017 2751 2075 Paulus
2800 2021 2918 2073 ait:
2953 2020 3174 2086 Quando
3223 2031 3394 2075 autem

1847 2112 1983 2165 venit
2011 2110 2277 2178 plenitudo
2311 2113 2578 2179 temporis,
2612 2113 2785 2165 emisit
2825 2113 2961 2168 Deus
2990 2111 3188 2167 Filium
3219 2131 3392 2179 suum,

1846 2203 2043 2272 factum
2073 2218 2136 2255 ea:
2182 2203 2414 2267 muliere,
2448 2204 2647 2273 factum
2676 2203 2770 2257 sub
2803 2205 2930 2274 lege,
2974 2214 3031 2257 ut
3072 2222 3155 2259 eos
3186 2209 3272 2276 qui
3301 2204 3395 2260 sub

1847 2294 1952 2363 lege
1972 2302 2120 2345 erant
2151 2292 2447 2355 redimeret;
2474 2303 2528 2346 ut
2560 2296 2882 2362 adoptionem
2899 2295 3128 2362 ﬁliorum
3149 2298 3400 2366 recipere-

1847 2400 1962 2437 mus
1987 2384 2050 2437 ³’.
2089 2382 2240 2448 Quod
2264 2391 2440 2438 autem
2485 2384 2829 2455 subjungitur
2859 2405 2872 2440 :
2911 2386 3046 2439 Dum
3079 2397 3272 2456 tempus
3304 2386 3400 2439 ad-

1844 2477 1964 2539 erit,
2006 2476 2330 2541 ostenderis;
2364 2477 2511 2531 nulla
2554 2479 2740 2548 utique
2783 2480 3120 2549 expositione
3171 2479 3395 2550 indiget,

1846 2571 1890 2626 si
1919 2570 2040 2640 quis
2068 2571 2315 2633 solerter,
2354 2569 2420 2622 ad
2461 2569 2653 2624 festum
2687 2572 2830 2640 quod
2860 2588 3004 2627 nunc
3041 2573 3395 2638 celebramus,

1843 2664 2030 2718 oculos
2070 2662 2265 2715 mentis
2288 2661 2596 2716 intenderit.
2641 2661 2953 2718 Ostenderis
2991 2666 3152 2728 enim,
3202 2664 3395 2734 inquit,

185 2761 432 2822 tanquam
474 2752 530 2808 in
571 2753 724 2807 disco
769 2755 1023 2824 quopiam
1077 2772 1172 2812 ceu
1230 2757 1433 2812 ferculo
1464 2759 1630 2828 regio,
1694 2757 1761 2810 ab
1803 2757 2121 2809 intemerata
2182 2761 2274 2804 tua
2320 2752 2487 2808 Matre
2531 2755 2584 2807 in
2638 2755 2858 2824 templo,
2906 2754 3065 2824 idque
3110 2754 3166 2807 in
3218 2753 3400 2807 carnis

186 2841 273 2897 abs
299 2851 351 2896 te
372 2853 672 2914 assumpta:
691 2846 885 2901 decore
912 2854 964 2900 et
993 2844 1185 2903 forma.
1221 2851 1349 2916 Quae
1387 2849 1695 2904 summatim
1731 2847 1988 2916 colligens
2015 2846 2303 2916 Propheta,
2361 2846 2637 2916 amplioris
2683 2846 2944 2901 claritatis
2984 2845 3174 2916 gratia,
3204 2845 3257 2898 in
3284 2846 3396 2898 haec

185 2936 498 2989 exclamavit
516 2937 682 2990 verba
713 2956 727 2992 :
773 2937 1026 2992 Dominus
1059 2940 1114 2992 in
1145 2942 1328 3008 templo
1351 2951 1529 2995 sancto
1568 2959 1662 2996 suo
1683 2941 1727 2972 ³³
1762 2959 1773 2994 :
1804 2948 2094 2993 revereatur
2125 2955 2155 2989 a
2184 2937 2317 3005 facie
2343 2937 2453 3005 ejus
2488 2937 2653 2989 omnis
2686 2947 2824 2989 terra
2842 2937 2905 2991 ³⁵.

251 3026 323 3078 E'.
357 3027 588 3096 Φρικτὸν
611 3028 722 3100 γὰρ
750 3028 916 3093 ὅντως
941 3029 1000 3083 τὸ
1031 3032 1156 3102 περὶ
1185 3033 1242 3084 σὲ
1275 3034 1586 3105 μυστήριον,
1612 3036 1735 3104 Μῆ-

1912 3029 1977 3084 ν.
2026 3029 2382 3084 Tremendum
2433 3029 2574 3082 enim
2625 3043 2852 3091 revera,
2908 3043 2940 3081 ο
2991 3026 3158 3082 Mater
3192 3025 3393 3097 Virgo,

181 3134 278 3190 τερ
308 3118 568 3190 Παρθένε,
597 3121 690 3173 καὶ
718 3123 871 3192 νοητὲ
905 3123 1078 3194 θρόνε,
1105 3124 1452 3195 δεδοξασμένε
1488 3128 1579 3180 καὶ
1610 3127 1742 3180 Θεοῦ

1846 3121 2001 3176 sedes
2041 3121 2324 3189 spiritalis,
2355 3119 2647 3189 gloriﬁcata
2682 3117 2894 3187 Deoque
2931 3118 3106 3187 digna,
3137 3124 3288 3172 tuum
3326 3119 3395 3172 il-

183 3211 389 3276 ὲπάξιε.
437 3213 755 3284 Προὴγαγες
788 3213 895 3285 γὰρ
936 3215 1117 3286 θαῦμα
1146 3217 1483 3288 ἐπουρανίοις
1515 3218 1607 3271 καὶ
1636 3220 1745 3272 ὲπι-

182 3303 342 3370 γείοις
367 3303 625 3370 ἐξαίσιον.
652 3305 762 3358 Καὶ
794 3309 1136 3380 παράδειγμα
1164 3309 1365 3364 τούτων
1386 3312 1477 3364 καὶ
1503 3311 1746 3383 ἀρραγὴς

185 3396 389 3464 ἔλεγχος
403 3415 417 3426 ⁸
438 3398 500 3449 τὸ
516 3397 660 3450 κατά
683 3399 745 3450 τὸ
774 3399 956 3452 καινὸν
973 3401 1068 3471 τῆς
1092 3402 1401 3473 ὑπερφυοῦς
1426 3420 1515 3454 σου
1535 3403 1746 3472 λοχείας

184 3487 438 3555 ἀγγέλους
484 3490 578 3541 ἐπὶ
614 3489 716 3560 γῆς
761 3489 936 3560 ᾄδεινο
981 3492 1133 3557 Δόξα
1173 3493 1242 3546 ἐν
1276 3495 1554 3561 ὑψίστοις
1590 3493 1743 3560 Θεῷ,

185 3582 271 3634 καὶ
324 3583 424 3634 ἐπὶ
489 3581 606 3650 γῆς
657 3581 904 3648 εἰρήνη,
973 3584 1041 3636 ἐν
1090 3583 1419 3652 ἀνθρώποις
1465 3585 1741 3639 εὐδοκίαο

185 3672 253 3743 τῷ
294 3674 722 3746 τριπλασιασμῷ
752 3677 849 3746 τῆς
881 3675 1022 3746 ᾠδῆς
1065 3676 1156 3729 τὸν
1190 3677 1618 3749 τριπλασιασμὸν
1650 3678 1746 3749 τῆς

187 3765 460 3837 ἁγιότητος
485 3767 600 3834 (50)
627 3769 1028 3837 εἰσαγαγόντες.
1065 3771 1324 3840 Μακαρία
1357 3772 1419 3824 σὺ
1451 3772 1506 3822 ὲν
1539 3773 1748 3838 γενεαῖς

188 3858 466 3922 γυναικῶν,
496 3857 931 3928 θεομακάριστετ
959 3860 1038 3912 ὅτι
1064 3859 1150 3913 διὰ
1178 3861 1269 3914 σοῦ
1295 3860 1581 3933 ἐπληρώοη
1615 3863 1646 3932 ἡ
1675 3861 1746 3930 γῆ

190 3946 276 4016 τῆς
304 3947 455 4010 Θείας
482 3946 642 4016 δόξης
672 3947 764 4000 τοῦ
791 3947 944 4012 Θεοῦ,
962 3949 1036 4013 ὼς
1057 3949 1150 4002 καὶ
1177 3951 1233 4003 ὲν
1256 3950 1504 4021 Ψαλμοῖς
1543 3951 1742 4022 ᾅδεται·

190 4037 526 4107 Εὐλογητὸς
546 4040 760 4106 Κύριος
789 4043 821 4093 ὀ
855 4039 996 4106 Θεὸς
1027 4040 1283 4108 Ἰσραὴλ,
1311 4041 1405 4094 καὶ
1439 4041 1747 4109 πληρωθή-

190 4147 341 4185 σεται
362 4131 472 4200 τῆς
487 4131 675 4199 δόξης
686 4131 870 4185 αὐτοῦ
889 4131 1053 4186 πᾶσα
1066 4134 1103 4202 ἠ
1121 4133 1214 4203 γῆο
1235 4134 1482 4204 γένοιτο,
1498 4135 1744 4205 γένοιτο.

192 4224 284 4275 Καὶ
315 4221 550 4290 ἐπήρθη
569 4265 584 4289 ,
624 4223 758 4293 φησὶ
776 4265 792 4289 ,
821 4224 886 4277 τὸ
914 4224 1249 4294 ὑπέρθυρον
1273 4226 1389 4280 ἀπὸ
1415 4226 1520 4295 τῆς
1546 4229 1748 4298 φωνῆς

192 4309 258 4383 ἧς
274 4315 625 4385 ἐκέκραγον’
655 4314 683 4366 ὅ
706 4315 958 4385 σημαίνει
989 4315 1081 4368 τοῦ
1103 4315 1231 4369 ναοῦ
1251 4311 1311 4369 τὸ
1334 4319 1745 4388 καταπέτασμα,

193 4405 248 4457 τὸ
275 4406 567 4470 συσκιάζον
599 4405 738 4460 κατά
771 4406 1058 4477 πρόσωπον
1101 4408 1198 4479 τῆς
1225 4409 1656 4480 προτυπωσάσης
1689 4427 1746 4463 σε

195 4497 414 4550 κιϐωτοῦ
439 4497 738 4569 Διαθήκης,
771 4497 859 4550 ἴνα
894 4517 982 4569 μοι
1009 4499 1296 4572 φανερωθῇ
1328 4499 1563 4570 τάληθὲς
1597 4501 1709 4571 (51)
1729 4541 1746 4566 ,

196 4589 278 4640 καὶ
327 4589 413 4642 διὰ
454 4589 566 4644 τῶν
621 4592 1092 4664 προηγησαμένων
1144 4591 1327 4646 τύπων
1375 4609 1434 4644 τε
1477 4593 1568 4646 καὶ
1620 4593 1750 4647 ὑπο-

195 4677 484 4750 δειγμάτων
525 4683 929 4753 παιδαγωγηθῶ
959 4683 1094 4737 αἰδοῖ
1125 4685 1216 4738 καὶ
1245 4684 1428 4757 τρόμῳ
1467 4685 1627 4756 τιμᾷν
1655 4685 1748 4738 καὶ

197 4776 504 4839 προσκυνεῖν
532 4773 594 4826 τὸ
626 4775 755 4845 περὶ
785 4776 843 4827 σὲ
881 4777 1197 4846 μυστήριον,
1238 4775 1661 4846 χαλιναγωγηθῶ
1688 4794 1748 4829 τε

197 4855 255 4912 αὖ
285 4861 369 4915 διὰ
406 4864 508 4933 τῆς
539 4865 767 4934 νομικῆς
814 4867 1178 4937 σκιαγραφίας
1214 4867 1313 4936 τῆς
1354 4865 1626 4937 τολμηρᾶς
1654 4868 1746 4921 καὶ

199 4950 432 5018 suam;
477 4954 932 5028 ἀσκαρδαμύκτου
978 4955 1421 5028 ἀντοφθαλμῆσαι
1472 4958 1747 5021 ἀντωπίας

292 5106 336 5137 ³⁸
363 5107 499 5161 Hab.
526 5124 608 5172 In,
639 5109 695 5164 2.
799 5111 843 5142 ³¹
878 5110 1043 5167 Exod.
1071 5129 1194 5178 xxv,
1223 5112 1310 5169 22.

200 5173 392 5233 “Psal.
422 5194 572 5246 uxr,
603 5181 692 5234 18.
768 5182 810 5214 ³⁷
834 5180 945 5237 Isa.
972 5183 1118 5247 “,4.

255 5353 364 5425 (50)
401 5356 512 5428 Tdr
534 5356 1012 5428 τριπλωιασμόν
1043 5358 1146 5426 τῆς
1180 5360 1506 5428 ἁγιότητος.
1561 5357 1746 5412 Panti-

193 5436 310 5493 ρης,
341 5425 598 5493 triplicem
632 5425 932 5482 sanctitatis
963 5425 1237 5491 rationem,
1290 5425 1468 5483 minus
1504 5430 1554 5483 id
1595 5430 1746 5482 theo-

195 5490 373 5569 logice.
411 5490 624 5551 Alludit
658 5499 724 5552 ad
778 5500 1048 5552 canticum
1104 5500 1446 5569 seraphicum
1492 5501 1612 5554 lsai.
1665 5515 1739 5562 vi,

191 5565 325 5639 quod
355 5569 627 5639 pnecipue
659 5570 910 5638 explicat,
935 5565 1242 5639 triplicique
1268 5571 1318 5622 in
1346 5585 1410 5622 eo
1437 5570 1744 5624 sanctitatis

189 5636 584 5709 melainationi,
636 5639 693 5692 in
731 5636 954 5709 _signum
997 5636 1166 5694 trinae
1203 5640 1438 5702 deitatis,
1477 5640 1741 5709 triplicem

189 5711 236 5755 et
273 5706 450 5782 ipsum
474 5709 697 5762 Christo
729 5706 1112 5782 nato,_dictum
1149 5712 1448 5782 angelicum
1483 5706 1740 5782 hymnum

187 5778 511 5845 respondere
539 5781 841 5836 contendit.
861 5779 1119 5852 Sicjuxta
1145 5778 1353 5850 Grieca,
1378 5778 1586 5840 Latinis
1616 5795 1742 5836 vero

1415 5115 1460 5147 “
1503 5113 1625 5171 Gal.
1660 5133 1732 5180 tv,
1765 5115 1884 5172 4-5.

1845 3213 1935 3268 lud
1972 3223 2388 3267 sacramentum.
2424 3209 2728 3264 Produxisti
2762 3209 2903 3262 enim
2934 3209 3243 3263 coelestibus
3287 3217 3396 3265 ter-

1845 3307 2241 3374 restribusque,
2273 3304 2647 3371 exsuperantia
2672 3303 2995 3371 stupendum
3027 3302 3349 3356 miraculum
3379 3321 3393 3356 :

1847 3398 2005 3467 cujus
2047 3397 2125 3450 rei
2167 3396 2424 3449 indicium
2477 3403 2561 3448 est
2609 3394 2928 3463 ﬁrmumque
2971 3398 3348 3462 argumentum
3377 3431 3394 3456 ,

1851 3489 1994 3559 quod
2021 3489 2074 3542 in
2107 3497 2270 3550 terra,
2302 3485 2368 3539 ad
2401 3501 2595 3539 novum
2634 3485 2783 3538 illum
2815 3486 3029 3555 augusti
3069 3488 3141 3538 tui
3176 3501 3398 3555 puerpe-

1845 3585 1912 3638 rii
1959 3583 2195 3643 modum,
2240 3580 2412 3650 angeli
2445 3575 2981 3634 concinunt:Gloria
3021 3579 3076 3631 in
3124 3577 3397 3632 altissimis

1845 3673 1990 3736 Deo;
2021 3682 2067 3726 et
2109 3673 2160 3724 in
2197 3681 2334 3724 terra
2365 3686 2490 3740 pax,
2539 3670 2834 3724 hominibus
2870 3669 3004 3724 bona
3050 3670 3285 3723 voluntas
3311 3670 3394 3724 ³⁸ς

1847 3764 2042 3834 triplici
2073 3763 2328 3816 nimirum
2365 3762 2594 3824 cantico.
2626 3763 2824 3816 trinam
2858 3763 3172 3818 inducentes
3195 3762 3400 3818 sancti-

1846 3863 2051 3909 tatem:
2084 3853 2246 3908 Beata
2291 3863 2345 3907 tu
2398 3855 2453 3906 in
2500 3853 2780 3906 mulierum
2834 3853 3293 3922 generationibus,
3365 3866 3398 3906 a

1848 3949 1956 4004 Deo
1987 3950 2294 4004 beatissima
2325 3967 2336 4002 :
2368 3964 2489 4002 nam
2538 3963 2635 4018 per
2663 3955 2714 4001 te
2746 3948 2961 4017 impleta
3009 3955 3092 4000 est
3132 3955 3274 4001 terra
3315 3946 3399 4001 di-

1846 4043 1972 4096 vina
2021 4041 2112 4094 illa
2145 4040 2235 4094 Dei
2273 4041 2464 4110 gloria,
2517 4040 2659 4094 sicut
2703 4039 2862 4093 etiam
2907 4040 3120 4093 canitur
3151 4040 3206 4092 in
3247 4037 3400 4092 Psal-

1847 4136 1952 4187 mis
1981 4133 2024 4164 ³⁸
2053 4152 2063 4186 :
2089 4133 2398 4186 Benedictus
2425 4131 2678 4186 Dominus
2700 4131 2836 4184 Deus
2868 4131 3036 4185 Israel
3063 4149 3078 4185 :
3101 4141 3150 4186 et
3176 4131 3398 4199 replebi-

1850 4234 1935 4279 tur
1961 4226 2233 4295 majestate
2268 4229 2380 4294 ejus
2411 4227 2577 4279 omnis
2606 4234 2786 4278 terra:
2817 4225 2931 4293 ﬁat,
2967 4225 3082 4293 ﬁat.
3115 4255 3184 4264 —
3206 4223 3271 4277 Et
3296 4225 3401 4279 ele-

1848 4328 2022 4373 uatum
2051 4327 2148 4383 est,
2194 4319 2370 4390 inquit
2412 4317 2672 4387 propheta
2703 4317 2768 4382 ⁸⁷,
2802 4318 3249 4384 superliminarea
3283 4308 3400 4370 uoce

1848 4428 1952 4482 qua
2004 4411 2306 4465 clamabant
2349 4426 2366 4464 :
2407 4425 2515 4480 quo
2561 4409 2916 4480 signiﬁcatur,
2976 4410 3163 4478 templi
3222 4410 3398 4462 velum

1851 4502 2170 4558 inumbrans
2213 4517 2397 4556 coram
2448 4516 2571 4555 arca
2605 4502 2933 4565 testamenti,
2967 4515 3086 4570 quae
3115 4509 3166 4555 te
3213 4501 3402 4570 praesi-

1849 4596 2086 4667 gnabat;
2118 4602 2177 4650 ut
2210 4594 2343 4648 mihi
2382 4593 2582 4649 veritas
2613 4593 2958 4663 panderetur,
2994 4593 3266 4662 simulque
3302 4594 3400 4647 do-

1850 4701 2004 4740 cerer
2049 4700 2144 4755 per
2169 4692 2325 4754 typos
2367 4695 2420 4739 et
2460 4683 2660 4754 ﬁguras
2706 4699 2826 4753 quae
2863 4684 3290 4753 praecessissent,
3341 4691 3401 4738 ut

1851 4793 1974 4832 cum
2003 4776 2302 4832 reverentia
2343 4783 2396 4831 et
2424 4784 2680 4840 tremore,
2716 4775 2780 4830 ad
2826 4786 3221 4831 sacramentum
3255 4776 3400 4846 quod

1850 4871 1904 4923 in
1939 4877 1992 4924 te
2020 4869 2305 4923 exhibetur
2345 4868 2703 4935 adorandum,
2745 4869 3057 4924 accederem
3092 4885 3104 4921 :
3138 4877 3299 4937 atque
3325 4869 3402 4922 le-

1849 4961 1955 5031 gali
1991 4960 2092 5015 hac
2133 4960 2314 5030 priore
2345 4962 2726 5027 deliueatione,
2762 4962 2830 5017 ab
2868 4977 2934 5019 eo
2967 4963 3057 5032 qui
3096 4961 3403 5030 incompre-

1989 5116 2207 5171 “Psal.
2236 5119 2364 5181 x,5.
2438 5117 2484 5150 “
2518 5117 2667 5174 Psal.
2694 5133 2813 5184 xcv,
2844 5116 2894 5172 9.
2975 5115 3018 5148 ³⁸
3053 5113 3182 5170 Luc.
3217 5131 3278 5180 ιι,
3314 5113 3401 5173 14.

1854 5364 1938 5413 est
1968 5357 2165 5428 duplex
2199 5357 2271 5409 ita
2304 5358 2691 5426 punctantibus
2731 5377 2742 5412 :
2784 5356 2967 5411 Gloria
3021 5357 3075 5410 in
3129 5354 3406 5410 altissimis

1853 5429 1982 5489 Deo,
2017 5439 2064 5482 et
2090 5430 2142 5481 in
2168 5437 2307 5479 terra
2336 5443 2442 5495 pax
2469 5428 2761 5481 hominibus
2790 5429 2934 5483 bona:
2961 5428 3264 5482 voluntatis.

1921 5499 2032 5574 (51)
2071 5501 2191 5553 Ἵνα
2214 5515 2313 5574 μοι
2343 5498 2646 5574 φανερωθῇ
2693 5500 2967 5574 τᾴληθές.
3025 5498 3101 5574 Ut_
3128 5496 3405 5574 utriusque

1853 5568 2114 5624 rationem
2150 5568 2360 5630 reddat,
2389 5577 2441 5622 et
2466 5570 2802 5630 elevationis,
2863 5573 3007 5625 velut
3039 5568 3102 5621 ad
3134 5568 3402 5618 ostensio-

1851 5657 1971 5696 nem
1999 5641 2255 5711 aliquam,
2289 5637 2470 5693 divina
2522 5639 2962 5713 dispensatione;
2987 5647 3038 5696 et
3065 5637 3190 5703 veli,
3227 5635 3292 5689 ad
3321 5649 3405 5692 re-

1849 5713 2162 5769 verentiam.
