4010 6328
606 298 708 354 359

1545 292 1602 348 S.
1646 293 1974 347 METHODII
2014 293 2322 344 EPISCUPI
2358 293 2433 342 Εἰ
2485 294 2667 340 MAtt't
2690 296 2838 340 una

3684 280 3791 338 360

603 409 888 467 hensibilis
919 422 1080 479 super
1127 406 1309 461 omnia
1351 407 1564 463 locatus
1593 414 1699 472 est.
1734 406 2021 462 audentius
2048 407 2148 461 im-

2250 404 2339 457 τδν
2366 404 2437 457 τὰ
2461 404 2635 457 πάντα
2659 405 2715 456 ὲν
2742 399 3082 472 ἀκαταληψίᾳ
3108 400 3529 474 ὐπεριδρυμένον
3572 399 3703 473 (δε).
3735 403 3802 456 Et

602 500 1001 573 pudentiusque
1054 499 1161 550 lixa
1212 497 1492 569 oculorum
1536 498 1651 551 acie
1702 493 2147 566 contemplando,

604 593 930 647 refrenarer.
963 589 1019 642 Si
1043 587 1187 642 enim
1212 602 1371 651 arcae,
1395 596 1500 642 tua:
1522 588 1667 642 illius
1693 585 1995 643 sanctitatis
2015 584 2151 640 ima-

570 668 711 754 Igini
747 692 1001 753 typoque,
1040 684 1228 735 tantus
1273 694 1304 734 a
1354 678 1463 734 Deo
1500 679 1673 733 honor
1706 678 1920 732 habitus
1958 684 2064 741 est,
2093 687 2153 731 ut

584 775 826 839 'nemini,
863 774 970 829 nisi
993 779 1204 828 tantum
1230 772 1406 827 ordini
1438 771 1781 836 sacerdotali,
1813 770 1881 824 ad
1912 785 2027 825 eam
2059 785 2153 840 pa-

602 874 739 921 teret
773 879 1049 930 accessus,
1086 869 1243 917 autve
1290 862 1467 918 facilis
1507 869 1650 918 esset
1685 862 1752 915 ad
1789 862 2151 933 cognitionem

602 960 885 1028 ingressus
920 975 933 1010 :
962 956 1326 1025 distinguente
1360 955 1479 1008 velo
1504 969 1566 1008 ac
1600 970 1697 1010 ceu
1728 955 1946 1025 reginae,
1979 953 2046 1008 ad
2070 954 2153 1024 ja-

600 1064 765 1103 nuam
825 1048 1093 1103 vestibula
1144 1047 1583 1117 servantezquis
1634 1048 1850 1102 tandem
1891 1047 2154 1117 .qualisve

602 1142 965 1197 venerationis
992 1141 1172 1195 cultus
1206 1156 1235 1194 a
1279 1140 1435 1194 nobis
1476 1140 1736 1206 minimis,
1764 1140 1860 1194 tibi
1883 1155 2006 1194 vere
2047 1137 2153 1193 Re-

600 1230 738 1301 ginae
765 1230 930 1285 fuerit
965 1229 1341 1286 exhibendus?
1374 1245 1519 1293 vere,
1549 1231 1788 1300 inquam,
1821 1228 1913 1285 Dei
1939 1228 2153 1300 legisla-

600 1323 733 1377 toris
782 1323 1035 1377 animatae
1079 1338 1219 1377 arcae
1265 1340 1278 1377 :
1325 1323 1464 1377 coelo
1496 1338 1622 1377 vere
1664 1322 1759 1376 Dei
1802 1321 2011 1392 capaci,
2059 1321 2151 1391 qui

602 1427 872 1483 nusquam
901 1413 1020 1483 capi
1061 1421 1258 1483 potest.
1290 1412 1366 1467 Te
1390 1414 1557 1477 enim,
1592 1412 1937 1468 sanctissima
1966 1410 2150 1483 Virgo,

603 1511 859 1573 tanquam
897 1504 984 1557 die
1014 1504 1316 1558 clarissima
1362 1502 1567 1557 mundo
1598 1502 1906 1573 all‘ulgente,
1953 1503 2152 1557 solem-

600 1611 707 1665 que
736 1595 888 1650 illum
914 1593 1139 1665 iustitia:
1166 1595 1516 1666 producente,
1545 1595 1771 1649 odiosus
1799 1594 2151 1648 tenebrarum

601 1687 795 1742 horror
827 1687 1085 1759 depulsus
1114 1696 1197 1743 est
1227 1706 1240 1741 :
1267 1688 1483 1759 tyranni
1513 1688 1753 1758 potentia
1790 1685 1933 1741 facta
1962 1685 2149 1753 irrita;

601 1796 747 1836 mors
819 1781 1128 1848 destructa;
1174 1780 1418 1836 infernus
1468 1781 1793 1852 absorptus;
1865 1781 2149 1835 inimicitia
2178 1770 2222 1830 Β

601 1871 776 1925 omnis
835 1879 959 1925 ante
1018 1871 1165 1939 pacis
1221 1878 1567 1939 conspectum
1621 1870 1917 1937 dissoluta;
1972 1870 2145 1925 morbi

611 1961 779 2025 noxii,
820 1962 1128 2018 sanctitatis
1158 1962 1420 2018 beneﬁcio
1448 1972 1788 2035 erumpente,
1815 1961 2007 2032 procul
2034 1976 2150 2016 om-

600 2067 697 2108 nes
727 2052 1000 2109 facessere
1043 2054 1219 2124 jussi;
1253 2054 1648 2126 universusque
1677 2065 1943 2110 terrarum
1976 2052 2147 2119 orbis,

602 2145 843 2200 veritatis
886 2146 1204 2202 clarissimae
1255 2148 1668 2217 purissimaque
1723 2147 1844 2201 luce
1896 2145 2149 2216 perfusus

600 2242 701 2289 est.
741 2234 820 2288 Ad
848 2250 967 2304 quae
998 2234 1254 2291 Salomon
1288 2238 1342 2291 in
1375 2236 1617 2292 Canticis
1649 2236 1915 2300 alludens,
1951 2236 2026 2289 ita
2060 2250 2144 2290 or-

599 2324 782 2380 ditur:
807 2325 1039 2381 Dilectus
1070 2344 1211 2382 meus
1235 2329 1383 2392 mihi,
1419 2336 1467 2382 et
1493 2344 1584 2399 ego
1615 2327 1697 2381 illi
1729 2343 1746 2381 :
1772 2328 1860 2399 qui
1893 2328 2063 2396 pascit
2096 2327 2151 2381 in

601 2418 728 2473 (iliis
768 2420 933 2475 donec
960 2421 1174 2489 respiret
1216 2421 1348 2484 dies,
1382 2430 1431 2475 et
1461 2421 1822 2479 dimoveautur
1865 2420 2062 2474 umbra:
2082 2420 2147 2473 ⁸⁸.

600 2502 735 2573 Quia
777 2525 947 2579 ergo:
984 2508 1138 2563 Virus
1183 2519 1261 2563 est
1301 2507 1440 2563 Deus
1471 2509 1686 2563 deorum
1732 2510 1787 2563 in
1837 2507 1963 2564 Sion
1984 2509 2051 2571 ³⁸,
2095 2514 2151 2563 et

603 2602 983 2672 magniﬁcentia
1007 2598 1208 2654 decoris
1242 2600 1355 2671 ejus
1382 2603 1432 2654 in
1456 2598 1754 2655 Jerusalem
1794 2599 2101 2670 apparuit“
2131 2617 2144 2653 :

601 2682 815 2759 Luxque
836 2702 914 2742 est
943 2698 1061 2742 artu
1082 2688 1252 2758 justo,
1270 2700 1320 2742 et
1344 2690 1495 2744 rectis
1534 2690 1688 2745 corde
1711 2690 1897 2746 la'titia
1914 2690 1979 2754 δι,
1993 2690 2148 2760 juxta

603 2778 811 2832 beatum
854 2776 1107 2833 Davidem
1148 2797 1160 2833 :
1202 2779 1711 2834 sanetilicandorum
1772 2777 2149 2835 Sanctiﬁcator

599 2866 689 2921 ille
718 2875 772 2921 et
803 2866 1086 2932 Dominus,
1139 2869 1271 2939 legis
1300 2872 1577 2927 doctorem
1614 2880 1777 2941 atque
1814 2872 2144 2938 ministrum,

600 2959 655 3013 in
706 2968 911 3030 partem
962 2964 1205 3018 muneris
1248 2971 1302 3017 et
1349 2964 1717 3019 testimonium
1772 2964 1986 3019 illorum
2028 2982 2148 3038 qua:

602 3051 920 3122 agebantur,
953 3067 1047 3122 per
1081 3051 1339 3124 Spiritum
1365 3065 1610 3109 sanctum
1640 3057 1976 3113 convocavit.

670 3139 757 3197 Ἣ.
796 3141 980 3213 quue
1014 3160 1177 3200 senex
1224 3145 1479 3218 Symeon,
1512 3147 1931 3204 imbecillitatem
1960 3150 2141 3206 carnis

598 3248 823 3299 exuens,
861 3237 1083 3307 speique
1105 3239 1327 3296 indutus
1369 3242 1555 3306 robur,
1607 3250 1732 3297 ante
1766 3242 1898 3314 legis
1928 3241 2140 3312 faciem,

598 3327 1126 3384 subministratorem
1165 3331 1297 3401 legis
1328 3330 1556 3387 festinus
1585 3332 1794 3403 excepit
1825 3352 1835 3386 :
1869 3333 2143 3389 doctorem

598 3415 752 3472 illum
782 3435 845 3474 ex
889 3428 1157 3490 potestate
1191 3441 1204 3476 :
1237 3432 1290 3477 et
1320 3422 1485 3477 Deum
1532 3424 1801 3479 Abraham
1829 3443 1843 3481 :
1875 3434 2147 3497 protecto-

600 3522 711 3561 rem
742 3507 892 3564 lsaac
922 3527 935 3564 :
973 3520 1222 3567 sanctum
1264 3511 1426 3568 Israel
1457 3532 1471 3568 :
1509 3514 1706 3587 Moysis
1741 3525 2143 3588 mystagogum;

599 3611 746 3661 eum,
792 3599 1035 3669 inquam,
1074 3603 1169 3673 qui
1212 3603 1450 3659 divinam
1498 3622 1651 3661 suam
1696 3608 2144 3673 incarnationem,

602 3695 856 3755 tanquam
889 3691 1212 3758 posteriora,
1251 3694 1424 3748 eidem
1458 3711 1516 3750 se
1547 3696 1871 3767 promiserat
1897 3706 2146 3753 ostensu-

608 3798 728 3836 rum
751 3783 796 3815 “
830 3804 842 3839 :
876 3786 1095 3841 divitem
1126 3789 1273 3842 illum
1304 3792 1358 3844 in
1388 3793 1734 3848 mendicitate
1766 3812 1779 3847 :
1814 3794 1866 3847 in
1898 3794 2146 3859 infantia.

601 3873 816 3928 szeculis
865 3877 1222 3945 anteriorem;
1284 3881 1338 3934 in
1383 3881 1631 3946 visione,
1693 3883 2010 3938 invisibilem
2048 3902 2059 3937 :
2091 3884 2148 3938 in

602 3963 1106 4033 romprehensione,
1163 3968 1759 4039 incomprehensibilem
1800 3990 1812 4024 :
1848 3971 1901 4024 in
1967 3972 2148 4041 parvi-

602 4060 731 4118 tate,
762 4054 1184 4125 magnitudinem
1210 4073 1422 4111 omnem
1452 4067 1790 4128 superantem
1826 4080 1837 4113 :
1863 4061 1918 4114 in
1951 4060 2150 4129 templo

602 4147 786 4208 simul,
822 4155 876 4201 et
907 4149 961 4201 in
998 4149 1277 4206 altissimis
1308 4168 1322 4205 :
1354 4150 1406 4205 in
1453 4152 1650 4205 throno
1693 4153 1861 4224 regio.
1904 4163 1957 4209 et
1987 4169 2149 4208 curru

607 4236 903 4292 cherubico
947 4257 960 4292 :
1006 4239 1256 4309 supernis
1309 4239 1766 4310 inferioribusque
1813 4242 2152 4297 continenter

602 4337 917 4398 praesentem
949 4348 963 4385 :
995 4331 1049 4385 in
1093 4330 1266 4386 forma
1309 4333 1470 4407 servi,
1514 4340 1568 4388 et
1613 4333 1784 4388 forma
1817 4333 1907 4389 Dei
1936 4334 2147 4396 Patris;

2249 495 2355 567 γὰρ
2394 498 2458 565 τῇ
2492 494 2659 548 εἰκόνι
2702 493 2800 565 τῆς
2830 494 2927 565 σῆς
2966 494 3245 563 ἁγιότητος
3276 491 3511 563 τοσαύτη
3541 492 3677 563 πρὸς
3708 490 3802 546 τοῦ

2249 586 2381 641 Θεοῦ
2417 587 2730 658 ἀπενεμήθη
2756 587 2918 657 τιμὴ,
2954 586 3027 649 ὡς
3063 586 3249 657 μηδενὶ
3276 584 3499 657 βάσιμον
3521 586 3556 657 ἢ
3588 586 3807 657 πρόχει-

2254 696 2343 751 ρον
2391 680 2468 742 είς
2499 678 2818 749 κατανόησιν
2846 673 2981 730 εἶναι
3011 677 3109 748 τὴν
3134 676 3335 747 ταύτης
3365 676 3564 730 εἴσοδον
3595 676 3629 747 ἢ
3668 676 3805 750 μόνη

2248 775 2313 843 τῇ
2349 774 2593 844 ίερατικῇ
2623 769 2905 842 εὐκοσμίᾳ,
2931 769 3024 824 τοῦ
3047 770 3529 840 καταπετάσματος
3545 769 3807 840 διορίζον-ι

2248 883 2339 929 τος
2369 866 2460 919 κα)⁵
2490 863 2857 937 πυλωροῦντος
2884 863 2959 926 ὡς
2988 861 3218 934 βασιλίδι
3245 861 3313 915 τὰ
3354 861 3667 933 προπύλαια
3686 877 3700 890 ·
3748 860 3807 913 τί

2250 959 2356 1030 ἄρα
2384 959 2475 1011 καὶ
2507 956 2747 1010 ποταπὸν
2771 954 2832 1009 τὸ
2869 954 2996 1024 παρ’
3036 954 3189 1026 ἡμῶν
3220 953 3326 1007 τῶν
3367 952 3662 1024 ἐλαχίστων
3701 953 3802 1005 ἑπ-

2249 1051 2589 1122 οφειλόμενόν
2636 1066 2716 1103 σοι
2746 1049 2928 1114 σέϐας,
2954 1051 3019 1119 τῇ
3052 1048 3220 1112 ὅντως
3249 1046 3476 1117 βασιλίδι
3494 1086 3509 1110 ,
3537 1048 3603 1117 τῇ
3635 1045 3807 1109 ὅντως

2250 1144 2475 1216 ἐμψύχῳ
2512 1140 2728 1212 κιϐωτῷ
2757 1140 2850 1193 τοῦ
2894 1139 3176 1211 νομοδότου
3205 1138 3371 1203 Θεοῦ,
3404 1140 3471 1209 τῇ
3503 1137 3671 1199 ὅντως
3697 1153 3807 1205 χω-

2254 1236 2398 1309 ρητῷ
2424 1233 2633 1306 οὐρανῷ
2664 1232 2755 1286 τοῦ
2779 1232 3056 1303 ἀχωρήτου
3088 1229 3221 1287 Θεοῦ
3249 1228 3545 1301 γενομένης
3570 1226 3672 1282 Σοῦ
3694 1227 3809 1298 rip

2249 1326 2346 1397 τῆς
2379 1324 2642 1392 παναγίας
2670 1322 2745 1385 ὼς
2768 1319 3081 1390 φωταυγοῦς
3115 1320 3328 1391 ἡμέρας
3353 1319 3705 1389 ἐπιφανείσης
3724 1318 3807 1390 τῷ

2250 1420 2459 1490 κόσμῳ,
2479 1416 2684 1472 καὶτὸν
2705 1415 2803 1486 τῆς
2827 1413 3165 1484 δικαιοσύνης
3194 1413 3342 1484 ἥλιον
3362 1414 3803 1485 προαγαγούσης,

2250 1509 2490 1564 ἐκποδὼν
2525 1509 2622 1579 μὲν
2655 1507 2841 1577 γέγονε
2862 1506 2931 1560 τά
2962 1505 3055 1559 τοῦ
3080 1506 3298 1568 σκότους
3328 1506 3572 1576 στυγηρά
3594 1545 3611 1570 ,
3638 1503 3809 1578 φροῦο

2249 1601 2336 1664 δος
2364 1598 2419 1653 δὲ
2451 1599 2543 1652 καὶ
2575 1600 2603 1651 6
2629 1597 2889 1668 τύραννος
2920 1596 3151 1667 κατέστη
3174 1612 3190 1627 ’
3225 1595 3316 1648 καὶ
3346 1595 3557 1649 διόλωλε
3589 1596 3687 1667 μὲν
3717 1596 3809 1650 θά-

2251 1708 2426 1754 νατος,
2443 1688 2712 1760 κατεπόθη
2742 1687 2798 1740 δὲ
2820 1687 2910 1741 καὶ
2924 1688 2951 1740 ὁ
2966 1687 3115 1759 ᾅδης,
3134 1689 3225 1740 καὶ
3245 1687 3392 1741 πᾶσα
3413 1688 3446 1758 ἡ
3470 1686 3638 1758 ἔχθρα
3670 1704 3808 1741 κατ-

2249 1783 2408 1854 ελύθη
2456 1782 2561 1854 πρὸ
2594 1778 2880 1853 προσώπου
2908 1780 3006 1850 τῆς
3037 1777 3456 1851 είρήνης·ζνόσοι
3500 1778 3557 1831 δὲ
3604 1778 3805 1850 φθορο-

2251 1876 2391 1929 ποιοὶ
2422 1871 2638 1928 ἄπωθεν
2679 1872 2911 1943 ἔστησαν
2946 1871 3048 1941 τῆς
3090 1870 3360 1942 σωτηρίας
3404 1870 3763 1942 προκυψάσης
3784 1908 3804 1934 ,

2250 1966 2341 2020 καὶ
2384 1966 2556 2035 φωτὸς
2619 1965 2901 2027 ἀνάπλεως
2951 1963 3169 2033 γέγονεν
3209 1964 3243 2033 ἡ
3286 1962 3378 2015 ὐπ’
3422 1961 3645 2033 οὐρανὸν
3703 1960 3807 2033 τῆς

2248 2057 2575 2129 ἀκραιφνοῦς
2620 2057 2895 2129 ἀληθείας.
2933 2057 3122 2110 "Arma.
3173 2053 3538 2125 προοιμιάζων
3579 2055 3638 2106 ὲν
3685 2056 3805 2117 τοῖς

2254 2150 2520 2223 ’ᾼσμασιν
2550 2150 2731 2218 ἔλεγεν
2755 2149 2782 2201 6
2806 2147 3058 2218 Σαλομών
3077 2164 3092 2177 ⁸
3138 2145 3471 2215 Ἀδελφιδός
3491 2163 3610 2215 μου
3640 2145 3800 2214 ἐμοὶ,

2249 2243 2407 2314 κάγὼ
2436 2241 2595 2308 αὐτῷ
2612 2259 2625 2272 ·
2673 2245 2706 2296 d
2748 2241 3074 2310 ποιμαίνων
3094 2240 3164 2293 ἐν
3192 2239 3314 2305 τοῖς
3340 2238 3564 2306 κρίνοις
3590 2237 3703 2303 ἕως
3730 2231 3805 2292 οὗ

2248 2334 2287 2401 ἡ
2340 2331 2527 2401 ἡμέρα
2568 2328 2899 2397 διαπνεύσῃ
2926 2369 2941 2394 ,
2989 2328 3087 2382 καί
3142 2324 3462 2395 κινηθῶσιν
3512 2328 3571 2380 al
3613 2325 3804 2379 σκιαί.

2262 2425 2413 2478 Ἐπεὶ
2454 2418 2545 2477 οὖν
2588 2424 2773 2492 Ὠφθη
2812 2424 2845 2475 ό
2885 2419 3028 2485 Θεὸς
3064 2418 3180 2472 τῶν
3220 2418 3372 2475 θεῶν
3400 2418 3469 2472 ἐν
3495 2417 3665 2481 Σιὼν,
3710 2418 3811 2471 καὶ

2267 2508 2773 2582 Ἠεὺπρέπειατῆς
2798 2511 3151 2579 ὡραιότητος
3188 2510 3371 2565 αὐτοῦ
3401 2510 3469 2564 ἐν
3515 2511 3809 2579 Ἰερουσα-

2246 2601 2371 2672 λὴμ
2398 2599 2714 2670 ἑξεφὰνθη,
2747 2598 2845 2652 καί
2879 2598 3004 2668 φῶς
3033 2598 3299 2655 ἀνέτειλε
3327 2597 3408 2664 τῷ
3435 2598 3669 2664 δικαίῳ,
3704 2598 3809 2651 καί

2248 2694 2369 2761 τοῖς
2395 2694 2596 2748 εὐθέσι
2626 2690 2699 2759 τῇ
2725 2690 2935 2759 καρδίᾳ
2954 2692 3318 2761 εὐφροσύνη,
3340 2690 3480 2746 κατά
3505 2690 3592 2743 τὸν
3628 2690 3808 2759 μακά-

2249 2803 2362 2859 ριον
2404 2783 2596 2846 Δαυῒδ,
2637 2785 2666 2836 6
2706 2782 2812 2836 τῶν
2854 2781 3186 2853 τελουμένων
3229 2781 3516 2853 τελειωτὴς
3549 2780 3658 2852 (55)
3708 2781 3811 2835 καὶ

2246 2875 2519 2947 Δεσπότης
2551 2876 2642 2929 τὸν
2668 2872 2762 2927 τοῦ
2789 2871 2952 2943 νόμου
2976 2871 3277 2926 διδακτικὸν
3312 2873 3406 2925 καὶ
3437 2869 3811 2942 λειτουργικὸν

2248 2966 2600 3022 συνεκάλεσεν
2641 2967 2720 3028 είς
2761 2965 3098 3037 λειτουργίαν
3136 2963 3230 3017 καὶ
3266 2961 3563 3034 μαρτυρίαν
3593 2961 3682 3015 διά
3707 2960 3808 3015 τοῦ

2247 3059 2557 3129 Πνεύματος
2579 3058 2672 3112 τοῦ
2698 3059 2853 3129 ἀγίου
2882 3057 2991 3111 τῶν
3017 3054 3415 3129 πραττομένων.

2316 3154 2406 3221 ς’.
2453 3152 2615 3206 Ὅθεν
2649 3148 3087 3222 ἀπεκδυσάμενος
3108 3148 3169 3203 τὸ
3194 3150 3374 3203 ἄτονον
3401 3146 3501 3218 τ’ἦς
3526 3144 3744 3219 ἡλικίας
3775 3146 3811 3198 6

2243 3245 2552 3317 πρεσϐύτης
2578 3242 2818 3315 Συμεὼν,
2842 3244 2934 3297 καὶ
2960 3243 3020 3296 τὸ
3041 3242 3250 3295 εὔτονον
3278 3242 3377 3312 τῆς
3407 3239 3613 3301 ἐλπίδος
3639 3241 3813 3291 ἐπεν-

2242 3330 2571 3401 δυσάμενος,
2627 3330 2917 3385 ἀπολαϐεῖν
2960 3328 3216 3383 ἔσπευδεν
3254 3330 3334 3392 εἰς
3378 3328 3667 3400 πρόσωπον
3707 3325 3812 3380 τοῦ

2244 3420 2406 3492 νόμου
2437 3421 2525 3475 τὸν
2553 3420 2645 3475 τοῦ
2673 3421 2835 3492 νόμου
2863 3422 3124 3493 πάροχονο
3151 3420 3241 3473 τὸν
3260 3418 3520 3490 αὐθέντην
3543 3417 3810 3473 διδάσκα-

2244 3513 2334 3566 λον
2362 3512 2469 3584 (54)
2491 3530 2505 3544 ·
2541 3515 2630 3567 τὸν
2661 3512 2793 3566 Θεὸν
2815 3511 2909 3565 τοῦ
2942 3510 3190 3583 Ἀϐραάμ
3211 3528 3225 3543 ·
3253 3510 3345 3564 τὸν
3369 3509 3679 3578 σκεπαστὴν
3706 3508 3811 3562 τοῦ

2258 3605 2439 3658 Ἰσαάκ
2456 3622 2468 3634 ·
2495 3604 2586 3657 τὸν
2621 3604 2770 3673 ἆγιον
2792 3602 2885 3657 τοῦ
2932 3603 3143 3675 Ἰσραήλ
3167 3620 3181 3634 ·
3206 3604 3296 3656 τὸν
3329 3600 3683 3673 μυσταγωγὸν
3709 3600 3812 3654 τοῦ

2245 3695 2549 3758 Μωῦσέως·
2586 3696 2674 3748 τὸν
2709 3695 2806 3765 τὴν
2837 3693 2982 3747 θείαν
3017 3691 3418 3766 ὲνανθρώπησιν
3466 3692 3539 3756 ὡς
3581 3689 3810 3743 ὀπίσθια

2247 3788 2504 3858 γνωρίσαι
2532 3786 2678 3858 αὐτῷ
2720 3787 3113 3858 ὐποσχόμενον’
3144 3785 3236 3839 τὸν
3266 3786 3324 3838 ὲν
3352 3784 3592 3855 πτωχείᾳ
3637 3782 3814 3836 πλού.

2250 3896 2389 3932 σιον·
2442 3879 2533 3932 τὸν
2574 3880 2633 3931 ὲν
2672 3880 2952 3949 νηπιότητι
2987 3876 3337 3950 προαιιῖΝιονο
3381 3875 3471 3930 τὸν
3516 3878 3574 3928 ὲν
3612 3874 3815 3946 ὁράσει

2248 3967 2473 4039 ἀόρατον
2492 3986 2504 3998 ·
2530 3968 2617 4022 τὸν
2648 3970 2703 4022 ὲν
2735 3969 3019 4041 περιλήψει
3046 3968 3412 4040 ἀπερίληπτον
3436 3984 3447 3996 ’
3473 3965 3562 4020 τὸν
3588 3968 3645 4020 ὲν
3679 3982 3815 4036 σμι-

2250 4061 2468 4134 κρότητι
2504 4061 2849 4133 ὑπερμεγέθη
2874 4077 2887 4091 ⁸
2932 4061 3022 4114 τὸν
3056 4063 3113 4113 ὲν
3147 4060 3257 4131 ναῷ
3297 4059 3391 4112 καὶ
3421 4058 3482 4111 ὲν
3521 4056 3771 4127 ὑψίστοις
3793 4072 3811 4084 ο

2248 4153 2338 4207 τὸν
2371 4153 2461 4206 ἐπὶ
2489 4153 2675 4224 θρόνου
2710 4151 2983 4224 βασιλικοῦ
3023 4152 3132 4224 (55)
3160 4151 3252 4205 καὶ
3281 4150 3366 4203 ἐπ’
3393 4150 3665 4220 ὀχήματος
3715 4164 3818 4217 χε-

2255 4243 2529 4317 ρουϐικοῦο
2576 4245 2665 4299 τὸν
2706 4247 2854 4299 κάτω
2900 4246 2991 4298 καὶ
3035 4244 3145 4299 ἄνω
3188 4241 3551 4303 ἀδιαστάτως’
3597 4239 3691 4292 τὸν
3744 4242 3817 4293 ὲν

2256 4340 2431 4411 μορφῇ
2460 4338 2664 4406 δούλου,
2699 4338 2792 4391 καὶ
2818 4339 2874 4391 ὲν
2903 4339 3079 4408 μορφῇ
3108 4334 3242 4389 Θεοῦ
3274 4333 3514 4404 Πατρός²
3542 4329 3634 4384 τὸν
3664 4331 3823 4401 ὑπή.

599 4419 925 4489 subjectum,
983 4430 1036 4476 et
1064 4421 1261 4492 Regem
1309 4424 1702 4480 universorum.
1745 4423 1872 4478 Erat
1919 4432 2063 4480 totus
2096 4427 2148 4480 in

2253 4442 2374 4478 κοον
2414 4425 2507 4478 καὶ
2544 4423 2767 4494 βασιλέα
2813 4424 2921 4477 τῶν
2964 4424 3234 4477 ἁπάντων.
3269 4422 3425 4485 Ὄλος
3470 4419 3660 4489 γέγονε
3699 4420 3817 4490 τῆς

601 4509 900 4581 desiderio;
934 4521 1080 4570 totus
1120 4514 1173 4568 in
1209 4531 1337 4585 spe;
1376 4523 1522 4571 totus
1559 4517 1611 4569 in
1650 4516 1864 4584 gaudio.
1895 4514 2010 4569 Non
2033 4515 2144 4583 jam

601 4617 733 4658 suus
759 4603 875 4673 ipse
902 4613 1038 4669 erat,
1070 4607 1163 4662 sed
1192 4608 1311 4677 ejus
1332 4608 1488 4676 cujus
1514 4623 1607 4676 spe
1629 4606 1835 4663 deﬁxus
1861 4616 1997 4663 erat.
2023 4605 2146 4678 Spi-

601 4694 736 4748 ritus
784 4704 1005 4751 sanetus
1056 4698 1289 4753 faustum
1332 4700 1744 4753 annuntiaverat
1774 4718 1787 4753 :
1822 4697 1989 4772 [velut
2030 4701 2144 4770 jam

668 4847 712 4879 ⁸³
744 4846 901 4902 Cant.
924 4863 984 4914 tt,
1016 4848 1104 4909 16,
1131 4848 1215 4901 17.
1291 4849 1333 4883 ³⁹
1356 4847 1503 4904 Psal.
1538 4865 1765 4915 uxxrtt,
1789 4850 1845 4906 8.
1915 4851 1962 4883 ⁸⁸
1992 4849 2140 4906 Psal.
2170 4866 2289 4912 xcv,
2317 4853 2368 4905 6.

672 4958 780 5029 (5‘2)
818 4960 929 5033 ζὸν
973 4961 1045 5015 τὰ
1088 4961 1279 5016 πάντα
1309 4964 1377 5016 ἐν
1404 4963 1781 5033 ἀκαταληψίᾳ
1830 4964 2143 5033 ὑπεριδρυο

2246 4516 2515 4587 ἓφέσεως·
2548 4517 2665 4581 ὅλος
2693 4517 2883 4586 γέγονε
2917 4516 3013 4586 τῆς
3044 4514 3287 4579 ὲλπίδοᾳ’
3323 4513 3441 4576 ὅλος
3481 4513 3670 4581 γέγονε
3703 4512 3822 4583 τῆς

2248 4610 2442 4679 χαρᾶς.
2481 4607 2673 4660 Οὐκέτι
2705 4603 2771 4678 ἦν
2809 4606 3003 4669 αὐτοῦ,
3030 4605 3163 4659 ἀλλὰ
3202 4605 3295 4659 τοῦ
3334 4596 3697 4666 ὲλπίσθέντος.
3728 4603 3818 4656 Τὸ

2251 4699 2471 4770 Πνεῦμα
2501 4699 2559 4751 τὸ
2586 4699 2735 4767 ἆγιον
2762 4698 3171 4771 εὐηγγελίσατο,
3209 4699 3302 4753 καί
3337 4699 3463 4769 πρὶν
3488 4694 3519 4768 ἦ
3551 4694 3819 4767 κατειλη-

2447 4851 2489 4882 δί
2515 4850 2663 4905 Psal.
2722 4865 2863 4914 κατι,
2911 4850 2998 4906 ll.
3074 4849 3119 4880 “
3152 4847 3327 4903 Exod.
3361 4864 3440 4911 nt,
3465 4848 3559 4904 23.

2248 4965 2446 5019 allufat
2475 4965 2541 5018 ad
2564 4965 2726 5019 verba
2752 4964 3081 5035 evangelica,
3129 4972 3178 5017 et
3236 4963 3371 5017 venit
3413 4962 3468 5015 in
3494 4960 3696 5035 spiritu
3724 4966 3818 5035 fin

600 5028 803 5104 μένον.
826 5028 1252 5104 Velut_ornn‘ihus
1286 5035 1340 5087 in
1372 5028 2142 5104 ineornprelien—sirhilitatesua
2249 5037 2494 5103 templum
2520 5052 2538 5088 :
2568 5036 2711 5089 velut
2734 5028 2987 5089 nimirum
3015 5035 3274 5090 instinctu
3307 5037 3464 5088 actus
3491 5030 3547 5085 in
3582 5030 3816 5089 Domini

601 5100 955 5173 eminentem,
976 5101 1087 5157 fere
1111 5100 1333 5156 Paulina
1361 5100 1675 5173 phrasi'qua
1708 5103 1906 5173 dicitur
1932 5103 2141 5158 inhabi-
2245 5100 2551 5159 occursum.

602 5174 716 5246 tare
747 5168 917 5246 lu‘cem
947 5168 1392 5246 inaccessibilem',
1424 5171 1445 5225 l
1476 5168 1613 5225 Titn'.
1639 5188 1711 5227 v1.
1738 5172 2023 5246 .Pantinus
2051 5189 2140 5246 re-

2314 5174 2426 5246 (54)
2460 5173 3292 5246 Τὸν-αὐθέντηνᾼδιδάσζκαλον.
3320 5170 3525 5227 Alludit
3544 5171 3611 5246 ad
3630 5171 3819 5229 verba

605 5236 707 5288 fert
744 5236 1114 5315 adiereaturas
1169 5242 1348 5315 minus
1381 5256 1636 5315 congrue,
1681 5245 1770 5312 qui
1795 5244 2037 5296 universa
2060 5243 2142 5295 in-
2245 5236 2552 5315 evangelica
2573 5242 2737 5315 Marci
2769 5261 2786 5298 t
2824 5236 3003 5299 {Erat
3047 5243 3234 5315 docens
3294 5259 3402 5315 eos,
3454 5243 3606 5311 quasi
3656 5252 3823 5309 pote-

603 5305 1049 5386 σοφλῂεΙξοίηείρήιὶ
1073 5312 1301 5386 quadarn
1330 5305 1529 5365 ratione
1556 5305 1841 5386 constituit.
2069 5380 2080 5386 _
2246 5305 2433 5369 statent
2499 5314 2711 5370 habens.
2772 5315 2948 5370 Minus
3003 5323 3125 5385 apte
3156 5305 3478 5386 APantinus;
3533 5305 3822 5386 auctores.

653 5376 784 5455 '(55)
812 5376 881 5455 f0
911 5379 1027 5456 τῷν
1050 5376 1417 5456 τελουμένων
1448 5383 1776 5456 τελειωτής.
1807 5381 1885 5456 Ita
1939 5380 2139 5456 passim

2250 5386 2415 5454 ipsum
2436 5395 2485 5439 et
2513 5394 2876 5453 praeoptarent
2908 5376 3055 5456 legis;
3089 5384 3232 5439 velut
3255 5396 3507 5454 suprema
3558 5383 3827 5437 auctori-

607 5444 914 5523 Dionysius,
944 5444 1256 5523 Gregorius,
1300 5459 1405 5523 etc.
1458 5450 1635 5507 Minus
1692 5444 1813 5523 apte
1854 5444 2136 5516 Paulinus,
2244 5444 2353 5510 tate
2371 5444 2673 5510 docentem.

604 5515 858 5589 perfectus
891 5515 1091 5581 auctor,
1110 5522 1288 5589 potius
1316 5521 1576 5584 initiator,
1593 5515 2016 5588 consummator,
2030 5530 2136 5578 etc.

606 5584 741 5664 Male
770 5586 930 5640 etiam
959 5588 1040 5664 τὸ,
1069 5584 1280 5664 διὰ-τοῦ
1306 5590 1614 5664 Πνεύματος
1665 5594 1820 5664 ἁγίου
1879 5584 2021 5664 (ιιιοᾶ
2053 5607 2141 5664 se-

605 5657 809 5735 quitur,
848 5658 1029 5735 ret‘ulit
1058 5659 1123 5735 a_d
1155 5660 1284 5735 illud
1312 5661 1419 5735 τῶν
1450 5657 1852 5735 πραττομένων,
1896 5657 2026 5718 ὀυηι
2059 5661 2138 5735 Αείι

606 5725 826 5780 omnino
856 5725 1191 5783 referendum
1220 5730 1287 5784 ad
1315 5725 1532 5786 verbum
1575 5725 1939 5800 συνεκάλεσεν,
1991 5732 2137 5788 velut

2314 5525 2425 5607 (55)
2467 5525 2597 5607 Ἐπὶ
2639 5525 2862 5607 θρόγόυΔ
2890 5521 3235 5607 βασιλικοῦ.
3285 5522 3485 5607 sancta
3537 5521 3821 5607 nimirurn

2243 5592 2471 5665 Dcipara
2502 5596 2625 5650 sinu
2658 5592 2922 5666 gestante,
2984 5603 3041 5649 ut
3093 5594 3289 5665 ubique
3316 5593 3498 5650 divina
3541 5592 3822 5648 humanis

2244 5674 2642 5737 comparentur.
