4010 6328
247 307 342 364 381

1334 305 1564 364 SERMO
1601 306 1689 361 DE
1729 303 2026 364 SIMEONE
2063 305 2149 361 ET
2187 305 2390 361 ANNA.

3379 311 3482 366 362

251 429 415 496 φέναι
450 427 545 480 τὸν
575 427 722 492 ναὸν,
746 428 858 492 τοῖς
881 427 978 499 τῆς
1002 427 1239 492 διανοίας
1265 428 1559 500 ὀφθαλμοῖς
1589 428 1798 482 άναπτεη

1927 435 2121 483 natura
2181 427 2510 483 exstinctum
2570 423 2985 494 suscitaveratﬂ
3046 439 3109 479 ac
3162 425 3479 495 priusquam

253 519 343 591 ρού
351 536 537 589 μενος,
566 519 640 583 ὡς
663 519 798 589 ἔχων
822 519 922 590 ήδη
951 520 1011 572 τὸ
1039 517 1365 588 ποθούμενον
1385 518 1652 589 ὲγεγήθει.
1671 518 1822 587 ’Δγόο

250 629 410 682 μενος
443 611 500 664 δὲ
536 611 715 675 οὕτω,
759 613 853 666 καὶ
896 610 1318 682 μετεωροπορῶν
1347 613 1459 673 τοῖς
1491 610 1820 682 διαδήμασιν

243 702 584 769 ὠκυτάτως,
627 705 716 756 τὸν
759 703 925 757 πάλαι
975 703 1118 772 ἱερὸν
1165 701 1567 772 καταλαμϐάνει
1616 701 1817 772 σηκὸν,

244 796 338 849 καὶ
367 797 430 848 ού
461 795 716 866 προσχὼν
740 793 817 864 τῷ
845 792 1001 863 ἱερῷ,
1031 792 1108 862 τῷ
1131 791 1224 844 τοῦ
1261 791 1404 864 ἱεροῦ
1430 791 1688 862 πρυτάνει
1719 791 1818 855 τὰς

243 887 395 957 ἱεράς
427 887 642 949 ὠλένας
672 885 980 955 ὲφήπλωσε,
1000 883 1176 936 τοιάδε
1201 882 1372 950 λέγων
1403 882 1517 952 ἅμα
1537 883 1630 934 καὶ
1655 881 1814 952 ᾅδων,

242 979 277 1032 ἃ
329 979 428 1032 καὶ
477 981 544 1048 τῇ
596 979 845 1046 ἀσπαστῇ
883 976 1066 1045 τελετῇ
1114 974 1386 1044 προσῆκε·
1438 973 1506 1024 Σὲ
1540 972 1814 1037 ἐπιποθῶ,

241 1070 482 1123 δέσποτα
517 1070 618 1122 Θεὲ
655 1069 940 1139 πατέρων,
977 1067 1070 1119 καὶ
1110 1064 1280 1135 Κύριε
1331 1063 1425 1117 τοῦ
1471 1064 1684 1129 ἐλέους,
1725 1065 1816 1117 τὸν

243 1155 664 1220 καταξιώσαντα
709 1159 772 1226 τῇ
807 1155 910 1226 ἰδίᾳ
949 1153 1075 1226 δόξῃ
1108 1154 1202 1206 καὶ⁵
1239 1155 1403 1224 ἀρετῇ
1426 1192 1439 1215 ,
1482 1153 1556 1216 ὡς
1599 1153 1816 1207 πάντων

241 1249 580 1317 προνοητικῇ
607 1287 621 1308 ,
653 1247 790 1299 αἰδοῖ
835 1245 934 1316 τῆς
964 1244 1096 1315 πρὸς
1133 1244 1282 1313 ἡμᾶς
1323 1242 1812 1310 συγκαταϐάσεως,

241 1338 497 1408 καθάπερ
527 1337 880 1407 σπονδηφόρῳ
913 1334 1190 1406 μεσιτείᾳ,
1220 1335 1300 1396 εἰς
1325 1333 1542 1404 φιλικὴν
1580 1333 1815 1405 ὁμηρεῦ-

239 1449 326 1484 σαι
349 1429 676 1501 συμφωνίαν
705 1429 829 1490 τοὺς
860 1426 1208 1495 ὲπουρανίους
1235 1425 1370 1496 πρὸς
1397 1426 1520 1489 τοὺς
1542 1427 1808 1494 γηγενεῖς.

238 1522 303 1572 Σὲ
337 1519 591 1590 ἐπιζητῶ
629 1519 720 1572 τὸν
750 1516 1049 1588 αὐτουργὸν
1085 1517 1190 1570 τῶν
1228 1516 1507 1570 ἁπάντων·
1544 1517 1602 1570 σὲ
1646 1534 1814 1587 καρα-

237 1612 377 1665 δοκῶ
396 1651 413 1674 ,
440 1612 538 1663 τὸν
573 1611 896 1681 περιέχοντα
931 1610 1073 1680 λόγῳ
1108 1609 1176 1662 τά
1201 1611 1406 1665 πάντα·
1442 1611 1499 1663 σὲ
1522 1609 1814 1678 άπεκδέχο-

245 1721 362 1774 μαι,
393 1704 489 1756 τὸν
521 1704 668 1773 ζωῆς
694 1704 785 1756 καὶ
817 1702 1043 1756 θανάτου
1071 1703 1397 1767 δεσπόζοντα
1417 1720 1430 1732 ·
1458 1703 1515 1755 σὲ
1539 1701 1810 1772 ἀναμένω,

238 1796 327 1847 τὸν
367 1796 703 1865 νομοδότην,
731 1795 824 1847 καὶ
861 1793 952 1846 τοῦ
998 1794 1160 1864 νόμου
1194 1794 1455 1864 διάδοχον·
1507 1795 1564 1846 σὲ
1610 1793 1810 1855 πεινῶ,

229 1886 322 1939 τὸν
343 1888 610 1954 ζωοποιὸν
627 1887 735 1941 τῶν
759 1886 1195 1957 νενεκρωμένων·
1225 1886 1283 1938 σὲ
1307 1884 1462 1954 διψῶ,
1490 1883 1586 1955 τὴν
1605 1884 1806 1953 άνάψυ-
1837 1870 1877 1926 Β

232 1981 312 2046 ξιν
341 1983 450 2034 τῶν
478 1984 871 2052 κεκμηκότων·
910 1983 968 2034 σὲ
1019 1981 1269 2052 ἐπιθυμῶ
1313 1981 1402 2035 τὸν
1451 1981 1671 2052 κτίστην
1713 1982 1805 2034 καὶ

231 2071 512 2142 λυτρωτὴν
542 2070 640 2123 τοῦ
674 2071 897 2141 κόσμου.
941 2070 1012 2122 Σὺ
1047 2069 1204 2140 ήμῶν
1231 2069 1360 2132 Θεὸς
1383 2109 1398 2133 ,
1428 2071 1520 2122 καὶ
1549 2071 1607 2123 σὲ
1640 2087 1805 2140 προσ-

229 2161 521 2230 κυνοῦμεν.
554 2161 626 2213 Σὺ
646 2162 802 2232 ήμῶν
831 2160 955 2223 ναὸς
978 2161 1161 2228 ἅγιος,
1192 2161 1283 2212 καὶ
1317 2161 1375 2212 ὲν
1409 2161 1491 2213 σοὶ
1516 2161 1804 2232 προσευξό-

231 2251 366 2321 μεθα
387 2269 402 2282 ·
435 2252 501 2304 σὺ
526 2251 745 2322 θεσμῶν
774 2250 1126 2321 θεσμοθέτης,
1150 2253 1242 2304 καὶ
1273 2251 1354 2303 σοὶ
1381 2250 1799 2322 πειθαρχοῦμεν.

228 2345 295 2397 Σὺ
331 2345 469 2406 Θεὸς
501 2343 737 2415 πρῶτος·
775 2343 1080 2416 ἔμπροσθέν
1122 2360 1216 2396 σου
1246 2344 1344 2396 οὐκ
1389 2343 1645 2414 ἐγεννήθη
1691 2343 1801 2415 (56)

231 2431 358 2494 Θεος
390 2432 555 2496 ἄλλος
589 2433 653 2484 ἐκ
685 2431 818 2485 Θεοῦ
856 2432 1086 2502 Πατρὸς,
1121 2433 1212 2485 καὶ
1248 2433 1385 2503 μετὰ
1419 2433 1479 2486 σὲ
1524 2433 1622 2486 οὐκ
1649 2433 1800 2487 ἔσται

227 2524 379 2588 ἄλλος
417 2524 554 2586 Υἱὸς
595 2523 674 2594 τῷ
699 2524 873 2594 Πατρὶ
913 2523 1194 2594 ὁμοούσιος
1235 2525 1327 2577 καὶ
1361 2525 1637 2595 ὁμότιμος.
1693 2525 1800 2578 Καὶ

229 2617 290 2670 τὸ
312 2617 684 2671 ἐπίστασθαι
711 2633 805 2681 σε,
836 2619 1170 2684 ὁλόκληρος
1201 2615 1572 2683 δικαιοσύνη·
1598 2616 1695 2669 καί
1723 2619 1800 2670 ει-

227 2710 384 2765 δέναι
416 2725 537 2764 σου
563 2708 628 2762 τό
661 2708 897 2776 κράτος,
918 2707 1051 2776 ῥίζα
1081 2710 1431 2773 ἀθανασίας.
1466 2708 1536 2760 Σὺ
1575 2703 1625 2760 εἴ
1653 2711 1685 2760 ό
1711 2707 1800 2762 διὰ

226 2803 320 2873 τὴν
347 2802 629 2874 ἡμετέραν
661 2802 931 2874 σωτηρίαν
953 2804 1122 2868 λίθος
1145 2799 1565 2871 ἀκρογωνιαῖος
1579 2839 1594 2862 ,
1615 2803 1800 2855 πολυ-

229 2895 403 2961 τελής
444 2912 510 2947 τε
556 2893 654 2947 καὶ
704 2893 977 2962 ἔντιμος,
1021 2896 1085 2964 τῇ
1123 2891 1258 2945 Σιὼν
1290 2891 1792 2963 προαναγορευθείς.

237 2986 635 3055 ’Υποὸέὸληται
681 2985 787 3054 γάρ
841 3000 924 3036 σοι
984 2982 1052 3036 τὰ
1110 2984 1286 3036 πάντα
1357 2983 1432 3045 ὡς
1473 2983 1660 3053 αἰτίῳ·
1722 2982 1798 3045 ὠς

228 3077 600 3147 παραγαγόντι
645 3075 712 3127 τὰ
743 3074 838 3128 ὅλα
876 3076 939 3126 ὲκ
972 3072 1046 3144 μὴ
1081 3073 1249 3127 ὄντων
1278 3075 1357 3136 είς
1401 3073 1462 3126 τὸ
1495 3069 1633 3126 εἷναι
1655 3113 1669 3137 ,
1703 3073 1797 3125 καὶ

225 3167 487 3220 σύστασιν
512 3167 729 3236 εὐπαγῆ
750 3169 859 3229 τοῖς
882 3166 1135 3230 άστάτοις
1180 3163 1512 3236 παρασχόντι
1531 3163 1644 3227 ·.ὼς
1675 3181 1796 3216 συν-

220 3261 317 3329 οχῇ
370 3260 461 3311 καὶ
501 3260 713 3329 φρουρᾷ
758 3256 866 3309 τῶν
899 3255 1418 3328 παρενηνεγμένων·
1460 3255 1536 3318 ὡς
1581 3255 1793 3325 φύσεων

218 3354 490 3425 διαφόρων
518 3352 834 3425 δημιουργῷ
853 3369 868 3382 ·
911 3351 986 3415 ῶς
1013 3349 1310 3414 οἱακίζοντι
1342 3350 1566 3420 παλάμῃ
1597 3351 1794 3402 παναλ-

219 3451 455 3521 κεττάτῃ
497 3451 591 3502 καὶ
638 3448 1035 3520 πανσοφωτάτῃ
1061 3447 1127 3500 τὰ
1170 3447 1489 3518 σύμπαντα·
1531 3446 1604 3508 ὼς
1638 3447 1794 3499 εὐτα-

219 3541 334 3607 ξίας
363 3543 587 3612 ἀπάσης
633 3539 852 3612 ῥυθμῷ·
880 3540 954 3603 ὼς
984 3539 1301 3609 συμφωνίας
1327 3538 1418 3590 καὶ
1445 3539 1666 3608 εἰρήνης
1695 3537 1790 3605 dfa-

218 3636 369 3704 ῥαγεῖ
391 3633 697 3703 συνδέσμῳ.
731 3634 832 3686 Ἐν
851 3633 946 3685 σοι
977 3634 1087 3700 γὰρ
1104 3630 1306 3698 ζῶμεν,
1332 3630 1427 3681 καὶ
1451 3629 1788 3695 κινούμεθα,

217 3728 304 3779 καὶ
343 3725 555 3794 ἐσμέν.
584 3726 680 3777 Διὰ
712 3726 866 3778 τοῦτο
885 3765 899 3788 ,
939 3725 1115 3792 Κύριε
1139 3727 1171 3777 ὁ
1206 3723 1348 3787 Θεός
1376 3739 1493 3790 μου
1513 3761 1527 3782 ,
1555 3717 1791 3780 δοξάσω

215 3833 304 3879 σε,
327 3815 586 3884 ὑμνήσω
613 3815 676 3866 τὸ
701 3813 884 3882 ὄνομά
906 3829 1043 3867 σου·
1059 3813 1147 3865 ὅτι
1172 3813 1465 3878 ἐποίησας
1481 3808 1791 3878 θαυμαστὰ

214 3908 527 3979 modulata
546 3948 562 3971 ,
601 3905 843 3972 βουλὴν
869 3905 1123 3973 ἀρχαίαν
1154 3902 1450 3970 ἀληθινὴν
1468 3942 1481 3964 ,
1505 3901 1787 3968 ἐξομολό-

212 4017 393 4064 γησιν
438 3999 534 4051 καὶ
570 3996 1085 4067 μεγαλοπρέπειαν
1116 3994 1542 4062 ἐνδυσάμενος.
1579 3993 1643 4044 Τί
1681 3989 1789 4058 γάρ

210 4090 674 4161 περιφανέστερον
701 4087 910 4159 βασιλεῖ
932 4085 1326 4158 περιανθούσης
1347 4083 1670 4154 πορφυρίδος
1695 4081 1787 4134 καὶ

209 4185 620 4254 ὲπιλάμποντος
643 4180 968 4251 διαδήματος
993 4197 1007 4244 ;
1033 4181 1102 4232 ’Ἡ
1136 4179 1188 4231 τί
1218 4175 1788 4249 μεγαλοπρεπέστερον

207 4277 322 4348 Θεῴ
357 4273 732 4346 φιλανθρώπῳ
763 4270 1135 4344 φιλανθρώπου
1163 4269 1640 4338 ὲνανθρωπήσεως,
1670 4265 1788 4326 ταῖς

206 4371 685 4442 παμφανωτάταις
715 4366 1019 4434 ὲξαυγείαις
1041 4364 1181 4430 τοὺς
1205 4363 1274 4416 ἐν
1297 4363 1496 4416 σκότει
1521 4359 1618 4412 καὶ
1645 4355 1788 4424 σκιᾷ

205 4464 472 4517 θανάτου
516 4459 890 4528 καθημένους
931 4456 1480 4524 καταλαμπούσης;
1528 4451 1635 4504 Καὶ
1681 4449 1786 4520 μὴν

1923 520 2180 590 templum
2223 518 2512 588 attigisset.
2567 517 2860 572 subvectus
2889 516 3258 586 intelligentia:
3281 516 3478 584 oculis,

1920 611 2066 666 velut
2093 611 2202 680 jam
2247 608 2612 664 desideratum
2671 609 2913 672 haberet,
2948 610 3144 678 gaudio
3190 609 3476 679 gestiebat.

1923 700 2012 756 Sic
2036 717 2198 772 porro
2222 709 2397 765 actus,
2432 717 2493 754 ac
2524 716 2619 772 per
2661 700 2861 770 gradus
2894 700 3175 756 celerrime
3207 716 3477 758 conscen-

1919 793 2076 858 dens,
2134 808 2350 847 sacrum
2402 793 2665 846 hactenus
2707 791 2982 860 penetrale
3041 798 3304 861 occupat;
3336 800 3476 848 tem-

1919 883 2116 952 ploque
2145 883 2372 944 omisso,
2431 882 2605 950 ipsius
2639 881 2822 949 templi
2854 881 3068 950 prasidi
3101 896 3288 936 sacras
3319 883 3476 937 ulnas

1917 971 2204 1042 expandit;
2256 971 2520 1040 ejusmodi
2561 971 2822 1040 quosdam
2871 970 3124 1038 jucunda:
3175 971 3472 1027 celebritati

1916 1079 2188 1134 congruos
2236 1078 2516 1118 sermones
2566 1063 2779 1116 cantico
2821 1061 3147 1131 deprotnens
3173 1082 3186 1116 :
3215 1062 3290 1118 Te
3331 1064 3475 1118 desi-

1914 1154 2066 1220 dero,
2101 1154 2328 1211 Domine
2373 1155 2515 1210 Deus
2547 1164 2782 1225 patrum,
2812 1161 2865 1206 et
2895 1155 3118 1208 Domine
3162 1155 3472 1210 misericor-

1913 1247 2047 1313 dia';
2084 1247 2177 1317 qui
2207 1255 2297 1300 tua
2332 1249 2448 1318 ipse
2480 1249 2746 1302 sententia
2778 1255 2831 1301 et
2863 1246 3082 1307 virtute,
3112 1256 3169 1299 ut
3197 1261 3301 1316 qua
3346 1262 3470 1316 pro-

1911 1337 2096 1393 videas
2128 1339 2398 1401 omnibus,
2431 1338 2742 1408 dignatione
2793 1339 2880 1391 illa
2911 1353 3016 1406 qua
3045 1346 3096 1392 te
3127 1339 3283 1392 nobis
3313 1339 3473 1393 incli-

1913 1445 2031 1494 nas,
2067 1445 2163 1486 ceu
2202 1440 2481 1501 sequestra
2531 1431 2748 1484 foederis
2773 1430 3173 1494 conciliatione,
3218 1433 3468 1486 cmlestes

1912 1521 2055 1575 inter
2087 1523 2513 1591 terrigenasque,
2557 1521 2849 1574 amicitiam
2889 1521 3212 1576 concordem
3257 1537 3467 1577 sancrre

1907 1612 2151 1668 voluisti.
2200 1611 2275 1667 Te
2307 1627 2488 1682 quer
2527 1613 2701 1682 ipsum
2751 1619 3026 1665 auctorem
3066 1613 3463 1668 universorum.

1910 1702 2046 1757 Tota
2079 1710 2132 1758 ιο
2161 1703 2458 1774 cupiditate
2495 1712 2769 1774 exspecto,
2811 1705 2902 1773 qui
2937 1720 3185 1760 sermone
3220 1706 3470 1759 contines

1911 1796 2114 1850 omnia.
2169 1794 2243 1851 Te
2287 1797 2593 1866 prtestolor,
2647 1797 2767 1852 vita:
2818 1797 3116 1866 mortisque
3163 1797 3465 1851 dominato-

1907 1903 2040 1942 rem.
2077 1887 2152 1943 Te
2196 1889 2438 1944 sustineo
2466 1887 2705 1942 datorem
2757 1889 2908 1958 legis.
2949 1889 3301 1959 ejusdemque
3333 1905 3464 1943 suc-

1908 1994 2202 2036 cessorem.
2251 1979 2326 2035 Te
2365 1981 2582 2044 esurio,
2634 1979 2726 2047 qui
2778 1979 3019 2034 viviﬁcas
3059 1989 3322 2035 mortuos.
3368 1981 3453 2035 Si-

1905 2072 1982 2126 tio
2015 2079 2087 2132 te.
2123 2070 2539 2142 deiatigatorum
2581 2070 2942 2139 refrigerium.
2981 2070 3056 2126 Te
3101 2075 3450 2142 concupisco,

1906 2165 2095 2218 mundi
2129 2171 2428 2219 creatorem
2482 2163 3001 2231 redemptoremque.
3054 2162 3130 2217 Tu
3178 2163 3321 2218 Deus
3366 2180 3464 2218 no-

1903 2264 2049 2324 ster;
2085 2264 2246 2328 teque
2277 2257 2590 2310 adoramus.
2642 2253 2722 2308 Tu
2773 2249 3020 2309 sanetum
3065 2257 3320 2326 templum
3365 2273 3462 2311 no-

1903 2354 2113 2410 strum;
2162 2354 2394 2415 votaque
2441 2345 2492 2398 in
2540 2352 2593 2398 te
2638 2343 2920 2399 faciemus.
2949 2343 3028 2398 Tu
3074 2345 3249 2416 legum
3283 2346 3457 2407 lator;

1902 2436 2112 2506 tibique
2155 2437 2674 2506 obtemperabimus.
2712 2436 2790 2489 Tu
2813 2435 2954 2490 Deus
2982 2436 3186 2504 primus
3211 2453 3226 2501 ;
3257 2444 3380 2500 ante
3408 2445 3461 2489 te

1902 2541 2008 2581 non
2039 2535 2122 2582 est
2146 2537 2305 2581 natus
2335 2526 2476 2582 Deus
2506 2527 2646 2581 alius
2671 2543 2735 2580 ex
2777 2526 2886 2580 Deo
2918 2525 3075 2580 Patre
3100 2526 3174 2587 "z
3204 2541 3304 2580 nec
3337 2535 3460 2594 post

1901 2628 1953 2673 te
1983 2618 2199 2674 futurus
2223 2627 2306 2674 est
2337 2619 2478 2672 alius
2499 2617 2669 2673 Filius
2695 2617 2838 2670 Patri
2871 2618 3377 2680 consubstantialis,
3405 2629 3459 2671 et

1899 2708 2143 2778 ejusdem
2175 2723 2298 2763 cum
2349 2709 2468 2779 ipso
2519 2709 2722 2778 gloriae.
2767 2709 2940 2776 Atque
2989 2725 3139 2762 nosse
3183 2719 3250 2774 te,
3291 2710 3458 2763 solida

1890 2801 2104 2870 justitia
2131 2811 2206 2855 est
2235 2817 2253 2854 :
2286 2810 2527 2870 tuamque
2555 2802 2687 2854 scire
2723 2800 3029 2869 potentiam,
3063 2800 3218 2852 radix
3247 2802 3446 2856 immor-

1900 2893 2129 2947 talitatis
2158 2892 2225 2947 θ’.
2258 2890 2339 2946 Tu
2383 2900 2584 2945 nostra:
2623 2891 2816 2946 salutis
2845 2906 3032 2954 causa,
3073 2891 3206 2958 lapis
3247 2893 3333 2946 ille
3364 2909 3457 2946 an-

1897 2985 2102 3055 gularis
2135 2985 2426 3054 exquisitas
2461 2993 2509 3037 et
2543 2986 2801 3052 pretiosus
2827 2983 2893 3044 ⁸⁵,
2925 2980 3074 3037 Sioni
3122 2992 3279 3037 antea
3320 2999 3458 3052 pra:-

1898 3073 2093 3129 dictus.
2131 3072 2251 3127 Tibi
2282 3073 2426 3127 enim
2478 3074 2753 3128 substrata
2794 3079 2920 3126 sunt
2959 3073 3139 3125 omnia
3187 3080 3245 3125 ut
3282 3088 3462 3127 causai

1896 3173 1950 3219 et
1981 3165 2214 3224 auctori.
2241 3175 2299 3218 ut
2328 3165 2374 3218 ei
2417 3165 2509 3233 qui
2540 3164 2793 3217 universa
2823 3179 2888 3217 ex
2920 3163 3090 3216 nihilo
3117 3162 3182 3216 ad
3213 3179 3337 3218 esse
3364 3164 3460 3218 de-

1896 3256 2071 3319 duxit,
2097 3255 2369 3323 rebusque
2392 3253 2738 3308 instabilibus
2775 3252 2981 3305 ﬁrmam
3013 3254 3456 3308 constitutionem

1894 3347 2084 3401 tribuit
2112 3365 2124 3399 :
2159 3352 2414 3413 tanquam
2449 3358 2628 3397 rerum
2660 3343 2713 3395 in
2761 3357 2884 3396 esse
2911 3342 3262 3396 deductarum
3295 3345 3456 3396 nexui

1895 3436 2394 3504 commissumque,
2429 3443 2588 3502 atque
2633 3432 2923 3502 praesidio:
2962 3440 3220 3501 tanquam
3263 3440 3455 3485 natura

1893 3529 2232 3583 diversorum
2285 3525 2510 3595 opifici:
2546 3525 2688 3579 velut
2735 3523 2806 3585 ei,
2863 3523 2955 3592 qui
3011 3539 3173 3576 manu
3228 3539 3455 3593 prorsus

1896 3619 2194 3672 fortissima
2232 3614 2745 3686 sapientissimaque
2782 3614 3094 3666 moderatur
3151 3613 3402 3668 universa
3437 3632 3449 3665 :

1893 3712 2038 3765 velut
2086 3710 2372 3780 compositi
2419 3709 2792 3776 cujuscunque
2841 3707 3049 3760 ordinis
3104 3706 3360 3776 rhythmo
3401 3715 3456 3760 et

1893 3804 2297 3861 concinnitati:
2336 3813 2395 3858 ut
2439 3801 2742 3855 concordia:
2784 3801 3041 3868 pacisque
3087 3797 3452 3853 indissolubili

1891 3894 2131 3946 vinculo.
2185 3889 2252 3944 In
2297 3900 2343 3944 te
2384 3891 2519 3943 enim
2573 3889 2810 3950 vivimus,
2862 3898 2909 3940 et
2951 3904 3232 3953 movemur,
3280 3897 3328 3942 et
3362 3905 3453 3941 su-

1891 4002 2006 4038 mus
2029 3985 2094 4038 ⁸⁶.
2138 3981 2453 4053 Propterea,
2491 3981 2709 4036 Domine
2740 3980 2876 4033 Deus
2926 3996 3090 4043 meus,
3145 3981 3452 4049 glori/icabo

1892 4084 1939 4127 te
1962 4075 2035 4141 ‘7;
2066 4071 2294 4126 laudabo
2329 4088 2511 4125 nomen
2558 4083 2726 4134 tuum,
2759 4069 3002 4140 quoniam
3037 4069 3208 4137 fecisti
3243 4086 3321 4121 res
3353 4070 3451 4120 ad-

1891 4167 2189 4230 mirandas,
2233 4165 2513 4219 consilium
2548 4164 2820 4232 antiquum
2853 4179 3028 4215 verum
3060 4162 3133 4228 ‘8;
3165 4161 3450 4228 confessio-

1891 4277 2006 4314 nem
2052 4268 2101 4313 et
2135 4257 2372 4311 decorem
2423 4256 2638 4309 indutus
2663 4257 2727 4308 ιθ.
2761 4254 2900 4320 Quid
2939 4255 3082 4307 enim
3125 4253 3259 4322 regi,
3305 4261 3453 4306 veste

1890 4364 2162 4422 purpurea
2194 4348 2444 4402 ﬂoridum
2469 4347 2596 4415 quid
2629 4346 3094 4405 circuiumicante,
3123 4343 3454 4396 diademate-

1887 4459 1994 4514 quc
2022 4443 2330 4514 ell'ulgente,
2370 4437 2740 4511 splendidius?
2770 4435 2908 4502 Quid
2955 4451 3104 4496 vero,
3151 4432 3455 4488 clementis-

201 4556 435 4617 εἰκότως
481 4554 578 4606 καὶ⁵
618 4525 1074 4621 προανευῳήμησέ
1129 4564 1187 4599 σε
1239 4545 1346 4598 τὸν
1375 4541 1638 4597 Βασιλέα
1669 4538 1787 4593 τῶν

1900 4536 2030 4590 simo
2059 4535 2188 4596 Deo,
2226 4532 2477 4588 clementi
2521 4531 2620 4584 hac
2648 4529 2886 4583 hominis
2910 4527 3305 4596 assumptione,
3341 4525 3453 4576 cla-

201 4648 440 4700 αὶὼνων
463 4649 491 4699 ὁ
526 4643 857 4715 πρόσκαιρος
893 4639 1140 4710 βασιλεὺς
1167 4638 1261 4690 καὶ
1279 4637 1514 4706 οἰκέτης,
1534 4632 1775 4701 φάσκων·

209 4739 447 4806 Ὤραῖσς
485 4735 695 4788 κάλλει
728 4732 883 4799 παρὰ
921 4731 1060 4796 τοὺς
1089 4728 1257 4795 υἱοὺς
1283 4726 1400 4780 τῶν
1428 4721 1778 4790 ἀνθρώπων,

198 4833 225 4885 δ
259 4835 316 4886 ὲν
348 4829 669 4898 ἀνθρώποις
696 4826 827 4890 Θεὸς
858 4827 952 4878 καὶ
989 4824 1293 4895 ἄνθρωπος.
1318 4818 1642 4892 Περιεζώσω
1673 4815 1779 4886 γάρ

195 4925 280 4981 διὰ
333 4927 446 4994 τῆς
487 4922 639 4983 θείας
680 4937 776 4973 σου
823 4917 1147 4990 σαρκώσεως
1187 4913 1496 4984 δικαιοσύνῃ
1549 4911 1643 4981 μὲν
1681 4908 1780 4980 τὴν

196 5017 405 5085 corr-153-
429 5033 441 5044 ·
476 5014 778 5081 ἐνηλείψω
819 5009 885 5064 δὲ
912 5010 1008 5063 καὶ
1047 5009 1293 5074 ἀληθείᾳ
1335 5007 1439 5071 τὰς
1486 4999 1778 5069 πλευρὰς,

196 5110 531 5181 αὐτόχρημα
576 5103 888 5174 δικαιοσύνη
937 5101 1033 5155 καὶ
1084 5101 1306 5172 ἀλήθεια
1346 5097 1632 5168 ὑπάρχων,
1687 5093 1781 5146 καὶ

296 5269 348 5300 ⁸³
385 5265 505 5320 lsa.
549 5278 698 5323 mn,
732 5259 817 5314 10.
893 5257 938 5290 ⁸⁸
961 5257 1088 5324 Sap.
1116 5272 1204 5316 xv,
1241 5269 1325 5308 ιιι.
1392 5252 1435 5284 ’⁸⁸
1469 5248 1618 5303 Psal.
1659 5261 1827 5306 cxvn,
1854 5245 1916 5298 2|
1956 5262 1969 5308 ;

359 5339 408 5369 ιτ
459 5333 610 5372 ραι-..ιι
669 5347 768 5372 tv,
812 5329 861 5372 t2,
940 5329 988 5360 δε
1035 5325 1143 5372 Isa-
1185 5341 1320 5372 xxv.
1351 5325 1401 5372 l.
1478 5322 1522 5352 ιθ
1565 5318 1696 5372 Psal
1757 5332 1851 5370 cm
1879 5354 1894 5372 .
1925 5316 1969 5369 l.

191 5339 279 5393 ⁸28.
359 5339 408 5369 ⁸⁷
453 5333 631 5388 Exod.
669 5347 773 5392 xv,
812 5329 864 5384 2.
940 5329 988 5360 ⁸⁸
1031 5325 1143 5380 Isa.
1185 5341 1320 5385 xxv.
1351 5325 1401 5377 1.

197 5409 280 5465 l7.
363 5409 416 5440 ⁵¹
461 5405 616 5459 Psal.
661 5417 805 5467 xuv,
845 5399 897 5454 5.

263 5565 385 5634 (56)
433 5556 819 5634 Ἐμπροσθέν
850 5573 966 5610 σου
996 5555 1105 5634 οὐκ
1125 5541 1774 5634 ἐγῖεννήθη.Ιῇιίιιιξξιηαίι

192 5613 536 5691 τειλῖιξιίςοοῖ.
571 5613 726 5686 ίιιιι,
764 5629 962 5696 piaque
992 5613 1306 5696 detorsioue
1341 5613 1576 5696 applicat
1614 5613 1770 5667 Filio.

429 5704 530 5754 οὐκ
550 5687 785 5766 ἐγένετοξ
811 5687 907 5748 non
933 5695 1031 5759 fuit
1058 5693 1193 5766 alius
1237 5687 1399 5766 Deus.
1435 5687 1614 5766 Vulg”
1670 5700 1771 5736 non

194 5757 293 5842 luit
320 5757 604 5846 formatus
625 5769 782 5821 Deus.
808 5757 1071 5819 Paulinus
1093 5763 1230 5816 male
1256 5761 1336 5823 τδ,
1359 5757 1640 5828 ἐγεννήθη,
1665 5771 1772 5822 quo

489 5864 757 5922 PATBOL.
795 5861 907 5920 Gn.
957 5855 1183 5918 XVIII.

1887 4627 2122 4683 rissimis
2153 4625 2268 4680 suis
2299 4623 2464 4677 radiis
2490 4622 2824 4675 illuminante
2865 4618 3098 4673 sedentes
3134 4618 3187 4669 in
3227 4615 3443 4669 tenebra-

1886 4728 1935 4772 et
1981 4716 2168 4769 umbra
2201 4714 2383 4768 mortis
2412 4713 2478 4775 ⁵ο,
2514 4708 2984 4782 magniﬁcentius?
3015 4706 3271 4778 Apposite
3319 4717 3434 4758 sani

1889 4810 2075 4878 Regem
2097 4816 2151 4862 te
2178 4809 2492 4860 swcutorum
2513 4806 2580 4871 ⁸³,
2611 4812 2995 4872 temporaneus
3031 4801 3119 4854 ille
3146 4813 3239 4852 rex
3267 4811 3331 4848 ac
3370 4793 3453 4845 fa-

1888 4904 2068 4955 mulus
2099 4907 2246 4963 tuus,
2271 4898 2465 4953 faustis
2495 4897 2623 4952 olim
2653 4883 3217 4965 congra’tnlationibus
3251 4886 3451 4944 omini-

1886 4995 2096 5064 busque
2119 5001 2439 5063 prosecutus
2461 4996 2564 5054 est,
2589 4987 2774 5041 dicens
2802 5006 2814 5039 :
2844 4984 3119 5054 Speciosus
3144 4981 3316 5050 forma
3341 4990 3450 5044 pra:

1888 5089 2013 5158 ﬁliis
2045 5085 2311 5139 hominum
2334 5085 2412 5150 ";
2445 5081 2538 5153 qui
2578 5080 2634 5135 in
2664 5079 3000 5141 hominibus,
3031 5075 3174 5130 Deus
3207 5073 3326 5143 ipse
3370 5069 3448 5122 sis

2053 5242 2164 5294 Isa.
2200 5252 2394 5297 xxvnt.
2422 5237 2520 5300 l6;
2595 5235 2616 5288 1
2649 5235 2791 5290 Patr.
2830 5233 2968 5299 ",6.
3046 5231 3092 5264 “
3130 5229 3447 5300 Acthvni,

2051 5314 2096 5344 ⁸ο
2145 5310 2252 5364 Isa.
2297 5325 2444 5365 xui.
2489 5297 2564 5373 7;
2629 5306 2755 5359 Luc.
2829 5297 2886 5369 ι,
2923 5305 3008 5357 79.
3077 5302 3120 5333 ⁵⁸
3164 5299 3184 5352 l
3225 5297 3362 5352 Tim.
3409 5310 3446 5356 ι,

1885 5537 1973 5591 hic
2009 5543 2128 5605 apte
2163 5531 2459 5605 multitudo
2482 5533 2719 5605 ﬁliorum
2746 5533 2801 5588 in
2831 5532 2942 5586 Deo
2965 5527 3297 5605 excluditur,
3325 5524 3451 5605 red-

1881 5608 1980 5666 dit,
2019 5595 2214 5673 factus.
2243 5603 2502 5672 Neganth
2523 5605 2665 5658 enim
2699 5603 2872 5659 factos
2902 5619 2928 5654 a
2968 5600 3078 5674 Deo
3109 5597 3268 5651 Patre
3313 5595 3399 5674 alii
3425 5609 3450 5643 s

1883 5671 2039 5738 ﬁlios,
2085 5677 2300 5727 videtur
2338 5671 2440 5726 hic
2499 5675 2668 5728 asseri
2720 5675 2915 5741 factus,
2971 5671 3068 5740 qui
3125 5671 3447 5736 supponi!“

1880 5751 2072 5801 unicus
2103 5745 2289 5798 Filius.

3107 5826 3176 5886 12

3107 5865 3181 5884 1⁸
