4010 6328
603 269 706 322 563
1549 281 1603 336 S.
1649 275 1976 333 METEODII
2013 275 2319 334 EPiSCOPl
2360 275 2448 331 ET
2483 275 2840 332 MARTYBIS
3732 279 3839 336 564

591 406 646 452 et
682 395 859 455 homo.
891 400 1184 461 Accinxisti
1213 404 1379 466 enim,
1410 403 1593 459 divina
1629 412 1717 456 tua
1763 401 2139 455 lncarnatione

2266 401 2577 472 ἁγαλλίαμα
2607 401 2714 455 τῶν
2749 400 3020 455 ἁπάντων.
3063 397 3360 472 Τοιγαροῦν
3403 398 3762 473 εύφρανθήτω
3811 401 3839 454 ὁ

598 489 803 543 lumbos
837 489 1078 559 quidem,
1099 489 1318 558 Justitia
1350 504 1368 541 :
1401 491 1658 545 inunxisti
1689 509 1804 546 vero
1847 503 1895 546 et
1927 493 2138 546 veritate

2265 494 2490 565 οὐρανὸς
2531 494 2764 564 σήμερον
2791 493 2908 563 ἅμα
2934 493 3088 564 ἐμοί’
3132 494 3214 546 ὃτι
3239 492 3469 563 ἠλέησεν
3509 492 3540 543 ὁ
3589 489 3718 554 θεὸς
3749 491 3839 544 τὸν

597 584 768 637 latera
796 583 862 647 ⁸³,
895 582 987 653 qui
1014 582 1153 654 ipse,
1185 583 1302 652 ipsa
1333 597 1391 637 re
1416 597 1542 638 vera
1576 582 1792 652 justitia
1823 583 1900 638 sis
1930 592 1984 637 et
2016 584 2145 638 veri-

2266 583 2392 638 λαὸν
2423 583 2606 640 αὐτοῦ.
2653 584 2996 637 Ῥανάτωσαν
3034 583 3098 655 δὴ
3157 584 3248 636 καὶ
3285 584 3341 636 αἱ
3377 583 3595 652 νεφέλαι
3637 581 3836 636 δικαιο-

593 684 701 736 tas,
736 673 1231 742 universorumque
1251 671 1565 728 exsultatio.
1594 669 1830 727 Laetetur
1855 673 2020 742 igitur
2049 689 2145 728 me-

2268 677 2431 746 σύνην
2476 674 2553 746 τῷ
2599 675 2824 745 κόσμῳ·
2877 674 3191 727 σαλπισάτω
3235 675 3331 727 καὶ
3369 674 3436 727 τὰ
3467 673 3691 744 θεμέλια
3739 674 3838 743 τῆς

590 779 716 819 cum
768 764 927 819 hodie
963 765 1188 829 caelum,
1235 766 1492 833 quoniam
1532 765 1823 821 miseratus
1849 772 1932 820 est
1979 763 2145 818 Domi-

2264 768 2366 838 γῆς
2394 767 2616 838 εἰρήνην
2646 769 2758 826 τοῖς
2787 767 2844 820 ὲν
2872 765 2998 836 ᾅδου
3020 782 3033 796 ο
3071 767 3297 836 πάρεστι
3326 765 3433 837 γάρ
3471 767 3505 836 ἡ
3545 764 3838 825 ἀνάστασις

591 871 697 910 nus
726 858 986 926 populum
1021 871 1202 912 suum.
1235 854 1443 912 Rorent
1470 871 1599 911 vero
1639 857 1814 913 nubes
1840 856 2042 910 mundo
2065 857 2145 925 ju-

2263 857 2373 910 τῶν
2405 855 2836 926 κεκοιμημένων.
2878 855 3236 910 Ἀνατειλὰτω
3261 855 3355 908 καὶ
3385 856 3419 926 ἡ
3441 854 3513 924 γῆ
3549 854 3696 916 ἔλεος
3723 853 3840 915 τοῖς

590 949 797 1004 stitiam
825 950 870 982 ⁸⁵
907 969 918 1003 :
952 950 1047 1006 sed
1075 958 1130 1004 et
1160 949 1512 1004 fundamenta
1553 957 1730 1015 terrae,
1767 949 1961 1020 positis
1989 950 2042 1004 in
2075 951 2145 1003 int

2266 948 2609 1002 κατοικοῦσιν
2635 949 2822 1020 αὑτήν.
2864 946 3258 1016 Πεπλήρωμαι
3285 945 3394 1018 γὰρ
3426 944 3501 1014 τῇ
3524 943 3840 1014 παρακλή-

588 1039 768 1106 ferno,
793 1043 940 1098 velut
968 1043 1252 1112 clangente
1281 1042 1431 1104 tuba,
1463 1057 1653 1113 pacem
1685 1043 1934 1113 ingerant
1959 1061 1972 1098 :
2001 1041 2145 1096 adesl

2266 1057 2360 1094 σει
2381 1078 2396 1104 ,
2425 1039 2522 1092 καὶ
2553 1038 3139 1107 ὑπερπερισσεύομαι
3163 1035 3237 1105 τῇ
3262 1033 3448 1105 χαρᾷο
3485 1036 3567 1089 ὅτι
3602 1029 3743 1088 εἶδόν
3779 1051 3839 1088 σε

590 1133 736 1188 enim
762 1133 1095 1189 resurrectio
1125 1132 1535 1188 dormientium.
1565 1133 1734 1188 Terra
1760 1136 1925 1190 etiam
1960 1134 2145 1189 incolis

2261 1132 2352 1186 τὸν
2386 1133 2613 1204 Σωτῆρα
2643 1132 2750 1186 τῶν
2786 1130 3107 1205 ἀνθρώπων.

591 1225 708 1283 suis
747 1223 1178 1280 misericordiam
1225 1223 1508 1294 producat.
1561 1225 1814 1295 Impletus
1857 1227 2000 1282 enim
2022 1244 2158 1302 ⁸,ςιιηι
2197 1223 2979 1295 consolatione;superabundo
3008 1223 3202 1295 gaudio
3225 1224 3272 1256 ⁸⁸
3312 1234 3332 1274 :

587 1334 720 1375 num
743 1317 1077 1372 Salvatorem
1112 1316 1346 1372 videam.

3389 1221 3536 1294 quod
3573 1229 3628 1276 te
3653 1221 3839 1277 homi-

661 1431 770 1488 Vll.
814 1432 904 1488 Sic
945 1448 1074 1487 vero
1119 1433 1347 1487 saliente
1391 1447 1559 1494 sene,
1612 1433 1905 1505 divinaque
1958 1437 2145 1506 gaudio

2330 1436 2403 1487 Z'.
2437 1431 2766 1504 Χορεύοντος
2796 1429 2853 1484 δὲ
2880 1427 3021 1483 οὔτω
3048 1427 3142 1483 τοῦ
3183 1427 3508 1501 πρεσϐύτου,
3540 1431 3634 1484 καὶ
3669 1449 3844 1502 γανυο

589 1526 886 1595 impensius
918 1525 1258 1589 exsultante;
1293 1524 1434 1594 quod
1467 1533 1625 1580 antea
1656 1541 1752 1596 per
1773 1526 1998 1597 ﬁguram
2023 1543 2145 1597 pro-

2263 1525 2424 1596 μένου
2461 1526 2526 1595 τῇ
2575 1521 2694 1595 θείᾳ
2723 1520 3012 1593 εὐφρασίᾳ,
3054 1519 3124 1574 τὰ
3157 1521 3640 1593 κεχρηματισμένα
3683 1541 3844 1578 τυπι-

587 1617 744 1684 pheta
775 1616 943 1670 Isaias
990 1615 1162 1670 fuerat
1195 1617 1522 1671 vaticinatus
1555 1617 1622 1682 ⁸⁸,
1654 1633 1809 1672 sacra
1857 1617 1948 1674 Dei
1986 1619 2145 1674 Mater

2259 1617 2371 1681 κῶς
2389 1615 2466 1688 τῷ
2487 1617 2736 1688 προφήτῃ
2771 1614 2983 1685 Ἡσαΐᾳ,
3009 1614 3323 1685 περιφανῶς
3341 1615 3374 1684 ἡ
3402 1613 3522 1684 ἱερὰ
3539 1613 3845 1689 Θεομήτωρ

585 1707 870 1776 perspicue
903 1721 961 1761 re
1007 1707 1122 1777 ipsa
1167 1706 1314 1763 fecit.
1370 1710 1657 1778 Accipiens
1685 1710 1829 1766 enim
1856 1750 1871 1773 ,
1922 1727 1986 1766 ex
2019 1727 2145 1780 puro

2261 1707 2510 1772 ὲξετέλει.
2543 1707 2653 1761 Καὶ
2676 1706 2740 1779 δὴ
2773 1704 3044 1776 λαϐομένη
3082 1705 3174 1759 τὸν
3221 1706 3284 1758 ὲκ
3314 1704 3408 1758 τοῦ
3448 1706 3720 1776 ἀχράντου
3749 1707 3845 1762 καὶ

584 1800 1036 1869 immaculatoque
1059 1800 1212 1854 altari
1244 1816 1364 1864 suo,
1389 1801 1678 1855 carbonem
1705 1802 1854 1856 illum
1885 1803 2145 1858 viviﬁcum

2257 1803 2596 1874 παναμὼμου
2641 1802 2808 1872 αὐτῆς
2855 1800 3234 1872 θυσιαστηρίου
3277 1801 3656 1872 σαρκωθέντα,
3704 1803 3842 1867 ζωο-

581 1903 635 1946 et
661 1891 1002 1955 ineﬁ‘abilcm,
1041 1906 1203 1947 carne
1233 1892 1513 1955 indutum,
1558 1901 1870 1948 sanctarum
1923 1911 2144 1950 suarum

582 1997 839 2037 manuum
862 1981 1168 2051 complexu,
1193 1989 1448 2053 tanquam
1485 1981 1710 2052 forcipe,
1734 1983 1885 2053 justo
1919 1986 1994 2040 illi
2022 2000 2147 2056 por-

580 2073 720 2128 rexit
749 2095 760 2127 :
797 2083 851 2128 ut
891 2075 1022 2129 mihi
1049 2074 1264 2145 quidem
1313 2074 1547 2133 videtur,
1581 2077 1849 2145 ejusmodi
1881 2080 2146 2133 sermoni-

579 2164 682 2222 bus
716 2166 874 2221 aﬂ‘ata
916 2168 1119 2237 pariter
1145 2174 1200 2224 et
1229 2158 1481 2223 hortata}
1519 2169 1683 2226 Sume
1704 2211 1719 2235 ,
1773 2187 1936 2227 senex
1971 2173 2146 2227 hono-

579 2267 717 2321 rate,
749 2260 1201 2330 sacerdotumque
1231 2261 1468 2329 Optime,
1505 2277 1659 2317 sume
1683 2261 2000 2331 Dominum;
2027 2275 2148 2318 tua-

578 2367 684 2420 que
715 2353 802 2405 illa
838 2369 944 2406 non
980 2353 1139 2407 vidua
1169 2367 1264 2422 spe
1293 2362 1346 2406 et
1379 2353 1644 2420 desolata,
1676 2354 1874 2410 fruere.
1920 2355 2149 2426 Suscipe

571 2444 896 2496 thesaurum
966 2443 1431 2511 indelectibilem,
1504 2445 1832 2516 divitiasque
1889 2445 2150 2502 inauferi-

578 2535 735 2595 biles,
771 2535 851 2588 vir
875 2534 1313 2605 generosissime.
1362 2535 1683 2605 Amplexare
1728 2537 2022 2607 potentiam
2065 2537 2150 2592 in-

575 2626 935 2682 enarrabilcm
965 2626 1181 2697 vimque
1231 2626 1869 2696 incomprehensibilem,
1916 2644 2036 2699 qua:
2097 2638 2148 2686 te

580 2721 788 2781 t‘ulciat,
822 2719 906 2772 vir
932 2719 1353 2789 sapientissime.
1387 2720 1848 2790 Circumplectere
1879 2722 2146 2777 inﬁnitam

578 2810 1005 2882 magnitudinem
1028 2851 1043 2874 ,
1093 2809 1579 2882 Tortitudinemque
1628 2813 2103 2882 incomparabilem
2130 2855 2144 2881 ,

576 2918 857 2960 sacrorum
891 2903 1106 2960 azdltuc.
1141 2903 1566 2975 Circumplicare
1587 2905 1688 2976 ipsi
1723 2921 1820 2975 per
1857 2922 1917 2961 se
1937 2907 2149 2969 vitaa,et

575 2996 716 3059 vive,
749 2998 828 3050 vir
872 2997 1354 3054 venerabilissime.
1409 2998 1625 3054 Arctius
1684 2999 2146 3068 incorruptionem

576 3089 907 3158 constringe,
939 3095 990 3142 et
1021 3103 1302 3154 renovare,
1333 3089 1416 3142 vir
1447 3089 1770 3158 justissime.
1803 3087 1946 3144 Nihil
1973 3088 2148 3143 audax

2260 1895 2412 1948 ποιὸν
2439 1895 2533 1948 καὶ
2565 1894 2934 1964 ἀνέκφραστον
2963 1890 3230 1963 ἄνθρακα,
3259 1891 3335 1956 ὡς
3357 1891 3533 1946 λαϐίδι
3556 1896 3622 1965 τῇ
3652 1893 3847 1958 συζεύ-

2256 1986 2334 2051 ξει
2373 1985 2482 2040 τῶν
2525 1984 2695 2054 ἁγίων
2729 1984 2898 2054 αὐτῆς
2931 1983 3150 2055 χειρῶν,
3184 1982 3262 2053 τῷ
3300 1982 3489 2055 δικαίῳ
3533 1983 3849 2056 προέτεινε,

2253 2077 2498 2139 τοιαῦτα,
2525 2077 2648 2147 ἐμοὶ
2679 2075 2844 2141 δοκεῖ,
2879 2074 3110 2142 λέγουσα
3139 2091 3199 2127 τε
3229 2074 3345 2146 ἅμα
3379 2075 3474 2128 καὶ
3498 2077 3846 2146 παρακελεύ-

2255 2185 2418 2222 ουσα·
2464 2167 2747 2230 Ἀπόλαϐε,
2783 2165 3059 2236 πρεσϐύτα
3089 2166 3256 2237 τίμιε,
3291 2166 3382 2220 καὶ
3411 2167 3598 2239 ἱερέων
3624 2168 3841 2240 ἄριστε,

2255 2259 2495 2313 ἀπόλαϐε
2519 2260 2609 2312 τὸν
2637 2257 2859 2330 Κύριον,
2890 2257 2985 2310 καὶ
3009 2257 3247 2310 ἀπόλαυε
3277 2258 3375 2328 τῆς
3403 2259 3462 2310 ού
3493 2261 3847 2330 χηρευσάσης

2258 2370 2351 2406 σου
2401 2351 2630 2415 ἐλπίδος.
2675 2349 2960 2416 ’Υπόδεξαι
3014 2348 3283 2422 θησαυρὸν
3329 2351 3682 2416 ἀνέκλειπον,
3751 2353 3846 2406 καὶ

2257 2443 2482 2499 πλοῦτον
2515 2442 2895 2513 ἀναφαίρετον,
2929 2441 3421 2513 μεγαλοφυέστατε.
3456 2444 3845 2512 Ἐναγκάλισαι

2257 2536 2456 2608 κράτος
2505 2535 2927 2605 ἀνεκδιήγητον,
2991 2533 3086 2586 καὶ
3144 2533 3371 2606 δύναμιν
3424 2534 3847 2608 ἀνεξερεύνητον

2256 2628 2566 2699 ὲρείδουσάν
2613 2644 2693 2691 σε,
2744 2626 3044 2695 σοφώτατε.
3081 2625 3348 2697 Περίλαϐε
3384 2627 3614 2700 μέγεθος
3649 2629 3851 2701 ἀπεμο

2255 2720 2488 2792 όριστον,
2535 2721 2630 2775 καὶ
2661 2721 2811 2792 ίσχὺν
2846 2721 3193 2785 ἀνείκαστον,
3237 2721 3480 2792 ἱεροκόρε
3515 2720 3648 2791 (57).
3680 2722 3851 2794 Περι.

2257 2811 2491 2883 πλάκηθι
2530 2813 2594 2883 τῇ
2641 2811 2776 2883 αὐτῇ
2812 2812 3080 2883 αύτοζωῇ,
3112 2811 3204 2865 καὶ
3239 2811 3386 2882 ζῆθι,
3424 2811 3845 2883 αίδεσιμὼτατι.

2257 2901 2589 2973 Περίπτυξαι
2625 2903 2723 2974 τὴν
2771 2901 3106 2976 ἀφθαρσίαν,
3161 2905 3255 2958 καὶ
3298 2905 3846 2978 ἀνακαινοποιήθητι,

2255 2993 2577 3049 δικαιότατε.
2611 2995 2683 3048 Ού
2729 2994 2998 3066 τολμηρὸν
3041 2995 3102 3048 τὸ
3144 2996 3475 3068 ἐγχείρημαο
3515 2997 3588 3069 μὴ
3616 2997 3846 3065 δκλαζι,

2255 3085 2534 3139 ὁσιώτατε.
2575 3085 2940 3158 Ἐμφορήθητι
2983 3086 3076 3140 τοῦ
3135 3087 3489 3160 ποθουμένου,
3529 3090 3621 3142 καὶ
3664 3107 3844 3144 κατα-

577 3177 819 3250 facinus;
853 3194 919 3234 ne
965 3179 1231 3236 deieceris
1279 3182 1482 3244 animo,
1515 3181 1601 3235 vir
1649 3181 2014 3236 sanctissime.
2052 3178 2145 3234 Sa-

2251 3177 2525 3249 τρύφησον
2558 3177 2650 3231 τοῦ
2689 3178 3080 3249 ὲπιδιδομένου,
3113 3180 3312 3250 μᾶλλον
3350 3181 3405 3233 δὲ
3442 3181 3631 3236 ἑαυτὸν
3658 3183 3844 3237 ἐπιδι-

571 3269 713 3324 tiare
743 3270 835 3323 illo
872 3286 1033 3340 quem
1075 3271 1518 3340 desideraveras,
1571 3273 1838 3344 planeque
1877 3273 2149 3327 delectare

573 3361 669 3416 tibi
696 3362 842 3426 dato,
875 3379 971 3417 seu
1004 3365 1196 3435 magis,
1223 3363 1386 3420 dante
1416 3381 1474 3420 se
1507 3365 1638 3431 tibi,
1670 3366 1754 3420 vir
1785 3364 2145 3419 divinissime.

574 3451 776 3509 Laetius
825 3454 1099 3510 illustrare
1150 3454 1274 3512 Sole
1326 3457 1596 3527 justitias,
1660 3458 1727 3514 de
1790 3456 2150 3512 mundissimo

575 3543 756 3596 carnis
786 3549 1008 3614 speculo
1037 3545 1487 3619 circumfulgente
1508 3588 1522 3610 ,
1578 3549 1660 3603 vir
1714 3547 2148 3618 religiosissime.

576 3635 656 3692 Ne
687 3638 782 3691 tibi
817 3639 1166 3708 tranquillum
1227 3639 1474 3695 timorem
1511 3641 1773 3702 incutiat,
1822 3655 1957 3694 neve
1987 3654 2144 3692 man-

575 3729 808 3782 suetudo
854 3737 1186 3798 perterreat,
1229 3730 1315 3784 vir
1347 3731 1680 3786 beatissime.
1731 3730 1809 3785 Ne
1862 3731 2146 3785 inhorreas

575 3819 871 3882 lenitatem,
901 3835 1035 3875 neve
1056 3821 1342 3876 clementia
1375 3823 1654 3884 terrearis,
1686 3822 1768 3876 vir
1801 3821 2146 3877 modestissi-

574 3925 682 3965 me.
716 3909 926 3966 Alacris
959 3911 1317 3981 adglutinare,
1343 3927 1442 3966 nec
1479 3913 1710 3968 moreris
1739 3913 1984 3982 obsequi.
2025 3912 2145 3968 Non

573 4000 736 4054 habet
767 3999 1048 4054 audaciam
1077 3998 1219 4070 quod
1253 3998 1453 4054 dicitur
1475 4001 1685 4070 quodve
1717 4001 2013 4072 porrigitur
2038 4022 2050 4057 :
2075 4017 2144 4058 ne

573 4104 702 4159 ergo
723 4089 1024 4152 relucteris,
1044 4090 1126 4143 vir
1151 4089 1530 4144 urbanissime.
1561 4088 1678 4144 Non
1703 4091 1976 4145 comburit
2002 4092 2143 4163 ignis

572 4183 761 4252 gratia:
791 4181 1004 4237 Domini
1057 4182 1201 4246 mei,
1249 4183 1344 4238 sed
1380 4183 1669 4247 illuminat,
1704 4183 1789 4238 vir
1817 4183 2142 4253 justissime.

573 4274 762 4330 Bubus
791 4275 880 4330 ille
909 4277 976 4340 ⁸⁷,
1001 4275 1108 4331 mei
1136 4274 1470 4347 ﬁguram,ad
1496 4275 1637 4346 ignis
1659 4274 1804 4331 illius
1831 4277 2143 4346 apparentis

572 4370 853 4423 veritatem
889 4375 1310 4438 reprmsentans,
1341 4366 1532 4421 doceat
1559 4373 1640 4431 te,
1679 4368 1764 4421 vir
1810 4367 1944 4437 legis
1994 4368 2141 4438 peri-

572 4463 802 4517 tissime.
836 4461 1096 4516 Caminus
1127 4460 1218 4514 ille
1246 4461 1293 4491 ⁸⁸
1331 4459 1474 4515 velut
1530 4469 1724 4515 ventus
1782 4461 1923 4516 roris
1953 4477 2142 4517 susur-

646 4618 690 4650 ⁸³
732 4616 843 4671 Ιδα.
889 4633 960 4683 XI,
1001 4618 1054 4672 5.

570 4688 631 4741 21

572 4725 662 4744 “lg

1159 4617 1207 4648 “
1248 4615 1358 4670 Isa.
1418 4631 1539 4680 ην,
1580 4616 1632 4670 8.

1745 4617 1792 4647 ⁸⁵
1828 4615 1867 4668 ΙΙ
1910 4616 2033 4671 Cor.
2071 4635 2166 4684 vu,
2198 4621 2251 4674 4.

2252 3269 2453 3333 δόντος,
2505 3270 2982 3342 ἱεροπρεπέστατε.
3023 3271 3433 3344 Ἑναγλαῖσθητι
3472 3272 3552 3344 τῷ
3604 3273 3696 3328 διὰ
3745 3276 3847 3330 τοῦ

2253 3360 2583 3432 ἀκηλιδὼτου
2649 3362 2912 3434 ἐσόπτρου
2986 3363 3085 3433 τῆς
3163 3364 3364 3433 σαρκὸς
3433 3365 3846 3436 περιστίλϐοντι

2267 3453 2429 3525 Ἡλίῳ
2454 3455 2552 3526 τῆς
2579 3454 2940 3524 δικαιοσύνης,
2986 3454 3366 3509 εὐλαϐέστατε.
3409 3456 3500 3529 Μὴ
3532 3457 3705 3512 δειλία
3738 3461 3844 3532 τὴς.⁴

2254 3545 2614 3619 γαληνότητα,
2652 3547 2784 3619 μηδὲ
2816 3547 3170 3619 καταπλαγῇς
3217 3547 3315 3619 τὴν
3368 3550 3704 3622 ἡμερότητα,
3737 3570 3846 3622 μα-

2255 3637 2579 3708 καριώτατε.
2606 3639 2697 3711 Μὴ
2727 3639 2938 3710 πτήξῃς
2966 3638 3028 3692 τὸ
3056 3640 3300 3711 εὐμενὲς,
3332 3643 3467 3714 μηδὲ
3500 3644 3746 3716 πτοηθῇς
3777 3646 3846 3700 τὸ

2253 3732 2538 3802 προσηνὲς,
2594 3730 2990 3787 έπιεικέστατε.
3052 3732 3316 3804 Εὐθύμως
3377 3735 3841 3809 προσκολλήθητι,

2252 3822 2346 3876 καὶ
2389 3821 2462 3893 μὴ
2493 3822 2790 3877 ἀναϐάλλου
2836 3823 2972 3895 πρὸς
2997 3825 3058 3877 τὸ
3090 3825 3332 3897 εῠήκοον.
3388 3828 3462 3881 Ού
3494 3827 3843 3900 θρασύτητος

2250 3915 2311 3968 τὸ
2342 3913 2688 3985 λαλούμενον,
2719 3915 2920 3968 οὐδὲτὸ
2956 3917 3364 3989 προτεινόμενον
3383 3935 3396 3948 ·
3435 3921 3509 3992 μὴ
3539 3921 3840 3992 ἀφηνίαζε,

2248 4005 2604 4060 ἀστικώτατε.
2640 4006 2713 4059 Ού
2744 4006 3074 4076 καταφλέγει
3119 4009 3181 4061 τὸ
3226 4008 3336 4080 πῦρ
3367 4009 3465 4081 τῆς
3500 4010 3594 4064 τοῦ
3621 4013 3842 4084 Κυρίου

2253 4114 2353 4167 μου
2399 4098 2637 4170 χάριτος,
2697 4098 2834 4153 ἀλλὰ
2897 4100 3139 4169 φωτίζει,
3177 4101 3503 4160 δικαιότατε.
3561 4103 3734 4169 Βάτος
3774 4124 3843 4160 σε

2249 4189 2510 4255 πεισάτω,
2545 4191 2579 4261 ἡ
2609 4189 2701 4243 τὸν
2729 4190 2898 4245 τύπον
2925 4209 3026 4262 μου
3051 4194 3492 4267 περιστησαμένη
3529 4195 3666 4267 πρὸς
3699 4199 3847 4252 ὑπό-

2251 4297 2436 4334 στασιν
2469 4281 2561 4335 τοῦ
2591 4281 2962 4335 ἀνυποστάτου
2996 4283 3166 4354 πυρὸς
3200 4283 3331 4354 (58),
3366 4287 3839 4358 νομομαθέστατε.

2245 4373 2701 4445 Δροσοσυρίζουσα
2733 4375 2958 4446 κάμινος
2986 4375 3217 4429 πειθέτω
3252 4394 3330 4444 σε,
3361 4379 3700 4452 παιδοτρίϐα,
3736 4381 3843 4436 τοῦ

2249 4466 2544 4537 μυστηρίου
2583 4467 2680 4537 τὴν
2705 4469 3039 4540 οἰκονομίαν.
3086 4469 3227 4540 Πρὸς
3262 4469 3355 4523 ἐπὶ
3385 4471 3596 4536 τούτοις
3638 4475 3674 4545 ἡ
3721 4473 3847 4548 ὲμὴ

2364 4622 2407 4653 ἐ
2441 4620 2552 4676 lsa.
2597 4638 2670 4685 vi,
2702 4623 2756 4678 6.
2865 4623 2912 4655 ⁸⁷
2956 4623 3127 4680 Exod.
3169 4619 3252 4691 ut,
3293 4625 3348 4681 2.
3454 4629 3501 4660 ⁵⁸
3541 4627 3686 4685 οαη-
3731 4643 3836 4700 ιιι,

643 4808 752 4889 (gi?)
798 4809 1113 4889 Ἰξροκόρε..
1151 4808 1440 4889 Sequimur
1486 4809 1703 4889 Paulini
1747 4810 2142 4889 conjecturam,

2252 4829 2360 4889 non
2395 4815 3138 4889 ﬁmctastv,_apparentiam,
3189 4835 3291 4873 non
3341 4819 3478 4889 ignis
3525 4820 3838 4874 veritatem.

575 4885 632 4929 ut
667 4880 962 4951 leg'ndum
996 4880 1066 4932 sit
1100 4880 1371 4951 ἱεροκόμε,
1417 4880 1646 4951 quadrat
1681 4881 1822 4951 enim
1873 4882 2143 4947 materiae;

576 4955 633 4999 ut
657 4965 753 5001 ceu
782 4949 967 5018 templi
1000 4949 1346 5019 praepositum
1381 4950 1620 5015 inducat,
1646 4950 1718 5003 ad
1743 4951 2006 5004 inﬁnitam
2031 4967 2146 5004 ma-

2252 4883 2342 4960 S_i_e
2369 4887 2511 4940 enim
2545 4903 2686 4960 Saepe
2734 4883 2912 4960 Deus,
2947 4888 3114 4960 nullo‘
3142 4883 3450 4960 mendacio,
3500 4892 3840 4960 apparentia

2247 4955 2427 5026 aliqua
2457 4955 2712 5012 sensibus
2747 4958 2962 5026 ingerit,
2993 4961 3058 5010 ad
3087 4957 3244 5014 ﬁdem
3276 4955 3626 5015 astruendain
3651 4963 3835 5018 veris.

575 5019 908 5090 gnitudinem
938 5020 1087 5090 illam
1104 5021 1342 5090 suscepti
1369 5019 1520 5079 Jesu.
1548 5021 1732 5089 templi
1763 5020 2030 5090 angustiis
2061 5022 2142 5075 in-

574 5089 919 5161 eludendam.
952 5089 1090 5161 Quid
1117 5089 1164 5145 si
1190 5089 1488 5145 retineatur
1512 5089 1953 5161 ίεροκόρεεῄνειυλι
1982 5091 2147 5160 signi-

576 5157 714 5231 licet
735 5158 974 5213 futurum
1023 5160 1275 5228 juvenem
1324 5157 1705 5231 puerumquef
1735 5157 1941 5231 Christi
1988 5157 2144 5230 pueri

577 5228 848 5300 amplexu,
902 5239 1149 5284 sanctum
1203 5228 1408 5290 senem,
1444 5228 1616 5300 eoque
1649 5229 1867 5284 nomine
1898 5228 2143 5284 hortetur

579 5294 863 5370 S.,Maria,
899 5306 959 5351 ut
991 5301 1252 5370 suscipiat
1285 5311 1434 5355 totus
1464 5294 1655 5369 spiritu
1687 5301 2014 5354 innovatus?
2049 5300 2140 5356 Sic

575 5367 916 5436 Augustinus
945 5384 1110 5425 serm.
1144 5367 1212 5425 '15
1238 5371 1300 5423 de
1333 5367 1513 5439 tempf,
1545 5385 1595 5424 c.
1621 5371 1654 5424 5
1681 5390 1692 5424 :
1718 5371 1938 5439 Agnovit
1964 5371 2143 5439 infan-

577 5444 677 5489 tem
715 5454 890 5496 senex,
932 5439 1105 5510 [actus
1137 5449 1216 5495 est
1253 5442 1305 5494 in
1353 5457 1510 5510 puero
1544 5457 1705 5510 ipuer.
1756 5439 2043 5495 Innouatus
2087 5443 2141 5496 in

573 5516 746 5572 atate,
778 5513 865 5580 qui
900 5509 1082 5576 plenus
1121 5521 1236 5565 erat
1278 5509 1488 5581 pietate.
1539 5509 1724 5566 Fuerit
1750 5522 1896 5566 certe
1922 5519 1976 5566 et
2007 5512 2139 5568 illud

576 5591 681 5628 non
715 5581 785 5631 ita
818 5583 1195 5634 inconsonum.

647 5648 757 5717 (58)
791 5649 946 5716 Πρὸς
977 5651 1318 5704 ὑπόστασιν
1345 5651 1450 5704 τοῦ
1483 5650 1903 5705 ἀνινποστὰτου
1933 5653 2138 5720 πυρός.

576 5715 726 5772 Illius
754 5715 1006 5774 nimirum
1031 5721 1122 5789 qui
1151 5721 1204 5774 in
1229 5721 1363 5776 rubo
1393 5722 1591 5778 ardens
1615 5722 1850 5792 ἔμφασιν
1883 5715 2140 5788 habebat,

2249 5022 2481 5098 Videtur
2506 5043 2636 5097 ergo
2667 5022 2858 5080 auctor
2891 5028 3075 5083 ludere
3109 5029 3161 5082 in
3195 5031 3512 5098 paronomia
3543 5030 3691 5086 illius
3725 5048 3841 5086 vo-

2245 5096 2354 5183 eisl;
2381 5096 2560 5183 .v‘elut
2599 5098 2764 5162 dicat,
2816 5098 2883 5183 ad
2926 5096 3298 5183 substantiam
3343 5102 3486 5183 ignis
3524 5101 3671 5182 illius
3711 5117 3840 5157 non

2245 5165 2630 5240 subsistentis;
2679 5183 2755 5240 ac
2800 5169 2945 5222 velut
2990 5169 3205 5238 objecto
3238 5170 3333 5224 illo
3367 5165 3516 5240 igne.
3560 5171 3652 5240 qui
3690 5187 3837 5227 vere

2245 5235 2440 5289 rubum
2482 5236 2697 5291 ﬂamma
2724 5237 3022 5294 illustraret
3049 5235 3102 5296 et
3131 5235 3482 5304 adlamberet,
3537 5235 3593 5296 et
3631 5250 3835 5297 tamen

2241 5318 2508 5374 apparens
2539 5315 2704 5363 esset.
2735 5308 3048 5364 Oﬂ‘endebat
3095 5309 3175 5375 τὸ,
3227 5311 3618 5373 ἀνυποστάτου,
3669 5312 3836 5368 velut

2242 5378 2586 5451 reterendum
2631 5387 2775 5451 esset
2820 5381 2888 5432 ad
2935 5380 3221 5448 ﬁguratum
3252 5389 3306 5434 et
3334 5383 3579 5436 divinum
3611 5385 3832 5451 ignem,

2243 5446 2604 5521 honestaret;
2651 5448 2800 5502 illum
2834 5459 2888 5504 et
2918 5446 3371 5515 αύτοῦπόστατον,
3416 5446 3686 5521 nusquam
3717 5454 3830 5505 ἀν-

2243 5517 2556 5591 υπόστατον·
2578 5533 2636 5571 re
2659 5522 3054 5591 tamenmelius
3073 5531 3352 5591 perspecta
3372 5517 3606 5578 solidum
3637 5523 3837 5577 visum

2243 5587 2775 5663 est,etre_ferendutn
2795 5589 2861 5643 ad
2892 5587 3387 5663 ipsuminet'igncm
3421 5593 3687 5663 typicum,
3718 5607 3834 5648 cu-

2237 5655 2330 5733 jus
2372 5657 2590 5733 modum
2632 5658 2848 5733 divinus
2894 5655 2983 5716 ille
3028 5661 3167 5730 ignis
3206 5655 3508 5720 scrvaverit
3534 5664 3591 5718 in
3620 5663 3835 5733 Maria,

2239 5723 2380 5781 idem
2414 5726 2529 5798 ipse
2557 5728 2611 5781 in
2639 5726 2888 5786 Simeonc
2911 5723 3246 5788 serviturus.
