4010 6328
239 326 347 384 565

231 528 295 606 ἧς
333 535 428 588 καὶ
471 533 758 606 ὲσαρκὼθη
795 535 824 586 ὁ
855 535 1091 606 ἄσαρκος
1142 535 1329 603 Λόγος.
1366 535 1439 586 Ού
1480 533 1640 588 πάλιν
1686 533 1814 588 σάλ-

229 643 427 694 πιγγες
478 625 856 696 ὲκδειματοῦσι
907 629 1032 691 τοὺς
1079 629 1416 698 προσιόντας,
1449 629 1557 682 οὐδ’
1586 624 1652 682 αὖ
1693 628 1816 699 δρος

228 715 632 784 καπνιζόμενον
661 716 775 779 δέος
799 717 1018 787 ἐμποιεῖ
1037 719 1148 780 τοῖς
1182 716 1664 789 προσπελάζουσιν,
1693 715 1817 769 οὔτε

230 809 338 878 μὴν
384 808 549 878 νόμος
588 806 801 871 κολάζει
847 807 1079 876 ἀφειδῶς
1117 807 1206 860 τὸν
1255 807 1474 876 θίγοντα
1510 807 1813 880 τολμηρῶς.

223 897 640 968 Φιλανθρωπξας
690 898 798 968 γὰρ
843 898 910 951 τὰ
953 899 1210 969 παρόντα,
1241 899 1698 967 ωγκαταδάσεως
1747 899 1816 952 τὰ

227 990 550 1058 φαινόμενα.
588 989 936 1061 Εὑχαρίστως
965 991 1201 1044 ἀπόλαϐε
1225 991 1315 1044 τὸν
1342 992 1474 1065 πρὸς
1511 992 1569 1044 σὲ
1597 991 1817 1046 ἐλθόντα

225 1080 392 1131 Θεόν·
435 1079 598 1143 αὐτὸς
630 1081 738 1151 γάρ
771 1083 957 1150 ἀφελεῖ
1007 1081 1102 1144 τὰς
1146 1083 1373 1153 ἀνομίας
1421 1101 1534 1145 σου,
1583 1083 1675 1136 καὶ
1717 1082 1815 1146 τὰς

225 1175 503 1243 ἁμαρτίας
538 1190 631 1225 σου
677 1174 1050 1244 περικαθαρεῖ.
1090 1178 1176 1229 Ἐν
1225 1177 1305 1229 σοὶ
1345 1173 1751 1246 προτυπωθήτω
1783 1175 1814 1245 ἡ

225 1264 319 1317 τοῦ
377 1265 587 1334 κόσμου
636 1265 919 1337 κάθαρσις.
962 1269 1048 1320 Ἐν
1093 1269 1174 1321 σοὶ
1211 1268 1304 1320 καὶ
1337 1267 1424 1320 διὰ
1464 1265 1556 1318 σοῦ
1599 1283 1814 1336 προμη-

225 1357 444 1428 νυθήτω
469 1361 580 1420 τοῖς
608 1357 814 1411 ἔθνεσιν
839 1360 870 1429 ἡ
899 1359 1038 1412 κατὰ
1058 1360 1215 1430 χάριν
1241 1360 1536 1422 δικαίωσις.
1568 1359 1638 1412 Σὺ
1668 1357 1814 1424 ἄξιος

222 1450 323 1520 τῆς
378 1449 645 1513 ζωοποιοῦ
695 1451 966 1521 ἀπαρχῆς.
1026 1452 1370 1524 Ἀπήλαυσας
1421 1452 1619 1522 νόμους
1683 1451 1816 1503 ἀπό-

223 1543 418 1596 λαυσαι
471 1544 568 1597 καὶ
609 1544 706 1614 τῆς
748 1546 983 1616 χάριτος.
1019 1545 1322 1618 Κέκμηκας
1367 1546 1444 1618 τῷ
1493 1545 1810 1617 γράμματι;

224 1632 642 1704 ἁνακαινίσθητι
676 1635 733 1686 ἐν
766 1633 840 1704 τῷ
872 1635 1162 1705 πνεύματι.
1207 1637 1528 1690 Ἀπέκδυσαι
1561 1636 1659 1707 τὴν
1706 1654 1812 1691 πα-

223 1723 485 1795 λαιότητα
524 1727 620 1779 καὶ
656 1725 867 1778 ἔνδυσαι
908 1726 1006 1796 τὴν
1059 1728 1365 1801 καινότητα.
1400 1727 1582 1783 Ταῦτα
1622 1728 1728 1800 γάρ
1753 1745 1811 1781 σε

222 1814 558 1884 ἡγνοηκέναι
589 1815 650 1866 οὐ
677 1813 838 1867 δοκῶ.

1330 325 1561 381 SERMO
1600 323 1686 380 DE
1728 322 2027 381 SIMEONE
2059 319 2148 378 ET
2186 321 2392 379 ANNA.

237 441 456 514 γαστήρ
496 458 556 495 σε
600 439 888 506 διδαξάτω,
922 440 980 494 ἐν
1087 440 1338 514 ὲχωρήθη
1369 443 1398 496 6
1429 441 1726 514 ἀχώρητος,
1758 442 1809 510 ἐξ

1914 457 2045 497 rans
2075 481 2090 503 ,
2139 438 2456 495 oeconomiae
2509 435 2606 494 tibi
2658 447 3058 494 sacramentum
3120 439 3490 510 persuadeat,
3587 453 3604 464 '

3383 325 3493 384 366

1919 533 2176 603 magister
2218 533 2440 603 optime.
2504 530 2654 586 Meus
2702 531 2934 603 denique
2967 540 3152 588 uterus
3187 533 3282 588 tibi
3317 534 3489 590 docu-

1919 632 2102 678 mento
2134 625 2226 686 sit,
2258 625 2311 679 in
2333 641 2440 696 quo
2479 624 2577 678 fuit
2601 631 2913 684 contentus,
2938 625 3029 695 qui
3056 641 3327 697 nusquam
3358 627 3491 682 alio-

1919 718 2010 786 qui
2039 725 2216 788 potest
2255 717 2522 771 contineri
2552 734 2564 770 :
2599 731 2665 771 ex
2699 730 2806 786 quo
2843 717 3003 772 etiam
3042 714 3232 772 Sermo
3256 717 3344 773 ille
3372 733 3492 772 car-

1919 809 2006 864 nis
2044 824 2256 879 expers,
2291 808 2588 877 assumpsit
2616 823 2857 862 carnem.
2913 807 3032 862 Non
3063 807 3174 877 jam
3207 809 3350 864 tubae
3389 822 3490 865 ter-

1918 902 2084 954 ritant
2132 899 2450 954 accedentes
2484 901 2570 954 ‘9:
2607 915 2715 954 non
2767 900 2961 955 iterum
3013 915 3172 955 mons
3222 901 3493 974 fumigans

1920 989 2482 1060 appropinquantibus
2517 988 2691 1058 injicit
2746 999 2944 1044 metum
2978 1008 2989 1042 :
3023 1003 3085 1044 ac
3139 1006 3314 1061 neque
3372 993 3492 1058 lex,

1919 1082 2182 1138 audacius
2212 1083 2611 1153 contingentem
2636 1081 2881 1136 severius
2914 1081 3068 1150 punit
3099 1082 3165 1136 ⁶⁰.
3198 1081 3497 1141 Prtesentia

1918 1175 2060 1228 enim
2115 1175 2488 1246 propensioris
2541 1182 2668 1228 sunt
2719 1175 2773 1228 in
2835 1175 3083 1230 homines
3119 1176 3312 1244 studii;
3367 1186 3496 1234 sunt

1918 1283 2038 1336 quae
2063 1275 2346 1336 geruntur,
2378 1268 2573 1323 divina:
2601 1268 2664 1321 ad
2694 1282 2794 1322 nos
2842 1266 3242 1336 inelinationis;
3274 1270 3491 1325 bonita-

1917 1359 2008 1421 tis,
2045 1373 2165 1429 qua:
2197 1368 2476 1430 apparent.
2519 1359 2720 1429 Excipe
2747 1360 2980 1429 gratanti
3015 1360 3199 1415 animo
3231 1362 3297 1416 ad
3322 1370 3370 1418 te
3401 1378 3498 1418 ve-

1916 1449 2154 1504 nientem
2193 1449 2359 1506 Deum
2389 1471 2400 1505 :
2439 1452 2554 1520 ipse
2582 1452 2726 1505 enim
2772 1449 2979 1505 auferet
3007 1451 3322 1523 iniquitates
3349 1462 3494 1520 tuas,

1915 1549 1969 1595 et
1995 1541 2235 1612 expiabit
2277 1552 2499 1613 peccata
2539 1551 2648 1596 tua.
2709 1540 2763 1596 ln
2812 1551 2864 1598 te
2899 1544 3132 1614 primum
3173 1545 3496 1602 informetur

1915 1633 2106 1688 mundi
2137 1634 2374 1690 universi
2431 1635 2702 1689 lustratio.
2730 1633 2785 1688 In
2819 1643 2870 1689 te
2898 1645 2950 1690 et
2981 1652 3076 1706 per
3105 1645 3189 1702 te,
3242 1638 3496 1710 gentibus

1914 1725 2276 1796 praenuntiata
2309 1725 2634 1788 innotescat,
2656 1743 2776 1798 quae
2807 1730 3102 1784 secundum
3129 1711 3356 1800 gratiam
3381 1739 3487 1794 est,

1912 1817 2250 1888 justiﬁcatio.
2281 1816 2486 1890 Dignus
2538 1835 2598 1874 es
2647 1820 2876 1877 vivilicis
2925 1822 3202 1893 primitiis.
3252 1819 3398 1878 Usus
3428 1839 3489 1878 es

223 1904 383 1976 lege?
435 1914 593 1962 utere
645 1915 698 1962 et
727 1909 916 1978 gratia.
965 1907 1245 1981 Fatigatus
1297 1929 1357 1970 es
1401 1914 1618 1968 littera?
1678 1927 1941 1970 renovare
1975 1914 2191 1986 spiritu.
2227 1913 2377 1970 Exue
2421 1922 2776 1984 vetustatem;
2813 1925 2865 1972 et
2914 1917 3208 1973 novitatem
3243 1917 3490 1974 induere.

223 1995 341 2053 Non
367 1999 517 2053 enim
543 2007 675 2070 puto
703 2009 754 2055 te
791 2001 903 2057 haec
930 2004 1164 2059 nescire.

291 2122 376 2174 ΙΨ.
419 2122 546 2175 Ἐπὶ
575 2123 782 2188 τούτοις
817 2128 950 2180 πᾶσι
995 2128 1505 2200 παρρησιασάμενος
1534 2130 1562 2181 6
1593 2128 1809 2192 δίκαιος,

1991 2125 2127 2182 Vlll.
2167 2125 2250 2181 Ab
2293 2126 2378 2182 bis
2425 2125 2716 2191 omnibus,
2777 2133 2991 2196 sumpta
3022 2126 3206 2196 justus
3254 2126 3488 2194 fiducia,

224 2215 314 2265 καὶ
343 2216 410 2284 τῇ
444 2219 728 2287 προτροπῇ
764 2215 911 2280 εἴξας
935 2217 1030 2289 τῆς
1054 2217 1518 2290 διακονησαμένης
1539 2219 1656 2289 Θεῷ
1678 2221 1814 2292 πρὸς

224 2305 550 2375 ἀνθρώπους
593 2306 951 2378 Θεομήτορος,
1003 2308 1296 2373 ὑπεδέξατο
1349 2311 1446 2381 μὲν
1487 2313 1606 2373 ταῖς
1641 2327 1814 2380 γηρα-

226 2398 371 2461 λέαις
399 2398 672 2465 ἀγκάλαις
704 2398 810 2452 τὸν
841 2399 898 2452 ὲν
929 2401 1212 2470 νηπιότητι
1243 2403 1500 2455 παλαιὸν
1529 2401 1649 2455 τῶν
1676 2404 1814 2470 ἠμε-

227 2487 362 2550 ίὼν,
390 2488 660 2559 εὐλόγησε
681 2488 736 2540 δὲ
765 2489 853 2542 τὸν
885 2489 1014 2543 Θεὸν
1050 2491 1144 2543 καὶ
1173 2486 1291 2544 εἷπε
1313 2508 1326 2521 ·
1373 2492 1504 2546 Νῦν
1528 2493 1814 2558 ἀπολύεις

229 2581 330 2631 (fr
358 2579 594 2633 δοῦλόν
621 2597 757 2642 σου,
792 2582 1081 2646 Δέσποτα,
1115 2582 1264 2636 κατὰ
1304 2582 1370 2636 τό
1396 2582 1560 2652 ῥῆμά
1583 2598 1719 2647 σου,
1744 2584 1815 2636 ἐν

227 2670 457 2737 εῖρήνῃ.
487 2673 610 2723 Ὀτι
643 2667 806 2726 εἶδον
841 2677 892 2728 οί
935 2674 1231 2743 ὀφθαλμοί
1270 2692 1387 2743 μου
1417 2674 1482 2726 τὸ
1520 2672 1815 2741 σωτήριόν

227 2776 360 2824 σου,
391 2761 424 2814 ὃ
467 2764 799 2832 ἡτοίμασας
845 2766 994 2819 κατὰ
1037 2769 1361 2834 πρόσωπον
1405 2765 1647 2819 πάντων
1695 2764 1814 2818 τῶν

228 2850 421 2904 λαῶν·
480 2853 609 2922 φῶς
655 2857 739 2922 είς
791 2857 1180 2927 ἀποκάλυψιν
1231 2856 1438 2922 ἐθνῶν,
1487 2857 1581 2911 καὶ
1628 2857 1815 2921 δόξαν

226 2944 382 2997 λαοῦ
415 2959 532 2999 σου
575 2946 830 3014 Ἰσραήλ.
867 2949 1160 3003 Ἀπέλαδον
1187 2949 1283 3020 τὴν
1305 2948 1454 3018 παρά
1488 2947 1580 3001 σοῦ
1612 2947 1813 3002 ἄλυπον

228 3036 440 3106 χαράν·
494 3038 737 3092 ἀπόλαϐε
786 3057 850 3110 με
895 3042 1212 3114 χαιρόμενον
1258 3040 1391 3111 (59),
1440 3041 1534 3093 καὶ
1573 3040 1810 3110 ἀνευφη-

229 3125 444 3198 μοῦντα
473 3129 537 3182 τὰ
573 3129 696 3201 cur;
731 3147 844 3196 σου,
875 3131 1062 3204 Κύριε.
1105 3132 1411 3195 Ἀπέδωκάς
1445 3149 1532 3202 μοι
1583 3131 1680 3202 τὴν
1726 3131 1814 3184 εύ-

225 3219 464 3290 θυμίαν·
519 3221 817 3292 ἀποδίδωμί
871 3239 952 3275 σοι
997 3223 1246 3295 εὐθύμως
1287 3224 1352 3277 τὰ
1395 3224 1810 3295 εὐχαριστήρια.

227 3312 446 3380 Ἐτνων
477 3314 699 3385 ἀγάπης
731 3315 865 3369 Θεοῦ
898 3315 1146 3387 δύναμιν.
1176 3320 1251 3370 Δι’
1277 3317 1375 3387 ἐμὲ
1412 3316 1521 3388 γὰρ
1562 3314 1671 3386 (60)
1697 3317 1725 3368 6
1750 3317 1812 3368 ἐκ

223 3407 316 3460 σοῦ
362 3406 523 3471 Θεὸς,
565 3409 979 3480 ἀνερμηνεύτως
1032 3411 1124 3464 καὶ
1170 3411 1481 3482 άρρεύστως
1513 3407 1810 3479 γεννηθεὶς,

1913 2215 2264 2288 Deiparaeque
2303 2213 2413 2272 Deo
2458 2214 2769 2270 ancillantis
2799 2216 2852 2269 in
2884 2216 2950 2272 iis
2977 2230 3096 2285 qua:
3129 2225 3375 2286 spectant
3423 2218 3492 2273 ad

1909 2309 2180 2373 homines,
2205 2308 2570 2364 exhortationi
2601 2323 2666 2364 ac
2696 2309 2916 2378 monitis
2942 2307 3141 2368 cedens
3167 2351 3180 2373 ,
3205 2309 3492 2381 Antiquam

1911 2393 2062 2447 illum
2095 2394 2298 2447 dierum
2333 2393 2375 2424 “
2408 2391 2668 2448 infantem
2690 2433 2705 2456 ,
2759 2393 3022 2447 senilibus
3053 2392 3194 2448 ulnis
3227 2396 3488 2465 suscepit,

1912 2483 2187 2555 Deumque
2209 2485 2500 2540 dilaudans
2533 2485 2607 2538 ait
2632 2503 2644 2538 :
2668 2482 2822 2537 Nunc
2855 2483 3080 2538 dimittis
3098 2501 3301 2538 servum
3320 2495 3489 2548 tuum,

1915 2577 2150 2643 Domine,
2171 2577 2451 2631 secundum
2481 2576 2690 2632 verbum
2715 2586 2862 2629 tuum
2905 2577 2958 2630 in
2989 2593 3136 2646 pace.
3173 2577 3315 2644 Quia
3348 2578 3490 2633 ride-

1913 2675 2035 2721 runt
2081 2667 2220 2720 oculi
2267 2669 2367 2720 met
2417 2667 2668 2720 Salutare
2717 2676 2904 2721 tuum:
2937 2665 3076 2736 quod
3113 2668 3320 2735 parasti
3364 2679 3493 2725 ante

1912 2760 2101 2829 faciem
2141 2761 2374 2812 omnium
2409 2757 2756 2827 populorum;
2811 2759 2984 2811 lumen
3016 2759 3084 2811 ad
3123 2761 3491 2814 reuelationem

1911 2853 2162 2924 gentium,
2185 2860 2234 2905 et
2276 2851 2499 2920 gloriam
2537 2849 2700 2918 plebis
2736 2858 2838 2903 tum
2869 2847 3042 2903 Israel
3070 2850 3135 2905 θ’.
3167 2850 3363 2921 Accepi
3392 2851 3490 2906 abs

1912 2954 1966 3001 te
1994 2944 2312 3000 inoffensam
2343 2951 2396 2998 et
2429 2958 2651 2996 vacuam
2690 2941 2896 2995 doloris
2954 2941 3193 2995 laititiam
3229 2961 3241 2995 :
3280 2949 3339 2995 ιιι
3379 2957 3486 3005 me,

1913 3035 2162 3098 Domine,
2191 3035 2481 3095 laetantem,
2511 3041 2742 3101 tuasque
2790 3031 3243 3101 depraedicantem
3272 3032 3489 3087 miseri-

1913 3127 2130 3191 cordias
2163 3127 2369 3196 accipe.
2402 3123 2484 3179 Tu
2535 3122 2791 3194 gaudium
2839 3122 2943 3176 hoc
2985 3123 3166 3175 animo
3199 3121 3438 3177 indidisti
3467 3142 3482 3178 :

1913 3217 2156 3288 gaudens
2183 3232 2282 3287 ego
2310 3215 2493 3269 animo
2525 3213 2822 3284 gratiarum
2868 3213 2963 3266 tibi
3003 3227 3198 3268 munus
3223 3213 3483 3283 rependo.

1913 3307 2153 3379 Cognovi
2187 3307 2294 3361 vim
2343 3305 2538 3359 divinae
2573 3303 2898 3358 dilectionis.
2930 3301 3158 3372 Propter
3213 3320 3300 3358 me
3339 3306 3484 3360 enim

1915 3398 2059 3456 Deus
2091 3399 2200 3464 ille,
2234 3395 2491 3451 ineffabili
2527 3397 2735 3449 ratione
2767 3408 2830 3447 ac
2861 3393 2977 3448 sine
3024 3394 3374 3461 corruptione
3415 3409 3484 3449 ex

223 3499 514 3569 ἄνθρωπος
543 3499 783 3569 γέγονεν.
816 3503 1022 3571 Ἐγνων
1059 3503 1158 3573 τῆς
1194 3503 1293 3573 σῆς
1327 3501 1454 3572 περὶ
1483 3501 1629 3571 ἡμᾶς
1663 3501 1809 3572 κηδε-

1919 3499 1970 3547 te
2000 3491 2234 3562 genitus,
2265 3489 2442 3543 lactus
2490 3494 2574 3542 est
2615 3487 2799 3540 homo.
2848 3484 3085 3555 Cognovi
3142 3491 3286 3537 tuam
3337 3483 3484 3538 illam

224 3592 417 3657 μονίας
471 3591 532 3644 τὸ
581 3591 952 3663 ἀνέκερραστον
985 3593 1229 3663 μέγεθος,
1269 3592 1350 3645 δτι
1394 3590 1462 3644 τά
1493 3591 1562 3643 σὰ
1603 3590 1811 3658 σπλάγσ

221 3689 319 3750 ἱνα
347 3683 742 3748 ἐξαπέστειλας
769 3686 846 3746 εἰς
863 3684 1111 3757 βοήθειαν
1141 3683 1314 3755 ἡμῶν.
1348 3685 1556 3753 Ἐγνων
1581 3683 1608 3736 ὃ
1636 3683 1808 3738 ὲδιδά.

225 3773 355 3844 ιθην
384 3774 494 3827 ὑπὸ
522 3776 894 3846 Σολομῶντος,
923 3778 1200 3845 Κραταιὰ,
1231 3777 1496 3844 λέγοντος,
1517 3777 1597 3842 ὠς
1630 3774 1810 3830 θάνα-

225 3883 321 3931 ιος
360 3868 401 3933 ἡ
447 3866 670 3935 ἀγάπη.
717 3869 813 3921 Διά
859 3868 1056 3940 ταύτης
1103 3868 1211 3938 γὰρ
1260 3867 1672 3940 συντριϐήσεται
1717 3867 1808 3920 τοῦ

222 3956 459 4011 θανάτου
485 3959 548 4011 τὸ
571 3959 810 4031 κέντρον·
834 3961 923 4014 διὰ
950 3961 1150 4031 ταύτης
1172 3959 1351 4030 νεκροὶ
1382 3958 1524 4031 ζωὴν
1555 3957 1772 4026 ὄψονται
1791 3972 1805 3986 ο

221 4048 305 4101 διὰ
343 4049 554 4119 ταύτης
589 4050 814 4115 θάνατος
857 4052 1154 4122 μαθήσεται
1183 4051 1431 4117 θάνατον,
1460 4051 1808 4121 παυσάμενος

221 4140 322 4208 τῆς
336 4140 467 4193 καθ’
497 4141 654 4210 ἡμῶν
677 4144 1021 4214 ἐπικρατείας
1042 4163 1052 4173 ·
1081 4144 1168 4197 διὰ
1187 4143 1386 4215 ταύτης
1410 4144 1498 4196 καὶ
1525 4145 1552 4196 6
1575 4142 1812 4213 ἀρχέκα-

221 4245 312 4291 aco;
361 4230 494 4299 δερις
565 4234 902 4303 αἰχμάλωτος
961 4236 1245 4306 γενήσεται
1307 4235 1400 4288 καὶ
1459 4233 1805 4303 ὑποϐρύχιος.

231 4320 601 4390 Ἔτι-’ὡρίαις
650 4324 809 4393 ἡμῖν,
840 4327 1036 4393 Κύριε,
1071 4327 1136 4380 τὸ
1180 4325 1474 4394 σωτήριόν
1506 4341 1641 4388 σου,
1675 4327 1806 4379 ἀνα-

220 4415 427 4482 στήσας
461 4416 590 4488 ᾗμῖν
617 4415 781 4480 φυτὸν
805 4417 1023 4488 εἰρήνης
1045 4435 1056 4447 ·
1087 4419 1179 4470 καὶ
1206 4418 1384 4470 οὐκέτι
1410 4417 1643 4487 ἐσόμεθα
1674 4417 1808 4469 πλα·

218 4501 476 4571 κνώμενοι.
520 4504 849 4576 Ἐγνὼρισας
889 4510 1040 4577 ἡμῖν,
1070 4507 1261 4578 Κύριε,
1296 4509 1376 4560 ὅτι
1419 4508 1518 4560 οὐκ
1555 4510 1633 4570 εἰς
1661 4507 1808 4569 τέλος

218 4593 508 4666 ὑπερεῖδες
562 4599 687 4661 τοὺς
728 4599 942 4663 δούλους
999 4617 1112 4664 σου,
1149 4601 1337 4668 ἀγαθὲ,
1388 4601 1507 4654 οὐδὲ
1546 4599 1807 4653 ἐπελάθου

216 4684 353 4754 ἔργα
427 4688 628 4758 χειρῶν
678 4706 791 4744 σου.
850 4692 1310 4764 Κατοικτειρήσας
1355 4693 1462 4763 γὰρ
1511 4691 1666 4763 ἡμῶν
1711 4689 1806 4761 τὴν

216 4777 586 4851 ἐλεεινότητα,
617 4782 848 4849 δαψιλῶς
881 4783 1100 4854 ἐξέχεας
1138 4785 1219 4853 ἐφ’
1242 4786 1386 4855 ἡμᾶς
1429 4783 1524 4855 τὴν
1571 4783 1806 4853 ἔμφυτον

1915 3580 2345 3652 inexplicabilem
2393 3578 2568 3634 nostri
2621 3591 2807 3632 curam
2864 3576 3234 3646 studiumque,
3267 3576 3359 3647 qui
3391 3584 3484 3630 tua

1911 3678 2028 3748 ipse
2062 3677 2270 3732 viscera
2298 3671 2548 3728 emiseris
2583 3671 2638 3726 in
2689 3677 2934 3725 nostrum
2993 3669 3273 3723 auvilium.
3328 3668 3484 3725 Nunc

1911 3767 2127 3822 demum
2161 3764 2401 3835 intelligo
2424 3762 2568 3834 quod
2591 3779 2620 3816 a
2641 3761 2932 3815 Salomone
2959 3759 3259 3815 didiceram
3293 3779 3304 3814 :
3342 3759 3484 3814 For-

1913 3859 1980 3912 tis
2009 3867 2065 3910 ut
2109 3874 2248 3910 mors
2303 3857 2512 3910 dilectio
2541 3855 2609 3910 ”.
2667 3853 2771 3909 Per
2820 3868 2938 3906 eam
2987 3853 3130 3906 enim
3170 3861 3486 3909 conteretur

1912 3950 2102 4005 mortis
2140 3949 2423 4012 stimulus,
2451 3963 2546 4018 per
2575 3960 2693 4002 eam
2739 3943 2940 3998 mortui
2976 3933 3235 3998 videbunt
3272 3945 3435 3998 vitam
3463 3985 3481 4010 ,

1910 4056 2006 4110 per
2038 4055 2156 4095 eam
2187 4054 2333 4094 mors
2354 4046 2582 4092 mortem
2616 4035 2944 4105 experietur,
2974 4033 3201 4104 imperio
3237 4035 3380 4105 quod
3426 4035 3483 4090 in

1912 4149 2012 4189 nos
2039 4132 2325 4187 exercebat
2359 4129 2592 4195 abolito;
2627 4144 2723 4198 per
2743 4143 2860 4183 eam
2889 4135 2941 4180 et
2963 4141 3188 4196 serpens
3211 4125 3482 4180 malorum

1912 4233 2104 4279 auctor
2137 4224 2383 4293 capietur
2428 4228 2482 4274 et
2515 4220 2912 4290 submergctur.
2941 4216 3138 4273 Notum
3169 4215 3339 4282 nobis,
3372 4215 3484 4271 Do-

1913 4319 2065 4380 mine,
2091 4316 2259 4386 fecisti
2291 4313 2536 4366 Salutare
2559 4321 2702 4364 tuum
2733 4311 2798 4376 “,
2823 4311 2980 4364 nobis
3010 4295 3354 4363 exsuscitans
3382 4323 3480 4377 pa-

1911 4413 1990 4465 cis
2017 4408 2388 4479 propaginem,
2420 4420 2518 4458 nec
2555 4403 2783 4473 amplius
2815 4402 3200 4457 erraverimus.
3250 4399 3433 4453 Palam
3461 4440 3477 4464 ,

1912 4499 2158 4562 Domine,
2189 4494 2396 4558 fecisti,
2444 4501 2503 4547 ut
2530 4508 2638 4546 non
2675 4493 2728 4545 in
2758 4492 2916 4546 ﬁnem
2949 4490 3263 4561 despexeris
3291 4505 3480 4544 servos

1910 4601 2067 4658 tuos;
2101 4604 2273 4659 neque
2299 4601 2461 4657 opera
2486 4600 2745 4639 manuum
2778 4593 3016 4647 tuarum,
3043 4597 3076 4636 ο
3098 4583 3258 4646 bone,
3277 4582 3480 4636 oblitus

1909 4685 2006 4739 sis.
2039 4682 2326 4736 Miseratus
2359 4677 2502 4732 enim
2548 4677 2908 4732 miserabilem
2963 4683 3166 4732 sortem
3215 4680 3476 4727 nostram,

1911 4782 2195 4845 cognatam
2230 4771 2325 4825 tibi
2357 4771 2840 4839 inexhaustamque
2893 4769 3040 4823 illam
3075 4766 3366 4821 bonitatem
3423 4759 3480 4813 iu

219 4871 307 4921 καὶ
342 4871 750 4944 ἀνεξάντλητόν
789 4891 882 4926 σου
920 4874 1250 4946 ἀγαθότητα,
1309 4874 1396 4926 διὰ
1441 4873 1533 4926 τοῦ
1567 4874 1803 4938 Μονογε-

1913 4838 2012 4919 nos
2044 4859 2311 4925 elfudisti;
2345 4859 2641 4932 redemptis
2690 4838 2847 4914 nobis
2877 4874 2974 4930 per
3004 4856 3368 4929 Unigenitum,
3397 4851 3479 4902 in-

218 4961 341 5026 νοῦς
389 4964 488 5016 καὶ
534 4965 948 5036 ἀπαραλλάκτου
999 4968 1106 5034 (6|)
1149 4967 1243 5018 καὶ
1287 4965 1566 5036 όμοουσίου
1610 4963 1804 5026 Παιδός

218 5069 311 5106 σου
340 5055 447 5124 τὴν
479 5054 744 5127 λύτρωσιν
776 5059 928 5128 ἡμῶν
962 5058 1341 5128 ποιησάμενος,
1380 5054 1589 5119 ἀνάξιον
1614 5057 1801 5126 κρίνας

1911 4951 2367 5010 commutabiliter
2389 4950 2622 5006 similem
2652 4958 2704 5007 et
2732 4949 2978 5020 ejusdem
3018 4958 3195 5004 tecum
3225 4943 3480 4998 substan-

1907 5048 2014 5110 tiae,
2051 5043 2278 5098 Filium:
2309 5049 2399 5096 tua
2432 5043 2604 5113 ipsius
2636 5042 2921 5113 majestate
2971 5049 3025 5096 et
3057 5039 3299 5096 bonitate
3332 5029 3480 5084 indi-

286 5172 333 5201 "
380 5149 556 5250 Εξοά.
588 5189 698 5235 ιιι,
746 5173 832 5227 16.
924 5175 983 5250 ,⁸⁸
1023 5173 1064 5227 ll
1104 5173 1224 5243 Reg.
1270 5189 1339 5233 νι,
1385 5174 1437 5227 6.
1516 5175 1554 5203 ⁶¹
1586 5171 1718 5224 Dan.
1765 5186 1802 5250 lt

1926 5169 1978 5220 5.
2055 5163 2097 5194 ⁶¹
2133 5161 2260 5216 Luc.
2304 5178 2362 5225 ιι,
2395 5160 2588 5216 29-52.
2666 5160 2711 5192 ”
2751 5150 2920 5214 Cant.
2951 5175 3067 5222 vm,
3111 5157 3164 5212 6.
3242 5153 3286 5186 “
3328 5149 3476 5203 Psal.

216 5255 391 5302 xcv",
430 5241 486 5295 2.

291 5360 408 5428 (59)
443 5361 823 5428 Χαιρᾲιενον.
847 5357 1048 5428 Forte,
1083 5358 1356 5428 χαίροντα.

449 5421 660 5501 Δι”ἐέὶὲ
687 5427 824 5501 γάρ.
845 5421 1058 5501 Habet,
1079 5421 1158 5482 sic
1183 5421 1444 5496 'proprius
1473 5425 1664 5501 factus
1705 5421 1794 5501 Je-

219 5493 340 5569 sus.
395 5493 604 5569 aliquid
651 5493 861 5569 sanctis
911 5500 1153 5553 suavius.
1197 5493 1307 5550 διο
1341 5497 1542 5569 passim
1597 5493 1789 5569 David,

219 5567 453 5632 Paulus,
489 5565 591 5624 etc.
642 5568 811 5622 Deum
855 5571 1002 5623 velut
1050 5569 1152 5624 sibi
1197 5565 1431 5636 rapiunt.
1481 5565 1792 5636 Theologus

219 5640 392 5695 etiam
421 5649 562 5694 orat.
587 5640 642 5692 in
674 5649 857 5691 sancta
887 5638 1130 5696 Lumina,
1161 5635 1320 5690 πάλιν
1345 5639 1372 5688 6
1401 5637 1530 5706 ἐμὸς
1567 5635 1790 5706 Ἰησοῦς,

223 5726 329 5778 qua
386 5710 452 5765 de
503 5725 562 5763 re
606 5709 909 5762 luculenter
943 5708 1365 5778 Cbrysostontns
1415 5704 1696 5778 recup."
1725 5704 1794 5756 ad

228 5775 354 5834 Cat.
408 5779 523 5835 Non
564 5781 747 5850 itaque
791 5777 946 5834 facile
977 5775 1138 5833 fuerit
1171 5779 1224 5832 in
1258 5776 1546 5848 ejusmodi,
1582 5784 1794 5828 mutan-

1899 5353 2026 5406 dum
2057 5352 2333 5422 singulare
2363 5351 2416 5404 in
2441 5350 2666 5421 plurale.
2697 5348 2960 5404 Pantinus
2987 5348 3100 5412 hic,
3130 5352 3317 5400 nostra
3342 5338 3482 5391 enim

1899 5439 2082 5477 causa.

1970 5492 2108 5564 (61))
2133 5491 2650 5564 Ἁπαραλλάκτου.
2682 5490 2842 5564 Velut
2872 5505 2966 5564 per
2994 5478 3476 5564 omniansimilf’m:

1899 5572 1952 5618 et
1973 5545 2203 5632 ‘qualem
2253 5545 2488 5632 sequens
2523 5545 2686 5632 illud,
2717 5545 3023 5632 6poou'siou.
3063 5555 3321 5624 explicat.
3366 5545 3476 5632 νος

1901 5616 2523 5706 theologiea_Gregorio,
2553 5616 3076 5706 Da_mascen(i._e_te.,
3110 5616 3482 5706 perquﬁﬂff“:

1902 5679 2151 5757 miliarias.
2199 5679 2484 5762 Panti‘ints.
2510 5679 2692 5762 ,male,
2743 5679 3084 5755 immobilem,
3114 5679 3241 5748 'nisi
3274 5679 3495 5743 erravi',

1902 5774 2132 5848 prelum,
2162 5780 2216 5828 et
2243 5783 2429 5828 notare
2463 5771 2632 5824 voluit
2668 5769 3158 5826 incommutabilem.
