4010 6328
565 300 674 358 π’]
1491 296 1549 352 S.
1592 295 1925 354 METHODH
1964 296 2274 355 EPISCOPI
2313 298 2404 356 ΕΤ
2445 297 2804 356 MARTYRIS
2894 368 2915 385 κ
3706 306 3818 362 368

564 435 732 492 gnum
766 426 935 482 ratus,
970 423 1027 471 ut
1052 415 1200 471 illam
1231 430 1510 472 servorum
1538 423 1755 473 tuorum
1788 419 2017 474 salutem
2040 419 2130 474 he-

2233 421 2331 492 τῆς
2376 422 2473 489 σῆς
2523 420 2893 493 μεγαλοσύνης
2930 421 3024 475 καὶ
3061 421 3444 493 χρηστότητος,
3489 422 3676 498 οἰκέτῃ
3716 427 3816 497 τὴν

564 513 958 582 neiiciumque,
1008 508 1195 563 eadem
1237 509 1550 565 conditione
1583 526 1741 566 servo
1768 510 2131 579 concederes;

2234 513 2341 567 τῶν
2378 512 2484 567 σῶν
2510 514 2733 568 οἰκετῶν
2764 513 3191 568 καταπιστεῦσαι
3231 515 3502 587 σωτηρίαν
3531 517 3625 571 καὶ
3655 518 3807 590 εὐερ-

564 615 693 661 utve
750 618 846 660 eos
887 600 982 674 qui
1009 599 1383 665 oﬂ‘endissent,
1418 602 1668 657 ministro
1701 601 2133 659 rccnnciliandos

2234 607 2442 677 γεσίαν,
2479 608 2512 679 ἢ
2556 604 2850 679 λειτουργῷ
2903 605 3218 677 ἐγχειρῆσαι
3261 605 3358 677 τὴν
3420 607 3530 661 τῶν
3577 625 3813 680 προσκε-

564 696 951 750 committeres.
987 691 1298 757 Enimvero,
1324 709 1420 765 per
1446 692 1652 750 Lumen
1706 694 1838 748 illud
1888 694 2131 764 ejusdem

2234 700 2543 773 κρουκότων
2600 701 2961 773 καταλλαγήν.
3017 701 3177 755 Ἀλλὰ
3233 700 3322 756 διὰ
3378 700 3471 754 τοῦ
3526 701 3812 771 όμοουσίου

561 795 742 842 tecum
772 785 1109 853 substantiae,
1143 785 1325 840 lumen
1363 785 1577 840 donasti
1611 785 1675 839 iis
1703 786 1793 855 qui
1821 784 1873 838 in
1911 784 2133 839 tenebris

2231 793 2413 857 Φωτδς
2438 792 2554 862 φῶς
2583 792 2708 861 τοῖς
2738 793 2808 847 ἐν
2830 795 3034 849 σκότει
3061 794 3158 848 καί
3186 792 3328 862 σκιᾷ
3353 790 3612 848 θανάτου
3632 796 3814 860 καθη-

561 879 697 934 etin
737 877 922 932 umbra
974 878 1159 931 mortis
1188 875 1434 932 sedebant
1468 878 1545 942 ⁶⁸;
1598 886 1653 929 ut
1693 877 1747 931 in
1779 876 1972 930 lumine
2014 886 2130 940 tuo,

2231 883 2433 954 μένοις
2465 885 2746 956 ἐδωρήσω,
2790 886 2892 939 ἵνα
2937 886 3009 939 ἐν
3040 885 3119 952 τῷ
3160 886 3251 953 σῷ
3288 886 3433 955 φωτὶ
3477 885 3647 939 ἴδωσι
3685 883 3814 956 φῶς

560 968 797 1025 scientia:
826 968 998 1022 lumen
1022 966 1229 1021 videant
1254 967 1335 1021 “z
1368 966 1697 1037 placuitque.
1730 973 1789 1021 ut
1835 981 1930 1036 per
1954 964 2134 1018 Domi-

2232 974 2537 1045 γνώσεωςο
2574 977 2667 1028 καὶ
2700 975 2787 1029 διὰ
2826 975 2917 1030 τοῦ
2947 976 3204 1030 δεσπότου
3238 978 3329 1030 καὶ
3356 975 3687 1047 δημιουργοῦ
3716 977 3811 1030 εὑ-

560 1076 694 1118 num
727 1069 780 1117 et
822 1070 1124 1115 creatorem
1154 1058 1484 1114 reformares
1516 1073 1617 1125 nos
1673 1058 1725 1112 in
1759 1057 2134 1111 immortalita-

2232 1067 2465 1139 δόκησας
2494 1068 2799 1122 ἀναπλάσαι
2825 1070 2971 1140 ἡμᾶς
2997 1070 3076 1133 είς
3107 1068 3434 1139 ἀφθαρσίαν,
3464 1068 3559 1123 καὶ
3590 1068 3681 1121 διὰ
3716 1067 3811 1122 τοῦ

558 1159 706 1222 tem;
756 1153 1024 1224 nobisque
1053 1168 1148 1224 per
1179 1152 1355 1222 ipsum
1389 1150 1482 1221 qui
1534 1150 1788 1222 paradiso
1813 1151 2131 1206 deliciarum

2232 1157 2590 1229 ἀφορίσαντος
2621 1158 2684 1211 ὲκ
2709 1158 3034 1230 παραδείσου
3063 1161 3272 1230 τρυφῆς
3295 1157 3393 1229 τὴν
3435 1160 3514 1221 εἰς
3547 1157 3812 1229 παράδει-

560 1246 1035 1307 exterminaverat,
1065 1243 1299 1300 reditum
1345 1242 1655 1313 elargireris
1697 1242 1752 1296 in
1796 1242 2127 1313 paradisum.

2235 1266 2323 1305 σον
2348 1245 2502 1313 αὖθις
2528 1248 2878 1315 ἐπανάζευξιν
2903 1250 3139 1322 ἐχαρίσω
3160 1264 3176 1280 °
3203 1251 3295 1303 καὶ
3317 1250 3404 1303 διὰ
3429 1248 3535 1302 τοῦ
3560 1251 3815 1318 ἔχοντος

559 1338 642 1392 Aci
676 1338 811 1400 haec,
846 1352 941 1408 per
982 1351 1105 1391 eum
1157 1336 1247 1405 qui
1286 1333 1440 1389 habet
1481 1342 1789 1403 potestatem
1834 1333 2133 1388 dimittendi

2231 1341 2520 1406 ἐξουσίαν
2559 1341 2793 1411 ἀφιέναι
2828 1342 3115 1411 ἁμαρτίας
3152 1340 3218 1395 τὸ
3259 1343 3387 1396 καθ’
3415 1340 3583 1411 ἡμῶν
3617 1341 3814 1410 χειρό-

558 1438 774 1503 peecata
803 1429 845 1460 ⁸⁷
891 1427 1029 1500 quod
1076 1436 1191 1482 erat
1232 1425 1478 1481 adversus
1526 1442 1619 1480 nos
1655 1425 1838 1480 delesti
1862 1426 2133 1496 chirogra-

2234 1448 2460 1500 πκιφον
2487 1430 2843 1501 ἐξήλειψαςο
2879 1432 2973 1485 καὶ
3000 1430 3087 1484 διὰ
3112 1429 3206 1483 τοῦ
3246 1430 3533 1503 συνθρόνου
3576 1430 3674 1483 καὶ
3712 1431 3817 1485 ἁν-

556 1521 720 1595 phum
748 1522 813 1575 “.
850 1520 1093 1591 Denique
1120 1536 1216 1591 per
1244 1535 1366 1576 eum
1396 1519 1488 1590 qui
1512 1518 1702 1575 eodem
1725 1526 1905 1591 tecum
1933 1517 2132 1571 throno

2237 1524 2549 1596 εκφοιτήτου
2595 1523 2691 1593 τῆς
2728 1522 2877 1586 θείας
2921 1539 3013 1575 σου
3060 1522 3271 1592 φύσεως
3308 1521 3405 1593 τὴν
3446 1521 3582 1593 πρὸς
3615 1520 3820 1578 σὲκατ-

557 1613 811 1672 sublimis
840 1611 1013 1679 sedet,
1043 1612 1243 1683 quique
1272 1627 1303 1665 a
1343 1609 1528 1666 divina
1578 1617 1674 1664 tua
1727 1618 1923 1663 natura
1957 1608 2132 1663 haud-

2233 1615 2468 1688 αλλαγήν
2552 1614 2646 1667 καὶ
2692 1614 3054 1687 προσαγωγὴν
3103 1616 3162 1668 ὲν
3207 1613 3524 1686 πεποιθήσει
3574 1612 3814 1683 ἐφιλοτι-

559 1721 830 1778 quaquam
857 1705 1118 1761 excedere
1139 1711 1337 1776 potest,
1370 1702 1577 1758 ﬁrmam
1610 1702 1766 1758 nobis
1810 1701 2132 1758 reconcilia-

2233 1707 2420 1778 pijcw'
2471 1708 2619 1770 ὅπως
2671 1706 2756 1761 διὰ
2807 1706 3065 1761 δεσπότου
3112 1706 3486 1770 ἁϐασιλεύτου,
3526 1706 3621 1759 καὶ
3672 1703 3813 1759 Θεοῦ

558 1799 727 1854 tionis
758 1812 1120 1869 accessusque
1146 1797 1363 1853 donasti
1399 1795 1682 1863 ﬁduciam;
1738 1804 1796 1851 ut
1824 1812 1922 1867 per
1947 1795 2129 1851 Domi-

2232 1797 2481 1869 ἀληθινοῦ
2511 1799 2605 1852 καὶ
2632 1798 2999 1865 ὲξουσιαστοῦ,
3029 1801 3057 1853 ὁ
3099 1799 3206 1853 τῶν
3234 1798 3501 1853 τοσούτων
3532 1799 3630 1851 καὶ
3660 1797 3815 1868 τηλι-

558 1906 730 1954 num,
787 1890 991 1945 nullius
1044 1898 1423 1961 agnoscentem
1474 1888 1800 1960 imperium,
1852 1887 2128 1958 Deumque

2231 1889 2437 1944 κούτων
2479 1890 2696 1958 ἀγαθῶν
2740 1891 2934 1961 δεσμὸς
2978 1892 3424 1963 ὑπογραφόμενος
3465 1890 3814 1961 ἀναμφίὸολα

555 1999 744 2041 verum
775 2000 840 2040 ac
859 1992 1164 2055 potentem;
1195 1990 1274 2038 tot
1302 1989 1689 2053 tantorumque
1717 1982 1984 2037 bonorum
2015 1985 2127 2037 vel—

2227 1983 2336 2045 τοῖς
2374 1981 2709 2052 ὲλεουμὲνοις
2751 1984 3067 2057 καταστήσῃ
3113 1984 3211 2055 τῆς
3245 1983 3463 2055 χάριτος
3502 1983 3570 2036 τὰ
3605 1982 3810 2036 δίκαια.

556 2084 615 2131 ut
662 2076 969 2147 subscripta
1008 2074 1241 2139 sanctio,
1272 2083 1421 2130 certa
1443 2083 1497 2129 et
1520 2073 1820 2129 indubitata
1844 2073 1989 2144 jura,
2018 2073 2126 2127 mi-

2231 2075 2361 2146 Περὶ
2392 2075 2512 2128 ὅτου
2562 2074 2657 2128 καὶ
2702 2077 2730 2127 ὁ
2784 2076 3067 2147 προφήτης
3108 2078 3452 2148 προεμήνυσε
3493 2075 3700 2145 λέγων·
3727 2077 3814 2129 Οὐ

556 2168 909 2224 sericordiam
965 2166 1279 2224 consecutis
1324 2166 1640 2221 constituat.
1678 2165 1833 2233 Quod
1866 2176 1919 2221 ct
1948 2167 2124 2237 ipsum

2232 2169 2510 2235 πρέσϐυς,
2543 2171 2653 2223 οὐκ
2678 2169 2949 2239 ἅγγελος,
2977 2169 3115 2223 ἀλλ’
3145 2169 3327 2236 αὐτὸς
3355 2172 3387 2223 ό
3422 2170 3638 2237 Κύριος
3659 2170 3815 2222 ἐσω-

554 2261 683 2316 olim
728 2261 1183 2331 praenuntiaverat
1224 2259 1485 2331 propheta
1526 2258 1717 2315 dicens
1760 2278 1773 2313 :
1830 2258 1949 2312 Non
1984 2259 2127 2330 lega-

2233 2279 2338 2316 σεν
2376 2262 2615 2328 αὐτοὺς,
2650 2261 2808 2331 παρὰ
2855 2260 2921 2315 τὸ
2965 2259 3204 2330 ἀγαπᾷν
3233 2260 3474 2327 αὐτοὺς,
3527 2260 3626 2314 καὶ
3681 2262 3816 2330 φεί-

556 2358 641 2404 tns
666 2390 680 2413 ,
717 2366 821 2403 non
852 2349 1104 2421 angelus;
1135 2347 1225 2403 sed
1282 2348 1391 2418 ipse
1420 2347 1677 2403 Dominus
1722 2349 1946 2404 salvavit
1994 2367 2081 2405 eos
2106 2367 2124 2404 :

2228 2353 2431 2408 δεσθαι
2468 2352 2683 2418 αὐτῶν,
2722 2352 2817 2405 καί
2846 2352 3118 2416 ἀνέλαϐε,
3152 2352 3249 2407 καὶ
3286 2353 3533 2423 ὕψωσεν
3559 2354 3811 2419 αὐτούς.

554 2454 824 2513 propterea
860 2441 998 2513 quod
1025 2452 1226 2497 amaret
1257 2458 1366 2508 eos,
1389 2451 1437 2497 et
1470 2451 1705 2510 parceret
1742 2442 1870 2511 ipsis
1896 2452 1976 2497 :et
2001 2460 2121 2497 sus-

2232 2445 2335 2499 Καὶ
2360 2444 2535 2498 ταῦτα
2566 2443 2742 2497 πάντα
2783 2445 2894 2497 οὐκ
2922 2443 2992 2508 ἐξ
3035 2444 3222 2514 ἔργων
3264 2443 3431 2514 ἡμῶν
3457 2442 3574 2497 τῶν
3610 2444 3686 2497 ἐν
3722 2443 3815 2498 δι-

557 2535 689 2601 cepit
735 2542 783 2587 et
812 2533 1067 2588 exultavit
1097 2549 1184 2587 eos
1217 2534 1282 2587 ".
1323 2531 1500 2603 Atque
1539 2532 1652 2587 haec
1674 2532 1879 2597 omnia,
1909 2549 2011 2586 non
2059 2548 2125 2587 ea:

2234 2538 2539 2605 καιοσύνῃ,
2563 2536 2672 2589 οὐδ’
2696 2537 2776 2589 ὅτι
2802 2536 2961 2607 ἡμεῖς
2996 2552 3053 2589 σε
3089 2537 3453 2608 ὴγαπήσαμεν
3488 2536 3535 2607 (ὁ
3567 2536 3677 2605 γὰρ
3697 2552 3817 2608 ,γη-

554 2624 795 2696 operibus
831 2641 947 2695 qua:
991 2624 1266 2694 fecerimus
1325 2624 1429 2696 ipsi
1476 2625 1532 2678 in
1583 2625 1822 2690 iustitia;
1870 2632 1963 2679 aut
1994 2625 2123 2695 quia

2234 2629 2386 2701 γενὴς
2418 2627 2572 2699 ἡμῶν
2607 2627 2905 2699 προπάτωρ
2947 2626 3040 2679 καὶ
3083 2626 3183 2697 τὴν
3223 2628 3280 2680 ἐν
3330 2626 3639 2697 παραδείσῳ
3675 2642 3817 2699 τρυ-

555 2729 607 2774 te
633 2718 985 2773 dilexerimus
1010 2718 1056 2749 τ’
1084 2717 1316 2788 (primus
1352 2715 1498 2771 enim
1537 2715 1627 2770 ille
1679 2729 1878 2786 parens
1937 2722 2124 2772 noster

2231 2719 2330 2790 φὴν
2360 2719 2452 2771 καὶ
2485 2718 2758 2789 διαγωγὴν
2796 2714 3062 2786 τιμηθεὶς,
3085 2714 3182 2786 τὴν
3216 2715 3364 2769 θείαν
3402 2716 3496 2769 καὶ
3538 2715 3814 2787 σωτήριόν

555 2809 860 2883 terrigena,
916 2825 1039 2865 cum
1091 2808 1331 2881 paradisi
1358 2806 1583 2863 delicias
1636 2807 2120 2879 domiciliumque,

2232 2827 2317 2864 σου
2348 2808 2682 2879 ἐκφαυλίσας
2717 2808 2957 2879 ἐντολὴν,
3002 2808 3331 2878 ἀποδόκιμος
3377 2804 3589 2878 ζωηροῦ
3623 2805 3815 2877 χώρου

556 2904 781 2961 honoris
824 2894 1180 2974 praerogativa
1214 2906 1567 2964 consecutus,
1593 2907 1747 2953 tuum
1806 2899 1937 2954 illud
1982 2900 2123 2955 divi-

2234 2900 2437 2972 ὲκρίθη,
2471 2902 2566 2955 καὶ
2606 2899 2667 2954 τὸ
2706 2900 2813 2955 πᾶν
2840 2899 3005 2954 αὑτοῦ
3041 2899 3261 2971 σπέρμα
3292 2897 3635 2953 ἁκιδνὸτατον
3672 2914 3817 2950 κατ-

555 3012 683 3051 num
713 2995 1005 3067 sprevisset
1046 3011 1109 3050 ac
1157 2993 1396 3051 salutare
1449 2998 1773 3063 praeceptum
1800 3029 1815 3056 ,
1864 2990 2122 3063 indignus

2311 3009 2436 3064 τησε,
2472 2994 2585 3056 τοῖς
2624 2991 2798 3056 νόθοις
2844 2988 3179 3064 μοσχεύμασι
3223 2991 3320 3062 τῆς
3367 2988 3636 3061 ἁμαρτίας
3665 3005 3815 3061 συμ-
3849 2994 3894 3045 9

552 3091 699 3147 vitali
728 3090 822 3144 illo
850 3090 971 3145 loco
992 3089 1271 3160 judicatus
1299 3094 1382 3142 est
1407 3103 1421 3152 ;
1459 3099 1724 3155 suumque
1748 3100 1912 3139 omne
1935 3100 2121 3139 semen

2232 3086 2514 3157 φυράσας),
2557 3084 2692 3139 ἀλλὰ
2737 3085 2803 3138 δι’
2829 3085 3017 3138 ἑαυτὸν
3057 3086 3152 3138 καὶ
3191 3083 3289 3155 τὴν
3322 3083 3448 3153 περὶ
3487 3081 3545 3135 τὸ
3577 3080 3815 3154 πλάσμα

555 3183 758 3255 spuriis
789 3181 995 3254 peccati
1024 3179 1329 3237 stolonibus
1350 3175 1731 3237 coinmiseens,
1764 3176 1818 3229 in
1849 3191 2114 3231 summam

2232 3200 2313 3236 που
2338 3183 2543 3251 ἄφατον
2573 3180 2815 3253 ἀγάπην,
2847 3179 3220 3254 ὲκραταίωσας
3251 3180 3335 3249 ἐφ’
3363 3181 3511 3252 ἡμᾶς
3546 3178 3608 3232 τὸ
3656 3178 3815 3242 ἔλεός

556 3277 888 3333 debilitatem
948 3272 1170 3345 adegit),
1205 3271 1299 3328 sed
1332 3271 1447 3342 ipse
1477 3277 1696 3341 propter
1729 3267 2074 3339 temetipsum
2102 3306 2117 3331 ,

2226 3290 2338 3336 σου,
2370 3271 2563 3344 Κύριε,
2594 3270 3038 3343 κατῳκτείρησὰς
3069 3288 3128 3324 τε
3169 3271 3267 3341 τὴν
3287 3270 3588 3342 ἀπαγωγὴν
3614 3271 3807 3340 ἡμῶν,

554 3367 1014 3438 inenarrabilique
1044 3366 1135 3420 illa
1180 3373 1270 3419 tua
1304 3378 1431 3435 erga
1469 3363 1781 3434 ﬁgmentum
1810 3360 2117 3423 dilectione,

2228 3364 2314 3417 καὶ
2335 3361 2521 3416 ἑαυτὸν
2548 3359 2899 3433 ὲδυσώπησας
2932 3361 3026 3414 ἐπὶ
3053 3364 3119 3433 τῇ
3148 3359 3465 3432 καταφθορᾷ
3485 3359 3638 3431 ἡμῶν
3667 3358 3811 3431 (62),

550 3460 980 3517 misericordiam
1018 3459 1070 3513 in
1103 3472 1204 3513 nos
1249 3466 1415 3519 tuam,
1445 3453 1688 3519 Domine,
1721 3451 2120 3517 corroborasti;

2231 3452 2327 3508 τοῦ
2348 3452 2556 3508 δοῦναι
2574 3450 2732 3522 ἡμᾶς
2745 3454 2832 3518 είς
2852 3452 3238 3522 οἱκτειρμούς.
3270 3450 3430 3505 Ὅθεν
3461 3451 3643 3523 ἑορταὶ
3674 3452 3814 3522 ἡμῖν

552 3561 904 3621 nostramque
968 3550 1065 3605 abs
1114 3556 1165 3603 te
1224 3547 1618 3618 separationem
1670 3543 1896 3604 dolens,
1958 3543 2119 3597 etiam

2231 3547 2404 3601 λοιπὸν
2451 3545 2908 3617 συγκεκρότηνται
2953 3546 3065 3609 τοῖς
3107 3543 3457 3615 Ἀδαμιαίοις,
3502 3543 3585 3596 ὅτι
3608 3544 3637 3596 ό
3664 3543 3814 3596 πλα-

554 3643 672 3714 ipse
698 3651 770 3701 te.
803 3655 966 3711 super
994 3649 1180 3695 nostra
1205 3637 1573 3709 corruptione,
1607 3645 1665 3690 ut
1688 3635 1842 3689 dares
1873 3634 1927 3688 in
1963 3633 2121 3687 mise—

2232 3637 2483 3710 στουργδς
2531 3636 2625 3690 τοῦ
2657 3635 2826 3708 Ἀδὰμ
2865 3636 3042 3689 ἑκοντὶ
3082 3637 3199 3700 νέος
3235 3635 3402 3707 ’Δδὰμ
3450 3633 3674 3705 γέγονεο
3711 3635 3815 3697 καὶ

552 3732 812 3791 ricordias
846 3733 914 3795 ",
935 3731 1163 3804 placasri
1194 3738 1248 3787 et
1274 3729 1547 3785 inllexisti.
1577 3726 1716 3782 Hinc
1742 3742 1843 3782 nos
1865 3726 2123 3796 deinceps

2233 3725 2255 3795 ἡ
2282 3723 2598 3794 λαμπρότης
2624 3723 2827 3794 Κυρίου
2860 3722 2952 3776 τοῦ
2982 3723 3115 3778 Θεοῦ
3139 3723 3295 3796 ἡμῶν
3327 3723 3444 3795 μεθ’
3476 3723 3636 3795 ἡμῶν
3676 3741 3816 3778 κατ-

552 3827 681 3882 Adte
706 3824 920 3878 soboles
953 3822 1090 3877 festa
1122 3822 1318 3892 plausu
1352 3820 1587 3892 agimus,
1613 3818 1757 3890 quod
1793 3818 2004 3889 primus
2035 3818 2123 3871 ille

2230 3815 2455 3885 ῑγένετο,
2471 3814 2609 3869 ὣστε
2628 3817 2753 3870 ἰδεῖν
2765 3816 2895 3869 Θεὸν
2914 3816 3197 3887 πρόσωπον
3212 3816 3347 3887 πρὸς
3365 3816 3651 3889 πρόσωπον
3670 3817 3813 3888 (63),

552 3918 683 3973 Adae
711 3916 887 3979 ﬁctor,
930 3930 1029 3970 sua
1084 3914 1199 3984 ipse
1233 3920 1444 3983 sponte,
1475 3927 1651 3967 novus
1701 3910 1869 3967 Adam
1900 3907 2123 3964 effectus

2233 3907 2315 3959 mi
2362 3906 2615 3978 σωθῆναι.
2663 3907 2935 3972 Τοῦνεκα,
2973 3901 3019 3960 ὦ
3054 3906 3321 3971 Δέσποτα,
3368 3907 3467 3979 τὴν
3511 3907 3663 3980 παρὰ
3710 3908 3816 3964 σοῦ

554 4012 626 4068 sit
660 4029 672 4066 :
706 4008 1069 4080 splendorque
1102 4003 1311 4059 Domini
1339 4002 1432 4060 Dei
1462 4003 1636 4058 nostri
1682 4001 1969 4056 nobiscum
1999 4013 2122 4053 ver-

2235 3997 2479 4053 ὶπόλυσιν
2509 3999 2767 4073 ἐπιζητῶ.
2799 3995 2951 4055 Εἶδον
2982 4000 3042 4054 τὸ
3073 4001 3337 4073 σωτήριόν
3382 4017 3474 4054 σου
3496 4018 3510 4032 ·
3549 4002 3818 4058 ἀπολυθῶ

554 4111 707 4160 satus
737 4101 937 4167 esti“;
965 4106 1023 4153 ut
1052 4095 1219 4153 Deum
1244 4094 1383 4151 facie
1406 4096 1472 4151 ad
1498 4096 1689 4151 faciem
1720 4092 2038 4153 viderimus,
2068 4097 2122 4145 et

2234 4089 2313 4144 τοῦ
2366 4092 2835 4163 γραμματοκύφου
2889 4091 3075 4163 ζυγοῦ.
3142 4088 3293 4147 Εἶδον
3350 4093 3571 4164 βασιλέα
3632 4095 3817 4150 ἀΐδιον

552 4196 689 4253 salvi
741 4194 869 4250 facti
930 4191 1124 4247 simus.
1178 4187 1572 4255 Quamobrem,
1623 4185 2005 4251 Domine,ate
2037 4182 2121 4237 di-

2235 4183 2315 4235 ιιαὶ
2346 4182 2648 4254 ἁδιάδοχον·
2700 4184 2954 4238 ἀπολυθῶ
3009 4184 3103 4239 τοῦ
3150 4185 3393 4240 δουλικοῦ
3433 4187 3526 4240 καὶ
3574 4187 3818 4257 ἀχθοφό-

552 4283 1045 4358 ωἰιιὶιιιιωτοΝἰὰἰ
1064 4281 1315 4337 Salutare
1345 4290 1497 4335 tuum
1529 4298 1543 4334 :
1569 4279 1821 4335 absolvar
1849 4291 1977 4347 ergo
2004 4291 2122 4331 cur-

2231 4290 2316 4345 pou
2360 4273 2561 4327 κλοιοῦ.
2593 4269 2744 4329 Εἶδον
2776 4277 2933 4346 φύσει
2968 4276 3241 4349 Δεσπότην
3270 4278 3365 4330 καὶ
3400 4275 3814 4351 ὲλευθερωτήν·

551 4397 620 4436 vo
648 4380 843 4436 litterae
883 4378 1035 4450 jugo.
1071 4375 1194 4431 Vidi
1246 4374 1448 4446 Regem
1497 4372 1909 4440 sempiternum,
1945 4376 2000 4425 et
2030 4368 2119 4423 cui

2236 4366 2437 4439 τύχοιμι
2463 4366 2557 4420 τοῦ
2592 4367 2933 4441 ὲλευθερικοῦ
2965 4368 3129 4423 αὐτοῦ
3165 4368 3384 4441 δεσμοῦ.
3412 4369 3586 4424 Λῦσόν
3610 4388 3681 4440 με
3714 4372 3819 4425 τοῦ

551 4471 693 4525 alius
736 4483 845 4523 non
898 4467 1196 4523 succedat:
1233 4464 1485 4521 absolvar
1507 4461 1689 4519 servili
1715 4459 1905 4516 collari
1937 4459 2039 4513 hoc
2065 4466 2118 4513 et

2236 4456 2385 4526 ζυγοῦ
2422 4457 2519 4529 τῆς
2551 4457 2947 4530 κατακρίσεως,
2974 4460 3067 4513 καὶ
3099 4458 3393 4527 ὑπόζευξον
3423 4459 3503 4531 τῷ
3530 4460 3682 4532 ζυγῷ
3703 4462 3819 4533 τῆς

551 4564 878 4636 ponderosa.
927 4561 1050 4616 Vidi
1079 4566 1276 4615 natura
1302 4557 1592 4613 Dominum
1632 4562 1689 4610 et
1742 4553 2119 4618 liberatorem;

2239 4549 2576 4615 Ξικαιώσεως.
2610 4549 2783 4604 Λῦσόν
2802 4568 2867 4623 με
2888 4550 2980 4605 τοῦ
3003 4550 3166 4620 ζυγοῦ
3182 4552 3277 4623 τῆς
3296 4552 3434 4623 ἀρᾶς
3450 4553 3543 4605 καὶ
3562 4553 3656 4607 τοῦ
3678 4555 3822 4609 ἀποι-

549 4671 853 4728 consequar
878 4669 1009 4725 ergo
1030 4651 1375 4708 liberationis
1410 4664 1543 4704 mea:
1564 4648 1633 4704 ab
1666 4647 1785 4718 ipso
1821 4644 2118 4701 decretum.

2235 4643 2529 4708 κτείνοντος
2554 4644 2877 4718 γράμματος
2892 4662 2906 4678 ·
2934 4645 3029 4699 καὶ
3049 4644 3153 4699 ἕνει
3161 4663 3250 4718 ρον
3264 4645 3343 4717 τῷ
3362 4646 3579 4719 ἀριθμῷ
3594 4647 3698 4718 τῆς
3712 4649 3818 4703 εὐ-

552 4748 716 4805 Solve
758 4764 845 4804 me
867 4788 884 4812 ,
937 4746 1198 4812 Domine,
1247 4743 1381 4814 jugo
1409 4738 1913 4807 condemnationis;
1948 4748 2002 4792 et
2031 4751 2118 4792 me

2237 4736 2407 4804 λογίας
2424 4734 2532 4787 τῶν
2559 4737 2638 4798 είς
2662 4733 2932 4789 υἱοθεσίαν
2956 4737 3376 4808 εἰσποιουμένων
3400 4734 3477 4810 τῇ
3497 4739 3684 4810 χάριτι
3710 4741 3820 4795 τοῦ

474 4826 485 4879 λ
552 4840 726 4898 subde
752 4840 885 4912 jugo
937 4836 1367 4909 justiﬁcationis.
1403 4832 1562 4889 Solve
1589 4846 1675 4886 me
1715 4832 1849 4902 jugo
1899 4829 2057 4884 malet

2236 4825 2474 4900 ἰληθινοῦ
2491 4828 2583 4881 καὶ
2601 4825 2852 4898 ὁμοδόξου
2870 4826 3307 4899 καὶὸμοδυνάμου
3324 4829 3511 4882 τούτου
3534 4829 3668 4884 Υἱοῦ
3686 4848 3819 4892 σου,

551 4937 749 4994 ctionis
792 4951 857 4993 ac
905 4933 1202 4991 occidentis
1232 4932 1422 4986 litterae
1452 4930 1535 4998 τε,
1574 4943 1869 4999 eorumque
1889 4923 2253 4981 benedictioni
2277 4923 2454 4977 insere
2489 4937 2845 4994 accenseque,
2873 4923 2966 4993 qui
3003 4922 3082 4977 tui
3112 4922 3277 4993 hujus
3308 4923 3421 4979 veri
3444 4923 3819 4996 ejusdemque

549 5027 728 5085 tecum
760 5028 945 5100 gloriae
971 5037 1026 5083 et
1050 5025 1301 5098 potentia:
1332 5021 1452 5079 Filii
1481 5022 1676 5094 gratia,
1705 5021 1756 5075 in
1778 5020 1870 5091 jus
1894 5019 2129 5074 ﬁliorum
2151 5025 2277 5072 sunt
2307 5017 2552 5087 ascripti.
2711 5091 2719 5099 I
2772 5074 2778 5080 ,

624 5118 713 5175 lX.
758 5118 879 5173 Sint
911 5134 1074 5190 porro
1103 5120 1236 5182 haec,
1269 5117 1484 5187 inquit,
1539 5115 1879 5171 celebrandis
1918 5113 2116 5169 divinis

2294 5109 2370 5163 8’.
2408 5111 2688 5164 Ἔστωσαν
2716 5110 2772 5164 δέ
2807 5128 2917 5183 μοι,
2951 5109 3113 5183 φησὶ,
3144 5110 3213 5165 τὰ
3258 5109 3377 5164 θεῖα
3409 5111 3818 5186 εὐχαριπήρισ

551 5210 893 5270 muneribus,
926 5209 1247 5264 brevissime
1268 5208 1531 5263 hactenus
1559 5212 1999 5261 commemorata.
2035 5199 2117 5255 Ad

2239 5200 2362 5273 πρὸς
2383 5201 2443 5255 τδ
2471 5201 2642 5274 παρὸν
2683 5202 2811 5273 ἄχρι.
2846 5202 2955 5256 τῶν
2992 5200 3341 5274 βραχυτάτων
3367 5202 3591 5258 τούτων.
3637 5202 3707 5259 Τί
3748 5204 3822 5260 δὲ

625 5369 671 5403 ⁸³
709 5367 819 5423 lsn.
864 5385 940 5431 Ix,
978 5370 1045 5436 2;
1084 5387 1220 5432 xui,
1264 5370 1334 5436 7;
1373 5369 1501 5425 Luc.
1545 5385 1583 5432 ι,
1626 5368 1715 5424 79.
1790 5370 1836 5401 “
1870 5368 2019 5423 Psal.
2059 5385 2203 5424 xxxv

2265 5369 2354 5424 10.
2464 5371 2507 5402 ⁸⁷
2547 5368 2717 5424 Marc.
2762 5384 2824 5432 ιι,
2866 5369 2954 5424 10.
3031 5369 3079 5402 ⁸⁸
3115 5367 3321 5425 Colon.
3359 5370 3518 5434 11,1.
3595 5367 3820 5430 ηειω.

554 5454 726 5505 um,
766 5441 820 5496 9.
895 5441 943 5472 "
985 5441 1089 5495 Tit.
1134 5458 1230 5505 Ill,
1270 5442 1322 5496 5.
1437 5443 1482 5474 ⁷⁸
1524 5441 1546 5495 ι
1581 5439 1743 5496 Joan.
1783 5456 1857 5506 iv,
1894 5439 1978 5494 19.
2089 5441 2133 5472 ⁷⁸

1623 5457 1743 5496 οαη.
1783 5456 1857 5506 iv,
1894 5439 1978 5494 19.
2089 5441 2157 5472 ⁷⁸⁸
2196 5438 2347 5495 Psal.
2385 5454 2472 5505 cv,
2503 5440 2574 5494 46
2682 5441 2728 5472 ⁷³
2766 5438 2812 5492 ιι
2850 5438 2974 5495 Cor.
3015 5455 3112 5506 ιιι,
3154 5440 3206 5495 6.

622 5599 735 5671 (62)
782 5601 905 5656 Ἐπὶ
936 5599 1012 5669 τῇ
1050 5600 1387 5672 καταφθορᾷ
1419 5601 1604 5672 ἡμῶν.
1639 5601 1918 5673 Signiﬁcat
1946 5601 2116 5659 Deum

2223 5604 2379 5659 dunt.
2895 5670 2904 5673 _
3356 5669 3401 5673 ῃ
3594 5672 3601 5673 7
3757 5650 3774 5665 ,

552 5684 586 5745 a_
611 5684 671 5725 se
699 5669 925 5745 motum,
977 5674 1092 5745 sola
1124 5669 1389 5745 ex‘noliis
1422 5669 1631 5745 objecta
1661 5669 1899 5745 miseria.
1932 5683 1990 5745 ut
2017 5690 2118 5729 nos

2296 5674 2408 5745 (65)
2439 5674 2770 5745 Πρόσωπον
2800 5670 2949 5745 arpr
2977 5673 3319 5745 πρόσωπον.
3356 5669 3569 5745 Nempe
3590 5672 3645 5726 in
3682 5687 3820 5744 cat-

552 5740 700 5813 daret
733 5741 787 5813 in
831 5742 1241 5804 misericordias,
1272 5743 1666 5813 reconciliatos
1712 5744 1764 5797 in
1808 5758 1909 5798 suo
1940 5743 2116 5807 Filio;
2227 5740 2316 5810 ne,
2344 5740 2439 5798 καὶ
2464 5740 2726 5813 σωθῆναι,
2749 5753 2798 5797 et
2813 5742 2949 5796 salvi
2974 5742 3103 5811 {acti
3123 5744 3311 5806 simus,
3341 5740 3685 5813 apparitione
3709 5740 3817 5801 ilfa

555 5810 701 5883 quod
732 5811 1123 5868 incarnationis
1154 5812 1414 5867 motivuln
1443 5813 1674 5884 theologi
1704 5814 1889 5867 multis
1919 5828 2116 5884 expen-
2222 5824 2276 5871 et
2304 5812 2612 5883 eliuigentia
2638 5813 2939 5884 splendoris
2960 5810 3125 5867 divini
3152 5814 3205 5868 in
3236 5810 3390 5869 nube
3411 5810 3812 5872 humanitatis.
