4010 6328
183 412 277 470 369

1263 407 1496 464 SERMO
1539 406 1624 461 DE
1663 405 1963 461 SIMEONE
2002 406 2087 460 ET
2125 405 2336 462 ANNA.
3293 408 3361 462 57

182 529 310 600 πρὸς
345 528 404 581 σὲ
436 526 757 598 φθέγξομαι,
788 521 834 580 ὦ
862 528 1051 599 Μῆτερ
1093 527 1354 598 Παρθένε,
1388 526 1480 579 καὶ
1507 523 1747 596 Παρθένε

1853 533 1901 578 te
1930 540 2056 579 vero
2083 524 2210 594 quid
2233 523 2430 587 dicam,
2455 537 2488 577 ο
2522 521 2689 577 Mater
2706 521 2889 593 Virgo,
2925 529 2978 578 et
3007 521 3169 593 Virgo
3200 522 3401 579 Mater?

181 610 391 688 Mﬁtep;
425 613 494 688 ἦς
521 617 629 686 γάρ
656 617 712 669 τὺ
741 616 896 686 ἔργον
921 618 1018 669 οὐκ
1049 615 1400 687 ἀνθρώπινον,
1431 615 1628 686 ταύτης
1658 617 1748 669 καὶ

178 713 439 772 ὁὲπαινος
468 709 609 779 ὑπὲρ
640 708 939 779 ἄνθρωπον.
983 707 1071 759 Διὸ
1111 708 1210 777 τῆς
1254 706 1481 778 ἀπορίας
1515 707 1576 759 τὸ
1621 722 1750 758 σκυ-

179 804 395 877 θρωπὴν
438 803 503 854 ἐκ
553 800 661 853 τῶν
696 799 790 853 τοῦ
831 801 1140 869 Πνεύματος
1183 800 1310 870 περὶ
1360 799 1420 852 σὲ
1474 800 1750 871 καταλαμ-

178 893 363 966 πρυνῶ
387 890 588 964 γερῶν,
622 892 715 944 καὶ
758 891 826 944 τὰ
865 890 931 942 σά
975 907 1055 942 σοι
1097 889 1495 960 προσκομίζων,
1540 891 1605 943 ὲκ
1645 889 1752 942 λει-

183 987 372 1059 μώνων
430 984 715 1039 ἀθανάτων
754 985 850 1054 τὴν
896 984 1042 1054 ἱεράν
1084 1001 1176 1036 σου
1221 982 1314 1036 καὶ
1351 982 1611 1052 θεοστεφῆ
1659 984 1750 1036 ἀν-

179 1078 402 1146 υμνήσω
460 1074 655 1144 κάραν.
712 1073 1001 1143 Πατρικοῖς
1054 1089 1112 1126 σε
1160 1071 1346 1143 ὕμνοις
1386 1072 1752 1142 προσφθέγξο-

180 1185 292 1237 μαι,
332 1166 571 1236 θύγατερ
592 1163 774 1227 Δαϐὶδ,
803 1164 896 1217 καὶ
933 1163 1104 1237 μῆτερ
1130 1163 1220 1216 τοῦ
1255 1163 1456 1237 Κυρίου
1493 1164 1586 1216 καὶ
1617 1165 1749 1218 Θεοῦ

178 1256 354 1312 Δαΰὲδ.
393 1258 630 1326 Αἱσχρδν
660 1255 766 1326 γὰρ
803 1256 918 1326 ἃμα
957 1255 1051 1308 καὶ
1100 1254 1407 1325 ἀνεύφημον
1458 1255 1752 1326 ἀλλοτρίοις

178 1351 397 1420 κόσμοις
428 1349 704 1419 κοσμῆσαι
742 1346 838 1417 τὴν
880 1349 944 1418 τῇ
987 1347 1162 1418 οἰκείᾳ
1206 1347 1331 1419 δόξῃ
1374 1347 1748 1419 διαφέρουσαν.

177 1441 337 1510 Δέχου
365 1441 567 1504 τοίνυν,
597 1438 980 1510 εὐμενεστάτη,
1011 1437 1157 1510 δῶρα
1181 1439 1356 1507 τίμια,
1383 1440 1476 1490 καὶ
1510 1440 1590 1490 σοὶ
1618 1438 1752 1508 μόνῃ

177 1532 426 1602 ἁρμόδια,
457 1526 502 1584 ὧ
547 1530 738 1584 πασῶν
781 1529 979 1598 γενεῶν
1030 1529 1354 1600 ὑψηλοτέρα,
1406 1529 1497 1584 καὶ⁴
1535 1530 1751 1583 πάντων

175 1624 380 1694 ὁρατῶν
406 1640 468 1676 τε
507 1623 602 1676 καὶ
641 1623 884 1693 ἀοράτων
921 1622 1412 1693 δημιουργημάτων
1454 1622 1752 1693 τιμιωτέρα

177 1717 423 1784 φανεῖσα.
454 1714 718 1784 Μακαρία
738 1715 770 1784 ἡ
794 1712 915 1784 ῥίζα
940 1711 1032 1765 τοῦ
1073 1713 1293 1776 Ἰεσσαὶ,
1330 1715 1424 1766 καὶ
1447 1713 1752 1784 τρισμακά-

179 1823 355 1878 ριστος
385 1808 415 1858 ὁ
444 1800 593 1867 οἶκος
621 1804 804 1868 Δαϐὶὸ,
835 1807 889 1858 ὲν
991 1801 1322 1876 ἐϐλάστησας
1347 1805 1477 1876 (64).
1523 1806 1582 1858 '0
1610 1807 1752 1872 Θεὸς

173 1901 236 1953 ἐν
257 1899 434 1968 μέσῳ
465 1913 604 1960 σου,
633 1898 732 1951 καὶ
765 1899 836 1950 οὐ
867 1897 1248 1966 σαλευθήσῃο
1287 1899 1500 1968 ﬁrmae
1539 1901 1647 1968 γὰρ
1685 1899 1750 1952 τὸ
1782 1878 1824 1931 Β

177 1991 467 2059 σκήνωμα
517 1989 704 2044 αὑτοῦ
741 1993 774 2042 ὁ
820 1991 1118 2057 Ὕψιστος.
1167 1991 1253 2043 Ἐν
1300 1992 1383 2044 σοὶ
1430 1991 1536 2062 γὰρ
1570 1991 1755 2062 διαθῆ-

176 2097 257 2132 και
287 2079 402 2148 (65)
447 2081 543 2132 καὶ
584 2078 916 2150 ὀρκωμοσίαι
964 2079 1096 2132 Θεοῦ
1157 2081 1290 2151 πρὸς
1339 2081 1464 2143 τοὺς
1511 2081 1753 2152 πατέρας

177 2170 347 2241 ἡμῶν,
381 2168 539 2232 τέλος
569 2167 948 2220 εὐκλεέστατον
994 2168 1256 2232 ἐδέξαντο·
1290 2169 1371 2222 ὅτι
1412 2168 1498 2222 διὰ
1545 2169 1636 2222 σοῦ
1661 2169 1752 2238 γέ-

174 2279 290 2328 γονε
321 2260 550 2333 Κύριος,
581 2262 608 2313 ὁ
648 2259 778 2322 Θεὸς
808 2260 914 2311 τῶν
946 2259 1224 2330 δυνάμεων
1267 2261 1384 2330 μεθ’
1423 2260 1600 2331 ἡμῶν.
1650 2260 1753 2313 Τὸν

180 2352 262 2403 σὺν
289 2349 778 2420 προδιαγράφουσα
804 2347 1074 2418 ϐεοπρεπῆ
1102 2350 1437 2420 χαρακτῆρα,
1473 2350 1602 2402 Θεὸν
1633 2348 1754 2417 ἐφε-

179 2458 260 2510 ρεν
291 2441 585 2509 ἁφὶὲκτως
627 2443 660 2510 ὴ
702 2438 971 2507 ἄψαυστος
1007 2439 1182 2509 βάτος,
1223 2441 1648 2510 ὲμφανιζόμενον
1677 2439 1752 2510 τῷ

180 2535 430 2603 προφήτῃ
489 2531 568 2593 ὡς
610 2531 870 2602 ὁραθῆναι
917 2530 1200 2601 ηὐδόκησε.
1249 2531 1571 2603 Στερέμνιος
1603 2532 1647 2584 δ’
1686 2529 1750 2586 αὖ

179 2624 266 2678 καὶ
292 2623 477 2696 πέτρα
517 2623 819 2694 ἀκρότομος
852 2623 947 2694 τὴν
981 2624 1315 2694 παγκόσμιον
1347 2625 1411 2676 ἐκ
1453 2623 1544 2676 σοῦ
1579 2624 1754 2695 πηγά-

183 2734 341 2770 σασαν
381 2716 548 2787 χάριν
590 2716 684 2768 καὶ
732 2715 986 2784 ἀνάψυξιν
1027 2714 1542 2786 προεξεικονίζουσα,
1578 2732 1754 2786 παρα-

182 2811 364 2881 μύθιον
417 2809 560 2880 ταμα
603 2809 902 2863 ἐκλείποντι
942 2809 1053 2880 λαῷ
1095 2810 1159 2862 ἐκ
1202 2809 1439 2877 λαγόνων
1485 2807 1661 2880 ξηρῶν
1695 2810 1752 2861 ὲν

179 2906 364 2974 ὲῄμῳ
390 2900 630 2971 δαψιλῶς
671 2904 998 2973 προήγαγεν.
1033 2903 1106 2954 Οὐ
1145 2901 1249 2973 μὴν
1277 2901 1333 2955 δὲ
1373 2899 1506 2954 ἀλλά
1539 2901 1632 2953 καὶ
1659 2899 1750 2954 τοῦ

180 2996 368 3064 ἱερέως
409 2996 443 3063 ἡ
473 2993 694 3064 ῥάϐδος,
735 2995 834 3046 οὐκ
871 2994 1123 3064 ἀδόκιμον
1169 2992 1442 3064 σύσσημον
1473 2992 1581 3064 (66)
1615 3010 1752 3064 παρ-

176 3088 370 3156 έσχετο
398 3086 495 3155 τῆς
526 3085 836 3157 ὑπερφυοῦς
866 3102 956 3138 σου
985 3086 1216 3154 λοχείας,
1243 3083 1588 3157 ἀγεώργητον
1621 3101 1753 3156 καρ-

176 3179 277 3231 πὸν
316 3177 680 3247 ἐξανθήσασα,
716 3176 984 3247 ίερατείας
1016 3173 1316 3244 ἐνδελεχοῦς
1348 3174 1656 3245 ἀρραϐῶνα.
1687 3175 1750 3226 Τί

173 3271 257 3331 ea;
291 3269 387 3323 καὶ
414 3271 446 3322 ὁ
477 3269 653 3339 μέγας
683 3269 918 3338 Μωῦσῆς
960 3269 1018 3320 οὐ
1068 3268 1259 3339 κομιδῆ
1308 3267 1635 3338 παρέστησε,
1665 3266 1750 3320 διὰ
1780 3249 1819 3302 C

174 3363 294 3423 τοὺς
323 3360 459 3432 περὶ
489 3361 550 3412 σὲ
573 3359 1043 3430 δυσκαταλήπτους
1065 3359 1267 3421 τύπους
1299 3358 1604 3431 ὲγχρονίσαι
1641 3358 1749 3428 (67)

175 3454 245 3524 τῷ
274 3453 394 3522 ὄρει
431 3452 574 3520 ἔγνω
611 3450 682 3503 τὰ
712 3451 840 3521 περὶ
871 3450 970 3520 τῆς
1002 3450 1170 3519 ἁγνῆς
1207 3449 1610 3502 ἐκδιδάσκεσθαι
1653 3467 1752 3518 μυ-

179 3549 404 3617 στηρια;
452 3543 627 3615 Πῆξαι
677 3542 784 3613 γάρ
836 3542 974 3595 κατά
1012 3541 1272 3614 σύμϐολον
1331 3543 1423 3594 καὶ
1473 3542 1608 3612 πρὸς
1651 3542 1753 3609 ἀφ·

174 3639 434 3708 ομοίωσιν
468 3635 703 3689 κιϐωτδν
739 3635 832 3688 καὶ
866 3633 1064 3703 ταύτην
1114 3633 1484 3704 προσταχθεὶς,
1519 3634 1579 3686 οὐ
1611 3649 1750 3705 παρ-

177 3731 350 3799 έργως
378 3730 657 3799 ἐχρήσατο
683 3729 789 3790 τοῖς
829 3726 1328 3796 προστεταγμένοις,
1358 3727 1404 3777 εἰ
1453 3725 1546 3778 καὶ
1587 3742 1752 3796 τραγ-

173 3821 458 3893 ῳδούμενα
479 3837 546 3872 συ
553 3817 824 3889 μϐἐϐηκεν
844 3818 932 3870 ἐπὶ
950 3820 1013 3888 τῇ
1039 3817 1351 3882 καταϐάσει,
1368 3817 1482 3871 ἀλλ’
1497 3819 1577 3880 είς
1595 3817 1753 3869 πέντε

173 3917 343 3986 ἡμίση
380 3915 584 3983 πήχεις
616 3911 817 3982 ταύτην
839 3911 1173 3975 συντελέσας,
1191 3910 1469 3981 νομοδόχον
1497 3909 1752 3973 ἀνέδειξε,

172 4010 280 4069 τῶς
323 4004 599 4076 χερουϐὶμ
634 4002 1176 4072 συγκαλυπτομένην·
1221 3999 1662 4071 ὲκφαντικώτατά
1696 4017 1752 4053 σε

173 4101 267 4168 τὴν
292 4099 565 4151 Θεοτόκον
599 4095 1092 4166 προσημαίνουσαν,
1120 4094 1214 4164 τὴν
1240 4094 1486 4164 ἁφθὸρως
1516 4095 1752 4163 ἐγκυμο-

172 4193 444 4260 νὴσασαν,
468 4190 566 4242 καὶ
593 4187 884 4257 ἀφράστως
903 4187 1287 4257 άποκυήσασαν
1309 4185 1404 4256 τὴν
1427 4187 1520 4254 τῆς
1547 4185 1754 4258 ἀφθαρ-

175 4284 291 4345 σίας
328 4282 598 4334 σύστασιν
638 4280 729 4332 ἐπὶ
757 4279 896 4332 τέλει
921 4278 1024 4331 τῶν
1067 4278 1224 4332 πέντε
1256 4279 1494 4348 ἡμίσεως
1526 4277 1619 4330 τοῦ
1663 4277 1754 4330 κό-

171 4391 307 4443 σμου
356 4374 602 4427 κύκλων.
652 4372 751 4424 Διὰ
783 4373 861 4434 σὲ,
897 4374 989 4424 καὶ
1016 4372 1110 4442 τὴν
1143 4374 1205 4423 ὲκ
1238 4370 1328 4423 σοῦ
1360 4370 1622 4440 ἄχραντον
1658 4369 1752 4422 τοῦ

1850 615 2008 685 cujus
2029 617 2172 671 enim
2207 631 2342 687 opus
2371 631 2479 670 non
2507 615 2803 669 humanum
2829 622 2913 671 est
2932 654 2946 679 ,
2994 615 3113 684 ejus
3143 627 3192 672 et
3219 618 3402 674 lauda-

1849 709 1994 761 datio
2019 707 2229 762 excedit
2253 707 2546 761 hominem.
2572 705 2930 773 Quamobrem
2956 709 3292 776 paupertatis
3317 709 3404 764 hic

1849 813 1980 851 mea;
2004 797 2413 862 obscuritatem,
2458 798 2564 852 tuis
2592 811 2622 850 a
2657 793 2860 866 Spiritu
2895 795 3188 853 honoribus
3215 798 3402 854 donis-

1851 908 1953 961 que
1997 891 2319 946 illustrabo:
2363 899 2561 959 tuaque
2605 887 2698 941 tibi
2751 885 2981 942 oﬂerens
3016 903 3046 942 e
3077 890 3245 955 pratis
3303 890 3406 945 im-

1853 985 2188 1047 mortalibus,
2211 991 2360 1037 tuum
2383 996 2596 1038 sacrum
2626 986 2679 1035 et
2706 994 2734 1032 a
2766 979 2874 1034 Deo
2897 989 3212 1034 coronatum
3244 990 3406 1051 caput

1850 1076 2157 1131 dilaudabo.
2186 1073 2383 1129 Patriis
2402 1082 2454 1130 te
2473 1071 2722 1137 canticis,
2740 1069 2874 1124 Filia
2906 1071 3096 1138 David,
3133 1071 3407 1143 Materque

1852 1169 2063 1224 Domini
2100 1176 2153 1222 et
2186 1166 2279 1222 Dei
2318 1165 2503 1228 David,
2533 1165 2799 1220 salutabo.
2829 1163 3007 1234 Turpe
3049 1165 3192 1219 enim
3222 1164 3403 1230 fuerit,

1851 1261 2091 1330 adeoque
2121 1258 2540 1328 inauSpicatum,
2571 1263 2630 1309 ut
2657 1256 2848 1311 alienis
2877 1257 3110 1317 orncris.
3137 1272 3257 1326 quae
3280 1273 3406 1327 pro-

1852 1351 1966 1419 pria
1987 1348 2157 1419 gloria
2183 1347 2478 1416 prazcellas.
2509 1346 2708 1414 Accipe
2756 1346 2955 1417 igitur,
2993 1346 3404 1417 benignissima,

1850 1438 1989 1492 dona
2021 1439 2276 1507 pretiosa,
2304 1437 2511 1506 tibique
2540 1436 2631 1490 uni
2665 1437 3040 1492 convenientia
3067 1479 3082 1504 ,
3135 1454 3167 1492 ο
3196 1440 3409 1494 cunctis

1851 1532 2048 1586 celsior
2070 1530 2532 1600 generationibus,
2556 1546 2783 1599 quaeque
2825 1530 2964 1583 inter
2993 1539 3173 1585 creata
3203 1532 3405 1596 omnia,

1853 1631 1966 1677 tum
1997 1623 2251 1685 visibilia,
2289 1631 2398 1674 tum
2452 1621 2766 1683 invisibilia,
2800 1623 2985 1677 multis
3019 1624 3260 1680 numeris
3307 1624 3410 1677 ho—

1852 1713 2150 1768 norabilior
2173 1712 2437 1768 enituisti.
2473 1711 2620 1768 Felix
2666 1713 2820 1768 radix
2859 1712 3032 1776 Jcsse,
3063 1723 3114 1768 ct
3145 1723 3227 1770 ter
3255 1715 3409 1770 beata

1852 1806 2046 1860 domus
2068 1803 2234 1859 David
2282 1804 2336 1858 in
2364 1820 2470 1874 qua
2494 1805 2828 1875 germinasti.
2857 1805 2994 1860 Deus
3028 1807 3078 1859 in
3109 1809 3274 1862 medio
3303 1810 3409 1874 tati,

1851 1905 1900 1952 et
1927 1915 2028 1951 non
2051 1896 2446 1951 commoveberia
2475 1913 2493 1950 :
2523 1898 2866 1965 sanctiﬁcavit
2895 1899 3029 1952 enim
3067 1909 3133 1963 te,
3167 1899 3410 1954 taberna-

1852 1987 2027 2041 culum
2055 2003 2227 2054 suum,
2254 1987 2552 2041 Altissimus
2580 1988 2626 2019 ⁷³
2655 2006 2670 2040 :
2703 1987 2759 2041 in
2788 1996 2840 2042 te
2861 1988 3003 2042 enim
3028 1986 3117 2042 Dei
3140 1987 3206 2042 ad
3233 1996 3412 2058 patres

1852 2086 2170 2134 testamenta
2194 2080 2608 2150 juramentaque
2647 2079 2804 2135 ﬁnem
2835 2079 3286 2150 gloriosissimum
3316 2096 3409 2134 ac-

1852 2182 2138 2241 ceperunt;
2169 2174 2293 2241 quia
2330 2187 2424 2243 per
2464 2180 2516 2227 te
2574 2172 2834 2227 Dominus
2866 2173 3041 2228 factus
3093 2181 3213 2238 est,
3269 2172 3411 2228 Deus

1851 2265 2114 2319 virtutum
2144 2264 2447 2319 nobiscum.
2503 2261 2690 2318 Bubus
2724 2264 2811 2317 ille
2861 2264 3096 2318 intactus
3122 2264 3190 2327 ⁷⁸,
3227 2264 3411 2319 divina

1852 2355 2082 2425 quadam
2112 2355 2394 2424 majestate
2416 2356 2628 2424 plenam
2658 2354 2770 2424 jam
2804 2362 2916 2408 tum
2941 2355 3240 2412 informans
3264 2364 3410 2411 tuam

1855 2446 2100 2514 ﬁguram,
2130 2444 2298 2500 Deum
2359 2443 2636 2515 propheta:
2690 2453 3054 2513 apparentem,
3083 2443 3238 2523 juxta
3266 2443 3412 2513 quod

1853 2539 1899 2591 ei
1947 2537 2276 2606 conspicuus
2332 2536 2447 2590 ﬁeri
2495 2536 2700 2600 voluit,
2752 2536 3126 2591 incombustus
3183 2534 3410 2595 ferebat.

1855 2629 1995 2683 Dura
2043 2637 2222 2683 autem
2249 2643 2441 2683 rursus
2467 2642 2530 2681 ac
2559 2637 2830 2697 praerupta
2859 2638 3028 2698 petra,
3060 2626 3202 2698 quod
3249 2643 3313 2683 ex
3361 2638 3412 2682 te

1855 2721 1908 2773 in
1937 2720 2247 2774 universum
2273 2720 2458 2774 orbem
2500 2719 2689 2789 gratia:
2738 2735 2936 2774 munus
2969 2720 3412 2790 refrigeratioquc

1854 2811 2223 2881 promanavit,
2268 2818 2321 2865 et
2349 2811 2465 2880 ipsa
2498 2809 2768 2880 quondam
2803 2812 3109 2882 exprimens
3164 2811 3412 2881 praaﬁgu-

1853 2919 2106 2975 ransque,
2149 2903 2420 2958 deﬁcienti
2476 2903 2530 2957 in
2584 2902 2835 2968 deserto,
2890 2904 3085 2973 pOpulo
3130 2903 3409 2972 cepiosum

1853 2996 2111 3050 auxilium
2143 3012 2209 3051 ex
2239 2996 2477 3051 hiatibus
2520 2997 2680 3051 siccis
2715 2995 2967 3066 produxit
3003 2998 3067 3050 ⁷³.
3110 2993 3214 3050 Sed
3244 3004 3297 3049 et
3324 3012 3412 3048 sa-

1852 3086 2087 3142 cerdotis
2110 3085 2262 3157 virga
2292 3086 2358 3148 ",
2393 3085 2448 3138 in
2494 3083 2728 3138 fructum
2772 3084 2888 3138 sine
2927 3084 3159 3144 cultura,
3186 3090 3409 3151 sponta-

1855 3193 2124 3248 neumquc
2176 3176 2464 3232 sacerdotii
2522 3175 2778 3244 perennis
2824 3173 3181 3228 arrhabonem
3209 3214 3224 3239 ,
3265 3170 3411 3225 cillo-

1855 3287 1980 3328 rens
2009 3272 2077 3333 ",
2104 3270 2238 3324 nihil
2293 3267 2581 3338 reprobum
2614 3266 2796 3321 eximii
2831 3266 2906 3320 tui
2961 3273 3148 3335 pa‘rtus
3193 3263 3412 3334 symbo-

1859 3365 1966 3418 lum
2001 3364 2246 3434 prazbuit.
2282 3362 2418 3428 Quid
2448 3359 2617 3416 vero?
2647 3358 2836 3414 Nonne
2887 3373 3113 3428 magnus
3144 3357 3233 3411 ille
3260 3355 3408 3426 Moy-

1860 3472 1947 3512 ses
2003 3456 2143 3511 idem
2166 3455 2468 3510 luculenter
2488 3452 2802 3514 declaravit,
2823 3460 3038 3520 propter
3069 3450 3141 3503 tui
3167 3448 3410 3502 ditliciles

1860 3549 2135 3603 intellectu
2194 3547 2430 3618 ﬁguras,
2481 3544 2686 3599 diutius
2728 3544 2781 3596 in
2830 3549 3062 3595 montem
3110 3554 3410 3594 commora-

1861 3649 1947 3696 tus
1972 3640 2038 3703 ⁷⁸,
2065 3647 2122 3693 ut
2154 3639 2334 3708 ignota
2359 3645 2450 3691 tua
2473 3645 2832 3698 sacramenta,
2859 3649 2891 3688 o
2918 3641 3088 3696 casta,
3117 3632 3412 3689 edisceret?

1858 3731 1915 3785 ln
1951 3731 2028 3785 rei
2049 3731 2191 3785 enim
2214 3730 2376 3799 hujus
2399 3730 2632 3799 signum,
2659 3736 2712 3783 et
2741 3727 2806 3780 ad
2832 3724 3234 3796 exprimendam
3267 3723 3412 3778 simi-

1861 3821 2160 3884 litudinem,
2187 3821 2375 3890 jussus
2419 3820 2684 3874 fabricare
2727 3831 2929 3882 arcam,
2959 3829 3066 3869 non
3107 3814 3283 3869 obiter
3315 3829 3414 3867 ne-

1859 3912 2191 3982 glectiusque
2220 3912 2486 3966 mandatis
2523 3908 2910 3979 obtemperavit
2936 3926 2948 3960 :
2982 3921 3290 3976 quanquam
3320 3919 3412 3959 ac-

1858 4001 2104 4055 ciderunt
2135 4001 2338 4072 tragica
2371 4001 2615 4071 quadam
2645 4001 2699 4054 in
2741 4003 3007 4054 descensu
3044 4013 3073 4050 a
3115 3996 3361 4051 monte"
3394 4015 3406 4049 :

1857 4095 1947 4149 sed
1977 4095 2216 4164 quinque
2242 4095 2548 4150 cubitorum
2578 4101 2631 4148 et
2659 4091 2863 4147 dimidii
2892 4082 3216 4151 confectam,
3240 4087 3406 4149 illam,

1853 4187 1985 4257 legis
2035 4187 2417 4256 susceptrieem
2439 4227 2453 4251 ,
2490 4184 2795 4241 cherubicis
2827 4184 2926 4236 alis
2988 4180 3267 4252 cooperuit
3297 4197 3309 4232 :
3361 4187 3412 4232 te

1857 4279 2135 4348 Deiparam
2161 4279 2503 4348 apertissime
2536 4277 2946 4348 praesignantem
2971 4316 2987 4340 ,
3018 4289 3136 4343 quae
3159 4272 3277 4328 sine
3295 4285 3413 4324 cor-

1854 4372 2105 4441 ruptione
2144 4385 2266 4425 eum
2324 4369 2654 4439 concepisti,
2715 4365 3170 4433 ineuarrabilique
3203 4362 3410 4415 ratione

167 4467 504 4533 ΘεοῦΛόγου
539 4465 833 4534 σάρκωσιν,
864 4465 959 4535 τὴν
1005 4466 1082 4527 εἰς
1125 4464 1208 4516 ἀεὶ
1249 4463 1530 4534 ἀτρέπτως
1557 4479 1616 4514 τε
1662 4463 1752 4515 καὶ

1855 4463 2130 4533 peperisti,
2159 4462 2250 4531 qui
2276 4461 2390 4531 ipse
2413 4459 2839 4528 incorruptionis
2859 4457 3005 4512 velut
3030 4453 3306 4510 concretio
3328 4460 3412 4506 est

168 4559 491 4628 ἀμερίστως
521 4559 578 4609 ὲν
611 4555 760 4626 αὐτῷ
789 4555 1160 4626 διαμένουσαν,
1191 4555 1282 4608 καὶ
1310 4558 1342 4624 ἡ
1382 4554 1552 4624 χρυσῆ
1586 4553 1754 4623 στάμ-

236 4713 282 4741 τ³
329 4710 494 4766 Ρεαι.
537 4725 680 4776 va,
720 4711 782 4773 6,
825 4712 876 4765 5.
952 4712 998 4744 "
1041 4710 1210 4764 Exod.
1276 4727 1374 4772 ιιι,
1425 4709 1476 4764 2.

163 4781 206 4811 τι
247 4782 439 4834 εποά.
484 4800 588 4837 xxv
614 4823 628 4847 ,
668 4784 720 4837 8,
797 4782 841 4812 ⁷³
881 4781 1050 4835 Exod.
1088 4797 1270 4841 XXXII,
1310 4781 1361 4836 1.

231 4896 358 4963 (64)
405 4895 508 4946 Ἑν
533 4887 582 4960 ᾧ
607 4892 1004 4963 ἐϐλάστησας.
1039 4892 1103 4946 1η
1124 4909 1246 4963 qua,
1279 4893 1658 4963 quodspectat
1679 4893 1742 4946 ad

164 4960 374 5018 lineam
407 4964 825 5026 sacerdotalem,
853 4967 904 5016 in
928 4960 1144 5016 Nathan'
1161 4963 1252 5030 qui
1281 4962 1378 5016 fuit
1400 4960 1540 5016 Uria:
1565 4978 1746 5017 sacer~

162 5036 311 5088 dotis
345 5034 524 5096 ﬁlius,
572 5033 752 5088 domui
788 5041 841 5086 et
877 5033 1090 5101 familia:
1129 5031 1295 5086 David
1339 5032 1624 5101 adoptione
1659 5033 1746 5086 in-

161 5115 418 5166 sertam;
455 5118 512 5156 ex
545 5119 654 5173 quo
694 5103 952 5156 Dominus
984 5100 1161 5173 Iesus.
1193 5111 1354 5172 atque
1387 5100 1520 5157 adeo
1555 5103 1743 5162 Maria.

161 5176 452 5244 legaliter.
485 5171 638 5241 juita
682 5183 996 5244 contextam
1031 5188 1061 5226 a
1099 5171 1460 5244 Lucajpsius
1499 5173 1744 5241 genealo-

161 5261 189 5312 ε
212 5241 333 5297 am.
383 5242 544 5308 Quod
580 5253 757 5297 autem
790 5243 856 5296 ad
889 5243 1088 5311 regiam
1127 5258 1220 5310 per
1252 5241 1614 5308 Salomonem,
1649 5257 1748 5312 po-

160 5311 295 5378 tius,
333 5330 410 5367 ea:
435 5330 569 5383 qua;
594 5315 880 5368 carnaliter
904 5322 1190 5381 propagata
1207 5313 1324 5381 ejus
1356 5327 1518 5365 carne
1547 5327 1611 5365 ex
1644 5311 1746 5364 Da-

157 5385 308 5440 vide.
355 5384 521 5452 juxta
563 5383 792 5437 Matthaai
823 5384 1102 5437 historiam
1135 5400 1149 5436 :
1178 5399 1336 5452 quem
1371 5383 1587 5436 modum
1611 5396 1745 5435 con-

160 5455 399 5512 cordiae.
434 5451 815 5523 Hieronymus,
849 5451 1210 5521 Augustinus,
1242 5463 1369 5523 ete.,
1419 5459 1746 5520 acceperunt

160 5524 227 5576 ab
257 5523 581 5592 Africano:
621 5522 725 5592 qua
759 5524 825 5577 de
864 5540 921 5578 re
954 5523 1236 5584 Baronius,
1273 5522 1594 5592 Torniellus,
1636 5531 1743 5577 etc.

158 5593 342 5656 Quam
381 5591 723 5664 Nicephorus
753 5609 816 5647 ex
848 5592 1131 5663 Hippolyto
1152 5600 1384 5663 martyre.
1407 5591 1556 5646 all'ert
1578 5592 1744 5646 Amne

158 5664 556 5733 genealogiam
590 5679 655 5717 ex
700 5672 851 5732 patre
887 5665 1185 5725 sacerdote,
1230 5664 1519 5733 etpassim
1566 5665 1745 5715 verior

160 5732 437 5803 habetur,
471 5733 633 5787 habet
655 5735 813 5788 etiam
841 5741 1179 5801 per-vetustus
1207 5732 1384 5803 regius
1410 5733 1602 5792 codex,
1634 5733 1745 5800 plu-

162 5805 324 5858 rimis
357 5802 600 5860 diversis
628 5804 947 5860 tractatibus
974 5819 1070 5860 seu
1094 5804 1252 5859 etiam
1275 5802 1549 5873 ’esccrptis
1581 5803 1742 5857 inl'er-

1569 4709 1612 4739 ⁷⁸
1654 4707 1826 4763 Exod.
1878 4724 1986 4762 xvu
2013 4749 2027 4774 ,
2070 4709 2120 4761 6.

1858 4561 1910 4607 et
1933 4553 2316 4618 consistentia;
2371 4551 2531 4621 idque
2575 4552 2629 4604 in
2675 4550 2778 4604 ﬁne
2817 4549 3056 4618 quinque
3108 4555 3159 4600 et
3200 4543 3408 4599 dimidii

2233 4708 2279 4738 ⁷⁸
2334 4704 2499 4758 Num.
2557 4721 2699 4769 xvu,
2740 4704 2807 4774 {8.
2885 4704 2928 4734 ⁷⁷
2968 4701 3129 4756 Hebr.
3190 4717 3287 4761 ιιι.
3353 4700 3405 4754 4.

1847 4893 2010 4955 citus,
2045 4891 2228 4961 ignoto
2262 4889 2580 4955 collectore;
2620 4888 2893 4958 antiquior
2925 4886 3063 4942 forte
3103 4887 3220 4954 ipso
3253 4882 3412 4937 Nice-

1887 4963 2037 5017 horo.

1849 4979 2037 5102 ρυῗᾶἕί
2063 5029 2480 5102 Διαθῆκαι.-8ὶο
2497 5028 2700 5102 passim
2725 5030 3045 5102 interpretes
3074 5038 3245 5102 sacra;
3256 5020 3412 5101 ~Scri-

1850 5091 2040 5171 pturaz',
2093 5091 2316 5172 ipseque
2356 5091 2555 5172 Paulus
2605 5099 2670 5152 ad
2699 5091 2912 5172 “Hebri,
2969 5112 3073 5151 non
3121 5091 3406 5172 συχθῇκαιο

1850 5161 2037 5240 ῥυσια,
2077 5161 2294 5241 fédefa,
2342 5171 2484 5239 quod
2521 5177 2657 5241 teste
2696 5169 3020 5240 Hieronymo
3051 5181 3152 5241 vox
3185 5161 3410 5215 Hebraea

1853 5236 2261 5311 videtur'magis
2283 5236 2491 5296 Vlia—bere
2527 5256 2538 5291 :
2575 5240 2732 5308 cujus
2764 5241 2841 5294 rei
2870 5236 3187 5309 mysterium
3218 5243 3410 5302 prose-
3441 5245 3467 5309 ιι

1851 5321 2091 5383 quimtur
2120 5311 2360 5383 ejusdem
2389 5312 2537 5364 Pauli
2563 5311 2918 5383 expositores.
3203 5372 3215 5383 .

1922 5382 2034 5451 (66)
2060 5385 2178 5453 Οὐκ
2198 5380 2838 5453 ἀδόκιμονίοξύσσημον,
2857 5380 3153 5453 Commune
3173 5380 3410 5453 signum.

1850 5437 1993 5520 quod
2018 5437 2292 5522 [praecipue
2326 5437 2648 5522 aimilitibus
2676 5437 2948 5522 statuitur,
2976 5447 3063 5500 cui
3094 5437 3414 5522 optimenad-

1845 5509 2046 5592 jcetum
2092 5509 2339 5596 quadrat.
2378 5520 2658 5582 Pantinus.
2702 5537 2803 5596 uon
2842 5509 3414 5596 obscurum—siguiﬁiq-

1852 5583 2059 5655 tionem,
2089 5583 2230 5662 quod
2260 5601 2403 5645 certe
2427 5606 2644 5662 sensum
2673 5592 2836 5644 altum
2861 5583 3410 5662 auctorisohseuraut.

1922 5646 2466 5733 (67)”έγκρονίσαι.
2504 5660 2661 5717 Forte
2693 5660 3029 5733 ὲγχρονίσας.
3066 5652 3132 5706 Et
3195 5664 3316 5702 mox
3348 5646 3410 5703 ἄη

1849 5731 2059 5800 γνωστα
2085 5749 2181 5803 pro
2209 5731 2364 5798 ἔγνω.
