4010 6328
517 391 613 451 571

1428 396 1485 456 S.
1525 395 1852 454 METIlODIl
1893 392 2201 456 EPlSCOPI
2245 395 2330 454 ET
2373 395 2730 454 MARTYRIS

3637 396 3754 455 373

517 513 849 569 circulorum
887 512 1092 568 mundi.
1122 509 1347 585 Propter
1381 521 1455 581 te,
1485 531 1548 571 ac
1579 519 1952 572 intemeratam
1987 514 2081 570 Dei

2196 535 2292 581 νος,
2327 518 2402 581 ὡς
2428 517 2594 581 τύπος
2621 514 3030 586 ἀψευδέστατος,
3059 516 3119 568 τὸ
3150 515 3283 588 πρὸς
3314 514 3524 588 ἡμέραν
3551 515 3750 584 τρεπό-

517 605 683 663 Verbi
708 623 774 662 ex
819 613 872 661 te
903 615 1238 677 assumptam
1279 624 1520 673 carnem,
1554 609 1964 664 immutabiliter
1992 610 2080 662 in-

519 697 798 768 divisaque
827 698 880 751 in
900 698 1017 768 ipso
1040 698 1096 752 in
1126 708 1443 770 perpetuum
1474 707 1876 768 permanentem
1901 719 1914 762 ;
1949 716 2084 755 urna

521 789 609 843 illa
644 804 806 844 aurea
845 789 925 852 ⁸ο,
966 798 1218 859 tanquam
1255 793 1595 847 certissimus
1639 799 1818 862 typus,
1853 807 2081 858 manna,

521 881 665 952 quod
697 882 897 952 alioqui
945 897 1041 952 per
1085 883 1226 936 diem
1277 883 1674 946 iuvertebatur,
1723 884 1777 937 in
1815 900 1874 939 se
1928 885 2082 954 ipsa,

520 972 741 1027 minime
775 980 1076 1035 mutatum,
1125 972 1218 1027 sed
1269 973 1395 1029 totis
1448 975 1658 1030 saeculis
1722 991 2082 1044 permanens,

520 1065 904 1119 conservabat.
945 1063 1074 1119 Tua:
1114 1065 1276 1120 etiam
1312 1068 1578 1123 castitatis
1621 1069 1881 1137 praescius
1924 1075 2086 1138 atque

523 1155 762 1210 imitator
797 1156 848 1210 in
885 1157 1076 1226 spiritu
1130 1153 1274 1211 Elias
1335 1158 1595 1228 propheta
1643 1158 1721 1222 ει,
1761 1158 1884 1212 vitae
1940 1159 2086 1215 illius

521 1247 762 1319 igniferae
813 1248 914 1303 sibi
942 1247 1207 1302 redimivit
1235 1263 1490 1303 coronam
1517 1250 1592 1316 ⁸⁸,
1618 1249 1883 1305 hactenus
1904 1251 2089 1305 divino

524 1338 782 1410 suffragio
833 1339 1138 1394 declaratus
1184 1347 1359 1395 morte
1387 1340 1652 1411 superior.
1691 1339 1768 1396 Te
1815 1340 2090 1396 nihilomi-

523 1448 627 1487 nus
651 1432 769 1501 ejus
795 1448 1080 1488 successor
1115 1431 1338 1488 Elisaeus
1369 1433 1435 1498 ⁸³,
1469 1432 1716 1487 initiante
1754 1432 2087 1504 docenteque

524 1525 770 1595 sapiente
791 1526 1075 1595 magistro,
1100 1539 1200 1580 ceu
1233 1541 1472 1596 praesens
1499 1525 1720 1581 adesses
1744 1565 1760 1590 ,
1802 1541 1922 1596 qua:
1961 1541 2089 1581 nec-

523 1614 652 1669 dum
681 1631 826 1680 eras,
856 1616 1243 1687 praziigurans;
1270 1617 1436 1673 certis
1470 1634 1652 1674 rerum
1697 1635 1816 1690 qua:
1850 1633 1973 1672 vere
2008 1633 2088 1673 es-

523 1716 647 1763 sent
683 1707 877 1764 futura:
910 1709 1181 1766 indicibus
1213 1709 1406 1781 signis,
1432 1711 1692 1764 auxilium
1737 1709 2090 1765 medicinam—

523 1814 630 1870 que
677 1799 1079 1870 indigentibus,
1125 1801 1318 1871 majori
1358 1817 1523 1872 supra
1567 1814 1821 1859 naturam
1849 1801 2083 1862 virtute,

2191 627 2347 679 μενον
2387 611 2480 662 καὶ
2519 607 2891 679 ἀλλοιούμενον
2923 609 3116 680 μάννα,
3148 609 3412 678 ἄτρεπτον
3444 605 3537 660 καὶ
3575 606 3758 660 διαιω-

2185 700 2327 766 νίζον
2354 700 2496 754 ἔνδον
2527 701 2695 770 αὐτῆς
2721 700 3053 768 διεφύλαττε.
3085 700 3196 770 Τῆς
3225 700 3320 770 σῆς
3348 697 3570 768 ἁγνείας
3600 700 3696 752 καὶ
3726 699 3756 750 ὁ

2184 795 2465 864 προφήτης
2503 792 2687 856 Ἠλίας
2729 790 3034 863 προθεωρὸς
3079 791 3173 844 καὶ
3212 790 3454 862 ζηλωτὴς
3498 791 3760 860 ὑπάρχων

2183 887 2269 941 διὰ
2307 887 2400 940 τοῦ
2447 884 2776 955 Πνεύματος,
2824 884 3102 955 πυρφόρου
3151 883 3420 946 πολιτείας
3465 883 3763 952 ἀνεδήσατο

2187 974 2464 1042 στέφανον,
2505 973 2765 1044 κρείττων
2807 973 3028 1026 θανάτου
3070 971 3396 1042 ἀναδειχθεὶς
3435 970 3556 1042 θείᾳ
3593 971 3763 1043 ψήφῳ

2185 1066 2310 1137 ἄχρι
2337 1067 2434 1137 τῆς
2466 1066 2639 1138 δεῦρο.
2678 1067 2744 1118 Σὲ
2786 1067 2876 1119 καὶ
2899 1066 2926 1117 ό
2960 1065 3148 1118 τούτου
3180 1064 3417 1135 διάδοχος
3463 1064 3766 1130 Ἐλισσαῖος

2187 1156 2335 1227 παρά
2388 1156 2550 1224 σοφοῦ
2594 1155 2910 1218 διδασκάλου
2950 1153 3195 1224 μυηθεὶς,
3232 1154 3327 1205 καὶ
3367 1152 3442 1216 ὼς
3483 1152 3768 1224 παροῦσαν

2184 1249 2281 1320 τὴν
2330 1250 2494 1319 μήπω
2535 1244 2697 1301 οὖσαν
2748 1246 3142 1319 προδιατυπῶν,
3183 1245 3472 1316 ὑπερφυῶς
3516 1247 3624 1308 τοῖς
3677 1263 3768 1296 τε-

2186 1340 2441 1411 κμηρίοις
2470 1338 2577 1392 τῶν
2615 1339 2880 1410 ἀληθινῶν
2907 1338 3003 1401 τὰς
3037 1337 3356 1408 ἐπικουρίας
3393 1334 3624 1390 ὲποιεῖτο
3655 1335 3769 1387 τῶν

2186 1431 2479 1508 δεομένων⁹
2519 1431 2594 1502 πῆ
2627 1433 2724 1502 μὲν
2753 1431 2817 1484 δι’
2847 1431 3032 1503 ὑδρίας
3060 1431 3273 1500 καινῆς,
3306 1433 3400 1484 καὶ
3427 1430 3552 1492 τοὺς
3582 1431 3769 1483 νοστί-

2191 1539 2321 1594 μους
2353 1523 2580 1595 ἐχούσης
2611 1523 2763 1588 ἀλας,
2792 1523 2861 1576 τά
2887 1523 3186 1594 φθοροποιά
3211 1522 3377 1576 ὐδατα
3410 1523 3655 1593 ἰώμενος,
3685 1525 3770 1586 είς

2188 1616 2408 1684 ἔνδειξιν
2451 1616 2542 1670 τοῦ
2578 1616 2971 1688 ἀνασφήλοντος
3008 1614 3118 1687 (68)
3159 1615 3363 1686 κόσμου
3400 1613 3486 1666 διὰ
3527 1613 3622 1667 τοῦ
3671 1614 3770 1666 ἐπὶ

2189 1709 2270 1760 σοὶ
2306 1707 2630 1778 μυστηρίου·
2668 1708 2742 1779 πῆ
2771 1707 2828 1760 δὲ
2860 1704 3075 1778 ἀλεύρῳ
3103 1705 3315 1776 ἀζύμῳ,
3345 1704 3561 1774 λοχείας
3593 1704 3769 1756 ἀσπό-

2190 1813 2284 1870 ρου
2321 1799 2613 1870 ἀντιτύπῳ,
2647 1797 2874 1852 θανάτου
2908 1798 3131 1869 πικρίαν
3161 1796 3498 1850 ἀναστέλλων
3527 1795 3633 1848 ἀπὸ
3655 1794 3771 1847 τῶν

524 1891 855 1948 adhibebat:
893 1908 1040 1948 nunc
1084 1894 1300 1963 quidem
1347 1910 1444 1964 per
1489 1909 1681 1973 novam
1734 1892 1979 1966 hydriam
2011 1892 2086 1958 ⁸⁵,

2196 1888 2459 1960 ἐδωδίμων
2480 1904 2495 1922 °
2525 1890 2709 1945 άλλοτε
2749 1890 2805 1943 δὲ
2837 1893 2949 1954 τοῖς
2993 1889 3292 1961 ὐπερφυέσι
3325 1888 3392 1941 τά
3429 1886 3571 1940 κατά
3603 1886 3770 1954 φύσιν

525 1984 711 2053 salque
739 1985 974 2039 salutare
1016 1985 1069 2038 in
1106 2000 1165 2040 se
1214 1985 1610 2050 continentem,
1643 2001 1811 2056 aquas
1842 1984 2091 2041 exitiales

526 2091 728 2131 sanans
759 2094 772 2130 :
810 2075 878 2130 ad
914 2077 1328 2144 ostendendum,
1359 2094 1482 2134 esse
1520 2081 1872 2134 recreandum
1924 2092 2085 2131 mun-

523 2166 675 2230 dum,
701 2182 799 2236 per
829 2175 1226 2221 sacramentum
1251 2167 1303 2220 in
1332 2175 1384 2222 te
1412 2167 1714 2223 exhibitum
1745 2186 1756 2221 :
1794 2165 1956 2221 modo
1991 2180 2089 2219 au-

524 2274 665 2324 tem,
711 2256 886 2313 farina
935 2273 1118 2329 azyma
1156 2260 1238 2323 ⁸³,
1287 2267 1474 2328 partus
1525 2258 1601 2312 tui
1661 2266 1780 2314 satu
1832 2257 2089 2311 immunis

526 2357 655 2422 typo
693 2350 1052 2421 respondente
1073 2390 1088 2414 ,
1126 2353 1318 2405 mortis
1349 2351 1700 2406 acerbitatem
1731 2366 1761 2404 a
1793 2349 1929 2404 cibis
1963 2363 2090 2420 pro-

525 2441 720 2514 ﬂigans
779 2464 790 2499 :

2195 1981 2498 2053 ὑπερνικῶν
2529 1983 2586 2036 ὲν
2609 1981 2686 2053 τῷ
2725 1983 2982 2056 Ἰορδάνῃ,
3010 1981 3101 2036 καὶ⁵
3125 1980 3212 2034 διὰ
3237 1980 3438 2034 τούτων
3471 1980 3568 2051 τὴν
3597 1981 3772 2034 κατά-

2191 2076 2338 2130 δυσιν
2388 2075 2479 2129 τοῦ
2534 2078 2736 2148 Κυρίου
2787 2077 2941 2148 ἡμῶν
2994 2079 3070 2140 είς
3112 2077 3280 2149 ᾅδην,
3323 2077 3416 2131 καὶ⁵
3463 2076 3771 2147 παράδοξον

2192 2169 2486 2241 ἀνάρρυσιν
2519 2167 2627 2223 τῶν
2657 2170 2714 2222 ὲν
2746 2169 2918 2242 φθορᾷ
2969 2169 3344 2240 κατεχομένων
3402 2166 3769 2239 προῖστορῶν.

2194 2256 2376 2311 Πάντα
2412 2256 2521 2328 γὰρ
2548 2252 2692 2309 εἶκόν
2730 2274 2788 2310 τε
2835 2259 2928 2312 καὶ
2967 2258 3275 2312 ὐπὲκυπτον
3319 2261 3384 2330 τῇ
3431 2260 3496 2328 σῇ
3533 2257 3656 2327 θείᾳ
3690 2259 3771 2310 εί·-

2195 2347 2308 2400 κόνι
2334 2347 2686 2418 ὲκνικώμενα.

848 2460 1240 2515 nonnunquam
1281 2445 1514 2515 denique
1560 2445 1722 2500 rebus
1779 2459 1944 2514 supra
1993 2452 2278 2506 naturam,
2333 2459 2453 2514 quae
2497 2450 2709 2497 natura:
2772 2450 3138 2498 consentanea
3179 2453 3363 2499 essent
3414 2444 3467 2499 in
3517 2443 3768 2500 Iordane

527 2535 724 2591 eximie
757 2551 1020 2605 superans
1065 2536 1146 2603 ";
1193 2550 1366 2605 eoque
1398 2534 1612 2588 Domini
1673 2535 1727 2588 in
1787 2534 2055 2589 infernum
2088 2532 2432 2597 descensum,
2476 2531 2886 2600 mirabilemque
2927 2540 2981 2585 et
3021 2532 3352 2602 inopinatam
3443 2548 3633 2587 eorum
3669 2534 3770 2602 qui

528 2629 584 2682 in
639 2629 988 2698 corruptione
1039 2629 1411 2684 detinerentur
1479 2627 1851 2683 liberationem
1907 2626 2264 2698 praisignans.
2322 2624 2457 2680 Nam
2521 2633 2802 2682 cesserunt
2871 2625 3087 2691 omnia,
3144 2634 3357 2696 tumque
3410 2627 3486 2680 illi

527 2725 747 2795 imagini
778 2724 1142 2796 exprimendae
1177 2724 1400 2794 imparia
1431 2723 1856 2778 succubuerunt.

601 2819 667 2874 Χ.
701 2819 841 2886 Quid
873 2835 999 2874 vero
1021 2819 1200 2874 adhuc
1229 2820 1498 2875 sermonis
1517 2819 1756 2872 habenas
1787 2818 1954 2873 variis
1983 2817 2091 2873 illis

529 2910 1008 2967 informationibus
1049 2911 1238 2965 laxans
1268 2909 1658 2978 involvensque
1688 2915 1740 2963 et
1770 2907 2054 2978 implicans
2074 2945 2089 2970 ,

527 3005 831 3060 orationem
881 3004 937 3058 in
987 3003 1204 3072 longum
1251 3002 1544 3081 protraho;
1589 3018 1653 3057 ac
1689 3005 1774 3057 vel
1821 2999 2090 3065 maxime,

529 3112 655 3152 cum
691 3095 866 3152 instar
909 3096 1174 3150 columnae
1218 3097 1394 3166 palam
1438 3093 1612 3149 oculis
1652 3093 1904 3163 objecta,
1946 3092 2001 3146 in
2043 3098 2096 3146 tc

3563 2625 3768 2681 divina:

2269 2817 2323 2869 I'.
2360 2816 2468 2870 Καὶ
2497 2817 2548 2868 τί
2575 2815 2652 2869 ἔτι
2686 2815 3030 2888 περιπλέκων
3067 2814 3291 2886 μηκύνω
3323 2815 3415 2868 τὸν
3444 2815 3618 2883 λόγον,
3648 2817 3768 2879 τοῖς

2200 2909 2457 2972 ποικίλοις
2520 2909 2899 2980 προγράμμοις
2951 2909 3237 2977 ἐπαφήσας
3306 2905 3399 2960 τοῦ
3449 2905 3604 2974 λόγου
3660 2906 3770 2969 τὰς

2199 3001 2374 3070 ἡνίας,
2400 3000 2493 3053 καὶ
2525 3000 2756 3071 μάλιστα
2788 2999 2895 3072 πρὸ
2923 2998 3213 3069 ὀφθαλμῶν
3241 2997 3616 3068 ὲστηλωμὲνης
3646 2996 3768 3067 (69)

2199 3095 2295 3166 τῆς
2334 3092 2425 3145 ἐπὶ
2459 3091 2540 3145 σοι
2568 3091 2874 3162 ἀτρεκείας,
2981 3091 3072 3144 καὶ
3099 3090 3508 3162 κατατρυφῆσαι
3539 3090 3769 3160 ἄμεινον

529 3185 732 3241 veritas
761 3191 966 3255 pateat,
1004 3186 1058 3239 in
1091 3199 1196 3254 qua
1229 3184 1374 3238 velut
1401 3182 1696 3238 eluxuriari
1731 3179 2089 3249 de-lcctarique

2198 3186 2290 3239 καὶ
2317 3182 2794 3254 ὲπικερδέστερον;
2821 3181 3137 3254 Τοιγαροῦν,
3162 3183 3370 3254 χαίρειν
3404 3181 3614 3253 φράσας
3649 3184 3772 3246 τοῖς

531 3277 846 3348 ρτιεειὶῑενίι
876 3292 941 3331 ac
976 3276 1315 3332 commodius
1345 3275 1546 3330 fuerit?
1573 3274 1750 3341 Quare
1778 3282 2092 3328 sanctorum

531 3369 775 3424 omnium
809 3383 904 3438 per
926 3383 1116 3423 omnes
1145 3368 1524 3438 generationes
1549 3407 1562 3432 ,
1601 3365 1940 3436 spiritalibus
1970 3379 2096 3418 nar—

531 3461 836 3518 rationibus
869 3461 1138 3530 iactisque
1164 3459 1492 3530 prodigiosis
1522 3459 1700 3513 valere
1726 3449 1919 3528 jussis,
1953 3456 2019 3510 ad
2045 3470 2097 3510 te

529 3553 657 3609 festi
690 3553 854 3621 hujus
883 3552 1118 3606 convivii
1146 3552 1294 3606 velut
1328 3552 1540 3606 clavum
1564 3591 1578 3616 ,
1623 3565 1656 3604 o
1699 3548 1912 3604 ﬂorenti
1951 3563 2094 3605 sem~

530 3655 628 3713 per
667 3641 911 3696 habenda
937 3642 1195 3697 memoria
1217 3682 1231 3706 ,
1270 3642 1467 3712 dirigo.
1498 3642 1786 3698 Benedicta
1823 3648 1878 3696 tu
1897 3683 1911 3707 ,
1941 3655 2094 3710 pror-

532 3743 630 3786 sus
669 3729 952 3785 benedicta
991 3730 1355 3799 omnibusque
1388 3730 1783 3786 desiderabilis.
1826 3730 1884 3783 In
1927 3729 2091 3783 bene-

532 3818 866 3875 dictionibus
925 3819 1138 3874 Domini
1199 3835 1396 3875 nomen
1454 3829 1638 3887 tuum,
1696 3821 1876 3875 divina
1921 3819 2093 3890 gratia

531 3911 908 3982 plenissimum
935 3927 1000 3966 ac
1029 3927 1240 3968 summe
1278 3911 1386 3967 Deo
1412 3915 1708 3983 gratiosum
1731 3953 1746 3980 ,
1771 3912 1865 3967 Dei
1897 3911 2092 3975 Mater,

532 4019 762 4074 qureque
787 4011 880 4058 tuo
921 4004 1040 4076 ipsa
1081 4003 1369 4073 splendore
1402 4004 1654 4060 ﬁdelibus
1686 4004 1868 4058 lumen
1906 4002 2096 4073 przefe-

533 4114 642 4154 ras.
673 4095 756 4152 Tu
795 4096 1228 4166 circumscriptio
1249 4135 1263 4160 ,
1308 4104 1367 4151 ut
1397 4097 1472 4150 ita
1501 4097 1677 4151 dicam
1701 4136 1714 4159 ,
1747 4095 1866 4165 ejus
1889 4095 1981 4165 qui
2011 4103 2096 4150 cst

535 4183 1165 4254 incircumscriptibilis:
1202 4183 1359 4239 radix
1383 4183 1531 4240 ﬂoris
1570 4183 1960 4254 speciosissimi
1995 4184 2039 4216 ⁸⁷
2078 4204 2090 4238 :

534 4269 705 4326 Mater
735 4271 1113 4341 plasmatoris:
1151 4273 1342 4330 altoris
1366 4274 1551 4329 nutrix
1579 4293 1592 4330 :
1623 4274 1742 4343 ejus
1769 4276 2090 4346 complexio,

532 4365 624 4432 qui
681 4363 864 4419 omnia
904 4365 1190 4434 complecti
1239 4365 1404 4421 habet
1446 4386 1458 4420 :
1518 4374 1742 4436 portans
1783 4383 1904 4422 eum
1933 4407 1947 4431 ,
2005 4369 2096 4435 qui

531 4453 693 4508 verbo
721 4462 898 4524 portat
939 4457 1117 4509 omnia
1146 4456 1229 4511 οδε
1260 4467 1451 4528 porta,
1489 4474 1587 4528 per
1627 4474 1788 4528 quam
1837 4458 1980 4514 Deus
2037 4459 2089 4512 in

2194 3276 2300 3330 τῶν
2337 3275 2504 3343 ἁγίων
2531 3273 2670 3328 κατά
2708 3275 2886 3328 πᾶσαν
2925 3272 3116 3342 γενεὰν
3150 3277 3532 3344 πνευματικοῖς
3568 3273 3770 3344 διηγή-

2198 3385 2326 3439 μασι
2350 3367 2442 3420 καὶ
2471 3367 2969 3438 τερατουργήμασιν
2987 3406 3002 3429 ,
3037 3366 3127 3417 ἐπὶ
3153 3365 3211 3418 σὲ
3247 3365 3465 3436 μετάγω
3495 3366 3620 3428 τοὺς
3661 3365 3773 3434 τῆς

2194 3460 2424 3530 εὐωχίας
2456 3460 2680 3522 οἴακας,
2717 3457 3242 3529 παντομνημόνευτε.
3285 3457 3634 3528 Εὐλογημένη
3671 3459 3768 3521 σὺ,

2195 3549 2590 3622 παντευλόγητε
2631 3549 2725 3604 καὶ
2761 3552 2894 3604 πᾶσι
2927 3549 3146 3621 ποθητέ.
3193 3550 3309 3603 Ἐπ’
3336 3549 3605 3618 εὐλογίαις
3643 3551 3770 3602 Κυ-

2198 3644 2310 3716 ρίου
2339 3643 2398 3697 τὸ
2431 3641 2883 3714 θεοχαριτώτατόν
2913 3659 3004 3695 σου
3035 3641 3226 3714 ὄνομα,
3250 3640 3631 3713 Θεογεννήτωρ
3666 3643 3770 3694 καὶ

2193 3735 2414 3806 δᾳδοῦχε
2442 3734 2550 3789 τῶν
2581 3735 2804 3788 πιστῶν.
2837 3735 2901 3786 Ἠ
2943 3733 3277 3806 περιγραφὴ,
3314 3734 3381 3786 ἶν’
3402 3729 3574 3796 οὕτως
3595 3733 3771 3796 εἴπω,

2191 3827 2286 3880 τού
2327 3827 2762 3898 ἀπεριγράπτοψ
2795 3827 2828 3896 ἡ
2877 3824 3000 3896 ῥίζα
3033 3824 3126 3878 τοῦ
3161 3824 3492 3896 ὠραιοτάτου
3531 3822 3726 3886 ἄνθους
3747 3839 3769 3854 ·

2193 3919 2226 3988 ἡ
2259 3919 2454 3988 Μήτηρ
2498 3916 2590 3968 τοῦ
2629 3916 2928 3980 πλάσαντος
2948 3934 2961 3947 ’
2991 3918 3024 3988 ἡ
3059 3915 3212 3987 τιτθὴ
3237 3915 3328 3968 τοῦ
3351 3917 3640 3986 τρέφοντος
3665 3931 3682 3946 '
3727 3917 3771 3987 ἡ

2195 4008 2423 4079 περιοχὴ
2469 4006 2564 4060 τοῦ
2599 4007 2972 4079 περιέχοντος·
3019 4011 3051 4078 ἡ
3093 4008 3328 4078 φέρουσα
3371 4006 3461 4059 τὸν
3503 4006 3776 4075 φέροντα

2197 4099 2399 4169 ῥήματι
2428 4099 2500 4153 τὰ
2548 4097 2828 4169 πάνταυῆ
2874 4099 3014 4170 πύλη
3058 4099 3154 4169 τῆς
3183 4101 3239 4152 ὲν
3285 4098 3446 4170 σαρκὶ
3493 4095 3776 4166 ἀνατολῆς

2195 4190 2287 4243 τοῦ
2336 4189 2502 4243 Θεοῦο
2555 4191 2589 4260 ἡ
2633 4189 2790 4254 λαϐὶς
2838 4190 2928 4243 τοῦ
2984 4188 3312 4261 καθαρτικοῦ
3371 4189 3673 4259 ἄνθρακος”
3732 4188 3774 4240 ὁ

2198 4279 2398 4352 βραχὺς
2449 4280 2646 4344 κόλπος
2695 4280 2787 4334 τοῦ
2836 4280 3051 4333 πάντων
3106 4279 3338 4333 κόλπου·
3373 4278 3404 4331 ό
3446 4277 3610 4340 πόκος
3660 4277 3775 4345 τῆς

2195 4371 2577 4442 ἀκαταλήπτου
2630 4371 2820 4442 δρόσου
2862 4370 3004 4440 (70)°
3054 4371 3082 4424 ό
3127 4370 3226 4439 τῆς
3273 4367 3563 4437 ἐπιθυμίας
3595 4366 3778 4420 Δαὸὶδ

2196 4460 2454 4532 ζωοδόχος
2509 4461 2618 4534 (71)
2653 4462 2852 4526 λάκκος
2909 4463 3007 4532 τῆς
3038 4461 3314 4532 Βηθλεὲμ,
3370 4459 3459 4527 ἀφ’
3498 4452 3557 4512 οὗ
3605 4459 3775 4528 πόμα.

527 4559 692 4600 carne
723 4546 898 4600 uritur
925 4547 992 4609 ⁸³,
1026 4547 1241 4618 forceps
1275 4549 1530 4605 carbonis
1570 4549 1716 4605 illius
1756 4550 1995 4620 purgarii
2021 4551 2087 4615 9°,

2196 4551 2488 4614 ἀθανασίας
2521 4550 2772 4614 ὲξέϐλυσε
2793 4568 2805 4580 °
2835 4550 2894 4603 τὸ
2927 4551 3236 4621 ἱλαστήριον
3265 4546 3323 4613 ἐξ
3350 4544 3408 4602 οὐ
3433 4548 3564 4611 Θεὸς
3590 4545 3780 4615 ὲγνώο

529 4637 685 4691 sinus
716 4637 944 4707 exiguus
967 4637 1218 4694 immensi
1249 4641 1492 4694 omnium
1529 4641 1682 4696 sinus
1704 4683 1719 4707 ,
1751 4642 1922 4696 vellus
1949 4641 2090 4696 roris

527 4728 675 4784 illius
718 4727 1285 4800 incomprehensibilis
1315 4732 1392 4799 ⁹¹,
1445 4734 1598 4788 lacus
1638 4734 1728 4788 ille
1775 4732 2084 4788 Bethlellem

599 4884 645 4916 ⁸⁸
688 4884 819 4938 Heb.
862 4899 913 4938 ιι
941 4925 954 4945 ,
995 4885 1049 4938 4.

527 4971 602 5080 ιῖ,
809 4956 856 4988 ⁸⁸
896 4955 965 5009 IV
997 4955 1120 5026 Reg.
1176 4973 1227 5011 ν.
1304 4955 1348 4987 ⁸⁷
1389 4955 1498 5012 lsa.
1539 4974 1616 5021 XI,
1659 4958 1710 5012 1.

528 5041 560 5078 v
603 5064 616 5080 .
733 5067 746 5080 .

528 5041 616 5088 vr,
659 5041 746 5080 Ol.

622 5180 709 5254 68)
753 5182 1248 5254 Ἅνασφήλονζος.
1279 5179 1440 5238 Forte
1468 5181 1890 5254 ἀνασφήλαντος.

622 5250 710 5323 69)
743 5255 859 5318 Πρὸ
894 5250 1214 5323 ὀφθαλμῶν
1241 5250 1679 5322 ἐστηλωμένηήςξ
1720 5252 1878 5306 Velut
1907 5259 2085 5306 erecta

530 5321 802 5394 propalam
835 5323 891 5377 in
920 5321 1137 5379 modum
1172 5325 1453 5386 columnae,
1476 5321 1548 5394 ne
1575 5339 1733 5394 quem
1766 5323 1930 5376 latere
1965 5337 2089 5394 pose

527 5394 615 5446 sit.
648 5392 828 5466 Altera
845 5393 1184 5462 signiﬁcatio,
1204 5404 1264 5450 ut
1292 5395 1372 5457 τὸ,
1401 5392 1778 5466 ἐστηλωμένης
1799 5394 1872 5448 sit
1897 5393 2092 5461 conﬁr—

526 5474 694 5519 mata.
721 5462 934 5517 videtur
954 5465 1132 5519 minus
1161 5465 1464 5520 commoda.

599 5531 708 5604 (70)
746 5531 855 5600 Τῆς
873 5530 1557 5606 ἀκαταλήπτουρρόσοὺ.
1587 5532 1756 5606 Cujus
1779 5531 2091 5606 mysterium

529 5611 763 5670 nequeat
813 5605 946 5658 satis
999 5605 1248 5674 perspici.
1306 5603 1607 5674 Paulinus,
1651 5603 2091 5672 imperdeplibilis,

529 5674 672 5742 quod
705 5673 883 5744 minus
915 5675 1164 5744 quadrat.
1198 5673 1363 5729 Plane
1403 5676 1544 5730 enim
1587 5673 1689 5727 fuit
1725 5690 1815 5727 ros
1850 5675 1936 5728 ille
1972 5689 2093 5742 per-

528 5743 821 5816 ceptibilis,
852 5743 944 5812 qui
970 5759 1262 5816 expressus
1293 5745 1512 5811 vellere,
1555 5745 1796 5816 lagenam
1835 5759 1971 5813 aqua
2005 5743 2098 5796 im-

528 5813 710 5885 plevit,
745 5815 930 5884 utique
961 5812 1222 5869 sensibili.

1147 4886 1188 4918 ⁸¹
1231 4885 1318 4957 ιν,
1345 4885 1468 4957 Reg.
1511 4903 1573 4953 ιι,
1616 4887 1703 4941 11.
1779 4887 1825 4957 δε
1870 4885 2032 4940 Errli.
2086 4901 2269 4950 ιιιίιι,
2314 4886 2364 4939 1.

1786 4956 1831 4988 ⁸⁸
1874 4957 2032 5011 Ilebr.
2077 4973 2117 5021 t,
2158 4957 2210 5012 5.
2293 4957 2336 4989 ⁸⁸
2375 4955 2565 5011 Ezech.
2607 4971 2774 5020 ιιιιιι,
2814 4955 2905 5010 41.
2979 4957 3024 4988 ’θ

2200 4641 2296 4712 σθη
2328 4640 2631 4712 ἀνθρώποις
2677 4639 3151 4713 ἀνθρωπομόρφως
3169 4656 3182 4669 ⁶
3219 4639 3279 4693 τὸ
3307 4637 3530 4693 ἄσπιλον
3559 4637 3774 4706 ἔνδυμα.

2195 4733 2299 4788 τοῦ
2327 4733 2812 4804 ἀναϐαλλομένου
2847 4732 2970 4802 φῶς
2992 4733 3071 4798 ὡς
3096 4731 3340 4802 ἱμάτιον.
3377 4730 3440 4783 Ἦ
3471 4728 3774 4784 δανείσασα

2466 4885 2512 4918 ⁸³
2546 4883 2614 4940 IV
2653 4883 2773 4955 Reg.
2844 4900 2901 4940 ιι.
2980 4885 3025 4917 ⁸⁸
3063 4883 3192 4955 ibid.
3250 4884 3339 4938 20.
3391 4884 3476 4955 _”
3511 4882 3587 4938 IV
3627 4880 3770 4955 Beg.

3093 4953 3209 5011 Isa.
3249 4971 3338 5020 γι,
3379 4953 3432 5008 6.
3539 4955 3581 4987 ἰ
3622 4950 3776 5008 luit.

2264 5183 2374 5254 (7t)
2406 5183 2729 5252 Ζωοδόχος.
2775 5180 2880 5237 Seu
2927 5181 3049 5254 vitae
3089 5180 3568 5254 conceptaculum;
3604 5179 3662 5232 in
3693 5193 3784 5254 eo

2195 5249 2376 5308 Mariae
2397 5249 2722 5323 symbol—um,
2759 5268 2879 5321 qua:
2908 5253 3072 5307 vitam
3107 5249 3354 5310 illam’ad
3381 5267 3478 5305 nos
3514 5249 3781 5323 peregri-

2196 5322 2439 5385 nantem,
2472 5338 2570 5378 ceu
2603 5323 2818 5392 IIOSpiliI
2851 5323 3011 5392 jure,
3047 5322 3208 5392 etiam
3257 5330 3414 5392 utero
3467 5322 3713 5388 suscepit
3745 5337 3774 5378 :

2197 5409 2356 5463 quam
2389 5394 2507 5463 ejus
2540 5390 2968 5463 prmrogativam,
3002 5390 3283 5463 inllIartha
3319 5390 3602 5463 Dominum
3628 5404 3780 5463 sus.-

2198 5460 2431 5532 éipiente
2465 5465 2519 5518 in
2542 5460 3006 5532 'suam'domum,
3049 5462 3136 5516 die
3176 5460 3516 5532 migrationis
3558 5460 3778 5532 ipsius,

2196 5530 2438 5588 Ecclesia
2484 5543 2670 5588 sancte
2719 5533 2928 5587 recolit.
2979 5530 3272 5594 Paulinus,
3306 5532 3563 5600 viviﬁrus,
3596 5530 3785 5600 quod

2235 5603 2378 5656 otius
2408 5611 2550 5657 esset
2572 5601 2855 5672 ζωοδότης.
2882 5601 3052 5656 Simili
3074 5602 3312 5672 epitheto
3341 5598 3499 5670 paulo
3528 5598 3784 5672 inferius

2243 5672 2503 5743 imeonem
2559 5680 2745 5735 ornat,
2794 5669 3072 5742 appellans
3108 5669 3369 5742 ’θεοδόχον
3420 5669 3781 5743 πρεσϐύτην,

2197 5758 2366 5797 senem
2401 5741 2496 5797 Dei
2523 5741 2886 5811 susceptorem.
