4010 6328
206 391 303 445 3T5

1254 374 1485 432 SERMO
1523 374 1610 427 DE
1645 368 1942 427 SIMEONE
1981 367 2065 422 ET
2104 363 2307 420 ANNA.

3323 358 3423 410 3'14

204 505 317 578 Θεῷ
366 503 447 574 τῷ
476 502 714 557 ἀνενδεεῖ
759 500 935 571 σάρκα
981 498 1157 567 ἥνπερ
1193 496 1294 548 οὐκ
1344 489 1515 563 εἶχεν,
1561 484 1770 560 ἴναὸ

1883 482 2127 538 desiderii
2159 478 2324 532 David
2347 478 2390 509 ⁹²
2412 516 2427 542 ,
2473 477 2596 531 vitae
2619 480 2902 544 susceptor
2919 514 2932 537 ,
2959 487 3025 527 ex
3044 487 3150 541 quo
3175 474 3426 541 poculum

206 592 612 663 παντοδύναμος
645 594 780 661 ὅπερ
818 589 1105 662 ηὑδόκησε.
1140 586 1204 639 Τί
1243 585 1430 637 τούτου
1473 579 1767 653 περιφανέ-

207 702 435 759 στερον;
469 685 535 738 Τί
567 682 756 736 τούτου
787 681 1144 751 ὐψηλότερον;
1186 680 1243 731 '0
1281 678 1370 729 τὸν
1408 674 1634 745 ούρανδν
1676 672 1771 724 καὶ

205 780 298 850 τήν
338 777 446 847 γῆν
500 775 744 845 πληρῶν,
776 767 838 827 οὗ
886 774 954 825 τὰ
1002 774 1289 842 σύμπαντα
1339 769 1625 838 κτήματα,
1676 764 1769 817 σοῦ

205 871 496 942 γεγένηται
556 869 799 939 ὲπιδεής’
854 868 917 921 σὺ
968 866 1075 938 γὰρ
1130 865 1402 927 ἐδάνεισάς
1452 863 1569 932 Θεῷ
1622 861 1770 915 Θείαν

207 967 503 1035 σάρκωσιν,
529 963 595 1034 ἣν
625 962 724 1015 οὐκ
758 956 889 1031 εἶχε.
932 960 1003 1013 Σὺ
1049 958 1383 1029 ὲθωράκισας
1415 956 1504 1009 τὸν
1550 955 1771 1009 δυνατὸν

204 1058 298 1125 τήν
334 1054 587 1125 εὐπρεπῆ
624 1052 716 1106 τοῦ
754 1050 1002 1121 σώματος
1030 1048 1373 1118 παντευχίαν,
1411 1048 1475 1101 δι’
1513 1043 1580 1120 ἦς
1612 1047 1772 1111 αὐτὸς

209 1148 301 1219 μὲν
339 1146 570 1216 ὀφθῆναι
592 1144 835 1215 χωρητδς
856 1144 977 1214 ἐμοὶ
999 1141 1277 1212 δεδύνηται
1292 1180 1306 1204 ,
1339 1138 1448 1208 ἐγὼ
1474 1139 1531 1192 δὲ
1545 1139 1773 1210 εὐπροσ-

209 1240 335 1302 ίτως
368 1237 691 1307 ἀντωπῆσαι
740 1234 885 1305 αὐτῷ
928 1235 1204 1304 ἐνίσχυσα,
1248 1232 1313 1285 δι’
1347 1226 1413 1302 ἦς
1452 1230 1544 1283 καὶ
1578 1227 1773 1281 πάντα

206 1328 306 1381 τοῦ
344 1326 615 1394 πονηροῦ
642 1325 715 1379 τὰ
756 1324 1143 1395 πεπυρωμένα
1164 1324 1321 1391 ,βέλη
1353 1320 1769 1388 σϐεσθήσεται.

206 1414 379 1486 Εὖγε,
413 1414 542 1487 εὖγε
564 1458 578 1481 ,
606 1415 959 1489 μήτηρηθεοῦ
1003 1416 1097 1469 καὶ
1126 1414 1306 1485 δούλη.
1343 1409 1511 1482 Εὖγε,
1552 1408 1709 1481 εὖγε,
1740 1414 1773 1484 ή

207 1510 489 1581 ὑπόχρεων
527 1509 725 1579 ἔχουσα
747 1508 840 1562 τὸν
869 1507 1083 1561 πάντων
1111 1506 1412 1575 δανειστήν.
1445 1504 1650 1567 Πάντες
1679 1505 1775 1574 μὲν

206 1600 321 1673 θεῷ
348 1601 734 1671 ὲποφείλομεν,
764 1600 848 1653 σοὶ
875 1600 934 1652 δὲ
964 1600 1325 1669 ὲποφείλεται.
1366 1600 1423 1652 Ὀ
1454 1597 1563 1670 γάρ
1586 1597 1772 1659 εἰπὼν,

212 1695 351 1761 Τίμα
400 1692 512 1745 τὸν
562 1691 786 1759 πατέρα
831 1706 944 1743 σου
1000 1690 1100 1743 καί
1148 1687 1263 1757 τὴν
1306 1688 1553 1757 μητέρα,
1599 1686 1776 1757 πολλῷ

210 1786 409 1856 μᾶλλον
444 1785 608 1847 αὐτὸς
650 1786 707 1837 ὲν
738 1784 945 1846 τούτοις
987 1780 1332 1846 ἐξετάζεσθαι
1371 1781 1642 1852 ἐλόμενος,
1676 1798 1775 1849 φυ-

1873 572 2294 629 inmortalitatis
2316 569 2597 624 scaturivit
2622 586 2635 621 :
2672 565 3103 637 propitiatorium
3134 565 3203 630 “,
3232 581 3294 617 ex
3322 581 3429 633 quo

1872 666 2045 732 Deus,
2101 665 2271 718 forma
2324 664 2594 727 humana,
2636 663 2818 733 generi
2857 661 3093 714 humano
3148 658 3427 711 innotuit:

1870 759 2036 814 vestis
2063 758 2180 812 sine
2212 756 2444 819 macula,
2464 755 2581 825 ejus
2602 756 2691 825 qui
2721 752 2888 807 induit
2913 751 3085 805 lumen
3115 751 3249 804 sicut
3279 750 3431 803 resti-

1873 860 2099 905 mentum
2134 850 2201 905 9‘.
2226 848 2528 903 Tunullius
2564 846 2824 917 indigenti
2863 844 2990 906 Deo,
3024 844 3430 911 carnem'quam

1873 957 1981 995 non
2014 940 2279 1004 habebat,
2314 938 2553 994 fenerata
2580 956 2657 1003 es,
2686 952 2794 1008 qua
2826 936 3037 990 tandem
3087 935 3433 1003 omnipotens

1872 1033 1997 1103 ille,
2032 1030 2173 1101 quod
2200 1032 2509 1085 decreverat
2536 1029 2649 1084 ﬁeri
2674 1068 2687 1091 ,
2722 1029 2881 1082 homo
2923 1037 3088 1082 esset.
3144 1025 3284 1091 Quid
3332 1025 3433 1078 hoc

1873 1120 2246 1192 splendidius?
2295 1118 2432 1184 Quid
2483 1118 2583 1171 hoc
2634 1116 2961 1172 sublimius?
3003 1114 3105 1179 Qui
3152 1114 3349 1168 coelum
3380 1119 3438 1167 et

1873 1226 2072 1269 terram
2106 1212 2291 1281 implet
2319 1211 2393 1272 π,
2439 1209 2598 1278 cujus
2641 1208 2863 1263 ditionis
2905 1214 3033 1262 sunt
3079 1222 3166 1261 res
3204 1221 3437 1266 omnes.

1876 1305 1951 1358 tui
1993 1302 2209 1372 indigus
2247 1300 2473 1356 ellicitur
2507 1319 2519 1354 :
2551 1299 2750 1370 quippe
2794 1298 2903 1354 Deo
2942 1298 3181 1353 fenerata
3211 1312 3269 1351 es
3311 1312 3438 1350 car-

1874 1411 2021 1458 nem,
2049 1408 2210 1464 quam
2237 1408 2343 1446 non
2370 1391 2623 1447 habebat.
2655 1390 2735 1444 Tu
2762 1397 3034 1460 potentem
3069 1388 3216 1443 illum
3240 1389 3435 1442 decora

1875 1490 2123 1558 corporis
2149 1496 2427 1540 armatura
2455 1484 2712 1547 induisti,
2738 1499 2844 1554 qua
2875 1490 2928 1539 et
2951 1483 2996 1539 is
3022 1483 3153 1536 mihi
3192 1482 3436 1536 redditus

1876 1586 1959 1632 est
1998 1577 2173 1632 oculis
2215 1574 2595 1645 aspectabilis;
2642 1574 2863 1643 ipseque
2920 1579 2979 1626 ut
3014 1572 3180 1627 libere
3210 1571 3438 1624 intuitu-

1878 1684 1972 1724 rus
1996 1668 2200 1740 possim
2232 1666 2510 1729 accedere,
2537 1665 2740 1734 accepi,
2760 1680 2867 1734 qua
2889 1664 3051 1719 etiam
3108 1664 3283 1718 omnia
3306 1662 3438 1716 mali

1878 1764 2023 1817 illius
2054 1762 2220 1831 ignita
2252 1759 2353 1813 tela
2373 1758 2637 1827 exstingui
2664 1756 2850 1811 habent
2874 1758 2939 1812 ".
2969 1756 3133 1828 Euge,
3166 1772 3321 1826 euge,
3342 1755 3437 1811 Dei

206 1848 379 1943 λάξειε
426 1875 528 1947 τὴν
564 1875 724 1947 χάριν
758 1875 849 1927 καὶ
886 1873 947 1927 τὸ
990 1873 1119 1926 ίδιον
1153 1872 1325 1943 δόγμα
1360 1875 1426 1943 τῇ
1457 1848 1776 1944 διακονησα-

1883 1852 2046 1907 Mater
2079 1852 2403 1919 ancillaque.
2437 1848 2603 1919 Euge,
2629 1864 2787 1919 euge,
2820 1848 2906 1903 cui
2934 1849 3023 1903 ille
3053 1848 3295 1903 omnium
3325 1861 3439 1901 cre-

210 1968 341 2039 μένῃ
367 1966 471 2037 τὴν
507 1965 834 2036 αὐθαίρετον
869 1963 1140 2033 γέννησιν,
1165 1963 1257 2016 καὶ
1288 1962 1527 2026 δοξάσειε
1556 1963 1780 2034 θεοπρε-

210 2058 337 2121 πῶς,
372 2059 444 2128 ῆν
485 2056 837 2127 ἐπεγράψατο
872 2056 1098 2125 ἀπάτωρ
1122 2053 1196 2117 ὼς
1242 2053 1497 2124 ἄνανδρον
1531 2053 1779 2125 Μητέρα.

212 2151 398 2202 Ἔσται
452 2149 631 2202 τοίνυν
669 2147 843 2201 ταῦτα
887 2147 1079 2211 οὕτως,
1114 2146 1282 2199 ἔσται.
1316 2147 1389 2197 Ού
1429 2146 1537 2217 γὰρ
1578 2145 1781 2215 κομψο-

210 2243 391 2303 επείας
410 2240 667 2312 ἀκάρπου
684 2240 733 2292 oi
755 2237 1148 2310 προσαχθέντες
1171 2254 1253 2290 σοι
1275 2239 1402 2308 παρ’
1425 2238 1457 2307 ή
1466 2236 1577 2307 μῶν
1600 2237 1778 2307 ῦμνοι,

211 2332 620 2399 παναγιώτατον
652 2334 746 2384 καὶ
777 2332 1102 2399 ἀξιάγαστον
1140 2331 1231 2383 τοῦ
1268 2330 1400 2383 Θεοῦ
1433 2330 1745 2400 ἐνδιαίτημα
1766 2348 1777 2360 ·

210 2424 307 2476 οὐδ’
336 2418 406 2476 αὖ
439 2422 717 2493 κοσμικῆς
744 2422 1089 2492 λογολεσχίας
1122 2421 1216 2474 καὶ
1238 2420 1655 2490 ψευδαρεσκείας
1686 2421 1781 2473 λα-

216 2517 565 2586 ρνγγίσματα
601 2516 630 2567 ὁ
661 2514 1024 2585 πνευματικός
1056 2532 1148 2568 σου
1180 2513 1367 2584 ὕμνος,
1404 2512 1779 2577 Θεούπαίνετε,

212 2606 295 2658 καὶ
325 2605 464 2658 Θεὸν
500 2604 701 2674 ἔχουσα
731 2604 1049 2674 ύπομάζιον,
1081 2604 1168 2657 τὸν
1215 2605 1329 2667 τοῖς
1372 2602 1578 2673 βροτοῖς
1612 2604 1782 2674 ἀρχὴν

212 2697 296 2750 τοῦ
326 2694 471 2749 εἶναι
518 2696 609 2749 διὰ
650 2697 954 2766 γεννήσεως
987 2696 1323 2767 παρέχοντα,
1373 2694 1485 2748 ἀλλ’
1523 2696 1785 2766 ἐναργοῦς

214 2790 487 2861 ἀληθείας.
536 2787 835 2857 Ἔπιλείψει
883 2788 990 2859 γάρ
1032 2790 1161 2858 ἡμῖν
1204 2788 1232 2839 ὁ
1289 2788 1475 2857 κῶνος
1530 2788 1622 2840 καὶ
1666 2791 1784 2851 ταῖς

218 2881 506 2950 μετέπειτα
540 2882 772 2949 γενεαῖς,
803 2880 893 2931 τὸν
925 2879 1041 2931 κατ’
1064 2878 1218 2944 ἀξίαν
1251 2896 1331 2931 σοι
1359 2877 1645 2932 ἀποδοῦναι
1683 2896 1785 2949 μα-

215 2973 479 3042 καρισμὸν
513 2974 581 3041 τῇ
617 2970 800 3040 Μητρὶ
825 2969 930 3022 τοῦ
964 2970 1263 3033 Βασιλέως
1294 2966 1409 3021 τῶν
1435 2967 1677 3031 αἰώνων,
1710 2968 1784 3033 ὣς

216 3079 318 3115 που
343 3064 505 3132 φησὶν
543 3064 572 3113 ὁ
601 3062 843 3131 ἀοίδιμος
872 3063 1170 3132 προφήτης,
1206 3060 1274 3114 τὰ
1305 3062 1403 3132 τῆς
1443 3062 1539 3132 σῆς
1581 3063 1785 3115 ἀκατα-

213 3153 417 3225 ληψίας
458 3154 604 3223 ἡμᾶς
650 3151 1017 3205 ἐκπαιδεύων’
1061 3153 1153 3218 Ὠς
1199 3153 1387 3223 μέγας
1421 3157 1452 3208 ό
1487 3151 1650 3221 οἶκος
1678 3153 1781 3207 τοῦ

1877 1944 2041 2007 ditor,
2079 1942 2291 1997 debitor
2320 1942 2411 1996 sit.
2463 1941 2571 1995 Deo
2612 1941 2870 1995 debemus
2905 1955 3091 1995 omnes
3125 1959 3138 1993 :
3180 1939 3278 1993 tibi
3320 1939 3439 2008 ipse

1878 2033 2173 2088 obstrictus
2202 2039 2306 2088 est.
2337 2029 2466 2085 Nam
2502 2032 2591 2101 qui
2623 2030 2759 2086 dixit
2788 2050 2801 2085 :
2838 2030 3052 2085 Honora
3073 2040 3271 2099 patrem
3291 2040 3436 2082 tuum

1876 2135 1925 2181 et
1957 2136 2175 2179 matrem
2200 2125 2243 2155 ’7
2265 2164 2278 2188 ,
2314 2124 2470 2193 longe
2503 2122 2682 2192 potius
2707 2162 2721 2186 ,
2767 2122 2966 2177 talibus
3004 2123 3120 2192 ipse
3162 2122 3437 2175 accenseri

1880 2219 2098 2284 volens,
2135 2217 2365 2287 gratiam
2401 2217 2784 2286 propriamque
2819 2216 2932 2285 ipse
2961 2216 3128 2285 legem
3152 2255 3166 2279 ,
3217 2215 3271 2269 in
3316 2229 3437 2269 eam

1880 2318 2205 2382 servaverit,
2260 2331 2378 2384 qua:
2418 2316 2561 2369 ultro
2608 2319 2941 2379 assumptum
2970 2309 3070 2378 ipsi
3102 2306 3438 2360 nativitatem

1880 2411 2237 2477 ministravit;
2262 2423 2564 2480 quamque,
2599 2406 2715 2460 sine
2748 2408 2931 2473 patre,
2966 2401 3111 2454 velut
3138 2399 3255 2453 sine
3299 2400 3435 2461 viro,

1880 2503 2104 2557 Matrem
2154 2501 2435 2569 inscripsit
2476 2496 2949 2564 conﬁrmavitque;
2986 2493 3171 2547 divino
3205 2492 3439 2561 quodam

1879 2596 2110 2658 decore,
2145 2602 2198 2649 et
2239 2609 2404 2663 supra
2442 2592 2713 2646 hominem
2743 2586 3144 2659 gloriﬁcaverit.
3182 2584 3257 2638 Ita
3315 2599 3439 2638 vero

1881 2685 1994 2738 haec
2027 2684 2323 2746 habebunt,
2358 2682 2633 2735 habebunt
2659 2683 2752 2733 ita.
2783 2679 2962 2747 Neque
2994 2678 3136 2732 enim
3163 2692 3281 2745 qum
3312 2675 3441 2729 offe—

1881 2777 2052 2831 rimus
2083 2776 2315 2840 cantiea,
2346 2774 2590 2827 inutilem
2618 2781 2823 2825 tantum
2858 2772 3143 2825 verborum
3167 2772 3439 2831 ornatum,

1882 2884 1915 2924 o
1949 2867 2376 2925 sacratissimum
2416 2864 3064 2932 admirabilissimumque
3108 2860 3203 2915 Dei
3232 2860 3443 2914 habita-

1883 2962 2086 3024 culum,
2107 2961 2305 3015 habent
2329 2976 2342 3013 :
2376 2973 2548 3028 neque
2573 2972 2786 3021 rursus,
2811 2955 3124 3011 saecularem
3154 2951 3442 3023 quamdam

1882 3054 2248 3124 nugacitatem
2271 3092 2286 3117 ,
2318 3051 2564 3121 falsaque
2605 3048 2990 3104 assentationis
3020 3046 3165 3101 velut
3210 3044 3445 3098 crocita-

1884 3154 2087 3211 menta,
2124 3145 2386 3215 spiritalis
2411 3151 2503 3198 tua
2532 3141 2695 3196 habet
2722 3139 2983 3204 laudatio,
3018 3153 3049 3191 ο
3074 3135 3182 3190 Deo
3205 3134 3442 3197 laudata,

214 3219 381 3306 Θεοῦ,
554 3241 874 3312 εὐμήκηςγό
907 3241 1087 3307 τόπος
1119 3219 1228 3310 τῆς·
1272 3219 1538 3309 κτήσεως
1574 3219 1777 3297 αύτοῦ.

1884 3252 2112 3309 quaeque
2135 3237 2301 3293 Deum
2329 3236 2445 3306 ipsa
2468 3219 2756 3289 lactentem
2782 3232 3013 3295 habeas;
3033 3243 3177 3291 eum,
3199 3226 3443 3296 inquam,

209 3336 429 3406 Μέγας,
459 3334 563 3388 καὶ
588 3337 699 3388 οὐκ
722 3334 846 3403 ἔχει
875 3332 1159 3399 τελευτήν
1181 3351 1194 3362 ·
1224 3334 1464 3402 ὑψηλὸς
1508 3334 1603 3388 καί
1644 3333 1783 3404 ἀμέ-

210 3443 445 3494 τρητος.
469 3427 679 3489 Ὄντως
704 3424 831 3496 γὰρ,
863 3424 1027 3488 ὅντως
1059 3425 1391 3496 προφητικὸς
1421 3426 1665 3497 χρησμὸς
1690 3428 1783 3480 καὶ

216 3519 450 3589 ἀψευδὴς
501 3517 660 3585 λόγος
708 3513 861 3580 οιῖδτος
909 3517 1005 3586 τῆς
1050 3520 1178 3588 περὶ
1222 3517 1281 3569 σὲ
1334 3516 1744 3588 μεγαλειότητος
1766 3535 1778 3547 ·

211 3612 336 3664 ίιότι
363 3613 465 3665 καὶ
497 3610 633 3681 μόνη
669 3608 1102 3681 συμμερίσασθαι
1133 3608 1251 3679 Θεῴ
1270 3608 1335 3662 τὰ
1354 3608 1447 3661 τοῦ
1482 3609 1614 3662 Θεοῦ
1655 3626 1785 3662 κατ-

214 3702 466 3771 τδξίωται,
499 3702 633 3754 Θεὸν
682 3701 988 3771 γεννήσασα
1022 3701 1182 3772 σαρκί⁵
1222 3700 1392 3771 μόνη,
1426 3700 1516 3753 τὸν
1551 3703 1614 3753 ὲκ
1649 3700 1783 3754 Θεοῦ

215 3795 427 3866 ncepta;
481 3792 785 3865 μνογενῶς
833 3794 926 3845 καὶ
965 3792 1240 3856 συναῖδίως
1287 3791 1627 3863 γεννηθέντα.
1661 3792 1785 3846 Φιλ-

215 3885 429 3956 αλήθως
462 3885 578 3956 (72)
620 3884 726 3938 οἶδε
768 3884 911 3953 λόγοι
950 3884 1182 3948 πίστεως
1211 3885 1542 3955 ἀκραιφνοῦς
1571 3885 1787 3954 ἀντεχο⁹

1888 3334 1980 3404 qui
2020 3332 2252 3403 primum
2284 3344 2407 3386 esse
2432 3326 2753 3382 mortalibus
2781 3322 3061 3378 nativitate
3095 3320 3313 3385 tribuit;
3351 3316 3445 3373 sed

1887 3423 2171 3477 veritatem
2225 3419 2513 3491 quamdam
2560 3431 2785 3488 prorsus
2826 3411 3185 3483 perspicuam.
3224 3406 3446 3464 Deficiet

1889 3516 2031 3573 enim
2064 3530 2165 3570 nos
2208 3521 2418 3582 tempus
2463 3512 2781 3580 futurasque
2827 3503 3168 3578 postmodum
3223 3514 3448 3573 genera-

1888 3609 2085 3671 tiones,
2115 3607 2160 3662 si
2194 3613 2246 3660 te
2279 3604 2502 3659 Matrem
2536 3602 2685 3673 Regis
2715 3599 3028 3655 swculorum
3061 3596 3106 3627 ’³
3137 3594 3314 3666 dignis
3343 3594 3451 3648 elo-

1888 3703 1990 3771 giis
2013 3699 2341 3753 voluerimus
2370 3697 2581 3752 beatam
2606 3694 2933 3765 prtedicare;
2964 3700 3021 3744 ut
3041 3687 3273 3760 quodam
3306 3688 3446 3751 loco,

1889 3788 2143 3844 erudiens
2207 3801 2367 3857 quam
2422 3785 2499 3841 sis
2560 3780 3160 3853 incomprehensibilis,
3216 3777 3453 3848 inclytus

1890 3879 2149 3951 propheta
2191 3878 2305 3933 ait:
2342 3877 2513 3944 Quam
2556 3892 2747 3946 magna
2791 3874 2979 3928 domus
3013 3872 3140 3935 Dei,
3179 3880 3225 3923 et
3276 3870 3452 3939 ingens

1894 3974 2034 4031 locus
2057 3969 2401 4041 possessionis
2424 3969 2573 4039 ejus!
2606 3967 2661 4022 Μ
2667 3984 2852 4039 agnus,
2886 3977 2934 4021 et
2959 3983 3060 4021 non
3088 3964 3238 4018 habet
3262 3965 3451 4034 ﬁnem;

213 4071 462 4124 sublimis
522 4078 678 4141 atque
724 4067 1005 4124 immensus
1063 4069 1130 4124 ".
1185 4066 1351 4122 Plane
1415 4068 1600 4129 enim,
1656 4067 1813 4139 plane
1858 4064 2235 4136 propheticum
2286 4062 2606 4127 oraculum,
2654 4060 3083 4128 verissimusque
3145 4056 3233 4110 hic
3275 4068 3458 4109 sermo

212 4165 275 4220 de
306 4165 726 4237 magniﬁcentia
776 4166 867 4220 illa
911 4174 1000 4219 tua
1043 4173 1097 4219 et
1154 4164 1438 4234 majestate
1490 4163 1782 4233 procedit:
1841 4175 1966 4215 nam
2021 4166 2075 4215 et
2122 4159 2271 4222 sola,
2314 4173 2504 4213 eorum
2543 4171 2664 4226 qua:
2712 4161 2840 4210 sunt
2889 4151 3014 4217 Dei,
3070 4156 3279 4221 partem
3330 4160 3455 4201 cum

217 4263 319 4319 Deo
379 4264 592 4319 habere
656 4263 940 4329 meruisti;
990 4277 1109 4333 quae
1170 4261 1282 4316 sola
1334 4259 1501 4316 Deum
1559 4274 1626 4315 ex
1679 4256 1786 4313 Deo
1859 4255 2018 4311 Patre
2061 4256 2291 4325 unigene
2334 4268 2399 4308 ac
2441 4252 2768 4321 sempiterne
2812 4250 3086 4321 genitum,
3139 4258 3303 4299 carne
3364 4257 3467 4317 get

212 4360 433 4414 nueris.
474 4357 555 4412 Ita
578 4360 848 4413 veraciter
882 4358 1160 4422 sentiunt,
1191 4356 1283 4427 qui
1318 4356 1586 4411 sinceram
1623 4353 1782 4410 ﬁdem
1814 4354 2233 4424 amplectuntur.

276 4454 385 4507 IA'.
448 4446 834 4521 Ἀπολάὗωμεν
863 4450 920 4502 δὲ
964 4450 1167 4512 λοιπὸν,
1215 4443 1261 4503 ὧ
1308 4447 1781 4518 φιλομαθέστατοι,

1963 4444 2053 4502 XI.
2077 4443 2366 4507 Caeterum,
2398 4439 2544 4513 quod
2573 4438 2841 4508 reliquum
2861 4442 2963 4498 est,
3002 4431 3305 4493 sciendum,
3342 4434 3461 4483 stu-

209 4544 295 4596 τδν
318 4543 579 4611 θεοδόχον
615 4540 946 4613 πρεσϐύτην,
980 4541 1073 4594 καὶ
1104 4540 1299 4610 εὐσεϐῆ
1328 4538 1661 4604 διδάσκαλον,
1693 4534 1781 4593 ὦδε

1893 4540 2206 4595 diosissima
2240 4535 2455 4601 concio,
2486 4547 2669 4589 senem
2699 4540 2947 4586 nostrum
2964 4526 3059 4580 Dei
3083 4529 3458 4592 suseeptorem

211 4652 310 4686 που
338 4634 681 4705 διανήξαντα
709 4634 988 4705 σωτηρίως
1012 4635 1075 4687 ἐκ
1118 4630 1213 4685 τοῦ
1263 4630 1589 4704 παρθενικοῦ
1625 4630 1792 4684 πελά-

219 4744 371 4792 γους·
421 4727 518 4778 καὶ
561 4726 1012 4797 διαναπαύσωμεν
1057 4724 1509 4798 ὲμπεφορημὲνον
1544 4724 1657 4795 ἅμα
1696 4723 1793 4793 τῆς

209 4817 361 4881 θείας
414 4818 679 4885 ἐφέσεως,
706 4818 800 4870 καί⁸
841 4819 1317 4889 ὲμπορευσάμενον
1349 4819 1482 4887 ήμῖν
1520 4815 1615 4886 τήν
1655 4832 1791 4869 παν-

208 4908 390 4962 όλϐιον
424 4908 697 4979 θεολογίαν
719 4928 733 4941 ·
758 4911 847 4964 καὶ
884 4911 1050 4983 ἴωμεν
1082 4913 1242 4984 ἡμεῖς
1270 4910 1405 4982 πρὸς
1442 4908 1501 4962 τὸ
1547 4908 1672 4978 ἐξῆς
1701 4908 1794 4964 τοῦ

210 5000 399 5070 λόγου,
424 5003 684 5066 ἀπλανῶς
723 5004 858 5073 πρὸς
887 5004 977 5056 τὸν
1012 5003 1368 5075 προκείμενον
1400 5003 1599 5056 σκοπὸν
1630 5002 1797 5054 ἀπευ-

210 5091 472 5156 θύνοντες
507 5094 604 5146 σὺν
636 5093 827 5165 ὁδηγίᾳ
856 5092 949 5145 τοῦ
976 5093 1277 5166 κρείττονος
1293 5091 1391 5163 τὴν
1419 5092 1623 5163 τρίϐον,
1650 5091 1797 5152 ὅπως

214 5184 287 5255 μή
350 5186 539 5256 πάντη
590 5178 739 5255 ὦμεν
783 5184 1020 5256 ἄκαρποι
1059 5185 1152 5239 καὶ
1205 5184 1511 5247 ἀσυπελείς
1561 5184 1696 5255 πρὸς
1730 5182 1796 5235 τὰ

208 5273 428 5327 δέοντα.
478 5274 633 5326 Ἐπὶ
669 5269 761 5327 οῦν
797 5274 1198 5346 συνεκλήθησαν
1232 5275 1365 5346 πρὸς
1406 5274 1475 5327 τὰ
1517 5274 1676 5344 ίερῶς
1707 5290 1795 5326 τε-

207 5365 465 5434 λούμενα
500 5364 767 5435 ἱερωσύνη
792 5382 849 5417 τε
879 5365 970 5418 καὶ
995 5366 1296 5436 προφητεία
1315 5405 1328 5429 ,
1366 5365 1456 5418 καὶ
1493 5366 1795 5437 παρειστή-

276 5566 328 5596 ετ

288 5814 417 5886 (7-1)
451 5814 814 5880 Φιλαλήθεις.
845 5814 1175 5886 Φιλαλήθεις.

475 5560 596 5632 Reg.
652 5578 822 5628 χχιιι,
866 5563 951 5616 17.
1026 5563 1072 5595 ⁸³
1104 5561 1276 5617 Exod.
1321 5579 1493 5625 xxxv,
1541 5563 1624 5617 I7.
1700 5563 1748 5595 “
1790 5562 1941 5618 Psal.
1980 5580 2097 5629 cm,
2139 5563 2194 5620 2.

210 5634 251 5663 ’⁷
304 5632 489 5687 Exod.
530 5649 635 5696 xx,
680 5634 768 5687 12.
843 5635 888 5666 ’³
928 5635 947 5687 Ι
989 5634 1125 5689 Tim.
1171 5651 1206 5699 I,
1250 5635 1332 5691 l7.
1407 5636 1452 5667 ⁹⁹
1480 5634 1790 5705 Barac/1m,
1817 5635 2013 5702 24,95.

1897 4634 2155 4702 piumque
2183 4627 2481 4688 doctorem,
2520 4624 2626 4679 huc
2652 4621 2945 4678 salubriter
2972 4632 3001 4671 a
3033 4613 3280 4685 virginali
3309 4611 3457 4682 pela-

1894 4740 1963 4795 go
1993 4722 2430 4791 adnavigantem,
2464 4715 2829 4785 suscipiamus
2856 4752 2869 4776 ,
2895 4712 3115 4781 jamque
3145 4707 3330 4761 divino
3360 4721 3461 4761 suo

1896 4815 1988 4867 illo
2011 4810 2284 4868 desiderio
2306 4813 2679 4865 exsaturatum
2706 4805 2909 4874 pariter
2928 4840 2943 4865 ,
2997 4815 3060 4853 ac
3090 4797 3457 4852 beatissimam

1896 4906 2041 4960 illam
2080 4901 2404 4971 theologiam
2452 4899 2609 4955 nobis
2653 4897 3062 4956 advectantem,
3119 4903 3458 4952 recreemus;

1897 5000 2110 5070 ipsique
2144 5011 2452 5052 sermonem
2482 4994 2750 5064 reliquum
2789 5002 3185 5062 prosequamur
3217 4984 3284 5037 ad
3325 4997 3462 5053 pra:-

1899 5092 2146 5147 stitutum
2182 5089 2339 5144 nobis
2387 5103 2645 5157 scopum,
2699 5084 2790 5140 Dei
2843 5082 3031 5153 optimi
3076 5079 3278 5139 ductu,
3315 5081 3463 5127 certa

1898 5182 2110 5237 ratione
2143 5195 2363 5235 cursum
2392 5178 2718 5249 dirigentes;
2753 5183 2814 5229 ut
2856 5188 2923 5228 ne
2971 5183 3231 5241 prorsus,
3280 5164 3345 5217 ad
3398 5178 3463 5216 ea

1899 5288 2017 5343 qua:
2047 5273 2388 5335 incumbunt,
2422 5278 2476 5325 et
2504 5277 2815 5323 nostrarum
2839 5272 2967 5320 sunt
2998 5263 3230 5333 partium
3249 5300 3262 5322 ,
3289 5255 3465 5311 infru-

1899 5365 2055 5437 giferi
2102 5364 2431 5433 iuutilesque
2486 5360 2848 5414 inveniamur.
2899 5355 3035 5410 Cum
3073 5355 3253 5423 itaque
3288 5348 3355 5403 ad
3398 5361 3465 5403 ea

2299 5564 2344 5597 "
2382 5561 2494 5619 ler.
2540 5577 2714 5630 χχιιι,
2753 5560 2844 5620 24.
2922 5559 2968 5591 ’⁸
3008 5556 3198 5629 Ephes.
3241 5569 3292 5611 νι
3320 5592 3335 5620 ,
3377 5550 3467 5611 16.
