3980 6318
533 279 639 336 373

1488 276 1546 335 S.
1588 276 1916 335 METHODII
1949 276 2257 343 EPISCOP]
2297 277 2386 334 ET
2425 276 2778 334 MARTYRIS

3604 293 3692 351 376

533 413 691 461 sacra
716 441 731 467 ,
756 398 1115 456 sacerdotium
1132 436 1148 459 ,
1207 398 1599 470 prophetiaque
1621 440 1636 461 ,
1670 401 1871 470 pariter
1898 407 2093 456 vocata

2197 399 2386 472 κειτῷ
2433 399 2626 473 ἐνδόξῳ
2654 401 2747 454 καὶ
2788 398 3095 473 παρθενικῷ
3143 399 3311 474 θρόνῳ
3350 401 3559 475 ξυνωρὶς
3594 408 3698 465 θεο.

537 497 722 548 essent
747 491 1092 562 gloriosoque
1124 487 1364 559 Virginis
1386 489 1605 555 throno,
1632 491 1755 561 biga
1784 494 1896 546 haec
1921 506 1952 545 a
1985 491 2094 545 Deo

537 585 831 643 electorum
866 580 1171 649 justorum;
1209 578 1500 649 Simeonis,
1536 583 1780 653 inquam,
1816 590 1870 639 et
1894 582 2091 651 Annae;

539 675 912 747 apertissimas
938 673 1220 744 utriusque
1253 675 1437 745 populi
1480 675 1744 746 imagines
1785 675 1840 730 in
1874 691 1934 731 se
1956 692 2094 747 pra:-

538 766 825 823 ferentium
847 805 862 827 ,
899 766 1165 821 astitisset
1189 764 1334 837 (nam
1364 782 1529 822 senex
1551 767 1770 838 quidem
1837 766 2095 823 Israeliti-

535 875 659 916 cum
694 859 986 930 populum,
1018 859 1238 929 jamque
1285 868 1654 915 senescentem
1686 868 1741 915 et
1762 858 1971 917 eﬁ‘etam
2013 860 2092 915 le-

536 965 653 1020 gem
701 948 1019 1014 exhibebat;
1071 948 1229 1004 vidua
1271 956 1449 1003 autem
1504 947 1802 1004 Ecelesiam
1852 952 2092 1021 gentium

535 1046 763 1095 eatenus
790 1038 1080 1108 viduam),
1115 1052 1281 1094 senex
1305 1036 1554 1108 quidem,
1585 1053 1684 1093 ceu
1719 1039 1774 1093 in
1812 1039 1948 1110 legis
1972 1055 2093 1110 per-

538 1146 708 1193 sona,
762 1129 1134 1185 dimissionem
1177 1128 1488 1199 quaerebat;
1523 1129 1684 1184 vidua
1719 1137 1899 1185 autem
1928 1169 1942 1193 ,
1993 1146 2091 1185 ceu

537 1221 792 1278 Ecclesiae
819 1236 1105 1291 personam
1130 1235 1344 1291 gerens,
1367 1219 1765 1275 confessionem
1791 1227 1981 1275 contra
2011 1220 2092 1274 af-

539 1312 746 1367 ferebat
780 1314 820 1380 ί,
844 1311 1396 1382 exspectantibusque
1444 1310 1870 1381 redemptionem
1915 1311 1969 1365 in
2004 1309 2094 1366 Je-

538 1405 806 1469 rusalem,
858 1419 979 1475 quae
1018 1404 1085 1458 de
1119 1404 1236 1472 ipso
1272 1411 1428 1456 erant
1454 1402 1702 1457 edicebat
1730 1423 1742 1458 :
1775 1402 1916 1457 sicut
1956 1403 2094 1458 bene

540 1506 704 1567 atque
732 1496 978 1566 apposite
1005 1509 1068 1549 ac
1094 1493 1250 1549 valde
1270 1492 1485 1563 egregie
1506 1534 1521 1559 ,
1548 1502 1603 1549 et
1633 1492 1772 1549 festo
1797 1493 1926 1549 huic
1965 1510 2091 1549 cum

539 1589 731 1658 primis
755 1602 1012 1659 congrua,
1040 1587 1109 1640 ab
1145 1596 1374 1656 utroque
1401 1582 1570 1654 dicta,
1595 1586 1904 1656 conscripta
1942 1593 2089 1643 sunt.

537 1678 831 1750 Oportebat
861 1680 1004 1734 enim
1052 1692 1114 1732 ac
1150 1678 1307 1746 plane
1334 1692 1621 1734 necessum
1647 1684 1800 1742 erat,
1831 1685 1892 1733 ut
1924 1692 2091 1733 senex

2193 493 2405 564 κλήτων
2428 493 2674 560 δικαίων,
2731 493 3012 563 Συμεῶνός
3045 509 3182 564 φημι
3203 494 3294 547 καὶ
3316 495 3519 567 Ἀννης,
3542 499 3678 555 ἐκατέ

2193 601 2301 657 ρων
2330 584 2435 638 τῶν
2463 584 2605 637 λαῶν
2646 582 3041 654 ἐναργεστάτας
3082 584 3347 656 φερόντων
3388 584 3480 651 τὰς
3519 589 3701 655 εἰκόνας

2195 676 2254 747 (ό
2286 676 2383 748 μὲν
2414 676 2741 748 πρεσϐύτης,
2776 674 2869 729 τοῦ
2909 673 3122 747 Ἰσραὴλ
3154 676 3247 729 καὶ
3283 676 3374 730 τοῦ
3400 680 3701 749 γηράσαντος

2190 767 2351 839 νόμου
2372 784 2386 798 ο
2420 770 2452 837 ἡ
2485 768 2541 821 δὲ
2572 769 2735 839 χήρα,
2763 767 2861 837 τῆς
2896 764 2956 830 ἐξ
2979 765 3144 820 ἐθνῶν
3170 767 3341 840 χήρας
3370 767 3428 821 τὸ
3446 771 3705 840 τηνικαῦτα

2203 858 2561 929 Ἐκκλησίας)
2586 876 2598 888 ·
2629 860 2657 911 ὁ
2691 858 2789 929 μὲν
2830 854 2923 912 οὖν
2963 857 3269 931 πρεσϐύτης
3307 863 3704 931 προσωποποιού·

2196 969 2353 1021 μενος
2383 951 2473 1005 τὸν
2525 950 2705 1020 νόμον,
2745 949 2841 1022 τὴν
2890 950 3151 1005 ἀπόλυσιν
3192 951 3458 1023 ὲξεζήτει’
3489 954 3520 1024 ἡ
3547 953 3598 1006 δὲ
3621 957 3703 1026 τῆς

2207 1042 2529 1112 Ἐκκλησίας
2558 1043 2968 1114 προσωποποιὸς
2996 1042 3092 1114 τὴν
3128 1041 3537 1114 ἀνθομολόγησιν
3560 1062 3702 1116 προσ-

2191 1133 2409 1205 εκόμιζε
2445 1132 2579 1205 (75),
2621 1134 2711 1186 καὶ
2740 1135 2852 1197 τοῖς
2886 1132 3334 1203 ἀπεκδεχομένοις
3378 1133 3618 1205 λύτρωσιν
3656 1135 3702 1186 ὲν

2202 1223 2552 1296 Ἰερουσαλὴμ
2596 1223 2664 1277 τὰ
2710 1225 2837 1296 περὶ
2879 1222 3042 1278 αὑτοῦ
3079 1223 3287 1277 ἓελόιλει⁸
3328 1222 3498 1286 καθὼς
3533 1224 3708 1294 γέγρα-

2192 1335 2320 1370 πται
2353 1312 2412 1371 εὖ
2457 1315 2602 1388 μάλα
2640 1316 2908 1388 ἁρμοδίως
2936 1316 3030 1368 καὶ
3058 1313 3345 1391 ὑπεωρυῶς
3375 1313 3440 1367 τὰ
3461 1315 3576 1385 παρ’
3608 1315 3709 1367 ἑκα-

2189 1408 2369 1480 τέροις
2388 1407 2708 1479 λαλούμενα,
2728 1407 2821 1461 καὶ
2846 1409 2911 1478 τῇ
2940 1409 2985 1459 ἰε
2994 1409 3061 1477 ρᾷ
3081 1405 3266 1477 τελετῇ
3297 1406 3359 1457 σύ
3367 1421 3569 1476 μφημα.
3588 1403 3709 1457 Ἔδει

2191 1500 2319 1571 γὰρ,
2354 1500 2458 1553 ἔδει
2494 1498 2677 1568 σαφῶς
2706 1499 2796 1552 τὸν
2836 1498 2932 1569 μὲν
2966 1498 3273 1569 πρεσϐύτην
3304 1497 3635 1567 ἐπιστάμενον
3659 1495 3710 1549 τὸ

2193 1592 2396 1661 φάσκον
2419 1590 2510 1645 τοῦ
2544 1590 2705 1661 νόμου
2745 1590 3044 1660 διάταγμα,
3080 1588 3275 1644 Αὑτοῦ
3317 1588 3578 1641 ἀκούετε·
3604 1585 3706 1641 κσίι

2191 1679 2365 1737 Πᾶσα
2396 1682 2566 1752 ψυχὴ
2611 1681 2742 1750 ἣτις
2767 1680 2844 1735 ἂν
2877 1680 2963 1750 μὴ
3004 1680 3239 1747 ἀκούσῃ
3286 1678 3485 1742 αὑτοῦ,
3533 1677 3711 1741 ἐξολο-

540 1772 794 1841 quidem,
827 1771 919 1841 qui
962 1771 1094 1840 legis
1131 1770 1260 1825 illud
1296 1770 1492 1827 scitum
1531 1771 1819 1841 perspicue
1866 1778 2087 1834 nosset,

2197 1773 2497 1841 θρεύσεται
2537 1773 2606 1826 ἐκ
2647 1772 2752 1826 τοῦ
2801 1771 2953 1825 λαοῦ
2997 1768 3218 1837 αὐτῆς,
3271 1768 3517 1821 ἀπόλυσιν
3554 1766 3713 1836 ἐπιζη-

539 1878 647 1934 quo
685 1862 887 1917 dicitur
916 1882 930 1917 :
962 1861 1140 1932 Ipsum
1164 1864 1371 1927 audite;
1402 1868 1458 1917 et
1501 1880 1513 1915 :
1550 1860 1733 1917 Omnis
1761 1863 1941 1917 anima
1978 1878 2095 1934 quae

540 1957 711 2024 ipsum
737 1973 837 2010 non
860 1955 1106 2019 audierit,
1137 1955 1572 2009 exterminabitur
1603 1953 1668 2009 de
1692 1953 1881 2024 populo
1901 1969 1996 2008 suo
2027 1954 2046 1984 ⁹
2075 1972 2089 2007 :

541 2046 821 2116 pacificam
851 2063 882 2101 a
931 2046 1084 2117 legali
1131 2045 1475 2115 postmodum
1515 2045 1855 2101 institutione
1904 2044 2094 2101 dimis~

541 2140 749 2193 sionem
779 2146 1062 2209 quaereret.
1096 2136 1302 2193 Revera
1333 2137 1479 2193 enim
1509 2137 1707 2207 injuria
1732 2145 1817 2191 est
1842 2144 1896 2192 et
1926 2145 2094 2191 teme-

539 2230 675 2287 ritas
694 2270 708 2293 ,
735 2239 825 2293 ut,
856 2244 981 2299 rege
1022 2236 1287 2299 praesente
1312 2242 1375 2283 ac
1402 2229 1562 2283 verba
1591 2228 1803 2297 publice
1828 2226 2090 2291 faciente,

541 2320 833 2377 satellitum
863 2321 1058 2391 aliquis
1091 2336 1156 2376 ex
1195 2321 1428 2377 adverso
1458 2320 1730 2390 loquatur,
1756 2327 1923 2389 utque
1958 2317 2092 2372 sub-

544 2410 640 2467 diti
675 2411 724 2467 ei
755 2411 969 2465 interim
1006 2425 1167 2466 aures
1208 2410 1639 2465 accommodent.
1671 2408 1852 2463 Sedet
1875 2408 2091 2463 viduam

539 2519 661 2573 quae
717 2501 876 2557 donis
931 2502 1314 2571 superantibus
1373 2501 1636 2556 rationem
1695 2508 1855 2555 aucta
1906 2505 2089 2563 esset,

542 2591 697 2647 festis
724 2590 955 2646 canticis
988 2589 1098 2645 Deo
1119 2590 1322 2660 gratias
1349 2605 1505 2661 agere
1531 2606 1630 2661 par
1664 2598 1780 2644 erat
1809 2608 1822 2642 :
1855 2587 2095 2658 adeoque

539 2682 649 2736 illic
690 2688 875 2751 gesta,
921 2681 1024 2751 legi
1076 2696 1317 2735 consona
1363 2692 1537 2736 erant.
1596 2680 1860 2736 Caeterum
1917 2693 2094 2750 operte

541 2776 773 2844 pretium
825 2773 1028 2837 fuerit,
1070 2773 1446 2842 inquiramus;
1484 2789 1607 2828 cum
1659 2771 1984 2843 prophetica:
2016 2772 2093 2825 in-

542 2864 896 2920 formationes
921 2871 975 2919 et
996 2863 1181 2933 figura
1217 2864 1284 2919 ad
1311 2864 1539 2920 eximias
1577 2863 1742 2920 hasce
1769 2863 2092 2920 festivitates

541 2973 836 3029 congruam
865 2956 1154 3029 quamdam
1177 2957 1489 3013 relationem
1526 2957 1803 3020 haberent,
1837 2957 2095 3025 quemad-

540 3050 756 3105 modum
791 3048 996 3106 dictum
1027 3057 1110 3105 est
1138 3090 1153 3114 ,
1180 3049 1454 3120 quomodo
1482 3049 1676 3104 domus
1710 3046 1859 3103 fumo
1889 3046 2092 3118 repleta

2194 1863 2357 1934 στῆσαι
2394 1864 2674 1936 εἰρηνικὴν
2713 1863 2810 1933 τῆς
2852 1860 3081 1932 νομικῆς
3132 1858 3512 1928 παιδαγωγίας.
3547 1858 3711 1929 ’Ύὸρις

2195 1955 2300 2028 γὰρ
2350 1956 2466 2026 ἅμα
2523 1953 2615 2008 καὶ
2661 1953 2988 2024 προπέτεια,
3047 1951 3310 2022 βασιλέως
3351 1949 3596 2021 παρόντος
3636 1948 3713 1999 καὶ

2192 2045 2660 2119 δημηγοροῦντος,
2695 2045 3039 2115 ὑπασπιστὴν
3082 2044 3440 2115 κατάντικρυς
3467 2040 3717 2110 ἀντιςθέγ-

2193 2140 2403 2209 γεσθαι,
2445 2137 2538 2191 καὶ
2564 2138 2737 2209 τούτῳ
2769 2135 3038 2189 ἐπικλῖναι
3069 2137 3197 2199 τοὺς
3221 2135 3487 2205 ὑπηκόους
3515 2133 3577 2187 τά
3602 2128 3712 2187 ὦτα.

2196 2231 2344 2284 Ἔδει
2372 2229 2427 2282 δὲ
2460 2229 2554 2283 καὶ
2582 2228 2678 2300 τὴν
2721 2228 2914 2299 χήραν,
2948 2226 3215 2297 τυχοῦσαν
3253 2225 3359 2279 τῶν
3391 2225 3521 2296 ὑπὲρ
3564 2224 3715 2292 λόγον,

2192 2322 2261 2376 τά
2291 2321 2684 2393 εύχαριστήρια
2709 2319 2962 2392 ἑορτάσαι
2986 2316 3062 2387 τῷ
3087 2316 3235 2388 Θεῷο
3263 2316 3400 2370 ὥστε
3438 2314 3631 2386 συνῳδά
3652 2313 3717 2383 τῷ

2193 2412 2339 2483 νόμῳ
2371 2410 2437 2464 τὰ
2466 2403 2570 2467 ὦδε
2593 2409 2908 2480 τελούμενα.
2959 2408 3321 2480 Ἐπιζητῆσαι
3350 2407 3407 2461 δὲ
3432 2405 3600 2459 λοιπὸν
3633 2402 3719 2457 τῶν

2193 2503 2504 2571 ἀναγκαίων
2529 2501 2852 2573 καθέστηκε,
2887 2500 3003 2565 πῶς
3036 2501 3142 2553 τῶν
3178 2498 3524 2571 προφητικῶν
3553 2512 3721 2568 προτυ-

2194 2595 2441 2661 πὼσεων,
2498 2592 2679 2657 καθὼς
2746 2592 3140 2657 ἀποδέδεικται,
3183 2594 3284 2646 ἐπὶ
3330 2592 3434 2646 τῶν
3468 2589 3719 2661 ὲξαιρότων

2193 2686 2394 2741 τούτων
2421 2685 2808 2758 ἑορτασμάτων
2848 2683 3128 2756 ἀραρότως
3167 2684 3401 2754 ἐχόντων
3433 2683 3523 2752 τὴν
3553 2682 3722 2747 ἀναφο-

2196 2781 2317 2851 ρὰν,
2352 2778 2556 2833 καπνοῦ
2599 2778 2686 2831 τὸν
2731 2773 2876 2830 οἷκον
2927 2775 3314 2848 ἐμπεπλῆσθαι
3348 2774 3604 2827 λέλεκται’
3644 2768 3720 2823 καὶ

2193 2871 2349 2926 τοῦτο
2381 2869 2441 2923 οὑ
2486 2867 2831 2941 παρενθέτως
2855 2867 2986 2938 (74),
3026 2867 3139 2921 ἀλλ’
3184 2865 3592 2938 ὲνσημάντρως,
3622 2858 3718 2914 ἀπὸ

2193 2961 2302 3030 τῆς
2326 2960 2610 3035 τρισαγίας
2637 2958 2839 3030 φωνῆς
2864 2960 3086 3028 φάσκων
3122 2960 3151 3011 ὁ
3182 2955 3496 3030 εἰσηγητὴς,
3522 2950 3590 3023 ἧς
3613 2947 3719 3004 exb-

2197 3069 2419 3122 κραγον
2463 3052 2512 3103 οἱ
2589 3050 2697 3103 τῶν
2756 3049 3090 3120 ἐπουρανίων
3158 3047 3381 3119 μύσται.
3456 3038 3724 3098 Ἀναλαϐὼν

542 3141 713 3199 fuisse
740 3142 1008 3198 referatur
1048 3163 1062 3199 :
1098 3158 1200 3199 nec
1231 3143 1284 3198 id
1314 3142 1461 3198 velut
1507 3142 1827 3204 ineidenter,
1879 3139 1971 3195 sed
2020 3139 2095 3193 si-

2197 3143 2239 3197 δ’
2280 3138 2401 3207 οῦν,
2430 3136 2475 3196 ὦ
2523 3141 2784 3213 φιλήκοε,
2843 3141 2941 3212 τῆς
2992 3140 3228 3211 ἱστορίας
3278 3138 3341 3192 τὸ
3390 3134 3723 3204 ἐπαγόμενον.

542 3243 793 3307 gnanter,
817 3236 992 3307 inquit
1014 3237 1203 3292 doctor
1234 3235 1624 3307 pr0phetaque,
1655 3250 1687 3287 a
1709 3249 1825 3287 voce
1855 3239 1937 3285 ter
1958 3228 2096 3285 San-

541 3332 665 3381 ctus
719 3342 822 3396 qua
868 3328 1170 3385 cmlestium
1202 3326 1278 3381 illi
1326 3335 1513 3398 mysta:
1552 3324 1854 3379 clamabant
1879 3323 1921 3379 ³.
1953 3320 2096 3376 Sane

540 3416 767 3488 hujusce
791 3419 868 3472 rei
918 3434 1169 3483 causam,
1200 3402 1462 3474 studiose
1514 3415 1748 3480 auditor,
1785 3414 2093 3477 inveneris,

545 3508 704 3561 modo
729 3522 791 3562 ea
831 3523 951 3577 quae
985 3517 1383 3581 consequenter
1416 3509 1578 3575 liabet
1618 3508 1860 3564 narratio
1908 3522 2097 3578 perce~

542 3598 706 3666 peris.
725 3598 926 3652 Audita
952 3600 1119 3664 enim,
1151 3601 1345 3666 innuit,
1368 3599 1615 3665 audietis,
1645 3610 1695 3654 et
1725 3616 1826 3654 non
1850 3599 2099 3668 intellige-

544 3688 648 3750 tis;
679 3697 730 3741 et
761 3689 985 3744 videntes
1010 3690 1271 3758 videbitis,
1294 3700 1469 3747 etnon
1495 3692 1819 3762 perspiciatis
1860 3691 1902 3747 ‘.
1938 3690 2097 3748 Post-

542 3791 706 3847 quam
733 3777 875 3832 enim
904 3780 1088 3834 vesani
1116 3778 1309 3846 Judaei,
1338 3781 1577 3852 prodigia
1599 3782 1834 3852 gloriosa
1858 3798 1975 3853 qua:
1994 3782 2100 3837 Da-

543 3869 716 3923 minus
742 3870 965 3938 ponebat
992 3888 1147 3941 super
1174 3881 1367 3928 terram
1385 3874 1426 3939 ',
1448 3873 1590 3928 sicut
1611 3875 1886 3929 cecinerat
1909 3874 2096 3942 David,

543 3958 993 4029 conspexissent;
1019 3960 1389 4031 vidissentque
1419 3960 1632 4031 signum
1662 3976 1729 4015 ex
1751 3960 2020 4030 profundo
2046 3968 2099 4017 et

541 4048 609 4104 de
636 4048 850 4105 excelso
871 4050 912 4114 ⁸,
946 4050 1292 4107 iucoufusum
1317 4065 1653 4106 concurrens
1676 4050 2096 4121 indivisumque,

542 4142 995 4212 quemadmodum
1061 4145 1222 4200 etiam
1251 4142 1420 4200 Isaias
1472 4144 1794 4216 praedixerat
1843 4162 1856 4198 :
1908 4160 2102 4214 nempe

541 4235 765 4291 Matrem
788 4251 950 4307 supra
976 4244 1225 4291 naturam
1250 4256 1264 4305 ;
1297 4237 1571 4308 fetumque
1592 4251 1755 4306 supra
1788 4237 2050 4291 rationem
2081 4255 2097 4290 :

543 4335 771 4382 matrem
812 4336 1155 4397 terrestrem;
1205 4339 1259 4385 et
1310 4328 1477 4384 filium
1521 4328 1794 4384 caelestem
1823 4348 1835 4383 :
1868 4343 2093 4393 novam,

544 4421 796 4491 inquam,
833 4419 926 4475 Dei
962 4421 1063 4476 viri
1095 4429 1364 4486 naturam,
1398 4419 1853 4493 puerperiumque
1882 4420 2095 4491 nuptia-

2195 3236 2445 3307 εὑρήσεις
2492 3233 2588 3304 τὴν
2630 3233 2827 3287 αἰτίαν.
2869 3229 3036 3299 Ἀκοῇ
3064 3230 3191 3302 γὰρ,
3223 3229 3410 3300 φησιν,
3440 3224 3722 3307 decedente,

2195 3327 2292 3379 καὶ
2315 3327 2386 3379 οὺ
2417 3323 2502 3393 μὴ
2537 3324 2765 3391 συνῆτε
2785 3338 2798 3347 ·
2846 3322 2945 3375 καὶ
2969 3319 3314 3387 ,ϐλέποντες
3343 3315 3619 3385 βλέψητε,
3644 3306 3727 3363 καὶ

2196 3420 2266 3473 σὺ
2286 3417 2371 3488 μὴ
2403 3416 2586 3485 ῑδητε.
2618 3415 2769 3468 Ἐπεὶ
2788 3414 2966 3466 τοίνυν
2992 3407 3127 3465 εἶδον
3159 3410 3470 3481 ἀγνώμονες
3496 3398 3727 3458 Ἰουδαίων

2198 3511 2384 3575 παῖδες
2406 3508 2619 3577 τέρατα
2643 3506 2849 3572 ἔνδοξα,
2873 3503 2911 3558 ἁ
2941 3505 3106 3558 ἔθετο
3136 3505 3168 3557 ό
3194 3502 3341 3569 Θεὸς
3373 3500 3468 3554 ἐπὶ
3506 3494 3608 3563 τῆς
3634 3489 3729 3563 γῆς

2197 3600 2339 3655 κατὰ
2364 3600 2455 3653 τὸν
2492 3598 2723 3671 μελῳδὸν
2763 3595 2955 3649 Δαὸίδ·
2990 3595 3286 3649 ἐθεάσαντο
3311 3592 3368 3646 δὲ
3410 3590 3500 3644 καὶ
3536 3585 3729 3657 σημεῖον

2198 3695 2263 3748 ὲκ
2296 3692 2491 3763 βάθους
2522 3690 2615 3744 καὶ
2650 3687 2708 3754 ἐξ
2741 3688 2905 3758 ὑψους
2935 3686 3076 3742 κατὰ
3096 3685 3314 3740 σύνοδον
3346 3684 3631 3753 ἀσύγχυτον
3652 3676 3731 3730 καὶ

2198 3783 2497 3855 ἀδιαίρετον
2521 3822 2536 3847 ,
2568 3781 2625 3835 ὃν
2678 3779 2877 3852 τρόπον
2920 3775 3375 3850 προανεφιὶωησεν
3418 3771 3625 3832 Ἡσαΐας
3662 3763 3730 3837 (τί

2197 3866 2388 3938 τοῦτο;
2426 3856 2637 3945 μητέρα
2660 3873 2803 3945 ὑπὲρ
2837 3872 3019 3941 φύσιν,
3059 3870 3152 3923 καὶ
3180 3868 3341 3921 τόκον
3397 3865 3532 3935 ὑπὲρ
3562 3862 3728 3928 λόγον’

2203 3967 2412 4038 μητέρα
2458 3966 2724 4035 ἐπίγειον,
2776 3965 2868 4020 καὶ
2916 3964 3028 4017 υἱὸν
3079 3961 3350 4033 οὐράνιον,
3378 3958 3564 4027 καινήν
3609 3963 3729 4022 φημι

2200 4059 2482 4132 θεανδρίαν
2503 4058 2639 4131 (75),
2672 4059 2767 4112 καὶ
2807 4057 2961 4129 λόχον
3008 4054 3385 4125 ἀπειρόγαμον
3417 4071 3431 4087 ο
3457 4046 3532 4107 ὧν
3567 4047 3616 4099 τί
3653 4041 3733 4096 καὶ

2199 4150 2390 4219 γένοιτ’
2412 4150 2478 4205 ἂν
2509 4149 2840 4222 ἐνδοξότερον
2880 4150 2972 4202 καὶ
3008 4145 3453 4219 περιδοητότερον
3488 4136 3622 4212 ἀμφὶ
3651 4132 3733 4202 τὴν

2200 4240 2463 4313 κτίσιν;)·
2498 4242 2592 4296 καὶ
2624 4240 2795 4295 ταῦτα
2829 4240 3167 4311 θεασάμενοι,
3200 4236 3512 4307 διετέθησαν
3559 4231 3629 4293 ὡς
3672 4222 3735 4296 μὴ

2201 4331 2560 4405 θεασάμενοι,
2622 4333 2917 4405 μύσσοντες
2955 4334 3049 4386 καὶ
3099 4328 3449 4399 ὑπτιούμενοι
3498 4321 3625 4395 πρὸς
3654 4313 3734 4384 τὴν

2200 4423 2430 4477 αῖνεσιν·
2469 4424 2557 4479 διά
2601 4424 2756 4478 τοῦτο
2789 4422 3031 4495 ἐπλήσθη
3058 4424 3087 4476 ὁ
3127 4418 3273 4483 οἶκος
3307 4419 3407 4489 τῆς
3450 4412 3737 4484 καυχήσεως

541 4529 660 4569 rum
683 4530 878 4586 expers
909 4535 922 4570 :
967 4515 1180 4588 quibus,
1212 4514 1339 4585 quid
1370 4528 1607 4583 unquam
1630 4511 1922 4584 gloriosius
1950 4512 2095 4567 circa

2199 4516 2378 4572 αὐτῶν
2403 4516 2628 4571 καπνοῦ.

542 4616 883 4672 creaturam,
917 4608 1045 4679 quid
1081 4623 1207 4661 vero
1235 4607 1498 4661 celebrius
1532 4606 1704 4675 possit
1743 4604 1897 4659 fieri?
1942 4604 2087 4670 haec,
2118 4607 2336 4678 inquam
2358 4648 2374 4674 ,
2403 4610 2482 4664 illi
2519 4625 2642 4665 cum
2693 4609 2990 4672 vidissent,
3047 4605 3273 4677 perinde
3304 4601 3479 4659 allecti
3517 4602 3638 4655 sunt
3683 4602 3739 4645 ac

544 4704 592 4757 si
620 4719 730 4759 non
759 4703 1055 4770 vidissent,
1095 4705 1410 4760 claudentes
1448 4703 1667 4770 oculos,
1721 4708 1775 4758 et
1828 4702 1894 4757 ad
1936 4701 2148 4759 laudem
2201 4707 2402 4778 supini.
2445 4707 2734 4778 Propterea
2776 4706 2979 4777 repleta
3044 4710 3129 4759 est
3176 4702 3373 4758 domus
3426 4684 3739 4770 gloriationis

541 4813 729 4853 eorum
798 4798 965 4855 fumo.

651 4896 665 4926 ¹
712 4893 835 4950 Luc.
873 4912 932 4964 ιι,
963 4896 1051 4964 53.
1130 4897 1151 4928 ³
1180 4895 1337 4954 Deut;
1364 4897 1624 4960 xvaEi,
1657 4895 1742 4950 i9.
1818 4896 1837 4925 ³
1869 4893 2074 4962 lsa.vl,

2229 4894 2250 4926 ⁵
2284 4892 2410 4949 ibid.
2434 4893 2500 4959 9;
2531 4893 2646 4949 Act.
2688 4907 2878 4957 xxvm,
2902 4890 2994 4946 26.
3068 4890 3088 4921 ⁸
3112 4887 3265 4944 Psal.
3297 4902 3423 4951 ιιν,
3462 4884 3517 4940 9.
3589 4880 3609 4913 ‘
3632 4876 3733 4933 lsa.

542 4979 641 5027 vn,
667 4964 755 5019 il.

610 5055 725 5128 (75),
756 5057 873 5128 Thr
892 5059 1379 5127 ἀνθομολόγησιν
1400 5056 1800 5128 προσεκόμιζε.
1836 5057 1929 5113 Est
1958 5058 2097 5127 apud

540 5121 1152 5197 ιλιι-ἀνθωμολογεῖτο.
1184 5121 1327 5197 quod
1376 5121 1568 5183 auctor
1602 5121 1672 5181 ut
1702 5121 2097 5182 adversativum

543 5145 673 5178 huc.
707 5145 1152 5197 ανυωμοιογειτο.
1223 5145 1327 5182 non
1376 5145 1568 5183 aue:or
1602 5145 1662 5181 ιιι
1702 5145 2097 5182 auvcrsauvum

543 5194 815 5250 subtiliter
841 5199 1082 5267 exponit.
1115 5145 1271 5267 Vuﬂg.
1295 5207 1526 5263 tantum,
1570 5199 1936 5265 conﬁtebatur.
1971 5198 2101 5250 Era-

519 5278 717 5351 jsmtts,
765 5265 943 5347 palan:
980 5265 1383 5351 ‘ronﬁteba‘tur‘:
1417 5268 1561 5339 quod
1608 5269 1897 5339 adjectum,
1947 5282 2101 5323 sacer

512 5335 529 5369 δ’
544 5342 744 5399 textus,
780 5335 958 5390 minus
980 5335 1111 5391 habt
1124 5355 1179 5393 re
1205 5339 1433 5393 videtur.

612 5404 723 5474 (74)
758 5406 1145 5474 Παρενθέτως.
1191 5406 1352 5463 Velut
1393 5409 1846 5470 concomitanlcr;
1878 5407 1993 5461 ἀλλ’
2021 5409 2108 5460 ὲν-

543 5475 888 5548 σημάντρως,
920 5492 1015 5547 per
1043 5494 1101 5533 se
1125 5487 1176 5531 et
1201 5477 1517 5548 formaliter,
1548 5494 1663 5542 seu,
1697 5487 1754 5531 ut
1783 5478 1851 5530 ab
1879 5479 1994 5545 ipsa
2016 5492 2109 5532 ea-

543 5545 663 5618 dem
695 5545 879 5618 causa,
919 5545 948 5600 ἐι
991 5562 1097 5616 qua
1126 5562 1233 5618 non
1265 5546 1464 5612 fuluius,
1501 5548 1592 5602 sed
1625 5548 1881 5618 splendor
1911 5557 1965 5601 et
1994 5549 2107 5600 cla-

544 5615 702 5678 ritas,
740 5615 1063 5687 videbantur
1103 5617 1320 5670 domum
1361 5615 1670 5687 repleturai
1706 5633 1865 5672 verso
1894 5619 2104 5672 scilicet

548 5687 602 5740 in
645 5701 931 5755 venenum,
979 5686 1214 5740 humana
1253 5686 1477 5753 malitia,
1522 5688 1863 5744 divinissimo
1897 5688 1989 5743 illo
2019 5703 2103 5743 re‘

2206 5059 2404 5113 medio.
2444 5056 2728 5117 Pantinus,
2774 5073 2875 5109 non
2905 5054 3098 5118 leviter,
3131 5070 3192 5107 ac
3220 5052 3357 5123 velut
3382 5042 3742 5123 perfunctorie,

2204 5128 2378 5183 levius
2417 5142 2547 5181 sane
2583 5125 2926 5195 defungentis
2959 5124 3206 5195 partibus
3236 5121 3395 5195 probi
3414 5120 3740 5195 interpretis.

2277 5200 2387 5265 (75)
2421 5195 2651 5263 Καινὴν
2676 5182 3008 5263 θεᾶνδρίαὶε.
3040 5192 3211 5265 simul
3238 5182 3428 5265 phrasj
3457 5182 3747 5265 atque_Dio-

2205 5252 2396 5340 nysius
2423 5252 2622 5340 Areop.
2658 5267 2815 5340 epist.
2846 5252 3005 5340 ἰχθύ.
3028 5252 3581 5340 (Σιιίιιηιλ’θε.ανδρικῆν
3610 5252 3746 5340 ἐνόρ-

2207 5331 2359 5407 γέιαν
2389 5331 2598 5400 statuit,
2624 5331 3133 5407 quadamnimirum
3155 5331 3443 5386 reﬂexione
3469 5331 3745 5407 uuitorum,

2207 5402 2271 5463 ex
2296 5408 2618 5478 arctissimog
2637 5402 2732 5478 illo
2754 5402 2915 5458 modo
2947 5404 3166 5478 unionis
3197 5411 3619 5478 veresuprcmo;
3643 5404 3745 5478 mf:

2206 5480 2461 5533 neutibus
2490 5476 2845 5547 nihilominus
2872 5473 3206 5547 extremisin
3231 5472 3333 5527 sibi
3352 5469 3627 5547 propriis:
3653 5472 3745 5547 qui!

2208 5531 2275 5603 de
2297 5564 2355 5603 rc
2379 5531 2692 5612 doctissime
2729 5544 3108 5612 fusissimeque
3133 5543 3187 5595 in
3206 5531 3749 5609 eamdem'epistulam

2205 5605 2515 5689 propediem
2545 5615 2786 5673 edendus
2813 5622 3001 5671 noster
3023 5605 3316 5668 Maximus.
