3980 6318
211 363 301 423 377

1269 363 1503 422 εΕιιιιο
1541 363 1631 419 DE
1669 362 1967 423 SIMEONE
2002 364 2092 422 ET
2126 365 2333 424 ANNA.

3317 376 3430 432 378

266 483 362 538 IB'.
394 483 506 539 Καὶ
537 484 768 558 ἐπείπερ
801 486 1040 557 ἥκουσαν
1064 486 1158 542 καὶ
1192 483 1346 554 αὖθις
1385 491 1524 564 πρὸς
1562 493 1628 564 τῇ
1659 490 1757 564 θέᾳ

1931 491 2048 549 Xll.
2079 491 2161 547 Ad
2191 492 2306 546 haec
2321 465 2472 558 vero,
2493 505 2618 546 cum
2641 498 2836 562 praeter
2854 491 3246 563 spectacuium,
3270 497 3434 552 etiam

208 575 286 630 τοῦ
326 575 468 647 ὑπὲρ
494 576 623 631 Θέαν
651 577 955 648 πρεσϐύτου
984 567 1341 646 δικαῖοτάτου,
1381 582 1573 656 ἀνδρὸς
1613 582 1762 648 eam.

208 667 404 731 πίστου,
441 668 636 740 ἀνδρὸς
659 669 1042 742 ἀξιοζηλὼτου,
1063 673 1255 745 ἀνδρὸς
1293 676 1761 748 πνευματοφόρου,

209 759 386 830 ἀνδρὸς
419 761 898 832 νομοδιδασκάλου,
929 763 1191 836 ίερωσύνῃ
1220 767 1599 838 τετιμημένου,
1627 785 1763 840 προ-

209 851 392 923 φητείᾳ
437 851 947 926 λελαμπρυσμὲνου,
996 859 1061 927 τῇ
1095 857 1187 911 τοῦ
1219 857 1454 928 Χριστοῦ
1496 859 1670 914 ἐλπίδι
1701 860 1764 914 τὸ

208 943 288 1014 ζῇν
313 946 798 1016 παρεκτείναντος,
831 950 924 1001 καὶ
964 948 1197 1003 Θανάτου
1216 950 1434 1023 ὀφειλὴν
1477 951 1764 1024 ὑπερτιθε-

208 1037 374 1107 μένου,
413 1037 750 1108 χορεύοντος,
791 1040 1250 1110 άνευφημοῦντος,
1285 1060 1766 1116 συμμεταμορφω·

207 1127 350 1197 μένου
385 1131 454 1200 τῇ
482 1128 719 1201 θυμηδία
737 1170 752 1193 ,
783 1129 901 1183 ὅλου
931 1130 1277 1202 ἐξεστηκότος
1302 1134 1421 1204 Θεῷ
1452 1135 1548 1206 τὴν
1595 1136 1764 1206 καλὴν

206 1215 469 1280 ἐπίστασιν,
499 1219 882 1290 ἀλλοιουμένου
919 1223 997 1285 εἰς
1047 1223 1275 1291 ἄγγελον
1317 1224 1414 1296 τὴν
1459 1224 1628 1297 καλὴν
1669 1225 1765 1278 ἀλ-

202 1307 423 1372 λοίωσιν,
447 1312 512 1380 τῇ
545 1312 782 1381 ἀμετρίᾳ
815 1312 911 1382 τῆς
940 1315 1109 1384 χαρᾶς
1128 1313 1196 1366 τά
1218 1316 1606 1388 εὐχαριστήρια
1627 1319 1762 1372 ἀνα-

203 1401 486 1473 μέλποντος
504 1420 518 1430 ·
547 1403 674 1469 Φῶς
697 1408 784 1470 είς
808 1406 1194 1476 ἀποκάλυψιν
1219 1408 1427 1476 ἐθνῶν,
1456 1411 1551 1463 καὶ
1576 1410 1764 1475 δόξαν

197 1489 328 1544 λαοῦ
362 1507 487 1545 σου
525 1493 764 1562 Ἰσραὴλ
794 1496 1253 1568 ἀνακηρύττοντος
1275 1516 1288 1529 ο
1325 1499 1418 1553 καὶ
1445 1502 1540 1571 οὐχ
1563 1501 1763 1555 εἴλοντο

199 1584 412 1638 ἀκοῦσαι
445 1584 518 1637 τὰ
568 1587 850 1653 ἀκουστά,
904 1591 999 1642 καὶ
1052 1594 1165 1654 τοῖς
1211 1594 1550 1664 ἐπουρανίοις
1595 1612 1762 1666 προσ-

198 1675 389 1746 κυνητά
411 1691 426 1704 ·
468 1675 561 1728 διὰ
604 1677 764 1730 τοῦτο
789 1679 1030 1751 ἐπλήσθη
1063 1685 1091 1735 ὁ
1141 1679 1287 1747 οἶκος
1316 1685 1415 1755 τῆς
1442 1687 1762 1758 καυχήσεως

199 1768 355 1819 αὐτῶν
385 1769 624 1823 καπνοῦ.
652 1771 871 1834 Καπνὸς
897 1772 974 1839 δὲ,
999 1773 1165 1844 ὀργῆς
1184 1777 1407 1845 σημεῖον
1437 1776 1530 1830 καὶ
1555 1777 1763 1848 τεκμή-

1867 587 2180 656 spectaculo
2210 585 2503 655 majorem,
2548 600 2733 640 senem
2779 585 3146 656 justissimum
3196 589 3438 646 audivis-

1867 685 2019 744 sent;
2055 678 2228 732 virum
2262 677 2364 732 ﬁde
2392 676 2808 747 dignissimum,
2841 677 3018 731 virum
3071 679 3229 749 plane
3267 697 3438 737 aemu-

1865 770 2068 825 latione
2088 769 2334 839 dignum,
2374 767 2549 822 virum
2571 767 2810 822 alllatum
2837 767 3062 839 Spiritu,
3097 771 3274 826 virum
3303 773 3438 844 legis

1865 861 2174 925 doctorem,
2218 861 2526 916 sacerdotio
2571 859 2935 923 honoratum,
2988 863 3271 932 prophetia
3311 865 3438 920 illu-

1866 959 2055 1014 strem,
2100 968 2194 1023 spe
2216 953 2283 1007 de
2314 951 2534 1007 Christo
2559 961 2824 1022 concepta
2885 951 3008 1008 vita:
3030 953 3228 1008 limites
3249 965 3437 1008 exten-

1865 1043 2116 1107 dentem,
2159 1043 2460 1112 mortisque
2510 1043 2748 1098 debitum
2782 1041 3119 1099 differenten]
3173 1062 3188 1099 :
3235 1044 3431 1110 talem,

1866 1135 2116 1204 inquam,
2148 1149 2272 1188 cum
2294 1133 2595 1199 vidissent,
2628 1132 2990 1197 exsilientem,
3023 1135 3161 1189 bene
3183 1134 3434 1189 ominan-

1863 1235 1974 1284 tem
1994 1267 2009 1291 ,
2041 1242 2151 1298 pra:
2187 1227 2372 1280 laetitia
2397 1226 2565 1280 animi
2595 1226 2649 1280 in
2677 1224 2906 1280 formam
2931 1226 3089 1279 aliam
3121 1233 3388 1280 mutatum
3412 1265 3430 1291 ,

1863 1321 1955 1392 qui
1983 1328 2130 1376 totus
2177 1319 2286 1375 Deo
2330 1319 2657 1374 excessisset
2701 1335 2931 1375 excessu
2979 1320 3204 1389 bono";
3234 1321 3326 1391 qui
3375 1323 3432 1376 in

1864 1414 2113 1485 angelum
2139 1453 2154 1478 ,
2201 1413 2342 1467 bona
2374 1413 2607 1482 quadam
2660 1413 3018 1477 alteratione,
3067 1415 3218 1469 alter.
3255 1414 3436 1470 factus

1862 1507 2181 1572 transisset;
2214 1505 2416 1574 quique
2442 1520 2552 1574 pra:
2582 1504 2764 1574 gaudii
2801 1505 3198 1570 immensitate,
3231 1507 3438 1561 eucha-

1862 1599 2081 1654 risticos
2113 1597 2306 1651 modos
2333 1597 2690 1659 decantaret;
2727 1611 2792 1650 ac
2827 1595 3026 1650 Lumen
3051 1596 3119 1650 ad
3156 1598 3433 1652 revelatio-

1864 1710 1979 1746 nem
2008 1693 2258 1758 gentium,
2295 1698 2342 1744 et
2373 1690 2597 1760 gloriam
2637 1687 2801 1757 plebis
2841 1698 2945 1742 tua:
2984 1687 3157 1743 Israel
3177 1689 3220 1754 ⁸,
3255 1690 3434 1760 palam

1864 1786 2248 1840 renuntiaret:
2284 1799 2384 1838 nec
2431 1784 2510 1838 sic
2559 1790 2742 1837 tamen
2787 1783 2889 1836 sub
2927 1783 3170 1838 auditum
3211 1784 3432 1853 posita,

197 1877 312 1930 ριον,
340 1861 424 1924 ὡς
455 1862 808 1934 γέγραπται·
850 1865 1045 1935 Ἀνέϐη
1084 1869 1314 1933 καπνὸς
1354 1869 1424 1922 ἐν
1465 1869 1612 1939 ὀργῇ
1654 1873 1759 1926 αὺ-

1864 1886 2025 1948 atque
2049 1877 2263 1947 superis
2288 1877 2420 1946 ipsis
2442 1874 2778 1930 venerationi
2814 1875 3084 1938 habenda,
3117 1875 3305 1930 audire
3332 1890 3431 1928 vo.

195 1951 303 2014 τοῦ,
337 1953 443 2005 καὶ
475 1953 599 2022 πῦρ
629 1955 750 2009 ἀπὸ
789 1957 1114 2025 προσώπου
1162 1959 1348 2013 αὑτοῦ
1391 1962 1763 2033 καταφλεγῆ-

193 2061 372 2099 σεται·
419 2047 520 2099 καὶ
571 2049 628 2100 ὲν
672 2048 881 2121 ἐτέρῳο
925 2052 1028 2104 Ἐν
1064 2051 1221 2106 ἔθνει
1274 2053 1502 2107 ἀπειθεῖ
1547 2054 1763 2110 ἐκκαυ-

197 2135 424 2200 θήσεται
449 2138 594 2204 πῦρ.
623 2139 802 2210 Ὅπερ
828 2139 891 2211 δὴ
933 2141 1210 2212 σημαίνων
1239 2144 1268 2195 ὁ
1304 2143 1508 2216 Κύριος
1544 2147 1602 2200 ἐν
1649 2150 1762 2211 τοῖς

196 2227 501 2299 σεϐασμίοις
543 2217 899 2299 Εὐαγγελίοις
930 2233 1083 2302 ἔλεγε
1116 2238 1229 2298 τοῖς
1267 2235 1540 2300 Ἰουδαίοις
1561 2254 1573 2268 ’
1615 2237 1759 2292 Ἰδοὺ

193 2323 407 2390 ἀφίεται
446 2328 481 2377 ὀ
507 2320 676 2391 οἶκος
700 2323 866 2394 ὑμῶν
895 2326 1134 2395 ἕρημος.
1173 2328 1254 2399 Πῆ
1298 2327 1374 2380 δέ’
1399 2328 1648 2398 Πέμψας
1687 2333 1762 2386 τὰ

191 2418 594 2485 στρατεύματα
640 2417 827 2470 αὐτοῦ
854 2420 887 2470 ό
923 2418 1255 2484 βασιλεὺς,
1296 2419 1574 2474 ἀπώλεσε
1617 2423 1761 2488 τοὺς

194 2507 372 2574 φονεῖς
397 2508 702 2575 ἐκείνους,
737 2510 834 2563 καὶ
867 2510 980 2578 τὴν
1004 2513 1184 2565 πόλιν
1209 2511 1406 2566 αὐτῶν
1426 2513 1760 2582 ἐνέπρησεν

193 2596 252 2647 ἐν
267 2599 431 2665 :zvpl.
473 2598 662 2651 Ταῦτα
705 2599 804 2670 τῆς
847 2599 1144 2670 Ἰουδαϊκῆς
1173 2600 1457 2665 ἀπειθείας
1498 2603 1633 2674 πρὸς
1660 2604 1759 2674 τὴν

194 2696 459 2767 τριαδικὴν
503 2694 817 2765 δοξολογίαν
859 2697 1223 2751 ἐναντιώτατα
1244 2700 1312 2752 τὰ
1339 2698 1566 2754 ἔπαθλα.
1609 2697 1760 2751 Ἐπεὶ

196 2787 286 2857 γὰρ
307 2789 546 2860 ἡγιάσθη
573 2789 644 2842 τὰ
694 2790 906 2862 πέρατα
934 2791 1033 2860 τῆς
1069 2792 1160 2844 ὑπ’
1206 2791 1432 2863 οὐρανὸν
1455 2831 1469 2856 ,
1525 2791 1618 2846 καὶ
1663 2792 1760 2863 τῆς

191 2878 331 2950 δόξης
365 2882 578 2952 Κυρίου
611 2881 826 2954 πλήρης
866 2883 1088 2952 γέγονεν
1117 2884 1144 2936 ὁ
1191 2884 1444 2954 μέγιστος
1483 2880 1630 2948 οἶκος
1657 2887 1760 2956 τῆς

203 2971 516 3044 Ἐκκλησίας
545 2975 635 3028 διὰ
665 2975 756 3028 τοῦ
792 2977 1071 3046 τρισαγίου
1111 2977 1485 3048 κηρύγματος,
1515 2979 1590 3042 ὡς
1617 2978 1758 3052 ὕδωρ

189 3064 316 3119 milia
345 3068 764 3121 κατακαλύπτειν
795 3068 1097 3134 θαλάσσας’
1131 3071 1308 3142 ἀπέϐη
1346 3073 1444 3142 μὲν
1477 3073 1660 3136 αὐτοῖς
1689 3072 1757 3126 τὰ

187 3156 410 3228 ᾀδόμενα
429 3199 443 3223 ,
477 3159 880 3231 συνεϐεϐειιώθη
919 3161 974 3214 δὲ
1019 3161 1096 3232 τῷ
1122 3162 1264 3215 τέλει
1293 3163 1440 3234 καὶὴ
1481 3165 1582 3235 τῆς
1621 3181 1756 3237 προ·
1783 3197 1826 3251 C

185 3253 403 3321 φητείας
428 3255 574 3325 ἀρχὴ
601 3253 736 3325 (76),
768 3257 1272 3328 ὲπισημηναμένου,
1322 3257 1574 3328 καθάπερ
1604 3257 1756 3310 λέλε-

186 3360 320 3410 κται,
361 3345 448 3399 διὰ
488 3345 587 3398 τοῦ
623 3345 935 3418 Πνεύματος
965 3347 1057 3400 τοῦ
1089 3350 1326 3420 κήρυκος
1361 3350 1460 3419 τῆς
1501 3349 1756 3421 ἀληθείας

182 3437 232 3487 ὲν
262 3437 628 3508 ὑποδείγματι
655 3437 752 3509 τὴν
794 3439 1092 3509 μέλλουσαν
1121 3439 1387 3512 κακίστην
1415 3441 1618 3495 τούτων
1659 3461 1756 3499 κα-

182 3531 501 3599 τεο-τροφὴν,
535 3531 593 3581 ὲν
629 3525 710 3592 οἷς
740 3547 891 3600 φησιο
925 3529 1034 3584 Τοῦ
1057 3532 1335 3585 ἐνιαυτοῦ
1357 3528 1428 3587 οὗ
1459 3533 1757 3590 ἀπέθανεν

190 3617 354 3686 Ὸζῗας
378 3624 411 3674 ό
436 3619 768 3686 βασιλεὺς,
793 3617 955 3674 εἶδον
984 3620 1093 3674 τὸν
1119 3624 1366 3689 Κύριον·
1399 3623 1474 3686 ὡς
1502 3623 1595 3678 τοῦ
1620 3626 1755 3678 ἀποο

182 3707 360 3760 στάτου
398 3709 588 3772 Ὀζίου
620 3711 701 3772 εἰς
748 3709 1095 3780 παράδειγμα
1142 3709 1339 3773 παντὸς
1380 3710 1470 3763 τοῦ
1515 3713 1755 3766 ἀποστα-

176 3800 314 3852 τικοῦ
348 3801 632 3872 σώματος,
664 3795 752 3853 οῖά
778 3817 839 3852 τε
887 3801 1093 3872 κεφαλὴ
1136 3801 1324 3855 τούτου
1357 3803 1750 3875 τυγχάνοντος,

176 3890 686 3964 ὲκλαμϐανομένουο
735 3893 795 3957 ὃς
833 3893 926 3947 καὶ
971 3894 1128 3965 δίκην
1160 3894 1316 3959 τίσας
1353 3895 1454 3966 τῆς
1497 3896 1754 3963 αύθαδίας

175 3983 476 4054 [stippa-nov,
512 3986 852 4054 ἐγκόλαπτον
881 3986 957 4050 ὡς
1001 3987 1185 4059 χαλκῷ
1211 3987 1490 4058 ἀνδριάντι
1527 3989 1604 4061 τῷ
1630 4007 1752 4061 μετ-

368 4079 736 4149 ἀπηνέγκατο
788 4077 886 4147 τὴν
932 4076 1080 4131 θείαν
1129 4079 1436 4147 ἀπόφασιν,
1503 4078 1753 4152 βδελυρίᾳ

170 4165 384 4240 λέπρας,
443 4171 557 4239 τῆς
605 4169 1014 4240 βδελυρωτάτης
1062 4171 1315 4235 ἀσεϐείας
1361 4170 1461 4235 τὰς
1520 4171 1753 4244 ἀμοιϐὰς

172 4263 318 4314 πᾶπν
337 4262 817 4332 ἐπιδεικνύμενος.
851 4263 1135 4334 Θεοσόφως
1162 4265 1446 4337 τοιγαροῦν
1466 4305 1480 4330 ,
1515 4268 1579 4336 τῇ
1610 4281 1754 4336 παρ-

168 4351 408 4427 εξαγωγῇ
485 4355 592 4426 τῆς
650 4355 940 4426 ἀχαρίστου
997 4359 1352 4429 συναγωγῆς,
1396 4359 1494 4431 τὴν
1538 4360 1753 4412 ἀντεισ-

165 4448 378 4518 ιγωγὴν
436 4450 742 4519 ἐποιήσατο
794 4449 892 4520 τῆς
944 4450 1265 4522 εὐχαρίστου
1313 4453 1512 4522 Ἀννης
1565 4455 1592 4506 ὁ
1644 4453 1751 4506 τῶν

1861 1971 2109 2025 luerunt:
2133 1972 2483 2038 quamobrem
2501 1967 2695 2022 domus
2715 1967 3054 2038 gloriationis
3075 1982 3263 2021 eorum
3284 1966 3434 2021 fumo

1861 2061 2066 2131 repleta
2089 2066 2192 2113 est.
2219 2056 2314 2112 Est
2347 2072 2476 2111 vero
2513 2055 2694 2110 fumus
2727 2055 2940 2125 signum
2978 2054 3090 2117 irte,
3114 2061 3433 2123 certumque

1861 2158 2264 2222 argumentum,
2298 2147 2438 2202 sicut
2461 2147 2721 2214 scriptum
2752 2153 2874 2201 est:
2911 2145 3159 2199 Ascendit
3179 2145 3354 2214 fumus
3377 2145 3432 2198 in

1860 2248 1942 2298 ira
1979 2243 2115 2311 ejus,
2142 2250 2190 2295 et
2216 2241 2354 2310 ignis
2387 2256 2421 2292 a
2456 2239 2592 2305 [acie
2614 2236 2728 2307 ejus
2749 2238 2949 2290 exarsit
2982 2238 3023 2290 ⁸.
3058 2236 3122 2290 Et
3153 2237 3283 2291 alibi
3315 2255 3328 2290 :
3364 2233 3432 2289 In

1859 2343 2008 2406 gente
2039 2332 2333 2387 incredibili
2372 2330 2676 2385 exardescet
2723 2330 2857 2398 ignis
2891 2330 2956 2381 ¹⁰.
2997 2327 3153 2394 Quod
3185 2329 3345 2398 plane
3374 2327 3432 2382 in

1859 2423 2262 2478 venerabilibus
2287 2420 2597 2492 Evangeliis
2628 2419 2945 2490 signiﬁcans
2973 2418 3256 2483 Dominus,
3289 2419 3434 2474 dice-

1860 2517 1953 2570 bat
1975 2515 2179 2572 Judazis
2197 2536 2208 2570 :
2225 2514 2360 2568 Ecce
2387 2515 2708 2585 relinquetur
2736 2512 2922 2566 domus
2947 2521 3116 2566 vestra
3140 2511 3346 2566 deserta
3365 2511 3432 2567 ¹¹.

1859 2607 1982 2662 Alio
2016 2607 2144 2664 item
2170 2609 2295 2664 loco
2327 2624 2341 2661 :
2379 2608 2597 2662 Mittens
2623 2622 2714 2660 rex
2742 2606 3001 2659 exercitus
3024 2620 3168 2664 suos.
3204 2602 3434 2674 perdidit

1861 2699 2153 2755 homicidas
2179 2701 2321 2764 illos,
2353 2711 2403 2754 et
2433 2701 2696 2754 civitatem
2723 2713 2904 2752 eorum
2931 2697 3200 2750 succendit
3227 2697 3337 2767 igni
3365 2697 3432 2751 ".

1858 2791 2036 2863 Atque
2057 2792 2326 2862 ejusmodi
2357 2793 2572 2863 quidem
2613 2799 2740 2849 sunt
2781 2791 3022 2846 Judaicze
3055 2789 3431 2857 inﬁdelitatis,

1861 2898 1967 2952 qua
2002 2883 2228 2951 gloriam
2285 2881 2539 2936 Trinitati
2601 2884 2838 2938 debitam
2891 2881 3096 2937 referre
3141 2887 3428 2944 recusant,

1861 2973 2243 3028 adversissima
2279 2975 2520 3043 praemia.
2571 2974 2864 3045 Postquam
2912 2974 3056 3028 enim
3109 2972 3431 3028 sanctiﬁcati

1860 3073 1985 3122 sunt
2017 3066 2231 3121 termini
2278 3074 2472 3129 terrae,
2533 3067 2844 3137 repletaque
2898 3074 2978 3121 est
3012 3065 3183 3135 gloria
3217 3062 3431 3117 Domini

1860 3158 2095 3212 maxima
2123 3157 2320 3212 domus
2347 3157 2590 3213 Ecclesia
2634 3158 2678 3189 "
2704 3198 2717 3222 ,
2774 3160 2843 3212 ab
2897 3158 3079 3228 hymni
3127 3164 3211 3211 ter
3251 3154 3430 3211 sancti

1860 3250 2243 3322 praedicatione
2267 3293 2281 3316 ,
2329 3265 2426 3304 ceu
2465 3265 2606 3320 aqua
2655 3250 2824 3304 multa
2853 3249 3173 3320 conperiens
3205 3247 3375 3302 maria
3411 3264 3427 3302 :

1857 3348 2156 3398 evenerunt
2188 3341 2407 3411 quidem
2439 3341 2574 3410 ipsis
2596 3357 2716 3412 quae
2747 3348 2907 3396 antea
2931 3340 3146 3394 fuerant
3179 3353 3433 3408 praenun-

1857 3438 2023 3502 tiata;
2071 3434 2366 3505 prophetia:
2408 3442 2590 3489 autem
2636 3433 2850 3488 initium
2893 3433 3054 3488 etiam
3090 3431 3195 3486 ﬁne
3233 3429 3434 3486 conﬁr-

1856 3536 2054 3581 rnatum
2072 3535 2185 3582 est:
2225 3525 2564 3596 signiﬁcante
2589 3565 2602 3590 ,
2636 3531 2695 3579 ut
2716 3524 2920 3579 dictum
2967 3533 3051 3578 est
3073 3563 3087 3589 ,
3130 3538 3226 3594 per
3258 3520 3431 3592 Spiri-

1857 3629 2004 3686 tum,
2038 3620 2185 3673 velut
2215 3619 2268 3673 in
2301 3618 2548 3687 exemplo
2574 3657 2587 3681 ,
2618 3631 2869 3688 pracone
2894 3615 3140 3671 veritatis
3165 3657 3178 3679 ,
3215 3614 3436 3668 teterri-

1856 3727 2000 3767 mam
2039 3727 2226 3768 eorum
2261 3711 2675 3766 subversionem
2726 3709 2996 3771 futuram,
3029 3707 3261 3762 dicendo
3305 3726 3317 3762 :
3362 3705 3431 3761 In

1856 3821 1994 3858 anno
2023 3821 2124 3876 quo
2155 3813 2393 3857 mortuus
2422 3811 2500 3856 est
2546 3801 2707 3856 Ozias
2736 3816 2830 3856 rex
2851 3841 2865 3865 ,
2897 3801 3002 3856 vidi
3046 3799 3329 3854 Dominum
3361 3799 3426 3863 ",

1854 3893 2113 3946 nimirum
2141 3897 2423 3961 assumpto
2440 3888 2573 3944 Ozia
2607 3897 2876 3959 apostata,
2899 3890 3045 3944 velut
3070 3890 3123 3943 in
3147 3891 3432 3961 exemplar

1853 3985 2019 4038 totius
2050 3983 2336 4053 apostatici
2369 3982 2618 4052 corporis
2643 4022 2656 4045 ,
2705 3989 2764 4036 ut
2801 3982 2958 4051 cujus
2996 3991 3159 4052 caput
3186 3990 3371 4052 ageret
3405 4001 3423 4038 :

1854 4078 1946 4148 qui
1988 4078 2185 4141 etiam,
2230 4093 2446 4148 pcenam
2486 4078 2722 4132 debitam
2771 4077 3095 4131 temeritatis
3138 4076 3327 4139 luens,
3365 4077 3423 4131 in

1854 4168 2032 4224 fronte
2071 4177 2329 4238 tanquam
2376 4184 2524 4224 amca
2553 4167 2786 4239 quadam
2836 4174 3050 4232 statua,
3096 4167 3425 4236 insculptam

1853 4261 2153 4331 reportavit
2180 4261 2377 4316 divina":
2429 4261 2654 4315 ultionis
2681 4259 3008 4330 potentiam,
3055 4258 3218 4329 lepra:
3264 4256 3426 4311 leadi-

1853 4360 1964 4408 tate
1998 4351 2312 4408 fmdissimte
2369 4353 2665 4422 impietatis
2711 4351 3122 4406 retributionem
3172 4350 3428 4406 omnibus

1854 4445 2136 4501 exhibens.
2186 4444 2528 4515 Quapropter
2561 4445 2744 4498 divine
2774 4444 3003 4513 sapienti
3035 4443 3276 4511 judicio,
3333 4443 3426 4512 qui

162 4540 528 4595 τελεσθέντων
570 4540 959 4612 προγνώστης,
1003 4540 1070 4615 ἦς
1098 4544 1192 4596 καὶ
1236 4542 1296 4596 τὸ
1337 4545 1506 4615 ὄνομα
1550 4547 1750 4618 προδη-

1859 4555 2038 4593 rerum
2075 4539 2337 4609 praescius
2361 4544 2500 4601 erat,
2534 4537 2815 4606 ejicienda:
2843 4536 3068 4606 ingrata:
3103 4533 3424 4606 Synagogaa,

162 4628 380 4687 λωτικὺν
427 4635 543 4704 τῆς
588 4633 732 4687 κατὰ
787 4635 946 4705 χάριν
990 4634 1228 4708 Χριστοῦ
1284 4634 1374 4688 τοῦ
1425 4635 1560 4689 Θεοῦ
1613 4638 1750 4692 δεδι-

159 4728 480 4799 καιωμένης
555 4727 879 4798 Ἐκκλησίας
929 4729 987 4781 ἐν
1032 4726 1110 4798 τῷ
1158 4727 1513 4801 βαπτίσματι.
1581 4732 1750 4785 Ἅννα

160 4820 260 4890 γὰρ
291 4821 481 4890 χάρις
511 4820 900 4892 ἑρμηνεύεται.

220 5001 316 5056 ﬂ".
368 5001 530 5055 Ἀλλ’
556 5001 720 5055 αὑτοῦ
748 5019 849 5055 που
871 5003 985 5064 τοῖς
1012 5002 1341 5075 προσόρμοις
1385 5002 1748 5056 καταπαύσω-

157 5106 246 5161 μεν
273 5094 382 5166 τὴν
427 5093 810 5164 παυροφόρον
838 5092 1039 5146 ὁλκάδα
1066 5094 1299 5164 (17),τοῦ
1338 5093 1518 5161 λόγου,
1560 5092 1648 5147 διὰ
1685 5093 1747 5148 τὺ

216 5247 233 5276 ⁷
257 5245 304 5300 ll
337 5246 482 5302 Cor.
523 5248 693 5309 ν,1ϐ.

157 5314 202 5370 7.
240 5319 286 5349 ¹³
321 5318 455 5373 Ιδα.
494 5335 570 5384 Vl,
606 5320 660 5384 5,
692 5319 748 5374 4.
828 5321 872 5352 ¹⁸
899 5319 1029 5373 ibid.
1067 5323 1118 5374 1.

218 5457 333 5532 (76)
380 5462 454 5521 Ἡ
507 5463 616 5529 τῆς
663 5463 1025 5533 προφητείας
1072 5462 1249 5533 ἀρχή.
1303 5463 1583 5533 Signiﬁcat
1637 5466 1753 5534 ipsa

154 5534 590 5606 etinsignatione
625 5537 916 5604 temporis.
953 5535 1055 5606 sub
1085 5551 1284 5588 annum
1327 5536 1510 5589 obitus
1547 5537 1688 5606 regis
1723 5551 1753 5589 a

159 5597 259 5676 [leo
293 5597 591 5676 percussi,
631 5597 985 5674 prophetasse
1021 5602 1245 5676 Isaiam;
1297 5605 1460 5676 idque
1506 5597 1752 5674 positno-

156 5668 547 5749 dum'clarius
575 5668 756 5749 verbis
785 5676 1075 5746 expressit,
1106 5668 1251 5746 quod
1276 5668 1544 5746 interpres
1575 5678 1754 5733 minus

160 5742 373 5798 videtur
407 5745 740 5801 advenisse.
856 5742 874 5746 “
1123 5742 1140 5746 -
1420 5742 1438 5746 -
1495 5804 1499 5808 .

223 5809 346 5886 (77)
389 5815 529 5884 Τὴν
571 5819 984 5887 στιιυροφόρον
1014 5814 1259 5872 ὁλκάδα.
1299 5815 1657 5874 Distimitnus
1699 5819 1752 5874 in

785 5249 807 5280 ⁸
831 5247 960 5302 Luc.
989 5265 1050 5308 ιι.
1073 5249 1162 5303 52.
1237 5251 1259 5283 ⁸
1297 5249 1448 5304 Psal.
1483 5266 1614 5318 xvii,
1646 5251 1700 5305 9.

1859 5249 2011 5303 Eccli.
2046 5264 2184 5314 χχιι,
2213 5247 2263 5302 7.
2341 5248 2382 5279 ¹¹
2417 5245 2612 5302 Matth.
2640 5262 2802 5313 χχιιι,
2831 5245 2922 5301 58.

1853 4640 2021 4704 grata:
2079 4631 2225 4686 illius
2274 4630 2452 4684 vidua:
2495 4630 2664 4683 Anna:
2718 4629 3089 4683 inductionem
3137 4628 3428 4697 opposuit;

1853 4723 2012 4794 cujus
2047 4723 2127 4777 vel
2164 4737 2362 4776 nomen
2446 4721 2771 4784 Ecclesiam,
2803 4720 3007 4774 Christi
3041 4719 3131 4774 Dei
3165 4720 3339 4789 gratia
3371 4720 3426 4776 in

1852 4816 2124 4887 baptismo
2155 4814 2508 4884 justiﬁcatam
2536 4853 2550 4878 ,
2589 4812 2901 4884 praesignat.
2931 4811 3066 4866 Nam
3103 4812 3260 4866 Anna
3300 4829 3429 4882 gra-

1853 4910 1984 4962 tiam
2022 4915 2199 4963 sonat.

1924 4999 2062 5054 Xlll.
2097 4999 2364 5054 Caeterum
2403 4998 2528 5063 hic,
2575 5007 2834 5068 tanquam
2885 4996 2940 5050 in
2989 5003 3147 5066 portu
3175 5034 3190 5058 ,
3247 4996 3428 5051 crucis

1855 5092 2139 5163 signaculo
2170 5091 2484 5162 insignitum
2516 5105 2708 5146 navem
2741 5089 3074 5160 appellentes
3095 5127 3110 5152 ,
3161 5088 3432 5142 orationis

3003 5245 3047 5277 "
3073 5242 3268 5300 Matth.
3290 5259 3427 5310 xvn,

1855 5462 2301 5534 interpretatione
2340 5469 2399 5516 nt
2428 5462 2629 5534 habent
2658 5460 3010 5534 Graeca.‘non
3047 5456 3427 5534 ut_Pantinus,

1854 5528 2232 5604 componendo
2259 5533 2340 5597 τὸ,
2368 5531 2674 5604 τοῦλόγου,
2701 5545 2823 5604 cum
2849 5529 3064 5584 ὁλκάδα.
3083 5528 3238 5604 Quid
3266 5543 3429 5597 porro

1856 5606 1943 5658 hic
1983 5601 2183 5682 bl-Xd-Sa
2220 5602 2582 5682 παυροφόρον
2630 5601 3096 5682 intelligatr‘haud
3124 5603 3190 5655 ita
3215 5618 3428 5673 perspe-

1854 5684 2002 5728 ctum
2037 5675 2320 5728 habuerim
2354 5671 2371 5727 ε’
2400 5671 2505 5728 nisi
2539 5673 2676 5726 forte
2702 5676 2775 5724 ita
2808 5671 2959 5735 dicit,
2995 5674 3121 5740 quia
3153 5671 3262 5724 tota
3289 5671 3427 5740 πρα-

1854 5687 2002 5728 ctum
2038 5687 2320 5728 nauuernn
2354 5693 2365 5727 :
2400 5689 2505 5728 msr
2539 5687 2775 5726 mitella
2808 5687 2959 5735 uicit,
2995 5687 3121 5740 quia
3153 5687 3262 5724 una
3289 5687 3427 5793 πεα-

1844 5743 2233 5816 ’γματείαμιιιυο
2277 5753 2538 5814 gestaque
2582 5743 2907 5816 bic_o_mnia,
2939 5751 2992 5797 et
3023 5741 3171 5816 olim
3199 5757 3329 5816 prop
3368 5756 3427 5816 ο·-

1855 5809 1968 5872 tata
2001 5816 2068 5871 ab
2101 5813 2258 5884 ISaia,
2279 5809 2518 5873 ⁷ςιίιιῑιξιιι
2554 5811 2876 5881 respiciunt,
2932 5829 3049 5881 qum
3101 5809 3427 5868 l'uitJuda'is
