3980 6318
565 356 675 418 579

1466 353 1523 409 S.
1568 351 1899 408 METHODII
1937 345 2242 405 EPISCOPI
2283 345 2370 400 ΕΤ
2400 339 2756 399 MARTYRIS
3637 338 3724 395 380

564 483 686 539 vela
715 495 824 551 qua
855 494 986 534 suus
1023 476 1099 530 illi
1131 473 1329 530 modus
1355 475 1653 536 consistat,
1704 471 2121 532 contrahamus;

2235 465 2536 536 σύμμετρον
2560 462 2627 516 τὰ
2665 458 2807 514 ἱστία
2835 455 3178 528 χαλάσαντες,
3233 453 3320 507 καὶ
3353 452 3511 524 μικρά
3543 470 3646 505 τινα
3666 455 3727 518 ὡς

564 572 614 629 si
650 571 810 626 modo
843 568 1013 638 prius,
1047 565 1245 635 quibus
1275 565 1488 619 licuerit
1519 565 1696 619 verbis
1723 562 1966 632 pauculis
1989 601 2004 628 ,
2048 561 2126 614 ci-

2221 553 2332 610 οἷόν
2359 574 2418 609 τε
2442 553 2844 626 χαιρετίσαντες
2873 548 2986 616 τὴν
3010 547 3188 599 πόλιν
3207 545 3308 598 τοῦ
3335 543 3613 608 Βασιλέως
3639 545 3726 599 τοῦ

566 664 783 718 nitatem
818 659 992 728 magni
1019 658 1159 710 illius
1192 654 1342 724 Regis
1363 656 1427 718 ",
1460 669 1568 708 una
1595 669 1718 708 cum
1751 652 2125 707 ecclesiastico

2235 645 2505 714 μεγάλου,
2534 644 2649 713 ἅμα
2675 640 2752 711 τῷ
2781 633 3209 708 ἐκκλησιαστικῷ
3238 633 3368 704 λαῷ,
3391 633 3460 696 ὡς
3495 633 3564 703 τῷ
3595 631 3731 685 πνεύ.

566 751 788 822 p0pulo,
817 758 1070 815 tanquam
1107 745 1300 814 spiritu
1325 751 1617 814 praesentes
1652 758 1716 797 ac
1741 757 1847 795 una
1874 757 1998 796 cum
2029 757 2127 810 po-

569 841 689 898 sitis
712 840 824 892 illic
857 837 1265 892 honorabilibus
1298 833 1546 888 Patribus
1566 849 1628 886 ac
1653 832 1908 887 fratribus
1930 832 2123 886 festum

569 929 711 985 diem
747 938 800 981 et
825 935 1150 981 conventum
1186 930 1440 993 agentes,
1478 923 1613 976 laetis
1656 922 1880 976 vocibus
1923 923 2126 976 saluta-

568 1023 830 1077 verimus.
866 1017 1134 1080 Suivesis,
1165 1016 1348 1068 civitas
1379 1013 1528 1082 Regis
1560 1015 1772 1082 magni,
1813 1013 1867 1067 in
1908 1028 2014 1083 qua
2046 1027 2129 1067 sa-

569 1115 698 1170 lutis
740 1121 941 1168 nostra:
975 1117 1314 1166 sacramenta
1361 1118 1732 1163 consummata
1764 1117 1912 1163 sunt.
1945 1107 2124 1172 Salve,

567 1215 829 1262 terrestre
856 1204 1052 1258 cmlum
1077 1241 1093 1266 ,
1128 1200 1258 1255 Sion
1296 1199 1420 1253 urbs
1463 1199 1717 1268 deinceps
1745 1199 1971 1254 Domino
2001 1199 2130 1269 ﬁde-

569 1300 637 1353 lis
677 1297 741 1352 ¹⁶.
778 1294 965 1358 Salve,
1001 1301 1054 1349 et
1101 1293 1422 1355 illuminare,
1452 1291 1783 1356 Jerusalem,
1829 1309 1948 1346 nam
1994 1291 2129 1346 venit

567 1389 767 1444 Lumen
795 1397 941 1440 tuum
967 1388 1044 1439 ιτς
1079 1385 1284 1440 Lumen
1317 1386 1727 1454 sempiternum,
1754 1385 1956 1440 Lumen
1991 1402 2130 1440 nun-

569 1497 732 1554 quam
766 1495 874 1534 non
907 1478 1225 1532 duraturum
1249 1519 1263 1542 ,
1299 1475 1503 1532 Lumen
1549 1493 1892 1549 supremum,
1925 1477 2130 1533 Lumen

571 1572 814 1628 materim
834 1586 1026 1640 expers
1051 1609 1066 1633 ,
1097 1569 1304 1624 Lumen
1332 1569 1574 1639 ejusdem
1608 1585 1732 1624 cum
1761 1569 1871 1625 Deo
1893 1578 1947 1625 et
1972 1569 2132 1624 Patre

569 1664 843 1726 essentiaa,
873 1662 1078 1717 Lumen
1109 1662 1254 1732 quod
1277 1668 1360 1718 est
1386 1664 1442 1715 in
1467 1660 1677 1731 Spiritu
1723 1669 1777 1717 et
1813 1663 1871 1716 in
1909 1678 2018 1732 quo
2048 1671 2132 1718 est

571 1756 764 1821 Pater,
794 1754 1003 1810 Lumen
1032 1754 1344 1809 illuminans
1376 1754 1571 1808 saecula
1592 1793 1606 1817 ,
1655 1752 1859 1808 Lumen
1887 1761 2001 1809 tum
2037 1772 2132 1809 sn-

571 1847 947 1920 permundana
1000 1853 1114 1899 tum
1155 1844 1428 1898 mundana
1478 1844 1833 1907 illuminans,
1881 1843 2133 1901 Christus

571 1955 735 1996 verus
783 1939 872 1993 ille
916 1936 1060 1991 Deus
1101 1943 1308 1990 noster.
1377 1933 1635 1997 Salvesis,
1691 1933 1885 1990 civitas
1945 1943 2132 1989 sancta

573 2038 735 2099 atque
757 2029 927 2084 electa
962 2025 1328 2096 Domino.Age
1346 2025 1400 2080 in
1427 2026 1608 2080 laetitia
1632 2025 1749 2080 dies
1781 2024 1946 2079 festus
1970 2033 2092 2079 tuos
2116 2042 2131 2078 :

573 2136 674 2175 nec
701 2121 843 2175 enim
876 2119 1136 2190 adjicient
1179 2127 1238 2172 ut
1277 2126 1636 2173 Veterascant.
1699 2116 1891 2181 Salve,
1944 2118 2134 2172 civitas

581 2210 929 2276 felicissima;
972 2210 1203 2279 gloriosa
1239 2210 1382 2264 enim
1415 2209 1558 2262 dicta
1581 2208 1779 2263 suntde
1803 2218 1850 2263 te
1880 2210 1953 2273 ‘3;
2008 2224 2134 2262 nam

572 2299 868 2354 sacerdotes
909 2299 985 2352 tui
1014 2297 1296 2351 induentur
1321 2298 1614 2368 justitiam,
1652 2307 1700 2350 et
1735 2298 1906 2352 sancti
1932 2297 2012 2350 lui
2044 2312 2136 2351 ea:-

573 2389 859 2443 sultatione
898 2387 1238 2442 exsultabant
1281 2389 1358 2452 *9;
1402 2387 1745 2456 mendicique
1792 2387 1869 2440 tui
1922 2394 2137 2441 satura»

575 2480 779 2534 buntur
806 2479 1056 2548 panibus.
1091 2478 1248 2534 Salve
1289 2487 1344 2532 et
1383 2479 1564 2532 laetare
1585 2518 1598 2541 ,
1630 2476 1967 2543 Jerusalem;
2000 2491 2137 2547 quo-

576 2567 722 2622 niam
757 2568 985 2638 regnavit
1019 2567 1275 2624 Dominus
1301 2569 1352 2621 in
1385 2567 1553 2621 medio
1601 2568 1678 2621 tui
1707 2568 1752 2599 ²⁰
1780 2588 1792 2622 :
1831 2567 2092 2623 Dominus
2118 2607 2133 2631 ,

575 2662 796 2730 inquam
820 2699 837 2725 ,
866 2661 988 2724 ille,
1025 2661 1117 2730 qui
1157 2659 1302 2714 nuda
1333 2667 1494 2731 atque
1543 2660 1891 2713 immateriali
1927 2658 2136 2713 Deitate

574 2756 822 2804 nostram
853 2757 1104 2804 naturam
1162 2750 1440 2819 ingressus
1494 2756 1606 2814 est,
1657 2749 1832 2819 deque
1884 2745 2137 2818 virginali

576 2849 732 2896 utero
761 2840 1016 2895 inellabili
1060 2841 1270 2896 ratione
1315 2856 1532 2895 carnem
1582 2841 1756 2895 induit
1808 2860 1821 2895 :
1878 2839 2137 2895 Dominus

577 2933 667 2989 ille
688 2933 781 3004 qui
812 2934 1016 2989 nullius
1041 2943 1320 3004 praeterea,
1360 2949 1521 3003 quam
1550 2931 1678 2988 Adae
1703 2933 1850 2988 illius
1879 2933 2140 3004 supplano

574 3024 674 3080 tati
722 3041 753 3080 a
803 3033 1085 3094 serpente,
1139 3025 1547 3094 conspersionis
1593 3023 1938 3094 participium
1993 3022 2137 3076 iniit.

580 3113 702 3169 Non
728 3115 1056 3185 apprehensis
1087 3115 1233 3170 enim
1264 3114 1462 3184 angelis
1491 3115 1534 3145 “
1557 3156 1571 3180 ,
1614 3115 1681 3168 iis
1703 3153 1717 3177 ,
1751 3113 1970 3182 inquam
1995 3153 2009 3175 ,
2045 3111 2137 3181 qui

580 3208 900 3278 praclarum
950 3206 1102 3260 illum
1154 3205 1399 3259 ordinem
1449 3212 1501 3258 et
1549 3212 1748 3259 statum
1783 3218 1813 3256 a
1869 3202 2140 3272 principio

579 3300 914 3371 assignatum
945 3313 1053 3352 non
1087 3296 1458 3352 deseruissent
1482 3334 1496 3356 ,
1530 3295 1595 3349 ad
1627 3311 1727 3350 nos
1756 3309 1928 3364 usque
1955 3292 2138 3348 Domi-

578 3409 682 3448 nus
708 3408 766 3448 se
797 3391 1108 3458 inclinavit;
1163 3390 1253 3444 ille
1285 3403 1500 3459 semper
1542 3389 1598 3442 in
1641 3387 1747 3442 Deo
1791 3385 1951 3440 Patre
1997 3385 2142 3442 exsi-

580 3493 731 3538 stens
755 3481 897 3538 Deus
921 3480 1175 3536 Verbum.
1213 3479 1284 3533 At
1310 3494 1483 3550 neque
1516 3493 1708 3534 rursus
1736 3492 1830 3533 eos
1863 3477 1957 3548 qui
1995 3475 2144 3533 deci-

579 3574 790 3629 dissent
842 3589 871 3626 a
916 3574 1039 3628 luce
1074 3574 1370 3628 sceleratos
1399 3573 1672 3628 daemones
1716 3578 2055 3634 restaurare,
2088 3569 2144 3625 in

581 3664 841 3718 mundum
869 3663 1048 3730 venit;
1083 3674 1176 3717 aut
1205 3664 1366 3718 etiam
1399 3663 1690 3732 aliquando
1713 3671 2140 3728 restauraturus,

581 3761 642 3806 ut
691 3754 1029 3823 impiissimis
1084 3754 1348 3808 teterrimi
1403 3753 1603 3808 diaboli
1665 3755 1910 3824 patronis
1965 3753 2141 3808 visum

585 3845 720 3912 fuit;
743 3846 834 3898 sed
866 3861 992 3898 cum
1025 3861 1199 3899 semen
1223 3845 1447 3899 Abraha:
1472 3886 1486 3908 ,
1514 3846 1671 3914 juxta
1694 3847 1835 3916 quod
1864 3847 2144 3901 divinissi-

584 3951 707 3990 mus
740 3934 942 3990 Paulus
972 3937 1068 4001 ait,
1086 3951 1257 4006 eoque
1287 3938 1601 3992 universum
1631 3953 1802 4007 genus
1827 3938 2144 4003 humanum,

586 4028 967 4081 universorum
1008 4027 1098 4082 ille
1119 4038 1331 4082 creator
1359 4036 1412 4081 et
1443 4027 1665 4096 plastes,
1688 4027 2144 4096 apprehendisset,

580 4123 722 4176 citra
783 4121 1136 4175 mulationem
1181 4117 1358 4174 factus
1405 4127 1489 4173 est
1535 4119 1698 4174 homo
1725 4138 1739 4174 :
1771 4127 1829 4174 ut
1863 4134 1928 4174 ex
1975 4119 2146 4190 ipsius

582 4210 864 4266 nobiscum
895 4209 1298 4272 communione,
1319 4217 1611 4279 nostraque
1630 4207 1867 4263 vicissim
1887 4209 1952 4263 ad
1971 4209 2148 4278 ipsum

581 4301 898 4357 accessione
924 4301 1131 4371 peccati
1166 4302 1220 4354 in
1254 4317 1353 4355 nos
1386 4302 1652 4372 ingressio
1689 4303 1994 4365 sisteretur,
2026 4300 2147 4369 ejus

583 4395 842 4466 paulatim
871 4393 1054 4449 fractis
1087 4395 1334 4460 viribus;
1387 4393 1615 4462 ipsoque
1652 4408 1791 4448 certe
1836 4394 2010 4447 instar
2045 4393 2144 4446 ab-

2227 756 2354 810 ματι
2398 734 2774 809 συμπαρόντες
2794 771 2809 796 ,
2841 730 2934 784 καὶ
2979 725 3410 798 συνεορτάζοντες
3446 725 3546 787 τοῖς
3583 725 3728 776 ὲχείσι

2223 830 2571 902 τιμιωτάτοις
2603 826 2840 897 πατράσι
2866 822 2958 876 καὶ
2984 819 3247 888 ἀδελφοῖς.
3278 815 3556 887 Χαίροις,ή
3584 815 3731 879 πόλις

2223 921 2329 976 τοῦ
2361 919 2626 991 μεγάλου
2681 911 3002 977 Βασιλέως,
3033 911 3089 962 ὲν
3183 907 3281 977 τῆς
3325 904 3575 975 σωτηρίας
3603 902 3731 973 ἡμῶν

2224 1009 2668 1082 ὲτελεσιουργὴθη
2708 1006 2995 1078 μυστήρια.
3042 998 3325 1070 Χαίροις,ὁ
3359 994 3577 1063 ἐπίγειος
3599 994 3734 1064 obpa-

2226 1105 2336 1166 νὸς,
2360 1101 2496 1154 Σιὼν
2526 1101 2701 1164 πόλις
2738 1093 2922 1161 πιστὴ
2954 1091 3046 1145 τοῦ
3075 1086 3259 1142 λοιποῦ
3297 1084 3372 1156 τῷ
3405 1084 3595 1156 Κυρίῳ.
3621 1083 3734 1136 Χαί-

2229 1211 2361 1264 ροις,
2397 1192 2490 1246 καὶ
2523 1187 2787 1260 φωτίζου,
2823 1180 3233 1252 Ἰερουσαλήμ·
3266 1178 3396 1245 ἣκει
3419 1174 3523 1246 γάρ
3554 1189 3654 1228 σου
3681 1174 3736 1228 τό

2228 1287 2355 1352 Φῶς
2380 1324 2392 1337 .
2423 1282 2540 1345 ⁴Ι)ῶς
2564 1281 2625 1333 τὸ
2653 1279 2838 1340 ἀΐδιον,
2868 1275 2986 1338 Φῶς
3009 1273 3068 1326 τὸ
3097 1271 3335 1335 ἀένναον,
3367 1266 3480 1330 Φῶς
3512 1266 3568 1320 τδ
3595 1266 3737 1336 ὑπέρ-

2228 1393 2407 1437 τατον,
2436 1373 2554 1436 Φῶς
2579 1372 2639 1424 τὸ
2667 1369 2846 1431 ᾰῦλον,
2875 1367 2992 1429 Φῶς
3016 1364 3076 1416 τὸ
3105 1361 3381 1434 όμοούσιον
3403 1357 3492 1412 τοῦ
3515 1356 3634 1412 Θεοῦ
3662 1359 3739 1412 καὶ

2229 1468 2476 1539 Πατρὸς,
2521 1464 2639 1526 Φῶς
2667 1461 2729 1514 τὸ
2772 1461 2828 1513 ὲν
2855 1458 2933 1528 τῷ
2979 1453 3256 1525 ΙΙνεύματι
3291 1451 3428 1523 (78),
3461 1451 3549 1503 καὶ
3595 1450 3644 1539 εν
3665 1441 3740 1515 (po

2231 1538 2420 1626 Πατήρ
2443 1570 2455 1583 ·
2483 1551 2601 1614 Φῶς
2633 1550 2693 1603 τὺ
2741 1549 2981 1618 φωτίσαν
3008 1543 3135 1607 τοὺς
3163 1542 3380 1606 αἰῶνας,
3420 1538 3530 1602 Φῶς
3564 1538 3618 1592 τὸ
3653 1554 3741 1607 φω-

2230 1649 2384 1702 τίσαν
2429 1645 2497 1698 τὰ
2548 1641 2892 1713 ύπερκόσμια
2941 1641 3035 1695 καὶ
3090 1636 3159 1690 τὰ
3203 1635 3494 1705 ὲγκόσμια,
3547 1631 3742 1702 Χριστὸς

2231 1736 2480 1808 ἀληθινὸς
2515 1737 2548 1806 ὴ
2558 1733 2672 1804 μῶν
2700 1731 2853 1794 Θεός.
2883 1730 3126 1801 Χαίροις,
3152 1727 3302 1790 πόλις
3335 1726 3478 1794 ἀγια,
3507 1723 3590 1776 καὶ
3617 1721 3740 1775 ἐκλε-

2164 1819 2204 1872 Β
2231 1829 2466 1899 λεγμένη
2487 1825 2564 1897 τῷ
2584 1824 2797 1896 Κυρίῳ·
2821 1820 3042 1894 ὲόρταζε
3067 1822 3123 1873 ἐν
3148 1818 3450 1891 εὐφροσύνῃ
3471 1815 3561 1878 τάς
3587 1814 3744 1884 ἑορτάς

2235 1939 2350 1986 σου,
2381 1920 2436 1974 αἳ
2465 1920 2525 1974 ού
2558 1919 2632 1990 μὴ
2663 1914 2939 1989 προσθῶσι
2975 1912 3198 1967 διελθεῖν
3221 1914 3298 1974 εἰς
3336 1908 3614 1971 παλαίωσιν
3637 1903 3742 1976 (79).

2233 2015 2484 2085 Χαίροις,
2537 2010 2687 2072 πόλις
2734 2009 2768 2078 ἡ
2813 2003 3224 2073 πανευδαίμων·
3256 2002 3336 2054 ὅτι
3386 1995 3746 2064 δεδοξασμένα

2231 2103 2498 2172 ἐλαλήθη
2530 2099 2663 2168 περὶ
2700 2097 2833 2152 σοῦ.
2867 2099 2931 2150 Ol
2960 2093 3069 2165 γὰρ
3103 2093 3271 2161 ἱερεῖς
3301 2106 3414 2145 σου
3438 2089 3745 2143 ἐτι-δύσονται

2233 2193 2644 2257 δικαιοσύνην,
2673 2187 2768 2241 καὶ
2802 2189 2855 2241 ol
2891 2185 3048 2238 ὅσιοι
3075 2199 3190 2236 σου
3225 2178 3566 2250 (ig-alliciam
3595 2177 3746 2242 ἀταλ-

2232 2285 2564 2346 λιὰσονται,
2582 2283 2744 2335 καὶοὶ
2775 2279 2976 2348 πτωχοί
3000 2295 3092 2330 σου
3120 2275 3564 2348 χορτασθήσονται
3583 2271 3748 2341 ἀρτων.

2235 2379 2480 2448 Χαίροις,
2507 2376 2598 2428 καὶ
2623 2371 2933 2444 εὐφραίνου,
2950 2370 3319 2441 Ἰερουσαλήμο
3342 2369 3421 2420 ὃτι
3442 2363 3754 2419 ἐϐασίλευσε

2233 2470 2449 2536 Κύριος
2472 2466 2540 2519 ἐν
2581 2464 2746 2534 μέσῳ
2795 2477 2932 2516 σου.
2974 2455 3140 2524 Οὗτος
3173 2460 3376 2531 Κύριος
3415 2461 3442 2510 ὁ
3482 2456 3643 2525 γυμνῇ
3680 2453 3754 2505 καὶ

2235 2559 2382 2630 ἀΰλῳ
2411 2561 2479 2630 τῇ
2516 2559 2726 2626 θεότητι
2769 2553 2963 2616 emes;
3003 2555 3068 2623 τῇ
3100 2552 3351 2623 ἡμετέρᾳ
3385 2548 3568 2618 φύσει,
3593 2545 3675 2598 καὶ
3706 2545 3758 2596 ὲκ

2232 2655 2330 2724 τῆς
2361 2651 2691 2723 παρθενικῆς
2719 2649 2909 2721 νηδύος
2948 2649 3250 2718 ἀφράστως
3293 2643 3608 2718 σαρκωθείςο
3637 2634 3760 2700 οὗτος

2234 2745 2437 2816 Κύριος
2457 2745 2484 2796 ὁ
2522 2743 2743 2818 μηδενὸς
2777 2742 2963 2814 ἐτέρου
2996 2744 3053 2796 ὲν
3089 2740 3317 2811 μεθέξει
3358 2738 3629 2808 γενόμενος
3655 2730 3766 2802 πλὴν

2234 2835 2328 2889 τοῦ
2355 2834 2669 2906 φυράματος
2707 2832 2897 2903 Ἀδὰμ,
2922 2831 3015 2886 τοῦ
3039 2831 3144 2885 ὑπὸ
3175 2830 3282 2884 τοῦ
3313 2830 3482 2898 ὄφεως
3509 2821 3767 2879 σκελισθέν-

2235 2946 2346 2992 τος.
2371 2929 2452 2981 οὐ
2482 2926 2589 2997 γὰρ
2621 2924 2890 2996 ἀγγέλων
2928 2925 3487 2993 ἐπιλαμϐανόμενος
3513 2921 3539 2973 ὁ
3579 2917 3764 2989 Κύριος,

2236 3019 2342 3072 τῶν
2372 3017 2444 3090 μὴ
2486 3015 2956 3071 ἀποπεπτωκότων
2985 3016 3083 3085 τῆς
3122 3014 3181 3079 ἐξ
3211 3013 3457 3086 ἀρχῆθεν
3490 3009 3766 3078 ἀποκληρω-

2240 3109 2423 3180 θείσης
2480 3109 2662 3172 αὐτοῖς
2709 3107 2951 3178 ἀοιδίμου
3003 3106 3207 3174 τάξεως
3259 3107 3352 3160 καὶ
3390 3101 3768 3162 καταστάσεως.

2243 3201 2646 3271 συγκατάϐασιν
2700 3198 3000 3264 ἐνεδείξατο
3058 3201 3086 3252 ὁ
3141 3201 3228 3252 ἀεὶ
3280 3201 3339 3254 ὲν
3391 3197 3466 3269 τῷ
3515 3194 3669 3262 Πατρὶ
3711 3189 3762 3242 tiri

2239 3293 2369 3356 Θεὸς
2404 3293 2590 3362 Λόγος.
2623 3291 2757 3345 Οὐδὲ
2801 3292 2926 3355 τοὺς
2970 3289 3443 3351 ἀποπεπτωκότας
3491 3284 3578 3338 τοῦ
3627 3277 3770 3351 φωτὸς

2241 3382 2544 3452 ἀλάστορας
2593 3381 2852 3451 δαίμονας
2884 3379 3361 3450 ἀνακαλούμενος,
3393 3379 3426 3448 ἢ
3475 3375 3565 3430 καὶ
3600 3375 3770 3427 ἀνακσ·

2241 3472 2525 3543 λεσόμενος
2554 3470 2729 3543 (80),
2766 3469 2907 3523 κατά
2950 3470 3074 3533 τοὺς
3121 3467 3520 3530 ἀσεϐεστάτους
3572 3453 3772 3531 πονηροῦ

2245 3564 2598 3636 συνηγόρους,
2623 3563 2701 3634 τῷ
2733 3563 2922 3633 κόσμῳ
2956 3560 3347 3633 ὲπεφοίτησενο
3380 3561 3512 3614 ἀλλά
3548 3555 3774 3622 σπέρμα-

2243 3672 2344 3722 τος
2377 3655 2627 3726 Ἀϐραὰμ
2655 3654 3040 3725 ἐπιλαϐόμενος
3069 3653 3210 3707 κατά
3236 3655 3334 3708 τὸν
3363 3652 3622 3706 θειότατον
3652 3640 3774 3699 Παῦ-

2243 3752 2354 3817 λον,
2382 3753 2474 3805 καὶ
2510 3752 2576 3805 δι’
2617 3751 2779 3828 αὐτοῦ
2835 3750 3033 3813 παντὸς
3083 3748 3176 3803 τοῦ
3232 3745 3570 3820 ἀνθρωπείου
3619 3738 3775 3828 φύλου,

2243 3842 2528 3912 ἄνθρωπος
2579 3826 2963 3915 ἀμεταϐλήτως
3002 3841 3218 3909 γέγονεν
3277 3841 3305 3892 ό
3352 3830 3664 3908 δημιουργός
3703 3826 3780 3882 καὶ

2247 3937 2616 4009 πλαστουργδς
2641 3935 2751 3988 τῶν
2771 3934 3024 3988 ἁπάντων
3043 3949 3055 3961 ·
3083 3933 3229 3994 ὅπως
3252 3931 3344 3984 διὰ
3370 3929 3467 3999 τῆς
3491 3922 3644 3981 αὐτοῦ
3673 3919 3779 3990 πρὸς

2246 4031 2390 4100 ἡμᾶς
2419 4027 2734 4090 κοινωνίας,
2771 4025 2864 4079 καὶ¹
2913 4023 3069 4095 ἡμῶν
3122 4021 3261 4094 πρὸς
3320 4021 3483 4074 αὑτὸν
3525 4010 3782 4100 συναφείας

2249 4097 2578 4189 ύπολωφήσῃ
2605 4116 2700 4186 τῆς
2733 4117 2792 4169 ὲν
2823 4115 2953 4184 ἡμῖν
2995 4110 3264 4184 ἁμαρτίας
3307 4112 3342 4179 ἡ
3384 4107 3649 4166 εἴσδυσις,
3686 4097 3781 4189 tia-

2246 4210 2518 4279 τονήσασα
2548 4207 2688 4261 κατὰ
2719 4207 2914 4278 βραχὺ,
2944 4204 3038 4257 καὶ
3075 4199 3518 4271 ἐκδαπανηθεῖσα
3549 4196 3619 4257 ὡς
3648 4188 3785 4260 κηρὸς

2246 4306 2324 4377 τῷ
2359 4303 2485 4374 θείῳ
2515 4304 2675 4374 πυρὶ,
2705 4301 2734 4352 ὃ
2758 4299 2950 4354 ἐλθὼν
2981 4300 3012 4350 ό
3054 4293 3258 4362 Σωτὴρ
3296 4294 3518 4346 ἔϐαλεν
3557 4285 3648 4342 ἐπὶ
3676 4279 3790 4377 Δτῂν

2248 4372 2361 4467 γιῖν
2388 4372 2560 4466 ἡμῶν.
2591 4372 2811 4462 Χαίροις
2833 4389 3010 4442 τοίνυν
3035 4388 3125 4440 καὶ
3149 4387 3235 4449 σὺ,
3280 4381 3576 4452 Ἐκκλησία
3604 4372 3788 4467 καθολι-

583 4495 800 4558 sumpto
833 4486 926 4543 illo
957 4486 1263 4560 igni,quem
1288 4487 1488 4539 veniens
1511 4485 1768 4541 Dominus
1793 4486 1932 4540 misit
1961 4488 2012 4540 in
2042 4497 2138 4541 ter--

2249 4465 2338 4559 κὴ,
2377 4465 2417 4557 ὴγ
2442 4486 2499 4539 ὲν
2522 4484 2669 4556 πάσῃ
2698 4485 2765 4554 τῇ
2797 4481 2887 4534 ὑπ’
2913 4477 3162 4550 οὐρανόν·
3201 4477 3501 4548 σκίρτησον
3535 4472 3627 4526 σὺν
3661 4465 3790 4539 ἡμῖν.

651 4668 696 4701 ¹⁸
724 4667 870 4722 Psal.
905 4683 1070 4730 vau,
1099 4666 1160 4732 3;
1196 4665 1388 4721 Matth.
1421 4683 1472 4726 ν,
1513 4665 1601 4722 55.
1678 4666 1723 4698 ¹⁶
1751 4665 1864 4722 Isa.
1903 4684 1942 4734 ι,
1969 4668 2058 4724 26.
2136 4675 2138 4683 ‘

2238 4686 2319 4723 sa.
2347 4684 2435 4732 Lx,
2468 4667 2520 4722 i.
2599 4665 2642 4698 ’³
2677 4663 2826 4719 Psal.
2859 4678 3078 4725 Lxxni,
3111 4663 3165 4714 5.
3243 4661 3287 4693 ¹⁹
3322 4657 3481 4715 Psal.
3509 4666 3686 4716 cum,
3719 4643 3793 4700 i6.

580 4739 628 4774 ³⁸
652 4737 765 4793 Isa.
792 4755 891 4805 ιιι,
921 4739 974 4794 6.
1050 4738 1094 4770 ³⁸
1145 4737 1304 4792 Hebr.
1349 4752 1412 4804 ιι,
1439 4737 1523 4791 16.

580 4921 861 4983 seandalo.
906 4927 965 4973 ιιι
1004 4918 1187 4974 minus
1231 4917 1536 4988 reciperent
1571 4917 1947 4988 Evangelium;
1979 4931 2142 4988 quam

576 4991 741 5047 etiam
770 4991 1178 5061 Amphilochius
1207 4987 1412 5053 noster,
1445 4991 1681 5061 signum
1705 4988 1834 5041 illud
1870 4987 2144 5061 Simeonis

580 5063 668 5114 cui
694 5061 766 5115 sit
797 5056 1296 5128 contradicendum,
1323 5067 1468 5114 recte
1491 5056 1711 5129 exponit
1738 5065 1876 5113 orat.
1903 5060 2006 5122 Εὶς
2034 5056 2147 5124 τὴν

590 5130 987 5195 Ύπαπαντήν.

643 5200 754 5270 (78)
784 5199 911 5265 Φῶς
921 5199 989 5252 τὸ
1007 5201 1077 5253 ἐν
1095 5198 1174 5266 τῷ
1192 5199 1505 5270 "reclinari,
1518 5195 1597 5270 rUt
1619 5197 1690 5252 sit
1710 5197 1952 5270 l'o_rmalis
1969 5203 2149 5270 aucto:

578 5264 986 5336 rissententia.
1035 5284 1100 5324 eo
1145 5264 1310 5322 modo
1346 5264 1706 5336 intelligendo
1754 5267 1961 5336 Lumen
2015 5264 2149 5320 illud

576 5334 819 5394 divinum
860 5347 914 5392 et
941 5337 1178 5393 Verbum
1212 5339 1265 5392 in
1302 5334 1667 5407 Spiritu,_quo
1702 5337 1758 5390 in
1786 5351 1850 5391 eo
1878 5335 2044 5407 Pater
2058 5349 2148 5389 as-

577 5410 798 5472 seritur,
843 5417 903 5463 ut
937 5408 1192 5463 nimirum
1227 5411 1297 5463 sit
1333 5405 1390 5463 in
1419 5424 1483 5462 eo
1525 5405 1781 5477 tanquam
1819 5405 2147 5477 principium

577 5487 628 5534 et
660 5480 827 5543 αἰτία,
858 5486 917 5533 ιιι
951 5478 1120 5535 Graeci
1154 5483 1369 5543 vocant,
1405 5478 1458 5532 in
1488 5493 1554 5532 eo
1585 5473 1677 5547 qui
1706 5482 1790 5531 est
1819 5473 1848 5530 a
1882 5473 2148 5547 principio

577 5550 902 5624 natalem;
937 5548 1175 5624 alioquin
1207 5549 1343 5624 nihil
1371 5544 1646 5624 singulare
1677 5557 1770 5601 aut
1799 5544 2018 5624 dig—nunt
2048 5544 2150 5624 τῇς

577 5617 840 5690 Μεθοδίου
868 5613 1176 5690 ἀκριϐείας,
1215 5627 1272 5672 ιιι
1299 5613 1662 5690 facile'quivis
1687 5613 2041 5690 perspexerit,
2066 5613 2150 5690 di-

577 5691 741 5758 citur,
792 5684 1248 5758 Nusquamisane
1294 5687 1457 5758 veteri
1492 5684 1566 5758 illi
1613 5684 1867 5758 Ecclesiae
1913 5684 2150 5758 Orientis

581 5759 685 5815 alia
720 5757 829 5816 luit
861 5755 1050 5814 resera
1083 5756 1216 5812 ﬁdes
1245 5758 1300 5812 in
1326 5757 1429 5812 hoc
1459 5755 1706 5822 articulo,
1740 5772 1900 5826 quam
1926 5755 2147 5819 Latinae,

2243 4929 2552 4986 quanquam
2576 4909 2742 4986 fuerit
2767 4908 3085 4986 nonnulium
3115 4905 3416 4986 discrimen
3449 4903 3505 4986 in
3535 4896 3723 4986 verbis.

2313 4965 2653 5052 (“liii—Alica
2673 4979 2758 5050 μὴ
2799 4976 3103 5052 προσθῶσι
3141 4975 3403 5052 διελθεῖν
3431 4976 3528 5052 ἐίς

2241 5044 2363 5108 mir.
2395 5044 2550 5109 Velut
2581 5044 2948 5106 nimirum'alii
2973 5063 3002 5100 a
3029 5047 3290 5116 legalibus
3315 5045 3499 5116 festis,
3527 5044 3802 5116 antiquatis

2243 5101 3286 5189 illir'isti'a—dv-entu,juxtapropiietiam
3313 5114 3424 5189 lsa.
3455 5101 3610 5189 XLIII.
3641 5101 3799 5189 {91.‘3d

2245 5134 2446 5180 Christi
2479 5134 2737 5184 adventu,
2761 5134 2914 5189 iusta
2985 5134 3280 5187 roptieuam
3313 5134 3424 5170 isa.
3456 5134 3610 5170 XLIII.
3644 5134 3719 5165 la.
3744 5134 3799 5153 au

2245 5211 2408 5264 quam
2442 5193 2642 5246 Paulus
2669 5189 2890 5260 respicit
2918 5134 3112 5242 ifCor.
3139 5202 3193 5251 ν,
3218 5185 3305 5264 i7.
3337 5183 3609 5264 Pantinus
3639 5197 3656 5264 ξ

2245 5246 2561 5318 nonrsinunt
2610 5272 2657 5314 te
2701 5246 3011 5314 veierascere
3042 5272 3060 5310 :
3089 5246 3235 5327 quod
3273 5269 3377 5309 nec
3419 5254 3601 5308 littera
3639 5246 3802 5304 habet.

2248 5349 2348 5389 nec
2381 5349 2543 5389 sensu
2569 5330 2836 5401 congruit.
3055 5397 3064 5401 _
3313 5391 3348 5401 ,,
3460 5393 3493 5401 ,Α
3551 5387 3634 5401 η.
3706 5381 3751 5401 ΑΒ

2322 5403 2432 5475 (80)
2465 5405 2534 5456 Ἢ
2577 5389 2702 5475 καῖ
2721 5397 3262 5475 armasti-{ardyeon
3293 5391 3502 5475 ‘Carpit

2249 5462 2375 5527 nam
2408 5462 2866 5532 ἀποκατάστασιν,
2891 5475 2944 5521 et
2973 5462 3118 5521 illam
3145 5465 3199 5518 in
3233 5466 3506 5533 integrum
3537 5462 3810 5533 restituito:

2251 5525 2374 5596 nem
2397 5543 2558 5596 etiam
2591 5525 2916 5598 daemonum,
2947 5538 3208 5590 adversus
3241 5525 3406 5603 quain
3436 5532 3600 5603 etiam
3633 5525 3808 5603 reliqui

2252 5611 2463 5675 Patres,
2506 5612 2674 5665 nimia
2722 5609 2810 5664 illa
2841 5607 3038 5679 pietate
3071 5613 3125 5662 et
3150 5598 3528 5660 misericordia
3551 5598 3808 5656 damnata,

2253 5681 2581 5752 depugnant.
