3980 6318
235 385 330 442 581

1317 379 1549 437 SERMO
1586 380 1676 435 DE
1715 378 2014 436 SIMEONE
2049 376 2137 434 ET
2176 378 2385 436 ANNA.

3274 378 3285 385 ’
3354 371 3460 428 582

232 499 327 566 Μὴ
344 496 535 567 εροὸοῦ
556 496 978 569 (8!),tdutprr
997 498 1389 567 ποίμνιον,τὰς
1403 499 1695 571 τρικυμίας
1710 501 1794 553 τοῐ

1908 515 2021 552 ram
2048 499 2112 551 ”.
2145 497 2305 553 Salve
2338 496 2504 567 igitur
2520 501 2574 549 et
2604 500 2682 561 tu,
2717 501 2829 547 toto
2847 492 2978 547 orbe
3008 492 3182 563 posita
3217 490 3458 546 Ecclesia

229 588 444 661 ἐχθροῦ·
467 590 555 643 ὅτι
571 589 901 657 εὐδόκησεν
928 592 960 643 ό
990 590 1191 658 Πατὴρ
1209 589 1418 644 δοῦναί
1438 607 1535 644 σοι
1556 591 1669 658 τὴν
1688 592 1794 655 βα-

1901 589 2202 653 catholica,
2240 603 2457 658 unaque
2493 586 2779 640 nobiscum
2809 583 3039 638 exsulta.
3095 580 3177 635 Ne
3232 583 3458 650 pusillus

226 683 489 747 σιλείαν,
518 683 615 736 καὶ
644 683 735 735 ἐπὶ
757 682 1022 754 τραχήλου
1049 682 1155 734 τῶν
1174 683 1381 753 ἐχθρῶν
1410 700 1500 736 σου
1523 682 1794 753 ἐπιϐῆναι.

225 774 395 845 Χαῖρε
424 775 520 827 καὶ
551 774 897 845 εὐφραίνου,ή
924 774 1089 827 πάλαι
1111 775 1296 844 στείρα
1322 775 1414 828 καὶ⁵
1446 775 1636 842 ἄγονος
1666 774 1797 845 πρὸς

226 867 548 930 εὐσέϐειαν,
602 867 719 917 νυνὶ
748 865 803 918 δὲ
850 864 1015 918 πολλὰ
1062 864 1130 918 τὰ
1178 867 1275 936 τῆς
1324 866 1559 929 πίστεως
1603 866 1796 936 ἔχουσα

224 957 412 1009 τέκνα.
452 957 677 1026 Χαίροις
709 956 803 1009 καὶ
832 957 917 1032 ξςὺ,
947 956 1071 1019 λαὸς
1098 955 1191 1008 τοῦ
1213 955 1367 1020 Θεοῦ,
1394 956 1543 1021 λαὸς
1566 957 1798 1024 περιού-

226 1064 385 1113 σιος,
410 1048 738 1111 ,βασίλειον
765 1046 1094 1115 ἱεράτευμα,
1124 1047 1297 1113 ἔθνος
1328 1047 1514 1117 ἅγιον,
1540 1048 1684 1113 λαὸς
1712 1050 1797 1113 εἰς

224 1140 648 1205 περιποίησιν·
696 1136 979 1207 ἐξάγγελε
1026 1138 1130 1203 τὰς
1164 1138 1375 1206 ἀρετὰς
1414 1138 1519 1191 τοῦ
1546 1138 1614 1191 ἐκ
1649 1142 1795 1192 σκό-

226 1245 368 1293 τους
421 1243 497 1281 σε
553 1226 918 1294 καλέσαντος
966 1232 1051 1294 εις
1100 1227 1165 1281 τὸ
1220 1230 1561 1299 θαυμαστὸν
1612 1230 1795 1284 αὑτοῦ

224 1318 351 1391 φῶς
369 1339 382 1350 ·
415 1321 561 1393 ὑπὲρ
591 1321 771 1385 ὲλεους
800 1320 855 1374 δὲ
881 1321 1065 1387 δόξαζε
1098 1321 1278 1375 αὐτόν.

282 1590 387 1643 ῐΔ’.
423 1587 655 1659 Χαίροις
684 1589 763 1651 εἰς
785 1588 928 1658 diem]
959 1586 1190 1657 ἅληκτος
1225 1588 1379 1658 ἡμῶν
1408 1588 1579 1658 χαρά·
1616 1588 1708 1640 ἐπὶ
1736 1586 1793 1639 σὲ

218 1681 323 1750 γὰρ
360 1680 529 1732 πάλιν
564 1678 951 1750 ἁνατρέχομαι.
982 1678 1052 1730 Σὺ
1085 1679 1184 1747 τῆς
1216 1679 1407 1748 ἑορτῆς
1434 1678 1590 1749 ἡμῶν
1618 1681 1789 1752 ἀρχή·

221 1774 279 1826 σὺ
312 1773 591 1842 μεσότης·
628 1772 692 1824 σὺ
720 1770 919 1834 τέλειος
949 1769 1094 1838 (82)·
1134 1772 1161 1823 ὁ
1202 1770 1492 1841 πολύτιμος
1529 1772 1793 1844 μαργαρί-

1897 696 2061 751 grex,
2119 694 2345 750 magnas
2397 676 2604 732 inimici
2664 682 3015 745 tempestates
3078 674 3299 733 timeas;
3335 677 3459 741 quia

1898 773 2211 841 complacuit
2240 772 2396 825 Patri
2425 770 2553 823 dare
2579 767 2671 822 tibi
2693 783 2907 837 regnum
2931 767 3013 831 ”;
3048 774 3101 819 et
3134 773 3192 819 ut
3224 766 3458 819 hostium

1897 871 2113 917 tuorum
2167 863 2345 917 calces
2402 862 2559 915 colla.
2631 859 2790 912 Salve
2843 866 2896 911 et
2947 858 3147 919 laetare,
3180 855 3455 925 quondam

1898 954 2096 1009 sterilis
2135 953 2199 1017 ",
2232 962 2284 1007 et
2313 954 2430 1007 sine
2464 950 2647 1005 liberis
2678 949 2743 1002 ad
2788 948 3066 1017 pietatem;
3100 961 3243 999 nunc
3278 953 3460 999 autem

1896 1046 2096 1099 multos
2129 1045 2338 1099 habens
2373 1043 2495 1097 ﬁdei
2529 1041 2749 1096 liberos.
2783 1037 2941 1091 Salve
2972 1046 3026 1090 tu
3061 1052 3310 1106 quoque,
3364 1033 3458 1089 Dei

1896 1138 2092 1207 popule
2125 1156 2137 1191 :
2170 1136 2358 1207 popula
2407 1144 2641 1203 accepte,
2694 1131 2866 1201 regale
2893 1129 3247 1183 sacerdotium
3272 1167 3288 1191 ,
3336 1144 3459 1197 gens

1896 1238 2099 1292 sancta,
2123 1227 2306 1296 popule
2333 1228 2385 1279 in
2409 1225 2803 1295 acquisitionem
2826 1222 3074 1276 :enuntia
3093 1228 3307 1274 virtutes
3322 1217 3457 1286 ejus,

1895 1319 1984 1388 qni
2037 1327 2085 1371 te
2150 1318 2349 1371 vocavit
2418 1317 2481 1370 de
2539 1314 2760 1367 tenebris
2821 1314 2877 1365 in
2932 1310 3244 1364 admirabile
3289 1309 3461 1361 lumen

1895 1422 2049 1458 suum
2091 1406 2135 1437 ³⁸
2180 1425 2193 1461 :
2236 1420 2400 1476 super
2431 1403 2809 1459 misericordia
2854 1409 3033 1456 autem
3079 1415 3178 1455 sua
3221 1397 3464 1469 gloriﬁca

1893 1512 2040 1551 eum.

1964 1586 2101 1640 XN.
2140 1584 2295 1642 Salve
2331 1586 2386 1641 in
2415 1584 3018 1647 aeternumjndesinens
3063 1589 3247 1635 nostra
3278 1580 3462 1634 laetitia

1897 1678 2011 1750 [Dei
2037 1678 2283 1737 Genitrix
2329 1678 2515 1750 Virgo]
2556 1696 2570 1733 :
2609 1678 2675 1731 ad
2709 1686 2762 1732 te
2800 1677 2943 1732 enim
2978 1690 3171 1729 rursus
3208 1688 3456 1728 accurro.

1894 1770 1973 1823 Tu
2006 1771 2164 1825 nobis
2195 1770 2343 1825 festae
2366 1770 2501 1824 lucis
2534 1769 2779 1836 initium;
2817 1779 2871 1821 tu
2914 1766 3169 1829 medium,
3196 1773 3253 1817 tu
3290 1762 3412 1817 ﬁnis
3442 1781 3458 1817 :

216 1838 446 1934 111517;;
479 1838 785 1931 βασιλείαςο
814 1862 874 1915 τὸ
898 1861 1065 1924 ὅντως
1084 1857 1251 1931 οὖθαρ
1280 1838 1458 1932 πάσης
1482 1838 1788 1930 ἁγιστείας·

1898 1863 2288 1932 pretiosissima
2322 1861 2471 1932 regni
2506 1862 2792 1931 margarita
2822 1878 2836 1927 ;
2866 1874 2993 1913 vere
3028 1859 3197 1912 totius
3229 1856 3465 1909 victima

216 1953 274 2007 τὸ
310 1953 564 2023 ἔμψυχον
599 1952 982 2023 θυσιαστήριον
1025 1950 1118 2004 τοῦ
1145 1952 1308 2022 ἄρτου
1340 1953 1436 2022 τῆς
1466 1951 1627 2024 ζωῆς.
1658 1955 1794 2007 Χαί-

221 2064 349 2116 ροις,
388 2044 620 2115 ἀγάπης
653 2044 786 2097 Θεοῦ
816 2044 1088 2115 θησαυρέο
1124 2045 1355 2115 χαίροις,
1390 2045 1794 2116 φιλανθρωπίας

218 2136 341 2189 Υἱοῦ
392 2137 590 2205 πηγή·
645 2136 871 2206 χαίροις,
902 2134 1216 2205 Πνεύματος
1260 2134 1414 2203 ἁγίου
1467 2136 1794 2189 κατάσκιον

221 2224 368 2292 ὄρος.
412 2223 763 2295 Ἦστραψας,
798 2223 1109 2293 γλυκύδωρε
1142 2224 1399 2294 γεννῆτορ
1440 2224 1614 2293 φωτὸς
1643 2224 1793 2294 ἡλια-

219 2313 579 2383 κοῦ,πυρσοῖς
612 2314 1005 2383 ἁκαρτερήτοις
1047 2311 1264 2381 ἀγάπης
1305 2311 1698 2383 ὑπερζεούσης,
1731 2314 1792 2366 τὸ

219 2405 315 2475 πρὸ
347 2405 531 2475 ἀρχῆς
566 2396 867 2474 συλληφθὲν
895 2406 952 2457 ὲν
976 2403 1051 2473 τῷ
1080 2404 1221 2456 τέλει
1257 2403 1509 2466 τεκοῦσα,
1546 2404 1790 2476 φανερώ-

222 2513 353 2551 una:
378 2496 444 2549 τὸ
476 2496 726 2566 κρυπτὸν
762 2496 1054 2566 μυστήριον
1082 2496 1174 2548 καὶ
1203 2495 1484 2565 ἀλάλητον,
1511 2496 1599 2548 τὸν
1625 2498 1790 2565 ἀορά-

220 2604 302 2639 του
332 2586 557 2658 Πατρδς
588 2586 737 2649 Υἱὸν,
764 2587 983 2657 εἰρήνης
1012 2585 1332 2657 βραϐευτὴν,
1361 2587 1536 2656 πάσης
1567 2589 1792 2657 γενόμε-

222 2695 299 2730 νον
328 2679 538 2748 ἥττονα
584 2677 917 2749 βραχύτητος
960 2676 1293 2747 παραδόξως.
1329 2678 1425 2730 Διά
1456 2678 1610 2731 τοῦτο
1645 2678 1791 2731 ὲκλιυ

222 2767 500 2839 παροῦμέν
552 2784 609 2820 σε
662 2767 761 2837 τὴν
810 2767 1016 2838 ἀμείνω
1062 2768 1311 2831 πάντων,
1366 2770 1459 2822 καὶ
1515 2769 1793 2841 μητρῴαις

222 2858 566 2927 ὲτυαυχοῦσαν
603 2861 789 2928 τιμαῖς
839 2859 931 2911 καὶ
984 2861 1333 2931 παρῤησίαις,
1382 2862 1597 2931 μνήμην
1646 2862 1794 2915 ἀδιά-

220 2949 433 3003 λειπτον
482 2947 644 3018 ἡμῶν
688 2947 865 3010 ποιοῦ,
907 2950 1147 3017 παναγία
1174 2950 1422 3014 Θεοτόκε,
1471 2952 1565 3005 καὶ
1612 2953 1690 3015 είς
1736 2952 1793 3005 σὲ

221 3042 798 3112 κατακσλλυνομένων,
826 3042 917 3094 καὶ
947 3041 1134 3111 ὕμνοις
1165 3041 1488 3114 θεοπρεπέσι
1521 3045 1794 3116 γεραιρόν-

218 3148 329 3186 των
360 3150 453 3186 σου
480 3133 576 3203 τὴν
609 3133 836 3196 ἀείζωον
869 3132 962 3185 καὶ
1006 3132 1384 3196 ἁνεξάλειπτον
1413 3136 1649 3206 μνήμην.
1684 3137 1793 3188 Καὶ

220 3227 282 3277 σὺ
307 3226 367 3278 δὲ
386 3226 576 3288 αὐτὸς,
602 3219 647 3277 ὦ
670 3223 944 3297 πρεσὸύτα
969 3224 1117 3294 τίμιε
1143 3224 1386 3295 Συμεὼν,
1414 3226 1511 3297 τῆς
1537 3226 1791 3290 εὐσεϐοῦς

216 3316 370 3387 ἡμῶν
407 3316 709 3386 θρησκείας
740 3314 1017 3386 προδοχεῦ,
1050 3316 1143 3368 καὶ
1174 3316 1271 3387 τῆς
1294 3316 1405 3369 τῶν
1432 3317 1635 3370 πιστῶν
1664 3319 1791 3371 ἁνα-

221 3409 465 3469 στάσεως
497 3406 759 3477 ὲξηγητὰ,
795 3406 1237 3477 συμπρεσϐευτὴς
1270 3407 1426 3477 ἡμῶν
1460 3409 1615 3476 γενοῦ
1658 3410 1792 3480 πρὸς

218 3499 303 3551 τὸν
344 3500 588 3568 Σαηῆρα
628 3497 781 3563 Θεὸν,
822 3498 879 3550 ὃν
922 3498 1183 3566 ἀγκάλαις
1229 3499 1580 3566 ὐποδέξασθαι
1651 3516 1791 3554 κατ-

209 3590 787 3661 ηξιιίιθης.Συνᾲδομεν
827 3590 933 3662 γάρ
979 3608 1057 3644 σοι
1102 3592 1195 3645 καὶ
1227 3593 1389 3663 ἡμεῖς
1453 3591 1672 3663 Χριστῷ
1715 3590 1792 3663 τῷ

216 3679 309 3750 τῆς
338 3681 493 3750 ζωῆς
524 3682 619 3733 καὶ
646 3680 874 3734 θανάτου
900 3681 1212 3753 ὲξουσιαστῇ
1232 3698 1247 3712 ⁸
1278 3682 1349 3734 Σὺ
1375 3678 1428 3735 εἷ
1453 3682 1586 3751 φῶς,
1610 3682 1793 3753 λέγον-

216 3786 321 3833 τες,
352 3770 638 3840 ἀληθινὸν,
669 3770 734 3822 ἐκ
766 3770 940 3838 φωτὸς
972 3770 1246 3841 ἀληθινοῦ,
1288 3771 1419 3835 Θεὸς
1448 3772 1697 3843 ἀληθινὸς
1730 3776 1794 3826 ἐκ

216 3859 346 3914 Θεοῦ
391 3859 655 3930 ἀληθινοῦ
678 3878 691 3890 ·
726 3856 805 3924 εἷς
836 3860 1035 3932 Κύριος
1070 3862 1172 3933 πρὸ
1208 3864 1305 3934 τῆς
1338 3864 1793 3935 ὲνανθρωπήσεως

214 3955 305 4006 καὶ
342 3952 493 4023 μετὰ
544 3953 641 4021 τὴν
674 3952 1017 4023 πανύμνητον
1050 3953 1472 4025 ὲνανθρὼπησιν,
1510 3956 1567 4021 ἐξ
1604 3956 1792 4009 ἑαυτοῦ

219 4046 312 4113 μὲν
339 4046 438 4098 καὶ
464 4044 534 4097 οὐ
564 4044 703 4095 κατὰ
736 4044 889 4114 χάριν
922 4044 1070 4108 Θεὸς,
1105 4045 1169 4098 δι’
1209 4046 1355 4116 ἡμᾶς
1382 4045 1438 4098 δὲ
1470 4047 1563 4099 καὶ
1595 4047 1794 4110 τέλειος

216 4134 512 4207 ἄνθρωπος
532 4153 546 4165 ⁶
572 4137 631 4201 ἐξ
659 4136 848 4189 ἑαυτοῦ
872 4137 927 4189 δὲ
961 4136 1069 4207 (85)
1097 4137 1254 4206 φύσει
1282 4138 1628 4202 ἀϐασίλευτος
1657 4157 1797 4210 παμ-

217 4226 499 4291 ϐασιλεὺς,
542 4228 609 4279 δι’
637 4230 783 4298 ἡμᾶς
822 4229 913 4281 καὶ
952 4228 1049 4299 τὴν
1085 4229 1356 4300 ἡμετέραν
1404 4232 1673 4303 σωτηρίαν
1702 4235 1795 4287 καὶ

214 4328 270 4371 εν
298 4320 501 4372 δούλου
542 4323 718 4390 μορφῇ
754 4320 1031 4389 ἀχράντως
1074 4322 1165 4373 καὶ
1212 4322 1510 4390 ἀμιάντως.
1559 4324 1795 4395 Ἀφθαρ-

218 4427 305 4463 at:
344 4412 461 4483 γὰρ
510 4410 609 4475 ῶν,
644 4410 799 4463 λῦσαι
846 4412 1049 4484 φθορὰν
1092 4413 1380 4484 προῆλθες,
1423 4416 1507 4467 ἵνα
1550 4416 1795 4488 ἄφθαρτα

1895 1954 2091 2022 adeps;
2121 1953 2415 2007 animatum
2440 1953 2595 2022 panis
2630 1952 2774 2006 illius
2792 1950 2912 2004 vitae
2939 1950 3125 2003 altare.
3148 1946 3466 2009 Salve,dile—

1893 2044 2090 2099 ctionis
2123 2044 2217 2098 Dei
2241 2044 2525 2098 thesaure:
2548 2039 2828 2107 salve,Filii
2853 2041 2905 2094 in
2936 2054 3104 2109 genus
3138 2038 3458 2100 humanum,

1894 2134 2279 2204 propensionis
2306 2134 2451 2189 illius
2480 2150 2543 2188 ae
2574 2134 2691 2200 ejus
2726 2132 3075 2185 humanitatis
3114 2129 3234 2184 fons
3271 2124 3466 2193 :salve,

1895 2224 2130 2295 Spiritus
2162 2226 2336 2281 sancti
2378 2241 2523 2278 mons
2556 2223 2845 2277 inumbrata
2877 2222 2942 2277 “.
2982 2219 3311 2290 Fulgurasti,
3346 2218 3465 2271 dul-

1892 2317 2083 2373 cidona
2121 2317 2290 2371 Mater
2318 2317 2511 2370 solaris
2542 2314 2783 2378 luminis,
2816 2312 3254 2381 importahilibus
3288 2308 3465 2362 chari-

1894 2408 2021 2460 tatis
2038 2405 2408 2476 praeferventis
2430 2403 2662 2471 ignibus,
2683 2418 2748 2455 eo
2772 2403 2822 2454 in
2848 2402 2949 2453 line
2972 2409 3129 2471 partu
3151 2399 3295 2454 edito
3316 2397 3460 2468 quod

1893 2504 2018 2551 ante
2066 2496 2393 2566 principium
2436 2503 2756 2563 conceptum
2789 2500 2903 2547 erat
2936 2512 2950 2547 :
2990 2493 3163 2561 palam
3200 2490 3461 2553 exhibito,

1892 2587 2036 2659 quod
2070 2597 2187 2642 erat
2218 2588 2592 2641 absconditum
2655 2594 2707 2641 et
2752 2584 3114 2639 inenarrabile
3153 2597 3466 2637 sacramen-

1891 2686 2042 2745 tum;
2099 2678 2357 2732 invisibili
2394 2678 2484 2731 illo
2524 2676 2700 2731 Patris
2751 2674 2919 2735 Filio,
2957 2681 3240 2743 sequestro
3288 2672 3460 2742 pacis,

1892 2769 2093 2840 quippe
2114 2768 2418 2822 admirabili
2442 2767 2673 2837 quadam
2698 2768 2926 2830 ratione,
2947 2767 3091 2819 omni
3122 2781 3179 2820 se
3203 2764 3466 2834 parvitate

1892 2862 2155 2914 minorem
2180 2859 2445 2914 exhibuit.
2468 2858 2752 2928 Propterea
2777 2868 2827 2912 te
2848 2858 3199 2927 deprecamur
3222 2857 3464 2910 omnium

1893 2952 2434 3020 praestantissimam,
2493 2950 2861 3019 maternisque
2916 2948 3215 3001 honoribus
3269 2945 3465 2999 ﬁducia

1894 3043 2233 3114 gloriantem,
2271 3052 2327 3095 ut
2370 3040 2763 3095 indesinentem
2800 3039 2970 3092 nostri
2999 3038 3330 3100 memoriam,
3368 3035 3466 3091 Dei

1895 3134 2062 3188 Mater
2096 3133 2460 3195 sanctissima,
2493 3134 2692 3186 habeas
2720 3151 2731 3184 :
2764 3132 2960 3193 nostri,
3009 3131 3251 3199 inquam,
3281 3129 3373 3198 qui
3407 3130 3465 3184 in

1897 3232 1951 3277 te
2000 3223 2315 3294 gloriamur,
2376 3222 2889 3292 augustioribusque
2931 3222 3160 3275 canticis
3207 3227 3466 3290 perpetuo

1898 3317 2160 3371 victuram
2192 3322 2245 3370 et
2271 3315 2433 3368 nullis
2461 3314 2756 3368 desituram
2792 3311 3125 3381 temporibus
3157 3311 3233 3364 tui
3269 3324 3467 3365 memo-

1898 3406 2034 3460 riam
2072 3405 2430 3460 celebramus.
2481 3405 2598 3473 Ipse
2644 3404 2825 3466 etiam,
2876 3402 3138 3455 honorate
3169 3417 3333 3456 senex
3374 3399 3463 3453 Si-

1898 3512 2077 3560 meon,
2097 3497 2197 3567 pia:
2210 3496 2486 3565 religioais
2512 3502 2711 3549 nostra:
2727 3495 2898 3563 prime
2920 3501 3224 3561 susceptor,
3248 3492 3467 3546 doctor-

1897 3605 2003 3658 quo
2037 3589 2451 3645 resurrectionis
2478 3587 2733 3649 ﬁdelium,
2762 3600 2865 3670 una
2895 3600 2992 3655 pro
3015 3585 3171 3638 nobis
3203 3585 3267 3638 ad
3295 3583 3464 3638 Deum

1901 3679 2236 3735 Salvatorem
2274 3694 2432 3747 quem
2470 3679 2713 3731 meruisti
2757 3677 2811 3730 in
2847 3678 3002 3730 ulnas
3035 3676 3333 3744 suscipere,
3368 3688 3465 3743 pa-

1899 3781 2090 3826 tronus
2119 3770 2333 3825 accede.
2366 3768 2498 3823 Nam
2526 3776 2578 3822 et
2616 3768 2720 3838 ipsi
2772 3782 2878 3821 una
2902 3774 3079 3821 tecum
3112 3765 3354 3830 Christo,
3385 3765 3467 3818 vi-

1900 3869 1966 3918 tae
1994 3876 2057 3916 ac
2088 3861 2277 3915 mortis
2310 3867 2626 3930 potestatem
2652 3858 2891 3923 habenti,
2923 3857 3170 3911 canimus
3205 3875 3219 3911 :
3252 3854 3331 3911 'l'u
3355 3856 3467 3911 Lu-

1899 3970 2021 4009 men
2051 3968 2110 4007 es
2137 3967 2322 4007 verum
2354 3967 2419 4005 ex
2455 3966 2580 4005 vero
2612 3949 2862 4013 Lumine,
2903 3948 3045 4002 Deus
3072 3964 3234 4003 verus
3258 3964 3323 4003 ex
3356 3947 3467 4002 Deo

1900 4061 2048 4110 vero,
2076 4060 2217 4099 unus
2243 4042 2504 4097 Dominus
2534 4050 2659 4097 ante
2685 4052 3016 4111 assumptam
3051 4041 3339 4094 humanam
3368 4053 3467 4093 na-

1901 4146 2098 4201 turam,
2136 4151 2276 4190 unus
2306 4134 2661 4187 nihilominus
2692 4140 2815 4202 post
2848 4133 3115 4201 ejusmodi
3147 4131 3467 4199 assumptio-

1900 4244 2046 4291 nem,
2095 4226 2242 4280 omni
2290 4226 2445 4295 plane
2492 4225 2870 4295 prmdicatione
2918 4222 3348 4293 prosequendam
3385 4238 3399 4274 :
3434 4235 3465 4274 a

1900 4327 1972 4381 te,
2004 4321 2139 4390 ipse,
2170 4334 2278 4373 non
2301 4335 2395 4389 per
2415 4318 2670 4388 gratiam,
2702 4316 2845 4371 Deus
2882 4335 2893 4370 :
2922 4316 3093 4370 nostri
3122 4330 3250 4370 vero
3278 4326 3463 4378 causa,

1901 4414 2063 4466 etiam
2094 4411 2258 4464 homo
2293 4410 2567 4479 perfectus
2595 4428 2606 4463 :
2633 4424 2698 4463 ex
2721 4416 2794 4471 te,
2831 4408 2965 4477 ipse,
2994 4415 3188 4461 natura
3220 4406 3465 4461 omnium

216 4503 395 4555 πάντα.
429 4501 671 4571 τεύχοις.
706 4503 827 4555 ’Ότι
852 4503 943 4555 σοῦ
973 4504 1118 4555 ἐστιν
1152 4506 1184 4573 ἡ
1222 4503 1348 4570 δόξα
1409 4507 1500 4557 καὶ
1543 4506 1605 4558 τὸ
1656 4507 1792 4578 κρά-

1902 4501 2047 4567 Rex,
2083 4502 2289 4556 nullius
2324 4500 2602 4568 subjectus
2643 4500 2904 4567 imperio:
2950 4505 3173 4568 propter
3202 4512 3301 4551 nos
3337 4511 3465 4549 vero

215 4608 323 4659 τος,
363 4591 718 4663 μεγαλοσύνη
757 4609 816 4644 τε
862 4592 953 4645 καὶ
996 4592 1438 4663 μεγαλοπρέπεια
1480 4596 1576 4647 σὺν
1626 4595 1797 4666 Πατρὶ

217 4686 306 4737 καὶ
350 4686 505 4755 ἁγίῳ
566 4684 842 4754 Πνεύματι
891 4686 969 4749 είς
1025 4686 1149 4749 τοὺς
1188 4684 1387 4748 αἰῶνας
1412 4684 1518 4739 τῶν
1560 4683 1790 4741 αἰώνων.

228 4773 425 4845 Ἀμήν.

1903 4602 1955 4647 et
1979 4600 2223 4647 nostram
2256 4592 2507 4654 salutem,
2538 4590 2700 4645 etiam
2728 4591 2782 4643 in
2816 4588 2985 4642 forma
3021 4587 3184 4651 servi,
3212 4588 3467 4641 immacu-

1901 4685 2007 4739 late
2030 4694 2207 4738 tamen
2233 4692 2394 4753 atque
2422 4683 2718 4752 impollute,
2736 4681 3023 4736 exsistens.
3044 4680 3145 4745 Qui
3171 4680 3313 4734 enim
3340 4679 3459 4749 ipsa

1896 4778 1973 4831 sis
2012 4776 2368 4846 incorruptio,
2421 4775 2615 4830 venisti
2664 4775 2874 4829 solvere
2924 4772 3358 4841 corruptionem,
3403 4776 3465 4823 ut

215 4869 549 4940 incorrupta
578 4869 761 4925 omnia
788 4870 1064 4929 redderes.
1092 4871 1357 4937 Quoniam
1393 4879 1483 4926 tua
1511 4881 1593 4927 est
1619 4873 1787 4944 gloria
1816 4880 1869 4926 et
1900 4878 2161 4941 potestas,
2192 4878 2247 4926 et
2290 4869 2711 4942 magniﬁcentia,
2747 4876 2802 4924 et
2849 4868 3128 4938 majestas,
3175 4878 3297 4919 cum
3361 4862 3465 4917 Pa-

214 4972 297 5017 tre
328 4972 388 5018 et
423 4963 639 5034 Spiritu
670 4973 880 5031 saneto,
910 4965 965 5018 in
999 4966 1193 5021 saacula
1234 4967 1577 5021 smculorum.
1608 4966 1804 5021 Amen.

283 5143 331 5173 ”
360 5138 508 5194 Luc.
533 5151 632 5201 ιιι,
674 5138 763 5194 49.
838 5140 884 5171 ’³
902 5137 1027 5193 ibid.
1074 5138 1164 5195 52.
1238 5136 1285 5169 ’⁸
1339 5138 1454 5197 Isa.
1491 5142 1664 5202 uv,l.
1730 5138 1774 5170 "

1898 5140 2005 5193 'etr.
2038 5154 2097 5206 ιι,
2125 5139 2179 5194 9.
2254 5142 2299 5173 ²⁶
2330 5139 2466 5194 Hab.
2491 5156 2572 5204 ιιι,
2603 5141 2655 5195 '5.

285 5318 408 5389 (Si)
442 5320 544 5387 Μὴ
574 5321 779 5389 φοϐοῦ.
822 5319 983 5376 Forte
1018 5321 1273 5376 subnotat
1304 5320 1619 5376 Diocletiani
1657 5330 1794 5377 tem-

288 5405 377 5447 ra.
418 5400 480 5444 et
516 5392 844 5445 decumanos
892 5392 1013 5446 illos
1054 5390 1248 5445 ﬂuctus
1282 5391 1348 5445 ab
1375 5408 1441 5446 eo
1495 5392 1547 5446 in
1591 5391 1797 5449 Christi

293 5461 537 5530 clegsiam
566 5463 857 5530 excitatos,
890 5463 1084 5530 quibus
1120 5463 1233 5530 ipse
1264 5461 1584 5527 Melhodius,
1620 5472 1678 5517 ut
1710 5479 1800 5517 ve-

220 5530 340 5587 rior
376 5528 548 5589 habet
578 5531 782 5602 opinio,
811 5528 1042 5589 feliciter
1070 5528 1272 5602 tamen,
1301 5539 1355 5591 et
1383 5531 1664 5604 naufragio
1693 5533 1800 5590 sal-

1898 5339 2001 5378 vus
2022 5330 2344 5393 portumque
2367 5331 2577 5387 tenens,
2600 5321 2801 5377 Christi
2827 5325 3030 5389 martyr
3050 5316 3337 5386 absorptus
3357 5318 3462 5369 est.

1977 5393 2090 5459 (82)
2142 5393 2388 5459 Τέλειος.
2428 5393 2585 5447 Forte
2618 5393 2786 5456 τέλος.

1975 5448 2087 5535 (ὃὸᾗ
2129 5448 2377 5519 Ἑαυτοῦ
2434 5463 2517 5518 δέ.
2555 5462 2714 5519 Forte
2747 5448 2947 5519 ἶκητοῦ
2989 5460 3101 5516 καί.
3140 5457 3201 5512 Et
3227 5470 3373 5523 mox,
3394 5448 3463 5509 δι’

1908 5535 2053 5606 ἡμᾶς
2080 5533 2136 5587 δὲ
2171 5534 2282 5588 καί.

1608 5736 2096 5764 --—-.-..——-
