3980 6318
224 289 328 348 $85

1287 289 1543 348 ORATIO
1580 284 1648 345 IN
1687 287 1924 346 RAMOS
1960 288 2361 347 PALMARUM'.

3360 294 3465 352 336

223 423 312 473 νος
348 406 734 481 ἀποκλεισθῇ]
762 407 969 481 Μηδεὶς
1012 407 1332 482 σκυθρωπὸς
1363 410 1497 483 πρὸς
1526 409 1626 482 τὴν
1655 412 1786 464 ὐπο-

1894 425 2015 466 mus
2048 430 2061 465 :
2095 409 2116 482 ]
2164 410 2530 480 suscipiamus
2571 423 2762 468 omnes
2812 409 2982 468 alacri
3018 408 3205 466 animo
3242 417 3466 484 totaque

221 497 382 570 δοχὴν
410 497 610 570 εὑρεθῇ
638 499 697 551 ὲν
725 500 876 571 ἡμῖν,
907 499 996 552 ἵνα
1030 500 1103 570 μὴ
1130 502 1242 565 τοῖς
1271 503 1526 572 πονηροῖς
1552 500 1796 565 πολίταις

223 590 658 663 συγκατακριθῇ.
688 590 918 653 Πολίτας
945 589 1004 644 δέ
1038 607 1180 662 φημι
1204 592 1329 654 τοὺς
1359 590 1433 663 μὴ
1463 591 1794 663 θελήσαντας

219 681 474 749 δέξασθαι
517 681 612 736 τὸν
654 681 857 754 Κύριον
904 681 1113 735 ἑαυτῶν
1159 682 1380 753 βασιλέα
1421 686 1507 753 ἐφ’
1547 682 1788 748 ἑαυτούς.

222 774 452 848 ἶῐίάντες
484 774 726 847 φαιδρῶς
758 774 1146 847 συνδράμωμεν
1168 775 1210 847 ·]
1232 838 1235 839 ν
1254 776 1453 839 πάντες
1498 775 1792 847 προθύμως

218 867 630 938 ὐποδεξὼμεθα,
675 866 770 920 καὶ
807 866 1190 938 ὐπερκοσμίως
1228 867 1592 940 ἐορτάσωμεν.
1647 868 1793 921 Ἀντὶ

218 961 472 1031 ἱματίων,
520 960 630 1028 τὰς
672 960 918 1030 καρδίας
962 959 1132 1029 ἡμῶν
1192 959 1489 1029 ἐκχέωμεν
1536 959 1792 1013 ἐνώπιον

214 1052 401 1107 αὐτοῦ
424 1070 440 1084 ⁸
476 1055 536 1108 ἐν
560 1053 793 1125 ψαλμοῖς
825 1053 918 1107 καὶ
944 1052 1133 1124 ὕμνοις
1158 1053 1256 1117 τὰς
1279 1053 1624 1123 εὐχαριστίας
1662 1055 1792 1107 ἀνα-

183 1147 190 1211 έ
215 1144 481 1215 τείνωμεν
514 1143 696 1215 αὐτῷ·
727 1145 818 1198 καὶ
838 1144 920 1210 τὸ,
954 1144 1373 1214 Εὐλογημένος
1407 1148 1440 1198 ό
1469 1146 1787 1214 ἐρχόμενος

213 1235 278 1289 ἐν
325 1236 572 1306 ὀνόματι
610 1235 855 1304 Κυρίου,
898 1234 1329 1299 ἀκαταπαύστως
1380 1221 1680 1306 βοήσωμεν.
1727 1239 1790 1291 οι

216 1328 324 1396 γὰρ
353 1327 758 1398 εὐλογοῦντες
781 1328 989 1391 αὐτὸν,
1029 1330 1417 1397 εὐλόγηνται·
1462 1329 1559 1383 καί
1600 1331 1654 1382 oi
1668 1344 1795 1381 κατ’·

214 1422 503 1494 (ιρὼμενοι
570 1419 776 1482 αὐτὸν,
824 1419 1275 1488 κεκατήρανται.
1326 1419 1495 1473 Πάλιν
1534 1420 1663 1491 ἐρῶ,
1695 1421 1788 1474 καὶ

215 1509 664 1581 προτρεπόμενος
702 1511 794 1563 ἐπὶ
838 1511 899 1564 τὸ
927 1511 1128 1580 ἀγαθὸν
1169 1512 1231 1564 οὐ
1274 1511 1572 1583 παύσομαι.
1604 1512 1785 1576 Δεῦτε,

214 1603 513 1672 ἀγαπητοὶ,
545 1602 928 1673 εὐλογήσωμεν
955 1603 1045 1656 τὸν
1092 1603 1473 1674 εὐλογημένον,
1512 1585 1786 1656 ἴναέὐλο-

213 1693 472 1765 γηθῶμεν
500 1694 595 1747 ὐπ’
619 1696 801 1749 αὐτοῦ.
834 1697 1020 1750 Πᾶσαν
1052 1695 1264 1767 ἡλικίαν
1294 1696 1388 1749 καὶ
1415 1695 1570 1760 ἀξίαν
1610 1697 1700 1749 ἐπὶ
1725 1697 1786 1750 τὸ

1896 500 2179 556 honestate
2220 502 2577 560 celebremus.
2629 502 3089 559 Vestimentorum
3127 502 3248 558 loco
3298 510 3463 561 corda

1894 601 2078 645 nostra
2108 591 2439 661 e/I‘undamus
2474 609 2651 648 coram
2688 593 2787 648 illo
2814 594 2862 626 ³⁸
2897 615 2911 650 :
2953 595 3118 666 inque
3156 596 3383 666 psalmis
3409 607 3464 652 et

1894 684 2124 737 canticis
2149 684 2444 753 gratiarum
2476 685 2523 740 ei
2561 686 2801 741 actiones
2835 687 3270 758 praetendamus;
3298 703 3362 743 ac
3396 690 3464 742 il-

1894 774 2007 838 lud,
2044 774 2355 830 Benedictus
2385 778 2476 847 qui
2504 779 2636 831 venit
2666 778 2717 830 in
2740 779 2945 833 nomine
2981 779 3191 833 Domini
3219 780 3286 844 “,
3312 783 3460 835 nulla

1893 866 2080 936 requie
2098 867 2416 925 clamemus.
2441 870 2545 936 Qui
2566 872 2702 924 enim
2730 873 2829 941 ipsi
2851 872 3178 936 benedicunt,
3205 874 3461 929 benedicti

1892 969 2047 1023 sunt;
2074 970 2124 1013 et
2152 962 2241 1031 qui
2266 962 2604 1026 maledicunt,
2636 966 2903 1020 maledicti
2925 968 2989 1022 ⁸⁵.
3024 967 3206 1023 Dicam
3241 970 3455 1035 iterum,

1890 1066 1991 1105 nec
2017 1051 2081 1104 ad
2116 1052 2315 1106 bonum
2342 1054 2547 1107 hortari
2577 1056 2817 1109 desinam
2857 1075 2870 1110 :
2907 1056 3329 1122 \‘enite,dilecti,
3365 1061 3458 1115 be-

1891 1142 2206 1199 nedicamus
2226 1160 2348 1199 eum
2380 1147 2471 1216 qui
2501 1155 2584 1200 est
2611 1148 2949 1211 benedictus,
2985 1155 3044 1202 ut
3076 1150 3459 1205 benedicamur

1890 1235 1959 1289 ab
1991 1235 2127 1306 ipso.
2165 1235 2399 1290 Etatem
2431 1254 2645 1293 onmem
2681 1248 2735 1294 et
2767 1241 3133 1295 conditionem
3201 1242 3256 1296 in
3287 1258 3454 1297 unum

1890 1327 2095 1396 pariter
2136 1342 2317 1382 sermo
2375 1330 2567 1383 ascivit
2613 1330 2678 1384 ad
2726 1330 2935 1385 Domini
2996 1332 3209 1388 laudem
3255 1353 3268 1389 :
3314 1351 3454 1405 reges

1890 1427 2042 1472 terra:
2069 1429 2117 1472 et
2157 1436 2331 1474 omnes
2373 1422 2589 1491 populos
2620 1439 2637 1475 :
2666 1424 2923 1491 principes
2958 1435 3009 1477 et
3037 1442 3212 1479 omnes
3246 1427 3453 1495 judice:

1891 1519 2043 1564 terra:
2095 1527 2113 1564 :
2151 1512 2366 1580 juvenes
2413 1523 2463 1565 et
2506 1514 2727 1583 virgines
2779 1514 2824 1547 ³⁸
2867 1533 2881 1569 :
2943 1516 3196 1586 quodque
3245 1519 3301 1572 in
3353 1520 3454 1572 mi—

1890 1604 2076 1657 raculo
2131 1604 2387 1659 decenter
2421 1620 2619 1659 novum
2662 1605 2929 1672 videatur,
2985 1609 3191 1678 primas
3230 1610 3453 1680 juvenis

1888 1701 2050 1765 atque
2097 1693 2360 1749 innocens
2389 1694 2674 1750 infantium
2709 1705 2763 1752 et
2796 1700 3106 1754 lactenttum
3142 1712 3274 1759 aetas
3308 1705 3465 1759 obti-r

213 1785 338 1839 αὐτὸ
362 1785 728 1839 συνεκάλεσεν
756 1789 784 1840 6
814 1786 971 1856 λόγος
1000 1786 1135 1859 πρὸς
1159 1785 1256 1858 τὴν
1281 1785 1376 1840 τοῦ
1410 1788 1614 1859 Κυρίου
1641 1789 1786 1842 αἴνε-

1892 1787 2015 1840 nuit
2047 1798 2251 1856 partes,
2283 1787 2598 1856 auspicandi
2638 1787 2866 1843 Domino
2896 1790 2950 1844 in
2994 1793 3339 1850 confessione
3367 1796 3455 1850 di-

217 1891 317 1929 σιν·
352 1874 650 1942 Βασιλεῖς
670 1875 780 1944 τῆς
801 1875 913 1947 τῆς
941 1875 1042 1929 καί
1073 1876 1302 1943 πάντας
1327 1878 1535 1943 λαοὺς,
1572 1878 1790 1948 ἄρχον-

213 1984 314 2035 τας
339 1967 445 2022 καὶ
477 1966 713 2034 πάντας
741 1968 941 2037 κριτὰς
971 1967 1083 2040 γῆς
1100 1986 1113 1999 ·
1139 1970 1497 2036 νεανίσκους
1524 1970 1622 2025 καὶ
1644 1985 1789 2039 παρ-

217 2060 461 2127 θένους·
493 2061 592 2114 καὶ
625 2060 686 2113 τὸ
719 2062 1081 2133 καινοπρεπὲς
1122 2061 1214 2116 τοῦ
1259 2061 1553 2134 θαύματος,
1595 2063 1676 2116 ὅτι
1717 2066 1784 2135 τῇ

215 2150 301 2223 νέᾳ
328 2151 432 2206 καὶ
452 2151 810 2223 ἀπειροκάκῳ
831 2151 939 2206 τῶν
964 2152 1170 2223 νηπίων
1195 2154 1287 2207 καὶ
1313 2144 1650 2225 θηλαζόντων
1673 2155 1788 2226 ηλι-

1891 1879 2094 1934 vinitus
2142 1879 2464 1948 inspiratam
2518 1881 2791 1935 canticum
2838 1902 2850 1937 :
2904 1900 3009 1954 qua
3066 1886 3193 1940 olim
3246 1888 3457 1945 ratione

1893 1969 2106 2043 Moyses
2131 1973 2414 2042 praecinuit
2443 1973 2738 2043 egredienti
2768 1977 2966 2044 populo
2998 1977 3064 2032 de
3086 1976 3321 2050 Egypto
3353 1982 3455 2035 ιιι-

1891 2064 1984 2119 iud
2012 2065 2266 2120 nimirum
2296 2084 2310 2120 :
2343 2065 2653 2120 Benedictus
2669 2069 2760 2137 qui
2792 2070 2925 2122 venit
2953 2072 3007 2123 in
3032 2073 3237 2124 nomine
3267 2070 3456 2125 Domi-

1890 2157 1948 2210 ni
1971 2157 2036 2211 ³⁷.

215 2247 299 2320 κίᾳ
336 2247 413 2302 τά
456 2247 731 2340 πρεσϐεῖα.
772 2248 1115 2321 συνεχώρησε
1167 2250 1260 2304 τοῦ
1302 2250 1522 2322 ἐξάρξαι
1570 2251 1648 2323 τῷ
1696 2252 1883 2324 Κυρίῳ
1927 2254 1984 2307 ὲν
2031 2252 2412 2326 ἐξομολογήσει
2452 2255 2513 2309 τὸ
2556 2255 2885 2311 θεοδίδακτον
2935 2254 3111 2330 ᾆσμα,
3156 2259 3299 2315 καθά
3345 2262 3453 2317 πά·

213 2341 293 2397 λαι
325 2343 444 2416 (88)
479 2344 725 2415 Μωῦσῆς
752 2343 829 2414 τῷ
858 2343 918 2410 ἐξ
945 2347 1222 2413 Αἰγύπτου
1253 2345 1384 2417 λαῷ,
1416 2346 1498 2414 τὸ,
1524 2348 1941 2418 Εὐλογημένος
1968 2352 2000 2403 d
2030 2350 2349 2420 ἐρχόμενος
2374 2351 2444 2403 ἐν
2471 2352 2712 2420 ὀνόματι
2757 2353 2996 2419 Κυρίου.

276 2439 352 2495 B’.
390 2440 647 2511 Σήμερον
678 2440 820 2512 χαρᾷ
857 2439 1035 2512 χαίρει
1068 2442 1096 2494 6
1129 2442 1396 2515 μακάριος
1418 2442 1599 2508 Δαόὶδ,
1627 2460 1786 2496 σεσυ-

216 2529 442 2601 λημένος
485 2530 589 2601 τὴν
638 2529 868 2601 κιθάραν
911 2531 1015 2584 ὑπὸ
1061 2533 1308 2605 νηπίων·
1337 2528 1417 2597 οἷς
1460 2534 1552 2587 καὶ
1598 2551 1790 2606 συγχο-

218 2621 382 2692 ρεύων
434 2621 515 2694 τῷ
554 2621 823 2695 πνεύματι
865 2623 959 2678 καὶ
1009 2624 1495 2697 συνευωχούμενος,
1539 2627 1786 2699 καθάπερ

225 2713 269 2766 r6
297 2715 430 2787 πρὶν
465 2714 577 2787 πρὸ
608 2714 901 2787 προσώπου
928 2716 1028 2786 τῆς
1071 2716 1299 2771 κιϐωτοῦ
1333 2717 1424 2770 τοῦ
1462 2718 1617 2784 Θεοῦ,
1653 2736 1790 2790 συμ-

218 2809 548 2879 μουσουργεῖ
593 2808 688 2861 καὶ
735 2807 1081 2879 συμψελλίςει
1130 2809 1333 2880 ἡδέως·
1368 2810 1787 2880 Εὐλογημένος

216 2900 246 2951 d
273 2898 601 2968 ἐρχόμενος
628 2898 698 2952 ἐν
725 2899 967 2968 ὀνόματι
988 2900 1228 2967 Κυρίου.
1261 2900 1405 2972 Πρὸς
1436 2901 1494 2954 δν
1516 2899 1748 2973 ἐροῦμεν
1768 2918 1781 2932 ·

216 2988 352 3058 Λέγε
381 2991 537 3059 ἡμῖν,
567 2983 613 3044 ὧ
636 2989 913 3061 προφῆτα,
938 2990 1021 3052 τίς
1047 2984 1201 3054 οὗτος
1231 2993 1259 3046 6
1286 2992 1577 3063 ἐρχόμενος
1600 2993 1656 3044 ὲν
1674 2991 1788 3045 ’ὀνόο

218 3099 347 3152 ματι
378 3082 620 3153 Κυρίου;
655 3082 770 3135 Οὐκ
795 3082 948 3154 ἐμὸν,
981 3084 1133 3156 φησὶ,
1154 3082 1215 3136 τὸ
1245 3083 1603 3138 διδασκαλεῖον
1626 3085 1789 3156 σήμε-

1960 2443 2025 2500 ll.
2057 2443 2227 2499 Hodie
2253 2446 2449 2516 gaudet
2475 2445 2672 2516 gaudio
2702 2446 2892 2502 beatus
2934 2445 3123 2527 David,
3155 2447 3455 2505 infantibus

1888 2537 2249 2608 spoliantibus
2278 2536 2507 2601 cithara,
2537 2539 2863 2607 quibuscum
2901 2540 3062 2594 etiam
3094 2540 3289 2611 spiritu
3320 2541 3456 2595 cho-

1886 2640 2009 2681 reas
2037 2625 2241 2680 ducens
2257 2640 2471 2695 unaque
2488 2626 2806 2690 delectatus,
2842 2629 2982 2683 sicut
3003 2629 3131 2682 olim
3155 2643 3339 2683 coram
3361 2629 3455 2685 Dei

1887 2731 2015 2773 arca
2040 2716 2107 2783 ³⁸,
2142 2718 2381 2773 musicos
2409 2726 2710 2773 concentus
2744 2720 2936 2775 miscet
2981 2735 3043 2774 ac
3077 2722 3316 2777 suaviter
3360 2722 3456 2775 ad-

1890 2808 2121 2863 balbutit
2156 2828 2169 2863 :
2205 2807 2515 2862 Benedictus
2547 2811 2639 2879 qui
2664 2810 2799 2864 venit
2823 2812 2875 2865 in
2896 2810 3113 2867 nomine
3142 2812 3352 2867 Domini
3384 2813 3450 2866 ³⁸.

1889 2898 2058 2966 Quem
2084 2901 2596 2979 percu‘nctabimur?
2618 2903 2753 2958 cedo
2773 2903 2952 2969 nobis,
2991 2902 3257 2975 Propheta
3282 2925 3295 2960 :
3326 2906 3452 2975 quis

1889 2992 1993 3049 iste
2020 3003 2102 3049 est
2146 2996 2236 3064 qui
2283 2997 2431 3051 venit
2464 2997 2517 3050 in
2552 2997 2769 3051 nomine
2818 2995 3066 3050 Doznini?
3090 2997 3157 3051 At
3186 2998 3301 3052 ille:
3334 2996 3457 3056 Non

1892 3101 2045 3149 meae,
2084 3087 2282 3157 inquit,
2312 3086 2471 3142 hodie
2502 3094 2629 3143 sunt
2658 3087 2887 3142 docendi
2911 3097 3122 3157 partes;
3154 3088 3453 3145 infantibus

216 3190 337 3246 ρον·
366 3174 584 3247 νηπίοις
618 3172 728 3246 γὰρ
759 3172 1057 3246 ἀφιέρωται
1091 3174 1237 3247 παρὰ
1269 3175 1360 3229 τοῦ
1389 3174 1786 3244 καταρτήσαν-

1890 3177 2031 3232 enim
2061 3179 2399 3233 consecravit
2443 3180 2683 3234 scholam
2705 3221 2720 3243 ,
2761 3182 2852 3251 qui
2902 3181 3115 3250 perfecit
3149 3179 3357 3234 laudem
3385 3195 3452 3235 ex

212 3280 308 3331 τος
340 3265 415 3318 ἐκ
460 3266 767 3333 στόματος
804 3265 1037 3333 νηπίων
1064 3266 1160 3321 καὶ
1192 3265 1563 3335 θηλαζόντων
1590 3262 1780 3331 αἶνον,

209 3355 312 3411 τοῦ
338 3357 686 3411 καταλῦσαι
730 3356 945 3426 ἐχθρὸν
976 3356 1073 3410 καὶ
1116 3356 1471 3427 ἐκδικητήν·
1504 3359 1651 3422 ὅπως
1690 3354 1784 3410 καὶ

211 3450 291 3505 διὰ
327 3451 429 3505 τοῦ
477 3449 757 3520 θαύματος
802 3448 1004 3505 τούτων
1056 3449 1464 3520 ἐπιστραφῶσι
1514 3449 1783 3519 πατέρων

212 3544 442 3613 καρδίαι
475 3542 576 3596 ἐπὶ
618 3540 814 3605 τέκνα,
851 3541 949 3594 καὶ
979 3540 1239 3608 ἀπειθεῖς
1268 3542 1339 3594 ἐν
1372 3542 1661 3611 φρονήσει
1699 3541 1784 3595 δι-

213 3639 413 3694 καίων.
448 3635 655 3706 Λέγετε
697 3637 848 3708 ἡμῖν,
878 3629 922 3689 ὦ
964 3637 1167 3701 παῖδες,
1207 3637 1369 3690 πόθεν
1411 3637 1537 3707 ύμῖν
1579 3639 1612 3709 ἡ
1644 3637 1782 3710 καλὴ

211 3727 339 3801 αὕτη
369 3727 473 3781 καὶ
500 3727 755 3798 ἐπίχαρις
785 3713 896 3797 (89)
927 3727 1126 3798 ἅμιλλα
1154 3729 1246 3781 καὶ
1272 3728 1414 3800 dmi];
1451 3728 1544 3792 Τίς
1577 3730 1605 3781 6
1635 3728 1781 3783 διδά-

212 3821 334 3887 ξας;
372 3820 477 3884 Τίς
524 3822 552 3873 6
588 3819 842 3888 σοφίσας;
876 3820 970 3884 Τίς
997 3821 1025 3873 6
1059 3819 1453 3894 συναθροίσαςς
1484 3821 1639 3874 Ποῖαι
1663 3821 1780 3876 δέλ-

209 3927 315 3978 τοις
364 3910 535 3974 Τίνες
590 3910 642 3962 οἱ
693 3908 1030 3979 παιδαγωγοί
1050 3926 1065 3975 ;
1110 3910 1581 3982 Συγκοινωνήσατε
1629 3912 1778 3983 ἡμῖν,

211 4005 356 4073 φασὶ.
397 4003 504 4085 τῆς
537 4002 770 4073 εὐωχίας
795 4002 886 4055 καὶ
931 4002 1215 4074 μελῳδίας,
1251 4003 1347 4056 καὶ
1381 4002 1685 4093 μαθησεσθε
1712 4003 1782 4059 τὰ

209 4097 408 4168 Μωῦσῇ
447 4082 549 4149 καὶ
598 4097 711 4158 τοῖς
751 4094 955 4158 λοιποῖς
1000 4097 1303 4168 προφήταις
1334 4097 1392 4148 ὲν
1442 4082 1775 4169 ἐπιθυμίαις.

221 4189 366 4242 Ἐπεὶ
412 4184 517 4242 οὖν
558 4186 1008 4259 προετράπημεν,
1040 4188 1135 4242 καὶ
1165 4186 1368 4255 δεξιὰς
1398 4190 1526 4260 ἡμῖν
1552 4188 1782 4243 ἔδωκαν

208 4279 254 4333 oi
293 4280 494 4344 παῖδες
541 4279 877 4346 κοινωνίας,
925 4277 1105 4349 δεῦρο,
1154 4279 1446 4350 ἀγαπητοὶ,
1483 4279 1577 4332 καὶ
1620 4281 1780 4351 ἡμεῖς
1818 4340 1823 4347 _

210 4371 548 4443 ζηλὼσωμεν
586 4369 688 4442 τὴν
738 4369 1013 4442 θεοπρεπῆ
1060 4370 1295 4443 χορείαν,
1347 4373 1440 4425 καὶ
1490 4372 1624 4443 μετὰ
1673 4372 1780 4425 τῶν

208 4465 528 4521 ἀποστόλων
557 4461 1006 4533 όδοποιήσωμεν
1038 4462 1119 4530 τῷ
1144 4464 1515 4532 ἐπιϐεϐηκότι
1545 4464 1643 4519 ἐπὶ
1675 4463 1782 4518 τὸν

1891 3285 1980 3323 ore
2013 3268 2295 3337 infantium
2342 3279 2393 3324 et
2439 3271 2764 3335 lactentium,
2812 3283 2868 3325 ut
2916 3273 3151 3325 destruat
3182 3272 3451 3325 inimicum

1889 3371 1938 3415 et
1967 3362 2187 3416 ultorem
2209 3361 2254 3394 ’⁵ο
2286 3383 2298 3417 :
2333 3379 2440 3434 quo
2474 3364 2659 3427 etiam,
2697 3364 2926 3418 istorum
2959 3364 3255 3427 miraculo,
3287 3364 3451 3418 corda

1887 3462 2096 3523 patrum
2130 3464 2493 3508 convertantur
2537 3459 2604 3508 ad
2632 3455 2793 3525 ﬁlios,
2831 3465 2880 3508 et
2917 3453 3173 3507 increduli
3217 3455 3286 3507 ad
3318 3471 3449 3524 pru-

1889 3544 2119 3600 dentiam
2126 3546 2393 3616 justorum
2408 3547 2472 3600 “.
2491 3544 2680 3608 Nobis,
2699 3545 2873 3615 pueri,
2896 3545 3108 3607 edicue,
3135 3545 3277 3600 unde
3297 3546 3451 3600 vobis

1888 3638 2173 3707 pulchrum
2217 3637 2318 3692 hoc
2359 3637 2766 3708 gratiosumque
2799 3642 3071 3690 certamen
3103 3644 3155 3689 et
3195 3632 3452 3689 carmen?

1889 3726 2022 3794 Quis
2048 3728 2266 3782 docuit?
2308 3729 2432 3799 quis
2469 3726 2735 3781 erudivit?
2762 3726 2885 3796 quis
2914 3726 3293 3795 congregavit?
3329 3739 3452 3801 qpae

1890 3818 2119 3873 tabulae?
2145 3818 2236 3888 qui
2272 3818 2671 3889 ludimagistri?
2697 3815 2828 3879 Vos,
2875 3817 3147 3888 inquiunt,
3188 3817 3446 3887 voluptati

1888 3915 2091 3964 nostra!
2117 3908 2461 3977 canticoque,
2490 3922 2598 3960 una
2625 3906 2868 3962 accedite
2902 3907 3059 3979 socii,
3076 3921 3246 3976 eaque
3273 3908 3451 3962 disce~

1889 4000 1980 4064 tis,
2014 4016 2134 4071 quae
2167 3998 2337 4072 Moysi
2367 4015 2430 4053 ac
2464 3999 2748 4071 prophetis
2781 3999 3005 4069 reliquis
3040 4000 3255 4054 fuerunt
3277 3999 3331 4052 in
3355 3999 3449 4052 de-

1887 4090 2087 4148 siderio
2113 4091 2181 4147 ⁸¹.
2213 4090 2348 4158 Quia
2376 4106 2478 4146 nos
2506 4106 2636 4161 ergo
2686 4092 2838 4162 pueri
2869 4091 3188 4154 invitarunt,
3224 4104 3287 4142 ac
3319 4089 3449 4142 dem.

1887 4194 2027 4240 teras
2080 4182 2332 4239 dederunt
2365 4184 2627 4237 societatis
2655 4182 2725 4247 “,
2756 4182 2961 4248 adeste,
2998 4181 3201 4245 dilecti,
3229 4179 3420 4233 remulo
3521 4246 3527 4260 λ

1887 4294 2010 4332 mur
2035 4284 2089 4332 et
2116 4275 2220 4348 ipsi
2247 4283 2533 4346 augustum
2565 4276 2698 4330 illud
2721 4276 3038 4345 tripudium,
3072 4289 3134 4328 ac
3163 4289 3285 4328 cum
3314 4288 3418 4341 apo

1888 4370 2065 4435 stoiis,
2100 4370 2199 4425 iter
2239 4370 2288 4423 ei
2318 4368 2611 4438 faciamus,
2646 4368 2735 4438 qui
2776 4366 3009 4421 ascendit
3062 4381 3217 4432 super
3262 4366 3459 4426 calum

1887 4461 2022 4527 cwli,
2055 4460 2123 4514 ad
2153 4460 2418 4530 Orientem
2461 4459 2528 4525 “,
2571 4463 2771 4530 quique
2811 4474 2910 4529 pro
2940 4458 3081 4511 bona
3115 4472 3213 4510 sua
3249 4456 3455 4514 volutum

208 4555 472 4625 οίφανὸν
497 4552 610 4608 τοῦ
636 4526 906 4621 οὐρανοῦ.
916 4555 1043 4608 κατ’
1070 4526 1387 4623 ἀνατολὰς,
1419 4556 1512 4610 καὶ
1537 4555 1628 4609 ἐπὶ
1661 4557 1786 4609 ὑπο-

1891 4560 2020 4618 tate,
2056 4526 2325 4621 sulﬁugali
2352 4553 2404 4605 in
2436 4559 2579 4605 terra
2617 4550 2833 4605 vehitur
2859 4549 2925 4604 ".
2960 4547 3238 4604 Tollamus
3265 4562 3457 4607 ramos.

208 4648 415 4718 ζύγιον,
464 4647 546 4711 ὡς
599 4645 915 4717 ηὐδόκησεν,
970 4648 1318 4718 ὲποχουμένῳ
1367 4647 1460 4701 ἐπὶ
1506 4647 1606 4717 τῆς
1655 4647 1777 4718 γῆς.

205 4743 355 4796 Μετὰ
397 4740 516 4795 τῶν
564 4739 774 4812 νηπίων
815 4737 981 4810 κλάδη
1020 4738 1261 4810 ἄρωμεν,
1304 4738 1541 4801 καὶτοῖς
1573 4737 1782 4801 θαλλοῖς

207 4837 593 4907 κρατήσωμεν,
617 4833 764 4895 ὅπως
794 4830 1093 4902 ἐπιπνεύσῃ
1128 4831 1221 4885 καὶ
1245 4832 1372 4901 ἡμῖν
1394 4832 1453 4885 τὸ
1476 4829 1697 4901 Πνεῦμα
1720 4830 1781 4883 τὸ

207 4927 378 4995 ἅγιον,
423 4926 528 4980 καὶ
564 4923 663 4995 τὴν
693 4922 1025 4977 θεοδίδακτον
1066 4922 1462 4993 άναμέλψωμεν
1504 4922 1782 4985 εὐτάκτως

205 5013 346 5089 ᾠδήν
367 5034 384 5048 ·
417 5014 848 5085 Εὐλογημένος
879 5017 912 5067 ό
938 5012 1262 5081 ἐρχόμενος
1292 5013 1363 5065 ἐν
1394 5015 1636 5082 ὀνόματι
1666 5015 1781 5067 Κυ-

198 5109 355 5177 ρίου,
385 5107 639 5165 ὠσαννὰ
662 5106 732 5159 ἐν
761 5104 882 5171 τοῖς
908 5104 1208 5170 ὑψίστοις.
1237 5104 1481 5175 Σήμερον
1511 5103 1604 5158 καὶ
1625 5107 1653 5157 6
1679 5121 1783 5156 πα-

204 5201 477 5273 τριάρχης
524 5197 715 5251 Ἰακὼϐ
756 5198 814 5249 ὲν
871 5193 1135 5264 πνεύματι
1181 5194 1446 5265 ἑορτάζει,
1498 5194 1638 5266 ὁρῶν
1682 5194 1780 5265 τὴν

1887 4659 2010 4698 cum
2051 4628 2263 4712 pueris,
2296 4642 2719 4711 plaudamusque
2766 4639 2932 4695 ramis
2968 4639 3266 4704 olivarum,
3300 4647 3358 4693 ut
3389 4646 3454 4696 et

1885 4752 1987 4791 nos
2024 4733 2261 4804 Spiritus
2291 4744 2514 4790 sanctus
2549 4732 2833 4796 alllaverit,
2871 4730 3245 4802 divinitusque
3275 4732 3445 4800 inspi-

1884 4837 2062 4882 ratum
2096 4828 2367 4881 canticum
2403 4826 2699 4896 composite
2724 4824 3065 4880 modulemur
3090 4845 3106 4881 :
3136 4825 3451 4880 Benedicms

1882 4919 1972 4988 qui
2004 4920 2135 4973 renit
2158 4920 2211 4972 in
2234 4920 2440 4973 nomine
2466 4917 2695 4980 Domini,
2721 4917 2976 4972 Hosanna
2999 4917 3054 4970 in
3084 4916 3355 4970 altissimis
3375 4916 3441 4970 ⁵⁸η.

1886 5009 1990 5065 Sed
2014 5017 2068 5065 et
2094 5011 2400 5080 patriarcha
2425 5007 2592 5064 Jacob
2619 5008 2777 5064 hodie
2805 5008 2858 5063 in
2877 5009 3069 5079 spiritu
3095 5006 3290 5063 festum
3311 5008 3448 5076 agit,

1876 5103 1967 5172 qui
2023 5104 2357 5173 prophetiam
2410 5117 2563 5157 suam
2618 5102 2673 5157 in
2721 5117 2858 5172 opus
2889 5102 3174 5157 deductam
3230 5100 3444 5166 videat,

1876 5209 2127 5262 eumque,
2152 5194 2244 5263 Qui
2276 5193 2479 5261 pullum
2510 5208 2669 5248 suum
2704 5193 2892 5263 alligat
2928 5192 2997 5245 ad
3031 5191 3189 5245 vitem
3211 5190 3280 5256 ⁵⁷,
3300 5204 3448 5244 novo

204 5291 551 5364 πφφητείαν
588 5288 751 5342 αὐτοῦ
790 5289 870 5351 είς
906 5287 1064 5360 ἔργον
1098 5286 1385 5358 ἀχθεῖσαν·
1430 5285 1526 5340 καὶ
1572 5286 1662 5339 τὸν
1689 5285 1777 5338 δε-

1895 5285 2189 5356 mpositum
2230 5285 2411 5354 pullo,
2462 5299 2527 5339 ac
2566 5283 2804 5340 ﬁdelium
2836 5283 3021 5339 socius
3087 5282 3302 5337 Patrem
3346 5278 3449 5337 ad-

269 5446 319 5480 ⁸³
351 5444 515 5500 Psal.
552 5460 663 5507 ιιι,
702 5444 755 5501 9.
828 5442 877 5477 “
904 5442 1055 5498 Psal.
1084 5457 1250 5504 cxvtt,
1282 5441 1386 5510 26;
1423 5440 1615 5496 Matth.
1645 5439 1786 5503 ΠΜ

1890 5438 2042 5493 llarc.
2077 5454 2152 5510 τι,
2189 5439 2255 5507 9;
2287 5437 2417 5493 Luc.
2446 5438 2701 5510 τικδδς
2736 5437 2899 5510 Joan.
2930 5453 3028 5495 xu.
3054 5437 3141 5510 l5.
3212 5437 3262 5510 _‘_'
3291 5433 3424 5510 (ξσιι.

203 5532 381 5576 xxv",
418 5515 515 5569 29.
588 5504 812 5569 ³⁵Ῥεαί.
858 5528 1082 5573 exnvm,
1134 5514 1223 5573 il,
1259 5504 1383 5568 ιε(
1420 5513 1464 5545 ⁸⁷
1498 5511 1669 5565 Exod.
1720 5504 1893 5568 xv,'i.
1971 5510 2016 5542 ³⁸
2045 5509 2083 5562 ΙΙ
2115 5504 2251 5579 Περ.
2292 5525 2368 5573 vn,
2409 5509 2494 5564 i4.
2532 5509 2613 5579 7”
2646 5508 2794 5564 Psal.
2829 5523 2998 5565 cxvu.
3022 5508 3134 5579 726.
3168 5504 3446 5579 V_A“__Pstti.

206 5602 324 5651 mt,
356 5588 417 5641 3.
495 5586 540 5618 “
580 5583 811 5640 Malach.
847 5601 921 5648 tv,
949 5584 1014 5649 6;
1041 5582 1168 5637 Luc.
1198 5599 1237 5647 ι,
1273 5584 1360 5638 17.
1434 5583 1481 5615 δ’
1514 5583 1639 5638 Luc.
1669 5597 1722 5651 ι,
1749 5580 1786 5634 2.

1914 5580 1960 5612 ⁸³
1985 5579 2163 5634 Galat.
2197 5596 2258 5644 ιι,
2294 5581 2346 5633 9.
2436 5579 2482 5610 ⁸⁸
2516 5578 2667 5636 Psal.
2688 5593 2855 5642 vazt,
2888 5579 2942 5645 5,
2972 5578 3061 5632 55-

490 5656 536 5687 “
558 5655 689 5710 ibid.
720 5656 774 5710 9.
847 5653 893 5687 "
922 5653 1050 5709 Gen.
1090 5670 1238 5718 χιιι,
1264 5655 1351 5709 10.

274 5773 396 5845 (88)
424 5774 591 5830 Καθὰ
617 5772 801 5829 πάλαι
832 5771 905 5829 Μ.
940 5772 1042 5840 AL,
1072 5771 1321 5841 καθάπερ
1348 5771 1423 5827 Μ.

208 5666 320 5720 ut,
353 5658 412 5710 5.

3164 5577 3209 5608 “
3236 5575 3439 5661 amt.

1951 5768 2064 5840 (89)
2095 5768 2349 5839 Καλὴ...
2376 5767 2666 5837 ἐπίχαρις.
2707 5767 2815 5834 AL,
2845 5766 3091 5840 καινὴ...
3118 5759 3443 5837 περιχαρής.
