3980 6318
555 285 664 345 337

1556 274 1614 332 S.
1656 273 1988 332 METHODII
2026 270 2333 330 EPISCOPI
2368 269 2457 327 ΕΤ
2492 267 2856 326 MARTYRIS
3667 285 3755 346 εδδ

553 409 696 458 orat.
733 397 904 455 Hodie
935 402 1152 468 aptatur
1179 392 1383 466 pullus,
1419 391 1661 463 gentium
1693 391 1968 463 quondam
1993 391 2136 445 irra-

2243 388 2505 462 σμεύοντα
2537 387 2673 459 πρὸς
2698 386 2941 458 ἄμπελον
2971 383 3061 439 τὸν
3107 384 3282 438 πῶλον
3312 387 3466 442 αὐτοῦ
3502 391 3622 465 (90),
3657 399 3751 454 ὲπι-

554 493 866 555 tionalium,
893 487 1207 545 irrationale
1235 485 1531 554 exemplar,
1577 484 1642 538 ad
1677 484 1857 554 populi
1903 499 1968 537 ex
2006 497 2138 550 gen-

553 587 703 642 tibus
777 581 1188 654 signiﬁcandam
1237 577 1626 646 subiectionem
1678 595 1694 630 ι
1746 575 2135 644 declarantque

554 679 705 748 pueri
745 677 974 746 primam
1010 674 1228 726 illorum
1254 710 1268 733 ,
1304 669 1447 740 quod
1485 668 1550 722 ad
1595 667 1689 721 Dei
1731 667 1979 721 notitiam
2011 682 2135 735 spe-

553 777 694 829 ctat,
730 765 1055 838 pueritiam;
1112 770 1462 829 secutamque
1507 758 1852 829 postmodum
1947 757 2002 811 in
2040 755 2134 812 Dei

555 861 704 914 cultu
755 874 818 912 ac
847 872 975 912 vera
1027 855 1285 924 religione
1315 853 1734 908 absolutionem.
1769 849 1944 906 Hodie
1973 849 2134 919 juxta

553 949 885 1021 Prophetam
918 948 986 1012 ⁸⁸,
1021 946 1206 1017 gloriae
1247 942 1357 998 Rex
1389 942 1644 996 laudatur
1676 941 1731 996 in
1771 949 1937 1007 terra,
1969 942 2136 996 cmle-

552 1042 764 1111 stisque
793 1040 938 1111 epuli
987 1049 1041 1094 et
1066 1037 1263 1092 laetitia:
1293 1051 1396 1089 una
1436 1034 1616 1089 socios
1644 1034 1945 1105 terrigenas
1975 1033 2128 1099 facit,

554 1149 664 1204 quo
706 1148 766 1187 se
812 1139 1169 1197 utrorumque
1220 1125 1508 1179 Dominum
1567 1125 1780 1194 probet,
1844 1126 1989 1179 velut
2035 1125 2130 1196 qui

556 1223 944 1279 communibus
979 1221 1238 1288 utrinque
1281 1220 1506 1274 vocibus
1551 1216 1891 1273 deeantetur.
1928 1217 2136 1272 Idcirco

553 1315 780 1386 superni
814 1315 890 1368 illi
913 1314 1259 1368 terrestrium
1293 1312 1528 1367 salutem
1554 1310 1962 1372 annuntiantes,
1991 1311 2137 1380 psal-

557 1407 742 1464 lebant
764 1407 808 1438 δ’
842 1425 854 1459 :
886 1403 1115 1459 Sanctus
1135 1443 1150 1466 ,
1187 1411 1424 1463 sanctus,
1461 1411 1707 1465 sanctus,
1750 1399 2004 1452 Dominus
2037 1397 2139 1453 Sa-

555 1490 734 1546 baoth.
761 1491 925 1545 Plena
959 1491 1129 1545 omnis
1155 1499 1294 1543 terra
1325 1489 1495 1560 gloria
1527 1490 1680 1558 ejus:
1713 1487 1927 1542 inferno
1953 1493 2136 1540 autem

557 1584 744 1656 positi,
781 1584 1054 1637 communi
1101 1591 1158 1637 et
1193 1583 1294 1652 ipsi
1349 1589 1618 1636 conventu
1652 1579 1955 1635 etelestium
2003 1577 2139 1632 laeti-

556 1676 689 1730 tiam
723 1674 1086 1737 celebrantes,
1135 1673 1442 1727 clamabant
1473 1688 1486 1724 :
1539 1671 1793 1726 "osanna
1833 1669 1910 1742 [in
1938 1669 2139 1722 altissi-

2239 481 2510 551 ϐεϐηκότα
2566 477 2660 532 ἐπὶ
2708 479 2885 532 πῶλον
2933 475 3076 539 νέον,
3117 477 3206 530 καὶ
3255 478 3385 546 μετὰ
3432 480 3534 534 τῶν
3580 490 3753 543 πιστῶν

2237 574 2532 643 προσκυνεῖ
2562 570 2638 641 τῷ
2682 569 2876 640 Πατρί.
2930 570 3174 640 Σήμερον
3223 569 3393 633 πῶλος
3435 572 3753 643 έτοιμάζεται,

2237 661 2297 715 τὸ
2329 661 2433 715 τῶν
2466 661 2762 729 ἀλογίστων
2796 657 2966 711 ἐθνῶν
2995 657 3055 710 τὸ
3084 658 3208 729 πρὶν
3239 659 3505 727 ἀλόγιστον
3529 662 3754 732 ἐξεμελά.

2239 770 2352 824 ριον
2386 752 2518 823 (91),
2550 755 2629 815 είς
2659 749 2919 815 ἐπίδειξιν
2953 748 3229 818 ὑποταγῆς
3254 748 3346 801 τοῦ
3371 748 3426 814 ἐξ
3448 751 3599 804 ὲθνῶν
3619 753 3754 806 λαοῦο

2239 847 2330 898 καὶ
2356 846 2524 915 νήπια
2546 842 2952 915 καταμηνύουσι
2975 837 3072 914 τὴν
3097 842 3298 895 τούτων
3321 843 3448 913 πρὸς
3475 843 3759 912 θεογνωσίαν

2238 939 2555 1009 νηπιότητα,
2584 937 2678 991 καὶ
2708 937 2808 1007 τὴν
2836 935 2977 1005 μετὰ
3007 934 3179 989 ταῦτα
3221 937 3354 1008 πρὸς
3383 937 3660 990 θεοσέϐειαν
3693 956 3762 992 τε·

2237 1031 2506 1101 λειότητα.
2538 1032 2782 1102 Σήμερον
2808 1031 2836 1083 ὁ
2868 1027 3118 1099 βασιλεὺς
3145 1029 3241 1098 τῆς
3269 1027 3420 1099 δόξης
3445 1029 3531 1082 ἐπὶ
3549 1029 3640 1098 γῆς
3660 1047 3764 1103 προ-

2241 1122 2484 1193 φητικῶς
2517 1119 2820 1185 δοξάζεται,
2867 1121 2962 1174 καὶ
3003 1119 3398 1188 συγκοινωνοὺς
3438 1119 3528 1190 τῆς
3570 1121 3762 1192 incapa-

2238 1215 2351 1266 νίου
2384 1213 2646 1284 εύωχείας
2675 1214 2801 1276 τοὺς
2827 1213 3077 1281 γηγενεῖς
3110 1209 3495 1273 ἀναδείκνυσιν,
3521 1211 3598 1262 ἵνα
3622 1211 3761 1285 δείξῃ,

2238 1307 2321 1360 ὅτι
2373 1305 2534 1370 αύτός
2568 1308 2685 1358 ἐστι
2728 1304 2932 1375 Κύριος
2966 1302 3308 1373 ἀμφοτέρων,
3361 1302 3434 1364 ὼς
3475 1302 3764 1376 ἑκατέρωθεν

2243 1396 2550 1468 συμφώνως
2575 1394 3002 1467 ἀνυμνούμενος.
3037 1392 3136 1445 Διὰ
3161 1391 3320 1444 τοῦτο
3347 1393 3395 1444 οἱ
3419 1392 3508 1462 μὲν
3531 1392 3636 1472 ﬁve)
3679 1390 3768 1460 (9‘2)

2242 1489 2338 1559 τὴν
2393 1488 2486 1542 ἐπὶ
2539 1489 2640 1560 γῆς
2706 1487 2979 1558 σωτηρίαν
3039 1483 3478 1555 καταμηνύοντες
3533 1483 3764 1552 ἔψαλλονο

2243 1580 2467 1650 Ἄγιος,
2529 1579 2727 1649 ἅγιος,
2770 1577 2938 1647 ἅγιος
2987 1577 3198 1643 Κύριος
3257 1574 3509 1628 Σαϐαὼθ.
3564 1572 3768 1641 mione

2242 1672 2412 1728 πᾶσα
2437 1673 2475 1742 1)
2505 1671 2582 1742 γῆ
2612 1671 2723 1739 τῆς
2751 1671 2935 1737 δόξης
2963 1666 3152 1721 αὑτοῦ
3173 1683 3185 1696 ·
3220 1667 3268 1718 οἱ
3303 1666 3358 1718 δὲ
3386 1666 3529 1718 κάτω
3558 1668 3616 1736 τῇ
3641 1669 3770 1718 ὲπου·

559 1767 660 1820 mis
689 1782 706 1819 :
742 1763 1018 1837 Hosanna)
1053 1763 1194 1818 Filio
1226 1763 1418 1818 David.
1461 1762 1635 1833 Atque
1665 1762 1874 1831 priores
1921 1759 2141 1830 quidem

2248 1763 2418 1836 ρανίῳ
2497 1761 2803 1834 εὐφροσύνῃ
2883 1756 3457 1831 συμπανηγυρίζοντες
3525 1755 3723 1828 ἔκραζον
3753 1772 3764 1788 ·

559 1859 616 1912 in
647 1857 763 1911 haec
797 1857 963 1911 verba
996 1856 1296 1912 laudabant
1332 1874 1346 1910 :
1389 1853 1671 1908 Benedicta
1715 1850 1888 1922 gloria
1929 1848 2140 1904 Domini

555 1949 622 2004 de
662 1949 774 2003 loco
807 1965 902 2003 suo
933 1948 1000 2001 ".
1031 1948 1124 2004 Isti
1157 1953 1338 2002 autem
1375 1944 1586 2018 [Deum
1617 1940 2024 2012 celebrantes.)
2051 1940 2140 1994 di-

558 2040 757 2096 cebant
789 2058 802 2094 :
835 2037 1149 2094 Benedictus
1194 2039 1284 2109 qui
1313 2038 1452 2093 venit
1497 2037 1553 2091 in
1583 2035 1792 2090 nomine
1824 2033 2036 2087 Domini
2069 2033 2135 2088 ⁸¹.

634 2313 722 2370 111.
763 2315 896 2370 Cum
930 2323 1108 2368 autem
1172 2312 1290 2367 haec
1324 2316 1713 2382 peragerentur
1735 2350 1751 2374 ,
1794 2308 2142 2380 discipulique

558 2405 847 2475 gaudentes
872 2402 1150 2457 laudarent
1174 2417 1326 2470 super
1351 2401 1588 2455 omnibus
1613 2417 1742 2470 quas
1775 2398 2012 2452 viderant
2039 2400 2142 2452 vir-

565 2497 798 2560 tutibus,
855 2513 918 2549 ac
962 2495 1192 2548 dicerent
1229 2508 1246 2546 .'
1298 2491 1607 2547 Benedictus
1657 2491 1746 2560 qui
1783 2490 1918 2543 venit
1947 2505 2038 2543 rex
2086 2489 2142 2542 in

559 2589 770 2643 nomine
795 2587 1006 2640 Domini
1035 2601 1054 2639 :
1079 2601 1186 2653 pax
1222 2585 1275 2638 in
1311 2586 1460 2648 caelo,
1486 2596 1530 2638 el
1557 2583 1725 2654 gloria
1755 2583 1806 2635 in
1829 2582 2046 2636 excelsis
2069 2584 2137 2646 δ’,

563 2677 731 2747 cmpit
779 2676 971 2731 civitas
1019 2676 1374 2746 interrogare,
1425 2673 1648 2728 dicens:
1683 2673 1809 2737 Quis
1843 2682 1918 2726 est
1949 2673 2029 2724 hic
2052 2673 2142 2727 "‘l

565 2767 879 2823 induratum
915 2773 1260 2834 veteremque
1310 2764 1597 2819 adversum
1651 2761 1863 2816 Domini
1911 2762 2140 2832 gloriam

563 2858 795 2912 livorem
840 2857 1105 2911 excitans.
1153 2853 1233 2908 'I‘u
1279 2863 1459 2908 autem
1492 2868 1616 2906 cum
1656 2852 1815 2906 audis
1841 2852 2138 2916 civitatem,

559 2956 800 3004 veterem
874 2946 1175 3018 Synagogae
1241 2943 1659 3014 incompositam
1733 2943 2139 2997 multitudinem

566 3053 822 3112 agnosce.
856 3035 1196 3108 Interrogant
1227 3035 1426 3106 ingrati
1476 3034 1837 3104 malignique,
1893 3034 2025 3100 Quis
2063 3041 2141 3087 est

565 3106 688 3193 hic?
735 3135 895 3206 quasi
940 3106 1176 3188 necdum
1221 3129 1544 3186 benefit-ium
1595 3128 1878 3190 vidissent,
1915 3106 2214 3198 eumquec

565 3243 727 3300 quem
757 3226 977 3281 homine
1005 3224 1247 3293 majora,
1287 3220 1471 3276 divina
1513 3218 1799 3283 miracula,
1831 3219 2146 3275 celebratis-

567 3319 766 3374 simum
822 3317 1102 3371 l’ecissent.
1157 3312 1281 3366 Non
1349 3312 1488 3365 enim
1553 3315 1774 3364 tenebras
1812 3309 2148 3378 compreheno

568 3407 756 3462 derunt
801 3405 936 3475 quod
985 3405 1120 3459 luxit
1164 3404 1219 3457 in
1265 3403 1392 3472 ipsis
1433 3401 1607 3455 lumen
1651 3401 1730 3467 “,
1765 3415 1998 3455 occasus
2048 3417 2147 3456 ne-

569 3500 767 3555 scium.
803 3497 1169 3563 Quamobrem
1195 3494 1440 3565 apposite
1463 3493 1528 3547 ad
1562 3493 1684 3548 illos
1711 3492 1960 3546 clamavit
1978 3491 2147 3548 Isaias

569 3588 832 3662 propheta
878 3585 1069 3640 dicens
1113 3604 1126 3638 :
1163 3583 1351 3646 Sardi,
1385 3582 1581 3646 audite,
1632 3593 1680 3635 et
1706 3589 1861 3644 caeci,
1903 3582 2148 3651 suspicite

568 3687 626 3731 ut
654 3675 894 3730 videatis.
929 3673 998 3726 Et
1048 3673 1165 3742 quis
1204 3681 1281 3725 est
1334 3687 1500 3724 carcus
1537 3669 1682 3742 [nisi
1735 3670 1882 3740 pueri
1915 3671 2016 3723 mei
2045 3687 2064 3725 :
2097 3679 2148 3724 et

568 3765 766 3837 surdi),
800 3766 902 3818 nisi
930 3764 1018 3835 qui
1047 3763 1388 3815 dominantur
1413 3763 1631 3816 eorum?
1663 3760 1729 3814 Et
1763 3761 1896 3814 servi
1931 3759 2024 3814 Dei
2053 3760 2148 3814 ob-

571 3856 754 3910 caecati
786 3861 928 3908 sunt.
972 3852 1190 3905 Vidistis
1221 3867 1377 3919 serpe,
1411 3861 1458 3903 et
1485 3867 1588 3904 non
1618 3849 1924 3903 custodistis
1951 3864 1970 3903 :
1997 3866 2150 3919 aper-

572 3959 641 4004 ιω
679 3954 802 4002 sunt
841 3947 1048 4007 aures,’
1079 3953 1128 3996 et
1157 3954 1276 4010 "non
1309 3941 1535 3995 audistis
1565 3942 1631 3992 ".
1669 3939 1897 4004 Videtis,
1941 3939 2146 4004 dilecti,

572 4055 735 4111 quam
761 4038 831 4093 sit
857 4044 1150 4092 accuratus
1180 4051 1394 4104 sermo;
1421 4044 1479 4091 ut
1500 4036 1716 4090 divinus
1743 4033 1998 4106 Spiritus,
2025 4049 2148 4105 quin

573 4147 672 4189 sua
685 4139 772 4187 est
789 4131 1097 4186 futurorum
1125 4129 1415 4199 inspectio,
1450 4145 1547 4200 per
1579 4139 1796 4184 sanctos
1826 4143 1975 4194 suos,
2002 4128 2150 4183 velut

573 4222 864 4294 prmsentia
889 4228 1098 4286 essent,
1138 4220 1322 4274 futura
1351 4220 1744 4291 praedicaverit.
1776 4218 2045 4274 Viderunt
2073 4219 2149 4274 si-

571 4314 792 4385 quidem
836 4313 1058 4383 ingrati,
1101 4313 1500 4383 palparnntque
1540 4326 1606 4366 ex
1642 4310 1944 4374 miraculis,
1982 4310 2148 4364 mira-

571 4407 822 4463 culorum
855 4412 1187 4478 patratorem
1231 4403 1431 4470 Deum,
1466 4419 1529 4458 ac
1575 4403 1928 4458 nihilominus
1973 4403 2027 4456 in
2063 4402 2148 4458 in-

2253 1854 2509 1910 Ὡσαννὰ
2533 1854 2624 1926 [ἐν
2662 1853 2786 1920 τοῖς
2812 1853 3094 1922 ὑψίστοις
3113 1867 3126 1880 ο
3162 1848 3432 1920 ὠσαννὰ]
3460 1847 3536 1913 τῷ
3561 1849 3656 1914 υἱῷ
3687 1851 3770 1902 Δα-

2241 1948 2358 2003 ὄίδ.
2399 1947 2512 2001 Καὶ
2551 1947 2603 2000 oi
2640 1947 2738 2018 μὲν
2785 1945 2896 1999 ἄνω
2929 1942 3300 2011 ὲδοξολόγουν·
3344 1938 3700 2010 Εὐλογημένη
3736 1937 3767 2005 ἠ

2240 2039 2392 2105 δόξα
2438 2039 2662 2108 Κυρίου
2708 2038 2776 2092 ἐκ
2821 2037 2928 2091 τοῦ
2973 2039 3161 2090 τόπου
3213 2032 3430 2088 αὑτοῦ·
3478 2032 3524 2085 οἱ
3565 2032 3616 2085 δὲ
3650 2031 3770 2084 κάτω

2243 2129 2594 2201 [ὲθεολόγουν
2615 2127 2634 2200 ]
2655 2143 2670 2159 ⁶
2714 2127 3140 2199 Εὐλογημένος
3171 2130 3206 2182 ὁ
3235 2127 3548 2195 ἐρχόμενος
3576 2123 3637 2175 ἐν
3661 2121 3772 2174 ὀνό-

2239 2240 2383 2294 ματι
2413 2223 2656 2290 Κυρίου.

2311 2314 2385 2367 Γ’.
2419 2313 2633 2366 Τούτων
2663 2312 2720 2366 δὲ
2756 2311 2927 2375 οὕτως
2955 2307 3317 2379 τελουμένων,
3353 2305 3458 2360 Καὶ
3491 2302 3600 2357 τῶν
3623 2302 3774 2370 μαθη-

2241 2404 2358 2457 τῶν
2404 2404 2776 2472 χορευόντων
2815 2401 2948 2470 περὶ
2999 2400 3248 2453 πάντων
3293 2392 3381 2450 ὧν
3420 2391 3574 2448 εἶδον
3625 2386 3775 2442 δυνά·

2239 2513 2418 2566 μεων,
2461 2494 2558 2547 καὶ
2600 2495 2921 2563 λεγόντων,
2966 2489 3394 2562 Εὐλογημένος
3437 2490 3468 2541 ὀ
3503 2485 3776 2553 ἐρχόμενος

2243 2582 2582 2656 [βασιλεὺς]
2610 2583 2678 2636 ἐν
2703 2585 2944 2652 ὀνόματι
2967 2582 3186 2650 Κυρίου
3205 2598 3223 2611 ο
3253 2580 3323 2633 ἐν
3345 2575 3568 2646 οὐρανῷ
3589 2571 3775 2640 είρὴνηο

2243 2676 2340 2729 καὶ
2383 2673 2533 2738 δόξα
2566 2674 2635 2726 ἐν
2679 2673 2998 2741 ὑιεοίστειςο
3045 2673 3078 2742 ἡ
3126 2670 3286 2732 πόλις
3327 2663 3548 2721 ἐπύθετο
3581 2662 3676 2734 (93)
3710 2659 3778 2712 λέ·

2242 2783 2440 2837 γουσαο
2472 2767 2568 2832 Τίς
2593 2767 2763 2818 ἐστιν
2783 2761 2961 2831 οὗτος
2984 2780 3001 2828 ;
3034 2762 3444 2835 πεπωρωμένον
3472 2758 3647 2829 φθόνον
3667 2750 3780 2806 κατὰ

2241 2859 2340 2928 τῆς
2373 2855 2468 2910 τοῦ
2503 2857 2774 2910 Δεσπότου
2818 2855 2974 2926 δόξης
3003 2855 3257 2909 κινοῦσα,
3300 2853 3461 2907 Πόλιν
3493 2850 3546 2903 δὲ
3589 2845 3783 2910 ἀκούων,

2240 2945 2338 3018 τὴν
2366 2945 2597 2999 παλαιὰν
2633 2946 2732 3016 τῆς
2769 2940 3094 3013 Συναγωγῆς
3134 2945 3378 2998 ἄτακτον
3420 2939 3615 3012 πληθὺν
3640 2932 3787 3002 ἐπιγί-

2243 3056 2439 3093 νωσκε.
2485 3041 2572 3092 Διε
2583 3037 2822 3111 ρωτῶσιν
2850 3039 2898 3091 οἱ
2927 3035 3272 3109 ἀγνώμονες,
3305 3037 3400 3103 Τίς
3422 3035 3586 3088 ἐστιν
3611 3025 3784 3093 οὗτος;

2246 3130 2321 3195 ὡς
2369 3131 2534 3202 μήπω
2565 3129 2871 3202 ἑωρακότες
2908 3128 2998 3182 τὸν
3042 3129 3345 3200 εὐεργέτην
3391 3127 3484 3182 καὶ
3514 3121 3789 3197 περιϐόητον

2245 3225 2358 3286 τοῖς
2403 3222 2729 3296 θεοπρεπέσι
2781 3221 3073 3293 θαύμασιν.
3117 3224 3198 3275 Οὐ
3254 3222 3367 3293 γὰρ
3419 3215 3716 3274 κατέλαϐεν
3756 3211 3786 3276 ἡ

2247 3316 2462 3369 σκοτία
2484 3316 2550 3369 τὸ
2575 3315 2646 3369 ἐν
2674 3312 2829 3383 αὺτῇ
2853 3312 3203 3383 ἐπιλάμψαν
3235 3313 3464 3367 ἄδυτον
3490 3307 3625 3380 φῶς.
3657 3301 3788 3357 Ὅθεν

2247 3407 2549 3472 εύθυϐόλως
2583 3407 2718 3481 πρὸς
2747 3408 2941 3470 αὐτοὺς
2981 3406 3370 3478 ἀνακέκραγεν
3397 3403 3508 3475 (94)
3543 3391 3790 3458 Ἡσαΐαςδ
3887 3455 3892 3466 ,

2247 3500 2531 3571 προφήτης
2569 3499 2742 3568 λέγων
2764 3514 2780 3530 ο
2819 3502 2882 3552 οι
2930 3497 3113 3568 κωφοὶ
3145 3498 3476 3559 ἀκούσατε,
3521 3491 3613 3549 καί
3644 3491 3688 3544 ol
3714 3501 3794 3539 τυ-

2246 3591 2388 3660 φλοὶ
2417 3589 2796 3659 ἀπεϐλέψατε
2819 3589 2986 3644 ἰδεῖν.
3019 3589 3125 3644 Kal
3170 3589 3269 3655 τίς
3299 3586 3546 3657 τυφλὸς,
3584 3579 3724 3655 [ἀλλ’
3749 3576 3792 3630 ol

2248 3677 2457 3746 παῖδές
2495 3697 2614 3748 μου
2638 3696 2652 3710 ο
2688 3679 2787 3733 καὶ
2822 3679 3030 3751 κωφοὶ]
3076 3679 3214 3734 ἀλλ’
3247 3680 3288 3748 ἧ
3323 3677 3685 3747 κυριεύοντες
3706 3669 3791 3722 αὑ·

2247 3771 2404 3834 τᾶ)νὶ
2431 3773 2538 3825 Καὶ
2565 3770 3001 3841 ἑτυφλώθησαν
3026 3774 3080 3824 οἱ
3103 3770 3314 3824 δοῦλοι
3337 3769 3444 3823 τοῦ
3474 3766 3630 3822 Θεοῦ.
3660 3758 3794 3816 Εἶδε-

2247 3879 2312 3916 τε
2348 3862 2665 3930 πολλάκις,
2714 3863 2813 3916 καὶ
2852 3865 2961 3919 οὐκ
3008 3861 3404 3932 ἐφυέῐὰξασθε
3427 3878 3440 3890 ·
3490 3851 3794 3928 ἠνεῳγμένη

2246 3953 2320 4009 τὰ
2342 3949 2481 4022 ὦτα,
2501 3955 2597 4009 καὶ
2624 3957 2735 4010 οὐκ
2762 3955 3081 4024 ἠκούσατε.
3111 3955 3330 4027 Ὁρᾶτε,
3360 3948 3649 4023 ἀγαπητοὶ,
3671 3943 3798 4014 ἀκρί-

2248 4046 2399 4102 ϐειαν
2428 4047 2608 4117 λόγου,
2652 4049 2808 4113 ὅπως
2840 4047 2901 4102 τὸ
2939 4047 3383 4120 προθεωρητικδν
3423 4046 3562 4098 θεῖον
3604 4038 3795 4106 Πνεῦμα

2248 4139 2338 4194 διὰ
2385 4139 2492 4192 τῶν
2525 4139 2696 4209 ἁγίων
2734 4139 2803 4193 τὰ
2833 4139 3092 4211 μέλλοντα
3117 4140 3191 4204 ὡς
3225 4139 3477 4212 παρόντα
3514 4137 3794 4206 ἐκήρυττεν.

2247 4224 2399 4283 Εἶδον
2441 4229 2550 4301 γὰρ
2599 4229 2649 4282 οί
2691 4229 2995 4301 ἀχάριστοι,
3042 4229 3136 4282 καὶ
3183 4227 3542 4299 ἐψηλάφησαν
3587 4223 3667 4277 διὰ
3708 4217 3797 4272 τῶν

2248 4317 2562 4389 θαυμάτων,
2602 4318 2692 4372 τὸν
2728 4319 3138 4392 θαυματουργδν
3177 4319 3334 4384 Θεὸν,
3364 4321 3460 4374 καὶ
3503 4321 3566 4389 τῇ
3605 4309 3798 4380 ἀπιστίᾳ

2249 4409 2551 4479 ἐνέμειναν.
2591 4405 2744 4463 Εἶδον
2777 4410 2974 4480 τυφλὸν
3011 4413 3072 4464 ἐκ
3098 4411 3345 4482 γενετῆς,
3375 4412 3468 4465 τὸν
3495 4403 3799 4482 φωταγωγή-

570 4497 830 4556 ﬁdelitate
857 4504 1174 4552 manserunt
1189 4496 1254 4550 ⁸⁸.
1279 4493 1543 4551 Viderunt
1566 4511 1764 4550 caecum
1784 4511 1813 4548 a
1842 4495 2142 4561 nativitate,

2253 4517 2421 4554 σαντα
2452 4500 2582 4554 Θεὸν
2618 4501 2972 4573 κηρύττοντα.
3009 4497 3162 4555 Εἶδον
3198 4502 3501 4574 σύγχρονον
3544 4501 3634 4554 καὶ⁵
3667 4495 3802 4558 σύζυο

681 4679 726 4710 ⁸⁸
765 4677 915 4732 Psal.
959 4692 1183 4741 CXLVIII,
1222 4675 1275 4729 9.
1384 4673 1428 4704 "
1463 4671 1575 4726 Isa.
1625 4688 1704 4736 γι,
1737 4675 1789 4727 3.

1897 4674 1942 4704 ⁵ο
1975 4669 2163 4726 Ezech.
2209 4688 2294 4731 III,
2343 4672 2433 4726 2'2.

2538 4673 2581 4704 ⁸¹
2613 4672 2806 4726 Matth.
2842 4689 2954 4736 nt,
2985 4680 3091 4729 etc.
3195 4674 3240 4707 "
3278 4673 3414 4729 Luc.
3451 4691 3567 4738 nx,
3615 4673 3697 4734 57,
3727 4669 3799 4724 38.

574 4749 620 4781 ⁸³
664 4747 858 4804 Matth.
916 4763 1029 4814 ui,
1070 4747 1156 4802 10.
1232 4746 1278 4777 ⁸⁸
1325 4744 1485 4800 Joan.
1520 4759 1559 4808 ι,
1599 4743 1654 4798 5.
1727 4745 1772 4776 ⁸⁵
1806 4743 1918 4798 Isa.
1953 4759 2084 4807 xm,
2123 4743 2142 4795 1

2243 4743 2313 4796 ΞΟ.
2392 4745 2436 4774 ⁵⁵
2465 4743 2624 4797 Joan.
2659 4761 2733 4797 Ix.

650 4930 760 5002 (90)
796 4929 904 4982 Τὸν
939 4929 1144 4984 πῶλοι·
1159 4929 1377 5002 ademi.
1415 4929 1615 4984 Gentes
1650 4943 1860 5002 omnes.
1888 4929 1952 5002 ad
1980 4931 2141 4985 vitem

576 4999 1090 5056 illam'translatam
1141 4999 1208 5054 de
1243 5000 1498 5070 Egypto.
1549 5015 1670 5068 qua:
1702 4999 1946 5070 implevit
1976 5007 2144 5070 totam

575 5079 798 5132 terram,
823 5070 1145 5140 docentibus
1173 5068 1449 5140 prophetis
1484 5071 1652 5138 ipsius
1677 5078 1730 5124 et
1751 5069 1936 5140 justis.
1975 5068 2048 5122 Ita
2078 5070 2144 5124 ad

577 5139 800 5194 verbum
843 5139 999 5194 Titus
1043 5139 1351 5196 Bostrensis
1383 5140 1541 5194 docta
1576 5145 1714 5194 orat.
1745 5140 1849 5208 Εἰς
1877 5139 1949 5192 τὰ
1976 5141 2140 5205 Βάϊα,

575 5224 737 5278 quam
766 5224 831 5262 ex
866 5210 1029 5278 regiis
1061 5211 1342 5264 habemus.

645 5277 760 5402 (9|)
805 5277 1143 5364 Ἀλργιστοξ·
1173 5278 1577 5349 ὲξεμόλάριον.
1611 5278 1720 5340 Α1.,
1749 5277 1954 5360 αλογον
1985 5279 2147 5362 ἐξεμ-

683 5364 794 5402 οιον
830 5349 863 5402 ἢ
895 5349 1273 5402 εεειιπλαοιον.
1314 5349 1560 5402 Gaudent
1593 5347 1764 5402 Gram
1812 5348 2056 5402 barbaris
2083 5360 2137 5402 et

577 5347 794 5420 ξλάριον
830 5349 864 5420 ἢ
895 5347 1282 5420 ἐξεμπλάριονζ
1314 5349 1560 5406 Gaudent
1593 5347 1764 5420 Graeci
1812 5348 2056 5406 barbaris
2079 5347 2137 5404 et

578 5417 783 5473 Latinis
817 5417 1065 5480 vocibus,
1101 5417 1160 5473 ut
1193 5435 1299 5474 non
1341 5435 1522 5490 paucae
1549 5420 1658 5487 jam
1696 5418 1823 5472 olim
1869 5433 1993 5474 cum
2035 5421 2137 5474 im-

578 5491 726 5557 perio
753 5490 819 5543 ad
854 5504 948 5544 eos
987 5492 1322 5548 transierint.
1363 5505 1748 5560 nonnunquam
1782 5491 2139 5558 scriptoribus

577 5561 874 5625 prmsertim
904 5561 1076 5614 sacris
1103 5572 1390 5626 usurpatae.
1457 5559 1615 5615 velut
1649 5559 1784 5629 forte
1826 5561 1994 5629 magis
2037 5577 2139 5615 usu

579 5641 806 5700 recepta:
833 5637 886 5700 et
914 5631 1110 5700 notiori
1138 5631 1563 5700 signiﬁcatione;
1593 5643 1698 5700 qua
1724 5628 1791 5686 de
1817 5645 1875 5685 re
1902 5628 2066 5686 etiam
2087 5632 2142 5685 in

583 5692 909 5752 Vita—Basilii
943 5715 1038 5768 pro
1070 5692 1462 5768 Amphilochio.

2318 4931 2430 5001 (92)
2459 4932 2562 4986 Διὰ
2607 4931 2782 4985 τοῦτο
2827 4935 2882 4986 οὶ
2917 4931 3033 5001 μέν
3061 4932 3202 4988 ἄνω.
3233 4931 3501 4988 Pluribus
3531 4928 3805 5001 eodemque

2249 4997 2433 5064 sensu,
2469 5009 2607 5056 orat.
2646 5003 2734 5055 illa
2769 5001 2841 5056 De
2877 4997 3117 5066 occursu,
3143 5005 3367 5072 exponit
3404 5003 3548 5058 idem
3586 4997 3805 5065 seraphi-

2249 5088 2373 5144 cum
2407 5072 2680 5144 canticum
2705 5090 2718 5144 ;
2761 5081 2819 5126 ut
2850 5081 3118 5142 postrema
3147 5073 3293 5128 illius
3322 5083 3504 5144 parte.
3534 5072 3700 5141 palam
3728 5082 3806 5121 ce-

2248 5141 2488 5197 lebretur
2509 5141 2822 5197 Dominicus
2851 5141 3113 5213 adventus
3141 5153 3193 5198 et
3221 5141 3540 5213 οἰκονομίας
3573 5153 3674 5213 qua
3699 5148 3806 5213 vere

2251 5213 2352 5265 fuit
2383 5215 2540 5282 plena
2571 5219 2734 5274 terra,
2769 5214 2939 5282 gloria
2967 5211 3177 5266 Domini
3205 5229 3219 5276 ;
3263 5206 3567 5267 obcaicatis
3593 5206 3806 5282 interim

2250 5278 2500 5353 Iudaeis:
2537 5297 2710 5353 quam
2744 5278 2931 5336 eorum
2973 5283 3270 5353 caecitatem
3314 5283 3449 5353 olim
3486 5278 3805 5353 praedictam,

2245 5360 2393 5406 recte
2423 5351 2730 5422 Methodius
2754 5362 2939 5407 noster
2971 5361 3202 5422 utroque
3231 5351 3376 5414 loco,
3404 5351 3636 5422 Domino
3663 5357 3808 5417 appa-

2245 5431 2418 5484 rente,
2454 5421 2677 5477 oﬂ'endit
2704 5430 2900 5476 eventu
2929 5421 3191 5484 secutam,
3226 5431 3283 5475 ut
3312 5423 3570 5477 videatur
3602 5421 3700 5474 ista
3726 5429 3810 5466 πει

2249 5493 2404 5563 ριοχή
2457 5493 2708 5560 prtccipui
2741 5493 3074 5563 characteris
3104 5495 3223 5548 loco
3247 5493 3444 5546 huicce
3473 5487 3720 5546 orationi.

2317 5561 2429 5628 (9'5)
2479 5563 2768 5616 Ἐπύθετο.
2794 5561 2901 5626 AL,
2937 5564 3158 5616 ἐσείετο.

2323 5631 2432 5704 (94)
2475 5633 2906 5704 Ἁνακέκραγεν.
2941 5631 3511 5702 Α1.,προανέκραγεν.
