3980 6318
235 280 337 336 389

1298 286 1555 343 ORATIO
1596 286 1661 342 IN
1702 286 1940 344 RAMOS
1971 285 2373 344 PALMARUM.

3374 300 3487 359 ὅθί)

226 413 320 465 γον
373 399 445 468 τῇ
496 397 750 471 ἀσθενείᾳ
800 402 1133 473 παράλυτον,
1160 405 1556 477 νπροστάγματι
1594 406 1795 472 διαζευς

1908 406 2075 462 Deum
2102 406 2506 478 praedicantem,
2531 407 2623 478 qui
2647 408 2825 465 visum
2846 411 3201 471 restituisset.
3219 412 3486 475 Viderunt

224 486 424 557 χθέντα
459 488 561 558 τῆς
601 492 917 561 κακουχίας.
957 492 1275 548 Ἐθεάσαντο
1316 497 1565 570 Λάζαρον
1600 498 1810 568 φυγάδα

222 580 457 632 θανάτου
482 583 764 649 γεγονότα.
806 586 1080 639 Ἤκουσαν
1105 586 1197 639 τὸν
1222 588 1279 641 ὲν
1311 588 1546 664 Θαλάττῃ
1574 592 1809 663 περίπα-

219 685 308 721 τον
330 686 344 698 ·
380 669 483 741 τὴν
524 671 878 743 ἀγεώργητον
904 677 1194 731 οἱνοδοσίαν
1214 694 1227 707 ⁸
1251 678 1348 749 τὴν
1373 680 1609 752 ἄμοχθον
1644 685 1808 754 ἀρτο-

224 766 429 832 φαγίαν
449 782 465 796 °
498 766 600 838 τὴν
637 766 744 821 τῶν
781 769 1047 841 δαιμόνων
1084 773 1381 829 ἀπελασίαν
1406 793 1418 806 ’
1452 778 1548 849 τὴν
1574 778 1682 832 τῶν
1712 797 1809 833 κα-

223 860 469 927 μνόντων
490 860 814 930 εὐρωστίαν.
850 865 913 917 Αἱ
942 864 1187 919 πλατεῖαι
1214 868 1389 922 αὐτῶν
1422 870 1519 934 τὰς
1549 872 1807 943 δυνάμεις

218 950 523 1018 ἐκήρυττον
547 966 560 978 ·
589 951 645 1002 αἱ
674 951 781 1004 ὁδοὶ
808 953 986 1005 αὐτῶν
1013 955 1111 1018 τὰς
1145 958 1313 1022 ἰάσεις
1335 962 1447 1024 τοῖς
1469 961 1805 1035 ὁδοιποροῦσι

219 1043 615 1111 κατήγγελλον.
663 1044 819 1097 Πᾶσα
860 1046 1081 1099 Ἰουδαία
1120 1049 1412 1123 ἐπληρώθη
1445 1054 1551 1106 τῶν
1582 1057 1803 1127 εὐεργε-

220 1134 382 1187 σιῶνο
440 1136 539 1188 καὶ
579 1136 674 1188 νῦν
713 1136 998 1202 ἀκούοντες
1037 1140 1170 1194 Θεοῦ
1214 1139 1376 1209 αἶνον,
1414 1146 1799 1202 πυνθάνονται⁶

220 1226 312 1292 Τίς
350 1227 534 1280 ἐστιν
571 1225 791 1296 οὗτος;
823 1231 885 1282 Ὢ
920 1231 1104 1296 ἀνοίας
1141 1234 1248 1287 τῶν
1272 1235 1632 1308 ψευδωνύμων
1659 1240 1803 1293 διδα-

212 1321 462 1373 citizka!
494 1321 544 1373 ῶ
583 1322 692 1375 τῶν
734 1323 974 1377 ἀπειθῶν
1014 1327 1296 1398 πατέρωνέ
1336 1328 1380 1380 ὦ
1406 1330 1513 1382 τῶν
1555 1331 1802 1402 ἀφρόνων

212 1411 636 1486 πρεσϐυτέρωνῑ
665 1414 710 1467 ὣ
731 1415 970 1485 σπέρμα
1006 1419 1249 1473 Χαναὰν
1274 1420 1366 1473 τοῦ
1412 1421 1679 1487 ἀναιδοῦς,
1710 1423 1801 1477 καὶ

210 1504 342 1573 οὐχὶ
383 1505 581 1559 Ἰούδα
606 1505 701 1559 τοῦ
736 1506 1013 1573 εὐλαϐοῦς.
1051 1510 1133 1562 Τὰ
1160 1510 1325 1565 τέκνα
1366 1512 1680 1580 ἐπέγνωσαν
1710 1515 1802 1568 τὸν

211 1596 460 1666 κτῐστην,
500 1598 598 1650 καὶ
629 1598 680 1650 οἱ
718 1599 961 1664 ἀπειθεῖς
997 1600 1230 1671 πατέρες
1261 1600 1443 1670 ἔλεγον
1462 1620 1474 1632 ’
1512 1602 1607 1669 Τίς
1631 1603 1803 1658 ἐστιν

213 1682 431 1753 οὖτος-ξ
464 1688 535 1740 Ἠ
561 1688 655 1741 νέα
678 1691 772 1743 καὶ
794 1690 962 1762 ἀδαὴς
998 1693 1183 1763 ἡλικία
1223 1693 1312 1746 τὸν
1336 1694 1466 1748 Θεὸν
1492 1695 1795 1767 ἀνύμνησε,

1912 498 2269 569 paralyticum
2300 513 2480 553 coaeva
2502 498 2836 566 inﬁrmitate,
2869 505 3184 575 arctiusque
3209 507 3485 579 implicata

1909 591 2051 644 mala
2092 592 2424 655 valetudine,
2450 591 2678 660 jubente
2704 591 2844 663 ipso,
2870 595 3180 651 absolutum
3209 600 3276 654 ".
3311 598 3484 656 Laza-

1908 698 2028 736 rum
2060 691 2485 753 conspexerunt,
2511 684 2703 739 mortis
2730 684 2931 739 factum
2965 688 3248 760 profugam
3274 691 3341 744 ⁸⁸.
3369 692 3484 746 Au-

1908 774 2125 829 dierunt
2154 792 2275 830 eum
2309 776 2619 831 ambulasse
2648 777 2702 831 in
2733 777 2870 831 mari
2901 779 2968 843 5’,
2997 780 3183 835 vinum
3213 782 3331 837 sine
3367 785 3483 838 cul-

1907 873 2027 920 tura
2073 867 2546 921 subministratum
2582 869 2648 935 ⁸ο,
2698 878 2974 926 comestos
3024 887 3193 943 panes
3232 875 3483 931 convivio

1906 957 2051 1011 ultro
2071 957 2358 1022 instructo,
2376 959 2417 988 ⁶¹
2452 958 2665 1029 fugatos
2681 960 2979 1027 daemones,
2998 962 3242 1019 inﬁrmos
3262 965 3482 1020 sanitati

1905 1049 2190 1102 restitutos
2218 1049 2281 1101 δ’.
2310 1046 2507 1104 Platea:
2544 1050 2785 1120 ipsorum
2827 1051 3199 1121 praadicabant
3226 1056 3481 1122 virtutes,

1904 1138 2007 1192 viae
2041 1140 2324 1208 agentibus
2377 1143 2477 1195 iter
2508 1142 2823 1197 sanationes
2852 1146 3267 1200 annuntiabant.
3296 1146 3481 1204 Judaea

1908 1236 2018 1283 tota
2061 1230 2338 1285 beneﬁciis
2381 1234 2658 1286 cumulata
2705 1241 2851 1300 erat;
2900 1236 3291 1307 audientesque
3321 1241 3483 1296 modo

1906 1321 2118 1375 divinas
2148 1322 2357 1385 laudes,
2384 1322 2719 1392 interrogant
2743 1342 2756 1377 :
2785 1326 2915 1391 Quis
2946 1337 3020 1380 est
3048 1328 3167 1383 hic?
3194 1328 3237 1383 Ο
3261 1329 3481 1387 demen-

1902 1414 2029 1466 tiam
2062 1412 2183 1469 falsi
2227 1412 2465 1470 nominis
2508 1415 2923 1482 magistrorum!
2973 1434 3005 1472 o
3041 1419 3350 1476 incredulos
3383 1438 3481 1493 pa-

1901 1508 2039 1562 tres!
2078 1523 2110 1561 o
2143 1508 2464 1577 insipientes
2505 1510 2781 1563 seniores!
2820 1523 2852 1558 ο
2889 1508 3146 1564 Chanaan
3186 1514 3479 1583 impuden-

1900 1598 1972 1653 tis
2003 1616 2195 1660 semen,
2233 1616 2336 1652 non
2376 1601 2682 1656 reverentis
2703 1610 2758 1655 et
2784 1601 3020 1656 timorati
3043 1601 3079 1655 Ι
3086 1604 3187 1656 uda
3212 1605 3274 1660 ⁸³.
3300 1606 3481 1675 Agno-

1898 1698 2095 1743 verunt
2136 1691 2289 1760 pueri
2336 1691 2649 1746 Creatorem
2677 1734 2691 1757 ,
2748 1701 3001 1761 parentes
3042 1709 3168 1748 vero
3214 1695 3478 1752 increduli

210 1780 303 1832 καὶ
330 1783 389 1834 οἱ
418 1782 899 1851 πεπαῑαιωμέ-νοι
936 1783 1171 1852 ἡμερῶν
1199 1784 1396 1839 κακῶν
1421 1765 1793 1842 ἐπυνθάνοντο·

1900 1781 2156 1836 dicebant
2190 1801 2202 1836 :
2246 1782 2375 1849 Quis
2404 1792 2481 1837 est
2504 1784 2625 1839 hic?
2653 1782 2800 1837 Nova
2829 1792 2881 1838 et
2910 1785 3059 1840 rudis
3088 1795 3219 1842 artas
3250 1787 3359 1843 Deo
3388 1805 3481 1846 ce-

215 1872 308 1935 Τίς
343 1872 527 1925 ἐστιν
560 1869 773 1939 οὗτος;
802 1872 1132 1943 Θηλάζοντες
1171 1876 1493 1946 θεολογοῦσι,
1542 1880 1634 1933 καὶ
1667 1898 1799 1953 πρε-

208 1960 467 2034 σϐύτεροι
505 1962 919 2034 βλασφημοῦσι·
960 1966 1145 2030 παῖδες
1190 1967 1429 2032 εὐσεϐῶς
1462 1971 1797 2043 ἱερουργοῦσι

208 2050 375 2121 αἶνον,
414 2056 513 2109 καὶ
564 2056 769 2129 ἀνίεροι
817 2058 978 2128 ἱερεῖς
1014 2058 1289 2123 δυσσεϐῶς
1331 2061 1792 2131 ἀγανακτοῦσιν.

276 2329 347 2380 Δ’.
382 2331 454 2381 Οἱ
475 2327 743 2393 ἀπειθεῖς
756 2327 825 2381 ἐν
847 2327 1134 2397 φρονήσει
1157 2328 1416 2395 δικαίων,
1440 2330 1796 2401 ἐπιστρέψατε

209 2420 299 2484 τὰς
337 2420 575 2491 καρδίας
606 2420 763 2490 ὑμῶν
804 2421 896 2473 ἐπὶ
941 2421 1009 2474 τὰ
1038 2420 1201 2490 τέκνα
1235 2422 1407 2493 ὑμῶν.
1439 2424 1651 2477 Μάθετε
1696 2442 1796 2494 μυ-

212 2514 405 2582 στήρια
438 2512 579 2565 Θεοῦ
599 2530 611 2541 ·
652 2513 782 2565 αὐτὸ
809 2512 869 2565 τὸ
896 2511 1217 2583 τελοῦμενον
1246 2517 1529 2586 μαρτυρεῖ,
1558 2516 1638 2568 ὅτι
1666 2516 1796 2580 Θεός

208 2607 351 2657 ἐστιν
375 2606 407 2657 ὁ
435 2603 613 2667 οὕτως
639 2602 874 2671 ἁνυμνοῦ
884 2621 1039 2673 μενος
1065 2604 1169 2656 ὑπὸ
1195 2603 1489 2657 ἀδιδάκτων
1516 2605 1793 2673 γλωσσῶν.

222 2694 535 2763 Ἐρευνᾱτε
565 2696 673 2761 τὰς
705 2695 967 2764 Γραέοὰς,
1009 2694 1190 2759 καθὼς
1219 2695 1486 2765 ἠκούσατε
1513 2696 1662 2768 παρὰ
1700 2694 1794 2749 τοῦ

208 2789 482 2841 Δεσπότου
508 2804 521 2816 ·
563 2787 651 2840 ὅτι
695 2787 869 2841 αὗταί
911 2788 1069 2841 εἰσιν
1112 2790 1171 2840 αἱ
1210 2788 1619 2856 μαρτυροῦσαι
1663 2788 1793 2855 περὶ

208 2881 415 2943 αὑτοῦ,
458 2882 555 2933 καὶ
596 2881 697 2933 οὐκ
742 2881 985 2948 ἀγνοεῖτε
1032 2879 1091 2934 τὸ
1137 2879 1339 2951 θαῦμα.
1393 2881 1702 2943 Ἀκούσατε,
1747 2882 1795 2933 οἱ

206 2971 614 3043 ἀχαριτώτατοι
650 2971 761 3039 (95)
818 2972 913 3025 καὶ
960 2972 1264 3042 ἀχάριστοι,
1307 2970 1356 3024 τί
1392 2970 1795 3041 εὐαγγελίζεται

208 3064 382 3133 ὐμίνό
402 3064 686 3135 προφήτης
712 3064 1006 3135 Ζαχαρίας.
1026 3064 1163 3136 Φησὶ
1188 3064 1313 3135 γάρ·
1342 3064 1515 3132 Χαζοε
1538 3064 1793 3135 σφόδρα,

1901 1872 2035 1927 cinit
2065 1872 2301 1938 laudem,
2336 1875 2707 1945 inveteratique
2735 1876 2995 1929 malorum
3031 1876 3236 1931 dierum
3270 1880 3313 1911 “
3348 1896 3475 1951 per-

1898 1964 2297 2020 contabantur:
2342 1965 2473 2031 Quis
2512 1976 2588 2019 est
2632 1966 2755 2022 hic?
2803 1966 3088 2023 Lactentes
3133 1970 3475 2027 divinitatem

1898 2056 2141 2120 laudant,
2174 2057 2561 2127 [senioresque‘
2588 2059 2939 2129 blasphemiis
2965 2068 3245 2131 appetunt.
3310 2061 3474 2118 Pueri

1897 2147 1985 2217 pie
2027 2148 2339 2203 sacriﬁcant
2371 2150 2613 2218 laudem,
2663 2150 2986 2224 profanique
3021 2154 3334 2211 sacerdotes
3368 2157 3472 2211 im-

1898 2238 1986 2310 pie
2016 2238 2357 2309 indignantur
2383 2241 2448 2296 θ’.

1964 2327 2051 2384 lV.
2096 2328 2366 2384 Increduli
2417 2330 2485 2383 ad
2535 2331 2866 2400 prudentiam
2897 2333 3254 2403 justorum“,
3304 2336 3471 2393 corda

1896 2415 2076 2475 vestra
2123 2422 2423 2477 convertite
2473 2422 2540 2476 ad
2576 2424 2717 2479 ﬁlios
2757 2434 2992 2481 vestros.
3026 2425 3234 2482 Discite
3283 2443 3473 2484 sacra-

1897 2520 2078 2566 menta
2111 2511 2206 2568 Dei
2255 2532 2267 2567 :
2319 2513 2476 2568 testis
2516 2521 2600 2570 est
2631 2531 2721 2570 res
2751 2516 2867 2587 ipsa
2910 2532 3031 2588 quae
3064 2518 3264 2588 agitur,
3296 2518 3469 2575 Deum

1897 2619 2020 2659 esse
2062 2605 2151 2674 qui
2204 2606 2282 2660 sic
2317 2605 2385 2660 ab
2421 2605 2657 2662 indoctis
2704 2608 2904 2678 linguis
2934 2610 3272 2663 decantetur.
3310 2608 3475 2665 Scru—

1898 2696 2086 2748 tmm’m’
2120 2695 2446 2765 Scripturas,
2476 2698 2933 2766 quemadmodum
2965 2699 3194 2753 audistis
3236 2715 3263 2752 a
3290 2698 3473 2754 Domi-

1897 2800 1987 2847 no,
2019 2788 2267 2855 quoniam
2299 2788 2407 2841 illa:
2435 2796 2557 2841 sunt
2586 2804 2704 2857 qua:
2730 2791 3082 2843 testimonium
3109 2790 3375 2858 perhibent
3407 2790 3475 2847 de

1910 2879 2025 2945 ipso
2055 2879 2121 2942 ",
2160 2895 2259 2933 nec
2286 2880 2609 2933 miraculum
2648 2880 2914 2950 ignorate.
2943 2882 3159 2947 Audite,
3200 2883 3318 2937 sine
3348 2899 3473 2951 gra-

1896 2971 1970 3023 tia
1999 2971 2245 3028 homines
2273 2972 2602 3042 ingratique,
2625 2972 2755 3041 quid
2781 2973 2936 3028 vobis
2963 2972 3128 3029 fausti
3160 2975 3334 3027 nuntii
3360 2974 3467 3027 Za-

1897 3061 2113 3116 charias
2148 3062 2357 3116 aﬂerat.
2393 3061 2487 3115 Ait
2530 3064 2672 3116 enim
2714 3082 2725 3115 :
2766 3060 2945 3118 Gaude
2982 3064 3314 3127 vehementer,
3351 3065 3471 3133 filia

202 3155 465 3223 θύγατερ
504 3153 677 3208 Σιών·
726 3154 852 3208 ἰδοὺ
887 3157 919 3207 ὀ
952 3154 1250 3221 Βασιλεύς
1290 3169 1405 3209 σου
1434 3157 1666 3225 ἔρχεταί
1695 3171 1791 3209 σοι

1899 3150 2023 3205 Sion
2056 3168 2073 3205 :
2100 3169 2213 3207 ecce
2240 3152 2351 3206 Rea:
2380 3163 2498 3207 tuus
2529 3153 2663 3207 venit
2687 3153 2780 3206 tibi
2794 3154 2976 3223 justus
3010 3166 3058 3211 et
3089 3155 3300 3210 salvam
3324 3156 3470 3225 :ipsc

204 3241 438 3309 δίκαιος
460 3244 563 3297 καὶ
589 3243 818 3304 σώζων·
848 3244 1028 3310 αὐτὸς
1058 3243 1268 3313 πραῢς,
1315 3246 1410 3297 καὶ
1439 3245 1795 3312 ἐπιϐεϐηκὼς

202 3335 298 3388 ἐπὶ
326 3336 549 3389 πῶλον
582 3336 728 3390 ὄνου
760 3336 891 3407 (96).
929 3337 1078 3389 Διατί
1109 3336 1207 3408 τὴν
1234 3336 1411 3409 χαρὰν
1442 3339 1791 3404 amet-565505;

204 3427 351 3479 Διατί
379 3444 442 3479 τε
477 3426 663 3479 Ἡλίου
687 3427 1012 3497 λάμποντος,
1037 3427 1095 3480 τὸ
1119 3428 1304 3491 σκότος
1333 3430 1614 3497 ἀγαπᾶτε;
1646 3432 1793 3484 Διατί

204 3520 335 3591 πρὸς
362 3519 469 3589 τὴν
506 3518 851 3589 ἀπολέμητον
881 3520 1099 3590 εἰρήνην
1134 3520 1391 3589 μελετᾶτε
1426 3521 1696 3592 πόλεμον;
1730 3523 1793 3577 Ei

202 3613 378 3666 τοίνυν
430 3614 540 3665 υἱοὶ
598 3612 735 3664 Σιών
793 3614 936 3677 ἐστε,
987 3613 1385 3683 συγχορεῦσατε
1429 3618 1537 3679 τοῖς
1588 3615 1794 3679 τέκνοις

201 3703 371 3774 ὑμῶν.
405 3704 604 3774 Χαρᾶς
634 3703 853 3774 ἀφορμὴ
877 3703 1012 3755 ἔστω
1036 3702 1162 3773 ὑμῖν
1193 3706 1221 3774 ἡ
1251 3704 1359 3756 τῶν
1387 3704 1591 3757 τέκνων
1617 3706 1795 3759 θεοσέ-

200 3797 337 3851 ϐεια.
364 3797 597 3852 suam
648 3798 774 3869 παρ’
809 3798 985 3851 αὐτῶν
1014 3799 1099 3861 τίς
1130 3800 1158 3851 ὁ
1192 3797 1443 3864 διδάξας;
1485 3798 1567 3862 τίς
1606 3801 1633 3851 ὁ
1678 3816 1794 3851 συν-

201 3889 504 3960 αθροίσας;
538 3887 700 3941 πόθεν
727 3888 793 3942 τὰ
818 3888 1152 3959 διδάγματα;
1175 3888 1257 3951 τίς
1284 3889 1317 3959 ἡ
1340 3887 1497 3958 καινὴ
1527 3887 1789 3957 θεολογία,

198 3985 289 4034 καί
318 3982 543 4035 παλαιὰ
583 3980 925 4052 προφητεῐα;
962 3982 1024 4033 Εἰ
1065 3980 1121 4033 δὲ
1156 3980 1455 4049 ἀνθρώπων
1490 3980 1584 4049 μὲν
1621 3980 1792 4043 οὐδεὶς

199 4073 347 4125 οφδὲν
380 4074 601 4126 τούτων
647 4073 901 4139 ἐδίδαξεν,
928 4072 1234 4143 αὐτόματον
1274 4071 1329 4124 δὲ
1372 4071 1460 4125 τὸν
1487 4067 1633 4124 αἶνον
1670 4073 1794 4125 ἁνα-

202 4167 499 4234 μέλπουσι,
525 4164 699 4233 γνῶτε
722 4163 856 4217 Θεοῦ
879 4160 1015 4219 εἶναι
1038 4165 1096 4217 τὸ
1123 4164 1280 4236 ἔργον
1299 4180 1311 4192 ·
1341 4163 1415 4227 ὡς
1437 4165 1493 4215 ὲν
1521 4162 1597 4233 τῷ
1626 4163 1793 4233 Νόμῳ

200 4258 521 4327 γέγραπται
543 4273 556 4284 ·
594 4256 689 4306 Ἐκ
719 4256 1011 4324 στόματος
1037 4254 1270 4320 νηπίων
1296 4253 1392 4305 καὶ
1419 4251 1792 4320 θηλαζόντων

199 4348 569 4416 nutri-pericu)
597 4343 788 4400 αἶνον.
820 4345 1215 4399 Διπλασιάσατε
1246 4341 1339 4397 οὖν
1365 4344 1463 4416 τὴν
1485 4342 1679 4416 χαρὰν,
1710 4345 1789 4397 ὅτι

197 4442 461 4495 τοιούτων
508 4439 717 4493 παίδων
760 4440 1017 4508 γεγόνατε
1051 4437 1309 4508 πατέρες,
1352 4437 1547 4499 οἵτινες
1589 4435 1684 4489 καὶ
1722 4436 1790 4489 τὰ

1895 3253 2199 3297 mansuetus
2239 3252 2288 3296 et
2323 3243 2502 3297 sedens
2551 3259 2705 3313 super
2735 3244 2938 3311 pullum
2987 3245 3154 3298 asina
3172 3246 3237 3298 “.
3266 3244 3467 3316 thuid

1893 3331 2147 3401 gaudium
2196 3333 2490 3403 repellitis?
2536 3334 2727 3403 utquid
2772 3334 2985 3388 lucente
3048 3334 3182 3399 sole,
3215 3338 3471 3392 tenebras

1894 3424 2153 3493 diligitis?
2204 3425 2392 3495 utquid
2453 3424 2717 3480 adversus
2755 3426 3229 3495 inexpugnabilem
3275 3441 3465 3496 pacem

1894 3517 2228 3571 meditamini
2274 3518 2508 3572 bellum?
2540 3515 2595 3570 Si
2632 3517 2797 3587 igitur
2850 3520 2983 3572 estis
3029 3517 3118 3570 ﬁlii
3156 3513 3311 3582 Sion,
3358 3532 3466 3573 una

1894 3622 2017 3662 cum
2060 3609 2184 3664 tiliis
2234 3609 2431 3664 vestris
2474 3610 2701 3663 choreas
2730 3609 2933 3664 ducite.
2971 3608 3054 3662 Sit
3100 3609 3253 3664 vobis
3277 3608 3466 3679 gaudii

1893 3700 2057 3764 ratio,
2109 3701 2337 3755 ﬁliorum
2378 3702 2588 3772 religio.
2635 3701 2716 3755 Ab
2746 3702 2882 3772 ipsis
2908 3701 3100 3757 discite
3130 3702 3253 3772 quis
3298 3701 3468 3758 fuerit

1892 3791 2123 3846 doctor?
2177 3794 2301 3863 quis
2353 3793 2769 3849 convocaverit?
2816 3792 2959 3848 unde
3009 3794 3292 3847 doctrina?
3345 3809 3466 3864 quae

1892 3898 2031 3936 nova
2065 3884 2335 3956 theologia
2363 3896 2626 3956 vetusque
2647 3885 2963 3954 prophetia?
2991 3884 3143 3951 Quod
3166 3886 3210 3940 si
3239 3900 3307 3940 ne
3338 3885 3465 3955 quis

1893 3974 2172 4029 hominum
2202 3976 2502 4046 quidquam
2541 3977 2664 4031 illos
2694 3974 2903 4038 docuit,
2935 3975 3080 4028 ultro
3126 3982 3307 4027 autem
3340 3988 3464 4029 mo-

1862 4068 2150 4141 "dnlantur
2179 4069 2413 4134 laudem,
2464 4069 2559 4123 Dei
2606 4084 2743 4139 opus
2781 4069 3118 4137 cognoScite;
3152 4065 3293 4120 sicut
3323 4066 3465 4121 scri-

1892 4170 2041 4229 ptum
2071 4168 2155 4215 est
2186 4162 2239 4214 in
2272 4162 2387 4232 lege
2434 4181 2445 4215 :
2484 4161 2567 4214 Ea:
2612 4179 2699 4216 ore
2740 4162 3027 4232 infantium
3064 4168 3115 4213 et
3155 4159 3462 4214 lactentilm

1889 4252 2149 4321 perfecisti
2197 4253 2401 4306 laudem
2438 4254 2501 4308 θ’.
2552 4254 2704 4324 Agite
2762 4268 2891 4319 ergo
2937 4252 3135 4321 duplex
3179 4249 3459 4321 gaudium,

1890 4342 2034 4410 quod
2069 4342 2258 4395 talium
2297 4358 2585 4411 puerorum
2622 4341 2747 4395 facti
2770 4340 2904 4395 estis
2936 4348 3139 4409 patres,
3176 4340 3266 4408 qui
3298 4338 3461 4393 etiam

1892 4434 2198 4488 senioribus
2229 4435 2498 4504 ignorata,
2533 4433 2643 4488 Deo
2668 4434 2917 4498 docente,
2942 4431 3195 4486 laudibus
3217 4430 3461 4485 celebra-

194 4541 305 4599 τοῖς
354 4532 761 4607 πρεσϐυτέροις
802 4530 1137 4602 ἀγνοηθέντα
1172 4528 1522 4592 θεοδιδάκτως
1555 4528 1789 4598 ἀνευφή-

1899 4536 2035 4580 runt.
2070 4526 2361 4582 Convertile
2387 4526 2547 4579 corda
2572 4536 2740 4580 vestra
2764 4524 2831 4578 ad
2860 4526 2999 4595 filios
3036 4531 3229 4577 vestros
3260 4523 3329 4587 ⁷ο,
3360 4536 3462 4576 nec

197 4644 398 4696 μησεν.
456 4624 890 4690 Ἐπιστρένψατε
932 4619 1037 4686 τὰς
1076 4618 1322 4687 καρδίας
1366 4616 1531 4686 ὑμῶν
1575 4616 1671 4669 ἐπὶ
1720 4617 1793 4671 τὰ

192 4720 379 4771 τέχνα
412 4714 610 4784 ὑμῶν,
645 4713 738 4767 καὶ
772 4712 846 4785 μὴ
884 4712 1089 4783 μῦσατε
1136 4710 1260 4773 τοὺς
1294 4707 1602 4779 ὀφθαλμοὺς
1640 4708 1793 4778 ὑμῶν

195 4811 330 4881 πρὸς
360 4811 471 4880 τὴν
506 4807 784 4879 ἀλήθειαν.
820 4807 884 4860 Εἰ
910 4806 968 4859 δὲ
996 4807 1045 4858 οἱ
1070 4803 1219 4857 αὐτοί
1249 4803 1392 4866 ἐστε,
1417 4801 1513 4853 καὶ
1541 4801 1793 4854 ἀκούον-⁴

190 4920 287 4968 τες
319 4906 444 4956 οὐκ
474 4900 747 4965 ἀκούετε,
778 4897 875 4953 καὶ
901 4896 1242 4963 βλέποντες
1267 4895 1339 4948 οὐ
1366 4892 1628 4958 βλέπετε
1650 4933 1664 4958 ,
1700 4892 1795 4946 καὶ

263 5052 307 5081 ⁸⁷
340 5048 525 5102 Joan.
551 5063 604 5109 ν,
634 5048 686 5101 5.
764 5046 810 5079 ⁵⁸
836 5043 998 5098 Ιοαη.
1025 5056 1105 5104 ιι,
1137 5040 1226 5094 44.

188 5120 278 5181 29.
312 5130 433 5174 etc.
523 5118 566 5148 ”
605 5117 843 5179 Damni,
871 5113 959 5169 56.
1037 5114 1082 5144 ⁸⁸
1102 5110 1245 5181 pan.
1276 5123 1401 5181 xui,
1444 5108 1530 5181 52.

194 5205 270 5256 ιι,
305 5191 362 5246 9.

263 5304 385 5374 (95)
436 5302 918 5374 Ἀχαριτὼτατοι.
933 5299 1109 5374 Quasi
1125 5313 1231 5374 non
1256 5296 1391 5374 grati
1402 5294 1547 5374 ﬁcati
1575 5314 1601 5374 :_
1612 5304 1790 5350 vestra

193 5366 394 5443 utique
455 5366 666 5446 culpa,
694 5376 785 5446 qui
833 5371 923 5446 Dei
974 5366 1331 5441 gratiﬁcantis
1377 5366 1708 5446 beneﬁcium
1738 5376 1792 5446 e_t

191 5436 440 5513 gratiam
489 5436 766 5514 repelliti's.
813 5443 940 5514 Quo
978 5436 1153 5514 sensu
1209 5446 1393 5508 posset
1425 5438 1620 5514 exponi
1655 5436 1786 5514 illud

194 5506 328 5569 Luc.
374 5532 420 5578 ι,
480 5506 914 5584 κεῂαριτωμένη,
962 5506 1345 5584 ιιιιίᾐὶηιείτνικ,
1394 5508 1568 5584 gratia
1611 5506 1787 5575 plena,

192 5588 352 5654 quasi
396 5578 715 5654 grati'fic'ata
749 5578 801 5637 et
825 5578 1175 5647 singulariter
1203 5588 1359 5654 aucta
1391 5578 1584 5654 gratia,
1620 5592 1794 5654 eoque

193 5646 347 5718 ῥιεηα
380 5646 605 5726 gvratia.
628 5656 748 5726 alio
764 5646 1091 5726 signiﬁcatu,
1124 5659 1177 5705 et
1199 5651 1369 5726 plane
1395 5646 1662 5726 gratiosa,
1693 5646 1788 5726 Dei

195 5716 245 5776 in
288 5716 496 5797 ipsimi
530 5716 1042 5797 effusalargissima
1074 5716 1268 5797 gratia.
1316 5716 1597 5797 Sic’naulo
1650 5716 1790 5797 infe-

198 5788 328 5851 ιιυέ
349 5794 645 5851 reddimus
674 5795 734 5848 τὸ
758 5788 899 5866 λόγῳ
932 5788 1369 5865 κεχαριτιομένῳ,
1414 5788 1566 5857 pleno
1610 5788 1787 5858 gratia

1324 5038 1371 5071 "
1406 5035 1603 5092 Matth.
1650 5052 1761 5097 XIV,
1792 5034 1883 5090 26.

1632 5108 1677 5138 ⁸⁸
1713 5096 1795 5159 Ma

1899 5148 1907 5159 .
1943 5123 2058 5163 ττι.
2090 5109 2173 5164 15.
2254 5096 2453 5164 “Luc.
2491 5110 2631 5174 1,17.
2710 5110 2752 5141 ⁸⁷
2782 5096 2943 5163 Joan.
2972 5119 3027 5170 ν,
3055 5101 3145 5158 39.
3219 5099 3266 5131 ⁸⁸
3292 5096 3434 5150 Ζαειί

458 5188 509 5223 ⁸⁸
547 5186 696 5241 Psal.
734 5176 851 5251 vin,
888 5186 941 5239 3.
1019 5184 1065 5224 ⁷ο
1091 5180 1217 5235 Luc.
1243 5196 1282 5243 ι,
1322 5180 1410 5234 17.
1488 5180 1529 5209 ⁷¹
1566 5176 1679 5231 Isa.
1712 5192 1786 5243 vi,

1971 5180 2017 5209 "
2063 5178 2257 5233 Matth.
2292 5194 2392 5244 xu,
2418 5178 2504 5233 ‘27.

1896 4619 2204 4674 clauseritis
2253 4620 2441 4673 oculos
2481 4618 2545 4671 ad
2575 4618 2879 4673 veritatem.
2911 4604 3062 4682 Quod
3095 4614 3140 4668 si
3164 4613 3323 4667 iidem
3346 4628 3463 4683 per-

1897 4711 2179 4775 severatis,
2217 4720 2267 4765 et
2310 4711 2577 4763 audientes
2619 4725 2720 4763 non
2751 4706 2969 4771 auditis,
3000 4705 3328 4774 videntesque
3357 4720 3460 4759 non

1898 4802 2081 4856 ridetis
2112 4803 2180 4868 ⁷¹,
2217 4810 2379 4872 atque
2411 4801 2684 4857 incassum
2722 4800 2789 4854 ab
2819 4797 3120 4853 infantibus
3158 4793 3455 4857 dissidetis,

1903 4906 2054 4948 erunt
2084 4895 2185 4964 ipsi
2216 4895 2371 4949 vestri
2388 4894 2589 4964 judices
2614 4895 2683 4959 τ’,
2709 4894 2863 4963 juxta
2894 4888 3191 4946 Salvatoris
3209 4885 3459 4942 verbum.

3099 5031 3143 5064 ⁸⁸
3175 5028 3305 5083 Luc.
3337 5041 3434 5079 vui

1991 5037 2035 5068 ‘°
2064 5035 2228 5093 Joan.
2267 5054 2328 5100 ιι,
2365 5037 2415 5093 7.
2529 5039 2572 5070 “
2601 5037 2759 5093 Joan.
2791 5053 2867 5103 vr,
2899 5036 2986 5090 il.

1887 5313 2144 5360 sermone,
2188 5299 2288 5351 hoc
2312 5305 2396 5353 est
2425 5298 2629 5368 lepore,
2658 5305 2711 5353 et
2733 5297 3007 5368 gratioso;
3035 5288 3306 5364 quomodo
3334 5284 3463 5344 red-

1887 5367 1976 5440 dit
1997 5368 2255 5440 Erasmus
2276 5368 2356 5429 τὸ,
2390 5366 2825 5440 κεχαριτωμένη,
2853 5366 3057 5440 Luc._t.
3176 5430 3228 5440 __
3332 5427 3363 5440 Α,

1959 5437 2069 5506 (96)
2100 5440 2205 5492 Καὶ
2230 5430 2586 5506 ἐπιϐεϐήᾶιῶς
2612 5430 2711 5491 ἐπὶ
2742 5430 2946 5492 πῶλον
2977 5436 3139 5506 ὄνου.
3175 5430 3264 5484 Sic
3294 5430 3456 5506 etiam

1885 5499 2085 5562 citatn'r
2118 5525 2180 5561 ex
2214 5499 2685 5563 JustinoIHabent
2710 5509 2871 5563 modo
2895 5504 3055 5567 LXX,
3079 5517 3235 5569 super
3256 5499 3459 5569 pullum

1887 5594 2094 5632 novum.
2139 5577 2398 5631 Nostrum
2453 5590 2505 5632 et
2552 5578 2749 5633 Justini
2781 5579 3174 5633 consonantius
3207 5570 3455 5629 Ηυιιηηο.

1886 5649 1976 5702 ubi
2040 5657 2125 5703 est
2184 5657 2484 5736 matrix-3:
2547 5650 2717 5717 ﬁlium
2774 5652 3066 5703 asinarum.
3130 5642 3221 5701 Sic
3292 5638 3457 5697 etiam

1890 5737 2073 5808 Vulg”
2102 5754 2257 5807 super
2280 5740 2481 5807 pullum
2510 5738 2680 5808 ﬁlium
2706 5740 2893 5795 asina’.
