3980 6318
482 268 505 290 ι
526 262 658 328 an
1328 222 1331 225 λ
1546 262 1607 317 s.
1651 259 1987 317 narnoon
2013 258 2054 314 E

2160 258 2328 318 BCOPI
2363 258 2453 315 ET
2488 255 2853 317 MARTYRIS
3641 270 3732 328 ωε

524 377 705 438 FBene
728 380 897 452 igitur
913 379 1075 436 etiam
1102 377 1250 434 istud
1276 393 1401 434 cum
1416 379 1547 436 aliis
1600 381 1929 451 prazlocutus
1955 388 2040 436 est
2065 380 2096 435 d

2162 380 2205 459 Α
2237 381 2414 452 μάτην
2438 378 2760 452 διαφέρεσθε
2789 378 2926 451 πρδς
2950 377 3021 432 τὰ
3049 378 3215 450 νήπια
3236 420 3253 447 ,
3281 379 3438 436 αὐτοὶ
3463 380 3609 450 ὑμῶν
3629 402 3733 452 κρι-

553 475 717 531 vobis
735 473 904 531 lsaias
932 473 1195 545 propheta
1206 472 1394 529 dicens
1421 492 1435 529 :
1474 472 1594 528 Non
1607 474 1954 543 confundetur
1979 473 2125 529 modo

2232 470 2327 526 ταὶ
2356 471 2621 534 ἔσονται,
2649 469 2792 523 κατά
2834 468 2927 522 τὸν
2961 466 3055 522 τοῦ
3104 468 3347 541 Σωτῆρος
3380 469 3539 538 λόγον.
3573 473 3735 541 Καλῶς

555 565 747 630 Jacob,
781 580 941 635 neque
980 580 1115 618 nunc
1144 563 1330 633 faciem
1372 563 1595 618 mutabit
1615 566 1740 619 :sed
1758 580 1876 619 cum
1912 565 2127 621 viderint

2229 557 2324 616 οὖν
2366 561 2461 615 καὶ
2503 559 2661 614 τοῦτο
2695 564 2832 631 μετά
2871 557 2981 613 τῶν
3008 558 3180 613 ἀλλων
3216 559 3601 633 προανεφώνησε
3631 565 3736 636 περὶ

557 658 698 726 ﬁlios
738 674 861 712 suos
897 656 1147 726 facientes
1176 670 1332 723 opera
1363 672 1476 711 mea
1498 697 1513 720 ,
1542 667 1754 726 propter
1787 674 1866 711 me
1891 658 2129 728 sanctifi-

2231 652 2384 725 ὐμῶν
2415 654 2445 705 ό
2489 652 2773 724 προφήτης
2812 650 3035 714 Ἡσαΐας
3066 650 3237 719 λέγων
3258 668 3272 683 ο
3301 654 3380 706 Οὐ
3404 653 3512 707 νῦν
3530 657 3740 724 αἰσχυν-

554 748 750 801 cabunt
788 764 975 802 nomen
1008 763 1200 812 meum,
1232 756 1282 801 et
1313 745 1722 816 sanctiﬁcabunt
1766 757 2006 800 sanctum
2030 746 2126 802 Ja-

2229 744 2472 812 θήσεται
2507 743 2725 805 Ἰακὼϐ,
2760 742 2903 796 οὐδὲ
2942 742 3056 797 νῦν
3099 741 3165 796 τό
3198 743 3501 811 πρόσωπον
3530 748 3740 814 μεταϐα-

555 839 671 902 cob,
699 850 744 894 et
781 838 946 895 Deum
989 837 1164 894 Israel
1206 838 1456 893 timebunt
1490 856 1508 893 :
1539 848 1589 894 et
1620 840 1804 903 scient,
1834 840 1924 910 qui
1950 852 2127 895 errant

2227 834 2353 890 λεῖ·
2395 834 2530 889 ἀλλ’
2564 833 2710 887 ὅταν
2748 831 2918 885 ῑδωσι
2961 831 3033 885 τὰ
3075 831 3254 885 τέκνα
3295 830 3482 885 αὐτῶν
3526 833 3592 887 τὰ
3625 834 3743 905 ἔργα

554 933 766 1001 spiritu,
790 932 1199 1003 intelligentiam
1234 948 1254 985 :
1278 941 1327 986 et
1357 933 1743 995 mussitatores.
1775 931 1974 988 discent
2003 932 2126 987 obe-

2223 945 2341 998 μου
2387 927 2672 981 ποιοῦντα
2711 925 2842 997 (97),
2884 923 2957 977 δι’
2994 922 3100 992 ἐμὲ
3138 923 3446 992 ἀγιάσουσι
3485 924 3547 978 τὸ
3589 925 3742 996 ὄνομά

548 1023 697 1088 dire;
747 1033 797 1077 et
841 1022 1033 1094 lingua:
1077 1022 1443 1087 balbutientes,
1473 1022 1671 1076 discent
1701 1022 1842 1093 loqui
1861 1022 2120 1091 pacem”.

2222 1039 2363 1091 μου,
2391 1020 2488 1074 καὶ
2514 1018 2832 1089 ἀγιάσουσι
2851 1016 2958 1070 τὸν
2988 1016 3157 1085 ἅγιον
3180 1015 3284 1069 τοῦ
3324 1016 3528 1081 Ἰακὼϐ,
3554 1019 3638 1072 καί
3658 1019 3746 1073 τὸν

553 1115 743 1181 Vides,
773 1115 960 1171 Iudaee
997 1116 1281 1186 insipiens,
1307 1124 1367 1169 ut
1394 1130 1423 1169 a
1455 1116 1723 1171 sermonis
1752 1116 1975 1171 exordio
1998 1132 2125 1172 con-

2230 1113 2377 1169 Θεὸν
2419 1111 2526 1167 τοῦ
2564 1112 2803 1181 Ἰσραὴλ
2839 1107 3297 1178 φοϐηθήσονται.
3326 1107 3436 1162 ’Καὶ
3465 1107 3744 1178 γνώσονται

545 1211 823 1266 dusionem
863 1210 1030 1264 vvobis
1079 1207 1517 1263 incredulitatem
1567 1215 1803 1263 vestram
1865 1209 2117 1280 propheta

2227 1212 2281 1263 ot
2333 1206 2414 1273 τῷ
2487 1208 2777 1277 πνεύματι
2832 1202 3203 1283 πλανώμενοι
3255 1206 3502 1259 σύνεσιν
3518 1220 3531 1233 ·
3593 1206 3641 1258 oi
3693 1204 3747 1258 δὲ

544 1305 919 1376 τρτεεηυηῐίετῖ
945 1302 1040 1360 Vel
1078 1304 1148 1359 ab
1176 1303 1296 1373 ipso
1319 1302 1602 1366 noveritis,
1638 1312 1697 1356 ut
1726 1311 2031 1359 vestrorum
2064 1302 2116 1357 li-

2226 1301 2608 1375 γογγύζοντες
2624 1299 2997 1371 μαθήσονται
3017 1300 3344 1352 ὑπακούειν
3363 1315 3379 1328 ·
3405 1297 3498 1352 καί
3518 1301 3572 1353 at
3594 1297 3747 1368 γλῶσ-

543 1400 750 1454 .liorum
776 1398 1145 1452 laudationem
1173 1397 1434 1451 divinitus
1466 1395 1786 1465 inspiratam
1824 1397 2077 1465 praedicet
2107 1416 2115 1454 :

2226 1410 2329 1450 σαι
2358 1398 2417 1449 at
2457 1391 2848 1463 ψελλίζουσαι
2872 1389 3245 1461 μαθήσονται
3284 1391 3489 1444 λαλεῖν
3522 1387 3747 1458 εἰρήνην.

540 1487 1009 1560 quemadmodum
1033 1487 1192 1541 etiam
1216 1486 1544 1556 praelocutus
1577 1492 1695 1539 erat
1716 1485 1906 1541 beatus
1934 1485 2112 1552 David,

2236 1487 2418 1559 Ὁρᾷς,
2450 1480 2496 1539 ὧ
2522 1485 2715 1555 ἀνόητε
2748 1483 2986 1545 ἰουδαϊε,
3013 1480 3128 1545 πῶς
3166 1484 3233 1535 ὲκ
3261 1481 3547 1552 προοιμίων
3570 1480 3652 1533 τοῦ
3682 1479 3750 1532 λό-

540 1583 741 1638 dicens
788 1580 919 1636 :Ea:
954 1596 1042 1635 ore
1077 1578 1364 1645 infantium
1411 1587 1460 1632 et
1507 1575 1810 1632 iactentium
1861 1579 2112 1649 perfecist:

2224 1594 2322 1649 γου
2349 1577 2608 1649 αἰσχύνην
2655 1576 2784 1647 ύμῖν
2829 1572 3290 1648 προκαταγγέλλει
3331 1574 3360 1626 ὁ
3398 1573 3658 1645 προφήτης
3682 1571 3753 1626 δή

553 1672 763 1728 laudem
791 1672 857 1727 ⁷⁸.
892 1671 989 1727 Vel
1018 1671 1185 1743 igitur
1210 1670 1447 1724 ﬁliorum
1473 1669 1630 1725 vobis
1658 1669 2004 1725 sanctitatem
2032 1668 2124 1742 [ut

2224 1670 2322 1742 τὴν
2364 1669 2645 1724 ἀπείθειαν
2691 1668 2878 1740 ὐμῶν;
2927 1667 3145 1722 Μάθετε
3186 1665 3292 1720 κᾶν
3325 1665 3451 1735 παρ’
3475 1663 3625 1717 αὐτοῦ
3659 1663 3752 1727 πῶς

552 1781 654 1839 par
697 1765 836 1839 est,]
874 1765 1183 1832 vindicate;
1221 1764 1306 1819 vel
1349 1763 1507 1818 nobis
1537 1762 1677 1819 ﬁlios
1705 1778 1829 1818 cum
1859 1762 2122 1834 religione

2181 1762 2194 1816 ι
2225 1763 2558 1818 θεοδίδακτον
2592 1760 2853 1830 κηρύσσει
2895 1761 2995 1831 τὴν
3039 1759 3148 1813 τῶν
3191 1758 3397 1812 τέκνων
3430 1755 3575 1826 ὑμῶν
3604 1757 3753 1827 ὐμνῳ⁴

550 1861 855 1916 concedite.
904 1858 1017 1915 Nos
1072 1874 1196 1914 cum
1240 1857 1349 1912 illis
1391 1857 1655 1912 ducemus
1701 1856 1966 1933 choreas,
2023 1871 2122 1911 no-

2224 1855 2372 1910 δίανο
2417 1855 2495 1920 ὡς
2541 1854 2631 1909 καὶ
2670 1856 2700 1907 ό
2741 1853 3009 1926 μακάριος
3053 1850 3223 1905 Δαὸὶδ
3255 1846 3656 1922 πρωνεφὼνησε
3687 1845 3754 1901 λέσ-

548 1968 738 2023 νιεςιιιε
789 1952 977 2022 gloriae
1024 1949 1289 2006 divinitus
1334 1948 1658 2019 inspiratam
1699 1948 1978 2002 canticum
2027 1962 2120 2017 pa-

2226 1967 2339 2020 γων
2361 1965 2376 1979 ⁸
2424 1949 2518 2001 Ἐκ
2558 1947 2855 2016 στόματος
2885 1945 3118 2013 νηπίων
3149 1942 3254 1997 καὶ
3283 1939 3639 2009 θηλαζόντων
3655 1955 3761 1993 κατ-

540 2045 682 2101 .riter
705 2046 1021 2116 psallemus.

2237 2039 2481 2108 ηρτήσω
2521 2033 2712 2092 αἶνον.
2751 2036 2822 2088 Ἢ
2845 2036 3025 2091 τοίνυν
3051 2036 3150 2106 τὴν
3175 2033 3435 2103 ὁσιότητα
3460 2032 3562 2087 τῶν
3588 2030 3759 2085 παίδων

546 2140 921 2203 οίκειώσασθε,
974 2137 1091 2211 [ὡς
1137 2134 1435 2209 χρεὼν,]ἢ
1471 2134 1609 2207 μετὰ
1656 2134 1756 2207 τῆς
1805 2133 2084 2198 εὐσεϐείας
2136 2133 2261 2197 τοὺς
2290 2133 2483 2197 παῖδας
2555 2134 2685 2205 ἡμῖν
2736 2130 3051 2203 χαρίσασθε.
3097 2131 3292 2202 Ἡμεῖς
3345 2128 3551 2192 τούτοις
3599 2138 3758 2194 cum

550 2229 833 2304 ρεύσομεν,
859 2230 955 2284 καὶ
979 2233 1046 2301 τῇ
1074 2231 1236 2301 καινῇ
1260 2227 1385 2300 δόξῃ
1408 2228 1469 2281 τὸ
1497 2227 1829 2282 θεοδίδακτον
1852 2223 2001 2300 ᾆσμα
2026 2243 2090 2279 συ
2099 2225 2429 2298 μψαλοῦμεν.
2938 2254 2946 2262 -

618 2345 683 2401 Ἴ.
716 2345 861 2402 Sane
885 2345 1128 2417 quidem,
1159 2362 1285 2402 cum
1307 2348 1437 2404 olim
1475 2345 1695 2403 Simeon
1734 2362 1900 2405 senex
1924 2362 2118 2403 occur-

2293 2347 2369 2400 E'.
2401 2346 2540 2400 Ποτὲ
2575 2346 2673 2418 μὲν
2714 2344 2824 2416 γὰρ
2855 2342 3082 2415 Συμεὼν
3109 2342 3139 2395 ό
3171 2341 3490 2416 πρεσϐύτης
3518 2338 3760 2409 ὑπήντησε

548 2432 622 2487 rit
679 2431 949 2489 Salvatori
991 2434 1061 2499 ⁷⁵,
1115 2435 1371 2506 ulnisque
1401 2436 1550 2492 velut
1588 2436 1853 2491 infantem
1881 2440 2120 2508 suscepit

2222 2439 2301 2511 τῷ
2343 2439 2576 2512 Σωτῆρι,
2618 2440 2712 2493 καὶ
2761 2441 2881 2503 ταῖς
2929 2436 3200 2506 ἀγκάλαις
3243 2433 3537 2499 ὑπεδέξατο
3565 2430 3647 2484 τὸν
3673 2427 3760 2482 τῶν

547 2526 874 2581 steculorum
927 2534 1229 2596 auctorem,
1259 2536 1313 2584 et
1346 2527 1634 2584 Dominum
1674 2536 1730 2584 et
1784 2529 1951 2585 Deum
1981 2545 2119 2600 prae-

2223 2531 2432 2587 αίὼνων
2473 2531 2702 2605 ποιητὴν
2741 2531 2817 2596 ὡς
2868 2529 3085 2602 βρέφος,
3128 2529 3229 2583 καὶ
3270 2527 3479 2600 Κύριον
3526 2524 3615 2580 καὶ
3654 2522 3764 2576 θεὸν

544 2616 773 2672 dicavit.
799 2616 956 2672 Nunc
978 2627 1161 2674 autem
1188 2620 1468 2675 seniorum
1496 2620 1868 2690 improborum
1886 2623 2028 2686 loco,
2060 2630 2116 2676 ut

2222 2624 2487 2695 ἐκήρυττε
2509 2639 2523 2652 ·
2560 2622 2655 2675 νῦν
2689 2622 2747 2675 δὲ
2787 2621 2907 2676 ἀντὶ
2950 2618 3347 2692 πρεσϐυτέρων
3384 2615 3694 2688 ἀγνωμόνων
3723 2612 3765 2665 οἱ

536 2707 678 2763 ηοιίω
725 2706 967 2775 Simeon,
1019 2710 1173 2780 pueri
1232 2718 1530 2767 occurrunt
1561 2709 1855 2777 Salvatori,
1909 2729 2108 2770 ramos-

2224 2715 2413 2780 παῖδες
2456 2714 2535 2786 τῷ
2581 2715 2793 2786 Σωτῆρι
2833 2714 3172 2785 ὑπήντησαν,
3212 2713 3291 2777 ὡς
3335 2707 3579 2782 Συμεὼν,
3607 2707 3691 2761 καὶ
3712 2703 3768 2758 τὰ

541 2814 651 2871 que
683 2800 938 2857 arborum
970 2818 1069 2872 pro
1094 2803 1238 2859 ulnis
1271 2803 1702 2870 substerneutes,
1730 2820 1893 2875 super
1912 2807 2113 2877 pullum

2223 2807 2392 2879 κλάδη
2437 2807 2559 2861 ἀντὶ
2599 2805 2854 2877 ἀγκαλῶν
2895 2805 3287 2877 ὐπέστρῳσαν,
3330 2804 3430 2859 καὶ
3468 2801 3659 2873 Κύριον
3698 2795 3771 2850 τὸν

534 2898 804 2964 tanquam
875 2910 1039 2965 super
1097 2895 1381 2951 cherubim
1454 2897 1773 2962 sedentem,
1826 2897 2106 2956 Dominum

2219 2900 2351 2954 Θεὸν
2381 2900 2699 2972 εὐλόγησαν,
2730 2900 2818 2954 τὸν
2843 2898 2937 2952 ἐπὶ
2961 2897 3142 2952 πώλου
3170 2897 3257 2962 ὣς
3288 2897 3384 2951 ἐπὶ
3411 2894 3519 2950 τῶν
3542 2887 3776 2965 χερουὸηι

537 2983 713 3043 Deum
765 2987 1094 3044 benedicunt
1123 3007 1138 3043 :
1172 2987 1430 3043 Hormo
1480 2989 1594 3059 ﬁlio
1628 2990 1801 3045 David
1838 3007 1857 3045 :
1905 2993 2109 3047 benedi-

2220 2993 2581 3065 καθεζόμενον
2600 3009 2615 3023 ο
2656 2991 2918 3050 Ὡσαννὰ
2951 2990 3032 3058 τῷ
3072 2989 3181 3056 υἱῷ
3241 2988 3445 3044 Δαϐίδο
3481 2980 3775 3055 εὐλογημέ-

540 3087 661 3135 ztus
682 3080 773 3151 qui
811 3080 949 3134 venit
976 3080 1033 3135 in
1056 3082 1264 3135 nomine
1296 3080 1533 3136 Domini.
1588 3081 1726 3137 Cum
1777 3083 1977 3154 quibus
2004 3084 2112 3138 cla-

2216 3103 2322 3153 νος
2352 3089 2384 3141 ὀ
2411 3086 2730 3155 ἐρχόμενος
2750 3084 2820 3138 ἐν
2846 3084 3092 3154 ὀνόματι
3117 3084 3376 3152 Κυρίου.
3412 3080 3546 3136 Μεθ’
3575 3071 3645 3133 ὧν
3670 3075 3775 3147 βοή-

532 3184 757 3224 ~memus
819 3178 875 3226 et
904 3185 1054 3227 nos:
1086 3169 1422 3229 Benedictus
1480 3172 1575 3242 qui
1630 3173 1780 3227 venit
1825 3172 1967 3228 Deus
1997 3171 2104 3228 Rex

2217 3194 2397 3248 σωμεν
2428 3178 2522 3230 καὶ
2562 3178 2748 3248 ἡμεῖς’
2781 3174 3156 3248 Εὐλογημένος
3187 3178 3225 3230 ὁ
3260 3173 3435 3228 ἐλθὼν
3476 3172 3608 3235 θεὸς
3647 3168 3777 3239 βασι-

540 3262 731 3332 ειοτὶιε
760 3281 773 3317 :
809 3264 907 3334 qui
965 3273 1191 3335 propter
1216 3279 1320 3322 nos
1383 3264 1563 3321 factus
1593 3273 1679 3322 est
1738 3281 1965 3338 pauper,
1998 3266 2112 3337 ipse

2213 3267 2338 3332 λεύς
2377 3268 2485 3339 (98)
2530 3267 2632 3339 τῆς
2670 3266 2864 3339 δόξης’
2903 3270 2931 3322 ὁ
2977 3265 3348 3338 πτωχεύσας,
3399 3267 3459 3319 ὲν
3494 3265 3605 3327 τοῖς
3650 3260 3776 3321 ἰδίοις

541 3350 600 3405 in
633 3353 873 3424 propriis
893 3355 1010 3409 suis
1042 3363 1418 3426 paupertatem
1453 3356 1732 3421 nesciens,
1774 3365 1834 3411 ut
1879 3370 1979 3412 sua
2011 3372 2113 3413 nos

2212 3359 2379 3414 αὐτοῦ
2407 3358 2772 3431 ἀπτώχευτος,
2807 3359 2873 3413 δι’
2916 3344 3201 3430 ἡμᾶς,’ἴνα
3243 3360 3400 3431 ἡμᾶς
3435 3354 3689 3425 πλουτίσῃ
3724 3351 3776 3419 τῇ

539 3442 785 3500 bonitate
812 3445 1010 3502 ditaret
1050 3446 1118 3503 ⁷⁸.
1146 3446 1478 3503 Benedictus
1508 3449 1602 3520 qui
1631 3448 1781 3504 venit
1810 3448 1863 3501 in
1902 3447 2111 3503 humili-

2212 3450 2382 3507 αὐτοῦ
2409 3450 2724 3523 ἀγαθότητι.
2756 3451 3131 3523 Εὐλογημένος
3157 3453 3187 3505 ό
3233 3450 3413 3504 ἐλθὼν
3446 3449 3505 3503 ἐν
3538 3440 3778 3500 ταπεινώ-

527 3542 673 3599 .tate,
720 3537 917 3592 iterum
979 3547 1243 3596 venturus
1293 3540 1348 3594 in
1391 3541 1610 3611 gloria:
1678 3541 1912 3612 primum
1948 3557 2099 3611 supet

2214 3563 2317 3612 σει,
2351 3546 2446 3601 καὶ
2470 3546 2630 3601 πάλιν
2651 3546 2944 3618 ἐρχόμενος
2969 3546 3027 3598 ὲν
3054 3543 3177 3616 δόξῃ
3207 3561 3223 3575 ο
3250 3544 3478 3618 πρῶτον
3508 3541 3601 3596 ἐπὶ
3623 3536 3780 3592 πῶλον

531 3626 750 3696 pullum
784 3637 1125 3694 mansuetus,
1153 3630 1459 3702 faustisque
1478 3633 1755 3689 ominibus
1781 3648 2103 3704 prosequen-

2211 3640 2412 3713 πραῢς,
2454 3640 2550 3694 καὶ
2593 3638 2699 3693 ὑπὸ
2748 3639 2958 3711 νηπίων
3005 3637 3459 3709 εὐφημούμενος,
3492 3636 3638 3697 ὅπως
3664 3630 3780 3700 πλη-

528 3717 691 3773 :tibns
755 3718 1094 3788 infantibus,
1148 3732 1209 3777 ut
1265 3723 1582 3796 impleretur
1644 3725 1791 3796 quod
1838 3736 1925 3782 est
1976 3728 2100 3783 scri-

2215 3731 2361 3805 ρωθῇ
2405 3732 2466 3785 τὸ
2512 3731 2894 3805 γεγραμμένον
2916 3748 2930 3761 ο
2978 3730 3449 3799 Ἑθεωρήθησαν
3491 3731 3552 3782 al
3578 3718 3787 3793 πορεῖαί

531 3814 692 3877 cptum
713 3809 758 3841 "’
784 3828 798 3865 :
828 3809 941 3865 Visi
968 3822 1090 3867 sunt
1109 3813 1376 3885 ingressus
1405 3817 1504 3883 tui,
1534 3816 1696 3882 Deus,
1727 3817 1992 3888 ingressus
2021 3818 2103 3874 Dei

2215 3825 2387 3887 σου,ὁ
2417 3821 2581 3888 Θεὸς,
2616 3824 2675 3875 αἱ
2701 3818 2929 3889 πορεῖαι
2966 3818 3072 3873 τοῦ
3112 3818 3270 3872 Θεοῦ
3308 3837 3438 3890 μου
3476 3817 3582 3872 τοῦ
3628 3818 3787 3868 Βασι-

537 3900 662 3962 mei,
700 3901 835 3969 regis
858 3902 960 3956 mei
985 3903 1075 3972 qui
1106 3912 1185 3959 est
1214 3905 1269 3960 in
1293 3916 1506 3971 sancto;
1540 3909 1908 3978 postmodum,
1946 3911 2109 3965 terri-

2219 3912 2363 3977 λέως
2390 3910 2496 3966 τοῦ
2523 3912 2593 3964 ἐν
2624 3911 2802 3981 ἀγίῳο
2833 3908 3100 3983 δεύτερον,
3137 3910 3387 3982 φοϐερὸς
3433 3910 3529 3963 ἐπὶ
3573 3906 3679 3962 τῶν
3715 3919 3791 3957 νε·

539 3989 666 4046 bilis
696 4006 862 4061 super
898 3993 1092 4060 nubes,
1135 3996 1344 4067 angelis
1375 4000 1707 4070 stipantibus
1737 4008 1903 4072 atque
1930 4002 2107 4061 virtu-

2214 4003 2387 4073 φελῶν
2436 4003 2541 4057 ὑπὸ
2576 4003 2820 4072 ἀγγέλων
2852 4004 2946 4057 καὶ
2986 4001 3276 4073 δυνάμεων
3307 4000 3786 4075 δορυφορούμενος-

536 4082 709 4139 tibus.
734 4082 780 4138 0
805 4100 1100 4155 puerorum
1126 4086 1439 4144 mellilluam
1463 4091 1705 4162 linguam
1730 4094 1745 4147 ι
1778 4108 1812 4149 0
1837 4093 2108 4151 sinceram

2223 4098 2279 4150 Ὢ
2326 4097 2424 4169 τῆς
2484 4095 2805 4169 μελιρρύτου
2851 4094 2959 4149 τῶν
3007 4095 3214 4147 παίδων
3240 4092 3573 4165 ’γλώττης,
3615 4091 3660 4144 ὣ
3708 4086 3795 4157 τῆς

537 4173 651 4231 Deo
681 4176 1007 4247 placitorum
1044 4179 1385 4237 doctrinam!
1420 4182 1710 4256 Prophetia
1740 4186 1911 4243 David
1963 4185 2102 4241 edita

2222 4188 2589 4260 ὶκαπηλεύτου
2611 4187 2955 4252 διδασκαλίας
2978 4187 3085 4240 τῶν
3110 4185 3471 4258 θεαρέστωνί
3498 4183 3665 4239 Δασὶδ
3684 4194 3794 4252 προ-

538 4282 760 4324 sensum
783 4270 889 4325 sub
918 4271 1102 4328 littera
1145 4275 1474 4344 occultavit;
1534 4281 1713 4349 pueri,
1762 4290 1953 4351 aperto
1989 4283 2108 4338 the-

2222 4279 2481 4352 ρητεύσας
2504 4280 2610 4334 ὑπὸ
2634 4280 2695 4333 τὸ
2718 4278 2951 4352 γράμμα
2980 4278 3214 4349 ἐκάλυψε
3259 4280 3327 4333 τδ
3354 4280 3576 4351 νόημα.
3606 4274 3794 4336 παῖδες.

536 4374 726 4423 nauro,
774 4361 996 4419 divitias
1050 4367 1394 4433 protulerunt
1457 4368 1516 4423 in
1568 4370 1785 4441 lingua;
1839 4374 2106 4444 plenoque

2224 4372 2298 4426 τὸν
2342 4371 2614 4443 θησαυρὸν
2658 4372 2988 4438 ἀνοίξαντες,
3023 4372 3115 4424 ἐπὶ
3146 4370 3416 4443 γλώττης
3445 4373 3541 4425 τὸν
3586 4366 3796 4422 πλοῦτον

535 4452 712 4521 gratia
743 4468 1016 4521 sermone,
1045 4456 1194 4512 clare
1220 4473 1412 4516 omnes
1443 4460 1512 4516 ad
1537 4476 1634 4519 eas
1665 4463 1922 4522 fruendas
1942 4482 2107 4523 vocem

2230 4465 2609 4537 προσήνεγκαν,
2661 4464 2756 4518 καὶ
2794 4463 2937 4535 λόγῳ
2983 4464 3432 4536 κεχαριτωμένῳ
3476 4459 3802 4537 διαπρυσίως

535 4550 684 4599 runt.
718 4542 1053 4603 Hauriamus
1108 4549 1294 4619 itaque
1322 4559 1377 4607 et
1412 4568 1514 4607 nos
1561 4568 1685 4609 cum
1726 4556 1861 4626 ipsis
1887 4558 2106 4616 divitias

2231 4555 2415 4618 πάντας
2452 4555 2545 4608 ἐπὶ
2592 4554 2690 4624 τὴν
2730 4554 3029 4608 ἀπόλαυσιν
3072 4554 3375 4608 ἐκάλεσαν.
3428 4553 3803 4624 Ἀντλήσωμεν

537 4648 644 4688 non
676 4634 1008 4694 auferibiles.
1042 4637 1462 4711 Inexplebilibus
1491 4646 1702 4703 sinibus
1746 4648 2105 4721 penubusque

2234 4645 2493 4720 ocyapoﬁv
2526 4647 2620 4701 καὶ
2658 4649 2819 4717 ἡμεῖς
2854 4645 2989 4718 [σὺν
3021 4645 3245 4719 αὐτοῖς]
3286 4647 3389 4700 τὸν
3448 4646 3806 4717 ἀναφαίρετον

536 4739 864 4795 reponamus
900 4730 1085 4787 divina
1110 4734 1464 4791 charismata.
1497 4737 1808 4796 Clamemus
1836 4741 1955 4799 sine
1993 4752 2106 4800 ter—

2236 4738 2452 4791 ςλοῦτον.
2502 4737 2824 4810 Ἀπλήστοις
2850 4734 3067 4799 κόλποις
3094 4736 3188 4789 καὶ
3212 4739 3517 4809 ταμιείοις
3551 4730 3808 4791 ἐναποθὼ-

535 4818 684 4873 mino
715 4838 728 4874 :
765 4819 1077 4878 Benedictus
1105 4826 1196 4896 qui
1223 4828 1356 4881 venit
1386 4829 1441 4882 in
1463 4831 1670 4885 nomine
1687 4830 1901 4888 Domini
1921 4852 1940 4888 .°
1958 4833 2102 4892 Deus

2237 4831 2347 4885 ιεθα
2375 4830 2445 4884 τὰ
2475 4830 2593 4884 θεῖα
2627 4831 2958 4904 χαρίσματα.
2995 4829 3301 4901 Βοήσωμεν
3336 4832 3678 4906 ἀπέραντα’
3705 4829 3809 4882 Εὐ-

534 4925 719 4972 verus,
751 4912 804 4966 in
836 4915 1059 4969 nomine
1084 4914 1177 4971 Dei
1200 4917 1336 4980 veri,
1386 4920 1732 4990 omnipotens
1760 4938 1824 4978 ex
1851 4925 2100 4994 omnipo-

2238 4922 2535 4992 ιογημένος
2574 4925 2607 4977 ό
2633 4922 2953 4992 ἐρχόμενος
2980 4924 3049 4975 ἐν
3077 4923 3337 4990 ὀνόματι
3381 4926 3655 4993 Κυρίου·
3689 4919 3810 4980 Θεὸς

535 5008 700 5065 lente,
730 5002 901 5060 Filius
928 5007 984 5061 in
1012 5010 1229 5064 nomine
1254 5008 1453 5076 Patris,
1490 5010 1599 5067 Rex
1619 5028 1781 5069 verus
1802 5023 1855 5070 et
1880 5030 1946 5071 ex
1970 5031 2100 5070 vero

2244 5016 2459 5088 ληθινὸς
2481 5018 2539 5070 ὲν
2560 5016 2783 5087 ὀνόματι
2810 5014 2943 5069 Θεοῦ
2975 5015 3228 5087 ἀληθινοῦ
3248 5034 3264 5046 ’
3304 5017 3732 5092 παντοκράτωρ
3758 5013 3816 5066 ὲκ

537 5090 716 5161 Rege;
750 5097 930 5165 cujus,
965 5107 1025 5153 ut
1043 5102 1163 5169 ejus
1191 5101 1282 5172 qui
1311 5104 1515 5171 genuit,
1544 5113 1873 5160 coaeternum
1903 5114 1988 5162 est
2019 5123 2101 5163 rc-

2245 5107 2298 5161 οὗ
2327 5106 2767 5179 παντοκράτορος
2786 5125 2801 5139 ο
2839 5107 2968 5171 Υἱὸς
2996 5109 3053 5161 ὲν
3090 5107 3330 5178 ὀνόματι
3363 5090 3599 5182 Πατρός
3618 5127 3632 5141 ·
3663 5109 3817 5160 Βασι-

538 5198 704 5251 gnum
761 5194 815 5241 et
849 5200 1240 5258 pra‘aaternum.
1282 5193 1379 5250 Est
1424 5194 1568 5250 enim
1618 5195 1749 5251 illud
1786 5212 2096 5262 commune,

2246 5202 2329 5265 εὐς
2355 5200 2626 5266 ἀληθινὸς,
2659 5201 2717 5270 ἐξ
2750 5201 3004 5274 ἀληθινοῦ
3038 5200 3323 5267 Βασιλέως
3349 5220 3366 5234 ·
3407 5203 3698 5259 πναῖδιον
3728 5194 3818 5255 καὶ

602 5337 650 5369 ’³
670 5335 783 5394 ιω.
811 5355 962 5409 xxix,
992 5342 1174 5402 22-24.
1250 5346 1297 5380 ⁷⁸
1323 5346 1477 5405 Psat.
1506 5363 1625 5416 vni,
1656 5347 1711 5404 3.
1787 5350 1833 5381 ⁷⁸
1860 5347 1989 5404 Luc.
2031 5365 2093 5419 ιι,
2121 5351 2174 5408 τε

1860 5347 1989 5404 Luc.
2031 5365 2093 5419 ιι,
2121 5351 2211 5408 29.
2287 5355 2335 5388 ⁷⁸
2362 5354 2402 5409 11
2424 5354 2550 5414 Cor.
2582 5374 2699 5425 vm,
2722 5357 2776 5415 9.
2853 5359 2899 5390 "
2929 5358 3082 5414 Psal.
3109 5375 3291 5427 vau,
3320 5364 3427 5420 25.

605 5466 717 5572 (9?)
746 5494 921 5576 "Utar
952 5496 1121 5552 ῑδωσι
1139 5500 1678 5576 ’τὰ-τέηαέαύτῶν
1705 5502 1777 5559 τὰ
1812 5506 1955 5576 ἔργα
1973 5524 2093 5576 μου

1212 5500 1678 5576 ὶ-τέκνα-αὐτῶν
1705 5502 1777 5559 τὰ
1812 5506 1955 5576 ἔργα
1973 5524 2093 5576 μου
2199 5506 2784 5573 Methmliosententia.

426 5625 431 5629 '
532 5565 817 5617 ποιοῦντα
876 5565 1025 5622 Unus
1055 5570 1221 5625 codex
1249 5572 1506 5637 habetcb,
1524 5575 1795 5638 ποιοῦντα,
1818 5565 1993 5646 adieci

534 5630 716 5683 forsan
749 5635 1071 5683 nlossemate
1112 5659 1125 5683 ε
1178 5657 1241 5683 an
1289 5658 1385 5683 mm
1434 5642 1789 5683 Hiprnnvmne
1835 5648 1956 5683 Ιοαίι
1994 5666 1998 5678 ι

2262 5565 2873 5683 genaenerae.
2893 5587 3108 5651 βασιλ.
3142 5589 3253 5655 AL,
3298 5592 3333 5645 ό
3396 5594 3473 5647 ὲκ
3508 5591 3659 5648 Θεοῦ
3695 5588 3825 5654 Θεὸς

556 5635 1071 5722 οιεξξξι-βιοεεθιιιειε
1112 5659 1127 5694 :
1178 5657 1385 5722 aeneo
1431 5635 1790 5722 Hieronymus
1834 5635 1961 5722 Ie'git
1991 5654 2087 5702 aut
2194 5648 2223 5703 ό
2260 5635 2438 5722 βασιλ.

534 5698 788 5771 Cyl-illus,
833 5715 1155 5778 constatque
1193 5713 1327 5767 satis
1363 5698 1663 5783 appositive
1701 5698 1954 5786 legendo,
1986 5698 2086 5772 in};
