3980 6318
264 266 363 324 395

1358 268 1587 328 SERMO
1624 268 1691 326 ΙΝ
1722 272 1963 330 RAMOS
2000 274 2405 333 PALMARUM.

3334 336 3343 345 .
3401 294 3509 352 594

260 379 588 453 προαιῶνιον
606 382 706 454 τὴν
731 382 1006 453 βασιλειαν
1030 383 1191 454 ἔχων,
1220 384 1296 449 ὼς
1320 387 1348 438 0
1368 388 1630 457 γεννήσας
1648 387 1819 440 αὐτόν.

1936 403 2037 481 nec
2070 389 2191 461 ejus
2218 390 2502 455 honorem,
2528 393 2911 481 velutaliunde
2932 400 3205 470 adveniat,
3223 403 3505 481 Scriptura

260 476 425 549 Κοινὴ
465 476 578 548 γὰρ
621 478 655 547 ἡ
697 475 960 546 βασιλεία,
997 475 1091 529 καὶ
1131 477 1232 530 οὐκ
1268 474 1466 542 ἔξωθεν
1506 478 1604 548 τὴν
1633 476 1833 549 ταύτης

257 570 418 641 τιμὴν
448 566 527 639 τῷ
557 567 673 639 Υἱῷ
698 570 726 621 0
751 567 908 637 λόγος
948 567 1306 639 προσκληροῖι
1340 562 1459 621 οὐδὲ
1498 568 1832 642 ἀρξαμένην,

254 660 367 716 οὐδὲ
392 659 837 734 προσγινομένην
864 678 878 691 ’
912 660 1123 731 ἄπαγεί
1159 661 1292 716 ἀλλὰ
1320 663 1553 735 φυσικὴν
1584 665 1679 718 καὶ
1708 664 1833 718 ἰδιό-

255 768 449 825 κτητον
503 752 741 824 ἀληθῶς.
795 752 913 807 Μία
955 753 1064 824 γὰρ
1113 755 1145 824 ἡ
1199 752 1443 824 βασιλεία
1492 756 1707 827 Πατρὸς
1737 756 1833 809 καὶ

253 845 381 900 Υίοῦ
422 846 522 899 καὶ
560 842 720 914 ἁγίου
764 844 1106 916 Πνεῦματος“
1151 845 1338 918 ὥσπερ
1384 848 1479 901 καὶ
1527 848 1623 918 μία
1655 848 1829 914 οὐσία,

251 938 341 993 καὶ
379 938 484 1009 μία
528 937 808 1009 κυριότης.
843 936 1005 991 Ὅθεν
1055 938 1149 991 καὶ
1193 939 1291 1010 μία
1337 942 1706 1012 προσκυνήσει
1738 940 1833 995 λαε-

248 1031 517 1106 τρεύομεν
572 1030 700 1103 μίαν
749 1032 1176 1104 τρισυπόστατον
1231 1033 1469 1106 Θεότητα
1495 1073 1511 1097 ,
1561 1033 1828 1105 ἄναρχον,

247 1127 526 1191 άκτιστον,
560 1125 864 1197 ἀπέραντον
890 1125 985 1178 καὶ
1016 1124 1310 1195 ἀδιάδοχον.
1352 1123 1491 1179 Οὔτε
1531 1125 1641 1198 γὰρ
1663 1128 1692 1179 0
1716 1126 1831 1181 Πα-

248 1218 344 1290 τὴρ
391 1216 683 1287 παύσηταί
726 1233 857 1269 ποτε
902 1215 996 1269 τοῦ
1036 1211 1177 1270 εἶναι
1219 1217 1439 1290 Πατήρ·
1477 1218 1600 1273 οὕτε
1635 1220 1664 1272 ὁ
1703 1219 1831 1285 Υἱὸς

248 1310 333 1365 τοῦ
364 1306 513 1363 εἶναι
554 1309 688 1372 Υἱὸς
727 1309 821 1361 καὶ⁴
854 1306 1106 1378 βασιλεύς
1125 1325 1139 1338 ο
1171 1306 1295 1361 οὔτε
1325 1309 1384 1362 δὲ
1413 1309 1474 1363 τὸ
1516 1310 1740 1382 Πνεῦμα
1769 1309 1829 1365 τὸ

248 1402 398 1470 ἆγιον
426 1398 529 1452 τοῦ
554 1395 697 1453 εἶναι
720 1397 879 1452 τοῦτο
901 1399 1038 1469 ὅπερ
1072 1398 1190 1451 ἐστὶ⁸
1216 1402 1282 1471 τῇ
1316 1400 1633 1455 ὑποστάσει.
1661 1402 1827 1456 Οὐδὲν

245 1493 347 1566 γὰρ
385 1495 492 1565 τῆς
518 1484 770 1565 ’Τριὰδος
816 1491 1273 1563 ἐλαττωθήσεται,
1307 1493 1340 1565 ἢ
1376 1495 1475 1572 τῆς
1508 1495 1824 1567 ἁῖδιότητος,

244 1587 274 1657 ἦ
303 1585 408 1655 τῆς
444 1583 763 1654 κοινότητος
802 1583 896 1638 καὶ
927 1582 1219 1654 βασιλείας.
1250 1586 1327 1639 Οὐ
1359 1586 1469 1659 γὰρ
1504 1588 1586 1641 ὅτι
1619 1588 1829 1662 ἄνθρω-

246 1696 338 1743 πος
382 1678 585 1747 γέγονε
616 1679 685 1732 δι’
718 1680 867 1750 ἡμᾶς
893 1681 922 1733 ό
951 1679 1080 1744 Υἱὸς
1121 1677 1215 1734 τοῦ
1250 1680 1408 1745 Θεοῦ,
1442 1682 1534 1737 καὶ
1571 1683 1663 1738 τὸν
1703 1685 1824 1739 καθ’

1936 479 2078 536 Filio
2110 481 2339 538 tribuit:
2394 482 2478 537 vel
2531 480 2690 555 quasi
2771 484 3058 560 inceperit,
3100 479 3393 555 accedatve
3412 510 3507 556 aut

1934 573 2215 628 minuatur
2247 593 2259 628 :
2297 574 2441 631 absit
2469 575 2573 631 hoc
2605 596 2619 631 :
2646 577 2742 633 sed
2765 579 2911 636 velut
2940 585 3086 654 quod
3114 600 3145 640 a
3185 597 3382 646 natura
3417 607 3510 649 vc-
3615 637 3617 640 s

1936 679 2103 735 reque
2131 666 2351 736 propria
2401 669 2776 740 possessione,
2811 673 2957 742 juris
2992 676 3171 747 ipsius
3200 680 3293 736 sit.
3322 679 3505 737 Unum

1934 757 2135 828 quippe
2165 774 2393 831 regnum
2424 770 2509 818 est
2537 760 2739 829 Patris,
2779 776 2834 821 et
2856 766 3001 835 Filii,
3026 779 3081 826 et
3109 771 3348 848 Spiritus
3377 791 3509 833 san-

1934 850 2029 914 cti,
2083 852 2543 921 quemadmodum
2583 854 2746 910 etiam
2780 867 2863 913 est
2889 875 2999 916 una
3038 862 3347 921 substantia
3366 881 3508 921 una-

1932 958 2041 1013 que
2059 943 2379 1001 dominatio.
2405 944 2562 1003 Unde
2591 958 2646 1005 et
2676 964 2783 1004 una
2805 951 3125 1012 adoratione
3167 972 3332 1014 unam
3362 961 3508 1018 trino

1932 1035 2319 1093 subsistentem
2348 1037 2612 1097 Deitatcm
2633 1042 2885 1109 colimus,
2919 1046 3177 1120 principii
3202 1060 3502 1123 expertem,

1931 1127 2251 1194 increatam,
2277 1130 2733 1191 interminabilem
2758 1144 2813 1193 et
2838 1138 2926 1193 cui
2960 1154 3252 1199 successor
3281 1146 3507 1205 minime

1931 1218 2023 1273 sit.
2049 1217 2186 1273 Nam
2210 1235 2387 1290 neque
2429 1220 2591 1278 Pater
2636 1240 2877 1297 unquam
2920 1227 3146 1286 desierit
3171 1248 3294 1290 esse
3318 1234 3501 1303 Pater,

1932 1329 2110 1385 neque
2129 1313 2302 1371 Filius
2322 1330 2447 1371 esse
2472 1314 2645 1374 Filius
2670 1326 2725 1375 et
2769 1332 2889 1387 rex,
2914 1338 3091 1394 neque
3115 1323 3354 1396 Spiritus
3377 1345 3505 1386 san-

1930 1412 2054 1460 ctus
2084 1419 2207 1459 esse
2235 1404 2380 1474 quod
2407 1405 2763 1462 subsistentia
2787 1416 2842 1465 et
2871 1425 2970 1465 sua
2991 1413 3109 1483 ipse
3137 1430 3370 1485 persona
3394 1427 3498 1476 est.

1928 1496 2075 1551 Nihil
2121 1498 2265 1553 enim
2301 1496 2589 1556 Trinitatis
2630 1512 2725 1556 aut
2753 1505 3078 1573 aeternitate,
3135 1516 3228 1563 aut
3255 1526 3505 1567 commu-

1927 1590 2094 1644 nione
2121 1596 2174 1643 et
2204 1603 2373 1660 regno
2404 1589 2758 1647 minuendum
2784 1602 2888 1650 est.
2927 1594 3047 1652 Non
3080 1598 3224 1654 enim
3249 1599 3373 1658 ideo
3404 1600 3503 1657 Dei

1928 1676 2100 1734 Filius
2128 1678 2309 1734 dictus
2364 1676 2468 1733 fuit
2524 1679 2678 1749 Rex,
2734 1683 2862 1754 quia
2901 1693 3123 1757 propter
3164 1680 3268 1746 nos
3324 1691 3505 1751 lactus

244 1771 396 1843 ήμῶν
432 1771 701 1842 τύραννον
732 1770 1080 1843 [κατέϐαλεν]
1105 1772 1163 1825 ἐν
1185 1775 1253 1843 τῇ
1284 1774 1469 1846 σαρκὶ,
1492 1774 1664 1849 ταύτῃ
1687 1794 1819 1849 πρα-

1932 1769 2116 1838 homo,
2140 1770 2522 1827 adversantem
2547 1773 2707 1829 nobis
2735 1783 3055 1847 tyrannum,
3088 1780 3143 1835 in
3173 1797 3340 1840 carne
3371 1800 3500 1856 pro-

243 1865 652 1936 γματευόμενος
676 1866 775 1937 τήν
805 1865 949 1920 κατὰ
977 1865 1071 1920 τοῦ
1101 1866 1400 1937 δυσμενοῦς
1435 1868 1604 1941 αὐτῆς
1622 1869 1819 1943 ἐχθροῦ

1926 1863 2199 1926 straverit,
2217 1872 2369 1933 parta
2402 1880 2499 1935 per
2518 1880 2660 1930 eam,
2680 1874 2871 1922 contra
2893 1870 3064 1940 ipsius
3093 1875 3365 1933 crudelem
3397 1878 3504 1937 ho-

244 1959 418 2028 νίκην,
468 1957 563 2012 διὰ
599 1956 762 2011 τοῦτο
820 1957 1072 2028 βασιλεὺς
1113 1958 1512 2030 ἐχρημάτισεν·
1567 1961 1682 2015 ἀλλ’
1741 1964 1819 2017 ὃτι

1926 1962 2086 2021 stem,
2120 1958 2349 2012 victoria
2380 1977 2393 2012 :
2416 1958 2513 2014 sed
2529 1961 2658 2030 quia
2686 1967 2772 2017 est
2794 1977 3012 2034 semper
3032 1965 3295 2026 Dominus
3327 1969 3500 2029 Deus-

244 2051 445 2122 Κύριος
498 2052 596 2105 καὶ
635 2052 781 2116 Θεὸς
815 2051 925 2115 ἀεὶ,
964 2050 1054 2104 διὰ
1083 2050 1240 2105 τοῦτο
1276 2049 1371 2106 καὶ
1410 2053 1662 2124 βασιλεὺς
1690 2054 1766 2120 ὡς
1795 2059 1819 2110 ό

1926 2063 2051 2119 que,
2094 2049 2217 2106 ideo
2270 2059 2327 2105 et
2380 2051 2564 2116 modo,
2596 2060 2651 2108 et
2710 2066 2836 2124 post
2866 2070 3089 2113 carnem
3134 2072 3496 2136 assumptam,

241 2148 513 2218 γεννήσας
544 2146 707 2199 αὐτόν
729 2164 743 2177 ο
773 2146 890 2199 νυνὶ
920 2145 997 2210 δὲ,
1031 2142 1125 2199 καὶ
1160 2144 1296 2216 μετὰ
1318 2145 1417 2217 τῆς
1446 2145 1819 2223 προσλήψεως,

1930 2150 2094 2212 atque
2119 2143 2177 2197 in
2206 2152 2550 2213 perpetuum,
2582 2144 2693 2201 Rex
2718 2157 2923 2219 manet,
2963 2155 3421 2223 quemadmodum
3452 2158 3499 2214 is

242 2239 327 2292 καὶ
359 2241 446 2302 είς
475 2238 538 2291 τὸ
564 2237 830 2307 διηνεκές.
862 2237 954 2309 Μὴ
992 2236 1301 2310 βλασφήμει
1330 2238 1430 2309 τὴν
1458 2238 1554 2292 τοῦ
1586 2238 1819 2311 Χριστοῦ

1926 2236 2023 2305 qui
2070 2236 2279 2307 genuit.
2344 2234 2489 2301 Noli,
2531 2238 2803 2307 lneretice,
2844 2258 3072 2314 regnum
3111 2246 3316 2304 Christi
3351 2250 3501 2307 blas-

245 2330 544 2400 βασιλείαν,
586 2328 852 2400 αἱρετικὲ,
886 2330 975 2383 ἵνα
1008 2329 1084 2399 μὴ
1121 2328 1212 2383 τὸν
1249 2331 1584 2401 γεννήσαντα
1622 2331 1823 2403 ἀτιμά-

245 2440 351 2494 σης.
388 2423 456 2475 Ei
491 2420 685 2485 πιστὸς
713 2412 785 2485 εἷ,
818 2419 1025 2484 πιστῶς
1051 2420 1316 2493 πρόσελθε
1345 2420 1568 2493 Χριστῷ
1595 2421 1674 2493 τῷ
1698 2421 1825 2493 ἀλη·

244 2516 366 2588 θινῷ
411 2515 537 2587 θεῷ
572 2513 752 2586 ήμῶν,
794 2514 890 2568 καὶ
931 2511 1018 2583 μὴ
1039 2513 1120 2579 ὡς
1137 2509 1520 2583 ἐπικάλυμμα
1535 2513 1694 2583 ἔχων
1712 2513 1826 2581 τῆς

245 2611 452 2676 κακίας
472 2607 590 2675 τὴν
611 2607 979 2675 ἐλευθερίαν.
1022 2607 1086 2659 Ei
1124 2604 1306 2671 δοῦλος
1345 2602 1414 2671 εἷ,
1445 2606 1721 2678 ὲντρόμως
1744 2606 1824 2679 τῷ

246 2701 488 2774 Δεσπότῃ
517 2698 917 2770 summoue
959 2698 1067 2769 γὰρ
1113 2698 1430 2770 Λογομάχος
1455 2698 1586 2770 (99),
1618 2699 1718 2752 οὐκ
1731 2699 1824 2754 εὐε-

244 2793 469 2864 γνὼμων
522 2792 731 2857 δοῦλος,
776 2790 913 2845 ἀλλὰ
952 2788 1232 2862 προδήλως
1278 2791 1567 2863 δυσμενής.
1616 2792 1825 2864 Γέγρα-

246 2900 367 2941 πται
394 2887 509 2957 γάρ
531 2901 544 2912 ’
583 2884 639 2936 '0
662 2880 750 2954 μὴ
782 2882 967 2952 τιμῶν
992 2884 1100 2939 τὸν
1129 2885 1275 2939 Υὶὸν-
1304 2885 1375 2938 οὐ
1417 2882 1554 2954 τιμᾷ
1574 2884 1683 2939 τὸν
1703 2888 1822 2940 Ila-

247 2975 379 3044 τέρα
401 2976 512 3029 τὸν
534 2973 859 3044 πέμψαντα
884 2975 1091 3028 αὐτόν.

314 3071 405 3137 ς’.
448 3068 643 3137 Ἡμεῖς
671 3066 750 3130 δὲ,
786 3067 1082 3138 ἀγαπητοὶ,
1112 3066 1236 3121 ὅθεν
1274 3064 1559 3140 ἐξέϐημεν,
1593 3068 1821 3123 ἐπανέλ-

1930 2326 2211 2396 pbemare,
2244 2336 2303 2382 ut
2332 2344 2402 2382 ne
2431 2344 2558 2383 eum
2603 2331 2696 2401 qui
2726 2335 2913 2403 genuit
2943 2336 3242 2409 ignominia
3270 2340 3494 2401 aﬂicias.

1927 2417 1985 2473 Si
2013 2435 2073 2476 es
2105 2420 2299 2485 ﬁdelis,
2350 2420 2454 2477 ﬁde
2509 2422 2577 2476 ad
2617 2422 2897 2481 Christum
2955 2444 3146 2486 verum
3198 2431 3369 2489 Deum
3396 2450 3499 2490 no-

1926 2522 2101 2568 strum
2148 2513 2371 2579 accede,
2407 2525 2585 2571 etnon
2615 2527 2868 2590 tanquam
2895 2523 3130 2579 velamen
3158 2526 3381 2582 malitia:
3406 2527 3502 2583 Ita-

1925 2604 2046 2661 bens
2073 2606 2454 2665 libertatem".
2486 2609 2545 2665 Si
2575 2628 2636 2668 es
2688 2628 2903 2684 servus,
2944 2632 3067 2674 cum
3100 2630 3338 2677 tremore
3368 2622 3501 2677 sub-

1917 2697 2089 2769 jicere
2117 2699 2367 2756 Domino.
2398 2700 2504 2770 Qui
2525 2704 2671 2759 enim
2715 2701 2953 2764 Verbum
2987 2709 3129 2766 bello
3178 2712 3409 2783 impetit,
3450 2716 3500 2772 is

1923 2807 2035 2847 non
2082 2809 2276 2851 servus
2316 2796 2633 2863 benevolus,
2671 2800 2766 2855 sed
2820 2802 3144 2861 manifestus
3192 2815 3276 2863 est
3298 2807 3494 2864 hostis.

1920 2883 2058 2938 Nam
2091 2885 2357 2954 scriptum
2385 2894 2470 2943 est
2503 2902 2518 2940 :
2546 2887 2651 2954 Qui
2691 2905 2795 2943 non
2845 2888 3070 2945 honorat
3114 2891 3343 2959 Filium,
3387 2910 3495 2949 non

1922 2978 2145 3029 honorat
2185 2975 2400 3031 Patrem
2422 2978 2512 3048 qui
2535 2980 2678 3032 misit
2703 2979 2856 3033 illum
2895 2982 2960 3035 7’.

1994 3063 2083 3119 Vl.
2117 3066 2230 3123 Nos
2253 3075 2459 3135 autem,
2486 3068 2696 3134 dilecti,
2742 3085 2806 3125 eo
2839 3079 3181 3127 revertamur
3219 3087 3495 3137 sermone,

243 3159 422 3233 θωμεν
451 3161 531 3231 τῷ
562 3159 732 3231 λόγῳ,
768 3157 1027 3229 βοῶντες·
1052 3160 1477 3231 Εὐλογημένος
1508 3163 1541 3214 ό
1570 3161 1816 3231 ἐρχόμε-

1926 3155 2069 3211 unde
2089 3156 2466 3225 discessimus,
2516 3158 2855 3217 clamantes:
2892 3161 3205 3218 Benedictus
3236 3164 3327 3234 qui
3356 3165 3494 3220 venit

242 3271 340 3320 νος
374 3253 448 3307 ἐν
470 3252 719 3321 ὀνόματι
739 3252 963 3319 Κυρίου
988 3267 1002 3281 ⁸
1033 3252 1063 3304 ό
1089 3251 1292 3324 ποιμὴν
1312 3254 1340 3305 0
1366 3251 1532 3316 καλὸς
1561 3253 1656 3306 καὶ
1681 3254 1820 3323 ἀγα·

241 3346 344 3412 θός,
379 3345 558 3399 θεῖναι
588 3343 686 3415 τὴν
717 3342 1075 3414 ψυχὴνάὺτοῦ
1105 3342 1366 3407 ἑκουσίως
1393 3344 1532 3416 ὑπὲρ
1564 3344 1673 3398 τῶν
1695 3364 1824 3417 προ-

240 3435 409 3492 ϐάτων
438 3434 611 3491 αὐτοῦ
631 3452 646 3465 ο
674 3434 742 3489 ἵν’
769 3435 958 3507 ὥσπερ
992 3435 1068 3506 (1)
1101 3436 1228 3498 τοὺς
1272 3434 1521 3506 πρόϐατα
1565 3437 1818 3507 σιτουμέ-

238 3548 352 3595 νους
379 3530 587 3593 λύκους
617 3529 877 3602 προϐάτῳ
912 3528 1225 3583 άλίσκουσιν
1256 3531 1304 3582 οἱ
1333 3528 1650 3601 λυκόθηρες,
1675 3530 1818 3585 οὕτω

236 3626 338 3687 τοῖς
366 3624 586 3696 νοητοῖς
615 3622 711 3675 καὶ
739 3620 1099 3694 ψυχοιρθόροις
1123 3620 1329 3687 λύκοις,
1381 3621 1571 3675 ἑαυτὸν
1609 3621 1684 3687 ὡς
1721 3623 1818 3678 άν-

238 3714 446 3785 θρωπον
472 3696 732 3787 προσθεὶς
756 3717 789 3767 ό
813 3712 1198 3783 ἀρχιποιμὴν,
1222 3712 1445 3786 θήραμα
1467 3715 1667 3789 ποιήσῃ
1691 3717 1817 3780 τοὺς

238 3808 633 3880 θηρεύσαντας,
654 3806 732 3878 τῷ
747 3806 913 3862 πάλαι
938 3806 1288 3879 θηρευσθὲντι
1316 3806 1407 3859 ὑπ’
1429 3805 1608 3859 αὐτῶν
1624 3805 1814 3877 Ἀδάμ.

234 3898 661 3972 Εὐλογημένος
705 3903 738 3953 ό
781 3898 1106 3968 ἐρχόμενος
1153 3899 1223 3951 ἐν
1268 3898 1525 3967 ὀνόματι.
1557 3897 1812 3966 Κυρίου’

234 3995 360 4058 Θεὸς
392 3993 542 4049 κατὰ
574 3993 669 4047 τοῦ
696 3991 941 4048 διαϐόλου
961 4007 976 4021 ο
999 3991 1060 4045 οὺ
1088 3988 1338 4062 φανερῶς
1362 3987 1451 4041 διὰ
1480 3988 1579 4058 τῆς
1611 3988 1817 4060 ἀπροσ-

233 4088 463 4142 ιλέπτου
496 4087 798 4157 δυνάμεως,
825 4083 961 4138 ἀλλὰ
989 4082 1075 4137 διὰ
1108 4083 1211 4153 τῆς
1244 4082 1525 4146 ἀσθενείας
1550 4081 1652 4152 τῆς
1686 4098 1817 4151 σαρι-

232 4182 339 4246 κὸς,
372 4182 545 4252 δῆσαι
587 4179 679 4233 τὸν
717 4178 838 4233 καθ’
871 4176 1026 4249 ἡμῶν
1062 4175 1301 4247 ἰσχυρόν.
1327 4173 1750 4245 Εὐλογημένος
1782 4177 1816 4228 ό

231 4274 556 4343 ἐρχόμενος
583 4271 654 4325 ἐν
680 4271 924 4340 ὀνόματι
969 4268 1225 4336 Κυρίου·
1262 4266 1512 4338 βασιλεὺς
1544 4265 1686 4320 κατὰ
1719 4261 1814 4318 τοῦ

230 4366 498 4438 τυράννου
521 4380 536 4393 ·
591 4362 652 4416 οὐ
701 4360 789 4415 διὰ
831 4361 933 4432 τῆς
985 4359 1490 4431 παντοκρατορικῆς
1533 4356 1814 4428 δυνάμεως

230 4461 319 4513 καὶ
352 4458 574 4529 σοφίας,
605 4455 743 4511 ἀλλὰ
779 4455 869 4509 διὰ
915 4454 1015 4526 τῆς
1043 4453 1390 4525 νομισθείσης
1435 4450 1528 4506 τοῦ
1579 4449 1813 4522 σταυροῦ

1925 3250 1980 3304 in
2012 3250 2220 3304 nomine
2248 3249 2460 3305 Domini
2485 3269 2503 3306 :
2528 3260 2718 3324 pastor
2739 3253 2828 3307 ille
2845 3253 3110 3310 honestus
3136 3265 3191 3310 et
3213 3257 3409 3319 bonus,
3426 3257 3497 3312 ad

1923 3342 2231 3412 ponendam
2287 3351 2484 3413 sponte
2531 3345 2766 3399 animam
2807 3361 2905 3415 pro
2951 3346 3067 3402 suis
3130 3348 3325 3404 ovibus
3383 3358 3496 3405 :ut

1922 3433 2380 3503 quemadmodum
2402 3419 2712 3501 venatores,
2743 3437 2926 3490 ovium
2956 3452 3184 3495 voraces
3201 3439 3380 3511 lupos,
3393 3455 3495 3499 ove

1922 3524 2164 3594 capiunt,
2197 3527 2272 3580 ita
2291 3537 2567 3595 pastorum
2588 3527 2841 3598 Princeps
2867 3530 2914 3561 ⁸⁰
2943 3545 3003 3586 se
3034 3530 3213 3601 ipsum
3236 3540 3296 3587 ut
3327 3533 3499 3589 homi-

1922 3633 2068 3681 nem,
2102 3618 2480 3689 spiritualibus
2535 3635 2600 3676 ac
2655 3622 2959 3678 animorum
3006 3623 3305 3693 perniciem
3357 3624 3498 3682 infe-

1921 3710 2166 3766 rentibus
2222 3711 2365 3782 lupis
2424 3712 2711 3782 objiciens.
2743 3728 2840 3770 eos
2897 3714 3062 3770 faciat
3119 3717 3489 3781 venationem.

1922 3809 2085 3871 capto
2123 3802 2330 3873 pridem
2369 3811 2566 3858 venatu
2595 3802 2825 3867 Adamo,
2885 3804 2978 3876 qui
3027 3804 3295 3861 Adamum
3322 3821 3493 3862 vena-

1919 3894 2123 3949 tionem
2160 3892 2421 3950 l’ecerant.
2452 3895 2764 3950 Benedictus
2792 3898 2881 3968 qui
2910 3898 3045 3952 venit
3069 3899 3125 3952 in
3147 3899 3353 3953 nomine
3383 3897 3498 3955 Do~

1920 3989 2052 4042 mini
2082 4005 2101 4042 :
2141 3987 2286 4045 Deus
2318 3988 2582 4046 adversus
2604 3990 2917 4056 diabolum;
2940 4006 3065 4068 non_
3090 3993 3378 4049 manifeste
3398 4008 3496 4063 per

1919 4081 2177 4136 virtutem
2228 4082 2698 4152 inaspectabilem,
2732 4082 2829 4140 sed
2868 4099 2967 4154 per
2994 4084 3179 4140 carnis
3206 4084 3495 4138 inﬁrmita-

1919 4180 2028 4227 tem
2090 4172 2408 4245 alligaturus
2463 4174 2838 4230 adversarium
2871 4175 3053 4240 nobis,
3077 4175 3271 4231 fortem
3297 4176 3366 4230 εί.
3398 4174 3494 4229 Be-

1920 4264 2161 4319 nedictus
2186 4264 2277 4334 qui
2312 4265 2450 4319 venit
2473 4267 2527 4319 in
2553 4266 2764 4321 nomine
2796 4265 3052 4321 Domini:
3086 4265 3202 4323 Rex
3229 4266 3492 4323 adversus

1917 4366 2246 4428 tyrannum;
2278 4373 2387 4413 non
2415 4372 2512 4428 per
2556 4358 2983 4428 omnipotentem
3017 4359 3275 4415 virtutem
3316 4365 3371 4413 et
3397 4371 3490 4412 sa-

1916 4450 2201 4521 pientiam,
2236 4449 2331 4506 sed
2357 4465 2454 4520 per
2476 4450 2660 4505 crucis
2687 4451 3052 4505 existimatam
3099 4450 3387 4505 stultitiam
3418 4449 3493 4521 θ’,

232 4553 466 4625 μωρίας,
507 4549 603 4604 τοῦ
638 4551 695 4602 ἐν
743 4548 911 4619 κακία
952 4543 1267 4619 [φρονίμου]
1309 4544 1485 4614 ὄφεως
1528 4541 1598 4596 τὰ
1638 4540 1811 4595 σκῦλα

1926 4558 2042 4612 quae
2073 4540 2359 4611 prudentis
2387 4541 2443 4595 in
2496 4540 2707 4595 malitia
2736 4539 3010 4610 serpentis
3038 4539 3267 4612 diripuit
3288 4541 3495 4611 spolia.

228 4635 649 4711 διαρπάσαντος.
690 4633 1113 4704 Εὐλογημένος
1154 4636 1186 4687 ό
1232 4632 1553 4702 ἐρχόμενος
1579 4632 1650 4684 ἐν
1677 4631 1811 4684 ὀνό-

224 4748 361 4795 ματι
404 4729 632 4798 Κυρίου
652 4745 667 4759 ο
697 4730 726 4782 0
750 4726 1000 4798 ἀληθινὸς
1039 4724 1182 4781 κατὰ
1208 4723 1302 4777 τοῦ
1334 4721 1568 4793 ψεύστου
1588 4739 1601 4751 ·
1627 4723 1657 4775 0
1700 4737 1808 4775 σω-

228 4822 331 4895 τήρ
354 4821 503 4875 κατά
530 4821 627 4874 τοῦ
654 4819 961 4892 λυμεῶνος’
983 4818 1381 4889 όεὶρηνάρχης
1402 4813 1544 4867 κατὰ
1578 4812 1674 4867 τοῦ
1707 4830 1807 4867 πο-

228 4913 553 4986 λεμήτοριος⁸
593 4914 621 4965 ὁ
654 4907 1030 4980 φιλάνθρωπος
1075 4908 1215 4964 κατὰ
1255 4906 1350 4960 τοῦ
1398 4903 1803 4978 μισανθρώπου.

228 5005 660 5076 Εὐλογημένος
705 5007 738 5058 ό
786 5002 1106 5073 ἐρχόμενος
1150 4999 1220 5053 ἐν
1261 4998 1501 5067 ὀνόματι
1550 4996 1804 5064 Κυρίου⁸

225 5098 437 5169 Κύριος
465 5098 687 5169 ἐλεῆσαι
713 5095 775 5149 τὸ
804 5094 1027 5166 πλάσμα
1054 5092 1115 5145 τὸ
1146 5091 1293 5145 ἴδιον.
1326 5087 1747 5159 Εὐλογημένος
1775 5087 1808 5139 ό

226 5198 553 5267 ἐρχόμενος
583 5194 656 5248 ἐν
701 5193 946 5261 ὀνόματι
976 5190 1196 5258 Κυρίου
1219 5205 1233 5218 ⁸
1270 5187 1474 5258 Κύριος
1509 5185 1678 5238 σῶσαι
1718 5180 1808 5237 τὸν

292 5379 341 5410 ⁷⁸
365 5376 397 5436 ι
431 5375 577 5432 Petr.
618 5390 684 5442 ιι,
715 5373 803 5430 16.
878 5372 923 5403 τ’
948 5370 1109 5425 Joan.
1134 5385 1188 5434 v,
1217 5368 1306 5424 9.5.

291 5542 413 5612 (99)
463 5538 828 5613 Λοτομᾴχος.
884 5537 1039 5592 Sicut
1089 5536 1291 5613 dicitur
1314 5530 1795 5613 ῌνευματομάχος,

222 5601 535 5682 probatque
555 5601 567 5613 ’
595 5601 887 5682 subiuncta
920 5608 1220 5682 auctoritas
1253 5628 1262 5659 :
1310 5604 1414 5671 Qui
1443 5601 1549 5682 non
1575 5601 1799 5682 honorat

223 5673 464 5749 Filium;
491 5690 597 5736 etc.
628 5673 845 5756 Alioqui
901 5688 985 5734 est
1010 5677 1334 5756 λογομάχος,
1377 5674 1468 5743 qui
1487 5673 1671 5756 veritis
1705 5686 1798 5742 pu-

223 5763 380 5823 gnat,
414 5761 635 5823 argutor
665 5771 679 5807 :
707 5749 1168 5817 άντιλογικος,καὶ
1183 5749 1654 5817 ὲγχειρηματικός.

388 5851 664 5913 ΡΑτιιοι..
709 5848 825 5910 Gn.
857 5845 1085 5908 XVill.

1918 4632 2230 4688 Benedictus
2257 4634 2345 4703 qui
2373 4633 2510 4688 venit
2568 4636 2622 4688 in
2650 4634 2858 4688 nomine
2891 4632 3135 4688 Domini:
3179 4649 3347 4690 verus
3376 4635 3492 4700 ille,

1917 4726 2179 4781 adversus
2200 4725 2516 4781 mendacem
2552 4745 2564 4780 ε
2638 4726 2901 4790 salvator,
2940 4728 3202 4782 adversus
3226 4726 3375 4781 illam
3400 4741 3491 4799 pc-

1917 4821 2053 4869 stem
2086 4831 2097 4867 :
2145 4812 2395 4883 Princeps
2452 4815 2598 4882 pacis
2623 4814 2692 4880 ⁸³,
2726 4813 2990 4871 adversus
3007 4814 3274 4872 bellorum
3303 4819 3490 4873 incen-

1915 4914 2088 4962 torem
2123 4925 2137 4961 :
2174 4906 2285 4972 ille,
2312 4907 2574 4978 singulari
2604 4922 2734 4978 erga
2760 4906 3046 4962 hominum
3076 4923 3250 4978 genus
3281 4908 3485 4975 studio,

1916 4997 2179 5055 adversus
2217 5012 2430 5053 osorem
2454 4998 2758 5054 hominum.
2785 4998 3099 5053 Benedictus
3129 4999 3221 5070 qui
3259 5000 3395 5054 venit
3432 5004 3487 5055 in

1918 5089 2125 5142 nomine
2152 5087 2363 5145 Domini
2389 5102 2408 5141 :
2430 5082 2714 5152 Dominus,
2746 5088 3004 5160 ﬁgmento
3045 5091 3269 5160 propr-io
3301 5090 3489 5147 miser-

1920 5190 2099 5236 turus.
2131 5179 2441 5235 Benedictus
2465 5181 2554 5251 qui
2575 5180 2709 5235 venit
2765 5180 2820 5233 in
2853 5180 3063 5235 nomine
3096 5179 3307 5235 Domini
3337 5197 3356 5236 :
3382 5179 3489 5234 Do—

1383 5368 1427 5400 ”
1462 5362 1491 5419 1
1514 5364 1661 5420 Petr.
1686 5377 1740 5427 v,
1771 5360 1819 5416 4.

1926 5360 1941 5392 ¹
1970 5360 2162 5417 Matth.
2190 5378 2288 5424 xu,
2310 5361 2401 5417 9.9.
2478 5363 2522 5393 ⁸²
2556 5361 2585 5416 Ι
2617 5362 2741 5418 Cor.
2778 5378 2817 5427 ι,
2844 5360 2935 5418 El.
3013 5363 3059 5395 ⁸³
3088 5361 3373 5429 Isa.tx,6.

1988 5526 2190 5597 (1)311”
2216 5523 2438 5597 ὥσπερ,
2478 5540 2533 5576 κ.
2564 5541 2613 5597 τί
2648 5522 2698 5580 λ.
2732 5520 2917 5597 Utitur
2951 5520 3358 5597 Amphilochius
3387 5534 3484 5577 eo-

1911 5591 2174 5653 deni'fere
2204 5591 2541 5650 simili'hom.
2580 5595 2652 5649 De
2669 5594 2976 5662 peccatrice.
3007 5591 3068 5647 in
3107 5591 3388 5648 Christum
3414 5604 3487 5650 eo

1908 5684 1967 5725 se
1985 5668 2092 5723 line
2123 5676 2175 5725 et
2201 5664 2476 5724 lucrandis
2507 5665 2794 5722 animabus
2818 5666 2873 5721 in
2904 5663 3153 5723 convivia
3171 5663 3412 5740 dantem.

3128 5831 3201 5893 13
