3980 6318
481 261 585 317 395
1448 256 1505 313 5.
1546 256 1873 314 METRODII
1914 259 2217 317 EPISCOPI
2255 261 2343 316 ET
2382 214 2741 320 MAR'l‘YRlS
3570 281 3656 336 596

481 376 687 441 minus,
734 364 965 430 homini'
996 373 1089 444 qui
1137 381 1434 441 erraverat,
1480 375 1709 430 salutem
1753 377 2039 441 allaturus,

2085 381 2118 437 Α
2147 377 2481 449 πλανηθέντα
2512 379 2825 452 ἄνθρωπον·
2862 381 3152 438 καταλῦσαι
3179 386 3274 458 τὴν
3307 388 3530 461 πλάνην·
3562 411 3657 462 φω-

478 482 724 523 errorem
769 469 1152 543 convulsurus,
1194 464 1567 533 impertiturus
1618 466 1798 521 lumen
1837 467 2045 537 agenti-

2146 472 2464 544 ταγωγῆσαι
2523 475 2647 536 τοὺς
2700 474 2759 527 ὲν
2814 476 3030 530 σκότει·
3085 479 3410 550 καταργῆσαι
3461 483 3662 539 εἰδώλων

479 557 584 612 bus
610 558 664 611 in
699 555 959 616 tenebris,
1008 553 1278 608 idolorum
1308 554 1610 610 aboliturus
1662 554 2041 624 imposturam,

2148 561 2388 633 ἀπάτην·
2439 564 2749 629 ἁντεισάξαι
2791 565 3112 633 θεογνωσίαν
3153 571 3435 641 σωτήριον⁸
3468 574 3665 641 ἁγιάσαι

474 647 598 715 ejus
631 646 748 701 loco
770 643 1095 698 inducturus
1117 644 1409 698 salutarem
1440 642 1533 697 Dei
1568 642 1838 706 notitiam,
1883 659 2043 697 mun-

2148 654 2379 723 κόσμον·
2421 653 2687 710 ἀπελάσαι
2722 658 2785 711 τὸ
2834 659 2999 727 μύσος
3040 660 3133 713 καὶ
3168 660 3325 730 ἄλγος
3352 662 3422 733 (‘2)
3454 664 3543 735 τῆς
3571 668 3664 719 τῶν

475 740 607 795 dum
667 734 1141 811 sanctiﬁcaturus,
1199 735 1376 790 scelus
1420 734 1803 804 miseriamque
1861 736 2041 792 cultus

2150 750 2391 818 ματαίων
2420 748 2556 802 θεῶν
2576 750 2883 822 θεραπείας.
2905 753 3317 822 Εὐλογημένος
3333 756 3365 807 ό
3382 755 3665 824 ἐρχόμενος

476 830 718 886 inanium
749 809 974 882 deorum
1009 826 1383 901 submoturus.
1444 826 1753 881 Benedictus
1786 827 1877 896 qui
1906 829 2039 881 venit

2145 809 2215 892 εν
2258 840 2499 909 ὀνόματι
2539 809 2789 910 Κυρίου·
2840 809 2919 905 εἷς
2947 809 3086 914 ὑπὲρ
3126 809 3355 907 ζτολλιῖιν,
3397 809 3669 912 Eccam}

473 922 530 976 in
556 921 764 975 nomine
782 918 997 971 Domini
1017 932 1035 969 :
1070 933 1212 973 unus
1236 932 1332 987 pro
1375 918 1579 983 multis,
1607 926 1667 972 ut
1698 920 1847 989 inops
1877 918 2042 972 homi-

2146 929 2382 1000 πτωχόν
2407 933 2579 1001 γένος
2606 930 2947 1000 ἀνθρώπων,
2989 933 3057 986 ἐκ
3088 934 3281 1002 χειρὸς
3306 935 3667 1003 στερεωτέρων

473 1030 598 1070 num
620 1028 779 1085 genus
820 1012 1010 1081 eripiat
1036 1009 1099 1064 de
1131 1027 1289 1064 manu
1321 1011 1601 1079 fortiorum
1643 1011 1793 1080 ejus;
1846 1021 1894 1066 et
1925 1027 2042 1081 cge-

2143 1020 2348 1084 αῠτοῦ,
2380 1021 2476 1074 καὶ
2508 1022 2744 1090 πτωχὸν
2770 1022 2865 1075 καὶ
2900 1020 3125 1089 πένητα
3166 1021 3284 1077 ἀπὸ
3325 1022 3438 1075 τῶν
3456 1023 3670 1092 διαρπα-

474 1124 620 1171 num,
650 1116 700 1160 et
752 1119 1029 1173 pauperem
1056 1120 1089 1157 a
1129 1102 1496 1171 diripientibus
1537 1119 1652 1156 eum
1687 1102 1752 1158 “.
1784 1100 2039 1172 [Benedi-

2145 1112 2360 1171 ζόντων
2382 1115 2587 1166 αὐτόν.
2607 1112 3049 1183 [Εὐλογημένος
3070 1116 3102 1167 ό
3128 1114 3442 1183 ἐρχόμενος
3464 1115 3529 1169 ἐν
3554 1118 3667 1170 ὀνό-

477 1210 593 1253 ctus
617 1198 706 1268 qui
734 1197 869 1250 venit
893 1196 945 1249 in
968 1196 1172 1248 nomine
1205 1193 1454 1247 Domini:
1476 1193 1659 1247 vinum
1688 1200 1742 1248 et
1772 1193 1951 1248 oleum
1985 1192 2036 1246 ei

2137 1218 2277 1271 ματι
2314 1203 2532 1269 Κυρίου
2551 1220 2562 1231 ·
2592 1204 2805 1273 ὲπιχέαι
2834 1200 2972 1256 οἶνον
3002 1203 3093 1257 καὶ
3125 1203 3271 1256 ἔλεον
3290 1204 3381 1256 ἐπὶ
3401 1205 3488 1257 τὸν
3522 1206 3672 1275 ὲμπε-

478 1292 762 1347 infusurus
790 1288 882 1359 qui
914 1288 1178 1342 inciderat
1208 1288 1264 1340 in
1298 1287 1534 1340 latrones
1559 1286 1627 1349 ",
1659 1294 1713 1339 et
1743 1285 1917 1339 fuerat
1951 1285 2040 1339 de-

2145 1291 2304 1345 σόντα
2335 1294 2415 1354 εἰς
2440 1292 2563 1354 τοὺς
2587 1292 2789 1362 λῃστὰς
2817 1293 2910 1345 κα)⁸
2939 1291 3407 1365 παρεωραμένον.]
3436 1295 3672 1363 Εὐλογη-

473 1383 740 1455 spectus]
771 1381 1080 1436 Benedictus
1102 1383 1191 1450 qui
1217 1379 1350 1433 venit
1383 1380 1435 1432 in
1458 1379 1666 1432 nomine
1693 1378 1908 1432 Domini
1930 1394 1948 1431 :
1977 1388 2037 1431 ut

2135 1383 2318 1451 μένος
2366 1386 2399 1437 ό
2445 1384 2766 1452 ἐρχόμενος
2807 1384 2877 1437 ἐν
2926 1385 3169 1452 ὀνόματι
3220 1384 3475 1451 Κυρίου·
3526 1384 3676 1439 σῶσαι

472 1491 574 1530 nos
604 1475 718 1543 ipse
756 1488 852 1544 per
883 1489 942 1527 se
994 1472 1172 1539 ipsum
1218 1471 1409 1533 saltet,
1477 1469 1930 1540 quemadmodum
1961 1469 2035 1523 ait

2141 1474 2286 1543 ἡμᾶς
2309 1473 2375 1527 δι’
2400 1473 2615 1539 ἑαυτοῦ,
2635 1474 2708 1538 ὥς
2733 1491 2894 1544 φησιν
2916 1477 2944 1529 ό
2968 1476 3251 1546 προφήτης
3271 1491 3283 1503 ·
3311 1477 3392 1529 Οὐ
3416 1474 3674 1542 πρέσϐυς,

470 1566 735 1637 propheta
762 1585 775 1620 :
809 1563 933 1617 Non
966 1563 1191 1634 legatus,
1215 1579 1375 1633 neque
1393 1563 1641 1632 angelus;
1662 1562 1752 1616 sed
1783 1560 2033 1615 Dominus

2140 1563 2280 1616 οὐδὲ
2312 1562 2562 1633 ἅγγελος
2578 1582 2591 1595 ·
2619 1566 2755 1621 ἀλλ’
2782 1567 2963 1633 αὐτὸς
2984 1570 3016 1619 ό
3038 1568 3253 1635 Κύριος
3272 1566 3501 1620 ἔσωσεν
3520 1565 3674 1635 ἡμᾶς.

473 1656 695 1711 salvarit
728 1672 822 1710 nos
867 1655 935 1709 ⁸⁸.
967 1654 1258 1723 Propterea
1290 1664 1344 1708 et
1391 1653 1494 1724 ipsi
1516 1653 1886 1708 henedicimus
1913 1654 2031 1717 tibi,

2138 1655 2236 1708 Διὰ
2265 1654 2420 1708 τοῦτο
2459 1656 2552 1709 καὶ
2580 1658 2742 1728 ἡμεῖς
2782 1657 3108 1728 εὐλογοῦμεν
3141 1676 3222 1722 σε,
3259 1658 3428 1730 Κύριε
3447 1676 3459 1689 ·
3489 1659 3572 1712 τὸν
3596 1660 3677 1712 σὺν

469 1747 716 1809 Domine,
741 1747 834 1817 qui
867 1762 989 1800 cum
1038 1745 1196 1801 Patre
1219 1754 1275 1801 et
1330 1745 1535 1815 Spiritu
1569 1753 1759 1802 sancto
1810 1745 2032 1800 benedi-

2134 1747 2307 1818 Πατρὶ
2330 1747 2422 1800 καὶ
2449 1747 2587 1818 ἁγίῳ
2610 1748 2884 1819 Πνεύματι
2912 1749 3014 1820 πρὸ
3048 1749 3260 1803 αἰώνων
3285 1750 3380 1802 καὶ
3403 1751 3479 1811 εἰς
3502 1749 3678 1811 αἰῶνας

468 1848 591 1894 ctus
619 1853 679 1892 es
700 1845 824 1892 ante
856 1837 1055 1893 srccula
1084 1845 1138 1892 et
1181 1837 1235 1891 in
1271 1838 1469 1891 sarcula
1513 1837 1833 1891 saeculorum
1874 1844 2031 1890 :ante

2131 1838 2341 1892 αἰώνων
2376 1840 2762 1911 εὐλογημένον·
2798 1841 2902 1912 πρὸ
2931 1841 3029 1913 μὲν
3061 1841 3172 1895 τῶν
3197 1841 3407 1895 αἰώνων
3428 1841 3679 1913 καὶμέχρι

466 1931 664 1985 saecula
695 1930 933 2000 quidem,
993 1935 1046 1983 et
1076 1944 1248 1999 usque
1289 1929 1451 1984 modo
1503 1943 1731 2000 corpore
1779 1942 2025 1981 vacans:

2130 1932 2229 2003 τῆς
2242 1932 2332 1985 δεῦ
2341 1949 2400 2005 ρο
2420 1933 2705 2004 ἀσώματον
2723 1952 2735 1964 ·
2761 1933 2827 1988 τὰ
2843 1932 2936 1987 νῦν
2957 1935 3014 1989 δὲ
3035 1935 3128 1989 καὶ
3145 1937 3225 1998 εἰς
3240 1936 3440 1999 αἰῶνας
3456 1936 3584 2006 μετὰ
3596 1936 3678 2006 τῆς

465 2038 612 2077 nunc
641 2030 820 2076 autem
845 2031 898 2076 ct
928 2021 982 2075 in
1016 2022 1235 2085 saecula,
1266 2034 1391 2074 cum
1427 2019 1610 2074 divina
1637 2028 1728 2074 tua
1747 2026 1800 2073 et
1830 2020 2030 2073 immu‘

2132 2023 2279 2087 θείας
2300 2025 2391 2078 καὶ
2420 2025 2751 2095 ἀμεταδόλου
2779 2028 2873 2080 καὶ
2903 2026 3200 2098 ἀμερίστου
3244 2044 3337 2080 σου
3361 2024 3675 2097 σαρκώσεως.

464 2113 701 2168 tabiliter
733 2112 1071 2182 indiviseque
1092 2117 1371 2181 assumpta
1397 2111 1753 2165 humanitate.

538 2202 646 2257 Vll.
686 2201 979 2258 Videamus
1006 2203 1168 2256 etiam
1203 2203 1503 2272 sequentia.
1543 2201 1683 2267 Quid
1711 2203 1786 2257 ait
1812 2202 2030 2258 divinus

2194 2205 2266 2257 Z'.
2294 2203 2521 2275 Ἴδωμεν
2548 2202 2641 2257 καὶ
2667 2202 2735 2256 τὰ
2758 2203 2903 2273 ἑξῆς.
2931 2202 2995 2270 Τί
3019 2200 3171 2270 λέγει.
3198 2200 3228 2252 ό
3258 2198 3525 2261 θειότατος
3546 2200 3681 2264 εὐαγ-

463 2294 823 2366 evangelista?
845 2290 974 2345 Cum
1021 2293 1165 2348 enim
1211 2292 1460 2348 Dominus
1519 2296 1766 2349 intrasset
1809 2296 1864 2349 in
1899 2304 2030 2349 tem-

2125 2294 2413 2367 γελιστήςῖ
2466 2295 2864 2361 Εἰσελθόντος
2910 2293 3018 2365 γὰρ
3068 2292 3177 2348 τοῦ
3224 2292 3444 2359 Κυρίου
3496 2291 3578 2354 εἰς
3620 2288 3675 2340 τὸ

465 2389 634 2457 plum,
659 2393 986 2439 accesserunt
1019 2382 1087 2436 ad
1141 2400 1256 2438 eum
1288 2385 1467 2439 claudi
1494 2396 1544 2439 et
1576 2389 1720 2451 cwci,
1744 2397 1793 2441 et
1823 2389 2037 2442 sanavit

2128 2385 2307 2453 ἱερὸν,
2341 2383 2690 2454 προσῆλθον
2734 2384 2895 2451 αὐτῷ
2946 2384 3128 2454 χωλοὶ
3184 2383 3286 2438 καὶ
3333 2379 3562 2449 τυφλοὶ,
3594 2376 3680 2432 καὶ

461 2489 571 2531 eos.
616 2474 854 2528 Videntes
877 2483 1051 2528 autem
1077 2476 1332 2543 principes
1345 2476 1670 2531 sacerdotum
1689 2488 1736 2532 et
1763 2477 2023 2534 Pharisaei

2126 2473 2527 2543 ἐθεράπευσεν
2560 2477 2799 2541 αὐτούς.
2842 2474 3087 2540 Ἰδόντες
3113 2473 3184 2527 δὲ
3204 2471 3496 2543 ἀρχιερεῖς
3518 2471 3605 2523 καὶ
3635 2472 3680 2521 οι

466 2566 737 2620 mirabilia
758 2582 873 2636 quia
903 2566 1044 2636 fecit,
1075 2576 1124 2621 et
1148 2582 1335 2637 pueros
1362 2566 1670 2629 clamantes,
1695 2577 1740 2621 et
1759 2567 1984 2622 dicentes
2010 2584 2028 2622 :

2129 2567 2431 2636 Φαρισαῖοι
2456 2568 2529 2622 τὰ
2555 2568 2854 2638 θαυμάσια
2877 2568 2915 2621 ιῖ
2946 2568 3223 2636 ἐποίησε,
3261 2563 3364 2620 καὶ
3395 2564 3532 2629 τοὺς
3566 2560 3682 2617 παῖ-

464 2656 724 2713 Hosanna
772 2657 887 2727 [ilio
918 2657 1087 2712 David
1129 2675 1147 2711 :
1206 2656 1517 2711 Benedictus
1554 2660 1643 2727 qui
1675 2661 1809 2712 venit
1845 2661 1898 2713 in
1940 2678 2029 2714 no-

2127 2655 2236 2722 δας
2269 2656 2585 2725 κράζοντας
2630 2659 2725 2711 καὶ
2775 2657 3061 2728 λέγοντας
3080 2673 3094 2687 ·
3158 2654 3427 2713 Ὡσαννὰ
3475 2653 3551 2719 τῷ
3590 2649 3686 2715 υἱῷ

464 2752 602 2804 mine
632 2749 842 2806 Domini
870 2751 937 2815 ⁸⁷,
965 2766 1073 2804 non
1106 2750 1346 2805 tulerunt
1391 2750 1691 2806 exhibitum
1747 2751 2027 2815 honorem,

2128 2748 2307 2803 Δαυΐδ
2327 2767 2339 2781 ·
2366 2750 2783 2820 Εὐλογημένος
2809 2753 2841 2803 ό
2867 2751 3191 2819 ἐρχόμενος
3220 2750 3292 2803 ἐν
3324 2749 3559 2817 ὀνόματι
3583 2748 3687 2799 Κυ-

460 2857 635 2912 eoque
664 2844 1001 2905 accedentes,
1058 2841 1131 2895 ita
1160 2841 1413 2895 dixerunt
1455 2861 1467 2895 :
1521 2839 1645 2895 Non
1691 2842 1843 2896 audis
1906 2844 2030 2912 quid

2122 2843 2280 2910 ρίου,
2324 2842 2422 2894 οὐκ
2452 2842 2687 2911 ἤνεγκαν
2727 2840 2823 2911 τὴν
2849 2841 3040 2894 τούτου
3068 2843 3259 2913 τιμήν.
3298 2833 3460 2894 Ὅθεν
3481 2833 3687 2909 προσελ-

460 2937 551 2991 isti
586 2933 807 2989 dicunt?
836 2935 1000 3001 Quasi
1058 2933 1299 2988 dicerent
1332 2953 1344 2987 :
1383 2932 1500 2988 Non
1560 2933 1873 3000 ollenderis,
1934 2936 2028 3006 qui

2131 2926 2313 2998 θόντες
2353 2933 2525 2997 οὕτως
2553 2930 2731 2987 εἶπον·
2776 2935 2895 2987 Οὐκ
2930 2934 3175 3000 ἀκούεις
3200 2933 3261 2986 τί
3294 2928 3459 2989 οὗτοι
3497 2929 3689 2999 λέγονυ

460 3030 607 3084 velut
638 3027 778 3082 Deus
801 3027 1074 3083 lauderis?
1126 3026 1244 3081 Non
1276 3026 1386 3083 fers
1433 3029 1677 3093 moleste,
1714 3030 1806 3098 qui
1837 3030 2028 3084 audias

2130 3040 2265 3090 σιν;
2333 3025 2542 3079 Ὠσανεὶ
2582 3024 2797 3093 ἔλεγον·
2849 3025 2922 3077 0'3
2976 3023 3186 3096 βαρῦνῖὶ
3233 3021 3584 3093 δοξαζόμενος

460 3124 530 3177 ab
548 3121 821 3176 innocenti
847 3127 1006 3175 aetate
1031 3134 1150 3189 quae
1178 3118 1287 3174 Deo
1317 3127 1372 3174 et
1404 3120 1506 3175 soli
1533 3120 1634 3189 ipsi
1654 3120 2027 3175 conveniunt?

2129 3115 2289 3180 636;;
2325 3117 2437 3169 Οὐκ
2480 3115 2620 3189 ἄχθῃ
2663 3115 2875 3167 ἀκούων
2919 3114 3067 3186 παρὰ
3106 3115 3225 3167 τῶν
3264 3112 3491 3168 ἀκάκων
3519 3109 3585 3163 τὰ
3625 3106 3695 3178 τῷ

460 3212 651 3268 Nonne
681 3214 810 3268 olim
839 3212 1078 3283 prodidit
1112 3211 1255 3267 Deus
1277 3228 1375 3283 per
1414 3213 1752 3283 prophetam,
1788 3211 2024 3267 Gloriam

2129 3209 2276 3279 Θεῷ,
2325 3210 2417 3283 καὶ
2466 3210 2630 3280 μόνῳ,
2659 3210 2975 3280 πρέπον-τω,
3012 3208 3085 3261 Οὐ
3132 3208 3311 3262 πάλαι
3352 3205 3639 3277 δεδήλωκεν
3669 3204 3697 3255 ό

458 3323 627 3361 meum
653 3305 805 3360 alteri
835 3280 935 3359 non
964 3304 1099 3357 dabo
1125 3304 1209 3357 εει
1237 3280 1301 3356 Et
1328 3280 1431 3374 qui
1452 3280 1531 3366 tu,
1594 3303 1744 3358 homo
1775 3321 1894 3358 cum
1924 3305 2021 3371 sis,

2129 3299 2258 3363 Θεὸς
2287 3280 2503 3352 διὰἨτοῦ
2547 3300 2820 3369 προφήτου
2843 3313 2854 3324 ·
2896 3296 3012 3364 Τὴν
3056 3294 3255 3360 δόξαν
3279 3313 3403 3366 μου
3435 3293 3606 3362 ἐτέρῳ
3634 3291 3699 3344 οὐ

464 3398 599 3467 facis
630 3406 677 3449 te
706 3397 875 3464 ipsum
897 3395 1062 3448 Deum
1086 3395 1131 3427 ⁸⁸
1157 3395 1179 3448 ?
1207 3393 1347 3459 Quid
1381 3410 1508 3449 vero
1549 3395 1616 3449 ad
1646 3395 1757 3450 haec
1788 3396 1876 3451 ille
1904 3397 2025 3450 lon-

2129 3392 2339 3454 δώσω;
2366 3389 2458 3443 καὶ
2486 3389 2601 3453 πῶς
2629 3388 2731 3453 σὺ,
2774 3386 3081 3455 ἄνθρωπος
3118 3386 3232 3452 ὢν,
3263 3383 3457 3450 ποιεῖς
3499 3380 3699 3437 ἑαυτὸν

460 3488 688 3559 ganimis
708 3528 721 3550 ,
751 3489 841 3543 ille
870 3488 1067 3543 multus
1091 3490 1143 3542 in
1174 3488 1534 3543 misericordia
1561 3490 1629 3555 '°,
1665 3497 1718 3545 et
1745 3490 1929 3544 tardus
1955 3491 2025 3542 ad

2132 3486 2313 3546 Θεόν;
2356 3482 2514 3535 Ἀλλὰ
2537 3481 2588 3533 τί
2619 3480 2753 3553 πρὸς
2784 3479 2953 3532 ταῦτα
2976 3479 3004 3530 ὁ
3037 3478 3423 3548 μακρόθυμος,
3467 3478 3499 3528 ὀ
3523 3470 3700 3538 πολὺς

459 3581 599 3633 iram
624 3579 704 3633 "‘2
747 3579 979 3633 sustinet
1008 3578 1270 3645 furentes,
1320 3578 1638 3636 defensione
1679 3580 1791 3636 iras
1830 3597 2025 3636 accen-

2130 3575 2198 3628 ἐν
2223 3574 2378 3628 ἐλέει
2413 3574 2505 3626 καὶ
2529 3572 2761 3641 βραδὺς
2799 3574 2885 3636 εὶς
2929 3569 3152 3639 όργήν;
3187 3570 3446 3641 ἀνέχεται
3478 3565 3584 3619 τῶν
3616 3578 3702 3634 με·

459 3685 551 3726 sas
582 3670 819 3733 cohibet,
874 3669 1186 3741 Scripturas
1235 3687 1300 3726 ex
1335 3671 1561 3728 adverso
1609 3673 1666 3727 in
1704 3676 2021 3730 memoriam

2132 3667 2403 3736 μηνότων·
2444 3663 2753 3719 ἀναστέλλει
2805 3664 2869 3733 τῇ
2906 3661 3173 3730 ἀπολογία
3211 3660 3318 3732 τὴν
3371 3658 3698 3730 φλεγμονὴν

459 3769 700 3826 revocat,
734 3761 889 3815 ali‘ert
924 3764 1234 3818 testimonia
1272 3778 1461 3818 eorum
1513 3780 1632 3834 quae
1664 3776 1898 3836 aguntur
1923 3783 2024 3823 nec

2130 3752 2566 3829 ἀνθυπομνήσκει
2614 3754 2862 3825 Γραφὰς·
2902 3753 3207 3824 προσφέρει
3256 3752 3572 3823 μαρτυρίας
3605 3745 3702 3799 τῶ)

459 3854 641 3909 renuit
690 3855 1026 3925 interrogare
1058 3873 1071 3908 :
1103 3854 1462 3925 Nunquamne
1504 3865 1560 3912 et
1613 3875 1711 3913 vos
1750 3861 2021 3915 dicentem

2130 3851 2484 3929 τελουμένων,
2519 3849 2611 3902 καὶ
2655 3848 2755 3900 οὐκ
2787 3841 3139 3905 ἀπαναίνεται
3184 3844 3331 3917 πρὸς
3357 3842 3459 3914 τὴν
3502 3838 3702 3893 πεῦσιν.

459 3961 546 3999 me
574 3960 668 4015 per
728 3947 1042 4014 prophetam
1089 3947 1318 4002 audistis
1350 3966 1362 4001 :
1390 3946 1542 4004 Tunc
1567 3950 1751 4005 scietis
1771 3952 1897 4021 quia
1931 3954 2023 4022 qui

2132 3946 2217 3997 Διό
2250 3959 2444 4015 φησιν·
2490 3941 2752 3994 Οὐδέποτε
2799 3936 2891 3992 καὶ
2938 3938 3095 4007 ὑμεῖς
3138 3935 3428 4007 ἠκούσατέ
3482 3950 3585 4004 μου
3625 3929 3704 4022 διὰ

457 4035 726 4107 loquebar,
752 4039 861 4105 ipse
890 4037 1078 4091 adsum
1133 4039 1215 4092 "‘t
1242 4037 1350 4093 Nec
1383 4054 1510 4094 vero
1536 4041 1732 4095 iterum
1763 4060 1774 4094 :
1824 4041 1908 4094 Ea:
1934 4021 2021 4097 ore

2130 4034 2219 4089 τοῦ
2249 4034 2526 4106 προφήτου
2548 4031 2817 4101 λέγοντος·
2840 4028 2972 4082 Τότε
2997 4026 3302 4097 γνώσεσθε,
3328 4028 3412 4080 ὅτι
3433 4030 3467 4079 ό
3486 4021 3702 4085 λαλῶν,

455 4130 738 4197 infantium
787 4138 836 4184 et
868 4129 1174 4184 lactentium
1222 4129 1483 4199 perfecisti
1529 4130 1759 4195 laudem,
1811 4143 2021 4201 propter

2133 4124 2306 4189 αὐτὸς
2340 4121 2606 4192 πάρειμι;
2641 4118 2748 4175 οὐδ’
2777 4114 2843 4173 αὖ
2885 4119 3073 4172 πάλιν·
3117 4119 3216 4172 Ἐκ
3258 4118 3572 4188 στόματος
3608 4132 3705 4181 νη-

457 4222 696 4276 inimicos
743 4231 882 4287 tuos,
912 4231 969 4274 ut
1015 4222 1260 4277 destruas
1305 4223 1576 4277 inimicum
1601 4234 1649 4278 et
1694 4225 1916 4279 ultorem
1937 4226 2022 4279 "1'

2140 4219 2277 4271 πίων
2304 4215 2403 4269 καὶ
2428 4214 2796 4283 θηλαζόντων
2814 4211 3166 4280 κατηρτήσω
3187 4207 3377 4266 αἶνον
3396 4210 3578 4264 ἕνεκα
3600 4202 3712 4258 τῶν

460 4313 570 4368 Vos
599 4314 854 4368 nimirum
894 4315 988 4385 qui
1018 4317 1295 4372 attenditis
1323 4316 1422 4386 legi
1471 4325 1525 4372 et
1574 4318 1865 4387 prophetas
1896 4318 2020 4389 legi-

2139 4305 2352 4378 ἐχθρῶν
2382 4321 2518 4367 σου,
2554 4302 2660 4357 τοῦ
2697 4301 3029 4355 καταλῦσαι
3068 4299 3295 4368 ἐχθρὸν
3328 4299 3433 4353 καὶ
3484 4295 3711 4359 ἐκδικη-

457 4407 549 4470 tis,
581 4422 774 4476 meque
803 4408 894 4477 qui
922 4408 979 4461 in
1003 4408 1117 4478 lege
1142 4416 1196 4463 et
1234 4410 1511 4479 prophetis
1545 4409 1806 4478 praedicor
1842 4388 2021 4471 ’κάε-

2137 4400 2273 4467 τήν;
2326 4397 2531 4460 Οἴτινές
2578 4397 2700 4448 ἐστε
2744 4395 2920 4463 ὑμεῖς,
2974 4393 3023 4445 οἱ
3067 4392 3217 4462 νόμῳ
3273 4388 3709 4462 προσανέχοντες

459 4498 783 4565 ρειτηιιιιιίιιὶ.
848 4498 1124 4555 Videmini
1181 4501 1399 4570 quidem
1448 4502 1665 4572 pietatis
1711 4504 1893 4573 specie
1922 4503 2017 4558 Dei

2140 4495 2222 4548 καὶ
2265 4493 2546 4563 προφήτας
2593 4485 3070 4556 ἀναγινώσκοντες,
3115 4484 3265 4554 κάμὲ
3321 4483 3422 4536 τὸν
3474 4484 3533 4534 ἐν
3571 4479 3712 4547 νόμῳ

458 4591 683 4654 gloriam
708 4592 919 4656 ulcisci,
954 4608 1063 4648 non
1096 4594 1455 4663 intelligenles
1487 4597 1612 4665 quia
1639 4597 1727 4666 qui
1750 4572 1835 4650 inte
1869 4612 2017 4664 sper-

2137 4586 2216 4641 ιαὶ
2272 4586 2575 4656 προφήταις
2629 4579 3029 4652 κηρυττόμενον
3078 4572 3442 4637 ἀθετοῦντες.
3500 4572 3709 4625 Δοκεῖτε

457 4681 556 4743 nit,
586 4689 635 4734 et
665 4678 879 4735 Patrem
911 4698 1080 4737 meum
1105 4659 1303 4752 spernit
1333 4685 1377 4716 ⁸⁵
1413 4703 1425 4738 :
1460 4659 1571 4755 Ερο
1610 4659 1744 4739 αξιῐυὶ
1773 4703 1805 4738 a
1838 4659 1939 4740 Deo
1968 4695 2018 4741 et

2142 4680 2221 4732 ιὲν
2241 4677 2349 4748 γὰρ
2369 4676 2426 4728 ἐν
2450 4675 2687 4744 σχήματι
2709 4669 2990 4732 εὐλαϐείας
3011 4666 3305 4721 διεκδικείν
3331 4667 3441 4736 τὴν
3464 4663 3562 4718 τοῦ
3584 4659 3714 4716 Θεοῦ

459 4772 572 4826 ιιεηὶ
595 4772 648 4825 in
678 4774 926 4826 mundum
952 4773 1031 4842 ⁹⁶;
1071 4789 1297 4844 meaque
1325 4777 1494 4843 gloria
1510 4778 1672 4831 etiam
1703 4777 1881 4833 Patris
1910 4777 2016 4833 mei

2146 4767 2295 4833 όξαν,
2331 4765 2404 4836 μὴ
2427 4763 2714 4826 συνιέντες,
2749 4756 2937 4833 ὅτιπερ
2970 4762 3003 4813 ό
3026 4756 3130 4826 ἐμὲ
3152 4755 3416 4821 ἀθετῶν,
3476 4753 3581 4808 καὶ
3613 4750 3718 4805 τὸν

458 4874 543 4918 est
593 4864 783 4934 gloria.
827 4863 917 4919 Sic
949 4872 1130 4920 autem
1184 4866 1418 4920 convicti
1480 4869 1631 4923 stulti
1674 4885 1703 4922 a
1737 4868 2017 4925 Salvatore

2143 4858 2350 4928 Ἱατέρα
2365 4876 2483 4927 μου
2504 4854 2720 4910 ἀθετεῖ·
2761 4851 2901 4922 Ἐγὼ
2921 4850 3076 4919 παρὰ
3101 4848 3208 4902 τοῦ
3231 4848 3396 4902 θεοῦ
3428 4844 3715 4914 ἐξῆλθον,

459 4963 645 5009 nostro
677 4954 783 5011 Deo
811 4956 1087 5012 desierunt
1114 4956 1332 5026 quidem
1357 4959 1751 5025 contradicere,
1787 4960 2014 5015 veritate

2144 4953 2215 5005 ταὶ
2247 4949 2517 5016 ἐλήλυθα
2549 4950 2637 5013 εὶς
2660 4946 2766 4999 τὸν
2790 4946 3019 5014 κόσμον
3038 4956 3053 4975 ⁸
3086 4940 3181 4994 καὶ
3213 4942 3248 5011 ὴ
3280 4940 3404 5011 ἐμὴ
3436 4939 3592 5005 δόξα,
3626 4935 3716 4990 καὶ

458 5058 554 5096 ora
617 5047 934 5102 obstruente
984 5063 999 5101 :
1054 5047 1159 5100 alia
1227 5062 1352 5103 vero
1397 5048 1632 5103 dementi
1689 5051 2015 5119 cogitatione

2154 5045 2213 5098 οῦ
2244 5042 2457 5114 Πατρός
2502 5057 2606 5113 μου
2644 5039 2790 5093 ἐστὶν
2815 5038 2957 5105 δόξα.
3009 5034 3402 5105 Ἐλεγχθέντες
3438 5034 3500 5088 δὲ
3548 5029 3724 5091 οὕτως

457 5135 649 5199 ascita,
680 5139 964 5193 consilium
995 5140 1233 5194 inierunt
1264 5147 1452 5194 contra
1485 5141 1681 5211 ipsum.
1716 5141 1823 5197 Nos
1852 5156 2016 5213 porro

2148 5141 2170 5191 ιὶ
2204 5138 2418 5208 ἀνόητοι
2466 5138 2571 5191 ὑπὸ
2609 5138 2701 5191 τοῦ
2730 5137 2978 5206 Σωτῆρος
3004 5131 3160 5204 ἡμῶν
3190 5129 3362 5194 Θεοῦ,
3401 5124 3720 5181 ἐπαύσαντο

447 5232 748 5303 ρετιηθηιιιε
777 5249 790 5284 :
823 5232 1046 5302 Magnus
1072 5233 1330 5288 Dominus
1358 5247 1406 5288 et
1435 5254 1627 5307 magna
1668 5240 1831 5294 virtus
1858 5242 2011 5311 ejus;

2149 5230 2227 5285 ιὲν
2272 5231 2369 5301 τῆς
2396 5230 2720 5300 ἀντιλογίας,
2759 5226 3093 5300 φιμωθέντες
3118 5226 3184 5295 τῇ
3215 5221 3497 5295 ἀληθείᾳ·
3531 5219 3721 5288 ἕτερον

527 5345 573 5378 ⁸⁸
605 5344 752 5399 Psal.
786 5362 971 5410 xxxtv,
1002 5348 1091 5402 10.
1165 5349 1212 5380 ⁸⁵
1239 5347 1365 5404 Luc.
1390 5365 1445 5410 ι,
1476 5349 1562 5404 54.
1638 5349 1683 5381 ⁸⁸
1708 5346 1820 5402 Isa.
1844 5364 2001 5412 LXIII,
2035 5350 2088 5406 9.

2165 5351 2209 5382 ⁸⁷
2244 5349 2439 5404 Matth.
2477 5364 2591 5414 nt,
2618 5349 2801 5403 14-16.
2907 5350 2954 5382 ⁸⁸
2981 5348 3093 5405 Isa.
3127 5366 3258 5412 XLII.
3298 5350 3359 5407 8.
3449 5350 3500 5385 ⁸⁸
3550 5347 3717 5403 locu.

458 5416 635 5486 ξιδδ·
713 5416 780 5486 ⁸⁸³,
812 5416 927 5471 Joel
965 5434 1024 5482 ιι,
1071 5420 1154 5472 15.
1250 5420 1295 5451 ⁰¹
1361 5420 1482 5479 Jac.
1538 5419 1690 5486 t,i9.
1764 5419 1809 5450 "
1842 5418 1953 5472 Isa.
1983 5436 2030 5474 LI

2152 5463 2164 5476 .
2239 5421 2285 5453 ’³
2314 5419 2467 5475 Psal.
2495 5435 2612 5483 vnI,
2640 5419 2694 5474 5.
2769 5420 2815 5452 “
2832 5420 2991 5475 Joan.
3034 5436 3088 5486 ν,
3114 5421 3201 5476 59.
3314 5423 3365 5454 ’³
3400 5420 3581 5479 Joan.
3614 5434 3719 5481 xv,

459 5485 551 5538 9.5.
650 5486 698 5518 "
751 5484 910 5541 Joun.
946 5503 1057 5549 xw,
1092 5488 1183 5542 28.

534 5597 834 5683 βλΜύσος
851 5597 1173 5683 κᾳιᾶλτρς.
1202 5601 1485 5683 ,ροηςνιιοι
1513 5604 1566 5657 in
1597 5600 1803 5683 cultum
1817 5601 2097 5683 idolorum
2117 5625 2130 5677 ;
2153 5623 2280 5664 vere
2298 5614 2441 5665 enim
2464 5617 2754 5681 utrumque
2780 5608 2943 5666 habet
2976 5624 2990 5664 :
3021 5624 3194 5680 eoque
3220 5608 3585 5666 immensum
3622 5606 3725 5664 hoc

462 5671 734 5739 IIeliciuIII,
756 5671 900 5742 quod
921 5672 1172 5727 Christus
1202 5673 1291 5728 illo
1322 5671 1581 5728 mundum
1603 5674 1853 5729 absolvit.
