3980 6318
505 317 611 375 399

1491 310 1551 367 S.
1593 308 1926 365 METIIODII
1962 307 2270 363 EPISCOPI
2308 307 2395 362 ET
2434 305 2793 364 MARTYRIS
3594 311 3680 367 ιω

510 436 799 488 alienatum
830 430 1081 502 perdidit,
1113 444 1208 501 per
1236 428 1378 484 idem
1415 428 1670 483 ineffabili
1710 436 1827 483 arte
1861 428 2075 496 sapit-n-

2182 444 2263 491 τος
2293 427 2352 480 τὸ
2375 427 2585 495 λογικὸν
2618 426 2770 495 γένος
2797 425 2890 497 τῆς
2916 421 3007 477 τοῦ
3036 421 3181 486 ὄντος
3203 423 3686 496 ἀπαλλοτριιίκταντις

507 524 596 577 tite
619 520 800 578 Verbo
823 529 1101 591 suscepto,
1137 520 1387 575 exitiales
1409 520 1595 575 hostes
1628 535 1749 575 esse
1782 534 2067 590 argueren-

510 621 618 677 tur,
652 628 762 667 non
797 612 1174 667 benefactores
1204 611 1532 666 animarum.

577 796 697 852 Non
729 795 874 852 enim
906 794 1106 849 mirum
1141 792 1356 855 fuisset,
1393 792 1675 846 Christum
1710 790 1929 846 deitatis
1960 796 2075 843 ter-

508 905 653 951 rore,
676 895 731 945 et
765 887 982 942 invictae
1011 885 1267 957 potentiae
1318 883 1692 955 magnitudine
1736 881 2076 937 adversarias

509 980 795 1037 debilitare
831 989 1057 1048 natnras
1091 978 1421 1033 daemonum.
1452 974 1723 1042 Quoniam
1744 989 1872 1044 ergo
1897 988 1960 1027 ea
1987 986 2077 1026 res

515 1074 776 1143 majorem
822 1070 1065 1126 dolorem
1110 1077 1163 1125 et
1210 1062 1511 1124 cruciatum
1573 1066 1653 1121 eis
1707 1065 1936 1119 allatura
1961 1071 2078 1118 erat

513 1165 677 1233 (vinci
704 1166 847 1221 enim
884 1180 913 1218 a
946 1163 1327 1234 praestantiore
1362 1158 1730 1230 maluissent),
1760 1157 1966 1212 idcirco
1985 1171 2080 1226 per

513 1259 784 1313 hominem
823 1257 1051 1312 salutem
1084 1255 1464 1309 universorum
1497 1251 1808 1323 procuravit
1840 1269 1852 1303 :
1890 1255 1947 1303 ut
1977 1248 2077 1301 ho-

510 1350 686 1405 mines
714 1347 956 1418 quidem,
988 1345 1076 1400 ubi
1106 1343 1229 1399 Vita
1266 1344 1380 1414 ipsa
1403 1350 1455 1398 et
1476 1341 1691 1398 Veritas
1724 1338 2081 1410 corporaliter

511 1440 568 1495 in
610 1455 706 1496 eos
743 1439 1131 1508 immigrasset,
1185 1435 1254 1490 ad
1311 1434 1541 1489 formam
1593 1419 1881 1501 lumenque
1914 1428 2078 1484 Verbi

512 1545 795 1587 recurrere
846 1529 1120 1591 valerent,
1174 1526 1446 1597 superatis
1494 1522 1703 1594 peccati
1759 1519 2075 1576 illecebris:

515 1625 788 1679 dmmoues
835 1637 963 1677 vero
1012 1622 1079 1676 ab
1128 1618 1426 1674 infirmiore
1463 1622 1882 1685 contemptoque
1923 1611 2075 1675 victi,

512 1718 835 1773 desisterent
881 1714 948 1768 ab
997 1712 1224 1768 audacia
1277 1718 1331 1767 et
1376 1708 1732 1771 confidentia,
1762 1702 2081 1778 Typhonica

2179 520 2313 573 Θεοῦ
2364 519 2657 590 θρησκείας
2703 517 3057 587 ἐλυμήναντο,
3107 515 3193 569 διὰ
3236 515 3414 569 τούτου
3464 518 3688 589 ἀρρήτοις

2174 611 2389 681 τέχναις
2443 610 2632 679 σοφίας
2687 606 2780 661 τὸν
2837 608 2993 677 λόγον
3049 609 3383 679 χωρήσαντος
3406 647 3421 672 ,
3468 608 3691 680 ὁλετῆρες

2176 703 2522 774 ἐλεγχθῶσιν,
2551 702 2665 755 ἀλλ’
2695 702 2797 755 οὐκ
2828 700 3111 771 εὐεργέται
3144 698 3250 752 τῶν
3280 698 3476 768 ψυχῶν.

2248 798 2361 850 Οὐκ
2388 792 2453 867 ἦν
2501 795 2597 866 μὲν
2639 791 2732 846 οὖν
2762 793 2913 845 οὐδὲν
2945 791 3250 862 θαυμαστὸν
3280 789 3353 860 τῷ
3378 790 3596 862 Χριστῷ,
3616 791 3695 845 τοῦ

2177 889 2310 944 Θεοῦ
2334 885 2668 959 καταπλήξει
2690 885 2781 939 καὶ
2803 884 3083 955 δυνάμεως
3104 882 3364 953 ἀτρέπτου
3395 881 3594 952 μεγέθει
3613 880 3696 944 τὰς

2177 983 2553 1046 ἀντιστατικὰς
2590 980 2907 1052 ἀμυδρῶσαι
2926 978 3111 1048 φύσεις
3135 975 3242 1029 τῶν
3266 976 3536 1046 δαιμόνων.
3574 971 3695 1027 Ἀλλ’

2178 1077 2364 1149 ἐπειδὴ
2414 1074 2577 1148 αὖχος
2628 1074 2803 1129 αὐτῶν
2853 1073 2916 1144 δὴ
2963 1072 3057 1125 καὶ
3110 1066 3437 1140 σφαδαῖσμὺν
3465 1067 3532 1139 (4)
3563 1066 3700 1120 τοῦτο

2181 1172 2514 1242 προσέφερεν
2558 1167 2862 1238 (νικηθῆναι
2892 1164 3000 1236 γὰρ
3032 1163 3136 1216 ὑπὸ
3158 1162 3250 1216 τοῦ
3277 1164 3561 1233 κρείττονος
3585 1161 3695 1232 μᾶλα

2178 1266 2269 1318 λον
2297 1263 2363 1318 ἂν
2388 1261 2647 1325 satoon
2684 1260 2769 1315 διὰ
2794 1254 2948 1313 τοῦτο
2979 1258 3043 1310 δι’
3072 1254 3353 1328 ἀνθρώπου
3379 1254 3470 1326 τὴν
3500 1254 3584 1306 ἐπὶ
3612 1270 3697 1306 σω-

2179 1352 2372 1423 τηρίαν
2402 1350 2617 1404 πάντων
2648 1348 3033 1419 ᾠκονομήσατο
3067 1344 3287 1399 ἔκϐασιν
3308 1361 3323 1375 '
3349 1345 3489 1407 ὅπως
3524 1344 3569 1395 oi
3597 1342 3701 1413 μὲν,

2180 1444 2278 1515 τῆς
2295 1443 2448 1514 Ζωῆς
2473 1442 2654 1504 αὐτοῖς
2677 1440 2846 1510 αὐτῆς
2875 1431 3429 1509 σωματικῶς,τῆςκαὶ
3452 1432 3701 1505 ⁹Αληθείας

2182 1535 2546 1606 ὲνσκηψάσης,
2572 1534 2621 1585 οί
2644 1532 2917 1603 ἄνθρωποι
2944 1529 3081 1603 πρὸς
3109 1529 3382 1602 μόρφωσιν
3407 1525 3704 1597 ἀναδραμεῖν

2180 1628 2275 1682 καὶ
2302 1628 2394 1680 τὸν
2421 1625 2697 1696 φωτισμὸν
2714 1623 3004 1693 ἐπίσχωσιν
3026 1621 3120 1675 τοῦ
3144 1621 3339 1688 Λόγου,
3361 1617 3427 1671 τὰ
3448 1617 3540 1688 τῆς
3559 1618 3705 1687 ἀμαρ-

2180 1718 2301 1782 τίας
2334 1714 2666 1787 ὐπερῦἀντες
2712 1712 3013 1784 θέλγητρα·
3045 1712 3093 1764 οί
3136 1710 3195 1764 δὲ
3224 1709 3359 1780 πρὸς
3395 1706 3481 1762 τοῦ
3517 1705 3706 1759 ἀσθενε·

514 1810 754 1879 ipsorum
778 1807 994 1862 flamma
1015 1819 1285 1876 repressa.
1318 1800 1442 1857 Ideo
1473 1815 1709 1871 namque
1740 1798 1973 1852 maxime
1995 1794 2077 1848 in-

2182 1809 2370 1880 στέρου
2397 1804 2709 1875 νικηθέντες
2733 1804 2828 1857 καὶ
2853 1799 3390 1873 καταπεφρονημένοι
3410 1799 3457 1850 οί
3483 1796 3706 1865 δαίμονες

513 1901 767 1955 troducta
811 1906 895 1954 est
927 1912 1087 1963 crux,
1120 1906 1377 1965 tanquam
1425 1903 1685 1963 trapzeum
1733 1899 1924 1945 contra
1976 1885 2080 1940 ini-

512 1997 776 2069 quitatem
810 2003 1073 2059 erectum,
1118 1998 1171 2045 et
1204 1986 1732 2047 terriculamentum,
1777 1988 1838 2035 ut
1881 1978 2082 2034 abhinc

512 2089 607 2143 irae
634 2086 904 2142 obnoxius
932 2100 1000 2139 ne
1038 2089 1187 2138 esset
1228 2080 1412 2143 homo,
1446 2083 1734 2147 postquam
1775 2070 1984 2125 cladem
2014 2084 2078 2123 ex

516 2178 879 2235 inobedientia
925 2182 1203 2244 acceptam
1255 2172 1684 2240 compensasset,
1732 2161 2081 2229 infernasque

516 2279 813 2343 potestates
859 2267 1098 2338 legitime
1155 2263 1418 2329 vicisset,
1481 2274 1544 2314 ac
1591 2257 1685 2312 Dei
1737 2269 1961 2310 munere
2012 2252 2082 2307 ab

516 2364 665 2418 omni
703 2363 888 2418 debito
919 2359 1115 2414 fuisset
1149 2357 1435 2411 liberatus.
1472 2350 1549 2405 Ita
1573 2349 1841 2421 siquidem
1873 2347 2079 2417 primo-

516 2457 756 2527 genitum
787 2452 883 2507 Dei
916 2449 1155 2505 Verbum
1188 2446 1385 2501 muniit
1415 2444 1581 2498 armis
1633 2440 1862 2512 iustitia!
1905 2438 2084 2491 homi—

519 2560 663 2610 nem,
698 2542 754 2596 in
805 2556 916 2612 quo
970 2537 1275 2602 habitavit;
1311 2533 1672 2606 potestatibus
1720 2546 1841 2601 quae
1894 2544 1995 2583 nos
2025 2529 2081 2582 in

518 2636 834 2692 servitutem
864 2631 1208 2702 redegerant,
1250 2643 1347 2698 per
1380 2626 1562 2681 crucis
1604 2625 1854 2695 figuram,
1896 2622 1974 2675 uti
1999 2620 2085 2673 di-

518 2735 666 2781 ctum
692 2731 796 2787 est,
824 2720 1100 2791 superatis
1125 2737 1141 2784 ;
1176 2717 1563 2786 hominemque
1591 2714 1964 2784 corruptione,
1983 2725 2082 2764 ceu

518 2814 805 2890 tyrannide
822 2814 1055 2886 quadam
1085 2822 1428 2881 oppressum,
1446 2807 1640 2863 solutis
1669 2806 1921 2861 manibus
1948 2803 2086 2858 libe-

519 2906 679 2963 ravit.

589 3093 685 3148 Est
725 3090 871 3148 enim
925 3103 1082 3152 crux,
1122 3086 1169 3141 si
1212 3097 1332 3139 eam
1377 3080 1604 3137 definire
1644 3078 1800 3140 velis,
1845 3076 2088 3131 victoriae

2179 1900 2378 1973 λήξωσι
2408 1894 2502 1952 τοῦ
2534 1897 2789 1969 θράσους,
2819 1895 2919 1965 τῆς
2955 1894 3095 1948 κατὰ
3124 1893 3217 1947 τὸν
3245 1891 3471 1960 Τυφῶνα
3496 1887 3708 1948 δεθέντες

2180 1992 2505 2064 φλεγμονῆς.
2552 1990 2650 2043 Διά
2694 1987 2850 2042 τοῦτο
2898 1987 3006 2059 γὰρ
3043 1985 3279 2057 μάλιστα
3320 1980 3538 2054 εἰσήχθη
3566 1979 3649 2033 καὶ
3683 1979 3710 2031 ό

2181 2083 2432 2155 σταυρὸς,
2475 2082 2731 2153 τρόπαιον
2774 2079 2917 2134 κατά
2942 2079 3041 2149 τῆς
3083 2077 3295 2139 ἀδικίας
3323 2075 3415 2129 καὶ
3450 2072 3709 2142 ἕκπληγμε

2179 2172 2372 2235 τεθεὶς,
2412 2171 2551 2225 ὥστε
2599 2170 2792 2242 μηκέτι
2819 2172 2885 2241 τῇ
2917 2170 3052 2239 ὀργῇ
3082 2165 3378 2219 ὑπεύθυνον
3417 2159 3546 2216 εἶναι
3569 2163 3710 2215 datav-

2179 2265 2366 2322 τεῦθεν
2410 2264 2502 2317 τὸν
2545 2264 2847 2334 ἄνθρωπον,
2894 2260 3335 2315 ἀναπαλαίσαντα
3384 2257 3477 2328 μὲν
3501 2255 3555 2308 τὺ
3591 2251 3711 2307 κατὰ

2180 2360 2279 2431 τήν
2312 2356 2591 2430 παρακοήν
2614 2357 2855 2427 ἥττημα,
2880 2354 3176 2425 νικήσαντα
3205 2353 3261 2405 δὲ
3288 2351 3385 2415 τὰς
3411 2351 3551 2404 κάτω
3578 2346 3712 2410 δυνά,-

2186 2468 2305 2521 μεις
2333 2450 2590 2521 ἐννόμως,
2624 2450 2717 2504 καὶ
2744 2446 3025 2519 ἐλεύθερον
3070 2445 3383 2517 ὀφλήματος
3412 2441 3599 2505 παντὸς
3624 2439 3712 2492 δω-

2185 2545 2336 2613 ρεαῖς
2364 2541 2741 2612 ἀναδειχθέντα
2773 2540 2927 2595 Θεοῦ.
2968 2538 3186 2610 Ἐπειδὴ
3221 2537 3363 2591 οὕτω
3392 2553 3454 2605 γε
3480 2536 3507 2588 ό
3533 2529 3714 2604 πρωτό-

2182 2650 2337 2702 γονος
2358 2634 2526 2702 Λόγος
2557 2633 2650 2687 τοῦ
2680 2632 2812 2687 Θεοῦ
2837 2633 3181 2703 δικαιοσύνης
3207 2630 3415 2703 φράξας
3434 2628 3521 2681 τὸν
3541 2624 3716 2696 ἀνθριιν⁴

2184 2742 2285 2778 πον
2315 2725 2518 2788 ὅπλοις,
2550 2727 2606 2778 ὲν
2639 2719 2683 2793 ᾧ
2707 2726 3002 2797 ἐσκήνωσε,
3032 2724 3133 2786 τὰς
3164 2719 3567 2791 δουλωσαμένας
3591 2715 3715 2785 ἡμᾶς

2182 2817 2438 2889 δυνάμεις
2468 2816 2875 2888 κατηγωνίσατο
2908 2815 2994 2869 διὰ
3015 2815 3109 2868 τοῦ
3142 2810 3528 2885 σταυροειδοῦς,
3554 2808 3621 2870 ὡς
3649 2803 3717 2857 εἴ·

2188 2927 2367 2981 ρηται.
2418 2911 2721 2980 σχήματος,
2773 2908 2864 2962 τὸν
2902 2911 2983 2979 τῇ
3038 2906 3215 2979 φθορᾷ
3267 2898 3720 2970 δεδυναστευμένον

2187 3002 2467 3074 ἄνθρωπον
2499 3002 2674 3065 δείξας
2711 3000 2988 3073 ἐλεύθερον
3022 3001 3208 3071 χερσὶν
3241 2997 3598 3071 ήπλωμέναις.

2262 3095 2415 3147 Ἔστι
2439 3092 2547 3165 γὰρ
2570 3094 2747 3157 τοῦτο,
2780 3096 2828 3147 εί
2856 3091 2962 3165 χρὴ
2990 3090 3285 3164 ὁριστικῶς
3310 3091 3499 3151 εἰπεῖν,
3529 3085 3586 3138 τὸ
3611 3082 3721 3154 σχῆ-

522 3186 943 3245 firmamentum,
968 3180 1056 3235 via
1086 3193 1191 3248 qua
1216 3176 1357 3232 Dcus
1377 3177 1446 3228 ad
1479 3172 1753 3227 hominem
1783 3168 2082 3234 descendit,

2192 3203 2268 3256 μα
2308 3159 2463 3257 νίκης
2495 3159 2816 3257 κραταίωμα
2835 3159 3033 3249 ,ΠΘε-οὖ-
3052 3183 3285 3246 κάθοδος
3320 3182 3408 3235 ἐπ’
3442 3178 3720 3250 ἄνθρωπον.

522 3288 785 3348 tropaeum
816 3272 1083 3327 adversus
1112 3269 1357 3337 impuros
1380 3264 1628 3336 spiritus,
1661 3260 1912 3330 depulsio
1939 3274 2086 3312 mor-

521 3371 614 3434 tis,
677 3366 1089 3421 fundamentum
1148 3371 1409 3416 ascensus
1467 3353 1535 3409 ad
1582 3367 1769 3408 verum
1815 3351 1980 3414 diem,
2036 3357 2089 3403 et

524 3460 671 3515 scala
709 3454 1086 3512 festinantium
1124 3450 1228 3504 frui
1266 3450 1386 3503 luce
1418 3446 1511 3501 illa
1561 3459 1682 3515 qua:
1731 3442 1894 3498 isthic
1935 3448 2018 3497 est
2072 3460 2084 3493 :

524 3550 779 3607 machina
812 3563 909 3618 per
935 3560 1096 3617 quam
1147 3543 1184 3596 ii
1236 3542 1328 3612 qui
1377 3539 1445 3594 ad
1497 3537 1753 3593 Ecclesia:
1798 3534 2087 3590 aedificium

525 3642 764 3714 adaptati
794 3638 1175 3708 suntninferne
1204 3634 1398 3706 lapidis
1426 3632 1675 3703 quadrati
1700 3632 1892 3693 instar,
1920 3635 2089 3681 attra-

530 3738 729 3791 huntur
755 3746 994 3793 sursum,
1047 3727 1339 3797 adoptandi
1381 3723 1565 3778 divino
1597 3721 1797 3777 Verbo.
1837 3718 1975 3774 Hinc
2005 3735 2091 3773 re-

524 3842 620 3899 ges
662 3823 837 3879 nostri
872 3821 940 3875 ad
971 3818 1346 3889 dissipandum
1396 3830 1557 3870 omne
1607 3813 1809 3867 malum
1860 3811 2089 3881 figuram

527 3919 711 3976 crucis
750 3913 1133 3971 assumendam
1169 3916 1523 3974 censuerunt,
1572 3916 1625 3962 et
1651 3902 1860 3968 vexilla,
1899 3915 1957 3957 ut
1983 3901 2089 3955 La-

528 4015 646 4069 tino
675 4024 925 4068 sermone
956 4006 1318 4077 appellantur,
1353 4000 1726 4055 confecerunt.
1763 3994 1920 4052 Unde
1942 4010 2091 4049 mare

529 4105 659 4161 huic
685 4102 873 4172 figura:
899 4099 1120 4161 cedens,
1156 4095 1463 4166 navigabile
1507 4109 1565 4149 se
1598 4090 1912 4172 hominibus
1947 4104 2084 4159 prae-

528 4199 639 4254 bet.
675 4165 939 4251 Universa
973 4191 1140 4253 enim,
1176 4198 1236 4243 ut
1287 4165 1364 4241 ita
1403 4186 1603 4249 dicam,
1644 4165 1893 4238 creatura
1927 4181 2091 4234 liber-

528 4292 660 4347 tatis
685 4304 853 4346 causa
880 4286 986 4342 hoc
1015 4284 1174 4355 signo
1209 4280 1466 4351 insignita
1514 4287 1618 4333 est.
1652 4275 1784 4329 Nam
1812 4281 1866 4329 et
1895 4271 2093 4327 volati-

2186 3277 2441 3345 τρόπαιον
2488 3275 2627 3329 κατά
2667 3275 2772 3329 τῶν
2805 3274 3003 3328 ὑλικῶν
3047 3274 3414 3344 πνευμάτων,
3465 3264 3725 3334 ἀπαλλαγὴ

2189 3366 2438 3433 θανάτου,
2467 3366 2719 3430 ὑπόθεσις
2743 3366 2928 3420 ἀνόδου
2952 3367 3086 3436 πρὸς
3116 3364 3382 3436 ἀληθινὴν
3406 3362 3625 3433 ἡμέραν,
3648 3352 3730 3409 καὶ

2186 3458 2447 3529 διαϐάθρα
2478 3457 2585 3512 τῶν
2618 3459 2981 3529 ἐπειγομένων
3024 3457 3336 3511 ἀπολαῦσαι
3367 3455 3459 3508 τοῦ
3496 3454 3604 3505 ἐκεῖ
3632 3466 3726 3518 φω-

2187 3550 2277 3616 τεὴ
2296 3570 2308 3582 ·
2350 3550 2562 3622 μηχανὴ
2591 3549 2656 3602 δι’
2684 3545 2751 3622 ἧς
2777 3552 2825 3602 οί
2853 3552 2932 3615 εἰς
2964 3550 3061 3620 τὴν
3094 3546 3384 3619 οἰκοδομὴν
3418 3540 3732 3598 εὐθετοῦντες

2188 3645 2286 3715 τῆς
2347 3641 2667 3713 Ἐκκλησίας
2715 3640 2955 3693 κάτωθεν
3008 3639 3154 3692 λίθου
3206 3637 3550 3710 τετραγώνου
3595 3630 3731 3700 δίκην

2190 3732 2499 3785 ἀνέλκονται
2546 3728 3068 3800 ὲναρμοσθησόμενοι
3107 3725 3185 3797 τῷ
3238 3726 3368 3798 θείῳ
3408 3725 3579 3793 Λόγῳ.
3628 3720 3733 3772 Ἐν-

2189 3823 2378 3877 τεῦθεν
2419 3825 2468 3876 οἱ
2499 3823 2623 3894 τῇδε
2664 3822 2921 3893 βασιλεῖς,
2966 3823 3146 3893 πάσης
3181 3821 3430 3893 πονηρᾶς
3464 3816 3619 3882 ἕξεως
3653 3808 3732 3865 ἰπὶ

2194 3914 2500 3986 σκεδασμῷ,
2536 3914 2596 3967 τὸ
2634 3913 2972 3985 σταυροειδὲς
3004 3910 3531 3985 παραλαμϐάνεσθαι
3571 3901 3734 3960 αἰσθό-

2195 4025 2342 4079 μενοι
2383 4008 2589 4080 σχῆμα,
2626 4006 2693 4061 τὰ
2726 4007 3032 4078 καλούμενα
3068 4009 3135 4078 τῇ
3177 4007 3461 4080 Ῥωμαϊκῇ
3499 4001 3737 4065 διαλέκτῳ

2140 4116 2177 4163 'j.
2191 4098 2460 4171 βήξιλλα
2484 4098 2911 4171 ἐμηχανήσαντο.
2930 4098 3363 4186 Ἔνθενεῐκτυσα
3391 4095 3563 4166 τούτῳ
3590 4094 3621 4164 ἡ
3652 4089 3737 4143 0d-

2190 4193 2362 4246 λασσα
2391 4192 2467 4263 τῷ
2502 4193 2759 4263 σχήματι,
2795 4189 3011 4261 πλωτὴν
3037 4180 3235 4260 ἑαυτὴν
3257 4189 3565 4262 ἀνθρώποις
3590 4180 3739 4252 παρέ·

2192 4303 2295 4355 χει.
2334 4284 2467 4354 Ὄλη
2494 4284 2621 4355 γὰρ,
2652 4284 2727 4347 ὡς
2757 4287 2948 4347 εἰπεῖν,
2970 4283 3141 4355 τούτῳ
3169 4285 3201 4354 ή
3235 4284 3416 4347 κτίσις
3445 4282 3578 4355 πρὸς
3607 4277 3741 4330 ἐλευ-

529 4383 603 4437 lia
629 4383 687 4437 in
709 4382 878 4436 altum
908 4375 1254 4435 subvolantia
1279 4371 1460 4427 crucis
1497 4370 1724 4437 figuram
1758 4366 2082 4437 expansione

2194 4376 2378 4446 θερίαν
2402 4375 2672 4430 ἐνδέδυται
2704 4375 2783 4445 τῷ
2808 4376 3045 4446 σημείῳο
3079 4374 3228 4427 τάοτε
3254 4375 3365 4445 γὰρ
3387 4374 3546 4443 ὄρνεα
3572 4368 3744 4437 ὑψιπει

530 4475 739 4526 alarum
767 4469 1128 4532 adumbrant;
1168 4465 1406 4533 itemque
1448 4460 1611 4515 homo
1634 4456 1889 4528 expansis
1917 4456 2082 4509 nzani-

2195 4466 2388 4521 τοῦντα
2420 4466 2479 4519 τὸ
2506 4466 2842 4537 σταυροειδὲς
2868 4466 3007 4519 κατά
3042 4465 3140 4534 τὴν
3167 4464 3392 4518 ἔκτασιν
3424 4464 3533 4516 τῶν
3560 4455 3744 4532 ’πτερὺ⁴

531 4564 634 4618 bus
665 4562 909 4616 eamdem
952 4516 1333 4628 repraisentat:
1374 4551 1529 4608 Unde
1557 4566 1621 4607 ea
1650 4516 1766 4620 ipsa
1797 4547 1964 4620 figura
1986 4563 2082 4617 qua

2196 4576 2305 4628 γων
2346 4560 2527 4630 σχῆμα
2568 4516 3113 4618 αἰνίσσονταιῖαθτός
3158 4516 3225 4608 τε
3256 4516 3633 4626 όᾶνθρωπος,
3659 4516 3743 4609 τὰς

534 4655 603 4707 ab
631 4651 842 4721 origine
875 4663 999 4704 eum
1030 4644 1350 4701 condiderat
1405 4648 1821 4710 ornaveratque,
1874 4636 2082 4693 confor-

2196 4656 2379 4724 χεῖρας
2431 4653 2689 4714 πετάσας,
2746 4650 2897 4703 οὐδὲν
2945 4648 3070 4702 ἄλλο
3114 4648 3379 4719 ὑπάρχων
3430 4645 3673 4718 φαίνεται
3715 4639 3746 4709 ἢ

535 4751 742 4799 niatum
798 4740 1064 4795 Dominus
1122 4737 1313 4793 deitati
1358 4734 1653 4805 c0pulavit,
1711 4740 1771 4785 ut
1830 4745 2082 4801 organum

2196 4745 2368 4798 τοῦτο.
2409 4744 2569 4798 Ὅθεν
2607 4743 2755 4813 αὐτῷ
2794 4742 2857 4813 δὴ
2887 4740 3079 4811 τούτῳ,
3113 4733 3266 4811 ᾧπερ
3312 4742 3379 4793 ὲκ
3423 4733 3749 4803 κατασκευῆς

534 4839 789 4907 deinceps
819 4843 964 4891 esset
996 4832 1106 4887 Deo
1152 4846 1391 4894 sacrum,
1439 4826 1617 4882 omnis
1665 4823 2018 4880 dissonantia:
2043 4831 2082 4876 el

2199 4837 2523 4908 κεκόσμητο,
2554 4837 3023 4908 ηηματισάμενος
3047 4834 3207 4887 αὐτὸν
3231 4835 3261 4886 ὁ
3294 4835 3522 4905 Κύριος,
3553 4830 3747 4897 θεότητι

536 4928 981 4985 inconcinnitatis
994 4940 1209 4995 expers.
1233 4922 1418 4993 Neque
1436 4920 1580 4975 enim
1601 4919 1783 4980 homo,
1808 4925 2082 4987 postquam

2200 4933 2478 5005 ἐκέρασεν,
2524 4932 2607 4985 ἵνα
2639 4932 2864 5003 ὃργανον
2952 4930 3135 4983 λοιπὸν
3157 4927 3252 4982 τοῦ
3282 4928 3422 4982 Θεοῦ
3455 4925 3619 5001 ἱερὸν,
3657 4919 3749 4972 πά-

538 5022 606 5076 ad
655 5020 750 5076 Dei
780 5022 985 5075 cultum
1015 4992 1341 5072 informatus
1367 5020 1471 5074 est,
1511 5018 1565 5065 et
1615 5008 1860 5063 veritatis
1912 5008 2082 5060 incor-

2202 4992 2308 5095 σηξ
2339 4992 2693 5095 ἀσυμφωνίας
2716 4992 2795 5075 ’τε
2838 4992 2930 5075 καί
2969 5018 3277 5092 ἀρρυθμίας
3321 4992 3747 5089 ἀπηλλαγμένον.

540 5122 757 5185 ruptum
808 5112 975 5168 veluti
1029 5118 1249 5165 cantum
1285 5106 1651 5168 concinnavit,
1700 5119 1765 5158 ac
1814 5117 1909 5172 per
1943 5102 2082 5155 illum

2202 5118 2336 5172 Οὐδὲ
2386 5115 2494 5187 γὰρ
2541 5114 2620 5167 ἔτι
2661 5113 2798 5185 μετά
2839 5113 2901 5166 τὸ
2946 5111 3280 5184 ἁρμοσθῆναι
3329 5110 3425 5163 τὸν
3486 5107 3755 5177 ἄνθρωπον

543 5203 763 5259 deitatis
794 5202 972 5257 factus
1001 5208 1085 5257 est
1113 5215 1306 5271 capax,
1341 5197 1485 5269 ligno
1515 5197 1642 5250 vitae
1675 5193 1862 5248 fidium
1893 5203 1945 5247 et
1974 5207 2082 5247 ner-

2199 5211 2334 5280 πρὸς
2366 5207 2688 5271 θεοσέϐειαν,
2714 5206 2887 5260 καὶτὸ
2910 5206 3008 5276 τῆς
3029 5203 3281 5275 ἀληθείας
3304 5202 3586 5273 ἀκήρατον
3613 5194 3755 5268 μέλος

541 5316 732 5356 mrum
761 5300 935 5356 instar
964 5299 1276 5368 applicitus,
1313 5295 1380 5350 ad
1411 5292 1812 5350 dissonantiam
1862 5296 1917 5344 et
1972 5301 2082 5343 cor-

2201 5304 2292 5371 ὲνη
2302 5300 2577 5372 ρμοκέναι,
2592 5298 2658 5351 δι’
2673 5292 2734 5351 οὗ
2748 5297 2844 5367 τὴν
2861 5296 3086 5368 θεότητα
3102 5293 3409 5366 κεχώρηκε,
3424 5293 3504 5364 τῷ
3521 5289 3657 5359 ξύλῳ
3668 5285 3759 5353 τῆς

542 5392 844 5462 ruptionem
874 5398 1054 5462 potest
1085 5389 1283 5445 redire.
2206 5392 2350 5463 ζωῆς
2380 5392 2629 5462 καθάπερ
2648 5390 2834 5463 χορδαί
2868 5407 2927 5442 τε
2953 5389 3048 5442 καὶ
3085 5387 3226 5441 τόνοι
3253 5374 3779 5458 προσήρμοσμὲνοςι’

2204 5486 2283 5549 είς
2303 5483 2680 5555 ἀσυμμετρίαν
2711 5482 2802 5535 καὶ
2824 5480 3027 5553 φθορὰν
3048 5480 3292 5551 χωρῆσαι
3311 5476 3580 5529 ἀδύνατον
3614 5469 3710 5542 (5).

617 5641 690 5708 (εί)
741 5642 1026 5709 Αὒχος....
1052 5638 1452 5709 σραδαῖσμόν.
1478 5636 1658 5707 Forte,
1695 5592 1912 5707 ἄχος...ί
1950 5651 2081 5706 σφα-

545 5714 567 5727 .
617 5641 707 5728 (σί),
741 5642 1026 5728 Αξχοςι...
1052 5638 1452 5709 σραδαῖσμόν.
1478 5636 1658 5707 Forte,
1695 5637 1912 5707 ἄχος....
1950 5651 2081 5706 σφα-

2261 5639 2337 5712 (5)
2355 5639 2697 5694 Ἀδύνατον.
2730 5638 2914 5707 Forte,
2955 5638 3018 5694 ἂν
3045 5638 3284 5693 δυνατόν.
3310 5636 3526 5692 an'rs.

539 5710 759 5777 δασμόν.
790 5713 991 5766 (iners.
