3980 6318
281 325 383 386 4⁵31

1406 317 1688 387 HOMlLIA
1721 331 1813 386 DE
1845 330 2074 390 CRUCE
2113 329 2368 385 DOMINI.

3381 331 3493 388 402·

1428 580 1580 648 Apud
1617 578 2224 649 Gretserum,ibid.,pag.
2256 578 2378 633 405.

280 691 388 749 Τυῦ
406 691 932 776 αὑτοῦμεθορίου,
958 693 1104 772 πρός
1126 693 1839 776 τορςνέπαισχυνομένους
1869 718 1915 774 Α

592 763 690 815 ἐπὶ
724 761 803 827 τῷ
835 763 1072 831 σταιιοῷ
1101 763 1207 817 τοῦ
1243 761 1516 832 Χριστοῦ.

341 876 564 930 Οἷονταί
599 895 744 940 τινες
785 877 879 930 καὶ
911 878 1003 931 τὸν
1035 877 1184 940 Θεὸν,
1221 879 1356 950 πρὸς
1400 879 1460 931 τὸ
1501 879 1599 950 τῆς
1636 879 1839 942 οἰκείας

272 967 566 1030 διαθέσεως
598 969 792 1040 μέτρον
823 968 1094 1034 ίσάζοντες
1119 970 1298 1033 αὑτὸν,
1326 969 1394 1022 τὰ
1413 969 1549 1022 αὐτὰ
1567 974 1677 1032 τοῖς
1706 969 1842 1039 φαύ-

273 1059 381 1123 λοις
412 1059 446 1130 ἢ
488 1062 777 1113 ὲπαινετέα
811 1060 842 1131 ἢ
881 1061 1088 1130 ψεκτέα
1123 1062 1400 1132 ἡγεῖσθαι,
1447 1061 1632 1133 ῶσπερ
1656 1063 1839 1114 κανόνι

272 1153 364 1205 καὶ
403 1152 590 1223 μέτρῳ
626 1153 904 1223 χρώμενον
928 1157 1047 1216 ταῖς
1079 1154 1256 1220 δόξαις
1279 1137 1712 1225 τῶνάνθρώπων
1732 1170 1744 1184 ·
1779 1156 1837 1207 οὐ

271 1243 667 1313 συννοήσαντες
689 1282 704 1306 ,
738 1243 826 1295 διὰ
858 1243 956 1314 τὴν
995 1240 1154 1297 οὖσαν
1191 1247 1248 1298 ἐν
1278 1247 1456 1308 αὐτοῖς
1488 1247 1723 1313 ἄγνοιαν,
1761 1247 1840 1299 ὅτι

272 1337 418 1387 πᾶσα
447 1335 714 1405 δήπουθεν
751 1338 784 1406 ἡ
824 1337 1000 1400 κτίσις
1030 1338 1213 1408 ἐνδεής
1241 1340 1355 1390 ἐστι
1380 1338 1472 1390 τοῦ
1497 1338 1724 1402 κάλλους
1748 1339 1839 1392 τοῦ

271 1424 429 1478 Θεοῦ.
477 1425 650 1488 Αὐτὸς
680 1425 786 1496 γὰρ
831 1425 890 1490 ἐξ
915 1427 1041 1495 ὅλης
1072 1429 1172 1497 τῆς
1205 1427 1383 1498 πάσης
1425 1428 1610 1492 οὐσίας
1644 1447 1701 1482 τε
1749 1430 1842 1482 καὶ

269 1516 488 1585 φύσεως
519 1517 598 1588 τῷ
631 1517 822 1570 ἑαυτοῦ
869 1519 937 1572 τὰ
985 1520 1163 1573 πάντα
1205 1525 1283 1584 είς
1324 1523 1382 1575 τὸ
1427 1520 1525 1593 ζῇν
1559 1523 1841 1592 ἐφέλκεται

265 1611 442 1679 Λόγῳ.
470 1611 598 1663 Εἴτε
620 1610 726 1682 γὰρ
749 1612 808 1664 τὸ
836 1611 1036 1680 ἀγαθὸν
1064 1611 1224 1674 θέλει,
1253 1614 1412 1678 αὐτὸς
1439 1613 1513 1667 ῶν
1536 1615 1595 1667 τὸ
1622 1616 1839 1683 ἀγαθὸν,

268 1702 324 1755 ἐν
342 1700 528 1771 ἑαυτῷ
550 1702 732 1772 μένει·
760 1702 869 1755 εἴτε
896 1704 957 1756 τὸ
983 1703 1144 1756 καλὸν
1170 1704 1400 1775 ὑπάρχει
1422 1707 1644 1774 ἐραστὸν
1674 1705 1838 1778 αὐτῷ,

271 1794 430 1857 αὐτὸς
463 1793 542 1846 ὣν
578 1795 638 1847 τὸ
675 1796 833 1864 μόνον
873 1795 1056 1860 καλὸν,
1094 1798 1172 1860 εἰς
1206 1797 1391 1850 ἑαυτὸν
1437 1797 1641 1868 βλέπει,
1673 1803 1729 1852 ἐν
1761 1801 1845 1853 οὑ-

269 1886 374 1939 δενὶ
395 1887 465 1939 τὰ
498 1887 638 1959 πρὸς
669 1889 776 1941 τῶν
804 1888 1102 1960 ἀνθρώπων
1129 1889 1515 1960 θαυμαζόμενα
1544 1891 1836 1962 τιθέμενος.

270 1978 572 2032 Κάλλιστον
613 1981 720 2051 γὰρ
770 1984 886 2044 ταῖς
924 1981 1202 2052 ἀληθείαις
1252 1983 1344 2034 καὶ
1386 1983 1666 2038 ἐπαινετὸν
1713 1987 1841 2057 κλη-

265 2070 382 2122 τέον
408 2071 592 2136 τοῦτο,
617 2073 752 2144 ὅπερ
788 2072 851 2126 ἂν
878 2074 1037 2136 αὐτὸς
1067 2075 1334 2146 ἡγήσηται
1363 2073 1492 2138 Θεὸς
1521 2076 1700 2136 καλὸν,
1736 2078 1837 2131 κᾶν
1873 2055 1910 2108 Β

272 2161 376 2214 ὑπὸ
419 2163 642 2217 πάντων
684 2163 1025 2236 ὲξουθενῆταί
1064 2182 1124 2218 τε
1177 2165 1270 2220 καὶ⁵
1321 2167 1675 2238 χλευάζηται,
1723 2169 1835 2222 ἀλλ’

270 2255 362 2323 οὐχ
393 2256 535 2324 ὅπερ
575 2257 626 2308 oi
668 2255 938 2328 ἄνθρωποι
967 2258 1296 2330 νομίζουσιν.
1341 2262 1520 2325 Ὅθεν,
1554 2263 1600 2314 εἰ
1632 2262 1722 2314 καὶ
1749 2261 1835 2314 διά

266 2345 454 2398 τούτου
498 2346 595 2399 τοῦ
639 2349 912 2422 σχήματος
947 2350 1052 2403 τῶν
1086 2351 1439 2423 θυμοφθόρων
1479 2351 1835 2424 ἐλευθερῶσαι

269 2438 364 2498 τὰς
389 2437 574 2507 ψυχάς
618 2438 804 2491 παθῶν
836 2441 1122 2513 ἐϐουλήθη,
1157 2445 1528 2514 καταισχύνων
1562 2443 1630 2496 τὰ
1658 2443 1834 2514 πλήθη

270 2526 374 2579 τῶν
405 2529 705 2600 δαιμόνων,
743 2533 1096 2604 ἀποδέχεσθαι
1134 2536 1319 2607 ἐχρῆν,
1354 2535 1486 2590 ἀλλὰ
1522 2536 1594 2607 μὴ
1632 2537 1835 2608 δυσφη-

277 2622 411 2686 μεῖν,
459 2620 867 2693 ὲλευθεροποιὸν
910 2625 1041 2678 αὐτὸ
1078 2629 1171 2680 καὶ
1215 2628 1464 2699 λυτήριον
1501 2627 1608 2682 τῶν
1647 2630 1709 2681 ἐκ
1736 2629 1834 2700 τῆς

275 2710 558 2778 παρακοῆς
619 2713 1160 2768 κατασκευασθέντων
1221 2717 1352 2787 ἡμῖν
1407 2718 1617 2789 δεσμῶν
1663 2719 1830 2772 δοθέν.

279 2799 483 2852 Ἐπαθε
515 2799 628 2872 γὰρ
661 2789 824 2871 σαρκὶ
848 2801 924 2872 τῷ
958 2804 1171 2875 σταυρῷ
1209 2809 1544 2876 προσπαγεὶς
1573 2810 1601 2861 ὁ
1643 2809 1832 2877 Λόγος,

278 2888 361 2942 ἵνα
385 2889 616 2962 ἁπλώσῃ
655 2893 1161 2965 ὰπονεναρκημένον
1197 2897 1368 2970 πλάνῃ
1415 2899 1505 2951 τὸν
1555 2901 1834 2974 ἄνθρωπον

278 2980 404 3050 πρὸς
430 2981 492 3033 τὺ
519 2982 634 3035 ἄνω
656 2999 715 3034 τε
741 2984 833 3037 καὶ
862 2982 1001 3037 θεῖον
1035 2985 1278 3056 μέγεθος,
1309 2987 1385 3058 τῷ
1413 2988 1538 3058 θείῳ
1575 2989 1835 3056 ἐξισώσας

278 3071 375 3139 τῆς
400 3071 540 3142 ζωῆς
566 3074 730 3127 αὐτὸν
751 3071 809 3130 οὗ
835 3065 1066 3148 πρόσθεν
1097 3078 1394 3149 ἀπήλαστο.
1424 3081 1542 3132 Ὂτι
1569 3081 1741 3151 τούτῳ
1767 3083 1835 3135 τὰ

282 3161 420 3234 πάοη
456 3165 538 3234 τῷ
569 3168 807 3236 σχήματι
838 3169 1162 3239 ἦμϐλυνταιο
1206 3170 1374 3233 πάθος
1403 3171 1588 3224 παθῶν
1625 3172 1710 3224 διὰ
1741 3172 1833 3226 τοῦ

275 3258 459 3308 παθεῖν
484 3258 796 3327 γενόμενος,
827 3261 920 3312 καὶ
951 3260 1177 3325 θάνατος
1216 3262 1302 3315 διὰ
1325 3263 1417 3315 τοῦ
1451 3263 1628 3318 θανεῖν
1669 3265 1832 3318 θανά-

269 3363 390 3400 του·
418 3348 481 3401 οὐ
525 3350 810 3420 χειρωθεὶς
856 3352 958 3405 ὑπὸ
987 3353 1234 3416 θανάτου,
1267 3357 1386 3409 οὐδὲ
1423 3357 1702 3424 ἀλγυνθεὶς
1731 3359 1833 3412 ὑπὸ

270 3438 494 3502 πάθους.
541 3439 677 3493 υΰτε
703 3441 809 3514 γὰρ
836 3444 1004 3508 πάθος
1027 3445 1159 3509 ὅλως
1183 3447 1342 3500 αὐτὸν
1372 3447 1676 3518 ἐξέστησεν,
1707 3449 1827 3503 οὔτε

269 3528 495 3595 θάνατος
537 3532 869 3604 ἐλυμήνατο·
907 3535 1018 3588 ἀλλ’
1063 3531 1130 3606 ἦν
1164 3538 1220 3590 ὲν
1263 3537 1342 3608 τῷ
1383 3538 1608 3608 παθητῷ
1656 3541 1828 3611 μένων

267 3625 506 3696 ἀπαθὴς,
541 3627 636 3679 καὶ
676 3629 734 3679 ὲν
765 3627 842 3698 τῷ
874 3627 1050 3699 θνητῷ
1095 3629 1387 3694 ἀθάνατος·
1425 3633 1530 3685 πᾶν
1561 3633 1683 3685 ὅσον
1725 3634 1830 3704 ἀὴρ

270 3719 361 3770 καὶ
394 3719 560 3788 μέσον
589 3721 686 3772 καὶ
720 3721 829 3773 ἄνω
872 3719 1227 3792 κατειληφὼς,
1263 3724 1355 3776 καὶ
1384 3723 1443 3776 τὸ
1475 3723 1664 3795 θνητὸν
1711 3725 1828 3779 θεό-

267 3826 388 3879 τητι
421 3811 666 3881 κεράσας
699 3811 967 3882 ἀθανάτῳ.
1022 3814 1255 3886 Ἠττήθη
1291 3833 1349 3867 τε
1380 3816 1578 3880 τελέως
1608 3817 1636 3868 ὁ
1666 3817 1828 3870 θάναο

264 3915 355 3962 τος
384 3902 464 3963 εἰς
497 3901 806 3972 ἀφθαρσίας
847 3904 1143 3976 ὲκτύπωμα
1183 3906 1688 3978 ἀνασταυρωθείσης
1729 3907 1830 3978 τῆς

265 3991 489 4062 σαρκός.

2060 690 2308 760 Ejusdem
2330 689 2710 760 Methodiitad
2751 706 2835 743 eos
2867 705 2991 758 quos
3015 687 3169 757 pudet
3195 689 3365 744 crucis

2597 759 2817 814 Christi.

2011 873 2335 928 Existimant
2372 874 2617 928 nonnulli
2664 875 2824 928 etiam
2870 871 3056 940 Deum,
3093 889 3251 944 quem
3282 890 3346 929 ex
3395 890 3495 930 suo

1942 983 2105 1022 sensu
2141 969 2455 1031 metiuntur,
2492 965 2680 1020 eadem
2724 965 2807 1020 vel
2843 966 3112 1019 laudanda
3155 966 3235 1020 vel
3286 968 3494 1037 vitupe—

1941 1057 2109 1111 randa
2139 1057 2335 1112 ducere
2361 1073 2478 1127 qua:
2503 1057 2629 1110 mali
2661 1057 2946 1126 ignavique
2979 1056 3244 1121 homines,
3278 1073 3384 1111 non
3410 1074 3497 1112 se-

1941 1167 2039 1206 cus
2073 1167 2138 1207 ac
2187 1151 2232 1205 si
2281 1150 2628 1220 opinionibus
2686 1149 2982 1214 hominum,
3040 1163 3139 1202 ceu
3204 1150 3387 1218 regula
3441 1157 3494 1202 et

1942 1261 2194 1301 mensura
2226 1245 2480 1313 quadam,
2530 1247 2794 1296 uteretur.
2830 1240 3012 1311 Neque
3060 1241 3200 1310 apud
3245 1257 3301 1295 se
3334 1257 3492 1311 repu-

1941 1344 2059 1390 tant
2089 1352 2197 1406 pra:
2220 1333 2547 1404 ignorantia,
2583 1347 2796 1385 onmem
2830 1331 3039 1386 scilicet
3068 1342 3371 1386 creaturam
3399 1331 3494 1389 Dei

1941 1444 2098 1499 egere
2132 1425 2556 1498 pulchritudine.
2588 1423 2707 1493 Ipse
2749 1423 2890 1477 enim
2921 1424 3102 1477 omnia
3146 1439 3209 1477 ex
3242 1425 3493 1479 universa

1943 1519 2249 1578 substantia
2281 1527 2605 1588 naturaque,
2642 1532 2743 1570 suo
2783 1515 2848 1569 ad
2876 1515 3041 1570 vitam
3077 1516 3243 1569 trahit
3296 1515 3490 1573 Verbo.

1945 1614 2068 1669 Sive
2095 1614 2237 1667 enim
2266 1613 2464 1666 bonum
2497 1612 2646 1676 velit,
2674 1611 2847 1679 ipsum
2879 1609 3080 1664 bonum
3116 1609 3229 1678 ipse
3258 1618 3341 1665 est
3370 1619 3422 1665 et
3442 1611 3495 1665 iu

1943 1723 2002 1762 se
2035 1713 2248 1772 manet;
2308 1706 2421 1760 sive
2463 1705 2748 1774 pulchrum
2799 1719 2919 1758 esse
2947 1705 2993 1757 ei
3031 1703 3212 1768 libeat,
3272 1704 3489 1757 unicum

1944 1799 2226 1869 pulchrum
2262 1798 2376 1867 ipse
2427 1812 2549 1850 cum
2598 1796 2687 1861 sit,
2719 1810 2777 1850 se
2811 1795 2984 1865 ipsum
3023 1797 3284 1860 intuetur,
3338 1797 3492 1850 nihili

1945 1889 2149 1943 iaciens
2172 1905 2291 1959 quae
2318 1887 2628 1942 hominibus
2660 1887 3070 1940 admirationem
3111 1895 3343 1942 movent.
3363 1887 3493 1942 Pul-

1943 1980 2270 2035 cherrimum
2303 1994 2536 2048 namque
2565 1993 2625 2032 re
2656 1991 2778 2030 vera
2807 1985 2860 2031 et
2910 1977 3177 2044 laudabile
3206 1978 3491 2032 dicendum

1939 2081 2020 2129 est
2043 2073 2093 2126 id
2125 2073 2265 2142 quod
2310 2074 2421 2142 ipse
2444 2071 2584 2126 Deus
2613 2071 2896 2141 pulchrum
2923 2070 3157 2136 duxerit,
3192 2072 3402 2126 etiamsi
3426 2073 3494 2125 ab

1938 2164 2190 2219 omnibus
2240 2172 2620 2218 contemnatur
2674 2177 2736 2216 ac
2789 2161 3118 2232 deSpiciatur
3169 2182 3180 2216 :
3231 2179 3336 2216 non
3365 2179 3494 2217 vero

1937 2258 2080 2330 quod
2108 2257 2358 2312 homines
2399 2256 2684 2327 pulchrum
2714 2264 2922 2326 putant.
2945 2247 3111 2311 'Undc
3153 2258 3366 2313 tametsi
3399 2273 3495 2326 per

1936 2349 2142 2402 hancce
2176 2345 2401 2416 ﬁguram
2425 2346 2698 2416 corruptis
2724 2345 3104 2401 aﬁ‘ectionibus
3124 2346 3354 2401 liberare
3377 2346 3496 2399 ani-

1935 2455 2052 2492 mas
2098 2438 2285 2499 voluit,
2332 2437 2529 2507 insigni
2560 2452 2681 2490 cum
2712 2437 2975 2493 dedecore
3009 2438 3312 2493 daemonum
3353 2460 3365 2494 :
3399 2456 3494 2510 ap—

1935 2530 2169 2600 probare
2217 2529 2528 2597 oportebat,
2586 2541 2695 2580 non
2741 2528 3083 2592 obtrectare,
3137 2529 3332 2600 quippe
3374 2547 3494 2600 quae

1937 2619 2182 2674 liberavit
2207 2635 2269 2687 ac
2300 2619 2521 2673 solverit
2549 2619 2800 2684 vinculis,
2835 2635 2954 2689 quae
2978 2618 3048 2673 ob
3075 2620 3493 2675 inobedientiam

1936 2711 2286 2765 incurrimus.
2319 2708 2549 2764 Passum
2601 2717 2684 2764 est
2714 2710 2857 2764 enim
2895 2707 3153 2773 Verbum,
3213 2723 3375 2763 carne
3407 2708 3492 2760 af-

1937 2801 2100 2856 ﬁxum
2127 2803 2298 2865 cruci,
2338 2809 2396 2855 ut
2424 2800 2694 2855 hominem
2741 2816 2924 2855 errore
2965 2800 3247 2870 deceptum
3281 2800 3348 2853 ad
3381 2815 3494 2854 co:-

1936 2894 2092 2948 lestis
2116 2893 2356 2947 numinis
2384 2892 2690 2963 divinaeque
2721 2893 3133 2963 magnitudinis,
3159 2907 3257 2948 nec
3291 2908 3396 2948 non
3424 2895 3492 2948 ad

1935 2983 2176 3038 divinam
2228 2982 2515 3054 quamdam
2570 2982 2890 3053 perduceret
2945 2985 3128 3046 vitam,
3182 2997 3288 3052 qua
3341 2983 3494 3054 prius

1936 3077 2192 3145 depulsus
2227 3075 2421 3129 fuerat.
2465 3075 2598 3128 Nam
2641 3076 2741 3130 hac
2787 3076 2956 3146 ﬁgura
2983 3076 3264 3145 passiones
3298 3082 3493 3130 retusa:

1937 3179 2096 3237 sunt;
2147 3169 2329 3239 passio
2362 3169 2677 3239 passionum
2713 3184 2806 3238 per
2837 3170 3146 3238 passionem
3191 3167 3366 3224 factus
3407 3178 3493 3224 est

1938 3264 2231 3335 (Christus)
2281 3271 2334 3318 et
2384 3279 2530 3318 mors
2566 3262 2758 3318 mortis
2810 3279 2905 3333 per
2940 3271 3189 3329 mortem,
3221 3278 3329 3317 non
3365 3262 3493 3317 sub~

1861 3391 1901 3446 ε
1937 3365 2091 3413 actus
2123 3373 2154 3411 a
2190 3368 2382 3421 morte,
2421 3372 2520 3411 nec
2576 3357 2754 3412 victus
2803 3357 2991 3412 dolore
3048 3357 3340 3427 passionis.
3387 3357 3494 3412 Ne-

1937 3464 2044 3516 que
2071 3449 2215 3504 enim
2239 3450 2420 3518 passio
2451 3448 2625 3518 ipsum
2649 3449 2869 3502 omnino
2903 3449 2970 3503 de
3007 3457 3151 3502 statu
3182 3450 3379 3504 mentis
3400 3448 3513 3504 de--

1933 3541 2084 3611 jecit,
2122 3557 2220 3596 nec
2245 3556 2394 3596 mors
2429 3541 2585 3604 laesit,
2622 3539 2714 3595 sed
2753 3541 3003 3594 manebat
3048 3541 3101 3595 in
3149 3542 3357 3611 patibili
3391 3541 3494 3594 im-

1938 3632 2201 3702 patibilis,
2226 3639 2280 3686 et
2311 3632 2366 3686 in
2390 3632 2603 3686 mortali
2635 3632 2959 3687 immortalis
2987 3652 3000 3687 :
3033 3645 3086 3688 et
3117 3631 3378 3702 quidquid
3401 3645 3494 3685 aer

1938 3730 1992 3777 et
2042 3723 2300 3786 medium,
2351 3730 2405 3776 et
2457 3739 2713 3792 superum
2766 3733 2904 3792 erat,
2951 3723 3387 3794 comprehendit;
3439 3731 3494 3776 et

1937 3817 2167 3872 mortale
2193 3815 2379 3871 deitati
2434 3819 2858 3887 contemperavit
2901 3818 3215 3872 immortaii.
3249 3815 3496 3871 Perfecto

1939 3907 2081 3962 victa
2113 3917 2197 3962 est
2229 3924 2396 3974 mors,
2428 3924 2593 3964 carne
2627 3909 2693 3964 ad
2736 3909 3160 3964 immortalitatis
3187 3907 3492 3978 expressio-

1942 4015 2066 4055 nem
2085 4001 2363 4056 cruciﬁxa.

1007 4228 1158 4298 Apud
1181 4229 1439 4283 Allatium
1475 4230 1648 4284 Diatr.
1675 4229 1741 4284 de
1769 4229 2163 4285 Methodiorum
2195 4232 2436 4302 scriptis,
2478 4248 2597 4303 pag.
2636 4233 2758 4286 549.

264 4346 378 4400 Τοῦ
405 4347 597 4420 αὐτοῦ
626 4347 934 4420 Μεθοδίουί.
986 4348 1116 4416 Πῶς
1138 4353 1175 4420 ὀ
1218 4350 1321 4404 τοῦ
1349 4349 1495 4404 Θεοῦ
1526 4351 1599 4420 (6)
1639 4351 1770 4416 Υἱὸς
1802 4355 1835 4405 ὀ

329 4419 594 4486 Χριστὸς
715 4419 932 4490 ,βραχεῖ
956 4435 1018 4472 τε
1053 4419 1150 4490 καὶ
1179 4418 1614 4489 περιωρισμένῲ
1641 4423 1836 4490 χρόνῳ

327 4489 690 4554 ὃταστολαῒς
705 4488 926 4558 σώματι
950 4489 1312 4558 ἐκεχώρητο;
1340 4488 1580 4558 καὶπῶς
1601 4488 1837 4558 ἀπαθὴς

326 4561 418 4614 ὢν
444 4560 690 4630 ἐγένετο
715 4560 833 4613 ὑπὸ
863 4560 1091 4626 πάθους
1106 4577 1127 4622 ;

340 4671 574 4742 Ἐπειδὴ
613 4669 720 4741 γὰρ
762 4669 986 4741 δύναμις
1035 4670 1182 4741 αὐτῷ
1214 4670 1367 4724 τοῦτο
1407 4667 1508 4742 ἦν·
1560 4672 1836 4745 δυνάμεως

253 4763 370 4836 γάρ
398 4764 463 4817 τὸ
498 4762 883 4816 συστέλλεσθαι
917 4763 1014 4833 μὲν
1050 4765 1107 4816 ὲν
1145 4766 1257 4826 τοῖς
1287 4763 1485 4832 ὀλίγοις
1512 4766 1605 4817 καὶ
1634 4766 1835 4836 βραχύ-

254 4855 475 4916 νεσθαι,
504 4851 718 4924 χεῖσθαι
739 4852 796 4905 δὲ
822 4853 878 4905 ὲν
896 4855 1007 4917 τοῖς
1030 4853 1284 4924 μεγάλοις
1313 4854 1405 4908 καὶ
1427 4855 1830 4925 μεγεθύνεσθαι.

252 4947 315 5000 Εἰ
343 4948 410 5000 δὲ
439 4946 504 4998 τὸ
538 4943 968 4998 συνεκτείνεσθαι
1005 4945 1100 5014 μὲν
1129 4948 1239 5008 τοῖς
1268 4945 1520 5015 μεγάλοις
1543 4947 1636 5000 καὶ
1658 4947 1838 5014 συνεξ-

255 5039 556 5104 ιςάξεσθαι
589 5037 814 5092 δυνατὸν
861 5037 1026 5108 αὐτῷ,
1058 5038 1116 5090 τὸ
1147 5038 1203 5091 δὲ
1238 5038 1596 5110 βραχύνεσθαι
1625 5041 1682 5094 ἐν
1725 5043 1837 5104 τοῖς

253 5137 488 5206 μικροῖς
519 5133 614 5187 καὶ
642 5131 1020 5184 συστέλλεσθαι
1049 5130 1333 5185 ἀδύνατον·
1365 5132 1464 5185 οὐκ
1492 5127 1560 5202 ἦν
1591 5131 1832 5202 δύναμις.

251 5230 513 5298 Δυνάμει
555 5225 664 5298 γὰρ
697 5225 792 5278 ἐὰν
823 5226 940 5279 τόδε
973 5226 1072 5296 μὲν
1101 5225 1320 5280 δυνατὸν
1350 5219 1486 5278 εἶναι
1513 5227 1639 5296 φῂς,
1678 5227 1738 5278 τὸ
1781 5226 1836 5278 δὲ

248 5319 532 5373 ἀδύνατον
551 5334 566 5348 ο
597 5317 693 5370 τοῦ
721 5312 858 5370 εἶναι
879 5317 1046 5388 αὐτὴν
1065 5316 1290 5388 δύναμιν
1317 5317 1647 5388 παραγράφῃ
1673 5315 1836 5370 ἀσθε-

249 5412 472 5466 νοῦσαν
521 5410 650 5481 περὶ
695 5409 732 5464 ἃ
775 5409 849 5480 μὴ
894 5410 1132 5464 δύναται.
1173 5410 1246 5464 Οὐ
1300 5411 1404 5481 μὴν
1450 5410 1525 5473 δὲ,
1565 5409 1676 5463 ἁλλ’
1716 5409 1836 5462 οὐδὲ

248 5500 553 5572 ὑπεροχήν
576 5515 699 5553 τινα
722 5497 802 5552 ἔτι
833 5498 1081 5571 Θεότητος
1112 5498 1220 5566 ἕξει
1253 5497 1386 5570 πρὸς
1412 5498 1481 5552 τὰ
1514 5499 1837 5570 μεταϐαλλό-

327 5675 417 5750 (6)
452 5672 589 5740 Πῶς
681 5673 878 5750 τοῦρ.
909 5672 1174 5750 Errata_i_n
1198 5672 1392 5750 _(_}raeco
1443 5673 1627 5750 relicta
1685 5681 1830 5733 sunt,

256 5743 345 5802 uti'
394 5743 569 5802 erant
614 5743 670 5798 in
708 5743 898 5799 codice
941 5761 1045 5801 ms.
1101 5743 1436 5800 bibliothecae
1488 5744 1830 5814 Augustulus,

1942 4351 2195 4422 Ejusdem
2248 4353 2522 4408 Methodii.
2565 4353 2836 4419 Quomodo
2879 4353 3117 4408 Christus
3156 4350 3337 4422 Eilius
3376 4351 3490 4416 Dei,

2014 4425 2149 4477 brevi
2185 4424 2498 4492 deﬁnitaque
2545 4434 2789 4491 tempore,
2832 4439 3044 4492 corpore
3096 4421 3490 4486 circumclus»,

2014 4491 2352 4562 {inpassibilis
2385 4491 2658 4555 assistens,
2693 4491 2926 4560 passioni
2952 4493 3109 4562 fuerit
3144 4491 3418 4546 obnoxius.

2011 4676 2146 4730 Cum
2169 4689 2298 4730 vero
2329 4671 2506 4728 virtus
2530 4675 2631 4743 ipsi
2666 4677 2768 4742 hoc
2796 4675 2997 4730 inesset
3029 4694 3041 4729 :
3074 4674 3324 4745 potentia:
3349 4675 3492 4728 enim

1939 4778 2043 4831 est,
2080 4767 2328 4820 contrahi
2365 4767 2580 4837 quidem
2613 4768 2666 4821 in
2697 4767 2884 4837 paucis
2934 4774 2988 4822 et
3037 4767 3305 4830 imminui,
3359 4766 3496 4820 dila-

1939 4859 2041 4911 tari
2071 4873 2201 4913 vero
2233 4859 2287 4911 in
2315 4859 2524 4928 magnis
2557 4867 2608 4914 et
2647 4859 2856 4929 augeri.
2903 4857 3058 4924 Quod
3102 4873 3224 4912 cum
3283 4860 3498 4928 magnis

1942 4965 2049 5006 una
2083 4951 2296 5006 extendi
2328 4952 2708 5022 exaequarique
2749 4951 2850 5021 ipsi
2885 4951 3143 5021 possibile
3190 4957 3294 5013 est,
3326 4950 3500 5004 immi-

1942 5043 2038 5098 nui
2071 5058 2202 5098 vero
2250 5045 2306 5098 in
2353 5045 2536 5113 parvis
2568 5053 2621 5098 et
2651 5045 2899 5098 contrahi
2934 5041 3288 5112 impossibile,
3323 5041 3503 5095 virtus;

1942 5137 2190 5206 equidem
2221 5138 2445 5192 minime
2483 5137 2678 5192 inerat.
2707 5135 2909 5190 Virtuti
2941 5136 3082 5190 enim
3114 5135 3162 5191 si
3198 5135 3299 5189 hoc
3321 5135 3499 5205 possi-

1942 5228 2050 5282 bile
2078 5243 2198 5282 esse
2227 5226 2457 5293 dixeris,
2486 5227 2618 5281 illud
2646 5234 2824 5281 autem
2862 5225 3229 5296 impossibile;
3253 5224 3501 5280 eamdem

1943 5318 2198 5373 virtutem
2229 5334 2350 5374 esse
2381 5319 2636 5389 abnegas,
2676 5327 2930 5388 tanquam
2949 5332 3070 5386 quae
3100 5315 3311 5370 inﬁrma
3338 5326 3500 5385 atque

1944 5407 2229 5465 imbecillis
2257 5417 2341 5464 est
2372 5409 2517 5463 circa
2553 5424 2672 5480 quae
2705 5425 2813 5463 non
2850 5416 3046 5480 potest.
3102 5407 3213 5462 lmo
3253 5421 3352 5461 nec
3399 5405 3500 5458 ali-

1945 5515 2108 5570 quam
2139 5501 2439 5556 divinitatis
2465 5502 2844 5557 cxcellentiam
2893 5501 3190 5556 continebit
3235 5500 3382 5553 circa
3432 5509 3500 5554 ea

1942 5681 2083 5737 unde
2104 5680 2413 5752 hujusmodi
2442 5679 2803 5751 fragmentum
2829 5682 3193 5752 desumptum.
3224 5682 3429 5736 ALLA'I'.
