3980 6318
576 323 682 378 405

1549 321 1605 376 S.
1650 320 1976 421 METH'ODII
2013 321 2320 377 EPISCOPI
2361 321 2448 376 ET
2489 320 2848 376 MARTYBIS
3624 341 3708 397 to;

570 459 691 516 quae
721 443 1096 498 immutantur.
1125 432 1366 514 Namque
1415 450 1468 498 et
1515 443 1762 499 homines
1807 453 1860 499 et
1911 445 2113 515 reliqua

2225 460 2358 513 μενα
2387 443 2479 496 καὶ⁵
2509 442 2578 495 τὰ
2609 443 2875 513 ἐρχόμενα
2905 439 3012 494 τῶν
3037 439 3184 506 ζώων
3201 447 3375 517 χαριαὶ
3398 447 3425 483 ⁸
3443 450 3518 519 ἐφ’
3545 445 3609 507 ὧν
3635 457 3718 526 μὴν

570 534 846 596 animalia,
895 534 1039 589 circa
1070 549 1132 589 ea
1167 536 1220 588 in
1263 534 1460 603 quibus
1491 535 1693 605 aliquid
1741 544 1967 604 possunt
1998 551 2126 605 ope-

569 635 781 689 rantur,
834 626 978 680 circa
1029 642 1091 681 ea
1137 627 1190 680 in
1221 628 1419 696 quibus
1449 642 1556 680 non
1589 636 1838 696 possunt,
1887 629 2124 682 resoluta

567 718 775 773 viribus
802 718 936 772 nihil
977 725 1163 787 agunt.
1197 717 1484 787 Propterea
1515 719 1655 772 hanc
1685 720 1754 772 ob
1781 735 2002 772 causam
2036 718 2124 771 Fi-

569 807 677 863 lius
711 807 802 862 Dei
827 809 879 861 in
911 807 1126 862 homine
1153 808 1549 863 circumclusus
1578 817 1682 871 est,
1718 807 1860 878 quod
1901 810 2002 864 hoc
2049 808 2124 862 illi

570 898 906 968 impossibile
938 913 1044 950 non
1072 907 1207 952 erat.
1246 897 1453 953 Virtute
1497 899 1640 952 enim
1673 914 1870 968 passus
1900 908 2002 959 est,
2031 900 2125 952 im-

568 991 842 1059 passihilis
867 1007 1111 1052 manens.
1145 1003 1195 1048 et
1229 1001 1476 1048 mortuus
1505 1002 1609 1056 est,
1641 993 2120 1062 incorruptibilita-

567 1090 673 1136 tem
698 1084 1020 1140 mortalibus
1048 1085 1279 1140 donans.
1308 1085 1518 1156 Corpus
1545 1085 1811 1156 siquidem
1843 1101 1871 1138 a
1895 1100 2123 1154 corpore

564 1161 908 1230 verberatum
932 1188 1025 1232 aut
1060 1188 1290 1240 sectum,
1323 1178 1658 1234 tantumdem
1688 1179 2004 1237 verberatur
2028 1186 2127 1240 autL

564 1277 805 1333 secatur,
858 1281 1121 1342 quantum
1187 1272 1479 1327 verberans
1532 1273 1779 1327 verberat
1817 1279 1872 1326 et
1925 1285 2120 1326 secans

563 1370 732 1417 secat.
771 1362 1081 1418 Secundum
1112 1365 1255 1418 enim
1302 1365 1381 1419 rei
1431 1365 1690 1433 subjectae
1736 1380 2119 1435 repercussum

561 1453 867 1508 verberanti
905 1455 1046 1510 ictus
1071 1457 1160 1521 lit,
1193 1471 1316 1510 cum
1344 1457 1570 1527 aequalia
1620 1457 1729 1526 pati
1771 1471 1996 1511 necesse
2025 1457 2115 1516 sit,

558 1552 614 1600 et
642 1559 830 1615 agens,
867 1555 921 1601 et
960 1546 1013 1601 id
1041 1547 1186 1617 quod
1221 1548 1416 1618 agitur.
1451 1547 1730 1617 Siquidem
1777 1547 1823 1601 si
1857 1547 2002 1616 quod
2033 1563 2120 1602 se-

558 1641 718 1689 catur
746 1650 869 1689 cum
907 1653 1069 1705 parva
1090 1638 1406 1693 habitudine
1430 1639 1634 1693 secanti
1663 1653 1769 1691 non
1799 1653 2120 1707 correspon-

559 1724 721 1788 derit,
751 1727 893 1798 quod
924 1734 1072 1782 secat
1101 1743 1284 1783 secare
1311 1743 1419 1782 non
1454 1729 1671 1798 poterit.
1725 1727 1939 1780 Lationi
1970 1728 2114 1781 enim

2227 535 2292 588 ἂν
2324 534 2583 587 δύνωνται
2617 551 2669 586 τι
2696 533 2890 605 δρᾶσαι
2921 531 3242 603 ἐνεργοῦσιν,
3275 539 3354 606 ἐφ’
3377 532 3444 592 ὧν
3474 541 3532 596 ἂν
3557 545 3621 616 μὴ
3643 548 3718 601 δέ-

2225 641 2417 677 νωνται
2448 624 2692 692 φθίνωσι.
2725 623 2921 694 Διόπερ
2950 623 3120 696 ταύτῃ
3151 627 3341 696 μᾶλλον
3367 631 3642 704 κεχώρηται
3673 640 3721 691 ὲν

2223 713 2489 786 ἀνθρώπῳ
2530 717 2558 768 ό
2592 715 2715 778 Υἱὸς
2756 714 2850 766 τοῦ
2883 715 3038 779 Θεοῦ,
3082 717 3160 769 ὅτι
3209 720 3279 790 μὴ
3322 715 3387 790 ἦν
3428 723 3561 794 αὑτῴ
3593 726 3722 782 τοῦτο

2223 807 2508 861 ἀδύνατον·
2559 807 2639 860 ὃτι
2686 808 2906 878 δυνάμει
2959 809 3051 860 καὶ
3091 808 3280 861 ἔπαθεν
3325 812 3522 883 ἀπαθὴς
3559 816 3719 884 μένων,

2222 900 2315 951 καὶ
2385 899 2600 961 ἔθανεν,
2667 899 2963 951 ἀθανασίαν
3021 896 3101 966 τῷ
3175 900 3343 971 θνητῷ
3397 903 3721 974 χαριζόμενος.

2223 990 2386 1060 Σῶμα
2438 991 2532 1060 μὲν
2579 988 2683 1061 γὰρ
2717 989 2819 1041 ὑπὸ
2873 989 3118 1060 σώματος
3149 993 3463 1062 τυπτόμενον
3499 996 3528 1065 ἢ
3563 998 3722 1066 τεμνό-

2225 1101 2381 1154 μενον
2433 1084 2681 1136 τοσοῦτον
2725 1084 2984 1137 τύπτεται
3035 1085 3067 1155 ἢ
3109 1087 3378 1155 τέμνεται,
3422 1087 3533 1138 ὅσον
3574 1087 3630 1140 ἂν
3675 1088 3726 1142 τὸ

2221 1179 2417 1232 τύπτον
2468 1176 2674 1241 τύπτει,
2741 1178 2833 1232 καὶ
2880 1178 2940 1230 τὸ
2989 1178 3310 1247 τεμνόμενον
3363 1178 3551 1249 τέμνει.
3597 1183 3725 1236 Κατά

2222 1269 2568 1339 ὰντιτύπησιν
2616 1270 2721 1342 γὰρ
2779 1269 2869 1322 τοῦ
2929 1270 3283 1340 ὑποκειμένου
3323 1271 3396 1341 τῷ
3443 1271 3726 1344 τύπτοντιή

2221 1361 2399 1432 πληγὴ
2429 1363 2656 1429 γίνεται,
2695 1364 2753 1414 ὲν
2799 1361 2896 1432 ἷσῳ
2939 1361 3097 1415 πάθει
3138 1362 3244 1414 τῶν
3287 1363 3544 1434 ἑκατέρων
3589 1365 3727 1418 ὄντων

2220 1455 2313 1506 καὶ
2360 1453 2450 1506 τοῦ
2497 1453 2730 1524 δρῶντος
2784 1455 2876 1509 καὶ
2926 1453 3018 1505 τοῦ
3067 1453 3358 1524 δρωμένου.
3423 1455 3614 1524 Ἀμέλει
3653 1455 3727 1508 ἐὰν

2223 1545 2295 1615 μὴ
2348 1545 2408 1597 τὸ
2454 1545 2781 1616 τεμνόμενον
2838 1543 2974 1614 μετά
3017 1544 3202 1615 ὀλίγης
3247 1544 3404 1608 ἕξεως
3450 1546 3730 1618 ἀντιτορήσῃ

2217 1635 2294 1704 τῷ
2349 1636 2617 1706 τέμνοντι,
2679 1636 2740 1687 τὸ
2793 1635 3117 1706 τεμνόμενον
3171 1635 3382 1705 τέμνειν
3437 1636 3492 1687 οὐ
3545 1635 3730 1705 δυνήσε-

2217 1745 2325 1780 ται.
2361 1729 2438 1798 Τῇ
2472 1727 2578 1798 γὰρ
2607 1729 2743 1798 φορᾷ
2776 1727 2957 1796 ξίφους
2981 1728 3078 1780 οῦκ
3107 1726 3634 1797 ἀντιπαραμείναντος
3655 1723 3728 1777 τοῦ

556 1816 706 1872 ensis
735 1819 782 1873 si
815 1833 924 1872 non
950 1819 1220 1875 obstiterit
1238 1821 1538 1890 subjectum
1564 1836 1786 1890 corpus,
1813 1821 1904 1876 sed
1932 1821 2112 1890 potius

2215 1817 2572 1888 ὑποκειμένου
2639 1817 2905 1887 σώματος,
2966 1817 3102 1870 ἀλλὰ
3157 1817 3485 1880 συνείξαντος
3545 1815 3728 1885 μᾶλλον,

557 1908 806 1972 cesserit,
833 1910 980 1963 omni
1012 1911 1206 1964 affectu
1234 1912 1479 1981 operatio
1513 1909 1885 1974 frustrabitur,
1941 1919 2000 1965 ut
2042 1901 2117 1964 vi-

558 1999 686 2056 dere
708 2008 792 2055 est
831 2003 884 2056 in
920 2004 1240 2072 corporibus
1291 2005 1670 2060 subtilioribus
1702 2006 1842 2075 ignis
1871 2014 1923 2060 et
1950 2006 2114 2062 aeris.

558 2090 885 2152 Dissolvitur
916 2109 1148 2163 namque
1187 2095 1241 2148 in
1271 2095 1540 2149 similibus
1586 2103 1876 2163 manetque
1911 2095 2116 2164 absque

556 2182 751 2238 effectu
781 2185 1099 2239 solidiorum
1126 2201 1416 2254 corporum
1441 2187 1691 2256 impetus.
1722 2184 1875 2251 Quod
1905 2187 1948 2239 si
1975 2186 2116 2255 ignis

557 2282 652 2328 aut
682 2291 796 2336 aer,
835 2276 968 2344 lapis
999 2284 1090 2329 aut
1121 2277 1346 2340 ferrum,
1399 2287 1492 2330 aut
1551 2278 1776 2350 lignum.
1820 2285 1911 2329 aut
1945 2277 2113 2344 aliud,

556 2363 700 2432 quod
733 2365 980 2418 homines
1013 2373 1200 2419 contra
1233 2381 1353 2420 sese
1400 2377 1722 2436 usurpantes
1753 2367 1854 2422 sibi
1885 2367 2112 2420 invicem

555 2456 758 2512 caedem
790 2457 1052 2520 inferunt,
1079 2452 1369 2514 vulnerare
1394 2467 1448 2512 et
1482 2459 1726 2514 dividere
1776 2475 1883 2516 non
1939 2466 2114 2528 potest

554 2549 701 2617 quod
733 2549 1032 2606 subtilioris
1063 2559 1270 2605 natura:
1317 2552 1410 2614 sit,
1460 2566 1695 2620 quanam
1750 2551 1960 2606 ratione
2006 2564 2112 2602 non

553 2638 736 2708 potius
770 2639 1179 2696 invulnerabilis
1220 2643 1420 2696 mansit
1455 2639 1728 2710 Sapientia
1782 2647 1836 2694 et
1867 2638 2114 2708 impassi-

552 2727 870 2791 bilis,nulla
905 2730 960 2784 in
990 2746 1048 2786 re
1071 2731 1139 2784 ab
1166 2731 1347 2800 aliquo
1399 2731 1545 2794 lazsa,
1601 2731 1726 2784 licet
1778 2730 1939 2783 simul
1982 2745 2113 2787 con-

548 2821 740 2892 juncta
765 2832 911 2876 esset
941 2825 1178 2894 corpori,
1216 2824 1360 2894 quod
1409 2824 1694 2879 secabatur
1737 2829 1791 2876 ct
1841 2822 2014 2877 clavis
2049 2822 2112 2874 ii-

549 2912 797 2984 gebatur,
833 2928 956 2967 cum
1004 2917 1346 2984 prmstantior
1376 2922 1428 2969 et
1462 2915 1649 2984 purior
1694 2914 1840 2967 omni
1890 2922 2108 2979 natura,

549 3019 721 3059 unum
760 3004 806 3061 si
840 3005 1078 3080 excipias
1117 3007 1261 3062 illius
1294 3009 1594 3078 genitorem
1651 3005 1841 3069 Deum,
1874 3006 2109 3062 exsisteo

547 3099 631 3154 ret
650 3094 674 3148 ἲ

2217 1909 2495 1980 ἄπρακτος
2524 1909 2729 1977 γίνεται
2762 1911 2793 1979 ή
2839 1908 3085 1978 ἐνέργεια
3103 1926 3115 1938 ·
3153 1903 3261 1961 οἷον
3289 1907 3525 1977 καθάπερ
3551 1907 3632 1958 καὶ
3659 1906 3731 1956 ἐπὶ

2217 2001 2323 2052 τῶν
2396 2001 2901 2073 λεπτομερεστέρων
2980 2001 3248 2070 σωμάτων
3325 1999 3508 2068 πυρὸς,
3578 1998 3726 2068 ἀέρος.

2229 2093 2504 2146 Ἐκλύεται
2527 2093 2634 2162 γὰρ
2663 2095 2719 2145 ἐν
2738 2097 2850 2157 τοῖς
2871 2093 3128 2156 τοιούτοις
3154 2091 3498 2163 ἀνενέργητος
3517 2090 3613 2143 τῶν
3633 2107 3730 2143 στε-

2219 2185 2497 2256 ρεωτέρων
2528 2185 2704 2256 ὁρμῆς
2737 2185 3020 2254 σωμάτων.
3058 2187 3118 2238 Εἰ
3147 2185 3203 2238 δὲ
3238 2184 3364 2254 πῦρ,
3396 2182 3428 2252 ἦ
3458 2181 3572 2252 ἀὴρ,
3594 2181 3729 2242 λίθος,

2215 2277 2246 2347 ἢ
2275 2276 2508 2348 σίδηρος,
2534 2277 2566 2346 ἢ
2600 2276 2772 2341 ξύλον,
2798 2278 2830 2348 ἢ
2862 2277 3007 2342 ἄλλο,
3036 2275 3115 2339 οἷς
3142 2279 3191 2329 οἱ
3214 2276 3481 2347 ἄνθρωποι
3501 2274 3731 2344 χρώμενοι

2215 2363 2332 2418 καθ’
2368 2364 2572 2417 ἑαυτῶν
2600 2365 3037 2438 ἀλληλοφονοῦσι,
3062 2366 3268 2437 τρῶσαι
3289 2362 3342 2418 δὲ
3376 2363 3464 2418 καὶ
3493 2361 3660 2415 διελεῖν
3681 2362 3729 2413 οὗ

2213 2455 2427 2508 δύναται
2461 2456 2608 2526 παρὰ
2639 2457 2698 2509 τὸ
2729 2460 2826 2528 τῆς
2856 2457 3102 2528 θικτικῆς
3127 2474 3187 2510 τε
3228 2457 3354 2509 αὐτὸ
3386 2456 3476 2508 καὶ
3510 2453 3732 2522 λεπτομε-

2219 2549 2369 2618 ρεστέ
2381 2566 2475 2618 ρας
2502 2552 2713 2618 φύσεως
2737 2550 3044 2619 τυγχάνεινο
3075 2550 3191 2613 πῶς
3221 2550 3278 2602 οὑ
3319 2548 3505 2620 μᾶλλον
3533 2543 3732 2616 ἄτρωτός

2213 2659 2274 2710 γε
2307 2641 2515 2712 ἔμεινεν
2561 2644 2594 2714 ὴ
2631 2644 2800 2713 Σοφία
2827 2645 2920 2697 καὶ
2961 2643 3177 2716 ἀπαθὴς
3195 2684 3210 2706 ,
3239 2643 3386 2696 οὐδὲν
3411 2641 3536 2712 πρὸς
3558 2634 3732 2699 οὐδενὸς

2215 2734 2572 2803 κακυνομένη,
2622 2735 2722 2789 κᾶν
2749 2737 3074 2807 τεμνόμενον
3110 2737 3274 2807 συνῆν
3301 2736 3394 2789 καὶ
3425 2728 3734 2804 προσηλωμέ·

2211 2838 2300 2877 νον
2351 2824 2427 2894 τῷ
2478 2823 2708 2894 σώματι,
2747 2825 2968 2893 βελτίων
3012 2826 3106 2878 καὶ
3160 2822 3512 2894 καθαρωτέρα
3561 2818 3738 2888 φύσεως

2213 2914 2394 2986 πάσης
2440 2916 2575 2987 μετὰ
2621 2917 2709 2969 τὸν
2761 2917 3159 2988 γεννησάμενον
3217 2917 3394 2986 αὐτὴν
3430 2913 3554 2968 Θεὸν
3598 2909 3742 2980 ὑπάρ-

2211 3023 2376 3083 χουσα
2401 3025 2415 3071 ;

563 3274 3717 3306 MM

1656 3452 1931 3542 ALIA
2007 3453 2665 3546 NONNULLA

1526 3641 1828 3704 EJL’SDEM
1871 3642 1927 3698 S.
1971 3643 2303 3700 METHODII
2342 3645 2784 3702 FRAGMENTA.

1129 3947 1236 4019 (Ea:
1276 3947 1479 4002 Nicetis
1511 3948 1711 4004 Catena
1741 3954 1792 4006 in
1827 3952 1950 4016 Job,
1987 3971 2104 4024 cap.
2140 3971 2248 4020 xxx,
2273 3970 2392 4026 pag.
2439 3954 2542 4010 429
2580 3956 2706 4010 edit.
2740 3956 2964 4016 Londin.
2999 3956 3180 4028 1657.)

1186 4145 1456 4206 Methodii.

615 4251 870 4312 Fortasse
899 4264 1096 4318 autem,
1142 4260 1396 4330 quoniam
1453 4261 1613 4316 amici
1657 4261 1758 4317 Job
1791 4280 1849 4320 se
1880 4279 2102 4321 causam
2129 4270 2172 4328 α

547 4349 848 4420 intelligere
876 4359 1095 4420 propter
1122 4368 1284 4422 quam
1328 4353 1455 4411 talia
1497 4363 1795 4428 pateretur,
1853 4357 2106 4413 arbitrati

546 4450 754 4506 essent,
783 4443 1024 4514 longiore
1049 4445 1294 4499 oratione
1339 4445 1406 4500 ad
1455 4463 1551 4502 eos
1598 4464 1730 4504 usus
1778 4449 1862 4502 vir
1900 4448 2104 4518 justus,

547 4530 854 4588 divinorum
879 4533 1212 4604 judiciorum
1239 4536 1578 4606 sapientiam,
1607 4555 1714 4594 non
1739 4541 1841 4595 sibi
1872 4548 2104 4606 tantum,

550 4625 646 4682 sed
675 4633 730 4680 et
756 4628 904 4682 omni
936 4628 1141 4683 homini
1173 4628 1775 4700 incomprehensibilem
1811 4649 1934 4689 esse
1962 4633 2101 4690 fate-

547 4724 670 4782 tur;
713 4724 766 4771 et
812 4719 879 4774 ad
915 4720 1316 4790 suscipiendam
1352 4723 1566 4777 consilii
1590 4724 1757 4778 divini
1795 4725 2102 4792 scientiam,

547 4808 728 4868 locum
758 4818 1074 4866 terrestrem
1105 4813 1252 4867 haud
1283 4813 1537 4868 idoneum
1564 4831 1686 4871 esse
1727 4815 1975 4871 atlirmat.
2015 4817 2107 4870 Di-

547 4899 689 4958 Xerit
718 4910 898 4958 autem
931 4902 1148 4973 aliquis,
1181 4903 1477 4974 perlectam
1535 4914 1588 4961 ct
1647 4907 1951 4962 absolutam
1992 4908 2107 4977 pie-

546 4997 737 5055 tatem,
761 5008 872 5048 rem
898 4995 1057 5064 plane
1091 4995 1330 5054 divinam
1362 5009 1415 5054 et
1441 5015 1470 5053 a
1498 4997 1609 5056 Deo
1647 5003 1763 5057 solo
1793 5003 2106 5059 hominibus

546 5083 829 5148 tributam,
867 5085 968 5142 hoc
999 5088 1118 5142 loco
1145 5091 1467 5159 sapientiam
1519 5094 1723 5148 vocari.
1775 5092 1980 5150 Sensus
2009 5111 2108 5149 au-

547 5180 656 5228 tem
688 5177 977 5232 verborum
1003 5179 1091 5235 hic
1115 5189 1198 5235 est
1229 5200 1242 5243 ς
1276 5181 1437 5245 Deus,
1470 5184 1665 5253 inquit,
1700 5185 1980 5241 hominum
2007 5201 2106 5239 na-

548 5273 686 5320 turae
722 5267 826 5320 vim
859 5285 920 5322 ac
943 5269 1250 5327 facultatem
1280 5275 1611 5340 inveniendi,
1653 5293 1761 5332 una
1809 5293 1931 5332 cum
1981 5293 2107 5347 pru—

544 5360 729 5415 dentia
758 5371 810 5417 et
834 5366 1066 5426 artiﬁcio
1088 5367 1355 5434 inserens,
1403 5385 1597 5438 magna
1638 5371 1704 5426 iis
1734 5372 1956 5442 largitus
1984 5379 2102 5437 est;

547 5468 656 5524 qua
686 5465 908 5527 accepta
943 5466 1140 5513 terram
1191 5463 1256 5515 ad
1298 5463 1538 5517 eruenda
1573 5464 1788 5518 metalla
1819 5464 2100 5528 effodiunt,

544 5547 837 5610 etcolunt;
865 5551 1184 5618 sapientiam
1218 5561 1395 5608 autem
1421 5571 1540 5624 qua:
1575 5571 1696 5609 cum
1740 5557 1938 5625 pietate
1971 5571 2104 5610 con-

543 5633 582 5700 js
608 5646 728 5691 ncta
769 5646 873 5700 est.
912 5641 967 5695 in
996 5642 1148 5696 nullo
1179 5644 1298 5698 loco
1336 5645 1578 5702 invenire
1630 5647 1771 5702 licet.
1807 5646 1913 5702 Nec
1941 5648 2103 5701 homo

543 5743 666 5794 eam
697 5744 762 5790 ex
793 5745 850 5790 se
879 5739 933 5786 et
967 5734 1202 5810 propriis
1234 5738 1471 5814 assequi,
1529 5754 1702 5814 neque
1753 5738 1872 5794 aliis
1904 5739 2103 5808 imper-

2835 4154 3170 4210 Medodtovd

2278 4270 2434 4332 Ἴσως
2465 4269 2540 4329 δὲ,
2577 4270 2695 4322 ἐπεὶ
2727 4269 2776 4321 οἱ
2803 4268 2942 4338 φίλοι
2969 4268 3062 4322 τοῦ
3106 4269 3224 4322 Ἶὼό
3259 4270 3427 4342 ᾤοντο
3463 4271 3559 4340 τὴν
3595 4263 3750 4322 αἰτίαν

2209 4359 2588 4430 κατειληφέναι
2629 4360 2694 4413 δι’
2744 4363 2807 4431 ἢν
2849 4359 3020 4414 ταῦτα
3063 4363 3304 4433 ἔπασχε,
3350 4362 3503 4434 πρὸς
3539 4360 3749 4419 ἐκείνους

2207 4453 2621 4522 ἀποτεινόμενος
2640 4455 2669 4505 ό
2693 4453 2915 4517 δίκαιος,
2949 4452 3047 4525 τὴν
3081 4454 3208 4524 περὶ
3238 4453 3348 4507 τῶν
3374 4453 3645 4526 χριμάτων
3669 4447 3749 4503 τοῦ

2208 4543 2338 4596 Θεοῦ
2370 4547 2559 4613 σοφίαν
2586 4545 2820 4614 ἄληπτον
2849 4540 2985 4596 εἷναι
3015 4545 3285 4615 ὁμολογεῖ,
3325 4547 3386 4599 οὐ
3419 4547 3574 4616 μόνον
3599 4539 3747 4611 αὐτῷ,

2208 4637 2342 4692 ἀλλά
2391 4637 2484 4690 καὶ
2530 4639 2690 4690 παντὶ
2731 4638 3018 4710 ἀνθρώπῳ,
3061 4640 3153 4693 καὶ
3197 4640 3294 4711 τὴν
3331 4639 3631 4709 ἐπιστήμην
3669 4633 3751 4702 τῆς

2210 4730 2401 4800 βουλῆς
2434 4729 2524 4782 τοῦ
2556 4729 2690 4782 Θεοῦ
2727 4731 2799 4800 μὴ
2845 4730 3024 4782 ἱκανὸν
3063 4725 3200 4784 εἶναι
3233 4729 3633 4802 παραδέξασθαι
3673 4724 3750 4776 τὸν

2208 4822 2482 4893 περίγειον
2510 4821 2692 4882 τόπον,
2724 4822 3095 4890 ἀποφαίνεται.
3129 4821 3262 4892 Φαίη
3297 4823 3342 4874 δ’
3373 4822 3438 4875 ἄν
3473 4837 3553 4884 τις
3583 4815 3750 4885 σοφίαν

2207 4914 2437 4967 ἐνταῦθα
2481 4915 2576 4984 τὴν
2620 4915 2827 4968 τελείαν
2885 4915 3162 4969 εὐσέϐειαν
3214 4914 3487 4987 εἰρῆσθαι,
3545 4913 3751 4980 πρᾶγμα

2209 5007 2367 5068 θεῖον,
2403 5007 2507 5059 ὑπὸ
2533 5007 2692 5077 μόνου
2727 5005 2822 5060 τοῦ
2856 5005 2988 5059 Θεοῦ
3023 5011 3130 5070 τοῖς
3159 5007 3468 5079 ἀνθρώποις
3499 5001 3750 5077 δωρούμε-

2205 5115 2315 5150 νον.
2357 5099 2416 5149 ὐ
2443 5097 2497 5149 δὲ
2529 5095 2651 5161 νοῦς
2678 5097 2784 5150 τῶν
2819 5099 2994 5168 ῥητῶν
3029 5094 3212 5162 οὗτος·
3242 5099 3491 5166 Μεγάλα,
3529 5093 3697 5165 φησὶν,
3726 5089 3750 5141 δ

2205 5186 2335 5249 Θεὸς
2379 5191 2490 5249 τοῖς
2513 5185 2817 5258 ἀνθρώποις
2850 5187 3173 5258 ἐδωρήσατο,
3215 5189 3272 5240 ὲν
3319 5191 3385 5258 τῇ
3418 5187 3575 5256 φύσει
3602 5196 3752 5236 καταο

2209 5278 2432 5349 σπείρας
2456 5278 2631 5331 αὐτῶν
2653 5277 2714 5330 τὸ
2754 5279 3114 5349 ἐρευνητικὸν,
3145 5281 3238 5331 καὶ
3267 5279 3453 5347 σοφὸν,
3481 5277 3572 5330 καὶ
3599 5286 3755 5341 τεχνι-

2206 5370 2331 5422 κόνο
2368 5371 2502 5440 ὅπερ
2535 5369 2784 5432 λαϐόντες
2825 5369 2873 5420 οἱ
2912 5368 3205 5434 ἅνθρωποι,
3240 5369 3346 5437 γῆν
3385 5381 3445 5420 τε
3483 5357 3755 5436 μεταλλεύ-

2206 5478 2323 5514 ουσι
2369 5461 2461 5513 καὶ
2507 5460 2839 5532 γεωργοῦσιο
2886 5459 2983 5530 τὴν
3029 5460 3084 5512 δὲ
3134 5459 3274 5513 κατὰ
3323 5457 3631 5511 θεοσέϐειαν
3676 5465 3756 5502 σο-

2208 5555 2335 5624 φίαν
2381 5555 2478 5606 οὐκ
2528 5557 2584 5607 ὲν
2627 5554 2777 5625 τόπῳ
2805 5555 2928 5622 ιτινὶ
2979 5553 3123 5606 ἐστιν
3170 5553 3380 5623 εὑρεῖν·
3428 5551 3528 5602 οὐκ
3561 5542 3752 5600 οἴκοθεν

2207 5643 2405 5714 ταύτην
2435 5645 2713 5716 ἄνθρωπος
2748 5643 3030 5699 ἀναλαϐεῖν
3054 5643 3291 5696 δύναταιο
3322 5644 3428 5696 οὐκ·
3451 5640 3629 5702 ἄλλοις
3661 5651 3755 5686 πα-

2209 5738 2475 5817 ραδοῦναι.
2511 5738 2684 5809 Ὅθεν.
2710 5738 2800 5794 καὶ
2825 5738 2894 5813 oi.
2914 5735 3176 5809 Ἑλλήνιον
3208 5734 3379 5804 σοφοὶ,
3417 5733 3519 5808 ἰδία
3544 5727 3752 5798 δυνάμει
