3980 6318
275 329 385 390 495

1657 327 2093 383 FRAGMENTA.

3397 333 3502 393 403

274 447 371 518 τὴν
434 446 744 501 θεοσέϐειαν
797 447 1144 519 ζητήσαντες,
1207 447 1528 520 ἠστόχησαν.
1600 449 1671 500 Τὸ
1733 449 1803 517 γά

1913 504 1914 509 η
1959 448 2045 500 tiri
2076 454 2272 516 potest.
2299 443 2451 499 Unde
2469 449 2522 497 et
2549 441 2860 496 Graecorum
2909 443 3199 512 sapientes,
3253 445 3342 516 qui
3390 447 3504 501 suis

275 541 538 610 πρᾶγμα,
567 539 643 602 ὡς
688 539 915 610 ἔφημεν,
945 541 1046 593 οὐκ
1085 539 1386 611 ἀνθρώποις
1416 540 1561 592 ἐστὶν
1600 541 1836 609 ἐφικτὸν,

273 629 405 681 ἀλλὰ
444 629 548 698 τῆς
603 630 751 693 Θείας
795 631 1000 700 δωρεᾶς
1038 649 1096 684 τε
1138 632 1230 684 καὶ
1271 632 1524 700 χάριτοςο
1557 630 1644 683 διά
1684 631 1844 683 τοῦτο

273 721 361 774 καὶ
392 721 451 786 ἐξ
484 721 657 792 ἀρῂς
687 723 714 773 ὁ
749 721 878 786 Θεὸς
917 723 984 774 τὰ
1019 723 1118 791 μὲν
1149 722 1215 775 δι’
1255 723 1546 786 όπτασιῶν,
1576 721 1645 774 τὰ
1686 722 1741 774 δὲ
1771 722 1836 774 δι’

269 811 519 878 ἀγγέλων
555 812 968 882 ὲπιφοιτήσεως,
1010 811 1077 862 τὰ
1117 811 1170 862 δὲ
1206 811 1290 863 διὰ
1327 811 1434 864 τῶν
1479 811 1836 881 θεοφορουμέ-

266 920 372 958 νων
425 903 599 971 ἁγίων
645 903 954 975 προφητῶν,
988 904 1085 974 τὴν
1117 903 1416 956 Θεοσέϐειαν
1464 905 1587 966 τοὺς
1630 901 1838 972 ἀνθρώ-

269 1014 401 1060 me;
441 996 808 1062 ὲξεπαίδευσε.
851 998 1022 1066 Καὶή
1069 996 1370 1067 θεωρητικὴ
1405 995 1461 1050 δὲ
1507 997 1665 1064 σοφία
1700 995 1833 1048 (θεοῦ

266 1085 460 1156 δῶρον,
504 1085 561 1153 ἐξ
590 1082 657 1156 ἧς
689 1087 978 1157 κινούμεθα
1013 1087 1140 1157 περὶ
1162 1087 1256 1150 τὰς
1284 1087 1476 1157 τέχνας
1506 1089 1600 1141 καὶ
1627 1087 1696 1140 τὰ
1719 1090 1834 1140 ἐπι-

266 1177 602 1247 τηδεύματα,
640 1179 734 1231 καὶ
760 1181 825 1248 ἦν
856 1179 1053 1241 πάντες
1086 1179 1276 1243 κοινῶς
1314 1180 1529 1250 ἔχομεν,
1568 1178 1738 1233 ἄδικοί
1776 1196 1832 1230 τε

268 1269 356 1320 καὶ
389 1267 623 1322 δίκαιοι·
661 1270 708 1322 εί
735 1268 842 1341 γὰρ
875 1270 947 1340 (7)
978 1269 1088 1334 ζῶα
1124 1272 1423 1341 γεγόναμεν
1463 1269 1673 1338 λογικὰ,
1705 1271 1834 1323 ταύ-

264 1376 358 1428 την
385 1359 710 1430 εἰλήφαμεν.
741 1359 921 1432 Ταύτῃ
950 1378 1031 1414 τοι
1056 1364 1147 1414 καὶ⁵
1167 1364 1222 1414 ὲν
1251 1365 1362 1425 τοῖς
1389 1362 1690 1434 ἔμπροσθεν
1721 1363 1832 1415 ἐλέ-

265 1468 414 1517 γετο·
449 1451 711 1518 Πότερον
737 1454 848 1521 οὐχ
878 1456 912 1506 ὁ
948 1455 1160 1521 Κύριος
1186 1457 1218 1506 ό
1251 1453 1548 1507 διδάσκω-ν
1578 1453 1833 1506 σύνεσιν

264 1541 354 1592 καί
377 1542 724 1612 ἐπιστήμην
740 1559 760 1607 ;
777 1544 851 1608 ὠς
867 1544 960 1598 τοῦ
989 1545 1273 1615 κτήματος
1289 1545 1620 1617 Θεοδωρήτου
1639 1543 1826 1620 τυγχά·

266 1647 464 1696 νοντος.

1942 540 2150 594 viribus
2199 537 2327 602 nisi,
2373 535 2626 606 pietatem
2660 545 2712 589 et
2745 533 2997 590 Numinis
3028 537 3234 590 cultum
3279 537 3502 606 indaga-

1940 631 2086 692 bant,
2111 646 2139 682 a
2171 644 2338 698 scopo
2391 629 2730 682 aberrarunt.
2784 626 2892 682 lies
2919 631 3086 692 enim,
3149 639 3207 683 ut
3237 628 3498 692 diximus.

1938 720 2081 773 vires
2114 719 2379 772 humanas
2408 717 2642 780 excedit,
2667 726 2720 770 et
2751 716 2842 772 Dei
2873 717 3072 770 donum
3093 733 3154 771 ac
3183 719 3353 788 gratia
3377 728 3494 772 est:

1937 811 2270 882 proindeque
2305 811 2374 864 ab
2405 810 2584 875 initio,
2624 810 2793 878 partis
2819 809 3141 873 visionibus,
3170 811 3366 879 partim
3399 827 3498 864 an-

1937 906 2177 976 gelorum
2209 904 2444 958 adventu
2493 913 2546 955 et
2595 917 2912 971 congressu,
2948 903 3145 972 partim
3180 913 3494 956 sanctorum

1935 996 2320 1066 prophetarum
2347 994 2608 1048 divinitus
2641 995 2941 1046 alllatorum
2975 995 3336 1059 sermonibus,
3353 993 3494 1050 Deus

1937 1089 2182 1140 homines
2211 1087 2263 1138 in
2294 1086 2491 1154 pietate
2523 1101 2767 1156 verteque
2794 1075 3070 1154 religionis
3105 1086 3252 1138 cultu
3308 1085 3493 1140 erudi-

1861 1200 1877 1210 ο
1903 1175 1908 1179 ’
1934 1179 2028 1230 vit.
2051 1177 2192 1242 Quin
2217 1178 2378 1231 ctiam
2412 1177 2676 1246 sapientia
2708 1175 3143 1243 contemplativa,
3179 1190 3283 1244 qua
3315 1175 3381 1229 ad
3404 1191 3494 1228 ar-

1933 1278 2012 1322 tes
2047 1277 2100 1322 et
2131 1267 2308 1321 studia
2358 1268 2463 1320 alia
2495 1267 2841 1336 impellimur,
2877 1282 3094 1336 quaque
3133 1267 3494 1320 communiter

1930 1360 2297 1429 omnes,justi
2330 1368 2382 1415 et
2428 1359 2638 1429 injusti,
2679 1360 2888 1430 przediti
2923 1376 3134 1420 sumus,
3171 1358 3260 1413 Dei
3289 1359 3490 1414 donum

1929 1459 2012 1507 est
2045 1470 2057 1506 :
2091 1466 2195 1522 qua
2221 1451 2364 1505 enim
2391 1450 2647 1504 animalia
2682 1452 2910 1506 rationis
2940 1453 3160 1522 capacia
3190 1454 3356 1506 creati
3397 1469 3492 1507 su-

1928 1559 2074 1605 mus,
2120 1543 2263 1598 hanc
2312 1543 2641 1612 accepimus.
2685 1542 2864 1608 Quare
2907 1553 2961 1599 et
3001 1547 3053 1598 in
3087 1545 3484 1614 superioribus,

1927 1645 2184 1704 tanquam
2215 1633 2283 1689 de
2313 1651 2370 1690 re
2395 1635 2656 1691 divinitus
2686 1651 2944 1691 concessa
2989 1637 3232 1706 loquens,
3271 1637 3484 1690 aiebat:

1931 1725 2185 1794 Nunquid
2216 1743 2318 1779 non
2359 1725 2613 1781 Dominus
2656 1737 2754 1792 est,
2796 1731 2884 1797 qui
2913 1728 3059 1783 docet
3092 1730 3409 1783 intellectum
3437 1739 3486 1784 et

1929 1819 2200 1871 scientiam
2221 1819 2282 1871 δῖ

1472 2005 1612 2060 Ibid.
1645 2023 1759 2076 cap.
1799 2023 1946 2071 nvr,
1983 2022 2103 2094 ﬂag.
2139 2005 2260 2061 538.

875 2131 934 2183 M
933 2130 1068 2186 εθοδ
1071 2131 1182 2183 ιὀυ.

335 2215 724 2291 Ἑπισήμηναι,
743 2221 823 2272 δτι
847 2221 1048 2294 Κύριος
1070 2221 1302 2293 ἀρχῆθεν
1318 2221 1619 2294 ἀνθρώποις
1639 2223 1697 2275 ού
1723 2222 1816 2275 λα-

255 2310 346 2364 λεῖ·
367 2311 481 2365 ἀλλ’
501 2311 639 2364 ὲπάν
663 2315 1141 2384 παρασκευάσηται
1165 2315 1308 2386 ψυχὴ
1324 2315 1407 2368 διὰ
1427 2315 1702 2382 πλειόνων,
1722 2317 1814 2371 καὶ

253 2404 678 2476 ἐγγυμνάσηται,
709 2407 800 2458 καὶ
827 2407 996 2477 ἀναϐῇ
1024 2410 1103 2470 είς
1128 2408 1276 2476 ὕψος,
1313 2408 1428 2461 καθ’
1452 2410 1572 2462 ὅσον
1598 2410 1813 2464 δυνατὸν

252 2497 563 2569 ἀνθρωπίνῃ
592 2498 770 2567 φύσει,
799 2499 918 2551 τότε
946 2500 1114 2561 λαλεῖ,
1153 2501 1242 2553 καὶ
1271 2502 1395 2564 τοὺς
1432 2503 1593 2555 αὑτοῦ
1624 2502 1812 2571 λόγους

251 2587 618 2641 ἀποκαλύπτει
649 2591 727 2653 είς
748 2589 996 2642 τοσοῦτον
1024 2591 1432 2662 ἀναϐεϐηκόσιν.
1486 2587 1730 2646 Ἐπειδὰν
1755 2594 1810 2648 δὲ

251 2681 281 2747 ἡ
311 2679 511 2748 λαίλαψ
534 2680 800 2750 χειμῶνός
830 2683 944 2734 ἐστι
973 2683 1247 2754 ποιητικὴ,
1287 2686 1342 2736 ἐν
1373 2685 1429 2737 δὲ
1459 2686 1684 2756 χειμῶνι
1715 2704 1811 2740 7::-

256 2769 548 2837 ριστάσεων
583 2771 612 2822 ό
662 2769 778 2823 Ἰὼϐ
822 2773 946 2843 περὶ
984 2773 1082 2844 τὴν
1115 2773 1295 2826 πίστιν
1324 2775 1421 2826 ούκ
1455 2777 1805 2847 ἐναυάγησεν,

252 2855 378 2908 ἀλλά
426 2858 524 2909 καὶ
561 2857 818 2928 διέλαμψε
840 2877 853 2890 ·
888 2861 976 2913 διὰ
1017 2860 1172 2915 τοῦτο
1219 2863 1246 2913 ὸ
1281 2863 1628 2935 χρηματίζων
1662 2865 1808 2936 αὐτῷ

250 2946 382 3014 πρὸς
411 2946 684 3016 σύμϐολον
707 2949 801 3001 τοῦ
831 2951 1221 3018 καταλαϐόντος
1251 2955 1412 3008 αὐτὸν
1436 2955 1696 3026 χειμῶνος
1721 2957 1808 3010 aa:

253 3033 501 3101 λαίλαπος
524 3039 854 3110 χρηματίζει
875 3059 887 3070 '
915 3042 1000 3095 διὰ
1033 3043 1088 3096 δὲ
1120 3043 1180 3096 τὸ
1206 3044 1519 3114 μεταϐαλεῖν
1551 3046 1712 3099 αὑτοῦ
1741 3047 1809 3102 τά

252 3127 542 3198 πράγματα
591 3131 698 3184 ἀπὸ
744 3133 1005 3203 χειμῶνος
1047 3137 1126 3196 είς
1170 3136 1372 3199 εὐδίαν,
1417 3137 1476 3189 ού
1518 3139 1672 3208 μόνον
1721 3140 1806 3193 διὰ

247 3217 519 3284 λαᾶαπος,
547 3222 684 3276 ἀλλά
716 3226 804 3278 καὶ
829 3224 913 3277 διὰ
946 3226 1120 3293 νεφῶν
1150 3226 1316 3280 λαλεῖ.

2557 2131 2833 2188 Methodii.

1996 2220 2153 2286 Nota,
2199 2223 2485 2279 Dominum
2522 2240 2632 2280 non
2683 2227 2867 2281 statim
2914 2226 2981 2281 ab
3029 2226 3185 2281 initio
3231 2227 3478 2281 homines

1923 2313 2121 2382 alloqui
2148 2315 2361 2382 solere;
2395 2317 2488 2372 sed
2517 2325 2804 2387 postquam
2837 2317 3018 2370 anima
3049 2319 3293 2387 pluribus
3338 2334 3479 2388 prae-

1920 2414 2114 2473 parata
2137 2415 2188 2460 et
2211 2407 2509 2461 exercitata
2543 2406 2727 2471 fuerit,
2764 2415 2818 2462 et
2847 2408 2900 2460 in
2924 2408 3286 2473 altitudinem,
3306 2391 3487 2480 quan?

1919 2506 2033 2550 tum
2061 2497 2297 2552 humana
2326 2506 2521 2552 natura
2547 2506 2747 2568 potest,
2793 2501 3249 2570 contemplatione
3279 2517 3474 2556 ascen-

1917 2588 2078 2655 derit,
2109 2599 2222 2644 tum
2256 2590 2474 2646 demum
2506 2592 2675 2662 loqui,
2702 2599 2756 2646 et
2786 2608 3063 2648 sermones
3095 2595 3162 2646 iis
3211 2596 3472 2660 revelare,

1915 2681 2007 2752 qui
2040 2679 2107 2735 ad
2139 2681 2414 2753 fastigium
2457 2683 2588 2737 illud
2623 2683 2928 2740 altitudinis
2957 2686 3127 2741 evecti
3157 2694 3302 2739 sunt.
3337 2684 3472 2738 Cum

1915 2783 2093 2829 autem
2130 2776 2290 2830 turbo
2346 2783 2720 2846 tempestatem
2765 2785 3005 2848 generet,
3056 2776 3226 2832 Jobus
3259 2793 3386 2832 vero
3419 2778 3472 2831 in

1911 2865 2260 2922 afﬂictionum
2291 2875 2611 2938 tempestate
2643 2869 2765 2923 ﬁdei
2805 2867 3150 2940 naufragium
3184 2885 3291 2923 non
3330 2868 3473 2923 fece.

1909 2957 2002 3022 rit,
2032 2959 2126 3014 sed
2157 2961 2467 3014 constantia
2487 2960 2605 3029 ejus
2629 2961 2808 3030 potius
2837 2962 3116 3022 enituerit,
3143 2961 3349 3015 idcirco
3373 2961 3470 3030 qui

1906 3064 2230 3118 responsum
2261 3051 2309 3106 ei
2341 3051 2506 3117 dedit,
2559 3051 2624 3105 ad
2657 3051 3063 3122 signiﬁcandam
3097 3054 3466 3108 calamitatum

1907 3143 2281 3206 tempestatem
2324 3155 2443 3209 qua:
2484 3155 2606 3195 eum
2653 3143 3014 3210 corripuerat,
3065 3158 3162 3212 per
3192 3143 3464 3197 turbinem

1905 3246 2229 3301 responsura
2261 3232 2353 3287 dat
2387 3253 2399 3287 :
2433 3234 2560 3304 quia
2592 3250 2721 3290 vero
2737 3235 3098 3304 procellosum
3129 3251 3312 3290 rerum
3344 3234 3465 3303 ejus

243 3321 441 3367 statum
494 3315 550 3370 in
599 3332 848 3373 serenam
898 3321 1342 3389 tranquillitatem
1399 3326 1710 3389 mutaverit,
1752 3342 1859 3380 non
1913 3333 2125 3382 tantum
2175 3343 2270 3398 per
2316 3328 2611 3395 turbinem,
2659 3329 2750 3385 sed
2811 3346 2906 3405 per
2958 3331 3131 3387 nubes
3176 3331 3338 3386 etiam
3386 3330 3468 3383 los

244 3410 346 3478 qui!
359 3426 443 3465 ιη’.

1816 3517 1901 3573 111.

1626 3611 1759 3670 Ibid.
1790 3631 1910 3686 pag.
1946 3614 2076 3671 547.,

866 3722 1115 3776 Μεθοδιό
1123 3742 1174 3776 υ.

301 3803 494 3857 Πολλοὶ
520 3805 902 3877 καταϐέϐηκαν
941 3813 1020 3875 είς
1048 3812 1295 3878 ἄϐυσσον,
1345 3816 1438 3885 οὐχ
1461 3815 1598 3869 ὥστε
1643 3835 1794 3890 περι-

239 3899 420 3948 πατεῖν
441 3899 501 3949 ὲν
537 3899 697 3969 αὐτῇ,
725 3900 837 3952 ἀλλ’
871 3902 1010 3956 ῶστε
1037 3903 1242 3976 δέσμιοι
1268 3903 1423 3960 εἶναι.
1470 3910 1670 3981 Ἰησοῦς
1702 3912 1794 3982 μό·

236 4001 316 4048 νος
364 3989 422 4042 ὲν
460 3989 686 4060 ἀϐύσσῳ
731 3995 1128 4065 περιεπάτησεν
1182 3996 1256 4060 ὡς
1312 3999 1610 4072 ἐλεύθερος,
1663 4001 1794 4054 ὅπου

237 4075 345 4146 ἴχνη
401 4080 850 4146 περιπατούντων
901 4084 999 4136 ούκ
1048 4085 1145 4138 ἔνι.
1193 4086 1376 4140 Εἵλετο
1416 4089 1520 4160 γάρ
1569 4089 1794 4144 Θάνατον

231 4171 319 4239 οὐχ
363 4171 670 4235 ὑπεύθυνος
705 4173 812 4237 ὢν,
850 4175 935 4228 ἵνα
984 4178 1107 4240 τοὺς
1150 4179 1540 4250 ὑποκειμένους
1581 4181 1793 4252 θανάτῳ

231 4258 572 4334 λυτρώσηται
593 4281 607 4294 ⁸
653 4265 854 4334 Λέγων
888 4268 1010 4334 τοῖς
1043 4269 1114 4322 ἐν
1137 4269 1378 4339 δεσμοῖς
1398 4290 1412 4302 ·
1472 4273 1786 4338 Ἐξέλθετεο

231 4357 318 4408 κοί
348 4357 478 4424 τοῖς
500 4359 573 4411 ἐν
601 4357 680 4423 τῷ
707 4361 942 4414 σκότειο
981 4363 1466 4432 Ἄνακαλύφθητε.
1503 4360 1570 4437 ᾮ
1598 4368 1689 4420 καὶ
1723 4367 1792 4420 τά

229 4445 344 4518 ἑξῆς
377 4448 787 4518 συμφωνοῦσιν.

2555 3731 2610 3786 Μ
2614 3733 2765 3787 ethod
2773 3735 2830 3789 ii.

1975 3821 2124 3877 Multi
2173 3823 2248 3877 in'
2280 3824 2536 3895 abyssum
2570 3825 2990 3891 descenderunt,
3044 3843 3151 3881 non
3187 3835 3243 3883 ut
3289 3827 3345 3881 in
3397 3843 3463 3883 ea

1901 3918 2260 3982 ambularent,
2303 3918 2395 3972 sed
2439 3927 2496 3972 ut
2530 3920 2762 3975 vinculis
2808 3921 3091 3976 constricti
3121 3930 3459 3977 tenerentur.

1905 4006 2066 4062 Solus
2094 4005 2254 4063 Jesns
2289 4009 2343 4061 in
2375 4009 2572 4080 abysso
2602 4011 2691 4065 ubi
2721 4011 2870 4065 nulla
2908 4021 3036 4066 sunt
3063 4012 3458 4066 ambulantium

1901 4097 2150 4167 vestigia,
2183 4106 2440 4168 tanquam
2487 4101 2624 4156 liber
2669 4103 2985 4158 ambulavit.
3048 4101 3269 4156 Mortem
3310 4103 3455 4155 enim

1896 4189 2076 4259 elegit,
2125 4191 2211 4244 cui
2261 4207 2368 4245 non
2407 4203 2550 4247 esset
2577 4195 2868 4258 obnoxius,
2923 4207 2980 4248 ut
3015 4195 3177 4248 morti
3211 4194 3456 4248 addictos

1897 4281 2150 4337 liberaret
2177 4307 2188 4339 ε
2219 4285 2410 4338 Dicens
2445 4287 2509 4339 iis
2537 4287 2625 4356 qui
2675 4288 2726 4340 in
2772 4288 2990 4341 vinculis
3043 4296 3214 4349 erant,
3250 4285 3402 4339 Exite
3435 4303 3454 4340 :

1893 4383 1943 4426 et
1969 4375 2034 4428 iis
2063 4377 2154 4446 qui
2183 4377 2508 4440 intenebris,
2561 4378 2878 4432 Reuelamini
2914 4381 2956 4432 ⁵.
3004 4378 3126 4440 Cui,
3175 4396 3238 4432 ea
3289 4379 3452 4431 etiam

1891 4481 2012 4535 quae
2039 4483 2359 4537 sequuntur,
2388 4473 2752 4524 consentiunt.

1801 4551 1890 4608 Ν.

1431 4639 1572 4694 Ibid.
1605 4657 1718 4709 cap.
1755 4660 1944 4710 xxvm,
1971 4663 2090 4718 pag.
2136 4647 2258 4701 570.

851 4731 1160 4785 Μεθοδίου.

293 4818 496 4892 Ὁρᾷς·
536 4821 631 4872 ἐπὶ
655 4820 797 4872 τέλει
830 4821 936 4873 τῶν
962 4821 1137 4875 ἄθλων
1166 4823 1478 4893 ἀναγορεύει
1505 4824 1595 4877 τὸν
1627 4825 1788 4897 ἀθλη-

220 4909 310 4982 τὴν
346 4911 596 4984 λαμπρῷ
620 4911 698 4982 τῷ
732 4912 1064 4984 κηρύγματι,
1101 4914 1193 4967 καὶ
1221 4918 1415 4984 γυμνοί
1445 4915 1543 4986 τῆς
1577 4917 1787 4989 πληγῆς

2540 4739 2811 4794 Met/ludii.

1965 4827 2126 4882 Vides
2155 4836 2214 4881 ut
2237 4837 2358 4898 post
2386 4829 2742 4882 certaminum
2770 4829 2995 4892 exitum,
3023 4829 3220 4885 illustri
3246 4849 3441 4901 prazce-

1891 4921 1984 4974 nio
2014 4920 2228 4974 athleta:
2267 4919 2453 4975 laudes
2479 4921 2732 4984 celebret,
2773 4921 3027 4991 quodque
3059 4925 3113 4976 in
3147 4925 3300 4995 plaga
3323 4927 3451 4981 abs-

219 5002 275 5054 τὸ
301 5004 620 5075 ἀπόρρητον
640 5022 652 5034 ·
681 5005 796 5057 Οἴει
817 5022 895 5074 με
921 5004 1118 5071 ἄλλως
1152 5023 1249 5060 σοι
1279 5012 1783 5078 κεχρηματικέναι,

1913 5013 2168 5066 :onditum
2199 5021 2333 5075 erat,
2362 5013 2580 5078 revolet,
2603 5028 2726 5066 cum
2758 5014 2834 5066 ait
2877 5032 2890 5067 :
2927 5013 3159 5068 Putasne
3189 5033 3268 5070 me
3297 5017 3450 5071 aliter

220 5092 408 5161 λέγων,
439 5095 479 5161 ἢ
512 5096 616 5148 ἵνα
643 5093 956 5164 ἀναφανῇς
989 5097 1251 5162 δίκαιος;
1279 5099 1446 5152 Τοῦτο
1477 5102 1583 5153 τῶν
1617 5121 1781 5174 τραν-

222 5184 402 5248 ματων
435 5186 500 5238 τὸ
529 5186 850 5256 φάρμακον·
891 5187 1046 5241 τοῦτο
1085 5190 1182 5258 τῆς
1221 5191 1496 5262 ὑπομονῆς
1529 5196 1560 5264 ἠ
1595 5195 1786 5247 ἀντίδο-

221 5290 316 5336 σις.
350 5275 436 5328 Τά
463 5275 573 5346 γὰρ
603 5277 729 5347 ἑξῆς
758 5279 886 5341 ἴσως
913 5279 1099 5350 μικρὰ,
1134 5280 1234 5333 κᾶν
1267 5283 1473 5351 μεγάλα
1499 5284 1607 5336 τισὶ
1632 5284 1781 5355 δοκῇ,

223 5370 308 5420 καὶ
348 5369 568 5442 μικρῶν
595 5370 781 5424 ἕνεκεν
807 5373 1248 5443 οἰκονομηθέντα,
1287 5376 1380 5428 καὶ⁵
1413 5378 1461 5427 εἰ
1493 5377 1565 5448 (8)
1599 5377 1784 5430 διπλα-

220 5460 312 5513 σίω
332 5458 446 5514 τῶν
480 5464 848 5534 ἀφῃρημένων
873 5464 1274 5534 ἀντιλαμϐάνει.

284 5672 304 5701 ⁵
329 5669 436 5723 Job
472 5686 584 5734 xxi,
614 5671 715 5724 22'
749 5687 882 5738 χχιι,
905 5673 958 5725 2.
1036 5676 1057 5706 ⁵
1107 5673 1220 5731 Isa.
1257 5693 1404 5744 xLix,
1436 5678 1487 5733 9.

283 5792 358 5866 (7)
388 5795 466 5848 Ei
497 5793 627 5864 γάρ.
663 5794 790 5868 Leg.
892 5798 1018 5872 γάρ.
1049 5797 1283 5856 Connsr.

1893 5103 1986 5157 tibi
2016 5105 2362 5172 respondisse,
2414 5122 2570 5174 quant
2626 5116 2681 5158 ut
2722 5106 2902 5174 justus
2957 5121 3212 5174 appareas
3237 5108 3305 5162 ’ἲ
3335 5108 3449 5164 11οο

1891 5196 2172 5249 vulnerum
2200 5197 2569 5264 pharmacum,
2606 5195 2720 5249 hmo
2761 5197 3030 5264 patientia:
3059 5200 3444 5254 remuneratio.

1893 5285 2024 5350 Quae
2075 5286 2216 5338 enim
2273 5295 2568 5340 consecuta
2618 5296 2765 5351 sunt,
2814 5289 2938 5341 licet
2981 5290 3255 5359 prioribus
3283 5293 3447 5362 duplo

1892 5380 2130 5432 auctiora
2162 5379 2443 5447 receperit.
2476 5380 2668 5448 exigua
2709 5381 3034 5449 quibusdam
3066 5391 3118 5436 et
3153 5383 3447 5438 levioribus

1890 5467 1956 5521 de
1987 5469 2187 5528 causis,
2223 5468 2407 5520 divina
2435 5467 2780 5522 Providentia
2816 5470 2890 5523 ita
2919 5471 3260 5540 disponente,
3292 5479 3346 5526 et
3369 5471 3447 5529 illi

1887 5560 2087 5612 tributa
2115 5559 2280 5612 videri
2307 5559 2533 5629 possint.

1564 5683 1582 5712 ⁶
1615 5677 1714 5734 Job
1755 5693 1837 5742 XL,
1867 5677 1918 5743 3,
1952 5690 2052 5730 sec.
2086 5675 2246 5730 LXX.

1958 5797 2032 5869 (8)
2066 5797 2169 5852 Kal
2204 5799 2273 5852 εἴ.
2314 5795 2471 5854 Ferte
2500 5799 2559 5853 Ei
2597 5796 2703 5853 καί.
2736 5797 2796 5853 Ρ.
2831 5797 3036 5857 lamus.
