3980 6318
195 467 3394 512 W

1490 659 1718 699 INEUNTE
1747 660 1962 701 SECULO
1996 662 2068 701 IV.

987 849 2587 1068 ALEXANDER

595 1227 1971 1397 _LYCOPOLITANUS
2086 1235 2932 1368 EPISCOPUS

1525 1598 2038 1691 NOTITIA

1092 1793 1353 1854 (Gn.me
1385 1793 1492 1842 Vel.
1522 1793 1660 1841 Patr.
1687 1790 1934 1852 Bibliolh.,
1971 1792 2051 1854 IV,
2072 1793 2268 1856 Proleg.
2292 1831 2304 1853 ,
2328 1808 2375 1856 p.
2401 1794 2491 1858 ιι.)

197 2059 224 2114 Ι.
252 2057 544 2112 Alexander
587 2059 722 2111 unde
759 2056 928 2110 dictus
971 2055 1316 2124 Lycopolita?
1354 2054 1437 2106 An
1482 2051 1798 2122 Lycopoleos
1843 2054 2156 2122 episcopus?
2200 2051 2376 2106 Photii
2429 2052 2572 2108 locus
2623 2053 2956 2123 expenditur.
3014 2057 3130 2123 Quo
3175 2068 3402 2129 tempato

253 2130 482 2214 κάη-ἔτ..

199 2223 246 2276 11.
274 2224 402 2293 Ejus
432 2222 726 2293 Tractatus
754 2221 1013 2293 adversus
1042 2219 1368 2293 Manichznos
1417 2217 1598 2287 quanti
1630 2216 1922 2293 faciendus.
1956 2218 2155 2293 Auctor
2179 2219 2404 2286 primum
2433 2219 2687 2293 ethnicus,
2713 2217 2897 2273 deinde
2923 2218 3270 2293 Manio/micis
3291 2223 3404 2292 pla-

251 2288 358 2349 citis
392 2295 662 2346 addictus.
707 2292 878 2360 Ipsius
910 2291 1139 2344 Manetis
1184 2290 1331 2343 (elati
1353 2305 1510 2359 quam
1545 2290 1781 2356 proxime
1813 2291 2052 2341 accessit.
2091 2288 2166 2340 Ab
2204 2305 2378 2342 errore
2423 2288 2669 2343 divinitus
2701 2299 2992 2354 revocatus,
3036 2288 3402 2349 hwresiai’clta:

251 2366 492 2434 dogmata
515 2363 684 2417 solide
705 2363 975 2429 refutauit.

198 2455 266 2511 ill.
293 2455 586 2510 Alexandri
614 2473 740 2524 opus
765 2457 990 2523 primum
1015 2473 1046 2508 a
1079 2454 1391 2522 Combe/isio
1427 2455 1743 2523 evulgatum.
1775 2453 1914 2520 Quid
1941 2455 1992 2507 in
2015 2471 2073 2508 eo
2096 2453 2283 2507 Latine
2310 2452 2570 2507 reddendo
2607 2455 2914 2523 praestiterit
2937 2455 3128 2510 editor.
3155 2453 3220 2509 In
3251 2456 3401 2512 illius

249 2528 463 2582 editione
490 2527 785 2581 recudenda
808 2543 994 2579 novum
1013 2525 1246 2578 studium
1269 2524 1584 2578 adhibitum.

251 2692 284 2745 l.
319 2688 690 2745 Alexandrum
757 2686 1126 2758 Lycopolitam
1191 2685 1517 2755 appellatum
1579 2686 1735 2756 quasi
1769 2693 1812 2750 Α
1842 2687 1970 2742 tiam
2003 2687 2130 2741 alibi
2159 2687 2323 2740 tradit
2345 2685 2418 2757 (g)
2446 2707 2464 2738 ‹
2497 2687 2766 2742 Meletium
2801 2687 3045 2742 habitum
3071 2687 3243 2745 fuisse
3263 2689 3406 2745 The-

198 2783 315 2853 l.yeo
357 2780 657 2836 Thebaidis
697 2779 831 2831 urbe
869 2777 1181 2840 oriundum,
1229 2778 1469 2847 adeoque
1514 2779 1735 2834 natione

196 2877 504 2947 .Egyptium,
542 2869 876 2928 existimavit
904 2868 1261 2923 Combeﬁsius
1287 2870 1400 2940 (a);
1433 2869 1521 2923 cui
1551 2885 1736 2924 acces-

198 2984 298 3022 sere
322 2968 532 3021 Caveus
554 2961 630 3031 (ὁ)
672 2967 725 3036 et
758 2957 1045 3012 Fabricius
1071 2957 1162 3024 (c).
1204 2955 1308 3011 Sed
1339 2959 1546 3012 incerta
1577 2960 1736 3028 plane

194 3060 508 3126 conjectura,
537 3058 585 3112 si
620 3056 754 3112 ﬁdes
781 3055 1030 3111 habenda
1058 3054 1254 3109 Photio
1297 3056 1351 3109 in
1396 3055 1636 3124 Epitome
1674 3056 1736 3109 de

197 3150 504 3215 Haniclueis,
561 3165 725 3219 quam
787 3147 989 3202 dudum
1047 3147 1214 3201 edidit
1272 3148 1341 3202 cl.
1400 3146 1737 3202 Montl'auco-

193 3243 299 3296 nius
321 3243 416 3311 (ά).
455 3241 514 3295 1η
545 3256 616 3296 eo
646 3239 910 3309 siquidem
951 3254 1114 3309 opere
1150 3237 1376 3294 Photius
1409 3239 1475 3294 de
1507 3243 1736 3309 seripto-

191 3333 325 3388 ribus
357 3334 525 3388 verba
581 3331 786 3385 faciens
832 3329 923 3398 qui
974 3329 1236 3384 adversus
1284 3330 1406 3384 illos
1455 3331 1736 3386 hmreticos

191 3425 366 3495 stylum
414 3426 709 3484 strinxere,
753 3421 997 3476 meminit
1039 3437 1254 3491 quoque
1292 3421 1463 3476 nostri
1504 3421 1738 3476 Alexan-

191 3517 258 3568 dri
275 3514 337 3586 (δ)
360 3525 622 3583 tanquam
656 3513 807 3568 urbis
833 3513 1098 3584 Lyeurum
1123 3513 1390 3582 pontilicis
1423 3531 1436 3568 :
1471 3515 1536 3568 ’⁷0
1557 3532 1616 3568 τε
1639 3515 1737 3584 τῆς

190 3607 372 3670 πόλεως
399 3607 600 3660 Λύκων
641 3605 982 3677 Ἀλέξανδρος
1005 3606 1128 3668 τοὺς
1155 3606 1568 3676 ἀρχιερατικοὺς
1590 3608 1740 3674 ἐγκε-

190 3698 509 3768 χειρισμένος
556 3697 772 3767 νόμους,
823 3704 880 3750 ut
923 3697 1151 3765 proinde
1193 3696 1336 3750 haud
1384 3696 1540 3750 facile
1588 3697 1737 3751 dictu

187 3799 461 3855 statuatur,
510 3807 643 3845 num
686 3801 870 3845 auctor
903 3789 1206 3860 Lycopolita
1251 3798 1533 3860 propterea
1578 3791 1738 3844 fuerit

188 3885 497 3950 appellatus,
532 3882 678 3952 quod
710 3889 890 3935 ortum
920 3881 1137 3934 duxerit
1181 3882 1294 3934 sive
1338 3896 1404 3934 ex
1445 3879 1739 3935 Thebaidis

185 3977 350 4044 prima:
387 3975 674 4047 Lycripoli,
708 3974 821 4028 sive
849 3989 915 4028 ex
948 3974 1118 4028 altera
1164 3973 1414 4045 Lyeopoli
1441 3973 1737 4031 inferioris

185 4066 384 4138 ἐξεῖριί
417 4083 586 4138 quam
619 4067 674 4119 in
698 4080 859 4118 nomo
887 4063 1247 4136 Sebennytico
1273 4066 1408 4118 mari
1439 4068 1737 4135 proximam

185 4158 483 4229 Stephanus
517 4157 746 4224 statuit;
780 4172 846 4209 an
871 4157 1051 4226 potius
1074 4157 1277 4211 idcirco
1301 4157 1462 4212 fuerit
1497 4158 1740 4229 Lycope-

182 4250 263 4303 lita
285 4252 492 4314 dictus,
515 4251 661 4321 quod
687 4249 1017 4320 Lyc0poleos
1035 4250 1403 4319 episc0patum
1427 4251 1739 4308 obtinuerit.

238 4339 420 4412 Neque
470 4356 602 4395 vero
644 4339 809 4392 alicui
844 4353 1049 4391 moram
1083 4337 1283 4392 inferre
1312 4337 1470 4394 debet
1501 4340 1740 4397 insolens

179 4427 428 4485 Pbotiana
469 4428 731 4499 loquendi
757 4429 915 4491 ratio,
951 4442 1056 4496 qua
1094 4428 1264 4482 fertur
1292 4428 1740 4500 Lycopolitanum

177 4523 705 4594 archiepisc0patum
749 4523 991 4578 tenuisse
1035 4522 1374 4588 Alexander;
1418 4538 1539 4576 cum
1573 4540 1740 4576 unum

179 4615 602 4670 Alexandrinum
637 4615 932 4670 antistitem
975 4615 1142 4670 totius
1181 4614 1509 4685 lEgyptiaca:
1541 4617 1742 4670 didice—

179 4722 286 4762 seos
341 4706 828 4776 archiepiscopum
891 4705 1060 4760 fuisse
1116 4714 1347 4759 constet.
1408 4705 1742 4775 Epiphanius

176 4804 308 4850 certe
336 4795 624 4851 Meletium
660 4793 1103 4865 Lycopolitanum
1131 4795 1441 4864 episcopum
1474 4797 1742 4852 schisma-

178 4886 327 4939 ticum
367 4901 695 4941 memorans
726 4885 812 4954 (Ῑ)
844 4904 856 4938 :
895 4905 912 4936 ‹
943 4885 1115 4955 Atque
1136 4887 1224 4941 ille
1246 4887 1484 4955 quidem,
1511 4889 1606 4949 ait.
1640 4903 1736 4942 cae-

175 4979 292 5032 teris
346 4977 586 5049 Egypti
640 4977 911 5046 episeopis
967 4979 1316 5043 antecellens,
1371 4981 1668 5035 secundum
1714 4997 1742 5035 a

174 5064 321 5123 Petro
367 5069 753 5124 Alexandrino
802 5070 1082 5139 dignitatis
1137 5071 1314 5124 locum
1371 5071 1686 5128 obtinebat:
1721 5093 1738 5126 ι

181 5160 379 5215 Ἐδόκει
404 5162 468 5215 δὲ
501 5165 530 5215 ὁ
559 5164 825 5233 Μελήτιος
851 5161 956 5214 τῶν
985 5165 1122 5218 κατὰ
1151 5165 1246 5235 τὴν
1282 5163 1551 5232 Αἴγυπτον
1579 5167 1745 5237 προή-

173 5268 292 5318 κων,
321 5258 422 5308 καὶ
448 5255 784 5328 δευτερεύων
803 5257 878 5327 τῷ
898 5258 1086 5327 Πέτρῳ
1111 5255 1185 5325 τῷ
1211 5255 1309 5324 τῆς
1349 5256 1745 5328 Ἀλεξανδρείας

172 5345 299 5397 κατὰ
326 5346 434 5415 τὴν
467 5348 923 5419 ἀρχιεπισκοπήν.
967 5348 1142 5417 Atque
1170 5348 1223 5400 in
1255 5349 1496 5403 eamdem
1529 5356 1742 5404 senten-

230 5499 306 5575 (ᾳ)
335 5502 602 5575 Combef.
633 5503 856 5558 Auctar.
885 5505 1100 5567 noviss.,
1129 5512 1267 5572 part.
1293 5521 1352 5567 ll,
1387 5521 1508 5575 pag.
1548 5506 1600 5560 2.

230 5571 304 5642 (b)
333 5573 736 5648 §a_v._Dis_sert.
761 5575 822 5648 d_e
846 5576 1023 5642 script.
1047 5571 1172 5648 eccl.
1200 5571 1584 5648 i'ncertgwlat"
1606 5595 1655 5648 p.
1689 5578 1741 5631 2.

230 5649 300 5713 (c)
330 5643 567 5713 Fabric.
591 5644 731 5697 Bibl.
767 5644 884 5706 Gr.,
916 5653 1044 5699 tom.
1075 5644 1138 5706 ν,
1165 5660 1284 5713 pag.
1313 5646 1438 5701 287.

231 5712 307 5779 (ά)
337 5712 730 5785 )10ntf._Bibl.
771 5714 958 5777 Coisl.,
993 5730 1110 5785 pag.
1140 5712 1250 5768 2M9
1273 5732 1425 5785 seqq.

234 5789 299 5853 (ε)
335 5783 510 5839 Phot.
549 5782 714 5853 Epist.
747 5786 810 5841 de
839 5782 1097 5849 ΜαηὶεΙιζ,
1127 5786 1162 5841 I.
1191 5803 1264 5851 c.,
1291 5782 1411 5858 pagi
1444 5787 1565 5842 354.

1770 4043 1812 4095 Β

1842 2779 2016 2835 baidis
2058 2779 2271 2850 Egypti
2311 2780 2599 2848 provincia:
2627 2780 3097 2850 archiepiscopum
3128 2800 3142 2836 :
3176 2801 3194 2833 ι
3226 2783 3404 2854 Μελή-

1839 2889 1969 2934 τιος,
1999 2871 2027 2921 ὁ
2057 2871 2155 2940 τῆς
2183 2869 2454 2938 Αἰγύπτου
2501 2870 2607 2922 ἀπὸ
2644 2869 2904 2938 Θηϐαΐδος
2935 2870 3106 2923 δοκῶν
3151 2867 3288 2923 εἶναι
3313 2872 3406 2924 καὶ

1841 2963 2000 3024 αὐτὸς
2028 2962 2470 3033 ἁρχιεπίσκοπος.
2515 2960 2638 3014 Haec
2672 2969 2848 3015 autem
2879 2977 3096 3032 quoquo
3126 2963 3287 3016 modo
3314 2977 3406 3017 ac-

1842 3054 2132 3124 cipiantur,
2161 3053 2206 3107 si
2227 3052 2350 3120 quis
2379 3051 2708 3106 admittenda
2739 3059 2977 3114 censeat,
3001 3053 3056 3105 in
3079 3052 3208 3107 sede
3241 3051 3408 3123 Lyco-

1842 3148 2080 3218 politana
2110 3145 2355 3214 proxime
2394 3145 2748 3198 antecesserit
2775 3144 3080 3198 Alexander
3107 3143 3402 3209 Meletium,

1841 3254 2002 3310 quem
2033 3238 2252 3292 ineunte
2278 3237 2478 3290 sacculo
2507 3254 2561 3291 iv
2589 3237 2903 3290 cathedram
2938 3236 3082 3289 illam
3106 3251 3407 3306 occupasse

1843 3332 2207 3402 comperimus
2235 3351 2247 3385 :
2279 3345 2387 3402 quo
2417 3346 2547 3384 sane
2585 3329 2773 3383 ordine
2811 3328 2952 3382 inter
2991 3328 3407 3400 Lycopolitanos

1843 3426 2104 3495 praesules
2135 3425 2310 3494 ipsum
2342 3423 2511 3478 refert
2545 3421 2875 3492 Lequienius
2904 3419 2967 3476 V.
2999 3420 3063 3476 C.
3101 3419 3277 3476 Photii
3311 3435 3408 3475 au-

1842 3518 2091 3572 ctoritate
2120 3523 2396 3585 permotus
2423 3513 2517 3584 (Ιι).

1915 3608 1975 3663 ll.
2018 3607 2188 3662 Porro
2231 3616 2508 3676 utcunque
2553 3621 2611 3660 se
2655 3619 2744 3659 res
2781 3603 3002 3667 habeat,
3047 3602 3162 3657 sive
3198 3602 3408 3672 origine

1845 3701 1958 3754 sive
1987 3699 2249 3770 dignitate
2275 3700 2418 3755 sedis
2445 3698 2760 3770 Lycopolita
2783 3697 2944 3752 fuerit
2975 3706 3158 3751 noster
3179 3695 3410 3750 Alexan-

1845 3793 1961 3856 der,
2006 3792 2138 3846 illud
2167 3801 2373 3847 certum
2408 3794 2878 3862 exploratumque,
2920 3792 3096 3860 ipsum
3123 3789 3244 3859 jure
3272 3788 3412 3858 opti-

1845 3901 1935 3938 mo
1974 3886 2114 3940 inter
2147 3885 2441 3953 scriptores
2473 3884 2875 3939 ecclesiasticos
2911 3884 3089 3936 locum
3115 3881 3219 3936 sibi
3241 3879 3411 3935 vindi-

1846 3994 1991 4039 care,
2016 3978 2212 4046 quippe
2232 3977 2323 4046 qui
2347 3977 2678 4031 luculentum
2702 3974 2962 4029 adversus
2992 3973 3408 4028 Manichaeorum

1841 4069 2037 4138 placita
2069 4075 2356 4121 tractatum
2389 4067 2584 4122 litteris
2628 4065 2968 4136 consignarit
3006 4083 3020 4119 :
3056 4063 3254 4116 Allatio
3283 4078 3409 4131 pro-

1841 4168 2023 4228 pterea
2054 4160 2232 4214 dictus
2258 4159 2320 4231 (ἱ)
2345 4170 2534 4213 auctor
2567 4158 2950 4212 eruditissimus
2977 4164 3029 4211 et
3055 4151 3410 4224 φιλοσοφικώ-

1840 4269 2019 4316 τατος,
2057 4252 2284 4322 ejusque
2323 4268 2459 4322 opus
2499 4251 2704 4305 libellus
2736 4265 2966 4312 aureus;
3005 4265 3072 4303 ex
3112 4263 3220 4318 quo
3246 4247 3407 4302 etiam

1843 4346 1951 4400 duo
1988 4347 2106 4400 loca
2139 4346 2429 4415 exscripsit
2462 4345 2820 4415 protulitque,
2864 4343 2993 4396 dum
3025 4341 3203 4396 adhuc
3241 4341 3297 4394 in
3327 4339 3409 4395 bi-

1843 4437 2128 4493 bliothecis
2162 4439 2376 4493 latebat.

1913 4528 1991 4583 Ex
2023 4530 2212 4600 'operis
2256 4539 2434 4584 autem
2470 4529 2829 4598 inscriptione
2883 4527 3147 4582 discimus
3177 4523 3410 4578 Alexan-

1843 4620 2000 4674 drum
2024 4621 2192 4675 fuisse
2214 4621 2446 4688 primum
2469 4619 2698 4674 ethnicae
2717 4617 3088 4688 superstitioni
3108 4615 3406 4671 addictum:

1843 4729 1967 4765 mox
1995 4727 2142 4778 vero,
2179 4711 2489 4766 Graecorum
2519 4712 2667 4765 cultu
2692 4711 2900 4774 relicto,
2938 4710 3286 4764 Manichaicaa
3311 4709 3408 4762 do-

1844 4804 2030 4857 ctrinae
2060 4803 2299 4856 animum
2330 4802 2617 4872 adjecisse,
2641 4816 2803 4872 quam
2832 4803 2901 4858 ab
2936 4803 3002 4857 iis
3026 4802 3119 4872 qui
3146 4818 3268 4857 cum
3298 4801 3408 4856 hae-

1846 4895 2119 4950 resiarcha
2156 4894 2494 4950 familiariter
2530 4897 2744 4952 fuerant
2788 4895 3116 4960 conversati,
3164 4894 3270 4947 ἁπὸ
3299 4894 3409 4946 τῶν

1845 4988 2134 5059 γνωρίμων
2171 4989 2263 5041 τοῦ
2298 4988 2508 5061 ἀνδρὸς,
2541 5005 2599 5044 se
2627 4989 2902 5058 accepisse
2931 4995 3162 5043 testatur
3183 4986 3263 5059 (j)
3299 5005 3311 5041 :
3349 4993 3410 5041 ut

1847 5086 2131 5148 prepterea
2180 5081 2225 5135 si
2271 5080 2340 5135 ab
2385 5080 2556 5148 ipsius
2606 5079 2832 5134 Manetis
2875 5079 3208 5150 temporibus
3263 5079 3404 5132 baud

1848 5171 2004 5242 longe
2035 5181 2298 5227 remotum
2340 5171 2507 5226 fuisse
2547 5179 2825 5225 auctorem
2869 5172 2992 5240 quis
3023 5169 3317 5234 existimet,
3353 5169 3404 5223 id

1847 5279 1978 5319 sane
1997 5264 2121 5333 jure
2145 5266 2349 5334 optimo
2376 5265 2648 5333 conjicere
2685 5263 2948 5317 videatur.
2982 5263 3065 5316 Ab
3098 5278 3160 5317 ea
3189 5261 3404 5316 demum

1847 5363 1995 5412 secta
2026 5358 2286 5411 divinitus
2328 5365 2615 5412 revocatus
2656 5366 2816 5425 atque
2845 5355 2912 5409 ad
2941 5355 3236 5411 Ecclesiam
3264 5368 3401 5411 con-

1915 5503 1990 5576 (f)
2018 5504 2208 5576 Epiph.
2242 5505 2372 5558 hazr.
2405 5519 2597 5567 uvm,
2629 5519 2780 5576 num.
2816 5504 2868 5558 1.

1914 5573 1987 5645 (g)
2018 5573 2094 5645 id.
2129 5577 2257 5628 haer.
2293 5591 2626 5645 [.mxtnum.
2657 5575 2710 5628 2.

1913 5643 1988 5716 (lt)
2014 5644 2268 5716 Lequien.
2304 5646 2401 5716 ρι’.
2427 5644 2738 5716 6111.,ηῐοῐη.
2766 5645 2830 5710 ll,
2859 5660 2981 5715 pag.

1913 5715 1976 5784 (i)
2007 5715 2165 5770 Allat.
2197 5715 2264 5768 ad
2290 5715 2533 5786 Eustath.
2560 5715 2838 5777 Heraean.
2872 5725 3027 5786 pagg;
3056 5715 3125 5771 50
3154 5722 3208 5772 et
3233 5715 3322 5775 55.

1913 5732 1973 5784 υ)
2007 5732 2165 5770 Attat.
2197 5732 2262 5768 aa
2290 5732 2533 5768 mustum.
2560 5732 2838 5777 rrexaent..
2872 5732 2935 5786 pa
2976 5732 3027 5786 ε.
3057 5732 3125 5771 ου
3154 5732 3208 5772 et
3233 5732 3322 5775 oo.

1913 5788 1982 5856 (j)
2010 5788 2161 5842 Alex.
2187 5787 2248 5840 de
2283 5785 2512 5840 Manich.
2547 5787 2754 5856 placit.,
2788 5732 2988 5858 cap.
3370 5812 3378 5822 ε
