  <div class='ocr_page' id='page_1' title='image "/cluster/home/n/w/nwhite01/storage/ocr_20150623/18/hvd.32044073501215/213.png"; bbox 0 0 3980 6318; ppageno 0'>
   <div class='ocr_carea' id='block_1_1' title="bbox 598 295 699 352">
    <p class='ocr_par' dir='ltr' id='par_1_1' title="bbox 598 295 699 352">
     <span class='ocr_line' id='line_1_1' title="bbox 598 295 699 352; baseline 0.01 -1"><span class='ocrx_word' id='word_1_1' title='bbox 598 295 699 352; x_wconf 76' lang='grc'><strong>411</strong></span> 
     </span>
    </p>
   </div>
   <div class='ocr_carea' id='block_1_2' title="bbox 1577 296 3736 367">
    <p class='ocr_par' dir='ltr' id='par_1_2' title="bbox 1577 296 3736 367">
     <span class='ocr_line' id='line_1_2' title="bbox 1577 296 3736 367; baseline 0.007 -16"><span class='ocrx_word' id='word_1_2' title='bbox 1577 296 1975 354; x_wconf 66' lang='lat' dir='ltr'><strong>ALEXAND!“</strong></span> <span class='ocrx_word' id='word_1_3' title='bbox 2008 297 2311 356; x_wconf 81' lang='lat' dir='ltr'><strong>EPISCOPI</strong></span> <span class='ocrx_word' id='word_1_4' title='bbox 2349 300 2857 357; x_wconf 79' lang='lat' dir='ltr'><strong>LYCOPOLITANI</strong></span> <span class='ocrx_word' id='word_1_5' title='bbox 3634 312 3736 367; x_wconf 68' lang='grc' dir='ltr'><strong><em>ἰη</em></strong></span> 
     </span>
    </p>
   </div>
   <div class='ocr_carea' id='block_1_3' title="bbox 523 405 3744 491">
    <p class='ocr_par' dir='ltr' id='par_1_3' title="bbox 523 405 3744 491">
     <span class='ocr_line' id='line_1_3' title="bbox 523 405 3744 491; baseline 0.003 -22"><span class='ocrx_word' id='word_1_6' title='bbox 523 405 529 410; x_wconf 75' lang='grc'><em>’</em></span> <span class='ocrx_word' id='word_1_7' title='bbox 593 410 835 484; x_wconf 69' lang='lat' dir='ltr'><strong>fugiens,</strong></span> <span class='ocrx_word' id='word_1_8' title='bbox 864 413 1236 470; x_wconf 72' lang='lat' dir='ltr'><strong>haeresiarchae</strong></span> <span class='ocrx_word' id='word_1_9' title='bbox 1264 415 1412 471; x_wconf 90' lang='lat' dir='ltr'><strong>illius</strong></span> <span class='ocrx_word' id='word_1_10' title='bbox 1435 417 1635 486; x_wconf 88' lang='lat' dir='ltr'><strong>probra</strong></span> <span class='ocrx_word' id='word_1_11' title='bbox 1658 418 1880 481; x_wconf 87' lang='lat' dir='ltr'><strong>detexit,</strong></span> <span class='ocrx_word' id='word_1_12' title='bbox 1913 427 1967 475; x_wconf 89' lang='lat' dir='ltr'><strong>et</strong></span> <span class='ocrx_word' id='word_1_13' title='bbox 1990 421 2159 475; x_wconf 90' lang='lat' dir='ltr'><strong>male-</strong></span> <span class='ocrx_word' id='word_1_14' title='bbox 2185 428 2232 481; x_wconf 79' lang='grc' dir='ltr'><strong>Α</strong></span> <span class='ocrx_word' id='word_1_15' title='bbox 2259 420 2525 477; x_wconf 83' lang='lat' dir='ltr'><strong>Henricus</strong></span> <span class='ocrx_word' id='word_1_16' title='bbox 2577 418 2829 476; x_wconf 80' lang='lat' dir='ltr'><strong>Valesius</strong></span> <span class='ocrx_word' id='word_1_17' title='bbox 2878 422 2960 474; x_wconf 81' lang='lat' dir='ltr'><strong>vir</strong></span> <span class='ocrx_word' id='word_1_18' title='bbox 3016 434 3273 487; x_wconf 89' lang='lat' dir='ltr'><strong>summus,</strong></span> <span class='ocrx_word' id='word_1_19' title='bbox 3331 421 3493 491; x_wconf 80' lang='lat' dir='ltr'><strong>inquit</strong></span> <span class='ocrx_word' id='word_1_20' title='bbox 3537 424 3744 483; x_wconf 67' lang='lat' dir='ltr'><strong>laudatus</strong></span> 
     </span>
    </p>
   </div>
   <div class='ocr_carea' id='block_1_4' title="bbox 597 505 2161 581">
    <p class='ocr_par' dir='ltr' id='par_1_4' title="bbox 597 505 2161 581">
     <span class='ocr_line' id='line_1_4' title="bbox 597 505 2161 581; baseline 0.003 -18"><span class='ocrx_word' id='word_1_21' title='bbox 597 521 734 563; x_wconf 83' lang='lat' dir='ltr'><strong>sana</strong></span> <span class='ocrx_word' id='word_1_22' title='bbox 763 505 883 575; x_wconf 85' lang='lat' dir='ltr'><strong>ejus</strong></span> <span class='ocrx_word' id='word_1_23' title='bbox 922 506 1173 576; x_wconf 78' lang='lat' dir='ltr'><strong>dogmata</strong></span> <span class='ocrx_word' id='word_1_24' title='bbox 1219 508 1391 563; x_wconf 84' lang='lat' dir='ltr'><strong>solide</strong></span> <span class='ocrx_word' id='word_1_25' title='bbox 1436 508 1728 564; x_wconf 81' lang='lat' dir='ltr'><strong>refutavit:</strong></span> <span class='ocrx_word' id='word_1_26' title='bbox 1756 510 1903 580; x_wconf 93' lang='lat' dir='ltr'><strong>quod</strong></span> <span class='ocrx_word' id='word_1_27' title='bbox 1943 510 2161 581; x_wconf 87' lang='lat' dir='ltr'><strong>quidem</strong></span> 
     </span>
    </p>
   </div>
   <div class='ocr_carea' id='block_1_5' title="bbox 598 597 2163 673">
    <p class='ocr_par' dir='ltr' id='par_1_5' title="bbox 598 597 2163 673">
     <span class='ocr_line' id='line_1_5' title="bbox 598 597 2163 673; baseline 0.004 -21"><span class='ocrx_word' id='word_1_28' title='bbox 598 597 883 668; x_wconf 84' lang='lat' dir='ltr'><strong>magniﬁce</strong></span> <span class='ocrx_word' id='word_1_29' title='bbox 925 599 1198 667; x_wconf 76' lang='lat' dir='ltr'><strong>praestitit,</strong></span> <span class='ocrx_word' id='word_1_30' title='bbox 1246 600 1511 670; x_wconf 82' lang='lat' dir='ltr'><strong>pluraque</strong></span> <span class='ocrx_word' id='word_1_31' title='bbox 1553 601 1715 656; x_wconf 88' lang='lat' dir='ltr'><strong>simul</strong></span> <span class='ocrx_word' id='word_1_32' title='bbox 1756 617 1917 673; x_wconf 87' lang='lat' dir='ltr'><strong>quam</strong></span> <span class='ocrx_word' id='word_1_33' title='bbox 1959 604 2070 668; x_wconf 84' lang='lat' dir='ltr'><strong>alii,</strong></span> <span class='ocrx_word' id='word_1_34' title='bbox 2104 614 2163 659; x_wconf 92' lang='lat' dir='ltr'><strong>ut</strong></span> 
     </span>
    </p>
   </div>
   <div class='ocr_carea' id='block_1_6' title="bbox 598 689 2162 765">
    <p class='ocr_par' dir='ltr' id='par_1_6' title="bbox 598 689 2162 765">
     <span class='ocr_line' id='line_1_6' title="bbox 598 689 2162 765; baseline 0.006 -22"><span class='ocrx_word' id='word_1_35' title='bbox 598 689 874 760; x_wconf 86' lang='lat' dir='ltr'><strong>quondam</strong></span> <span class='ocrx_word' id='word_1_36' title='bbox 904 697 1066 746; x_wconf 71' lang='lat' dir='ltr'><strong>secta:</strong></span> <span class='ocrx_word' id='word_1_37' title='bbox 1096 691 1449 760; x_wconf 89' lang='lat' dir='ltr'><strong>domesticus,</strong></span> <span class='ocrx_word' id='word_1_38' title='bbox 1485 692 1552 749; x_wconf 91' lang='lat' dir='ltr'><strong>de</strong></span> <span class='ocrx_word' id='word_1_39' title='bbox 1582 695 1728 749; x_wconf 90' lang='lat' dir='ltr'><strong>illius</strong></span> <span class='ocrx_word' id='word_1_40' title='bbox 1762 696 1977 765; x_wconf 86' lang='lat' dir='ltr'><strong>placitis</strong></span> <span class='ocrx_word' id='word_1_41' title='bbox 2005 697 2162 753; x_wconf 91' lang='lat' dir='ltr'><strong>nobis</strong></span> 
     </span>
    </p>
   </div>
   <div class='ocr_carea' id='block_1_7' title="bbox 598 781 2162 856">
    <p class='ocr_par' dir='ltr' id='par_1_7' title="bbox 598 781 2162 856">
     <span class='ocr_line' id='line_1_7' title="bbox 598 781 2162 856; baseline 0.006 -22"><span class='ocrx_word' id='word_1_42' title='bbox 598 792 875 850; x_wconf 89' lang='lat' dir='ltr'><strong>comperta</strong></span> <span class='ocrx_word' id='word_1_43' title='bbox 918 781 1114 838; x_wconf 83' lang='lat' dir='ltr'><strong>fecisse</strong></span> <span class='ocrx_word' id='word_1_44' title='bbox 1161 785 1494 853; x_wconf 88' lang='lat' dir='ltr'><strong>comperitur</strong></span> <span class='ocrx_word' id='word_1_45' title='bbox 1530 804 1544 839; x_wconf 87' lang='lat'>:</span> <span class='ocrx_word' id='word_1_46' title='bbox 1584 802 1693 856; x_wconf 90' lang='lat' dir='ltr'><strong>quo</strong></span> <span class='ocrx_word' id='word_1_47' title='bbox 1740 788 1901 841; x_wconf 88' lang='lat' dir='ltr'><strong>etiam</strong></span> <span class='ocrx_word' id='word_1_48' title='bbox 1943 789 2162 845; x_wconf 89' lang='lat' dir='ltr'><strong>nomine</strong></span> 
     </span>
    </p>
   </div>
   <div class='ocr_carea' id='block_1_8' title="bbox 598 873 2160 950">
    <p class='ocr_par' dir='ltr' id='par_1_8' title="bbox 598 873 2160 950">
     <span class='ocr_line' id='line_1_8' title="bbox 598 873 2160 950; baseline 0.005 -23"><span class='ocrx_word' id='word_1_49' title='bbox 598 873 912 942; x_wconf 88' lang='lat' dir='ltr'><strong>hujusmodi</strong></span> <span class='ocrx_word' id='word_1_50' title='bbox 955 875 1199 930; x_wconf 87' lang='lat' dir='ltr'><strong>auctoris</strong></span> <span class='ocrx_word' id='word_1_51' title='bbox 1230 876 1538 931; x_wconf 83' lang='lat' dir='ltr'><strong>lucubratio</strong></span> <span class='ocrx_word' id='word_1_52' title='bbox 1572 878 1743 933; x_wconf 87' lang='lat' dir='ltr'><strong>multo</strong></span> <span class='ocrx_word' id='word_1_53' title='bbox 1773 879 1827 933; x_wconf 91' lang='lat' dir='ltr'><strong>in</strong></span> <span class='ocrx_word' id='word_1_54' title='bbox 1855 881 2031 950; x_wconf 90' lang='lat' dir='ltr'><strong>pretio</strong></span> <span class='ocrx_word' id='word_1_55' title='bbox 2058 880 2160 935; x_wconf 81' lang='lat' dir='ltr'><strong>ha-</strong></span> 
     </span>
    </p>
   </div>
   <div class='ocr_carea' id='block_1_9' title="bbox 596 964 1031 1022">
    <p class='ocr_par' dir='ltr' id='par_1_9' title="bbox 596 964 1031 1022">
     <span class='ocr_line' id='line_1_9' title="bbox 596 964 1031 1022; baseline -0.002 0"><span class='ocrx_word' id='word_1_56' title='bbox 596 964 774 1022; x_wconf 82' lang='lat' dir='ltr'><strong>benda</strong></span> <span class='ocrx_word' id='word_1_57' title='bbox 799 966 1031 1021; x_wconf 88' lang='lat' dir='ltr'><strong>videtur.</strong></span> 
     </span>
    </p>
   </div>
   <div class='ocr_carea' id='block_1_10' title="bbox 667 1054 2158 1130">
    <p class='ocr_par' dir='ltr' id='par_1_10' title="bbox 667 1054 2158 1130">
     <span class='ocr_line' id='line_1_10' title="bbox 667 1054 2158 1130; baseline 0.005 -19"><span class='ocrx_word' id='word_1_58' title='bbox 667 1054 757 1111; x_wconf 90' lang='lat' dir='ltr'><strong>lll.</strong></span> <span class='ocrx_word' id='word_1_59' title='bbox 798 1054 953 1111; x_wconf 84' lang='lat' dir='ltr'><strong>Hunc</strong></span> <span class='ocrx_word' id='word_1_60' title='bbox 968 1066 1144 1112; x_wconf 91' lang='lat' dir='ltr'><strong>autem</strong></span> <span class='ocrx_word' id='word_1_61' title='bbox 1169 1056 1463 1113; x_wconf 80' lang='lat' dir='ltr'><strong>Alexandri</strong></span> <span class='ocrx_word' id='word_1_62' title='bbox 1489 1058 1654 1114; x_wconf 81' lang='lat' dir='ltr'><strong>fetum</strong></span> <span class='ocrx_word' id='word_1_63' title='bbox 1671 1060 1878 1130; x_wconf 93' lang='lat' dir='ltr'><strong>primus</strong></span> <span class='ocrx_word' id='word_1_64' title='bbox 1902 1063 1955 1119; x_wconf 92' lang='lat' dir='ltr'><strong>in</strong></span> <span class='ocrx_word' id='word_1_65' title='bbox 1983 1063 2158 1119; x_wconf 89' lang='lat' dir='ltr'><strong>lucem</strong></span> 
     </span>
    </p>
   </div>
   <div class='ocr_carea' id='block_1_11' title="bbox 596 1148 2156 1225">
    <p class='ocr_par' dir='ltr' id='par_1_11' title="bbox 596 1148 2156 1225">
     <span class='ocr_line' id='line_1_11' title="bbox 596 1148 2156 1225; baseline 0.003 -21"><span class='ocrx_word' id='word_1_66' title='bbox 596 1149 790 1204; x_wconf 79' lang='lat' dir='ltr'><strong>extulit</strong></span> <span class='ocrx_word' id='word_1_67' title='bbox 811 1148 1167 1206; x_wconf 83' lang='lat' dir='ltr'><strong>Combeﬁsius</strong></span> <span class='ocrx_word' id='word_1_68' title='bbox 1192 1150 1264 1221; x_wconf 75' lang='lat' dir='ltr'><strong>(It)</strong></span> <span class='ocrx_word' id='word_1_69' title='bbox 1288 1167 1350 1206; x_wconf 89' lang='lat' dir='ltr'><strong>ex</strong></span> <span class='ocrx_word' id='word_1_70' title='bbox 1371 1151 1601 1207; x_wconf 88' lang='lat' dir='ltr'><strong>Emerici</strong></span> <span class='ocrx_word' id='word_1_71' title='bbox 1627 1152 1817 1222; x_wconf 81' lang='lat' dir='ltr'><strong>Bigotii</strong></span> <span class='ocrx_word' id='word_1_72' title='bbox 1841 1155 2156 1225; x_wconf 88' lang='lat' dir='ltr'><strong>exemplari,</strong></span> 
     </span>
    </p>
   </div>
   <div class='ocr_carea' id='block_1_12' title="bbox 596 1240 2158 1318">
    <p class='ocr_par' dir='ltr' id='par_1_12' title="bbox 596 1240 2158 1318">
     <span class='ocr_line' id='line_1_12' title="bbox 596 1240 2158 1318; baseline 0.005 -24"><span class='ocrx_word' id='word_1_73' title='bbox 596 1241 742 1312; x_wconf 87' lang='lat' dir='ltr'><strong>quod</strong></span> <span class='ocrx_word' id='word_1_74' title='bbox 787 1242 876 1297; x_wconf 89' lang='lat' dir='ltr'><strong>hic</strong></span> <span class='ocrx_word' id='word_1_75' title='bbox 917 1242 971 1295; x_wconf 87' lang='lat' dir='ltr'><strong>in</strong></span> <span class='ocrx_word' id='word_1_76' title='bbox 1012 1240 1217 1297; x_wconf 69' lang='lat' dir='ltr'><strong>itaiiam</strong></span> <span class='ocrx_word' id='word_1_77' title='bbox 1256 1243 1530 1312; x_wconf 82' lang='lat' dir='ltr'><strong>profectus</strong></span> <span class='ocrx_word' id='word_1_78' title='bbox 1561 1246 1628 1298; x_wconf 90' lang='lat' dir='ltr'><strong>ab</strong></span> <span class='ocrx_word' id='word_1_79' title='bbox 1651 1244 1929 1301; x_wconf 82' lang='lat' dir='ltr'><strong>Holstenio</strong></span> <span class='ocrx_word' id='word_1_80' title='bbox 1962 1262 2158 1318; x_wconf 84' lang='lat' dir='ltr'><strong>magno</strong></span> 
     </span>
    </p>
   </div>
   <div class='ocr_carea' id='block_1_13' title="bbox 596 1331 2155 1405">
    <p class='ocr_par' dir='ltr' id='par_1_13' title="bbox 596 1331 2155 1405">
     <span class='ocr_line' id='line_1_13' title="bbox 596 1331 2155 1405; baseline 0.006 -24"><span class='ocrx_word' id='word_1_81' title='bbox 596 1342 821 1383; x_wconf 90' lang='lat' dir='ltr'><strong>munere</strong></span> <span class='ocrx_word' id='word_1_82' title='bbox 848 1341 1150 1400; x_wconf 85' lang='lat' dir='ltr'><strong>acceperat.</strong></span> <span class='ocrx_word' id='word_1_83' title='bbox 1177 1331 1431 1388; x_wconf 84' lang='lat' dir='ltr'><strong>Auctoris</strong></span> <span class='ocrx_word' id='word_1_84' title='bbox 1460 1334 1635 1405; x_wconf 90' lang='lat' dir='ltr'><strong>stylus</strong></span> <span class='ocrx_word' id='word_1_85' title='bbox 1663 1334 2031 1400; x_wconf 88' lang='lat' dir='ltr'><strong>duriusculus,</strong></span> <span class='ocrx_word' id='word_1_86' title='bbox 2069 1345 2155 1391; x_wconf 84' lang='lat' dir='ltr'><strong>at-</strong></span> 
     </span>
    </p>
   </div>
   <div class='ocr_carea' id='block_1_14' title="bbox 595 1420 2157 1500">
    <p class='ocr_par' dir='ltr' id='par_1_14' title="bbox 595 1420 2157 1500">
     <span class='ocr_line' id='line_1_14' title="bbox 595 1420 2157 1500; baseline 0.009 -28"><span class='ocrx_word' id='word_1_87' title='bbox 595 1420 1017 1500; x_wconf 85' lang='lat' dir='ltr'><strong>queimperitia</strong></span> <span class='ocrx_word' id='word_1_88' title='bbox 1071 1424 1264 1480; x_wconf 70' lang='lat' dir='ltr'><strong>scriba:</strong></span> <span class='ocrx_word' id='word_1_89' title='bbox 1313 1426 1492 1481; x_wconf 87' lang='lat' dir='ltr'><strong>adhuc</strong></span> <span class='ocrx_word' id='word_1_90' title='bbox 1544 1426 1864 1494; x_wconf 89' lang='lat' dir='ltr'><strong>intricatior,</strong></span> <span class='ocrx_word' id='word_1_91' title='bbox 1921 1430 2053 1500; x_wconf 88' lang='lat' dir='ltr'><strong>quin</strong></span> <span class='ocrx_word' id='word_1_92' title='bbox 2103 1439 2157 1486; x_wconf 88' lang='lat' dir='ltr'><strong>et</strong></span> 
     </span>
    </p>
   </div>
   <div class='ocr_carea' id='block_1_15' title="bbox 596 1498 2156 1587">
    <p class='ocr_par' dir='ltr' id='par_1_15' title="bbox 596 1498 2156 1587">
     <span class='ocr_line' id='line_1_15' title="bbox 596 1498 2156 1587; baseline 0.005 -20"><span class='ocrx_word' id='word_1_93' title='bbox 596 1498 771 1581; x_wconf 84' lang='lat' dir='ltr'><strong>ipsius</strong></span> <span class='ocrx_word' id='word_1_94' title='bbox 826 1515 1130 1584; x_wconf 89' lang='lat' dir='ltr'><strong>argumenti</strong></span> <span class='ocrx_word' id='word_1_95' title='bbox 1186 1517 1514 1587; x_wconf 84' lang='lat' dir='ltr'><strong>perplexitas</strong></span> <span class='ocrx_word' id='word_1_96' title='bbox 1566 1518 1823 1573; x_wconf 90' lang='lat' dir='ltr'><strong>lectorem</strong></span> <span class='ocrx_word' id='word_1_97' title='bbox 1884 1498 2156 1576; x_wconf 73' lang='lat' dir='ltr'><strong>interdum</strong></span> 
     </span>
    </p>
   </div>
   <div class='ocr_carea' id='block_1_16' title="bbox 598 1603 2156 1678">
    <p class='ocr_par' dir='ltr' id='par_1_16' title="bbox 598 1603 2156 1678">
     <span class='ocr_line' id='line_1_16' title="bbox 598 1603 2156 1678; baseline 0.009 -26"><span class='ocrx_word' id='word_1_98' title='bbox 598 1608 862 1669; x_wconf 84' lang='lat' dir='ltr'><strong>moratur,</strong></span> <span class='ocrx_word' id='word_1_99' title='bbox 924 1603 1059 1659; x_wconf 89' lang='lat' dir='ltr'><strong>adeo</strong></span> <span class='ocrx_word' id='word_1_100' title='bbox 1087 1612 1145 1658; x_wconf 92' lang='lat' dir='ltr'><strong>ut</strong></span> <span class='ocrx_word' id='word_1_101' title='bbox 1186 1621 1283 1660; x_wconf 90' lang='lat' dir='ltr'><strong>nec</strong></span> <span class='ocrx_word' id='word_1_102' title='bbox 1326 1607 1609 1662; x_wconf 89' lang='lat' dir='ltr'><strong>lectionem</strong></span> <span class='ocrx_word' id='word_1_103' title='bbox 1659 1608 1927 1678; x_wconf 83' lang='lat' dir='ltr'><strong>patienter</strong></span> <span class='ocrx_word' id='word_1_104' title='bbox 1974 1611 2156 1666; x_wconf 88' lang='lat' dir='ltr'><strong>tulerit</strong></span> 
     </span>
    </p>
   </div>
   <div class='ocr_carea' id='block_1_17' title="bbox 663 1755 2071 1837">
    <p class='ocr_par' dir='ltr' id='par_1_17' title="bbox 663 1755 2071 1837">
     <span class='ocr_line' id='line_1_17' title="bbox 663 1755 2071 1837; baseline 0.008 -26"><span class='ocrx_word' id='word_1_105' title='bbox 663 1755 737 1829; x_wconf 70' lang='lat' dir='ltr'><strong>(lt)</strong></span> <span class='ocrx_word' id='word_1_106' title='bbox 763 1757 1003 1816; x_wconf 85' lang='lat' dir='ltr'><strong>Combei&#39;.</strong></span> <span class='ocrx_word' id='word_1_107' title='bbox 1027 1758 1181 1817; x_wconf 81' lang='lat' dir='ltr'><strong>Auct.</strong></span> <span class='ocrx_word' id='word_1_108' title='bbox 1210 1763 1425 1828; x_wconf 62' lang='lat' dir='ltr'><strong>navim,</strong></span> <span class='ocrx_word' id='word_1_109' title='bbox 1458 1768 1597 1835; x_wconf 84' lang='lat' dir='ltr'><strong>part.</strong></span> <span class='ocrx_word' id='word_1_110' title='bbox 1624 1777 1685 1828; x_wconf 82' lang='grc' dir='ltr'><strong>ιι,</strong></span> <span class='ocrx_word' id='word_1_111' title='bbox 1708 1778 1827 1835; x_wconf 82' lang='lat' dir='ltr'><strong>pag.</strong></span> <span class='ocrx_word' id='word_1_112' title='bbox 1861 1765 1895 1819; x_wconf 81' lang='lat'><strong>5</strong></span> <span class='ocrx_word' id='word_1_113' title='bbox 1919 1781 2071 1837; x_wconf 89' lang='lat' dir='ltr'><strong>seqq.</strong></span> 
     </span>
    </p>
   </div>
   <div class='ocr_carea' id='block_1_18' title="bbox 2261 502 3740 586">
    <p class='ocr_par' dir='ltr' id='par_1_18' title="bbox 2261 502 3740 586">
     <span class='ocr_line' id='line_1_18' title="bbox 2261 502 3740 586; baseline 0.004 -19"><span class='ocrx_word' id='word_1_114' title='bbox 2261 512 2640 569; x_wconf 86' lang='lat' dir='ltr'><strong>Combelisins.</strong></span> <span class='ocrx_word' id='word_1_115' title='bbox 2673 502 2864 579; x_wconf 32' lang='lat' dir='ltr'><strong>Qui‘et</strong></span> <span class='ocrx_word' id='word_1_116' title='bbox 2890 512 2958 568; x_wconf 89' lang='lat' dir='ltr'><strong>de</strong></span> <span class='ocrx_word' id='word_1_117' title='bbox 2987 528 3046 568; x_wconf 87' lang='lat' dir='ltr'><strong>se</strong></span> <span class='ocrx_word' id='word_1_118' title='bbox 3077 512 3195 581; x_wconf 91' lang='lat' dir='ltr'><strong>ipso</strong></span> <span class='ocrx_word' id='word_1_119' title='bbox 3222 512 3385 583; x_wconf 86' lang='lat' dir='ltr'><strong>deque</strong></span> <span class='ocrx_word' id='word_1_120' title='bbox 3408 528 3495 567; x_wconf 87' lang='lat' dir='ltr'><strong>sua</strong></span> <span class='ocrx_word' id='word_1_121' title='bbox 3522 513 3740 586; x_wconf 85' lang='lat' dir='ltr'><strong>interpre-</strong></span> 
     </span>
    </p>
   </div>
   <div class='ocr_carea' id='block_1_19' title="bbox 2260 603 3742 674">
    <p class='ocr_par' dir='ltr' id='par_1_19' title="bbox 2260 603 3742 674">
     <span class='ocr_line' id='line_1_19' title="bbox 2260 603 3742 674; baseline 0.003 -15"><span class='ocrx_word' id='word_1_122' title='bbox 2260 605 2466 659; x_wconf 88' lang='lat' dir='ltr'><strong>tatione</strong></span> <span class='ocrx_word' id='word_1_123' title='bbox 2505 605 2610 660; x_wconf 90' lang='lat' dir='ltr'><strong>ista</strong></span> <span class='ocrx_word' id='word_1_124' title='bbox 2656 605 2841 660; x_wconf 91' lang='lat' dir='ltr'><strong>subdit</strong></span> <span class='ocrx_word' id='word_1_125' title='bbox 2883 622 2899 662; x_wconf 87' lang='lat'><strong>:</strong></span> <span class='ocrx_word' id='word_1_126' title='bbox 2944 624 2963 656; x_wconf 77' lang='grc' dir='ltr'><strong>ι</strong></span> <span class='ocrx_word' id='word_1_127' title='bbox 3014 603 3142 658; x_wconf 84' lang='lat' dir='ltr'><strong>Mihi</strong></span> <span class='ocrx_word' id='word_1_128' title='bbox 3179 619 3402 674; x_wconf 90' lang='lat' dir='ltr'><strong>quoque,</strong></span> <span class='ocrx_word' id='word_1_129' title='bbox 3447 603 3617 667; x_wconf 82' lang='lat' dir='ltr'><strong>fateor,</strong></span> <span class='ocrx_word' id='word_1_130' title='bbox 3657 623 3742 663; x_wconf 85' lang='lat' dir='ltr'><strong>non</strong></span> 
     </span>
    </p>
   </div>
   <div class='ocr_carea' id='block_1_20' title="bbox 2260 693 3744 764">
    <p class='ocr_par' dir='ltr' id='par_1_20' title="bbox 2260 693 3744 764">
     <span class='ocr_line' id='line_1_20' title="bbox 2260 693 3744 764; baseline 0.003 -15"><span class='ocrx_word' id='word_1_131' title='bbox 2260 710 2422 749; x_wconf 88' lang='lat' dir='ltr'><strong>unam</strong></span> <span class='ocrx_word' id='word_1_132' title='bbox 2456 694 2570 748; x_wconf 75' lang='lat' dir='ltr'><strong>ﬁxit</strong></span> <span class='ocrx_word' id='word_1_133' title='bbox 2598 710 2838 760; x_wconf 90' lang='lat' dir='ltr'><strong>crucem,</strong></span> <span class='ocrx_word' id='word_1_134' title='bbox 2882 711 2990 750; x_wconf 89' lang='lat' dir='ltr'><strong>non</strong></span> <span class='ocrx_word' id='word_1_135' title='bbox 3022 703 3132 749; x_wconf 88' lang='lat' dir='ltr'><strong>tam</strong></span> <span class='ocrx_word' id='word_1_136' title='bbox 3162 696 3430 764; x_wconf 85' lang='lat' dir='ltr'><strong>scriptoris</strong></span> <span class='ocrx_word' id='word_1_137' title='bbox 3455 693 3605 761; x_wconf 77' lang='grc' dir='ltr'>λοξὸν,</span> <span class='ocrx_word' id='word_1_138' title='bbox 3635 711 3686 750; x_wconf 91' lang='lat' dir='ltr'><strong>ac</strong></span> <span class='ocrx_word' id='word_1_139' title='bbox 3707 699 3744 753; x_wconf 87' lang='lat' dir='ltr'><strong>si</strong></span> 
     </span>
    </p>
   </div>
   <div class='ocr_carea' id='block_1_21' title="bbox 2259 784 3747 856">
    <p class='ocr_par' dir='ltr' id='par_1_21' title="bbox 2259 784 3747 856">
     <span class='ocr_line' id='line_1_21' title="bbox 2259 784 3747 856; baseline 0.001 -17"><span class='ocrx_word' id='word_1_140' title='bbox 2259 785 2391 856; x_wconf 91' lang='lat' dir='ltr'><strong>quid</strong></span> <span class='ocrx_word' id='word_1_141' title='bbox 2433 785 2552 853; x_wconf 83' lang='lat' dir='ltr'><strong>ejus</strong></span> <span class='ocrx_word' id='word_1_142' title='bbox 2594 786 2761 840; x_wconf 72' lang='lat' dir='ltr'><strong>naevis</strong></span> <span class='ocrx_word' id='word_1_143' title='bbox 2811 784 3010 843; x_wconf 85' lang='lat' dir='ltr'><strong>ascribi</strong></span> <span class='ocrx_word' id='word_1_144' title='bbox 3061 792 3234 855; x_wconf 79' lang='lat' dir='ltr'><strong>potest</strong></span> <span class='ocrx_word' id='word_1_145' title='bbox 3270 786 3471 854; x_wconf 86' lang='lat' dir='ltr'><strong>(quibus</strong></span> <span class='ocrx_word' id='word_1_146' title='bbox 3512 801 3606 840; x_wconf 91' lang='lat' dir='ltr'><strong>nou</strong></span> <span class='ocrx_word' id='word_1_147' title='bbox 3639 788 3747 842; x_wconf 85' lang='lat' dir='ltr'><strong>adeo</strong></span> 
     </span>
    </p>
   </div>
   <div class='ocr_carea' id='block_1_22' title="bbox 2261 877 3749 949">
    <p class='ocr_par' dir='ltr' id='par_1_22' title="bbox 2261 877 3749 949">
     <span class='ocr_line' id='line_1_22' title="bbox 2261 877 3749 949; baseline 0 -16"><span class='ocrx_word' id='word_1_148' title='bbox 2261 878 2483 933; x_wconf 87' lang='lat' dir='ltr'><strong>sordere</strong></span> <span class='ocrx_word' id='word_1_149' title='bbox 2503 878 2830 949; x_wconf 78' lang='lat' dir='ltr'><strong>existimem)</strong></span> <span class='ocrx_word' id='word_1_150' title='bbox 2864 893 3025 948; x_wconf 88' lang='lat' dir='ltr'><strong>quam</strong></span> <span class='ocrx_word' id='word_1_151' title='bbox 3060 877 3409 932; x_wconf 81' lang='lat' dir='ltr'><strong>exscribentis</strong></span> <span class='ocrx_word' id='word_1_152' title='bbox 3441 892 3630 941; x_wconf 86' lang='lat' dir='ltr'><strong>manus,</strong></span> <span class='ocrx_word' id='word_1_153' title='bbox 3660 878 3749 933; x_wconf 80' lang='lat' dir='ltr'><strong>sive</strong></span> 
     </span>
    </p>
   </div>
   <div class='ocr_carea' id='block_1_23' title="bbox 2259 966 3747 1036">
    <p class='ocr_par' dir='ltr' id='par_1_23' title="bbox 2259 966 3747 1036">
     <span class='ocr_line' id='line_1_23' title="bbox 2259 966 3747 1036; baseline 0.001 -16"><span class='ocrx_word' id='word_1_154' title='bbox 2259 966 2453 1021; x_wconf 88' lang='lat' dir='ltr'><strong>menda</strong></span> <span class='ocrx_word' id='word_1_155' title='bbox 2479 968 2644 1036; x_wconf 87' lang='lat' dir='ltr'><strong>priori</strong></span> <span class='ocrx_word' id='word_1_156' title='bbox 2669 967 2966 1036; x_wconf 78' lang='lat' dir='ltr'><strong>exemplari</strong></span> <span class='ocrx_word' id='word_1_157' title='bbox 2993 967 3286 1027; x_wconf 73' lang='lat' dir='ltr'><strong>htcrebant,</strong></span> <span class='ocrx_word' id='word_1_158' title='bbox 3315 966 3422 1021; x_wconf 92' lang='lat' dir='ltr'><strong>sive</strong></span> <span class='ocrx_word' id='word_1_159' title='bbox 3439 967 3545 1036; x_wconf 88' lang='lat' dir='ltr'><strong>ipsa</strong></span> <span class='ocrx_word' id='word_1_160' title='bbox 3569 967 3747 1035; x_wconf 88' lang='lat' dir='ltr'><strong>adjecit.</strong></span> 
     </span>
    </p>
   </div>
   <div class='ocr_carea' id='block_1_24' title="bbox 2258 1057 3751 1127">
    <p class='ocr_par' dir='ltr' id='par_1_24' title="bbox 2258 1057 3751 1127">
     <span class='ocr_line' id='line_1_24' title="bbox 2258 1057 3751 1127; baseline 0 -15"><span class='ocrx_word' id='word_1_161' title='bbox 2258 1057 2483 1112; x_wconf 87' lang='lat' dir='ltr'><strong>Factum</strong></span> <span class='ocrx_word' id='word_1_162' title='bbox 2508 1066 2685 1112; x_wconf 79' lang='lat' dir='ltr'><strong>tamen</strong></span> <span class='ocrx_word' id='word_1_163' title='bbox 2710 1073 2889 1127; x_wconf 89' lang='lat' dir='ltr'><strong>spero,</strong></span> <span class='ocrx_word' id='word_1_164' title='bbox 2916 1065 2974 1111; x_wconf 88' lang='lat' dir='ltr'><strong>ut</strong></span> <span class='ocrx_word' id='word_1_165' title='bbox 2997 1072 3102 1127; x_wconf 90' lang='lat' dir='ltr'><strong>qua</strong></span> <span class='ocrx_word' id='word_1_166' title='bbox 3124 1057 3368 1111; x_wconf 82' lang='lat' dir='ltr'><strong>insudavi</strong></span> <span class='ocrx_word' id='word_1_167' title='bbox 3387 1073 3558 1126; x_wconf 87' lang='lat' dir='ltr'><strong>opera,</strong></span> <span class='ocrx_word' id='word_1_168' title='bbox 3575 1072 3751 1113; x_wconf 87' lang='lat' dir='ltr'><strong>omnem</strong></span> 
     </span>
    </p>
   </div>
   <div class='ocr_carea' id='block_1_25' title="bbox 2259 1148 3754 1221">
    <p class='ocr_par' dir='ltr' id='par_1_25' title="bbox 2259 1148 3754 1221">
     <span class='ocr_line' id='line_1_25' title="bbox 2259 1148 3754 1221; baseline 0.004 -19"><span class='ocrx_word' id='word_1_169' title='bbox 2259 1149 2445 1204; x_wconf 85' lang='lat' dir='ltr'><strong>lectori</strong></span> <span class='ocrx_word' id='word_1_170' title='bbox 2472 1165 2637 1218; x_wconf 86' lang='lat' dir='ltr'><strong>prope</strong></span> <span class='ocrx_word' id='word_1_171' title='bbox 2664 1148 2954 1214; x_wconf 77' lang='lat' dir='ltr'><strong>reiixerim,</strong></span> <span class='ocrx_word' id='word_1_172' title='bbox 2983 1164 3047 1204; x_wconf 91' lang='lat' dir='ltr'><strong>ac</strong></span> <span class='ocrx_word' id='word_1_173' title='bbox 3075 1149 3278 1219; x_wconf 81' lang='lat' dir='ltr'><strong>quibus</strong></span> <span class='ocrx_word' id='word_1_174' title='bbox 3295 1149 3502 1213; x_wconf 69' lang='lat' dir='ltr'><strong>haereat,</strong></span> <span class='ocrx_word' id='word_1_175' title='bbox 3529 1166 3674 1221; x_wconf 88' lang='lat' dir='ltr'><strong>pauca</strong></span> <span class='ocrx_word' id='word_1_176' title='bbox 3689 1168 3754 1208; x_wconf 81' lang='lat' dir='ltr'><strong>re-</strong></span> 
     </span>
    </p>
   </div>
   <div class='ocr_carea' id='block_1_26' title="bbox 2256 1239 3756 1311">
    <p class='ocr_par' dir='ltr' id='par_1_26' title="bbox 2256 1239 3756 1311">
     <span class='ocr_line' id='line_1_26' title="bbox 2256 1239 3756 1311; baseline 0.003 -18"><span class='ocrx_word' id='word_1_177' title='bbox 2256 1240 2528 1310; x_wconf 90' lang='lat' dir='ltr'><strong>liquerim.</strong></span> <span class='ocrx_word' id='word_1_178' title='bbox 2566 1260 2585 1293; x_wconf 75' lang='grc' dir='ltr'><strong>ι</strong></span> <span class='ocrx_word' id='word_1_179' title='bbox 2621 1240 2743 1295; x_wconf 80' lang='lat' dir='ltr'><strong>llaec</strong></span> <span class='ocrx_word' id='word_1_180' title='bbox 2777 1240 2887 1296; x_wconf 85' lang='lat' dir='ltr'><strong>ille.</strong></span> <span class='ocrx_word' id='word_1_181' title='bbox 2921 1240 3090 1311; x_wconf 87' lang='lat' dir='ltr'><strong>Cujus</strong></span> <span class='ocrx_word' id='word_1_182' title='bbox 3119 1239 3403 1300; x_wconf 83' lang='lat' dir='ltr'><strong>editionem</strong></span> <span class='ocrx_word' id='word_1_183' title='bbox 3433 1257 3545 1310; x_wconf 84' lang='lat' dir='ltr'><strong>quae</strong></span> <span class='ocrx_word' id='word_1_184' title='bbox 3570 1256 3660 1296; x_wconf 88' lang='lat' dir='ltr'><strong>una</strong></span> <span class='ocrx_word' id='word_1_185' title='bbox 3679 1258 3756 1298; x_wconf 86' lang='lat' dir='ltr'><strong>ex-</strong></span> 
     </span>
    </p>
   </div>
   <div class='ocr_carea' id='block_1_27' title="bbox 2258 1332 3756 1404">
    <p class='ocr_par' dir='ltr' id='par_1_27' title="bbox 2258 1332 3756 1404">
     <span class='ocr_line' id='line_1_27' title="bbox 2258 1332 3756 1404; baseline 0.003 -18"><span class='ocrx_word' id='word_1_186' title='bbox 2258 1339 2384 1396; x_wconf 82' lang='lat' dir='ltr'><strong>stat,</strong></span> <span class='ocrx_word' id='word_1_187' title='bbox 2433 1333 2857 1388; x_wconf 86' lang='lat' dir='ltr'><strong>emendatiorem</strong></span> <span class='ocrx_word' id='word_1_188' title='bbox 2902 1332 3319 1403; x_wconf 83' lang='lat' dir='ltr'><strong>nitidioremque</strong></span> <span class='ocrx_word' id='word_1_189' title='bbox 3357 1332 3680 1404; x_wconf 76' lang='lat' dir='ltr'><strong>proferimus;</strong></span> <span class='ocrx_word' id='word_1_190' title='bbox 3712 1343 3756 1390; x_wconf 85' lang='lat' dir='ltr'><strong>et</strong></span> 
     </span>
    </p>
   </div>
   <div class='ocr_carea' id='block_1_28' title="bbox 2257 1424 3757 1495">
    <p class='ocr_par' dir='ltr' id='par_1_28' title="bbox 2257 1424 3757 1495">
     <span class='ocr_line' id='line_1_28' title="bbox 2257 1424 3757 1495; baseline 0.003 -18"><span class='ocrx_word' id='word_1_191' title='bbox 2257 1440 2365 1494; x_wconf 91' lang='lat' dir='ltr'><strong>quo</strong></span> <span class='ocrx_word' id='word_1_192' title='bbox 2397 1425 2610 1494; x_wconf 87' lang='lat' dir='ltr'><strong>planior</strong></span> <span class='ocrx_word' id='word_1_193' title='bbox 2640 1424 2819 1495; x_wconf 89' lang='lat' dir='ltr'><strong>operis</strong></span> <span class='ocrx_word' id='word_1_194' title='bbox 2852 1432 3140 1481; x_wconf 89' lang='lat' dir='ltr'><strong>contextus</strong></span> <span class='ocrx_word' id='word_1_195' title='bbox 3173 1424 3386 1490; x_wconf 80' lang='lat' dir='ltr'><strong>evadat,</strong></span> <span class='ocrx_word' id='word_1_196' title='bbox 3418 1425 3540 1481; x_wconf 88' lang='lat' dir='ltr'><strong>illud</strong></span> <span class='ocrx_word' id='word_1_197' title='bbox 3579 1426 3627 1480; x_wconf 92' lang='lat' dir='ltr'><strong>in</strong></span> <span class='ocrx_word' id='word_1_198' title='bbox 3662 1441 3757 1482; x_wconf 84' lang='lat' dir='ltr'><strong>sec-</strong></span> 
     </span>
    </p>
   </div>
   <div class='ocr_carea' id='block_1_29' title="bbox 2254 1517 3088 1589">
    <p class='ocr_par' dir='ltr' id='par_1_29' title="bbox 2254 1517 3088 1589">
     <span class='ocr_line' id='line_1_29' title="bbox 2254 1517 3088 1589; baseline 0.005 -16"><span class='ocrx_word' id='word_1_199' title='bbox 2254 1517 2432 1575; x_wconf 86' lang='lat' dir='ltr'><strong>tiones</strong></span> <span class='ocrx_word' id='word_1_200' title='bbox 2461 1519 2716 1589; x_wconf 84' lang='lat' dir='ltr'><strong>partitum</strong></span> <span class='ocrx_word' id='word_1_201' title='bbox 2750 1519 3088 1576; x_wconf 83' lang='lat' dir='ltr'><strong>exhibemus.</strong></span> 
     </span>
    </p>
   </div>
   <div class='ocr_carea' id='block_1_30' title="bbox 601 1960 3746 1991">
    <p class='ocr_par' dir='ltr' id='par_1_30' title="bbox 601 1960 3746 1991">
     <span class='ocr_line' id='line_1_30' title="bbox 601 1960 3746 1991; baseline 0.001 -17"><span class='ocrx_word' id='word_1_202' title='bbox 601 1960 3746 1991; x_wconf 79' lang='lat'><strong>..........__.____________________________________________</strong></span> 
     </span>
    </p>
   </div>
   <div class='ocr_carea' id='block_1_31' title="bbox 1656 2112 3522 2300">
    <p class='ocr_par' dir='ltr' id='par_1_31' title="bbox 1656 2112 3522 2300">
     <span class='ocr_line' id='line_1_31' title="bbox 1656 2112 3522 2300; baseline 0 -4"><span class='ocrx_word' id='word_1_203' title='bbox 1656 2112 2759 2300; x_wconf 77' lang='lat' dir='ltr'><strong>ALEXANDRI</strong></span> <span class='ocrx_word' id='word_1_204' title='bbox 3492 2142 3522 2178; x_wconf 88' lang='grc'><em>’</em></span> 
     </span>
    </p>
   </div>
   <div class='ocr_carea' id='block_1_32' title="bbox 1236 2432 3227 2564">
    <p class='ocr_par' dir='ltr' id='par_1_32' title="bbox 1236 2432 3227 2564">
     <span class='ocr_line' id='line_1_32' title="bbox 1236 2432 3227 2564; baseline 0.001 -4"><span class='ocrx_word' id='word_1_205' title='bbox 1236 2432 1938 2564; x_wconf 84' lang='lat' dir='ltr'><strong>EPISCOPI</strong></span> <span class='ocrx_word' id='word_1_206' title='bbox 1996 2435 3158 2564; x_wconf 84' lang='lat' dir='ltr'><strong>LYCOPOLITANI</strong></span> <span class='ocrx_word' id='word_1_207' title='bbox 3224 2528 3227 2529; x_wconf 55' lang='grc' dir='ltr'>ε</span> 
     </span>
    </p>
   </div>
   <div class='ocr_carea' id='block_1_33' title="bbox 1856 2687 2543 2780">
    <p class='ocr_par' dir='ltr' id='par_1_33' title="bbox 1856 2687 2543 2780">
     <span class='ocr_line' id='line_1_33' title="bbox 1856 2687 2543 2780; baseline 0.004 -3"><span class='ocrx_word' id='word_1_208' title='bbox 1856 2687 2543 2780; x_wconf 82' lang='lat' dir='ltr'><strong>TRACTATUS</strong></span> 
     </span>
    </p>
   </div>
   <div class='ocr_carea' id='block_1_34' title="bbox 1121 2843 3285 3017">
    <p class='ocr_par' dir='ltr' id='par_1_34' title="bbox 1121 2843 3285 3017">
     <span class='ocr_line' id='line_1_34' title="bbox 1121 2843 3285 3017; baseline 0 -4"><span class='ocrx_word' id='word_1_209' title='bbox 1121 2901 1302 3013; x_wconf 89' lang='lat' dir='ltr'><strong>DE</strong></span> <span class='ocrx_word' id='word_1_210' title='bbox 1376 2843 2029 3016; x_wconf 86' lang='lat' dir='ltr'><strong>PLAClTIS</strong></span> <span class='ocrx_word' id='word_1_211' title='bbox 2105 2898 3285 3017; x_wconf 71' lang='lat' dir='ltr'><strong>MANICHZEORUM.</strong></span> 
     </span>
    </p>
   </div>
   <div class='ocr_carea' id='block_1_35' title="bbox 2251 3226 3783 3314">
    <p class='ocr_par' dir='ltr' id='par_1_35' title="bbox 2251 3226 3783 3314">
     <span class='ocr_line' id='line_1_35' title="bbox 2251 3226 3783 3314; baseline 0 0"><span class='ocrx_word' id='word_1_212' title='bbox 2251 3231 2739 3314; x_wconf 55' lang='grc' dir='ltr'><strong>Αᾼὲἓέἕέἕρζ</strong></span> <span class='ocrx_word' id='word_1_213' title='bbox 2766 3230 3468 3314; x_wconf 60' lang='lat' dir='ltr'><strong>1%)-..4IEQ’IQAZTQ’I-</strong></span> <span class='ocrx_word' id='word_1_214' title='bbox 3484 3226 3783 3314; x_wconf 57' lang='grc' dir='ltr'><strong>εὲἐξῖῗὲᾷ</strong></span> 
     </span>
    </p>
   </div>
   <div class='ocr_carea' id='block_1_36' title="bbox 590 3225 1593 3295">
    <p class='ocr_par' dir='ltr' id='par_1_36' title="bbox 590 3225 1593 3295">
     <span class='ocr_line' id='line_1_36' title="bbox 590 3225 1593 3295; baseline 0.002 -11"><span class='ocrx_word' id='word_1_215' title='bbox 590 3225 829 3285; x_wconf 74' lang='grc' dir='ltr'><strong>ΑιΕΧΑ</strong></span> <span class='ocrx_word' id='word_1_216' title='bbox 843 3226 1023 3282; x_wconf 78' lang='lat' dir='ltr'><strong>NDRI</strong></span> <span class='ocrx_word' id='word_1_217' title='bbox 1074 3226 1562 3286; x_wconf 55' lang='lat' dir='ltr'><strong>LYCOPOLITJE</strong></span> <span class='ocrx_word' id='word_1_218' title='bbox 1580 3274 1593 3295; x_wconf 92' lang='lat'><strong>,</strong></span> 
     </span>
    </p>
   </div>
   <div class='ocr_carea' id='block_1_37' title="bbox 668 3298 2148 3362">
    <p class='ocr_par' dir='ltr' id='par_1_37' title="bbox 668 3298 2148 3362">
     <span class='ocr_line' id='line_1_37' title="bbox 668 3298 2148 3362; baseline 0.003 -8"><span class='ocrx_word' id='word_1_219' title='bbox 668 3298 886 3355; x_wconf 75' lang='lat' dir='ltr'><strong>TIBIIS</strong></span> <span class='ocrx_word' id='word_1_220' title='bbox 924 3299 1020 3352; x_wconf 80' lang='lat' dir='ltr'><strong>AD</strong></span> <span class='ocrx_word' id='word_1_221' title='bbox 1055 3298 1467 3356; x_wconf 68' lang='grc' dir='ltr'><strong>ΜΑΝΙΟΙΙΑΠ</strong></span> <span class='ocrx_word' id='word_1_222' title='bbox 1507 3298 1930 3359; x_wconf 86' lang='lat' dir='ltr'><strong>OPINIONES</strong></span> <span class='ocrx_word' id='word_1_223' title='bbox 1967 3304 2148 3362; x_wconf 86' lang='lat' dir='ltr'><strong>CON-</strong></span> 
     </span>
    </p>
   </div>
   <div class='ocr_carea' id='block_1_38' title="bbox 671 3369 1389 3445">
    <p class='ocr_par' dir='ltr' id='par_1_38' title="bbox 671 3369 1389 3445">
     <span class='ocr_line' id='line_1_38' title="bbox 671 3369 1389 3445; baseline 0.006 -21"><span class='ocrx_word' id='word_1_224' title='bbox 671 3369 942 3426; x_wconf 72' lang='lat' dir='ltr'><strong>veasus</strong></span> <span class='ocrx_word' id='word_1_225' title='bbox 964 3369 1267 3426; x_wconf 27' lang='lat' dir='ltr'><strong>‘FUERAT</strong></span> <span class='ocrx_word' id='word_1_226' title='bbox 1292 3372 1389 3445; x_wconf 76' lang='grc' dir='ltr'><strong>(ι).</strong></span> 
     </span>
    </p>
   </div>
   <div class='ocr_carea' id='block_1_39' title="bbox 2320 3293 3787 3427">
    <p class='ocr_par' dir='ltr' id='par_1_39' title="bbox 2320 3293 3787 3427">
     <span class='ocr_line' id='line_1_39' title="bbox 2320 3293 3787 3427; baseline -0.006 -70"><span class='ocrx_word' id='word_1_227' title='bbox 2644 3300 2739 3355; x_wconf 84' lang='grc' dir='ltr'><strong><em>ΕΞ</em></strong></span> <span class='ocrx_word' id='word_1_228' title='bbox 2758 3293 3004 3358; x_wconf 70' lang='grc' dir='ltr'><strong><em>ΕΘΝΩΝ</em></strong></span> <span class='ocrx_word' id='word_1_229' title='bbox 3024 3305 3228 3383; x_wconf 63' lang='grc' dir='ltr'><strong>ΠΡῼΣ</strong></span> <span class='ocrx_word' id='word_1_230' title='bbox 3253 3305 3391 3357; x_wconf 82' lang='grc' dir='ltr'><strong>ΤΑΣ</strong></span> <span class='ocrx_word' id='word_1_231' title='bbox 3410 3293 3787 3357; x_wconf 78' lang='grc' dir='ltr'><strong>ΜΑΝΙΧΑΙΟΥ</strong></span> 
     </span>
    </p>
   </div>
   <div class='ocr_carea' id='block_1_40' title="bbox 1076 3488 3327 3563">
    <p class='ocr_par' dir='ltr' id='par_1_40' title="bbox 1076 3488 3327 3563">
     <span class='ocr_line' id='line_1_40' title="bbox 1076 3488 3327 3563; baseline 0.001 -19"><span class='ocrx_word' id='word_1_232' title='bbox 1076 3488 1201 3546; x_wconf 67' lang='lat' dir='ltr'><strong>Car.</strong></span> <span class='ocrx_word' id='word_1_233' title='bbox 1232 3488 1275 3545; x_wconf 92' lang='lat' dir='ltr'><strong>l.</strong></span> <span class='ocrx_word' id='word_1_234' title='bbox 1307 3489 1660 3560; x_wconf 70' lang='lat' dir='ltr'><strong>Philosophia:</strong></span> <span class='ocrx_word' id='word_1_235' title='bbox 1685 3490 2000 3547; x_wconf 77' lang='lat' dir='ltr'><strong>Christiana:</strong></span> <span class='ocrx_word' id='word_1_236' title='bbox 2030 3493 2358 3563; x_wconf 72' lang='lat' dir='ltr'><strong>prmstantia.</strong></span> <span class='ocrx_word' id='word_1_237' title='bbox 2383 3491 2448 3546; x_wconf 87' lang='lat' dir='ltr'><strong>1n</strong></span> <span class='ocrx_word' id='word_1_238' title='bbox 2477 3490 2796 3547; x_wconf 78' lang='lat' dir='ltr'><strong>Christianis</strong></span> <span class='ocrx_word' id='word_1_239' title='bbox 2832 3489 3113 3544; x_wconf 74' lang='lat' dir='ltr'><strong>hwreseum</strong></span> <span class='ocrx_word' id='word_1_240' title='bbox 3144 3491 3327 3563; x_wconf 83' lang='lat' dir='ltr'><strong>origo.</strong></span> 
     </span>
    </p>
   </div>
   <div class='ocr_carea' id='block_1_41' title="bbox 658 3602 2139 3677">
    <p class='ocr_par' dir='ltr' id='par_1_41' title="bbox 658 3602 2139 3677">
     <span class='ocr_line' id='line_1_41' title="bbox 658 3602 2139 3677; baseline 0.003 -18"><span class='ocrx_word' id='word_1_241' title='bbox 658 3602 1109 3660; x_wconf 17' lang='lat' dir='ltr'><strong>Christianorum,</strong></span> <span class='ocrx_word' id='word_1_242' title='bbox 1147 3604 1492 3675; x_wconf 85' lang='lat' dir='ltr'><strong>philosophia</strong></span> <span class='ocrx_word' id='word_1_243' title='bbox 1545 3604 1772 3676; x_wconf 87' lang='lat' dir='ltr'><strong>simplex</strong></span> <span class='ocrx_word' id='word_1_244' title='bbox 1819 3608 2139 3677; x_wconf 85' lang='lat' dir='ltr'><strong>appellatur.</strong></span> 
     </span>
    </p>
   </div>
   <div class='ocr_carea' id='block_1_42' title="bbox 590 3693 2144 3767">
    <p class='ocr_par' dir='ltr' id='par_1_42' title="bbox 590 3693 2144 3767">
     <span class='ocr_line' id='line_1_42' title="bbox 590 3693 2144 3767; baseline 0.003 -17"><span class='ocrx_word' id='word_1_245' title='bbox 590 3693 714 3750; x_wconf 72' lang='lat' dir='ltr'><strong>Haec</strong></span> <span class='ocrx_word' id='word_1_246' title='bbox 743 3695 997 3749; x_wconf 86' lang='lat' dir='ltr'><strong>nimirum</strong></span> <span class='ocrx_word' id='word_1_247' title='bbox 1031 3695 1374 3750; x_wconf 84' lang='lat' dir='ltr'><strong>instituendis</strong></span> <span class='ocrx_word' id='word_1_248' title='bbox 1400 3696 1639 3750; x_wconf 90' lang='lat' dir='ltr'><strong>moribus</strong></span> <span class='ocrx_word' id='word_1_249' title='bbox 1661 3697 1952 3767; x_wconf 89' lang='lat' dir='ltr'><strong>plurimum</strong></span> <span class='ocrx_word' id='word_1_250' title='bbox 1982 3707 2144 3754; x_wconf 87' lang='lat' dir='ltr'><strong>navat</strong></span> 
     </span>
    </p>
   </div>
   <div class='ocr_carea' id='block_1_43' title="bbox 586 3784 2144 3855">
    <p class='ocr_par' dir='ltr' id='par_1_43' title="bbox 586 3784 2144 3855">
     <span class='ocr_line' id='line_1_43' title="bbox 586 3784 2144 3855; baseline 0.002 -14"><span class='ocrx_word' id='word_1_251' title='bbox 586 3800 842 3855; x_wconf 88' lang='lat' dir='ltr'><strong>operam,</strong></span> <span class='ocrx_word' id='word_1_252' title='bbox 886 3785 1135 3841; x_wconf 90' lang='lat' dir='ltr'><strong>certioris</strong></span> <span class='ocrx_word' id='word_1_253' title='bbox 1167 3785 1412 3839; x_wconf 84' lang='lat' dir='ltr'><strong>veritatis</strong></span> <span class='ocrx_word' id='word_1_254' title='bbox 1465 3785 1530 3840; x_wconf 86' lang='lat' dir='ltr'><strong>de</strong></span> <span class='ocrx_word' id='word_1_255' title='bbox 1579 3784 1688 3841; x_wconf 88' lang='lat' dir='ltr'><strong>Deo</strong></span> <span class='ocrx_word' id='word_1_256' title='bbox 1721 3801 2002 3844; x_wconf 85' lang='lat' dir='ltr'><strong>sermones</strong></span> <span class='ocrx_word' id='word_1_257' title='bbox 2046 3790 2144 3844; x_wconf 89' lang='lat' dir='ltr'><strong>ob-</strong></span> 
     </span>
    </p>
   </div>
   <div class='ocr_carea' id='block_1_44' title="bbox 589 3877 2146 3952">
    <p class='ocr_par' dir='ltr' id='par_1_44' title="bbox 589 3877 2146 3952">
     <span class='ocr_line' id='line_1_44' title="bbox 589 3877 2146 3952; baseline 0.001 -18"><span class='ocrx_word' id='word_1_258' title='bbox 589 3894 749 3935; x_wconf 86' lang='lat' dir='ltr'><strong>scure</strong></span> <span class='ocrx_word' id='word_1_259' title='bbox 786 3877 1106 3945; x_wconf 88' lang='lat' dir='ltr'><strong>insinuans;</strong></span> <span class='ocrx_word' id='word_1_260' title='bbox 1141 3892 1371 3948; x_wconf 89' lang='lat' dir='ltr'><strong>quorum</strong></span> <span class='ocrx_word' id='word_1_261' title='bbox 1398 3887 1580 3948; x_wconf 89' lang='lat' dir='ltr'><strong>caput,</strong></span> <span class='ocrx_word' id='word_1_262' title='bbox 1617 3880 1695 3935; x_wconf 90' lang='lat' dir='ltr'><strong>rei</strong></span> <span class='ocrx_word' id='word_1_263' title='bbox 1729 3879 1892 3949; x_wconf 86' lang='lat' dir='ltr'><strong>hujus</strong></span> <span class='ocrx_word' id='word_1_264' title='bbox 1922 3881 2146 3952; x_wconf 84' lang='lat' dir='ltr'><strong>diligen-</strong></span> 
     </span>
    </p>
   </div>
   <div class='ocr_carea' id='block_1_45' title="bbox 586 3969 2143 4035">
    <p class='ocr_par' dir='ltr' id='par_1_45' title="bbox 586 3969 2143 4035">
     <span class='ocr_line' id='line_1_45' title="bbox 586 3969 2143 4035; baseline 0.001 -7"><span class='ocrx_word' id='word_1_265' title='bbox 586 3975 721 4028; x_wconf 87' lang='lat' dir='ltr'><strong>tiam</strong></span> <span class='ocrx_word' id='word_1_266' title='bbox 761 3972 956 4027; x_wconf 90' lang='lat' dir='ltr'><strong>merito</strong></span> <span class='ocrx_word' id='word_1_267' title='bbox 996 3985 1185 4025; x_wconf 88' lang='lat' dir='ltr'><strong>omnes</strong></span> <span class='ocrx_word' id='word_1_268' title='bbox 1223 3969 1557 4035; x_wconf 86' lang='lat' dir='ltr'><strong>admiserint,</strong></span> <span class='ocrx_word' id='word_1_269' title='bbox 1592 3972 1683 4027; x_wconf 90' lang='lat' dir='ltr'><strong>ubi</strong></span> <span class='ocrx_word' id='word_1_270' title='bbox 1711 3988 1875 4030; x_wconf 89' lang='lat' dir='ltr'><strong>causa</strong></span> <span class='ocrx_word' id='word_1_271' title='bbox 1907 3974 2143 4030; x_wconf 81' lang='lat' dir='ltr'><strong>etlicieus</strong></span> 
     </span>
    </p>
   </div>
   <div class='ocr_carea' id='block_1_46' title="bbox 589 4061 2141 4133">
    <p class='ocr_par' dir='ltr' id='par_1_46' title="bbox 589 4061 2141 4133">
     <span class='ocr_line' id='line_1_46' title="bbox 589 4061 2141 4133; baseline -0.001 -12"><span class='ocrx_word' id='word_1_272' title='bbox 589 4064 926 4121; x_wconf 88' lang='lat' dir='ltr'><strong>nobilissima</strong></span> <span class='ocrx_word' id='word_1_273' title='bbox 956 4061 1460 4133; x_wconf 88' lang='lat' dir='ltr'><strong>antiquissimaque,</strong></span> <span class='ocrx_word' id='word_1_274' title='bbox 1481 4069 1641 4132; x_wconf 87' lang='lat' dir='ltr'><strong>atque</strong></span> <span class='ocrx_word' id='word_1_275' title='bbox 1663 4065 1903 4119; x_wconf 90' lang='lat' dir='ltr'><strong>omnium</strong></span> <span class='ocrx_word' id='word_1_276' title='bbox 1932 4074 2141 4131; x_wconf 90' lang='lat' dir='ltr'><strong>auctor,</strong></span> 
     </span>
    </p>
   </div>
   <div class='ocr_carea' id='block_1_47' title="bbox 587 4152 2143 4227">
    <p class='ocr_par' dir='ltr' id='par_1_47' title="bbox 587 4152 2143 4227">
     <span class='ocr_line' id='line_1_47' title="bbox 587 4152 2143 4227; baseline 0.003 -17"><span class='ocrx_word' id='word_1_277' title='bbox 587 4158 657 4213; x_wconf 90' lang='lat' dir='ltr'><strong>ab</strong></span> <span class='ocrx_word' id='word_1_278' title='bbox 701 4156 808 4211; x_wconf 90' lang='lat' dir='ltr'><strong>illis</strong></span> <span class='ocrx_word' id='word_1_279' title='bbox 846 4155 1121 4210; x_wconf 85' lang='lat' dir='ltr'><strong>statuitur.</strong></span> <span class='ocrx_word' id='word_1_280' title='bbox 1156 4152 1377 4209; x_wconf 82' lang='lat' dir='ltr'><strong>Relictis</strong></span> <span class='ocrx_word' id='word_1_281' title='bbox 1415 4170 1647 4226; x_wconf 89' lang='lat' dir='ltr'><strong>namque</strong></span> <span class='ocrx_word' id='word_1_282' title='bbox 1691 4154 1797 4223; x_wconf 89' lang='lat' dir='ltr'><strong>his,</strong></span> <span class='ocrx_word' id='word_1_283' title='bbox 1833 4158 1927 4227; x_wconf 90' lang='lat' dir='ltr'><strong>qui</strong></span> <span class='ocrx_word' id='word_1_284' title='bbox 1960 4173 2143 4214; x_wconf 90' lang='lat' dir='ltr'><strong>mores</strong></span> 
     </span>
    </p>
   </div>
   <div class='ocr_carea' id='block_1_48' title="bbox 586 4248 2144 4319">
    <p class='ocr_par' dir='ltr' id='par_1_48' title="bbox 586 4248 2144 4319">
     <span class='ocr_line' id='line_1_48' title="bbox 586 4248 2144 4319; baseline -0.001 -11"><span class='ocrx_word' id='word_1_285' title='bbox 586 4256 989 4315; x_wconf 81' lang='lat' dir='ltr'><strong>consectantur,</strong></span> <span class='ocrx_word' id='word_1_286' title='bbox 1020 4263 1140 4318; x_wconf 68' lang='lat' dir='ltr'><strong>quae</strong></span> <span class='ocrx_word' id='word_1_287' title='bbox 1170 4248 1481 4319; x_wconf 86' lang='lat' dir='ltr'><strong>operosiora</strong></span> <span class='ocrx_word' id='word_1_288' title='bbox 1506 4256 1653 4313; x_wconf 92' lang='lat' dir='ltr'><strong>sunt,</strong></span> <span class='ocrx_word' id='word_1_289' title='bbox 1687 4250 1863 4319; x_wconf 90' lang='lat' dir='ltr'><strong>qualis</strong></span> <span class='ocrx_word' id='word_1_290' title='bbox 1892 4250 2144 4306; x_wconf 82' lang='lat' dir='ltr'><strong>videlicet</strong></span> 
     </span>
    </p>
   </div>
   <div class='ocr_carea' id='block_1_49' title="bbox 582 4331 2142 4413">
    <p class='ocr_par' dir='ltr' id='par_1_49' title="bbox 582 4331 2142 4413">
     <span class='ocr_line' id='line_1_49' title="bbox 582 4331 2142 4413; baseline 0.001 -16"><span class='ocrx_word' id='word_1_291' title='bbox 582 4344 759 4399; x_wconf 75' lang='lat' dir='ltr'><strong>virtus</strong></span> <span class='ocrx_word' id='word_1_292' title='bbox 783 4341 1006 4398; x_wconf 88' lang='lat' dir='ltr'><strong>moralis</strong></span> <span class='ocrx_word' id='word_1_293' title='bbox 1040 4348 1124 4397; x_wconf 91' lang='lat' dir='ltr'><strong>est</strong></span> <span class='ocrx_word' id='word_1_294' title='bbox 1144 4347 1198 4396; x_wconf 91' lang='lat' dir='ltr'><strong>et</strong></span> <span class='ocrx_word' id='word_1_295' title='bbox 1230 4340 1511 4396; x_wconf 89' lang='lat' dir='ltr'><strong>rationalis</strong></span> <span class='ocrx_word' id='word_1_296' title='bbox 1529 4380 1545 4406; x_wconf 96' lang='lat'><strong>,</strong></span> <span class='ocrx_word' id='word_1_297' title='bbox 1566 4331 1902 4413; x_wconf 65' lang='lat' dir='ltr'><strong>quaecunque</strong></span> <span class='ocrx_word' id='word_1_298' title='bbox 1931 4342 2057 4397; x_wconf 89' lang='lat' dir='ltr'><strong>item</strong></span> <span class='ocrx_word' id='word_1_299' title='bbox 2075 4342 2142 4399; x_wconf 92' lang='lat' dir='ltr'><strong>de</strong></span> 
     </span>
    </p>
   </div>
   <div class='ocr_carea' id='block_1_50' title="bbox 584 4432 2140 4506">
    <p class='ocr_par' dir='ltr' id='par_1_50' title="bbox 584 4432 2140 4506">
     <span class='ocr_line' id='line_1_50' title="bbox 584 4432 2140 4506; baseline -0.001 -14"><span class='ocrx_word' id='word_1_300' title='bbox 584 4437 851 4501; x_wconf 88' lang='lat' dir='ltr'><strong>moribus,</strong></span> <span class='ocrx_word' id='word_1_301' title='bbox 886 4435 1061 4506; x_wconf 90' lang='lat' dir='ltr'><strong>deque</strong></span> <span class='ocrx_word' id='word_1_302' title='bbox 1095 4434 1240 4489; x_wconf 90' lang='lat' dir='ltr'><strong>vitiis</strong></span> <span class='ocrx_word' id='word_1_303' title='bbox 1269 4445 1323 4488; x_wconf 94' lang='lat' dir='ltr'><strong>et</strong></span> <span class='ocrx_word' id='word_1_304' title='bbox 1351 4432 1631 4489; x_wconf 76' lang='lat' dir='ltr'><strong>affectibus</strong></span> <span class='ocrx_word' id='word_1_305' title='bbox 1663 4433 1948 4499; x_wconf 89' lang='lat' dir='ltr'><strong>dicuntur,</strong></span> <span class='ocrx_word' id='word_1_306' title='bbox 1995 4436 2140 4491; x_wconf 83' lang='lat' dir='ltr'><strong>circa</strong></span> 
     </span>
    </p>
   </div>
   <div class='ocr_carea' id='block_1_51' title="bbox 2318 3593 3788 3680">
    <p class='ocr_par' dir='ltr' id='par_1_51' title="bbox 2318 3593 3788 3680">
     <span class='ocr_line' id='line_1_51' title="bbox 2318 3593 3788 3680; baseline -0.008 -19"><span class='ocrx_word' id='word_1_307' title='bbox 2318 3604 2654 3680; x_wconf 81' lang='grc' dir='ltr'><strong>Χριστιανῶν</strong></span> <span class='ocrx_word' id='word_1_308' title='bbox 2681 3603 2964 3672; x_wconf 78' lang='grc' dir='ltr'><strong>φιλοσοφία</strong></span> <span class='ocrx_word' id='word_1_309' title='bbox 3002 3601 3144 3674; x_wconf 81' lang='grc' dir='ltr'>ἁπλῆ</span> <span class='ocrx_word' id='word_1_310' title='bbox 3175 3602 3451 3657; x_wconf 84' lang='grc' dir='ltr'>καλεῖται.</span> <span class='ocrx_word' id='word_1_311' title='bbox 3474 3601 3615 3670; x_wconf 73' lang='grc' dir='ltr'>Αὕτη</span> <span class='ocrx_word' id='word_1_312' title='bbox 3643 3597 3692 3650; x_wconf 76' lang='grc' dir='ltr'>δὲ</span> <span class='ocrx_word' id='word_1_313' title='bbox 3716 3593 3788 3646; x_wconf 71' lang='grc' dir='ltr'><strong>ἐπὶ</strong></span> 
     </span>
    </p>
   </div>
   <div class='ocr_carea' id='block_1_52' title="bbox 2246 3687 3791 3771">
    <p class='ocr_par' dir='ltr' id='par_1_52' title="bbox 2246 3687 3791 3771">
     <span class='ocr_line' id='line_1_52' title="bbox 2246 3687 3791 3771; baseline -0.01 -18"><span class='ocrx_word' id='word_1_314' title='bbox 2246 3699 2345 3771; x_wconf 81' lang='grc' dir='ltr'>τὴν</span> <span class='ocrx_word' id='word_1_315' title='bbox 2365 3696 2458 3751; x_wconf 81' lang='grc' dir='ltr'>τοῦ</span> <span class='ocrx_word' id='word_1_316' title='bbox 2487 3696 2649 3768; x_wconf 81' lang='grc' dir='ltr'>ἤθους</span> <span class='ocrx_word' id='word_1_317' title='bbox 2678 3693 3018 3765; x_wconf 82' lang='grc' dir='ltr'>κατασκευὴν</span> <span class='ocrx_word' id='word_1_318' title='bbox 3050 3694 3161 3765; x_wconf 82' lang='grc' dir='ltr'>τὴν</span> <span class='ocrx_word' id='word_1_319' title='bbox 3208 3695 3478 3767; x_wconf 80' lang='grc' dir='ltr'>πλείστην</span> <span class='ocrx_word' id='word_1_320' title='bbox 3517 3687 3791 3763; x_wconf 72' lang='grc' dir='ltr'>ἐπιμέλειαν</span> 
     </span>
    </p>
   </div>
   <div class='ocr_carea' id='block_1_53' title="bbox 2249 3782 3791 3860">
    <p class='ocr_par' dir='ltr' id='par_1_53' title="bbox 2249 3782 3791 3860">
     <span class='ocr_line' id='line_1_53' title="bbox 2249 3782 3791 3860; baseline -0.008 -16"><span class='ocrx_word' id='word_1_321' title='bbox 2249 3792 2498 3853; x_wconf 86' lang='grc' dir='ltr'>ποιεῖται,</span> <span class='ocrx_word' id='word_1_322' title='bbox 2537 3786 2880 3858; x_wconf 81' lang='grc' dir='ltr'>αἰνιττομένη</span> <span class='ocrx_word' id='word_1_323' title='bbox 2912 3785 3174 3857; x_wconf 76' lang='grc' dir='ltr'>περὶτῶν</span> <span class='ocrx_word' id='word_1_324' title='bbox 3214 3787 3624 3860; x_wconf 79' lang='grc' dir='ltr'>ἀκριὸεστέρων</span> <span class='ocrx_word' id='word_1_325' title='bbox 3654 3782 3791 3848; x_wconf 79' lang='grc' dir='ltr'>λόγων</span> 
     </span>
    </p>
   </div>
   <div class='ocr_carea' id='block_1_54' title="bbox 2250 3873 3795 3954">
    <p class='ocr_par' dir='ltr' id='par_1_54' title="bbox 2250 3873 3795 3954">
     <span class='ocr_line' id='line_1_54' title="bbox 2250 3873 3795 3954; baseline -0.005 -19"><span class='ocrx_word' id='word_1_326' title='bbox 2250 3884 2377 3954; x_wconf 77' lang='grc' dir='ltr'>περὶ</span> <span class='ocrx_word' id='word_1_327' title='bbox 2409 3880 2544 3935; x_wconf 80' lang='grc' dir='ltr'>Θεοῦ</span> <span class='ocrx_word' id='word_1_328' title='bbox 2565 3898 2579 3912; x_wconf 93' lang='grc'><strong>·</strong></span> <span class='ocrx_word' id='word_1_329' title='bbox 2610 3873 2684 3935; x_wconf 80' lang='grc' dir='ltr'><strong>ὧν</strong></span> <span class='ocrx_word' id='word_1_330' title='bbox 2712 3879 2773 3934; x_wconf 84' lang='grc' dir='ltr'><strong>τὸ</strong></span> <span class='ocrx_word' id='word_1_331' title='bbox 2807 3880 3101 3949; x_wconf 75' lang='grc' dir='ltr'>κεφάλαιον</span> <span class='ocrx_word' id='word_1_332' title='bbox 3127 3879 3233 3950; x_wconf 78' lang='grc' dir='ltr'><strong>τῆς</strong></span> <span class='ocrx_word' id='word_1_333' title='bbox 3268 3881 3405 3952; x_wconf 70' lang='grc' dir='ltr'>περὶ</span> <span class='ocrx_word' id='word_1_334' title='bbox 3443 3879 3614 3934; x_wconf 72' lang='grc' dir='ltr'>ταῦτα</span> <span class='ocrx_word' id='word_1_335' title='bbox 3658 3890 3795 3928; x_wconf 81' lang='grc' dir='ltr'>σπον-</span> 
     </span>
    </p>
   </div>
   <div class='ocr_carea' id='block_1_55' title="bbox 2247 3969 3798 4047">
    <p class='ocr_par' dir='ltr' id='par_1_55' title="bbox 2247 3969 3798 4047">
     <span class='ocr_line' id='line_1_55' title="bbox 2247 3969 3798 4047; baseline -0.008 -18"><span class='ocrx_word' id='word_1_336' title='bbox 2247 3975 2343 4047; x_wconf 84' lang='grc' dir='ltr'><strong>δῆς</strong></span> <span class='ocrx_word' id='word_1_337' title='bbox 2362 3974 2583 4037; x_wconf 74' lang='grc' dir='ltr'>εἰκότως</span> <span class='ocrx_word' id='word_1_338' title='bbox 2610 3972 2675 4027; x_wconf 84' lang='grc' dir='ltr'><strong>ἂν</strong></span> <span class='ocrx_word' id='word_1_339' title='bbox 2706 3974 2941 4035; x_wconf 71' lang='grc' dir='ltr'>ἅπαντες</span> <span class='ocrx_word' id='word_1_340' title='bbox 2980 3969 3361 4037; x_wconf 79' lang='grc' dir='ltr'>ἀποδέξαιντο,</span> <span class='ocrx_word' id='word_1_341' title='bbox 3413 3970 3545 4025; x_wconf 80' lang='grc' dir='ltr'>ἔνθα</span> <span class='ocrx_word' id='word_1_342' title='bbox 3585 3969 3643 4023; x_wconf 81' lang='grc' dir='ltr'><strong>τὸ</strong></span> <span class='ocrx_word' id='word_1_343' title='bbox 3673 3983 3798 4035; x_wconf 75' lang='grc' dir='ltr'>ποιη-</span> 
     </span>
    </p>
   </div>
   <div class='ocr_carea' id='block_1_56' title="bbox 2247 4061 3800 4137">
    <p class='ocr_par' dir='ltr' id='par_1_56' title="bbox 2247 4061 3800 4137">
     <span class='ocr_line' id='line_1_56' title="bbox 2247 4061 3800 4137; baseline -0.006 -18"><span class='ocrx_word' id='word_1_344' title='bbox 2247 4066 2395 4119; x_wconf 82' lang='grc' dir='ltr'>τικὸν</span> <span class='ocrx_word' id='word_1_345' title='bbox 2436 4064 2606 4117; x_wconf 79' lang='grc' dir='ltr'>αἴτιον</span> <span class='ocrx_word' id='word_1_346' title='bbox 2639 4063 2964 4134; x_wconf 86' lang='grc' dir='ltr'>τιμιώτατον</span> <span class='ocrx_word' id='word_1_347' title='bbox 2996 4062 3240 4117; x_wconf 79' lang='grc' dir='ltr'>τίθενται</span> <span class='ocrx_word' id='word_1_348' title='bbox 3289 4064 3392 4117; x_wconf 74' lang='grc' dir='ltr'>καὶ</span> <span class='ocrx_word' id='word_1_349' title='bbox 3436 4061 3800 4137; x_wconf 75' lang='grc' dir='ltr'>πρεσϐύτατον,</span> 
     </span>
    </p>
   </div>
   <div class='ocr_carea' id='block_1_57' title="bbox 2248 4152 3802 4223">
    <p class='ocr_par' dir='ltr' id='par_1_57' title="bbox 2248 4152 3802 4223">
     <span class='ocr_line' id='line_1_57' title="bbox 2248 4152 3802 4223; baseline -0.005 -14"><span class='ocrx_word' id='word_1_350' title='bbox 2248 4155 2343 4209; x_wconf 70' lang='grc' dir='ltr'><strong>καὶ</strong></span> <span class='ocrx_word' id='word_1_351' title='bbox 2374 4155 2588 4209; x_wconf 82' lang='grc' dir='ltr'>πάντων</span> <span class='ocrx_word' id='word_1_352' title='bbox 2612 4155 2782 4208; x_wconf 72' lang='grc' dir='ltr'>αἴτιον</span> <span class='ocrx_word' id='word_1_353' title='bbox 2802 4154 2909 4207; x_wconf 83' lang='grc' dir='ltr'><strong>τῶν</strong></span> <span class='ocrx_word' id='word_1_354' title='bbox 2941 4154 3127 4208; x_wconf 73' lang='grc' dir='ltr'>ὄντων.</span> <span class='ocrx_word' id='word_1_355' title='bbox 3174 4155 3337 4209; x_wconf 78' lang='grc' dir='ltr'>Ἐπεὶ</span> <span class='ocrx_word' id='word_1_356' title='bbox 3367 4156 3467 4210; x_wconf 74' lang='grc' dir='ltr'>καὶ</span> <span class='ocrx_word' id='word_1_357' title='bbox 3499 4157 3609 4217; x_wconf 83' lang='grc' dir='ltr'>τοῖς</span> <span class='ocrx_word' id='word_1_358' title='bbox 3627 4152 3802 4223; x_wconf 72' lang='grc' dir='ltr'>ἠθικοῖς</span> 
     </span>
    </p>
   </div>
   <div class='ocr_carea' id='block_1_58' title="bbox 2247 4241 3805 4320">
    <p class='ocr_par' dir='ltr' id='par_1_58' title="bbox 2247 4241 3805 4320">
     <span class='ocr_line' id='line_1_58' title="bbox 2247 4241 3805 4320; baseline -0.004 -18"><span class='ocrx_word' id='word_1_359' title='bbox 2247 4250 2314 4302; x_wconf 77' lang='grc' dir='ltr'>τὰ</span> <span class='ocrx_word' id='word_1_360' title='bbox 2348 4248 2717 4320; x_wconf 81' lang='grc' dir='ltr'>ὲργωδέστερα</span> <span class='ocrx_word' id='word_1_361' title='bbox 2742 4248 3190 4318; x_wconf 81' lang='grc' dir='ltr'>παραλείποντες,</span> <span class='ocrx_word' id='word_1_362' title='bbox 3222 4243 3343 4303; x_wconf 75' lang='grc' dir='ltr'>οἷον</span> <span class='ocrx_word' id='word_1_363' title='bbox 3376 4249 3466 4314; x_wconf 86' lang='grc' dir='ltr'>τίς</span> <span class='ocrx_word' id='word_1_364' title='bbox 3489 4265 3553 4302; x_wconf 85' lang='grc' dir='ltr'><strong>τε</strong></span> <span class='ocrx_word' id='word_1_365' title='bbox 3591 4247 3627 4319; x_wconf 77' lang='grc' dir='ltr'><strong>ἡ</strong></span> <span class='ocrx_word' id='word_1_366' title='bbox 3664 4241 3805 4316; x_wconf 61' lang='grc' dir='ltr'>ἠθικὴ</span> 
     </span>
    </p>
   </div>
   <div class='ocr_carea' id='block_1_59' title="bbox 2245 4334 3808 4412">
    <p class='ocr_par' dir='ltr' id='par_1_59' title="bbox 2245 4334 3808 4412">
     <span class='ocr_line' id='line_1_59' title="bbox 2245 4334 3808 4412; baseline -0.005 -19"><span class='ocrx_word' id='word_1_367' title='bbox 2245 4339 2410 4412; x_wconf 80' lang='grc' dir='ltr'>ἀρετὴ</span> <span class='ocrx_word' id='word_1_368' title='bbox 2458 4339 2552 4392; x_wconf 82' lang='grc' dir='ltr'>καὶ</span> <span class='ocrx_word' id='word_1_369' title='bbox 2600 4337 2822 4410; x_wconf 83' lang='grc' dir='ltr'>λογικὴ.</span> <span class='ocrx_word' id='word_1_370' title='bbox 2864 4339 2959 4392; x_wconf 75' lang='grc' dir='ltr'><strong>καὶ</strong></span> <span class='ocrx_word' id='word_1_371' title='bbox 2988 4339 3088 4393; x_wconf 84' lang='grc' dir='ltr'><strong>ὅσα</strong></span> <span class='ocrx_word' id='word_1_372' title='bbox 3124 4339 3355 4409; x_wconf 83' lang='grc' dir='ltr'>λέγεται</span> <span class='ocrx_word' id='word_1_373' title='bbox 3394 4341 3529 4411; x_wconf 73' lang='grc' dir='ltr'>περὶ</span> <span class='ocrx_word' id='word_1_374' title='bbox 3567 4336 3704 4409; x_wconf 78' lang='grc' dir='ltr'>ἠθῶν</span> <span class='ocrx_word' id='word_1_375' title='bbox 3732 4334 3808 4388; x_wconf 81' lang='grc' dir='ltr'>καὶ</span> 
     </span>
    </p>
   </div>
   <div class='ocr_carea' id='block_1_60' title="bbox 2246 4429 3811 4504">
    <p class='ocr_par' dir='ltr' id='par_1_60' title="bbox 2246 4429 3811 4504">
     <span class='ocr_line' id='line_1_60' title="bbox 2246 4429 3811 4504; baseline -0.002 -20"><span class='ocrx_word' id='word_1_376' title='bbox 2246 4431 2450 4496; x_wconf 82' lang='grc' dir='ltr'>παθῶν,</span> <span class='ocrx_word' id='word_1_377' title='bbox 2481 4430 2607 4501; x_wconf 75' lang='grc' dir='ltr'>περὶ</span> <span class='ocrx_word' id='word_1_378' title='bbox 2629 4430 2720 4483; x_wconf 80' lang='grc' dir='ltr'><strong>τὸν</strong></span> <span class='ocrx_word' id='word_1_379' title='bbox 2752 4429 3065 4484; x_wconf 77' lang='grc' dir='ltr'>ὑποθετικὸν</span> <span class='ocrx_word' id='word_1_380' title='bbox 3095 4431 3449 4504; x_wconf 75' lang='grc' dir='ltr'>διατρίὸϐυσι</span> <span class='ocrx_word' id='word_1_381' title='bbox 3473 4432 3637 4486; x_wconf 86' lang='grc' dir='ltr'>τόπον</span> <span class='ocrx_word' id='word_1_382' title='bbox 3655 4446 3668 4459; x_wconf 92' lang='grc'><strong>·</strong></span> <span class='ocrx_word' id='word_1_383' title='bbox 3692 4443 3811 4481; x_wconf 72' lang='grc' dir='ltr'>στοι-</span> 
     </span>
    </p>
   </div>
   <div class='ocr_carea' id='block_1_61' title="bbox 582 4520 2148 4607">
    <p class='ocr_par' dir='ltr' id='par_1_61' title="bbox 582 4526 2139 4599">
     <span class='ocr_line' id='line_1_61' title="bbox 582 4526 2139 4599; baseline -0.001 -16"><span class='ocrx_word' id='word_1_384' title='bbox 582 4529 968 4599; x_wconf 67' lang='lat' dir='ltr'><strong>praeceptiones</strong></span> <span class='ocrx_word' id='word_1_385' title='bbox 1014 4536 1298 4583; x_wconf 90' lang='lat' dir='ltr'><strong>morantur</strong></span> <span class='ocrx_word' id='word_1_386' title='bbox 1357 4545 1369 4580; x_wconf 95' lang='lat'>:</span> <span class='ocrx_word' id='word_1_387' title='bbox 1417 4526 1559 4580; x_wconf 84' lang='lat' dir='ltr'><strong>haud</strong></span> <span class='ocrx_word' id='word_1_388' title='bbox 1610 4526 1833 4597; x_wconf 11' lang='lat' dir='ltr'><strong>quidem,</strong></span> <span class='ocrx_word' id='word_1_389' title='bbox 1877 4526 2139 4582; x_wconf 90' lang='lat' dir='ltr'><strong>elementa</strong></span> 
     </span>
    </p>
   </div>
   <div class='ocr_carea' id='block_1_62' title="bbox 2251 4520 3814 4607">
    <p class='ocr_par' dir='ltr' id='par_1_62' title="bbox 2251 4520 3814 4597">
     <span class='ocr_line' id='line_1_62' title="bbox 2251 4520 3814 4597; baseline -0.013 -5"><span class='ocrx_word' id='word_1_390' title='bbox 2251 4525 2363 4597; x_wconf 71' lang='grc' dir='ltr'>χεῖα</span> <span class='ocrx_word' id='word_1_391' title='bbox 2396 4523 2493 4593; x_wconf 78' lang='grc' dir='ltr'><strong>μὲν</strong></span> <span class='ocrx_word' id='word_1_392' title='bbox 2518 4523 2653 4594; x_wconf 80' lang='grc' dir='ltr'>πρὸς</span> <span class='ocrx_word' id='word_1_393' title='bbox 2676 4521 2913 4594; x_wconf 76' lang='grc' dir='ltr'>ἑκάστης</span> <span class='ocrx_word' id='word_1_394' title='bbox 2948 4523 3148 4595; x_wconf 81' lang='grc' dir='ltr'>ἀρετῆς</span> <span class='ocrx_word' id='word_1_395' title='bbox 3182 4524 3474 4596; x_wconf 76' lang='grc' dir='ltr'>ἀνάληψιν</span> <span class='ocrx_word' id='word_1_396' title='bbox 3514 4526 3615 4579; x_wconf 83' lang='grc' dir='ltr'><strong>οὐκ</strong></span> <span class='ocrx_word' id='word_1_397' title='bbox 3654 4520 3814 4576; x_wconf 84' lang='grc' dir='ltr'>ἀποδι-</span> 
     </span>
    </p>
   </div>
   <div class='ocr_carea' id='block_1_63' title="bbox 581 4617 2139 4690">
    <p class='ocr_par' dir='ltr' id='par_1_63' title="bbox 581 4617 2139 4690">
     <span class='ocr_line' id='line_1_63' title="bbox 581 4617 2139 4690; baseline -0.002 -16"><span class='ocrx_word' id='word_1_398' title='bbox 581 4619 872 4677; x_wconf 88' lang='lat' dir='ltr'><strong>reddentes</strong></span> <span class='ocrx_word' id='word_1_399' title='bbox 905 4621 1104 4690; x_wconf 91' lang='lat' dir='ltr'><strong>quibus</strong></span> <span class='ocrx_word' id='word_1_400' title='bbox 1142 4635 1477 4689; x_wconf 72' lang='lat' dir='ltr'><strong>unaquaeque</strong></span> <span class='ocrx_word' id='word_1_401' title='bbox 1532 4619 1707 4673; x_wconf 88' lang='lat' dir='ltr'><strong>virtus</strong></span> <span class='ocrx_word' id='word_1_402' title='bbox 1758 4617 1997 4688; x_wconf 88' lang='lat' dir='ltr'><strong>paranda</strong></span> <span class='ocrx_word' id='word_1_403' title='bbox 2036 4618 2139 4686; x_wconf 90' lang='lat' dir='ltr'><strong>sit;</strong></span> 
     </span>
    </p>
   </div>
   <div class='ocr_carea' id='block_1_64' title="bbox 583 4710 2142 4783">
    <p class='ocr_par' dir='ltr' id='par_1_64' title="bbox 583 4710 2142 4783">
     <span class='ocr_line' id='line_1_64' title="bbox 583 4710 2142 4783; baseline -0.001 -16"><span class='ocrx_word' id='word_1_404' title='bbox 583 4714 855 4769; x_wconf 86' lang='lat' dir='ltr'><strong>crassiora</strong></span> <span class='ocrx_word' id='word_1_405' title='bbox 885 4728 1013 4768; x_wconf 92' lang='lat' dir='ltr'><strong>vero</strong></span> <span class='ocrx_word' id='word_1_406' title='bbox 1045 4720 1334 4783; x_wconf 78' lang='lat' dir='ltr'><strong>praecepta,</strong></span> <span class='ocrx_word' id='word_1_407' title='bbox 1373 4712 1455 4766; x_wconf 87' lang='lat' dir='ltr'><strong>sic</strong></span> <span class='ocrx_word' id='word_1_408' title='bbox 1506 4710 1666 4781; x_wconf 88' lang='lat' dir='ltr'><strong>quasi</strong></span> <span class='ocrx_word' id='word_1_409' title='bbox 1712 4719 1914 4765; x_wconf 89' lang='lat' dir='ltr'><strong>temere</strong></span> <span class='ocrx_word' id='word_1_410' title='bbox 1949 4725 2142 4781; x_wconf 84' lang='lat' dir='ltr'><strong>conge-</strong></span> 
     </span>
    </p>
   </div>
   <div class='ocr_carea' id='block_1_65' title="bbox 582 4801 2143 4875">
    <p class='ocr_par' dir='ltr' id='par_1_65' title="bbox 582 4801 2143 4875">
     <span class='ocr_line' id='line_1_65' title="bbox 582 4801 2143 4875; baseline -0.002 -16"><span class='ocrx_word' id='word_1_411' title='bbox 582 4813 763 4861; x_wconf 87' lang='lat' dir='ltr'><strong>rentes</strong></span> <span class='ocrx_word' id='word_1_412' title='bbox 806 4822 822 4860; x_wconf 92' lang='lat'><strong>:</strong></span> <span class='ocrx_word' id='word_1_413' title='bbox 859 4820 1090 4875; x_wconf 87' lang='lat' dir='ltr'><strong>quorum</strong></span> <span class='ocrx_word' id='word_1_414' title='bbox 1130 4802 1317 4858; x_wconf 90' lang='lat' dir='ltr'><strong>auditu</strong></span> <span class='ocrx_word' id='word_1_415' title='bbox 1352 4817 1636 4857; x_wconf 91' lang='lat' dir='ltr'><strong>commune</strong></span> <span class='ocrx_word' id='word_1_416' title='bbox 1660 4801 1872 4873; x_wconf 86' lang='lat' dir='ltr'><strong>vulgus,</strong></span> <span class='ocrx_word' id='word_1_417' title='bbox 1906 4808 1966 4855; x_wconf 92' lang='lat' dir='ltr'><strong>ut</strong></span> <span class='ocrx_word' id='word_1_418' title='bbox 1987 4816 2143 4872; x_wconf 83' lang='lat' dir='ltr'><strong>expe-</strong></span> 
     </span>
    </p>
   </div>
   <div class='ocr_carea' id='block_1_66' title="bbox 581 4889 2142 4961">
    <p class='ocr_par' dir='ltr' id='par_1_66' title="bbox 581 4889 2142 4961">
     <span class='ocr_line' id='line_1_66' title="bbox 581 4889 2142 4961; baseline -0.004 -10"><span class='ocrx_word' id='word_1_419' title='bbox 581 4896 777 4951; x_wconf 89' lang='lat' dir='ltr'><strong>rientia</strong></span> <span class='ocrx_word' id='word_1_420' title='bbox 806 4895 1090 4961; x_wconf 87' lang='lat' dir='ltr'><strong>discimus,</strong></span> <span class='ocrx_word' id='word_1_421' title='bbox 1126 4894 1193 4948; x_wconf 88' lang='lat' dir='ltr'><strong>ad</strong></span> <span class='ocrx_word' id='word_1_422' title='bbox 1230 4892 1549 4948; x_wconf 87' lang='lat' dir='ltr'><strong>modestiam</strong></span> <span class='ocrx_word' id='word_1_423' title='bbox 1574 4890 1729 4945; x_wconf 89' lang='lat' dir='ltr'><strong>valde</strong></span> <span class='ocrx_word' id='word_1_424' title='bbox 1758 4889 2142 4960; x_wconf 80' lang='lat' dir='ltr'><strong>proficit,iusi—</strong></span> 
     </span>
    </p>
   </div>
   <div class='ocr_carea' id='block_1_67' title="bbox 580 4978 2137 5052">
    <p class='ocr_par' dir='ltr' id='par_1_67' title="bbox 580 4978 2137 5052">
     <span class='ocr_line' id='line_1_67' title="bbox 580 4978 2137 5052; baseline 0 -17"><span class='ocrx_word' id='word_1_425' title='bbox 580 4981 778 5052; x_wconf 87' lang='lat' dir='ltr'><strong>detque</strong></span> <span class='ocrx_word' id='word_1_426' title='bbox 804 4997 992 5037; x_wconf 88' lang='lat' dir='ltr'><strong>eorum</strong></span> <span class='ocrx_word' id='word_1_427' title='bbox 1021 4981 1262 5036; x_wconf 88' lang='lat' dir='ltr'><strong>moribus</strong></span> <span class='ocrx_word' id='word_1_428' title='bbox 1278 4980 1493 5051; x_wconf 87' lang='lat' dir='ltr'><strong>pietatis</strong></span> <span class='ocrx_word' id='word_1_429' title='bbox 1518 4979 1819 5044; x_wconf 88' lang='lat' dir='ltr'><strong>character,</strong></span> <span class='ocrx_word' id='word_1_430' title='bbox 1837 4978 2137 5047; x_wconf 83' lang='lat' dir='ltr'><strong>viviﬁcans,</strong></span> 
     </span>
    </p>
   </div>
   <div class='ocr_carea' id='block_1_68' title="bbox 582 5068 2144 5140">
    <p class='ocr_par' dir='ltr' id='par_1_68' title="bbox 582 5068 2144 5140">
     <span class='ocr_line' id='line_1_68' title="bbox 582 5068 2144 5140; baseline 0 -16"><span class='ocrx_word' id='word_1_431' title='bbox 582 5086 704 5140; x_wconf 71' lang='lat' dir='ltr'><strong>qua:</strong></span> <span class='ocrx_word' id='word_1_432' title='bbox 735 5086 804 5127; x_wconf 89' lang='lat' dir='ltr'><strong>ex</strong></span> <span class='ocrx_word' id='word_1_433' title='bbox 827 5072 922 5126; x_wconf 89' lang='lat' dir='ltr'><strong>tali</strong></span> <span class='ocrx_word' id='word_1_434' title='bbox 950 5070 1343 5126; x_wconf 89' lang='lat' dir='ltr'><strong>consuetudine</strong></span> <span class='ocrx_word' id='word_1_435' title='bbox 1372 5084 1584 5125; x_wconf 89' lang='lat' dir='ltr'><strong>morum</strong></span> <span class='ocrx_word' id='word_1_436' title='bbox 1623 5068 1946 5139; x_wconf 87' lang='lat' dir='ltr'><strong>compositio</strong></span> <span class='ocrx_word' id='word_1_437' title='bbox 1986 5068 2144 5124; x_wconf 83' lang='lat' dir='ltr'><strong>indo-</strong></span> 
     </span>
    </p>
   </div>
   <div class='ocr_carea' id='block_1_69' title="bbox 584 5160 2144 5234">
    <p class='ocr_par' dir='ltr' id='par_1_69' title="bbox 584 5160 2144 5234">
     <span class='ocr_line' id='line_1_69' title="bbox 584 5160 2144 5234; baseline 0.001 -18"><span class='ocrx_word' id='word_1_438' title='bbox 584 5161 770 5233; x_wconf 90' lang='lat' dir='ltr'><strong>lesque</strong></span> <span class='ocrx_word' id='word_1_439' title='bbox 789 5163 1149 5229; x_wconf 89' lang='lat' dir='ltr'><strong>contrahitur,</strong></span> <span class='ocrx_word' id='word_1_440' title='bbox 1177 5162 1545 5234; x_wconf 85' lang='lat' dir='ltr'><strong>paulatimque</strong></span> <span class='ocrx_word' id='word_1_441' title='bbox 1561 5160 1628 5215; x_wconf 92' lang='lat' dir='ltr'><strong>ad</strong></span> <span class='ocrx_word' id='word_1_442' title='bbox 1661 5160 1789 5215; x_wconf 88' lang='lat' dir='ltr'><strong>boni</strong></span> <span class='ocrx_word' id='word_1_443' title='bbox 1821 5161 2144 5232; x_wconf 90' lang='lat' dir='ltr'><strong>honestique</strong></span> 
     </span>
    </p>
   </div>
   <div class='ocr_carea' id='block_1_70' title="bbox 582 5255 1135 5328">
    <p class='ocr_par' dir='ltr' id='par_1_70' title="bbox 582 5255 1135 5328">
     <span class='ocr_line' id='line_1_70' title="bbox 582 5255 1135 5328; baseline 0.002 -19"><span class='ocrx_word' id='word_1_444' title='bbox 582 5255 789 5311; x_wconf 89' lang='lat' dir='ltr'><strong>ducens</strong></span> <span class='ocrx_word' id='word_1_445' title='bbox 821 5256 1135 5328; x_wconf 87' lang='lat' dir='ltr'><strong>appetitum.</strong></span> 
     </span>
    </p>
   </div>
   <div class='ocr_carea' id='block_1_71' title="bbox 660 5343 2143 5418">
    <p class='ocr_par' dir='ltr' id='par_1_71' title="bbox 660 5343 2143 5418">
     <span class='ocr_line' id='line_1_71' title="bbox 660 5343 2143 5418; baseline -0.003 -15"><span class='ocrx_word' id='word_1_446' title='bbox 660 5347 769 5404; x_wconf 81' lang='lat' dir='ltr'><strong>Hac</strong></span> <span class='ocrx_word' id='word_1_447' title='bbox 801 5364 930 5405; x_wconf 84' lang='lat' dir='ltr'><strong>vero</strong></span> <span class='ocrx_word' id='word_1_448' title='bbox 959 5363 990 5404; x_wconf 91' lang='lat' dir='ltr'><strong>a</strong></span> <span class='ocrx_word' id='word_1_449' title='bbox 1021 5346 1361 5418; x_wconf 88' lang='lat' dir='ltr'><strong>sequentium</strong></span> <span class='ocrx_word' id='word_1_450' title='bbox 1402 5346 1557 5401; x_wconf 89' lang='lat' dir='ltr'><strong>turba</strong></span> <span class='ocrx_word' id='word_1_451' title='bbox 1608 5347 1664 5400; x_wconf 92' lang='lat' dir='ltr'><strong>in</strong></span> <span class='ocrx_word' id='word_1_452' title='bbox 1720 5346 1918 5400; x_wconf 89' lang='lat' dir='ltr'><strong>multas</strong></span> <span class='ocrx_word' id='word_1_453' title='bbox 1968 5343 2143 5401; x_wconf 89' lang='lat' dir='ltr'><strong>divisa</strong></span> 
     </span>
    </p>
   </div>
   <div class='ocr_carea' id='block_1_72' title="bbox 585 5432 2145 5510">
    <p class='ocr_par' dir='ltr' id='par_1_72' title="bbox 585 5432 2145 5510">
     <span class='ocr_line' id='line_1_72' title="bbox 585 5432 2145 5510; baseline -0.005 -15"><span class='ocrx_word' id='word_1_454' title='bbox 585 5439 935 5510; x_wconf 79' lang='lat' dir='ltr'><strong>quaestiones,</strong></span> <span class='ocrx_word' id='word_1_455' title='bbox 990 5438 1243 5494; x_wconf 88' lang='lat' dir='ltr'><strong>exstitere</strong></span> <span class='ocrx_word' id='word_1_456' title='bbox 1270 5436 1476 5507; x_wconf 88' lang='lat' dir='ltr'><strong>plures,</strong></span> <span class='ocrx_word' id='word_1_457' title='bbox 1507 5441 1566 5490; x_wconf 89' lang='lat' dir='ltr'><strong>ut</strong></span> <span class='ocrx_word' id='word_1_458' title='bbox 1615 5434 1729 5490; x_wconf 84' lang='lat' dir='ltr'><strong>fere</strong></span> <span class='ocrx_word' id='word_1_459' title='bbox 1760 5435 1817 5489; x_wconf 90' lang='lat' dir='ltr'><strong>in</strong></span> <span class='ocrx_word' id='word_1_460' title='bbox 1855 5434 1923 5489; x_wconf 91' lang='lat' dir='ltr'><strong>iis</strong></span> <span class='ocrx_word' id='word_1_461' title='bbox 1956 5433 2015 5487; x_wconf 83' lang='lat' dir='ltr'><strong>iit</strong></span> <span class='ocrx_word' id='word_1_462' title='bbox 2048 5432 2145 5504; x_wconf 90' lang='lat' dir='ltr'><strong>qui</strong></span> 
     </span>
    </p>
   </div>
   <div class='ocr_carea' id='block_1_73' title="bbox 686 5586 1746 5671">
    <p class='ocr_par' dir='ltr' id='par_1_73' title="bbox 686 5586 1746 5671">
     <span class='ocr_line' id='line_1_73' title="bbox 686 5586 1746 5671; baseline -0.001 -18"><span class='ocrx_word' id='word_1_463' title='bbox 686 5600 737 5671; x_wconf 69' lang='lat' dir='ltr'><strong>i)</strong></span> <span class='ocrx_word' id='word_1_464' title='bbox 770 5597 1373 5671; x_wconf 74' lang='lat' dir='ltr'><strong>InterpreteFi-ancisco</strong></span> <span class='ocrx_word' id='word_1_465' title='bbox 1402 5586 1746 5671; x_wconf 62' lang='lat' dir='ltr'><strong>Combelisio.</strong></span> 
     </span>
    </p>
   </div>
   <div class='ocr_carea' id='block_1_74' title="bbox 659 5601 2144 5739">
    <p class='ocr_par' dir='ltr' id='par_1_74' title="bbox 659 5601 2144 5739">
     <span class='ocr_line' id='line_1_74' title="bbox 686 5601 1746 5671; baseline -0.001 -18"><span class='ocrx_word' id='word_1_466' title='bbox 686 5601 737 5671; x_wconf 78' lang='grc'><strong>1)</strong></span> <span class='ocrx_word' id='word_1_467' title='bbox 770 5601 1061 5668; x_wconf 84' lang='lat' dir='ltr'><strong>Interprete</strong></span> <span class='ocrx_word' id='word_1_468' title='bbox 1080 5601 1373 5655; x_wconf 82' lang='lat' dir='ltr'><strong>Francisco</strong></span> <span class='ocrx_word' id='word_1_469' title='bbox 1402 5601 1746 5653; x_wconf 84' lang='lat' dir='ltr'><strong>Combelisio.</strong></span> 
     </span>
     <span class='ocr_line' id='line_1_75' title="bbox 659 5601 2144 5739; baseline 0.001 -16"><span class='ocrx_word' id='word_1_470' title='bbox 659 5601 737 5739; x_wconf 53' lang='grc' dir='ltr'><strong>ξε)</strong></span> <span class='ocrx_word' id='word_1_471' title='bbox 792 5668 974 5739; x_wconf 70' lang='grc' dir='ltr'>Ἀλέξ.</span> <span class='ocrx_word' id='word_1_472' title='bbox 1008 5668 1249 5739; x_wconf 17' lang='grc' dir='ltr'>ίΡιιοιίιιε</span> <span class='ocrx_word' id='word_1_473' title='bbox 1296 5671 1350 5723; x_wconf 90' lang='lat' dir='ltr'><strong>in</strong></span> <span class='ocrx_word' id='word_1_474' title='bbox 1406 5667 1654 5739; x_wconf 73' lang='lat' dir='ltr'><strong>Epitome</strong></span> <span class='ocrx_word' id='word_1_475' title='bbox 1692 5669 1756 5739; x_wconf 60' lang='lat' dir='ltr'><strong>de</strong></span> <span class='ocrx_word' id='word_1_476' title='bbox 1799 5667 2144 5737; x_wconf 67' lang='lat' dir='ltr'><strong>Manio/imis,</strong></span> 
     </span>
    </p>
   </div>
   <div class='ocr_carea' id='block_1_75' title="bbox 583 5736 2144 5816">
    <p class='ocr_par' dir='ltr' id='par_1_75' title="bbox 583 5736 2144 5816">
     <span class='ocr_line' id='line_1_76' title="bbox 583 5736 2144 5816; baseline -0.001 -19"><span class='ocrx_word' id='word_1_477' title='bbox 583 5736 752 5816; x_wconf 73' lang='lat' dir='ltr'><strong>quam</strong></span> <span class='ocrx_word' id='word_1_478' title='bbox 785 5737 952 5795; x_wconf 88' lang='lat' dir='ltr'><strong>edidit</strong></span> <span class='ocrx_word' id='word_1_479' title='bbox 973 5738 1042 5796; x_wconf 89' lang='lat' dir='ltr'><strong>cl.</strong></span> <span class='ocrx_word' id='word_1_480' title='bbox 1072 5738 1508 5797; x_wconf 77' lang='lat' dir='ltr'><strong>Montiauconius</strong></span> <span class='ocrx_word' id='word_1_481' title='bbox 1535 5738 1654 5794; x_wconf 84' lang='lat' dir='ltr'><strong>Bib.</strong></span> <span class='ocrx_word' id='word_1_482' title='bbox 1684 5736 1847 5795; x_wconf 78' lang='lat' dir='ltr'><strong>Coisl.</strong></span> <span class='ocrx_word' id='word_1_483' title='bbox 1874 5756 1995 5813; x_wconf 88' lang='lat' dir='ltr'><strong>pag.</strong></span> <span class='ocrx_word' id='word_1_484' title='bbox 2019 5736 2144 5809; x_wconf 65' lang='grc'><strong>554,</strong></span> 
     </span>
    </p>
   </div>
   <div class='ocr_carea' id='block_1_76' title="bbox 2243 4613 3813 4687">
    <p class='ocr_par' dir='ltr' id='par_1_76' title="bbox 2243 4613 3813 4687">
     <span class='ocr_line' id='line_1_77' title="bbox 2243 4613 3813 4687; baseline -0.002 -20"><span class='ocrx_word' id='word_1_485' title='bbox 2243 4613 2421 4677; x_wconf 83' lang='grc' dir='ltr'>δόντες</span> <span class='ocrx_word' id='word_1_486' title='bbox 2443 4631 2456 4643; x_wconf 76' lang='lat'><strong>-</strong></span> <span class='ocrx_word' id='word_1_487' title='bbox 2490 4614 2921 4686; x_wconf 80' lang='grc' dir='ltr'>παραγγέλματα</span> <span class='ocrx_word' id='word_1_488' title='bbox 2952 4614 3009 4668; x_wconf 86' lang='grc' dir='ltr'>δὲ</span> <span class='ocrx_word' id='word_1_489' title='bbox 3039 4614 3329 4687; x_wconf 76' lang='grc' dir='ltr'>παχύτεροι</span> <span class='ocrx_word' id='word_1_490' title='bbox 3351 4657 3368 4681; x_wconf 91' lang='grc'><strong>,</strong></span> <span class='ocrx_word' id='word_1_491' title='bbox 3400 4617 3481 4681; x_wconf 82' lang='grc' dir='ltr'><strong>ὡς</strong></span> <span class='ocrx_word' id='word_1_492' title='bbox 3523 4617 3813 4687; x_wconf 74' lang='grc' dir='ltr'>ἐτύγχανεν,</span> 
     </span>
    </p>
   </div>
   <div class='ocr_carea' id='block_1_77' title="bbox 2244 4700 3817 4779">
    <p class='ocr_par' dir='ltr' id='par_1_77' title="bbox 2244 4700 3817 4779">
     <span class='ocr_line' id='line_1_78' title="bbox 2244 4700 3817 4779; baseline 0.004 -21"><span class='ocrx_word' id='word_1_493' title='bbox 2244 4706 2685 4778; x_wconf 70' lang='grc' dir='ltr'>ἐπισωρεΰοντες,</span> <span class='ocrx_word' id='word_1_494' title='bbox 2713 4700 2787 4762; x_wconf 83' lang='grc' dir='ltr'>ὧν</span> <span class='ocrx_word' id='word_1_495' title='bbox 2810 4709 2839 4760; x_wconf 89' lang='grc' dir='ltr'><strong>ὀ</strong></span> <span class='ocrx_word' id='word_1_496' title='bbox 2877 4707 3043 4770; x_wconf 81' lang='grc' dir='ltr'>πολὺς</span> <span class='ocrx_word' id='word_1_497' title='bbox 3068 4708 3239 4779; x_wconf 77' lang='grc' dir='ltr'>δῆμος</span> <span class='ocrx_word' id='word_1_498' title='bbox 3264 4710 3523 4775; x_wconf 81' lang='grc' dir='ltr'>ἀκούων,</span> <span class='ocrx_word' id='word_1_499' title='bbox 3548 4710 3626 4773; x_wconf 85' lang='grc' dir='ltr'><strong>ὡς</strong></span> <span class='ocrx_word' id='word_1_500' title='bbox 3656 4711 3715 4762; x_wconf 82' lang='grc' dir='ltr'>ἐκ</span> <span class='ocrx_word' id='word_1_501' title='bbox 3736 4706 3817 4772; x_wconf 81' lang='grc' dir='ltr'><strong>τῆς</strong></span> 
     </span>
    </p>
   </div>
   <div class='ocr_carea' id='block_1_78' title="bbox 2246 4796 3817 4869">
    <p class='ocr_par' dir='ltr' id='par_1_78' title="bbox 2246 4796 3817 4869">
     <span class='ocr_line' id='line_1_79' title="bbox 2246 4796 3817 4869; baseline -0.001 -20"><span class='ocrx_word' id='word_1_502' title='bbox 2246 4796 2441 4867; x_wconf 75' lang='grc' dir='ltr'>πείρας</span> <span class='ocrx_word' id='word_1_503' title='bbox 2463 4796 2576 4849; x_wconf 74' lang='grc' dir='ltr'>ἔστι</span> <span class='ocrx_word' id='word_1_504' title='bbox 2604 4797 2813 4867; x_wconf 79' lang='grc' dir='ltr'>μαθεῖν,</span> <span class='ocrx_word' id='word_1_505' title='bbox 2834 4797 3037 4869; x_wconf 81' lang='grc' dir='ltr'>σφόδρα</span> <span class='ocrx_word' id='word_1_506' title='bbox 3062 4799 3385 4853; x_wconf 83' lang='grc' dir='ltr'>ἐπιδίδωσιν</span> <span class='ocrx_word' id='word_1_507' title='bbox 3414 4803 3501 4865; x_wconf 79' lang='grc' dir='ltr'><strong>εἰς</strong></span> <span class='ocrx_word' id='word_1_508' title='bbox 3520 4797 3817 4858; x_wconf 83' lang='grc' dir='ltr'>ἐπιείκειαν,</span> 
     </span>
    </p>
   </div>
   <div class='ocr_carea' id='block_1_79' title="bbox 2245 4886 3822 4961">
    <p class='ocr_par' dir='ltr' id='par_1_79' title="bbox 2245 4886 3822 4961">
     <span class='ocr_line' id='line_1_80' title="bbox 2245 4886 3822 4961; baseline -0.003 -22"><span class='ocrx_word' id='word_1_509' title='bbox 2245 4886 2340 4939; x_wconf 74' lang='grc' dir='ltr'>καὶ</span> <span class='ocrx_word' id='word_1_510' title='bbox 2388 4888 2488 4957; x_wconf 78' lang='grc' dir='ltr'>τῆς</span> <span class='ocrx_word' id='word_1_511' title='bbox 2537 4886 2816 4952; x_wconf 76' lang='grc' dir='ltr'>εὐσεϐείας</span> <span class='ocrx_word' id='word_1_512' title='bbox 2864 4887 3147 4961; x_wconf 80' lang='grc' dir='ltr'>χαρακτὴρ</span> <span class='ocrx_word' id='word_1_513' title='bbox 3197 4889 3458 4953; x_wconf 79' lang='grc' dir='ltr'>ὲνιζάνει</span> <span class='ocrx_word' id='word_1_514' title='bbox 3511 4890 3689 4944; x_wconf 76' lang='grc' dir='ltr'>αὐτῶν</span> <span class='ocrx_word' id='word_1_515' title='bbox 3726 4888 3822 4946; x_wconf 77' lang='grc' dir='ltr'>τοῖς</span> 
     </span>
    </p>
   </div>
   <div class='ocr_carea' id='block_1_80' title="bbox 2244 4976 3823 5054">
    <p class='ocr_par' dir='ltr' id='par_1_80' title="bbox 2244 4976 3823 5054">
     <span class='ocr_line' id='line_1_81' title="bbox 2244 4976 3823 5054; baseline 0.005 -25"><span class='ocrx_word' id='word_1_516' title='bbox 2244 4978 2428 5048; x_wconf 73' lang='grc' dir='ltr'>ἤθεσιν</span> <span class='ocrx_word' id='word_1_517' title='bbox 2455 5016 2471 5041; x_wconf 91' lang='grc'><strong>,</strong></span> <span class='ocrx_word' id='word_1_518' title='bbox 2506 4976 2876 5051; x_wconf 76' lang='grc' dir='ltr'>ἁναξωπυρῶν</span> <span class='ocrx_word' id='word_1_519' title='bbox 2906 4979 2966 5032; x_wconf 82' lang='grc' dir='ltr'><strong>τὸ</strong></span> <span class='ocrx_word' id='word_1_520' title='bbox 2997 4981 3061 5032; x_wconf 83' lang='grc' dir='ltr'><strong>ὲκ</strong></span> <span class='ocrx_word' id='word_1_521' title='bbox 3094 4979 3194 5050; x_wconf 81' lang='grc' dir='ltr'><strong>τῆς</strong></span> <span class='ocrx_word' id='word_1_522' title='bbox 3235 4981 3520 5054; x_wconf 79' lang='grc' dir='ltr'>τοιαύτης</span> <span class='ocrx_word' id='word_1_523' title='bbox 3556 4976 3823 5050; x_wconf 73' lang='grc' dir='ltr'>συνηθείας</span> 
     </span>
    </p>
   </div>
   <div class='ocr_carea' id='block_1_81' title="bbox 2248 5066 3826 5146">
    <p class='ocr_par' dir='ltr' id='par_1_81' title="bbox 2248 5066 3826 5146">
     <span class='ocr_line' id='line_1_82' title="bbox 2248 5066 3826 5146; baseline 0.002 -26"><span class='ocrx_word' id='word_1_524' title='bbox 2248 5068 2686 5141; x_wconf 83' lang='grc' dir='ltr'>συνεκλημμένον</span> <span class='ocrx_word' id='word_1_525' title='bbox 2715 5066 2863 5142; x_wconf 81' lang='grc' dir='ltr'>ἦθος,</span> <span class='ocrx_word' id='word_1_526' title='bbox 2905 5072 2998 5125; x_wconf 61' lang='grc' dir='ltr'><strong>καὶ¹</strong></span> <span class='ocrx_word' id='word_1_527' title='bbox 3026 5072 3144 5126; x_wconf 87' lang='grc' dir='ltr'>κατ’</span> <span class='ocrx_word' id='word_1_528' title='bbox 3165 5071 3357 5140; x_wconf 78' lang='grc' dir='ltr'>ὀλίγον</span> <span class='ocrx_word' id='word_1_529' title='bbox 3388 5075 3480 5138; x_wconf 78' lang='grc' dir='ltr'><strong>εἰς</strong></span> <span class='ocrx_word' id='word_1_530' title='bbox 3500 5076 3604 5146; x_wconf 84' lang='grc' dir='ltr'>τὴν</span> <span class='ocrx_word' id='word_1_531' title='bbox 3629 5072 3719 5126; x_wconf 84' lang='grc' dir='ltr'>τοῦ</span> <span class='ocrx_word' id='word_1_532' title='bbox 3740 5086 3826 5123; x_wconf 79' lang='grc' dir='ltr'><strong>κα-</strong></span> 
     </span>
    </p>
   </div>
   <div class='ocr_carea' id='block_1_82' title="bbox 2242 5162 2992 5235">
    <p class='ocr_par' dir='ltr' id='par_1_82' title="bbox 2242 5162 2992 5235">
     <span class='ocr_line' id='line_1_83' title="bbox 2242 5162 2992 5235; baseline 0.005 -20"><span class='ocrx_word' id='word_1_533' title='bbox 2242 5162 2334 5215; x_wconf 83' lang='grc' dir='ltr'>λοῦ</span> <span class='ocrx_word' id='word_1_534' title='bbox 2369 5162 2533 5216; x_wconf 82' lang='grc' dir='ltr'>αὐτοῦ</span> <span class='ocrx_word' id='word_1_535' title='bbox 2560 5162 2737 5235; x_wconf 76' lang='grc' dir='ltr'>ὄρεξιν</span> <span class='ocrx_word' id='word_1_536' title='bbox 2768 5163 2992 5235; x_wconf 82' lang='grc' dir='ltr'><strong>ὁδηγῶν.</strong></span> 
     </span>
    </p>
   </div>
   <div class='ocr_carea' id='block_1_83' title="bbox 2312 5344 3833 5425">
    <p class='ocr_par' dir='ltr' id='par_1_83' title="bbox 2312 5344 3833 5425">
     <span class='ocr_line' id='line_1_84' title="bbox 2312 5344 3833 5425; baseline 0.008 -28"><span class='ocrx_word' id='word_1_537' title='bbox 2312 5344 2407 5409; x_wconf 75' lang='lat' dir='ltr'><strong>Ei;</strong></span> <span class='ocrx_word' id='word_1_538' title='bbox 2433 5344 2660 5399; x_wconf 77' lang='grc' dir='ltr'>πλεῖστα</span> <span class='ocrx_word' id='word_1_539' title='bbox 2690 5345 2748 5399; x_wconf 86' lang='grc' dir='ltr'><strong>δὲ</strong></span> <span class='ocrx_word' id='word_1_540' title='bbox 2766 5345 2969 5419; x_wconf 82' lang='grc' dir='ltr'>ταύτης</span> <span class='ocrx_word' id='word_1_541' title='bbox 2998 5346 3103 5402; x_wconf 83' lang='grc' dir='ltr'>ὑπὸ</span> <span class='ocrx_word' id='word_1_542' title='bbox 3130 5348 3237 5404; x_wconf 82' lang='grc' dir='ltr'>τῶν</span> <span class='ocrx_word' id='word_1_543' title='bbox 3273 5351 3709 5425; x_wconf 78' lang='grc' dir='ltr'>ἐπιγενομένων</span> <span class='ocrx_word' id='word_1_544' title='bbox 3748 5362 3833 5419; x_wconf 62' lang='grc' dir='ltr'>μευ</span> 
     </span>
    </p>
   </div>
   <div class='ocr_carea' id='block_1_84' title="bbox 2246 5437 3836 5513">
    <p class='ocr_par' dir='ltr' id='par_1_84' title="bbox 2246 5437 3836 5513">
     <span class='ocr_line' id='line_1_85' title="bbox 2246 5437 3836 5513; baseline 0.011 -23"><span class='ocrx_word' id='word_1_545' title='bbox 2246 5437 2519 5511; x_wconf 83' lang='grc' dir='ltr'>ρισθείσης</span> <span class='ocrx_word' id='word_1_546' title='bbox 2548 5437 2837 5512; x_wconf 75' lang='grc' dir='ltr'>ζητήσεις,</span> <span class='ocrx_word' id='word_1_547' title='bbox 2872 5440 3205 5513; x_wconf 82' lang='grc' dir='ltr'>συνέστησαν</span> <span class='ocrx_word' id='word_1_548' title='bbox 3243 5442 3561 5512; x_wconf 83' lang='grc' dir='ltr'>πλείονες,</span> <span class='ocrx_word' id='word_1_549' title='bbox 3598 5442 3836 5508; x_wconf 67' lang='grc' dir='ltr'>καθάπερ</span> 
     </span>
    </p>
   </div>
   <div class='ocr_carea' id='block_1_85' title="bbox 2234 5582 3844 5679">
    <p class='ocr_par' dir='ltr' id='par_1_85' title="bbox 2234 5582 3844 5679">
     <span class='ocr_line' id='line_1_86' title="bbox 2234 5582 3844 5679; baseline 0.005 -24"><span class='ocrx_word' id='word_1_550' title='bbox 2234 5582 2409 5655; x_wconf 83' lang='lat' dir='ltr'><strong>urbis</strong></span> <span class='ocrx_word' id='word_1_551' title='bbox 2458 5600 2735 5679; x_wconf 73' lang='lat' dir='ltr'><strong>Lycorum</strong></span> <span class='ocrx_word' id='word_1_552' title='bbox 2762 5603 3050 5679; x_wconf 68' lang='lat' dir='ltr'><strong>praesulem</strong></span> <span class='ocrx_word' id='word_1_553' title='bbox 3086 5604 3283 5679; x_wconf 44' lang='lat' dir='ltr'><strong>fuisse“</strong></span> <span class='ocrx_word' id='word_1_554' title='bbox 3311 5608 3479 5664; x_wconf 86' lang='lat' dir='ltr'><strong>hunc</strong></span> <span class='ocrx_word' id='word_1_555' title='bbox 3529 5610 3844 5679; x_wconf 72' lang='lat' dir='ltr'><strong>scriptorem</strong></span> 
     </span>
    </p>
   </div>
   <div class='ocr_carea' id='block_1_86' title="bbox 2254 5672 3846 5746">
    <p class='ocr_par' dir='ltr' id='par_1_86' title="bbox 2254 5672 3846 5746">
     <span class='ocr_line' id='line_1_87' title="bbox 2254 5672 3846 5746; baseline 0.001 -20"><span class='ocrx_word' id='word_1_556' title='bbox 2254 5679 2480 5746; x_wconf 63' lang='lat' dir='ltr'><strong>testatur</strong></span> <span class='ocrx_word' id='word_1_557' title='bbox 2509 5673 2592 5746; x_wconf 86' lang='lat' dir='ltr'><strong>his</strong></span> <span class='ocrx_word' id='word_1_558' title='bbox 2627 5672 2804 5746; x_wconf 81' lang='lat' dir='ltr'><strong>verbis</strong></span> <span class='ocrx_word' id='word_1_559' title='bbox 2847 5692 2861 5729; x_wconf 89' lang='lat'><strong>:</strong></span> <span class='ocrx_word' id='word_1_560' title='bbox 2888 5674 2955 5727; x_wconf 84' lang='grc' dir='ltr'><strong>’Ὀ</strong></span> <span class='ocrx_word' id='word_1_561' title='bbox 2981 5691 3040 5746; x_wconf 83' lang='grc' dir='ltr'><strong>τε</strong></span> <span class='ocrx_word' id='word_1_562' title='bbox 3072 5675 3171 5746; x_wconf 84' lang='grc' dir='ltr'><strong>τῆς</strong></span> <span class='ocrx_word' id='word_1_563' title='bbox 3197 5674 3430 5742; x_wconf 70' lang='grc' dir='ltr'>πόλεως</span> <span class='ocrx_word' id='word_1_564' title='bbox 3454 5672 3664 5733; x_wconf 78' lang='grc' dir='ltr'><strong>Λύκων</strong></span> <span class='ocrx_word' id='word_1_565' title='bbox 3708 5674 3846 5729; x_wconf 77' lang='grc' dir='ltr'>Ἀλέ-</span> 
     </span>
    </p>
   </div>
   <div class='ocr_carea' id='block_1_87' title="bbox 2253 5741 3851 5821">
    <p class='ocr_par' dir='ltr' id='par_1_87' title="bbox 2253 5741 3851 5821">
     <span class='ocr_line' id='line_1_88' title="bbox 2253 5741 3851 5821; baseline 0.001 -24"><span class='ocrx_word' id='word_1_566' title='bbox 2253 5741 2473 5815; x_wconf 79' lang='grc' dir='ltr'>ξανδρος</span> <span class='ocrx_word' id='word_1_567' title='bbox 2497 5744 2622 5808; x_wconf 78' lang='grc' dir='ltr'>τοὺς</span> <span class='ocrx_word' id='word_1_568' title='bbox 2653 5744 3062 5815; x_wconf 82' lang='grc' dir='ltr'>ἀρχιερατικοὺς</span> <span class='ocrx_word' id='word_1_569' title='bbox 3098 5741 3613 5821; x_wconf 66' lang='grc' dir='ltr'>ἐγκεχειρισμένος</span> <span class='ocrx_word' id='word_1_570' title='bbox 3637 5748 3851 5821; x_wconf 76' lang='grc' dir='ltr'>νόμους.</span> 
     </span>
    </p>
   </div>
  </div>
