3980 6318
223 345 303 404 4ίὸ
1049 335 1468 393 TRACTATUS
1507 333 1597 388 DE
1635 333 1946 390 PLACITIS
1977 315 2530 392 MANICHEORUM.

3289 330 3398 387 614

218 467 264 518 ιν
281 462 372 524 τοῖς
401 459 702 529 ἐριστικοῖς,
729 458 820 526 ἀφ’
848 451 920 511 ὧν
955 459 1396 529 ὲντρεχεστέρους
1425 457 1520 527 μὲν
1544 455 1720 518 ἄλλους

1835 456 2169 510 contentioni
2195 454 2433 519 student,
2457 453 2546 506 alii
2568 451 2692 506 aliis
2709 445 3044 515 solertior-es,
3063 452 3397 522 argutiisque

217 553 379 625 ἐτέρων
403 549 593 621 μᾶλλον
622 550 714 602 καὶ
745 550 1228 621 ζητητικωτέρους,
1259 549 1332 607 ὡς
1356 547 1418 601 ἄν
1456 565 1539 610 τις
1565 546 1730 612 εἴποι,

214 644 443 718 γεγονέναι
491 642 798 712 συμϐέϐηκε
824 659 836 672 ’
877 642 969 695 καί
1019 659 1159 704 τινες
1207 641 1304 711 ἤδη
1339 643 1432 692 καὶ
1470 639 1732 710 αἱρέσεων

212 736 516 808 προῦστησαν
543 753 556 765 ·
594 737 685 804 ἀφ’
712 729 784 788 ὧν
813 737 845 806 ἡ
878 735 1016 787 κατὰ
1059 734 1120 787 τὸ
1160 731 1288 805 ἦθος
1329 732 1519 803 ἄδηλος
1559 748 1729 784 κατα-

213 830 342 899 σκευὴ
368 828 686 900 ἐμαραίνετο
707 846 719 858 ·
751 830 848 899 τῆς
869 829 964 899 μὲν
987 828 1124 882 κατὰ
1148 829 1236 881 τὸν
1261 827 1416 894 λόγον
1449 827 1731 896 ἀκριϐείας

207 922 284 976 οὐκ
304 919 691 988 ὲφικνουμένων
722 920 942 983 τούτων,
979 921 1091 972 ὅσοι
1145 919 1250 971 τῶν
1283 919 1542 989 αἱρέσεων
1583 919 1732 987 ἡγεῖ-

209 1012 304 1064 σθαι
325 1010 496 1079 ἠξίουν
519 1030 530 1040 ·
564 1010 658 1063 τοῦ
685 1011 740 1063 δὲ
776 1011 968 1063 πολλοῦ
1001 1011 1233 1082 πλήθους
1275 1009 1728 1063 στασιαστικὼτε-

207 1120 277 1174 ρον
306 1103 427 1172 πρὸς
455 1102 585 1154 αὐτὸ
610 1103 957 1167 διατεθέντος.
989 1105 1221 1166 Κανόνος
1248 1103 1304 1156 δὲ
1327 1103 1537 1166 οὐδενὸς
1570 1102 1729 1154 ὑπόν-

203 1211 273 1257 τος
297 1194 401 1246 οὐδὲ
453 1194 652 1262 νόμων,
692 1196 783 1263 ἀφ’
827 1189 900 1247 ὧν
938 1194 1043 1247 τῶν
1085 1195 1362 1266 ζητήσεων
1406 1194 1729 1266 πορίσασθαι

199 1285 336 1350 λύσιν,
357 1285 605 1357 καθάπερ
632 1286 687 1339 δὲ
716 1289 770 1338 ἐν
793 1291 902 1350 τοῖς
927 1287 1102 1350 ἄλλοις
1121 1291 1153 1357 ἡ
1181 1287 1456 1357 φιλοτιμία
1478 1289 1556 1348 εἰς
1574 1288 1737 1357 ὑπερ-

199 1376 327 1439 ϐολὰς
350 1377 702 1441 ἐκπίπτουσα,
727 1378 825 1429 οὐκ
851 1377 993 1429 ἔστιν
1013 1379 1040 1430 ὃ
1072 1397 1122 1430 τι
1155 1379 1213 1430 οὐ
1251 1377 1584 1447 λυμαίνεται.

1838 563 1902 601 ac
1929 546 2340 617 quastionibus,
2376 554 2438 599 ut
2459 545 2537 600 sic
2564 545 2760 606 dicam,
2793 543 3132 613 sagaciores:
3163 545 3234 597 ita
3264 559 3397 598 sane

1837 648 1896 694 ut
1917 640 2027 708 jam
2059 654 2272 709 quoque
2301 639 2568 692 heresewn
2601 643 2981 705 sectarumqne
3006 635 3275 692 antistites
3306 651 3398 706 pa-

1834 744 2121 802 rentesque
2160 731 2520 785 emerserint:
2554 744 2648 798 per
2690 745 2828 798 quos
2871 729 2924 782 in
2973 729 3265 783 obscurum
3293 730 3394 784 ad—

1835 826 1997 880 ducta
2034 841 2096 879 ac
2118 823 2438 878 labefactata
2475 838 2685 876 morum
2731 822 3000 879 institutio
3031 832 3114 878 est
3146 840 3160 876 :
3193 821 3320 877 dum
3355 824 3392 878 ii

1835 929 2036 974 certam
2116 933 2430 974 sermonum
2499 917 2782 970 veritatem
2853 931 2963 969 non
3027 922 3395 985 assequuntur

1834 1013 2121 1082 (quotquot
2149 1013 2404 1065 nimirum
2434 1011 2598 1065 sectis
2620 1010 2868 1064 antistari
2887 1009 3114 1079 volunt),
3134 1009 3396 1078 plebsque

1832 1121 1893 1159 ac
1924 1106 2115 1174 vulgus
2146 1104 2268 1158 imle
2293 1104 2346 1157 in
2376 1106 2524 1158 rixas
2549 1119 2610 1157 ac
2637 1105 3013 1158 contentiones
3045 1102 3304 1170 majorem
3335 1102 3392 1156 in

1832 1195 2051 1248 modum
2086 1194 2372 1248 excitatur.
2400 1193 2646 1264 Cumque
2688 1195 2832 1247 nulla
2891 1201 3144 1262 suppetat
3183 1191 3390 1261 regula,

1833 1287 1992 1339 nulla:
2030 1295 2225 1354 praesto
2259 1286 2368 1340 sint
2408 1287 2570 1355 leges,
2610 1291 2750 1339 unde
2796 1300 2982 1339 eorum
3010 1299 3129 1355 qua:
3164 1284 3218 1337 in
3247 1299 3393 1352 quaa-

1832 1377 2063 1430 stionem
2098 1377 2342 1440 veniunt,
2392 1379 2713 1432 solutionem
2765 1377 3006 1430 nancisci
3061 1376 3254 1439 liceat,
3295 1375 3392 1430 sed

195 1472 312 1524 velut
339 1472 385 1526 in
415 1473 561 1538 aliis,
596 1473 819 1529 honoris
860 1474 1135 1529 contentio
1183 1476 1236 1527 in
1268 1474 1600 1528 nimietatem
1647 1472 1876 1527 adducta
1928 1483 2089 1542 atque
2127 1474 2414 1539 excedens,
2460 1481 2676 1528 nonest
2725 1473 2809 1528 cui
2859 1473 3031 1528 labem
3084 1487 3393 1544 noxamque

195 1581 282 1626 non
304 1567 524 1636 aderat.

378 1705 512 1762 CAP.
548 1704 610 1760 Π.
643 1706 944 1774 Manicha’i,
973 1725 1061 1762 seu
1096 1707 1344 1775 Manetis,
1368 1717 1516 1763 tetas.
1552 1706 1722 1762 Primi
1751 1708 2015 1778 discipuli.
2055 1709 2172 1765 Duo
2200 1713 2478 1780 principia.
2509 1707 2740 1766 Materia
2777 1712 3128 1767 Manic/aaica.

245 1846 376 1902 ὓῦτω
401 1846 462 1899 δὲ
496 1846 592 1898 καὶ
619 1847 709 1898 ἐπὶ
731 1845 953 1905 τούτων,
989 1848 1053 1915 τῇ
1099 1845 1371 1915 καινότητι
1409 1845 1516 1898 τῶν
1562 1845 1720 1910 δοξῶν

1907 1845 1994 1899 Sic
2029 1847 2082 1900 in
2134 1847 2220 1903 his
2278 1865 2520 1918 quoque,
2579 1850 2704 1904 dum
2769 1851 3085 1920 Opinionum
3149 1853 3388 1909 novitate

189 1937 406 2007 ἑκάτερος
435 1936 530 1989 τὸν
567 1937 670 2007 πρὸ
702 1935 866 1989 αὑτοῦ
913 1936 1342 2006 ὑπερϐάλλεσθαι
1392 1937 1723 2000 σπουδάζων,

189 2031 247 2091 εἰς
270 2029 519 2099 ἀνήνυτον
559 2031 790 2098 πρᾶγμα
818 2029 916 2099 τὴν
934 2029 1109 2098 ἁπλῆν
1131 2029 1332 2098 ταύτην
1359 2029 1727 2100 ἐμϐεϐλήκασι

190 2117 469 2185 φιλοσοφίαν
491 2134 503 2146 ⁸
537 2117 725 2188 ὥσπερ
756 2120 782 2170 ὁ
814 2117 1102 2188 λεγόμενος
1131 2120 1455 2189 Μανιχαῖος,
1493 2119 1551 2183 ὃς
1591 2120 1730 2190 Πέρ-

188 2223 267 2277 σης
292 2206 378 2277 μέν
404 2225 496 2270 τις
529 2208 646 2259 ἐστὶ
686 2209 744 2261 τὸ
783 2207 964 2275 γένος·
1002 2209 1092 2262 καί
1130 2208 1193 2278 γέ
1244 2227 1326 2272 τις
1373 2211 1558 2274 Hirro;
1641 2214 1716 2282 (5)

182 2306 376 2374 τοῦνομα
445 2297 587 2367 πρὸς
630 2299 774 2368 ἡμᾶς
821 2298 1036 2365 ἐγένετο
1080 2299 1179 2368 τῆς
1215 2299 1306 2352 τοῦ
1355 2300 1545 2371 ἀνδρὸς
1571 2300 1727 2370 δόξης

187 2389 434 2458 sane};
464 2390 560 2441 καί
597 2388 732 2458 μετὰ
762 2388 949 2442 τοῦτον
979 2390 1179 2461 Θωμᾶς
1199 2431 1212 2453 ,
1255 2391 1347 2443 καί
1372 2409 1514 2456 τινες
1550 2391 1726 2464 ἕτεροι

188 2479 280 2544 μετ’
307 2478 520 2541 αὐτούς.
546 2479 716 2541 Αὐτὸς
747 2479 802 2530 δὲ
827 2481 918 2532 ἐπὶ
941 2482 1299 2553 Οὐαλεριανοῦ
1326 2484 1421 2553 μὲν
1445 2486 1724 2553 γεγονέναι

186 2567 377 2634 λέγεται,
419 2569 818 2639 συστρατεῦσαί
849 2587 906 2623 τε
937 2569 1182 2642 Σαπώρῳ
1211 2571 1286 2644 τῷ
1313 2573 1512 2647 Πέρση·
1556 2593 1723 2646 προσ-

185 2660 453 2730 κρούσαντα
505 2660 564 2713 δέ
609 2679 661 2713 τι
690 2661 858 2733 τούτῳ
889 2663 1243 2715 ἀπολωλέναι.
1295 2663 1483 2718 Τοιάδε
1517 2662 1607 2720 οὖν
1641 2685 1724 2730 τις

186 2752 308 2822 φήμη
332 2754 424 2822 τῆς
453 2753 666 2805 ἐκείνου
689 2752 843 2822 δόξης
873 2751 981 2806 ἀπὸ
1013 2755 1118 2807 τῶν
1160 2756 1447 2826 γνωρίμων
1500 2759 1590 2811 τοῦ
1632 2761 1725 2812 ἁν-

183 2842 282 2910 ιῗρὲς
307 2846 532 2914 ἀφίκετο
566 2845 701 2915 πρὸς
748 2846 914 2914 ἡμᾶς.
964 2845 1068 2897 Δύο
1118 2847 1289 2916 ἀρχὰς
1334 2847 1556 2910 ἐτίθετο,
1592 2850 1722 2903 Θεὸν

186 2937 260 2988 καὶ
279 2936 408 3007 ὕλην.
449 2933 606 2991 Εἶναι
629 2938 683 2990 δὲ
710 2938 797 2992 τὸν
833 2938 930 3008 μὲν
956 2937 1086 2989 Θεὸν
1119 2939 1340 3007 ἀγαθὸν,
1376 2941 1472 3010 τὴν
1505 2941 1559 2993 δὲ
1593 2942 1724 3012 ὓλην

180 3030 340 3085 κακόν.
392 3030 614 3101 Ἀγαθῷ
662 3031 717 3083 δὲ
761 3031 939 3083 πλεῖον
986 3032 1076 3084 τὸν
1109 3031 1242 3085 Θεὸν
1299 3033 1718 3104 ὑπερϐάλλεινῆ

181 3122 309 3191 κακῷ
338 3123 426 3193 τὴν
474 3123 626 3194 ὓλην.
664 3122 774 3192 Τὴν
804 3123 860 3175 δὲ
897 3122 1025 3191 ὓλην
1068 3124 1216 3191 λέγει
1259 3126 1356 3195 οὐχ
1389 3127 1456 3196 ἣν
1495 3127 1720 3181 Πλάτων

1830 1939 2059 2008 quisque
2083 1955 2140 1993 se
2175 1942 2404 2009 priorem
2439 1957 2500 1996 ac
2527 1942 2860 2010 superiorem
2897 1959 3153 2014 superare
3173 1954 3389 2000 conten-

1828 2028 1926 2090 dit,
1959 2029 2352 2099 phi1050phiam
2388 2048 2505 2100 quze
2536 2034 2762 2102 simplex
2813 2034 2915 2098 sit,
2945 2050 3009 2088 eo
3036 2034 3248 2089 tandem
3299 2037 3386 2091 ad-

1828 2119 2135 2185 duxerunt,
2170 2130 2229 2174 ut
2265 2124 2509 2192 pra'stari
2562 2139 2669 2177 non
2736 2126 2927 2193 possit.
2963 2124 3110 2182 Talis
3155 2129 3386 2190 exstitit,

1827 2226 1987 2280 quem
2023 2209 2372 2265 Maniehzenm
2403 2221 2617 2276 vocant,
2647 2213 2866 2268 natione
2891 2216 3088 2278 Persa;
3130 2218 3286 2286 cujus
3318 2217 3386 2273 ad

1827 2317 1926 2356 nos
1971 2304 2242 2372 opinionis
2296 2303 2486 2358 doctor
2519 2302 2698 2374 Papus
2731 2305 2968 2368 nomine,
3000 2315 3052 2360 et
3093 2315 3214 2376 post
3259 2323 3384 2362 eum

1828 2392 2086 2457 Thomas,
2123 2394 2286 2456 venit,
2317 2410 2519 2464 eosque
2575 2397 2747 2450 secuti
2779 2398 3023 2450 nonnulli
3075 2398 3186 2451 alii.
3222 2398 3387 2452 Aiunt

1828 2487 2099 2539 hominem
2142 2484 2431 2539 Valeriano
2475 2486 2800 2557 imperatore
2847 2489 3064 2551 vixisse,
3094 2503 3156 2541 ac
3196 2487 3386 2558 Sapori

1825 2576 2114 2632 Persarum
2150 2580 2262 2648 regi
2299 2580 2639 2643 militantem,
2670 2595 2792 2634 cum
2836 2582 2979 2650 apud
3029 2581 3178 2635 illum
3217 2581 3389 2636 offen-

1825 2670 2013 2734 disset,
2049 2671 2288 2738 periisse.
2326 2669 2667 2738 Ejuscemodi
2700 2686 2828 2726 vero
2857 2671 2958 2724 viri
3001 2671 3147 2726 illius
3176 2672 3388 2741 opinio-

1825 2765 1910 2817 nis
1957 2761 2118 2825 fama,
2155 2764 2222 2817 ab
2273 2763 2391 2831 ejus
2424 2761 2778 2818 familiaribus
2813 2763 2879 2816 ad
2931 2779 3031 2818 nos
3069 2764 3386 2834 permeavit.

1823 2855 1938 2908 Duo
1970 2857 2203 2925 ponebat
2250 2856 2536 2926 principia,
2565 2855 2730 2910 Deum
2783 2863 2838 2910 et
2877 2857 3180 2923 materiam.
3216 2855 3384 2910 Deutn

1824 2955 2002 3000 autem
2036 2948 2235 3001 bonum
2269 2947 2500 3011 dicebat,
2530 2949 2811 3001 materiam
2833 2948 3033 2999 malum
3063 2946 3382 3000 allirmabat.

1822 3037 1971 3092 Bono
2005 3037 2172 3092 Deum
2225 3039 2397 3107 magis
2454 3038 2791 3108 praecellere,
2833 3052 2992 3107 quam
3025 3038 3166 3090 malo
3214 3023 3386 3091 mate-

1823 3129 1977 3182 riam.
2013 3128 2288 3183 Materiam
2323 3145 2452 3182 vero
2485 3136 2642 3183 vocat
2677 3144 2786 3182 non
2841 3143 3002 3197 quam
3032 3125 3188 3182 Plato
3229 3127 3384 3190 dicit,

179 3213 257 3283 τὴν
317 3217 490 3268 πάντα
551 3217 860 3287 γινομένην,
913 3219 988 3270 ὅτ’
1033 3218 1098 3270 ἂν
1143 3218 1280 3291 λάϐῃ
1329 3220 1584 3290 ποιότητα
1630 3223 1720 3275 καὶ

1825 3233 1943 3287 qua:
1970 3217 2148 3271 omnia
2177 3218 2288 3280 ﬁat,
2336 3224 2498 3280 tunc,
2549 3232 2672 3270 cum
2703 3216 3016 3286 qualitatem
3055 3215 3388 3287 ﬁguramque

178 3306 362 3374 σχῆμα·
390 3307 462 3360 δι’
507 3307 534 3358 ὃ
567 3307 803 3378 πανδεχῆ
834 3310 926 3362 καὶ
966 3309 1174 3380 μητέρα
1213 3311 1305 3362 καὶ
1336 3310 1489 3382 τιθὴν
1527 3312 1680 3365 καλεῖ
1701 3331 1716 3344 .

176 3395 249 3446 καὶ
284 3397 659 3468 Ἀριστοτέλης
687 3399 748 3451 τὸ
779 3403 1056 3469 στοιχεῖον,
1090 3402 1214 3472 περὶ
1239 3401 1267 3452 ὃ
1303 3402 1362 3453 τὸ
1402 3397 1537 3466 εἶδος
1570 3404 1718 3475 καὶή

179 3487 426 3557 στέρησι;”
477 3490 594 3541 ἀλλ’
635 3490 821 3560 ἕτερον
856 3509 907 3543 τι
956 3489 1106 3561 παρά
1147 3491 1336 3546 ταῦται
1390 3494 1498 3563 Τὴν
1525 3493 1631 3565 γὰρ
1662 3497 1718 3547 ἐν

173 3579 353 3648 ἑκάστῳ
380 3581 498 3633 τῶν
518 3581 688 3634 ὄντων
709 3582 940 3636 ἄτακτον
963 3584 1192 3653 κίνησιν,
1227 3583 1427 3653 ταύτην
1462 3584 1593 3656 ὓλην
1621 3603 1722 3640 κα-

174 3668 252 3722 λεῖ.
283 3671 645 3742 Συντετάχθαι
696 3673 752 3726 δὲ
781 3673 858 3742 τῷ
900 3674 1016 3744 Θεῷ
1044 3675 1299 3744 δυνάμεις
1349 3676 1560 3746 ἐτέρας,
1608 3673 1717 3730 οἷον

173 3762 501 3832 ὑπηρέτιδας,
536 3764 745 3831 ἀγαθὰς
777 3765 956 3828 πάσας
978 3783 990 3795 ·
1019 3768 1112 3818 καὶ
1133 3766 1294 3830 ἄλλας
1315 3770 1378 3837 τῇ
1397 3767 1494 3838 ὕλῃ
1516 3768 1718 3838 ὁμοίως

173 3854 323 3918 πάσας
347 3857 547 3918 κακὰς.
585 3858 655 3909 Τὸ
681 3857 736 3909 δὲ
759 3857 1005 3930 λαμπρὸν
1027 3859 1120 3911 καὶ
1152 3859 1211 3911 τὸ
1245 3859 1358 3927 φῶς
1374 3861 1468 3912 καὶ
1501 3861 1560 3913 τὸ
1585 3863 1716 3924 ἄνω,

171 3946 319 4000 πὲντα
348 3950 525 4002 ταῦτα
559 3950 655 4002 συν
688 3949 764 4019 τῷ
798 3949 914 4020 Θεῴ
958 3945 1092 4003 εἶναι
1112 3965 1125 3979 ·
1157 3950 1217 4002 τὸ
1264 3951 1498 4023 ἀμυδρὸν
1531 3952 1586 4005 δὲ
1624 3952 1718 4006 καὶ

170 4040 219 4089 τὸ
245 4041 422 4105 σκότος
456 4043 553 4094 καὶ
582 4041 642 4093 τὸ
671 4041 819 4095 κάτω
843 4044 938 4095 σὺν
969 4044 1034 4113 τῇ
1059 4042 1178 4116 ὕλῃ.
1225 4041 1371 4098 Εἶναι
1417 4045 1475 4098 δὲ
1509 4045 1602 4098 καὶ
1639 4044 1716 4115 τῷ

168 4127 263 4201 Θεῷ
296 4133 446 4202 ὸρέξε
460 4149 528 4194 ις,
555 4130 691 4184 ἀλλὰ
718 4131 812 4185 καὶ
839 4132 1041 4196 ταύτας
1082 4133 1290 4202 ἀγαθάς
1313 4151 1326 4166 ο
1372 4137 1465 4189 καὶ⁹
1501 4139 1568 4207 τῇ
1617 4135 1718 4208 ὕλῃ

168 4221 355 4288 ὁμοίως,
390 4223 534 4277 ἀλλὰ
562 4224 741 4286 πάσας
771 4224 966 4286 κακᾶς.

1822 3307 2118 3376 receperit:
2147 3305 2290 3360 unde
2315 3315 2367 3360 et
2396 3306 2637 3360 omnium
2662 3304 3046 3373 susceptricem
3077 3311 3130 3358 et
3158 3312 3386 3359 matrem

1823 3406 1876 3453 et
1897 3400 2162 3453 nutricem
2191 3404 2345 3453 vocat
2373 3417 2384 3450 :
2422 3397 2741 3452 Aristoteles
2793 3411 3007 3465 quoque
3035 3396 3383 3460 elementum,

1823 3490 1969 3544 circa
1997 3489 2141 3560 quod
2176 3489 2347 3544 forma
2377 3496 2430 3543 et
2459 3487 2691 3558 privatio
2726 3494 3051 3552 versantur;
3103 3485 3196 3540 sed
3236 3486 3384 3541 aliud

1823 3585 1953 3655 quid
1985 3591 2178 3653 prreter
2204 3583 2313 3636 illa.
2346 3580 2448 3647 Qui
2481 3580 2625 3634 enim
2669 3581 2724 3633 in
2757 3580 2919 3634 rebus
2952 3579 3181 3649 singulis
3206 3587 3386 3633 motus

1823 3675 2213 3744 incompositus
2241 3682 2344 3738 est,
2391 3674 2536 3727 hunc
2577 3674 2854 3727 materiam
2906 3675 3158 3744 appellat.
3197 3675 3242 3726 A
3274 3673 3385 3728 Deo

1823 3776 1968 3822 stare
1994 3769 2220 3821 virtutes
2253 3767 2408 3830 alias,
2464 3765 2608 3819 velut
2660 3765 2906 3829 ancillas,
2937 3780 3126 3820 omnes
3175 3766 3381 3831 bonas;

1823 3860 2066 3928 aliasque
2121 3858 2369 3912 similiter
2399 3872 2428 3908 a
2461 3856 2706 3919 materia,
2741 3872 2931 3910 omnes
2986 3857 3176 3911 malas.
3216 3855 3383 3913 Porro

1822 3947 2164 4018 Splenditlum
2195 3955 2249 4001 et
2285 3947 2458 4000 lucem
2498 3961 2561 4000 ac
2592 3947 2863 4015 superius,
2886 3955 3081 4000 cuncta
3108 3947 3221 4002 haec
3255 3962 3381 4002 cum

1823 4039 1932 4096 Deo
1960 4056 2116 4106 esse;
2143 4039 2437 4094 obscurum
2475 4054 2605 4094 vero
2635 4047 2688 4093 et
2730 4037 2984 4094 tenebras
3028 4053 3091 4092 ac
3133 4039 3379 4103 inferius,

1821 4139 1942 4186 cum
1980 4131 2226 4185 materia.
2263 4130 2403 4196 Quin
2437 4130 2634 4184 habere
2681 4129 2847 4185 Deum
2893 4129 3382 4199 appetitiones,ve-

1824 4237 1943 4276 rum
1968 4222 2067 4276 has
2097 4237 2312 4292 quoque
2344 4220 2515 4276 bonas
2547 4241 2560 4275 :
2594 4237 2656 4276 ac
2682 4223 2964 4276 materiam
2993 4221 3262 4286 similiter,
3281 4219 3377 4278 sed

1821 4330 2013 4371 omnes
2051 4315 2243 4369 malas.
2842 4334 2844 4336 ·

1135 4461 1265 4518 CAP.
1293 4460 1384 4517 111.
1428 4461 1703 4516 :ilanicltwi
1725 4459 1914 4513 deliria
1940 4459 2082 4512 circa
2107 4456 2406 4512 materiam.

218 4571 302 4636 Εἰς
326 4560 632 4644 ὲπξθυμίαν
659 4567 753 4626 οὖν
787 4590 913 4626 ποτε
941 4572 1036 4642 τὴν
1052 4573 1180 4643 ὓλην
1203 4574 1373 4628 ἐλθεῖν
1401 4578 1479 4640 εἰς
1494 4576 1583 4630 τὸν
1607 4577 1718 4630 ἄνω

1892 4571 2233 4628 Desiderinm
2287 4572 2468 4643 itaque
2515 4569 2793 4623 materiam
2833 4569 3152 4640 quandoque
3201 4567 3381 4624 inces-

161 4662 429 4729 ἀφικέσθαι
491 4665 685 4718 τόπον·
742 4663 1075 4734 ἀφικομένην
1116 4664 1192 4728 δὲ,
1251 4666 1525 4737 θαυμάσαι
1556 4668 1616 4721 τό
1658 4685 1716 4719 τε

157 4753 388 4826 λαμπρὸν
417 4759 520 4810 καὶ
545 4757 608 4809 τὸ
638 4756 752 4824 φῶς
774 4758 895 4810 ὅσον
929 4753 996 4828 ἦν
1025 4757 1175 4828 παρὰ
1205 4757 1283 4827 τῷ
1329 4759 1465 4829 Θεῷ.
1505 4760 1613 4812 Καὶ
1653 4760 1716 4830 δὴ

161 4840 312 4895 θέλειν
342 4848 445 4916 τὴν
485 4846 660 4916 ἀρχὴν
689 4846 887 4915 ταύτην
915 4849 1220 4916 κατασχεῖν,
1244 4847 1336 4899 τὸν
1368 4847 1496 4900 Θεὸν
1532 4864 1714 4919 παρω-

158 4937 400 5008 σαμένην.
440 4939 550 4990 Τὸν
581 4938 638 4990 δὲ
668 4939 760 4991 καὶ
783 4937 1134 5009 βεϐουλῆσθαι
1175 4938 1274 5008 μὲν
1305 4939 1507 5009 ταύτην
1546 4957 1714 5011 τιμω-

160 5027 433 5094 ρήσασθαι,
466 5030 692 5100 ἀπορεῖν
721 5030 775 5082 δὲ
805 5030 997 5092 κακοῦ,
1023 5025 1175 5098 ᾦκαὶ
1201 5031 1602 5100 τιμωρήσεται·
1638 5031 1711 5101 μὴ

153 5116 246 5186 γὰρ
270 5113 410 5172 εἶναι
447 5121 619 5174 κακὸν
646 5124 702 5173 ὲν
735 5120 869 5173 Θεοῦ
894 5123 1044 5192 οἴκῳ.
1078 5121 1297 5192 Πέμψαι
1335 5118 1427 5175 οὖν
1465 5140 1586 5175 τινα
1626 5123 1716 5176 δύ-

155 5222 299 5276 ναμιν
324 5211 428 5281 τὴν
455 5213 545 5278 ὑφ’
573 5211 725 5282 ἡμῶν
749 5212 1082 5284 καλουμένην
1102 5213 1300 5284 ψυχὴν,
1323 5215 1414 5265 ἐπὶ
1443 5212 1538 5284 τὴν
1563 5212 1713 5283 ὕλην,

151 5298 256 5367 ἣτις
282 5303 428 5372 αὐτῇ
467 5302 554 5356 διὰ
589 5304 766 5373 vta-sq;
812 5305 1150 5376 μιχθήσεται.
1196 5305 1453 5358 Ἐσεσθαι
1481 5305 1588 5374 γὰρ
1617 5305 1717 5375 τῆς

209 5498 557 5568 (5)Πά.τος.
610 5504 824 5567 Iliam;
882 5505 1081 5559 dicitur
1139 5505 1191 5560 in
1246 5505 1710 5563 Anathematismis

155 5567 300 5624 editis
334 5589 386 5643 7a
429 5572 711 5643 _Cotelerio
764 5575 830 5626 ad
888 5574 1274 5643 Rccognitiones
1335 5575 1706 5643 Clementinas,

154 5652 289 5693 num.
330 5642 387 5714 3.
427 5641 887 5714 Dicituriqnoque
924 5641 1138 5707 Πάαπις
1170 5647 1221 5698 in
1260 5648 1447 5700 iisdem
1484 5641 1709 5701 Amat/ie;

155 5713 412 5764 uictumis
452 5711 694 5784 a__Tollio
723 5711 984 5782 evulgatis
1019 5719 1069 5767 in
1120 5715 1322 5784 lnsign.
1357 5716 1541 5770 Itiner.
1577 5718 1702 5774 Ital.

158 5791 264 5851 pag.
301 5784 433 5834 H3.
485 5779 616 5838 llinc
644 5779 1008 5841 frustra'sunt
1041 5779 1252 5841 Caveas
1274 5797 1327 5842 et
1357 5789 1654 5858 BttSttagius
1691 5808 1700 5819 ·

1821 4665 1980 4728 sisse,
2028 4675 2085 4717 ut
2141 4665 2192 4716 in
2244 4677 2536 4730 supernum
2588 4663 2766 4715 locum
2810 4661 3062 4715 evaderet
3100 4679 3113 4714 :
3149 4675 3383 4730 cumque

1821 4758 1954 4811 adeo
1986 4757 2270 4820 evasisset,
2321 4757 2642 4811 admiratam
2691 4754 3031 4824 splendorem
3064 4769 3127 4808 ac
3184 4753 3379 4819 lucem,

1818 4852 2019 4914 quanta
2043 4844 2184 4914 apud
2210 4844 2373 4899 Deum
2401 4852 2566 4900 esset.
2602 4844 2777 4914 Atque
2810 4843 2955 4897 hunc
2996 4842 3379 4913 principatum,

1818 4936 2038 5005 repulso
2070 4937 2176 4992 Deo
2202 4945 2363 5006 atque
2396 4945 2688 5003 summoto,
2724 4936 2825 4991 sibi
2853 4937 3090 4991 voluisse
3119 4937 3379 5006 arripere.

1818 5023 1986 5081 Deum
2043 5043 2206 5100 porro
2262 5031 2424 5085 etiam
2471 5030 2800 5085 deliberasse
2858 5030 2913 5083 in
2958 5045 3074 5084 eam
3133 5027 3381 5084 animad-

1817 5128 2072 5186 vertere;
2131 5121 2226 5175 sed
2281 5123 2407 5175 mali
2472 5122 2683 5191 copiam
2737 5136 2844 5191 quo
2898 5121 3067 5190 ipsam
3124 5119 3379 5194 puniret,

1820 5226 1930 5264 non
1971 5211 2250 5278 habuisse,
2284 5214 2482 5283 quippe
2520 5229 2644 5268 cum
2676 5230 2782 5268 non
2819 5214 2886 5268 sit
2926 5213 3127 5270 malum
3161 5211 3380 5281 aliquod

1819 5307 1874 5362 in
1924 5303 2017 5360 Dei
2049 5306 2230 5361 domo.
2293 5305 2506 5363 Misisse
2563 5307 2729 5377 igitur
2774 5307 3028 5370 virtutem
3064 5305 3378 5384 quamdam,

1817 5523 2048 5576 quorum
2116 5508 2202 5563 ille
2255 5508 2358 5562 hoc
2405 5507 2529 5578 luco
2581 5507 2794 5578 reponit
2844 5503 3382 5578 Agapiumllianetis

1817 5575 2166 5646 discipulum.
2224 5583 2316 5648 qui
2370 5575 2716 5648 lleptalogzim
2751 5575 3085 5648 composmt;
3126 5575 3212 5628 hic
3250 5589 3381 5648 vero

1817 5645 2056 5708 Addam,
2105 5645 2265 5718 quem
2313 5645 2556 5702 Buddam
2598 5645 2692 5703 alii
2743 5645 3061 5702 vocantzut
3095 5653 3240 5700 recte
3259 5645 3378 5718 ani-

1815 5714 2546 5824 :nqadvgrtiit'Wesselingius
2570 5723 2624 5776 in
2665 5720 2756 5774 lib.
2792 5717 3086 5784 Probabil.,
3127 5730 3247 5792 cap.
3281 5714 3378 5779 28.

1813 5805 1938 5861 pag.
1973 5793 2099 5846 Et“).
