3980 6318
211 272 309 327 ιη

1078 274 1495 337 TRAC'I’ATUS
1532 281 1621 335 DE
1660 282 1973 343 PLACITIS
2012 287 2564 349 MANICH/EORUM.

3314 313 3421 371 “8

205 381 494 454 ἀπέχεσθαι
534 383 630 453 μὲν
677 384 933 456 ἐμψύχων
960 387 1204 457 πάντων,
1254 390 1546 456 σιτίζεσθαι
1575 394 1630 448 δὲ
1662 396 1708 450 λς

1809 402 1997 472 ιιειεξιι
2036 411 2242 471 pereat,
2273 404 2341 457 ab
2369 406 2437 459 iis
2486 405 2760 465 abstinere
2802 426 2924 482 quae
2980 416 3218 475 animata
3252 434 3424 495 sunt;

198 492 347 546 χανα,
375 476 465 527 καὶ
486 477 591 528 πᾶν
621 475 716 528 ὅτι
743 477 1084 550 ἀναίσθητον.
1124 481 1437 552 Ἀπέχεσθαι
1486 484 1539 538 δὲ
1569 486 1758 557 γάμων

1864 492 2010 546 vesci
2062 509 2193 548 vero
2227 495 2486 559 Olerihus,
2518 512 2580 551 ac
2609 497 2654 553 si
2694 501 2824 569 quid
2862 510 2947 559 est
2982 521 3176 564 sensus
3204 492 3421 583 expers;

194 567 281 620 καὶ
311 566 636 637 ἀφροδισίων
667 567 759 620 καὶ
787 571 1143 635 τεκνοποιίας.
1189 575 1274 627 ἵνα
1311 576 1384 646 μὴ
1418 577 1692 631 ὲπιπλεῖον

1865 579 1934 635 Sc
1962 596 2177 652 quoque
2205 583 2477 640 abstinere
2507 602 2537 640 a
2567 588 2774 657 nuptiis
2812 598 2865 645 et
2894 597 3140 653 venereis
3190 614 3255 655 ac
3274 566 3420 669 ‘pro-

191 654 409 723 δύναμις
436 655 691 727 ὲνοικήσῃ
723 658 787 725 τῇ
815 657 913 729 ῦλῃ
943 660 1083 712 κατὰ
1101 660 1197 733 τὴν
1233 664 1325 716 τοῦ
1355 665 1541 732 γένους
1576 666 1753 721 διαδο-

189 747 323 831 χήνί
350 746 425 817 μὴ
456 745 672 815 ἐξάγειν
699 748 754 801 δὲ
789 750 1031 815 ἑαυτοὺς,
1069 755 1489 826 μηχανωμένους
1538 759 1746 831 κάθαρ-

189 853 263 890 σιν
290 829 367 891 ὧν
398 838 757 912 ἐλυμήνατοή
790 841 935 912 μίξις
962 841 1058 914 τῆς
1086 843 1215 917 ὕλης
1244 847 1341 919 τὴν
1368 846 1615 920 δύναμιν.

1860 672 2111 727 creandis
2142 673 2348 737 liberis,
2373 690 2441 729 ne
2472 676 2693 734 altiores
2722 679 2777 733 in
2803 686 3027 740 materia
3058 689 3273 747 radices
3324 712 3422 766 per

1854 763 2069 831 generis
2113 765 2518 821 successionem
2564 769 2738 825 virtus
2803 784 2970 845 agat;
3014 793 3117 833 nec
3174 796 3234 836 se
3270 763 3418 855 ipsos

1849 854 2106 921 eximere,
2137 869 2399 911 conantes
2434 860 2755 927 emundare,
2814 880 2977 934 quam
3007 869 3112 925 sibi
3141 854 3318 929 virtus
3349 893 3415 933 ex

1846 943 2076 998 admista
2099 947 2325 1002 materia
2347 948 2520 1005 labem
2547 955 2926 1013 conscivisset.

179 1067 294 1123 Car.
318 1067 388 1123 Υ.
414 1068 560 1125 Solis
582 1089 647 1126 ac
673 1072 810 1128 Iunce
838 1072 1009 1130 cultus
1031 1077 1125 1130 sub
1154 1076 1282 1133 Dea.
1306 1077 1611 1169 Manicha’is
1627 1083 1690 1169 in.
1720 1078 2020 1169 θνεηεονμιη
2044 1086 2255 1166 [αὺείιίε
2280 1093 2503 1159 quaesita
2526 1094 2793 1162 prasidia.
2813 1098 3207 1169 Scripturarum
3229 1119 3413 1167 aucto-

1368 1150 1502 1204 ritas
1534 1168 1598 1206 ac
1617 1154 1746 1222 ﬁdes
1785 1150 2099 1210 Manio/amis
2125 1150 2318 1225 spretd.

236 1276 314 1329 Τὰ
351 1278 454 1347 μὲν
484 1278 988 1356 κεφαλαιωδέστερα
1012 1277 1085 1339 ὧν
1105 1284 1371 1356 λέγουσιν,
1400 1291 1514 1343 ἐστὶ
1543 1290 1733 1346 ταῦτα.

174 1384 377 1455 Τιμῶσι
410 1385 468 1437 δὲ
505 1386 739 1457 μάλιστα
775 1388 925 1459 ἥλιον
947 1392 1040 1444 καὶ
1067 1392 1315 1464 σελήνην,
1332 1395 1430 1464 οὐχ
1452 1396 1526 1460 ὡς
1559 1396 1732 1462 θεοὺς,

1917 1293 2056 1350 Sunt
2089 1296 2202 1351 haec
2227 1298 2447 1368 quidem
2473 1317 2661 1357 eorum
2706 1322 2827 1376 qua:
2861 1308 3051 1366 dicunt
3081 1328 3145 1370 ac
3166 1320 3409 1389 sentiunt

1844 1389 2255 1460 principaliora.
2287 1392 2487 1447 Colunt
2522 1411 2650 1451 vero
2674 1401 2909 1458 maxime
2931 1406 3099 1461 solem
3119 1418 3171 1463 et
3194 1410 3402 1479 lunam,

299 1486 382 1550 ὡς
411 1487 528 1540 ὁδὸν
559 1488 631 1541 δι’
658 1482 726 1559 ἦς
750 1489 864 1542 ἔστι
906 1491 1040 1561 πρὸς
1068 1492 1203 1546 Θεὸν
1230 1494 1542 1563 ἀφικέσθαι.
1580 1499 1708 1552 Ἀπο

1840 1495 1951 1534 non
1987 1491 2044 1535 ut
2091 1483 2243 1550 deos,
2293 1484 2386 1538 sed
2426 1496 2482 1539 ut
2511 1488 2651 1542 viam
2698 1506 2802 1560 qua
2848 1495 2928 1550 eis
2973 1495 3139 1553 Deum
3183 1505 3402 1575 assequi

168 1578 523 1651 χωρισθείσης
548 1579 605 1633 δὲ
637 1581 880 1653 ἀκριϐῶς
899 1583 998 1653 τῆς
1033 1585 1182 1649 θείας
1213 1585 1510 1657 δυνάμεως,
1537 1590 1596 1642 τὸ
1629 1590 1733 1657 ἔξω

166 1668 266 1740 πῦρ
291 1687 453 1738 φασι,
481 1672 786 1743 συμπεσὸν,
816 1672 973 1727 ἑαυτό
1004 1692 1062 1728 τε
1091 1677 1184 1730 καὶ
1210 1678 1271 1730 τὸ
1316 1679 1442 1733 ἄλλο
1487 1682 1725 1752 σύμπαν,

162 1761 250 1813 ὃτι
274 1761 317 1815 δ’
340 1762 414 1817 ἄν
434 1762 691 1837 λείπηται
719 1766 817 1838 τῆς
846 1765 997 1838 ὕλης,
1049 1770 1528 1840 συγκαταφλέξειν.
1579 1776 1642 1827 Ui
1669 1774 1727 1829 δὲ
1760 1808 1801 1860 Β

160 1855 211 1904 ἐν
231 1855 445 1919 τούτοις
482 1857 825 1929 χαριέστεροι
866 1859 960 1913 καὶ
1014 1860 1339 1933 Ἑλληνικῶν
1371 1865 1469 1917 οὐκ
1512 1865 1723 1939 ἄπειροι

160 1942 316 2013 λόγων
341 1948 853 2019 ἀναμιμνήσκουσιν
899 1952 1046 2021 ἡμᾶς
1086 1953 1149 2005 ἐκ
1190 1952 1298 2007 τῶν
1337 1955 1575 2010 οἰκείων.
1629 1957 1724 2011 Ἐκ

161 2037 247 2104 μὲν
270 2038 391 2089 τῶν
432 2038 662 2092 τελετῶν
709 2040 802 2094 τὸν
848 2044 1319 2113 κατατεμνόμενον
1354 2047 1607 2102 Διόνυσον
1643 2048 1721 2119 τῷ

158 2125 280 2197 λόγῳ
298 2129 756 2200 ἐπιφημίζοντες,
781 2132 884 2185 ὑπὸ
902 2133 1011 2186 τῶν
1040 2135 1282 2191 Τιτάνων
1300 2179 1316 2203 ,
1353 2138 1718 2213 καθάπερίλέο

155 2233 321 2284 γουσιν
350 2219 535 2285 αὐτοὶ,
568 2220 667 2292 τὴν
692 2222 840 2276 θείαν
872 2223 1103 2294 δύναμιν
1150 2226 1466 2299 μερίζεσθαι
1499 2232 1580 2295 ε”ς
1619 2233 1717 2305 τὴν

157 2306 298 2378 ὕλην·
325 2311 401 2362 ἐκ
435 2310 493 2363 δὲ
520 2311 630 2363 τῶν
673 2315 939 2384 ποιήσεων
980 2315 1080 2387 τῆς
1126 2323 1591 2391 γιγαντομαχίας,
1634 2325 1715 2378 ὅτι

154 2399 272 2468 μηδὲ
288 2401 448 2453 αὐτοὶ
470 2402 742 2472 ἠγνόησαν
766 2404 866 2475 τὴν
892 2404 992 2475 τῆς
1008 2405 1138 2478 ὕλης
1160 2411 1301 2463 κατὰ
1326 2412 1418 2464 τοῦ
1435 2413 1569 2467 Θεοῦ
1586 2414 1713 2468 ἄντ-

151 2506 309 2563 αρσιν.
390 2494 534 2562 Ἐγὼ
563 2495 641 2559 δὲ,
672 2495 748 2559 ὡς
786 2498 884 2568 μὲν
929 2500 1102 2555 ταῦτα
1135 2503 1233 2574 οὐχ
1275 2504 1432 2557 ἱκανὰ
1463 2505 1714 2576 ψυχαγω-

150 2590 295 2662 γῆσαι
314 2595 450 2658 τοὺς
478 2594 856 2663 ἀϐασανίστως
877 2600 965 2654 τὸν
983 2601 1139 2671 λόγον
1176 2606 1585 2676 προσιεμένους,
1611 2608 1710 2662 οὐκ

150 2677 206 2736 ἂν
237 2682 479 2755 εἴποιμι,
524 2687 726 2758 ὃπουγε
771 2690 864 2743 καί
904 2707 1057 2756 τινας
1094 2694 1202 2747 τῶν
1243 2697 1709 2767 συνεσχολακότων

148 2772 261 2843 ἡμῖν
283 2776 339 2828 ὲν
369 2776 452 2847 τῷ
478 2779 788 2849 φιλοσοφεῖν
824 2783 1152 2857 μετέστησεν
1190 2789 1223 2858 ἡ
1256 2787 1477 2858 τοιαύτη
1523 2789 1704 2861 ἀπάτη

145 2862 435 2934 τῶνλόγων
484 2870 621 2941 πρὸς
663 2872 893 2945 ἑαυτηνο
935 2877 1016 2940 είς
1041 2876 1284 2943 ἐξέτασιν
1324 2878 1380 2931 δὲ
1415 2880 1563 2943 ὅπως
1593 2879 1704 2950 ἔχει

143 2953 226 3008 νῦν
256 2957 495 3028 ἐμαυτὸν
520 2960 726 3028 καθεὶς,
757 2966 949 3037 ἀπορῶ
980 2967 1033 3020 τί
1074 2969 1382 3040 χρήσωμαι.
1409 2969 1544 3023 Οὔτε
1595 2970 1704 3043 γὰρ

140 3046 215 3102 δια
242 3066 404 3103 τινων
426 3053 603 3121 λόγων
627 3059 1025 3129 νενομισμένων
1050 3062 1187 3114 εἰσὶν
1215 3062 1391 3114 αὐτῶν
1427 3065 1483 3115 αί
1511 3063 1702 3117 ὑποθέ-

141 3153 258 3204 σεις,
290 3139 376 3193 ἵνα
402 3143 542 3216 κατά
563 3144 765 3210 ταύτας
792 3149 891 3219 τὴν
916 3149 1143 3220 ζήτησιν
1166 3151 1516 3223 ποιησώμεθα
1537 3171 1550 3184 ·
1580 3152 1701 3206 οὔτε
1732 3164 1771 3219 C

140 3226 266 3289 τινὲς
283 3228 453 3300 ἀρχαὶ
487 3233 833 3301 ἀποδείξεων,
866 3239 958 3291 καὶ
989 3242 1074 3293 ἵνα
1102 3241 1162 3294 τὸ
1190 3243 1411 3306 ταύταις
1441 3244 1701 3314 ἑπόμενον

140 3319 441 3393 θεασώμεθα
467 3344 484 3356 ’
511 3326 738 3397 ἕρμαιόν
758 3348 817 3383 τε
856 3331 1069 3403 ἀληθῶς
1102 3334 1216 3385 ἐστι
1262 3333 1321 3387 τὸ
1364 3335 1471 3387 τῶν
1517 3336 1703 3399 ἁπλῶς

139 3412 426 3486 λεγομένων
475 3420 813 3490 φιλοσοιρεῖν.
878 3425 941 3477 Οἱ
973 3424 1069 3488 τὰς
1097 3427 1226 3497 παρ’
1263 3427 1443 3491 αὐτοῖς
1486 3428 1701 3499 γραφὰς

138 3508 346 3574 παλαιάς
382 3529 448 3565 τε
495 3516 591 3567 καὶ
636 3513 760 3577 νέας
799 3516 1265 3589 ὑποστησάμενοι,
1311 3518 1697 3585 θεοπνεύστους

136 3593 253 3652 εἶναι
284 3602 690 3675 ὑποτιθέμενοι.
724 3606 823 3670 τὰς
858 3608 1005 3677 σφῶν
1042 3610 1221 3662 αὐτῶν
1262 3609 1419 3676 δόξας
1451 3611 1696 3665 ἐντεῦθεν

134 3692 455 3760 περαίνουσι·
497 3694 591 3748 καὶ
622 3696 935 3768 ἐλέγχεσθαι
973 3700 1131 3770 μόνον
1169 3700 1467 3772 τηνικαῦτα
1508 3701 1695 3754 δοκοῦ-

133 3797 220 3845 σιν,
246 3785 337 3839 ἐάν
365 3805 421 3840 τι
462 3788 541 3860 μὴ
564 3789 792 3854 ταύταις
811 3790 1098 3847 ἀκόλουθον
1120 3793 1153 3863 ἤ
1181 3792 1433 3861 λέγεσθαι
1459 3793 1490 3865 ἢ
1520 3794 1693 3866 πράτ-

130 3892 292 3946 τεσθαι
319 3895 413 3946 ὑπ’
449 3895 635 3949 αὐτῶν
661 3898 968 3969 συμϐαίνει.
1013 3901 1123 3954 Καὶ
1144 3901 1279 3972 ὅπερ
1304 3902 1358 3953 αί
1402 3901 1552 3973 παρὰ
1583 3905 1692 3966 τοῖς

130 3987 453 4057 σιλοσοφοῦσι
489 3990 614 4044 καθ’
646 3991 915 4064 Ἕλληνας
945 3993 1050 4047 τῶν
1094 3994 1414 4059 ἀποδείξεων
1445 3997 1609 4069 ἀρχαὶ
1636 4000 1690 4051 αἱ

129 4082 392 4151 προτάσεις
419 4084 702 4155 διάμεσοι,
729 4086 887 4139 τοῦτο
930 4088 1059 4159 παρ’
1107 4088 1290 4152 αὐτοῖς
1323 4090 1470 4142 ἐστιν
1512 4091 1544 4160 ή
1581 4091 1689 4143 τῶν

125 4182 394 4250 προφητῶν
420 4182 602 4252 φωνή.
644 4182 910 4236 Ἐνταῦθα
949 4183 1006 4237 δὲ
1048 4184 1252 4237 τούτων
1295 4185 1394 4255 μὲν
1436 4185 1688 4240 ἁπάντων

125 4270 541 4345 ἐιὸαλλομένων,
571 4274 878 4345 λεγομένων
910 4276 967 4329 δὲ
1010 4269 1084 4330 ὧν
1131 4278 1392 4348 πρότερον
1447 4279 1687 4350 ἐπεμνή-

122 4362 233 4432 τθην
258 4365 385 4419 ἄνευ
411 4366 565 4430 τινὸς
590 4366 915 4434 ἀποδείξεως
933 4384 945 4397 ·
970 4369 1266 4435 ἀναγκαίου
1289 4369 1345 4422 δὲ
1369 4369 1520 4433 ὄντος
1550 4372 1686 4441 μετὰ

119 4452 253 4523 λόγου
276 4459 617 4531 ποιήσασθαι
636 4459 736 4530 τὴν
760 4461 1070 4531 ἀπόκρισιν,
1091 4461 1225 4515 ἀλλὰ
1251 4461 1324 4533 μὴ
1343 4462 1681 4534 πιθανώτερα

1840 1572 2019 1628 liceat.
2050 1573 2309 1643 Sejuncta
2349 1593 2481 1632 vero
2514 1581 2733 1649 penitus
2758 1584 2938 1641 divina
2966 1590 3189 1659 virtute,
3221 1572 3401 1666 ignem

1838 1663 1993 1717 aiunt
2043 1667 2370 1722 exteriorem
2423 1668 2725 1740 delapsum,
2757 1675 2934 1745 ipsum
2970 1696 3048 1746 sc,
3079 1697 3143 1738 ac
3176 1687 3222 1739 si
3250 1663 3399 1757 vquid

1834 1755 1979 1810 aliud
2008 1754 2174 1811 fuerit
2221 1760 2461 1815 materia:
2505 1763 2795 1834 reliquum,
2826 1771 3259 1829 combusturum.
3286 1754 3395 1847 —Qui

1832 1858 2010 1903 autem
2042 1850 2182 1906 inter
2212 1867 2305 1907 eos
2349 1853 2641 1923 lepidiores
2694 1869 2861 1927 sunt,
2922 1878 3024 1919 nec
3071 1865 3379 1923 Graecanica

1829 1939 2152 1995 eruditionis
2177 1956 2242 1997 ac
2267 1942 2570 2000 litterarum
2601 1959 2886 2020 expertes,
2915 1954 3019 2024 ipsi
3047 1973 3146 2014 nos
3170 1973 3240 2014 ex
3268 1973 3395 2030 pro-

1827 2030 1960 2100 priis
1984 2031 2292 2088 admonent.
2315 2033 2392 2088 Ex
2408 2038 2736 2096 caerimoniis
2757 2043 2973 2112 quidem
2996 2061 3060 2101 ac
3085 2051 3391 2119 mysteriis:

1827 2135 1923 2190 per
1956 2121 2228 2199 Bacchum
2258 2124 2350 2194 qui
2397 2127 2606 2182 scissus
2635 2137 2792 2185 utero
2817 2142 2925 2198 est,
2958 2136 3277 2207 signiﬁcari,
3307 2140 3394 2196 di-

1823 2210 1931 2264 vidi
1956 2212 2011 2264 in
2043 2213 2321 2267 materiam
2352 2230 2381 2269 a
2410 2214 2719 2283 Titanibus,
2743 2228 2803 2274 ut
2835 2222 2938 2293 ipsi
2966 2226 3285 2297 loquuntur,
3307 2231 3393 2285 di-

1822 2301 2002 2355 vinam
2033 2302 2288 2357 virtutem
2316 2322 2330 2358 :
2373 2320 2439 2360 ex
2468 2316 2747 2375 poetarum
2777 2319 2955 2368 autem
2990 2315 3171 2373 fabula
3199 2320 3388 2391 gigan~

1822 2400 1939 2447 tum
1976 2408 2188 2464 pugnae,
2226 2394 2479 2463 indicari,
2515 2398 2594 2456 Ne
2625 2401 2748 2457 illos
2774 2406 2992 2474 quidem
3022 2410 3262 2467 materiae
3291 2415 3360 2470 ad
3385 2442 3391 2448 κ

1824 2498 2019 2538 versus
2070 2485 2239 2541 Deum
2287 2488 2637 2547 rebellionem
2689 2496 3008 2554 nescivisse.
3054 2499 3168 2572 Ego
3215 2519 3387 2571 sane,

1826 2577 2282 2644 quemadmodum
2311 2579 2427 2635 haec
2448 2582 2589 2638 haud
2622 2586 2942 2644 suﬂicientia
2972 2592 3041 2646 ad
3071 2608 3262 2651 eorum
3293 2599 3388 2654 dc-

1815 2664 2084 2723 linicndos
2109 2670 2342 2738 animos,
2386 2674 2478 2741 qui
2508 2675 2662 2731 nullo
2683 2679 2935 2735 examine
2959 2696 3269 2741 sermonem
3295 2703 3388 2744 re-

1813 2757 2045 2828 cipiunt,
2079 2760 2223 2815 haud
2251 2762 2467 2819 inﬁcias
2500 2767 2676 2833 ierim,
2736 2771 3179 2842 quandoquidem
3211 2779 3391 2834 etiam:

1812 2853 2125 2919 nonnullos,
2172 2855 2264 2924 qui
2294 2871 2400 2911 una
2426 2859 2710 2915 nobiscum
2745 2862 3103 2934 philosophia:
3142 2884 3381 2926 navave-

1810 2949 1938 2994 runt
1970 2959 2213 3012 operam,
2245 2947 2576 3015 ejuscemodi
2600 2967 2922 3007 sermonum
2942 2954 3193 3026 deceptio
3222 2961 3292 3014 ad
3316 2975 3378 3016 se

1809 3033 2052 3087 traduxit
2088 3052 2104 3101 ;
2162 3040 2253 3105 qui
2286 3046 2465 3094 tamen
2497 3041 2657 3095 modo
2687 3058 2822 3107 rem,
2862 3051 2920 3097 ut
2949 3060 3009 3101 se
3047 3047 3251 3102 habeat
3279 3065 3387 3105 csa

1808 3125 2156 3182 aminandam
2186 3131 2487 3199 aggrediar,
2524 3149 2633 3203 quo
2662 3150 2747 3189 me
2774 3144 2983 3191 vertam
3015 3140 3222 3195 nescio.
3250 3140 3385 3200 Non.

1806 3216 1950 3270 enim
1975 3233 2071 3286 per
2103 3218 2371 3288 legitimas
2403 3223 2541 3277 ullas
2572 3224 2808 3279 rationes
2824 3229 3126 3294 procedunt
3148 3230 3382 3288 illorum

1806 3307 2155 3378 hypotheses.
2189 3320 2246 3365 ut
2274 3327 2371 3381 per
2409 3329 2505 3369 eas
2553 3330 2782 3370 examen
2840 3316 3127 3375 instituere
3186 3322 3366 3380 liceat.

1802 3396 1987 3470 Neque
2022 3402 2131 3455 ulla
2160 3410 2287 3456 sunt
2314 3404 2844 3461 demonstrationum
2870 3409 3158 3480 principia,
3210 3423 3264 3469 et
3310 3425 3368 3470 ut

1802 3494 1945 3563 quod
1972 3495 2221 3563 sequitur
2246 3497 2528 3555 videamus
2561 3518 2573 3554 :
2631 3501 3017 3572 inventumque
3060 3519 3121 3559 re
3149 3520 3276 3561 vera
3313 3515 3369 3562 et

1799 3586 2011 3640 lucrum
2041 3587 2379 3657 insperatum
2413 3605 2601 3645 eorum
2632 3601 2736 3655 cst,
2776 3594 2871 3664 qui
2906 3595 3212 3666 simplicius
3244 3600 3366 3669 phi-

1803 3675 2080 3746 losophari
2105 3679 2380 3734 dicuntur.
2410 3679 2499 3744 Hi,
2549 3698 2719 3739 novas
2743 3685 2846 3740 sibi
2872 3694 3192 3758 veteresque
3226 3693 3381 3746 scriw

1797 3774 1992 3836 pturas
2015 3770 2353 3837 adhibentes,
2386 3788 2508 3828 cum
2530 3775 2792 3833 divinitus
2813 3778 3104 3848 inspiratas
3133 3782 3241 3849 sibi
3268 3798 3382 3839 eas;

1795 3866 2060 3927 statuant,
2097 3879 2225 3920 suas
2248 3865 2374 3920 inde
2395 3867 2679 3936 Opiniones
2706 3870 3042 3925 concludunt
3072 3891 3085 3938 ;
3119 3880 3375 3944 tuncque‘

1793 3950 1970 4004 solum
2004 3953 2154 4024 argui
2189 3954 2442 4009 videntur
2486 3964 2648 4028 atque
2677 3957 2871 4023 refelli,
2896 3974 3021 4015 cum
3051 3962 3119 4017 ab
3147 3962 3227 4017 eis
3258 3964 3358 4017 alio

1793 4043 1921 4112 quid
1948 4058 2058 4097 non
2092 4046 2159 4100 iis
2191 4061 2493 4124 consonum
2525 4060 2617 4103 aut
2646 4048 2753 4104 dici
2789 4058 2883 4104 aut
2933 4053 3017 4123 agi
3044 4054 3353 4124 contigerit.

1791 4131 2055 4203 Quodque
2101 4135 2169 4190 iis
2210 4122 2303 4206 qui
2349 4136 2660 4193 Grzecorum
2697 4141 2806 4195 ritu
2858 4122 3355 4212 philosophantur,

1790 4222 2317 4279 demonstrationum
2362 4229 2630 4298 principia
2671 4229 3006 4286 intermediae
3026 4233 3353 4302 propositio-

1792 4329 1888 4368 nes
1917 4325 2046 4370 sunt
2077 4335 2091 4383 ;
2122 4317 2224 4372 hoc
2278 4320 2412 4388 ipsis
2445 4328 2529 4374 est
2558 4320 2940 4389 prophetarum
2993 4338 3097 4377 vox
3133 4339 3196 4378 ac
3222 4337 3352 4379 ora-

1791 4407 1996 4462 culum.
2029 4406 2130 4462 llic
2159 4417 2360 4473 autem,
2422 4412 2638 4465 cunctis
2673 4412 2758 4465 his
2785 4413 3110 4478 eliminatis,
3142 4423 3198 4468 et
3224 4431 3347 4470 cum

1780 4511 1843 4550 ea
1878 4513 2110 4566 quorum
2143 4500 2396 4569 superius
2458 4501 2679 4554 memini
2708 4540 2723 4563 ,
2774 4502 2978 4571 absque
3010 4503 3117 4556 ulla
3149 4505 3349 4573 proba-

118 4545 256 4617 ἔτερα
276 4550 618 4622 παραθεῖναι
651 4552 744 4604 καὶ
777 4552 974 4621 μᾶλλον
1003 4553 1380 4623 ψυγαγωγεῖν·
1434 4554 1680 4626 χαλεπω-

1816 4545 1843 4549 _
1881 4545 2110 4566 1---"-
2143 4545 2395 4569 "rw.--
2459 4545 2679 4554 --ν---.-..
2708 4545 2723 4563 ,
2774 4545 2978 4571 ..-ηπ
3011 4545 3117 4556 ......
3149 4545 3345 4573 ,ηυντ

1811 4588 1934 4642 ioue
1962 4588 2216 4644 dicantur
2243 4608 2258 4657 ;
2292 4592 2470 4662 sitque
2497 4592 2867 4647 necessarium
2902 4601 2960 4647 ut
2984 4608 3108 4649 cum
3136 4597 3348 4651 ratione

117 4642 231 4715 τέρα
256 4648 289 4717 η
317 4648 537 4717 ἔφοδος,
576 4650 668 4703 καὶ
691 4650 769 4704 ἔτι
794 4651 992 4720 μᾶλλον
1026 4652 1403 4724 δυσκολωτέρα
1426 4694 1443 4719 ,
1476 4657 1556 4708 ὅτι
1587 4656 1680 4708 καὶ

117 4737 370 4804 ποικίλους
400 4742 534 4804 τοὺς
560 4741 753 4811 λόγους
769 4742 1035 4797 ποιεῖσθαι
1062 4743 1160 4798 δεῖ.
1193 4740 1264 4798 Οἵ
1295 4762 1352 4799 τε
1380 4746 1487 4817 γὰρ
1520 4748 1677 4819 ἀκρι-

115 4822 335 4898 ίέστεροι
363 4830 502 4893 τοὺς
532 4831 639 4883 ὑπὸ
681 4831 885 4887 τούτων
920 4833 1047 4887 ἄνευ
1082 4835 1227 4899 τινὸς
1272 4836 1505 4900 πίστεως
1543 4855 1676 4908 προ-

113 4920 569 4993 κατειλημμένους
593 4921 801 4978 λάθοιεν
849 4926 933 4990 ἆν,
964 4928 1033 4988 εί,
1077 4927 1164 4980 ὅτε
1210 4927 1291 4991 είς
1323 4927 1679 4999 ψυχαγωγίαν

112 5013 317 5081 γένοιτο,
341 5022 428 5084 εἰς
464 5022 564 5085 τὰς
584 5024 754 5087 αὐτὰς
771 5023 938 5088 λαϐὰς
959 5023 1322 5095 ἐμπεσοῦνται
1342 5042 1355 5054 '
1389 5024 1448 5090 ἐξ
1473 5026 1672 5096 ὁμοίων

110 5106 196 5179 γὰρ
236 5114 531 5179 γεγονέναι
563 5112 864 5180 δοξάζουσι.
907 5117 998 5169 Διὸ
1044 5116 1246 5189 πολλῆς
1294 5117 1387 5169 καὶ
1430 5117 1673 5188 μεγάλης

110 5215 365 5281 ςροντίδος
391 5217 495 5285 δεῖ,
528 5221 623 5272 και
648 5219 783 5273 Θεοῦ
800 5221 875 5285 ὡς
890 5220 1122 5291 ἀληθῶς,
1154 5220 1212 5284 ὃς
1240 5219 1332 5273 τοῦ
1353 5220 1511 5289 λόγου
1532 5223 1674 5292 ἡγή-

107 5326 251 5371 σεται.

1779 4686 2188 4754 responsionem
2225 4687 2509 4753 faciamus,
2540 4701 2649 4742 non
2680 4703 2809 4742 vero
2839 4687 3204 4760 probabiliora
3217 4691 3343 4757 alia,

1777 4783 1833 4830 et
1867 4791 1987 4845 quas
2029 4776 2203 4846 magis
2233 4776 2463 4832 delinire
2495 4778 2730 4842 valeant,
2774 4793 3185 4850 proponamus:
3221 4796 3338 4835 mo—

1778 4864 1969 4919 lestior
2000 4860 2419 4935 estaggressio,
2473 4866 2707 4936 hincque
2749 4868 2885 4923 adeo
2930 4871 3103 4938 magis
3147 4871 3339 4937 ardua,

1778 4955 1922 5026 quod
1949 4964 2002 5010 et
2036 4957 2519 5013 variosinstituere
2545 4974 2827 5015 sermones
2850 4977 3079 5018 necesse
3107 4973 3212 5019 est.
3235 4963 3339 5032 Qui

1777 5064 2013 5120 namque
2043 5050 2213 5121 magis
2244 5052 2485 5105 accurati
2519 5054 2880 5124 certiorisque
2910 5055 3155 5110 veritatis
3186 5065 3338 5120 sunt,

1780 5154 1875 5194 eos
1924 5140 2198 5204 latuerint,
2230 5157 2370 5211 quos
2405 5150 2552 5196 certa
2596 5141 2830 5213 quadam
2862 5143 3184 5200 credulitate
3214 5156 3339 5201 ante

1776 5229 2118 5294 admiserint,
2152 5231 2220 5296 si,
2270 5248 2393 5286 cum
2421 5233 2486 5286 ad
2516 5231 2882 5288 deliniendam
2930 5233 3174 5290 adhiberi
3201 5251 3337 5291 cou-

1780 5324 2000 5394 tigerit,
2032 5326 2087 5379 in
2116 5325 2333 5380 easdem
2382 5341 2546 5381 ansas
2601 5327 3063 5397 necessitatesque
3131 5329 3338 5386 incide-

108 5412 210 5466 rint.
238 5411 615 5483 Quamobrem
671 5418 842 5474 multa
872 5433 1174 5492 magnaque
1211 5433 1350 5490 opus
1376 5417 1657 5491 diligentia
1684 5426 1789 5483 est,
1818 5435 1881 5477 ac
1907 5422 2066 5491 plane
2104 5420 2232 5485 Deo,
2266 5421 2361 5491 qui
2392 5421 2509 5492 ipse
2539 5422 2651 5477 dux
2692 5430 2746 5479 et
2798 5438 3000 5494 auspex
3059 5424 3162 5480 erit
3206 5438 3338 5484 ser—

111 5506 288 5564 Hunis.
