3980 6318
596 276 703 334 ιὲὖ

1576 273 1971 331 ALEXANDRI
2012 274 2319 332 EPlSCOPl
2358 263 2862 333 LYCOPOLITANI

3664 292 3749 350 ﬁt

599 403 706 451 est.
738 391 867 461 Quae
895 389 1039 447 enim
1062 390 1371 447 substantia
1383 399 1591 454 carent,
1625 391 1772 445 nullo
1795 405 2025 460 usquam
2044 392 2155 445 loco

2272 392 2406 464 ὐχη
2416 411 2491 463 μα
2518 392 2627 465 γὰρ
2648 391 2835 464 ὥσπερ
2861 393 3008 447 ἐστὶν
3035 390 3447 467 ύποὸεὸλημένον
3470 399 3567 463 τοῖς
3586 406 3748 472 συμϐε-

594 493 825 559 possunt
847 500 989 540 esse.
1024 482 1120 538 Est
1149 483 1293 539 enim
1323 483 1627 538 substantia
1660 483 1817 553 quasi
1845 482 2158 536 vehiculum

594 576 970 633 accidentibus
996 574 1265 645 subjecta.
1296 573 1451 641 Quod
1495 575 1541 629 si
1578 576 1738 629 ambo
1781 589 2032 643 corpora,
2066 589 2162 628 nc-

594 685 753 726 cesse
775 677 861 724 est
881 676 1116 739 utraque
1147 675 1242 722 aut
1265 670 1448 740 gravia
1467 684 1607 730 esse,
1632 676 1726 722 aut
1749 678 1980 738 utraque
1999 668 2158 733 levia,

593 771 688 817 aut
710 762 926 829 media;
958 771 1055 815 aut
1079 760 1540 831 alterumquidem
1554 776 1740 832 grave,
1763 761 1992 816 alterum
2025 761 2161 825 leve,

593 853 738 909 aliud
763 853 1022 909 medium.
1062 852 1188 908 Sive
1214 854 1382 924 igitur
1404 860 1635 924 utraque
1658 855 1866 925 gravia,
1893 856 1973 911 sic
2005 855 2165 925 plane

593 961 816 1001 necesse
845 953 930 1001 est
964 947 1080 1000 haec
1101 946 1290 1001 eadem
1323 954 1378 1001 et
1402 946 1458 1000 in
1482 946 1694 1001 levibus
1720 962 1862 1014 esse,
1892 956 1947 1002 et
1995 949 2056 1003 in
2094 950 2163 1007 iis

590 1052 711 1105 qum
744 1045 875 1093 sunt
906 1038 1084 1092 media
1120 1057 1134 1093 ε
1177 1038 1291 1093 sive
1322 1038 1674 1094 dissentanea
1708 1040 1840 1102 sint,
1866 1040 2011 1095 aliud
2043 1056 2163 1095 om-

592 1131 722 1191 nino
772 1137 1046 1186 secretum
1076 1131 1181 1185 erit
1209 1131 1279 1186 ab
1301 1131 1429 1185 alio.
1471 1130 1650 1186 Alium
1690 1132 1833 1187 enim
1866 1133 1968 1188 sibi
1998 1148 2163 1205 grave

591 1221 770 1276 locum
797 1221 1060 1289 vindicat,
1099 1230 1262 1292 atque
1291 1223 1439 1277 aliud
1468 1222 1612 1293 quod
1636 1224 1871 1279 medium
1895 1233 1997 1289 est,
2014 1225 2161 1279 aliud

589 1315 724 1370 leve.
770 1313 877 1368 Alii
918 1314 1179 1369 nimirum
1225 1315 1382 1370 locus
1442 1330 1661 1369 sursum
1712 1317 2007 1385 competit;
2043 1317 2155 1382 alii,

589 1405 879 1473 deorsum;
915 1406 1032 1470 alii,
1086 1406 1232 1477 quod
1263 1406 1373 1462 situ
1419 1408 1659 1461 medium
1701 1418 1805 1463 est.
1852 1407 1985 1478 Ejus
2033 1423 2161 1464 vero

590 1499 735 1569 quod
765 1500 1043 1570 sphaericaa
1086 1500 1270 1572 ﬁgura:
1298 1512 1399 1565 est,
1436 1502 1591 1556 locus
1641 1500 1883 1565 intimus,
1919 1502 2159 1557 medium

589 1601 692 1649 est.
721 1594 804 1649 Ab
830 1595 925 1649 illo
954 1596 1097 1650 enim
1122 1594 1188 1649 ad
1216 1595 1399 1649 omnia
1428 1595 1729 1650 excelsiora
1757 1594 1825 1648 ad
1843 1610 2155 1665 supremam

590 1698 764 1752 usque
793 1668 1534 1755 superﬁciemundequaque
1563 1691 1648 1740 est
1680 1683 1965 1739 distantia.
2004 1684 2158 1740 (Iun-

590 1784 786 1847 ctaque
812 1791 1004 1831 rursus
1041 1776 1248 1847 gravia,
1288 1777 1647 1846 undequaque
1684 1776 1737 1830 in
1769 1775 1946 1846 ipsum
1982 1776 2163 1832 ferun-

591 1875 701 1924 tur.
735 1868 1007 1935 Quocirca
1038 1869 1203 1923 etiam
1231 1868 1411 1924 ridere
1440 1869 1637 1932 subiit,
1672 1868 1913 1923 audienti
1941 1883 1953 1923 :
1988 1866 2160 1923 Mate-

2267 483 2489 556 6ηκόσιν
2521 486 2553 556 ή
2586 484 2762 538 οὐσία.
2802 485 2951 538 Εἴτε
2995 484 3220 555 σώματα
3261 488 3495 559 ἑκάτερα,
3526 492 3750 569 ἀνάγκηῆ

2265 573 2431 642 ἄμφω
2465 570 2635 645 βαρέα
2665 569 2821 638 εἶναι,
2851 570 2884 643 ἢ
2917 574 3082 645 ἄμφω
3112 573 3296 642 κοῦφα,
3328 576 3359 647 ἢ
3390 578 3531 649 μέσαο
3557 581 3585 649 ἦ
3608 583 3753 653 τὸμὲν

2267 665 2426 736 βαρὺ,
2458 664 2490 737 ἢ
2526 667 2585 719 τὸ
2613 666 2670 719 δὲ
2716 666 2938 735 κοῦφον,
2973 665 3006 738 ἢ
3040 665 3100 719 τὸ
3128 666 3181 720 δὲ
3217 667 3389 738 μέσον.
3419 668 3533 723 Εἴτε
3561 668 3639 725 οὖν
3659 674 3759 728 ixi-

2263 775 2396 831 τερα
2429 758 2615 829 βαρέα,
2649 759 2908 831 σύμπασα
2937 754 3107 823 οὕτως
3135 760 3338 829 ἀνάγκη
3365 759 3492 815 εἶναι
3520 764 3628 817 τάδε
3650 768 3759 821 αὐτὰ

2264 851 2359 904 καὶ
2387 852 2479 904 ὲπί
2501 852 2607 905 τῶν
2633 847 2847 921 κούφων
2876 851 2968 904 καὶ
2995 852 3086 904 ἐπὶ
3110 851 3215 904 τῶν
3246 852 3432 922 μέσων·
3463 854 3559 907 εἴτε
3592 859 3759 928 παραλ-

2263 943 2527 1008 λάττοιτο,
2563 943 2624 996 τὸ
2660 943 2845 1016 ἓτερον
2877 944 3093 1007 πάντως
3131 942 3224 996 τοῦ
3255 944 3431 1015 ἐτέρου
3465 946 3598 998 ἔσται
3625 965 3762 1019 κεχω-

2265 1035 2541 1107 ρισμένον.
2576 1034 2765 1096 Ἀλλος
2794 1034 2902 1105 γὰρ
2930 1034 3008 1104 τῷ
3051 1033 3228 1106 βάρει,
3256 1036 3348 1087 καὶ
3378 1035 3522 1101 ἄλλος
3555 1038 3625 1108 τῷ
3651 1040 3768 1111 μέσῳ

2263 1125 2357 1180 καὶ
2383 1125 2460 1197 τῷ
2485 1124 2669 1195 κούφῳ
2698 1126 2857 1189 τόπος
2881 1142 2893 1155 ’
2926 1125 3003 1196 τῷ
3040 1125 3136 1196 μὲν
3170 1125 3275 1196 γὰρ
3311 1127 3369 1178 τὸ
3400 1128 3520 1191 ἀνω,
3558 1129 3626 1199 τῷ
3653 1130 3698 1183 δὲ
3722 1131 3768 1184 τὶ

2263 1220 2432 1285 κάτω,
2454 1219 2530 1290 τῷ
2551 1219 2607 1273 δὲ
2628 1218 2688 1272 τὺ
2714 1219 2892 1290 μέσον.
2913 1219 3120 1282 Παντὸς
3138 1218 3193 1272 δὲ
3213 1220 3562 1288 σφαιροειδοῦς
3585 1222 3637 1274 τὸ
3654 1223 3772 1276 κάτω

2265 1310 2427 1384 μέσον
2463 1314 2636 1367 ἐστίν·
2671 1313 2778 1368 ἀπὸ
2815 1314 2922 1385 γὰρ
2948 1312 3113 1366 αὑτοῦ
3142 1313 3278 1384 πρὸς
3320 1315 3424 1367 πᾶν
3451 1313 3506 1367 τδ
3547 1312 3769 1387 μετέωρον

2262 1413 2389 1485 ἄχρι
2421 1412 2521 1482 τῆς
2558 1413 2668 1467 ἄνω
2701 1413 3020 1483 ἐπιφανείας
3059 1409 3320 1466 πάντοθέν
3354 1411 3551 1483 ἐστινὴ
3582 1414 3774 1466 ἀπόστα-

2265 1521 2368 1568 σις.
2401 1505 2510 1557 Καὶ
2542 1506 2718 1559 πάντα
2748 1505 2908 1558 πάλιν
2941 1504 3011 1557 τὰ
3044 1504 3214 1576 βαρέα
3242 1504 3565 1575 πανταχόθεν
3592 1503 3773 1574 φέρεται

2262 1595 2348 1648 ἐπ’
2387 1594 2536 1650 αὐτό.
2583 1596 2672 1650 Διὸ
2710 1596 2804 1650 καί⁹
2835 1594 3068 1666 γέλωτός
3107 1612 3197 1666 μοι
3244 1595 3472 1666 ἐπῆλθεν
3515 1592 3774 1656 ἀκούσαντι,

2264 1689 2344 1741 ὅτι
2373 1689 2694 1759 κινουμένη
2737 1688 2777 1758 ἡ
2825 1690 2942 1757 ὕλη
2990 1688 3270 1755 ἀτάκτως
3325 1687 3511 1759 (τοῦτο
3553 1688 3647 1759 γὰρ
3670 1687 3777 1754 αὐτῇ

2265 1779 2406 1834 κατά
2437 1780 2619 1851 φύσιν)
2676 1783 2765 1847 εἰς
2796 1778 2908 1849 τὴν
2935 1782 3039 1836 τοῦ
3072 1781 3221 1835 Θεοῦ
3260 1778 3502 1850 ἀφίκετο
3532 1777 3779 1849 χώραν’,ἧ

2264 1872 2329 1937 ἐς
2351 1869 2477 1941 φῶς
2508 1869 2608 1924 καί
2637 1871 2937 1940 λαμπρὸν,
2978 1872 3073 1925 καὶ
3107 1872 3291 1927 πάντα
3317 1870 3385 1923 τὰ
3424 1869 3650 1923 τοιαῦτα.

589 1964 746 2030 riam,
765 1965 892 2019 dum
914 1967 1253 2036 incomposite
1270 1973 1500 2020 movetur
1518 1981 1580 2018 ac
1596 1966 1894 2019 inordinate
1911 1964 1988 2037 (id
2007 1966 2151 2021 enim
2196 1968 2277 2022 illi
2306 1983 2374 2024 ex
2400 1977 2595 2023 natura
2628 1969 2732 2040 est)
2774 1969 2843 2022 ad
2867 1968 2966 2023 Dei
3006 1971 3238 2024 evasisse
3280 1969 3557 2039 regionem,
3610 1966 3698 2021 sive
3732 1964 3783 2016 ad

590 2061 755 2115 lucem
779 2071 827 2115 et
849 2062 1168 2128 claritatem,
1196 2063 1426 2134 ejusque
1458 2064 1676 2135 generis
1702 2065 1909 2120 omnia.

660 2151 721 2208 Si
768 2161 950 2210 autem
993 2155 1139 2210 aliud
1188 2171 1409 2226 corpus,
1447 2154 1593 2210 aliud
1614 2156 1994 2226 incorporeum
2023 2165 2109 2213 est
2141 2174 2155 2212 :

589 2246 821 2314 primum
852 2247 1069 2316 quidem
1099 2249 1244 2319 quod
1275 2263 1476 2318 corpus
1504 2256 1609 2311 est,
1648 2248 1703 2302 in
1727 2249 1904 2304 solum
1956 2251 2158 2306 mobile

588 2345 692 2393 est.
710 2336 998 2401 Praeterea,
1015 2339 1282 2410 siquidem
1303 2340 1643 2394 incommisla
1661 2347 1790 2395 sunt
1811 2342 2158 2412 unumquod-

588 2444 694 2499 que
721 2445 968 2485 seorsum
992 2431 1058 2485 ab
1081 2433 1251 2487 altero
1284 2432 1584 2487 secundum
1604 2432 1877 2502 propriam
1900 2442 2155 2487 naturam

588 2531 694 2577 est.
728 2520 826 2577 Sin
868 2538 997 2578 vero
1048 2523 1279 2579 alterum
1320 2524 1475 2580 alteri
1534 2525 1883 2580 commistum
1915 2535 2018 2591 est,
2045 2532 2158 2593 ,aut

589 2614 789 2678 anima,
848 2622 942 2669 aut
990 2629 1144 2671 mens
1181 2616 1405 2682 fuerint,
1441 2625 1535 2671 aut
1568 2616 1847 2672 accidens.
1881 2615 1972 2672 Sic
2008 2619 2154 2672 enim

588 2706 932 2762 solummodo
948 2707 1269 2778 incorporea
1299 2709 1623 2779 corporibus
1653 2709 2001 2765 commisceri
2026 2724 2158 2764 con-

590 2797 769 2870 tingit.

2336 2154 2400 2210 Et
2428 2157 2485 2211 δὲ
2516 2157 2576 2210 τὸ
2606 2156 2706 2227 μὲν
2746 2157 2925 2227 σῶμα,
2957 2154 3018 2209 τὸ
3051 2154 3107 2210 δὲ
3140 2156 3457 2228 ἀσώματον,
3494 2156 3687 2227 πρῶτον
3715 2156 3789 2227 μὲν

2263 2250 2292 2303 ὃ
2326 2253 2439 2304 ἐστι
2476 2248 2654 2319 σῶμα,
2713 2250 2872 2319 μόνον
2899 2250 3113 2320 κινητόν
3142 2252 3320 2302 ἐστιν’
3349 2249 3533 2302 ἔπειτα
3561 2247 3630 2313 δὲ,
3651 2250 3690 2300 εί
3717 2246 3794 2318 μὲν

2262 2344 2497 2414 ἄμικτα,
2546 2343 2692 2395 ἐστὶν
2734 2343 2992 2414 ἑκάτερον
3036 2344 3211 2414 χωρὶς
3251 2344 3512 2414 ἑκατέρου
3556 2340 3681 2395 κατά
3718 2339 3795 2410 τὴν

2262 2436 2466 2489 οἰκείαν
2498 2435 2690 2506 φύσιν’
2739 2437 2786 2488 εί
2817 2435 2874 2488 δὲ
2912 2436 3175 2507 μέμικται
3209 2436 3273 2489 τὸ
3304 2437 3492 2508 ἕτερον
3530 2434 3603 2505 τῷ
3640 2433 3794 2503 ἑτέρῳ,

2263 2524 2296 2599 ἦ
2323 2528 2467 2601 ψυχὴ
2490 2529 2523 2599 ἦ
2546 2529 2671 2593 νοῦς
2698 2529 2730 2600 ἢ
2755 2528 3097 2601 συμϐεϐηκὸς
3130 2528 3202 2583 ἂν
3227 2528 3337 2600 εἴη.
3368 2528 3524 2584 Οὕτω
3547 2527 3647 2599 γὰρ
3672 2525 3799 2598 μόνον

2262 2617 2331 2671 τὰ
2364 2618 2630 2691 ἀσώματα
2656 2623 2768 2684 τοῖς
2800 2620 3013 2691 σώμασι
3046 2620 3287 2692 πάρεστι
3322 2618 3628 2692 μίγνυσθαι.

587 2934 719 2992 Cn.
745 2933 837 2990 IX.
878 2933 1120 2989 Ridicula
1147 2931 1566 2989 Manichaorum
1594 2936 1835 2989 materia:
1858 2935 1916 2988 in
1945 2934 2112 2989 Deum
2146 2944 2317 2991 motus
2358 2937 2571 2991 deliria.
2616 2936 2780 3001 Deus,
2809 2939 3047 2992 materia:
3092 2950 3291 2994 auctor
3335 2938 3654 3002 rebellionis,
3683 2955 3811 2994 senss

764 3002 1120 3061 Manichaico.
1150 3005 1395 3061 Materia:
1423 3006 1672 3074 appetitio
1703 3006 1834 3059 lucis
1856 3015 1906 3059 et
1921 3005 2234 3074 splendoris,
2254 3006 2408 3061 bona.
2436 3006 2589 3060 Bona
2619 3008 2798 3062 divina
2826 3009 2958 3062 nihil
2984 3024 3048 3063 ea:
3079 3010 3412 3066 commercio
3445 3012 3666 3064 minora.

658 3140 766 3198 Sed
808 3156 1043 3213 quonam
1075 3141 1239 3196 modo
1268 3141 1323 3195 in
1354 3140 1451 3195 Dei
1499 3141 1777 3211 regionem
1825 3156 1889 3196 ac
1947 3140 2152 3205 sedem,
2182 3151 2226 3207 ο

588 3249 765 3305 quave
803 3250 869 3289 ex
926 3248 1094 3289 causa
1129 3234 1342 3288 invecta
1368 3232 1496 3288 est?
1524 3232 1601 3286 illi
1638 3231 1857 3301 quidem
1879 3247 1946 3285 ex
1967 3239 2163 3285 natura

585 3338 670 3384 est
691 3328 845 3383 locus
873 3325 1130 3381 deorsum
1156 3336 1208 3380 et
1230 3326 1485 3391 tenebrat,
1513 3334 1571 3379 ut
1600 3325 1931 3395 loquuntur;
1966 3333 2165 3395 praeter

593 3427 847 3474 naturam
877 3434 1006 3474 vero
1054 3420 1208 3474 locus
1240 3433 1460 3474 sursum
1502 3428 1555 3472 et
1603 3417 1720 3472 lux.
1769 3415 2157 3483 Quamobrem,

588 3522 773 3568 motus
803 3513 853 3567 ei
883 3520 1016 3566 tunc
1052 3512 1514 3582 prazternaturalis
1539 3510 1660 3565 fuit.
1692 3509 1862 3581 Eique
1891 3509 2163 3580 ejusmodi

587 3600 793 3670 aliquid
819 3600 1038 3666 accidit,
1073 3616 1136 3655 ac
1171 3601 1217 3656 si
1251 3604 1374 3670 quis
1401 3599 1633 3670 lapidem
1661 3608 1754 3654 aut
1779 3600 1988 3670 glebam
2005 3608 2161 3654 terrae

589 3707 807 3747 sursum
841 3691 1134 3761 projecerit
1162 3709 1176 3759 ;
1214 3707 1322 3761 qua
1353 3692 1540 3761 utique
1572 3691 1783 3746 ratione
1804 3706 1866 3745 ea
1894 3706 1982 3746 res
2028 3706 2159 3761 pro-

585 3782 828 3854 jicientis
850 3783 1050 3852 impetu
1080 3783 1361 3853 paululum
1398 3783 1594 3847 levata,
1619 3799 1743 3838 cum
1777 3799 2000 3838 sursum
2031 3800 2159 3840 eva-

590 3877 743 3940 serit,
777 3874 837 3930 in
877 3873 1125 3930 eumdem
1178 3875 1358 3929 locum
1404 3875 1606 3930 decidit
1631 3891 1695 3930 ac
1722 3876 1852 3929 ruit.
1892 3874 2153 3942 Quisnam

591 3971 758 4043 igitur
789 3969 1069 4025 materiam
1090 3970 1155 4023 ad
1188 3984 1482 4039 supernum
1514 3971 1694 4024 locum
1726 3970 1921 4025 levavit
1951 3971 1974 4023 'l
2014 3969 2154 4025 Sane

588 4062 807 4135 quidem
859 4062 975 4139 suis
1008 4062 1239 4125 meritis,
1276 4078 1339 4117 ac
1367 4078 1433 4117 ex
1462 4077 1521 4116 se
1558 4063 1696 4132 ipsa,
1730 4077 1795 4116 eo
1824 4074 1974 4116 motu
2008 4061 2149 4115 haud

588 4164 870 4211 moveatur
901 4155 993 4226 qui
1026 4155 1147 4226 ejus
1199 4154 1315 4224 ipse
1339 4156 1589 4210 exsistat.
1631 4154 1865 4209 Necesse
1895 4170 2025 4209 vero
2069 4163 2151 4209 est

584 4251 695 4305 vim
724 4252 773 4307 ei
813 4250 1018 4305 illatam
1058 4265 1181 4304 esse
1207 4255 1266 4303 ut
1291 4264 1507 4303 sursum
1541 4248 1797 4313 ferretur,
1828 4247 1970 4301 haud
1991 4263 2149 4303 secus

586 4358 651 4399 ac
690 4342 852 4415 lapidi
880 4350 934 4397 et
962 4342 1152 4414 glebae.
1186 4339 1388 4395 Verum
1442 4340 1578 4394 nihil
1608 4339 1684 4393 illi
1728 4355 1850 4392 cum
1893 4354 1955 4394 ea
1985 4339 2148 4393 retin-

584 4444 779 4506 quunt,
810 4441 1004 4506 prater
1034 4433 1223 4489 Deum.
1262 4432 1607 4487 Manifestum
1640 4431 1805 4502 igitur
1857 4430 1989 4500 quid
2020 4430 2146 4485 inde

2341 3144 2479 3197 Ἀλλ’
2518 3146 2665 3208 ὅπως
2695 3145 2897 3216 ἠνέχθη
2924 3148 3004 3208 είς
3041 3145 3137 3217 τὴν
3182 3147 3282 3201 τοῦ
3307 3148 3452 3202 Θεοῦ
3481 3127 3675 3221 χώραν,
3708 3148 3736 3217 ἥ
3766 3146 3816 3196 ἐκ

2264 3236 2422 3299 ποίας
2470 3237 2680 3302 αίτίας;
2723 3237 2863 3291 κατά
2910 3237 3069 3306 φύσιν
3111 3239 3214 3308 μὲν
3260 3240 3376 3312 γὰρ
3419 3242 3556 3311 αὐτῇ
3601 3240 3656 3292 τὸ
3694 3239 3816 3291 κάτω

2262 3328 2355 3380 καὶ
2378 3328 2438 3382 τὸ
2467 3328 2673 3393 σκότος,
2704 3329 2781 3392 ὣς
2806 3346 2957 3398 φασι,
2991 3329 3144 3403 παρὰ
3171 3332 3345 3402 φύσιν
3369 3333 3429 3387 δὲ
3450 3332 3515 3387 τδ
3543 3332 3651 3386 ἀνω
3677 3328 3820 3385 καὶτὸ

2262 3420 2378 3491 φῶς
2396 3438 2412 3453 ⁸
2452 3420 2526 3485 ὥς
2550 3438 2614 3489 γε
2660 3421 2810 3492 παρὰ
2852 3422 3012 3491 φύσιν
3044 3421 3166 3474 τότε
3199 3424 3442 3492 γέγονεν
3477 3426 3614 3495 αὐτῇ
3638 3426 3668 3494 ἡ
3693 3423 3820 3490 κίνη-

2263 3532 2367 3578 σις.
2413 3515 2522 3567 Καὶ
2548 3514 2787 3567 τοιοῦτόν
2824 3531 2875 3567 τι
2918 3515 3208 3580 πέπονθεν,
3251 3511 3372 3573 οἷον
3418 3520 3470 3572 εί
3512 3514 3654 3571 λίθον
3684 3532 3755 3578 τις
3791 3510 3822 3581 ἢ

2263 3604 2429 3674 βῶλον
2471 3604 2574 3674 γῆς
2614 3606 2693 3667 είς
2726 3603 2786 3656 τὸ
2827 3603 2939 3657 ἄνω
2978 3605 3223 3675 ῥίψειενσ
3271 3608 3345 3661 δι’
3374 3608 3405 3661 ὃ
3450 3609 3537 3680 δὴ,
3572 3608 3736 3675 ὀλίγον
3769 3603 3821 3656 sit

2257 3692 2480 3747 τοιαῦτα
2503 3692 2861 3762 κουφισθέντα
2886 3693 2990 3746 ὑπὸ
3010 3695 3109 3765 τῆς
3130 3696 3231 3749 τοῦ
3263 3698 3537 3769 ῥίψαντος
3561 3696 3697 3768 βίας,
3722 3710 3825 3765 μετ-

2258 3786 2401 3858 έωρα
2441 3787 2730 3855 γεγονότα,
2777 3788 2858 3848 εἰς
2897 3786 2987 3839 τὸν
3043 3787 3207 3840 αὐτὸν
3245 3790 3639 3862 καταφέρεται
3668 3787 3822 3840 τόπον.

2255 3877 2364 3948 Τὴν
2406 3874 2498 3931 οὖν
2542 3877 2673 3948 ὕλην
2703 3877 2787 3941 τίς
2825 3877 3111 3947 ἐκούφισεν
3140 3881 3224 3943 είς
3252 3881 3355 3935 τὸν
3406 3882 3527 3936 ἄνω
3555 3880 3742 3941 τόπον;
3765 3875 3824 3928 Δι’

2253 3970 2423 4040 αὐτὴν
2459 3969 2554 4039 μὲν
2585 3967 2693 4039 γὰρ
2728 3968 2823 4022 καὶ
2848 3968 2905 4034 ἐξ
2940 3969 3109 4038 αὐτῆς
3140 3970 3247 4024 ούκ
3295 3970 3368 4026 ἂν
3419 3975 3630 4026 κινοῖτο
3655 3968 3833 4035 ταύτην

2250 4058 2347 4129 τὴν
2372 4056 2604 4127 κίνησιν,
2634 4058 2800 4127 αὐτῆς
2832 4057 3204 4129 ὑπάρχουσαν.
3249 4063 3355 4113 Δεῖ
3388 4061 3449 4114 δὲ
3498 4061 3668 4132 αὐτὴν
3715 4059 3829 4111 ὑπο-

2253 4150 2431 4218 μεῖναι
2451 4148 2588 4218 βίαν,
2619 4149 2706 4202 ἵνα
2733 4151 2812 4211 είς
2833 4150 2921 4201 τὸν
2948 4149 3058 4203 ἄνω
3083 4150 3253 4203 τόπον
3278 4153 3667 4225 μετεωρισθῇ.
3688 4149 3834 4204 καθά-

2249 4258 2353 4312 περ
2379 4241 2406 4291 ό
2434 4239 2579 4303 λίθος
2606 4241 2699 4293 καὶ
2727 4243 2759 4311 ἠ
2790 4241 2973 4311 βῶλος.
3024 4241 3164 4294 Ἀλλ’
3189 4242 3401 4315 ἕτερον
3446 4247 3549 4318 μὲν
3578 4244 3727 4300 οὐδὲν
3754 4241 3835 4294 σὺν

2248 4333 2385 4403 αύτῇ
2415 4332 2787 4401 ἀπολείπουσι,
2822 4335 2911 4388 τὸν
2951 4331 3084 4387 Θεὸν
3126 4333 3203 4385 δέ.
3260 4338 3530 4410 Φανερὸν
3570 4335 3666 4391 οὖν
3694 4336 3752 4388 τὸ
3788 4335 3838 4385 ἐκ

2247 4424 2341 4478 τοῦ
2383 4425 2539 4494 λόγου
2581 4426 2907 4495 πμὸαἰνον·
2949 4428 3053 4490 ὅτι,
3086 4428 3209 4480 κατ’
3256 4430 3501 4495 αὐτοὺς,
3541 4433 3571 4483 ὁ
3603 4429 3731 4491 Θεὸς
3763 4424 3841 4495 βίᾳ

585 4528 906 4584 conﬁciatur
935 4544 950 4579 :
1004 4526 1173 4582 Deum
1220 4526 1451 4589 scilicet,
1486 4532 1547 4579 ut
1577 4524 1678 4593 ipsi
1728 4522 2063 4586 existimant,
2093 4523 2147 4577 vi

2258 4521 2342 4573 καὶ
2374 4521 2585 4594 ἀνάγκῃ
2610 4520 2811 4591 ταύτην
2842 4519 3112 4591 μετέωρον
3142 4522 3429 4593 ἐποίησεν
3463 4525 3547 4589 ὡς
3575 4523 3752 4577 αὐτόν.

583 4636 649 4676 ac
677 4621 1022 4684 necessitate,
1052 4620 1231 4690 ipsum
1248 4619 1315 4673 ad
1342 4633 1400 4674 se
1432 4618 1714 4672 materiam
1745 4616 2032 4671 sublimem
2064 4615 2145 4669 le-

581 4729 760 4770 V3888.

650 4804 835 4875 Atqui,
867 4805 912 4859 si
941 4804 1141 4859 malum
1177 4803 1401 4857 materia
1424 4809 1528 4865 est,
1583 4802 1805 4855 omnino
1833 4801 1995 4855 etiam
2028 4815 2145 4853 ma-

580 4896 648 4953 le
674 4904 804 4952 sunt
833 4896 953 4966 ejus
1004 4894 1381 4966 appetitiones.
1422 4893 1517 4947 Est
1545 4907 1674 4947 vero
1722 4892 1850 4945 mali
1884 4890 2143 4961 appetitio

581 4989 726 5043 mala
756 5005 772 5055 ;
808 4987 936 5043 boni
962 5000 1090 5042 vero
1119 4995 1282 5062 atque
1303 4985 1537 5051 honesti,
1562 4984 1681 5053 ipsa
1716 4983 1866 5037 valde
1888 4983 2138 5037 honesta.

584 5078 863 5148 Siquidem
896 5079 1062 5150 igitur
1106 5079 1336 5133 materia
1367 5077 1507 5148 quod
1564 5074 1906 5145 splendidum
1935 5081 2022 5127 est
2055 5074 2143 5127 lu-

581 5182 807 5237 cemque
848 5166 1175 5238 concupivit,
1210 5165 1356 5220 haud
1385 5166 1525 5219 mala
1553 5166 1672 5235 ejus
1710 5164 1983 5234 cupiditas
2026 5172 2137 5231 est;

582 5268 643 5313 ut
667 5274 843 5328 neque
872 5259 917 5312 si
946 5260 1067 5329 quis
1101 5260 1292 5313 vitiose
1335 5259 1501 5312 vitam
1558 5257 1850 5311 traducens
1881 5296 1896 5319 ,
1950 5265 2140 5326 postea

581 5349 798 5405 tandem
829 5350 1046 5406 virtutis
1100 5350 1372 5407 desiderio
1422 5350 1704 5405 exarserit.
1766 5347 1936 5403 Secus
1986 5364 2137 5412 vero,

579 5440 724 5498 haud
746 5451 901 5496 vacat
927 5442 1178 5506 crimine,
1211 5442 1258 5498 si
1287 5443 1411 5513 quis
1442 5443 1724 5498 studiosus
1754 5441 1808 5494 in
1837 5440 1963 5493 mali
1995 5440 2143 5495 desi-

580 5534 788 5591 derium
810 5534 1034 5590 venerit.
1070 5531 1228 5590 Velut
1256 5535 1301 5589 si
1332 5535 1455 5605 quis
1481 5535 1646 5600 dicat,
1683 5535 1848 5591 Deum
1879 5548 1998 5605 qua:
2029 5547 2143 5586 ma-

580 5626 729 5682 teriae
749 5636 1081 5696 competunt,
1107 5628 1248 5682 mala
1263 5637 1536 5698 appetere.
1567 5627 1680 5684 Nec
1720 5630 1863 5684 enim
1883 5627 1976 5682 Dei
1997 5627 2140 5681 bona

581 5717 712 5772 talia
736 5716 1050 5773 aestimanda
1075 5725 1228 5785 sunt,
1252 5720 1433 5789 qualia
1464 5727 1592 5775 sunt
1612 5720 1795 5775 multa:
1822 5732 1955 5789 opes
1979 5725 2032 5773 et
2055 5717 2137 5770 la-

2321 4798 2429 4850 Kai.
2462 4812 2585 4867 μην,
2618 4799 2664 4849 εἰ
2689 4800 2854 4849 κακον
2883 4810 2915 4867 η
2948 4796 3068 4865 ὕλη,
3099 4796 3334 4860 πάντως
3371 4815 3489 4851 που
3526 4791 3674 4850 εἰσὶν
3699 4790 3848 4859 αὐτῆς

2252 4890 2344 4941 καὶ
2366 4886 2571 4959 ὀρέξεις
2603 4888 2866 4941 τοιαῦται.
2902 4889 3057 4940 Ἐστι
3093 4888 3149 4940 δὲ
3179 4890 3211 4958 ἡ
3249 4889 3367 4958 μὲν
3399 4888 3509 4943 τοῦ
3543 4886 3721 4943 κακοῦ
3746 4883 3857 4955 δρε-

2253 4981 2333 5047 ξις
2355 4981 2529 5051 φαύλη
2551 4997 2563 5009 ·
2596 4982 2629 5051 ἡ
2659 4981 2715 5033 δὲ
2741 4979 2835 5032 τοῦ
2873 4978 3037 5033 καλοῦ
3070 4979 3210 5032 πάνυ
3248 4980 3581 5034 σπουδαία.
3603 4979 3671 5030 Et
3694 4976 3749 5028 δὲ
3770 4968 3856 5023 τοῦ

2250 5071 2501 5143 λαμπροῦ
2560 5073 2653 5125 καὶ
2706 5071 2801 5124 τοῦ
2846 5070 3023 5140 φωτὸς
3070 5069 3460 5142 ἐπεθύμησεν
3536 5076 3575 5145 ἡ
3627 5070 3761 5142 ὕλη,
3806 5062 3864 5117 οὺ

2249 5162 2425 5234 φαύλη
2471 5165 2502 5233 ἡ
2547 5163 2845 5232 ἐπιθυμία·
2900 5161 3149 5232 καθάπερ
3185 5163 3324 5215 οὐδὲ
3362 5168 3419 5217 εί
3467 5168 3533 5219 ἐν
3574 5163 3746 5232 κακίᾳ
3785 5171 3863 5217 τις

2246 5253 2377 5317 ζῶν,
2412 5255 2546 5325 μετὰ
2564 5254 2735 5308 ταῦτά
2760 5271 2886 5307 ποτε
2915 5254 3324 5324 ἐπιθυμήσειεν
3358 5257 3613 5329 ἀρετῆς.
3642 5255 3873 5309 Τούναν-

2243 5345 2358 5397 τίον
2388 5346 2516 5415 γὰρ,
2548 5346 2606 5396 ἐν
2647 5344 2946 5415 ἐγκλήματι
2979 5344 3042 5397 τὸ
3076 5343 3393 5399 σπουδαῖόν
3435 5364 3577 5401 τινα
3621 5343 3721 5400 τοῦ

2245 5438 2335 5491 λου
2378 5441 2458 5502 εἰς
2501 5438 2793 5509 ἐπιθυμίαν
2830 5438 3036 5492 ἐλθεῖνο
3068 5437 3339 5508 καθάπερ
3395 5438 3474 5493 ἂν
3526 5441 3579 5493 εἱ
3623 5440 3722 5492 τὸν
3750 5431 3878 5490 Θεὸν

2249 5536 2403 5601 φαῖεν
2431 5532 2714 5602 ὀρέγεσθαι
2752 5531 2859 5585 τῶν
2902 5534 2967 5601 τῇ
2999 5530 3100 5603 ὕλῃ
3130 5535 3489 5601 προσόντων
3543 5532 3764 5587 κακῶν.
3804 5526 3873 5579 0‘3

2246 5622 2354 5693 γὰρ
2376 5622 2438 5695 δὴ
2471 5622 2539 5675 τὰ
2558 5621 2650 5675 τοῦ
2679 5621 2813 5675 Θεοῦ
2852 5621 3029 5691 ἀγαθά
3056 5621 3289 5674 τοιαῦτα
3325 5622 3747 5694 ὑποληπτέον,
3777 5613 3880 5674 οἷόν

2245 5717 2391 5769 ἐστιν
2414 5715 2442 5766 ό
2470 5714 2693 5778 πλοῦτος
2724 5715 2866 5787 καὶὴ
2905 5713 3068 5785 πολλὴ
3099 5713 3189 5784 γῆ,
3217 5714 3333 5766 καὶ
3365 5718 3400 5769 ό
3438 5720 3633 5781 πολὺς
3660 5714 3882 5786 χρυσὸςγ
