3980 6318
216 223 313 278 £25
1066 216 1481 285 TRACTATUS
1519 226 1607 281 DE
1647 226 1959 287 PLACITIS
1999 228 2551 290 MANICIIIEORUM.
3303 245 3407 303 426

211 337 278 398 ὧν
310 340 537 395 ἐλάττων
584 341 792 412 γίνεται
840 344 917 416 τῷ
946 348 1265 419 κεκτημένῳ
1309 350 1341 419 ή
1382 350 1488 403 ἀπὸ
1516 348 1622 400 τῶν
1655 351 1783 412 ἀνκ

1849 348 2077 405 tifundia
2113 350 2409 423 ingensque
2450 352 2568 406 auri
2601 354 2702 419 vis,
2740 369 2973 425 quorum
3022 359 3263 419 minores
3303 370 3406 427 do.

210 432 420 523 θρώπων
458 434 535 495 εἰς
577 433 762 505 ἕτερον
815 436 1163 505 μετάστασις.
1221 438 1355 490 Ἀλλ’
1401 437 1456 490 ετ
1480 456 1598 491 τινα
1630 439 1751 491 τού-

1849 443 1998 497 mino
2024 444 2222 497 cedunt
2255 454 2454 513 partes,
2485 445 2529 499 si
2560 445 2682 515 quis
2710 447 2762 501 in
2786 448 3016 505 alterum
3046 451 3117 508 ab
3135 468 3201 509 eo
3218 463 3404 514 trans-

208 542 299 577 των
318 524 450 589 ὅλως
488 526 669 580 είκόνα
695 529 971 599 ἐπινοῆσαι
1001 530 1097 593 δεῖ,
1129 530 1227 600 τὴν
1270 529 1480 597 σοφίαν,
1509 527 1659 601 οἶμαι
1693 532 1748 583 δὲ

1847 532 2051 587 tulerit.
2086 533 2194 588 Sed
2215 534 2260 589 si
2277 536 2417 605 quod
2442 536 2664 591 omnino
2693 530 2886 593 horum
2918 541 3265 600 simulacrum
3282 547 3403 600 ani-

203 617 281 669 ita".
313 616 386 679 ὡς
415 619 478 672 ἄν
502 636 584 683 τις
617 620 916 692 παραϐάλοι
943 621 1153 685 καὶτὰς
1182 624 1507 692 ἐπιστήμας.
1540 622 1747 693 Ὥσπερ

1864 638 1939 678 no
1966 624 2373 680 informandum
2389 628 2830 696 sit,sapientiam,
2857 642 2988 703 puto
3002 650 3128 690 vero
3152 638 3399 694 etscicn-
3426 604 3436 617 α

201 704 279 761 οὖν
300 706 419 760 οὔτε
459 710 494 779 ἡ
528 711 687 779 σοφία
724 711 1034 765 ἐλαττοῦται
1060 713 1240 782 οὕτεή
1286 714 1580 783 ἐπιστήμη,
1622 712 1745 765 οὔτε

1844 718 1969 781 tias,
2003 717 2056 771 in
2090 720 2393 790 exemplum
2417 720 2721 776 adduxerit.
2748 712 3213 789 Quemadmodum
3239 729 3402 799 igitur

201 801 237 852 oi
270 799 434 863 αὑτάς
467 801 699 871 ἔχοντες,
751 803 815 856 ἂν
859 804 1044 875 ἔτερος
1083 805 1189 857 τῶν
1218 805 1393 858 αὐτῶν
1430 804 1739 877 μεταλάϐῃ·

1846 822 2019 875 neque
2046 808 2310 877 sapientia
2343 810 2606 864 minuitur
2662 828 2839 883 neque
2893 816 3142 883 scientia,
3177 834 3278 874 nec
3307 821 3400 892 qui

199 890 354 955 οὕτως
388 892 508 945 οὔτε
540 895 630 947 τὸν
670 895 801 949 Θεὸν
833 894 1050 963 εὔλογον
1081 896 1341 968 φθονῆσαι
1400 901 1465 967 τῇ
1504 894 1601 967 ὕλῃ
1646 897 1747 967 τῆς

1852 895 1960 951 illis
1990 896 2247 965 praeditus
2275 907 2360 954 est
2388 900 2571 954 damni
2602 903 2804 972 aliquid
2841 905 2999 971 facit,
3026 911 3171 981 quod
3203 890 3401 984 aliquis

197 985 274 1038 τοῦ
296 986 461 1039 καλοῦ
488 988 736 1059 ὀρέξεως·
762 992 808 1043 εί
830 990 892 1062 δὴ
916 990 1053 1043 κατὰ
1081 990 1273 1054 αὐτοὺς
1293 990 1507 1062 ὠρέχθη
1532 991 1741 1043 τούτου.

1849 987 2045 1043 borum
2096 991 2363 1061 particeps
2414 992 2636 1049 effectus
2685 996 2884 1053 fuerit:
2918 1001 2997 1055 sic
3048 1018 3222 1074 neque
3264 1008 3401 1062 ratio

197 1077 313 1131 satis
365 1077 529 1142 favet,
576 1089 637 1134 ut
677 1082 1047 1147 existimemus
1093 1081 1260 1137 Deum
1312 1082 1553 1137 materia:
1591 1080 1849 1136 invidisse
1882 1080 2264 1150 appetitionem
2325 1083 2452 1136 boni
2490 1083 2845 1156 honestique;
2884 1090 3011 1146 dum
3052 1092 3207 1163 juxta
3257 1096 3400 1166 illos,

194 1176 469 1245 appetiisse
500 1178 675 1248 ipsum
713 1179 1039 1237 dederimus.

192 1315 299 1371 [ΙΑΡ.
323 1314 395 1369 Χ.
427 1315 652 1389 Deorum
686 1318 1033 1387 mythologica
1056 1335 1073 1372 :
1098 1320 1261 1389 iisque
1294 1318 1490 1373 similia
1520 1315 1575 1371 Μ
1581 1316 1799 1389 anicftwi
1828 1316 2045 1389 placita.
2082 1314 2381 1389 Homericae
2413 1318 2774 1374 Theomacltia:
2796 1320 3069 1389 allegoria.
3104 1322 3398 1385 Emulatio

384 1396 431 1438 et
468 1388 666 1440 invidia
696 1386 751 1441 in
776 1390 901 1453 Deo,
922 1386 1338 1443 Manichaeorum
1366 1390 1642 1443 sententia.
1679 1387 1821 1441 Vitia
1852 1386 1961 1439 ha‘c
1986 1388 2039 1439 in
2059 1387 2203 1439 nullo
2231 1388 2489 1453 studioso,
2512 1389 2802 1459 probroque
2839 1386 3185 1450 admittenda.

248 1504 385 1557 Πολὺ
408 1504 463 1556 δὲ
487 1506 613 1569 τοὺς
636 1507 958 1575 μυθοποιοὺς
985 1507 1442 1579 ὑπερϐεϐλήκασι,
1471 1506 1595 1569 τοὺς
1616 1504 1649 1576 ἢ
1674 1504 1742 1559 τὰ

1906 1501 2089 1571 Longe
2123 1518 2285 1571 porro
2321 1504 2657 1575 mythologos
2685 1504 2881 1562 fabulis
2902 1521 3228 1578 superarunt
3257 1551 3269 1575 ,
3306 1528 3398 1571 eos

188 1597 263 1648 τοῦ
291 1596 536 1667 Οὐρανοῦ
562 1598 732 1650 αἰδοῖα
758 1596 1066 1669 τέμνοντας,
1102 1600 1134 1671 ἢ
1164 1599 1261 1664 τὰς
1290 1599 1577 1661 ἐπιϐουλάς
1602 1597 1742 1651 κατὰ

1837 1596 2097 1649 nimirum
2134 1597 2225 1665 qui
2273 1604 2365 1649 aut
2392 1596 2527 1651 C(eli
2559 1597 2734 1651 virilia
2762 1607 2972 1667 putent,
3017 1610 3111 1656 aut
3135 1602 3397 1663 adversus

186 1688 265 1741 τοῦ
296 1691 507 1760 Κρόνου
534 1692 637 1744 ὑπὸ
670 1692 764 1744 τοῦ
790 1693 904 1745 υἱοῦ
941 1693 1299 1757 συντιθέντας,
1336 1694 1421 1745 ἵνα
1446 1688 1606 1755 αὐτὸς
1640 1708 1742 1745 κα-

1838 1686 2132 1740 Saturnum
2162 1703 2191 1741 a
2221 1687 2328 1741 filio
2361 1695 2599 1744 structas
2652 1688 2899 1754 insidias,
2934 1700 2992 1745 ut
3024 1694 3127 1748 sibi
3151 1695 3268 1765 ipse
3293 1696 3395 1750 im-

186 1782 337 1853 τάτχῃ
389 1784 489 1854 τὴν
534 1785 735 1855 ἀρχήνσ
790 1786 823 1857 ἦ
873 1787 1153 1850 ποιοῦντας
1199 1786 1357 1840 πάλιν
1402 1784 1490 1838 τὸν
1533 1785 1739 1857 Κρόνον

1839 1780 2049 1847 perium
2097 1780 2378 1849 arriperet,
2422 1782 2711 1836 commenti
2748 1783 2858 1836 sint
2891 1800 2905 1851 ;
2933 1794 3026 1839 aut
3058 1787 3150 1856 qui
3197 1804 3394 1846 rursus

183 1877 288 1937 τοὺς
321 1878 477 1940 υἱοὺς
519 1879 832 1932 καταπίνειν
852 1896 864 1909 ⁸
900 1876 1015 1932 εἶτα
1057 1878 1487 1949 διαμαρτάνοντα
1520 1879 1607 1932 διὰ
1638 1876 1736 1948 τῆς

1839 1871 2130 1927 Saturnum
2158 1873 2501 1929 filiosvorare
2546 1874 2767 1941 faciant,
2812 1885 3033 1948 tumque
3074 1879 3392 1939 frustratum

183 1965 259 2018 τοῦ
290 1967 441 2021 λίθου
475 1968 697 2031 εἰκόνος.
744 1968 865 2033 Πῶς
894 1969 1001 2042 γὰρ
1044 1968 1111 2021 τὰ
1153 1969 1412 2039 λεγόμενα
1444 1970 1534 2021 ὑπ’
1560 1967 1735 2021 αὐτῶν

1836 1966 2070 2020 consilio
2113 1981 2179 2021 ex
2229 1967 2425 2036 lapidis
2470 1967 2683 2037 objecto
2736 1968 3051 2027 simulacro.
3111 1971 3394 2039 Quomodo

184 2060 232 2112 οὔ
296 2061 557 2127 τοιαῦτα;
618 2061 694 2114 ὅτ’
732 2062 798 2115 ἂν
862 2061 1092 2133 πόλεμον
1150 2064 1404 2134 ἄντικρυς
1453 2053 1555 2133 τῆς
1605 2060 1736 2131 ῦλης

1834 2057 2001 2123 enim,
2032 2073 2151 2128 qua:
2176 2058 2242 2112 ab
2275 2059 2355 2114 eis
2383 2058 2659 2124 dicuntur,
2699 2076 2807 2115 non
2857 2062 2943 2117 his
2987 2063 3232 2119 similia?
3267 2082 3394 2127 cum

183 2153 300 2223 πρὸς
322 2152 418 2205 τὸν
441 2152 573 2204 Θεὸν
602 2153 1018 2225 ὑφηγήσωνται·
1062 2152 1155 2208 καὶ
1188 2154 1318 2225 μηδὲ
1350 2154 1522 2207 ταῦτα
1555 2152 1733 2223 μέντοι

1835 2150 2013 2217 palam
2041 2150 2281 2204 materiae
2296 2139 2421 2203 cum
2458 2149 2571 2205 Deo
2595 2151 2791 2205 bellum
2820 2153 3060 2211 referant
3086 2175 3101 2223 ;
3132 2173 3195 2212 ac
3220 2174 3395 2231 neque

180 2243 235 2296 δι’
269 2245 523 2307 ὑπονοίας
564 2245 785 2313 λέγωσι,
818 2246 1063 2317 καθάπερ
1096 2248 1340 2317 ’Όμηρος
1360 2286 1373 2309 ,
1405 2246 1611 2316 χαίρειν
1643 2244 1735 2295 τὸν

1835 2240 1949 2295 haec
2002 2243 2231 2311 spiritali
2264 2259 2429 2299 sensu
2480 2258 2544 2297 ac
2590 2245 2954 2317 mythologico
3003 2248 3205 2314 dicant,
3250 2252 3396 2306 velut

180 2338 263 2389 Δία
303 2338 402 2389 ἐπὶ
450 2337 527 2407 τῷ
570 2338 678 2389 τῶν
720 2337 857 2391 θεῶν
911 2337 1130 2408 πολέμῳ
1186 2337 1319 2407 πρὸς
1365 2335 1625 2407 ἀλλήλους
1677 2336 1734 2389 ἐν

1835 2331 2104 2390 Homerus
2133 2335 2186 2389 in
2211 2334 2394 2398 Iliade,
2418 2336 2655 2407 gaudere
2678 2336 2863 2393 Jovem
2898 2339 3125 2394 deorum
3169 2341 3397 2401 interea

189 2426 398 2495 Ἰλιάδι,
452 2432 821 2501 αἰνιττόμενος
864 2432 921 2484 τὸ
972 2432 1029 2495 ἐξ
1082 2431 1348 2502 ἀνομοίων
1390 2430 1480 2484 τὸν
1532 2428 1735 2500 κόσμον

1832 2442 2012 2498 pugna
2043 2443 2105 2480 ac
2140 2428 2299 2490 bello,
2355 2428 2588 2484 obscure
2644 2429 2977 2499 significans,
3031 2432 3395 2493 mundum-ex

183 2522 504 2589 συγκεῖσθαι,
535 2524 893 2593 ἡρμοσμένων
928 2522 1060 2592 πρὸς
1087 2521 1305 2593 ἄλληλα,
1340 2522 1430 2573 καὶ
1462 2519 1734 2573 νικώντων

1835 2518 2191 2587 inaequalibus
2228 2521 2521 2575 conflatum
2551 2536 2691 2587 esse,
2718 2537 2837 2591 quae
2864 2522 2968 2576 alia
2991 2524 3111 2579 aliis
3139 2533 3396 2582 conserta

178 2627 228 2663 τε
264 2612 347 2663 καί
392 2612 733 2682 νικωμένων.
774 2613 881 2664 Καὶ
924 2610 1096 2664 ταῦτά
1140 2627 1227 2679 μοι
1275 2608 1507 2679 εῐρηται,
1548 2605 1732 2677 ἐπειδὴ

1833 2616 1946 2663 tum
1982 2611 2223 2673 vincant,
2257 2619 2373 2665 tum
2401 2615 2625 2668 victoria
2662 2615 2879 2671 cadant.
2938 2617 3114 2687 Atque
3151 2618 3266 2673 haec
3310 2620 3394 2675 id-

179 2704 448 2771 γιγνώσκω
488 2705 613 2767 τοὺς
654 2701 947 2766 τοιούτους,
985 2702 1200 2753 ἐπειδὰν
1244 2698 1567 2763 ἀποδείξεων
1607 2698 1734 2750 ἀπο-

1832 2702 1981 2756 circo
2011 2720 2041 2756 ιι
2072 2718 2157 2758 me
2187 2704 2330 2759 dicta
2353 2716 2499 2769 sunt,
2524 2706 2664 2777 quod
2689 2707 2860 2763 sciam
2892 2708 3201 2764 istiusmodi
3220 2726 3392 2782 genus

180 2793 343 2864 ρῶσιν,
390 2794 512 2847 ἔνια
547 2794 882 2865 πανταχόθεν
910 2794 1019 2847 ἀπὸ
1057 2794 1163 2847 τῶν
1206 2794 1474 2865 ποιήσεων
1522 2790 1730 2862 συμφέ-

1832 2795 2135 2860 hominum,
2162 2799 2251 2852 ubi
2281 2815 2374 2853 eos
2394 2801 2744 2870 probationes
2766 2817 2830 2856 ac
2854 2802 3123 2857 rationum
3151 2819 3393 2860 momen-

177 2905 368 2959 ροντας,
405 2890 505 2941 xui.
536 2888 829 2955 ἀπολογίαν
864 2888 1038 2942 ταῦτα
1077 2889 1213 2958 ὑπὲρ
1249 2887 1356 2940 τῶν
1391 2888 1533 2940 ίδίων
1566 2885 1731 2949 δοξῶν

1831 2892 1886 2939 ta
1919 2886 2239 2950 defecerint,
2273 2891 2520 2959 quaedam
2569 2890 2809 2961 undique
2831 2909 2894 2946 ex
2931 2902 3212 2961 poetarum
3244 2910 3393 2951 com-

175 2981 530 3051 ποιουμένους.
566 2980 679 3032 υὺκ
707 2978 773 3033 ἂν
804 2979 859 3032 δὲ
883 2979 1054 3032 ταῦτα
1080 2979 1493 3044 ἐπεπόνθεισαν,
1522 2979 1570 3030 εί
1595 2977 1734 3049 μετά

1833 2981 2031 3035 mentis
2054 2997 2367 3048 congerere,
2407 2990 2566 3053 atque
2590 2984 2715 3038 hinc
2737 2984 2854 3039 suis
2876 2985 3225 3054 opinionibus
3253 3002 3393 3057 pra:-

174 3086 305 3135 τινος
335 3072 617 3143 φροντίδος
656 3066 809 3125 ὦτινι
839 3072 1036 3142 δήποτε
1077 3069 1447 3142 ἐνετύγχανον.

1834 3070 2054 3135 sidium,
2099 3087 2162 3126 ac
2215 3088 2325 3143 quo
2354 3090 2412 3128 se
2448 3074 2553 3129 illis
2582 3083 2837 3130 tueantur
2866 3115 2881 3139 ,
2921 3092 3181 3147 qurerere.
3235 3076 3392 3143 Quod

1754 3151 1795 3209 C
1830 3164 1961 3232 ipsis
1991 3164 2408 3236 haudquaquam
2437 3168 2727 3233 evenisset,
2752 3168 2797 3224 si
2827 3168 3021 3237 majori
3051 3168 3392 3238 quadamcu—

1828 3269 1887 3307 ra
1910 3269 1973 3308 ac
2004 3254 2281 3327 diligentia
2312 3273 2423 3312 rem
2454 3258 2729 3327 quidpiam
2768 3258 3043 3327 legissent.

229 3352 327 3403 Καὶ
364 3350 480 3421 μὴν
510 3351 687 3404 πάντα
722 3349 817 3421 μὲν
846 3349 912 3402 τὰ
950 3348 1094 3403 κακὰ
1124 3346 1230 3402 ἀπὸ
1258 3348 1350 3401 τοῦ
1389 3346 1532 3400 θείου
1564 3346 1724 3418 χοροῦ

1897 3345 2081 3415 Atqui,
2114 3363 2238 3401 cum
2270 3350 2409 3401 mala
2444 3348 2663 3421 quidem
2715 3348 2897 3402 omnia
2934 3358 2964 3401 a
2997 3348 3181 3402 divino
3220 3348 3393 3405 choro

169 3442 511 3513 ἀπελήλαται,
545 3443 573 3494 6
601 3439 755 3511 ζῆλος
781 3440 837 3493 δὲ
869 3440 1097 3511 μάλιστα
1127 3440 1219 3491 καὶ
1255 3441 1281 3490 6
1316 3437 1523 3507 φθόνος.
1552 3439 1729 3491 Κατα·

1827 3440 2112 3502 exsulent,
2167 3447 2281 3493 tum
2340 3441 2422 3494 vel
2476 3440 2710 3494 maxime
2747 3439 3020 3495 annulatio
3066 3444 3119 3492 et
3163 3438 3388 3494 invidia.

167 3531 390 3586 λείπουσι
418 3534 482 3586 δὲ
512 3525 657 3586 οὗτοι
698 3532 836 3585 αὐτὰ
880 3531 1027 3603 παρὰ
1054 3530 1130 3600 τῷ
1172 3528 1309 3599 Θεῷ,
1355 3530 1429 3581 ὅτ’
1460 3529 1524 3581 ἂν
1556 3528 1726 3597 φῶσιν

1829 3529 2025 3585 Sinunt
2056 3540 2236 3587 tamen
2259 3534 2313 3587 lii
2343 3533 2483 3603 apud
2509 3535 2671 3586 Deum
2702 3533 2825 3593 ista,
2853 3532 2979 3584 dum
3012 3531 3198 3585 dicunt
3219 3530 3389 3587 Deum

166 3628 307 3680 αὑτὸν
335 3627 439 3697 τὴν
478 3624 767 3695 ἐπιϐουλὴν
818 3623 956 3676 κατὰ
985 3621 1083 3691 τῆς
1130 3620 1257 3692 ὕλης
1294 3621 1565 3685 συντάξαι,
1592 3622 1726 3674 διότι

1826 3624 2055 3680 insidias
2102 3628 2369 3681 struxisse
2426 3626 2685 3680 adversus
2746 3626 3051 3689 materiam,
3079 3639 3144 3679 ea
3176 3626 3388 3680 ratione

163 3717 216 3789 δὴ
246 3718 332 3771 τοῦ
367 3717 547 3771 καλοῦ
588 3715 919 3787 ἐπεθύμησε.
952 3715 1066 3767 Τίνι
1096 3714 1150 3767 δὲ
1193 3714 1286 3766 καὶ
1311 3714 1339 3764 ὁ
1367 3714 1497 3777 Θεὸς
1533 3708 1607 3767 ὧν
1652 3710 1727 3766 εἴ-

1826 3718 1969 3788 quod
2000 3719 2199 3772 bonum
2235 3720 2548 3788 cupivissct.
2585 3716 2829 3783 Quonam
2862 3731 2989 3771 vero
3030 3717 3192 3771 etiam
3246 3714 3389 3773 Deus

162 3827 245 3878 χεν
280 3807 551 3879 ὲῶυλήθη
598 3808 691 3878 τὴν
748 3807 877 3878 ὓλην
909 3806 1346 3878 τιμωρήσασθαι;
1386 3804 1446 3858 τὸ
1490 3806 1585 3877 μὲν
1618 3806 1724 3879 γάρ

1825 3826 2011 3865 eorum
2037 3825 2155 3881 qua:
2174 3811 2424 3868 habebat.
2452 3809 2646 3880 punire
2676 3809 2956 3862 materiam
2988 3810 3190 3864 voluit?
3222 3809 3389 3880 Equi-

160 3902 345 3957 ἁπλοῦν
388 3902 564 3971 φάναι
603 3901 692 3953 τὸν
734 3901 866 3953 Θεὸν
898 3898 1278 3972 ἀκριϐέστερον
1322 3894 1474 3969 οἶμαι
1520 3899 1551 3970 ἧ
1585 3899 1725 3952 κατὰ

1830 3903 1949 3959 dem
1981 3903 2336 3957 accuratioris
2356 3903 2613 3957 doctrina:
2637 3902 2888 3957 existimo
2916 3907 2974 3953 ut
2992 3897 3133 3956 Deus
3160 3902 3389 3972 simplex

157 3996 383 4059 τούτους.
431 3996 592 4048 Ἔστι
636 3994 729 4046 καὶ
772 3994 932 4064 ἡτῆς
965 3992 1170 4054 ἐννοίας
1202 3991 1388 4045 τούτου
1430 3992 1720 4063 ἀφήγησις,

1824 3994 2066 4058 dicatur,
2103 4009 2265 4063 quam
2298 4009 2395 4063 pro
2421 3994 2635 4047 illorum
2669 3991 2896 4045 ratione.
2929 3988 3039 4043 Nec
3072 4006 3221 4053 vero,
3250 3991 3386 4047 utin

157 4088 240 4159 οὐχ
280 4089 354 4151 ὡς
385 4087 526 4157 περὶ
572 4086 678 4137 τῶν
720 4084 913 4146 ἄλλων,
955 4082 1190 4146 εὔκολος.
1229 4083 1361 4135 Οὐδὲ
1398 4082 1502 4154 γὰρ
1540 4082 1723 4145 ἁπλῶς

1826 4087 1969 4151 aliis,
2007 4086 2169 4154 hujus
2206 4085 2369 4140 etiam
2400 4085 2597 4141 mentis
2628 4083 2805 4137 facilis
2837 4080 3110 4135 enarratio
3146 4080 3382 4136 exsistit.

157 4180 487 4243 ἐνδείξασθαι
513 4179 682 4249 αὐτὴν
712 4176 951 4239 δυνατὸν,
977 4175 1063 4228 διὰ
1090 4175 1143 4228 δὲ
1170 4174 1366 4243 πολλῆς
1394 4174 1722 4238 παιδεύσεως

1823 4176 1978 4232 Haud
2015 4179 2212 4247 quippe
2244 4177 2562 4247 simpliciter
2591 4175 2845 4245 nudoque
2864 4186 3113 4229 sermone
3140 4185 3258 4225 eam
3289 4170 3385 4224 de-

156 4272 235 4324 καὶ
266 4273 462 4325 rivom
513 4270 674 4324 Ἀλλὰ
712 4269 870 4322 τοῦτὸ
894 4286 956 4338 γε
986 4269 1183 4331 πάντες
1216 4267 1391 4338 ἴσμεν,
1420 4269 1499 4320 ὅτι
1528 4269 1559 4338 ή
1585 4266 1721 4338 ὀργὴ

1822 4277 2128 4325 monstrare
2158 4270 2302 4331 licet,
2338 4268 2432 4324 sed
2465 4269 2635 4321 multa
2676 4265 2961 4334 disciplina
3008 4270 3169 4331 atque
3197 4276 3379 4330 opera.

153 4368 234 4416 καὶ
276 4368 309 4437 ἡ
366 4368 482 4435 τῆς
522 4362 791 4434 τιμωρίας
838 4360 976 4415 κατὰ
1026 4361 1124 4432 τῆς
1173 4359 1302 4431 ὕλης
1358 4358 1534 4431 ὄρεξις
1574 4359 1717 4431 πάθη

1823 4359 2087 4414 Castorum
2123 4375 2313 4414 omnes
2335 4360 2386 4413 id
2422 4359 2644 4423 scimus,
2699 4358 2833 4410 iram
2881 4372 2945 4410 ac
2977 4356 3234 4418 furorem,
3282 4355 3380 4409 ad-

150 4456 273 4517 ἐστὶ,
304 4457 445 4528 περὶ
477 4454 569 4506 τὸν
600 4453 740 4505 οὕτω
770 4452 1089 4523 διωκόμενον
1120 4451 1504 4520 συνιστάμενα’
1546 4450 1717 4503 ταῦτα

1822 4464 2121 4518 versusque
2154 4451 2431 4501 materiam
2488 4446 2742 4500 vindictae
2798 4444 3123 4514 appetitum,
3158 4442 3385 4500 affectus

148 4548 196 4601 δέ
218 4549 333 4602 οὐδὲ
356 4549 497 4619 περί
522 4564 642 4599 τινα
669 4546 949 4599 σπουδαῖον
984 4545 1191 4613 γένοιτο
1218 4544 1280 4597 ἂν
1302 4544 1368 4597 τὰ
1397 4543 1709 4615 παθήματα·

1822 4558 1943 4597 esse
1968 4552 2022 4595 et
2055 4541 2489 4611 perturbationes
2514 4537 2709 4609 (πάθη)
2746 4537 2892 4591 circa
2925 4552 3046 4590 eum
3094 4551 3253 4605 quem
3302 4537 3384 4592 sic

149 4640 269 4709 μήτι
306 4658 369 4708 γε
412 4638 549 4711 περὶ
584 4637 643 4689 τὸ
677 4636 878 4705 ἀγαθὸν
920 4635 1067 4689 αὑτό.

1822 4634 1909 4688 illa
1948 4642 2325 4704 persequatur,
2374 4634 2654 4685 versantes
2697 4646 2710 4681 :
2750 4626 3016 4695 ejusmodi
3044 4641 3175 4680 sane
3199 4636 3382 4681 utnec

148 4734 277 4787 circa
314 4736 498 4788 ullum
524 4730 615 4801 qui
652 4730 845 4783 virtute
877 4729 1045 4782 fultus
1074 4728 1179 4792 sit,
1211 4742 1417 4781 versari
1452 4741 1690 4797 unquam
1731 4728 2009 4797 contingat
2039 4743 2054 4792 ;
2102 4732 2312 4779 tantum
2347 4724 2501 4778 abest
2544 4730 2602 4776 ut
2634 4722 2741 4776 illis
2773 4721 2949 4790 ipsum
2997 4721 3198 4775 bonum
3253 4718 3382 4776 sub-

146 4826 332 4896 jaceat.

608 4945 736 5000 CAP.
768 4941 857 4999 XI.
890 4940 1056 4998 Missa
1081 4945 1241 4998 virtus
1268 4942 1622 4997 Manichaica.
1646 4940 1890 4999 Materia:
1911 4950 2146 5005 virtutes,
2170 4942 2289 5011 pari
2318 4940 2567 4994 minorive
2600 4941 2827 4994 malitia.

215 5069 329 5137 Ἐφ’
358 5070 535 5138 ἕτερα
565 5065 741 5117 τοίνυν
774 5065 896 5133 ἥκει
926 5064 1085 5115 πάλιν
1111 5066 1138 5116 6
1171 5063 1323 5131 λόγος
1352 5066 1712 5136 περιφερόμε-

1890 5062 1969 5115 Ad
2005 5061 2108 5115 alia
2150 5062 2313 5132 igitur
2340 5077 2533 5117 rursus
2568 5060 2738 5117 tendit
2767 5056 3211 5115 circumvolitans
3252 5072 3377 5115 ora.

142 5178 237 5223 νος.
276 5159 507 5228 Ἐπειδὴ
534 5156 643 5227 γάρ
671 5154 897 5225 δύναμιν
921 5153 1011 5208 τὸν
1040 5155 1169 5209 Θεὸν
1196 5160 1273 5220 είς
1322 5155 1418 5226 τὴν
1462 5156 1592 5229 ῦλην
1614 5175 1711 5211 κα-

1816 5153 1912 5212 tio.
1947 5152 2083 5220 Quia
2110 5155 2252 5209 enim
2292 5156 2507 5209 misisse
2531 5153 2694 5208 Deum
2726 5152 2979 5208 virtutem
3012 5152 3065 5204 in
3098 5151 3378 5205 materiam

140 5252 427 5323 ταπέμψαι
476 5250 631 5319 φασὶ,
682 5251 901 5301 σκοπεῖν
935 5247 1103 5314 ἄξιον,
1139 5246 1364 5319 πότερον
1398 5250 1430 5319 ή
1484 5250 1709 5323 δύναμις

1817 5245 2024 5309 dicunt,
2052 5245 2462 5300 consideremus
2505 5259 2683 5314 operae
2722 5242 2990 5312 pretium,
3027 5248 3209 5295 utrum
3263 5240 3379 5296 haec

140 5343 270 5414 αῦτη
305 5342 460 5397 κατὰ
508 5341 570 5394 τὸ
610 5340 809 5411 ἀγαθὸν
841 5340 1145 5409 ἠλάττωται
1178 5340 1328 5412 παρὰ
1368 5340 1459 5395 τὸν
1492 5342 1642 5405 Θεὸν,
1673 5343 1706 5414 ἢ

1813 5337 2022 5399 virtus,
2054 5338 2120 5391 ad
2163 5338 2287 5392 boni
2332 5337 2598 5392 rationem
2638 5336 2786 5406 quod
2828 5336 3059 5401 attinet,
3112 5348 3223 5404 pra:
3269 5332 3379 5388 Deo

138 5434 331 5505 ὁμοίως
366 5433 535 5505 εἶχεν.
577 5435 641 5487 Ei
676 5434 771 5505 μὲν
814 5432 921 5503 γάρ
967 5433 1297 5501 ἠλάττωται,
1330 5434 1380 5488 τί
1414 5432 1473 5486 τὸ
1504 5434 1706 5498 αἵτιον;

1817 5432 1995 5484 minor
2029 5436 2192 5491 esset,
2226 5438 2319 5483 aut
2354 5430 2516 5483 simili
2550 5430 2758 5483 ratione
2797 5427 3037 5481 haberet.
3099 5423 3376 5495 Siquidem

140 5526 264 5597 ῦλης
303 5529 414 5597 μὲν
472 5525 581 5596 γὰρ
606 5524 758 5578 οὐδὲν
801 5526 1014 5594 μετεῖχε
1056 5523 1162 5575 τῶν
1194 5522 1342 5595 παρὰ
1381 5522 1527 5593 Θεῷ·
1566 5522 1621 5574 ἓν
1652 5523 1707 5575 δὲ

1814 5525 1959 5578 enim
1992 5523 2081 5577 illa
2116 5523 2396 5577 deficiebat
2427 5523 2711 5591 minorque
2738 5529 2885 5583 erat,
2922 5533 3169 5590 quaenam
3201 5516 3377 5569 ratio?

142 5626 294 5690 μόνον
322 5620 537 5691 ἀγαθὸν
580 5620 786 5688 εἰσάγει
824 5619 913 5672 τὸν
963 5615 1113 5681 Θεὸν,
1164 5617 1257 5671 καὶ
1299 5617 1354 5670 ἓν
1396 5617 1562 5670 κακὸν
1608 5618 1707 5689 τὴν

1813 5614 1946 5669 Nam
1973 5630 2092 5685 qua:
2124 5614 2264 5684 apud
2306 5612 2470 5667 Deum
2498 5652 2514 5675 ,
2568 5614 2775 5669 nullum
2807 5611 3045 5667 materia:
3087 5608 3380 5663 admittunt

138 5713 293 5786 ιλην·
335 5717 389 5766 εἰ
430 5714 483 5764 δὲ
514 5710 711 5781 ὁμοίως
774 5706 906 5778 εἶχε,
940 5709 1083 5771 τίνος
1123 5709 1281 5763 ἕνεκα
1324 5709 1351 5761 6
1399 5709 1494 5780 μὲν
1522 5708 1707 5779 ὥσπερ

1811 5706 2218 5763 commercium.
2268 5704 2446 5762 Unum
2483 5722 2611 5762 vero
2640 5707 2901 5761 duntaxat
2957 5704 3157 5758 bonum
3210 5700 3378 5754 Deum

422 5811 695 5873 Ριτιιοι..
727 5808 843 5871 Gn.
872 5804 1090 5869 XVIII.

3010 5798 3082 5854 1'4
