3980 6318
223 263 321 321 429

1080 270 1497 334 TRACTATUS
1531 277 1620 333 DE
1659 280 1970 340 PLACITIS
2009 283 2559 348 MANICI‘UEORUM.

3306 301 3412 360 ιδο

366 398 502 457 XIII.
537 402 1331 502 Malunt-itiinirneJin.sideribus
1359 426 1409 470 et
1441 418 1628 502 stellis.
1663 418 1813 474 Mala
1845 423 1974 502 vitw_
1994 424 2170 502 omnia
2201 423 2522 502 Manio/truce
2544 446 2697 502 vana,
2721 447 2836 502 quae
2871 435 2988 491 vim
3012 435 3259 495 inducant
3279 444 3412 500 inte-

733 481 891 531 ritum
915 497 934 534 :
961 481 1145 536 delirio
1167 500 1328 553 supra
1348 491 1583 556 exposito
1606 493 2000 546 transvectionis
2025 495 2318 549 animarum
2334 513 2398 550 ex
2418 481 2852 559 lunaiudﬁs’ojlem.

274 564 406 638 Τίνα
435 586 494 640 δὲ
521 587 615 641 καὶ
637 589 704 642 τά
733 592 879 645 κακά
904 592 1040 648 εἶναι
1063 595 1211 664 λέγει
1230 614 1243 663 ;
1265 600 1398 671 Περὶ
1427 602 1524 672 μὲν
1544 602 1650 676 γὰρ
1673 604 1741 657 τὸε

1934 605 2190 672 Quzenam
2218 625 2346 665 vero
2374 610 2537 665 etiam
2569 613 2707 666 mala
2737 630 2858 671 esse
2900 617 3068 673 dicit?
3110 622 3193 676 Ad
3244 629 3409 682 solem

205 678 348 747 ἣλιον
389 681 482 732 καὶ
506 681 604 754 τὴν
636 685 861 757 σελήνην
893 687 1044 742 οὐδὲν
1083 691 1384 746 ἀπολείπειο
1429 696 1560 767 περὶ
1584 696 1640 750 δὲ
1671 698 1759 751 τὸν

203 772 424 842 οὐρανὸν
452 776 546 828 καὶ
574 777 700 842 τοὺς
740 779 990 851 ἀστέρας,
1014 781 1140 836 εἴτι
1167 787 1402 840 τοιοῦτον
1429 783 1568 842 εἷναί
1607 808 1759 862 φησι,

202 866 288 918 καὶ
307 865 364 917 τί
401 867 520 918 ποτ’
551 868 670 921 ἐστὶ
696 871 869 934 τοῦτο,
904 874 1120 943 εὔλογον
1148 879 1342 950 ἐφεξῆς
1375 880 1574 952 ζητεῖν.
1622 883 1760 937 Ἀλλ’

202 955 229 1023 ἡ
274 955 379 1024 μὲν
436 957 634 1024 ἀταξία
684 962 801 1013 κατ’
851 964 1045 1029 αὐτούς
1101 968 1214 1020 ἐστι
1256 970 1317 1022 τὸ
1370 970 1541 1026 κακὸν
1585 973 1676 1026 καὶ
1725 976 1758 1046 ἡ

199 1047 429 1120 ἄτακτος
469 1049 709 1121 κίνησις·
752 1054 924 1108 ταῦτα
963 1057 1019 1110 δὲ
1068 1058 1153 1112 ἀεὶ
1195 1062 1334 1116 κατά
1374 1064 1444 1118 τά
1486 1065 1623 1119 αὐτὰ
1669 1069 1761 1122 καὶ

198 1137 455 1202 ὡσαύτως
488 1141 632 1211 ἔχει’
673 1145 767 1198 καὶ
808 1146 929 1200 οὔτε
969 1151 1090 1204 τινά
1127 1169 1209 1216 τις
1243 1153 1350 1208 τῶν
1396 1155 1758 1229 πλανωμένων

197 1231 518 1297 αξτιάσεται,
542 1233 618 1297 ὡς
648 1236 792 1308 παρά
813 1239 902 1292 τὸν
918 1244 1244 1313 τεταγμένον
1267 1247 1455 1318 χρόνον
1483 1251 1758 1321 ἐπιμεῖναι

196 1338 318 1374 ποτε
371 1323 620 1398 ζωδιακῷ
659 1328 981 1396 ἀξιώσαντα,
1033 1333 1155 1388 οὔτε
1207 1337 1314 1392 τῶν
1359 1342 1630 1406 ἀπλανῶν,
1685 1345 1758 1407 ὡς

173 1414 373 1501 ,οὐκέτι
409 1417 509 1488 τῆς
556 1421 726 1490 αὐτῆς
774 1423 999 1492 μένοντα
1035 1425 1195 1494 ἕδρας
1238 1430 1332 1482 καὶ
1379 1430 1452 1502 μὴ
1494 1449 1758 1504 συμπερι-

193 1504 454 1560 πολοῦντα
484 1511 550 1579 τῇ
594 1510 686 1563 τοῦ
730 1514 927 1576 παντὸς
963 1519 1250 1588 περιφορᾷ,
1287 1520 1344 1572 ὲν
1385 1522 1576 1576 ἑκατὸν
1612 1524 1755 1578 ἔτεσι

193 1597 314 1666 μίαν
341 1604 539 1673 μοῖραν
572 1605 665 1657 ἐπὶ
690 1607 756 1660 τὰ
782 1607 1020 1678 ἑπόμενα
1045 1611 1359 1684 κινούμενα.
1399 1615 1485 1667 Ἑν
1507 1619 1578 1687 γῇ
1616 1616 1671 1670 δὲ
1708 1620 1756 1669 εί

189 1687 242 1739 τὸ
271 1689 551 1761 ἀνήμερον
586 1695 740 1772 ἐνίων
776 1698 991 1768 χωρίων
1023 1702 1282 1766 αἰτιᾶται,
1380 1705 1679 1776 μέμψονται
1706 1709 1755 1760 οἱ

189 1779 519 1852 κυϐερνῆται
570 1786 629 1838 ἐν
671 1791 735 1858 τῇ
784 1788 1026 1865 Θαλάσσῃ
1068 1795 1367 1865 χειμῶνας*
1398 1798 1612 1869 πρῶτον
1658 1800 1754 1870 μὲν

186 1870 294 1922 κατ’
322 1872 524 1938 αὐτοὺς
556 1875 655 1946 τῆς
684 1877 777 1929 τοῦ
815 1879 1018 1948 ἀγαθοῦ
1064 1883 1258 1955 μοίρας
1300 1883 1368 1938 τὰ
1397 1886 1640 1941 τοιαῦτα.
1689 1883 1753 1939 Εἰ

1864 697 2080 767 quidem
2105 714 2168 753 ac
2196 700 2374 755 lunam
2419 703 2562 771 quod
2596 706 2826 772 attinet,
2873 709 3024 766 deest
3053 714 3206 770 nihil.
3257 719 3409 786 Quod

1863 804 1990 844 vero
2019 791 2084 844 ad
2115 793 2309 846 caelum
2334 799 2388 848 et
2419 795 2624 860 stellas,
2663 798 2709 854 si
2738 800 2866 869 quid
2906 803 3013 858 tale
3045 815 3164 862 esse
3191 807 3408 879 dixerit,

1862 895 1927 936 ac
1947 883 2199 952 quidnam
2231 885 2444 942 tandem
2473 888 2599 943 illud
2625 890 2713 954 sit,
2740 907 2951 962 aequum
2980 904 3062 952 est
3093 907 3151 953 ut
3181 917 3411 972 sequen-

1859 972 2006 1028 tibus
2035 976 2403 1046 exquiramus.
2456 975 2780 1048 Enimvero,
2825 984 3187 1056 inordinatio,
3237 1003 3295 1046 ut
3333 994 3410 1048 illi

1860 1063 2192 1132 existimant,
2215 1068 2414 1122 malum
2448 1079 2550 1135 est,
2576 1081 2861 1145 motusque
2893 1078 3248 1138 inordinatus.
3283 1083 3408 1140 Ilaec

1860 1165 2039 1211 autem
2066 1161 2361 1215 secundum
2388 1163 2573 1219 eadem
2604 1174 2765 1236 atque
2785 1168 2971 1224 eodem
3003 1185 3214 1242 semper
3249 1176 3411 1231 modo

1858 1248 2095 1305 habent:
2129 1268 2229 1308 nec
2260 1255 2424 1308 ullam
2475 1256 2596 1326 quis
2639 1259 2993 1314 inerrantium
3023 1263 3299 1320 stellarum
3330 1269 3411 1324 vi-

1859 1339 2214 1410 tuperaverit,
2261 1357 2325 1400 eo
2366 1346 2604 1409 nomine,
2635 1349 2776 1417 quod
2807 1358 3002 1419 praeter
3051 1355 3404 1412 constitutum

1857 1439 2072 1504 tempus
2095 1435 2150 1489 in
2181 1437 2438 1506 signifero
2461 1440 2666 1494 circulo
2695 1443 3016 1514 quandoque
3063 1447 3266 1502 morari
3312 1465 3408 1503 v0-

1858 1514 2260 1598 luerit;.ueque
2293 1529 2540 1592 lixarum,
2564 1533 2719 1602 quasi
2758 1540 2866 1587 non
2896 1534 3080 1591 eadem
3115 1539 3242 1595 sede
3271 1542 3410 1597 situ-

1857 1631 1960 1685 que
1992 1619 2270 1684 manserit,
2295 1634 2392 1674 nec
2415 1622 2653 1676 universi
2677 1622 3083 1682 circumlatione
3127 1629 3180 1682 in
3220 1632 3406 1688 orbem

1856 1707 2057 1778 pariter
2086 1703 2313 1774 rotetur,
2346 1713 2452 1767 uno
2496 1714 2666 1783 gradu
2690 1721 2835 1770 retro
2869 1725 2990 1771 acto
3015 1718 3082 1772 ad
3129 1724 3407 1791 sequentia

1855 1808 2006 1855 motu
2035 1842 2052 1867 ,
2103 1810 2318 1856 centum
2349 1817 2612 1858 annorum
2650 1808 2844 1876 spatio.
2874 1807 2932 1863 In
2969 1817 3113 1866 terra
3141 1821 3318 1870 autem
3359 1817 3408 1872 si

1852 1893 2209 1961 quorumdam
2240 1893 2480 1949 locorum
2519 1912 2877 1969 agrorumque
2921 1901 3110 1958 duram
3156 1919 3219 1961 ac
3248 1907 3405 1962 indo-

186 1958 306 2026 γοῦν
355 1962 448 2014 ἐπὶ
503 1964 596 2034 (ἧς
654 1967 818 2038 μηδὲν
859 1968 1064 2037 φύοιτο,
1113 1972 1342 2042 τάχιστα
1383 1972 1448 2027 ἂν
1501 1974 1741 2029 ἀπόλοιτο

1851 1986 2033 2039 mitam
2066 1986 2299 2042 indolem
2327 1991 2691 2057 accusaverit;
2717 1988 2809 2044 aut
2832 1993 3218 2061 gubernatores
3238 2001 3406 2056 maris

185 2054 357 2107 πάντα
384 2056 452 2108 τά
489 2056 623 2121 ζῶα.
670 2060 839 2113 Τοῦτο
870 2062 927 2114 δὲ
961 2063 1096 2116 πολὺ
1138 2065 1236 2135 τῆς
1276 2066 1751 2138 ὲναπειλημμένης

183 2149 237 2216 τῇ
284 2146 392 2219 ὕλῃ
435 2148 718 2229 δυνάμεως
755 2153 890 2225 πρὸς
925 2154 1016 2207 τὸν
1045 2155 1174 2209 Θεὸν
1197 2158 1558 2229 παραπέμψαι
1589 2154 1746 2212 δύνα-

182 2253 277 2289 cur
297 2239 399 2293 καὶ
429 2228 630 2306 πολλὰς
662 2243 892 2316 σελήνας
910 2246 1090 2319 δεήσει
1115 2249 1390 2317 γενέσθαι,
1422 2228 1508 2305 ἵνα
1539 2241 1748 2323 ἀθρόως

183 2328 420 2398 χωρῆσαι
445 2329 713 2402 δυνηθῶσι
747 2333 1012 2400 τοσαύτας
1045 2337 1523 2409 προσπελαζούσας
1549 2341 1742 2412 ψυχάς.

182 2417 254 2471 Τὰ
284 2409 344 2473 δὲ
375 2422 517 2475 αὐτὰ
542 2423 639 2478 καὶ
682 2427 809 2496 περὶ
836 2428 944 2500 ,τὴν
993 2427 1275 2485 θάλατταν.
1327 2409 1589 2504 ’Ἑρμαιον
1626 2409 1743 2507 ’γὰρ

184 2509 531 2582 ἀπόλλυσθαι,
583 2518 670 2571 ἵνα
714 2519 943 2590 τάχιστα
991 2521 1091 2591 τῆς
1132 2523 1268 2594 πρὸς
1318 2512 1410 2578 τὸν
1456 2517 1586 2579 Θεὸν
1623 2526 1740 2580 ὁδοῦ

183 2601 400 2671 ἔχωνται
441 2593 807 2681 ἀπολλύμενα.
843 2614 904 2666 Οἱ
941 2599 995 2667 δε
1028 2593 1252 2686 πόλεμοι
1284 2617 1333 2668 οἱ
1365 2616 1457 2670 ἐπὶ
1493 2617 1617 2687 γῆς,
1649 2620 1742 2673 καὶ

183 2700 316 2768 λιμοὶ
340 2702 438 2753 καὶ
464 2705 574 2756 πᾶν
600 2707 628 2758 ὃ
654 2723 706 2758 τι
738 2706 1077 2779 φθοροποιὸν,
1121 2710 1179 2761 ὲν
1208 2709 1430 2781 πλείστῃ
1461 2697 1590 2782 τιμῇ
1621 2715 1737 2766 κατ’

182 2789 386 2855 αὐτούς.
420 2794 536 2848 Πᾶν
561 2795 670 2868 γὰρ
711 2797 772 2850 τὸ
809 2798 1026 2868 ἀγαθῶν
1058 2799 1228 2879 αἴτιον
1257 2802 1531 2874 τιμητέον.
1581 2805 1738 2873 Ἀγα-

182 2879 264 2933 θοῦ
287 2883 348 2935 δὲ
387 2887 538 2939 αῐτια
566 2888 736 2942 ταῦτα
769 2887 834 2944 ἐκ
861 2891 962 2961 τῆς
989 2891 1388 2964 συμϐαινούσης
1415 2892 1634 2966 φθορᾶς.
1674 2893 1740 2950 ἂν

181 2971 308 3042 πρὸς
349 2975 438 3028 τὸν
481 2976 614 3031 Θεὸν
655 2982 1014 3054 παραπέμπει
1045 2984 1146 3054 τὴν
1184 2978 1594 3058 διακρινομένην
1634 2987 1740 3040 ἀπὸ

179 3062 282 3117 τιῖιν
312 3066 692 3140 ἀπολλυμένων
715 3073 956 3146 δύναμιν.

1850 2079 2260 2147 tempestatibus
2292 2093 2355 2134 ac
2383 2082 2634 2150 procellis
2665 2082 2856 2138 oll‘ensi
2897 2085 3117 2140 fuerint.
3164 2087 3405 2147 Primum

1850 2167 2069 2235 quidem
2099 2176 2157 2222 ut
2183 2169 2258 2223 illi
2295 2165 2553 2234 sentiunt.
2582 2174 2728 2239 talia,
2762 2175 2887 2231 boni
2941 2179 3204 2248 portionis
3253 2190 3401 2238 sunt.

1849 2255 2060 2313 Etenim
2101 2261 2251 2317 nullo
2293 2269 2449 2318 terra:
2493 2264 2732 2334 genuine
2788 2268 3102 2336 exSistente,
3161 2271 3404 2331 futurum

1847 2350 1938 2415 sit,
1965 2359 2024 2405 ut
2057 2353 2309 2408 animalia
2333 2356 2521 2409 omnia
2549 2357 2828 2415 celerrime
2866 2360 3154 2419 intereant.
3187 2363 3245 2419 Id
3277 2381 3404 2423 vero

1846 2440 1974 2495 dum
2012 2437 2084 2495 ita
2113 2444 2422 2515 contigerit,
2447 2447 2567 2516 ejus
2608 2449 2825 2506 virtutis
2867 2467 2986 2522 qua:
3021 2459 3256 2512 materia:
3305 2458 3408 2514 im-

1849 2533 2006 2602 plexa
2037 2536 2139 2599 est,
2174 2546 2380 2607 partem
2407 2539 2692 2610 plurimam
2734 2543 2801 2598 ad
2838 2543 3006 2602 Deum
3043 2550 3406 2607 transmittere

1846 2627 2022 2696 possit
2056 2647 2068 2682 :
2106 2644 2170 2683 ac
2216 2645 2439 2688 necesse
2469 2633 2571 2687 erit
2613 2635 2794 2704 plures
2838 2638 2995 2695 lunas
3027 2643 3305 2710 exsistere,
3345 2653 3406 2700 ut

1845 2727 2052 2774 tantam
2084 2733 2305 2792 repente
2349 2724 2824 2796 propinquantium
2874 2731 3176 2788 animarum
3221 2736 3406 2791 multi-

1849 2807 2088 2864 tudinem
2116 2824 2308 2880 capere
2327 2813 2556 2882 possint.
2593 2817 2700 2870 Nec
2731 2818 2886 2874 aliter
2915 2817 2982 2876 de
3004 2823 3140 2877 mari
3183 2821 3404 2895 loquen-

1847 2899 1974 2953 dum
2003 2901 2093 2955 sit.
2131 2901 2365 2956 Lucrum
2403 2907 2545 2960 enim
2599 2908 2931 2979 insperatum
2977 2915 3183 2982 perire,
3239 2923 3298 2974 ut
3337 2929 3404 2972 ea

1846 2992 1965 3061 quae
1994 2991 2283 3059 intereunt,
2315 2994 2477 3065 quam
2504 2998 2766 3056 citissime
2791 3017 2908 3072 quae
2949 3005 3014 3057 ad
3040 3004 3205 3060 Deum
3231 3007 3398 3070 ducit,

1846 3081 1987 3135 viam
2010 3091 2244 3138 teneant.
2276 3083 2406 3151 Quae
2436 3094 2615 3159 autem
2665 3089 2719 3144 i’n
2753 3088 2894 3147 terra
2935 3103 3197 3165 geruntur
3223 3098 3361 3153 bella
3381 3138 3397 3161 ,

179 3153 475 3228 famesque,
507 3179 571 3217 ac
616 3165 662 3219 si
706 3168 832 3236 quid
871 3176 955 3223 est
1010 3170 1153 3239 quod
1193 3169 1409 3225 interitu
1466 3182 1690 3244 mergat,
1750 3173 1965 3228 illorum
2022 3175 2325 3242 sententia,
2366 3168 2603 3234 maximo
2655 3153 2965 3239 habendum
3024 3187 3227 3244 honore
3287 3196 3394 3265 est,

177 3247 447 3323 Quidquid
481 3259 624 3312 enim
663 3275 838 3342 causa.
875 3263 1137 3318 bonorum
1177 3274 1288 3332 est,
1338 3267 1482 3337 quod
1529 3267 1735 3323 honore
1800 3269 2063 3324 habeatur
2124 3270 2347 3341 dignum
2391 3282 2494 3328 est.
2547 3276 2684 3330 Sunt
2727 3293 2856 3332 vero
2889 3279 3003 3334 hinc
3036 3282 3161 3336 ι)οηί
3187 3247 3388 3351 causa:

177 3357 234 3398 ex
258 3347 487 3404 interitu
523 3354 617 3423 qui
657 3363 738 3409 est
789 3338 896 3412 illis
946 3373 1151 3426 comes,
1181 3361 1308 3415 dum
1342 3362 1632 3417 discretam
1668 3363 1737 3418 ab
1773 3363 1860 3420 bis
1884 3350 1976 3433 qui
2015 3366 2310 3431 intereunt,
2336 3368 2586 3424 virtutem
2620 3371 2685 3426 ad
2713 3371 2878 3428 Deum
2901 3376 3152 3433 traducit.

176 3477 291 3541 Car.
314 3485 462 3544 XIV.
487 3487 756 3562 ngyptiis
777 3496 919 3550 culta
942 3497 1203 3588 animalia
1237 3499 1414 3588 ηοίεξα.
1439 3498 1629 3588 Δῌογηο
1641 3500 1856 3588 .artibus
1891 3501 2181 3584 maleﬁcus.
2207 3502 2482 3588 Inibidinnes‘
2495 3516 2542 3588 et
2568 3506 2869 3588 injustitia’,
2897 3511 3094 3580 legibus
3125 3517 3395 3588 castigata:

907 3577 956 3620 et
985 3568 1285 3638 disciplina.
1319 3567 1688 3641 Contingentia
1720 3581 1768 3626 et
1801 3567 2116 3638 necessaria,
2147 3573 2332 3643 quibus
2353 3575 2482 3629 nilul
2507 3567 2660 3633 labis.

246 3702 627 3774 Ἥγνοήκαμέν
649 3722 729 3769 τε,
768 3705 843 3769 ὡς
867 3706 1061 3770 ἔοικεν,
1084 3709 1164 3761 ὅτι
1191 3709 1247 3760 ὲν
1273 3708 1395 3780 δίκῃ
1418 3709 1508 3762 τὸν
1537 3711 1733 3782 κροκό-

1902 3711 2098 3781 Atque,
2131 3720 2191 3766 ut
2233 3712 2467 3780 videtur,
2513 3713 2841 3771 nescivimus
2883 3715 3164 3788 IEgj'ptios
3203 3725 3396 3780 merito

173 3791 330 3847 δειλόν
355 3795 452 3848 καί
470 3794 562 3848 τὸν
572 3795 760 3850 λέοντα
784 3798 978 3852 καὶτὸν
997 3799 1156 3853 λύκον
1182 3800 1409 3871 τιμῶσιν
1429 3802 1731 3871 Αίγύπτιον

173 3886 350 3958 ἐπειδὴ
377 3887 555 3940 ταῦτα
583 3888 814 3957 μάλιστα
841 3891 988 3963 παρά
1011 3891 1081 3945 τὰ
1107 3893 1240 3947 ἄλλα
1264 3893 1378 3959 ζῶα
1400 3895 1737 3968 καρτερικώ-

170 3987 297 4033 τατα
316 3979 472 4041 ὅντα,
497 3981 880 4036 καταναλίσκει
905 3985 1048 4038 σιτού
1057 3986 1194 4057 μενά
1214 4003 1272 4040 τε
1284 3986 1422 4040 αύτά
1445 3988 1538 4040 καὶ
1559 3988 1736 4041 πάντα

170 4073 357 4143 τρόπον
381 4074 800 4145 διαφθείρονται.⁸
835 4077 925 4129 καὶ
966 4077 1056 4130 τὸν
1097 4078 1252 4132 ἀετὸν
1285 4080 1380 4132 καὶ
1414 4080 1505 4133 τὸν
1544 4079 1735 4153 ἱέρακα

169 4164 242 4218 ὅτι
265 4168 359 4219 καὶ
385 4162 565 4220 ταῦτα
599 4166 706 4220 τῶν
729 4169 785 4220 ἐν
814 4169 934 4241 ἀέρι
967 4171 1060 4223 καὶ
1094 4171 1184 4224 ἐπὶ
1209 4169 1310 4243 γῆς
1335 4171 1734 4244 ἀσθενεστέρων

172 4253 313 4319 ζώων
343 4259 688 4331 ἀναιρετικά.
729 4260 879 4330 Τάχα
908 4261 963 4314 δὲ
1001 4265 1120 4315 κατ’
1150 4264 1345 4326 αὐτοὺς
1385 4264 1413 4315 ό
1451 4263 1733 4335 ἄνθρωπος

167 4345 244 4400 διὰ
265 4348 424 4402 τοῦτο
453 4351 512 4401 ἐν
542 4349 767 4422 πλείστῃ
812 4354 964 4424 τιμῇ,
988 4353 1069 4405 ὅτι
1106 4353 1336 4424 μάλιστα
1377 4354 1592 4408 πάντων
1613 4356 1732 4417 ταῖς

169 4437 428 4504 ἐπινοίαις
463 4442 560 4495 καὶ
587 4445 707 4505 ταῖς
740 4443 956 4513 τέχναις
989 4445 1215 4499 πλεῖστα
1246 4446 1354 4498 τῶν
1380 4445 1531 4510 ζώων
1559 4445 1732 4517 δαμά-

166 4527 270 4592 ζειν
314 4533 543 4586 εἴωθεν⁸
583 4535 671 4587 ἵνα
701 4537 797 4588 καὶ
848 4535 1009 4600 αὐτὸς
1056 4537 1128 4608 μὴ
1171 4538 1370 4608 ἀμοιρῇ
1416 4537 1602 4591 τούτου
1635 4535 1728 4589 τοῦ

164 4623 388 4690 ἀγαθοῦ,
421 4626 558 4698 βορὰ
591 4625 791 4699 ἑτέρων
823 4629 1048 4698 γίνεται.
1078 4629 1246 4683 Πάλιν
1278 4627 1370 4683 οῦν
1408 4633 1462 4684 αἱ
1491 4631 1730 4698 γενέσεις

165 4713 375 4780 ἄτοποι,
425 4719 548 4770 κατ’
599 4716 812 4782 αὐτοὺς,
853 4722 917 4773 ὲκ
967 4720 1162 4792 μικροῦ
1215 4719 1433 4774 καὶτοῦ
1479 4722 1729 4792 τυχόντος

165 4805 474 4876 σπέρματος
509 4810 618 4860 πᾶν
648 4809 784 4878 μέγα
823 4828 874 4862 τι
901 4811 1284 4864 ἀποτελοῦσαν
1319 4813 1408 4864 καὶ
1433 4812 1566 4864 πολὺ
1603 4811 1730 4865 κάλ-

162 4894 265 4948 λιον
305 4899 429 4951 κατ’
479 4899 677 4964 αὐτοὺς
726 4903 1029 4975 ἀνῃρῆσθαι
1081 4904 1282 4965 ταύτας
1315 4903 1417 4956 ὑπὸ
1445 4903 1537 4955 τοῦ
1570 4903 1725 4968 Θεοῦ,

161 4987 243 5040 ἶνα.
270 4990 340 5042 ἂν
371 4993 634 5061 σύντομος
666 4994 878 5061 ἐγένετο
913 4996 1197 5069 ἀπαλλαγὴ
1230 4998 1329 5068 τῆς
1357 4996 1587 5050 ἐνταῦθα
1609 4997 1726 5050 δια-

159 5081 354 5150 τριϐῆς
377 5083 475 5154 τῆς
498 5084 778 5155 δυνάμεως
801 5088 909 5159 τῆς·
928 5089 1097 5154 θείας.

235 5175 402 5228 Ἀλλὰ
435 5177 487 5228 τί
516 5179 610 5230 καὶ
635 5179 770 5248 πρὸς
801 5181 1090 5246 ἀκολασίας
1116 5178 1207 5237 καὶ
1232 5184 1460 5248 ἀδικίας,
1488 5184 1583 5238 καὶ
1615 5186 1723 5239 πᾶν

157 5265 335 5318 ότιοῦν
375 5267 654 5331 τοιοῦτον,
693 5270 884 5340 φήσειέ
915 5283 999 5336 τις
1035 5273 1122 5337 ἂν,
1167 5277 1195 5327 ὁ
1240 5274 1537 5346 δίανιχαῖος
1571 5278 1719 5348 spei;

158 5355 366 5410 Οὐκοῦν
400 5358 539 5428 πρὸς
561 5359 730 5414 ταῦτα
757 5362 945 5433 βοηθὸς
972 5363 1173 5420 δέδοται
1203 5371 1236 5438 ἡ
1268 5368 1544 5432 παίδευσις
1574 5369 1667 5422 καὶ
1693 5371 1722 5422 ό

157 5446 347 5517 νόμος·
412 5453 446 5519 ή
507 5452 602 5520 μὲν
655 5453 930 5518 παίδευσις
976 5458 1395 5529 ἐκφροντίζουσα
1441 5459 1534 5512 τοῦ
1591 5460 1724 5532 μηδὲ

155 5541 397 5594 τοιοῦτόν
418 5559 471 5596 τι
501 5545 630 5614 περὶ
656 5545 780 5608 τοὺς
810 5547 1124 5618 ἀνθρώπους
1145 5550 1459 5620 συμϐαίνειν
1476 5570 1488 5581 ·
1514 5555 1542 5605 ὁ
1563 5553 1724 5623 νόμος

157 5629 208 5682 δὲ
239 5635 652 5705 τιμωρούμενος
674 5637 764 5692 τὸν
795 5639 986 5693 ἁλόντα
1019 5640 1075 5695 ἕν
1102 5658 1207 5695 τινι
1235 5642 1341 5696 τῶν
1373 5643 1722 5714 ἀδικημάτων

156 5721 306 5778 Gutta.

1838 3805 2167 3860 crocodilum
2203 3806 2381 3861 colere
2412 3814 2465 3861 et
2507 3806 2713 3863 leonem
2747 3814 2800 3862 et
2847 3809 3062 3880 lupum,
3112 3816 3252 3883 quod
3283 3817 3396 3872 hanc

1837 3896 2070 3952 maxime
2112 3897 2370 3953 animalia
2418 3913 2530 3968 pra'
2588 3899 2812 3969 reliquis
2846 3902 3173 3972 robustiora,
3221 3906 3396 3977 ipsam

1835 3988 2070 4056 praedam
2102 3999 2317 4052 vorant,
2347 3992 2602 4060 omnique
2626 3991 3395 4069 modointerimuntmquihm

1833 4095 2049 4150 quoque
2081 4090 2134 4136 et
2155 4081 2486 4152 accipitrem,
2516 4085 2658 4154 quod
2685 4092 2738 4138 et
2767 4083 2960 4138 horum
2985 4086 3193 4144 indoles
3219 4090 3311 4154 sit,
3335 4102 3396 4145 ut

1834 4174 2190 4230 imbecilliora
2219 4176 2471 4229 animalia
2518 4177 2571 4230 in
2605 4191 2728 4232 aere
2761 4188 2813 4233 et
2850 4193 3013 4248 super
3039 4187 3235 4234 terram
3261 4197 3392 4238 ene-

1833 4273 1977 4320 cent.
2029 4263 2190 4321 Forte
2234 4281 2362 4321 vero
2403 4267 2564 4322 etiam
2605 4267 2756 4337 juxta
2800 4268 2922 4325 illos
2970 4269 3129 4326 homo
3170 4287 3288 4327 eam
3321 4275 3392 4329 ob

1833 4371 1944 4411 rem
1977 4355 2213 4411 maximo
2233 4356 2440 4412 honore
2457 4359 2706 4423 habetur,
2724 4360 2866 4429 quod
2891 4362 3128 4416 omnium
3157 4363 3391 4416 maxime

1832 4447 2124 4504 subtilibus
2162 4449 2398 4505 inventis
2431 4457 2592 4520 atque
2637 4451 2863 4514 artibus,
2890 4453 3145 4521 pleraque
3181 4454 3387 4509 anima-

1832 4533 1961 4590 lium
2004 4536 2226 4592 domare
2275 4538 2433 4593 solet.
2472 4537 2551 4593 Ne
2591 4553 2718 4594 vero
2745 4549 2798 4595 et
2840 4541 2954 4610 ipse
2983 4541 3144 4611 hujus
3196 4559 3391 4615 expers

1831 4627 1959 4682 boni
1987 4630 2235 4693 exsistat,
2274 4630 2501 4683 aliorum
2538 4631 2652 4699 ipse
2687 4646 2812 4686 esca
2855 4633 3016 4687 cedit.
3050 4621 3260 4690 Rursus
3289 4635 3391 4705 igi-

1832 4727 1919 4773 tur
1947 4720 2193 4775 absurdaa
2231 4724 2638 4791 generationes,
2673 4723 2884 4777 illorum
2928 4725 3226 4791 sententia,
3270 4743 3390 4797 quze

1829 4827 1896 4866 ex
1925 4814 2120 4882 exiguo
2149 4813 2352 4883 vilique
2398 4822 2670 4884 spermate
2698 4815 2956 4885 quidquid
3006 4832 3259 4887 magnum
3305 4829 3391 4874 est

1830 4902 2101 4970 eﬂiciaut;
2134 4912 2482 4974 praestatque,
2516 4911 2576 4958 ut
2604 4904 2660 4959 hi
2690 4905 3001 4976 opinantur,
3032 4922 3062 4960 a
3108 4906 3215 4961 Deo
3251 4908 3390 4962 inte-

1834 4997 1979 5060 rimi,
2011 5012 2170 5066 quam
2198 4997 2380 5062 nasci,
2421 5005 2475 5052 ut
2514 4997 2696 5052 divina
2729 4999 2901 5053 virtus
2939 5000 3046 5054 cito
3074 4999 3332 5056 liberetur
3357 5015 3389 5054 a

1758 5078 1802 5133 Ῑ)
1830 5089 2016 5144 mundi
2052 5091 2214 5160 hujus
2256 5093 2521 5149 ineolatus
2550 5092 2832 5148 molestiis.

1898 5183 2036 5249 Quid
2071 5185 2347 5239 enimvero
2383 5187 2543 5241 etiam
2587 5186 2652 5240 ad
2694 5185 2945 5240 libidines
2994 5185 3389 5254 impudicitias-

1828 5290 1933 5344 que
1962 5290 2025 5329 ac
2060 5275 2376 5345 injustitias.
2407 5293 2468 5330 ac
2497 5277 2758 5346 quidquid
2792 5276 2912 5346 ejus
2935 5276 3150 5346 generis
3172 5289 3275 5336 est.
3305 5278 3390 5329 di-

1812 5374 1914 5421 cat
1941 5368 2168 5437 aliquis,
2211 5367 2454 5424 dicturus
2487 5368 2844 5423 Manielueus?
2873 5366 3037 5438 Igitur
3068 5368 3132 5422 ad
3165 5367 3274 5421 hanc
3300 5367 3388 5424 di-

1828 5458 2054 5527 sciplina
2107 5459 2300 5528 lexque
2347 5459 2622 5528 suppetias
2667 5458 2906 5512 veniunt.
2943 5455 3234 5526 Disciplina
3266 5457 3386 5524 qui-

1827 5549 1971 5611 dem,
1999 5550 2052 5603 in
2087 5551 2187 5603 hoc
2207 5549 2492 5620 diligenter
2516 5552 2855 5614 incumbens,
2878 5550 3091 5618 nequid
3117 5551 3387 5620 ejusmodi

1824 5641 1879 5694 in
1913 5642 2222 5696 hominibus
2261 5644 2578 5711 contingat:
2617 5644 2703 5698 lex
2731 5659 2860 5698 vero
2889 5643 3141 5712 puniens.
3175 5643 3220 5699 si
3259 5645 3385 5712 quis

1825 5735 2085 5794 iniustum
2121 5734 2320 5794 aliquid
2357 5735 2644 5791 admisisse
2675 5735 3045 5797 deprehensus
3075 5735 3255 5792 fuerit.
