3980 6318
246 362 345 416 53

1125 369 1539 430 TRACTATUS
1578 374 1665 430 DE
1702 376 2012 436 PLACITIS
2045 381 2594 441 MANICHADRUM.

3343 393 3445 455 ιει

244 479 441 550 ἀρετῆς
468 479 734 552 ἀνάληψιν
765 484 996 539 τοιοῦτον
1027 488 1185 541 αὐτὸν
1218 493 1625 563 ἐπειργάσαντο,
1663 496 1779 549 πάν-

1898 497 2281 571 diligentiaque
2306 517 2370 559 ac
2401 505 2662 562 sedulitas
2691 509 3029 579 percipienda
3060 514 3256 570 virtute
3284 516 3453 572 talem

240 588 331 634 τες
374 573 713 638 γινέσθωσαν
753 578 999 643 τοιοῦτοι,
1044 581 1137 634 καὶ
1170 582 1434 654 ἀνῄρηται
1471 581 1504 649 ἡ
1546 584 1797 656 θρυλλου-

238 661 376 734 μένη
408 662 504 717 ὑπ’
530 666 711 720 αὐτῶν
742 669 842 739 τῆς
875 670 1004 741 ὕλης
1032 672 1259 738 ἄτακτος
1282 676 1509 746 κίνησις.

305 843 452 897 Πολὺ
484 843 545 896 δέ
587 844 803 900 κάλλιον
840 844 907 920 ἦν
941 851 1038 921 τὴν
1076 853 1263 921 σοφίαν
1298 855 1459 909 ὅπλον
1494 859 1653 927 φάναι
1685 866 1796 925 τοῖς

234 935 547 1007 ἀνθρώποις
573 939 677 992 ὑπὸ
704 939 795 993 τοῦ
825 941 956 995 Θεοῦ
984 944 1245 1009 δεδόσθαι,
1282 948 1347 1001 ἵν’
1384 950 1412 1002 ὅ
1441 953 1586 1006 ἐστιν
1617 954 1796 1017 αὐτοῖς

231 1028 321 1081 διὰ
362 1030 425 1081 τὸ
466 1031 799 1103 αἱσθητικοῖς
838 1030 975 1088 εἶναι
1015 1036 1071 1102 ἐξ
1110 1038 1403 1109 ἐπιθυμίας
1449 1045 1541 1096 καὶ
1585 1046 1792 1115 ἡδονῆς,

234 1121 393 1173 τοῦτο
438 1122 582 1176 κατά
637 1125 828 1195 μικρὸν
867 1128 945 1190 εἰς
994 1127 1053 1180 τὸ
1093 1130 1290 1198 ἀγαθὸν
1336 1135 1686 1204 περιάγουσα.
1736 1139 1796 1191 τὸ

233 1213 503 1285 ἑπόμενον
531 1215 730 1269 ἄτοπον
761 1217 819 1284 ἐξ
850 1219 1025 1273 αὐτῶν
1072 1222 1234 1295 ἀνέλῃ
1255 1239 1267 1251 ·
1303 1224 1474 1288 οὕτως
1506 1226 1613 1299 γὰρ
1654 1224 1794 1282 οὗτοί

232 1321 311 1370 τε,
364 1306 569 1377 ἀρετὴν
612 1310 1061 1381 ἐπαγγελλόμενοι
1119 1315 1406 1381 διδάσκειν,
1455 1318 1681 1389 ζηλωτοὶ
1729 1322 1793 1375 ἂν

231 1390 375 1465 ἦσαν
402 1399 505 1467 τῆς
534 1400 842 1471 προθέσεως
882 1404 975 1457 καὶ
1010 1404 1104 1457 τοῦ
1138 1406 1253 1475 βίου
1274 1425 1285 1437 ·
1322 1408 1486 1483 πολλή
1526 1428 1584 1465 τε
1632 1411 1698 1466 ἂν
1726 1409 1793 1483 ἦν

232 1486 387 1550 ἐλπὶς
417 1488 535 1552 τοῦ,
580 1491 661 1549 ὅτι
694 1492 823 1545 ποτέ
856 1494 1117 1549 παύσεται
1148 1497 1216 1551 τὰ
1251 1500 1414 1565 κακὰ,
1452 1502 1665 1558 πάντων
1703 1522 1793 1572 γε-

231 1580 470 1650 νομένων
518 1582 715 1651 σοφῶν.
759 1587 820 1637 Ὀ
854 1586 1000 1639 δοκεῖ
1030 1606 1117 1658 μοι
1149 1595 1597 1662 κατανενοηκέναι
1624 1599 1652 1649 ὁ
1690 1598 1790 1668 Ίη-

234 1670 395 1734 ωοῦςυ
437 1674 533 1725 καὶ
582 1675 669 1728 ἴνα
719 1676 792 1747 μὴ
833 1680 1229 1751 ἀπεληλαμένοι
1278 1678 1376 1737 ὦσι
1444 1687 1533 1741 τοῦ
1585 1690 1788 1758 ἀγαθοῦ

232 1764 463 1832 γεωργοί
507 1781 562 1817 τε
596 1765 690 1818 καὶ
721 1768 965 1832 τέκτονες
998 1772 1089 1824 καὶ
1131 1774 1397 1844 οἰκοδόμοι
1436 1779 1527 1831 καὶ
1564 1780 1613 1831 οἱ
1643 1779 1789 1833 ἄλλοι

1901 606 2022 644 eum
2056 592 2335 649 reddidere
2356 634 2371 659 ,
2412 612 2600 652 omnes
2633 600 2766 654 tales
2796 600 2923 655 fiant
2945 644 2958 663 ,
2990 603 3342 675 subiatusque
3364 616 3449 663 est

1902 681 1969 735 ab
2024 683 2105 736 eis
2142 685 2443 741 celebratus
2488 688 3062 764 dccantatissimusque
3109 696 3453 758 inordinatus

1901 774 2135 827 materiae
2161 782 2357 830 motus.

1969 864 2151 935 Longe
2191 884 2318 923 vero
2357 878 2655 939 praestaret,
2690 880 2749 926 ut
2795 873 3076 942 dicerent,
3126 879 3443 950 sapientiam

1901 972 2159 1027 organum
2190 976 2218 1013 a
2249 959 2355 1015 Deo
2381 962 2689 1019 hominibus
2710 981 3042 1030 concessam,
3077 979 3136 1024 ut
3173 972 3314 1040 quod
3338 974 3446 1028 illis

1900 1064 1966 1103 ex
1995 1050 2285 1119 cupiditate
2316 1061 2368 1108 et
2399 1056 2670 1123 voluptate
2694 1071 2789 1112 seu
2826 1060 3043 1115 libidine
3072 1062 3314 1117 molitum
3336 1072 3441 1129 est,

1899 1153 1962 1192 ea
1993 1139 2202 1195 ratione
2229 1157 2334 1211 qua
2364 1155 2489 1199 sunt
2511 1161 2673 1201 sensu
2706 1149 2933 1216 praediti,
2971 1150 3071 1204 hoc
3101 1154 3354 1220 paulatim
3389 1156 3443 1211 in

1901 1231 2100 1288 bonum
2130 1233 2418 1291 traducens
2440 1279 2453 1303 ,
2486 1241 2627 1307 quod
2673 1242 2915 1310 sequitur
2942 1245 3233 1300 absurdum
3268 1249 3334 1303 ab
3364 1250 3443 1303 cis

1898 1320 2153 1377 auferret.
2188 1322 2275 1379 Sic
2303 1329 2443 1382 enim
2470 1331 2590 1399 ipsi,
2608 1332 2698 1401 qui
2725 1348 2785 1388 sc
2805 1334 3019 1390 virtutis
3050 1336 3297 1393 doctores
3325 1356 3444 1409 pro-

1899 1410 2170 1475 fiteantur,
2221 1431 2285 1470 ex
2330 1421 2607 1487 proposito
2639 1424 2853 1491 vitaque
2897 1426 3180 1480 aemulandi
3230 1439 3438 1492 essent;

1896 1521 2195 1581 magnaque
2221 1524 2345 1578 spes
2374 1511 2649 1582 aﬂ'ulgeret
2670 1557 2683 1578 ,
2722 1515 2834 1571 fore
2864 1527 2922 1569 ut
2954 1518 3276 1591 quandoque
3304 1522 3441 1575 mala

1895 1608 2189 1662 cessarent,
2215 1614 2337 1655 cum
2389 1619 2576 1657 omnes
2629 1606 2896 1674 sapientes
2923 1608 3242 1665 evasissent.
3279 1612 3443 1681 idque

1895 1689 2249 1757 adeoJesus
2314 1692 2447 1767 mihi
2505 1696 2879 1754 considerasse
2937 1700 3184 1767 videtur;
3241 1718 3304 1758 ac
3370 1721 3439 1759 ne

1892 1782 2043 1853 plebs
2084 1785 2381 1851 rusticana,
2412 1789 2690 1858 agricola,
2737 1790 2896 1856 fabri,
2924 1796 3271 1859 czementarii,
3306 1799 3434 1852 reli-

234 1854 339 1905 ἀπὸ
382 1855 490 1907 τῶν
542 1858 761 1927 τεχνῶν,
804 1861 977 1915 κοινὸν
1015 1864 1283 1936 συνέδριον
1316 1867 1531 1922 καθίσαι
1573 1871 1779 1926 πάντων

1888 1876 2087 1946 quique
2109 1877 2344 1934 artifices
2360 1890 2411 1936 et
2428 1882 2720 1937 mechanici
2744 1899 2773 1937 a
2798 1884 2939 1939 bono
2963 1895 3215 1944 extorres
3237 1902 3435 1959 essent,
3455 1865 3473 1881 ι’

230 1947 396 2015 ὁμοῦ·
449 1951 542 2003 καὶ
583 1951 671 2004 διά
712 1953 898 2006 ἁπλῶν
947 1957 1037 2009 καὶ
1084 1959 1319 2014 εὐκόλων
1356 1962 1657 2029 διαλέξεων,
1694 1967 1786 2020 καὶ

234 2038 309 2098 εἰς
347 2038 479 2091 Θεοῦ
524 2038 729 2095 ἔννοιαν
770 2045 964 2107 αὐτοὺς
994 2048 1401 2120 ἀπενηνοχέναι,
1446 2055 1539 2107 καὶ
1567 2056 1658 2108 τοῦ
1688 2075 1783 2110 κα-

235 2128 321 2181 λοῦ
346 2131 425 2193 si;
459 2132 752 2203 ἐπιθυμίαν
783 2135 955 2190 ἐλθεῖν
988 2140 1226 2195 ποιῆσαι.

1890 1985 2176 2026 commune
2206 1974 2446 2027 omnium
2498 1975 2660 2030 simul
2701 1976 2963 2033 conﬂasse
2993 1981 3312 2047 concilium;
3375 1998 3437 2038 ac

1889 2063 2149 2135 simplicis
2207 2065 2486 2138 facilisque
2526 2069 2743 2139 alloquii
2790 2071 3288 2138 dissertationibus,
3321 2083 3433 2130 tum

1888 2153 1943 2207 in
1965 2153 2056 2209 Dei
2083 2170 2177 2211 eos
2204 2172 2421 2213 sensum
2443 2162 2721 2225 extulisse,
2750 2171 2860 2218 tum
2886 2165 2938 2219 in
2963 2166 3089 2220 boni
3116 2166 3435 2237 honestique

1884 2244 2207 2302 desiderium
2233 2249 2539 2306 adduxisse.

234 2335 355 2388 (2η,
389 2334 550 2391 XVII.
587 2337 873 2411 Exagitata
896 2340 1230 2401 Manichaica
1266 2349 1427 2404 virtus
1452 2351 1505 2404 in
1537 2350 1780 2437 Materia:
1802 2355 1862 2411 Si
1889 2375 1993 2482 21;"!
2013 2361 2177 2417 virtus
2198 2373 2373 2417 creata
2402 2366 2511 2418 sine
2543 2364 2791 2434 Materia,
2819 2380 2868 2423 et
2897 2372 3127 2442 reliqum.
3170 2373 3348 2431 Virtus
3380 2377 3432 2430 in

1583 2434 1801 2479 materta
1823 2444 1919 2482 exn
1944 2448 2058 2482 osa.

1583 2434 1801 2479 materia
1823 2434 2058 2499 explosa.

310 2523 461 2577 Ἀλλά
487 2524 596 2595 γὰρ
622 2524 840 2578 πώποτε
873 2527 1085 2595 λέγεται
1105 2530 1164 2583 τὸ
1190 2532 1541 2603 καταπέμψαι
1570 2535 1667 2606 τὴν
1694 2536 1784 2590 δύ-

232 2631 382 2684 ναμιν
418 2615 521 2686 τὴν
557 2616 708 2669 θείαν
739 2619 767 2671 ὁ
817 2618 947 2683 Θεὸς
989 2621 1077 2673 ἐπὶ
1104 2622 1198 2692 τὴν
1243 2623 1405 2693 ὖληνς
1448 2626 1509 2678 Εἰ
1546 2628 1641 2696 μὲν
1674 2628 1781 2700 γὰρ

228 2701 289 2774 ἦν
318 2706 425 2770 ἀεὶ,
471 2706 567 2759 καλ⁹
605 2706 726 2761 οὔτε
757 2710 785 2761 ὁ
812 2709 941 2774 Θεὸς
981 2712 1242 2785 πρότερος
1274 2716 1439 2786 αὐτῆς
1470 2719 1780 2786 ἐπινοεῖται,

226 2797 339 2852 οὔτε
364 2800 397 2870 ἡ
440 2800 566 2870 ὕλη,
604 2804 751 2871 τρεῖς
791 2803 949 2858 πάλιν
977 2805 1145 2869 οὕτως
1168 2808 1303 2861 εἰσὶν
1336 2810 1500 2880 ἀρχαὶ
1528 2812 1665 2864 κατὰ
1690 2813 1779 2866 τὸν

225 2892 536 2962 Μανιχαων·
563 2895 703 2963 τάχα
734 2894 789 2947 δὲ
818 2897 909 2948 καὶ
934 2898 1238 2968 πάμπολλαι
1269 2902 1591 2971 φανήσονται
1615 2904 1780 2971 ὀλίγω

224 2982 463 3055 ὕστερον.
499 2986 555 3038 EE
579 2985 623 3037 δ’
643 2988 933 3060 ἐπιγενητή
969 3007 1083 3053 πως
1108 2992 1241 3055 ἐστὶ,
1266 2992 1381 3057 πῶς
1404 2992 1533 3065 ὕλης
1554 2996 1777 3069 ἄμοιρος

222 3075 389 3146 αὐτῆς
414 3077 476 3129 Et
519 3076 575 3131 δέ
610 3078 773 3148 μέρος
808 3082 923 3133 ἐστὶ
957 3081 1048 3134 τοῦ
1080 3081 1232 3149 Θεοῦ,
1266 3085 1478 3156 πρῶτον
1513 3087 1611 3157 μὲν
1653 3087 1780 3142 σύν⁹

221 3167 371 3220 θετον
402 3170 497 3221 καὶ
530 3172 837 3241 σωματικὸν
874 3175 1258 3244 ἀποφαίνουσιν
1286 3178 1459 3243 οὕτως
1486 3180 1575 3233 τὸν
1606 3181 1735 3233 Θεόν
1760 3198 1774 3210 ·

218 3259 368 3312 τοῦτο
397 3260 456 3314 δὲ
490 3261 691 3317 ἄτοπον
714 3265 808 3318 καὶ
828 3266 1103 3323 ἀδύνατον.
1135 3270 1197 3322 Et
1220 3270 1277 3323 δέ
1306 3272 1555 3343 ἐποίησεν
1584 3272 1773 3344 αὐτὴν,

217 3355 307 3405 καὶ
343 3352 481 3425 ὕλης
519 3354 745 3427 ἄμοιρός
775 3358 909 3423 ἐστι,
937 3358 1199 3431 θαυμάζω
1268 3363 1378 3426 πῶς
1408 3365 1506 3417 οὐκ
1542 3365 1777 3436 ἐσκόπη-

217 3458 332 3509 σαν,
363 3445 493 3499 οὔτε
522 3439 699 3515 οὗτος,
724 3448 846 3502 οὔτε
878 3452 925 3504 οἱ
950 3452 1044 3505 ἀπ’
1069 3453 1295 3518 ἐκείνου,
1324 3456 1427 3518 ὅτι,
1451 3458 1499 3509 εἰ
1530 3458 1548 3527 (
1566 3458 1594 3510 ὃ
1625 3457 1791 3527 λέγε-ν

215 3557 298 3593 ται
327 3542 473 3595 κατὰ
516 3541 617 3612 τὴν
657 3543 827 3615 ἀληθῆ
859 3545 1032 3612 δόξαν,
1060 3548 1139 3601 ὅτι
1172 3548 1240 3602 τά
1270 3548 1483 3620 ἐφεξῆς,
1521 3551 1772 3620 μένοντος

217 3631 305 3683 τοῦ
348 3631 511 3697 Θεοῦ,
564 3634 913 3697 ὑποστάσεως
952 3638 1113 3708 εὶσὶ,)
1165 3640 1263 3710 τὴν
1303 3641 1526 3712 δυνάμιν
1572 3644 1772 3713 ταύτην

218 3723 431 3795 ἐποίησε
470 3724 798 3797 βουληθεὶςό
833 3727 983 3793 Θεὸς,
1018 3728 1134 3793 πῶς
1172 3732 1291 3802 οὐχὶ
1330 3735 1423 3785 καὶ
1461 3733 1566 3787 τῶν
1595 3733 1767 3787 ἄλλων

220 3814 465 3869 ἁπάντων
492 3816 603 3868 τῶν
644 3818 942 3888 γενομένων
986 3819 1154 3884 αἴτιος
1190 3824 1423 3891 ἐγένετο,
1453 3825 1603 3879 οὐδὲν
1643 3825 1775 3896 ὕλης

219 3907 674 3979 προῦπαρχούσης
715 3910 1095 3981 προσδεηθείς;
1136 3914 1216 3967 Τά
1256 3917 1353 3986 μὲν
1385 3917 1446 3988 δὴ
1477 3920 1772 3989 φαινόμενα

216 3998 384 4053 ἄτοπα
412 4004 480 4054 ὲκ
505 4001 699 4055 τούτου
725 4004 968 4068 τοιαῦτα,
1000 4006 1237 4077 ἑπόμενα
1268 4009 1325 4061 δὲ
1354 4010 1420 4063 τὰ
1453 4011 1594 4082 ἑξῆς.

1953 2544 2256 2613 Enimvero,
2277 2550 2616 2619 quandonam
2668 2553 2819 2608 aiunt
2851 2553 3016 2610 Deum
3057 2556 3292 2612 divinam
3317 2559 3431 2613 vir-

1883 2643 2049 2693 tutem
2083 2641 2295 2696 misisse
2326 2642 2380 2697 in
2409 2645 2877 2700 materiam?Nam
2905 2647 2949 2701 si
2972 2663 3183 2719 semper
3213 2658 3347 2713 erat,
3367 2667 3431 2705 ac

1880 2745 2053 2801 neque
2082 2731 2224 2788 Deus
2253 2736 2400 2804 prior
2431 2736 2521 2790 illa
2565 2736 2880 2808 intelligitur
2901 2781 2915 2804 ,
2950 2756 3126 2812 neque
3164 2743 3426 2810 materia;

1881 2823 1959 2877 sic
1989 2840 2179 2880 rursus
2217 2842 2283 2882 ex
2311 2826 2587 2884 Manicbzei
2621 2829 2865 2885 doctrina
2909 2834 3009 2887 tria
3039 2843 3199 2888 erunt
3229 2836 3432 2906 princi-

1882 2914 1991 2983 pia.
2030 2913 2191 2972 Forte
2216 2932 2342 2973 vero
2362 2920 2522 2975 etiam
2553 2922 2709 2990 longe
2756 2922 2984 2991 plurima
3011 2926 3171 2994 paulo
3198 2933 3319 2994 post
3348 2926 3428 2979 vi-

1881 3005 2170 3061 debuntur.
2216 3008 2308 3063 Sin
2339 3020 2516 3065 autem
2564 3014 2853 3068 adventitia
2891 3024 2973 3071 est
3004 3023 3057 3069 et
3098 3031 3216 3085 quae
3244 3026 3428 3085 postea

1878 3100 2162 3165 exstiterit,
2190 3118 2422 3170 quonam
2456 3105 2614 3159 modo
2655 3108 2890 3162 materia:
2945 3122 3136 3178 expers
3180 3109 3429 3164 exsistit?

1882 3189 2036 3257 Quod
2072 3192 2119 3247 si
2178 3191 2270 3247 Dei
2328 3205 2533 3263 partem
2590 3204 2870 3263 statuunt,
2924 3199 3156 3266 primum
3209 3199 3426 3269 quidem

1881 3284 1961 3338 sic
1989 3285 2268 3339 sentiendo
2300 3283 2468 3340 Deum
2493 3290 2848 3357 compositum
2870 3305 3293 3360 corporeamque
3313 3299 3425 3344 tra-

1880 3374 2033 3429 dunt.
2062 3375 2224 3445 Atqui
2275 3375 2377 3430 hoc
2420 3377 2711 3433 absurdum
2764 3388 2847 3434 est
2892 3396 2991 3435 nec
3025 3396 3250 3452 usquam
3305 3398 3425 3438 esse

1880 3466 2071 3536 possit.
2104 3465 2201 3521 Sin
2252 3476 2428 3523 autem
2466 3485 2585 3525 eam
2619 3471 2893 3536 condidit,
2945 3488 3011 3528 ac
3064 3475 3299 3530 materia:
3331 3491 3427 3529 ex-

1878 3575 2003 3628 pers
2036 3560 2267 3625 exsistit,
2297 3561 2465 3616 miror
2496 3564 2766 3632 quomodo
2808 3580 2915 3619 non
2945 3567 3290 3629 attenderint,
3323 3584 3423 3623 nec

1876 3651 1994 3720 ipse
2016 3666 2117 3705 nec
2155 3652 2276 3722 ejus
2301 3652 2575 3723 discipuli,
2605 3655 2748 3725 quod
2779 3658 2823 3711 si
2860 3655 2940 3727 (ut
2970 3658 3025 3712 in
3055 3673 3179 3713 vera
3207 3667 3424 3715 senten—

1877 3742 1949 3795 tia
1978 3740 2197 3804 dicitur,
2230 3757 2349 3811 quae
2380 3742 2631 3813 deinceps
2660 3753 3072 3808 sunt,mauente
3090 3745 3223 3814 Deo,
3256 3748 3423 3818 hypo-

1876 3839 2048 3888 stases
2073 3833 2220 3904 sunt)
2250 3834 2388 3889 hanc
2416 3834 2559 3890 Deus
2583 3837 2830 3891 virtutem
2862 3838 3135 3893 voluntate
3161 3841 3429 3903 condidit,

1876 3923 2147 3993 quomodo
2170 3939 2278 3978 non
2303 3926 2465 3980 etiam
2500 3926 2826 3997 reliquorum
2860 3929 3100 3983 omnium
3127 3946 3246 4001 quae
3280 3930 3424 3985 facta

1877 4021 2023 4078 sunt,
2047 4022 2237 4069 auctor
2265 4015 2383 4081 fuit,
2411 4018 2559 4071 nulla
2588 4018 2636 4073 ei
2659 4019 2964 4073 necessaria
3004 4023 3227 4076 materia
3252 4062 3266 4085 ,
3303 4038 3422 4091 ηοω

214 4099 335 4183 ante
361 4094 669 4149 exstiterit?
704 4093 827 4151 Haec
858 4098 1134 4155 enimvero
1174 4117 1293 4170 quae
1324 4119 1389 4157 ex
1438 4119 1499 4157 ea
1539 4104 1808 4173 Opinione,
1860 4114 2118 4176 apparent
2153 4108 2424 4176 absurda;
2474 4126 2593 4182 qua:
2620 4126 2746 4167 vero
2778 4122 3095 4183 sequuntur,
3125 4114 3214 4169 hic
3269 4114 3421 4169 dein-

213 4167 338 4257 εειῖε
363 4188 562 4258 posita.

274 4275 425 4352 Ἀρά
446 4301 511 4351 γε
547 4283 657 4356 γὰρ
701 4286 859 4355 φύσιν
901 4284 1043 4358 εἶχεν
1080 4290 1111 4360 ή
1143 4290 1368 4362 δύναμις
1408 4297 1518 4365 ῥεῖν
1549 4296 1640 4348 ἐπὶ
1672 4297 1769 4367 τὴν

212 4370 374 4444 ﬁbra;
394 4376 456 4427 Εἰ
486 4377 638 4446 παρά
660 4378 816 4445 φύσιν
840 4375 905 4449 ἦν
930 4383 1061 4451 αὐτῇ
1084 4382 1262 4448 τοῦτο,
1284 4386 1399 4448 πῶς
1420 4381 1511 4439 οὖν
1535 4386 1730 4459 ἐμίχθη
1752 4405 1765 4452 ;

208 4465 271 4516 Et
317 4464 376 4517 δέ
408 4469 549 4521 κατὰ
588 4469 747 4538 φύσιν
781 4467 848 4541 ἦν
886 4474 1017 4545 αὐτῇ
1059 4474 1233 4535 τοῦτο,
1278 4478 1490 4541 πάντως
1538 4497 1636 4531 που
1678 4481 1768 4535 καὶ

1944 4296 2084 4367 Ergo
2116 4298 2227 4352 haec
2252 4297 2464 4355 virtutis
2485 4307 2677 4353 natura
2706 4300 2803 4354 fuit
2823 4308 2983 4370 atque
3004 4301 3210 4358 indoles
3239 4308 3298 4356 ut
3317 4302 3421 4355 dif-

1874 4387 2063 4444 ﬂueret
2092 4390 2146 4442 in
2175 4390 2495 4444 materiam?
2528 4389 2583 4443 Si
2615 4399 2808 4459 prazter
2848 4399 3094 4445 naturam
3124 4398 3258 4455 erat,
3281 4406 3419 4460 quo-

1802 4460 1843 4513 Ῑ)
1871 4495 1995 4531 nam
2030 4479 2193 4548 igitur
2220 4480 2378 4533 modo
2400 4480 2478 4533 illi
2507 4482 2790 4533 commista
2838 4482 2964 4534 est?
2997 4480 3093 4534 Sin
3140 4488 3320 4533 autem
3351 4495 3419 4537 ex

203 4557 292 4608 ἀεὶ
323 4558 420 4610 σὺν
446 4562 510 4629 τῇ
541 4559 641 4633 ὕλῃ
671 4557 755 4632 ἦν.
792 4563 854 4615 Et
884 4564 937 4617 δὲ
965 4565 1140 4631 τοῦτο,
1172 4567 1288 4630 πῶς
1316 4572 1479 4621 κακον
1515 4571 1612 4641 τὴν
1638 4571 1766 4641 ὓλην

1882 4578 2080 4632 latura,
2112 4571 2331 4623 omnino
2358 4571 2515 4640 plane
2540 4578 2593 4625 et
2622 4586 2835 4641 semper
2873 4587 2959 4625 res
2991 4571 3067 4624 illi
3101 4585 3221 4624 cum
3249 4577 3420 4624 mate-

206 4652 727 4721 προσαγορεύουσιν,
774 4655 950 4724 μίγμα
996 4652 1158 4710 οὖσαν
1194 4656 1253 4722 ἐξ
1288 4659 1458 4730 ἀρχῆς
1493 4661 1627 4730 πρὸς
1670 4661 1765 4733 τὴν

1882 4662 1947 4714 -ia
1979 4670 2113 4724 erat,
2141 4675 2204 4715 ac
2249 4661 2351 4730 ipsi
2388 4676 2568 4717 comes
2599 4669 2735 4717 erat.
2784 4661 2839 4715 ld
2888 4670 3065 4715 autem
3104 4661 3151 4715 si
3186 4660 3259 4714 ita
3293 4668 3415 4722 est,

202 4738 359 4791 θείαν
380 4740 605 4813 δύναμιν
625 4760 639 4806 ;
660 4743 782 4809 Πῶς
802 4746 1154 4818 φθαρήσεται,
1182 4749 1465 4821 μιχθείσης
1486 4752 1585 4819 τῆς
1620 4752 1769 4816 θείας

1882 4751 1995 4821 {uid
2034 4767 2211 4805 causa:
2232 4758 2313 4805 est
2341 4766 2442 4805 cur
2476 4752 2753 4805 materiam
2780 4751 2979 4806 malum
3011 4750 3265 4831 vocitent,
3294 4765 3417 4821 quae

198 4831 508 4900 δυνάμεως,
542 4836 679 4904 πρὸς
717 4838 886 4909 αὐτὴν
930 4840 1360 4913 ἁποχωρησάσης
1396 4844 1554 4909 ποτέ;
1594 4847 1766 4899 Ἔσω-

1882 4859 1897 4896 ι
1933 4842 2194 4913 principio
2212 4858 2336 4897 cum
2362 4842 2540 4897 divina
2566 4843 2763 4897 virtute
2782 4842 3087 4905 commista,
3110 4842 3237 4910 ejus.
3258 4848 3415 4894 nacta

195 4922 259 4986 ζε
291 4923 364 4994 δὴ
402 4926 509 4998 γὰρ
551 4928 620 4981 τὰ
660 4928 818 4989 καλὰ.
849 4931 944 4986 καὶ
973 4931 1160 5001 ἐτέρου
1193 4934 1335 4997 τινὸς
1378 4936 1581 5004 ἀγαθοῦ
1616 4938 1762 4990 αἰτία

1882 4936 2242 4989 :ommercium
2293 4937 2419 4991 est?
2469 4936 2712 5001 Quonam
2758 4951 2887 4990 vero
2917 4934 3075 4990 modo
3103 4935 3263 4993 etiam
3292 4948 3416 4987 cor--

193 5014 485 5085 γίγνεσθαι
514 5012 593 5081 07.;
626 5017 691 5072 ἂν
716 5024 883 5091 παρῇ,
913 5021 1150 5090 εὔλογον,
1187 5023 1218 5093 ἣ
1260 5024 1605 5097 διαφθοράνῆ
1640 5027 1765 5081 ἄλλο

1882 5033 2163 5094 ηιηιρθιιιτ,
2190 5026 2371 5079 divina
2402 5028 2617 5091 virtute,
2650 5041 2769 5095 qua:
2798 5026 3026 5081 admista
3056 5033 3173 5080 erat
3195 5063 3210 5087 ,
3256 5023 3322 5077 ad
3355 5038 3416 5078 se

190 5125 241 5160 τι
276 5108 451 5162 κακὸν
480 5110 662 5183 ἕτερον
694 5114 916 5185 ἐπάγειν
941 5115 1139 5177 αὐτοῖς.

1884 5132 2035 5189 psam
2057 5184 2062 5189 ι
2088 5118 2409 5188 quandoque
2459 5118 2775 5174 secedente?
2821 5117 2949 5184 ρυω
2985 5118 3127 5172 enim
3159 5116 3299 5171 bona
3328 5131 3417 5171 es-

192 5214 326 5263 sent
375 5187 663 5263 incolumia
712 5209 983 5272 servabat,
1035 5213 1362 5272 conveniens
1396 5220 1453 5267 ut
1485 5220 1539 5269 et
1593 5214 1815 5270 alterius
1865 5216 2144 5283 cujusdam
2201 5216 2368 5281 boni,
2421 5215 2617 5285 quibus
2669 5214 2857 5278 adest,
2921 5222 3110 5272 auctor
3158 5214 3409 5279 exsistat,

187 5317 366 5371 quam
404 5313 463 5359 ιιι
491 5304 891 5372 corruptionem
928 5306 1008 5359 vel
1050 5306 1191 5359 aliud
1224 5310 1507 5378 quodpiam
1559 5312 1756 5365 malum
1797 5314 1903 5365 illis
1926 5312 2163 5365 inducat.

344 5415 472 5471 CAP.
501 5414 687 5470 XVIII.
724 5415 1137 5475 Manio/imorum
1164 5422 1356 5477 solutio
1388 5433 1437 5477 et
1468 5425 1743 5481 instantia.
1772 5424 1912 5480 Scite
1950 5423 2017 5476 ad
2044 5424 2299 5476 hominem
2336 5423 2398 5476 de
2431 5423 2660 5489 Manete,
2687 5426 2776 5493 qui
2806 5425 2915 5493 ipse
2940 5426 2993 5478 in
3029 5430 3267 5481 materia.

256 5534 345 5586 Τδ
386 5534 486 5602 μὲν
528 5535 635 5605 γὰρ
667 5534 730 5606 δὴ
786 5536 945 5605 σοφὸν
991 5536 1053 5589 τὸ
1101 5537 1387 5609 λεγόμενον
1438 5541 1527 5593 ὑπ’
1578 5542 1755 5595 αὐτῶν

1932 5538 2130 5593 Eorum
2163 5539 2252 5594 hic
2294 5547 2542 5609 argutum
2576 5555 2895 5610 responsum
2925 5554 2988 5593 ac
3017 5540 3230 5605 evasio;
3265 5554 3421 5595 neme

185 5624 372 5677 ὲκεῖνό
419 5624 582 5676 ἐστιν·
632 5625 775 5687 "Uti,
813 5626 999 5697 ὥσπερ
1043 5627 1275 5699 δρῶμεν,
1319 5630 1413 5699 τῆς
1451 5630 1628 5700 ψυχῆς
1663 5632 1755 5685 τοῦ

186 5715 452 5784 σώματος
480 5714 920 5789 ἀποζευχθείσης,
948 5719 1007 5771 τὸ
1038 5720 1192 5790 σῶμα
1214 5720 1340 5774 αὐτὸ
1372 5721 1755 5792 ἀπολλύμενον,

190 5808 343 5860 οὕτω
384 5806 478 5859 καὶ
520 5808 618 5876 τῆς
663 5807 936 5880 δυνάμεως
970 5812 1194 5883 ἀφείσης
1242 5816 1337 5883 τὴν
1372 5813 1520 5883 ὓλην,
1563 5814 1618 5866 τὸ
1651 5815 1757 5866 λεε-

1863 5648 1947 5702 pe,
1973 5631 2112 5685 sicut
2145 5630 2387 5686 videmus
2421 5630 2599 5683 anima
2638 5631 2879 5701 sejuncta
2906 5648 2935 5684 a
2963 5646 3188 5701 corpore
3213 5646 3414 5700 corpus

1865 5724 2037 5793 ipsum
2072 5721 2276 5792 perire;
2311 5720 2389 5774 sic
2415 5722 2576 5775 etiam
2610 5723 2698 5777 ubi
2730 5724 2899 5779 virtus
2934 5726 3233 5787 materiam,
3267 5722 3412 5793 quod

1866 5816 2127 5885 reliquum
2158 5815 2276 5876 erit,
2310 5814 2476 5881 ipsam
2503 5814 2748 5871 videlicet
2778 5819 3054 5873 materiam
3088 5818 3427 5875 dissolutum
