3980 6318
284 403 389 461 ιὸτ

1150 403 1554 462 TRACTATUS
1591 408 1675 471 DE
1712 409 2020 475 PLACITIS
2050 411 2594 469 MANICHIEORUM.

3330 420 3453 489 438,

275 518 413 589 μέσα
441 516 511 570 τά
539 516 669 573 ἄλλα
708 520 798 571 καὶ
832 518 1027 587 μεταξὺ
1058 520 1262 591 ἀνάγκη
1299 522 1479 590 φάναι.
1536 524 1670 588 Ἀλλ’
1721 525 1795 577 εὖ.

1907 528 2210 598 malumque
2255 529 2591 589 solummodo
2642 532 2861 586 materia
2904 532 3166 597 exsistat,
3217 550 3437 593 necesse

275 611 516 681 ρίσκεταί
557 628 638 672 τις
676 612 898 681 ποιητὴς
928 611 1173 681 διάφορος
1201 615 1320 683 πε.ρί¹
1349 614 1412 667 τὰ
1447 615 1604 684 μέσα,
1636 618 1711 669 ὅτ’
1739 618 1805 670 ἂν

271 699 407 768 φῶσι
428 700 528 769 τὴν
552 701 650 770 μὲν
672 701 1057 770 δημιουργικὴν
1076 702 1269 765 αἰτίαν,
1291 703 1385 774 τήν
1398 704 1450 755 δὲ
1470 706 1659 775 μικτὴν
1678 708 1811 777 πρὸς

268 790 363 861 τὴν
396 790 550 859 ὓλην.
594 789 743 858 Τάχα
769 786 857 842 οὖν
887 791 1001 842 ἐστι
1030 791 1089 842 τὸ
1127 794 1525 863 προηγούμενον
1559 797 1651 848 καὶ¹
1677 797 1808 848 ἀπο-

270 877 716 947 προηγησάμενον
746 877 914 941 τοῦτο,
938 878 966 929 ὂ
1000 880 1089 931 καὶ
1127 880 1176 941 οἰ
1212 880 1456 950 νεώτεροι
1482 882 1725 949 λέγουσιν
1752 886 1809 937 ὲν

262 969 343 1037 ego
368 969 511 1035 Περὶ
536 967 651 1019 τῶν
682 967 972 1035 διαφορῶν
1000 969 1159 1039 λόγῳ.
1183 971 1289 1040 Τῆς
1317 971 1371 1023 δὲ
1397 972 1800 1045 δημιουργικῆς,

270 1059 417 1125 φασὶ,
476 1057 754 1127 δυνάμεως
825 1059 1239 1129 ὲπιχειρησάσης
1287 1060 1382 1129 τῆς
1434 1064 1800 1132 κοσμοποιίας,

269 1146 657 1215 ἀποκεκρίσθαι
694 1146 787 1215 τῆς
815 1145 945 1217 ὕλης
970 1147 1031 1198 τὸ
1067 1150 1247 1217 μεῖναν
1276 1148 1365 1201 ἐπὶ
1392 1150 1487 1220 τῆς
1521 1151 1652 1215 ἰδίας
1680 1154 1805 1225 ἀρεο

269 1237 363 1304 τῆς
396 1236 499 1289 κᾶν
535 1240 601 1307 τῇ
643 1237 910 1315 συμμίξει,
951 1239 1039 1289 καὶ
1069 1238 1341 1305 γεγονέναι
1372 1241 1515 1309 ἥλιον
1539 1244 1628 1295 καὶ
1655 1244 1805 1314 σελή-

269 1342 361 1391 νην
382 1340 395 1353 ·
434 1325 495 1375 τὸ
526 1324 581 1376 δὲ
624 1325 847 1394 μετρίας
879 1326 1192 1395 μετειληφὸς
1230 1328 1441 1391 κακίας,
1471 1331 1693 1401 οὐρανὸν
1715 1334 1808 1384 καὶ

270 1414 518 1484 ἀστέρας.
540 1414 737 1467 Λοιπὸν
761 1415 816 1467 δὲ
850 1416 917 1467 τὰ
952 1416 1081 1468 ἄλλα
1114 1416 1261 1481 ἐντὸς
1302 1419 1503 1472 τούτων
1538 1423 1808 1492 περιειλῆ-

274 1504 394 1580 (eihi
430 1504 507 1566 ὠς
544 1504 744 1574 ἔτυχεν,
801 1507 1038 1577 μίγματα
1076 1507 1201 1561 ὅντα
1234 1510 1331 1579 τῆς
1374 1528 1429 1563 τε
1477 1512 1623 1575 θείας
1661 1513 1808 1568 δυνά-

275 1612 411 1661 μεως
449 1597 543 1647 καὶ
580 1596 675 1664 τῆς
709 1596 855 1667 ὕλης.

1910 626 1992 673 est
2023 627 2082 671 ut
2120 621 2324 689 reliqua
2355 620 2525 684 media
2564 619 2809 682 dicamus
2845 628 2897 675 et
2936 622 2999 683 in,
3035 623 3209 678 medio
3236 627 3437 679 consti-

1910 715 2042 761 tuta.
2076 708 2237 777 Atqui
2279 709 2548 770 invenitur
2596 708 2840 764 diversus
2865 712 3033 769 factor
3080 726 3142 764 ac
3192 713 3436 768 conditor

1907 796 2052 849 circa
2082 809 2144 850 ea
2182 812 2299 869 quae
2346 798 2519 851 media
2550 808 2693 862 sunt,
2736 813 2859 852 cum
2892 798 3073 852 dicant
3118 800 3277 854 aliam
3310 816 3437 855 cau-

1905 899 2022 938 sam
2056 886 2322 955 opiﬁcem,
2356 887 2513 941 aliam
2537 889 2773 951 materia:
2805 889 3110 944 admistam.
3141 888 3298 945 Forte
3338 892 3436 961 igi-

1907 982 1996 1029 tur
2037 987 2119 1031 est
2152 979 2467 1053 primarium
2507 979 2651 1035 istud
2695 989 2751 1034 et
2792 981 2933 1051 quod
2960 996 2991 1033 a
3035 980 3287 1050 primario
3331 994 3434 1049 est,

1909 1066 2051 1134 quod
2077 1069 2235 1121 etiam
2268 1068 2453 1122 dicunt
2484 1069 2807 1124 recentiores
2838 1070 2890 1123 in
2922 1069 3060 1123 libro
3091 1070 3165 1123 De
3192 1070 3437 1140 di/fcren-

1910 1157 2014 1209 tiis.
2048 1156 2289 1225 Cumque
2321 1158 2454 1211 adeo
2483 1158 2657 1228 opifex
2692 1158 2862 1211 virtus
2895 1173 2958 1213 ac
2986 1158 3140 1227 cujus
3172 1160 3439 1218 condendi

1908 1248 1989 1307 vis
2015 1248 2200 1301 mundi
2236 1247 2493 1305 fabricam
2524 1263 2773 1323 aggressa
2804 1258 2968 1314 esset,
3002 1261 3263 1307 secretum
3288 1252 3441 1309 aiunt

1907 1337 1973 1397 de
2019 1337 2242 1395 materia
2280 1338 2423 1408 quod
2471 1339 2524 1392 in
2565 1340 2680 1409 ipsa
2710 1355 2923 1408 quoque
2962 1342 3211 1398 mistione
3241 1344 3295 1399 in
3342 1359 3439 1399 sua

1908 1430 2121 1499 pr0pria
2156 1437 2426 1483 manserat
2452 1428 2668 1491 virtute,
2703 1437 2864 1499 atque
2896 1430 3022 1485 hinc
3055 1432 3219 1486 solem
3256 1443 3310 1491 et
3350 1434 3437 1487 lu-

1910 1532 2031 1571 nam
2076 1519 2370 1573 exstitisse.
2413 1516 2471 1572 id
2512 1532 2635 1571 vero
2681 1517 2822 1586 quod
2867 1519 3075 1573 modice
3118 1520 3450 1593 pareiusque.

1907 1616 2092 1670 vitium
2124 1622 2465 1668 contraxerat
2506 1627 2567 1665 ac
2595 1612 2876 1677 malitiam,
2915 1612 3110 1665 caelum
3146 1622 3199 1667 et
3228 1614 3433 1668 stellas.

1902 1716 2175 1770 Postremo
2202 1721 2379 1768 autem
2412 1712 2618 1781 reliqua
2652 1711 2792 1764 intra
2838 1710 2949 1765 haec
2982 1718 3181 1765 temere
3214 1712 3437 1767 interce-

1828 1797 1870 1851 B
1899 1814 2006 1877 pta,
2040 1817 2158 1873 quae
2187 1803 2343 1856 mista
2385 1808 2510 1857 sunt
2541 1815 2604 1854 ex
2634 1799 2815 1853 divina
2852 1800 3047 1853 virtute
3086 1806 3137 1853 et
3187 1802 3431 1855 materia.

274 1910 389 1963 Car.
417 1909 533 1963 XX.
571 1909 763 1964 Divina
792 1912 954 1967 virtus
977 1913 1139 1969 eidem
1178 1916 1468 1973 Manichwo
1500 1937 1744 2002 corporea
1778 1932 1827 1975 et
1850 1921 2141 2001 divisibilis.
2170 1919 2357 1973 Divina
2380 1920 2539 1973 virtus
2567 1918 2680 1984 ipsa
2710 1917 2945 1981 materia,
2970 1932 3082 1987 qua:
3105 1918 3198 1985 ﬁat
3216 1918 3388 1971 omnia
3413 1935 3435 1975 :

1605 2008 1979 2046 mcvnvemeus.

345 2096 479 2163 Ἐγὼ
510 2097 565 2149 δὲ
617 2099 765 2169 παρά
800 2101 971 2155 πάντα
1018 2105 1182 2157 ταῦτα
1216 2105 1490 2176 Θαυμάζω,
1540 2104 1654 2167 πῶς
1702 2104 1799 2157 οὐκ

268 2186 599 2240 αἰσθάνονται
620 2192 926 2262 σωματικὴν
958 2194 1229 2259 ποιοῦντες
1253 2197 1348 2266 τὴν
1380 2196 1527 2247 θείαν
1551 2195 1795 2263 δύναμιν,

268 2278 353 2328 καὶ
384 2278 665 2347 τέμνοντες
694 2279 937 2352 καθάπερ
973 2284 1039 2337 τά
1071 2285 1227 2355 μέρη.
1259 2286 1354 2339 Διά
1382 2286 1433 2338 τί
1466 2285 1570 2356 γὰρ
1602 2286 1695 2354 οὐχ
1725 2286 1799 2349 ὡς

268 2365 379 2435 ὕλη,
415 2369 509 2420 καὶ
540 2371 571 2440 ἡ
608 2369 723 2423 Θεία
747 2371 966 2442 δύναμις
996 2375 1094 2447 ἤδη
1129 2378 1273 2429 ἐστὶν
1311 2376 1523 2447 παθητὴ
1550 2378 1639 2429 καὶ
1669 2377 1801 2429 διαι-

265 2462 385 2528 ρετὴ
417 2461 508 2514 διὰ
537 2463 715 2533 πάσης
742 2466 936 2535 αὐτῆς·
971 2469 1063 2521 καὶ
1095 2469 1154 2521 τὸ
1185 2470 1280 2540 μέν
1309 2487 1360 2521 τι
1389 2471 1552 2539 αὐτῆς
1598 2470 1800 2538 γίνεται

266 2549 419 2617 ἥλιος,
454 2552 517 2604 τὸ
545 2553 603 2605 δὲ
633 2554 822 2626 σελήνη
845 2574 859 2620 ;
886 2557 1149 2628 Καθαρῶς
1172 2558 1278 2629 γὰρ
1310 2559 1475 2612 ταῦτα
1503 2556 1639 2613 εἶναι
1668 2561 1796 2628 φασὶ

261 2639 351 2707 τῆς
395 2641 544 2706 Θείας
580 2645 876 2715 δυνάμεωςο
920 2648 1075 2703 τοῦτο
1104 2649 1158 2704 δὲ
1196 2646 1261 2720 ἦν
1304 2651 1332 2702 ὃ
1372 2651 1625 2722 ἐλέγομεν
1670 2652 1795 2711 ἴδιον

257 2730 349 2799 τῆς
400 2732 538 2803 ὕλης
582 2730 736 2800 εἶναι,
766 2736 825 2797 τὸ
876 2740 1037 2808 μηδὲν
1067 2736 1225 2799 οὖσαν
1255 2741 1374 2795 καθ’
1400 2743 1617 2812 ἑαυτὴν,
1648 2743 1793 2812 δεχο-

257 2821 420 2892 μένην
450 2824 508 2876 δὲ
542 2825 612 2877 τὰ
640 2828 889 2898 σχήματα
916 2832 1007 2884 καὶ
1042 2832 1139 2895 τὰς
1172 2834 1471 2904 ποιότητας,
1504 2836 1675 2888 πάντα
1711 2836 1795 2903 γί-

253 2911 476 2975 γνεσθαι
504 2914 569 2966 τὰ
602 2915 941 2988 διωρισμένα.
987 2922 1048 2974 Εἰ
1081 2918 1170 2976 οὖν
1197 2924 1271 2986 ὡς
1305 2925 1394 2992 ἀφ’
1429 2925 1545 2987 ἑνὸς
1577 2927 1796 2979 ὑποκει-

253 3001 418 3069 μένου
454 3003 552 3073 τῆς
595 3005 741 3068 Θείας
782 3008 1055 3080 δύναμεως
1096 3013 1250 3083 μόνον
1283 3015 1499 3082 γέγονεν
1530 3015 1676 3084 ἥλιος
1706 3017 1797 3069 καὶ

256 3090 470 3163 σελήνη,
501 3095 670 3150 ταῦτα
708 3098 763 3151 δὲ
804 3102 979 3172 ἕτερα,
1019 3103 1106 3156 διὰ
1146 3106 1196 3157 τί
1229 3106 1300 3176 μὴ
1340 3107 1430 3158 καὶ¹
1461 3105 1585 3158 ἄλλο
1615 3125 1664 3160 τι
1704 3107 1796 3176 γέ-

250 3200 437 3251 νηταις
472 3186 534 3237 Εἰ
562 3186 619 3239 δὲ
639 3190 811 3243 πάντα
829 3196 1127 3265 γενήσεται,
1146 3197 1205 3248 τὸ
1230 3198 1518 3266 συμϐαῖνον
1543 3198 1791 3270 φανερὸν,

251 3272 326 3323 ὅτι
352 3276 383 3342 ή
432 3274 553 3328 Θεία
580 3277 800 3349 δύναμις
834 3282 950 3354 ὕλη,
995 3288 1086 3339 καὶ
1118 3287 1250 3357 αὑτὴ
1286 3288 1418 3359 πρὸς
1448 3289 1516 3343 τὰ
1548 3291 1796 3361 σχήματα.

254 3366 563 3434 ποιουμένη.
605 3369 663 3421 Εἰ
693 3370 747 3422 δὲ
777 3373 921 3435 οὐδὲν
944 3376 1174 3448 ἕτερονῆ
1206 3378 1350 3446 ἥλιος
1376 3380 1467 3432 καί
1515 3380 1702 3452 σελήνη
1729 3382 1797 3435 τὰ

250 3455 306 3509 ὲκ
331 3456 428 3525 τῆς
458 3456 610 3521 Θείας
636 3460 908 3531 δυνάμεώς
937 3469 1048 3521 ἐστι
1075 3469 1353 3538 γενόμενα,
1379 3468 1446 3523 τὰ
1475 3472 1796 3541 ὲναπειλημτ

254 3545 383 3609 μένα
409 3546 521 3615 ἄρα
541 3550 673 3601 πᾶσι
705 3554 811 3613 τοῖς
839 3549 984 3605 οὖσιν
1012 3556 1161 3625 ἥλιός
1186 3560 1299 3611 ἐστι
1332 3558 1423 3611 καὶ
1455 3558 1642 3629 σελήνη
1664 3577 1676 3589 ο
1704 3562 1794 3614 καὶ

249 3632 476 3698 ἕκαστος
511 3637 619 3689 τῶν
651 3641 887 3711 ἀστέρων
918 3645 1063 3713 ἥλιός
1091 3648 1203 3699 ἐστι
1234 3650 1325 3702 καὶ
1359 3650 1548 3720 σελήνη
1570 3666 1581 3678 ·
1619 3651 1710 3703 καὶ
1737 3651 1793 3703 τὸ

249 3724 430 3795 ἓτερον
483 3730 577 3781 καὶ
614 3732 721 3783 τῶν
771 3737 1033 3804 χερσαίων
1074 3737 1223 3801 ζώων
1269 3739 1388 3792 καθ’
1438 3741 1660 3793 ἕκαστον
1702 3744 1794 3795 καὶ

252 3816 351 3867 τῶν
384 3821 605 3888 πτηνῶν
637 3824 727 3875 καὶ
758 3825 861 3877 τῶν
891 3829 1182 3897 ἀμφιθίων.
1227 3831 1405 3885 Ταῦτα
1436 3832 1511 3897 δὲ,
1553 3834 1633 3885 ὅτι
1673 3834 1793 3886 οὐδὲ

248 3907 295 3956 οἱ
313 3908 383 3958 τὰ
403 3910 655 3981 θαύματα
676 3914 971 3981 δεικνύντες
992 3921 1334 3997 ἀποδέξαιντο
1355 3923 1437 3987 ἂν,
1460 3918 1609 3994 οἶμαι
1634 3925 1794 3987 παντί

250 4015 335 4050 πω
362 4000 518 4071 δῆλον
544 4000 702 4058 εἶναι.

1971 2104 2081 2174 Ego
2120 2120 2269 2169 sane,
2321 2115 2511 2175 praeter
2554 2108 2667 2162 haec
2714 2105 2913 2172 omnia,
2954 2106 3120 2166 miror
3164 2103 3436 2175 quomodo

1902 2210 2006 2249 non
2036 2196 2358 2265 intelligunt,
2382 2212 2692 2266 corpoream
2722 2213 2781 2253 se
2807 2197 2980 2257 facere
3005 2197 3239 2251 divinam
3272 2198 3438 2251 virtu-

1903 2292 2030 2347 tem,
2066 2287 2227 2355 inque
2276 2289 2505 2356 partium
2560 2304 2760 2346 rnorem
2800 2302 2999 2347 secare.
3047 2288 3243 2355 Quidni
3289 2288 3436 2343 enim

1902 2374 2347 2443 quemadmodum
2389 2377 2633 2442 materia,
2678 2377 2840 2433 etiam
2890 2377 3070 2433 divina
3109 2378 3295 2437 virtus.
3322 2375 3434 2443 jam

1904 2465 2140 2534 patibilis
2172 2474 2273 2529 est,
2305 2482 2469 2536 seque
2498 2477 2604 2523 tota
2630 2467 2950 2532 divisibilis;
2979 2474 3139 2536 atque
3167 2467 3283 2535 ejus
3309 2481 3453 2535 pars.

1901 2554 2007 2607 alia
2033 2555 2112 2610 sol
2134 2555 2379 2619 ellicitur,
2405 2558 2508 2609 alia
2532 2558 2698 2612 luna?
2720 2556 2877 2612 Clare
2904 2556 3045 2612 enim
3066 2556 3168 2611 hoc
3193 2564 3274 2610 est
3292 2554 3436 2626 quod

1900 2645 2211 2702 dicebamus
2240 2663 2359 2702 esse
2408 2649 2681 2717 proprium
2725 2649 2979 2713 materiae,
3016 2663 3138 2701 cum
3178 2648 3294 2717 ipsa
3341 2660 3457 2715 pcrx

1902 2752 1960 2790 se
1986 2736 2115 2790 nihil
2146 2737 2235 2797 sit.
2264 2752 2384 2791 cum
2423 2739 2619 2808 ﬁguras
2645 2747 2696 2793 et
2724 2741 3015 2810 qualitates
3039 2738 3285 2807 recipiat,
3315 2752 3435 2792 om-

1904 2827 1993 2879 nia
2036 2828 2171 2887 lieri.
2214 2845 2331 2898 quae
2363 2829 2533 2884 divisa
2567 2845 2630 2885 ac
2675 2831 2927 2886 distincta
2973 2839 3117 2886 sunt.
3173 2829 3229 2883 Si
3272 2828 3437 2899 igitur

1902 2918 2046 2971 velut
2099 2933 2163 2971 ex
2193 2933 2299 2972 uno
2344 2919 2586 2988 subjecto
2620 2920 2800 2975 divina
2842 2921 3057 2983 virtute,
3096 2918 3457 2980 solummodo,

1900 3008 1982 3062 sol
2012 3008 2244 3077 lunaque
2282 3009 2640 3075 exstiterunt;
2675 3010 2890 3076 haecque
2922 3011 3056 3065 adeo
3087 3010 3189 3063 alia
3229 3023 3292 3071 ac
3329 3007 3454 3069 alia,

1899 3106 2046 3162 sunt,
2099 3100 2287 3168 quidni
2333 3101 2492 3154 etiam
2544 3100 2691 3154 aliud
2745 3102 3017 3170 quidpiam
3064 3100 3261 3154 factum
3311 3099 3453 3163 est!

1898 3192 2051 3260 Quod
2093 3193 2138 3247 si
2194 3191 2323 3246 fient
2364 3194 2562 3255 omnia,
2612 3192 2738 3262 quid
2789 3201 3047 3262 sequatur
3087 3191 3434 3254 manifestum

1898 3294 2008 3349 est;
2055 3285 2291 3339 divinam
2338 3283 2588 3337 virtutem
2637 3283 2913 3341 materiam
2966 3297 3108 3345 esse,
3154 3282 3436 3353 ipsamque

1900 3388 2021 3428 esse
2053 3388 2170 3441 quae
2209 3372 2262 3425 in
2304 3373 2499 3441 ﬁguras
2527 3369 2807 3432 formetur.
2851 3370 3003 3434 Quod
3047 3369 3091 3424 si
3125 3354 3262 3431 nihil
3289 3366 3433 3421 aliud

1903 3474 2027 3519 sunt
2061 3465 2142 3520 sol
2164 3474 2217 3519 et
2239 3463 2388 3527 luna,
2419 3476 2578 3531 quam
2601 3477 2719 3531 quae
2742 3476 2808 3516 ex
2828 3460 3017 3521 divina
3040 3458 3234 3512 virtute
3254 3466 3435 3513 creata

1902 3565 2063 3623 sunt;
2095 3571 2223 3627 ergo
2245 3570 2361 3629 quae
2390 3554 2551 3613 rebus
2584 3553 2834 3613 omnibus
2857 3551 3147 3621 intercepta
3181 3558 3326 3613 sunt,
3351 3548 3434 3603 sol

1898 3656 1953 3703 et
1997 3647 2124 3700 luna
2153 3654 2279 3701 sunt
2311 3664 2324 3699 :
2358 3660 2421 3698 ac
2452 3644 2674 3714 singulae
2706 3658 2931 3714 quaeque
2961 3643 3147 3707 stellae,
3200 3641 3280 3695 sol
3310 3648 3435 3695 sunt

1899 3746 1951 3794 et
1981 3738 2135 3802 luna;
2176 3735 2491 3805 singulaque
2531 3734 2635 3787 alia
2674 3748 2897 3803 quaeque
2941 3732 3190 3793 animalia
3222 3731 3434 3802 generis

1899 3828 2233 3885 terrestrium
2272 3834 2327 3880 et
2366 3808 2663 3881 volucrium
2707 3808 2760 3879 et
2790 3840 2974 3885 eorum
3006 3839 3123 3901 quae
3163 3823 3434 3893 amphibia

1897 3919 2168 3981 dicuntur.
2199 3917 2323 3979 Haec
2354 3932 2480 3977 vero
2510 3934 2577 3973 ne
2610 3919 2754 3987 ipsos
2776 3917 2990 3987 quidem
3014 3916 3433 3986 praestigiatores

1900 4012 2251 4072 admissuros,
2277 4007 2543 4062 universis
2568 4006 2906 4061 manifestum
2937 4021 3056 4060 esse
3086 4005 3358 4059 existimo.

245 4112 376 4169 Ωιι).
403 4114 547 4169 XXI.
592 4119 765 4175 Virtus
793 4125 985 4190 partim
1034 4127 1185 4195 bona,
1216 4133 1406 4198 partim
1442 4133 1642 4185 melior.
1684 4129 1745 4183 In
1791 4124 1899 4207 sole
1933 4132 1981 4177 et
2024 4122 2149 4175 luna
2194 4121 2421 4188 illibata,
2462 4122 2514 4173 in
2549 4121 2668 4173 aliis
2710 4119 3032 4188 depravata:
3075 4114 3449 4183 improbabitir.

1729 4211 1921 4265 opimo.

316 4300 391 4352 Τὸ
422 4302 481 4353 δὲ
507 4304 643 4372 μετά
668 4307 835 4362 ταῦτα
860 4312 1241 4368 ἐπισκοποῦσιν
1263 4315 1357 4374 οὐκ
1380 4314 1558 4377 εὐθεῖα
1586 4318 1617 4385 ή
1648 4315 1784 4376 ὁδὸς,

242 4387 386 4442 ἀλλά
426 4389 784 4466 δυσαντοτέρα
820 4399 915 4468 τῆς
963 4402 1351 4474 παρελθούσης.
1401 4405 1628 4472 Λέγουσι
1678 4406 1786 4476 γὰρ

243 4476 415 4544 μηδὲν
461 4478 654 4533 ἄτοπον
696 4486 1011 4541 πεπονθέναι
1046 4491 1185 4544 κατά
1230 4494 1326 4562 τὴν
1366 4493 1621 4562 σύμμιξιν
1653 4495 1786 4563 πρὸς

1965 4307 2162 4378 Siquis
2181 4321 2304 4360 vero
2333 4305 2457 4359 huic
2481 4301 2621 4373 quod
2656 4309 2897 4370 sequitur
2920 4301 3155 4355 animum
3187 4298 3447 4354 atlende~.

1891 4400 1980 4462 rit,
2008 4400 2148 4453 haud
2174 4407 2319 4453 recta
2348 4395 2594 4450 videatur
2616 4392 2721 4455 via,
2760 4393 2852 4448 sed
2884 4407 3002 4461 qua:
3033 4393 3310 4460 superiore
3338 4405 3428 4443 ar-

1891 4485 1995 4542 dua
2036 4485 2203 4555 magis
2248 4499 2311 4538 ac
2358 4482 2699 4539 anfractuosa
2731 4482 2819 4535 sit.
2868 4481 3029 4533 Aiunt
3062 4482 3203 4534 enim
3240 4498 3253 4532 :
3294 4480 3439 4544 nihil,

239 4568 347 4637 τὴν
373 4566 502 4637 ὓλην
533 4570 679 4638 ἥλιον
700 4576 790 4626 καὶ
821 4578 1061 4648 σελήνην.
1092 4579 1218 4634 Εἶτα
1246 4551 1358 4646 trib;
1382 4551 1447 4636 τά
1478 4551 1608 4638 ἀλλα
1629 4551 1788 4654 illam:

1897 4576 2029 4630 labis
2065 4575 2320 4629 ascivisse
2348 4574 2515 4627 solem
2543 4580 2595 4624 et
2639 4570 2816 4623 lunam
2848 4584 2910 4623 ex
2943 4570 3272 4631 commercio,
3301 4588 3425 4626 eum

238 4656 393 4726 τὼθη
445 4661 591 4729 παρὰ
635 4663 733 4733 τὴν
774 4667 903 4720 ἰδίαν
946 4671 1103 4739 φύσιν
1132 4673 1229 4725 οὐκ
1275 4672 1453 4744 ἔχουσι
1500 4675 1694 4742 λέγειν.
1728 4678 1788 4729 ΕΞ

1897 4667 2130 4720 materia.
2163 4664 2279 4718 Jam
2306 4664 2448 4719 enim
2477 4668 2752 4731 nequeunt
2777 4661 2956 4715 dicere
2996 4662 3265 4729 quomodo
3295 4663 3424 4718 reli-

240 4747 352 4815 μὲν
385 4749 493 4838 γὰρ
522 4754 612 4804 καὶ
644 4756 729 4806 ὅτε
763 4758 881 4811 καθ’
914 4762 1105 4832 ἑαυτὴν
1132 4758 1197 4832 ἧν
1231 4767 1271 4838 ὴ,
1293 4764 1407 4816 Θεία
1444 4765 1665 4836 δύναμις
1696 4768 1787 4819 οὖ-

1897 4775 1990 4828 qua
2042 4759 2097 4810 in
2129 4757 2366 4811 deterius
2411 4755 2627 4818 iverint,
2677 4768 2836 4824 quam
2869 4753 3029 4811 ferret
3075 4769 3263 4808 eorum
3300 4768 3426 4824 pro-

236 4854 356 4898 τως
386 4835 546 4908 εἶχεν,
580 4843 715 4896 ὥστε
749 4848 806 4899 τὸ
836 4849 931 4918 μέν
960 4868 1012 4903 τι
1057 4853 1224 4923 αὐτῆς
1253 4850 1389 4907 εἶναι
1432 4856 1612 4918 καλὸν,
1641 4857 1703 4909 τὸ
1731 4857 1787 4909 δὲ

1897 4852 2002 4921 pria
2034 4858 2246 4904 natura.
2282 4848 2337 4902 Si
2367 4849 2510 4909 enim
2542 4856 2668 4900 tunc
2699 4846 2882 4909 etiam,
2912 4862 3032 4899 cum
3061 4861 3223 4915 penes
3257 4863 3315 4903 se
3346 4864 3419 4903 es'

234 4930 484 4996 κάλλιον,
533 4936 670 4988 κατὰ
724 4938 809 4990 τὸν
847 4940 951 4993 τῶν
1008 4944 1442 5016 ίπποκενταύρων
1504 4946 1688 5015 μῦθον,
1739 4949 1786 5000 οἶ

1897 4951 1987 5007 set,
2015 4945 2067 4996 in
2084 4958 2211 5001 eum
2228 4943 2442 5005 modum
2466 4956 2522 5002 se
2544 4939 2722 5000 divina
2748 4938 2918 4995 virtus
2944 4938 3190 4997 habebat.
3217 4946 3273 4991 ut
3295 4954 3425 5007 par.

233 5022 299 5071 τὸ
358 5022 455 5089 μὲν
498 5024 619 5094 ἄχρι
662 5028 868 5097 στηθῶν
911 5031 1178 5102 ἄνθρωποι
1226 5030 1381 5104 ἦσαν,
1425 5036 1484 5088 τὸ
1528 5037 1707 5091 λοιπὸν
1733 5040 1789 5092 δὲ

1897 5038 1979 5099 Lim
2025 5036 2186 5099 bona,
2247 5033 2439 5105 partim
2484 5031 2674 5089 melior
2721 5037 2888 5094 esset,
2936 5044 3041 5097 quo
3090 5044 3223 5097 pene
3265 5029 3423 5082 modo

234 5114 440 5162 ἵπποι·
473 5114 605 5167 καλά
641 5117 737 5185 μὲν
768 5119 997 5191 ἑκάτερα
1031 5123 1098 5175 τὰ
1137 5122 1267 5189 ζῶα,
1303 5126 1514 5181 κάλλιον
1552 5128 1607 5180 δὲ
1639 5130 1667 5180 ὁ
1694 5130 1788 5183 ἄν-

1897 5128 2335 5196 hippocentauros
2370 5126 2681 5187 fabulantur
2708 5120 2867 5177 otiosi
2909 5122 3171 5182 homines,
3208 5122 3295 5189 qui
3337 5120 3421 5173 vi-

1884 5220 2076 5272 delicet
2123 5218 2189 5272 ad
2234 5232 2402 5287 usque
2445 5224 2633 5286 pectus
2673 5217 2939 5279 homines,
2989 5215 3193 5282 reliquo
3242 5225 3418 5266 autem

1884 5324 2110 5377 cm'pore
2146 5309 2267 5378 equi
2314 5320 2673 5377 essent;qua:
2704 5316 2928 5375 utraque
2967 5304 3105 5358 bona
3130 5302 3380 5356 animalia
3403 5318 3423 5363 ;¹

1884 5401 1978 5453 sed
2020 5400 2072 5452 in
2102 5400 2180 5453 eis
2224 5401 2381 5453 homo
2411 5400 2636 5454 melior:
2665 5400 2742 5455 sic
2776 5413 2989 5469 quoque
3018 5399 3074 5452 in
3107 5397 3284 5452 divina
3311 5397 3421 5451 vir-

1884 5500 1995 5545 tute
2019 5491 2140 5544 licet
2164 5491 2481 5558 intelligere,
2507 5491 2625 5558 ejus
2650 5490 2795 5544 aliud
2826 5490 3017 5543 melius
3042 5503 3163 5543 esse
3193 5504 3253 5542 ac
3282 5502 3419 5558 pm-

1884 5579 2136 5640 stantius,
2168 5578 2309 5634 aliud
2345 5578 2594 5633 secundis
2624 5579 2868 5648 partibus
2914 5577 3028 5631 fore
3061 5592 3123 5631 ac
3156 5574 3415 5636 deterius.

1882 5670 2175 5737 Itidemque
2207 5670 2451 5732 materia,
2485 5670 2630 5725 aliud
2660 5687 2934 5727 enormem
2959 5670 3245 5741 quamdam
3266 5670 3419 5723 mali-

1882 5762 2009 5814 tiam
2034 5759 2193 5814 habet
2228 5772 2386 5829 atque
2414 5776 2766 5818 excessum...
2800 5763 2916 5817 Alia
2940 5762 3153 5831 quidem
3180 5762 3303 5824 alia,
3337 5766 3425 5812 ate.

231 5204 493 5273 θρωπος·
538 5205 677 5258 οὓτω
718 5210 809 5261 καὶ
850 5210 940 5262 ἐπὶ
988 5213 1085 5284 τῆς
1134 5214 1280 5278 θείας
1318 5217 1592 5286 δυνάμεώς
1643 5222 1786 5272 ἐστιν

229 5293 547 5360 ἐπινοῆσαι,
576 5297 633 5348 τὸ
668 5299 763 5366 μέν
799 5318 849 5352 τι
877 5303 1041 5371 αὐτῆς
1080 5306 1138 5357 τὸ
1184 5307 1396 5363 κάλλιον
1430 5310 1609 5379 φέρον,
1638 5311 1697 5362 τὸ
1730 5311 1785 5363 δὲ

226 5384 627 5453 ἐλαττούμενον
666 5390 801 5441 κατὰ
833 5391 1004 5445 τοῦτο.
1046 5396 1153 5447 Καὶ
1194 5396 1284 5447 ἐπὶ
1324 5397 1418 5466 τῆς
1463 5396 1590 5466 ὕλης
1631 5398 1686 5450 δὲ
1726 5399 1785 5451 τὸ

232 5477 347 5544 μὲν
365 5475 593 5546 ὑπάρχει
615 5479 911 5552 ὑπερϐολήν
927 5501 1041 5535 τινα
1060 5484 1180 5554 ἕχον
1204 5488 1415 5549 κακίας.
1444 5528 1457 5541 .
1488 5528 1501 5541 .
1532 5489 1600 5540 τὰ
1619 5489 1785 5560 ἕτερα

232 5566 346 5636 μὲν
373 5566 553 5635 ἕτερα,
584 5572 677 5622 καὶ
706 5572 889 5641 ἐτέρας
912 5572 1063 5636 ἄλλος
1092 5574 1155 5627 ἂν
1178 5571 1241 5646 ἦν
1273 5577 1441 5643 λόγος.
1489 5579 1784 5650 Ἑνεδέχετο

228 5656 352 5727 γὰρ
384 5656 687 5725 ὑπολαϐεῖν,
710 5661 787 5714 ὅτι
818 5664 1139 5734 ὲμφρονέστε
1150 5684 1236 5735 ρον
1264 5667 1329 5719 τὰ
1359 5667 1415 5731 ἐξ
1438 5668 1607 5738 ἀρχῆς
1636 5670 1781 5738 ἥλιος

227 5747 331 5801 καὶ
363 5747 561 5821 σελήνη
597 5751 663 5803 τὰ
689 5748 845 5824 ἦττον
883 5756 1086 5827 πονηρὰ
1115 5759 1210 5828 τῆς
1240 5757 1364 5828 ὕλης
1400 5762 1475 5822 εἰς
1501 5760 1597 5829 τὴν
1642 5761 1778 5831 σύμ-
