3980 6318
539 449 640 507 159

1511 439 1910 498 ALEXANDRI
1943 439 2249 496 EPISCOPI
2286 437 2786 502 LYCOPOLITANI

3646 432 3752 488 διο

537 585 642 640 que
689 566 828 624 alius
865 566 970 621 alia
1011 565 1173 622 fuerit
1225 565 1384 620 ratio.
1427 562 1754 618 Existimare
1781 561 1922 621 enim
1961 561 2084 618 lice-

2196 560 2342 632 μίξιν
2399 558 2696 626 ἐξελέξατο,
2745 559 2831 612 ἵνα
2885 557 3018 628 μένῃ
3065 556 3156 609 ἐπὶ
3199 555 3298 625 τῆς
3348 553 3482 616 ίδίας
3527 551 3751 625 ἀρετ-ἦς’

538 663 649 726 hat,
694 675 726 715 a
757 658 1026 732 principio
1054 658 1221 714 solem
1256 666 1310 717 et
1356 658 1560 721 lunam,
1598 651 2091 724 solertiorijudicio

537 766 600 807 ac
638 752 947 822 prudentia,
982 760 1163 823 partes
1194 751 1432 807 materiae
1460 752 1640 805 minus
1684 750 1854 804 malas
1895 743 2091 817 quibus

535 845 842 902 commistio
867 846 1037 910 ﬁeret,
1068 846 1170 902 sibi
1195 846 1444 918 elegisse,
1469 854 1528 899 ut
1554 847 1608 900 in
1634 859 1731 901 sua
1761 843 2093 916 perfectione

534 949 598 990 ac
643 937 843 993 virtute
892 938 1297 1003 consisterent;
1351 936 1644 995 debilitatis
1705 947 1882 990 autem
1927 941 2093 987 tantae

533 1027 710 1083 artatis
743 1029 1050 1096 maleficiis,
1081 1037 1286 1085 tantam
1318 1031 1372 1084 in
1412 1030 1558 1084 bono
1590 1026 1965 1083 excellentiam
2007 1039 2096 1079 re-

533 1128 816 1192 portasse;
846 1123 1084 1195 reliquas
1113 1141 1242 1180 vero
1286 1125 1406 1193 ejus
1442 1131 1624 1194 partes
1651 1121 1920 1190 collapsas
1950 1134 2092 1181 esse,

533 1211 676 1268 haud
732 1215 950 1284 quidem
999 1217 1118 1272 sine
1167 1215 1539 1286 providentia;
1593 1228 1714 1277 cum
1753 1211 1868 1281 pari
1912 1219 2092 1264 tamen

533 1304 896 1372 providentia,
927 1322 990 1362 ea
1026 1322 1145 1376 quae
1170 1308 1222 1361 in
1252 1308 1368 1378 ipsa
1402 1313 1505 1370 est,
1544 1303 1769 1366 malitia,
1803 1317 1902 1372 pro
1924 1307 2088 1370 quota

533 1393 796 1464 cujusque
829 1395 1039 1452 ratione
1073 1397 1245 1466 magis
1285 1394 1520 1448 imbutas
1553 1409 1690 1448 esse.
1728 1391 1882 1457 Quod
1913 1389 2085 1442 cnim-

2190 651 2658 722 ὲξασθενησάντων
2715 650 2946 721 τηλίκων
2996 649 3051 702 δὲ
3108 647 3551 718 πονηρευμάτων,
3603 646 3752 700 ἐκσις

2192 741 2461 796 ϐάσασθαι
2510 742 2774 813 τοσαύτην
2818 742 3088 814 ὑπεροχὴν
3136 742 3193 794 ὲν
3224 742 3298 813 τῷ
3337 741 3542 812 ἀγαθῷ,
3587 742 3655 796 τά
3697 742 3754 795 δὲ

2191 835 2324 891 ἄλλα
2355 836 2492 907 μέρη
2522 837 2690 908 αὐτῆς
2725 832 2792 907 ἦν
2831 835 3084 900 πεσόντα,
3116 835 3214 888 οὐκ
3246 836 3596 906 ἀπρονοήτως
3631 834 3750 904 μὲν,

2191 929 2252 981 οὐ
2301 928 2404 998 μὴν
2445 929 2582 999 μετά
2616 931 2712 1000 τῆς
2757 928 2880 1001 ἴσης
2921 928 3175 1001 προνοίας
3216 927 3514 981 ἀπολαῦσαι
3551 926 3754 998 μᾶλλον

2194 1019 2388 1082 κακίας
2415 1020 2512 1090 τῆς
2542 1021 2597 1071 ὲν
2626 1020 2760 1091 αὐτῇ
2794 1020 2931 1074 κατά
2962 1021 3022 1073 τὸ
3054 1020 3216 1073 ποσὸν
3242 1020 3488 1073 ἕκαστον.
3532 1018 3752 1088 Ἐπειδὴ

2196 1109 2250 1162 δὲ
2291 1110 2440 1163 οὐδὲν
2473 1109 2724 1182 διάφορον
2762 1112 2888 1182 περὶ
2930 1111 3029 1182 τῆς
3066 1111 3346 1182 δυνάμεως
3386 1109 3590 1180 ταύτης
3621 1107 3752 1180 παρ’

2195 1201 2372 1253 αὐτῶν
2405 1200 2641 1269 λέγεται,
2670 1201 2782 1254 ἀλλ’
2815 1203 2974 1272 ὃμοια
3005 1201 3092 1264 διὰ
3124 1203 3303 1272 πάσης
3331 1202 3498 1272 αὐτῆς
3529 1200 3756 1270 Θεωρεῖ-

2194 1309 2302 1355 ται,
2325 1291 2582 1356 ἀπίθανος
2621 1296 2648 1345 ὁ
2674 1294 2860 1363 λόγος’
2906 1297 3024 1348 Ὅτι
3059 1297 3114 1350 ὲν
3147 1295 3246 1365 μὲν
3277 1297 3342 1366 τῇ
3385 1291 3663 1364 συμμίξει,
3695 1292 3758 1344 τὸ

2197 1385 2294 1455 μὲν
2321 1383 2528 1455 ἔμεινεν
2554 1387 2823 1457 ἀκέραιον,
2852 1389 2910 1441 τὸ
2935 1387 2990 1441 δὲ
3016 1388 3270 1460 μετέσχεν
3297 1386 3491 1449 κακίας
3517 1385 3680 1447 τινός.

531 1501 660 1541 vero
685 1488 750 1543 de
784 1490 882 1544 hac
913 1490 1111 1544 virtute
1156 1489 1291 1544 nihil
1335 1488 1405 1542 ab
1430 1487 1511 1542 eis
1541 1486 1815 1540 diversum
1860 1482 2082 1544 dicitur,
2113 1479 2208 1534 sed
2236 1495 2293 1535 se
2322 1489 2434 1534 tota
2490 1483 2685 1538 similis
2735 1482 3088 1552 ejusdemque
3128 1480 3356 1535 rationis
3409 1479 3753 1547 intelligitur,

532 1579 910 1652 improbabilis
931 1582 1177 1638 doctrina
1205 1598 1268 1637 ac
1294 1581 1561 1638 sententia
1589 1586 1702 1634 est:
1737 1575 1881 1647 quod
1945 1588 2135 1644 nempe
2180 1572 2236 1626 in
2284 1573 2660 1630 commistione
2705 1574 2849 1630 aliud
2886 1578 3156 1632 sincerum
3195 1590 3498 1645 purumque
3545 1589 3765 1628 reman-

531 1671 686 1738 serit,
721 1673 870 1730 aliud
904 1673 1112 1729 malitia
1145 1675 1379 1746 quadam
1412 1670 1748 1742 impartitum
1783 1667 1870 1723 sit.

671 1807 802 1868 CAP.
836 1808 1003 1868 XXII.
1034 1809 1200 1866 Lunw
1232 1812 1406 1869 lumen
1435 1828 1467 1866 a
1495 1809 1622 1865 sole.
1654 1807 1999 1876 Receptarum
2029 1805 2080 1857 in
2127 1819 2191 1858 ea
2218 1801 2515 1858 animarum
2543 1803 2976 1858 inconvenientia.
3008 1802 3207 1857 ercis
3238 1802 3343 1856 duo
3385 1801 3609 1856 diluvia.

601 1941 770 2010 Aiunt
798 1958 948 2010 vero,
984 1944 1151 2002 solem
1185 1953 1238 2002 et
1265 1947 1471 2011 lunam,
1497 1961 1620 2000 cum
1647 1944 1881 2004 divinam
1913 1941 2084 1996 virtu-

2259 1941 2487 2008 Λέγουσι
2519 1940 2595 2005 δὲ,
2619 1941 2701 1996 ὅτι
2730 1941 2823 1995 καὶ
2855 1941 3005 2012 ἥλιος
3031 1941 3124 1993 καὶ
3155 1939 3350 2010 σελήνη
3371 1938 3468 2009 τὴν
3495 1936 3645 1990 Θείαν
3667 1937 3759 1991 δύ-

505 2040 639 2090 ἰειη
684 2047 716 2086 a
770 2034 1001 2090 materia
1055 2035 1313 2105 paulatim
1369 2034 1752 2096 secrevissent,
1799 2031 1867 2084 ad
1923 2027 2090 2082 Deum

531 2122 924 2181 transmisisse.
970 2125 1140 2180 Porro
1187 2125 1234 2180 si
1280 2125 1364 2179 vel
1412 2140 1604 2195 parum
1649 2131 2090 2178 astronomorum

531 2213 679 2271 fores
711 2216 1012 2283 trivissent,
1038 2215 1094 2270 in
1125 2217 1237 2271 haec
1260 2215 1449 2270 (leliria
1490 2213 1634 2268 haud
1683 2213 2003 2268 incidissent
2031 2216 2090 2263 ut

528 2306 609 2362 sic
652 2307 948 2375 sentirent;
999 2322 1099 2362 nec
1142 2308 1521 2370 nescivissent,
1569 2307 1750 2361 lunam
1802 2321 1923 2376 quae
1953 2319 2089 2375 quo-

527 2399 777 2464 rumdam
805 2401 1096 2464 sententia,
1143 2401 1394 2471 suo'ipsa
1427 2401 1630 2456 lumine
1659 2407 1865 2466 careat,
1896 2415 1928 2454 a
1975 2399 2089 2455 sole

527 2489 862 2560 illuminari;
910 2493 1137 2563 ejusque
1188 2493 1313 2548 inde
1361 2509 1481 2548 esse
1530 2493 1900 2563 ﬁgurationes,
1943 2491 2088 2562 quod

527 2581 609 2636 sic
633 2582 717 2638 vel
769 2583 850 2640 sic
888 2583 1052 2640 distet
1100 2601 1129 2639 a
1172 2586 1306 2642 sole.
1344 2584 1606 2656 Tuncque
1642 2586 1799 2658 plena
1835 2585 2084 2651 ellicitur,

525 2688 651 2730 cum
677 2691 708 2730 a
735 2675 852 2732 sole
875 2675 1040 2732 distat
1067 2685 1285 2733 centum
1316 2679 1592 2749 octoginta
1626 2677 1903 2749 gradibus.
1932 2677 2087 2732 Tunc

525 2783 654 2828 vero
699 2770 757 2823 in
789 2769 936 2825 coitu
977 2777 1082 2835 est,
1119 2785 1244 2825 cum
1291 2771 1347 2826 in
1380 2771 1572 2828 eodem
1602 2787 1726 2827 cum
1755 2771 1868 2828 sole
1915 2768 2087 2841 gradu

527 2858 722 2916 fertur.
757 2859 983 2928 Deinde,
1024 2862 1296 2933 quomodo
1329 2878 1436 2917 non
1480 2865 1699 2930 mirum,
1732 2879 1838 2935 qua
1868 2863 2084 2917 tandem

524 2953 618 3008 fiat
643 2954 874 3020 ratione,
908 2963 1022 3011 tum
1069 2955 1252 3010 multae
1291 2956 1400 3011 sint
1434 2957 1627 3011 animae
1661 2964 1714 3011 et
1749 2972 1778 3010 a
1820 2951 2087 3010 diversis?

522 3042 739 3111 Etenim
783 3051 912 3103 sunt
942 3045 1129 3100 mundi
1181 3046 1355 3117 ipsius
1398 3053 1451 3101 ct
1487 3045 1822 3110 animalium,
1857 3053 1911 3098 et
1958 3043 2085 3097 stir-

521 3135 670 3207 pium
702 3143 756 3191 et
783 3134 1145 3206 nympharum
1187 3142 1240 3191 et
1279 3134 1582 3199 daemonum
1613 3153 1626 3188 :
1664 3148 1728 3188 ac
1752 3132 1805 3186 in
1835 3131 1920 3186 his
1948 3131 2085 3186 facie

521 3223 954 3295 distinguuntur,
990 3224 1316 3290 volucrium,
1366 3223 1708 3279 terrestrium
1743 3221 2080 3284 animalium,

521 3303 573 3369 ct
597 3322 789 3372 eortun
812 3309 933 3389 quae
967 3315 1240 3386 amphibia
1264 3324 1390 3371 sunt
1419 3334 1433 3370 :
1468 3315 1522 3368 in
1556 3315 1683 3368 luna
1706 3320 1884 3368 autem
1917 3326 2084 3367 unum

508 3405 794 3475 'quodoam
838 3407 1016 3462 simile
1047 3420 1246 3477 corpus
1288 3422 1502 3478 semper
1535 3405 1694 3460 nobis
1728 3402 2083 3474 conspicitur.

520 3495 663 3563 Quid
694 3502 823 3554 vero
848 3504 902 3555 et
939 3497 1052 3552 haec
1081 3500 1328 3569 corporis
1358 3497 1732 3553 continuitas?
1761 3497 1837 3551 Ac
1866 3496 2083 3566 quidem

519 3601 645 3652 cum
703 3587 833 3644 luna
889 3589 1187 3665 semiplena
1232 3598 1336 3657 est,
1395 3599 1617 3661 apparet
1668 3589 2082 3654 semicirculus;

519 3683 756 3749 cumque
797 3679 1085 3751 plusquam
1133 3682 1331 3747 media,
1380 3683 1521 3737 idem
1570 3697 1783 3738 rursus.
1835 3681 2082 3749 Quonam

518 3767 687 3840 igitur
717 3769 877 3825 modo
912 3770 967 3826 in
999 3772 1183 3835 lunam
1211 3783 1589 3839 assumuntur,
1625 3789 1688 3830 ac
1714 3791 1821 3853 quo
1844 3789 1956 3830 usa:
1987 3789 2080 3826 ve-

520 3860 739 3928 hiculo?
772 3860 830 3916 Si
876 3865 1022 3919 enim
1071 3865 1188 3920 leve
1230 3877 1315 3922 est
1357 3867 1502 3921 velut
1533 3867 1696 3937 ignis,
1749 3883 1857 3921 non
1904 3867 2080 3922 solum

517 3967 616 4029 par
640 3953 708 4015 ad
743 3955 928 4014 lunam
969 3957 1217 4020 evadere.
1250 3958 1346 4014 sed
1393 3961 1644 4030 superius
1683 3959 1948 4030 quidquid
1997 3968 2082 4014 est

519 4047 907 4104 transcendere
939 4067 951 4115 ;
985 4049 1069 4104 sin
1101 4045 1280 4106 autem
1310 4067 1491 4122 grave,
1524 4068 1624 4108 nec
1654 4045 1976 4126 a‘brincipio
2013 4053 2080 4107 ad

517 4137 702 4195 lunam
738 4139 865 4203 licet
902 4141 1186 4214 attingere.

585 4229 847 4300 Quaenam
877 4249 1006 4290 vero
1032 4236 1169 4296 ratio
1212 4245 1316 4301 est,
1355 4244 1414 4292 ut
1452 4237 1598 4307 quod
1626 4237 1860 4309 primum
1905 4238 1972 4292 ad
2002 4239 2080 4296 lu-

515 4337 642 4378 nam
687 4325 924 4393 advenit,
952 4342 1062 4383 non
1109 4330 1293 4386 statim
1340 4329 1407 4384 ad
1449 4331 1618 4386 solem
1649 4331 2074 4397 transmittatur,

516 4415 612 4471 sed
640 4426 918 4489 exspectet
962 4435 1086 4474 cum
1118 4422 1276 4497 plena
1325 4429 1426 4489 est,
1460 4423 1588 4476 dum
1620 4423 1842 4493 reliqua;
1884 4425 2078 4480 anima:

517 4502 848 4578 adveniant?
874 4510 1008 4566 Cum
1049 4513 1218 4584 igitur
1249 4515 1374 4580 luna
1409 4529 1528 4587 qua:
1561 4515 1720 4585 plena
1767 4524 1932 4582 esset,
1982 4518 2076 4571 de-

515 4603 734 4669 crescit,
781 4603 953 4663 virtus
986 4619 1051 4660 co
1081 4615 1324 4677 tempore
1357 4592 1448 4673 ubi
1479 4616 1696 4673 manet;
1747 4609 1920 4664 donec
1954 4627 2075 4680 qua:
2103 4641 2152 4702 υ

513 4693 740 4762 vacuata
775 4695 952 4750 fuerat
990 4698 1264 4767 prioribus
1301 4699 1610 4760 animabus,
1643 4699 1786 4755 haud
1819 4716 1980 4755 secus
2011 4717 2076 4755 ac

512 4786 646 4842 urbs
691 4787 955 4856 desolata,
999 4790 1160 4844 aliam
1205 4805 1423 4846 rursum
1466 4792 1736 4846 coloniam
1772 4793 1898 4847 luna
1938 4793 2076 4849 reci-

511 4877 668 4947 piat?
710 4878 840 4934 Erat
872 4881 1017 4938 cnim
1049 4883 1210 4938 etiam
1260 4883 1552 4940 thesaurus
1599 4885 1819 4956 quidam
1853 4887 1908 4940 in
1941 4903 2076 4957 qua-

510 4970 636 5037 dam
663 4978 825 5029 terra:
855 4981 1007 5044 parte
1041 4973 1432 5046 segregandus,
1478 4979 1562 5033 vel
1605 4979 1854 5045 nubium,
1884 4981 1968 5035 vel
2002 4981 2075 5034 al-

508 5064 682 5130 terius
709 5064 993 5135 cujusdam
1020 5066 1158 5135 loci;
1183 5069 1274 5123 ubi
1307 5071 1501 5124 anima:
1531 5083 1888 5148 congregatae,
1915 5088 2076 5143 para-

507 5153 581 5213 ιε
610 5164 796 5218 essent
819 5167 878 5213 ut
907 5157 975 5220 ad
1005 5162 1190 5217 lunam
1211 5165 1664 5239 commigrarent.

583 5339 780 5401 Verum
817 5343 922 5402 alia
963 5362 1157 5414 rursus
1186 5351 1416 5421 emergit
1440 5353 1688 5422 quaestio.
1724 5350 1865 5418 Quid
1907 5350 2073 5419 igitur

507 5441 690 5493 causa:
720 5443 804 5499 est
827 5453 926 5498 cur
956 5456 1064 5495 non
1096 5444 1279 5501 statim
1307 5446 1618 5514 repleatur?
1638 5457 1732 5501 aut
1757 5463 1855 5501 cur
1877 5463 2072 5504 rursus

506 5528 625 5585 dies
653 5531 966 5602 quindecim
997 5537 1312 5606 exspectat?
1339 5537 1449 5593 Nec
1482 5538 1628 5593 istud
1667 5540 1932 5596 minorem
1970 5541 2072 5595 ha-

507 5615 597 5678 bet
631 5625 1066 5693 admirationem,
1108 5644 1269 5697 quam
1300 5645 1363 5684 ea
1395 5647 1515 5701 qua:
1556 5631 1701 5686 dicta
1733 5644 1893 5700 sunt;
1926 5634 2071 5704 quod

507 5729 785 5784 nunquam
820 5716 889 5772 ab
928 5719 1076 5772 omni
1108 5727 1254 5775 retro
1290 5719 1573 5775 hominum
1623 5726 1883 5778 memoria
1915 5735 2070 5780 extra

505 5805 1031 5878 quintumdecimum
1063 5809 1206 5865 diem
1258 5812 1385 5865 luna
1436 5813 1592 5882 plena
1649 5814 1770 5869 fuit.
1816 5816 1958 5882 Quin
2001 5833 2070 5872 ne

506 5897 701 5960 diluvii
741 5898 960 5973 quidem
990 5909 1230 5974 tempore
1260 5903 1362 5960 sub
1405 5902 1752 5972 Deucalione,
1787 5907 2068 5974 magisque

2193 2043 2370 2097 ναμιν,
2401 2029 2539 2082 κατά
2569 2030 2759 2102 μικρὸν
2782 2031 3153 2101 διακρίναντες
3177 2029 3281 2082 ἀπὸ
3309 2029 3408 2100 τῆς
3438 2028 3590 2100 ὕλης,
3615 2030 3756 2100 πρὸς

2189 2120 2278 2174 τὸν
2298 2121 2427 2175 Θεὸν
2456 2121 2840 2194 παρέπεμψαν.
2862 2118 2926 2175 Εἴ
2943 2121 2985 2174 δ’
3007 2117 3145 2193 ἦσαν
3172 2121 3264 2187 καὶ
3284 2119 3426 2176 κατά
3455 2121 3651 2192 μικρὸν
3674 2122 3758 2183 είς

2189 2214 2538 2285 ἀστρονόμων
2570 2214 2739 2286 Θύρας
2787 2216 3176 2286 φοιτήσαντες,
3213 2214 3313 2266 οὐκ
3347 2212 3414 2267 ἂν
3451 2213 3624 2266 ταῦτα
3659 2229 3758 2265 πε-

2189 2305 2455 2361 πόνθεσαν
2481 2323 2494 2336 ·
2541 2306 2662 2359 οὔτε
2713 2307 2984 2378 ἠγνόησαν
3031 2307 3116 2370 ἂν,
3157 2307 3238 2360 ὅτι
3286 2308 3320 2376 ἡ
3369 2306 3564 2377 σελήνη
3611 2306 3759 2371 κατά

2186 2415 2337 2461 τινας
2360 2397 2588 2470 ἄμοιρος
2626 2395 2759 2454 οὖσα
2794 2399 2922 2452 ἰδίου
2958 2400 3151 2470 φωτὸς,
3191 2399 3295 2452 ὑπὸ
3330 2398 3424 2452 τοῦ
3466 2399 3615 2470 ἡλίου
3657 2417 3757 2452 κα-

2186 2490 2544 2562 ταλάμπεταιο
2572 2493 2665 2546 καὶ
2685 2494 2765 2546 ὅτι
2793 2493 2842 2544 οἱ
2871 2493 3240 2564 σχηματισμοὶ
3267 2493 3438 2562 αὐτῆς
3465 2495 3569 2552 είσι
3601 2491 3756 2562 παρὰ

2187 2583 2285 2647 τὰς
2321 2583 2414 2638 τοῦ
2442 2584 2590 2655 ἡλίου
2628 2586 2970 2649 διαστάσειςο
3016 2585 3348 2657 πανσέληνός
3386 2602 3444 2638 τε
3485 2585 3754 2653 γίγνεται,

2186 2675 2263 2728 ὅτ’
2291 2674 2357 2729 ἂν
2390 2677 2566 2752 ἀπέχῃ
2601 2677 2695 2730 τοῦ
2737 2677 2884 2748 ήλίου
2925 2677 3024 2742 τὰς
3062 2677 3254 2732 ἑκατὸν
3292 2677 3387 2730 καὶ
3428 2677 3757 2748 ὀγδοήκοντα

2190 2768 2409 2839 μοίραςδ
2455 2770 2670 2833 σύνοδος
2710 2770 2786 2833 δὲ,
2831 2771 2908 2824 ὅτ’
2932 2770 2998 2824 ἂν
3037 2771 3128 2823 ἐπὶ
3169 2769 3268 2841 τῆς
3308 2769 3478 2840 αὐτῆς
3514 2768 3591 2839 τῷ
3616 2768 3757 2838 ἡλίῳ

2187 2860 2418 2931 φέρηται
2445 2861 2655 2934 μοίρας.
2685 2863 2913 2915 Ἔπειτα
2940 2862 2997 2915 δὲ
3021 2861 3135 2926 πῶς
3160 2863 3220 2914 οὺ
3253 2861 3580 2932 θαυμαστὸν,
3606 2861 3756 2926 ὅπως

2188 2951 2318 3004 ποτὲ
2352 2951 2540 3006 πολλαὶ
2571 2949 2725 3006 οὖσαι
2765 2955 2817 3006 αί
2847 2953 3017 3024 ψυχαὶ
3039 2954 3132 3008 καὶ
3171 2952 3280 3006 ἀπὸ
3307 2953 3576 3025 διαφόρων
3598 2971 3612 3019 ;
3638 2954 3755 3008 Καὶ

2186 3042 2294 3116 γὰρ
2326 3044 2417 3098 τοῦ
2451 3045 2653 3116 κόσμου
2683 3046 2846 3099 αὑτοῦ
2875 3048 2967 3100 καὶ
2992 3047 3142 3110 ζώων
3163 3047 3256 3101 καὶ
3281 3046 3463 3116 φυτῶν
3493 3046 3587 3100 καὶ
3617 3065 3753 3118 νυμ-

2187 3139 2301 3210 φῶν
2327 3141 2419 3193 καὶ
2443 3140 2707 3211 δαιμόνων
2748 3140 2902 3193 εἰσίν·
2934 3141 3024 3193 καὶ
3047 3143 3104 3192 ὲν
3133 3138 3338 3202 τούτοις
3369 3137 3603 3208 πτηνῶν,
3624 3156 3753 3210 χερ-

2189 3232 2375 3296 σαίων,
2420 3232 2692 3302 ἀμφιϐίων
2725 3231 3084 3302 διακρίνονται
3123 3233 3188 3303 τῇ
3237 3230 3385 3300 ὄψει’
3418 3230 3553 3283 ἀλλά
3596 3230 3656 3283 ἓν
3701 3247 3754 3284 τι

2193 3325 2352 3398 σῶμα
2377 3326 2558 3396 ὅμοιον
2591 3326 2676 3378 ἀεὶ
2701 3324 2786 3378 διὰ
2815 3325 3012 3389 παντὸς
3037 3324 3282 3393 φαίνεται
3319 3325 3448 3396 ἡμῖν
3479 3324 3536 3375 ἐν
3565 3327 3631 3394 τῇ
3666 3339 3756 3376 σε-

2189 3417 2342 3494 λήνῃ.
2376 3417 2440 3470 Τί
2471 3417 2526 3470 δὲ
2557 3418 2650 3470 καὶ
2675 3417 2736 3469 τὸ
2772 3417 2990 3486 συνεχὲς
3012 3413 3104 3469 τοῦ
3144 3415 3391 3487 σώματος
3423 3415 3612 3480 τοῦτο;
3641 3415 3757 3480 Καὶ,

2187 3509 2273 3562 ὅτε
2313 3509 2409 3579 μὲν
2443 3507 2726 3580 διχότομὸς
2759 3509 2905 3562 ἐστιν
2944 3509 2976 3578 ἡ
3013 3506 3230 3578 σελήνη,
3263 3507 3585 3578 φαινόμενον
3616 3509 3754 3577 ἡμι-

2187 3599 2432 3652 κύκλιον·
2480 3601 2569 3653 ὅτε
2606 3600 2664 3653 δὲ
2708 3601 3073 3673 ἀμφίκυρτος,
3111 3599 3348 3652 τοιοῦτον
3389 3598 3569 3655 πάλιν.
3624 3599 3757 3664 Πῶς

2185 3692 2651 3762 ἀναλαμϐάνονται
2697 3693 2788 3746 ἐπὶ
2822 3694 2918 3765 τὴν
2950 3694 3177 3765 σελήνην
3216 3691 3248 3766 ἢ
3293 3689 3428 3765 ποίῳ
3469 3689 3756 3767 χρώμεναι

2186 3787 2453 3856 σχήματα
2477 3787 2539 3839 El
2561 3786 2657 3857 μὲν
2677 3786 2784 3858 γάρ
2814 3787 3010 3858 κοῦφόν
3037 3789 3182 3840 ἐστιν
3207 3781 3316 3840 οἷον
3338 3787 3468 3858 πῦρ,
3498 3787 3596 3841 οὐκ
3618 3789 3750 3860 ἄχρι

2183 3877 2282 3946 τῆς
2326 3877 2552 3949 σελήνης
2600 3879 2756 3949 μόνον
2795 3879 2938 3942 είκδς
2980 3879 3229 3949 γενέσθαι
3272 3879 3359 3942 ἂν,
3393 3878 3506 3933 ἀλλ’
3541 3880 3754 3934 ἄνωθεν

2181 3966 2486 4032 διαπαντός·
2514 3969 2562 4021 εί
2591 3969 2647 4022 δὲ
2677 3968 2836 4042 βαρὺ,
2864 3971 2972 4024 οὐδ’
3001 3972 3176 4046 ἀρχὴν
3207 3971 3342 4042 πρὸς
3366 3971 3590 4043 σελήνην
3622 3973 3752 4042 dque

2182 4059 2371 4113 κέσοαι
2394 4056 2504 4116 οἷόν
2529 4079 2607 4116 τε.

2250 4246 2383 4299 Τίνα
2424 4246 2480 4300 δὲ
2520 4246 2673 4316 λόγον
2720 4247 2852 4318 ἔχει,
2888 4247 2950 4301 τὸ
2992 4249 3201 4320 πρῶτον
3237 4248 3564 4319 ἀφικόμενον
3608 4249 3752 4320 πρὸς

2183 4337 2430 4411 σελήνην,
2466 4340 2538 4412 μὴ
2584 4339 2743 4403 εὐθὺς
2783 4340 2918 4412 πρὸς
2961 4341 3109 4411 ήλιον
3150 4328 3586 4411 ἀναπέμπεσθαι,
3626 4341 3748 4394 ἀλλ’

2179 4431 2492 4500 ἐκδέχεσθαι
2536 4433 2634 4502 τὴν
2684 4433 3013 4504 πανσέληνον
3061 4432 3156 4496 τὰς
3195 4432 3303 4494 τῶν
3342 4432 3517 4487 ἄλλων
3555 4433 3748 4504 ψυχῶν

2179 4523 2499 4594 ὲπιδημίας;
2551 4525 2677 4578 Ὅτε
2722 4523 2900 4578 τοίνυν
2932 4525 3040 4578 ἀπὸ
3067 4524 3168 4594 τῆς
3214 4524 3542 4596 πανσελήνου
3581 4527 3615 4595 ή
3658 4542 3749 4578 σε-

2178 4616 2311 4688 λήνη
2357 4616 2600 4688 μειοῦται
2648 4617 3119 4690 ἀποχωριζομένη,
3159 4617 3385 4689 δύναμις
3417 4619 3506 4670 τὸν
3553 4617 3749 4689 χρόνον

2176 4709 2365 4762 τοῦτον
2405 4709 2506 4762 ποῦ
2549 4711 2722 4780 μένει,
2759 4710 2864 4774 ἕως
2901 4710 2968 4764 ἂν
3003 4711 3298 4767 κενωθεῖσα
3342 4714 3375 4784 ἡ
3407 4712 3602 4784 σελήνη
3635 4714 3748 4767 τῶν

2177 4802 2460 4874 προτέρων
2500 4802 2706 4873 ψυχῶν,
2741 4801 2991 4874 καθάπερ
3030 4803 3183 4868 πόλις
3225 4803 3446 4876 ἔρημος,
3483 4805 3748 4877 δευτέραν

2177 4895 2337 4948 πάλιν
2371 4894 2586 4966 δέξηται
2614 4895 2900 4961 ἀποικίαν;
2959 4897 3154 4968 Ἐχρῆν
3183 4897 3289 4969 γάρ
3319 4896 3623 4968 ἀφωρίσθαι
3651 4900 3748 4953 καὶ

2176 4986 2444 5058 θησαυρόν
2476 5005 2594 5040 τινα
2629 4986 2684 5039 ἐν
2705 5004 2809 5040 τινι
2835 4988 2988 5060 μέρει
3017 4989 3113 5058 τῆς
3135 4989 3256 5060 γῆς,
3292 4988 3323 5060 ἢ
3353 4989 3459 5042 τῶν
3481 4989 3746 5059 νεφελῶν,

2173 5079 2206 5150 ἢ
2237 5077 2421 5148 ἐτέρου
2452 5075 2617 5130 τόπου
2644 5074 2806 5142 τινὸς,
2845 5075 2970 5130 ἔνθα
2993 5078 3046 5130 αἱ
3070 5077 3236 5147 ψυχαὶ
3265 5077 3748 5149 συναγειρόμεναι,

2173 5172 2387 5242 ἕτοιμαι
2416 5169 2692 5240 γίγνονται
2727 5169 2862 5240 πρὸς
2888 5169 2987 5239 τὴν
3027 5168 3318 5240 ἐπιδημίαν
3342 5169 3440 5240 τὴν
3477 5170 3613 5240 πρὸς
3658 5185 3750 5223 σεε

2173 5261 2358 5335 λήνην.

2257 5354 2416 5408 Ἀλλά
2446 5355 2604 5410 πάλιν
2632 5355 2833 5427 ἀπορία
2871 5353 3048 5425 ἑτέρα.
3095 5353 3194 5406 Διά
3223 5354 3275 5406 τί
3306 5353 3482 5406 τοίνυν
3513 5352 3614 5406 οὐκ
3648 5354 3746 5406 εὑ-

2173 5447 2269 5510 Θὺς
2313 5447 2647 5518 πληροῦται;
2689 5446 2722 5518 ἢ
2765 5445 2852 5500 διά
2891 5446 2944 5498 τί
2992 5446 3151 5499 πάλιν
3195 5445 3294 5508 τὰς
3348 5446 3744 5498 πεντεκαίδεκα

2170 5541 2386 5612 ἡμέρας
2429 5539 2736 5609 περιμένει;
2779 5541 2892 5594 Οὐκ
2927 5539 3142 5592 ἔλαττον
3189 5539 3243 5591 δὲ
3276 5537 3383 5591 τῶν
3432 5536 3744 5608 εἰρημένων

2172 5629 2479 5704 θαυμαστὸν
2499 5633 2592 5685 καὶ
2620 5631 2796 5694 τοῦτο,
2824 5631 2884 5684 τὺ
2914 5631 3200 5704 μηδέποτε,
3229 5631 3320 5700 ἀφ’
3348 5625 3407 5684 οὗ
3432 5629 3740 5702 μέμνηνται

2170 5727 2220 5779 οἱ
2253 5726 2544 5796 ἄνθρωποι,
2574 5723 2672 5795 τὴν
2701 5725 2928 5796 σελήνην
2960 5725 3116 5787 ἐκτὸς
3163 5722 3554 5777 πεντεκαίδεκα
3598 5723 3739 5792 ἡμε-

2173 5817 2282 5888 ρῶν
2311 5815 2720 5887 πεπληρῶσθαι.
2762 5815 2921 5870 Ἀλλά
2945 5817 3018 5887 μὴ
3042 5816 3085 5869 δ’
3111 5818 3203 5869 ἐπὶ
3229 5815 3321 5869 τοῦ
3351 5813 3740 5883 κατακλυσμοῦ

2170 5909 2264 5963 τοῦ
2299 5909 2392 5963 ἐπὶ
2423 5907 2785 5972 Δευκαλίωνος
2804 5925 2817 5938 ·
2849 5907 2944 5962 καὶ
2969 5907 3049 5961 ἔτι
3084 5907 3280 5964 μᾶλλον
3313 5908 3401 5961 ἐπὶ
3424 5903 3739 5968 Φοοωνέως·
