3980 6318
236 427 329 479 μὶ

1116 416 1530 474 TRACTA'I‘US
1568 416 1655 471 DE
1692 414 2003 471 PLACITIS
2041 412 2589 471 MANICH/EORUM.

3337 402 3447 455 ΗΞ

233 544 316 597 ὅτε
348 542 549 605 πάντα,
580 542 654 605 ὡς
686 544 874 605 εἰπεῖν,
904 542 970 594 τὰ
992 542 1081 594 ἐπὶ
1102 541 1205 611 γῆς
1238 541 1519 612 διεφθάρη,
1551 543 1643 594 καὶ
1666 541 1786 593 πολ-

1899 538 2079 593 adhuc
2126 538 2229 592 sub
2270 536 2573 597 Pboroneo,
2621 529 2837 603 quando
2864 542 2927 584 ea
2961 541 3080 597 quae
3105 528 3257 578 erant
3288 537 3449 593 super

234 635 327 706 λὴν
357 634 459 705 τὴν
483 634 707 705 δύναμιν
738 632 931 702 συνέϐη
963 632 1331 704 διακεκρίσθαι
1360 634 1457 701 τῆς
1490 632 1637 703 ὕλης.
1672 634 1792 685 Χω-

232 726 315 797 ρὶς
359 724 417 776 δὲ
459 724 665 777 τούτων
707 724 799 776 καὶ
841 721 1009 793 φορὰς
1050 722 1248 790 γενεῶν
1290 723 1381 774 καὶ
1426 722 1654 791 ἀφορίας
1700 723 1792 773 καὶ

232 817 443 888 φθορὰν
485 817 685 887 ὁμοίως
721 817 938 868 σκοπεῖν
979 814 1281 885 προσῆκεν·
1317 806 1390 866 ὧν
1421 811 1677 874 ὡσαύτως
1720 810 1794 883 μὴ

231 909 534 982 γινομένων
562 909 700 963 κατὰ
727 909 896 975 τάξιν,
931 908 1035 981 χρὴ
1067 909 1196 979 μηδὲ
1222 906 1317 979 τήν
1349 906 1499 971 τάξιν
1527 908 1633 961 τῶν
1666 926 1795 961 παν-

234 1002 490 1072 σελήνων,
522 1001 656 1072 μηδὲ
685 1000 790 1055 τῶν
821 999 1091 1070 μειώσεων
1119 999 1258 1051 οὑτω
1286 997 1585 1069 τηρεῖσθαι.

1897 638 2119 695 terram,
2150 637 2210 683 ut
2254 629 2334 683 sic
2377 628 2577 686 dicam.
2621 623 2803 677 omnia
2850 620 3193 680 interierunt,
3234 616 3450 684 vimque

1897 736 2144 791 magnam
2185 720 2404 774 virtutis
2451 716 2677 786 contigit
2706 730 2737 766 a
2783 710 3006 765 materia
3045 706 3335 777 segregari.
3367 704 3450 757 Ad

1892 812 2005 865 haec
2048 825 2177 866 vero
2204 811 2364 864 etiam
2394 809 2802 879 generationum
2830 807 3123 872 proventus
3156 811 3449 865 earumque

1894 900 2137 955 delectus
2185 915 2246 953 ac
2284 898 2586 959 frustratio,
2637 894 2993 961 similiterque
3039 888 3447 956 corruptionum

1893 991 2215 1044 attendeuda
2245 1000 2431 1055 erant;
2464 1003 2582 1058 quze
2608 1001 2731 1040 cum
2759 982 2949 1039 eodem
2987 980 3148 1037 modo
3177 987 3229 1033 et
3260 977 3449 1031 ordine

1891 1097 2002 1136 non
2034 1082 2305 1145 eveniant,
2344 1096 2442 1135 nec
2478 1077 2900 1151 pleniluniorum
2945 1072 3101 1135 ordo,
3139 1084 3240 1124 nec
3261 1068 3447 1123 decre-

1892 1174 2099 1228 scentis
2122 1174 2262 1227 lunaz
2287 1180 2528 1241 tempora
2560 1171 2638 1224 sic
2670 1165 3011 1223 observanda
3036 1168 3212 1219 erant.
3505 1147 3513 1165 ⁸

231 1305 362 1361 CAP.
401 1302 592 1361 XXIII.
630 1304 814 1378 Imago
846 1306 1087 1383 Materia:
1112 1309 1166 1361 in
1202 1308 1331 1383 so_l_e,
1362 1307 1429 1361 ad
1450 1324 1605 1383 quam
1624 1310 1775 1365 homo
1800 1328 1818 1365 :
1845 1330 1993 1383 nuga:
2028 1332 2087 1367 ac
2116 1313 2380 1367 delirium.
2416 1312 2673 1365 Delirium
2704 1311 2847 1383 item,
2878 1307 3136 1362 hominem
3160 1320 3192 1356 a
3227 1301 3448 1355 materia

792 1395 901 1432 esse
922 1378 1207 1433 conditum.
1244 1378 1437 1443 Homo,
1472 1380 1549 1433 vel
1580 1378 1945 1451 compositum,
1979 1386 2055 1438 vel
2082 1386 2281 1446 anima,
2319 1383 2394 1437 vel
2423 1400 2563 1436 mens
2592 1392 2637 1435 et
2664 1382 2891 1433 animus.

300 1497 375 1550 Οὑ
410 1497 707 1568 παρέργως
732 1497 788 1549 δὲ
830 1497 949 1550 οὑδὲ
989 1498 1161 1569 τούτῳ
1207 1501 1553 1569 προσεκτέον.
1601 1502 1720 1554 Ὅτι
1746 1503 1794 1553 εἰ

241 1590 335 1661 μὲν
364 1590 592 1661 ἄπειρός
636 1594 780 1643 ἐστιν
814 1593 846 1661 ἡ
891 1592 1283 1662 ὲναποκειμένη
1324 1596 1388 1663 τῇ
1432 1592 1531 1665 ὕλῃ
1569 1592 1793 1662 δύναμις

237 1681 367 1745 θεία,
403 1682 541 1751 πρὸς
568 1683 628 1734 τὸ
657 1681 935 1752 μειοῦσθαι
976 1684 1144 1753 αὑτὴν
1163 1683 1313 1736 οὐδὲν
1342 1683 1580 1747 δύναται,
1618 1683 1652 1737 ἂ
1676 1683 1790 1737 δια-

236 1773 706 1843 πραγματεύονται
724 1774 873 1842 ἥλιος
895 1774 989 1827 καὶ
1010 1775 1225 1846 σελήνη.
1248 1775 1319 1826 Τὸ
1346 1775 1453 1846 γὰρ
1477 1775 1791 1845 λειπόμενον

236 1862 389 1915 πάλιν
432 1864 660 1934 ἄπειρον
704 1864 810 1917 ἀπὸ
856 1865 1268 1935 πεπερασμένου
1330 1866 1423 1919 τοῦ
1473 1864 1785 1937 ληφθέντος.

1967 1500 2044 1555 Ac
2070 1516 2171 1556 nec
2202 1499 2346 1555 istud
2379 1497 2718 1553 defunctorie
2745 1496 2955 1564 levique
2984 1504 3147 1561 opera
3173 1486 3447 1542 attenden-

1897 1591 2045 1645 dum.
2076 1590 2277 1660 Nempe
2316 1590 2362 1645 si
2394 1589 2602 1642 inﬁnita
2640 1597 2723 1642 est
2758 1585 2938 1639 divina
2974 1582 3149 1636 virtus
3181 1594 3300 1649 quae
3336 1594 3449 1631 ma-

1894 1682 2044 1739 teria:
2086 1682 2257 1737 indita
2302 1689 2405 1745 est,
2439 1680 2505 1734 ad
2535 1694 2653 1735 eam
2699 1674 3047 1732 minuendam
3084 1672 3221 1726 nihil
3251 1670 3448 1733 valent,

1892 1782 2312 1844 quantacunque
2354 1773 2435 1827 sol
2482 1780 2535 1827 et
2579 1773 2704 1825 luna
2752 1768 3065 1824 moliantur.
3112 1763 3264 1830 Quod
3304 1764 3448 1817 enim

1892 1866 2158 1935 reliquum
2188 1872 2291 1929 est,
2334 1866 2400 1919 ab
2432 1865 2522 1918 illo
2553 1863 2703 1917 [inito
2734 1860 2880 1930 quod
2920 1866 3193 1927 sumptum
3225 1862 3331 1918 est,
3368 1854 3449 1907 in-

234 1953 297 2006 Ei
324 1954 379 2007 δέ
411 1933 1009 2026 ἐστινπεπερασμένη,
1052 1933 1215 2027 ἐχρῆν
1262 1956 1508 2028 αἴσθησιν
1527 1933 1786 2025 γενέσθαι

1893 1933 2102 2011 [initum
2130 1968 2232 2012 est.
2257 1957 2410 2024 Quod
2445 1958 2489 2011 si
2516 1965 2599 2011 est
2633 1955 2803 2018 ﬁnita,
2840 1966 3005 2008 sensu
3039 1947 3446 2019 percipiendum

235 2048 289 2098 ὲν
314 2046 549 2116 τοσούτῳ
580 2047 755 2117 χρόνῳ
794 2047 957 2099 πόσον
988 2049 1117 2099 ποτὲ
1146 2048 1242 2117 τῆς
1266 2048 1553 2117 δυνάμεως
1585 2047 1787 2118 ταύτης

232 2138 295 2191 ἐκ
320 2137 412 2191 τοῦ
442 2139 649 2208 κόσμου
681 2138 938 2210 ὲμειώθη.
980 2139 1141 2192 Ἀλλὰ
1169 2141 1344 2193 πάντα
1372 2140 1573 2209 ὁμοίως
1615 2140 1782 2210 μένει.

234 2230 388 2293 Τίνας
425 2230 486 2293 δὲ
535 2229 739 2301 θυμοὺς
787 2232 882 2302 οὑχ
932 2232 1272 2302 ὑπερϐέϐηκε
1314 2231 1392 2301 τῷ
1425 2231 1668 2302 ἀπιθάνῳ
1695 2233 1786 2286 καὶ

234 2321 416 2384 ταῦτα,
445 2322 538 2374 ὅτε
585 2321 724 2374 κατὰ
762 2320 857 2393 τὴν
898 2322 1152 2392 ὀφθεῖσαν
1184 2323 1241 2374 ἐν
1282 2322 1415 2393 ἡλίῳ
1460 2322 1641 2375 εἰκόνα
1688 2322 1787 2393 τῆς

234 2415 356 2485 ὕλης
384 2414 478 2467 τὸν
506 2414 787 2485 ἄνθρωπον
825 2414 1208 2486 δημιούργημα
1246 2411 1383 2468 εἶναι
1413 2416 1647 2482 λέγωσι;
1679 2416 1788 2468 Καὶ

234 2506 335 2575 γὰρ
360 2504 572 2566 εἰκόνες
601 2504 791 2556 εἴδωλα
832 2506 935 2557 εἰσί
962 2505 1069 2559 τῶν
1112 2505 1448 2577 ἁρχετύπων.
1487 2507 1548 2558 Εἰ
1576 2506 1619 2559 δ’
1652 2506 1786 2575 ἡλίῳ

232 2598 319 2668 τήν
350 2598 537 2653 εἰκόνα
559 2596 958 2662 καταλείπουσι,
1022 2598 1122 2651 ποῦ
1153 2599 1212 2651 τὸ
1256 2599 1617 2669 παράδειγμα,
1651 2598 1788 2669 πρὸς

228 2690 356 2761 ὅπερ
392 2692 427 2765 ἡ
463 2687 627 2742 εἰκὼν
660 2690 841 2750 αὑτοῖς
872 2690 1313 2755 ἁναπέπλασταις
1351 2691 1422 2743 Οὑ
1454 2691 1561 2761 γὰρ
1596 2690 1659 2760 δὴ
1689 2691 1785 2743 αὑ-

232 2781 315 2832 τόν
344 2798 406 2850 γε
454 2782 549 2834 τὸν
581 2780 863 2851 ἄνθρωπον
894 2783 1121 2851 φήσουσι
1166 2781 1255 2834 τὸν
1293 2781 1459 2843 ὅντως
1503 2780 1786 2851 ἄνθρωπον

228 2868 390 2926 εἶναι’
425 2873 549 2925 οὑδὲ
585 2873 683 2943 τὴν
717 2872 940 2944 δύναμιν
969 2874 1064 2943 τὴν
1094 2872 1261 2927 Θείαν.
1300 2873 1510 2945 Ταύτην
1548 2876 1644 2944 μὲν
1677 2874 1785 2944 γὰρ

229 2963 363 3033 πρὸς
410 2963 509 3034 τὴν
555 2963 689 3034 ὓλην
739 2963 1084 3035 μιγνύουσιν
1133 2967 1190 3017 ὲν
1219 2966 1351 3036 ἡλίῳ
1382 2966 1438 3018 δὲ
1477 2966 1572 3038 τὴν
1603 2967 1785 3020 εἰκόνα

230 3056 497 3127 ἑωρᾶσθαι
530 3055 799 3125 λέγουσιν,
825 3056 883 3118 ὃς
908 3056 1121 3125 ἐγένετο
1162 3057 1279 3109 κατ’
1312 3058 1505 3119 αὑτοὺς
1543 3058 1650 3111 ἀπὸ
1686 3056 1786 3129 τῆς

230 3147 366 3218 πρὸς
401 3148 500 3218 τήν
541 3146 675 3217 ὓλην
724 3145 947 3217 ὕστερον
986 3146 1324 3217 διακρίσεως.
1377 3147 1511 3199 Ἀλλ’
1541 3147 1659 3199 οὑδὲ
1688 3147 1783 3219 τὴν

226 3238 621 3310 δημιουργικὴν
666 3238 870 3292 αἰτίανθ
906 3237 1105 3308 ταύτην
1136 3238 1241 3310 γὰρ
1274 3238 1365 3291 ἐπὶ
1402 3240 1642 3310 σωτηρίᾳ
1687 3239 1784 3307 τῆς

229 3332 368 3393 θείας
392 3331 678 3400 δυνάμεως
703 3329 1157 3399 καταπεπέμφθαι
1183 3330 1330 3399 (paci-
1357 3330 1450 3381 καὶ
1478 3329 1611 3399 πρὸς
1632 3327 1782 3398 ἡλίου

230 3424 343 3474 κατ’
375 3423 579 3483 αὐτοὺς
607 3420 827 3483 πάντως
858 3437 921 3489 γε
949 3420 1153 3490 ταύτην
1181 3419 1424 3473 τακτέον·
1470 3418 1781 3488 ἐπειδήπερ,

232 3514 529 3585 ἀσιγμένης
550 3512 740 3582 αὑτῆς,
760 3512 848 3565 τὸν
870 3512 1016 3583 ήλιον
1039 3513 1131 3565 καί¹
1154 3511 1251 3593 τήν
1276 3510 1503 3581 σελήνην
1532 3509 1630 3582 τῆς
1655 3508 1784 3580 ὕλης

230 3602 621 3675 ἀποκεκρίσθαι
656 3601 1017 3674 συμϐέϐηκεν.

307 3871 390 3923 Ἐν
412 3871 552 3942 ἡλίῳ
584 3870 642 3923 δὲ
671 3871 767 3940 τὴν
789 3870 966 3924 εἰκόνα
1001 3870 1273 3943 ἑωρᾶσθαι
1312 3870 1543 3939 λέγουσι’
1561 3871 1785 3942 πεποίη-

224 3982 316 4017 κεν
374 3964 427 4016 δὲ
450 3967 484 4035 ἡ
524 3963 647 4035 ὓλη,
680 3964 831 4031 φασὶ,
854 3962 941 4016 τὸν
966 3962 1264 4033 ἄνθρωπον.
1298 3963 1413 4016 Τίνι
1451 3963 1578 4015 ποτὲ
1603 3963 1785 4033 τρόπῳ

221 4056 252 4125 ή
287 4055 441 4119 πῶςς
470 4056 608 4108 Οὑδὲ
640 4054 748 4126 γὰρ
781 4054 1082 4109 πλάσασθαί
1105 4072 1168 4123 γε
1198 4052 1352 4107 τοῦτο
1382 4054 1620 4109 δυνατόν.
1644 4055 1785 4126 Πρὸς

220 4144 330 4215 γὰρ
363 4144 438 4213 τῷ
473 4144 688 4197 εἴδωλον
714 4142 933 4196 εἰδώλου
965 4143 1055 4194 τὸν
1099 4142 1381 4210 ἄνθρωπον
1413 4142 1678 4213 ὑπάρχειν
1705 4140 1788 4194 οὑ-

220 4253 329 4299 τως
364 4254 425 4304 γε
452 4236 576 4289 κατ’
602 4235 818 4299 αὑτοὺς,
849 4236 942 4289 καὶ
977 4233 1243 4305 μηδεμίαν
1296 4234 1437 4303 ἔχειν
1468 4234 1782 4296 ὑπόστασιν,

221 4328 297 4380 ἔτι
336 4328 455 4379 οὐδὲ
486 4329 565 4390 εἰς
591 4326 793 4381 ἔννοιάν
827 4329 968 4379 ἐστιν
1012 4326 1166 4395 ἥκειν
1194 4325 1484 4395 δυνάμενα.
1527 4325 1641 4387 πῶς
1690 4326 1788 4395 τῆς

222 4418 361 4489 ὕλης
414 4419 573 4488 ἔργον
625 4418 771 4471 ἐστὶν
802 4420 831 4470 ὁ
874 4416 1171 4487 ἄνθρωπος.
1226 4416 1298 4468 To
1348 4416 1454 4485 γὰρ
1485 4414 1788 4483 λογίζεσθαι

219 4514 308 4564 καὶ
348 4510 627 4563 αἰσθέσθαι
656 4509 775 4561 οὑδὲ
799 4510 894 4580 τῆς
950 4510 1069 4562 κατ’
1098 4508 1292 4573 αὐτοὺς
1323 4508 1452 4578 ὕλης
1500 4509 1663 4562 ἐστίν.
1694 4507 1788 4571 Τίς

1892 2058 2058 2111 esset,
2086 2064 2180 2118 per
2220 2056 2367 2102 tanta
2419 2048 2721 2111 intervalla,
2771 2051 3031 2115 quantum
3066 2040 3280 2094 tandem
3330 2038 3449 2105 ejus

1892 2142 2127 2204 virtutis,
2157 2160 2187 2196 e
2212 2140 2411 2195 mundo
2437 2140 2704 2193 minutum
2739 2142 2903 2192 esset.
2936 2136 3001 2187 At
3035 2134 3215 2187 omnia
3251 2132 3446 2187 simili-

1891 2241 1974 2287 ter
1999 2240 2368 2302 perseverant.
2414 2231 2560 2298 Quos
2592 2246 2719 2284 vero
2751 2231 2961 2283 animos
2996 2239 3297 2294 sensusque
3332 2222 3447 2275 haec

1890 2340 2111 2395 quoque
2140 2341 2249 2379 non
2282 2338 2565 2380 excessere
2617 2330 2675 2377 ut
2725 2322 2880 2375 ﬁdem
2931 2320 3165 2388 aliquam
3204 2329 3447 2369 merean-

1892 2426 1999 2481 tur,
2036 2432 2159 2474 cum
2204 2424 2449 2471 creatum
2495 2414 2680 2468 dicant
2728 2413 3003 2466 hominem
3050 2419 3210 2477 atque
3249 2406 3448 2459 forma-

1891 2523 2004 2566 tum
2034 2512 2101 2567 ad
2141 2512 2378 2565 materiae
2419 2510 2710 2579 imaginem
2740 2508 2796 2561 in
2848 2506 2962 2561 sole
2990 2504 3197 2559 visam?
3237 2498 3449 2569 Quippe

1892 2605 2150 2675 imagines
2197 2602 2489 2657 simulacra
2534 2607 2662 2655 sunt
2698 2598 2963 2669 nudaeque
3012 2591 3449 2665 repraesentatioc

1892 2710 1990 2750 nes
2036 2694 2339 2764 principum
2387 2692 2707 2747 formarum.
2758 2690 2915 2756 Quod
2963 2689 3010 2744 si
3062 2686 3350 2756 imaginem
3392 2684 3446 2736 in

1890 2787 2004 2841 sole
2029 2786 2333 2847 includunt,
2370 2784 2590 2837 ubinam
2638 2782 2913 2851 exemplar
2944 2780 3009 2833 ad
3038 2778 3182 2850 quod
3214 2778 3294 2832 eis
3338 2776 3446 2831 elli-

1890 2885 1978 2932 cta
2016 2886 2100 2933 est
2124 2878 2331 2948 imago?
2361 2876 2515 2931 Haud
2546 2891 2676 2931 sane
2728 2875 2871 2929 enim
2916 2872 3197 2926 hominem
3247 2870 3446 2939 ipsum,

1891 2984 2015 3023 vere
2040 2968 2334 3033 hominem,
2367 2968 2565 3021 dicturi
2597 2975 2754 3031 sunt;
2796 2979 2971 3033 neque
3000 2962 3241 3017 divinam
3276 2961 3440 3014 virtu.

1890 3070 2194 3115 temznam
2253 3058 2393 3112 hanc
2447 3056 2661 3127 quidem
2717 3070 2841 3108 cum
2898 3052 3128 3107 materia
3183 3050 3448 3115 miscent;

1889 3147 2177 3218 imaginem
2210 3162 2339 3201 vero
2386 3147 2439 3200 in
2476 3147 2589 3202 sole
2636 3144 2807 3198 visam
2854 3143 3083 3206 docent;
3122 3140 3235 3210 qui,
3269 3148 3330 3192 ut
3373 3138 3448 3191 illi

1888 3238 2201 3309 opinantur,
2239 3244 2428 3305 postea
2468 3233 2717 3288 conditus
2740 3239 2907 3286 estex
2946 3231 3249 3286 secretione
3283 3238 3448 3284 mate-

1886 3332 1997 3384 rim.
2028 3327 2134 3383 Sed
2164 3343 2340 3397 neque
2366 3340 2587 3380 causam
2619 3338 2799 3377 rerum
2822 3323 3069 3393 opilicem
3097 3322 3270 3376 :lianc
3304 3321 3449 3374 enim

1884 3421 2109 3475 missam
2140 3419 2308 3476 fuisse
2336 3420 2486 3473 aiunt
2516 3416 2584 3472 ad
2612 3418 2839 3472 salutem
2866 3415 3063 3469 divina:
3090 3414 3276 3467 virtuti
3310 3427 3449 3481 pra:-

1887 3512 2137 3568 standam
2171 3531 2183 3565 :
2218 3511 2439 3566 omnino
2484 3525 2591 3579 quo
2626 3510 2841 3563 illorum
2886 3506 3154 3562 sententia
3197 3505 3311 3559 hmc
3346 3504 3448 3559 soli

1888 3603 2210 3658 ascribenda
2263 3602 2367 3668 sit;
2416 3582 2621 3655 idcirco
2662 3600 2941 3664 nimirum,
2990 3598 3133 3666 quod
3178 3596 3297 3665 ejus
3347 3595 3448 3649 ad-

1884 3702 2045 3749 ventu
2094 3709 2157 3747 ac.
2204 3694 2490 3763 praesentia
2534 3691 2780 3762 contigit,
2826 3690 3099 3761 segregari
3150 3704 3181 3741 a
3220 3688 3448 3742 materia

1884 3785 2053 3840 solem
2090 3792 2143 3838 et
2174 3784 2376 3838 lunam.

1953 3872 2124 3927 Porro
2157 3874 2211 3927 in
2240 3874 2352 3928 sole
2377 3873 2562 3927 dicunt
2596 3873 2766 3927 visam
2800 3887 2923 3927 esse
2967 3872 3292 3942 imaginem;
3330 3886 3449 3926 ma-

1884 3964 2079 4019 teriam
2124 3978 2251 4018 vero
2288 3963 2477 4018 dicunt
2511 3962 2819 4018 condidisse
2866 3962 3158 4017 hominem.
3200 3962 3447 4027 Quonam

1887 4055 2107 4110 tandem
2139 4056 2321 4120 modo,
2349 4072 2523 4126 quave
2550 4054 3002 4125 ratione?Neque
3026 4056 3169 4109 enim
3189 4054 3293 4108 hoc
3324 4056 3445 4109 sani

1885 4149 2078 4219 capitis
2123 4164 2243 4204 esse
2272 4150 2446 4219 possit
2494 4155 2880 4203 commentum.
2912 4147 3275 4216 Praeterquam
3302 4146 3449 4215 quod

1886 4242 2050 4305 enim,
2091 4240 2235 4311 quod
2282 4242 2355 4298 ita
2386 4241 2642 4303 sentiant,
2674 4240 2833 4293 homo
2880 4238 3067 4293 inane.
3092 4238 3447 4293 simulacrum

1886 4332 2063 4387 inanis
2095 4332 2371 4387 simulacri
2421 4330 2637 4385 futurus
2673 4331 2764 4395 sit,
2808 4344 2870 4382 ac
2899 4329 2995 4399 qui
3038 4328 3241 4383 nullam
3263 4341 3444 4381 veram

1888 4424 2081 4478 habeat
2123 4423 2521 4487 exsistentiam,
2548 4422 2725 4475 adhuc
2755 4436 2855 4475 nec
2890 4420 2943 4473 in
2986 4428 3220 4474 mentem
3261 4418 3446 4472 venire

1890 4523 2086 4584 potest,
2117 4531 2352 4585 quonam
2387 4514 2547 4568 modo
2580 4514 2740 4567 homo
2762 4512 3000 4567 materia:
3029 4525 3167 4580 opus
3196 4508 3442 4564 exsistat.

215 4602 269 4655 δὲ
301 4604 424 4667 κατ’
454 4602 653 4663 αὑτοὺς
684 4602 713 4654 ό
740 4600 1019 4671 ἄνθρωπος
1042 4617 1056 4665 ;
1079 4598 1223 4671 *Αρά
1252 4618 1313 4669 γε
1360 4602 1421 4653 τὸ
1466 4602 1529 4652 ὲκ
1563 4602 1659 4671 τῆς
1682 4600 1783 4669 ψυ-

1890 4606 2097 4661 Etenim
2131 4608 2338 4661 ratione
2371 4621 2641 4674 sensuque
2674 4605 2773 4670 uti,
2800 4618 2909 4658 non
2938 4604 3057 4671 ejus
3088 4600 3322 4656 materiae
3341 4606 3444 4663 est.

217 4694 317 4765 χῆς
344 4694 441 4747 καὶ
472 4692 723 4764 σώματος
755 4693 965 4763 μίγμα;
994 4693 1027 4764 ἦ
1054 4693 1115 4746 τὸ
1138 4693 1343 4763 ἕτερον,
1380 4693 1414 4761 ἢ
1456 4691 1669 4763 τὸ’ὅλης
1692 4692 1785 4762 ψυ-

211 4783 317 4857 Ῑῆς
336 4786 622 4856 ἀνωτέρω,
652 4784 775 4848 νοῦς
795 4802 809 4849 ;
851 4784 985 4839 Ἀλλ’
1002 4784 1111 4838 εἴτε
1135 4784 1255 4847 νοῦς
1279 4784 1415 4845 ἐστι,
1442 4784 1556 4847 πῶς
1584 4785 1643 4837 τὸ
1663 4785 1785 4838 κάλ.

213 4874 325 4931 hev
354 4875 557 4943 γένοιτ’
590 4874 656 4928 ἂν
685 4873 776 4927 τοῦ
810 4875 1047 4946 χείρονος
1077 4874 1268 4945 ἕργον;
1294 4872 1402 4926 εἴτε
1430 4874 1593 4945 ψυχή’
1632 4873 1787 4945 (ταύ-

212 4984 309 5036 την
338 4966 399 5018 δὲ
429 4963 529 5036 τήν
564 4964 711 5018 θείαν
730 4965 953 5035 δύναμιν
984 4962 1120 5018 εῖναι
1164 4966 1380 5033 λέγουσι
1407 4966 1427 5034 )
1461 4965 1597 5028 πῶς,
1632 4965 1785 5033 ἀφαι-

213 5056 477 5127 ρούμενοι
531 5053 623 5109 τὸν
653 5054 787 5109 Θεὸν
827 5056 923 5127 τὴν
956 5055 1103 5109 θείαν
1135 5055 1388 5126 δύναμιν,
1432 5056 1635 5128 ταύτην
1679 5056 1784 5109 ὑπὸ

210 5132 308 5218 τὴν
357 5147 469 5216 τῆς
515 5146 646 5218 ὕλης
700 5147 1057 5217 δημιουργίαν
1102 5148 1561 5211 κατατάττουσιν;
1609 5149 1670 5199 Εἰ
1726 5147 1783 5199 δὲ

207 5239 270 5293 τὺ
315 5239 485 5311 σῶμα
538 5240 696 5310 μόνον
746 5240 1181 5303 καταλείπουσιν,
1224 5240 1785 5311 ἀναμιμνησκέτωσαν

209 5333 400 5397 πάλιν,
430 5332 512 5386 ὅτι
537 5330 690 5386 τοῦτο
718 5331 838 5386 καθ’
867 5332 1025 5385 ἑαυτὸ
1056 5332 1115 5384 ὃν
1145 5333 1417 5401 ἀκίνητον,
1453 5333 1550 5403 τῆς
1572 5332 1629 5385 δὲ
1656 5332 1786 5403 ὑλης

208 5428 306 5498 τὴν
349 5424 544 5480 οὐσίαν
591 5426 801 5491 κίνησιν
837 5420 974 5478 εἰναι
1009 5425 1190 5493 φασίν.
1230 5424 1389 5478 Ἀλλὰ
1445 5425 1549 5497 μὴν
1576 5425 1696 5479 οὕτε
1722 5444 1785 5495 γε

207 5518 362 5571 οὑδὲν
393 5517 518 5572 καθ’
545 5518 702 5571 ἑαυτὸ
736 5518 829 5570 ἐπὶ
876 5518 973 5588 τὴν
1004 5517 1133 5589 ὓλην
1155 5518 1379 5586 ἄγεσθαι
1408 5518 1623 5572 οἴονται.
1655 5518 1785 5571 Οὑδὲ

206 5609 262 5659 τὸ
285 5612 355 5661 ὲκ
376 5608 582 5663 τούτων
632 5610 897 5675 συνεστὼς
938 5610 1155 5679 εὑλογον
1202 5610 1403 5681 ταύτης
1444 5610 1601 5680 ἔργον
1646 5606 1785 5673 εἶναι

209 5697 641 5770 ὑπολαμϐάνειν.
697 5702 807 5755 Καὶ
838 5701 942 5773 μὴν
983 5703 1043 5754 τὸ
1093 5703 1379 5773 γενόμενον
1432 5704 1535 5756 ὑπό
1566 5722 1678 5767 του,
1703 5706 1785 5757 ὅτι

215 5792 436 5856 πάντως
468 5796 645 5865 χεῖρον
667 5794 875 5847 ἐκείνου
900 5836 913 5856 ,
951 5796 1424 5866 ἀναμφισϐήτητον
1453 5792 1589 5849 εἶναι
1618 5798 1782 5851 δοκεῖ.

214 5886 374 5949 Οὕτω
408 5885 514 5957 γὰρ
545 5889 574 5941 ό
600 5887 800 5954 κόσμος
827 5887 919 5941 τοῦ
944 5888 1283 5956 Δημιουργοῦ
1310 5892 1505 5955 χεῖρον*
1538 5890 1631 5943 καὶ
1681 5889 1784 5943 τῶν

1883 4714 2045 4769 quam
2087 4699 2189 4768 ipsi
2230 4703 2491 4753 statuunt.
2523 4696 2691 4762 Quem
2728 4710 2856 4750 vero
2882 4694 3152 4748 hominem
3181 4691 3445 4754 sentiunt,

1883 4790 2134 4860 quisnam
2164 4789 2280 4844 est?
2310 4788 2450 4843 Num
2480 4787 2625 4858 quod
2651 4804 2715 4842 ex
2753 4787 2933 4841 anima
2962 4800 3025 4839 ac
3067 4798 3295 4853 corpore
3337 4781 3441 4837 mi-

1884 4891 2027 4935 stum
2057 4880 2178 4936 est?
2198 4897 2267 4935 an
2296 4880 2545 4942 alterum,
2578 4877 2662 4931 vel
2685 4877 2828 4948 quod
2852 4884 2960 4931 tota
2991 4876 3168 4928 anima
3186 4872 3437 4943 superius

1886 4980 1989 5032 est,
2032 4986 2187 5025 mens
2226 4970 2435 5024 scilicet
2475 4976 2637 5038 atque
2680 4966 2932 5021 animus?
2976 4963 3102 5028 Sed,
3134 4963 3247 5018 sive
3291 4977 3445 5017 mens

1883 5070 1986 5128 est,
2011 5077 2245 5132 quonam
2288 5061 2447 5115 modo
2481 5059 2625 5129 quod
2678 5057 2971 5130 perfectius
3016 5063 3099 5112 est
3131 5062 3295 5125 atque
3334 5068 3444 5109 me»

1886 5154 2013 5218 lius,
2051 5153 2339 5209 deterioris
2388 5168 2525 5222 opus
2560 5150 2863 5206 exstiterit?
2901 5149 3015 5204 sive
3058 5148 3240 5201 anima
3283 5145 3445 5214 (hanc

1885 5264 2015 5303 vero
2043 5249 2282 5302 divinam
2328 5246 2581 5300 virtutem
2625 5242 2833 5311 dicunt)
2887 5240 3157 5310 quomodo
3209 5238 3442 5292 ablatam

1886 5339 1998 5397 Deo
2046 5339 2284 5393 divinam
2330 5337 2471 5392 hanc
2511 5336 2788 5399 virtutem,
2837 5332 3073 5386 materia:
3111 5329 3328 5400 opiﬁcio
3378 5342 3442 5381 ac

1886 5428 2147 5485 creationi
2196 5442 2315 5483 eam
2362 5426 2695 5494 subjiciunt?
2740 5422 2893 5489 Quod
2933 5421 2979 5475 si
3023 5421 3196 5475 solum
3244 5430 3442 5487 corpus

1884 5523 2217 5590 relinquunt,
2257 5518 2598 5575 meminerint
2624 5531 2813 5573 rursus
2842 5515 3019 5585 ipsum
3050 5527 3143 5583 per
3175 5526 3232 5565 se
3264 5510 3438 5580 ipsum

1886 5614 2157 5670 immobile
2200 5628 2341 5679 esse,
2385 5610 2731 5679 materiaeque
2778 5607 3070 5663 essentiam
3117 5611 3319 5657 motum
3357 5601 3442 5655 di-

1887 5721 2030 5761 cere.
2062 5705 2129 5757 At
2158 5718 2331 5772 neque
2360 5716 2475 5757 rem
2504 5700 2669 5753 ullam
2690 5700 2861 5768 ipsam
2892 5712 2987 5767 per
3009 5711 3066 5750 se
3086 5708 3258 5763 exque
3285 5690 3441 5762 genio

1888 5797 1952 5851 ad
1978 5796 2255 5851 materiam
2282 5795 2423 5849 trahi
2455 5793 2783 5848 existimant.
2814 5789 2921 5845 Nec
2948 5786 3091 5859 quod
3111 5803 3177 5842 ex
3207 5786 3292 5841 his
3318 5800 3441 5837 con-

1886 5890 2069 5944 ﬂatum
2126 5894 2225 5950 cst,
2274 5896 2333 5941 ut
2388 5888 2502 5959 ejus
2552 5900 2686 5944 opus
2742 5883 3079 5941 existimetur
3117 5877 3441 5934 conveniens
