3980 6318
614 398 717 453 “'5

1594 393 1984 450 ALEXANDRI
2025 392 2328 450 EPISCOPI
2365 387 2864 447 LYCOPOLITANI
3652 392 3737 448 in

615 517 718 564 est.
747 508 889 563 Sane
920 508 1063 576 quod
1094 509 1162 564 ab
1207 508 1391 578 aliquo
1423 507 1697 564 conditum
1722 515 1825 574 est,
1867 507 1918 560 id
1947 507 2038 561 illo
2074 505 2169 561 de-

2295 505 2556 576 τεχνητῶν,
2582 505 2680 557 ὅσα
2701 502 2902 556 τούτων
2934 500 3085 573 ἔργα.
3126 501 3185 553 Εἰ
3202 497 3288 556 οῦν
3316 502 3411 572 τῆς,
3430 501 3544 575 ῦλης
3568 502 3739 573 ἐργονό

616 601 784 655 terius
829 615 948 654 esse
1000 607 1058 652 ut
1113 599 1482 664 existimetur,
1537 608 1688 659 extra
1743 599 2164 657 controversiam

616 696 716 746 est.
760 687 849 743 Sic
876 688 1018 750 enim
1061 689 1298 754 mundus
1331 691 1589 747 Creatore
1630 692 1889 754 deterius,
1921 706 2012 744 seu
2042 689 2167 758 Opi-

616 780 742 845 lice;
775 785 830 834 et
866 779 1188 845 artiﬁcibus,
1233 799 1568 853 quaecunque
1617 784 1750 837 artis
1779 797 1944 852 opera
1993 787 2120 836 sunt
2149 795 2161 830 :

2270 596 2569 666 ἄνθρωπος,
2594 593 2808 654 πάντως
2842 608 2941 644 που
2980 590 3175 661 ταύτης
3208 593 3390 661 χεῖρον.
3423 590 3574 661 Ὕλης
3598 591 3644 644 δὲ
3672 595 3740 646 κά-

2271 699 2385 734 κιον
2407 682 2454 733 οἰ
2480 681 2664 750 ἄνδρες
2683 679 2828 731 οὐδὲν
2854 677 3240 730 καταλείπουσι·
3261 679 3347 730 κα)⁸
3372 679 3461 730 οὐκ
3477 678 3575 731 ἴσον
3597 684 3650 749 τῇ
3667 680 3742 752 ὕλῃ

2275 771 2561 845 μίγνυσθαι
2600 771 2707 841 τὴν,
2727 768 2873 822 θείαν
2899 767 3121 839 δύναμιν
3145 770 3234 821 καὶ
3257 769 3331 838 τῷ
3363 769 3542 840 ταύτης
3565 771 3729 840 χείρονι

615 870 755 941 quod
794 879 971 924 autem
1013 872 1237 926 materia
1276 873 1513 930 deterius
1548 874 1652 938 sit,
1689 872 1820 926 nihil
1861 872 1934 938 illi
1976 871 2165 937 volunt
2193 866 2458 943 reliquum
2504 879 2646 918 esse.
2677 859 2784 916 Nec
2837 876 2934 937 par
2977 867 3061 915 est
3121 861 3328 922 misceri
3361 861 3594 924 materiaa,
3638 869 3681 915 et
3710 863 3748 916 ei

615 964 752 1034 quod
781 963 1009 1020 materia
1035 965 1274 1026 deterius
1303 971 1394 1021 sit.

685 1057 816 1124 Quae
839 1074 973 1117 vero
1008 1061 1164 1130 quasi
1203 1061 1538 1132 indulgentia
1586 1078 1650 1117 ac
1679 1061 2050 1134 dispensando
2087 1060 2174 1124 di-

614 1158 763 1217 cunt,
789 1151 905 1205 haec
931 1167 1032 1206 nec
1050 1152 1345 1224 intelligere
1371 1155 1638 1211 videntur.
1658 1155 1796 1220 Quid
1829 1154 1972 1209 enim
1997 1167 2175 1214 causae

615 1249 717 1306 est,
749 1259 849 1297 cur
886 1242 982 1298 Dei
1012 1244 1302 1317 imaginem
1331 1248 1385 1301 in
1409 1249 1768 1303 substantiam
1801 1247 2039 1302 hominis
2061 1260 2176 1298 ma-

615 1333 808 1386 teriam
833 1335 1085 1406 alligasse
1113 1338 1424 1406 existiment
1445 1341 1470 1394 Y
1493 1341 1600 1395 Aut
1639 1356 1738 1396 cur
1765 1354 1872 1393 non
1914 1340 2030 1408 ipsa
2061 1336 2175 1392 suf-

618 1424 806 1481 liciens
844 1427 1043 1498 imago,
1076 1430 1221 1484 velut
1261 1431 1317 1485 in
1365 1433 1622 1502 speculis,
1655 1440 1715 1485 ut
1748 1431 1909 1486 homo
1949 1443 2173 1499 appare-

619 1514 738 1567 ret?
767 1514 873 1569 Aut
900 1518 1043 1572 sicut
1081 1519 1198 1589 ipse
1229 1523 1330 1587 sol,
1365 1523 1432 1576 ad
1468 1523 1709 1577 omnium
1732 1537 1852 1593 qua:
1879 1535 2171 1591 procrean-

619 1613 728 1672 tur,
758 1619 935 1662 ortum
959 1623 1022 1664 ac
1039 1613 1317 1668 interitum
1347 1613 1620 1670 sulﬁciens
1639 1622 1743 1679 est,
1768 1629 1986 1682 suaeque
2004 1611 2173 1682 ipsius

619 1699 912 1756 creationis
957 1703 1267 1774 imaginem,
1319 1722 1417 1776 pro
1461 1707 1683 1762 creandi
1719 1721 1943 1761 munere
1989 1720 2052 1759 ac
2089 1703 2172 1757 la-

2356 1052 2425 1102 ‘A
2454 1048 2510 1100 δὲ
2541 1042 2974 1114 οἰκονομούμενοι
3008 1041 3240 1109 λέγουσι,
3275 1040 3434 1094 ταῦτα
3461 1041 3556 1094 οὐδ’
3582 1043 3752 1115 ἐπινοῆ-

2281 1159 2369 1195 σαι
2399 1139 2622 1192 οἴονται.
2650 1135 2746 1188 Διά
2794 1135 2846 1186 τί
2893 1133 2998 1206 γὰρ
3031 1134 3128 1202 τῆς
3165 1133 3452 1203 κρείττονος
3499 1134 3669 1197 εἰκόνος
3693 1138 3752 1198 είς

2278 1232 2375 1304 τὴν
2407 1229 2498 1284 τοῦ
2520 1226 2800 1298 ἀνθρώπου
2827 1223 3118 1277 ὑπόστασιν
3147 1222 3241 1291 τὴν
3262 1220 3386 1291 ὓλην
3407 1221 3622 1274 δεδέσθαι
3643 1227 3758 1295 νομί-

2281 1323 2460 1388 ζουσιν
2483 1337 2498 1385 ;
2524 1320 2596 1371 Ἠ
2612 1317 2699 1371 διὰ
2720 1318 2772 1368 τί
2802 1317 2900 1368 οὑκ
2930 1313 3202 1384 αὐτάρκης
3231 1315 3262 1382 ἡ
3295 1309 3465 1374 εἰκὼν,
3487 1311 3553 1374 ὡς
3576 1314 3652 1364 ἐπὶ
3673 1312 3757 1365 τῶν

2277 1414 2614 1484 κατόπτρων,
2656 1409 2790 1480 πρὸς
2845 1406 2906 1459 τὸ
2953 1404 3244 1474 πεφηνέναι
3289 1403 3374 1455 τὸν
3411 1402 3758 1472 ἄνθρωπονςἮ

2274 1506 2524 1573 καθάπερ
2555 1502 2712 1563 αὐτὸς
2745 1502 2772 1552 6
2796 1497 2945 1568 ἥλιος
2984 1497 3118 1565 πρὸς
3154 1494 3359 1562 γένεσιν
3407 1492 3629 1555 ἁπάντων
3676 1493 3759 1545 τῶν

2273 1593 2574 1664 γινομένων.
2604 1590 2698 1643 καὶ
2752 1586 2952 1657 φθορὰν
2987 1583 3276 1654 αὐτάρκης
3305 1581 3584 1651 ἐμιμήσατο
3603 1581 3651 1634 δὲ
3687 1581 3759 1650 τὴν

2273 1685 2456 1738 εἰκόνα
2513 1679 2652 1734 κατά
2701 1679 2798 1750 τὴν
2844 1675 3056 1746 ποίησιν
3084 1674 3180 1743 τῆς
3240 1672 3490 1742 σφετέρας
3530 1670 3671 1740 αὐτῆς
3689 1671 3759 1741 δη-

620 1786 800 1842 ciendi
829 1791 1112 1849 aemulatus
1145 1802 1250 1851 est.
1280 1796 1525 1862 Quonam
1564 1796 1777 1853 tandem
1803 1797 2017 1851 illorum
2053 1809 2172 1865 qua:

2295 1771 2581 1842 ιιουργίας.
2609 1770 2725 1822 Τίνι
2754 1767 2879 1820 ποτὲ
2912 1759 2984 1826 ὧν
3012 1760 3190 1833 εἷχεν;
3222 1759 3365 1834 *Αρά
3383 1779 3443 1830 γε
3469 1764 3529 1832 τῇ
3564 1760 3761 1832 μιχθείσῃ

621 1875 824 1932 habet?
858 1879 999 1951 Ergo
1033 1883 1217 1938 divina
1249 1887 1426 1942 virtus
1457 1889 1537 1943 sic
1569 1897 1830 1956 spectata,
1867 1885 2054 1956 organi
2092 1900 2182 1939 ra-

620 1968 826 2022 tionem
874 1982 1124 2042 respectu
1188 1977 1428 2032 materia:
1470 1978 1670 2033 habet?
1719 1976 1823 2030 Sed
1873 1975 2181 2030 inordinate

621 2065 796 2128 motu,
824 2076 934 2129 quo
973 2063 1051 2116 sic
1097 2062 1270 2118 forma
1305 2068 1586 2121 materiam
1621 2065 1858 2120 imbuat?
1889 2065 2084 2119 Verum
2108 2065 2184 2120 si-

623 2148 772 2202 milia
803 2152 1006 2218 omnia,
1054 2155 1329 2226 exquisito
1372 2157 1559 2213 ordine
1607 2157 1959 2227 diligentique
1993 2171 2178 2226 opera,

621 2235 883 2296 imitando
912 2241 1074 2298 linem
1121 2255 1510 2316 assequuntur.
1546 2246 1730 2317 Neque
1767 2251 1912 2303 enim
1959 2247 2178 2301 domum

625 2336 716 2381 aut
749 2333 952 2398 navim,
984 2336 1068 2390 vel
1089 2337 1220 2406 quid
1255 2339 1403 2392 aliud
1432 2340 1752 2394 artefactum
1777 2338 2179 2394 inordinatione

625 2437 864 2490 unquam
926 2428 1172 2495 praestari
1221 2430 1638 2499 arbitrabimur;
1691 2448 1867 2502 neque
1916 2439 2174 2498 statuam,

626 2513 783 2581 cujus
818 2529 908 2570 ars
949 2515 1213 2574 fabricam
1261 2522 1329 2576 ad
1361 2523 1598 2579 hominis
1652 2525 2008 2580 imitationem
2057 2538 2174 2577 mo-

626 2602 719 2656 lita
742 2614 844 2656 est.

646 2603 719 2657 ita
742 2614 844 2662 est.

626 2696 756 2753 CAP.
787 2698 976 2759 XXIV.
1002 2704 1248 2762 Christus
1272 2725 1434 2770 mens,
1469 2710 1815 2766 Manichaice.

2279 1864 2413 1936 πρὸς
2445 1861 2613 1932 αὐτὴν
2645 1859 2761 1930 Θείᾳ
2793 1856 3038 1927 δυνάμει,
3073 1854 3264 1909 οὐκοῦν
3310 1855 3363 1905 ὲν
3403 1854 3609 1924 ὀργάνου
3655 1850 3762 1921 λόγῳ

2280 1953 2400 2008 θεία
2423 1951 2669 2021 δύναμις,
2702 1949 2842 2002 οὕτω
2881 1965 2943 2016 γε
2987 1947 3121 2016 πρὸς
3170 1946 3265 2015 τὴν
3320 1944 3480 2014 ὓλην;
3538 1941 3673 2002 ’ἀλλὰ
3705 1945 3754 2012 τῇ

2279 2044 2498 2114 ἀτάκτῳ
2525 2043 2754 2112 κινήσει,
2782 2040 2952 2102 οὕτως
2983 2037 3320 2106 εἰδοποιούσῃ
3344 2037 3438 2105 τὴν
3460 2035 3606 2105 ὕλην;
3645 2032 3767 2092 Ἀλλὰ

2282 2144 2460 2206 πάντα
2482 2158 2545 2210 γε
2573 2139 2642 2192 τὰ
2665 2141 2824 2209 ὃμοια
2858 2140 2914 2189 ὲν
2939 2135 3120 2201 τάξεσι
3169 2137 3274 2187 ’καὶ
3304 2132 3587 2202 ἀκριϐείαις
3612 2129 3683 2184 διὰ
3709 2147 3768 2200 μι-

2287 2237 2500 2307 μήσεων
2549 2234 2851 2302 ἀφικνεῖται
2903 2231 2980 2293 εἰς
3028 2229 3201 2292 τέλος.
3251 2228 3382 2281 Οὐδὲ
3433 2227 3532 2296 γὰρ
3569 2222 3769 2291 οἰκίανῆ

2283 2329 2482 2391 πλοῖον,
2510 2327 2545 2397 ἡ
2566 2343 2616 2377 τι
2647 2324 2828 2392 ἕτερον
2889 2321 2995 2374 τῶν
3027 2320 3285 2391 τεχνιτῶν
3319 2319 3380 2371 δι’
3400 2317 3602 2381 ἀταξίας
3623 2316 3771 2368 6m-

2280 2415 2485 2468 λεῖσθαι
2510 2414 2724 2468 οἴονται·
2762 2411 2878 2464 οὐδὲ
2921 2410 3235 2481 ἀνδριάντα,
3271 2411 3404 2480 ὅπερ
3450 2406 3646 2478 ἡτέχνη
3665 2403 3768 2475 πρὸς

2283 2504 2564 2576 ἀνθρώπου
2602 2505 2825 2575 μίμησιν
2857 2504 3256 2573 ἐμηχανήσατο.

1852 2711 1991 2777 Quid
2019 2709 2399 2763 ecclesiastice?
2431 2705 2854 2759 Inconvenientia
2883 2705 2945 2758 de
2985 2704 3218 2759 Christo.
3257 2701 3478 2758 Passum
3517 2699 3772 2764 umbratica,

1390 2779 1803 2835 Manichworum
1834 2783 2102 2836 delirium.
2133 2777 2181 2831 Ν
2189 2777 2284 2831 iltii
2324 2777 2486 2830 Verbo
2523 2791 2613 2844 per
2633 2777 2895 2845 ﬁctionem
2918 2787 3117 2845 aptum.

693 2883 970 2942 Christum
1017 2906 1145 2946 vero
1183 2907 1306 2948 cum
1354 2912 1455 2952 nec
1500 2905 1852 2968 cognoscant,
1901 2896 2180 2952 Christum

629 2983 809 3033 tamen
840 2980 1017 3050 ipsum
1041 2985 1395 3054 appellantes,
1428 3004 1550 3043 cum
1578 2991 1749 3044 altero
1777 2987 2040 3044 sumendo
2071 2988 2181 3043 ele-

2352 2892 2454 2944 Τὺν
2484 2889 2540 2943 δὲ
2593 2890 2825 2961 Χριστὸν
2877 2889 2996 2942 οὐδὲ
3025 2888 3401 2958 γινώσκοντες,
3445 2886 3568 2941 ἀλλά
3590 2881 3778 2956 Χριστὸν

2287 2983 2448 3038 αὑτὸν
2478 2980 2965 3054 προσαγορεύοντες
2988 2982 3068 3050 τῇ
3089 2979 3228 3050 πρὸς
3258 2979 3319 3032 τὸ
3363 2979 3422 3043 β’
3453 2977 3677 3045 στοιχεῖον
3707 2985 3778 3040 με·

629 3081 830 3138 mento,
868 3074 1126 3145 aliudque
1169 3078 1552 3148 signiﬁcatum,
1595 3098 1757 3152 quam
1789 3096 1897 3152 quo
1936 3081 2026 3135 ille
2060 3093 2184 3149 pro-

2295 3073 2531 3146 ταληψει,
2561 3073 2745 3143 ἕτερον
2777 3070 3167 3142 σημαινόμενον
3199 3071 3321 3123 ἀντὶ
3357 3067 3447 3122 τοῦ
3484 3064 3661 3136 κυρίως
3683 3060 3779 3130 περὶ

630 3164 748 3232 prie
777 3166 1061 3235 accipitur,
1092 3168 1421 3237 inducenda,
1454 3172 1631 3244 ipsum
1673 3182 1904 3229 mentem
1935 3187 2056 3228 esse
2079 3181 2189 3226 tra-

629 3253 783 3310 dunt.
816 3254 875 3310 Si
901 3258 1121 3328 quidem
1161 3270 1340 3318 autem
1380 3262 1434 3317 id
1469 3264 1615 3334 quod
1654 3264 1899 3318 noscitur
1945 3278 2009 3317 ac
2041 3263 2187 3332 quod

629 3349 933 3418 cognoscit,
954 3352 1394 3425 sapientiamque
1425 3355 1602 3426 ipsum
1633 3372 1738 3410 una
1771 3371 1901 3411 voce
1921 3355 2186 3420 dicentes,

631 3436 701 3492 iis
737 3454 860 3507 quae
904 3441 1007 3496 viri
1050 3444 1405 3500 ecclesiastici
1461 3447 1529 3501 de
1579 3446 1670 3501 illo
1721 3447 2037 3516 loquuntur,
2093 3461 2190 3516 per

632 3529 780 3584 hunc
829 3531 1050 3587 modum
1105 3539 1414 3594 consentire
1483 3538 2004 3612 deprehenduntur;
2058 3541 2189 3610 quid

633 3631 815 3672 causae
844 3628 949 3685 est,
985 3637 1084 3678 cur
1110 3642 1346 3692 omnem,
1393 3646 1556 3699 quam
1587 3639 1808 3696 vocant,
1839 3640 2076 3687 veterem
2104 3633 2190 3686 hi-

633 3710 861 3763 storiam
889 3718 1186 3783 respuant?
1219 3718 1275 3772 Si
1320 3736 1472 3785 vero,
1515 3729 1575 3775 ut
1604 3724 1966 3792 quorumdam
2005 3723 2190 3792 opinio

633 3805 742 3862 est,
789 3801 1147 3859 adventitium
1192 3808 1366 3877 ipsum
1410 3826 1739 3882 novumque,
1778 3820 1831 3868 ct
1863 3815 1957 3884 qui
1987 3814 2193 3869 extrin-

632 3903 796 3946 secus
821 3906 1058 3963 casuque
1092 3897 1393 3964 intraverit,
1426 3909 1691 3967 statuunt,
1733 3904 2034 3959 videamus.
2076 3903 2191 3958 Hu-

631 3978 724 4048 jus
755 3981 899 4036 enim
929 3986 1203 4053 opinionis
1235 3988 1526 4057 antistites,
1563 3995 1706 4063 quod
1736 3995 1969 4051 maxime
2011 3996 2190 4050 suasi-

637 4070 744 4127 bile
780 4073 1050 4142 videatur,
1099 4079 1246 4132 circa
1295 4095 1496 4134 annum
1542 4085 1832 4152 septimum
1873 4085 2084 4150 dicunt,
2129 4101 2193 4140 ea

635 4179 759 4234 qua:
801 4179 966 4221 sensu
1016 4171 1241 4238 praedita
1290 4181 1402 4236 est,
1448 4174 1648 4229 virtute
1707 4176 1923 4244 organis
1962 4175 2192 4230 formata

636 4263 800 4326 atque
838 4258 1125 4326 distincta,
1163 4263 1339 4332 ipsum
1396 4265 1695 4336 ingressum
1747 4281 1889 4322 esse.
1936 4266 2090 4332 Quod
2145 4268 2190 4323 si

637 4346 888 4404 Christus
913 4367 1065 4407 mens
1093 4361 1193 4421 est,
1226 4363 1284 4408 ut
1313 4356 1386 4410 illi
1415 4358 1728 4426 opinantur,
1787 4359 1866 4414 sic
1897 4359 2058 4412 simul
2087 4361 2193 4414 erit

637 4436 888 4495 Christus
914 4449 968 4496 et
997 4457 1104 4497 non
1136 4445 1261 4500 erit.
1295 4445 1598 4518 Antequam
1627 4449 1771 4504 enim
1799 4463 1952 4503 mens
1973 4465 2192 4506 sensus—

637 4544 743 4600 que
765 4532 1115 4602 ingrediatur,
1151 4552 1220 4591 ne
1258 4537 1472 4607 quidem
1510 4546 1614 4594 est.
1646 4539 1801 4605 Quod
1849 4539 1893 4594 si
1920 4539 2192 4607 Christus,

639 4627 699 4673 ut
719 4619 823 4689 ipsi
848 4623 1054 4690 volunt,
1084 4641 1237 4682 mens
1268 4636 1370 4690 est,
1396 4627 1450 4681 in
1483 4629 1658 4698 ipsum
1691 4644 1820 4684 vero
1843 4631 2194 4684 exsistcntem

636 4725 792 4766 mens
815 4712 1137 4784 ingreditur,
1167 4719 1248 4773 sic
1286 4734 1479 4773 rursus
1502 4721 1714 4774 illorum
1744 4722 2012 4775 sententia
2043 4737 2196 4778 mens

637 4801 759 4856 erit.
789 4801 886 4858 Est
919 4805 1086 4874 igitur
1123 4816 1178 4862 et
1201 4824 1310 4863 non
1333 4818 1417 4866 est
1440 4811 1630 4866 eodem
1661 4819 1903 4881 tempore
1921 4811 2193 4867 Christus.

637 4889 696 4947 Si
717 4905 915 4960 autem,
941 4913 1060 4967 quae
1086 4899 1298 4954 illorum
1320 4911 1465 4957 secta
1489 4904 1868 4973 probatissima
1888 4913 1991 4968 est,
2015 4920 2192 4970 mens,

637 4994 697 5041 ut
729 4995 782 5042 et
810 4989 914 5059 ipsi
941 4992 1274 5054 existimant,
1319 4996 1498 5047 omnia
1532 5003 1616 5049 est
1651 5010 1771 5064 quia
1820 5003 1984 5060 sunt;
2015 5009 2189 5064 quan-

636 5077 924 5147 doquidem
949 5082 1228 5135 materiam
1255 5082 1547 5152 ingenitam
1575 5084 1914 5152 proﬁtentur,
1939 5090 1992 5136 et
2012 5097 2196 5151 requa-

639 5169 729 5232 lis,
754 5178 812 5225 ut
837 5172 916 5226 sic
945 5174 1157 5243 loquar,
1191 5191 1314 5228 cum
1354 5174 1464 5229 Deo
1497 5176 1758 5244 temporis
1799 5177 2011 5244 ipsique
2049 5187 2190 5227 core.

2290 3165 2451 3220 αὑτοῦ
2487 3163 2885 3234 ύπειλημμένου
2933 3161 3262 3230 εἰσάγοντες,
3312 3160 3450 3214 Νοῦν
3481 3153 3606 3211 εἶναι
3636 3153 3777 3222 φασίν.

2289 3258 2351 3310 Εἰ
2379 3256 2495 3328 μὲν,
2530 3255 2588 3308 τὸ
2621 3244 2854 3323 γνωστὸν
2880 3253 3050 3306 καὶτὸ
3071 3253 3374 3321 γιγνῶσκον
3413 3249 3502 3303 καὶ
3521 3247 3608 3317 τὴν
3633 3242 3781 3313 σοφίαν

2289 3336 2452 3402 αὐτοῦ
2485 3346 2729 3416 λέγοντες
2761 3345 3034 3417 ὁμόφωνα,
3077 3345 3250 3408 οὕτως
3287 3347 3398 3408 τοῖς
3451 3342 3551 3396 ἀπὸ
3592 3339 3684 3391 τῶν
3717 3338 3785 3388 ὲκ-

2291 3440 2524 3511 κλησιῶν
2547 3441 2672 3511 περὶ
2701 3436 2862 3492 αὑτοῦ
2919 3438 3133 3506 λέγουσι
3162 3437 3573 3507 διαταττόμενοι,
3607 3429 3723 3484 οὕτω
3738 3441 3787 3493 γε

2292 3533 2602 3588 ἁλώσονται⁸
2640 3530 2754 3593 πῶς
2773 3524 2863 3584 οὖν
2886 3530 2984 3601 τὴν
3029 3529 3327 3601 λεγομένην
3374 3525 3595 3581 παλαιὰν
3617 3521 3790 3575 ἃπασαν

2293 3623 2528 3694 ἱστορίαν
2559 3621 2940 3686 ὲκὸἀλλουσιν;
2996 3621 3058 3672 Εἰ
3099 3621 3157 3673 δὲ
3187 3619 3505 3689 ὲπιγενητὺν
3535 3613 3657 3670 κατά
3675 3622 3792 3669 τινας

2291 3715 2504 3783 λέγουσι
2527 3714 2621 3766 καὶ
2665 3711 2772 3765 τῶν
2799 3709 2994 3776 ἔξωθεν
3028 3712 3382 3764 ἐπεισιόντων
3415 3709 3504 3763 καὶ
3531 3699 3797 3776 συμὸιιινόνν⁴

2289 3821 2418 3867 των,
2449 3802 2829 3871 σκοπήσωμεν.
2881 3800 2941 3852 Οἱ
2991 3798 3098 3870 γὰρ
3138 3798 3200 3868 δὴ
3229 3799 3433 3870 ταύτης
3471 3792 3794 3866 προϊστάμενοι

2292 3895 2388 3966 τῆς
2421 3891 2574 3962 δόξης
2603 3890 2822 3943 πιθανὸν
2863 3887 3094 3960 μάλιστα
3145 3888 3366 3956 λέγουσι
3426 3887 3549 3958 περὶ
3591 3883 3651 3936 τὰ
3693 3876 3796 3934 ἑπτὰ

2292 3983 2387 4054 ἐτη
2413 3984 2509 4054 τῆς
2535 3981 2850 4050 αἰσθητικῆς
2892 3979 3167 4047 δυνάμεως
3215 3975 3629 4050 διαρθρωθείσης
3675 3967 3797 4022 αὐτὴν

2293 4073 2721 4145 ἐπεισέρχεσθαι.
2763 4073 2825 4124 Εἰ
2851 4071 2912 4141 δὴ
2940 4070 3062 4133 νοῦς
3109 4071 3254 4122 ἐστιν
3285 4071 3317 4121 6
3339 4066 3564 4139 Χριστὸς
3608 4062 3710 4117 κατ’
3733 4057 3799 4112 ovi-

2293 4168 2437 4231 τοὺς,
2471 4165 2610 4218 οὕτω
2637 4181 2699 4232 γε
2732 4162 2880 4215 ἔσται
2905 4178 2963 4214 τε
2990 4161 3104 4232 ἅμα
3132 4160 3227 4213 καί
3266 4163 3370 4214 οὐκ
3396 4159 3560 4212 ἔσται’
3591 4155 3702 4226 πρὶν
3726 4149 3801 4219 μὲν

2293 4258 2398 4328 γὰρ
2430 4254 2756 4308 ἐπεισελθεῖν
2782 4253 2872 4306 τὸν
2893 4251 3036 4308 νοῦν.
3071 4252 3278 4304 οὐδέπω
3326 4251 3492 4304 ἐστίν.
3526 4247 3588 4302 Εἴ
3625 4261 3680 4314 γε
3707 4239 3802 4300 νοῦς

2294 4351 2407 4402 ἐστι
2428 4348 2546 4402 κατ’
2579 4349 2774 4410 αὐτοὺς
2798 4346 2826 4397 ό
2852 4344 3101 4417 Χριστὸς,
3137 4342 3270 4397 ἀλλὰ
3321 4343 3427 4414 μὴν
3466 4342 3575 4395 ὄντι
3611 4354 3667 4406 γε
3690 4331 3804 4400 αὐτῷ

2297 4442 2670 4511 ἐπεισέρχεται
2713 4439 2741 4490 6
2784 4435 2926 4502 νοῦς,
2956 4435 3125 4498 οὕτως
3175 4430 3264 4488 οῦν
3307 4435 3469 4488 πάλιν
3513 4432 3624 4486 κατ’
3651 4425 3806 4484 αὐτοὺς

2297 4533 2448 4586 ἔσται
2477 4533 2505 4584 ὁ
2540 4531 2682 4594 νοῦς.
2739 4531 2894 4581 Ἐστι
2941 4544 3003 4596 γε
3036 4527 3129 4580 καὶ
3163 4527 3262 4578 οὐκ
3317 4526 3462 4578 ἐστιν
3491 4527 3546 4577 ὲν
3593 4520 3665 4591 τῷ
3693 4513 3808 4581 αὐτῷ

2298 4627 2472 4697 χρόνῳ
2569 4623 2817 4696 Χριστός.
2869 4621 2933 4673 Εἰ
2974 4619 3030 4672 δὲ
3056 4621 3175 4671 κατ’
3205 4617 3385 4671 αὐτῶν
3428 4616 3524 4688 τὴν
3566 4611 3808 4674 καλλίστην

2299 4694 2558 4788 αἵρεσιν⁶ό
2590 4713 2713 4776 νοῦς
2745 4713 2865 4766 κατ’
2895 4710 3089 4773 αὐτούς
3125 4711 3239 4762 ἐστι
3262 4708 3332 4761 τά
3359 4709 3486 4762 ὅντα
3515 4709 3694 4762 πάντα·
3719 4700 3813 4753 ἐπὶ

2298 4809 2394 4878 τὴν
2419 4807 2547 4876 ὓλην
2581 4804 2838 4872 ἀγένητον
2879 4801 3220 4855 ὑποτίθενται
3263 4800 3356 4853 καὶ
3383 4799 3642 4871 ἰσόχρονον
3665 4793 3730 4852 ὡς
3756 4787 3816 4838 εἷ’

2304 4904 2422 4952 πεῖν
2450 4898 2526 4968 τῷ
2554 4896 2690 4967 Θεῷ,
2726 4895 2819 4949 καὶ
2849 4892 2973 4946 νοῦν
3011 4893 3102 4945 καὶ
3143 4891 3273 4961 ὓλην
3303 4890 3490 4944 τοῦτον
3520 4889 3609 4942 τὸν
3640 4883 3812 4955 πρῶτον

2301 4992 2389 5044 τὸν
2423 4990 2651 5061 Χριστὸν
2678 4985 3016 5039 ὑποτίθενται
3061 4979 3219 5048 εἶναι,
3241 4980 3294 5033 εἴ
3329 4999 3392 5049 γε
3444 4980 3512 5033 τὰ
3539 4979 3702 5032 πάντα
3723 4969 3812 5025 κατ’

2301 5081 2494 5144 αὐτούς
2517 5083 2662 5134 ἐστιν
2685 5081 2712 5132 6
2747 5076 2981 5148 Χριστὸς
3006 5074 3128 5137 νοῦς
3165 5073 3259 5139 ὢν,
3293 5075 3351 5136 ὅς
3385 5074 3532 5124 ἐστιν
3559 5069 3625 5123 τὰ
3652 5064 3814 5119 πάντα·

2300 5174 2443 5244 καὶὴ
2470 5172 2566 5242 ὒλη
2590 5172 2645 5223 ἓν
2671 5169 2778 5221 τῶν
2803 5168 2990 5226 όντων,
3021 5166 3111 5218 καὶ
3133 5164 3266 5234 αὑτὴ
3292 5163 3552 5234 ἀγένητος
3581 5156 3720 5214 οὖσα.

638 5275 786 5323 Vam.
842 5264 1083 5333 primum
1136 5265 1280 5320 hunc
1329 5264 1604 5320 Christum
1652 5276 1706 5320 et
1751 5277 1981 5320 mentem
2019 5273 2073 5319 et
2122 5264 2402 5318 materiam
2460 5272 2727 5324 statuunt,
2759 5261 2802 5315 si
2842 5259 3059 5328 quidem
3089 5255 3344 5311 Christus
3381 5271 3536 5311 mens
3585 5260 3682 5318 est,
3725 5259 3817 5316 qui

639 5353 819 5409 omnia
848 5361 963 5422 est;
998 5371 1274 5426 unumque
1300 5372 1485 5411 eorum
1517 5373 1636 5427 quae
1662 5367 1809 5422 sunt,
1835 5356 2057 5410 materia
2082 5363 2186 5422 est,
2216 5371 2335 5425 quae
2366 5356 2484 5424 ipsa
2527 5353 2765 5424 ingenita
2793 5358 2898 5405 est.

706 5449 787 5505 Ad
833 5451 1107 5520 specimen
1155 5468 1281 5506 vero
1327 5468 1391 5506 ac
1438 5454 1878 5515 ostentationem,
1921 5467 2013 5521 per
2067 5466 2188 5502 eum

639 5541 859 5596 modum
892 5541 1130 5596 divinam
1157 5558 1373 5611 quoque
1405 5545 1658 5598 virtutem
1691 5545 1742 5597 in
1786 5543 2008 5598 materia
2042 5540 2192 5595 cruci

641 5628 849 5681 affixam
881 5645 1023 5694 esse,
1060 5631 1344 5701 ipsumque
1393 5632 1717 5702 supplicium
1751 5633 1852 5687 hoc
1903 5633 2056 5685 aiunt
2087 5644 2194 5682 non

648 5717 956 5800 pertulisse,
988 5720 1143 5788 quasi
1175 5722 1382 5776 scilicet
1413 5711 1745 5792 impossibile
1773 5723 1842 5777 sit
1871 5723 2046 5792 ipsum
2093 5720 2194 5775 hoc

721 5828 798 5902 (7)
824 5831 1031 5886 Ilo/air.
1064 5833 1144 5888 An
1173 5833 1376 5900 παθεῖν,
1415 5839 1560 5906 pati?

2368 5450 2458 5511 Εἰς
2485 5450 2774 5516 ἐπίδειγμα
2799 5445 2876 5501 δὲ.
2917 5443 3104 5496 τοῦτον
3124 5442 3214 5494 τὸν
3241 5441 3438 5513 τρόπον
3466 5441 3559 5494 καὶ
3585 5437 3678 5508 τὴν
3701 5430 3824 5486 θείαν

2298 5539 2524 5610 δύναμιν
2552 5541 2769 5592 ἐνεσταυ
2781 5539 2980 5610 ρῶσϐαι
3024 5543 3087 5609 τῇ
3121 5539 3242 5611 ὕλῃ,
3273 5537 3366 5591 καὶ
3392 5534 3551 5590 αὐτὸν
3577 5531 3825 5597 ὑπομεμε⁸

2303 5630 2522 5698 νηκέναι
2557 5629 2614 5680 τὸ
2640 5628 2868 5697 πάθημα
2895 5628 3050 5681 τοῦτο
3088 5628 3356 5696 λέγουσιν,
3386 5624 3572 5692 ὥσπερ
3600 5614 3826 5672 ἀδυνάτου

2305 5719 2452 5783 ὄντος
2481 5719 2685 5776 ἐκείνου
2719 5718 2875 5773 τοῦτο
2906 5723 3076 5772 ποιεῖν
3110 5720 3207 5791 (7)·
3243 5721 3378 5788 ὅπερ
3417 5714 3577 5775 αὐτὸς
3602 5712 3629 5765 6
3679 5706 3826 5762 Μανία
