3980 6318
209 382 306 439 M3

1086 389 1498 450 TRACTATUS
1531 394 1618 450 DE
1654 397 1964 456 PLACITIS
1996 396 2547 457 MANICHIEORUM.

3294 398 3401 455 446

203 497 347 565 χαῖος
367 495 763 569 διαπράττεται
786 500 930 573 λόγῳ
958 503 1082 575 περὶ
1121 506 1305 561 τούτου
1324 506 1604 563 διδάσκων·
1638 513 1735 563 Ὅτ

1860 515 2069 570 facere:
2101 514 2247 584 quod
2277 513 2392 583 ipse
2415 511 2900 567 Manichaeuslibro
2921 510 2988 565 de
3014 525 3077 566 ea
3105 525 3165 565 re
3196 511 3403 580 scripto

200 586 380 657 ήθεία
400 586 635 659 δύναμις
679 593 755 656 είς
796 592 925 663 ὓλην
972 597 1390 668 κατακέκληται,
1451 601 1543 654 καὶ
1592 602 1750 655 πάλιν

200 681 494 750 ἀποχωρεῖ.
533 682 742 752 Τρόπον
775 686 926 738 αὐτοὶ
947 687 1362 745 ἀναπλάττουσι.
1399 691 1471 744 Τὸ
1508 693 1603 763 μὲν
1643 694 1749 766 γὰρ

198 769 331 820 κατά
350 770 442 821 τὸν
465 771 912 842 ἐκκληησιαστικδν
939 777 1092 845 λόγον
1117 781 1285 839 είπεῖν
1309 783 1387 846 εἰς
1414 780 1562 837 λύσιν
1584 784 1751 855 ἁμαρ-

197 861 317 913 τιῶν
345 863 541 916 ἑαυτὸν
575 865 971 935 ἐπιδεδωκέναι,
1000 869 1111 940 ἔχει
1135 872 1311 923 πίστιν
1327 872 1446 927 τινὰ
1466 874 1595 945 πρὸς
1619 875 1747 928 πολ-

196 955 314 1015 Aab;
343 955 458 1005 κάκ
490 955 600 1007 τῶν
635 958 876 1028 ἱστοριῶν
928 961 1034 1012 τῶν
1088 963 1202 1014 καθ’
1243 964 1523 1033 Ἕλληνας,
1575 968 1650 1019 ὅτ’
1682 967 1747 1020 ἀν

196 1064 346 1117 past,
376 1050 552 1115 Τινὰς
582 1050 727 1118 ὑπὲρ
758 1056 1046 1120 σωτηρίας
1075 1056 1304 1108 πόλεων
1341 1056 1589 1123 ἑαυτοὺς
1622 1057 1750 1110 ἐπι-

196 1139 538 1201 δεδωκέναι.
576 1142 685 1197 Καὶ
714 1144 1056 1215 παράδειγμα
1104 1145 1199 1198 τοῦ
1249 1147 1407 1215 λόγου
1456 1147 1567 1217 ἔχει
1597 1148 1689 1201 καὶ
1714 1152 1747 1220 ἡ

206 1231 473 1293 Ἰουδαίων
498 1234 724 1304 ἱστορία,
746 1237 835 1288 τὸν
870 1238 963 1290 τοῦ
1003 1239 1248 1309 Ἀϐραὰμ
1274 1242 1435 1294 παῖδα
1461 1242 1538 1305 είς
1565 1240 1751 1293 θυσίαν

194 1321 267 1391 τῷ
291 1322 411 1393 Θεῷ
443 1326 952 1396 παρασκευάζουσα.
988 1328 1059 1381 Τὸ
1089 1330 1145 1382 δὲ
1180 1333 1257 1394 είς
1286 1332 1603 1402 πράγματος
1630 1330 1752 1397 ἐπί-

195 1414 354 1480 δειξιν
397 1416 478 1487 τῷ
536 1419 813 1491 παθήματι
866 1422 1090 1490 ὑπάγειν
1137 1424 1226 1475 τὸν
1277 1424 1507 1496 Χριστὸν
1557 1422 1753 1499 πολλῆς

195 1507 340 1559 ἐστιν
372 1508 632 1577 ἀμαθίας,
678 1514 757 1575 είς
787 1512 1125 1569 διδασκαλίαν
1170 1517 1262 1574 καὶ
1306 1516 1505 1584 γνῶσιν
1533 1514 1640 1568 τῶν
1662 1514 1750 1567 ὅν-

197 1612 298 1649 των
325 1597 418 1649 τοῦ
448 1600 622 1669 Λόγου
655 1600 804 1665 ὄντος
840 1602 1102 1677 ὑπάρχου.

1856 603 2093 656 instituit
2134 601 2369 668 docere;
2417 600 2563 671 quod
2605 599 2861 663 nimirum
2907 599 3090 661 divina
3128 599 3301 653 virtus
3345 599 3401 653 in

1855 696 2133 749 materiam
2175 694 2395 764 delapsa
2433 694 2526 759 sit,
2566 707 2630 747 ac
2665 708 2855 747 rursus
2902 691 3137 747 recedat.
3184 689 3400 745 Modum

1855 786 1932 839 illi
1964 786 2467 840 comminiscuntur.
2492 783 2635 838 Sane
2662 784 2876 853 quidem
2918 792 2977 836 ut
3010 782 3221 835 dicatur
3245 781 3400 850 juxta

1856 875 2110 943 Ecclesiae
2154 875 2454 931 doctrinam
2491 884 2659 931 semet
2698 875 2874 945 ipsum
2915 873 3200 927 tradidisse
3221 871 3285 926 ad
3317 871 3401 925 di-

1856 964 2051 1018 luenda
2098 972 2337 1033 peccata,
2372 964 2527 1019 fidem
2559 964 2845 1033 quamdam
2882 964 3041 1032 vulgo
3078 962 3303 1024 obtinet,
3334 977 3399 1015 ex

1855 1054 1989 1124 ipsis
2020 1070 2229 1125 quoque
2251 1052 2557 1108 Gnecorum
2589 1053 2849 1114 historiis,
2879 1067 3000 1107 cum
3032 1053 3202 1115 aiunt,
3245 1050 3401 1105 Non-

1854 1129 2024 1199 nullos
2056 1162 2108 1199 se
2137 1146 2273 1213 ipsos
2315 1144 2573 1198 dedidisse
2607 1154 2664 1195 ut
2694 1144 2924 1197 civitates
2957 1142 3239 1197 incolumes
3264 1158 3402 1211 prte-

1852 1247 2069 1293 starent.
2109 1237 2348 1306 Ejusque
2391 1236 2651 1291 doctrina:
2689 1235 2991 1304 exemplum
3029 1234 3189 1289 habet
3228 1242 3279 1287 et
3306 1233 3402 1287 Ju-

1851 1324 2087 1379 dazorum
2112 1326 2335 1381 historia
2352 1327 2389 1390 ¹,
2414 1341 2533 1396 qua:
2560 1324 2785 1379 Abrahae
2808 1324 2973 1377 lilium
2996 1324 3047 1379 in
3074 1324 3400 1377 sacrificium

1852 1415 1962 1472 Deo
1976 1424 2238 1487 praeparet
2262 1424 2531 1487 aptetque.
2550 1414 2647 1469 Rei
2674 1424 2852 1470 autem
2875 1413 3208 1469 ostentandae
3229 1414 3400 1484 gratia

1849 1514 1903 1562 et
1927 1508 1992 1560 ad
2024 1508 2294 1576 specimen
2326 1506 2598 1561 Christum
2622 1505 2859 1575 passioni
2884 1505 3170 1574 subjicere,
3195 1518 3402 1574 magna:

1854 1588 2083 1652 inscitiae
2112 1604 2213 1664 est,
2242 1612 2363 1651 cum
2403 1596 2637 1651 Verbum
2678 1596 2743 1651 ad
2778 1612 2955 1651 rerum
2992 1580 3304 1651 doctrinam.
3336 1611 3401 1651 ac

1852 1689 2133 1744 scientiam
2167 1704 2365 1758 praeses
2395 1702 2457 1743 ac
2486 1688 2691 1759 legatus
2720 1688 2809 1743 sit.

198 1794 325 1860 βω».
357 1794 527 1852 XXV.
568 1796 980 1855 Manichaeorum
1012 1800 1327 1863 abstinentia
1355 1820 1386 1857 a
1415 1799 1718 1862 viventibus,
1751 1796 1995 1869 ridicula.
2025 1796 2178 1862 Quod
2206 1797 2484 1851 abhorrent
2512 1814 2545 1850 a
2573 1797 2788 1866 nuptiis,
2811 1796 3091 1852 dementia.
3117 1796 3401 1869 Gigantum

1235 1873 1570 1943 mythologia.
1600 1870 1774 1923 Nimis
1810 1867 2088 1936 allegorica
2119 1870 2393 1936 expositio.

283 1978 596 2052 Ἀπέχονται
615 1984 671 2036 δὲ
698 1983 970 2054 ἐμψύχων.
1016 1986 1078 2037 El
1113 1987 1209 2055 μὲν
1238 1986 1344 2057 γὰρ
1393 1986 1578 2057 ἐτέρου
1607 1986 1741 2048 τινὸς

1920 1981 2206 2037 Abstinent
2255 1990 2432 2034 autem
2485 1980 2554 2035 ab
2608 1978 2879 2034 animatis.
2922 1976 2977 2033 Si
3021 1980 3235 2049 quidem
3278 1980 3400 2049 ejus

196 2074 375 2145 χάριν,
410 2076 472 2128 ού
517 2076 956 2147 περιεργαστέον·
1008 2078 1055 2128 εἰ
1104 2077 1161 2129 δὲ
1207 2077 1337 2131 διότι
1384 2080 1417 2149 ἡ
1464 2078 1745 2149 δύναμιςή

192 2164 313 2219 Θεία
337 2164 542 2218 τούτων
588 2166 795 2235 ἀπέστη
828 2166 1023 2237 μᾶλλον
1050 2166 1082 2235 ἢ
1111 2168 1399 2238 ἐνυπάρχει
1428 2167 1625 2233 πλεῖον,
1659 2184 1748 2235 γε-

191 2254 332 2323 λοῖον
354 2256 492 2326 αὐτὴ
517 2256 695 2309 αὐτῶν
722 2259 755 2327 ἡ
800 2257 1114 2329 προαίρεσις
1152 2256 1313 2327 αὔτη.
1371 2260 1494 2313 Εἴτε
1548 2260 1656 2332 γὰρ
1679 2259 1745 2312 τὰ

192 2348 332 2415 φυτὰ
360 2348 521 2399 ἑνυλα
554 2348 769 2418 μᾶλλον,
802 2352 880 2412 εἰς
902 2351 1104 2422 τροφὴν
1148 2354 1239 2405 καὶ
1286 2351 1489 2419 δίαιταν
1514 2353 1745 2423 χρῆσθαι

191 2438 272 2510 τῷ
297 2441 495 2509 χείρονι
520 2441 639 2503 πῶς
662 2440 876 2511 εὔλογον
898 2459 913 2507 ;
938 2442 1045 2496 εἴτε
1073 2444 1230 2499 πλέον
1276 2447 1333 2498 ἐν
1356 2444 1561 2509 τούτοις
1582 2448 1615 2517 ἡ
1658 2446 1747 2499 δύ-

191 2548 347 2600 ναμις
369 2535 402 2601 ἡ
442 2531 584 2596 θεία,
607 2535 723 2586 ἐστὶ
755 2535 888 2605 πρὸς
913 2536 1012 2606 τὴν
1030 2537 1233 2607 τροφὴν
1268 2537 1335 2591 τὰ
1369 2538 1589 2592 τοιαῦτα
1614 2540 1746 2610 χρή-

196 2639 345 2691 σιμα,
376 2622 475 2675 τοῦ
503 2622 796 2693 θρεπτικοῦ
840 2627 931 2678 καὶ
956 2627 1244 2699 αὐξητικοῦ
1286 2631 1480 2702 μέρους
1518 2630 1616 2701 τῆς
1641 2630 1743 2699 ψυ-

194 2714 287 2783 χῆς
313 2713 469 2776 ὄντος
492 2716 967 2787 σωματικωτέρου.

257 2985 330 3036 Τὸ
352 2985 409 3037 δὲ
436 2983 736 3054 ἀπέχεσθαι
769 2984 944 3054 γάμου
984 2986 1076 3050 καὶ
1122 2986 1463 3056 ἀφροδισίων,
1482 2985 1746 3048 δεδειότας

194 3075 287 3145 μὴ,
315 3075 449 3129 κατά
476 3077 574 3146 τὴν
601 3073 697 3129 τοῦ
721 3076 906 3143 γένους
919 3076 1189 3147 ,διαδοχὴν²
1209 3079 1298 3131 ἐπὶ
1319 3078 1476 3131 πλέον
1496 3078 1744 3149 ἐνοικήσῃ

190 3167 675 3238 τῇῦλῃήδύναμις
733 3169 767 3238 ἡ
816 3167 952 3233 θεία,
986 3168 1244 3238 θαυμάζω
1302 3169 1417 3232 πῶς
1457 3172 1551 3226 καὶ
1594 3170 1745 3223 αὐτοὶ

190 3258 406 3321 ἑαυτοὺς
442 3258 819 3328 ἀποδέχονται.
846 3260 908 3311 El
943 3258 1049 3331 γὰρ
1078 3260 1154 3329 μὴ
1179 3258 1451 3331 ἐξαρκεῖή
1482 3260 1574 3313 τοῦ
1608 3259 1740 3313 Θεοῦ

1850 2072 2191 2141 abstinentia:
2237 2072 2339 2125 alia
2379 2072 2519 2126 ratio
2558 2072 2649 2135 sit,
2683 2072 2825 2125 haud
2868 2072 3136 2126 curiosius
3176 2073 3398 2127 investi-

1849 2164 2105 2237 gandum.
2136 2162 2231 2217 Sin
2257 2170 2437 2217 autem
2468 2177 2531 2217 ea
2565 2162 2797 2225 ratione,
2830 2163 2974 2232 quod
3011 2162 3193 2216 divina
3224 2164 3400 2217 virtus

1846 2256 1956 2310 illis
1983 2255 2154 2327 magis
2192 2255 2365 2319 abest,
2408 2263 2502 2307 aut
2534 2254 2766 2323 amplius
2797 2254 2968 2318 inest;
3000 2252 3265 2307 ridiculus
3310 2253 3401 2307 hic

1848 2347 2064 2417 illorum
2094 2348 2309 2415 animus
2333 2361 2396 2400 ac
2424 2361 2619 2401 sensus
2647 2353 2747 2399 est.
2784 2343 2911 2399 Sive
2947 2344 3090 2398 enim
3123 2345 3319 2413 stirpes
3346 2354 3402 2399 et

1848 2438 2044 2507 plantae
2068 2438 2241 2508 magis
2266 2436 2573 2491 materiales
2602 2442 2749 2497 sunt,
2776 2435 3046 2505 quomodo
3071 2435 3402 2489 conveniens

1846 2544 2019 2597 exque
2044 2529 2275 2593 ratione,
2322 2534 2383 2585 ut
2418 2542 2486 2582 eo
2524 2526 2668 2597 quod
2702 2526 2941 2581 deterius
2974 2534 3077 2590 est,
3118 2526 3175 2579 in
3217 2526 3399 2580 cibum

1845 2619 2154 2690 victumque
2186 2620 2437 2673 utamur?
2458 2619 2571 2675 sive
2597 2617 2771 2687 major
2793 2618 2845 2672 in
2869 2619 2949 2675 eis
2971 2628 3057 2675 est
3086 2618 3266 2673 divina
3291 2618 3403 2671 vir-

1847 2716 1955 2771 tus,
1996 2718 2125 2764 sunt
2163 2710 2469 2773 istiusmodi
2517 2710 2572 2763 iu
2610 2711 2792 2765 cibum
2836 2710 3007 2773 utilia,
3047 2725 3169 2765 cum
3211 2709 3402 2763 anima:

1844 2798 2077 2861 facultas
2105 2802 2377 2865 nutriendi
2406 2811 2567 2871 atque
2592 2808 2937 2872 augmentum
2970 2798 3201 2854 faciendi
3228 2798 3400 2868 magis

1846 2908 2103 2962 corporea
2136 2907 2199 2946 ac
2244 2893 2480 2947 crassior
2512 2893 2602 2947 sit.

1916 2980 2071 3048 Quod
2111 2990 2290 3037 autem
2330 2997 2361 3035 a
2408 2982 2614 3052 nuptiis
2661 2996 2827 3050 reque
2858 2994 3087 3035 venerea
3134 2994 3193 3034 se
3232 2978 3401 3034 absti-

1845 3081 2027 3140 neant,
2059 3081 2364 3131 metuentes
2406 3090 2473 3128 ne
2498 3060 2607 3145 per
2636 3075 2851 3145 generis
2881 3073 3280 3128 successionem
3310 3072 3397 3125 di-

1844 3166 1972 3219 vina
2002 3166 2176 3221 virtus
2206 3166 2260 3219 in
2291 3166 2516 3220 materia
2545 3165 2717 3234 magis
2743 3164 3027 3228 inhabitet,
3073 3164 3244 3217 miror
3265 3178 3400 3232 quo-

1847 3257 2007 3312 modo
2044 3256 2127 3313 vel
2164 3257 2267 3327 ipsi
2300 3272 2359 3313 se
2401 3257 2572 3336 ipsos,
2618 3255 2764 3326 quod
2798 3256 2872 3309 ita
2910 3255 3171 3319 sentiunt,
3204 3254 3400 3307 admit-

190 3349 427 3419 πρόνοια,
459 3348 601 3401 ὥστε
624 3350 717 3403 καὶ
741 3348 826 3414 διὰ
850 3349 1135 3417 γενέσεων,
1166 3352 1258 3402 κα)⁵
1299 3350 1385 3402 διὰ
1412 3350 1517 3402 τῶν
1544 3350 1626 3403 ἀεὶ
1651 3352 1741 3403 καὶ¹

1845 3357 1980 3405 tant.
2014 3348 2071 3404 Si
2109 3350 2252 3404 enim
2299 3364 2399 3405 nec
2428 3331 2539 3403 -Dei
2572 3347 2910 3419 providentia
2952 3346 3166 3410 sumcit,
3196 3354 3255 3400 ut
3284 3356 3399 3400 tum

186 3436 436 3501 ὡσαύτως
484 3437 717 3505 ἐχόντων
772 3436 1303 3507 ἀποικονομήσασθαι
1357 3438 1453 3508 τῆς
1486 3438 1614 3508 ὕλης
1648 3439 1741 3508 τὴν

1844 3454 1940 3519 per
1970 3440 2365 3512 generationes,
2412 3447 2527 3493 tum
2558 3453 2653 3509 per
2684 3453 2747 3492 ea
2784 3453 2903 3508 quae
2942 3452 3152 3506 semper
3177 3436 3397 3491 eodem-

190 3530 324 3583 θείαν
350 3530 609 3597 δύναμιν,
652 3529 733 3596 τίς
788 3531 822 3599 ἡ
868 3529 958 3581 τού
998 3529 1295 3606 Μανιχαίου
1352 3528 1559 3581 ἐπίνοια
1607 3528 1741 3600 ὑπὲρ

1844 3548 1950 3607 que
1979 3533 2139 3591 modo
2181 3546 2241 3587 se
2271 3531 2493 3597 habent,
2541 3530 2778 3585 divinam
2820 3529 3073 3584 virtutem
3104 3544 3135 3581 a
3173 3528 3397 3582 materia

189 3620 367 3674 τούτου
392 3621 905 3691 διαμηχανήσασθαι
932 3621 1149 3675 δύναται
1171 3638 1185 3685 ;
1214 3621 1287 3673 Ob
1331 3621 1437 3690 γὰρ
1469 3620 1638 3693 δήπου
1663 3640 1745 3689 γι-

189 3714 416 3782 γανταίῳ
468 3714 714 3783 λήμματι
768 3713 842 3776 ὡς
891 3713 1101 3783 ἀληθῶς
1125 3731 1255 3785 φησι
1302 3713 1378 3783 τῷ
1405 3713 1521 3785 Θεῷ
1554 3713 1743 3785 βοηθὸς

188 3804 311 3874 πρὸς
346 3804 511 3856 τοῦτο
567 3803 863 3871 γεγονέναι,
904 3804 1010 3866 ἴνα,
1066 3804 1163 3867 τὰς
1218 3806 1455 3871 γενέσεις
1486 3805 1739 3877 ἀναιρῶν.

189 3900 443 3968 σύντομον
477 3898 679 3967 ποιήσῃ
738 3896 833 3967 τὴν
882 3898 979 3967 τῆς
1011 3896 1157 3963 θείας
1186 3897 1465 3969 δυνάμεως
1515 3897 1621 3951 ἀπὸ
1643 3899 1741 3969 τῆς

187 3986 306 4057 ὕλης
330 3987 710 4059 ἀναχώρησιν;
1704 3974 1709 3977 ⁸

250 4082 313 4133 ’Δ
341 4081 400 4133 δὲ
433 4080 650 4147 λέγεται
680 4078 782 4131 ὑπὸ
808 4077 917 4132 τῶν
971 4081 1234 4150 ποιήσεων
1274 4080 1399 4150 περ)⁸
1425 4078 1533 4132 τῶν
1556 4081 1742 4149 γιγάν-

185 4188 298 4235 των,
320 4174 587 4241 ἄντικρυς
617 4170 781 4241 μῦθός
807 4172 973 4224 ἐστιν.
1020 4173 1081 4223 Οἱ
1132 4171 1229 4241 μὲν
1258 4171 1363 4243 γὰρ
1390 4173 1517 4243 περὶ
1542 4174 1740 4233 τούτων

183 4260 549 4325 διατάττοντες
577 4264 632 4313 ἐν
664 4262 1005 4334 ἀλληγορίαις
1022 4263 1090 4315 τὰ
1113 4263 1333 4316 τοιαῦτα
1359 4266 1735 4335 προφέρονται,

184 4352 236 4404 τὸ
258 4355 457 4425 σεμνὸν
507 4353 791 4423 τοῦλόγου
835 4354 1272 4425 ἀποκρύπτοντες
1304 4358 1366 4426 τῇ
1414 4356 1507 4408 τοῦ
1569 4357 1735 4427 μύθου

185 4444 306 4514 ἰδέα·
335 4440 454 4498 οἷον
486 4444 614 4496 ὅταν
662 4443 833 4515 ἡτῶν
877 4444 1141 4497 Ἰουδαίων
1193 4445 1397 4515 ἱστορία
1442 4449 1535 4516 φῇ,
1596 4448 1738 4513 Τοὺς

179 4536 473 4604 ἀγγέλους
534 4534 663 4600 ταῖς
714 4535 1036 4603 θυγατράσι
1096 4535 1211 4587 τῶν
1281 4536 1602 4605 ἀνθρώπων
1651 4542 1738 4605 εὶς

178 4626 543 4693 ἀφροδισίων
594 4626 1067 4693 συνεληλυθέναι
1118 4627 1302 4695 μίξιν·
1339 4630 1437 4693 τὰς
1482 4630 1587 4701 γὰρ
1614 4631 1736 4701 θρε-

178 4720 370 4783 πτικάς
393 4720 653 4789 δυνάμεις
674 4718 773 4787 τῆς
802 4718 973 4789 ψυχῆς
996 4718 1103 4771 ἀπὸ
1129 4720 1234 4772 τῶν
1268 4720 1377 4774 ἄνω
1406 4722 1497 4773 ἐπὶ
1522 4723 1588 4775 τὰ
1607 4722 1730 4791 τῇδε

176 4810 461 4880 ἡτοιαύτη
493 4810 740 4881 προφορὰ
788 4810 881 4862 τού
914 4809 1072 4877 λόγου
1117 4811 1387 4881 σημαίνει.
1419 4813 1479 4864 Οἱ
1512 4814 1733 4883 ποιηταὶ

167 4901 215 4954 δὲ
234 4944 248 4964 ,
279 4904 350 4955 ἐκ
400 4901 513 4973 γῆς
544 4902 842 4965 ἐνόπλους
872 4899 1163 4967 ἀνασχεῖν
1191 4898 1433 4967 λέγοντες
1468 4896 1733 4962 τούτους,

169 4989 261 5045 εἶτ’
295 4978 485 5057 εὺθὺζ·
517 4992 665 5059 πρὸς
692 4990 865 5055 θεοὺς
891 4989 1227 5058 ἑπάραντας
1252 4985 1643 5054 ἀπολωλέναι,
1678 4988 1739 5040 τὸ

168 5086 294 5153 ταχὺ
327 5084 429 5136 καὶ
461 5082 724 5152 ἐπίκηρον
743 5080 851 5133 τῶν
882 5081 1145 5150 σωμάτων
1174 5079 1574 5150 ὑποδηλοῦντες,
1598 5078 1738 5131 οὓτω

167 5176 261 5246 τὴν
305 5175 531 5244 ποίησιν
580 5176 660 5236 είς
711 5172 1067 5242 ψυχαγωγίαν
1117 5170 1193 5242 τῷ
1240 5170 1474 5242 θαύματι
1508 5187 1739 5223 κατακο-

171 5265 421 5337 σμοῦσιν.
446 5266 506 5317 Οἱ
536 5265 611 5331 δὲ,
638 5265 788 5317 οὐδὲν
818 5264 1017 5334 εἰδότες
1048 5263 1268 5328 τούτων,
1304 5263 1429 5317 ἔνθα
1455 5264 1499 5316 δ’
1529 5263 1593 5315 ἂν
1627 5280 1735 5315 πα-

173 5356 507 5428 ραλογισμοῦ
536 5373 675 5419 τινος
706 5356 1005 5427 εὐπορῆσαι
1033 5354 1311 5419 δύνωνται,
1332 5353 1522 5407 ὁπόθεν
1546 5352 1739 5421 δήποτε

169 5452 346 5504 ἐκεῖνο
389 5451 615 5521 ἒρμαῖον
664 5447 869 5501 ἑαυτῶν
908 5446 1203 5511 ποιοῦνται,
1232 5448 1367 5517 ὅπερ
1396 5446 1739 5516 διαπραγμα-

170 5543 453 5615 τευὸμενοι
478 5542 539 5594 τὸ
566 5539 765 5611 ἀληθὲς
794 5539 942 5613 πάσῃ
971 5538 1131 5611 τέχνῃ
1156 5537 1631 5608 καταγωνίζονται.

289 5776 303 5801 ¹
343 5772 478 5825 Gen.
519 5784 656 5845 χιιι,
692 5768 741 5823 1.
850 5774 870 5805 ⁸
900 5772 1027 5829 Gen.
1060 5788 1130 5835 vi,
1160 5773 1214 5827 ‘2.

1842 3624 2078 3687 eximat;
2105 3622 2234 3692 quid
2272 3622 2548 3676 Manichzei
2581 3622 2799 3676 solertia
2823 3628 2876 3675 et
2906 3619 3176 3676 subtilitas
3204 3634 3323 3673 eam
3342 3620 3397 3672 in

1841 3733 1955 3772 rem
2002 3715 2303 3770 machinari
2355 3714 2566 3784 potest?
2605 3712 2743 3767 Num
2797 3713 3072 3768 enimvero
3154 3710 3397 3779 giganteo

1841 3825 2063 3867 munere
2094 3825 2222 3865 vere
2259 3807 2370 3866 Deo
2409 3807 2462 3861 in
2494 3806 2597 3861 hoc
2627 3806 2759 3861 dicit
2788 3804 3002 3875 adjutor
3031 3805 3310 3870 exsistere,
3336 3811 3397 3858 ut

1840 3901 2072 3957 sublatis
2096 3899 2539 3971 generationibus
2565 3898 2803 3953 divinam
2830 3898 3089 3952 virtutem
3119 3911 3149 3949 a
3168 3896 3394 3951 materia

1838 3991 1986 4047 brevi
2011 4001 2227 4063 prazstet
2260 3993 2545 4048 recedere?

1915 4082 2045 4149 Quae
2086 4098 2215 4138 vero
2260 4092 2433 4152 poetae
2473 4083 2539 4138 de
2582 4078 2889 4154 gigantibus
2929 4077 3171 4138 tradunt,
3215 4074 3391 4143 palam

1839 4174 2021 4229 fabula
2062 4181 2167 4227 est.
2212 4172 2314 4239 Qui
2354 4174 2497 4227 enim
2540 4172 2607 4227 de
2646 4162 2731 4227 his
2771 4174 3039 4229 statuunt,
3074 4165 3179 4218 alio
3230 4176 3392 4231 quam

1838 4267 2001 4321 verba
2032 4273 2247 4328 sonent,
2280 4280 2474 4327 sensu,
2507 4264 2635 4317 talia
2657 4262 2959 4333 proferunt,
2994 4255 3186 4314 fabulae
3216 4252 3393 4321 specie

1839 4358 2106 4413 sermonis
2156 4359 2383 4427 gratiam
2425 4364 2794 4425 contegentes,
2837 4363 2897 4407 ut
2935 4367 3057 4407 cum
3099 4350 3261 4404 refert
3295 4342 3393 4400 Ju~

1838 4451 2076 4504 donorum
2107 4450 2372 4503 historia'
2400 4468 2412 4503 :
2452 4448 2660 4502 Venisse
2694 4446 2900 4516 angelos
2932 4453 2990 4497 ut
3024 4459 3138 4496 cum
3180 4439 3390 4510 ﬁliabus

1836 4540 2101 4595 hominum
2129 4541 2617 4601 commiscerentur;
2652 4553 2843 4607 nempe
2870 4534 3015 4607 quod
3037 4537 3109 4588 ita
3144 4532 3390 4602 loquitur

1838 4631 1944 4686 hoc
1983 4632 2318 4701 signiﬁcans,
2354 4630 2501 4687 vires
2548 4631 2742 4683 animae
2784 4644 2904 4699 quae
2950 4626 3249 4681 inserviunt
3288 4640 3391 4677 nu-

1837 4724 2065 4787 tritioni,
2108 4738 2137 4775 a
2182 4722 2435 4792 supernis
2475 4722 2542 4775 ad
2595 4728 2807 4776 terrena
2857 4718 3173 4774 descivisse.
3214 4715 3391 4770 Poeta:

1838 4820 2014 4868 autem
2050 4813 2143 4882 qui
2186 4812 2392 4875 dicant,
2440 4811 2568 4875 Eos,
2604 4827 2719 4863 cum
2755 4809 2948 4863 armati
2975 4824 3002 4861 e
3037 4816 3176 4861 terra
3221 4818 3387 4858 emer-

1836 4888 2243 4969 sissent,imota
2299 4904 2481 4957 statim
2534 4906 2588 4957 in
2636 4904 2757 4956 deos
2813 4900 3085 4955 rebellione
3134 4897 3388 4965 periisse;

1836 5003 1895 5049 ut
1917 4994 2177 5049 caducam
2209 4995 2511 5066 celerisque
2540 4995 2795 5051 interitus
2830 5005 3119 5062 corporum
3153 4988 3387 5043 indolem

1830 5086 2191 5149 insinuarent,
2224 5086 2279 5139 in
2318 5086 2462 5141 hunc
2494 5086 2711 5143 modum
2741 5083 3160 5140 recreandorum
3199 5096 3265 5135 ex
3306 5078 3385 5133 rei

1831 5176 2094 5231 miraculo
2141 5177 2445 5231 animorum
2492 5195 2659 5234 causa
2725 5176 2915 5247 poesin
2981 5180 3269 5229 exornant.
3317 5169 3383 5224 Hi

1830 5282 1977 5330 vero,
2003 5283 2126 5321 cum
2157 5268 2292 5323 nihil
2320 5269 2512 5323 horum
2544 5268 2866 5338 intelligant,
2904 5265 2997 5319 ubi
3028 5264 3193 5343 ullius
3224 5277 3383 5334 para-

1827 5357 2044 5428 logismi
2097 5374 2284 5414 ansam
2330 5360 2572 5415 nancisci
2603 5358 2837 5420 licuerit,
2871 5355 3229 5422 undecunque
3261 5361 3382 5407 tan-

1830 5449 1953 5505 dem
2004 5450 2107 5505 sibi
2155 5451 2430 5506 inventum
2480 5450 2633 5505 avide
2676 5448 2964 5518 arripiunt,
3007 5454 3061 5502 et
3113 5444 3178 5499 ad
3231 5459 3381 5498 ever-

1829 5541 2047 5594 tendam
2078 5556 2296 5612 quoquo
2331 5548 2488 5611 pacto
2516 5539 2796 5596 veritatem
2824 5537 2971 5592 omni
3016 5543 3131 5590 arte
3154 5546 3379 5588 consur-

1831 5639 1978 5700 gunt.
