3980 6318
643 359 748 420 M7

1450 361 1847 427 ALEXAND!“
1882 360 2379 424 LYCOPOLITAM
2403 361 2491 418 DE
2529 361 2792 420 PLACIT.
2815 360 3090 421 MANICH.
3677 373 3761 430 με

1281 494 1410 554 Ωιι».
1436 496 1626 553 XXVI.
1662 496 1807 571 Ignis
1834 497 2196 554 Manichaicus
2226 506 2464 559 vexatus.
2497 496 2646 569 Ignis
2676 496 2789 564 ille,
2814 499 2931 567 ipsa
2965 499 3199 555 materia.

709 616 855 692 ignis
899 628 1080 677 autem
1129 618 1253 685 ille,
1312 618 1506 676 urendi
1538 618 1772 690 quidem
1820 618 1874 674 vi
1915 619 2190 691 praeditus,

2368 617 2441 672 Τδ
2472 617 2528 672 δὲ
2568 618 2678 693 πῦρ
2704 617 2884 679 αὐτοῖς
2910 616 2971 669 τὸ
3012 614 3291 670 καυστικδν
3337 617 3445 686 μὲν,
3489 617 3688 688 ἀφεγγὲς
3705 621 3760 687 δέ,

641 711 778 767 nihil
817 714 999 766 tamen
1031 711 1169 768 lucis
1211 711 1441 775 habens,
1486 711 1576 783 qui
1615 711 1687 768 sit
1723 719 1876 773 extra
1913 711 2196 777 mundum,

642 816 877 875 quonam
897 801 977 858 eis
998 802 1118 858 loco
1139 803 1422 859 consistit?
1448 801 1581 857 Nam
1610 803 1656 857 si
1676 803 1892 873 quidem
1913 804 1968 861 in
1999 807 2200 860 mundo

639 900 745 959 est,
789 908 889 949 cur
934 894 1171 950 mundus
1211 895 1477 951 hactenus
1528 895 1817 950 incolumis
1855 897 2201 966 perseverat?

640 983 773 1039 Nam
817 984 862 1041 si
907 985 1201 1056 aliquando
1251 986 1451 1060 ipsum,
1503 986 1553 1043 ei
1594 988 2027 1059 propinquando,
2079 1004 2202 1044 cor-

638 1086 873 1148 rumpet,
904 1093 1051 1133 nunc
1077 1094 1292 1151 quoque
1341 1077 1446 1149 ipsi
1496 1078 1827 1148 conjunctus
1859 1088 1964 1135 est.
2008 1079 2065 1135 Si
2101 1097 2199 1135 au-

639 1176 747 1224 tem
773 1182 1019 1224 seorsum
1044 1178 1151 1235 est,
1183 1172 1329 1229 velut
1363 1172 1419 1225 in
1447 1172 1670 1243 propria
1704 1172 1833 1228 sede
1861 1187 1925 1227 ac
1954 1173 2073 1229 loco
2109 1190 2200 1230 su-

638 1257 843 1321 blimis,
872 1258 1003 1328 quid
1030 1271 1219 1329 postea
1248 1269 1309 1314 ut
1336 1259 1391 1316 in
1423 1260 1684 1315 mundum
1715 1258 1997 1315 delabatur
2027 1261 2078 1316 ei
2105 1276 2198 1316 ac-

637 1346 822 1404 cidet?
874 1350 986 1410 Aut
1040 1365 1150 1421 quo
1195 1350 1357 1406 modo
1400 1366 1432 1407 e
1475 1352 1595 1407 loco
1643 1366 1744 1407 suo
1787 1352 2038 1416 excedet,
2089 1340 2199 1423 qua

638 1442 986 1511 necessitate,
1032 1444 1260 1514 cujusve
1303 1460 1570 1502 excussus
1616 1445 1905 1502 violentia?
1939 1446 2193 1513 Quaenam

639 1548 771 1590 vero
799 1536 963 1589 etiam
990 1535 1133 1607 ignis
1163 1537 1467 1593 substantia
1500 1539 1675 1610 possit
1702 1539 1927 1610 intelligi
1952 1539 2070 1597 sine
2094 1556 2194 1611 pa-

637 1625 802 1683 bulo!
851 1626 961 1682 Aut
996 1628 1268 1699 quomodo
1314 1630 1597 1687 humidum
1645 1631 1722 1686 illi
1770 1632 2025 1703 pabulum
2072 1634 2197 1689 est?

638 1716 743 1773 nisi
778 1717 924 1789 quod
960 1733 1079 1789 qua:
1108 1719 1175 1776 de
1204 1720 1296 1775 illo
1329 1736 1396 1775 ex
1439 1730 1646 1779 natura
1680 1723 1854 1795 magis
1892 1724 2195 1781 rationibus

636 1804 917 1872 dicuntur,
956 1823 1065 1865 non
1094 1817 1177 1864 est
1205 1808 1370 1879 hujus
1401 1817 1665 1868 tractatus
1703 1812 2027 1884 disquirere.
2057 1814 2195 1871 lllud

634 1903 814 1953 autem
851 1913 916 1953 ex
961 1899 1046 1956 his
1075 1916 1196 1971 qua:
1227 1902 1371 1956 dicta
1400 1910 1547 1968 sunt,
1583 1919 1811 1975 prorsus
1845 1906 2192 1965 manifestum

2298 708 2358 761 τὸ
2383 707 2537 771 ἐκτὸς
2555 706 2648 760 τοῦ
2689 705 2913 777 κόσμου,
2958 703 3060 757 ποῦ
3113 705 3342 776 ίδρυταις
3375 706 3432 758 ΕΙ
3463 707 3548 777 μὲν
3578 706 3667 780 γὰρ
3695 710 3760 763 ἐπὶ

2298 799 2388 853 τὸν
2407 799 2629 871 κόσμον,
2656 799 2710 852 τί
2745 798 2807 851 τὸ
2845 798 3013 857 αῐτιον
3050 796 3142 851 τοῦ
3169 798 3342 870 ἀπαθῆ
3373 794 3496 852 εἶναι
3534 799 3668 872 μέχρι
3694 801 3764 856 τοῦ

2299 891 2559 964 παρόντος
2585 890 2676 943 τὸν
2700 891 2900 961 κόσμον
2924 907 2939 956 ;
2982 891 3046 944 Εἰ
3094 889 3199 962 γὰρ
3222 889 3479 961 διαφθερεῖ
3505 908 3614 945 ποτε
3643 892 3763 945 αὐτὸν

2297 983 2620 1055 πλησιάσαν,
2651 984 2744 1037 καὶ
2775 981 2868 1036 νῦν
2896 981 3032 1053 πρὸς
3061 981 3218 1035 αὐτὸν
3244 980 3511 1050 συνῆπται.
3542 981 3597 1033 Ei
3617 981 3663 1033 δὲ
3683 998 3767 1053 xui;

2299 1073 2384 1147 ρίς
2421 1076 2588 1139 ἐστιν,
2618 1069 2819 1141 οἷονὼς
2841 1075 2896 1126 ἐν
2924 1073 3039 1140 ίδίῳ
3074 1073 3219 1144 τόπῳ
3265 1072 3530 1144 μετέωρον,
3556 1074 3601 1127 τί
3638 1072 3766 1129 παθδν

2299 1167 2521 1239 ὕστερον
2552 1166 2873 1221 ἐπιπέσεται
2910 1167 2988 1238 τῷ
3029 1166 3248 1238 κόσμῳς
3295 1167 3360 1219 Ἦ
3406 1166 3510 1229 πῶς
3546 1165 3625 1218 τοῦ
3670 1166 3768 1219 ἰδίου

2296 1259 2460 1314 τόπου
2494 1259 2812 1331 ἐκστήσεται
2842 1258 2945 1312 ὑπό
2965 1276 3107 1322 τινος
3129 1259 3362 1329 ἀνάγκης
3384 1258 3471 1311 καὶ
3499 1256 3629 1327 βίας;
3669 1257 3771 1311 Τίνα

2295 1349 2352 1403 δὲ
2378 1351 2470 1405 καὶ
2491 1349 2621 1421 ῦλης
2650 1350 2816 1421 χωρὶς
2842 1352 3040 1403 ἐννοεῖν
3068 1347 3162 1401 τοῦ
3196 1348 3362 1420 πυρὸς
3394 1347 3678 1410 ὑπόστασιν;
3715 1346 3769 1398 Ἦ

2297 1440 2414 1504 πῶς
2440 1440 2501 1494 τὸ
2539 1440 2703 1511 ὑγρὸν
2727 1439 2899 1510 τούτῳ
2925 1439 3071 1492 ἐστὶν
3099 1440 3268 1510 τροφῇ
3289 1453 3303 1501 ;
3327 1437 3359 1507 ἢ
3382 1437 3474 1489 ὅσα
3494 1434 3679 1504 λέγεται
3699 1449 3770 1501 φυ-

2297 1531 2611 1604 σικώτερον,
2644 1533 2703 1585 οὐ
2727 1530 2820 1585 τοῦ
2848 1530 3109 1603 παρόντος
3145 1529 3300 1599 λόγου
3337 1525 3493 1581 ἐστίν.
3529 1526 3699 1583 Ἐκεῖνο
3730 1521 3771 1576 δὲ

2296 1626 2512 1689 πάντως
2537 1643 2638 1679 που
2693 1625 2922 1696 φανερὸν
2980 1625 3044 1677 ἐκ
3101 1623 3211 1677 τῶν
3258 1619 3560 1697 εἰρημένων.
3604 1616 3664 1668 Τὸ
3693 1614 3772 1687 γὰρ

2296 1717 2406 1789 πῦρ
2430 1718 2523 1772 τοῦ
2553 1719 2754 1790 κόσμου
2776 1718 2930 1781 ἐκτὸς
2956 1717 3195 1789 ἀκριϐῶς
3230 1717 3372 1769 ἐστιν
3398 1716 3430 1784 ἡ
3456 1710 3682 1782 λεγομένη
3704 1710 3772 1762 ὑπ’

2294 1812 2473 1867 αὐτῶν
2498 1812 2617 1885 ὕλη·
2650 1812 2945 1883 ἐπειδήπερ
2971 1812 2998 1864 ὁ
3022 1810 3170 1881 ἥλιος
3217 1809 3307 1863 καὶ
3336 1808 3368 1879 ή
3402 1805 3580 1876 σελήνη
3600 1800 3773 1871 καθαροὶ

2294 1906 2545 1979 καθαρῶν
2574 1905 2725 1970 ὄντες
2753 1904 2839 1959 διὰ
2886 1905 2985 1976 τῆς
3026 1900 3190 1966 θείας
3222 1901 3491 1970 δυνάμεως
3507 1891 3774 1963 ἀπεζεύχθη·

632 1994 736 2042 est.
766 1986 912 2058 Ignis
948 1989 1092 2044 enim
1135 2000 1289 2045 extra
1314 1991 1576 2047 mundum
1604 1996 1935 2061 consistens,
1970 1998 2190 2053 omnino

2294 2013 2393 2051 σαν
2420 1997 2513 2051 τοῦ
2547 1998 2717 2069 πυρὸς
2746 1995 2956 2060 τούτου,
2985 1994 3133 2049 οὐδὲν
3159 1990 3362 2046 ἑαυτῶν
3386 1991 3441 2043 ἐν
3469 1987 3541 2059 τῷ
3558 1986 3666 2056 πυρὶ
3683 1983 3776 2037 τοὺ-

631 2086 902 2150 estquam
930 2079 1035 2151 ipsi
1065 2089 1261 2138 vocant
1292 2085 1572 2140 materiam
1597 2105 1610 2141 :
1642 2088 2080 2158 quandoquidem
2110 2090 2193 2146 sol

630 2181 685 2228 et
716 2174 869 2242 luna,
902 2175 1025 2245 puri
1059 2190 1320 2249 purorum
1361 2176 1542 2233 divina
1577 2180 1781 2236 virtute
1817 2182 1885 2236 ab
1919 2182 2022 2237 hoc
2069 2182 2194 2253 igne

629 2268 864 2339 sejuncti
902 2276 1051 2334 sunt,
1095 2270 1245 2325 nulla
1282 2285 1503 2328 suarum
1542 2273 1778 2342 partium
1821 2272 1876 2327 in
1918 2273 2022 2329 hoc
2068 2275 2192 2347 igne

630 2360 839 2417 relicta.
873 2359 1004 2417 Erat
1034 2360 1123 2417 hic
1145 2361 1285 2433 ignis
1319 2362 1436 2432 ipsa
1464 2378 1560 2433 per
1589 2378 1649 2418 se
1670 2365 1916 2430 materia,
1948 2364 2016 2419 ab
2042 2366 2191 2423 omni

628 2466 755 2508 cum
806 2452 990 2509 divina
1033 2452 1234 2509 virtute
1279 2469 1505 2524 prorsus
1560 2463 1803 2511 semotus
1840 2456 2188 2511 commercio.

628 2543 991 2615 Quamobrem
1033 2546 1128 2605 ubi
1173 2546 1406 2603 mundus
1449 2547 1598 2602 omni
1644 2532 1824 2603 divina
1871 2549 2071 2605 virtute
2111 2549 2188 2606 illi

626 2637 953 2695 adversante
989 2629 1380 2704 evacuabitur,
1408 2636 1677 2707 ejusmodi
1711 2655 1904 2695 rursus
1932 2639 2075 2711 ignis
2103 2656 2191 2697 re-

629 2727 930 2799 linquetur;
963 2743 1200 2800 quonam
1244 2728 1410 2799 igitur
1454 2728 1616 2783 modo
1666 2728 1806 2799 ignis
1842 2736 1936 2783 aut
1980 2729 2184 2801 aliquid

627 2828 957 2892 corrumpet,
1008 2828 1102 2875 aut
1140 2821 1209 2876 ab
1252 2836 1317 2876 eo
1348 2821 1774 2892 corrumpetur?
1805 2820 1888 2877 Ab
1936 2836 2002 2876 eo
2037 2820 2185 2880 enim

626 2910 772 2981 quod
800 2910 977 2966 simile
1014 2918 1117 2975 est,
1166 2926 1273 2965 non
1301 2910 1458 2967 video
1494 2927 1601 2983 qua
1652 2913 1861 2972 ratione
1892 2910 1963 2967 sit
2005 2911 2184 2965 futura

625 3003 926 3075 corruptio.
961 3002 1116 3071 Quod
1164 3003 1311 3059 enim
1346 3003 1437 3058 ﬁet
1486 3004 1744 3067 materia,
1796 3002 1981 3058 divina
2024 3004 2091 3058 ab
2119 3019 2184 3059 ea

626 3095 828 3152 virtute
854 3094 1125 3166 sejuncta,
1165 3095 1270 3153 hoc
1295 3102 1411 3154 erat
1454 3096 1772 3167 priusquam
1798 3095 1979 3153 divina
2010 3098 2184 3155 virtus

625 3202 748 3243 cum
778 3202 843 3243 ea
885 3188 1346 3244 commisceretur.
1385 3187 1443 3243 Si
1472 3188 1688 3260 quidem
1738 3188 1902 3259 igitur
1933 3188 2179 3253 materia,

623 3277 809 3334 divina
838 3278 1098 3336 destituta
1126 3280 1328 3336 virtute
1358 3281 1597 3350 peritura
1631 3287 1735 3346 est,
1766 3279 1955 3350 quidni
1997 3279 2177 3350 periit,
2208 3316 2251 3374 ε

623 3374 916 3440 antequam
950 3370 1115 3426 etiam
1149 3368 1388 3425 divinam
1427 3370 1682 3426 virtutem
1718 3370 1957 3427 ullumve
1983 3387 2183 3428 munus

621 3462 917 3519 creationis
947 3471 1406 3535 consequeretur;
1433 3471 1494 3519 ut
1530 3465 1789 3535 deinceps
1830 3464 2058 3521 materia
2089 3481 2185 3536 pe-

622 3563 762 3619 reat,
794 3562 851 3610 et
892 3555 949 3610 in
995 3556 1265 3613 inﬁnitum
1307 3557 1360 3611 id
1404 3555 1600 3612 faciat?
1645 3556 1711 3611 Et
1753 3557 1885 3629 quid
1925 3558 2185 3628 prodest?

624 3643 782 3714 Quod
813 3645 958 3701 enim
989 3662 1054 3703 ex
1091 3646 1267 3717 prima
1294 3648 1571 3704 voluntate
1611 3647 1813 3705 factum
1838 3664 1948 3704 non
1980 3656 2083 3715 est,
2116 3665 2184 3704 ex

623 3737 877 3807 sequenti
905 3738 1182 3809 quomodo
1215 3738 1343 3794 ﬁet?
1375 3747 1468 3794 aut
1500 3756 1746 3811 quaenam
1775 3740 1885 3796 Deo
1926 3742 2087 3808 ratio,
2122 3749 2183 3795 ut

621 3832 840 3901 negotia
891 3830 1125 3897 differat,
1164 3847 1283 3901 quae
1323 3847 1392 3887 ne
1433 3833 1490 3886 in
1533 3833 1652 3889 viro
1698 3833 1916 3905 quidem
1959 3849 2018 3890 se
2049 3832 2183 3889 bene

622 3921 827 3979 habere
867 3922 1038 3979 videri
1068 3931 1307 3995 queant;
1343 3923 1453 3979 illis
1485 3924 1630 3980 enim
1667 3926 1814 3995 quod
1847 3925 2183 3997 impossibile

624 4018 699 4075 sit
730 4017 1033 4075 deliberare
1061 4017 1302 4090 proclive
1351 4017 1567 4072 dicatur
1595 4026 1922 4089 competere.
1957 4017 2052 4090 qui
2099 4017 2180 4074 ia-

620 4108 798 4175 ciunt,
831 4116 892 4166 ut
933 4125 1034 4166 nec
1060 4116 1194 4166 tunc
1221 4108 1389 4163 velint
1430 4121 1556 4162 cum
1583 4108 1845 4180 possibile
1871 4116 1975 4166 est.
2012 4108 2183 4164 Caete-

621 4216 768 4267 rum,
797 4201 901 4256 nisi
921 4201 1050 4274 quid
1067 4201 1234 4266 aliud,
1257 4200 1424 4256 Deum
1443 4213 1607 4270 supra
1628 4199 1920 4256 essentiam
1949 4207 2004 4256 et
2021 4216 2181 4271 quem

620 4292 830 4360 dicunt,
852 4294 999 4349 velut
1028 4308 1222 4350 novam
1251 4293 1541 4365 quamdam
1562 4292 1843 4347 materiam
1876 4292 2176 4347 inducunt:

618 4401 723 4443 nec
749 4400 870 4441 eam
901 4385 1142 4457 quidem,
1171 4400 1335 4457 quam
1355 4384 1457 4440 viri
1489 4384 1784 4458 prudentes
1815 4383 2038 4439 omnino
2056 4399 2184 4439 con-

618 4478 863 4550 iunctam
902 4478 1251 4545 existimant,
1300 4485 1396 4534 aut
1436 4494 1558 4549 quae
1596 4477 1838 4533 omnium
1879 4484 2180 4533 extremum

619 4576 725 4636 est,
755 4568 955 4640 vixque
983 4569 1039 4624 in
1062 4577 1295 4626 mentem
1325 4576 1385 4624 ut
1416 4586 1537 4626 eam
1566 4570 1730 4626 homo
1766 4569 2053 4641 intelligat,
2081 4584 2177 4625 ve-

2290 2107 2368 2161 τῳ
2396 2089 2777 2159 ὑπολείψαντες
2799 2088 2981 2165 μέρος.
3014 2085 3184 2140 Τοῦτο
3203 2080 3270 2156 ἦν
3294 2085 3325 2154 η
3357 2081 3452 2150 ῦλη
3480 2078 3588 2132 καθ’
3609 2073 3775 2144 ἑαυτὴν,

2290 2184 2351 2237 τὸ
2373 2180 2614 2254 ἀκριϐῶς
2641 2182 2868 2252 ἄμικτον
2899 2180 3034 2251 πρὸς
3060 2177 3157 2250 τὴν
3204 2177 3352 2231 θείαν
3374 2173 3602 2242 δύναμιν.
3638 2169 3777 2226 Ὥστε,

2290 2277 2355 2330 ἀν
2374 2273 2580 2345 κενωθῇ
2610 2273 2811 2344 κόσμος
2848 2271 2949 2341 τῆς
3002 2272 3124 2335 κατ’
3153 2267 3316 2323 αὐτοῦ
3353 2265 3608 2335 δυνάμεως
3650 2258 3776 2321 θείας.

2291 2367 2452 2421 πάλιν
2522 2365 2764 2420 τοιοῦτον
2810 2363 3265 2435 ὑπολειφθήσεται
3322 2358 3451 2430 πῦρ,
3499 2356 3605 2419 πῶς
3643 2347 3779 2405 οὖντδ

2290 2463 2399 2530 πῦρ
2428 2455 2761 2528 ἢδιαφθερεῖ
2788 2473 2862 2521 τι,
2908 2454 2942 2526 ἢ
2992 2455 3081 2507 ὑπ’
3115 2453 3277 2508 ἄλλου
3310 2449 3649 2521 φθαρήσεται;
3674 2439 3778 2512 Πρὸς

2287 2548 2395 2620 γὰρ
2426 2548 2519 2601 τοῦ
2545 2548 2728 2619 ὁμοίου
2761 2546 2858 2617 οὐχ
2887 2545 2997 2619 ὁρῶ
3025 2545 3142 2610 πῶς
3175 2545 3455 2615 γενήσεται
3494 2540 3523 2610 ἡ
3550 2534 3713 2607 φθορά.
3732 2531 3780 2584 ‘0

2287 2640 2394 2712 γὰρ
2414 2642 2698 2712 γενήσεται
2730 2638 2905 2710 ἡῦλη,
2961 2640 3059 2709 τῆς
3107 2636 3262 2701 θείας
3304 2633 3570 2703 δυνάμεως
3595 2624 3783 2690 ἀποξευέ

2287 2732 2494 2804 χθεῖσα,
2525 2731 2667 2785 τοῦτ’
2685 2727 2753 2803 ἦν
2778 2732 2905 2804 πρὶν
2937 2731 3031 2785 καὶ
3058 2730 3326 2801 μεμίχθαι
3368 2726 3501 2799 πρὸς
3527 2721 3670 2791 αὗτὴν
3708 2717 3782 2788 τὴν

2286 2823 2434 2878 θείαν
2463 2823 2710 2895 δύναμιν.
2742 2824 2805 2877 Ei
2851 2822 3029 2877 τοίνυν
3057 2821 3341 2875 ἀπολεῖται
3383 2814 3692 2891 ἐρημωθεῖσα
3708 2808 3783 2876 τῆς

2285 2915 2432 2981 θείας
2456 2917 2752 2988 δυνάμεως,
2774 2914 2861 2969 διὰ
2881 2916 2935 2968 τί
2958 2915 3030 2987 μὴ
3053 2915 3148 2971 καὶ
3169 2913 3417 2967 ἀπώλετο
3440 2909 3559 2980 πρὶν
3572 2905 3651 2959 καὶ
3670 2898 3785 2955 θείαν

2282 3008 2507 3081 δύναμιν
2535 3007 2784 3078 γενέσθαι
2806 3006 2839 3078 ἦ
2864 3006 3026 3077 ἀλλην
3055 3004 3436 3077 δημιουργίαν,
3471 3002 3551 3053 ἵνα
3568 2994 3783 3081 ἀπόληται

2281 3102 2317 3173 ἡ
2347 3079 2468 3170 ὕλη,
2492 3099 2586 3153 καὶ
2617 3096 2772 3151 τοῦτο
2794 3098 2993 3168 ποιήσῃ
3034 3095 3230 3167 μέχρις
3258 3092 3481 3163 ἀπείρου
3496 3107 3518 3173 _;
3544 3085 3644 3142 Καί
3679 3082 3722 3136 τί
3743 3079 3788 3132 τὺ

2282 3169 2497 3260 δφελοξῖ
2530 3189 2595 3242 Ὃ
2622 3189 2727 3260 γὰρ
2761 3186 2835 3259 μὴ
2858 3186 3071 3255 ἐγένετο
3099 3187 3165 3239 ἐκ
3193 3184 3291 3239 τοῦ
3335 3169 3541 3254 πρώτου
3571 3174 3790 3249 βουλήμα-

2283 3300 2391 3347 τος,
2412 3283 2528 3347 πῶς
2561 3284 2625 3336 ἐκ
2654 3280 2747 3334 τοῦ
2778 3279 3027 3350 δευτέρου
3060 3279 3389 3349 γενήσεταις
3444 3274 3476 3346 ἦ
3513 3273 3589 3337 τίς
3634 3267 3793 3335 ὁλόγος

2285 3373 2424 3447 Θεῷ,
2454 3373 2725 3429 ἀναθεῖναι
2752 3372 3069 3445 πράγματα,
3104 3370 3138 3424 ἀ
3169 3371 3287 3425 οὐδ’
3324 3371 3409 3424 ἐπ’
3447 3364 3700 3438 ἀνθρώπου
3722 3376 3796 3413 κα-

2284 3468 2388 3533 λῶς
2414 3468 2556 3540 ἔχειν
2586 3467 2866 3531 ὑπονοεῖν;
2896 3464 2968 3518 Τὸ
3014 3463 3122 3535 γὰρ
3172 3463 3438 3517 ἀδύνατον
3490 3449 3795 3540 πρόσεστι

2285 3538 2630 3631 βουλεῦεσθαι
2667 3558 2759 3610 ἐπὶ
2806 3554 2914 3609 τῶν
2976 3554 3278 3608 ποιούντων
3333 3553 3469 3625 πρὸς
3511 3549 3585 3620 τῷ
3628 3538 3796 3617 μηδὲτδ

2285 3650 2584 3722 βούλεσθαι,
2616 3649 2719 3704 κᾶν
2744 3648 2968 3703 δυνατὸν
2998 3643 3054 3722 ᾖ,
3086 3649 3400 3720 προχείρως
3424 3644 3609 3716 χρῆναι
3637 3636 3793 3705 λέγειν.

2283 3742 2430 3814 Πλὴν
2461 3743 2510 3795 εί
2547 3742 2619 3813 μή
2648 3758 2700 3794 τι
2725 3740 2929 3813 ἕτερον,
2954 3738 3087 3791 Θεὸν
3121 3739 3215 3792 καὶ
3250 3738 3345 3792 τὸν
3385 3735 3629 3791 ἐπέκεινα
3651 3727 3797 3785 οὐσίας

2283 3833 2547 3902 λέγουσιν,
2573 3831 2760 3904 ὥσπερ
2803 3831 2994 3902 καινήν
3037 3847 3160 3883 τινα
3199 3831 3517 3899 εἰσάγουσιν
3558 3823 3692 3892 ῦλην·
3727 3815 3798 3871 καὶ

2283 3928 2402 3998 οὐχὶ
2433 3926 2529 3998 τὴν
2556 3925 2947 3998 ὑπερημμένην
2975 3922 3126 3995 παρὰ
3175 3927 3293 3988 τοῖς
3319 3922 3447 3978 νοῦν
3470 3922 3684 3993 ἔχουσιν·
3704 3908 3799 3983 ἦνῆ

2287 4018 2360 4090 μὴ
2387 4018 2728 4072 παντάπασιν
2751 4014 2914 4072 οὖσαν
2952 4019 2980 4070 ό
3008 4016 3162 4085 λόγος
3190 4017 3462 4089 εὑρίσκει,
3488 4013 3522 4084 ἢ
3544 4010 3602 4067 τὸ
3628 4007 3799 4061 πάντων

2281 4110 2501 4180 ἔσχατον
2517 4113 2608 4165 καὶ
2632 4111 2787 4184 μόγις
2806 4112 2884 4174 εἰς
2912 4110 3116 4164 ἔννοιαν
3136 4107 3490 4181 ἀνθρωπίνην
3515 4093 3805 4174 ἀφικνεῖσθαι

2280 4201 2590 4274 δυνάμενον.
2658 4202 2815 4258 Ἀλλά
2845 4201 2952 4274 γὰρ
3000 4201 3061 4254 τὸ
3091 4200 3200 4274 πῦρ
3250 4200 3312 4255 τὸ
3359 4196 3615 4269 ἀφεγγὲς,
3645 4187 3803 4262 ἀράτε

2281 4292 2440 4346 πλέον
2468 4294 2613 4347 ἐστὶν
2635 4294 2733 4365 τῆς
2769 4291 3066 4366 μελλούσης
3095 4289 3561 4364 ὲρημωθήσεσθαι
3592 4284 3707 4354 ὕλης
3726 4275 3808 4332 ἀπὺ

2280 4385 2377 4455 τῆς
2396 4383 2545 4450 θείας
2564 4385 2863 4457 δυνάμεως,
2892 4384 2926 4457 ἢ
2948 4384 3195 4448 έλαττον;
3233 4384 3378 4439 Ἀλλ’
3409 4385 3459 4436 εἰ
3495 4381 3589 4452 μὲν
3611 4377 3807 4431 ἔλαττον.

2282 4477 2398 4542 πῶς
2420 4481 2835 4548 καταγωνιεῖται
2862 4477 2922 4530 τὸ
2947 4476 3134 4541 πλέον;
3165 4478 3211 4528 εἰ
3251 4475 3311 4529 δὲ
3337 4473 3523 4537 πλέον,
3560 4465 3812 4533 ἐπανάγειν

2284 4567 2381 4640 μὲν
2409 4568 2538 4623 αὐτὸ
2560 4568 2876 4640 δυνήσεται,
2930 4566 3030 4637 τῆς
3079 4566 3248 4637 αὐτῆς
3285 4564 3350 4620 ὃν
3397 4563 3626 4635 φύσεως·
3648 4556 3701 4610 οὗ
3730 4549 3811 4622 μὴν

619 4662 738 4718 nire
757 4662 950 4734 possit.
976 4660 1266 4718 Enimvero
1295 4662 1436 4735 ignis
1463 4662 1557 4718 ille
1598 4661 1942 4726 tenebrosus,
1979 4660 2174 4731 plusne

2283 4661 2571 4736 διαφθείρει
2594 4677 2657 4730 γε
2681 4661 2831 4715 αὐτό·
2853 4659 3041 4732 ὥσπερ
3062 4657 3180 4714 οὐδὲ
3212 4661 3241 4712 ὁ
3264 4656 3465 4721 Νεῖλος
3497 4655 3621 4717 τοὺς
3640 4648 3721 4704 ἀπ’
3742 4642 3815 4698 αὒ-

620 4752 759 4808 valet
793 4768 955 4824 quam
989 4752 1237 4818 materia,
1281 4768 1401 4824 quae
1425 4753 1609 4809 divina
1647 4752 1942 4809 desolanda
1971 4752 2172 4808 virtute

2283 4752 2368 4808 τοῦ
2397 4753 2864 4825 ἀποτεμνομένους
2889 4753 3139 4816 κόλπους.

619 4850 723 4912 est,
753 4859 824 4902 an
848 4845 1072 4902 inlinus?
1100 4846 1181 4902 Ac
1203 4846 1252 4902 si
1283 4846 1502 4919 quidem
1553 4845 1758 4913 minus,
1815 4847 2087 4917 quomodo
2128 4847 2460 4917 expugnabit
2497 4846 2643 4918 quod
2682 4852 2765 4902 est
2807 4845 3019 4916 majus?
3068 4843 3165 4899 Sin
3203 4850 3391 4897 autem
3453 4825 3610 4911 plus;
3666 4827 3725 4885 ad
3770 4836 3819 4919 ξθ

618 4938 835 5011 quidem
871 4940 1135 4999 reducere
1162 4917 1380 5017 poterit,
1408 4958 1533 4999 cum
1557 4942 1628 5000 sit
1658 4941 1902 5014 ejusdem
1942 4951 2149 4998 natura:
2180 4956 2193 4992 :
2229 4941 2375 4997 haud
2423 4917 2604 4999 tamen
2633 4946 2964 5013 corrumpet,
2980 4946 3040 4997 ut
3078 4953 3252 5010 neque
3280 4935 3467 5001 Nilus,
3506 4929 3601 5004 qui
3636 4925 3699 4981 ab
3742 4917 3818 4974 illo

619 5031 1008 5101 abscinduntur
1031 5037 1206 5094 sinus.
