  <div class='ocr_page' id='page_1' title='image "/cluster/home/n/w/nwhite01/storage/ocr_20150623/18/hvd.32044073501215/232.png"; bbox 0 0 3980 6318; ppageno 0'>
   <div class='ocr_carea' id='block_1_1' title="bbox 226 358 3420 404">
    <p class='ocr_par' dir='ltr' id='par_1_1' title="bbox 226 358 3420 404">
     <span class='ocr_line' id='line_1_1' title="bbox 226 358 3420 404; baseline 0.002 -4"><span class='ocrx_word' id='word_1_1' title='bbox 226 358 3420 404; x_wconf 54' lang='lat' dir='ltr'><strong><em>m</em></strong></span> 
     </span>
    </p>
   </div>
   <div class='ocr_carea' id='block_1_2' title="bbox 1671 391 3417 418">
    <p class='ocr_par' dir='ltr' id='par_1_2' title="bbox 1671 391 3417 418">
     <span class='ocr_line' id='line_1_2' title="bbox 1671 391 3417 418; baseline -0.004 -8"><span class='ocrx_word' id='word_1_2' title='bbox 1671 391 3417 418; x_wconf 44' lang='grc' dir='ltr'><strong><em>’Μὶ--Ἢ--ῄ-ῄ</em></strong></span> 
     </span>
    </p>
   </div>
   <div class='ocr_carea' id='block_1_3' title="bbox 1542 542 2104 585">
    <p class='ocr_par' dir='ltr' id='par_1_3' title="bbox 1542 542 2104 585">
     <span class='ocr_line' id='line_1_3' title="bbox 1542 542 2104 585; baseline 0.007 -4"><span class='ocrx_word' id='word_1_3' title='bbox 1542 542 1679 582; x_wconf 74' lang='lat' dir='ltr'><strong>ANNO</strong></span> <span class='ocrx_word' id='word_1_4' title='bbox 1716 543 1897 583; x_wconf 75' lang='lat' dir='ltr'><strong><em>DOlllNl</em></strong></span> <span class='ocrx_word' id='word_1_5' title='bbox 1930 542 2104 585; x_wconf 76' lang='lat' dir='ltr'><strong><em>CCCXL</em></strong></span> 
     </span>
    </p>
   </div>
   <div class='ocr_carea' id='block_1_4' title="bbox 1124 636 2519 928">
    <p class='ocr_par' dir='ltr' id='par_1_4' title="bbox 1124 636 2519 928">
     <span class='ocr_line' id='line_1_4' title="bbox 1124 636 2519 928; baseline 0.005 -6"><span class='ocrx_word' id='word_1_6' title='bbox 1124 711 2519 928; x_wconf 78' lang='lat' dir='ltr'><strong><em>S.PETBUS</em></strong></span> 
     </span>
    </p>
   </div>
   <div class='ocr_carea' id='block_1_5' title="bbox 759 1063 2883 1203">
    <p class='ocr_par' dir='ltr' id='par_1_5' title="bbox 759 1063 2883 1203">
     <span class='ocr_line' id='line_1_5' title="bbox 759 1063 2883 1203; baseline 0.004 -10"><span class='ocrx_word' id='word_1_7' title='bbox 759 1063 1772 1195; x_wconf 80' lang='lat' dir='ltr'><strong><em>ALEXANDRIN</em></strong></span> <span class='ocrx_word' id='word_1_8' title='bbox 1780 1066 1972 1198; x_wconf 89' lang='lat' dir='ltr'><strong><em>US</em></strong></span> <span class='ocrx_word' id='word_1_9' title='bbox 2050 1070 2883 1203; x_wconf 83' lang='lat' dir='ltr'><strong><em>EPISCOPUS</em></strong></span> 
     </span>
    </p>
   </div>
   <div class='ocr_carea' id='block_1_6' title="bbox 1389 1324 2255 1442">
    <p class='ocr_par' dir='ltr' id='par_1_6' title="bbox 1389 1324 2255 1442">
     <span class='ocr_line' id='line_1_6' title="bbox 1389 1324 2255 1442; baseline 0.003 -5"><span class='ocrx_word' id='word_1_10' title='bbox 1389 1326 1568 1437; x_wconf 89' lang='lat' dir='ltr'><strong><em>ET</em></strong></span> <span class='ocrx_word' id='word_1_11' title='bbox 1658 1324 2255 1442; x_wconf 83' lang='lat' dir='ltr'><strong><em>MARTYR</em></strong></span> 
     </span>
    </p>
   </div>
   <div class='ocr_carea' id='block_1_7' title="bbox 1784 1571 1859 1587">
    <p class='ocr_par' dir='ltr' id='par_1_7' title="bbox 1784 1571 1859 1587">
     <span class='ocr_line' id='line_1_7' title="bbox 1784 1571 1859 1587; baseline -0.027 0"><span class='ocrx_word' id='word_1_12' title='bbox 1784 1571 1859 1587; x_wconf 61' lang='lat'><strong><em>.—</em></strong></span> 
     </span>
    </p>
   </div>
   <div class='ocr_carea' id='block_1_8' title="bbox 811 1640 2815 1795">
    <p class='ocr_par' dir='ltr' id='par_1_8' title="bbox 811 1640 2815 1795">
     <span class='ocr_line' id='line_1_8' title="bbox 811 1640 2815 1795; baseline 0 -1"><span class='ocrx_word' id='word_1_13' title='bbox 811 1699 1313 1794; x_wconf 88' lang='lat' dir='ltr'><strong>NOTITIA</strong></span> <span class='ocrx_word' id='word_1_14' title='bbox 1382 1640 2815 1795; x_wconf 80' lang='lat' dir='ltr'><strong><em>HISTORICO-LITTERARIA</em></strong></span> 
     </span>
    </p>
   </div>
   <div class='ocr_carea' id='block_1_9' title="bbox 1185 1886 2451 1956">
    <p class='ocr_par' dir='ltr' id='par_1_9' title="bbox 1185 1886 2451 1956">
     <span class='ocr_line' id='line_1_9' title="bbox 1185 1886 2451 1956; baseline -0.001 -15"><span class='ocrx_word' id='word_1_15' title='bbox 1185 1890 1451 1953; x_wconf 66' lang='lat' dir='ltr'><strong><em>(Gutum</em></strong></span> <span class='ocrx_word' id='word_1_16' title='bbox 1479 1888 1589 1939; x_wconf 73' lang='grc' dir='ltr'><strong><em>γει.</em></strong></span> <span class='ocrx_word' id='word_1_17' title='bbox 1619 1890 1755 1938; x_wconf 85' lang='lat' dir='ltr'><strong><em>Patr.</em></strong></span> <span class='ocrx_word' id='word_1_18' title='bbox 1780 1886 2005 1941; x_wconf 76' lang='lat' dir='ltr'><strong><em>Biblioth.</em></strong></span> <span class='ocrx_word' id='word_1_19' title='bbox 2028 1888 2109 1951; x_wconf 85' lang='lat' dir='ltr'><strong><em>IV,</em></strong></span> <span class='ocrx_word' id='word_1_20' title='bbox 2135 1889 2351 1955; x_wconf 82' lang='lat' dir='ltr'><strong><em>Proleg.,</em></strong></span> <span class='ocrx_word' id='word_1_21' title='bbox 2377 1891 2451 1956; x_wconf 85' lang='lat' dir='ltr'><strong><em>x.)</em></strong></span> 
     </span>
    </p>
   </div>
   <div class='ocr_carea' id='block_1_10' title="bbox 212 2155 3413 2236">
    <p class='ocr_par' dir='ltr' id='par_1_10' title="bbox 212 2155 3413 2236">
     <span class='ocr_line' id='line_1_10' title="bbox 212 2155 3413 2236; baseline 0.003 -19"><span class='ocrx_word' id='word_1_22' title='bbox 212 2163 247 2217; x_wconf 93' lang='grc'><strong><em>1.</em></strong></span> <span class='ocrx_word' id='word_1_23' title='bbox 278 2161 800 2236; x_wconf 14' lang='grc' dir='ltr'><strong><em>ΡειτίᾃΑιείταηᾶι-ἱηί</em></strong></span> <span class='ocrx_word' id='word_1_24' title='bbox 830 2160 1086 2236; x_wconf 75' lang='lat' dir='ltr'><strong><em>an_tis_titis</em></strong></span> <span class='ocrx_word' id='word_1_25' title='bbox 1117 2158 1303 2211; x_wconf 85' lang='lat' dir='ltr'><strong><em>merita</em></strong></span> <span class='ocrx_word' id='word_1_26' title='bbox 1332 2156 1398 2236; x_wconf 54' lang='lat' dir='ltr'><strong><em>alr</em></strong></span> <span class='ocrx_word' id='word_1_27' title='bbox 1419 2173 1521 2236; x_wconf 74' lang='lat' dir='ltr'><strong><em>uno</em></strong></span> <span class='ocrx_word' id='word_1_28' title='bbox 1554 2155 1780 2211; x_wconf 82' lang='lat' dir='ltr'><strong><em>Eusebio</em></strong></span> <span class='ocrx_word' id='word_1_29' title='bbox 1809 2158 2089 2215; x_wconf 86' lang='lat' dir='ltr'><strong><em>celebrata.</em></strong></span> <span class='ocrx_word' id='word_1_30' title='bbox 2130 2161 2349 2217; x_wconf 79' lang='lat' dir='ltr'><strong><em>Theome</em></strong></span> <span class='ocrx_word' id='word_1_31' title='bbox 2372 2172 2656 2219; x_wconf 78' lang='lat' dir='ltr'><strong><em>successor.</em></strong></span> <span class='ocrx_word' id='word_1_32' title='bbox 2694 2169 2905 2236; x_wconf 84' lang='lat' dir='ltr'><strong><em>Tempus</em></strong></span> <span class='ocrx_word' id='word_1_33' title='bbox 2929 2183 3040 2234; x_wconf 82' lang='lat' dir='ltr'><strong><em>e;us</em></strong></span> <span class='ocrx_word' id='word_1_34' title='bbox 3063 2169 3199 2225; x_wconf 86' lang='lat' dir='ltr'><strong><em>sedis</em></strong></span> <span class='ocrx_word' id='word_1_35' title='bbox 3221 2174 3413 2226; x_wconf 79' lang='lat' dir='ltr'><strong><em>statui-</em></strong></span> 
     </span>
    </p>
   </div>
   <div class='ocr_carea' id='block_1_11' title="bbox 274 2227 1508 2299">
    <p class='ocr_par' dir='ltr' id='par_1_11' title="bbox 274 2227 1508 2299">
     <span class='ocr_line' id='line_1_11' title="bbox 274 2227 1508 2299; baseline -0.005 -12"><span class='ocrx_word' id='word_1_36' title='bbox 274 2246 371 2289; x_wconf 82' lang='lat' dir='ltr'><strong><em>tur.</em></strong></span> <span class='ocrx_word' id='word_1_37' title='bbox 406 2234 696 2288; x_wconf 82' lang='lat' dir='ltr'><strong><em>Desinente</em></strong></span> <span class='ocrx_word' id='word_1_38' title='bbox 726 2248 862 2285; x_wconf 85' lang='lat' dir='ltr'><strong><em>anno</em></strong></span> <span class='ocrx_word' id='word_1_39' title='bbox 886 2231 983 2284; x_wconf 73' lang='grc'><strong>511</strong></span> <span class='ocrx_word' id='word_1_40' title='bbox 1022 2239 1222 2299; x_wconf 78' lang='lat' dir='ltr'><strong><em>martyr</em></strong></span> <span class='ocrx_word' id='word_1_41' title='bbox 1253 2227 1508 2281; x_wconf 86' lang='lat' dir='ltr'><strong><em>occubuit.</em></strong></span> 
     </span>
    </p>
   </div>
   <div class='ocr_carea' id='block_1_12' title="bbox 211 2320 3414 2410">
    <p class='ocr_par' dir='ltr' id='par_1_12' title="bbox 211 2320 3414 2410">
     <span class='ocr_line' id='line_1_12' title="bbox 211 2320 3414 2410; baseline 0.001 -27"><span class='ocrx_word' id='word_1_42' title='bbox 211 2330 269 2384; x_wconf 85' lang='lat' dir='ltr'><strong><em>ll.</em></strong></span> <span class='ocrx_word' id='word_1_43' title='bbox 306 2330 561 2410; x_wconf 65' lang='lat' dir='ltr'><strong><em>corpore</em></strong></span> <span class='ocrx_word' id='word_1_44' title='bbox 597 2326 967 2410; x_wconf 76' lang='lat' dir='ltr'><strong><em>persecutionis</em></strong></span> <span class='ocrx_word' id='word_1_45' title='bbox 1005 2324 1251 2410; x_wconf 38' lang='lat' dir='ltr'><strong><em>Ga‘none‘s</em></strong></span> <span class='ocrx_word' id='word_1_46' title='bbox 1281 2320 2311 2410; x_wconf 39' lang='lat' dir='ltr'><strong><em>pmn’i‘tentiales&#39;scripsit..Hujusmodi</em></strong></span> <span class='ocrx_word' id='word_1_47' title='bbox 2334 2323 2577 2410; x_wconf 41' lang='lat' dir='ltr'><strong><em>.Cmoges</em></strong></span> <span class='ocrx_word' id='word_1_48' title='bbox 2618 2328 2825 2397; x_wconf 84' lang='lat' dir='ltr'><strong><em>aliaque</em></strong></span> <span class='ocrx_word' id='word_1_49' title='bbox 2854 2331 3023 2383; x_wconf 87' lang='lat' dir='ltr'><strong><em>sancti</em></strong></span> <span class='ocrx_word' id='word_1_50' title='bbox 3049 2329 3231 2386; x_wconf 79' lang='lat' dir='ltr'><strong><em>Patris</em></strong></span> <span class='ocrx_word' id='word_1_51' title='bbox 3256 2349 3414 2401; x_wconf 81' lang='lat' dir='ltr'><strong><em>opera</em></strong></span> 
     </span>
    </p>
   </div>
   <div class='ocr_carea' id='block_1_13' title="bbox 274 2391 3414 2467">
    <p class='ocr_par' dir='ltr' id='par_1_13' title="bbox 274 2391 3414 2467">
     <span class='ocr_line' id='line_1_13' title="bbox 274 2391 3414 2467; baseline 0.002 -16"><span class='ocrx_word' id='word_1_52' title='bbox 274 2391 489 2467; x_wconf 74' lang='lat' dir='ltr'><strong><em>plurimi</em></strong></span> <span class='ocrx_word' id='word_1_53' title='bbox 519 2391 718 2451; x_wconf 83' lang='lat' dir='ltr'><strong><em>ducunt</em></strong></span> <span class='ocrx_word' id='word_1_54' title='bbox 745 2398 1019 2467; x_wconf 79' lang='lat' dir='ltr'><strong><em>scriptores</em></strong></span> <span class='ocrx_word' id='word_1_55' title='bbox 1050 2394 1365 2467; x_wconf 77' lang='lat' dir='ltr'><strong><em>Orientales.</em></strong></span> <span class='ocrx_word' id='word_1_56' title='bbox 1399 2391 1777 2467; x_wconf 47' lang='lat' dir='ltr'><strong><em>Nequeualiter</em></strong></span> <span class='ocrx_word' id='word_1_57' title='bbox 1807 2391 1995 2447; x_wconf 78' lang='lat' dir='ltr'><strong><em>erci.</em></strong></span> <span class='ocrx_word' id='word_1_58' title='bbox 2038 2395 2373 2467; x_wconf 80' lang='lat' dir='ltr'><strong><em>Balsamonis</em></strong></span> <span class='ocrx_word' id='word_1_59' title='bbox 2404 2395 2709 2467; x_wconf 77' lang='lat' dir='ltr'><strong><em>etZonara:</em></strong></span> <span class='ocrx_word' id='word_1_60' title='bbox 2742 2391 3137 2454; x_wconf 70' lang='lat' dir='ltr'><strong><em>commentariis</em></strong></span> <span class='ocrx_word' id='word_1_61' title='bbox 3169 2391 3414 2457; x_wconf 73' lang='lat' dir='ltr'><strong><em>instructi</em></strong></span> 
     </span>
    </p>
   </div>
   <div class='ocr_carea' id='block_1_14' title="bbox 275 2461 2576 2533">
    <p class='ocr_par' dir='ltr' id='par_1_14' title="bbox 275 2461 2576 2533">
     <span class='ocr_line' id='line_1_14' title="bbox 275 2461 2576 2533; baseline -0.001 -11"><span class='ocrx_word' id='word_1_62' title='bbox 275 2461 425 2523; x_wconf 76' lang='lat' dir='ltr'><strong><em>iidem</em></strong></span> <span class='ocrx_word' id='word_1_63' title='bbox 460 2469 703 2524; x_wconf 82' lang='lat' dir='ltr'><strong><em>Canones</em></strong></span> <span class='ocrx_word' id='word_1_64' title='bbox 729 2467 810 2520; x_wconf 88' lang='lat' dir='ltr'><strong><em>hic</em></strong></span> <span class='ocrx_word' id='word_1_65' title='bbox 844 2461 1089 2527; x_wconf 76' lang='lat' dir='ltr'><strong><em>exhibiti;</em></strong></span> <span class='ocrx_word' id='word_1_66' title='bbox 1129 2479 1347 2533; x_wconf 81' lang='lat' dir='ltr'><strong><em>quorum</em></strong></span> <span class='ocrx_word' id='word_1_67' title='bbox 1377 2461 1616 2516; x_wconf 74' lang='lat' dir='ltr'><strong><em>nonnulli</em></strong></span> <span class='ocrx_word' id='word_1_68' title='bbox 1636 2471 1884 2528; x_wconf 63' lang='lat' dir='ltr'><strong><em>praeterea</em></strong></span> <span class='ocrx_word' id='word_1_69' title='bbox 1916 2480 2030 2516; x_wconf 86' lang='lat' dir='ltr'><strong><em>cum</em></strong></span> <span class='ocrx_word' id='word_1_70' title='bbox 2060 2464 2232 2519; x_wconf 84' lang='lat' dir='ltr'><strong><em>codice</em></strong></span> <span class='ocrx_word' id='word_1_71' title='bbox 2256 2482 2351 2518; x_wconf 87' lang='lat' dir='ltr'><strong><em>ms.</em></strong></span> <span class='ocrx_word' id='word_1_72' title='bbox 2376 2465 2576 2521; x_wconf 75' lang='lat' dir='ltr'><strong><em>collati.</em></strong></span> 
     </span>
    </p>
   </div>
   <div class='ocr_carea' id='block_1_15' title="bbox 211 2522 3408 2631">
    <p class='ocr_par' dir='ltr' id='par_1_15' title="bbox 211 2522 3408 2631">
     <span class='ocr_line' id='line_1_15' title="bbox 211 2522 3408 2631; baseline -0.001 -14"><span class='ocrx_word' id='word_1_73' title='bbox 211 2563 288 2617; x_wconf 88' lang='lat' dir='ltr'><strong><em>lll.</em></strong></span> <span class='ocrx_word' id='word_1_74' title='bbox 318 2564 398 2616; x_wconf 74' lang='lat' dir='ltr'><strong><em>Ex</em></strong></span> <span class='ocrx_word' id='word_1_75' title='bbox 428 2563 553 2615; x_wconf 87' lang='lat' dir='ltr'><strong><em>aliis</em></strong></span> <span class='ocrx_word' id='word_1_76' title='bbox 582 2559 870 2614; x_wconf 76' lang='lat' dir='ltr'><strong><em>beatissimi</em></strong></span> <span class='ocrx_word' id='word_1_77' title='bbox 908 2557 1168 2631; x_wconf 66' lang='lat' dir='ltr'><strong><em>antistitis</em></strong></span> <span class='ocrx_word' id='word_1_78' title='bbox 1184 2555 1526 2631; x_wconf 77' lang='lat' dir='ltr'><strong><em>monumentis</em></strong></span> <span class='ocrx_word' id='word_1_79' title='bbox 1558 2554 1851 2623; x_wconf 85' lang='lat' dir='ltr'><strong><em>fragmenta</em></strong></span> <span class='ocrx_word' id='word_1_80' title='bbox 1880 2555 2118 2609; x_wconf 83' lang='lat' dir='ltr'><strong><em>collecta.</em></strong></span> <span class='ocrx_word' id='word_1_81' title='bbox 2141 2559 2242 2613; x_wconf 80' lang='lat' dir='ltr'><strong><em>His</em></strong></span> <span class='ocrx_word' id='word_1_82' title='bbox 2284 2559 2484 2611; x_wconf 77' lang='lat' dir='ltr'><strong><em>intexta</em></strong></span> <span class='ocrx_word' id='word_1_83' title='bbox 2519 2559 2632 2628; x_wconf 83' lang='lat' dir='ltr'><strong><em>ejus</em></strong></span> <span class='ocrx_word' id='word_1_84' title='bbox 2660 2522 2953 2629; x_wconf 49' lang='lat' dir='ltr'><strong><em>epistolam</em></strong></span> <span class='ocrx_word' id='word_1_85' title='bbox 2985 2560 3201 2631; x_wconf 71' lang='lat' dir='ltr'><strong><em>Haﬁ&#39;eio</em></strong></span> <span class='ocrx_word' id='word_1_86' title='bbox 3246 2565 3408 2619; x_wconf 65' lang='lat' dir='ltr'><strong><em>ediga.</em></strong></span> 
     </span>
    </p>
   </div>
   <div class='ocr_carea' id='block_1_16' title="bbox 268 2626 1468 2700">
    <p class='ocr_par' dir='ltr' id='par_1_16' title="bbox 268 2626 1468 2700">
     <span class='ocr_line' id='line_1_16' title="bbox 268 2626 1468 2700; baseline -0.007 -12"><span class='ocrx_word' id='word_1_87' title='bbox 268 2634 375 2698; x_wconf 73' lang='lat' dir='ltr'><strong><em>Quo</em></strong></span> <span class='ocrx_word' id='word_1_88' title='bbox 401 2644 636 2700; x_wconf 77' lang='lat' dir='ltr'><strong><em>tempore</em></strong></span> <span class='ocrx_word' id='word_1_89' title='bbox 664 2638 835 2682; x_wconf 87' lang='lat' dir='ltr'><strong><em>ortum</em></strong></span> <span class='ocrx_word' id='word_1_90' title='bbox 856 2629 1079 2683; x_wconf 82' lang='lat' dir='ltr'><strong><em>schisma</em></strong></span> <span class='ocrx_word' id='word_1_91' title='bbox 1111 2626 1168 2678; x_wconf 84' lang='grc' dir='ltr'><em>Μ</em></span> <span class='ocrx_word' id='word_1_92' title='bbox 1171 2626 1468 2680; x_wconf 84' lang='lat' dir='ltr'><strong><em>eletianum.</em></strong></span> 
     </span>
    </p>
   </div>
   <div class='ocr_carea' id='block_1_17' title="bbox 271 2765 3410 2842">
    <p class='ocr_par' dir='ltr' id='par_1_17' title="bbox 271 2765 3410 2842">
     <span class='ocr_line' id='line_1_17' title="bbox 271 2765 3410 2842; baseline 0.002 -19"><span class='ocrx_word' id='word_1_93' title='bbox 271 2769 308 2825; x_wconf 90' lang='lat' dir='ltr'><strong><em>l.</em></strong></span> <span class='ocrx_word' id='word_1_94' title='bbox 345 2773 572 2827; x_wconf 84' lang='lat' dir='ltr'><strong><em>Petrum</em></strong></span> <span class='ocrx_word' id='word_1_95' title='bbox 595 2772 908 2842; x_wconf 86' lang='lat' dir='ltr'><strong><em>episc0pum</em></strong></span> <span class='ocrx_word' id='word_1_96' title='bbox 939 2768 1359 2825; x_wconf 82' lang='lat' dir='ltr'><strong><em>Alexandrinum</em></strong></span> <span class='ocrx_word' id='word_1_97' title='bbox 1380 2769 1606 2823; x_wconf 90' lang='lat' dir='ltr'><strong><em>summis</em></strong></span> <span class='ocrx_word' id='word_1_98' title='bbox 1639 2768 1754 2822; x_wconf 88' lang='lat' dir='ltr'><strong><em>lau-</em></strong></span> <span class='ocrx_word' id='word_1_99' title='bbox 1782 2772 1827 2828; x_wconf 77' lang='grc' dir='ltr'><strong>Α</strong></span> <span class='ocrx_word' id='word_1_100' title='bbox 1925 2765 1987 2821; x_wconf 91' lang='lat' dir='ltr'><strong><em>ll.</em></strong></span> <span class='ocrx_word' id='word_1_101' title='bbox 2030 2769 2262 2840; x_wconf 82' lang='lat' dir='ltr'><strong><em>Scripsit</em></strong></span> <span class='ocrx_word' id='word_1_102' title='bbox 2289 2778 2512 2827; x_wconf 88' lang='lat' dir='ltr'><strong><em>sanctus</em></strong></span> <span class='ocrx_word' id='word_1_103' title='bbox 2544 2769 2705 2827; x_wconf 80' lang='lat' dir='ltr'><strong><em>Pater</em></strong></span> <span class='ocrx_word' id='word_1_104' title='bbox 2738 2786 2880 2826; x_wconf 90' lang='lat' dir='ltr'><strong><em>anno</em></strong></span> <span class='ocrx_word' id='word_1_105' title='bbox 2908 2773 3305 2842; x_wconf 80' lang='lat' dir='ltr'><strong><em>persecutionis</em></strong></span> <span class='ocrx_word' id='word_1_106' title='bbox 3339 2790 3410 2839; x_wconf 78' lang='lat' dir='ltr'><strong><em>iv,</em></strong></span> 
     </span>
    </p>
   </div>
   <div class='ocr_carea' id='block_1_18' title="bbox 209 2860 1754 2933">
    <p class='ocr_par' dir='ltr' id='par_1_18' title="bbox 209 2860 1754 2933">
     <span class='ocr_line' id='line_1_18' title="bbox 209 2860 1754 2933; baseline -0.001 -16"><span class='ocrx_word' id='word_1_107' title='bbox 209 2863 355 2919; x_wconf 87' lang='lat' dir='ltr'><strong><em>dibus</em></strong></span> <span class='ocrx_word' id='word_1_108' title='bbox 404 2866 652 2920; x_wconf 80' lang='lat' dir='ltr'><strong><em>celebrat</em></strong></span> <span class='ocrx_word' id='word_1_109' title='bbox 699 2880 763 2919; x_wconf 79' lang='lat' dir='ltr'><strong><em>ex</em></strong></span> <span class='ocrx_word' id='word_1_110' title='bbox 817 2863 1215 2933; x_wconf 84' lang='lat' dir='ltr'><strong><em>antiquioribus</em></strong></span> <span class='ocrx_word' id='word_1_111' title='bbox 1272 2878 1413 2917; x_wconf 93' lang='lat' dir='ltr'><strong><em>unus</em></strong></span> <span class='ocrx_word' id='word_1_112' title='bbox 1469 2860 1754 2915; x_wconf 88' lang='lat' dir='ltr'><strong><em>Eusebius.</em></strong></span> 
     </span>
    </p>
   </div>
   <div class='ocr_carea' id='block_1_19' title="bbox 208 2950 1754 3027">
    <p class='ocr_par' dir='ltr' id='par_1_19' title="bbox 208 2950 1754 3027">
     <span class='ocr_line' id='line_1_19' title="bbox 208 2950 1754 3027; baseline -0.002 -21"><span class='ocrx_word' id='word_1_113' title='bbox 208 2952 322 3007; x_wconf 85' lang='lat' dir='ltr'><strong><em>Fuit</em></strong></span> <span class='ocrx_word' id='word_1_114' title='bbox 356 2956 467 3017; x_wconf 89' lang='lat' dir='ltr'><strong><em>ille,</em></strong></span> <span class='ocrx_word' id='word_1_115' title='bbox 502 2954 681 3025; x_wconf 89' lang='lat' dir='ltr'><strong><em>inquit</em></strong></span> <span class='ocrx_word' id='word_1_116' title='bbox 714 2953 850 3027; x_wconf 79' lang='grc' dir='ltr'><strong><em>(α),«</em></strong></span> <span class='ocrx_word' id='word_1_117' title='bbox 884 2953 1123 3007; x_wconf 86' lang='lat' dir='ltr'><strong><em>divinum</em></strong></span> <span class='ocrx_word' id='word_1_118' title='bbox 1160 2952 1537 3021; x_wconf 87' lang='lat' dir='ltr'><strong><em>episcoporum</em></strong></span> <span class='ocrx_word' id='word_1_119' title='bbox 1568 2950 1754 3013; x_wconf 88' lang='lat' dir='ltr'><strong><em>decus,</em></strong></span> 
     </span>
    </p>
   </div>
   <div class='ocr_carea' id='block_1_20' title="bbox 208 3042 1757 3107">
    <p class='ocr_par' dir='ltr' id='par_1_20' title="bbox 208 3042 1757 3107">
     <span class='ocr_line' id='line_1_20' title="bbox 208 3042 1757 3107; baseline -0.002 -9"><span class='ocrx_word' id='word_1_120' title='bbox 208 3060 324 3099; x_wconf 88' lang='lat' dir='ltr'><strong><em>cum</em></strong></span> <span class='ocrx_word' id='word_1_121' title='bbox 355 3048 421 3100; x_wconf 93' lang='lat' dir='ltr'><strong><em>ob</em></strong></span> <span class='ocrx_word' id='word_1_122' title='bbox 447 3047 617 3101; x_wconf 83' lang='lat' dir='ltr'><strong><em>totius</em></strong></span> <span class='ocrx_word' id='word_1_123' title='bbox 644 3046 769 3100; x_wconf 74' lang='lat' dir='ltr'><strong><em>vita:</em></strong></span> <span class='ocrx_word' id='word_1_124' title='bbox 799 3046 1231 3107; x_wconf 83' lang='lat' dir='ltr'><strong><em>sanctimoniam,</em></strong></span> <span class='ocrx_word' id='word_1_125' title='bbox 1266 3052 1377 3096; x_wconf 88' lang='lat' dir='ltr'><strong><em>tum</em></strong></span> <span class='ocrx_word' id='word_1_126' title='bbox 1419 3043 1487 3097; x_wconf 92' lang='lat' dir='ltr'><strong><em>ob</em></strong></span> <span class='ocrx_word' id='word_1_127' title='bbox 1518 3042 1757 3097; x_wconf 87' lang='lat' dir='ltr'><strong><em>studium</em></strong></span> 
     </span>
    </p>
   </div>
   <div class='ocr_carea' id='block_1_21' title="bbox 209 3135 1756 3206">
    <p class='ocr_par' dir='ltr' id='par_1_21' title="bbox 209 3135 1756 3206">
     <span class='ocr_line' id='line_1_21' title="bbox 209 3135 1756 3206; baseline -0.001 -19"><span class='ocrx_word' id='word_1_128' title='bbox 209 3152 265 3189; x_wconf 87' lang='lat' dir='ltr'><strong><em>ac</em></strong></span> <span class='ocrx_word' id='word_1_129' title='bbox 287 3139 531 3206; x_wconf 85' lang='lat' dir='ltr'><strong><em>peritiam</em></strong></span> <span class='ocrx_word' id='word_1_130' title='bbox 566 3153 843 3193; x_wconf 88' lang='lat' dir='ltr'><strong><em>sacrarum</em></strong></span> <span class='ocrx_word' id='word_1_131' title='bbox 867 3137 1163 3191; x_wconf 86' lang='lat' dir='ltr'><strong><em>litterarum</em></strong></span> <span class='ocrx_word' id='word_1_132' title='bbox 1190 3156 1201 3190; x_wconf 91' lang='lat'>:</span> <span class='ocrx_word' id='word_1_133' title='bbox 1236 3155 1253 3188; x_wconf 76' lang='grc' dir='ltr'><strong><em>ι</em></strong></span> <span class='ocrx_word' id='word_1_134' title='bbox 1282 3135 1421 3188; x_wconf 86' lang='grc' dir='ltr'>θεῖον</span> <span class='ocrx_word' id='word_1_135' title='bbox 1449 3135 1756 3186; x_wconf 74' lang='grc' dir='ltr'><strong><em>ἐπισκόπων</em></strong></span> 
     </span>
    </p>
   </div>
   <div class='ocr_carea' id='block_1_22' title="bbox 206 3224 1756 3300">
    <p class='ocr_par' dir='ltr' id='par_1_22' title="bbox 206 3224 1756 3300">
     <span class='ocr_line' id='line_1_22' title="bbox 206 3224 1756 3300; baseline -0.001 -19"><span class='ocrx_word' id='word_1_136' title='bbox 206 3230 395 3299; x_wconf 75' lang='grc' dir='ltr'><strong><em>χρῆμα,</em></strong></span> <span class='ocrx_word' id='word_1_137' title='bbox 437 3230 555 3299; x_wconf 74' lang='grc' dir='ltr'>βίου</span> <span class='ocrx_word' id='word_1_138' title='bbox 586 3247 645 3282; x_wconf 82' lang='grc' dir='ltr'><strong>τε</strong></span> <span class='ocrx_word' id='word_1_139' title='bbox 679 3230 771 3283; x_wconf 74' lang='grc' dir='ltr'><strong><em>καὶ</em></strong></span> <span class='ocrx_word' id='word_1_140' title='bbox 797 3229 995 3300; x_wconf 77' lang='grc' dir='ltr'>ἀρετῆς</span> <span class='ocrx_word' id='word_1_141' title='bbox 1020 3229 1178 3281; x_wconf 80' lang='grc' dir='ltr'>ἕνεκα</span> <span class='ocrx_word' id='word_1_142' title='bbox 1210 3228 1302 3279; x_wconf 74' lang='grc' dir='ltr'><strong><em>καὶ</em></strong></span> <span class='ocrx_word' id='word_1_143' title='bbox 1332 3228 1426 3297; x_wconf 79' lang='grc' dir='ltr'><strong><em>τῆς</em></strong></span> <span class='ocrx_word' id='word_1_144' title='bbox 1458 3225 1564 3279; x_wconf 84' lang='grc' dir='ltr'>τῶν</span> <span class='ocrx_word' id='word_1_145' title='bbox 1599 3224 1756 3294; x_wconf 83' lang='grc' dir='ltr'><strong>ἱερῶν</strong></span> 
     </span>
    </p>
   </div>
   <div class='ocr_carea' id='block_1_23' title="bbox 208 3313 1759 3392">
    <p class='ocr_par' dir='ltr' id='par_1_23' title="bbox 208 3313 1759 3392">
     <span class='ocr_line' id='line_1_23' title="bbox 208 3313 1759 3392; baseline -0.002 -21"><span class='ocrx_word' id='word_1_146' title='bbox 208 3318 363 3386; x_wconf 76' lang='grc' dir='ltr'>λόγων</span> <span class='ocrx_word' id='word_1_147' title='bbox 384 3321 790 3392; x_wconf 79' lang='grc' dir='ltr'><strong><em>συνασκήσεως.</em></strong></span> <span class='ocrx_word' id='word_1_148' title='bbox 818 3318 883 3372; x_wconf 77' lang='lat' dir='ltr'><strong><em>Et</em></strong></span> <span class='ocrx_word' id='word_1_149' title='bbox 911 3318 1037 3372; x_wconf 81' lang='lat' dir='ltr'><strong><em>alibi</em></strong></span> <span class='ocrx_word' id='word_1_150' title='bbox 1061 3317 1134 3389; x_wconf 76' lang='grc' dir='ltr'><strong><em>(ὁ)</em></strong></span> <span class='ocrx_word' id='word_1_151' title='bbox 1159 3332 1280 3372; x_wconf 91' lang='lat' dir='ltr'><strong><em>eum</em></strong></span> <span class='ocrx_word' id='word_1_152' title='bbox 1308 3315 1537 3385; x_wconf 80' lang='lat' dir='ltr'><strong><em>appellat</em></strong></span> <span class='ocrx_word' id='word_1_153' title='bbox 1567 3332 1584 3363; x_wconf 76' lang='grc' dir='ltr'>ι</span> <span class='ocrx_word' id='word_1_154' title='bbox 1608 3313 1759 3369; x_wconf 85' lang='lat' dir='ltr'><strong><em>Chri-</em></strong></span> 
     </span>
    </p>
   </div>
   <div class='ocr_carea' id='block_1_24' title="bbox 210 3406 1753 3482">
    <p class='ocr_par' dir='ltr' id='par_1_24' title="bbox 210 3406 1753 3482">
     <span class='ocr_line' id='line_1_24' title="bbox 210 3406 1753 3482; baseline -0.003 -18"><span class='ocrx_word' id='word_1_155' title='bbox 210 3412 700 3482; x_wconf 49' lang='lat' dir='ltr'><strong><em>slianareligionis</em></strong></span> <span class='ocrx_word' id='word_1_156' title='bbox 727 3413 1001 3466; x_wconf 83' lang='lat' dir='ltr'><strong><em>doctorem</em></strong></span> <span class='ocrx_word' id='word_1_157' title='bbox 1025 3412 1282 3466; x_wconf 80' lang='lat' dir='ltr'><strong><em>eximium</em></strong></span> <span class='ocrx_word' id='word_1_158' title='bbox 1305 3429 1316 3462; x_wconf 91' lang='lat'><strong>:</strong></span> <span class='ocrx_word' id='word_1_159' title='bbox 1340 3409 1406 3479; x_wconf 92' lang='lat' dir='ltr'><strong><em>(c)</em></strong></span> <span class='ocrx_word' id='word_1_160' title='bbox 1426 3408 1515 3478; x_wconf 89' lang='lat' dir='ltr'><strong><em>qui</em></strong></span> <span class='ocrx_word' id='word_1_161' title='bbox 1539 3406 1753 3477; x_wconf 86' lang='lat' dir='ltr'><strong><em>quidem</em></strong></span> 
     </span>
    </p>
   </div>
   <div class='ocr_carea' id='block_1_25' title="bbox 210 3495 1756 3571">
    <p class='ocr_par' dir='ltr' id='par_1_25' title="bbox 210 3495 1756 3571">
     <span class='ocr_line' id='line_1_25' title="bbox 210 3495 1756 3571; baseline -0.003 -17"><span class='ocrx_word' id='word_1_162' title='bbox 210 3509 306 3555; x_wconf 87' lang='lat' dir='ltr'><strong><em>toto</em></strong></span> <span class='ocrx_word' id='word_1_163' title='bbox 333 3502 632 3557; x_wconf 85' lang='lat' dir='ltr'><strong><em>sacerdotii</em></strong></span> <span class='ocrx_word' id='word_1_164' title='bbox 673 3503 756 3557; x_wconf 91' lang='lat' dir='ltr'><strong><em>sui</em></strong></span> <span class='ocrx_word' id='word_1_165' title='bbox 787 3511 1027 3571; x_wconf 89' lang='lat' dir='ltr'><strong><em>tempore</em></strong></span> <span class='ocrx_word' id='word_1_166' title='bbox 1054 3500 1195 3570; x_wconf 92' lang='lat' dir='ltr'><strong><em>quod</em></strong></span> <span class='ocrx_word' id='word_1_167' title='bbox 1236 3499 1393 3554; x_wconf 87' lang='lat' dir='ltr'><strong><em>annis</em></strong></span> <span class='ocrx_word' id='word_1_168' title='bbox 1423 3496 1589 3568; x_wconf 80' lang='lat' dir='ltr'><strong><em>gessit</em></strong></span> <span class='ocrx_word' id='word_1_169' title='bbox 1620 3495 1756 3549; x_wconf 89' lang='lat' dir='ltr'><strong><em>duo-</em></strong></span> 
     </span>
    </p>
   </div>
   <div class='ocr_carea' id='block_1_26' title="bbox 207 3593 1751 3663">
    <p class='ocr_par' dir='ltr' id='par_1_26' title="bbox 207 3593 1751 3663">
     <span class='ocr_line' id='line_1_26' title="bbox 207 3593 1751 3663; baseline -0.005 -15"><span class='ocrx_word' id='word_1_170' title='bbox 207 3593 383 3657; x_wconf 74' lang='lat' dir='ltr'><strong><em>decim,</em></strong></span> <span class='ocrx_word' id='word_1_171' title='bbox 420 3596 717 3649; x_wconf 74' lang='lat' dir='ltr'><strong><em>maximam</em></strong></span> <span class='ocrx_word' id='word_1_172' title='bbox 762 3610 975 3663; x_wconf 88' lang='lat' dir='ltr'><strong><em>quoque</em></strong></span> <span class='ocrx_word' id='word_1_173' title='bbox 1018 3593 1243 3663; x_wconf 78' lang='lat' dir='ltr'><strong><em>gloriam</em></strong></span> <span class='ocrx_word' id='word_1_174' title='bbox 1287 3597 1371 3646; x_wconf 90' lang='lat' dir='ltr'><strong><em>est</em></strong></span> <span class='ocrx_word' id='word_1_175' title='bbox 1406 3595 1751 3644; x_wconf 85' lang='lat' dir='ltr'><strong><em>consecutus.</em></strong></span> 
     </span>
    </p>
   </div>
   <div class='ocr_carea' id='block_1_27' title="bbox 209 3681 1753 3756">
    <p class='ocr_par' dir='ltr' id='par_1_27' title="bbox 209 3681 1753 3756">
     <span class='ocr_line' id='line_1_27' title="bbox 209 3681 1753 3756; baseline -0.003 -18"><span class='ocrx_word' id='word_1_176' title='bbox 209 3683 322 3740; x_wconf 80' lang='lat' dir='ltr'><strong><em>Post</em></strong></span> <span class='ocrx_word' id='word_1_177' title='bbox 356 3686 640 3742; x_wconf 86' lang='lat' dir='ltr'><strong><em>Theonam</em></strong></span> <span class='ocrx_word' id='word_1_178' title='bbox 682 3686 1050 3756; x_wconf 83' lang='lat' dir='ltr'><strong><em>episcopatum</em></strong></span> <span class='ocrx_word' id='word_1_179' title='bbox 1080 3683 1501 3738; x_wconf 81' lang='lat' dir='ltr'><strong><em>Alexandrinum</em></strong></span> <span class='ocrx_word' id='word_1_180' title='bbox 1530 3681 1753 3736; x_wconf 89' lang='lat' dir='ltr'><strong><em>sortitus</em></strong></span> 
     </span>
    </p>
   </div>
   <div class='ocr_carea' id='block_1_28' title="bbox 208 3773 1755 3848">
    <p class='ocr_par' dir='ltr' id='par_1_28' title="bbox 208 3773 1755 3848">
     <span class='ocr_line' id='line_1_28' title="bbox 208 3773 1755 3848; baseline -0.005 -17"><span class='ocrx_word' id='word_1_181' title='bbox 208 3789 296 3831; x_wconf 85' lang='lat' dir='ltr'><strong><em>est.</em></strong></span> <span class='ocrx_word' id='word_1_182' title='bbox 318 3778 378 3832; x_wconf 84' lang='lat' dir='ltr'><strong><em>Et</em></strong></span> <span class='ocrx_word' id='word_1_183' title='bbox 411 3787 544 3833; x_wconf 86' lang='lat' dir='ltr'><strong><em>ante</em></strong></span> <span class='ocrx_word' id='word_1_184' title='bbox 573 3778 996 3848; x_wconf 86' lang='lat' dir='ltr'><strong><em>persecutionem</em></strong></span> <span class='ocrx_word' id='word_1_185' title='bbox 1028 3776 1242 3846; x_wconf 89' lang='lat' dir='ltr'><strong><em>quidem</em></strong></span> <span class='ocrx_word' id='word_1_186' title='bbox 1271 3776 1445 3829; x_wconf 89' lang='lat' dir='ltr'><strong><em>tribus</em></strong></span> <span class='ocrx_word' id='word_1_187' title='bbox 1474 3773 1642 3827; x_wconf 81' lang='lat' dir='ltr'><strong><em>ferme</em></strong></span> <span class='ocrx_word' id='word_1_188' title='bbox 1664 3787 1755 3825; x_wconf 84' lang='lat' dir='ltr'><strong><em>an-</em></strong></span> 
     </span>
    </p>
   </div>
   <div class='ocr_carea' id='block_1_29' title="bbox 208 3861 1752 3938">
    <p class='ocr_par' dir='ltr' id='par_1_29' title="bbox 208 3861 1752 3938">
     <span class='ocr_line' id='line_1_29' title="bbox 208 3861 1752 3938; baseline -0.006 -16"><span class='ocrx_word' id='word_1_189' title='bbox 208 3868 282 3923; x_wconf 87' lang='lat' dir='ltr'><strong><em>uis</em></strong></span> <span class='ocrx_word' id='word_1_190' title='bbox 323 3869 627 3924; x_wconf 82' lang='lat' dir='ltr'><strong><em>Eeclesiam</em></strong></span> <span class='ocrx_word' id='word_1_191' title='bbox 670 3869 844 3924; x_wconf 81' lang='lat' dir='ltr'><strong><em>rexit:</em></strong></span> <span class='ocrx_word' id='word_1_192' title='bbox 883 3868 994 3938; x_wconf 88' lang='grc' dir='ltr'><strong><em>Πρὸ</em></strong></span> <span class='ocrx_word' id='word_1_193' title='bbox 1025 3865 1118 3919; x_wconf 79' lang='grc' dir='ltr'><strong><em>τοῦ</em></strong></span> <span class='ocrx_word' id='word_1_194' title='bbox 1160 3863 1395 3935; x_wconf 76' lang='grc' dir='ltr'><strong><em>διωγμοῦ</em></strong></span> <span class='ocrx_word' id='word_1_195' title='bbox 1435 3864 1606 3933; x_wconf 76' lang='grc' dir='ltr'><strong><em>τρισὶν</em></strong></span> <span class='ocrx_word' id='word_1_196' title='bbox 1644 3861 1752 3913; x_wconf 70' lang='grc' dir='ltr'><strong><em>οὐδ’</em></strong></span> 
     </span>
    </p>
   </div>
   <div class='ocr_carea' id='block_1_30' title="bbox 206 3954 1751 4031">
    <p class='ocr_par' dir='ltr' id='par_1_30' title="bbox 206 3954 1751 4031">
     <span class='ocr_line' id='line_1_30' title="bbox 206 3954 1751 4031; baseline -0.005 -19"><span class='ocrx_word' id='word_1_197' title='bbox 206 3959 329 4022; x_wconf 74' lang='grc' dir='ltr'><strong><em>ὅλοις</em></strong></span> <span class='ocrx_word' id='word_1_198' title='bbox 361 3961 713 4031; x_wconf 71' lang='grc' dir='ltr'><strong><em>ἡγησάμενος</em></strong></span> <span class='ocrx_word' id='word_1_199' title='bbox 752 3959 848 4028; x_wconf 76' lang='grc' dir='ltr'><strong><em>τῆς</em></strong></span> <span class='ocrx_word' id='word_1_200' title='bbox 894 3955 1213 4025; x_wconf 83' lang='grc' dir='ltr'><strong><em>Ἐκκλησίας</em></strong></span> <span class='ocrx_word' id='word_1_201' title='bbox 1241 3974 1252 4008; x_wconf 91' lang='lat'><strong>:</strong></span> <span class='ocrx_word' id='word_1_202' title='bbox 1280 3954 1543 4023; x_wconf 83' lang='lat' dir='ltr'><strong><em>reliquum</em></strong></span> <span class='ocrx_word' id='word_1_203' title='bbox 1573 3959 1751 4005; x_wconf 91' lang='lat' dir='ltr'><strong><em>autem</em></strong></span> 
     </span>
    </p>
   </div>
   <div class='ocr_carea' id='block_1_31' title="bbox 206 4044 1751 4121">
    <p class='ocr_par' dir='ltr' id='par_1_31' title="bbox 206 4044 1751 4121">
     <span class='ocr_line' id='line_1_31' title="bbox 206 4044 1751 4121; baseline -0.008 -14"><span class='ocrx_word' id='word_1_204' title='bbox 206 4054 364 4107; x_wconf 67' lang='lat' dir='ltr'><strong><em>aetatis</em></strong></span> <span class='ocrx_word' id='word_1_205' title='bbox 394 4062 638 4121; x_wconf 85' lang='lat' dir='ltr'><strong><em>tempus,</em></strong></span> <span class='ocrx_word' id='word_1_206' title='bbox 680 4050 913 4101; x_wconf 89' lang='lat' dir='ltr'><strong><em>arctiore</em></strong></span> <span class='ocrx_word' id='word_1_207' title='bbox 956 4045 1238 4115; x_wconf 83' lang='lat' dir='ltr'><strong><em>disciplina</em></strong></span> <span class='ocrx_word' id='word_1_208' title='bbox 1281 4059 1339 4097; x_wconf 91' lang='lat' dir='ltr'><strong><em>se</em></strong></span> <span class='ocrx_word' id='word_1_209' title='bbox 1376 4044 1551 4113; x_wconf 90' lang='lat' dir='ltr'><strong><em>ipsum</em></strong></span> <span class='ocrx_word' id='word_1_210' title='bbox 1595 4057 1751 4097; x_wconf 55' lang='lat' dir='ltr'><strong><em>exer.</em></strong></span> 
     </span>
    </p>
   </div>
   <div class='ocr_carea' id='block_1_32' title="bbox 1862 2856 3415 2936">
    <p class='ocr_par' dir='ltr' id='par_1_32' title="bbox 1862 2856 3415 2936">
     <span class='ocr_line' id='line_1_32' title="bbox 1862 2856 3415 2936; baseline 0.006 -25"><span class='ocrx_word' id='word_1_211' title='bbox 1862 2856 2075 2916; x_wconf 85' lang='lat' dir='ltr'><strong><em>Christo</em></strong></span> <span class='ocrx_word' id='word_1_212' title='bbox 2101 2864 2225 2929; x_wconf 80' lang='grc'><strong><em>506,</em></strong></span> <span class='ocrx_word' id='word_1_213' title='bbox 2269 2863 2506 2919; x_wconf 83' lang='lat' dir='ltr'><strong><em>Canoues</em></strong></span> <span class='ocrx_word' id='word_1_214' title='bbox 2540 2865 2914 2933; x_wconf 67' lang='lat' dir='ltr'><strong><em>parnitentiales</em></strong></span> <span class='ocrx_word' id='word_1_215' title='bbox 2951 2874 3169 2934; x_wconf 83' lang='lat' dir='ltr'><strong><em>propter</em></strong></span> <span class='ocrx_word' id='word_1_216' title='bbox 3197 2881 3291 2921; x_wconf 92' lang='lat' dir='ltr'><strong><em>eos</em></strong></span> <span class='ocrx_word' id='word_1_217' title='bbox 3324 2868 3415 2936; x_wconf 86' lang='lat' dir='ltr'><strong><em>qui</em></strong></span> 
     </span>
    </p>
   </div>
   <div class='ocr_carea' id='block_1_33' title="bbox 1862 2955 3415 3027">
    <p class='ocr_par' dir='ltr' id='par_1_33' title="bbox 1862 2955 3415 3027">
     <span class='ocr_line' id='line_1_33' title="bbox 1862 2955 3415 3027; baseline 0.002 -18"><span class='ocrx_word' id='word_1_218' title='bbox 1862 2955 1915 3009; x_wconf 87' lang='lat' dir='ltr'><strong><em>in</em></strong></span> <span class='ocrx_word' id='word_1_219' title='bbox 1962 2957 2214 3025; x_wconf 67' lang='lat' dir='ltr'><strong><em>praedicta</em></strong></span> <span class='ocrx_word' id='word_1_220' title='bbox 2261 2958 2634 3027; x_wconf 86' lang='lat' dir='ltr'><strong><em>persecutione</em></strong></span> <span class='ocrx_word' id='word_1_221' title='bbox 2683 2958 2817 3026; x_wconf 84' lang='lat' dir='ltr'><strong><em>lapsi</em></strong></span> <span class='ocrx_word' id='word_1_222' title='bbox 2864 2968 3065 3012; x_wconf 87' lang='lat' dir='ltr'><strong><em>essent.</em></strong></span> <span class='ocrx_word' id='word_1_223' title='bbox 3107 2957 3415 3013; x_wconf 90' lang='lat' dir='ltr'><strong><em>Occurrunt</em></strong></span> 
     </span>
    </p>
   </div>
   <div class='ocr_carea' id='block_1_34' title="bbox 1862 3048 3414 3106">
    <p class='ocr_par' dir='ltr' id='par_1_34' title="bbox 1862 3048 3414 3106">
     <span class='ocr_line' id='line_1_34' title="bbox 1862 3048 3414 3106; baseline 0.003 -6"><span class='ocrx_word' id='word_1_224' title='bbox 1862 3057 2036 3101; x_wconf 88' lang='lat' dir='ltr'><strong><em>autem</em></strong></span> <span class='ocrx_word' id='word_1_225' title='bbox 2088 3050 2143 3101; x_wconf 90' lang='lat' dir='ltr'><strong><em>in</em></strong></span> <span class='ocrx_word' id='word_1_226' title='bbox 2192 3049 2443 3104; x_wconf 89' lang='lat' dir='ltr'><strong><em>omnibus</em></strong></span> <span class='ocrx_word' id='word_1_227' title='bbox 2490 3048 2766 3103; x_wconf 88' lang='lat' dir='ltr'><strong><em>Canonum</em></strong></span> <span class='ocrx_word' id='word_1_228' title='bbox 2828 3050 3254 3106; x_wconf 85' lang='lat' dir='ltr'><strong><em>collectionibus.</em></strong></span> <span class='ocrx_word' id='word_1_229' title='bbox 3305 3050 3414 3105; x_wconf 85' lang='lat' dir='ltr'><strong><em>Nos</em></strong></span> 
     </span>
    </p>
   </div>
   <div class='ocr_carea' id='block_1_35' title="bbox 1859 3137 3413 3209">
    <p class='ocr_par' dir='ltr' id='par_1_35' title="bbox 1859 3137 3413 3209">
     <span class='ocr_line' id='line_1_35' title="bbox 1859 3137 3413 3209; baseline 0.001 -18"><span class='ocrx_word' id='word_1_230' title='bbox 1859 3153 1988 3192; x_wconf 81' lang='lat' dir='ltr'><strong><em>vero</em></strong></span> <span class='ocrx_word' id='word_1_231' title='bbox 2016 3138 2136 3193; x_wconf 90' lang='lat' dir='ltr'><strong><em>illos</em></strong></span> <span class='ocrx_word' id='word_1_232' title='bbox 2166 3138 2565 3209; x_wconf 78' lang='lat' dir='ltr'><strong><em>desumpsimus</em></strong></span> <span class='ocrx_word' id='word_1_233' title='bbox 2592 3154 2657 3192; x_wconf 80' lang='lat' dir='ltr'><strong><em>ex</em></strong></span> <span class='ocrx_word' id='word_1_234' title='bbox 2688 3138 2922 3193; x_wconf 91' lang='lat' dir='ltr'><strong><em>editione</em></strong></span> <span class='ocrx_word' id='word_1_235' title='bbox 2956 3140 3132 3208; x_wconf 81' lang='lat' dir='ltr'><strong><em>magni</em></strong></span> <span class='ocrx_word' id='word_1_236' title='bbox 3164 3137 3413 3209; x_wconf 84' lang='lat' dir='ltr'><strong><em>Synodici</em></strong></span> 
     </span>
    </p>
   </div>
   <div class='ocr_carea' id='block_1_36' title="bbox 1861 3214 3411 3301">
    <p class='ocr_par' dir='ltr' id='par_1_36' title="bbox 1861 3214 3411 3301">
     <span class='ocr_line' id='line_1_36' title="bbox 1861 3214 3411 3301; baseline -0.001 -15"><span class='ocrx_word' id='word_1_237' title='bbox 1861 3228 2175 3297; x_wconf 85' lang='lat' dir='ltr'><strong><em>Oxoniensi,</em></strong></span> <span class='ocrx_word' id='word_1_238' title='bbox 2216 3214 2378 3301; x_wconf 86' lang='lat' dir='ltr'><strong><em>quam</em></strong></span> <span class='ocrx_word' id='word_1_239' title='bbox 2431 3231 2639 3284; x_wconf 75' lang='lat' dir='ltr'><strong><em>curavit</em></strong></span> <span class='ocrx_word' id='word_1_240' title='bbox 2698 3228 3015 3285; x_wconf 87' lang='lat' dir='ltr'><strong><em>Guillelmus</em></strong></span> <span class='ocrx_word' id='word_1_241' title='bbox 3068 3229 3411 3301; x_wconf 83' lang='lat' dir='ltr'><strong><em>Beveregius,</em></strong></span> 
     </span>
    </p>
   </div>
   <div class='ocr_carea' id='block_1_37' title="bbox 1858 3318 3412 3389">
    <p class='ocr_par' dir='ltr' id='par_1_37' title="bbox 1858 3318 3412 3389">
     <span class='ocr_line' id='line_1_37' title="bbox 1858 3318 3412 3389; baseline -0.003 -13"><span class='ocrx_word' id='word_1_242' title='bbox 1858 3335 2084 3389; x_wconf 88' lang='lat' dir='ltr'><strong><em>eamque</em></strong></span> <span class='ocrx_word' id='word_1_243' title='bbox 2114 3321 2443 3375; x_wconf 85' lang='lat' dir='ltr'><strong><em>contulimus</em></strong></span> <span class='ocrx_word' id='word_1_244' title='bbox 2473 3334 2580 3373; x_wconf 89' lang='lat' dir='ltr'><strong><em>non</em></strong></span> <span class='ocrx_word' id='word_1_245' title='bbox 2613 3320 2787 3373; x_wconf 88' lang='lat' dir='ltr'><strong><em>solum</em></strong></span> <span class='ocrx_word' id='word_1_246' title='bbox 2824 3333 2945 3371; x_wconf 84' lang='lat' dir='ltr'><strong><em>cum</em></strong></span> <span class='ocrx_word' id='word_1_247' title='bbox 2977 3318 3266 3373; x_wconf 87' lang='lat' dir='ltr'><strong><em>Frontonis</em></strong></span> <span class='ocrx_word' id='word_1_248' title='bbox 3302 3318 3412 3372; x_wconf 81' lang='lat' dir='ltr'><strong><em>Du-</em></strong></span> 
     </span>
    </p>
   </div>
   <div class='ocr_carea' id='block_1_38' title="bbox 1859 3408 3414 3474">
    <p class='ocr_par' dir='ltr' id='par_1_38' title="bbox 1859 3408 3414 3474">
     <span class='ocr_line' id='line_1_38' title="bbox 1859 3408 3414 3474; baseline 0 -10"><span class='ocrx_word' id='word_1_249' title='bbox 1859 3412 1952 3465; x_wconf 74' lang='lat' dir='ltr'><strong><em>czei</em></strong></span> <span class='ocrx_word' id='word_1_250' title='bbox 1988 3410 2222 3464; x_wconf 88' lang='lat' dir='ltr'><strong><em>editione</em></strong></span> <span class='ocrx_word' id='word_1_251' title='bbox 2255 3408 2567 3474; x_wconf 86' lang='lat' dir='ltr'><strong><em>Parisiensi,</em></strong></span> <span class='ocrx_word' id='word_1_252' title='bbox 2598 3408 2691 3464; x_wconf 89' lang='lat' dir='ltr'><strong><em>sed</em></strong></span> <span class='ocrx_word' id='word_1_253' title='bbox 2738 3409 2900 3463; x_wconf 85' lang='lat' dir='ltr'><strong><em>etiam</em></strong></span> <span class='ocrx_word' id='word_1_254' title='bbox 2931 3422 3052 3461; x_wconf 92' lang='lat' dir='ltr'><strong><em>eum</em></strong></span> <span class='ocrx_word' id='word_1_255' title='bbox 3086 3423 3187 3462; x_wconf 89' lang='lat' dir='ltr'><strong><em>ms.</em></strong></span> <span class='ocrx_word' id='word_1_256' title='bbox 3225 3408 3414 3465; x_wconf 83' lang='lat' dir='ltr'><strong><em>codice</em></strong></span> 
     </span>
    </p>
   </div>
   <div class='ocr_carea' id='block_1_39' title="bbox 1859 3502 3409 3575">
    <p class='ocr_par' dir='ltr' id='par_1_39' title="bbox 1859 3502 3409 3575">
     <span class='ocr_line' id='line_1_39' title="bbox 1859 3502 3409 3575; baseline -0.001 -18"><span class='ocrx_word' id='word_1_257' title='bbox 1859 3504 2185 3575; x_wconf 87' lang='lat' dir='ltr'><strong><em>bombycino</em></strong></span> <span class='ocrx_word' id='word_1_258' title='bbox 2241 3504 2559 3573; x_wconf 87' lang='lat' dir='ltr'><strong><em>amplissimi</em></strong></span> <span class='ocrx_word' id='word_1_259' title='bbox 2615 3504 2885 3559; x_wconf 87' lang='lat' dir='ltr'><strong><em>senatoris</em></strong></span> <span class='ocrx_word' id='word_1_260' title='bbox 2942 3502 3197 3557; x_wconf 85' lang='lat' dir='ltr'><strong><em>Bernardi</em></strong></span> <span class='ocrx_word' id='word_1_261' title='bbox 3250 3502 3409 3561; x_wconf 88' lang='lat' dir='ltr'><strong><em>Nani.</em></strong></span> 
     </span>
    </p>
   </div>
   <div class='ocr_carea' id='block_1_40' title="bbox 1860 3591 3411 3665">
    <p class='ocr_par' dir='ltr' id='par_1_40' title="bbox 1860 3591 3411 3665">
     <span class='ocr_line' id='line_1_40' title="bbox 1860 3591 3411 3665; baseline -0.002 -16"><span class='ocrx_word' id='word_1_262' title='bbox 1860 3595 2080 3649; x_wconf 90' lang='lat' dir='ltr'><strong><em>scholiis</em></strong></span> <span class='ocrx_word' id='word_1_263' title='bbox 2120 3603 2376 3665; x_wconf 64' lang='lat' dir='ltr'><strong><em>praeterea</em></strong></span> <span class='ocrx_word' id='word_1_264' title='bbox 2418 3593 2689 3648; x_wconf 88' lang='lat' dir='ltr'><strong><em>Theodori</em></strong></span> <span class='ocrx_word' id='word_1_265' title='bbox 2736 3592 3071 3647; x_wconf 85' lang='lat' dir='ltr'><strong><em>Balsamonis</em></strong></span> <span class='ocrx_word' id='word_1_266' title='bbox 3104 3600 3157 3647; x_wconf 91' lang='lat' dir='ltr'><strong><em>et</em></strong></span> <span class='ocrx_word' id='word_1_267' title='bbox 3184 3591 3411 3647; x_wconf 84' lang='lat' dir='ltr'><strong><em>Joannis</em></strong></span> 
     </span>
    </p>
   </div>
   <div class='ocr_carea' id='block_1_41' title="bbox 1859 3684 3413 3754">
    <p class='ocr_par' dir='ltr' id='par_1_41' title="bbox 1859 3684 3413 3754">
     <span class='ocr_line' id='line_1_41' title="bbox 1859 3684 3413 3754; baseline 0.001 -16"><span class='ocrx_word' id='word_1_268' title='bbox 1859 3685 2080 3740; x_wconf 70' lang='lat' dir='ltr'><strong><em>Zonara:</em></strong></span> <span class='ocrx_word' id='word_1_269' title='bbox 2106 3687 2343 3742; x_wconf 79' lang='lat' dir='ltr'><strong><em>intextis.</em></strong></span> <span class='ocrx_word' id='word_1_270' title='bbox 2384 3686 2457 3742; x_wconf 91' lang='lat' dir='ltr'><strong><em>De</em></strong></span> <span class='ocrx_word' id='word_1_271' title='bbox 2492 3687 2576 3741; x_wconf 88' lang='lat' dir='ltr'><strong><em>his</em></strong></span> <span class='ocrx_word' id='word_1_272' title='bbox 2605 3694 2782 3740; x_wconf 88' lang='lat' dir='ltr'><strong><em>autem</em></strong></span> <span class='ocrx_word' id='word_1_273' title='bbox 2812 3684 3122 3740; x_wconf 88' lang='lat' dir='ltr'><strong><em>Canonibus</em></strong></span> <span class='ocrx_word' id='word_1_274' title='bbox 3154 3686 3413 3754; x_wconf 65' lang='lat' dir='ltr'><strong><em>paeniten-</em></strong></span> 
     </span>
    </p>
   </div>
   <div class='ocr_carea' id='block_1_42' title="bbox 1856 3774 3412 3845">
    <p class='ocr_par' dir='ltr' id='par_1_42' title="bbox 1856 3774 3412 3845">
     <span class='ocr_line' id='line_1_42' title="bbox 1856 3774 3412 3845; baseline -0.001 -14"><span class='ocrx_word' id='word_1_275' title='bbox 1856 3779 2077 3833; x_wconf 87' lang='lat' dir='ltr'><strong><em>tialibus</em></strong></span> <span class='ocrx_word' id='word_1_276' title='bbox 2101 3777 2503 3832; x_wconf 87' lang='lat' dir='ltr'><strong><em>Tillemontium</em></strong></span> <span class='ocrx_word' id='word_1_277' title='bbox 2532 3777 2786 3831; x_wconf 89' lang='lat' dir='ltr'><strong><em>consulas</em></strong></span> <span class='ocrx_word' id='word_1_278' title='bbox 2810 3777 2968 3830; x_wconf 91' lang='lat' dir='ltr'><strong><em>velim</em></strong></span> <span class='ocrx_word' id='word_1_279' title='bbox 2994 3775 3087 3845; x_wconf 87' lang='lat' dir='ltr'><strong><em>(g).</em></strong></span> <span class='ocrx_word' id='word_1_280' title='bbox 3124 3774 3294 3830; x_wconf 91' lang='lat' dir='ltr'><strong><em>Porro</em></strong></span> <span class='ocrx_word' id='word_1_281' title='bbox 3317 3776 3412 3831; x_wconf 85' lang='lat' dir='ltr'><strong><em>bu-</em></strong></span> 
     </span>
    </p>
   </div>
   <div class='ocr_carea' id='block_1_43' title="bbox 1852 3866 3411 3938">
    <p class='ocr_par' dir='ltr' id='par_1_43' title="bbox 1852 3866 3411 3938">
     <span class='ocr_line' id='line_1_43' title="bbox 1852 3866 3411 3938; baseline 0.001 -15"><span class='ocrx_word' id='word_1_282' title='bbox 1852 3870 2091 3938; x_wconf 88' lang='lat' dir='ltr'><strong><em>jusmodi</em></strong></span> <span class='ocrx_word' id='word_1_283' title='bbox 2133 3868 2413 3923; x_wconf 89' lang='lat' dir='ltr'><strong><em>Canonum</em></strong></span> <span class='ocrx_word' id='word_1_284' title='bbox 2458 3869 2802 3931; x_wconf 87' lang='lat' dir='ltr'><strong><em>testimoniis,</em></strong></span> <span class='ocrx_word' id='word_1_285' title='bbox 2854 3875 2913 3921; x_wconf 84' lang='lat' dir='ltr'><strong><em>ut</em></strong></span> <span class='ocrx_word' id='word_1_286' title='bbox 2958 3866 3122 3921; x_wconf 82' lang='lat' dir='ltr'><strong><em>refert</em></strong></span> <span class='ocrx_word' id='word_1_287' title='bbox 3161 3868 3411 3924; x_wconf 86' lang='lat' dir='ltr'><strong><em>laudatus</em></strong></span> 
     </span>
    </p>
   </div>
   <div class='ocr_carea' id='block_1_44' title="bbox 1858 3955 3407 4029">
    <p class='ocr_par' dir='ltr' id='par_1_44' title="bbox 1858 3955 3407 4029">
     <span class='ocr_line' id='line_1_44' title="bbox 1858 3955 3407 4029; baseline -0.002 -14"><span class='ocrx_word' id='word_1_288' title='bbox 1858 3960 2224 4015; x_wconf 60' lang='lat' dir='ltr'><strong><em>Renaulotius</em></strong></span> <span class='ocrx_word' id='word_1_289' title='bbox 2249 3959 2344 4029; x_wconf 75' lang='lat' dir='ltr'><strong><em>(Ii),</em></strong></span> <span class='ocrx_word' id='word_1_290' title='bbox 2370 3966 2596 4012; x_wconf 88' lang='lat' dir='ltr'><strong><em>utuntur</em></strong></span> <span class='ocrx_word' id='word_1_291' title='bbox 2618 3956 3030 4023; x_wconf 84' lang='lat' dir='ltr'><strong><em>Echmimensis,</em></strong></span> <span class='ocrx_word' id='word_1_292' title='bbox 3054 3955 3407 4022; x_wconf 87' lang='lat' dir='ltr'><strong><em>Ebnassalus,</em></strong></span> 
     </span>
    </p>
   </div>
   <div class='ocr_carea' id='block_1_45' title="bbox 1854 4047 3407 4121">
    <p class='ocr_par' dir='ltr' id='par_1_45' title="bbox 1854 4047 3407 4121">
     <span class='ocr_line' id='line_1_45' title="bbox 1854 4047 3407 4121; baseline -0.005 -13"><span class='ocrx_word' id='word_1_293' title='bbox 1854 4052 2237 4121; x_wconf 81' lang='lat' dir='ltr'><strong><em>Abull‘aragius</em></strong></span> <span class='ocrx_word' id='word_1_294' title='bbox 2274 4058 2326 4103; x_wconf 89' lang='lat' dir='ltr'><strong><em>et</em></strong></span> <span class='ocrx_word' id='word_1_295' title='bbox 2368 4049 2477 4102; x_wconf 87' lang='lat' dir='ltr'><strong><em>alii</em></strong></span> <span class='ocrx_word' id='word_1_296' title='bbox 2505 4048 2877 4117; x_wconf 87' lang='lat' dir='ltr'><strong><em>cujuscunque</em></strong></span> <span class='ocrx_word' id='word_1_297' title='bbox 2914 4059 3072 4102; x_wconf 66' lang='lat' dir='ltr'><strong><em>seem</em></strong></span> <span class='ocrx_word' id='word_1_298' title='bbox 3109 4047 3407 4101; x_wconf 88' lang='lat' dir='ltr'><strong><em>Orientales</em></strong></span> 
     </span>
    </p>
   </div>
   <div class='ocr_carea' id='block_1_46' title="bbox 206 4132 3407 4212">
    <p class='ocr_par' dir='ltr' id='par_1_46' title="bbox 206 4132 3407 4212">
     <span class='ocr_line' id='line_1_46' title="bbox 206 4132 3407 4212; baseline -0.005 -3"><span class='ocrx_word' id='word_1_299' title='bbox 206 4160 340 4209; x_wconf 66' lang='lat' dir='ltr'><strong><em>cens.</em></strong></span> <span class='ocrx_word' id='word_1_300' title='bbox 374 4142 686 4211; x_wconf 61' lang='lat' dir='ltr'><strong><em>transegit:</em></strong></span> <span class='ocrx_word' id='word_1_301' title='bbox 720 4154 818 4194; x_wconf 68' lang='lat' dir='ltr'><strong><em>nec</em></strong></span> <span class='ocrx_word' id='word_1_302' title='bbox 864 4139 1043 4193; x_wconf 65' lang='lat' dir='ltr'><strong><em>minus</em></strong></span> <span class='ocrx_word' id='word_1_303' title='bbox 1082 4137 1295 4191; x_wconf 52' lang='lat' dir='ltr'><strong><em>inierim</em></strong></span> <span class='ocrx_word' id='word_1_304' title='bbox 1341 4133 1612 4189; x_wconf 71' lang='lat' dir='ltr'><strong><em>Communi</em></strong></span> <span class='ocrx_word' id='word_1_305' title='bbox 1651 4132 1752 4187; x_wconf 77' lang='lat' dir='ltr'><strong><em>EC&#39;</em></strong></span> <span class='ocrx_word' id='word_1_306' title='bbox 1783 4138 1825 4193; x_wconf 85' lang='grc' dir='ltr'><strong><em>Β</em></strong></span> <span class='ocrx_word' id='word_1_307' title='bbox 1853 4145 2146 4200; x_wconf 83' lang='lat' dir='ltr'><strong><em>Christiani</em></strong></span> <span class='ocrx_word' id='word_1_308' title='bbox 2178 4163 2189 4197; x_wconf 90' lang='lat'>:</span> <span class='ocrx_word' id='word_1_309' title='bbox 2220 4140 2359 4212; x_wconf 89' lang='lat' dir='ltr'><strong><em>apud</em></strong></span> <span class='ocrx_word' id='word_1_310' title='bbox 2409 4157 2544 4211; x_wconf 91' lang='lat' dir='ltr'><strong><em>quos</em></strong></span> <span class='ocrx_word' id='word_1_311' title='bbox 2589 4141 2750 4195; x_wconf 87' lang='lat' dir='ltr'><strong><em>etiam</em></strong></span> <span class='ocrx_word' id='word_1_312' title='bbox 2786 4140 2841 4193; x_wconf 92' lang='lat' dir='ltr'><strong><em>in</em></strong></span> <span class='ocrx_word' id='word_1_313' title='bbox 2884 4138 2951 4192; x_wconf 89' lang='lat' dir='ltr'><strong><em>iis</em></strong></span> <span class='ocrx_word' id='word_1_314' title='bbox 2994 4137 3407 4192; x_wconf 85' lang='lat' dir='ltr'><strong><em>collectionibus</em></strong></span> 
     </span>
    </p>
   </div>
   <div class='ocr_carea' id='block_1_47' title="bbox 206 4222 1747 4297">
    <p class='ocr_par' dir='ltr' id='par_1_47' title="bbox 206 4222 1747 4297">
     <span class='ocr_line' id='line_1_47' title="bbox 206 4222 1747 4297; baseline -0.006 -9"><span class='ocrx_word' id='word_1_315' title='bbox 206 4235 487 4290; x_wconf 83' lang='lat' dir='ltr'><strong><em>clesiarum</em></strong></span> <span class='ocrx_word' id='word_1_316' title='bbox 538 4228 758 4285; x_wconf 87' lang='lat' dir='ltr'><strong><em>utilitati</em></strong></span> <span class='ocrx_word' id='word_1_317' title='bbox 789 4226 1074 4297; x_wconf 84' lang='lat' dir='ltr'><strong><em>magniﬁce</em></strong></span> <span class='ocrx_word' id='word_1_318' title='bbox 1124 4223 1419 4295; x_wconf 77' lang='lat' dir='ltr'><strong><em>prospexit.</em></strong></span> <span class='ocrx_word' id='word_1_319' title='bbox 1468 4222 1637 4288; x_wconf 86' lang='lat' dir='ltr'><strong><em>Quam</em></strong></span> <span class='ocrx_word' id='word_1_320' title='bbox 1678 4223 1747 4278; x_wconf 88' lang='lat' dir='ltr'><strong><em>ob</em></strong></span> 
     </span>
    </p>
   </div>
   <div class='ocr_carea' id='block_1_48' title="bbox 206 4320 1744 4393">
    <p class='ocr_par' dir='ltr' id='par_1_48' title="bbox 206 4320 1744 4393">
     <span class='ocr_line' id='line_1_48' title="bbox 206 4320 1744 4393; baseline -0.005 -14"><span class='ocrx_word' id='word_1_321' title='bbox 206 4341 413 4381; x_wconf 84' lang='lat' dir='ltr'><strong><em>causam</em></strong></span> <span class='ocrx_word' id='word_1_322' title='bbox 446 4339 592 4379; x_wconf 88' lang='lat' dir='ltr'><strong><em>anno</em></strong></span> <span class='ocrx_word' id='word_1_323' title='bbox 631 4320 1023 4393; x_wconf 78' lang='lat' dir='ltr'><strong><em>persecutionis</em></strong></span> <span class='ocrx_word' id='word_1_324' title='bbox 1064 4334 1208 4373; x_wconf 89' lang='lat' dir='ltr'><strong><em>nono</em></strong></span> <span class='ocrx_word' id='word_1_325' title='bbox 1236 4320 1411 4388; x_wconf 89' lang='lat' dir='ltr'><strong><em>capite</em></strong></span> <span class='ocrx_word' id='word_1_326' title='bbox 1443 4324 1744 4381; x_wconf 85' lang='lat' dir='ltr'><strong><em>truncatus,</em></strong></span> 
     </span>
    </p>
   </div>
   <div class='ocr_carea' id='block_1_49' title="bbox 204 4407 1742 4487">
    <p class='ocr_par' dir='ltr' id='par_1_49' title="bbox 204 4407 1742 4487">
     <span class='ocr_line' id='line_1_49' title="bbox 204 4407 1742 4487; baseline -0.005 -18"><span class='ocrx_word' id='word_1_327' title='bbox 204 4417 438 4487; x_wconf 78' lang='lat' dir='ltr'><strong><em>martyrii</em></strong></span> <span class='ocrx_word' id='word_1_328' title='bbox 472 4429 730 4470; x_wconf 85' lang='lat' dir='ltr'><strong><em>coronam</em></strong></span> <span class='ocrx_word' id='word_1_329' title='bbox 755 4411 1068 4484; x_wconf 85' lang='lat' dir='ltr'><strong><em>promeruit.</em></strong></span> <span class='ocrx_word' id='word_1_330' title='bbox 1100 4430 1117 4462; x_wconf 75' lang='grc' dir='ltr'><strong><em>ι</em></strong></span> <span class='ocrx_word' id='word_1_331' title='bbox 1149 4408 1418 4465; x_wconf 84' lang='lat' dir='ltr'><strong><em>Hactenus</em></strong></span> <span class='ocrx_word' id='word_1_332' title='bbox 1441 4407 1705 4463; x_wconf 86' lang='lat' dir='ltr'><strong><em>Eusebius</em></strong></span> <span class='ocrx_word' id='word_1_333' title='bbox 1731 4426 1742 4461; x_wconf 93' lang='lat'><strong>:</strong></span> 
     </span>
    </p>
   </div>
   <div class='ocr_carea' id='block_1_50' title="bbox 203 4498 1746 4574">
    <p class='ocr_par' dir='ltr' id='par_1_50' title="bbox 203 4498 1746 4574">
     <span class='ocr_line' id='line_1_50' title="bbox 203 4498 1746 4574; baseline -0.003 -17"><span class='ocrx_word' id='word_1_334' title='bbox 203 4522 349 4574; x_wconf 84' lang='lat' dir='ltr'><strong><em>quem</em></strong></span> <span class='ocrx_word' id='word_1_335' title='bbox 387 4513 651 4561; x_wconf 86' lang='lat' dir='ltr'><strong><em>accurate</em></strong></span> <span class='ocrx_word' id='word_1_336' title='bbox 680 4503 823 4558; x_wconf 88' lang='lat' dir='ltr'><strong><em>Petri</em></strong></span> <span class='ocrx_word' id='word_1_337' title='bbox 856 4501 1201 4571; x_wconf 88' lang='lat' dir='ltr'><strong><em>episcopatus</em></strong></span> <span class='ocrx_word' id='word_1_338' title='bbox 1233 4514 1403 4553; x_wconf 89' lang='lat' dir='ltr'><strong><em>annos</em></strong></span> <span class='ocrx_word' id='word_1_339' title='bbox 1436 4498 1746 4569; x_wconf 81' lang='lat' dir='ltr'><strong><em>digessisse,</em></strong></span> 
     </span>
    </p>
   </div>
   <div class='ocr_carea' id='block_1_51' title="bbox 202 4589 1748 4664">
    <p class='ocr_par' dir='ltr' id='par_1_51' title="bbox 202 4589 1748 4664">
     <span class='ocr_line' id='line_1_51' title="bbox 202 4589 1748 4664; baseline -0.003 -15"><span class='ocrx_word' id='word_1_340' title='bbox 202 4598 445 4664; x_wconf 84' lang='lat' dir='ltr'><strong><em>pluribus</em></strong></span> <span class='ocrx_word' id='word_1_341' title='bbox 496 4594 803 4650; x_wconf 80' lang='lat' dir='ltr'><strong><em>Dodwellus</em></strong></span> <span class='ocrx_word' id='word_1_342' title='bbox 844 4594 1046 4649; x_wconf 85' lang='lat' dir='ltr'><strong><em>evincit</em></strong></span> <span class='ocrx_word' id='word_1_343' title='bbox 1074 4592 1167 4662; x_wconf 78' lang='grc' dir='ltr'><strong><em>(ά).</em></strong></span> <span class='ocrx_word' id='word_1_344' title='bbox 1208 4591 1343 4645; x_wconf 84' lang='lat' dir='ltr'><strong><em>Cum</em></strong></span> <span class='ocrx_word' id='word_1_345' title='bbox 1374 4591 1533 4660; x_wconf 83' lang='lat' dir='ltr'><strong><em>igitur</em></strong></span> <span class='ocrx_word' id='word_1_346' title='bbox 1559 4589 1748 4644; x_wconf 87' lang='lat' dir='ltr'><strong><em>Petrus</em></strong></span> 
     </span>
    </p>
   </div>
   <div class='ocr_carea' id='block_1_52' title="bbox 203 4682 1749 4755">
    <p class='ocr_par' dir='ltr' id='par_1_52' title="bbox 203 4682 1749 4755">
     <span class='ocr_line' id='line_1_52' title="bbox 203 4682 1749 4755; baseline -0.002 -17"><span class='ocrx_word' id='word_1_347' title='bbox 203 4688 482 4742; x_wconf 85' lang='lat' dir='ltr'><strong><em>duodecim</em></strong></span> <span class='ocrx_word' id='word_1_348' title='bbox 531 4702 702 4741; x_wconf 90' lang='lat' dir='ltr'><strong><em>annos</em></strong></span> <span class='ocrx_word' id='word_1_349' title='bbox 750 4684 804 4739; x_wconf 89' lang='lat' dir='ltr'><strong><em>in</em></strong></span> <span class='ocrx_word' id='word_1_350' title='bbox 845 4686 1157 4755; x_wconf 86' lang='lat' dir='ltr'><strong><em>episcopatu</em></strong></span> <span class='ocrx_word' id='word_1_351' title='bbox 1198 4682 1539 4753; x_wconf 84' lang='lat' dir='ltr'><strong><em>transegerit,</em></strong></span> <span class='ocrx_word' id='word_1_352' title='bbox 1591 4692 1749 4750; x_wconf 86' lang='lat' dir='ltr'><strong><em>atque</em></strong></span> 
     </span>
    </p>
   </div>
   <div class='ocr_carea' id='block_1_53' title="bbox 203 4774 1749 4851">
    <p class='ocr_par' dir='ltr' id='par_1_53' title="bbox 203 4774 1749 4851">
     <span class='ocr_line' id='line_1_53' title="bbox 203 4774 1749 4851; baseline -0.001 -21"><span class='ocrx_word' id='word_1_353' title='bbox 203 4794 333 4835; x_wconf 84' lang='lat' dir='ltr'><strong><em>anno</em></strong></span> <span class='ocrx_word' id='word_1_354' title='bbox 353 4783 431 4837; x_wconf 82' lang='lat' dir='ltr'><strong><em>ab</em></strong></span> <span class='ocrx_word' id='word_1_355' title='bbox 448 4788 565 4835; x_wconf 87' lang='lat' dir='ltr'><strong><em>orta</em></strong></span> <span class='ocrx_word' id='word_1_356' title='bbox 582 4780 953 4851; x_wconf 89' lang='lat' dir='ltr'><strong><em>persecutione</em></strong></span> <span class='ocrx_word' id='word_1_357' title='bbox 976 4792 1139 4840; x_wconf 89' lang='lat' dir='ltr'><strong><em>nono,</em></strong></span> <span class='ocrx_word' id='word_1_358' title='bbox 1166 4777 1417 4831; x_wconf 77' lang='lat' dir='ltr'><strong><em>saeviente</em></strong></span> <span class='ocrx_word' id='word_1_359' title='bbox 1442 4776 1493 4828; x_wconf 92' lang='lat' dir='ltr'><strong><em>in</em></strong></span> <span class='ocrx_word' id='word_1_360' title='bbox 1515 4774 1749 4830; x_wconf 77' lang='lat' dir='ltr'><strong><em>Alexan-</em></strong></span> 
     </span>
    </p>
   </div>
   <div class='ocr_carea' id='block_1_54' title="bbox 203 4866 1750 4938">
    <p class='ocr_par' dir='ltr' id='par_1_54' title="bbox 203 4866 1750 4938">
     <span class='ocr_line' id='line_1_54' title="bbox 203 4866 1750 4938; baseline -0.002 -14"><span class='ocrx_word' id='word_1_361' title='bbox 203 4873 404 4927; x_wconf 86' lang='lat' dir='ltr'><strong><em>drinam</em></strong></span> <span class='ocrx_word' id='word_1_362' title='bbox 439 4872 734 4929; x_wconf 84' lang='lat' dir='ltr'><strong><em>Ecclesiam</em></strong></span> <span class='ocrx_word' id='word_1_363' title='bbox 760 4871 1070 4933; x_wconf 77' lang='lat' dir='ltr'><strong><em>Maximino,</em></strong></span> <span class='ocrx_word' id='word_1_364' title='bbox 1111 4869 1285 4938; x_wconf 88' lang='lat' dir='ltr'><strong><em>capite</em></strong></span> <span class='ocrx_word' id='word_1_365' title='bbox 1318 4876 1600 4921; x_wconf 80' lang='lat' dir='ltr'><strong><em>truncatus</em></strong></span> <span class='ocrx_word' id='word_1_366' title='bbox 1634 4866 1750 4921; x_wconf 83' lang='lat' dir='ltr'><strong><em>lue-</em></strong></span> 
     </span>
    </p>
   </div>
   <div class='ocr_carea' id='block_1_55' title="bbox 204 4959 1747 5038">
    <p class='ocr_par' dir='ltr' id='par_1_55' title="bbox 204 4959 1747 5038">
     <span class='ocr_line' id='line_1_55' title="bbox 204 4959 1747 5038; baseline -0.002 -22"><span class='ocrx_word' id='word_1_367' title='bbox 204 4964 295 5033; x_wconf 88' lang='lat' dir='ltr'><strong><em>rit;</em></strong></span> <span class='ocrx_word' id='word_1_368' title='bbox 364 4967 486 5036; x_wconf 84' lang='lat' dir='ltr'><strong><em>ejus</em></strong></span> <span class='ocrx_word' id='word_1_369' title='bbox 553 4964 781 5038; x_wconf 85' lang='lat' dir='ltr'><strong><em>proinde</em></strong></span> <span class='ocrx_word' id='word_1_370' title='bbox 836 4964 1152 5033; x_wconf 83' lang='lat' dir='ltr'><strong><em>martyrium</em></strong></span> <span class='ocrx_word' id='word_1_371' title='bbox 1209 4959 1396 5014; x_wconf 87' lang='lat' dir='ltr'><strong><em>incidit</em></strong></span> <span class='ocrx_word' id='word_1_372' title='bbox 1445 4960 1499 5013; x_wconf 91' lang='lat' dir='ltr'><strong><em>in</em></strong></span> <span class='ocrx_word' id='word_1_373' title='bbox 1546 4974 1747 5013; x_wconf 88' lang='lat' dir='ltr'><strong><em>annum</em></strong></span> 
     </span>
    </p>
   </div>
   <div class='ocr_carea' id='block_1_56' title="bbox 202 5051 1748 5127">
    <p class='ocr_par' dir='ltr' id='par_1_56' title="bbox 202 5051 1748 5127">
     <span class='ocr_line' id='line_1_56' title="bbox 202 5051 1748 5127; baseline -0.003 -18"><span class='ocrx_word' id='word_1_374' title='bbox 202 5054 397 5112; x_wconf 85' lang='lat' dir='ltr'><strong><em>Christi</em></strong></span> <span class='ocrx_word' id='word_1_375' title='bbox 439 5058 561 5122; x_wconf 78' lang='lat' dir='ltr'><strong><em>5H,</em></strong></span> <span class='ocrx_word' id='word_1_376' title='bbox 607 5054 751 5127; x_wconf 92' lang='lat' dir='ltr'><strong><em>quod</em></strong></span> <span class='ocrx_word' id='word_1_377' title='bbox 781 5054 1019 5125; x_wconf 67' lang='lat' dir='ltr'><strong><em>Egyptii</em></strong></span> <span class='ocrx_word' id='word_1_378' title='bbox 1057 5054 1303 5107; x_wconf 85' lang='lat' dir='ltr'><strong><em>recolunt</em></strong></span> <span class='ocrx_word' id='word_1_379' title='bbox 1335 5052 1422 5105; x_wconf 91' lang='lat' dir='ltr'><strong><em>die</em></strong></span> <span class='ocrx_word' id='word_1_380' title='bbox 1448 5051 1517 5105; x_wconf 77' lang='lat'><strong><em>9.9</em></strong></span> <span class='ocrx_word' id='word_1_381' title='bbox 1547 5051 1748 5105; x_wconf 90' lang='lat' dir='ltr'><strong><em>mensis</em></strong></span> 
     </span>
    </p>
   </div>
   <div class='ocr_carea' id='block_1_57' title="bbox 204 5141 1747 5221">
    <p class='ocr_par' dir='ltr' id='par_1_57' title="bbox 204 5141 1747 5221">
     <span class='ocr_line' id='line_1_57' title="bbox 204 5141 1747 5221; baseline -0.006 -17"><span class='ocrx_word' id='word_1_382' title='bbox 204 5148 386 5221; x_wconf 78' lang='lat' dir='ltr'><strong><em>Athyr,</em></strong></span> <span class='ocrx_word' id='word_1_383' title='bbox 418 5152 509 5220; x_wconf 91' lang='lat' dir='ltr'><strong><em>qui</em></strong></span> <span class='ocrx_word' id='word_1_384' title='bbox 542 5148 829 5218; x_wconf 88' lang='lat' dir='ltr'><strong><em>respondet</em></strong></span> <span class='ocrx_word' id='word_1_385' title='bbox 856 5147 926 5201; x_wconf 69' lang='grc'><strong><em>25</em></strong></span> <span class='ocrx_word' id='word_1_386' title='bbox 953 5144 1270 5199; x_wconf 80' lang='lat' dir='ltr'><strong><em>Novembris</em></strong></span> <span class='ocrx_word' id='word_1_387' title='bbox 1299 5150 1356 5198; x_wconf 89' lang='lat' dir='ltr'><strong><em>ut</em></strong></span> <span class='ocrx_word' id='word_1_388' title='bbox 1386 5153 1505 5213; x_wconf 90' lang='lat' dir='ltr'><strong><em>post</em></strong></span> <span class='ocrx_word' id='word_1_389' title='bbox 1526 5141 1747 5197; x_wconf 84' lang='lat' dir='ltr'><strong><em>Renau-</em></strong></span> 
     </span>
    </p>
   </div>
   <div class='ocr_carea' id='block_1_58' title="bbox 203 5236 1242 5313">
    <p class='ocr_par' dir='ltr' id='par_1_58' title="bbox 203 5236 1242 5313">
     <span class='ocr_line' id='line_1_58' title="bbox 203 5236 1242 5313; baseline 0.002 -22"><span class='ocrx_word' id='word_1_390' title='bbox 203 5238 402 5293; x_wconf 82' lang='lat' dir='ltr'><strong><em>dolium</em></strong></span> <span class='ocrx_word' id='word_1_391' title='bbox 427 5242 492 5313; x_wconf 81' lang='lat' dir='ltr'><strong><em>(c)</em></strong></span> <span class='ocrx_word' id='word_1_392' title='bbox 525 5243 775 5295; x_wconf 82' lang='lat' dir='ltr'><strong><em>observat</em></strong></span> <span class='ocrx_word' id='word_1_393' title='bbox 802 5237 1126 5309; x_wconf 88' lang='lat' dir='ltr'><strong><em>Lequienius</em></strong></span> <span class='ocrx_word' id='word_1_394' title='bbox 1150 5236 1242 5306; x_wconf 69' lang='grc' dir='ltr'><strong><em>(ί).</em></strong></span> 
     </span>
    </p>
   </div>
   <div class='ocr_carea' id='block_1_59' title="bbox 269 5392 1374 5466">
    <p class='ocr_par' dir='ltr' id='par_1_59' title="bbox 269 5392 1374 5466">
     <span class='ocr_line' id='line_1_59' title="bbox 269 5392 1374 5466; baseline -0.004 -17"><span class='ocrx_word' id='word_1_395' title='bbox 269 5396 344 5466; x_wconf 80' lang='lat' dir='ltr'><strong><em>(a)</em></strong></span> <span class='ocrx_word' id='word_1_396' title='bbox 379 5396 575 5454; x_wconf 80' lang='lat' dir='ltr'><strong><em>Euseb.</em></strong></span> <span class='ocrx_word' id='word_1_397' title='bbox 612 5397 753 5452; x_wconf 79' lang='lat' dir='ltr'><strong><em>Hist.</em></strong></span> <span class='ocrx_word' id='word_1_398' title='bbox 772 5397 898 5450; x_wconf 84' lang='lat' dir='ltr'><strong><em>eccl.</em></strong></span> <span class='ocrx_word' id='word_1_399' title='bbox 934 5395 1026 5448; x_wconf 79' lang='lat' dir='ltr'><strong><em>lib.</em></strong></span> <span class='ocrx_word' id='word_1_400' title='bbox 1062 5411 1136 5458; x_wconf 77' lang='lat' dir='ltr'><strong><em>Ix,</em></strong></span> <span class='ocrx_word' id='word_1_401' title='bbox 1170 5408 1290 5462; x_wconf 88' lang='lat' dir='ltr'><strong><em>cap.</em></strong></span> <span class='ocrx_word' id='word_1_402' title='bbox 1323 5392 1374 5446; x_wconf 89' lang='grc'><strong><em>6.</em></strong></span> 
     </span>
    </p>
   </div>
   <div class='ocr_carea' id='block_1_60' title="bbox 262 5466 1122 5538">
    <p class='ocr_par' dir='ltr' id='par_1_60' title="bbox 262 5466 1122 5538">
     <span class='ocr_line' id='line_1_60' title="bbox 262 5466 1122 5538; baseline 0 -20"><span class='ocrx_word' id='word_1_403' title='bbox 262 5470 338 5538; x_wconf 89' lang='lat' dir='ltr'><strong><em>(b)</em></strong></span> <span class='ocrx_word' id='word_1_404' title='bbox 373 5469 445 5521; x_wconf 62' lang='lat' dir='ltr'><strong><em>Ill.</em></strong></span> <span class='ocrx_word' id='word_1_405' title='bbox 478 5471 607 5525; x_wconf 84' lang='lat' dir='ltr'><strong><em>ibid.</em></strong></span> <span class='ocrx_word' id='word_1_406' title='bbox 634 5472 723 5524; x_wconf 89' lang='lat' dir='ltr'><strong><em>lib.</em></strong></span> <span class='ocrx_word' id='word_1_407' title='bbox 748 5483 864 5533; x_wconf 87' lang='lat' dir='ltr'><strong><em>vm,</em></strong></span> <span class='ocrx_word' id='word_1_408' title='bbox 889 5481 1007 5534; x_wconf 87' lang='lat' dir='ltr'><strong><em>cap.</em></strong></span> <span class='ocrx_word' id='word_1_409' title='bbox 1040 5466 1122 5538; x_wconf 64' lang='lat'><strong><em>1.3.</em></strong></span> 
     </span>
    </p>
   </div>
   <div class='ocr_carea' id='block_1_61' title="bbox 266 5534 1367 5608">
    <p class='ocr_par' dir='ltr' id='par_1_61' title="bbox 266 5534 1367 5608">
     <span class='ocr_line' id='line_1_61' title="bbox 266 5534 1367 5608; baseline -0.003 -18"><span class='ocrx_word' id='word_1_410' title='bbox 266 5534 335 5608; x_wconf 81' lang='lat' dir='ltr'><strong><em>(c)</em></strong></span> <span class='ocrx_word' id='word_1_411' title='bbox 377 5540 448 5596; x_wconf 85' lang='lat' dir='ltr'><strong><em>Id.</em></strong></span> <span class='ocrx_word' id='word_1_412' title='bbox 482 5541 611 5595; x_wconf 82' lang='lat' dir='ltr'><strong><em>ibid.</em></strong></span> <span class='ocrx_word' id='word_1_413' title='bbox 645 5542 735 5594; x_wconf 90' lang='lat' dir='ltr'><strong><em>lib.</em></strong></span> <span class='ocrx_word' id='word_1_414' title='bbox 769 5555 867 5602; x_wconf 88' lang='lat' dir='ltr'><strong><em>vn,</em></strong></span> <span class='ocrx_word' id='word_1_415' title='bbox 901 5554 1018 5606; x_wconf 77' lang='lat' dir='ltr'><strong><em>cap.</em></strong></span> <span class='ocrx_word' id='word_1_416' title='bbox 1050 5534 1247 5608; x_wconf 65' lang='lat' dir='ltr'><strong><em>32__sub</em></strong></span> <span class='ocrx_word' id='word_1_417' title='bbox 1279 5534 1367 5588; x_wconf 85' lang='lat' dir='ltr'><strong><em>lin.</em></strong></span> 
     </span>
    </p>
   </div>
   <div class='ocr_carea' id='block_1_62' title="bbox 266 5603 1747 5680">
    <p class='ocr_par' dir='ltr' id='par_1_62' title="bbox 266 5603 1747 5680">
     <span class='ocr_line' id='line_1_62' title="bbox 266 5603 1747 5680; baseline -0.004 -18"><span class='ocrx_word' id='word_1_418' title='bbox 266 5603 341 5677; x_wconf 48' lang='lat' dir='ltr'><strong><em>id)</em></strong></span> <span class='ocrx_word' id='word_1_419' title='bbox 383 5611 561 5667; x_wconf 81' lang='lat' dir='ltr'><strong><em>Dodw.</em></strong></span> <span class='ocrx_word' id='word_1_420' title='bbox 598 5612 814 5665; x_wconf 81' lang='lat' dir='ltr'><strong><em>Dissert.</em></strong></span> <span class='ocrx_word' id='word_1_421' title='bbox 848 5603 984 5680; x_wconf 71' lang='lat' dir='ltr'><strong><em>siith</em></strong></span> <span class='ocrx_word' id='word_1_422' title='bbox 1011 5606 1077 5659; x_wconf 86' lang='lat' dir='ltr'><strong><em>ad</em></strong></span> <span class='ocrx_word' id='word_1_423' title='bbox 1113 5603 1320 5671; x_wconf 83' lang='lat' dir='ltr'><strong><em>Pears.,</em></strong></span> <span class='ocrx_word' id='word_1_424' title='bbox 1358 5620 1475 5675; x_wconf 88' lang='lat' dir='ltr'><strong><em>cap.</em></strong></span> <span class='ocrx_word' id='word_1_425' title='bbox 1510 5603 1562 5667; x_wconf 81' lang='lat'><strong><em>6,</em></strong></span> <span class='ocrx_word' id='word_1_426' title='bbox 1593 5603 1621 5675; x_wconf 57' lang='grc' dir='ltr'><strong>ἢ</strong></span> <span class='ocrx_word' id='word_1_427' title='bbox 1657 5604 1747 5669; x_wconf 70' lang='grc'><strong><em>21,</em></strong></span> 
     </span>
    </p>
   </div>
   <div class='ocr_carea' id='block_1_63' title="bbox 203 5683 432 5747">
    <p class='ocr_par' dir='ltr' id='par_1_63' title="bbox 203 5683 432 5747">
     <span class='ocr_line' id='line_1_63' title="bbox 203 5683 432 5747; baseline -0.013 -11"><span class='ocrx_word' id='word_1_428' title='bbox 203 5692 321 5747; x_wconf 72' lang='lat' dir='ltr'><strong><em>pag.</em></strong></span> <span class='ocrx_word' id='word_1_429' title='bbox 350 5683 432 5734; x_wconf 65' lang='lat'><strong><em>74.</em></strong></span> 
     </span>
    </p>
   </div>
   <div class='ocr_carea' id='block_1_64' title="bbox 1850 4229 3406 4308">
    <p class='ocr_par' dir='ltr' id='par_1_64' title="bbox 1850 4229 3406 4308">
     <span class='ocr_line' id='line_1_64' title="bbox 1850 4229 3406 4308; baseline -0.004 -17"><span class='ocrx_word' id='word_1_430' title='bbox 1850 4237 2130 4308; x_wconf 88' lang='lat' dir='ltr'><strong><em>anonymis</em></strong></span> <span class='ocrx_word' id='word_1_431' title='bbox 2167 4251 2284 4305; x_wconf 74' lang='lat' dir='ltr'><strong><em>quae</em></strong></span> <span class='ocrx_word' id='word_1_432' title='bbox 2330 4242 2526 4288; x_wconf 89' lang='lat' dir='ltr'><strong><em>vocant</em></strong></span> <span class='ocrx_word' id='word_1_433' title='bbox 2557 4232 2838 4300; x_wconf 82' lang='lat' dir='ltr'><strong><em>Responsa,</em></strong></span> <span class='ocrx_word' id='word_1_434' title='bbox 2882 4230 3124 4300; x_wconf 85' lang='lat' dir='ltr'><strong><em>quaedam</em></strong></span> <span class='ocrx_word' id='word_1_435' title='bbox 3176 4246 3240 4283; x_wconf 80' lang='lat' dir='ltr'><strong><em>ex</em></strong></span> <span class='ocrx_word' id='word_1_436' title='bbox 3286 4229 3406 4284; x_wconf 87' lang='lat' dir='ltr'><strong><em>aliis</em></strong></span> 
     </span>
    </p>
   </div>
   <div class='ocr_carea' id='block_1_65' title="bbox 1847 4320 3406 4398">
    <p class='ocr_par' dir='ltr' id='par_1_65' title="bbox 1847 4320 3406 4398">
     <span class='ocr_line' id='line_1_65' title="bbox 1847 4320 3406 4398; baseline -0.008 -14"><span class='ocrx_word' id='word_1_437' title='bbox 1847 4330 1966 4398; x_wconf 87' lang='lat' dir='ltr'><strong><em>ejus</em></strong></span> <span class='ocrx_word' id='word_1_438' title='bbox 2011 4328 2267 4398; x_wconf 89' lang='lat' dir='ltr'><strong><em>operibus</em></strong></span> <span class='ocrx_word' id='word_1_439' title='bbox 2320 4325 2622 4395; x_wconf 82' lang='lat' dir='ltr'><strong><em>fragmenta</em></strong></span> <span class='ocrx_word' id='word_1_440' title='bbox 2679 4330 2913 4376; x_wconf 68' lang='lat' dir='ltr'><strong><em>exstant.</em></strong></span> <span class='ocrx_word' id='word_1_441' title='bbox 2966 4320 3233 4374; x_wconf 83' lang='lat' dir='ltr'><strong><em>Nonnulla</em></strong></span> <span class='ocrx_word' id='word_1_442' title='bbox 3279 4320 3406 4372; x_wconf 89' lang='lat' dir='ltr'><strong><em>item</em></strong></span> 
     </span>
    </p>
   </div>
   <div class='ocr_carea' id='block_1_66' title="bbox 1847 4409 3406 4482">
    <p class='ocr_par' dir='ltr' id='par_1_66' title="bbox 1847 4409 3406 4482">
     <span class='ocr_line' id='line_1_66' title="bbox 1847 4409 3406 4482; baseline -0.008 -9"><span class='ocrx_word' id='word_1_443' title='bbox 1847 4419 2137 4473; x_wconf 88' lang='lat' dir='ltr'><strong><em>laudantur</em></strong></span> <span class='ocrx_word' id='word_1_444' title='bbox 2169 4433 2196 4470; x_wconf 89' lang='lat' dir='ltr'><strong><em>a</em></strong></span> <span class='ocrx_word' id='word_1_445' title='bbox 2227 4416 2486 4469; x_wconf 86' lang='lat' dir='ltr'><strong><em>Jacobitis</em></strong></span> <span class='ocrx_word' id='word_1_446' title='bbox 2517 4415 2571 4467; x_wconf 92' lang='lat' dir='ltr'><strong><em>in</em></strong></span> <span class='ocrx_word' id='word_1_447' title='bbox 2605 4428 2764 4482; x_wconf 83' lang='lat' dir='ltr'><strong><em>Opere</em></strong></span> <span class='ocrx_word' id='word_1_448' title='bbox 2802 4411 2945 4481; x_wconf 89' lang='lat' dir='ltr'><strong><em>quod</em></strong></span> <span class='ocrx_word' id='word_1_449' title='bbox 2982 4409 3165 4462; x_wconf 84' lang='lat' dir='ltr'><strong><em>Fidem</em></strong></span> <span class='ocrx_word' id='word_1_450' title='bbox 3197 4417 3406 4477; x_wconf 86' lang='lat' dir='ltr'><strong><em>patrum</em></strong></span> 
     </span>
    </p>
   </div>
   <div class='ocr_carea' id='block_1_67' title="bbox 1849 4499 3405 4581">
    <p class='ocr_par' dir='ltr' id='par_1_67' title="bbox 1849 4499 3405 4581">
     <span class='ocr_line' id='line_1_67' title="bbox 1849 4499 3405 4581; baseline -0.008 -16"><span class='ocrx_word' id='word_1_451' title='bbox 1849 4511 2135 4581; x_wconf 87' lang='lat' dir='ltr'><strong><em>appellant.</em></strong></span> <span class='ocrx_word' id='word_1_452' title='bbox 2184 4508 2239 4560; x_wconf 90' lang='lat' dir='ltr'><strong><em>In</em></strong></span> <span class='ocrx_word' id='word_1_453' title='bbox 2287 4508 2392 4560; x_wconf 89' lang='lat' dir='ltr'><strong><em>alio</em></strong></span> <span class='ocrx_word' id='word_1_454' title='bbox 2426 4520 2641 4575; x_wconf 88' lang='lat' dir='ltr'><strong><em>quoque</em></strong></span> <span class='ocrx_word' id='word_1_455' title='bbox 2674 4519 2855 4573; x_wconf 87' lang='lat' dir='ltr'><strong><em>opere,</em></strong></span> <span class='ocrx_word' id='word_1_456' title='bbox 2904 4502 2990 4556; x_wconf 91' lang='lat' dir='ltr'><strong><em>cui</em></strong></span> <span class='ocrx_word' id='word_1_457' title='bbox 3034 4502 3225 4554; x_wconf 89' lang='lat' dir='ltr'><strong><em>titulus</em></strong></span> <span class='ocrx_word' id='word_1_458' title='bbox 3273 4499 3405 4553; x_wconf 78' lang='lat' dir='ltr'><strong><em>Unio</em></strong></span> 
     </span>
    </p>
   </div>
   <div class='ocr_carea' id='block_1_68' title="bbox 1847 4592 3405 4671">
    <p class='ocr_par' dir='ltr' id='par_1_68' title="bbox 1847 4592 3405 4671">
     <span class='ocr_line' id='line_1_68' title="bbox 1847 4592 3405 4671; baseline -0.005 -17"><span class='ocrx_word' id='word_1_459' title='bbox 1847 4602 2125 4671; x_wconf 83' lang='lat' dir='ltr'><strong><em>pretiosus,</em></strong></span> <span class='ocrx_word' id='word_1_460' title='bbox 2154 4599 2272 4665; x_wconf 86' lang='lat' dir='ltr'><strong><em>ejus</em></strong></span> <span class='ocrx_word' id='word_1_461' title='bbox 2294 4598 2569 4651; x_wconf 81' lang='lat' dir='ltr'><strong><em>homiliam</em></strong></span> <span class='ocrx_word' id='word_1_462' title='bbox 2597 4596 2658 4650; x_wconf 86' lang='lat' dir='ltr'><strong><em>de</em></strong></span> <span class='ocrx_word' id='word_1_463' title='bbox 2692 4596 2946 4665; x_wconf 87' lang='lat' dir='ltr'><strong><em>baptismo</em></strong></span> <span class='ocrx_word' id='word_1_464' title='bbox 2972 4592 3172 4647; x_wconf 81' lang='lat' dir='ltr'><strong><em>Christi</em></strong></span> <span class='ocrx_word' id='word_1_465' title='bbox 3199 4605 3405 4646; x_wconf 88' lang='lat' dir='ltr'><strong><em>memo-</em></strong></span> 
     </span>
    </p>
   </div>
   <div class='ocr_carea' id='block_1_69' title="bbox 1850 4693 2251 4749">
    <p class='ocr_par' dir='ltr' id='par_1_69' title="bbox 1850 4693 2251 4749">
     <span class='ocr_line' id='line_1_69' title="bbox 1850 4693 2251 4749; baseline -0.017 0"><span class='ocrx_word' id='word_1_466' title='bbox 1850 4702 2020 4749; x_wconf 83' lang='lat' dir='ltr'><strong><em>ratam</em></strong></span> <span class='ocrx_word' id='word_1_467' title='bbox 2049 4693 2251 4745; x_wconf 85' lang='lat' dir='ltr'><strong><em>videas.</em></strong></span> 
     </span>
    </p>
   </div>
   <div class='ocr_carea' id='block_1_70' title="bbox 1918 4775 3405 4851">
    <p class='ocr_par' dir='ltr' id='par_1_70' title="bbox 1918 4775 3405 4851">
     <span class='ocr_line' id='line_1_70' title="bbox 1918 4775 3405 4851; baseline -0.006 -14"><span class='ocrx_word' id='word_1_468' title='bbox 1918 4783 2006 4838; x_wconf 84' lang='grc' dir='ltr'><strong><em>ιιι.</em></strong></span> <span class='ocrx_word' id='word_1_469' title='bbox 2048 4783 2177 4848; x_wconf 75' lang='lat' dir='ltr'><strong><em>Quae</em></strong></span> <span class='ocrx_word' id='word_1_470' title='bbox 2225 4798 2352 4836; x_wconf 77' lang='lat' dir='ltr'><strong><em>vero</em></strong></span> <span class='ocrx_word' id='word_1_471' title='bbox 2404 4782 2544 4851; x_wconf 87' lang='lat' dir='ltr'><strong><em>apud</em></strong></span> <span class='ocrx_word' id='word_1_472' title='bbox 2584 4780 2800 4835; x_wconf 85' lang='lat' dir='ltr'><strong><em>Graecos</em></strong></span> <span class='ocrx_word' id='word_1_473' title='bbox 2848 4794 2914 4833; x_wconf 82' lang='lat' dir='ltr'><strong><em>ex</em></strong></span> <span class='ocrx_word' id='word_1_474' title='bbox 2970 4776 3178 4832; x_wconf 62' lang='lat' dir='ltr'><strong><em>caeteris</em></strong></span> <span class='ocrx_word' id='word_1_475' title='bbox 3233 4775 3405 4839; x_wconf 86' lang='lat' dir='ltr'><strong><em>sancti</em></strong></span> 
     </span>
    </p>
   </div>
   <div class='ocr_carea' id='block_1_71' title="bbox 1852 4850 3441 4946">
    <p class='ocr_par' dir='ltr' id='par_1_71' title="bbox 1852 4850 3441 4946">
     <span class='ocr_line' id='line_1_71' title="bbox 1852 4850 3441 4946; baseline -0.006 -16"><span class='ocrx_word' id='word_1_476' title='bbox 1852 4877 2104 4946; x_wconf 87' lang='lat' dir='ltr'><strong><em>martyris</em></strong></span> <span class='ocrx_word' id='word_1_477' title='bbox 2149 4875 2366 4943; x_wconf 86' lang='lat' dir='ltr'><strong><em>scriptis</em></strong></span> <span class='ocrx_word' id='word_1_478' title='bbox 2416 4873 2714 4942; x_wconf 82' lang='lat' dir='ltr'><strong><em>fragmenta</em></strong></span> <span class='ocrx_word' id='word_1_479' title='bbox 2761 4878 3067 4933; x_wconf 88' lang='lat' dir='ltr'><strong><em>servantur,</em></strong></span> <span class='ocrx_word' id='word_1_480' title='bbox 3114 4883 3177 4923; x_wconf 89' lang='lat' dir='ltr'><strong><em>ea</em></strong></span> <span class='ocrx_word' id='word_1_481' title='bbox 3225 4850 3441 4922; x_wconf 22' lang='lat' dir='ltr'><strong><em>omnia:</em></strong></span> 
     </span>
    </p>
   </div>
   <div class='ocr_carea' id='block_1_72' title="bbox 1850 4958 3409 5033">
    <p class='ocr_par' dir='ltr' id='par_1_72' title="bbox 1850 4958 3409 5033">
     <span class='ocr_line' id='line_1_72' title="bbox 1850 4958 3409 5033; baseline -0.006 -12"><span class='ocrx_word' id='word_1_482' title='bbox 1850 4967 2076 5021; x_wconf 82' lang='lat' dir='ltr'><strong><em>collecta</em></strong></span> <span class='ocrx_word' id='word_1_483' title='bbox 2112 4964 2229 5033; x_wconf 88' lang='lat' dir='ltr'><strong><em>ejus</em></strong></span> <span class='ocrx_word' id='word_1_484' title='bbox 2261 4964 2575 5019; x_wconf 84' lang='lat' dir='ltr'><strong><em>Canonibus</em></strong></span> <span class='ocrx_word' id='word_1_485' title='bbox 2606 4962 2849 5031; x_wconf 85' lang='lat' dir='ltr'><strong><em>subjecta</em></strong></span> <span class='ocrx_word' id='word_1_486' title='bbox 2876 4960 3213 5015; x_wconf 79' lang='lat' dir='ltr'><strong><em>exhibemus.</em></strong></span> <span class='ocrx_word' id='word_1_487' title='bbox 3238 4958 3409 5011; x_wconf 82' lang='lat' dir='ltr'><strong><em>Nimi-</em></strong></span> 
     </span>
    </p>
   </div>
   <div class='ocr_carea' id='block_1_73' title="bbox 1851 5049 3407 5125">
    <p class='ocr_par' dir='ltr' id='par_1_73' title="bbox 1851 5049 3407 5125">
     <span class='ocr_line' id='line_1_73' title="bbox 1851 5049 3407 5125; baseline -0.005 -14"><span class='ocrx_word' id='word_1_488' title='bbox 1851 5074 1990 5120; x_wconf 83' lang='lat' dir='ltr'><strong><em>rum,</em></strong></span> <span class='ocrx_word' id='word_1_489' title='bbox 2034 5059 2081 5110; x_wconf 79' lang='grc'><strong><em>1.</em></strong></span> <span class='ocrx_word' id='word_1_490' title='bbox 2114 5066 2423 5125; x_wconf 83' lang='lat' dir='ltr'><strong><em>excerptum</em></strong></span> <span class='ocrx_word' id='word_1_491' title='bbox 2465 5071 2527 5110; x_wconf 79' lang='lat' dir='ltr'><strong><em>ex</em></strong></span> <span class='ocrx_word' id='word_1_492' title='bbox 2574 5055 2692 5124; x_wconf 88' lang='lat' dir='ltr'><strong><em>ejus</em></strong></span> <span class='ocrx_word' id='word_1_493' title='bbox 2737 5054 2878 5107; x_wconf 87' lang='lat' dir='ltr'><strong><em>libro</em></strong></span> <span class='ocrx_word' id='word_1_494' title='bbox 2907 5051 2983 5105; x_wconf 89' lang='lat' dir='ltr'><strong><em>De</em></strong></span> <span class='ocrx_word' id='word_1_495' title='bbox 3014 5051 3227 5114; x_wconf 87' lang='lat' dir='ltr'><strong><em>deitate,</em></strong></span> <span class='ocrx_word' id='word_1_496' title='bbox 3261 5049 3407 5121; x_wconf 91' lang='lat' dir='ltr'><strong><em>quod</em></strong></span> 
     </span>
    </p>
   </div>
   <div class='ocr_carea' id='block_1_74' title="bbox 1850 5139 3407 5214">
    <p class='ocr_par' dir='ltr' id='par_1_74' title="bbox 1850 5139 3407 5214">
     <span class='ocr_line' id='line_1_74' title="bbox 1850 5139 3407 5214; baseline -0.007 -11"><span class='ocrx_word' id='word_1_497' title='bbox 1850 5158 2026 5203; x_wconf 79' lang='lat' dir='ltr'><strong><em>exstat</em></strong></span> <span class='ocrx_word' id='word_1_498' title='bbox 2071 5150 2122 5201; x_wconf 93' lang='lat' dir='ltr'><strong><em>in</em></strong></span> <span class='ocrx_word' id='word_1_499' title='bbox 2165 5148 2301 5200; x_wconf 82' lang='lat' dir='ltr'><strong><em>actis</em></strong></span> <span class='ocrx_word' id='word_1_500' title='bbox 2343 5146 2698 5199; x_wconf 83' lang='lat' dir='ltr'><strong><em>conciliorum</em></strong></span> <span class='ocrx_word' id='word_1_501' title='bbox 2742 5141 2999 5214; x_wconf 84' lang='lat' dir='ltr'><strong><em>Ephesin-i</em></strong></span> <span class='ocrx_word' id='word_1_502' title='bbox 3030 5150 3080 5196; x_wconf 86' lang='lat' dir='ltr'><strong><em>et</em></strong></span> <span class='ocrx_word' id='word_1_503' title='bbox 3110 5139 3407 5195; x_wconf 81' lang='lat' dir='ltr'><strong><em>Chalcedo-</em></strong></span> 
     </span>
    </p>
   </div>
   <div class='ocr_carea' id='block_1_75' title="bbox 1851 5233 3404 5304">
    <p class='ocr_par' dir='ltr' id='par_1_75' title="bbox 1851 5233 3404 5304">
     <span class='ocr_line' id='line_1_75' title="bbox 1851 5233 3404 5304; baseline -0.008 -9"><span class='ocrx_word' id='word_1_504' title='bbox 1851 5242 2056 5303; x_wconf 91' lang='lat' dir='ltr'><strong><em>nensis,</em></strong></span> <span class='ocrx_word' id='word_1_505' title='bbox 2108 5255 2229 5293; x_wconf 89' lang='lat' dir='ltr'><strong><em>eum</em></strong></span> <span class='ocrx_word' id='word_1_506' title='bbox 2275 5237 2425 5291; x_wconf 83' lang='lat' dir='ltr'><strong><em>Marii</em></strong></span> <span class='ocrx_word' id='word_1_507' title='bbox 2471 5236 2784 5291; x_wconf 80' lang='lat' dir='ltr'><strong><em>Mercatoris</em></strong></span> <span class='ocrx_word' id='word_1_508' title='bbox 2812 5233 3059 5304; x_wconf 86' lang='lat' dir='ltr'><strong><em>apposita</em></strong></span> <span class='ocrx_word' id='word_1_509' title='bbox 3088 5233 3404 5301; x_wconf 83' lang='lat' dir='ltr'><strong><em>interpreta-</em></strong></span> 
     </span>
    </p>
   </div>
   <div class='ocr_carea' id='block_1_76' title="bbox 1922 5386 3238 5462">
    <p class='ocr_par' dir='ltr' id='par_1_76' title="bbox 1922 5386 3238 5462">
     <span class='ocr_line' id='line_1_76' title="bbox 1922 5386 3238 5462; baseline -0.005 -16"><span class='ocrx_word' id='word_1_510' title='bbox 1922 5394 1989 5462; x_wconf 74' lang='grc' dir='ltr'><strong><em>(ε)</em></strong></span> <span class='ocrx_word' id='word_1_511' title='bbox 2029 5391 2270 5448; x_wconf 80' lang='lat' dir='ltr'><strong><em>Renaud.</em></strong></span> <span class='ocrx_word' id='word_1_512' title='bbox 2296 5390 2436 5444; x_wconf 84' lang='lat' dir='ltr'><strong><em>Hist.</em></strong></span> <span class='ocrx_word' id='word_1_513' title='bbox 2455 5389 2758 5462; x_wconf 68' lang='lat' dir='ltr'><strong><em>patriarch.</em></strong></span> <span class='ocrx_word' id='word_1_514' title='bbox 2790 5389 2965 5462; x_wconf 46' lang='lat' dir='ltr'><strong><em>Alex”</em></strong></span> <span class='ocrx_word' id='word_1_515' title='bbox 2997 5386 3238 5462; x_wconf 32' lang='lat' dir='ltr'><strong><em>pag._‘6_0.</em></strong></span> 
     </span>
    </p>
   </div>
   <div class='ocr_carea' id='block_1_77' title="bbox 1925 5456 3226 5535">
    <p class='ocr_par' dir='ltr' id='par_1_77' title="bbox 1925 5456 3226 5535">
     <span class='ocr_line' id='line_1_77' title="bbox 1925 5456 3226 5535; baseline -0.008 -17"><span class='ocrx_word' id='word_1_516' title='bbox 1925 5456 2003 5535; x_wconf 67' lang='grc' dir='ltr'><strong><em>(Γ)</em></strong></span> <span class='ocrx_word' id='word_1_517' title='bbox 2032 5461 2406 5535; x_wconf 72' lang='lat' dir='ltr'><strong><em>l.equien.__0r.</em></strong></span> <span class='ocrx_word' id='word_1_518' title='bbox 2439 5456 2826 5535; x_wconf 83' lang='lat' dir='ltr'><strong><em>Christ.,__tom.</em></strong></span> <span class='ocrx_word' id='word_1_519' title='bbox 2862 5459 3081 5535; x_wconf 49' lang='lat' dir='ltr'><strong><em>ll,“pag.</em></strong></span> <span class='ocrx_word' id='word_1_520' title='bbox 3104 5456 3226 5512; x_wconf 80' lang='grc'><strong><em>597.</em></strong></span> 
     </span>
    </p>
   </div>
   <div class='ocr_carea' id='block_1_78' title="bbox 1924 5527 3019 5604">
    <p class='ocr_par' dir='ltr' id='par_1_78' title="bbox 1924 5527 3019 5604">
     <span class='ocr_line' id='line_1_78' title="bbox 1924 5527 3019 5604; baseline -0.008 -15"><span class='ocrx_word' id='word_1_521' title='bbox 1924 5527 1997 5604; x_wconf 67' lang='lat' dir='ltr'><strong><em>(gi</em></strong></span> <span class='ocrx_word' id='word_1_522' title='bbox 2032 5527 2250 5604; x_wconf 78' lang='lat' dir='ltr'><strong><em>Tiliem.</em></strong></span> <span class='ocrx_word' id='word_1_523' title='bbox 2279 5531 2460 5597; x_wconf 86' lang='lat' dir='ltr'><strong><em>Mem.,</em></strong></span> <span class='ocrx_word' id='word_1_524' title='bbox 2495 5542 2623 5583; x_wconf 87' lang='lat' dir='ltr'><strong><em>tom.</em></strong></span> <span class='ocrx_word' id='word_1_525' title='bbox 2649 5527 2714 5604; x_wconf 53' lang='grc' dir='ltr'><strong><em>Χ,</em></strong></span> <span class='ocrx_word' id='word_1_526' title='bbox 2745 5544 2866 5599; x_wconf 86' lang='lat' dir='ltr'><strong><em>pag.</em></strong></span> <span class='ocrx_word' id='word_1_527' title='bbox 2899 5528 3019 5583; x_wconf 81' lang='grc'><strong><em>450.</em></strong></span> 
     </span>
    </p>
   </div>
   <div class='ocr_carea' id='block_1_79' title="bbox 1929 5598 2850 5677">
    <p class='ocr_par' dir='ltr' id='par_1_79' title="bbox 1929 5598 2850 5677">
     <span class='ocr_line' id='line_1_79' title="bbox 1929 5598 2850 5677; baseline -0.002 -22"><span class='ocrx_word' id='word_1_528' title='bbox 1929 5598 2001 5677; x_wconf 72' lang='lat'><strong><em>(7:)</em></strong></span> <span class='ocrx_word' id='word_1_529' title='bbox 2037 5603 2277 5659; x_wconf 79' lang='lat' dir='ltr'><strong><em>Renaud.</em></strong></span> <span class='ocrx_word' id='word_1_530' title='bbox 2313 5604 2347 5657; x_wconf 84' lang='grc' dir='ltr'><strong><em>Ι.</em></strong></span> <span class='ocrx_word' id='word_1_531' title='bbox 2378 5619 2446 5665; x_wconf 86' lang='lat' dir='ltr'><strong><em>c.,</em></strong></span> <span class='ocrx_word' id='word_1_532' title='bbox 2489 5615 2609 5671; x_wconf 75' lang='lat' dir='ltr'><strong><em>pag.</em></strong></span> <span class='ocrx_word' id='word_1_533' title='bbox 2642 5598 2702 5653; x_wconf 80' lang='lat' dir='ltr'><strong><em>Gl</em></strong></span> <span class='ocrx_word' id='word_1_534' title='bbox 2737 5598 2850 5669; x_wconf 79' lang='lat' dir='ltr'><strong><em>seq.</em></strong></span> 
     </span>
    </p>
   </div>
  </div>
