3980 6318
611 261 718 318 455

1621 255 1677 312 S.
1709 243 1911 311 PETRI
1943 249 2406 311 ALEXANDBINI
2445 249 2751 310 EPISCOPY
3631 267 3715 322 ιδο

612 385 824 428 omnem
855 368 1144 428 sacerdotii
1174 381 1361 424 curam
1392 368 1586 425 diebus
1618 385 1682 426 ac
1731 370 1983 427 noctibus
2013 370 2154 442 vigi-
2185 383 2232 432 Α
2258 369 2454 434 illuxit,
2477 376 2863 440 cmperuntque
2892 367 3074 423 fideles
3102 368 3167 422 ad
3196 376 3463 441 martyrum
3484 379 3715 436 memorias

613 464 788 518 lanter
811 462 1130 516 desudabat.

683 553 788 608 Sed
818 552 944 622 quia
970 566 1185 621 semper
1207 551 1324 606 zelo
1358 550 1662 622 percutitur
1690 551 1894 616 virtus,
1927 551 2157 606 feriunt-

607 659 713 715 que
739 656 981 699 summos
1004 640 1218 711 fulgura
1243 648 1486 706 montes,
1517 642 1834 696 aemulorum
1860 640 1988 696 hinc
2032 641 2157 697 inde

607 732 934 786 multifarios
971 729 1277 800 patiebatur
1307 729 1610 785 conflictus.
1633 728 1773 799 Quid
1791 730 1987 800 plura?
2019 745 2156 800 pene

605 821 751 876 omni
775 831 1013 890 tempore
1038 821 1162 876 vita:
1209 835 1321 875 sua:
1350 821 1403 873 in
1433 819 1810 889 persecutione
1841 820 2003 891 degit.
2053 819 2156 876 0r-

603 910 808 966 dinavit
844 912 1047 967 interea
1075 911 1466 982 quinquaginta
1502 919 1554 965 et
1583 910 1820 980 quinque
1845 911 2150 980 episcopos.

603 1003 848 1058 Meletius
899 1003 1166 1073 denique,
1219 1003 1438 1057 nomine
1475 1010 1530 1057 et
1562 1009 1741 1057 mente
1781 1001 2106 1072 nigerrimus
2134 1043 2149 1069 ,

602 1094 745 1165 apud
775 1094 1211 1166 Lycopolitanam
1234 1093 1422 1149 urbem
1452 1092 1834 1149 schismaticus
1866 1091 2039 1150 factus
2069 1103 2153 1150 est

600 1185 828 1256 praesul;
858 1184 1024 1238 multa
1055 1183 1270 1253 quidem
1301 1191 1490 1238 contra
1515 1198 1780 1238 canonum
1807 1198 1970 1255 agens
1994 1200 2151 1254 regu-

599 1275 727 1343 lam,
765 1290 1139 1345 superansque
1168 1275 1331 1328 etiam
1367 1284 1717 1330 cruentorum
1748 1276 1978 1330 militum
2021 1277 2150 1332 feri-

597 1373 785 1431 tatem,
802 1366 894 1436 qui
917 1365 973 1420 in
991 1365 1199 1421 Domini
1227 1368 1479 1436 passione
1495 1369 1650 1423 veriti
1669 1377 1796 1424 sunt
1814 1368 2146 1422 Domiuieam

596 1457 844 1515 scindere
865 1457 1137 1524 tunicam;
1184 1460 1317 1514 adeo
1362 1460 1556 1516 laxatis
1588 1461 1811 1515 insaniae
1834 1462 2148 1530 raptabatur

595 1548 842 1615 habenis,
860 1555 919 1602 ut
935 1550 1257 1604 catholicam
1280 1551 1536 1608 scindens
1562 1551 1861 1618 Ecclesiam
1877 1592 1892 1616 ,
1924 1568 2035 1606 non
2057 1567 2149 1607 so-

595 1639 704 1694 lum
729 1656 825 1710 per
851 1641 1095 1696 civitates
1117 1640 1356 1713 IEgypti,
1388 1643 1482 1699 sed
1512 1644 1674 1699 etiam
1702 1659 1796 1714 per
1820 1645 1981 1700 villas
2002 1644 2142 1712 ejus,

2257 461 2574 516 catervatim
2629 475 2870 524 currere,
2903 469 2956 514 et
2993 459 3061 514 ad
3115 458 3304 515 Christi
3333 463 3521 518 laudem
3558 477 3717 524 emtum

2255 568 2610 625 congregare;
2636 569 2772 622 quos
2811 550 3005 606 divinze
3034 551 3164 622 legis
3199 553 3408 610 antistes
3435 555 3592 612 divino
3623 574 3719 615 ora-

2253 642 2377 697 cqu
2412 641 2737 705 viviﬁcabat,
2769 640 3008 711 erigebat
3039 647 3196 710 atque
3221 642 3510 708 roborabat,
3559 661 3725 704 cresce-

2252 732 2452 802 batque
2496 731 2697 802 iugiter
2725 731 2781 785 in
2814 731 3054 786 Ecclesia
3111 732 3383 788 multitudo
3427 735 3720 795 credentium.

2254 821 2360 878 Sed
2391 823 2503 877 haec
2550 838 2658 876 non
2710 823 2878 892 aequis
2905 822 3078 877 oculis
3111 822 3198 877 ille
3227 823 3464 893 antiquus
3507 826 3726 896 aspiciens

2250 914 2500 971 humanae
2524 913 2715 968 salutis
2739 913 2913 968 hostis
2938 912 3079 966 haud
3105 913 3156 967 in
3179 914 3383 985 longum
3409 917 3605 985 quievit.
3621 916 3724 972 Nam

2249 1007 2432 1064 subito
2479 1007 2804 1076 paganitatis
2854 1005 3015 1060 turbo
3056 1021 3120 1060 ex
3163 1006 3380 1063 adverso
3431 1008 3732 1076 intonuit,et

2251 1111 2400 1151 more
2433 1095 2729 1150 hibernalis
2751 1094 2938 1150 imbris
2967 1094 3219 1151 Ecclesia:
3239 1095 3556 1153 serenitatem
3577 1115 3733 1169 percu-

2249 1188 2330 1250 lit,
2359 1203 2586 1258 eamque
2614 1188 2798 1257 procul
2830 1187 3052 1258 fugavit.
3085 1186 3190 1243 Sed
3221 1189 3320 1242 hoc
3370 1197 3426 1243 ut
3448 1191 3735 1250 manifestius

2249 1277 2471 1347 intelligi
2500 1279 2687 1346 possit,
2711 1279 3017 1334 necessario
3048 1280 3112 1335 ad
3135 1280 3430 1349 impiissimi
3465 1289 3513 1335 et
3553 1280 3644 1335 Deo
3667 1297 3735 1337 re-

2249 1365 2404 1420 bellis
2431 1365 2751 1420 Diocletiani
2774 1367 3132 1432 atrocitatem,
3149 1369 3448 1438 pariterque
3473 1365 3735 1424 Maximiani

2247 1455 2448 1512 Galerii
2479 1457 2805 1513 reflectimus
2834 1459 3142 1526 articulum,
3189 1459 3280 1529 qui
3310 1475 3372 1514 eo
3401 1467 3616 1530 tempore
3639 1475 3735 1516 cum

2247 1548 2357 1604 filio
2387 1564 2487 1605 suo
2517 1549 2808 1605 Maximino
2856 1551 3140 1621 tyrannico
3167 1551 3440 1606 dominatu
3485 1550 3738 1608 Orientales

2247 1640 2474 1694 vexabat
2489 1641 2753 1710 regiones.

595 1748 723 1788 suos
750 1748 1008 1804 sequaces
1029 1734 1305 1791 ordinaret
1335 1737 1655 1807 episcopos,
1680 1745 1734 1792 et
1771 1737 1902 1791 nihil
1930 1738 1979 1792 ei
2003 1753 2148 1791 curae
2177 1705 2218 1759 Β
2316 1728 2488 1799 Hujus
2518 1747 2750 1802 namque
2797 1733 3129 1803 temporibus
3159 1732 3216 1786 in
3237 1739 3442 1786 tantum
3473 1729 3740 1786 Christiane

594 1821 662 1878 de
691 1823 851 1879 Petro
874 1833 1009 1888 erat,
1032 1826 1140 1880 imo
1169 1842 1268 1882 nec
1297 1827 1364 1882 de
1383 1827 1602 1884 Christo
1623 1829 1716 1900 qui
1738 1835 1855 1884 erat
1881 1828 1936 1882 in
1961 1827 2143 1884 Petro.

595 1917 732 1974 Huic
758 1921 1012 1992 praefatus
1040 1920 1200 1976 Arius
1233 1921 1410 1976 adhuc
1442 1921 1614 1976 laicus
1637 1919 1973 1984 adhaerebat,
2016 1934 2147 1974 nec-

595 2010 724 2066 dum
759 2012 995 2068 clericali
1027 2021 1252 2068 tonsura
1279 2019 1497 2068 notatus
1517 2053 1532 2078 ,
1563 2024 1786 2081 eratque
1812 2011 1888 2066 illi
1918 2011 2145 2081 ejusque

594 2103 777 2158 domui
803 2106 1088 2160 admodum
1117 2107 1352 2171 charus;
1383 2120 1484 2160 nec
1514 2106 1818 2159 immerito:
1844 2119 2004 2158 omne
2027 2104 2143 2158 ani-

592 2196 723 2271 mal,
760 2203 818 2249 ut
847 2197 921 2249 ait
953 2195 1254 2266 Scriptura,
1283 2197 1460 2250 simile
1489 2195 1592 2250 sibi
1615 2194 1808 2265 diligit.
1841 2194 1935 2250 His
1961 2204 2142 2250 autem

591 2287 822 2358 cognitis
847 2325 862 2352 ,
901 2288 986 2341 vir
1015 2287 1225 2342 Domini
1252 2287 1484 2341 moeror‘e
1521 2286 1804 2341 confectus
1843 2286 1984 2341 hanc
2018 2302 2141 2357 per-

590 2379 925 2434 secutionem
974 2379 1150 2434 aiebat
1200 2380 1439 2448 pejorem
1478 2394 1600 2434 esse
1655 2378 1853 2448 priore.
1903 2377 1971 2431 Et
2017 2379 2141 2434 licet

587 2471 910 2541 quibusdam
943 2472 1166 2525 latebris
1195 2474 1495 2525 absconsus
1515 2512 1528 2534 ,
1563 2477 1744 2524 tamen
1792 2484 1891 2538 pro
1933 2470 2138 2525 viribus

588 2563 986 2617 exhortatorias
1017 2563 1215 2632 ubique
1238 2561 1477 2631 dirigens
1505 2561 1708 2631 apices,
1735 2560 2140 2631 praedicansque

587 2651 844 2710 Ecclesiae
877 2655 1137 2708 unitatem
1162 2691 1176 2716 ,
1204 2653 1488 2722 vegetabat
1516 2667 1610 2706 eos
1635 2652 1893 2708 adversus
1917 2653 2139 2722 imperi-

585 2745 720 2803 tiam
753 2753 806 2801 et
828 2743 1091 2800 nefariam
1124 2743 1322 2799 Meletii
1353 2743 1732 2798 temeritatem.
1755 2742 1908 2799 Unde
1933 2743 2136 2800 factum

587 2845 669 2893 est
703 2847 760 2892 ut
783 2854 889 2892 non
924 2837 1082 2907 pauci
1112 2837 1229 2906 ejus
1261 2836 1593 2891 salutaribus
1623 2836 1842 2891 monitis
1879 2837 2134 2903 animati,

587 2943 620 2984 a
654 2928 937 2984 Meletiana
970 2927 1309 2984 discederent
1341 2927 1632 2996 impietate.

655 3021 759 3077 Per
780 3021 919 3077 idem
945 3021 1056 3076 fere
1085 3028 1295 3089 tempus
1321 3019 1502 3082 Arius,
1522 3020 1734 3089 viperea
1757 3027 1996 3074 armatus
2021 3034 2137 3074 vera
2159 3053 2200 3110 ε

589 3117 750 3181 sutia,
801 3114 957 3184 quasi
1001 3113 1256 3168 deserens
1303 3112 1614 3167 Melctianos
1643 3110 1888 3180 confugit
1934 3109 2000 3165 ad
2034 3109 2135 3166 Pe-

585 3217 764 3272 trum,
817 3206 909 3277 qui
955 3214 1175 3278 rogatus
1225 3206 1293 3260 ab
1341 3204 1609 3274 episcopis
1662 3204 1970 3258 sublimavit
2011 3221 2134 3258 eum

583 3299 816 3354 diaconii
849 3300 1068 3364 honore,
1098 3297 1346 3353 nesciens
1373 3297 1570 3366 quippe
1598 3302 1801 3350 tantam
1825 3298 1942 3366 ejus
1967 3297 2135 3368 hypo-

582 3389 768 3444 (crisin.
803 3385 930 3440 Erat
952 3394 1130 3440 autem
1157 3394 1329 3441 tnstar
1356 3385 1563 3439 colubri
1588 3384 1844 3455 pestifero
1878 3385 2133 3443 suffectus

581 3489 809 3529 veneno.
859 3467 1044 3544 Neque
1099 3474 1240 3528 enim
1276 3473 1582 3543 hujusmodi
1635 3488 1828 3529 manus
1860 3474 2132 3544 impositio

581 3565 707 3618 huic
730 3573 918 3619 sancto
945 3566 999 3618 in
1034 3565 1240 3619 crimen
1261 3565 1504 3633 deputari
1525 3564 1719 3634 potuit,
1753 3563 1893 3620 sicut
1919 3580 2016 3620 nec
2048 3563 2133 3619 Si-

581 3653 757 3705 monis
807 3652 1014 3722 magica
1071 3669 1161 3707 ars
1209 3654 1463 3709 simulata
1515 3654 1805 3709 ascribitur
1862 3653 2126 3726 Philippo.

582 3742 988 3797 Heletianorum
1024 3743 1226 3798 interea
1271 3744 1583 3799 detestabile
1609 3745 1762 3801 nefas
1807 3761 1969 3816 supra
2016 3760 2131 3800 mo-

581 3835 709 3890 dum
737 3834 1036 3898 crcscebat,
1064 3830 1066 3832 ’
1088 3849 1400 3904 pavensque
1445 3835 1792 3891 beatissimus
1840 3835 2031 3890 Petrus
2063 3853 2130 3893 ne

580 3925 828 3981 haeretica
858 3924 1028 3995 pestis
1060 3932 1231 3980 totum
1284 3925 1386 3979 sibi
1417 3925 1678 3980 creditum
1710 3927 1985 3982 invaderet
2008 3943 2130 3997 gre-

577 4031 716 4088 gem,
747 4017 1012 4085 simulque
1043 4017 1220 4071 sciens
1247 4016 1390 4085 quod
1442 4018 1587 4070 nulla
1620 4019 1850 4074 societas
1891 4027 1973 4074 est
2021 4021 2125 4074 luci

575 4121 699 4161 cum
733 4106 988 4169 tenebris,
1019 4107 1274 4176 nullaque
1299 4107 1588 4161 concordia
1615 4107 1830 4163 Christo
1857 4117 1910 4164 et
1935 4109 2122 4176 Belial,

575 4195 889 4250 Meletianos
919 4195 986 4249 ab
1013 4193 1250 4250 Ecclesia
1299 4212 1394 4267 per
1442 4197 1649 4252 litteras
1689 4201 2006 4270 segregavit.
2060 4201 2124 4255 Et

573 4286 700 4356 quia
736 4286 871 4338 mala
899 4285 1146 4340 voluntas
1181 4287 1272 4340 diu
1325 4287 1587 4340 occultari
1633 4303 1740 4343 non
1789 4291 1945 4355 valet,
1977 4291 2121 4347 illico

2245 1823 2636 1891 persecutionis
2659 1824 2921 1878 aestuabat
2950 1823 3285 1888 incendium,
3313 1830 3372 1876 ut
3400 1837 3502 1876 non
3527 1823 3674 1877 solum
3699 1822 3742 1876 in

2245 1929 2354 1968 uno
2384 1914 2569 1969 mundi
2591 1916 2824 1982 climate,
2851 1917 2943 1971 sed
2965 1917 3126 1972 etiam
3156 1930 3254 1986 per
3277 1915 3573 1968 universum
3593 1912 3742 1966 orbem

2246 2014 2391 2061 terra
2417 2008 2658 2076 marique
2689 2007 2980 2078 impietatis
3029 2007 3269 2076 procella
3320 2012 3537 2060 tonaret.
3565 2005 3748 2060 Discur-

2242 2099 2484 2153 rentibus
2532 2100 2714 2170 itaque
2775 2100 2900 2154 hinc
2954 2099 3080 2155 inde
3138 2101 3505 2170 imperialibus
3563 2095 3747 2167 syllabis

2242 2197 2404 2260 atque
2432 2191 2824 2246 crudelissimis
2874 2191 3129 2256 decretis,
3165 2191 3500 2248 Christicolae
3526 2203 3654 2244 nunc
3676 2200 3752 2256 pa-

2241 2280 2348 2334 lam
2373 2296 2517 2336 nunc
2540 2281 2890 2338 clandestinis
2913 2283 3308 2354 jugulahantur
3335 2283 3570 2348 insidiis;
3602 2279 3748 2334 nullus

2239 2372 2382 2427 enim
2438 2372 2556 2430 dies
2599 2373 2858 2444 nullaque
2902 2390 3009 2430 nox
3063 2377 3135 2431 ab
3191 2376 3455 2432 effusione
3504 2369 3754 2430 Christiani

2239 2465 2450 2520 cruoris
2479 2468 2742 2522 transibat
2772 2468 3045 2523 immunis.
3077 2467 3191 2524 Nec
3215 2480 3376 2540 typus
3405 2463 3750 2524 interfectionis

2239 2552 2492 2609 horrebat
2514 2556 2774 2626 simplex;
2808 2558 2897 2612 alii
2924 2559 3144 2628 quidem
3164 2560 3404 2615 diversis
3433 2567 3485 2615 et
3515 2556 3755 2614 acerrimis

2236 2645 2566 2700 necabantur
2598 2649 2909 2719 suppliciis;
2943 2651 3035 2704 alii
3059 2666 3209 2716 vero,
3235 2658 3294 2704 ut
3319 2653 3478 2706 etiam
3513 2659 3753 2720 parentum

2235 2734 2570 2792 humanitate
2617 2740 2901 2810 patriaque
2945 2750 3200 2797 carerent
3246 2743 3546 2812 sepultura,
3582 2739 3640 2794 ad
3674 2737 3759 2792 alia

2236 2827 2701 2884 transferebantur
2745 2831 2882 2897 loca,
2925 2833 3081 2888 novis
3128 2835 3464 2905 quibusdam
3512 2841 3562 2889 et
3596 2829 3758 2887 saeculo

2234 2915 2492 2973 inauditis
2542 2935 2823 2989 pcenarum
2877 2925 3385 2983 machinationibus
3443 2925 3510 2981 ad
3552 2921 3763 2994 martyrii

2233 3011 2690 3079 compellebantur
2717 3021 2933 3070 metam.
2969 3013 3112 3070 Proh
3137 3017 3330 3072 nefas!
3369 3027 3517 3072 tanta
3540 3023 3645 3072 erat
3665 3015 3763 3068 illo-

2235 3113 2354 3152 rum
2384 3099 2661 3169 impietas,
2701 3111 2760 3156 ut
2789 3106 2952 3158 etiam
2986 3107 3155 3161 divini
3188 3110 3380 3164 cultus
3429 3105 3713 3164 sanctuaria
3737 3117 3764 3156 a

2232 3186 2596 3245 fundamentis
2622 3201 2943 3262 everterent,
2976 3207 3316 3270 sanctosque
3339 3201 3511 3256 libros
3537 3199 3640 3270 igni
3672 3209 3771 3254 cre-

2230 3289 2456 3336 marent.
2528 3281 2791 3340 Defuncto
2855 3287 3036 3358 itaque
3089 3293 3462 3348 exsecrabilis
3529 3287 3771 3345 memoria:

2231 3368 2580 3441 Diocletiano,
2607 3373 2996 3432 Constantinus
3031 3377 3214 3448 Major
3247 3381 3319 3435 ad
3351 3382 3508 3451 regni
3537 3380 3774 3451 gubernao

2229 3463 2350 3516 cula
2380 3464 2582 3522 electus
2610 3474 2710 3530 est,
2742 3481 2794 3523 et
2838 3467 3089 3540 Occiduis
3145 3474 3416 3540 partibus
3468 3473 3774 3544 principatus

2228 3552 2313 3608 sui
2345 3556 2506 3622 coepit
2526 3557 2793 3610 moderari
2834 3558 3091 3614 habenas.

2297 3643 2390 3698 llis
2436 3646 2674 3715 profecto
2705 3647 2895 3703 diebus
2937 3648 3238 3709 Maximino
3273 3653 3353 3724 (a)
3397 3668 3428 3707 a
3478 3650 3774 3724 quibusdam

2227 3735 2292 3790 de
2335 3737 2556 3806 przefato
2608 3739 3016 3812 archiepiscopo
3078 3744 3327 3800 relatum
3395 3755 3506 3811 est,
3558 3744 3779 3800 videlicet

2225 3831 2368 3899 quod
2410 3831 2524 3900 ipse
2554 3829 2973 3888 Christianitatis
3000 3834 3108 3888 dux
3134 3845 3314 3908 atque
3348 3838 3581 3909 signifer
3615 3840 3776 3897 esset;

2225 3919 2317 3989 qui
2357 3921 2515 3975 solita
2562 3919 2924 3977 inflammatus
2974 3925 3224 3992 nequitia
3248 3969 3265 3993 ,
3296 3943 3330 3982 e
3364 3927 3601 3997 vestigio
3641 3921 3783 3994 jussit

2224 4012 2603 4081 comprehendi
2635 4011 2851 4067 Petrum
2879 4022 2931 4068 et
2961 4014 3012 4067 in
3043 4031 3333 4073 carcerem
3366 4018 3602 4074 retrudi.
3632 4017 3781 4080 Quam

2222 4103 2293 4158 ob
2323 4118 2433 4158 rem
2461 4104 2699 4175 quinque
2726 4105 2972 4160 tribunos
2994 4108 3233 4178 stipatos
3272 4112 3528 4166 militum
3579 4106 3789 4165 catervis

2221 4195 2598 4250 Alexandriam
2631 4197 2955 4266 destinavit;
3009 4202 3100 4270 qui
3130 4203 3439 4260 venientes
3479 4205 3636 4273 juxta
3661 4195 3786 4270 quod

2222 4287 2324 4343 sibi
2351 4289 2523 4343 fuerat
2549 4291 2888 4358 imperatum.
2921 4293 3098 4349 subito
3125 4297 3427 4366 rapientes
3451 4296 3656 4351 Christi
3677 4305 3793 4364 pon-

573 4375 994 4432 nefandissimus
1021 4377 1200 4443 Arius,
1232 4385 1510 4447 propterea
1539 4379 1682 4449 quod
1712 4395 1840 4436 suos
1886 4381 2121 4437 fautores
2155 4406 2197 4460 ι)
2221 4379 2418 4435 tificem
2449 4382 2683 4438 carceris
2711 4384 2969 4438 custodiae
3017 4387 3448 4456 manciparunt.
3510 4388 3646 4442 Mira
3674 4383 3791 4438 fide-

571 4465 640 4518 ab
689 4463 941 4520 Ecclesiae
991 4465 1247 4536 dignitate
1295 4477 1539 4522 cerneret
1591 4469 1827 4534 divisos,
1894 4471 2120 4526 tristitiae

492 4539 502 4552 ’
571 4556 908 4625 mancipatus
969 4557 1234 4626 gemebat.
1291 4557 1444 4624 Quod
1495 4560 1899 4614 sanctissimum
1945 4563 2118 4617 virum

571 4645 792 4701 minime
829 4646 1005 4700 latuit.
1054 4646 1332 4701 Denudata
1379 4664 1609 4720 namque
1652 4652 1770 4721 ejus
1821 4654 2115 4723 hypocrisi,

571 4741 818 4806 protinus
872 4740 1179 4809 evangelico
1225 4747 1380 4794 utens
1423 4740 1601 4805 ferro,
1654 4742 1714 4797 Si
1765 4746 1945 4798 oculus
1997 4755 2116 4800 tuus

568 4825 747 4880 dexter
799 4827 1127 4880 scandalizat
1161 4837 1228 4890 te,
1274 4843 1392 4881 erue
1428 4845 1543 4882 eum
1588 4841 1635 4884 et
1671 4833 1863 4902 projice
1910 4833 2002 4890 abs
2045 4846 2112 4902 te,

567 4917 755 4972 Arium
808 4920 875 4972 ab
937 4919 1190 4974 Ecclesia:
1251 4933 1537 4991 compage,
1594 4931 1778 4991 utpote
1841 4927 2114 4994 putridum

568 5011 867 5066 membrum
905 5011 1264 5076 detruncans,
1307 5012 1453 5068 foras
1489 5015 1694 5084 expulit
1741 5023 1794 5070 et
1821 5031 1850 5070 a
1879 5016 2113 5073 fidelium

566 5103 944 5156 communione
975 5111 1239 5158 extorrem
1261 5117 1383 5156 esse
1403 5103 1694 5160 mandavit.

638 5188 733 5245 llis
760 5193 832 5244 ita
884 5196 1069 5263 gestis,
1106 5194 1284 5250 subito
1317 5195 1602 5251 admodum
1655 5197 1829 5251 ablata
1858 5213 2112 5268 persecu-

563 5281 730 5337 tionis
755 5286 1008 5353 procella,
1038 5301 1172 5356 pax,
1230 5287 1356 5341 licet
1402 5287 1614 5357 exigua,
1667 5287 1896 5343 refulsit.
1959 5287 2111 5344 Tunc

563 5372 996 5443 elegantissimus
1019 5375 1226 5431 Domini
1271 5375 1507 5432 nontifex
1561 5378 1758 5446 populo
1792 5376 2109 5434 manifestus

634 5526 1082 5602 ga)__Rectissime
1148 5531 1540 5602 nosteriponit
1597 5529 1736 5584 Petri
1801 5531 2104 5602 passionem

566 5599 666 5672 sub
701 5596 1023 5672 Maximum,
1054 5615 1158 5652 non
1214 5603 1315 5655 sub
1357 5596 1690 5672 Diocletiano
1715 5645 1729 5663 ,
1782 5596 1924 5672 quod
1979 5604 2107 5659 facit

563 5663 781 5721 Graccus
832 5671 920 5724 ille
977 5669 1304 5732 biogranhus
1356 5687 1385 5725 a
1445 5671 1765 5727 Combe-lisio
1801 5663 2101 5731 "vulgatus.

2222 4471 2348 4525 lium
2380 4470 2622 4528 devotio!
2660 4473 2757 4530 Ubi
2797 4483 3128 4545 compertum
3170 4485 3263 4532 est
3315 4480 3477 4552 quod
3521 4488 3703 4535 tantus
3727 4475 3798 4528 vi!

2220 4563 2584 4618 carceralibus
2616 4565 2956 4621 clauderetur
2984 4569 3310 4636 ergastulis,
3347 4573 3610 4626 cucurrit
3649 4583 3794 4637 supra

2218 4654 2437 4709 modum
2467 4656 2799 4711 incredibilis
2823 4659 3141 4723 multitudo,
3175 4664 3484 4733 praecipue
3513 4663 3803 4718 monacho-

2217 4761 2337 4800 rum
2375 4762 2438 4802 ac
2468 4749 2733 4818 virginum
2761 4751 2979 4814 chorus,
3029 4760 3083 4806 et
3116 4769 3232 4807 non
3297 4758 3699 4812 materialibus
3727 4768 3802 4806 ar-

2215 4839 2340 4904 mis,
2373 4840 2468 4895 sed
2517 4841 2870 4912 lacrymarum
2905 4844 3094 4899 rivulis
3126 4854 3179 4900 et
3208 4846 3329 4916 pia:
3363 4852 3587 4906 mentis
3627 4847 3807 4903 affectu

2214 4929 2685 4987 circumdederunt
2745 4936 2981 4990 carceris
3039 4937 3367 5006 ambitum,
3435 4951 3497 4999 et
3559 4951 3803 5011 tanquam

2213 5020 2342 5076 boni
2365 5022 2460 5076 filii
2487 5039 2612 5095 erga
2639 5024 2838 5079 bonum
2868 5034 3094 5095 patrem,
3125 5027 3241 5083 imo
3270 5029 3621 5089 Christiana
3650 5047 3812 5088 mem-

2213 5113 2309 5167 bra
2352 5114 2816 5172 Christianissimo
2866 5118 3066 5187 capiti,
3132 5121 3271 5176 totis
3345 5127 3808 5196 compassionnm

2210 5205 2506 5261 visceribus
2538 5207 2896 5269 adhaerebant,
2929 5217 3187 5278 erantque
3223 5211 3314 5266 illi
3356 5231 3595 5282 murus,
3628 5216 3814 5272 obser-

2213 5305 2398 5352 vantes
2428 5313 2493 5352 ne
2516 5299 2636 5368 quis
2669 5313 2998 5369 paganorum
3031 5301 3096 5353 ad
3129 5316 3260 5355 eum
3311 5305 3690 5377 ingrediendi
3727 5318 3816 5358 co—

2210 5387 2352 5455 piam
2391 5389 2628 5445 haberet.
2691 5389 2810 5446 Una
2866 5391 3120 5446 nimirum
3159 5395 3443 5451 omnium
3480 5406 3643 5463 vota,
3692 5411 3814 5452 con-

2209 5559 2313 5614 quo
2347 5544 2487 5667 .loct-o
2543 5545 2733 5601 doctus
2789 5547 2963 5605 editor
3026 5564 3076 5618 p.
3137 5547 3253 5602 222
3328 5569 3609 5611 errorem
3679 5555 3822 5610 hunc

2209 5629 2424 5667 coargui
2456 5653 2468 5667 .

2207 5629 2468 5685 coarguit.
