3980 6318
238 305 336 362 457

1570 302 1750 366 ACTA
1790 306 2071 367 SlNCERA
2084 351 2097 367 .

3340 310 3443 371 458

235 434 367 475 sona
397 435 527 484 vox,
558 418 853 492 eademque
892 423 1218 494 compassio,
1248 424 1384 480 mori
1410 424 1592 496 potius
1634 440 1794 495 quam
1826 430 1869 487 Α
1892 443 1986 484 eos
2019 447 2033 483 :
2067 427 2240 485 Nolite
2271 442 2378 495 me,
2427 429 2643 496 fratres,
2671 435 2929 501 tanquam
2979 426 3330 487 inhumanum
3384 450 3445 488 ae

232 519 487 568 sanctum
527 512 803 583 quidpiam
840 514 967 568 mali
1018 518 1223 587 perpeti
1278 517 1523 597 viderent
1566 520 1663 588 (α).
1701 517 1795 573 Vir

230 610 414 657 autem
441 602 657 657 Domini
694 618 815 658 cum
845 619 1046 673 paucos
1077 608 1191 664 dies
1227 608 1414 665 eodem
1446 625 1612 665 nervo
1645 617 1794 666 tene-

230 703 378 750 retur
401 702 679 763 retrusus,
713 700 911 754 tribuni
968 700 1211 756 fecerunt
1258 702 1323 757 de
1375 703 1493 772 ipso
1520 702 1631 773 regi
1662 718 1793 773 sug-

226 788 565 859 gestionem;
588 788 678 845 ille
720 798 897 847 autem
925 792 1079 861 juxta
1116 809 1317 849 morem
1351 809 1463 849 sua:
1496 793 1792 852 ferocitatis

227 878 528 935 destinavit
554 882 898 947 sententiam,
942 891 1000 937 ut
1034 883 1405 940 beatissimum
1430 886 1790 956 patriarcham

224 971 449 1040 capitali
503 973 762 1041 punirent
792 973 1123 1030 discrimine.
1176 975 1345 1031 Porro
1388 977 1515 1030 dum
1552 977 1654 1032 hoc
1694 993 1793 1048 per

225 1076 385 1117 aures
436 1061 879 1119 Christianorum
940 1074 1213 1136 serperet,
1271 1076 1556 1138 cmperunt
1602 1084 1790 1125 omnes

224 1154 563 1207 unanimiter
605 1156 843 1211 carceris
888 1156 1089 1210 aditum
1142 1172 1265 1211 cum
1300 1159 1443 1213 luctu
1488 1168 1542 1214 et
1590 1161 1789 1230 gemitu

225 1243 531 1309 custodire,
584 1254 636 1300 et
663 1246 991 1302 obsistentes
1025 1250 1291 1304 neminem
1321 1251 1600 1321 gentilium
1638 1252 1789 1307 illum

224 1333 434 1403 ingredi
494 1336 899 1404 permittebant.
936 1335 1161 1391 Tribuni
1213 1355 1341 1393 vero
1392 1355 1517 1394 cum
1566 1341 1632 1395 ad
1664 1357 1788 1397 cum

219 1424 582 1496 iugulandum
636 1428 943 1483 nullatenus
987 1430 1247 1485 haberent
1296 1432 1636 1503 ingressum,
1688 1433 1787 1487 ha-

223 1516 331 1572 bito
360 1520 596 1573 consilio
644 1526 952 1575 statuerunt
1004 1529 1062 1574 ut
1113 1523 1294 1577 cuncti
1333 1523 1529 1579 milites
1572 1523 1789 1579 nudatis

223 1610 581 1664 mucronibus
638 1611 949 1680 popularem
1010 1614 1369 1683 irrumperent
1430 1614 1683 1678 turbam,
1734 1622 1788 1670 et

232 1700 311 1753 sic
346 1715 477 1755 eum
518 1701 781 1755 duntaxat
820 1703 887 1756 ad
924 1703 1299 1758 decollandum
1344 1704 1488 1760 foras
1537 1705 1787 1760 extrahe.

221 1799 380 1856 rent;
412 1806 545 1846 mox
574 1807 705 1847 vero
732 1794 777 1848 si
808 1795 930 1863 quis
957 1796 1224 1852 obsistere
1261 1797 1451 1865 vellet,
1486 1797 1663 1868 gladio
1700 1798 1785 1853 iu-
1816 1781 1859 1837 Β

221 1883 429 1938 teriret.

288 1975 456 2031 Arius
479 1977 689 2032 interea
717 1978 891 2032 adhuc
924 1978 1139 2034 levitico
1175 1985 1381 2033 tantum
1408 1979 1614 2034 honore
1637 1978 1784 2034 colo-

229 2077 380 2123 ratus
415 2068 517 2140 (ὁ),
550 2078 796 2126 metuens
825 2087 893 2127 ne
921 2078 1043 2141 post
1076 2072 1279 2127 exitum
1311 2071 1445 2125 tanti
1478 2070 1655 2126 Patris
1700 2087 1785 2127 re-

220 2160 505 2214 conciliari
554 2162 862 2217 nullatenus
890 2163 1119 2227 valeret,
1154 2164 1285 2217 adiit
1330 2178 1425 2217 eos
1470 2163 1564 2233 qui
1615 2162 1783 2217 nobi—

220 2251 383 2305 liores
433 2260 594 2305 erant
621 2252 677 2305 in
714 2254 879 2315 clero,
908 2263 962 2307 et
991 2254 1238 2308 luctuoso
1271 2253 1518 2323 precario
1547 2252 1785 2308 blando-

216 2359 319 2413 que
363 2358 620 2397 sermone
672 2351 859 2413 utpote
918 2345 1199 2400 simulator
1243 2344 1539 2399 conabatur
1594 2353 1783 2400 sancto

216 2437 449 2491 suadere
501 2436 942 2507 archiepiscopo,
1002 2446 1060 2491 ut
1093 2438 1166 2490 illi
1203 2436 1574 2492 misericordia
1608 2437 1783 2491 indui-

213 2538 379 2596 geret,
413 2544 653 2598 eumque
698 2530 766 2583 ab
796 2530 1105 2599 hujusmodi
1152 2530 1385 2585 solveret
1434 2529 1777 2600 obligatione.

216 2616 415 2673 Verum
452 2621 587 2690 quid
619 2622 871 2677 simulato
898 2622 1060 2677 corde
1102 2621 1384 2677 fallacius?
1408 2621 1547 2689 Quid
1594 2630 1781 2677 sancta

214 2713 613 2782 compositione
679 2714 1026 2784 simplicius?
1084 2714 1234 2769 Haud
1296 2729 1495 2780 mora;
1551 2714 1781 2786 ingressi

214 2814 337 2858 sunt
374 2804 478 2874 ‘qui
514 2806 689 2876 rogati
721 2805 937 2861 fuerant
976 2807 1042 2861 ad
1090 2806 1291 2863 Christi
1344 2806 1680 2878 pontiﬁcem,
1726 2815 1781 2862 et

213 2904 334 2965 post
388 2906 711 2952 consuetam
763 2898 1083 2963 orationem,
1135 2898 1467 2954 consternati
1495 2899 1616 2955 solo
1653 2912 1779 2953 cum

211 2990 414 3058 gemitu
442 2998 497 3042 et
526 2990 781 3060 lacrymis
808 3005 993 3046 sacras
1014 2992 1132 3059 ejus
1154 2991 1529 3047 deosculantes
1561 3005 1773 3056 manus,

210 3079 533 3151 ﬂagitabant
581 3096 705 3135 eum
756 3081 994 3137 dicentes
1025 3101 1039 3137 :
1074 3081 1149 3137 Te
1184 3082 1434 3152 quidem,
1467 3082 1774 3137 beatissime

210 3169 399 3235 Pater,
463 3170 764 3225 secundum
825 3172 947 3225 ﬁdei
1006 3171 1320 3242 dignitatem
1384 3171 1640 3227 Dominus
1707 3171 1772 3226 ad

210 3265 457 3335 martyrii
489 3278 747 3318 coronam
770 3264 1182 3333 vocavit,quam
1204 3273 1254 3319 te
1282 3265 1512 3321 celerius
1529 3264 1774 3334 accipere

210 3369 555 3425 nequaquam
584 3354 926 3424 ambigimus.
958 3356 1162 3411 idcirco
1190 3356 1398 3425 justum
1428 3365 1681 3426 putamus
1716 3364 1775 3410 ut

211 3447 366 3499 solita
420 3447 627 3516 pietate
660 3446 939 3516 indulgeas
974 3447 1138 3513 Ario,
1173 3447 1401 3518 ejusque
1442 3446 1653 3503 ﬂetibus
1686 3463 1774 3502 ve-

210 3538 344 3592 niam
374 3539 620 3594 tribuas.

271 3626 491 3693 Quibus
557 3628 757 3684 auditis
816 3629 898 3682 vir
946 3628 1159 3685 Domini
1222 3643 1346 3683 cum
1400 3627 1772 3700 indignatione

210 3719 483 3773 submovit
516 3735 635 3781 eos,
668 3725 722 3773 et
774 3719 996 3774 elevatis
1039 3735 1254 3774 sursum
1302 3720 1551 3774 manibus
1581 3719 1773 3773 excla-

208 3824 381 3873 mans,
404 3811 579 3865 dixit:
605 3809 710 3865 Pro
736 3812 863 3867 Ario
894 3828 978 3867 me
1008 3812 1216 3867 audetis
1245 3811 1585 3881 supplicare?
1610 3812 1771 3866 Arius

207 3909 257 3953 et
285 3901 373 3956 hic
404 3914 460 3956 et
496 3903 552 3955 in
584 3902 768 3958 futuro
819 3904 1018 3958 Steculo
1066 3919 1095 3956 a
1143 3903 1312 3973 gloria
1345 3899 1467 3955 Filii
1516 3900 1609 3957 Dei
1639 3901 1769 3957 Jesu

206 3992 412 4047 Christi
454 3994 670 4048 Domini
706 3996 876 4050 nostri
908 4009 1121 4063 semper
1146 3997 1249 4049 erit
1284 4003 1596 4065 segregatus
1635 4010 1773 4048 sem-

206 4096 407 4153 perque
440 4083 683 4137 m’ancbit
726 4085 957 4139 extorris
988 4084 1079 4155 (c).
1112 4083 1235 4138 Haec
1278 4084 1369 4139 illo
1410 4092 1766 4153 protestante,

202 4190 396 4230 omnes
422 4176 520 4244 qui
551 4176 795 4237 aderant,
828 4176 1022 4231 timore
1052 4176 1321 4244 perculsi,
1347 4186 1603 4245 tanquam
1636 4175 1769 4229 muti

206 4269 531 4323 reticebant.
566 4266 735 4321 Porro
776 4269 1034 4338 suspicati
1075 4275 1201 4322 sunt
1244 4284 1364 4322 eum
1396 4284 1503 4323 non
1538 4268 1656 4322 sine
1693 4266 1773 4320 di-

203 4361 328 4415 vino
379 4373 521 4416 nutu
574 4361 738 4416 talem
786 4361 841 4415 in
896 4360 1084 4414 Arium
1133 4359 1375 4429 proferre
1424 4360 1765 4415 sententiam.

1896 518 2127 590 rigidum
2163 521 2434 591 accipere;
2475 536 2663 577 revera
2707 521 2850 576 enim
2886 529 2940 577 et
2991 538 3091 593 ego
3134 523 3295 579 homo
3324 538 3445 579 sum

1893 611 1997 666 sub
2018 611 2133 681 lege
2162 612 2365 680 peccati
2396 610 2620 681 degens;
2658 611 2752 667 sed
2785 611 2987 667 credite
3019 613 3155 667 meis
3188 611 3448 669 sermoni~

1891 700 2013 781 bup.
2041 700 2236 757 Latens
2268 701 2379 756 Arii
2401 702 2557 758 dolus
2588 718 2799 758 omnem
2838 712 3054 774 superat
3081 705 3442 775 iniquitatem,

1891 804 2213 859 omnemque
2244 790 2649 861 supergreditur
2679 793 3003 861 impietatem
3038 812 3052 860 ;
3115 803 3167 850 et
3200 790 3304 851 hoc
3334 812 3441 851 non

1891 893 1923 931 a
1951 880 2268 949 memetipso
2302 895 2572 946 asserens,
2597 881 2715 950 ejus
2747 882 2951 937 sanciri
2995 885 3437 954 segregationem.

1890 969 2003 1025 Hac
2033 973 2231 1026 etenim
2266 981 2424 1029 nocte
2457 973 2585 1027 dum
2624 974 2935 1028 solemnitcr
2956 988 3142 1043 preces
3177 975 3241 1029 ad
3274 974 3439 1030 Deum

1887 1061 2189 1125 funderem,
2215 1064 2387 1116 astitit
2407 1063 2536 1115 mihi
2571 1062 2791 1133 quidam
2813 1078 2946 1132 puer
2967 1064 3123 1131 quasi
3155 1063 3437 1120 duodecim

1887 1168 2179 1217 annorum.
2212 1154 2369 1224 cujus
2431 1154 2585 1209 faciei
2617 1154 2913 1208 claritatem
2976 1152 3119 1208 ferre
3162 1171 3268 1210 non
3297 1162 3442 1227 pote-

1888 1259 2024 1310 ram,
2058 1260 2180 1298 nam
2212 1255 2323 1300 tota
2354 1246 2466 1299 haec
2521 1245 2655 1300 cella
2689 1245 2743 1299 in
2781 1260 2885 1315 qua
2918 1253 3125 1302 stamus
3174 1247 3438 1304 immenso

1887 1335 2091 1392 lumine
2119 1337 2384 1392 radiabat.
2408 1338 2524 1408 Ipse
2559 1345 2738 1393 autem
2780 1339 3115 1393 linostimum
3144 1349 3262 1395 erat
3289 1341 3440 1396 indu-

1888 1437 1975 1484 tus
2000 1430 2293 1493 colobium,
2341 1433 2570 1486 scissum
2609 1431 2665 1485 in
2715 1439 2895 1501 partes
2933 1440 3189 1503 utrasque
3235 1449 3263 1487 a
3296 1436 3436 1490 collo

1886 1537 2059 1591 usque
2092 1523 2159 1576 ad
2200 1524 2384 1593 pedes,
2429 1532 2725 1593 tenensque
2757 1524 2969 1593 gemina
3019 1540 3180 1579 manu
3237 1526 3435 1582 colobil

1883 1612 2178 1676 scissuras,
2231 1612 2531 1683 applicabat
2589 1628 2682 1668 eas
2726 1614 2931 1683 pectori
2986 1631 3105 1678 suo,
3172 1626 3434 1686 quatenus

1887 1704 2161 1774 pr0priam
2195 1711 2400 1774 tegeret
2430 1705 2745 1761 nuditatem.
2779 1707 2858 1760 Ad
2894 1707 3031 1761 hanc
3053 1708 3251 1778 quippe
3274 1709 3435 1764 visio-

1884 1810 2007 1848 nem
2042 1811 2140 1864 ego
2171 1796 2397 1853 miratus
2434 1798 2709 1868 obstupui.
2741 1798 2861 1854 Mox
2889 1801 2977 1853 ubi
3013 1802 3135 1853 data
3172 1810 3254 1856 est
3300 1800 3433 1855 mihi

1883 1884 2138 1955 loquendi
2194 1887 2410 1953 fiducia,
2464 1890 2777 1947 exclamans
2818 1891 2928 1946 dixi
2963 1910 2974 1947 :
3014 1892 3267 1957 Domine,
3310 1893 3432 1963 quis

1882 1978 1981 2032 tibi
2029 1979 2131 2033 hoc
2186 1978 2345 2033 scidit
2403 1980 2812 2038 indumentum?
2857 1984 2919 2039 Et
2953 1984 3042 2038 ille
3081 2003 3094 2038 :
3143 1985 3305 2039 Arius
3346 1998 3431 2040 me

1881 2069 2063 2132 scidit,
2095 2069 2189 2124 sed
2223 2085 2464 2140 praecave
2507 2075 2728 2130 omnino
2753 2092 2820 2130 ne
2851 2092 2970 2131 eum
3004 2078 3057 2130 in
3084 2077 3432 2132 communio-

1886 2175 2009 2214 nem
2040 2161 2306 2232 recipias;
2337 2179 2463 2219 cccc
2491 2166 2635 2219 enim
2664 2167 2900 2222 crastina
2930 2168 3016 2223 die
3045 2169 3257 2223 venturi
3302 2178 3433 2225 sunt

1880 2253 1972 2323 qui
2006 2261 2058 2309 te
2088 2269 2186 2323 pro
2231 2271 2296 2310 eo
2340 2257 2709 2325 postulabunt.
2742 2258 2875 2315 Vid‘e
2928 2277 3057 2332 ergo
3106 2275 3174 2315 ne
3236 2275 3430 2318 suasus

1880 2344 2198 2413 acquiescas
2243 2346 2348 2401 illis
2384 2367 2397 2402 :
2430 2350 2557 2417 quin
2586 2350 2766 2420 potius
2808 2352 2997 2420 jttbeto
3027 2352 3249 2407 Achilla:
3291 2354 3429 2423 pari-

1883 2440 2069 2501 terque
2086 2432 2391 2489 Alexandro
2414 2438 2764 2508 presbyteris,
2799 2440 2890 2509 qui
2930 2449 3049 2510 post
3078 2449 3229 2495 tuum
3250 2450 3429 2497 trans;

1879 2521 2011 2576 itum
2049 2526 2245 2579 recturi
2291 2537 2417 2581 sunt
2449 2527 2741 2585 Ecclesiam
2772 2546 2965 2597 meam,
2995 2548 3061 2588 ne
3090 2534 3428 2603 aliquatenus

1877 2614 2028 2669 illum
2081 2617 2365 2687 recipiant.
2430 2617 2510 2673 Tu
2571 2630 2746 2676 autem
2807 2622 3017 2679 futurus
3067 2639 3127 2680 es
3187 2624 3429 2696 martyrii

1877 2712 2077 2759 sortem
2140 2708 2379 2762 velocius
2436 2709 2671 2778 explere.
2735 2709 2905 2781 Huju‘s
2969 2722 3146 2768 autem
3202 2716 3428 2772 visionis

1876 2809 2043 2851 causa
2094 2798 2170 2851 nil
2208 2799 2439 2867 amplius
2483 2799 2602 2855 fuit.
2654 2800 2790 2856 Ecce
2842 2803 3078 2858 satisfeci
3132 2806 3321 2871 vobis,
3371 2812 3428 2860 et

1877 2900 1995 2954 quae
2022 2886 2175 2955 jussa
2204 2895 2331 2942 sunt
2358 2904 2582 2958 prorsus
2612 2892 2947 2946 annuntiavi.
2995 2892 3258 2947 Caeterum
3297 2892 3425 2965 quid

1876 2995 1939 3034 ex
1980 2980 2063 3034 his
2097 2980 2336 3047 facietis,
2373 2999 2472 3039 vos
2510 2983 2773 3039 videritis.
2814 2983 2879 3037 Et
2923 2984 2987 3039 de
3039 2986 3166 3039 Ario
3209 2985 3424 3056 quidem

1877 3075 2008 3129 haec.

1944 3166 2126 3223 Nostis
2146 3175 2422 3238 praeterea,
2454 3169 2782 3231 charissimi.
2811 3180 2863 3224 et
2892 3170 3026 3224 bene
3068 3170 3261 3235 nostis,
3290 3182 3426 3241 quae

1875 3255 1999 3310 liter
2046 3256 2152 3311 huc
2180 3271 2352 3327 usque
2375 3256 2651 3311 vobiscum
2681 3262 3027 3311 conversatus
3061 3270 3200 3319 sum,
3250 3270 3424 3325 quan-

1874 3354 2064 3418 tasque
2095 3346 2522 3402 conﬂictationcs
2552 3346 2618 3401 ab
2650 3347 2948 3403 idololatris
2979 3346 3213 3402 sustinui
3253 3347 3425 3418 gentis

1874 3439 2036 3502 libus,
2073 3441 2165 3509 qui
2193 3438 2474 3496 Dominum
2507 3437 2839 3493 Salvatorem
2865 3440 3194 3509 ignorantes,
3241 3438 3423 3492 multia

1874 3528 2113 3583 tudinem
2166 3528 2387 3584 deorum
2435 3528 2527 3598 qui
2576 3543 2683 3582 non
2728 3537 2874 3595 sunt,
2910 3530 3239 3584 insanientes
3271 3528 3424 3583 diﬂ‘a«

1873 3633 2023 3674 mare
2052 3634 2159 3673 non
2193 3627 2430 3675 cessant.
2473 3619 2634 3673 Scitis
2680 3619 2920 3691 profecto
2950 3622 3219 3691 quomodo
3240 3636 3420 3692 perse‘

1872 3720 2119 3766 cutorum
2147 3711 2472 3767 declinando
2500 3711 2727 3779 rabiem,
2753 3712 2819 3766 de
2854 3713 2972 3768 loco
3003 3713 3070 3767 ad
3097 3714 3270 3768 locum
3297 3730 3423 3786 ιιι-οι

1871 3809 2029 3879 fugus
2076 3810 2241 3864 ibam.
2293 3807 2590 3862 Plurimum
2648 3823 2880 3878 namque
2930 3809 2983 3862 in
3044 3808 3420 3879 Mesopotamia

1869 3902 2089 3955 latitans
2141 3900 2282 3972 degi,
2340 3915 2402 3954 ac
2432 3900 2653 3971 perinde
2687 3901 2827 3971 apud
2881 3900 3088 3972 Syriam
3150 3899 3421 3958 Phoenicis

1868 3995 2077 4059 delitui,
2111 3994 2162 4047 in
2199 4001 2428 4064 utraque
2482 3995 2643 4048 etiam
2697 3990 2982 4047 Palaestina
3028 3993 3230 4048 diutius
3267 3998 3420 4064 pere-

1867 4087 2222 4159 grinationem
2266 4086 2534 4153 sustinui;
2594 4093 2646 4141 et
2675 4085 2890 4149 exinde,
2927 4091 2984 4153 ut
3028 4090 3099 4138 ita
3134 4083 3329 4165 dicam,
3364 4087 3417 4140 in

1868 4182 1975 4234 alio
1995 4180 2282 4244 elemento,
2302 4179 2404 4233 hoc
2432 4187 2517 4233 est
2540 4178 2594 4232 in
2630 4178 2821 4232 insulis
2850 4192 2955 4231 non
2989 4190 3153 4246 parvo
3181 4165 3419 4246 tempore

1869 4280 2107 4327 moratus
2139 4287 2277 4326 sum.
2304 4270 2368 4324 Et
2416 4270 2470 4324 in
2506 4271 2590 4325 his
2623 4269 2879 4325 omnibus
2907 4267 3104 4337 degens
3139 4268 3416 4322 calamitth

1868 4365 2014 4420 tibus
2046 4363 2326 4419 Dominico
2351 4362 2498 4431 gregi
2531 4361 2622 4431 qui
2654 4376 2783 4413 mete
2818 4359 3066 4429 parvitati
3096 4359 3416 4415 commissus

200 4452 349 4519 Quos
380 4455 514 4509 dum
532 4454 989 4510 clementissimus
1012 4452 1172 4508 Pater
1188 4453 1369 4523 cordis
1397 4452 1768 4521 compunctio-
1797 4468 1841 4524 ι)
1869 4463 1971 4516 est.
2007 4455 2095 4509 die
2122 4462 2391 4520 noctuque
2420 4450 2657 4505 scribere
2704 4465 2809 4505 non
2839 4447 3147 4502 desinebam
3169 4482 3185 4510 ,
3219 4448 3417 4501 conﬁr-

200 4558 268 4602 ne
317 4548 550 4602 silentes
590 4561 655 4600 ac
704 4555 925 4602 maestos
974 4546 1258 4612 aspiceret,
1292 4545 1463 4601 noluit
1520 4554 1767 4600 austerus

200 4654 562 4708 permanere,
615 4639 702 4693 vel
747 4654 842 4694 eos
901 4638 1059 4708 quasi
1107 4645 1463 4692 contemnens
1522 4635 1639 4691 sine
1686 4651 1770 4690 sa-

200 4731 518 4787 tisfactione
564 4731 898 4798 relinquere;
949 4728 1044 4785 sed
1084 4742 1368 4783 assumens
1402 4726 1668 4780 Achillam
1715 4734 1768 4779 et

197 4821 618 4884 Alexandrum,
687 4821 780 4891 qui
844 4821 899 4874 in
964 4819 1339 4876 sacerdotibus
1396 4818 1638 4873 seniores
1704 4833 1767 4872 ac

197 4917 514 4971 sanctiores
536 4929 658 4969 esse
683 4912 1028 4975 videbantur.
1063 4928 1225 4966 unum
1254 4927 1318 4966 ex
1349 4911 1429 4965 eis
1463 4910 1667 4965 habens
1698 4909 1765 4964 ad

194 5011 505 5074 dexteram,
532 5007 764 5062 alterum
796 5019 1011 5074 quoque
1034 5003 1101 5057 ad
1137 5003 1343 5067 laevam,
1376 5002 1649 5071 paululum
1671 5016 1766 5057 eos

194 5100 513 5173 segregavit
565 5115 597 5153 a
645 5099 872 5164 caeteris,
904 5103 956 5151 et
1013 5096 1198 5151 clauso
1231 5108 1478 5151 sermone
1527 5092 1663 5147 dixit
1698 5092 1765 5146 ad

261 5262 347 5328 (α)
415 5258 505 5314 Sic
559 5275 789 5330 prorsus
851 5259 1151 5314 excubabat
1207 5252 1634 5330 Mediolanensis
1680 5251 1762 5322 pia

229 5323 352 5387 lebs
377 5323 893 5411 circaAtnhrosium
921 5332 1236 5411 episcopum
1278 5324 1579 5411 situmtcui
1613 5323 1764 5411 furor

229 5347 352 5387 IEDS
377 5347 526 5384 etrca
550 5347 893 5386 AlliDl‘OSlum
921 5347 1236 5411 episcopum
1278 5347 1460 5389 suum,
1493 5347 1579 5376 cm
1615 5347 1764 5376 Iurur

186 5347 431 5456 fustinaa
457 5401 669 5454 Ariana:
700 5400 1059 5469 itnperatrtcis
1093 5396 1434 5469 "inminebat,
1472 5401 1607 5447 teste
1635 5408 1764 5447 ocu‘

189 5474 291 5527 lari
316 5472 629 5540 Attgustino
666 5464 905 5539 Confess.
939 5471 1033 5524 lib.
1058 5484 1130 5532 Ix,
1153 5482 1273 5540 cap.
1313 5464 1363 5518 7.

259 5531 541 5615 (bjBEcte
570 5541 671 5615 hec
687 5531 1101 5615 dic'ttur._sccus
1134 5552 1196 5590 ac
1210 5531 1410 5615 prisca
1438 5531 1764 5615 _Acta_C9_m-

188 5604 377 5665 betisii
430 5621 481 5664 et
528 5610 651 5664 cod.
687 5609 809 5663 Vat.
841 5610 965 5670 622,
1019 5610 1077 5663 in
1134 5606 1330 5678 quibus
1382 5606 1519 5661 falso
1562 5604 1763 5659 dicitur

187 5683 485 5751 presbyter
508 5680 669 5735 Arius
689 5681 792 5735 sub
815 5678 996 5751 Petro.

258 5755 333 5822 (ε)
366 5741 593 5804 Ἁάάιιηι
651 5751 737 5804 hic
770 5751 902 5802 Acta
949 5746 1342 5804 Combeiisiana
1368 5784 1384 5812 ,
1424 5741 1749 5816 quemadma

521 5842 791 5903 Ριτιιοι..
833 5841 949 5903 Gn.
996 5839 1229 5904 XVIII.

1869 4556 2023 4595 mans
2063 4555 2156 4595 eos
2190 4540 2245 4593 in
2290 4537 2493 4592 Christi
2541 4538 2767 4591 unitate.
2821 4534 3020 4589 Horum
3064 4537 3205 4589 enim
3257 4536 3415 4591 anxia

1867 4630 2176 4689 sollicitudo
2229 4646 2325 4686 cor
2386 4644 2563 4685 meum
2623 4629 2807 4684 sedule
2862 4627 3189 4697 instigabat,
3230 4635 3284 4683 et
3330 4644 3415 4683 me

1867 4726 2146 4796 quiescere
2166 4737 2272 4777 non
2298 4722 2540 4787 sinebat;
2576 4720 2912 4775 solummodo
2934 4720 3102 4774 levius
3121 4734 3203 4775 me
3220 4720 3416 4775 habere

1866 4817 2122 4891 putabam
2179 4814 2396 4887 quando
2427 4829 2520 4869 eos
2570 4826 2815 4883 superna:
2860 4811 3109 4883 potestati
3154 4813 3415 4866 commit-

1865 4910 2063 4965 tebam.

1932 4994 2050 5054 1am
2090 5012 2219 5052 vero
2260 5002 2480 5067 propter
2506 4994 2809 5050 fortunatos
2842 4992 3144 5063 pontiﬁces,
3173 4988 3411 5044 Philcum

1864 5094 2004 5156 dico,
2038 5089 2362 5161 Hesychium
2391 5086 2467 5157 (ά)
2502 5096 2662 5156 atque
2685 5083 3049 5148 Theodorum,
3075 5083 3164 5153 qui
3192 5082 3351 5152 digne
3382 5094 3411 5132 a

1862 5247 1988 5300 dum
2017 5245 2104 5298 ille
2138 5242 2234 5297 Dei
2263 5239 2460 5294 Filium
2495 5256 2527 5293 ιι
2553 5247 2772 5308 paterna
2825 5236 2994 5309 gloria
3038 5246 3086 5291 et
3117 5235 3415 5309 substantia

1862 5314 2222 5387 sequestrqvit.
2248 5311 2404 5376 Male,
2426 5305 2562 5387 quia
2590 5305 2842 5387 nondum
2859 5309 3022 5387 Arius
3050 5320 3201 5387 suam
3232 5305 3415 5387 hilare-

1864 5372 1963 5441 sini
1985 5385 2334 5455 patefecerat,
2352 5372 2459 5434 sed"
2476 5380 2546 5434 ob
2576 5380 2811 5455 schisma
2835 5373 3212 5455 tantummodo
3240 5372 3417 5455 hiele-f

1862 5445 2104 5513 tianum.
2152 5462 2205 5507 et
2255 5457 2562 5519 suspectam
2615 5448 2805 5519 agendi
2840 5449 3104 5519 rationem
3160 5445 3415 5519 exclusus

1862 5527 2058 5582 fuerat.
2092 5524 2205 5578 Hoc
2240 5513 2676 5575 additamentum
2703 5534 2769 5573 ne
2805 5518 2940 5572 alter
2981 5515 3195 5587 quidem
3247 5513 3415 5568 codex

1861 5595 1986 5652 Vat.
2023 5594 2128 5650 622
2165 5591 2427 5662 agnoscit.

1931 5648 2008 5752 (ἀ)
2034 5648 2175 5747 Acta
2199 5648 2611 5718 "Combeﬁsiana
2641 5666 2700 5752 et
2739 5658 2861 5714 cod.
2900 5654 3020 5709 Vat.
3070 5648 3173 5707 622
3214 5651 3420 5709 addunt

1862 5667 2227 5795 P320333:

3074 5816 3149 5880 13
