3980 6318
575 253 694 307 ~7139

589 377 773 433 divina
800 376 971 449 gratia
1002 381 1130 430 sunt
1175 374 1371 439 vocati,
1403 390 1564 445 quam
1615 376 1796 446 gravis
1847 392 1932 430 me
1968 376 2158 432 tribu-
2185 379 2227 436 A

592 473 722 528 latio
754 471 1058 542 quatiebat!
1095 467 1162 523 lli
1197 469 1363 537 enim,
1392 477 1452 524 ut
1480 469 1582 541 ipsi
1613 470 1793 534 scitis,
1830 469 1904 525 ob
1947 470 2150 527 Christi

592 565 748 618 fidem
773 578 894 617 cum
927 563 1154 632 reliquis
1184 559 1591 618 confessoribus
1634 560 1866 617 diversis
1896 577 2154 617 macera—

589 656 786 709 bantur
814 655 1114 724 suppliciis.
1147 653 1213 708 Et
1255 653 1382 724 quia
1409 654 1462 707 in
1505 653 1600 706 tali
1631 668 1800 724 agone
1829 669 1938 708 non
1975 654 2152 710 solum

587 745 931 808 clericorum,
964 745 1059 800 sed
1091 746 1252 800 etiam
1286 744 1548 799 laicorum
1573 744 1676 812 ipsi
1717 752 1871 799 erant
1906 744 2150 815 signiferi

589 847 641 894 et
680 845 1056 910 praeceptores,
1086 846 1373 908 propterea
1411 836 1565 892 valde
1593 836 1840 901 verebar,
1878 853 1946 892 ne
1977 838 2150 909 longis

587 931 879 986 deficerent
933 930 1300 994 cruciatibus,
1352 938 1406 985 et
1456 945 1642 985 eorum
1701 928 1954 997 defectio,
2003 930 2148 999 quod

585 1023 734 1078 dictu
772 1039 933 1093 grave
965 1031 1069 1086 est,
1118 1022 1369 1092 plurimis
1400 1021 1633 1092 negandi
1667 1019 1806 1078 foret
1839 1019 2151 1077 offendicu-

589 1115 734 1182 lum;
759 1123 916 1171 erant
935 1115 1078 1170 enim
1110 1117 1249 1168 ultra
1274 1123 1560 1170 sexcentos
1587 1112 1889 1184 sexaginta,
1912 1113 2146 1183 quicum

588 1206 667 1261 eis
697 1206 1062 1260 carceralibus
1094 1205 1444 1260 arctabantur
1478 1204 1788 1274 ergastulis.
1817 1201 1972 1257 Unde
2028 1217 2146 1256 ma-

584 1313 689 1368 gno
728 1298 914 1352 labore
953 1313 1257 1367 magnoque
1283 1306 1533 1366 satagens
1563 1295 1780 1358 sudore,
1813 1309 1923 1348 non
1949 1308 2146 1348 cessa-

583 1393 706 1445 bam
768 1390 834 1444 de
890 1389 1164 1460 praedictis
1215 1389 1350 1444 locis
1405 1387 1645 1442 scribere
1698 1385 1950 1441 omnibus
2002 1387 2142 1453 illis,

583 1481 877 1537 exhortans
915 1497 1008 1536 eos
1058 1481 1125 1535 ad
1158 1480 1401 1551 martyrii
1437 1479 1668 1550 palmam
1717 1477 2032 1548 magisterio
2063 1477 2145 1530 di-

583 1574 694 1628 vini
722 1573 936 1629 affatus.
969 1571 1192 1638 Quando
1236 1587 1364 1626 vero
1405 1570 1648 1625 omnium
1675 1584 1862 1625 eorum
1893 1569 2141 1640 magniﬁ-

581 1682 701 1720 cam
732 1666 911 1721 audivi
961 1664 1415 1735 perseverautiam
1449 1673 1504 1717 et
1535 1662 1808 1732 passionis
1845 1662 2137 1732 gloriosum

582 1761 764 1821 finem,
799 1759 997 1814 cadens
1024 1758 1080 1812 in
1122 1767 1322 1812 terram
1354 1755 1572 1811 adoravi
1625 1753 1832 1810 Christi
1869 1753 2142 1822 majesta—

579 1859 710 1916 tem,
741 1851 833 1922 qui
873 1866 966 1906 eos
996 1851 1137 1905 inter
1181 1848 1426 1920 martyrii
1480 1855 1725 1904 catervas
1783 1862 2142 1903 annumerare

579 1939 830 2009 dignatus
852 1949 949 1995 est.

647 2031 787 2098 Quid
837 2033 1000 2088 etiam
1033 2032 1186 2088 vobis
1229 2030 1295 2086 de
1357 2030 1568 2087 Meletio
1623 2029 2010 2103 Lycopolitano
2061 2030 2137 2102 (a)

577 2125 1037 2179 commemorem?
1076 2123 1168 2193 qui
1221 2130 1456 2192 quantas
1491 2124 1917 2192 persecutiones,
1950 2138 2140 2193 quan-

577 2225 768 2286 tosque
788 2216 942 2270 dolos
961 2214 1092 2268 mihi
1122 2214 1191 2269 sit
1211 2214 1506 2281 jaculatus,
1532 2229 1631 2268 vos
1657 2212 1970 2268 omnimodo
1996 2212 2138 2269 scire

576 2309 882 2362 nullatenus
917 2305 1152 2376 ambigo.
1204 2305 1348 2360 Proh
1403 2304 1584 2360 nefas!
1643 2305 1892 2361 scindere
1938 2321 2138 2362 sacro-

576 2406 818 2454 sanctam
869 2397 1167 2452 Ecclesiam
1212 2413 1320 2452 non
1368 2397 1581 2458 metuit.
1613 2413 1774 2468 quam
1827 2398 1919 2453 Dei
1964 2398 2135 2454 Filius

573 2491 810 2561 pretioso
853 2488 1113 2559 sanguine
1164 2488 1412 2552 redemit,
1457 2504 1685 2559 eamque
1729 2498 1788 2542 ut
1824 2489 1890 2545 de
1931 2491 2134 2545 diaboli

572 2580 858 2653 tyrannide
883 2579 1156 2645 liberaret,
1199 2579 1434 2634 animam
1486 2595 1686 2651 ponere
1714 2597 1822 2636 non
1862 2582 2130 2636 titubavit.

573 2673 744 2739 Hanc,
781 2681 838 2727 ut
865 2673 1044 2727 dicere
1071 2671 1234 2742 cwpi,
1269 2671 1640 2742 nequissimus
1671 2671 1919 2728 Meletius
1971 2675 2133 2730 scin-

571 2768 728 2831 dens,
756 2765 919 2820 etiam
969 2772 1188 2819 sanctos
1227 2765 1532 2834 episcopos,
1567 2764 1658 2835 qui
1693 2772 1820 2820 ante
1852 2765 2130 2835 paululum

571 2875 666 2931 per
719 2857 1035 2929 martyrium
1094 2857 1262 2912 cmlos
1317 2863 1714 2926 penetrarunt,
1779 2856 1832 2908 in
1892 2855 2132 2911 carceris

569 2951 816 3007 custodia
846 2965 1157 3019 expugnare
1183 2955 1346 3019 atque
1375 2947 1611 3018 afﬂigere
1661 2963 1771 3004 non
1821 2948 2125 3005 desinebat.

567 3047 764 3101 Cavete
791 3044 954 3115 igitur
988 3044 1055 3097 ab
1085 3042 1203 3111 ejus
1235 3041 1470 3097 insidiis.
1518 3041 1630 3113 Ego
1675 3041 1820 3096 enim
1843 3083 1859 3108 ,
1911 3051 1970 3096 ut
2023 3042 2127 3113 ipsi
2153 3081 2196 3142 ο

565 3138 782 3202 videtis,
815 3136 1066 3205 alligatus
1101 3134 1285 3189 divina
1327 3134 1594 3189 charitate
1641 3133 1977 3204 proficiscor,
2016 3149 2127 3188 vo—

567 3231 829 3285 luntatem
886 3227 982 3283 Dei
1044 3227 1298 3282 omnibus
1353 3231 1707 3298 anteponens.
1759 3224 1884 3280 Scio
1933 3241 2126 3295 nempe

560 3324 690 3394 quia
720 3321 920 3375 tribuni
942 3320 1008 3374 de
1033 3336 1152 3376 mea
1179 3335 1312 3376 nece
1333 3319 1667 3388 trepidantes
1697 3317 2004 3382 mussitant,
2029 3317 2123 3372 sed

561 3417 769 3472 nullum
797 3431 863 3470 ex
903 3415 1007 3471 hoc
1047 3413 1127 3469 eis
1162 3428 1466 3468 sermonem
1499 3412 1748 3476 inferam,
1775 3427 1947 3480 neque
1976 3413 2122 3466 enim

561 3507 796 3560 animam
828 3520 1000 3560 meam
1031 3504 1404 3574 pretiosiorem
1448 3519 1534 3558 me
1581 3502 1700 3573 ipso
1725 3501 1940 3556 faciam.
1978 3499 2122 3568 Quin

561 3599 671 3652 imo
699 3604 918 3666 paratus
945 3611 1062 3650 sum
1103 3596 1362 3665 perficere
1389 3611 1609 3650 cursum
1654 3610 1813 3663 quem
1859 3595 1991 3649 mihi
2019 3595 2121 3650 Do-

559 3690 740 3742 minus
769 3702 922 3741 meus
949 3684 1106 3741 Jesus
1147 3687 1399 3743 Christus
1444 3687 1687 3757 polliceri
1729 3687 1983 3758 dignatus
2013 3697 2116 3753 est,

565 3788 620 3834 et
642 3778 1003 3834 ministerium
1027 3779 1172 3848 quod
1206 3779 1274 3833 ab
1304 3781 1424 3848 ipso
1454 3779 1658 3849 accepi,
1689 3778 1738 3834 ei
1773 3779 2002 3834 fideliter
2027 3794 2116 3834 as-

558 3874 794 3944 signare.
823 3871 986 3927 Orate
1013 3887 1110 3942 pro
1139 3885 1245 3938 me,
1282 3871 1480 3927 fratres
1505 3889 1520 3939 ;
1553 3871 1781 3926 ulterius
1811 3887 1895 3926 me
1931 3873 1985 3926 in
2015 3873 2116 3926 hac

556 3967 665 4021 vita
689 3966 969 4021 vobiscum
1001 3965 1182 4019 vivere
1206 3964 1317 4034 jam
1343 3979 1452 4018 non
1483 3964 1756 4019 videbitis.
1775 3963 2116 4034 Quapropter

548 4057 818 4115 testificor
844 4073 1025 4112 coram
1059 4056 1171 4111 Deo
1215 4065 1268 4112 et
1308 4065 1489 4112 vestra
1548 4055 1922 4120 fraternitate,
1969 4055 2113 4125 quod

553 4153 808 4208 omnibus
840 4152 996 4207 vobis
1033 4149 1290 4204 mundam
1322 4149 1531 4204 servavi
1562 4150 1969 4204 conscientiam.
1993 4147 2114 4203 Non

545 4247 695 4301 enim
723 4243 1022 4314 subterfugi
1041 4243 1362 4298 annuutiare
1374 4243 1528 4298 vobis
1547 4258 1667 4315 quae
1685 4242 1814 4296 mihi
1832 4259 1859 4296 a
1886 4242 2112 4300 Domino

553 4343 681 4391 sunt
725 4335 988 4406 injuncta,
1020 4343 1074 4389 et
1121 4349 1242 4404 quae
1281 4333 1537 4404 deinceps
1590 4333 1899 4390 necessaria
1951 4345 2110 4390 erunt

543 4426 786 4497 pandere
811 4427 1032 4482 minime
1054 4427 1322 4481 recusavi.

618 4519 886 4586 Quocirca
939 4519 1200 4574 attendite
1237 4517 1393 4574 vobis
1449 4528 1501 4572 et
1530 4516 1784 4572 universo
1831 4518 2002 4590 gregi,
2054 4518 2109 4574 in

539 4628 654 4681 quo
683 4629 778 4669 vos
808 4611 1044 4683 Spiritus
1075 4619 1298 4667 sanctus
1326 4611 1569 4667 seriatim
1596 4611 1878 4682 episc0pos
1901 4612 2104 4682 posuit.

546 4701 622 4759 Te
667 4703 884 4774 quidem
932 4703 1196 4758 Achillam
1242 4705 1500 4773 primum,
1562 4701 1926 4758 Alexandrum
1974 4719 2105 4759 vero

546 4796 865 4851 secundum.
900 4795 979 4848 En
1024 4795 1178 4850 vobis
1209 4795 1332 4849 viva
1365 4810 1496 4851 voce
1520 4801 1809 4865 protestor,
1845 4796 2103 4866 quoniam

542 4895 665 4957 post
703 4902 882 4943 meum
916 4887 1202 4942 transitum
1246 4886 1528 4957 insurgent
1557 4885 1775 4956 quidam
1807 4886 1874 4942 de
1911 4886 2101 4942 Eccle-

541 4980 624 5035 sia
658 4980 940 5052 loquentes
977 4994 1253 5050 permrsa,
1276 4994 1576 5050 rursusque
1604 4979 1848 5035 divident
1875 4995 2017 5045 eam,
2043 4986 2103 5033 ut

540 5069 807 5142 Meletius,
839 5071 1118 5127 trahentes
1153 5072 1408 5141 populum
1465 5079 1586 5142 post
1615 5087 1769 5128 suam
1799 5073 2097 5129 vesaniam.

541 5163 677 5217 Ecce
703 5162 928 5232 praedixi
957 5161 1130 5218 vobis.
1165 5159 1292 5223 Sed.
1327 5159 1587 5231 deprecor
1614 5176 1711 5216 vos
1735 5201 1750 5226 ,
1807 5176 1840 5215 o
1889 5161 2099 5217 viscera

540 5268 682 5320 mea,
712 5253 926 5324 vigilate
957 5271 970 5308 :
998 5259 1210 5323 oportet
1234 5252 1378 5308 enim
1405 5268 1497 5308 vos
1537 5253 1734 5308 multas
1770 5252 1953 5309 subire
1985 5253 2101 5307 tri—

2172 1722 2214 1781 Β

2139 4425 2186 4481 Ι)

607 5430 687 5503 (a)
708 5428 920 5503 Optime
948 5439 1160 5499 noster;
1193 5440 1311 5487 erat
1363 5434 1508 5503 enim
1547 5431 1790 5486 Meletius
1840 5430 2097 5501 Lycopo—

536 5500 733 5573 leo‘s'in
761 5501 1034 5573 Thebaide
1068 5505 1377 5573 episcopus.
1423 5502 1665 5557 Pessime
1693 5505 1826 5555 Acta
1851 5500 2098 5557 Combe—

535 5571 727 5625 tisiana
779 5572 832 5624 in
864 5570 1153 5642 Lycaonia.
1190 5570 1309 5628 Jain
1350 5589 1437 5628 res
1469 5573 1664 5627 Meietii
1696 5573 1802 5626 late
1840 5573 2092 5628 scribun-

531 5645 686 5710 tura
713 5643 912 5710 priscis
963 5643 1239 5700 historicis
1269 5653 1323 5701 et
1369 5659 1400 5698 a
1431 5642 1663 5699 Baronio
1709 5642 1772 5697 ad
1805 5658 1932 5700 ann.
1965 5645 2088 5710 506,

530 5725 589 5767 n.
622 5709 690 5766 45
720 5709 870 5782 Seqq.

1611 251 1668 309 S.
1710 251 1909 307 PETRI
1951 251 2408 310 ALEXANDMNI
2448 255 2755 314 EPISCOPI

3652 279 3735 331 ιρο

2258 379 2580 436 bulationes.
2608 380 2795 452 Neque
2819 382 2962 437 enim
3003 384 3248 442 meliores
3280 402 3456 446 sumus
3500 407 3639 462 quam
3659 414 3736 467 pa-

2253 480 2364 527 tres
2396 472 2596 554 nostri3
2623 481 2707 526 An
2763 475 3024 546 ignoratis
3053 487 3248 546 quanta
3279 494 3312 532 a
3341 482 3602 550 gentilibus
3639 503 3738 556 per.

2253 577 2445 634 pessus
2485 575 2570 618 est
2601 570 2753 634 pater
2783 581 2966 630 meus,
3000 567 3090 636 qui
3125 583 3207 623 me
3252 571 3478 637 nutrivit,
3507 578 3734 632 sanctissi-

2252 669 2373 710 mus
2405 653 2656 713 Theonas
2694 659 3005 729 episcopus,
3031 661 3186 729 cujus
3226 662 3563 732 pontiﬁcalem
3591 669 3740 724 cathe-

2249 747 2402 801 dram
2451 763 2639 819 regere
2670 752 2929 822 suscepi?
2982 752 3026 807 0
3068 753 3267 807 utinam
3303 761 3354 809 et
3401 759 3594 812 mores!
3629 758 3741 825 Quid

2248 839 2408 894 etiam
2440 839 2506 895 de
2535 856 2730 912 magno
2763 842 3020 916 Dionysio
3065 845 3299 914 ejusdem
3349 862 3643 916 praecessore
3673 867 3738 906 re-

2248 928 2462 984 feram?
2492 931 2586 1001 qui
2613 932 2876 1004 profugus
2906 935 2973 989 de
3005 935 3127 988 loco
3174 935 3227 988 in
3273 936 3440 990 locum
3473 939 3647 995 multas
3671 955 3745 994 ca-

2247 1020 2518 1078 lamitates
2569 1024 2638 1078 ab
2684 1025 2877 1080 insano
2917 1027 3177 1082 sustinuit
3227 1026 3492 1084 Sabellio?
3536 1029 3632 1085 Nec
3671 1049 3747 1086 vos

2245 1120 2560 1183 praeteream
2601 1115 2698 1186 (b),
2734 1117 3068 1174 sanctissimi
3097 1118 3283 1176 Patres
3315 1135 3377 1174 ac
3420 1120 3598 1178 divinae
3639 1123 3747 1193 legis

2245 1205 2537 1269 antistites,
2594 1204 2804 1262 lleracli
2850 1216 3014 1279 atque
3047 1208 3304 1274 Demetri,
3331 1215 3518 1279 quibus
3555 1211 3752 1267 fabrica-

2243 1305 2330 1353 tor
2361 1300 2604 1370 perversi
2651 1300 2921 1372 dogmatis
2968 1301 3229 1372 Origenes
3275 1302 3752 1358 multifariastenta-

2244 1393 2420 1447 tiones
2456 1391 2716 1459 incussit;
2749 1392 2843 1462 qui
2897 1393 3132 1460 coujecit
3166 1393 3220 1446 iu
3245 1391 3533 1447 Ecclesiam
3560 1393 3754 1448 detesta-

2242 1480 2350 1534 bile
2374 1479 2633 1545 schisma,
2666 1479 2810 1550 quod
2843 1495 3013 1551 usque
3043 1481 3203 1536 hodie
3234 1480 3510 1536 confundit
3533 1479 3753 1536 eam.Sed

2243 1573 2414 1643 gratia
2447 1571 2563 1635 Dei,
2591 1587 2713 1642 quae
2746 1571 2869 1628 illos
2921 1581 3048 1626 tunc
3081 1572 3430 1644 protegebat,
3462 1572 3612 1628 credo
3637 1574 3756 1628 enim

2241 1664 2388 1735 quod
2410 1671 2462 1718 et
2492 1679 2588 1718 vos
2622 1670 2884 1734 proteget.
2923 1662 3028 1718 Sed
3055 1664 3184 1734 quid
3219 1681 3311 1721 vos
3348 1666 3482 1719 ultra
3523 1665 3752 1728 demoror,

2241 1753 2545 1810 charissimi
2577 1753 2793 1820 fratres,
2827 1753 3022 1824 prolixi
3065 1756 3337 1811 sermonis
3379 1751 3567 1810 aliam?
3595 1753 3758 1826 Super-

2239 1852 2404 1902 estut
2435 1845 2624 1899 ultima
2665 1846 2896 1916 apostoli
2949 1847 3197 1902 oratione
3249 1863 3346 1902 vos
3387 1861 3664 1916 prosequar
3700 1847 3754 1898 ita

2239 1939 2511 2010 precantis
2545 1958 2558 1992 :
2594 1947 2648 1994 et
2699 1953 2844 1992 nunc
2893 1939 3220 1994 commendo
3277 1955 3372 1995 vos
3403 1938 3509 1994 Deo
3535 1947 3584 1994 et
3625 1938 3758 1992 verbo

2239 2031 2425 2101 gratiae
2473 2029 2612 2099 ejus,
2645 2033 2740 2099 qui
2791 2039 2982 2100 potens
3026 2040 3110 2086 est
3149 2031 3457 2102 gubernare
3499 2038 3550 2086 et
3597 2044 3677 2083 vos
3717 2037 3761 2082 et

2237 2121 2378 2176 ovile
2406 2135 2586 2175 suum.
2635 2118 2760 2175 llaec
2810 2119 2902 2174 ubi
2949 2121 3095 2175 dicta
3143 2121 3318 2184 dedit,
3355 2121 3541 2190 positis
3569 2118 3760 2190 genibus

2236 2212 2412 2267 oravit
2448 2229 2571 2266 cum
2593 2213 2692 2267 eis.
2725 2211 2947 2278 Expleta
2973 2213 3158 2282 itaque
3185 2214 3465 2278 oratione,
3493 2213 3761 2268 osculantes

2235 2321 2428 2360 manus
2484 2305 2606 2374 ejus
2652 2320 2716 2358 ac
2772 2304 2936 2374 pedes
2979 2305 3223 2361 Achillas
3277 2314 3440 2376 atque
3499 2302 3763 2359 Alexander

2235 2395 2486 2450 conversi
2536 2395 2591 2449 in
2641 2395 2910 2466 lacrymas
2944 2396 3188 2468 singultu
3225 2398 3565 2452 amarissimo
3592 2397 3766 2466 quatie-

2234 2489 2454 2552 bantur,
2479 2489 2711 2544 maxime
2742 2489 2870 2559 quia
2896 2489 3183 2544 audierant
3204 2506 3329 2545 eum
3366 2489 3540 2544 dicere
3569 2487 3696 2560 quod
3713 2502 3766 2541 ex

2233 2589 2362 2637 tunc
2407 2584 2755 2653 temporalem
2811 2582 2931 2652 ejus
2988 2583 3157 2636 vitam
3221 2584 3461 2654 amplius
3490 2584 3648 2638 visuri
3681 2595 3770 2635 non

2230 2684 2432 2730 essent.
2464 2674 2672 2728 Dehinc
2716 2674 2908 2730 doctor
2939 2675 3304 2732 dulcissimus
3341 2677 3562 2730 veniens
3592 2674 3654 2728 ad
3699 2687 3770 2726 re-

2231 2766 2411 2836 liquos
2455 2767 2802 2830 clericorum,
2855 2766 2970 2836 qui,
3028 2775 3086 2822 ut
3145 2769 3502 2838 praemissum
3554 2774 3653 2826 est.
3695 2779 3775 2836 pro

2229 2856 2358 2912 Ario
2388 2857 2616 2927 ingressi
2649 2855 2882 2922 fuerant,
2919 2857 3132 2912 locutus
3179 2859 3273 2914 eis
3316 2861 3481 2914 verba
3513 2856 3774 2912 novissima

2230 2957 2391 3021 atque
2411 2949 2778 3004 consolatoria
2801 2957 2854 3005 et
2873 2964 2995 3020 quae
3014 2952 3341 3006 necessaria
3371 2959 3562 3014 erant;
3590 2949 3774 3010 deinde,

2232 3038 2368 3096 fusis
2397 3039 2463 3094 ad
2495 3039 2663 3096 Deum
2715 3043 2968 3112 precibus
3007 3043 3127 3099 vale
3156 3043 3382 3102 faciens
3438 3045 3566 3108 illis,
3599 3039 3775 3097 dimisit

2227 3148 2417 3188 omnes
2453 3133 2508 3187 in
2537 3147 2690 3202 pace.

2296 3222 2391 3278 llis
2433 3225 2506 3278 ita
2538 3227 2794 3295 peractis,
2831 3227 2990 3300 longe
3041 3229 3268 3299 lateque
3303 3231 3508 3301 ubique
3537 3229 3779 3299 vulgatum

2223 3324 2306 3370 est
2338 3317 2480 3386 quod
2533 3317 2696 3373 Arius
2745 3335 2776 3373 a
2823 3321 3088 3376 catholica
3125 3323 3350 3378 unitate
3385 3323 3590 3393 absque
3619 3319 3784 3376 deifico

2226 3418 2356 3461 nutu
2378 3422 2486 3461 non
2510 3408 2580 3464 sit
2605 3409 2878 3466 abscisus.
2910 3409 3003 3466 llle
3047 3421 3237 3468 autem
3265 3413 3498 3469 fallendi
3531 3411 3711 3466 artifex
3737 3415 3781 3462 et

2222 3500 2390 3556 totius
2429 3501 2684 3571 nequitiae
2715 3503 3035 3568 seminator,
3078 3504 3132 3559 in
3165 3507 3260 3561 sui
3296 3506 3547 3577 pectoris
3573 3504 3787 3576 labyrin-

2220 3589 2315 3645 tho
2347 3590 2624 3660 vipereum
2653 3593 2802 3650 virus
2831 3594 3110 3650 occultare
3144 3610 3264 3650 non
3323 3596 3642 3658 desinebat,
3682 3607 3786 3662 spe-

2218 3698 2349 3737 rans
2375 3699 2433 3739 se
2458 3685 2528 3739 ab
2553 3684 2764 3740 Achilla
2794 3686 2877 3741 vel
2929 3686 3247 3744 Alexandro
3284 3689 3658 3746 reconciliari.
3705 3684 3788 3738 llic

2215 3785 2302 3832 est
2333 3777 2422 3832 ille
2453 3778 2615 3833 Arius
2638 3778 3049 3845 baeresiarches,
3075 3784 3588 3839 consubstantialis
3630 3791 3680 3838 et
3721 3782 3787 3833 in-

2216 3870 2447 3924 dividua:
2480 3868 2763 3925 Trinitatis
2797 3871 3023 3928 divisor.
3078 3871 3178 3928 Hic
3229 3883 3324 3932 est
3361 3877 3459 3947 qui
3517 3891 3614 3932 ore
3647 3883 3792 3930 teme-

2216 3961 2362 4015 rario
2388 3959 2672 4017 Dominum
2714 3959 3049 4018 Salvatorem
3083 3980 3255 4036 super
3283 3985 3492 4024 omnes
3532 3967 3791 4023 haereticos

2215 4053 2592 4124 blasphemare
2621 4069 2730 4110 non
2771 4057 2984 4122 metuit,
3018 4055 3318 4115 Dominum
3344 4102 3362 4128 ,
3411 4062 3666 4134 inquam,
3693 4059 3794 4114 Sal-

2214 4152 2473 4209 vatorem,
2522 4147 2615 4217 qui
2666 4147 2932 4204 humanos
2993 4151 3292 4208 miseratus
3345 4171 3598 4220 errores,
3630 4152 3796 4207 morti-

2214 4235 2342 4291 ferae
2391 4235 2755 4294 damnationis
2807 4239 3033 4294 interitu
3061 4243 3380 4316 condolens
3415 4247 3603 4316 perire
3649 4257 3799 4300 saecu-

2213 4330 2345 4395 lum,
2375 4345 2473 4400 pro
2521 4332 2774 4387 omnibus
2820 4333 2976 4388 nobis
3031 4349 3196 4391 carne
3251 4342 3378 4407 pati
3413 4339 3678 4410 dignatus
3703 4341 3794 4391 est.

2215 4421 2398 4493 Neque
2425 4425 2569 4479 enim
2595 4423 2850 4491 divinitas
2869 4464 2885 4490 ,
2920 4441 3040 4495 quae
3083 4428 3277 4498 utique
3310 4431 3688 4502 impassibilis
3708 4434 3801 4488 est.

2214 4515 2524 4585 passionem
2583 4515 2880 4572 incurrisse
2949 4517 3220 4572 credenda
3295 4532 3416 4578 est.
3501 4522 3616 4578 Sed
3691 4521 3803 4589 quia

2211 4608 2446 4678 theologi
2496 4607 2685 4664 Patres
2745 4609 3054 4678 hujusmodi
3097 4611 3496 4682 blasphemias
3548 4631 3583 4669 a
3615 4611 3805 4668 catho-

2211 4699 2332 4754 licis
2369 4699 2594 4755 auribus
2626 4701 2838 4755 meliori
2890 4704 3029 4772 stylo
3069 4705 3260 4773 procul
3305 4721 3591 4764 amovere
3646 4720 3807 4761 cura-

2212 4797 2366 4858 runt,
2406 4797 2460 4845 et
2497 4791 2653 4847 nobis
2691 4792 2836 4847 aliud
2877 4794 3152 4861 imminet,
3196 4798 3524 4857 redeamus
3567 4801 3638 4856 ad
3679 4812 3810 4872 pro-

2209 4883 2463 4953 positum.

2279 4972 2676 5044 Sagacissimus
2745 4975 2908 5044 igitur
2975 4975 3262 5045 pontifex,
3349 4982 3812 5039 animadvertens

2206 5067 2640 5123 cruentissimam
2667 5067 3008 5123 tribunorum
3047 5072 3368 5141 strOpham,
3413 5079 3576 5146 quod
3602 5077 3675 5131 ob
3701 5076 3815 5140 ejus

2205 5158 2622 5228 perpetrandam
2676 5173 2902 5220 necem,
2944 5176 3158 5216 omnem
3193 5161 3682 5221 Christianorum
3724 5162 3815 5235 qui

2205 5259 2335 5306 tunc
2382 5252 2606 5307 aderant
2662 5251 3064 5309 multitudinem
3099 5255 3285 5326 gladio
3326 5257 3681 5316 interimere
3717 5258 3821 5314 vel-

2275 5432 2613 5510 (b)_Rursus_
2647 5441 2813 5510 recte
2835 5445 3023 5510 noster
3076 5437 3542 5510 vitatum-rorem
3594 5443 3824 5510 biogra-

2201 5505 2293 5576 phi
2351 5503 2523 5559 Graeci
2574 5505 2996 5576 Gombeﬁsiani,
3053 5508 3146 5576 qui
3207 5506 3566 5565 Heraclium
3619 5503 3825 5566 ac'Dc-

2198 5573 2450 5701 gietz'ium
2472 5584 2594 5647 post
2623 5573 2914 5632 Sabellium
2941 5591 3004 5632 ac
3032 5573 3361 5650 Dionysium
3385 5580 3588 5641 fuisse
3619 5584 3828 5640 diserte

2237 5661 2304 5702 lCl
2336 5686 2350 5702 .
