3980 6318
220 342 307 395 ιθ(
1552 332 1733 389 ACTA
1776 333 1783 384 1

1889 331 2088 388 CERA.

3360 339 3466 395 462

213 462 341 521 lent,
368 460 550 516 noluit
582 478 677 520 eos
708 463 915 534 pariter
958 479 1144 519 secum
1185 463 1369 520 subire
1404 460 1597 515 mortis
1640 474 1788 514 acer-
1813 464 1862 519 Α
1888 460 2009 529 ejus
2060 460 2319 515 liberator
2368 462 2610 514 omnium
2662 459 2915 515 Christus
2965 459 3146 530 ebgit,
3204 460 3300 515 tibi
3343 460 3465 518 ﬁdei

210 553 479 621 bitatem;
510 554 605 610 sed
642 555 813 610 ﬁdelis
847 571 1041 612 servus
1083 556 1303 609 imitans
1348 554 1637 609 Dominum
1675 549 1789 604 Sal-

210 656 482 707 vatorem.
509 650 601 718 qui
632 648 769 703 dixit
801 656 853 703 et
888 649 1051 713 fecit,
1110 647 1301 701 Pastor
1345 644 1511 699 bonus
1553 644 1788 697 animam

209 754 361 791 ruant
398 740 549 805 ponit
585 752 680 806 pro
709 740 886 793 ovibus
924 737 1072 802 suis,
1117 754 1182 793 ex
1208 740 1424 808 pietatis
1464 745 1786 805 argumento

210 836 430 880 vocant
462 845 631 883 unum
663 830 931 884 seniorem
965 846 1027 883 ex
1057 829 1143 883 his
1182 828 1273 899 qui
1307 827 1509 883 ibidem
1557 842 1787 895 respon-

210 919 282 973 sis
318 918 447 987 ejus
476 920 835 981 inhaerebant,
870 929 923 974 et
952 920 1087 974 dixit
1113 920 1163 975 ei
1198 939 1212 974 :
1246 919 1393 975 Vade
1436 920 1503 973 ad
1533 920 1787 973 tribunos

208 1010 300 1080 qui
351 1026 443 1065 me
480 1011 788 1066 interﬁcere
817 1018 1088 1082 quairunt,
1120 1020 1175 1065 et
1228 1011 1393 1066 dicito
1441 1012 1520 1065 eis
1552 1030 1565 1064 :
1596 1010 1789 1065 Cesset

207 1103 391 1155 omnis
425 1102 697 1162 anxietas,
730 1118 853 1158 ecce
881 1108 1165 1172 promptus
1189 1118 1308 1157 sum
1342 1104 1647 1157 ultroneum
1701 1116 1789 1155 me

209 1194 312 1248 illis
348 1194 621 1262 ingerere.
675 1191 787 1245 Hac
820 1193 1015 1247 etenim
1050 1202 1208 1248 nocte
1256 1192 1476 1246 veniant
1516 1200 1638 1261 post
1673 1198 1786 1245 ter-

205 1298 333 1348 gum
396 1286 597 1340 domus
650 1285 889 1351 carceris
939 1284 1124 1355 hujus,
1156 1293 1211 1340 et
1266 1287 1318 1339 in
1350 1300 1459 1355 quo
1513 1286 1634 1340 loco
1690 1298 1787 1337 au-

208 1378 409 1433 dierint
448 1378 666 1447 signum
695 1377 747 1431 in
783 1378 983 1447 pariete
1014 1378 1082 1432 ab
1116 1378 1265 1432 intus
1287 1378 1512 1439 factum,
1549 1376 1621 1430 ibi
1659 1374 1789 1430 effo-

207 1472 423 1527 dientes
454 1473 734 1542 excipiant
769 1488 889 1535 me,
935 1471 1325 1542 perﬁciantque
1372 1470 1518 1542 quod
1566 1469 1669 1525 sibi
1703 1476 1789 1524 est

208 1562 560 1631 imperatum.
596 1560 793 1616 Senior
819 1577 971 1625 vero,
1008 1561 1394 1631 obtemperans
1442 1558 1788 1629 jussionibus

207 1655 553 1710 sanctissimi
586 1654 690 1707 viri
737 1654 936 1725 (neque
964 1654 1107 1709 enim
1144 1662 1295 1707 tanto
1332 1653 1478 1706 Patri
1514 1650 1791 1706 contradi-

207 1761 334 1801 cere
362 1746 628 1819 poterat),
662 1746 795 1800 abiit
854 1747 919 1800 ad
972 1746 1223 1802 tribunos
1279 1753 1333 1801 et
1386 1744 1661 1799 intimavit
1708 1744 1789 1799 eis

1894 553 2220 622 praeconium
2250 568 2345 623 per
2366 561 2532 608 totam
2566 551 2859 623 )Egyptum
2888 560 2942 609 et
2971 554 3176 608 circum
3202 556 3466 614 terminos

1893 646 2013 715 ejus
2048 646 2305 702 insonare
2336 646 2629 701 commisit.
2668 645 2771 708 Tu,
2826 646 3070 716 inquam,
3101 649 3464 705 ministerium

1895 737 2145 793 humanae
2183 739 2398 800 salutis,
2449 739 2595 809 quod
2647 739 2744 795 tibi
2781 740 3047 795 creditum
3097 741 3293 803 fuerat.
3332 742 3468 814 vigi-

1893 831 2071 885 lanter
2100 831 2359 900 explesti;
2420 831 2583 900 hujus
2634 831 2893 886 nimirum
2927 831 3131 886 laboris
3160 834 3466 890 mercedem

1896 922 2140 993 martyrii
2196 923 2429 991 palmam
2486 922 2764 991 percipere
2829 922 3094 975 meruisti.
3144 920 3300 978 Unde
3356 941 3466 979 non

1896 1013 2169 1067 immerito
2196 1013 2393 1083 dignus
2422 1027 2482 1065 es
2509 1011 2841 1081 evangelista
2875 1011 3039 1065 simul
3077 1020 3130 1068 et
3173 1013 3467 1085 episcopus

1893 1106 2198 1175 praedicari.
2229 1105 2330 1159 Tui
2376 1121 2568 1173 nempe
2624 1120 2912 1160 successor
2969 1105 3071 1160 fuit
3104 1106 3381 1172 Anianns,
3411 1116 3467 1162 et

1894 1197 2091 1265 reliqui
2125 1196 2200 1266 (a)
2237 1211 2334 1265 per
2371 1196 2686 1251 succiduam
2726 1196 2920 1248 seriem
2962 1211 3138 1265 usque
3166 1197 3231 1250 ad
3263 1197 3469 1254 beatis-

1895 1289 2093 1342 simum
2122 1285 2399 1342 Theonam
2435 1286 2529 1356 qui
2556 1302 2688 1342 mea:
2728 1286 2971 1342 infantia:
3000 1288 3258 1358 colaphos
3311 1288 3464 1349 dare.

1893 1392 1946 1437 et
1979 1397 2151 1437 meam
2181 1381 2414 1435 indolem
2446 1383 2655 1436 nutrire
2686 1381 2942 1451 dignatus
2999 1390 3103 1438 est.
3156 1382 3256 1437 Cui
3301 1383 3464 1436 etiam

1894 1489 1995 1544 ego
2025 1482 2279 1543 peccator
2311 1481 2364 1525 et
2392 1472 2647 1543 indignus
2682 1473 2821 1526 ultra
2852 1472 3103 1527 meritum
3124 1473 3467 1528 litereditario

1894 1565 2063 1636 gradu
2098 1580 2389 1620 successor
2413 1564 2637 1619 effectus
2674 1579 2815 1619 sum.
2852 1564 2918 1619 Et
2950 1566 3095 1635 quod
3122 1566 3465 1635 potissimum

1894 1664 1999 1723 est,
2045 1672 2173 1711 ecce
2219 1657 2509 1713 Dominirte
2562 1657 2777 1727 pietatis
2820 1657 3035 1728 largitio
3083 1674 3169 1713 me
3214 1658 3467 1729 pretiosae

1896 1751 2077 1805 crucis
2108 1764 2172 1805 ac
2204 1750 2408 1805 festivze
2436 1750 2709 1806 anastasis
2760 1757 3053 1821 martyrem
3088 1750 3201 1805 ﬁeri
3259 1752 3466 1807 condo-

206 1840 352 1910 quod
399 1840 507 1892 sibi
558 1838 733 1894 fuerat
780 1840 1107 1910 iniunctum.
1162 1838 1316 1905 Quod
1380 1837 1458 1891 illi
1510 1836 1792 1891 audientes
1824 1831 1865 1886 Β
1894 1844 2064 1908 navit,
2094 1845 2342 1899 tribuens
2375 1858 2508 1897 mea:
2540 1842 2811 1897 devotioni
2839 1860 2950 1899 sua»,
2974 1844 3464 1914 passionisjucun-

205 1932 364 1986 valde
417 1932 593 2002 gavisi
647 1941 810 1995 sunt,
869 1942 920 1987 et
977 1942 1319 1988 assumcntes
1360 1932 1592 1986 latomos
1641 1930 1787 1984 circa

207 2025 387 2080 noctis
437 2024 603 2091 hujus
629 2024 955 2077 matutinum
989 2034 1202 2095 tempus
1237 2030 1503 2077 venerunt
1531 2023 1649 2077 sine
1682 2023 1788 2076 mi-

206 2118 396 2173 litibus
438 2117 506 2171 ad
546 2118 725 2171 locum
763 2118 855 2187 qui
888 2117 992 2171 sibi
1024 2116 1200 2171 fuerat
1241 2122 1517 2171 ostensus.
1556 2113 1652 2168 Vir
1690 2129 1789 2167 au-

209 2220 312 2263 tem
378 2208 600 2263 Domini
658 2209 787 2279 vigil
843 2210 898 2263 in
967 2210 1217 2263 oratione
1256 2214 1310 2262 et
1360 2207 1562 2277 vigiliis
1615 2213 1786 2261 totam

209 2311 423 2356 noctem
464 2300 770 2355 insomnem
804 2300 1058 2355 duxerat.
1089 2300 1158 2352 At
1188 2299 1279 2353 ubi
1310 2315 1497 2353 eorum
1536 2298 1789 2369 cognovit

210 2395 525 2456 adventum,
563 2394 778 2447 cunctis
808 2393 899 2463 qui
934 2409 1118 2447 secum
1149 2394 1374 2447 aderant
1408 2407 1602 2462 sopore
1635 2392 1789 2461 quie—

211 2487 514 2550 scentibus,
542 2486 688 2541 lento
720 2484 889 2556 gradu
938 2485 1221 2556 ingressus
1260 2492 1343 2540 est
1390 2485 1442 2538 in
1475 2483 1787 2538 interiorem

211 2579 449 2633 carceris
502 2586 735 2647 partem.
785 2583 835 2631 et
868 2576 1024 2644 juxta
1075 2576 1382 2631 condictam
1438 2576 1785 2646 sponsionem

210 2684 401 2724 sonum
468 2669 705 2723 faciebat
754 2670 807 2721 in
864 2669 1100 2737 pariete;
1149 2684 1311 2739 quem
1358 2668 1436 2721 illi
1482 2667 1787 2722 forinsecus

212 2765 536 2827 audientes,
612 2762 757 2818 facto
823 2762 1088 2817 foramine
1156 2768 1525 2839 susceperunt
1583 2760 1784 2816 Christi

210 2857 470 2911 athletam
531 2871 643 2910 non
674 2869 812 2909 aerea
844 2853 1051 2916 lorica,
1102 2854 1195 2908 sed
1246 2855 1448 2908 virtute
1494 2851 1788 2907 Dominicaa

210 2949 385 3004 crucis
418 2948 664 3017 undique
695 2950 962 3004 munitum
986 2991 1000 3012 ,
1037 2953 1394 3017 paratumque
1443 2944 1667 3014 implere
1701 2943 1781 2996 di.

208 3041 390 3093 vinum
426 3056 733 3095 sermonem
771 3042 862 3111 qui
909 3040 1040 3095 dicit
1073 3058 1087 3095 :
1126 3037 1307 3091 Nolite
1352 3038 1533 3091 timere
1582 3054 1668 3091 eos
1698 3037 1789 3106 qui

208 3150 392 3203 corpus
436 3133 706 3197 orcidunt,
765 3135 997 3187 animum
1046 3142 1220 3186 autem
1260 3149 1361 3185 non
1405 3138 1621 3199 possunt
1648 3130 1786 3183 occi-

206 3230 320 3283 dere
340 3245 363 3292 ;
390 3228 485 3283 sed
510 3230 690 3298 potius
720 3246 837 3283 eum
880 3229 1056 3281 timete
1087 3228 1176 3297 qui
1202 3234 1369 3294 potest
1398 3234 1446 3277 et
1478 3225 1711 3278 animum
1736 3234 1786 3279 et

214 3336 389 3391 :orpus
422 3322 646 3391 perdere
680 3322 732 3373 in
763 3320 1069 3391 gehennam.
1100 3318 1231 3371 Mira
1268 3318 1386 3371 res!
1416 3315 1547 3369 Tam
1574 3317 1786 3373 validus

208 3413 464 3468 imbrium
499 3414 663 3470 turbo
688 3413 1108 3481 collisionesque
1139 3420 1425 3465 ventorum
1483 3410 1536 3463 in
1593 3410 1781 3464 eadem

206 3515 492 3578 strepuere
543 3514 726 3570 nocte,
760 3516 820 3558 ut
864 3519 1020 3558 nemo
1052 3519 1240 3558 eorum
1286 3502 1378 3571 qui
1422 3501 1787 3555 observabant

203 3601 453 3654 carceris
497 3599 677 3661 fores,
734 3605 918 3667 posset
966 3595 1154 3649 audire
1212 3593 1500 3649 elTodiendi
1565 3610 1782 3649 sonum.

204 3692 700 3750 Constantissimus
743 3699 921 3745 autem
972 3698 1175 3761 martyr
1206 3690 1433 3760 urgebat
1486 3687 1785 3743 homicidas

203 3787 367 3842 illos:
416 3786 631 3848 Facite,
687 3784 960 3854 inquiens,
997 3782 1141 3853 quod
1195 3780 1394 3834 facturi
1444 3780 1598 3843 estis,
1633 3780 1784 3849 prius

200 3898 357 3950 quam
388 3882 500 3936 hoc
532 3881 772 3936 sentiant
796 3878 888 3948 qui
914 3895 997 3933 me
1024 3877 1428 3933 custodiebant.

264 3978 333 4029 At
368 3975 449 4029 illi
480 3974 739 4029 tollentes
769 3988 891 4028 eum
931 3972 1205 4026 duxerunt
1240 3970 1293 4022 in
1338 3970 1515 4024 locum
1548 3969 1641 4040 qui
1696 3970 1780 4024 di-

199 4066 335 4121 citur
368 4065 637 4127 Bucolia,
674 4064 765 4118 ubi
820 4071 874 4117 et
928 4069 1153 4116 sanctus
1207 4059 1426 4115 Marcus
1460 4062 1780 4132 martyrium

197 4172 288 4228 pro
324 4158 558 4213 Christo
592 4156 853 4226 suscepit.
881 4154 1158 4224 Stupenda
1198 4161 1515 4208 sanctorum
1566 4152 1775 4207 virtus!

194 4248 325 4305 Cum
376 4266 512 4305 eum
550 4249 833 4312 ducerent,
884 4256 938 4302 et
982 4255 1186 4301 tantam
1220 4245 1365 4300 illius
1417 4243 1777 4297 constantiam

192 4343 333 4398 circa
379 4345 649 4398 funereos
676 4357 838 4395 casus
860 4349 1181 4410 tantumque
1216 4338 1381 4393 animi
1406 4336 1573 4390 robur
1604 4336 1781 4405 inspi-

191 4446 379 4491 cerent
405 4478 421 4498 ,
479 4435 664 4491 subito
695 4433 952 4489 horridus
982 4449 1151 4503 pavor
1186 4431 1519 4500 timidusque
1576 4439 1781 4483 tremor

1890 1933 2017 1987 dum
2041 1933 2285 1994 odorem,
2328 1941 2385 1985 ut
2415 1940 2468 1987 et
2503 1936 2604 2000 ego
2639 1933 2871 1987 hostiam
2906 1935 3010 1988 mei
3042 1935 3255 1990 cruoris
3293 1936 3463 1990 libare

1890 2024 1966 2077 illi
2014 2026 2210 2097 dignus
2257 2025 2478 2080 eﬁiciar.
2529 2025 2594 2078 Et
2647 2026 2773 2095 quia
2822 2026 3132 2081 istiusmodi
3185 2028 3462 2083 libationis

1888 2126 2044 2187 urget
2075 2118 2359 2177 articulus,
2396 2133 2491 2171 ora
2547 2133 2643 2188 pro
2694 2133 2780 2172 me
2815 2125 2907 2181 ut,
2942 2118 3123 2172 divina
3164 2120 3463 2189 Opitulante

1888 2208 2111 2272 virtute,
2134 2208 2367 2263 stadium
2402 2208 2564 2277 hujus
2594 2208 2783 2278 agonis
2815 2206 2978 2262 corde
3011 2208 3237 2264 robusto
3271 2224 3334 2263 ac
3360 2209 3463 2265 ﬁde

1890 2300 2298 2370 promptissima
2334 2299 2594 2369 perﬁcere
2640 2314 2869 2353 merear.
2925 2298 3265 2353 Commendo
3297 2300 3462 2355 etiam

1889 2402 1994 2446 tua:
2022 2391 2272 2462 gloriosa;
2324 2390 2636 2460 paternitati
2664 2389 3051 2445 Christicolum
3086 2406 3334 2461 gregem,
3367 2391 3462 2461 qui

1890 2486 2023 2539 mihi
2074 2484 2334 2555 pastorali
2378 2483 2642 2553 regimine
2678 2483 3004 2538 commissus
3045 2491 3165 2549 est;
3202 2484 3324 2546 tibi,
3379 2486 3464 2539 iu-

1891 2592 2077 2648 quam,
2117 2594 2239 2631 eum
2291 2577 2611 2647 suppliciter
2661 2576 3013 2641 commendo,
3066 2576 3159 2646 qui
3217 2577 3461 2631 omnium

1890 2670 2310 2741 praecedentium
2358 2686 2421 2725 ac
2459 2670 2910 2740 subsequentium
2942 2670 2998 2723 in
3030 2669 3133 2725 hoc
3164 2670 3462 2740 pontiﬁcali

1892 2764 2088 2819 throno
2122 2771 2316 2819 auctor
2353 2771 2517 2832 atque
2563 2768 2711 2816 tutor
2762 2777 2884 2817 esse
2936 2762 3218 2832 probaris,
3258 2764 3463 2833 quique

1890 2855 2053 2925 hujus
2097 2856 2387 2925 primatum
2422 2854 2650 2921 habens,
2705 2869 2813 2908 non
2865 2854 3124 2917 hominis,
3159 2854 3253 2909 sed
3283 2853 3376 2909 Dei
3409 2862 3465 2910 et

1889 2947 2127 3003 hominis
2149 2946 2279 3002 Jesu
2305 2947 2530 3011 Christi,
2552 2961 2843 3002 successor
2869 2946 3109 3001 exsistis.
3137 2945 3202 2998 Et
3230 2946 3341 3001 haec
3377 2945 3464 2999 di-

1889 3055 2041 3103 cens,
2080 3038 2225 3094 haud
2258 3040 2415 3109 longe
2460 3054 2491 3092 a
2539 3054 2696 3093 sacro
2730 3038 2939 3091 tumulo
2970 3039 3191 3093 remotis
3219 3040 3461 3108 vestigiis

1889 3132 2252 3201 manibusque
2283 3131 2338 3184 in
2370 3132 2567 3185 coelum
2597 3130 2860 3193 extensis,
2888 3145 3019 3184 voce
3050 3144 3243 3199 magna
3277 3146 3463 3200 preca-

1888 3230 1976 3277 tus
2011 3243 2025 3278 :
2063 3222 2369 3295 Unigenite,
2398 3223 2595 3292 inquit,
2624 3220 2859 3276 Verbum
2891 3223 3078 3277 aeterni
3118 3221 3297 3277 Patris
3330 3221 3461 3280 Jesu

1887 3314 2124 3378 Christe,
2140 3316 2336 3371 exaudi
2358 3324 2605 3371 metuam
2628 3315 3060 3384 interpellantem
3081 3314 3457 3381 clementiam;
3491 3342 3508 3359 ο

1887 3410 2135 3479 paciﬁca,
2184 3426 2390 3479 quaeso,
2444 3414 2821 3479 tempestatem
2874 3406 3131 3462 Ecclesiae
3166 3418 3288 3473 tuae,
3325 3407 3463 3463 ellu-

1888 3504 2042 3559 sione
2071 3503 2354 3573 sanguinis
2383 3502 2488 3555 mei
2520 3502 2661 3556 servi
2702 3501 2780 3555 tui
2828 3500 3096 3555 conclude
3126 3500 3462 3570 persecutio-

1887 3610 2008 3649 nem
2050 3594 2235 3665 populi
2287 3594 2386 3647 tui.
2421 3592 2576 3648 Tunc
2628 3593 2875 3664 quaedam
2917 3592 3070 3662 virgo
3115 3592 3225 3647 Deo
3256 3592 3456 3657 dicata,

1885 3704 2006 3758 qua:
2076 3687 2456 3743 asceteriolum
2511 3685 2676 3756 hujus
2743 3686 3091 3757 evangelista:
3145 3688 3459 3743 cmmeterio

1884 3782 2284 3835 conterminum
2321 3779 2577 3842 habebat,
2621 3786 2950 3850 pernoctans
2982 3777 3037 3833 in
3083 3780 3329 3834 oratione
3355 3795 3455 3833 au-

1884 3874 2019 3927 divit
2072 3888 2258 3928 vocem
2313 3874 2379 3928 de
2441 3874 2580 3928 coelo
2632 3873 2899 3927 dicentem
2946 3870 3192 3925 :Petrus
3243 3872 3455 3926 initium

1884 3967 2277 4037 apostolorum,
2314 3966 2509 4022 Petrus
2543 3966 2668 4021 ﬁnis
2719 3973 3021 4037 martyrum
3075 3965 3456 4035 episcoporum

1880 4060 2243 4115 Alexandrire.
2532 4134 2535 4139 Ξ

1953 4152 2231 4225 Completa
2291 4155 2540 4211 oratione
2602 4154 2929 4211 deosculans
2997 4152 3243 4207 tumbam
3308 4151 3453 4208 beati

1881 4247 2225 4315 evangelista:
2251 4254 2303 4302 et
2337 4248 2669 4318 reliquorum
2710 4248 3026 4318 pontiﬁcum
3069 4246 3161 4315 qui
3202 4244 3335 4300 inibi
3367 4251 3455 4298 tu-

1881 4335 2068 4388 mulati
2097 4346 2273 4400 erant,
2301 4337 2465 4392 exivit
2505 4337 2570 4390 ad
2598 4338 2870 4393 tribunos.
2905 4337 2973 4390 At
2997 4337 3071 4390 illi
3102 4337 3345 4391 videntes
3374 4334 3453 4388 fa:

1882 4424 2019 4479 ciem
2045 4428 2165 4497 ejus
2191 4436 2446 4498 tanquam
2480 4428 2671 4483 faciem
2715 4430 2913 4499 angeli,
2948 4437 3156 4484 terrore
3189 4428 3477 4503 perculsi,l

188 4542 281 4585 eos
313 4529 528 4584 invasit
560 4528 615 4580 in
645 4535 858 4580 tantum
908 4535 967 4580 ut
1009 4526 1192 4580 nullus
1245 4541 1312 4579 ex
1355 4524 1436 4578 eis
1491 4522 1544 4575 in
1582 4520 1773 4575 faciem
1807 4527 1851 4578 D
1882 4518 2211 4571 Verebantur
2256 4520 2304 4572 ei
2337 4518 2538 4584 aliquid
2574 4520 2640 4573 de
2675 4520 2899 4574 instanti
2943 4535 3113 4589 agone
3147 4519 3315 4589 loqui.
3355 4519 3453 4574 Ve-

187 4622 307 4689 ejus
356 4619 653 4677 intendere
695 4618 944 4672 auderet.
983 4616 1230 4687 Rogabat
1280 4623 1539 4686 praeterea
1571 4620 1775 4681 martyr

186 4710 552 4768 beatissimus
585 4718 644 4763 ut
680 4711 923 4765 sinerent
954 4724 1075 4763 eum
1104 4707 1171 4761 ad
1206 4706 1380 4761 sancti
1407 4704 1571 4760 Marci
1612 4720 1777 4760 evan-

184 4806 399 4875 gelis‘tae
432 4802 757 4858 memoriam
802 4802 910 4863 ire;
945 4800 1196 4870 cupiebat
1238 4797 1381 4853 enim
1416 4798 1536 4866 ejus
1568 4811 1627 4851 se
1679 4812 1777 4867 pa-

185 4899 445 4953 trociniis
490 4894 896 4952 commendare.
950 4892 1017 4946 At
1054 4891 1130 4945 illi
1163 4906 1274 4961 prae
1315 4889 1544 4960 pudoris
1584 4888 1777 4943 confu-

183 4992 339 5046 sione
368 4998 578 5045 terram
607 4987 1013 5055 despectantes,
1040 4981 1251 5044 Facito,
1298 4982 1571 5050 inquiunt,
1626 4980 1769 5049 quod

183 5083 284 5145 ris,
318 5091 547 5137 tantum
579 5079 843 5134 velocius.
895 5077 1178 5131 Accedens
1229 5076 1411 5143 itaque
1453 5073 1773 5143 complexus

178 5185 259 5228 est
286 5172 739 5229 sacratissimum
777 5168 1124 5239 evangelista:
1150 5167 1549 5229 ccemeterium,
1582 5172 1635 5220 et
1661 5164 1776 5218 vel-

180 5272 253 5321 uti
308 5271 371 5323 in
421 5282 591 5321 carne
628 5263 830 5319 viventi
868 5271 1029 5333 atque
1083 5260 1323 5317 audienti
1370 5262 1632 5329 loquens,
1668 5257 1774 5310 hoc

177 5361 345 5414 modo
384 5356 720 5427 precabatur
754 5374 766 5409 ε
806 5354 964 5408 Pater
997 5352 1402 5411 honesﬁssime,
1455 5357 1508 5404 tu
1539 5364 1773 5417 evange-

179 5452 302 5504 lista
329 5448 604 5519 nnigeniti
632 5446 951 5511 Salvatoris,
982 5454 1039 5500 tn
1066 5446 1222 5501 testis
1256 5443 1570 5515 passionum
1604 5439 1773 5503 illius,

178 5554 227 5596 te
274 5543 534 5613 primum
587 5538 900 5611 pontiﬁcem
948 5545 1004 5593 et
1061 5537 1459 5591 ﬁrmamentum
1503 5531 1777 5588 cathedrae

1880 4616 2187 4664 rumtamen
2211 4610 2337 4679 quia
2367 4611 2508 4665 Deus
2552 4627 2658 4664 non
2712 4612 2915 4666 deserit
2964 4620 3247 4681 sperantes
3283 4612 3335 4665 in
3370 4627 3448 4673 se,

1880 4700 2055 4753 noluit
2094 4708 2386 4771 martyrem
2418 4718 2576 4757 suum
2608 4702 2662 4756 in
2693 4703 2926 4758 articulo
2956 4706 3090 4756 tanti
3116 4702 3452 4757 discriminis

1880 4793 2085 4861 absque
2121 4794 2317 4847 solatio
2364 4795 2690 4865 relinquere.
2721 4794 2862 4850 Ecce
2914 4797 3133 4866 quidam
3190 4810 3356 4851 senex
3396 4803 3452 4850 et

1880 4884 2126 4955 quaedam
2160 4886 2313 4955 virgo
2352 4889 2526 4942 vetula
2561 4889 2840 4944 venientes
2880 4905 2949 4943 ex
2999 4888 3212 4959 oppidis
3247 4903 3455 4959 prope-

1882 4979 2073 5032 rabant
2100 4978 2153 5032 in
2188 4980 2484 5043 civitatem,
2521 4997 2751 5051 quorum
2796 4998 2938 5037 unus
2968 4991 3200 5052 quatuor
3234 4983 3454 5037 venali-

1881 5070 1996 5124 cias
2028 5070 2305 5126 deferebat
2341 5074 2530 5142 pelles,
2583 5074 2749 5129 altera
2800 5089 3017 5145 quoque
3048 5074 3290 5145 geminas
3324 5074 3455 5129 sin-

1881 5163 2071 5220 dones.
2104 5165 2349 5221 Cernetis
2378 5182 2473 5223 eos
2505 5166 2695 5223 beatus
2744 5169 2972 5224 antistes
2992 5211 3007 5233 ,
3042 5168 3294 5240 cognovit
3324 5184 3455 5237 erga

1884 5272 1942 5311 se
1971 5258 2210 5314 divinam
2252 5261 2732 5330 dispensationem.
2780 5262 2932 5318 Illico
2972 5269 3324 5333 percontatus
3370 5277 3455 5317 es:

1884 5348 2072 5405 dicens
2105 5371 2117 5405 :
2149 5352 2446 5410 Christiani
2478 5355 2654 5410 estis?
2685 5355 2777 5425 qui
2818 5354 3073 5410 dixerunt
3110 5374 3122 5410 :
3156 5354 3352 5408 Etiam.
3389 5352 3454 5408 Et

1884 5441 1978 5504 ait,
2007 5460 2115 5513 quo
2145 5446 2411 5517 pergitis?
2442 5447 2508 5501 Et
2541 5447 2615 5501 illi
2656 5466 2670 5503 :
2715 5447 2795 5501 Ad
2833 5448 3127 5511 nundinas,
3176 5446 3451 5517 inquiunt.

1884 5532 2036 5588 urbis
2065 5543 2124 5588 ut
2151 5538 2524 5593 venundemus
2558 5538 2672 5593 haec
2702 5553 2823 5610 qua:
2843 5538 3160 5594 deferimus.
3189 5537 3456 5592 Clemen—

245 5726 327 5793 (α)
369 5724 524 5778 Bene
577 5729 791 5793 noster"
820 5735 924 5793 per
938 5719 1088 5793 hanc
1144 5714 1482 5773 reticentiam
1546 5713 1679 5767 vitat
1720 5712 1998 5768 nominum
2032 5710 2495 5782 perturbationem
2523 5725 2643 5780 qua:
2666 5710 2910 5767 occurrit
2940 5712 2997 5763 in
3031 5706 3182 5762 Actis
3217 5704 3454 5761 Combe-

182 5792 404 5851 ﬁsi‘anis
428 5804 483 5848 et
504 5796 557 5848 in
588 5793 709 5848 cod.
749 5790 871 5845 Vat.
898 5790 1019 5844 622.
