3980 6318
602 279 706 332 465

1618 271 1674 324 S.
1715 269 1917 325 PETRI
1958 269 2420 325 ALEXANDRlNl
2462 268 2765 325 EPISCOPI
3642 283 3724 343 ιω

603 414 851 470 tissimus
879 415 1056 464 autem
1083 405 1246 460 Pater
1281 405 1562 474 subjunxit
1597 424 1611 459 :
1648 404 1827 460 Filioli
1881 406 1982 459 mei
2022 405 2167 460 tide—
2196 412 2237 467 Α
2335 406 2643 462 Convolans
2677 407 2878 461 interea
2928 421 2993 460 ex
3032 407 3282 478 populosa
3323 409 3444 467 urbe
3488 416 3727 482 promiscui

604 504 704 569 les,
742 502 882 557 Deus
921 514 1016 554 vos
1049 497 1374 562 destinavit,
1405 504 1744 567 perseverate
1793 511 2023 550 mecum.
2059 495 2162 562 Qui

606 596 854 670 protinus
882 607 1004 648 eum
1037 599 1415 662 agnoscentes,
1449 587 1706 643 dixerunt
1754 607 1769 642 :
1813 586 1881 641 Ut
1923 587 2160 657 jussisti,

593 689 839 744 domine.
893 685 958 738 Et
989 697 1286 738 conversus
1320 680 1386 735 ad
1418 680 1666 735 tribunos
1695 699 1708 734 :
1743 678 1838 732 Eia
1873 681 2034 750 agite,
2067 680 2164 734 in-

601 781 738 850 quit,
771 777 914 850 quod
945 775 1120 832 acturi
1156 774 1309 836 estis,
1347 774 1680 843 complentes
1712 772 1912 842 regiam
1944 771 2163 840 jussio—

599 888 756 934 nem,
810 869 1066 940 quoniam
1106 867 1222 922 dies
1274 866 1387 935 jam
1446 865 1766 919 illucescere
1818 865 2004 933 erepit.
2055 864 2159 934 ipsi

601 971 777 1018 autem
810 961 881 1016 ob
905 959 1108 1014 nefaria
1143 958 1402 1028 principis
1433 956 1648 1010 decreta
1703 955 1859 1025 quasi
1891 956 1998 1009 vim
2048 971 2162 1026 pa-

599 1056 816 1116 tientes,
844 1053 1088 1106 tulerunt
1117 1065 1239 1105 eum
1282 1064 1313 1104 e
1342 1048 1561 1119 regione
1593 1047 1887 1103 sanctuarii
1915 1062 2163 1118 evange-v

597 1147 734 1201 listze
765 1145 821 1198 in
847 1143 1038 1198 vallem
1063 1142 1218 1210 juxta
1249 1140 1520 1210 sepulcra.
1550 1138 1614 1193 Et
1651 1148 1904 1196 sanctus:
1931 1139 2160 1211 Expan-

598 1236 729 1299 dite,
764 1235 959 1304 inquit,
982 1248 1015 1288 ο
1044 1248 1223 1295 senes,
1257 1231 1423 1302 pelles
1451 1245 1588 1300 quas
1621 1229 1939 1293 advectatis,
1971 1231 2160 1287 simul-

597 1343 702 1397 que
736 1337 822 1390 tu,
863 1325 1073 1385 vetula,
1135 1322 1410 1378 sindones.
1456 1320 1666 1386 Quibus
1703 1323 1990 1392 expansis,
2055 1337 2158 1376 ro-

596 1417 947 1474 bustissimus
1004 1425 1210 1485 martyr
1274 1414 1510 1483 desuper
1562 1411 1900 1477 ascendens,
1951 1413 2157 1483 palmas

596 1519 856 1578 utrasque
907 1522 1125 1562 sursum
1181 1505 1462 1565 extendit,
1516 1519 1580 1558 ac
1645 1503 1875 1572 proinde
1926 1505 2156 1574 p0plites

596 1599 746 1654 humi
789 1597 948 1658 ﬁxus,
981 1595 1219 1650 animum
1269 1609 1484 1663 quoque
1529 1593 1670 1648 catlo
1713 1593 1974 1654 intentus,
2018 1608 2155 1663 gra-

593 1691 791 1744 tiarum
824 1689 1064 1743 actiones
1094 1684 1448 1755 omnipotenti
1499 1684 1835 1754 agonothetaa
1870 1684 2150 1755 persolvit,

2262 512 2429 552 sexus
2460 497 2848 552 innumerabile
2879 498 3090 567 vulgus,
3124 499 3330 567 plorans
3347 509 3395 555 et
3421 501 3604 570 ejulans
3628 507 3732 563 invi-

2263 603 2378 642 cem
2411 603 2468 642 se
2493 587 2876 643 sciscitabatur
2905 589 3160 658 ignorans
3188 591 3401 660 qualiter
3444 594 3533 650 hoc
3567 601 3736 654 evenis-

2263 683 2363 731 set.
2399 675 2603 732 Revera
2657 678 2800 731 enim
2849 692 2880 732 a
2921 679 3144 735 minimo
3189 696 3348 750 usque
3395 684 3454 737 ad
3496 689 3735 744 maximum

2263 770 2565 825 acerrimus
2610 770 2766 826 fletus
2796 787 2984 828 omnes
3032 774 3253 843 rigabat.
3283 761 3511 832 Primarii
3551 795 3740 852 namque

2261 861 2498 917 civitatis
2526 879 2649 918 cum
2672 871 2958 918 cernerent
2990 867 3339 922 multitudinis
3369 868 3651 927 laudabilem
3669 874 3744 927 im-

2261 953 2670 1021 portunitatem,
2697 955 2790 1024 qui
2826 970 3015 1011 sacras
3066 957 3184 1025 ejus
3215 958 3424 1013 exuvias
3464 961 3741 1030 lipsanorum

2260 1043 2432 1113 gratia
2479 1045 2729 1101 scindere
2760 1047 3100 1117 satagebant,
3141 1047 3459 1104 involventes
3486 1066 3594 1105 eum
3629 1054 3747 1122 pelli-

2261 1135 2364 1191 bus
2419 1143 2581 1208 atque
2625 1139 2946 1195 sindOnibus
2990 1140 3098 1197 illis
3136 1141 3304 1197 tutius
3354 1144 3744 1212 perstrinxerunt.

2261 1227 2487 1299 Semper
2519 1229 2662 1284 enim
2692 1230 3076 1286 sanctissimus
3104 1231 3197 1287 Dei
3238 1233 3473 1288 minister
3499 1242 3655 1290 vestes
3685 1251 3752 1291 sa-

2258 1320 2559 1376 cerdotales
2589 1320 2697 1374 albi
2731 1320 2930 1376 coloris
2957 1330 3073 1376 erat
3122 1316 3369 1388 amictus,
3406 1323 3502 1379 hoc
3543 1335 3615 1379 est
3639 1326 3754 1380 tuni-

2257 1426 2376 1464 cam
2400 1419 2453 1465 et
2480 1411 2752 1466 colobium
2780 1426 2992 1466 necnon
3029 1420 3082 1466 et
3115 1413 3507 1482 omophorium.
3528 1413 3644 1470 Post
3665 1416 3754 1471 haec

2258 1502 2421 1572 igitur
2453 1509 2574 1556 orta
2604 1512 2686 1557 est
2717 1503 2860 1557 inter
2883 1517 2978 1558 eos
3013 1519 3121 1558 non
3157 1518 3319 1574 parva
3354 1507 3637 1574 contentio;
3664 1509 3755 1578 qui-

2257 1591 2380 1646 dam
2411 1592 2554 1648 enim
2604 1593 3006 1648 sacratissimos
3044 1601 3196 1650 artus
3239 1594 3294 1648 in
3337 1596 3606 1652 ecclesiam
3629 1612 3759 1667 quam

2259 1685 2375 1754 ipse
2401 1683 2778 1748 zedilicaverat,
2802 1683 2892 1737 ubi
2921 1692 2975 1739 et
3009 1700 3156 1739 nunc
3184 1686 3491 1756 requiescit,
3522 1687 3759 1741 advectare

593 1783 949 1850 muniensque
983 1794 1041 1834 se
1082 1777 1262 1832 crucis
1295 1777 1575 1847 signaculo
1617 1776 1773 1842 dixit,
1799 1775 1990 1830 Amen.
2020 1775 2149 1830 Dein
2183 1749 2223 1810 Β
2253 1777 2597 1848 satagebant;
2629 1776 2720 1829 alii
2747 1783 2926 1832 autent
2953 1777 3020 1830 ad
3050 1780 3421 1833 sanctuarium
3442 1780 3756 1850 evangelista,

592 1873 969 1942 nmophorium
999 1871 1252 1924 relaxans
1284 1883 1314 1921 a
1345 1868 1486 1921 collo
1507 1908 1522 1932 ,
1571 1867 1839 1922 cervicem
1879 1867 2106 1922 tetendit
2134 1885 2148 1922 :

590 1962 744 2030 Quod
776 1961 950 2024 vobis,
987 1960 1258 2031 inquiens,
1307 1959 1523 2030 jussum
1556 1965 1659 2024 est,
1706 1959 1971 2014 maturius
2003 1958 2154 2014 deli-

589 2053 791 2110 berate.

659 2143 1026 2217 0hriguerunt
1075 2143 1279 2198 interea
1329 2141 1672 2196 tribunorum
1723 2155 1950 2206 manus,
1991 2149 2151 2211 atque

589 2237 818 2291 invicem
874 2253 934 2291 se
977 2239 1320 2305 aspectantes
1361 2232 1429 2286 ad
1478 2233 1580 2286 hoc
1637 2230 1848 2287 facinus
1889 2245 2150 2300 provoca-

586 2329 748 2393 bant;
775 2326 868 2381 sed
915 2340 1106 2380 omnes
1153 2321 1442 2378 formidine
1473 2321 1619 2390 capti
1652 2319 1960 2390 stupebant.
1993 2319 2151 2374 Tan—

587 2419 706 2473 dem
737 2433 805 2472 ex
832 2431 1098 2472 consensu
1127 2415 1331 2485 placuit
1363 2419 1421 2466 ut
1442 2411 1509 2468 de
1537 2412 1810 2467 communi
1844 2427 1951 2466 tere
1983 2411 2149 2466 inter-

587 2508 838 2563 fectionis
889 2506 1166 2578 praemium
1196 2511 1578 2575 apponeretur,
1616 2511 1669 2558 et
1701 2503 1746 2557 si
1779 2502 1904 2572 quis
1954 2501 2145 2557 istius-

585 2599 732 2656 modi
766 2600 947 2654 scelus
971 2604 1281 2668 perpetrare
1309 2612 1477 2652 ausus
1506 2602 1672 2658 esset,
1721 2595 1836 2664 ipse
1865 2591 2144 2650 homicidii

584 2691 892 2745 lucraretur
953 2697 1241 2758 quaastunt.
1301 2685 1455 2740 llaud
1507 2700 1704 2752 mora;
1770 2684 2145 2754 unusquisque

583 2797 769 2837 eorum
797 2782 1036 2852 quinque
1065 2779 1291 2850 protulit
1323 2777 1549 2834 solidos.
1575 2774 1799 2843 Verum,
1829 2784 1888 2831 ut
1926 2777 2143 2846 gentilis

582 2872 658 2926 ait
686 2879 843 2943 poeta
870 2890 884 2926 :

880 2974 1019 3042 Quid
1058 2990 1160 3028 non
1189 2972 1438 3027 mortalia
1462 2981 1670 3044 pectora
1698 2973 1862 3044 cogis,

755 3047 891 3102 Auri
921 3061 1074 3100 sacra
1099 3045 1264 3113 [antes
1289 3044 1310 3097 .'

581 3169 724 3208 unus
757 3168 822 3208 ex
853 3152 934 3206 eis
957 3152 1065 3206 ritu
1098 3149 1394 3222 proditoris
1437 3147 1610 3213 Judte,
1640 3148 1884 3219 pecuniae
1913 3146 2139 3216 cupitli-

485 3263 504 3278 ο
578 3254 690 3301 tate.
705 3246 880 3300 audax
896 3244 1142 3306 eﬂ‘ectus.
1164 3251 1380 3297 exserto
1401 3242 1579 3313 gladio
1599 3240 1800 3296 Christi
1830 3240 2133 3310 pontificem

578 3337 754 3407 capite
787 3333 1131 3392 obtruncavit
1160 3332 1264 3387 sub
1299 3331 1388 3386 die
1425 3330 1634 3386 scilicet
1663 3345 1737 3384 vn
1772 3327 2134 3383 Kalendarum

579 3427 951 3483 Decembrium
979 3424 1079 3496 (a),
1111 3439 1233 3479 cum
1291 3421 1515 3477 haberet
1562 3421 1616 3475 in
1652 3418 1970 3491 pontificatu
2025 3433 2136 3471 au-

575 3532 678 3572 nos
710 3533 808 3578 xn,
842 3526 1071 3585 quorum
1103 3525 1212 3568 tres
1244 3522 1368 3568 ante
1397 3512 1853 3583 persecutionem,
1894 3509 2133 3578 reliquos

577 3623 705 3662 vero
738 3622 930 3662 novem
984 3608 1041 3662 in
1089 3604 1322 3660 diversis
1353 3603 1791 3674 persecutionum
1840 3601 2133 3672 generibus

574 3698 777 3766 exegit.
818 3695 1026 3750 Exinde
1076 3696 1293 3751 sublato
1351 3695 1420 3749 ab
1470 3695 1797 3764 spiculatore
1851 3693 2132 3764 sanguinis

574 3786 770 3856 pretio,
798 3785 925 3838 mali
968 3791 1243 3854 emptores
1270 3786 1354 3838 vel
1390 3785 1567 3854 potius
1599 3784 1809 3838 cruenti
1848 3783 2132 3840 homicida:

575 3877 685 3932 cito
729 3876 890 3931 citius
948 3882 1328 3940 recesserunt,
1383 3875 1697 3930 metuebant
1743 3875 1887 3930 enim
1945 3875 2129 3945 pepuli

573 3965 995 4029 multitudinem,
1028 3980 1302 4034 quoniam,
1335 3965 1413 4018 uti
1458 3965 1735 4035 praelatum
1769 3973 1873 4030 est,
1925 3965 2130 4034 absque

571 4057 790 4112 militari
845 4055 1099 4128 praesidio
1137 4064 1310 4110 erant.
1343 4057 1554 4125 Corpus
1603 4064 1782 4110 autem
1824 4056 2124 4112 beatissimi

571 4146 847 4218 martyris,
900 4144 1354 4216 quemadmodum
1416 4152 1596 4214 patres
1649 4134 1986 4198 allirmabant
2031 4145 2126 4216 qui

568 4238 700 4292 illuc
723 4236 884 4307 primi
913 4244 1298 4301 convenerant,
1319 4234 1618 4306 permansit
1649 4244 1838 4289 astans
1865 4242 2122 4305 tanquam

565 4328 799 4384 orationi
862 4328 1202 4390 incumbens,
1237 4327 1411 4382 donec
1466 4325 1683 4396 plurimi
1736 4335 2122 4381 concurrentes

2249 1866 2344 1921 ubi
2375 1872 2429 1920 et
2458 1865 2702 1936 martyrii
2748 1873 2944 1920 metam
2973 1869 3284 1938 complevit,
3323 1869 3527 1926 deferre
3553 1871 3759 1925 niteban-

2251 1963 2340 2010 tur
2369 1974 2382 2011 :
2410 1963 2464 2010 et
2493 1955 2620 2009 dum
2651 1964 2845 2010 neutra
2875 1972 3004 2027 pars
3033 1958 3189 2014 alteri
3237 1961 3508 2024 cederent,
3530 1961 3764 2031 religionis

2249 2047 2569 2118 obsequium
2617 2055 2829 2102 vertere
2879 2060 3165 2121 eruperunt
3213 2052 3268 2107 in
3323 2068 3510 2124 pugna:
3556 2053 3763 2124 litigium.

2249 2139 2618 2206 Quorumdam
2666 2140 2871 2195 interea
2919 2151 3239 2198 senatorum
3273 2145 3515 2200 animosa
3549 2145 3765 2216 phalanx,

2247 2249 2314 2289 ex
2349 2234 2434 2289 his
2456 2234 2547 2303 qui
2587 2249 2786 2288 cursus
2815 2233 2892 2304 (ά)
2927 2245 3215 2300 vocantur,
3247 2237 3490 2292 videntes
3523 2252 3631 2308 quae
3656 2238 3769 2291 acci-

2247 2326 2459 2390 derant,
2509 2341 2634 2380 nam
2684 2340 2841 2380 secus
2892 2343 3040 2382 mare
3089 2337 3288 2394 erant,
3323 2336 3636 2399 paraverunt
3673 2342 3768 2383 sca-

2247 2417 2430 2486 pham,
2466 2417 2756 2488 subitoque
2805 2418 3132 2488 arripientes
3165 2429 3391 2476 sanctas
3430 2421 3670 2490 reliquias
3692 2421 3773 2472 im-

2246 2517 2544 2578 posuerunt
2573 2510 2855 2576 naviculae,
2895 2518 2949 2566 et
2975 2512 3342 2568 ascendentes
3373 2522 3515 2568 retro
3553 2510 3770 2572 Pharum,

2245 2615 2340 2670 per
2370 2600 2547 2654 locum
2595 2602 2682 2656 cui
2739 2601 2992 2657 Leucado
3023 2604 3357 2658 vocabulum
3407 2611 3522 2668 est,
3553 2609 3776 2658 venerunt

2243 2690 2299 2743 in
2340 2691 2622 2746 ecclesiam
2668 2691 2994 2748 beatissima
3036 2690 3128 2746 Dei
3161 2692 3462 2749 Genitricis
3498 2704 3777 2762 semperque

2243 2777 2468 2850 virginis
2508 2778 2709 2844 Mariae,
2739 2796 2922 2850 quam,
2960 2787 3020 2835 ut
3066 2779 3258 2836 dicere
3307 2796 3659 2851 coeperamus,
3689 2779 3781 2848 ipse

2241 2871 2312 2927 ob
2349 2880 2648 2943 martyrum
2700 2872 3010 2927 cmmeteria
3050 2873 3120 2926 ad
3171 2873 3573 2929 occidentalem
3608 2879 3780 2944 partem

2240 2967 2297 3022 in
2326 2967 2558 3037 quodam
2594 2966 2834 3036 prosatio
2865 2964 2932 3034 (e)
2955 2974 3374 3022 construxerat.
3405 2966 3560 3022 Tunc.
3587 2966 3785 3036 populo.

2241 3074 2360 3113 rum
2391 3057 2605 3128 agmina
2635 3072 2734 3128 ceu
2783 3065 2939 3127 rapto
2973 3057 3076 3111 sibi
3123 3059 3346 3114 cmlesti
3404 3058 3678 3121 thesauro,
3710 3055 3785 3109 alii

2241 3163 2336 3218 per
2368 3148 2584 3210 itinera,
2628 3146 2721 3199 alii
2771 3161 2868 3214 per
2900 3144 3054 3200 devia
3083 3161 3328 3216 qumque
3359 3147 3608 3218 properis
3643 3145 3791 3200 cursi-

2239 3239 2340 3292 bus
2377 3237 2755 3306 insequuntur.
2813 3235 2917 3301 Qui
2957 3237 3173 3291 tandem
3219 3239 3517 3294 venientes
3554 3252 3657 3292 non
3699 3236 3790 3307 jam

2236 3331 2326 3385 ubi
2359 3338 2650 3399 poneretur
2697 3329 3120 3390 altercabantur,
3157 3332 3266 3386 sed
3316 3330 3602 3386 communi
3629 3335 3679 3384 et
3707 3340 3797 3382 non

2236 3420 2594 3492 improbando
2637 3420 2898 3484 consilio,
2972 3421 3124 3489 prius
3160 3437 3304 3475 eum
3352 3423 3709 3478 decreverunt
3751 3419 3794 3471 in

2235 3526 2334 3567 sua
2387 3511 2642 3566 cathedra
2692 3525 2924 3580 ponere,
2995 3518 3048 3566 et
3103 3512 3189 3566 sic
3250 3513 3486 3569 demum
3541 3513 3801 3584 sepulturae

2233 3604 2466 3659 tradere.

2305 3697 2369 3750 Et
2393 3698 2513 3761 hoc,
2541 3696 2961 3768 prudentissime
2987 3697 3180 3765 lector,
3223 3702 3364 3755 nolo
3395 3709 3662 3774 tanquam
3686 3699 3802 3755 otio-

2232 3805 2352 3844 sum
2387 3789 2803 3844 deliramentum
2855 3789 3135 3857 attendas;
3183 3795 3471 3862 quoniam
3524 3795 3569 3848 si
3609 3806 3802 3848 causam

2234 3878 2460 3947 hujusce
2492 3877 2749 3932 novitatis
2771 3875 3046 3942 didiceris,
3080 3877 3306 3934 mirans
3333 3880 3670 3934 laudabilem
3712 3891 3809 3949 po-

2229 3971 2340 4042 puli
2374 3970 2546 4024 zelum
2579 3967 2891 4037 factumque
2933 3968 3219 4038 probabis.
3280 3969 3393 4026 Hic
3445 3971 3596 4024 enim
3643 3969 3809 4023 beatus

2229 4060 2458 4114 antistes
2505 4061 2722 4129 quando
2754 4059 2921 4114 divini
2962 4059 3208 4129 mysterii
3255 4067 3624 4114 sacramenta
3676 4056 3811 4112 cele-

2226 4151 2442 4215 brabat,
2502 4166 2633 4213 non,
2696 4150 2840 4205 sicut
2885 4149 3312 4208 ecclesiasticus
3372 4167 3504 4207 mos
3557 4152 3733 4214 habet,
3768 4149 3813 4200 in

2227 4240 2526 4313 pontiﬁcali
2553 4241 2770 4301 throno,
2805 4240 2900 4295 sed
2926 4239 2979 4294 in
3010 4240 3130 4309 ejus
3162 4241 3553 4312 subpedaneo
3595 4238 3817 4296 scabello

2225 4334 2525 4400 residebat;
2579 4333 2722 4404 quod
2775 4332 2957 4404 populi
3004 4331 3399 4402 aspicientes,
3469 4350 3621 4405 aegre
3681 4329 3820 4386 acci—

495 4416 504 4424 ’
565 4420 868 4475 invenirent
911 4418 1042 4473 illud
1080 4418 1269 4474 eodem
1297 4417 1458 4473 modo
1490 4418 1830 4486 consistens;
1865 4417 2120 4472 nimirum
2157 4441 2200 4497 ι)
2227 4426 2464 4497 piebam,
2498 4436 2549 4480 οι
2582 4431 2980 4494 conquerentes
3006 4423 3408 4480 acclamabant
3447 4444 3462 4480 ε
3508 4425 3756 4496 Oportet,
3792 4433 3820 4474 o

564 4512 708 4582 quod
745 4511 935 4567 vivens
966 4512 1164 4580 saepius
1215 4517 1421 4579 egerat,
1488 4525 1618 4565 caro
1649 4509 1810 4564 etiam
1857 4509 2123 4566 exanimis

565 4602 884 4657 testabatur.
921 4602 1113 4657 Senem
1149 4617 1364 4672 quoque
1383 4609 1544 4671 atque
1578 4617 1740 4656 anum
1777 4601 1923 4655 illam
1958 4615 2126 4670 repe-

562 4700 753 4748 rerunt
783 4694 1141 4748 observantes
1172 4709 1295 4748 cum
1327 4695 1475 4749 luctu
1509 4701 1562 4748 et
1596 4693 1797 4763 gemitu
1828 4691 2122 4761 pretiosis-

563 4785 762 4842 simum
819 4784 1076 4839 Ecclesiae
1141 4786 1361 4840 monile.
1423 4783 1756 4840 Redinantcs
1807 4782 1880 4852 (ὁ)
1939 4782 2121 4852 itaque

561 4873 884 4944 triumphale
927 4871 1088 4928 funus
1112 4911 1126 4935 ,
1175 4887 1500 4941 sacrumque
1533 4881 1693 4940 caput
1724 4868 1922 4924 cervici
1954 4881 2122 4936 oppo-

561 4976 788 5028 nentes,
848 4970 1247 5035 cooperuerunt
1303 4962 1660 5027 sindonibus;
1731 4974 1949 5014 sacrum
1989 4972 2118 5013 vero

559 5071 809 5112 cruorem
852 5056 946 5126 qui
976 5070 1134 5111 secus
1185 5053 1484 5117 allluxerat,
1513 5051 1761 5122 peniculo
1809 5057 2118 5104 reverenter

559 5149 894 5219 collegerunt
922 5147 994 5219 (ε)

626 5375 702 5445 (α)
740 5373 874 5429 Cod.
928 5379 1054 5445 vat._
1082 5369 1410 5445 622,_nona_
1437 5379 1486 5424 et
1536 5370 1778 5445 vicesima
1813 5365 2112 5445 diarium!-

553 5435 767 5500 mensis.
825 5445 960 5499 Acta
1017 5441 1295 5507 Comhef.,
1345 5441 1600 5512 πέμπτην
1646 5440 1737 5493 ἐπὶ
1782 5435 1970 5490 εἰκάδα
2017 5435 2108 5488 τοῦ

551 5515 853 5586 Νοξμϐρίου
877 5513 1062 5584 μηνός.

619 5580 692 5656 (ὁ)
720 5580 976 5656 ljotetitus
999 5580 1341 5656 vocabulum.

623 5646 694 5721 (e)
725 5652 800 5707 En
827 5667 1025 5706 novum
1062 5651 1431 5705 testimonium
1463 5649 1531 5706 de
1555 5656 1796 5704 veterum
1841 5646 2106 5701 Christia-

551 5737 744 5780 norum
771 5736 903 5778 cura
953 5721 1144 5775 devota
1189 5723 1503 5791 sanguinem
1542 5726 1836 5786 martyrum
1885 5732 2104 5772 conser-

2225 4515 2404 4580 Pater,
2448 4518 2504 4570 in
2533 4522 2625 4570 tua
2649 4524 2703 4570 te
2727 4515 2915 4571 sedere
2951 4513 3250 4583 cathedra;
3287 4527 3349 4572 et
3391 4533 3531 4573 cum
3562 4518 3758 4572 crebro
3781 4511 3826 4567 id

2223 4610 2400 4680 ipsum
2432 4615 2770 4678 repeterent,
2812 4620 3040 4676 surgens
3089 4605 3325 4662 Domini
3374 4610 3649 4664 minister
3696 4606 3827 4677 ejus.

2222 4702 2368 4758 modi
2427 4700 2675 4770 querelas
2723 4697 3015 4768 tranquilla
3043 4711 3175 4753 voce
3207 4699 3508 4765 sedabat,
3543 4709 3603 4756 et
3649 4701 3831 4755 iterum

2220 4795 2276 4851 in
2320 4792 2509 4849 eodem
2540 4789 2775 4846 scabello
2797 4788 3092 4844 residebat.
3131 4786 3392 4847 Cunctis
3435 4801 3636 4848 autem
3673 4788 3833 4844 humi-

2219 4885 2388 4941 litatis
2434 4883 2608 4955 gratia
2664 4883 2766 4936 hoc
2815 4882 2899 4952 agi
2958 4879 3280 4936 videbatur.
3339 4884 3624 4949 Quodam
3667 4892 3838 4938 autem

2219 4991 2426 5044 magna:
2459 4974 2762 5030 festivitatis
2793 4973 2881 5028 die
2914 4987 3038 5027 cum
3077 4985 3254 5026 sacra.
3276 4975 3616 5030 missarum
3651 4973 3840 5030 solem-

2215 5071 2306 5124 nia
2339 5077 2546 5140 ageret,
2589 5073 2642 5122 et
2672 5066 2778 5120 tale
2823 5063 2954 5134 quid
3014 5063 3190 5118 facere
3219 5065 3445 5132 vellet,
3517 5083 3642 5123 non
3673 5065 3843 5122 solum

2215 5163 2469 5234 populus,
2497 5159 2592 5216 sed
2616 5157 2778 5212 etiam
2808 5156 2987 5211 clerus
3017 5168 3274 5210 consona
3315 5173 3480 5214 voce
3521 5159 3846 5214 inclaman-

2211 5368 2393 5433 vandi,
2428 5366 2494 5421 de
2536 5377 2640 5471 αξξ
2670 5376 2728 5414 re
2749 5356 2842 5411 diu
2870 5356 3145 5412 Boldettus
3170 5354 3230 5408 in
3283 5356 3660 5414 Caemeteriis
3711 5351 3847 5412 HM.

2211 5440 2282 5471 lih
2339 5455 2354 5471 ι
2411 5451 2510 5471 mm
2668 5446 2817 5471 ςρηιι-

2209 5440 2302 5494 lib.
2339 5455 2378 5500 ι,
2411 5451 2527 5505 cap.
2565 5434 2633 5487 9.7
2667 5446 2818 5501 seqq.
3028 5496 3039 5508 .
3321 5500 3336 5511 .

2209 5506 2620 5630 v“(nihilieitgl‘lige
2649 5513 2869 5557 cursum
2895 5496 3169 5568 publicum
3192 5497 3632 5559 vehicularem
3660 5499 3748 5556 νει
3765 5508 3858 5552 ηδ.

2206 5591 2520 5634 vncularem.

2275 5649 2342 5720 (e)
2373 5645 2719 5708 Graecismus,
2749 5645 2846 5711 pro
2880 5637 3147 5694 suburbio.
