3980 6318
204 343 301 399 ωδ

1536 336 1716 393 ACTA
1750 335 2063 391 SINCERA.

3318 326 3417 382 I69

202 473 279 522 tes
304 462 561 517 dixerunt
592 479 603 514 :
657 459 794 515 Sede
838 461 893 514 in
932 461 1059 518 sede
1112 467 1204 514 tua
1226 500 1239 523 ,
1276 473 1308 513 ο
1351 459 1625 528 episcope.
1660 434 1757 512 ιιιὲ
1783 467 1827 518 Α
1856 456 2085 510 virtutes
2118 452 2227 509 fieri
2287 468 2395 507 non
2425 450 2703 507 deficiunt.
2730 450 2826 503 Pia
2880 447 3078 505 etenim
3126 458 3250 504 vota
3282 450 3421 505 felici

200 567 397 618 autem,
449 553 732 624 cujusdam
784 554 1027 625 mysterii
1084 552 1365 616 conscius,
1420 552 1522 606 hoc
1567 549 1756 604 audire

199 649 605 715 dissimulavit;
670 647 906 717 datoque
960 645 1221 701 reticendi
1278 644 1521 707 indicio,
1582 658 1757 713 neque

198 745 337 801 enim
383 744 433 798 ei
465 742 756 812 quisquam
809 740 1074 795 obsistere
1115 737 1447 809 pertinacius
1502 735 1754 799 audebat,

199 837 354 893 silere
389 849 585 889 omnes
633 832 795 897 fecit,
845 840 900 887 et
930 831 1283 887 nihilominus
1324 828 1566 900 ejusdem
1614 828 1758 883 sedis

198 926 431 982 scabello
456 923 730 989 subsedit;
755 922 1145 992 celebratisque
1182 936 1247 976 ex
1274 936 1426 977 more
1469 919 1757 974 missarum

198 1018 515 1084 solemniis,
556 1016 933 1086 unusquisque
970 1013 1208 1069 fidelium
1244 1013 1311 1067 ad
1347 1013 1565 1083 propria
1593 1026 1762 1080 repe-

195 1109 361 1164 davit.

259 1198 359 1252 Vir
414 1208 598 1253 autem
647 1196 885 1259 Domini,
936 1195 1151 1251 clericis
1202 1194 1508 1257 accersitis,
1568 1192 1759 1245 intima

196 1291 489 1347 serenitate
511 1289 860 1359 tranquillus,
885 1303 1118 1358 arguens
1138 1302 1232 1342 eos
1260 1284 1607 1342 temeritatis:
1627 1284 1759 1345 Cur,

196 1383 391 1451 inquit,
419 1382 691 1435 laicorum
716 1380 941 1434 vocibus
970 1378 1189 1431 admisti
1216 1393 1301 1432 me
1328 1377 1618 1446 objurgare
1652 1388 1759 1427 non

194 1469 807 1525 erubuistis?Attamen
846 1466 973 1538 quia
1017 1468 1139 1522 talis
1182 1467 1487 1537 objurgatio
1536 1480 1645 1519 non
1696 1464 1763 1519 de

192 1565 471 1634 iactantiae
504 1578 730 1617 emnoso
756 1569 1018 1627 torrente,
1053 1563 1146 1619 sed
1182 1563 1248 1618 de
1276 1563 1569 1633 purissimo
1616 1561 1763 1615 fonte

195 1655 513 1709 dilectionis
544 1654 801 1717 manavit,
836 1653 1073 1723 aperiam
1106 1652 1260 1707 vobis
1305 1653 1469 1721 hujus
1519 1650 1761 1723 mysterii

196 1754 492 1801 secretum.
526 1744 853 1815 Plerumque
875 1745 1019 1799 enim
1050 1761 1172 1800 cum
1216 1746 1413 1799 throno
1442 1746 1515 1799 illi
1550 1760 1764 1816 appro-

1856 547 2198 603 exauditione
2222 545 2490 608 laetantur,
2521 541 2911 598 intirmantium
2942 542 3200 597 sanitates
3222 550 3426 597 restau-

1858 645 2067 700 rantur,
2091 636 2437 707 expulsiones
2483 632 2885 689 immundorum
2934 634 3246 703 spirituum,
3278 650 3423 688 mar-

1859 730 1993 800 tyris
2044 730 2293 783 meritum
2350 726 2729 783 testificantur.
2767 723 2890 779 llaec
2922 740 3166 789 munera,
3200 726 3424 780 Domine

1857 820 2019 885 Jesu,
2071 830 2159 875 tua
2200 829 2362 884 sunt,
2425 820 2511 874 cui
2569 819 2977 876 consuetudinis
3023 827 3106 873 est
3160 827 3423 890 martyres

1859 924 1982 969 tuos
2032 920 2155 983 post
2206 912 2395 967 mortis
2424 910 2645 967 exitium
2680 913 2759 967 sic
2791 910 3134 983 magnificare
3175 910 3419 977 felicius;

1858 1005 1950 1075 qui
2002 1019 2126 1059 cum
2169 1002 2327 1057 Patre
2371 1010 2426 1057 et
2475 1003 2921 1058 consubstantiali
2970 1009 3160 1058 sancto
3220 1001 3422 1073 Spiritu

1860 1096 1998 1151 vivis
2046 1103 2100 1150 et
2162 1108 2358 1165 regnas
2405 1108 2500 1163 per
2557 1094 2767 1149 infinita
2822 1094 3019 1149 saecula
3080 1094 3421 1151 seculorum.

1859 1189 2028 1242 Amen
2053 1185 2146 1258 (ι).

1934 1280 2063 1337 Post
2118 1280 2232 1334 hate
2266 1278 2497 1348 qualiter
2540 1277 2647 1331 doli
2702 1278 2893 1334 artifex
2955 1280 3145 1349 lupus,
3195 1278 3296 1333 hoc
3344 1287 3427 1333 est

1862 1373 2060 1439 Arius,
2126 1372 2286 1427 ovina
2349 1370 2485 1439 pelle
2530 1378 2835 1434 contectus,
2896 1370 3236 1425 Dominicum
3288 1372 3429 1426 ovile

1862 1465 2124 1519 dilaniare
2163 1463 2464 1523 intraverit,
2502 1461 2583 1515 vel
2611 1478 2719 1530 quo
2756 1470 2913 1532 pacto
2936 1463 3222 1518 sacerdotii
3252 1461 3429 1533 digni-

1863 1564 2026 1612 tatem
2050 1570 2313 1625 usurpare
2341 1555 2586 1617 valuerit,
2612 1554 2760 1610 brevi
2799 1555 2970 1608 relatu
3007 1554 3285 1610 insinuare
3318 1563 3430 1607 sat-

1864 1664 2104 1720 agemus.
2140 1646 2205 1700 Et
2251 1647 2353 1702 hoc
2381 1664 2489 1702 non
2521 1649 2584 1702 ad
2620 1662 2806 1702 eorum
2858 1647 3288 1716 suggillatiouem
3334 1648 3427 1716 qui

1864 1743 2048 1796 lolium
2079 1739 2391 1811 apostatica:
2416 1740 2754 1813 contagionis
2792 1740 2999 1794 caelesti
3033 1740 3329 1795 ventilabro
3362 1738 3429 1792 ab

195 1841 400 1894 simare
444 1839 589 1903 volo,
624 1838 782 1893 video
809 1839 1099 1909 quamdam
1145 1838 1199 1891 in
1249 1854 1315 1894 eo
1349 1840 1535 1895 sedere
1579 1842 1765 1895 virtu-
1796 1837 1835 1891 Β
1866 1834 2107 1889 Ecclesia
2132 1834 2430 1904 projectum
2462 1832 2527 1886 ad
2564 1848 2745 1887 aream
2775 1832 3068 1888 Dominicze
3105 1832 3299 1887 messis
3347 1845 3428 1885 re-

194 1941 294 1987 tem
328 1932 432 2001 (α),
464 1931 673 2001 fulgore
701 1931 923 1986 luminis
953 1931 1241 1987 admodum
1289 1933 1606 1989 radiantem.
1642 1933 1763 1989 Mox

194 2038 320 2091 ergo
346 2022 493 2075 inter
524 2021 784 2092 gaudium
816 2029 869 2074 et
892 2038 1142 2091 pavorem
1175 2039 1506 2092 suspensus,
1530 2040 1764 2096 agnosco

196 2128 275 2167 tne
335 2122 503 2167 tanta:
564 2112 831 2167 sessionis
884 2129 1109 2183 prorsus
1176 2116 1486 2186 indignum;
1541 2125 1595 2171 et
1658 2118 1763 2172 nisi

197 2200 443 2255 scandali
500 2201 857 2255 seminarium
921 2204 1123 2273 populo
1168 2205 1369 2261 inferre
1422 2207 1762 2271 titubassem,

194 2292 333 2347 haud
357 2292 590 2347 dubium
642 2292 772 2361 quin
803 2308 901 2347 nec
936 2295 1036 2363 ipsi
1066 2296 1301 2351 scabello
1330 2296 1569 2352 assidere
1601 2313 1765 2353 ausus

198 2386 440 2441 fuissem.
500 2384 631 2440 Inde
662 2394 766 2447 est,
819 2372 1272 2451 charissimi'filii,
1327 2388 1469 2459 quod
1513 2389 1667 2443 vobis
1711 2389 1766 2444 in

196 2478 291 2531 hoc
313 2476 687 2547 pontificalem
718 2478 958 2547 regulam
991 2477 1251 2531 excedere
1280 2479 1486 2532 videor.
1528 2481 1769 2534 Verum-

199 2579 370 2624 tamen
422 2570 709 2623 multoties
756 2568 975 2639 quando
1021 2584 1140 2624 eam
1194 2581 1471 2626 vacantem
1536 2574 1765 2643 aspicio,

200 2665 332 2719 sicut
380 2665 491 2735 ipsi
527 2671 696 2719 testes
723 2664 958 2729 adestis,
991 2680 1145 2721 more
1176 2666 1337 2721 solito
1366 2667 1551 2723 sedere
1582 2670 1636 2723 in
1679 2670 1767 2723 illa

200 2774 298 2812 non
327 2757 542 2811 abnuo.
578 2756 921 2827 Quapropter
972 2757 1285 2826 hujusmodi
1341 2761 1572 2815 scientes
1613 2776 1769 2815 arca-

200 2867 349 2911 num,
383 2857 443 2905 et
472 2865 575 2920 pro
603 2860 753 2904 certo
781 2858 1062 2919 expertum
1097 2850 1375 2911 habentes.
1406 2852 1533 2921 quia
1564 2853 1608 2909 si
1638 2854 1767 2909 mihi

202 2936 357 2991 fuerit
386 2939 686 3000 indultum,
727 2939 925 2993 sedebo
957 2955 1120 3008 super
1148 2955 1264 2994 eam
1287 2982 1301 3004 ,
1349 2958 1455 2997 non
1488 2944 1771 3013 parvipen-

196 3026 331 3082 dens
363 3028 579 3083 ordinis
609 3028 947 3099 dignitatem,
983 3030 1219 3085 omittite
1258 3031 1369 3099 jam
1422 3034 1770 3102 popularibus

198 3120 430 3174 ulterius
462 3118 645 3176 favere
665 3121 1156 3178 inclamationibus.
1190 3122 1311 3177 llaec
1335 3125 1586 3180 nimirum
1610 3125 1772 3181 Pater

1865 1942 2060 1980 vocare
2103 1935 2230 1981 sunt
2260 1926 2374 1980 ausi
2403 1942 2419 1991 ;
2465 1925 2517 1978 hi
2552 1925 2694 1979 enim
2724 1927 3011 1980 sanctitate
3052 1924 3238 1994 procul
3266 1924 3431 1979 dubio

1866 2021 2107 2088 insignes
2160 2018 2443 2079 habentur,
2485 2015 2578 2071 sed
2634 2024 2813 2071 tamen
2859 2025 3010 2071 tanto
3050 2016 3164 2069 viro
3209 2016 3433 2072 credere

1867 2108 2354 2180 parvipendentes,
2390 2107 2587 2163 divinae
2628 2108 2893 2177 jussionis
2942 2107 3225 2162 interdicta
3253 2114 3426 2162 trans—

1866 2206 2035 2275 gressi
2072 2212 2219 2259 sunt.
2257 2205 2392 2271 Quid
2416 2206 2581 2275 ergo?
2632 2204 3080 2274 reprehendimus
3138 2205 3272 2259 eos?
3328 2205 3425 2259 mi-

1867 2299 2030 2352 nime.
2056 2296 2307 2363 Quandiu
2328 2297 2471 2353 enim
2504 2313 2603 2353 nos
2646 2298 2748 2351 hoc
2772 2296 3129 2365 corruptibile
3177 2304 3433 2365 aggravat

1866 2405 2066 2459 corpus
2120 2397 2174 2444 et
2235 2390 2487 2459 deprimit
2550 2399 2761 2445 terrena
2830 2390 3148 2444 inbabitatio
3214 2405 3430 2444 sensum

1868 2491 2066 2537 nostrae
2097 2482 2462 2544 infirmitatis,
2518 2482 2672 2535 multi
2722 2482 3021 2551 cogitantes
3082 2480 3300 2535 facilius
3337 2480 3435 2534 fal-

1868 2577 2073 2639 luntur,
2115 2581 2367 2644 putantes
2425 2574 2627 2643 justum
2684 2589 2806 2628 esse
2839 2573 2984 2642 quod
3037 2581 3121 2628 est
3167 2573 3433 2643 iniquum,

1868 2674 2074 2723 castum
2105 2667 2250 2737 quod
2284 2674 2367 2719 est
2398 2666 2683 2721 incestum.
2716 2665 3028 2720 Gabaonitae
3061 2666 3268 2720 cwlesti
3292 2680 3440 2719 coir-

1870 2758 2161 2813 minatione
2192 2758 2405 2827 penitus
2455 2757 2689 2823 delendi,
2740 2772 2863 2810 cum
2918 2756 3064 2811 aliud
3095 2757 3351 2812 haberent
3383 2755 3440 2810 in

1871 2860 2031 2914 voto,
2094 2859 2147 2904 et
2199 2848 2345 2902 aliud
2400 2849 2455 2903 in
2503 2863 2635 2902 voce
2688 2847 2984 2917 habituque
3021 2847 3433 2916 praetenderent,

1867 2941 2049 2996 Jcsum
2087 2940 2523 3011 repromissionis
2558 2949 2717 2994 terra.
2742 2936 3108 3009 iustissimum
3147 2937 3437 2991 divisorem

1872 3033 2102 3089 celerius
2134 3033 2316 3088 fallere
2337 3040 2651 3104 potuerunt.
2690 3030 2857 3086 David
2891 3047 3105 3102 quoque
3137 3031 3437 3101 prOphctali

1872 3124 2088 3180 flamine
2126 3126 2317 3194 plenus
2357 3141 2479 3179 cum
2514 3124 2675 3179 verba
2711 3124 3019 3179 mentientis
3051 3123 3201 3193 pueri
3235 3122 3304 3194 (c)
3338 3138 3437 3176 au-

198 3214 587 3267 sanctissimus
618 3212 748 3267 dum
780 3213 957 3268 adhuc
978 3215 1179 3271 viveret
1214 3217 1280 3271 ad
1321 3233 1536 3274 sacrum
1572 3220 1775 3274 clerum
1804 3197 1848 3259 (ἶ
1879 3217 2080 3279 disset;
2112 3216 2237 3270 lieet
2270 3215 2629 3285 investigabili
2670 3215 2926 3284 justeque
2968 3214 3057 3269 Dei
3079 3213 3307 3283 judicio,
3357 3221 3438 3266 ts-

196 3313 419 3359 coactus
449 3303 725 3373 exposuit.
1032 3352 1035 3355 .

263 3391 481 3447 Horum
513 3408 643 3463 ergo
677 3392 878 3448 Christi
914 3392 1098 3450 ﬁdeles
1142 3396 1229 3464 pia
1277 3394 1561 3452 devotione
1616 3398 1779 3453 remi—

196 3485 501 3549 niscentes,
533 3485 779 3538 tulerunt
806 3485 923 3554 ejus
976 3486 1406 3541 sacratissimum
1443 3504 1671 3557 corpus,
1726 3498 1779 3544 et

196 3575 495 3648 episcopali
537 3577 677 3631 solio
715 3575 1069 3645 supersedere
1102 3576 1363 3632 fecerunt.
1408 3578 1578 3632 Tanta
1625 3580 1779 3634 deni-

196 3684 297 3736 que
330 3668 527 3722 laatitia
568 3675 827 3738 tantaque
859 3668 1150 3723 exsultatio
1184 3669 1399 3723 caelitus
1433 3671 1631 3740 populo
1666 3672 1779 3727 col-

196 3757 300 3810 lata
333 3767 450 3820 est,
483 3771 548 3810 ac
583 3757 629 3811 si
656 3772 776 3810 eum
817 3758 1111 3811 animatum
1145 3774 1207 3812 ac
1244 3759 1511 3813 viventem
1540 3761 1782 3815 attende-

199 3858 337 3903 rent.
376 3848 591 3903 Deinde
635 3848 921 3905 odoriferis
968 3850 1282 3906 condientes
1313 3853 1647 3907 aromatibus
1694 3853 1779 3906 in-

200 3938 444 3993 duerunt
506 3938 659 3991 illum
718 3938 911 3994 sericis
968 3938 1344 4007 indumentis;
1412 3942 1784 4012 unusquisque

196 4031 339 4083 enim
402 4026 561 4099 quod
620 4027 921 4097 anticipare
975 4027 1194 4083 ferendo
1228 4036 1468 4098 poterat,
1524 4029 1627 4084 hoc
1681 4030 1784 4085 sibi

198 4122 508 4175 maximum
559 4121 768 4175 lucrum
808 4120 1116 4199 deputabat.
1148 4120 1283 4177 Tum
1335 4123 1577 4178 victricia
1633 4124 1785 4195 signa

197 4216 409 4283 palmas
447 4220 724 4283 gerentes,
776 4213 1179 4270 flammantibus
1210 4216 1417 4280 cereis,
1454 4231 1785 4287 concrepan-

200 4306 343 4362 tibus
379 4305 634 4379 bymnis,
667 4306 1124 4379 flagrantibusque
1174 4308 1636 4379 thymiamatibus,
1676 4325 1787 4366 c03-

198 4398 350 4454 lestis
388 4399 645 4455 victoria:
669 4398 1001 4469 triumphum
1031 4401 1389 4467 celebrantes,
1418 4380 1797 4474 deposuerunt.

1878 3324 2001 3362 men
2046 3308 2201 3377 longe
2252 3306 2396 3360 aliud
2430 3309 2539 3376 egit
2571 3322 2731 3376 quam
2758 3322 2878 3362 esse
2910 3322 2997 3361 res
3038 3306 3245 3360 habuit.
3303 3305 3440 3372 Quid

1878 3400 2039 3454 etiam
2075 3399 2335 3468 apostolis
2385 3400 2692 3461 sublimius,
2737 3399 2826 3469 qui
2864 3414 2922 3453 se
2973 3414 3001 3452 a
3052 3408 3236 3452 nostra
3269 3397 3440 3452 imbe-

1879 3488 2100 3542 cillitate
2128 3496 2475 3557 sequestrate
2522 3487 2887 3542 nutaverunt?
2922 3485 3053 3539 Nam
3083 3501 3224 3540 unus
3253 3500 3440 3540 eorum

1879 3578 2137 3633 describit
2191 3597 2205 3633 :
2257 3577 2323 3632 In
2366 3577 2545 3633 multis
2597 3577 2905 3647 offendimus
2964 3592 3137 3629 omnes
3198 3577 3236 3628 ¹.
3295 3575 3441 3630 Alter

1881 3686 2130 3739 quoque:
2164 3669 2224 3726 Si
2266 3672 2577 3735 dixerimus,
2623 3669 2816 3739 inquit,
2862 3668 2988 3740 quia
3026 3677 3291 3736 peccatum
3341 3684 3443 3721 non

1880 3763 2149 3828 habemus,
2184 3765 2283 3831 ipsi
2312 3780 2405 3817 nos
2436 3762 2731 3817 seducimus
2780 3770 2830 3815 et
2861 3761 3051 3815 veritas
3078 3761 3131 3813 in
3160 3759 3306 3814 nobis
3343 3777 3444 3813 non

1881 3865 1957 3907 est
1987 3856 2029 3905 ¹.
2069 3850 2173 3907 Sed
2214 3868 2336 3907 cum
2369 3852 2560 3906 borum
2594 3867 2693 3906 nos
2731 3848 2975 3921 pcenitet,
3028 3856 3180 3903 tanto
3232 3848 3445 3903 facilius

1882 3945 2094 3999 veniam
2149 3960 2540 4015 promeremur,
2592 3942 2810 4013 quando
2858 3959 2967 3997 non
3016 3942 3293 3996 voluntate
3352 3940 3445 3996 sed

1884 4038 2190 4110 ignorantia
2218 4039 2299 4093 vel
2340 4038 2631 4108 fragilitate
2668 4036 3033 4107 peccavimus.
3065 4034 3129 4088 Et
3158 4042 3305 4089 certe
3347 4034 3445 4087 hu-

1881 4131 2120 4203 jusmodi
2148 4130 2349 4187 ofl‘ensa
2379 4148 2485 4187 non
2507 4131 2573 4185 de
2599 4129 3056 4201 praevaricationis
3086 4126 3277 4181 adectu
3297 4166 3311 4189 ,
3353 4125 3446 4180 sed

1884 4225 1951 4281 de
1980 4224 2373 4293 compassionis
2397 4222 2724 4294 indulgentia
2748 4222 3030 4291 processit.
3061 4217 3323 4274 Caeterum
3353 4232 3447 4271 su-

1886 4332 1982 4387 per
2037 4316 2122 4371 bis
2178 4315 2567 4386 apologeticum
2633 4312 2939 4369 describere
2999 4312 3120 4366 aliis
3189 4308 3449 4377 relinqui-

1886 4424 2008 4463 mus
2034 4408 2139 4479 (d);
2181 4423 2280 4463 nos
2304 4416 2479 4462 autem
2508 4406 2651 4476 quod
2686 4405 2851 4460 instat
2879 4418 3120 4475 agamus.
3152 4400 3445 4471 Postquam

198 4501 431 4547 sanctas
475 4492 759 4562 reliquias,
789 4500 843 4548 et
868 4493 1192 4563 sepelierunt
1238 4510 1331 4551 eas
1360 4497 1415 4550 in
1451 4498 1781 4563 cmmeterin,
1815 4536 1859 4591 Β
1889 4500 2054 4570 igitur
2088 4497 2406 4568 magnificus
2458 4504 2823 4569 propugnator
2850 4492 3064 4558 Petrus,
3100 4491 3315 4547 nomine
3347 4504 3448 4544 suo

195 4582 341 4652 quod
389 4582 610 4638 dudum
662 4583 732 4638 ab
776 4600 839 4639 eo
887 4583 1059 4639 fuerat
1104 4595 1507 4651 constructum,
1568 4588 1659 4643 ubi
1715 4602 1783 4642 ex

196 4682 326 4732 tunc
380 4685 445 4732 et
483 4691 659 4747 usque
714 4677 769 4729 in
824 4676 1142 4733 hodiernum
1203 4678 1344 4734 diem
1399 4679 1784 4735 miraculorum

264 4836 349 4903 (α)
387 4833 645 4906 Ιᾼηιειιίεθ
670 4834 753 4889 vel
784 4835 958 4904 ipsum
990 4834 1157 4906 Deum
1189 4835 1573 4906 velgangelum.

265 4907 344 4975 (ὁ)
385 4904 532 4972 Quae
586 4904 889 4975 sequuntur
938 4906 1004 4959 de
1040 4905 1171 4960 Ario
1214 4904 1503 4960 infeliciter
1552 4904 1790 4975 adipreo-

197 4974 557 5048 sbyteratum
594 4974 879 5048 assmnpto
926 4990 954 5048 a
996 4990 1312 5048 successore
1366 4976 1507 5048 Petri
1559 4974 1788 5048 Achilla,

197 5046 683 5170 :b‘s‘urgeeomnino
732 5046 802 5099 ab
839 5046 991 5099 Actis
1027 5046 1434 5101 Combefisianis
1488 5056 1543 5102 et
1594 5061 1624 5099 a
1665 5046 1786 5100 cod.

243 5133 273 5170 a
306 5160 322 5170 .
484 5156 496 5167 .

243 5133 322 5172 al.
356 5133 496 5169 οτι.

271 5190 355 5257 (c)
384 5184 541 5241 Puto
571 5185 653 5241 vel
682 5185 1033 5241 Absalomum
1060 5184 1142 5240 vel
1177 5182 1381 5252 Sibam,
1416 5183 1459 5238 ll
1500 5184 1631 5254 Reg.
1678 5203 1791 5251 11v,

269 5344 287 5375 '
325 5340 469 5398 Jac.
496 5356 580 5406 111,
600 5340 655 5394 2.
729 5342 750 5372 ¹
788 5338 816 5395 1
850 5338 1007 5395 Ιοαη.
1043 5357 1081 5408 1,
1107 5342 1157 5397 8.

1885 4588 2102 4661 dignus,
2130 4603 2221 4658 per
2243 4586 2484 4658 martyrii
2505 4585 2926 4657 triumphum...

2342 4677 2561 4748 Reliqua
2611 4676 2995 4731 desiderantur.

1888 4835 1985 4898 35;
2012 4849 2119 4895 xv1,
2148 4835 2199 4888 5.

1960 4904 2039 4973 (ά)
2064 4903 2294 4958 Pulchra
2352 4918 2482 4958 sane
2531 4903 2810 4968 defensio;
2838 4916 2900 4957 ex
2933 4916 3040 4971 qua
3079 4900 3241 4973 etiam
3279 4897 3451 4973 conji-

1869 4968 1998 5036 .cio,
2022 4968 2267 5028 Crzecum
2306 4974 2451 5027 Petri
2499 4973 2856 5044 biographum
2884 4968 3069 5044 prope
3097 4968 3340 5044 abfuisse
3382 4968 3451 5022 ab

1892 5045 2134 5112 ejusdem
2169 5044 2522 5115 temporibus,
2552 5040 2987 5115 quandoquidem
3031 5040 3204 5111 ipsius
3233 5052 3451 5115 succes-

1896 5108 2029 5180 sori,
2062 5114 2217 5184 quasi
2243 5108 2417 5169 adhuc
2442 5108 2691 5171 recentis
2727 5108 3019 5176 memorias,
3052 5108 3175 5165 'tam
3210 5108 3453 5164 studiose

1895 5187 2287 5256 patrocinatur.
