3980 6318
535 337 636 394 ιδ’]

1566 339 1624 395 S.
1660 338 1863 395 PETRI
1900 339 2367 398 ALEXANDRINI
2398 342 2704 402 EPISCOPI

546 517 3761 546 ammmm

1385 753 2161 941 SANCTI
2249 766 2899 940 PETRI

965 1093 1510 1189 EPISCOPI
1581 1070 2422 1189 ALEXANDBINI
2497 1100 2651 1192 ET
2720 1099 3341 1191 MARTYRIS

1391 1331 2088 1447 EPISTOLA
2180 1333 2963 1484 CANONICA,

986 1576 1297 1640 Theodori
1351 1576 1750 1640 Balsamonis
1782 1588 1840 1640 et
1879 1579 2148 1641 Joannis
2179 1581 2444 1642 Zonarw
2472 1583 2934 1657 commentariis
2964 1582 3313 1648 illustrata.

597 1742 688 1807 (Β.
710 1739 856 1792 Petri
876 1738 1199 1792 Alexandrini
1220 1739 1915 1816 Canoguesﬁpostﬁallandlom
1938 1740 2096 1816 edidit
2122 1741 2597 1816 ΔΑιιεηὶὶιιξκδρὶεὶι.
2633 1747 2770 1816 ξοηι.
2802 1758 2887 1816 χιι,
2922 1745 3035 1816 ut,
3054 1774 3116 1784 —
3136 1746 3211 1798 Ex
3236 1751 3383 1802 variis
3412 1750 3722 1805 lectionibus

1303 1803 1523 1866 potiores
1543 1803 1850 1865 admisimus;
1878 1803 2099 1866 reliquas
2121 1803 2281 1854 textui
2305 1803 2616 1869 subiecimus.
2643 1809 2777 1858 Emr.
2803 1806 3041 1872 Pauor“)

533 2102 763 2162 ΒΕΑΤΙ
834 2102 1058 2159 PETRI
1119 2101 1710 2160 ARCHIEPISCOPI
1774 2102 2152 2168 ALEXAN—l

2212 2107 2333 2161 ΤΟΥ
2367 2108 2757 2161 αΜΑΚΛΡΙΟΥ
2798 2111 3402 2167 ΑΡΧῙΕΠΙΣΚΟΠΟΥ
3450 2114 3787 2170 ΑΛΕΞΑΝ-

606 2172 828 2241 DRIN!
900 2173 994 2228 ET
1063 2172 1441 2229 MARTYRIS
1508 2172 1901 2230 CANONES.
1968 2174 2103 2241 QUI

610 2240 1008 2299 FERUNTUR
1056 2243 1138 2298 IN
1178 2243 1545 2301 SERMONE
1591 2242 1773 2300 EJUS
1814 2242 1909 2298 DE
1947 2240 2108 2300 PIE—

608 2313 1006 2370 NITENTIA.

1171 2499 1399 2556 CANON
1424 2501 1468 2557 1.

613 2612 632 2645 ι
676 2591 947 2660 Quoniam
978 2601 1160 2648 autem
1204 2602 1460 2664 quartum
1516 2594 1725 2652 Pascha
1768 2597 2107 2667 persecutio-

540 2701 561 2736 ι
607 2700 730 2740 nem
755 2684 867 2755 jam
896 2684 1271 2756 apprehendit,
1308 2687 1442 2742 satis
1473 2694 1557 2742 est
1607 2689 1663 2743 in
1708 2688 1776 2744 iis
1818 2689 1914 2759 qui
1941 2686 2104 2742 delati

541 2794 562 2827 ι
609 2777 828 2846 quidem
860 2787 986 2833 sunt
1008 2777 1062 2832 in
1081 2777 1496 2849 custodiamque
1526 2781 1779 2852 conjecti,
1808 2788 2106 2835 tormenta-

542 2886 564 2920 ι
607 2883 715 2938 que
773 2884 882 2924 non
913 2869 1240 2936 suﬂerenda,
1272 2879 1326 2927 et
1371 2871 1732 2927 intolerabilia
1790 2871 2000 2944 ﬂagella
2051 2883 2106 2928 et

542 2979 560 3009 ι
611 2960 807 3016 multas
852 2961 989 3016 alias
1041 2977 1236 3032 graves
1287 2963 1643 3020 necessitates
1700 2965 2101 3031 sustinuerunt,

542 3070 560 3103 ι
610 3063 796 3123 postea
824 3061 1004 3110 autem
1036 3062 1165 3109 sunt
1194 3070 1226 3109 a
1263 3058 1448 3111 carnis
1478 3055 1850 3112 imbecillitate
1880 3056 2101 3128 proditi,

542 3163 564 3199 ο
604 3147 824 3203 etiamsi
855 3162 966 3202 non
993 3147 1062 3202 ab
1089 3147 1246 3203 initio
1275 3148 1517 3218 suscepti
1566 3156 1693 3203 sunt
1739 3158 1962 3219 propter
1982 3165 2106 3220 gra-

538 3255 564 3292 ο
606 3254 724 3295 vem
758 3238 972 3309 lapsum
1027 3248 1383 3297 consecutum
1418 3257 1431 3294 :
1461 3247 1642 3295 tamen
1690 3240 1819 3310 quia
1872 3242 2103 3297 multum

546 3348 568 3382 ι
614 3329 964 3386 decertarunt
984 3337 1038 3385 et
1071 3330 1163 3386 diu
1193 3330 1512 3387 restiterunt
1540 3349 1552 3385 :
1587 3347 1696 3385 non
1735 3331 1880 3387 enim
1913 3341 2106 3403 sponte

545 3439 565 3473 ι
613 3422 680 3476 ad
713 3436 776 3477 ea
796 3420 1154 3486 devenerunt,
1190 3421 1284 3477 sed
1312 3437 1342 3476 a
1368 3423 1551 3478 carnis
1580 3422 1954 3480 imbecillitate
1979 3440 2107 3495 pro-

2274 2179 2543 2231 ΔΡΕΙΑΣ
2561 2180 2851 2245 ΠΕΤΡΟΥ,
2865 2182 2999 2235 ΚΑΙ
3015 2183 3419 2246 ΜΑΡΤΥΡΟΣ,
3437 2187 3788 2241 ΚΑΝΟΝΕΣ

2265 2248 2800 2321 ΕΜΦΕΡΟΜΕΝΟΙ
2841 2252 2943 2305 ΕΝ
2991 2252 3074 2321 Τῼ
3123 2255 3303 2307 ΠΕΡΙ
3349 2252 3788 2312 ΜΕΤΑΝΟΙΑΣ

2272 2322 2318 2372 Α
2333 2319 2524 2372 rTor
2555 2321 2772 2390 ΛΟΙᾫ.

2829 2501 3070 2555 ΚΑΝΩΝ
3097 2505 3177 2556 A'.

2279 2610 2296 2643 ι
2329 2591 2464 2645 Επεὶ
2495 2592 2674 2646 τοίνυν
2709 2592 2968 2665 τέταρτον
3009 2593 3108 2665 ήδη
3161 2593 3351 2663 Πάσχα
3390 2593 3786 2667 ἐπικατείληφε

2208 2701 2227 2734 ι
2266 2683 2356 2737 τὸν
2374 2682 2632 2755 διωγμὸν,
2653 2685 2937 2758 αὐτάρκως
2952 2685 3063 2757 ἔχει
3082 2687 3196 2749 τοῖς
3222 2686 3320 2756 μὲν
3345 2685 3785 2758 προσενεχθεῖσι,

2208 2794 2228 2828 ι
2270 2777 2365 2831 καὶ
2398 2776 2794 2847 φυλακισθείσι,
2828 2779 3092 2850 βασάνους
3121 2796 3180 2832 τε
3220 2779 3575 2843 ἀνυποίστους
3598 2782 3616 2810 ¹
3649 2781 3789 2834 ὑπο-

2209 2888 2228 2921 ι
2275 2868 2627 2941 μεμενηκόσι,
2664 2871 2758 2924 καὶ
2786 2872 3091 2944 ἀφορήτους
3124 2871 3414 2943 μάστιγας,
3448 2871 3543 2925 καὶ
3576 2871 3789 2937 πολλὰς

2209 2980 2228 3013 ⁸
2264 2961 2451 3034 ἑτέρας
2480 2963 2726 3033 ἀνάγκας
2756 2962 2954 3028 δεινὰς,
2981 2963 3206 3036 ὕστερον
3228 2964 3284 3017 δὲ
3310 2964 3726 3036 προδεδομένοις
3744 2966 3787 2996 ¹⁹

2209 3074 2228 3106 ι
2269 3053 2374 3107 ὑπὸ
2415 3054 2515 3125 τῆς
2550 3055 2831 3117 ἀσθενείας
2872 3056 2973 3126 τῆς
3003 3055 3224 3125 σαρκὸς,
3268 3056 3317 3107 εί
3359 3055 3555 3127 καὶμὴ
3588 3056 3789 3130 ἑξάρ-

2209 3165 2229 3199 ι
2266 3146 2370 3218 χῆς
2404 3146 2810 3219 παρεδέχθησαν
2842 3147 2929 3202 διὰ
2977 3147 3072 3219 τὴν
3093 3147 3653 3219 παρακολουθήσασαν
3684 3168 3790 3221 με·

2210 3253 2228 3285 ι
2269 3236 2460 3304 γίστην
2515 3235 2739 3300 πτῶσιν,
2797 3237 2946 3307 ὅμως
2976 3236 3064 3290 διὰ
3102 3237 3162 3290 τὸ
3188 3237 3356 3291 πολλὰ
3390 3238 3590 3302 αὐτοὺς
3618 3240 3791 3312 ἠθλη-

2210 3345 2229 3378 ι
2269 3327 2421 3381 κέναι
2451 3327 2543 3381 καὶ
2571 3329 2664 3381 ἐπὶ
2686 3328 2819 3382 πολὺ
2846 3329 3308 3401 ἀντιμαχέσασθαι
3336 3333 3357 3363 ³
3392 3331 3472 3401 (ού
3502 3331 3615 3404 γὰρ
3643 3334 3787 3387 κατὰ

2212 3439 2230 3470 ι
2272 3420 2588 3492 προαίρεσιν
2627 3421 2686 3473 ὲν
2732 3420 2903 3493 τούτῳ
2948 3420 3288 3493 ἐληλύθασιν,
3334 3421 3469 3475 ἀλλὰ
3496 3440 3785 3497 statas-.90-

543 3534 562 3565 ς
605 3513 745 3569 diti:
773 3529 900 3568 nam
952 3522 1007 3569 et
1048 3515 1303 3585 stigmata
1341 3510 1472 3570 Iesu
1520 3515 1576 3568 in
1626 3516 1742 3571 suis
1784 3517 2106 3587 corporibus
2136 3510 2152 3520 ”

2212 3529 2229 3562 ι
2264 3510 2506 3575 δοθέντες
2535 3511 2641 3565 ὑπὸ
2657 3513 2755 3585 τῆς
2781 3512 3064 3577 ἀσθενείας
3087 3514 3184 3584 τῆς
3208 3513 3449 3584 σαρκὸς),
3472 3515 3665 3585 ἐπειδὴ
3690 3518 3787 3569 καὶ

541 3623 561 3657 ι
606 3613 898 3667 ostentant.
931 3614 985 3661 et
1030 3607 1278 3663 nonnulli
1325 3622 1469 3662 anno
1508 3608 1622 3677 jam
1664 3608 1827 3663 tertio
1857 3608 2052 3664 deﬂent
2088 3629 2102 3664 :

542 3713 561 3745 ι
609 3697 690 3750 eis
715 3696 784 3750 ab
819 3697 1056 3752 adventu
1087 3714 1182 3769 per
1233 3699 1636 3755 revocationem
1683 3700 1738 3755 in
1785 3702 2105 3757 memoriam

543 3803 565 3838 ι
612 3787 705 3840 alii
737 3789 1099 3861 quadraginta
1126 3790 1245 3847 dies
1278 3791 1655 3863 injungantur,
1689 3809 1827 3864 quos
1855 3810 1979 3850 cum
2014 3796 2100 3865 je-

539 3895 562 3931 ι
603 3879 852 3949 junasset
877 3879 1139 3937 Dominus
1167 3888 1222 3937 et
1251 3880 1511 3938 Servator
1539 3892 1726 3940 noster
1755 3884 1915 3942 Jesus
1943 3887 2105 3941 Chri-

540 3990 562 4023 ι
608 3977 748 4036 stus,
773 3979 1059 4043 postquam
1091 3973 1400 4043 baptizatus
1440 3975 1638 4042 fuerat,
1675 3986 1916 4033 tentatus
1947 3986 2030 4033 est
2070 3996 2101 4033 a

542 4082 563 4115 ς
608 4062 844 4119 diabolo.
876 4063 937 4118 In
970 4064 1171 4134 quibus
1200 4074 1254 4121 et
1298 4066 1400 4136 ipsi
1450 4082 1576 4122 cum
1621 4068 1779 4124 valde
1818 4069 2102 4125 exercitati

540 4172 561 4204 ε
609 4152 830 4217 fuerint,
863 4160 918 4211 et
949 4156 1292 4213 constantius
1310 4157 1680 4227 jejunaverint
1708 4178 1720 4213 :
1748 4159 2006 4230 deinceps
2043 4162 2097 4215 in

539 4258 560 4292 ι
603 4242 943 4300 orationibus
978 4245 1650 4319 vigilabuntzmeditantes
1699 4250 1845 4321 quod
1893 4249 2098 4307 dictum

537 4351 558 4386 ι
602 4344 687 4390 est
712 4350 743 4389 a
767 4333 997 4391 Domino
1024 4337 1090 4392 ad
1121 4353 1244 4393 eum
1286 4339 1380 4410 qui
1414 4342 1562 4395 illum
1587 4349 1773 4406 tentat,
1805 4347 1865 4396 ut
1920 4342 2100 4413 ipsum

537 4443 560 4480 ι
603 4427 793 4482 adoret
820 4446 833 4483 :
860 4427 960 4483 Abi
1018 4444 1168 4498 pone,
1213 4430 1416 4486 Satana
1456 4448 1474 4488 :
1512 4433 1765 4502 scriptum
1809 4443 1886 4488 est
1934 4436 2105 4493 enim:

539 4537 559 4569 ι
608 4517 887 4574 Dominum
921 4531 1068 4575 tuum
1099 4511 1371 4591 adorabis,
1408 4534 1455 4580 et
1488 4525 1571 4578 illi
1592 4525 1695 4580 soli
1718 4527 1904 4581 servies
1941 4538 1988 4581 ι.
2039 4547 2057 4579 ι

2208 3623 2226 3655 ι
2271 3603 2544 3675 στίγματα
2569 3603 2663 3659 τοῦ
2707 3603 2881 3678 Ἰησοῦ
2916 3605 3271 3659 ἐνδείκνυνται
3300 3607 3353 3660 ἐν
3397 3609 3510 3670 τοῖς
3533 3605 3787 3678 σώμασιν

2208 3717 2226 3749 ι
2265 3697 2471 3751 ἑαυτῶν
2491 3698 2556 3764 ³⁸,
2577 3698 2671 3750 καὶ
2691 3696 2791 3769 ἤδη
2807 3696 2951 3759 τινὲς
2965 3696 3143 3768 τρίτον
3163 3696 3279 3761 ἔτος
3302 3697 3484 3767 ἔχουσι
3509 3715 3789 3751 καταπεν-

2208 3809 2226 3844 ι
2266 3788 2515 3853 θοῦντες’
2567 3788 3092 3861 προσεπιτιμηθῆναι
3120 3790 3301 3852 αὐτοῖς
3333 3789 3440 3842 ἀπὸ
3478 3789 3582 3859 τῆς
3618 3807 3788 3862 προσ-

2207 3900 2226 3933 (
2263 3880 2526 3944 ελεύσεως
2582 3880 2702 3935 καθ’
2765 3880 3069 3953 ὑπόμνησιν
3137 3880 3302 3944 ἄλλας
3368 3881 3785 3954 τεσσαράκοντα

2208 3995 2227 4027 ι
2268 3974 2497 4047 ἡμέρας,
2526 3973 2612 4039 ἃς,
2638 3975 2837 4047 καίπερ
2860 3973 3159 4045 νηστεύσας
3188 3976 3216 4027 ὁ
3244 3975 3447 4047 Κύριος
3469 3975 3563 4027 καὶ
3588 3975 3784 4048 Σωτὴρ

2208 4084 2226 4116 ι
2266 4066 2424 4137 ἡμῶν
2480 4063 2688 4137 Ἰησοῦς
2739 4063 3002 4135 Χριστὸς,
3075 4061 3213 4134 μετὰ
3259 4063 3319 4117 τὸ
3375 4060 3782 4134 βαπτισθῆναι,

2209 4178 2227 4208 ι
2265 4156 2563 4229 ἐπειράσθη
2611 4155 2716 4209 ὑπὸ
2764 4154 2856 4209 τοῦ
2901 4153 3145 4208 διαϐόλου
3172 4171 3186 4184 ·
3250 4156 3330 4217 εἰς
3368 4153 3437 4217 ἃς
3488 4154 3583 4207 καὶ
3624 4153 3783 4207 αὐτοὶ

2208 4271 2227 4304 ι
2264 4250 2403 4306 κατὰ
2428 4250 2489 4303 τὸ
2517 4249 2770 4320 περισσὸν
2796 4247 3300 4319 διαγυμνασθέντες,
3324 4245 3686 4318 εὐτονώτερόν
3714 4248 3781 4277 "‘

2210 4364 2229 4397 ι
2266 4361 2328 4397 τε
2378 4341 2667 4415 νήψαντες,
2708 4342 3144 4413 γρηγορήσουσιν
3204 4342 3284 4404 είς
3335 4340 3646 4413 προσευχὰς
3685 4339 3781 4394 τοῦ

2208 4455 2230 4489 ι
2265 4435 2474 4499 λοιποῦ,
2499 4432 2972 4506 καταμελετῶντες
2999 4432 3062 4485 τὸ
3087 4431 3407 4504 λελεγμένον
3433 4433 3523 4463 "“
3550 4433 3658 4485 ὑπὸ
3685 4431 3783 4485 τοῦ

2211 4545 2230 4578 ι
2266 4524 2468 4596 Κυρίου
2499 4524 2633 4598 πρὸς
2653 4523 2743 4576 τὸν
2763 4520 3088 4591 πειράζοντα
3114 4522 3294 4585 αὑτὸν,
3316 4522 3401 4576 ἴνα
3422 4527 3780 4597 προσκυνήσει

537 4631 558 4667 ι
592 4614 773 4687 αὐτῷ’
814 4617 1031 4688 Ὕπαγε
1073 4619 1264 4674 ὀπίσω
1310 4638 1453 4691 μου,
1482 4619 1744 4679 Σατανᾶ·
1789 4620 2108 4692 γέγραπται
2163 4622 2293 4693 γὰρ,
2336 4621 2556 4689 Κύριον
2621 4618 2727 4672 τὸν
2771 4618 2918 4671 Θεόν
2971 4634 3087 4671 σου
3144 4616 3614 4686 προσκυνήσεις,
3682 4618 3780 4673 καὶ

539 4726 559 4762 ι
599 4710 759 4776 αὐτῷ
781 4712 947 4781 μόνῳ
972 4716 1344 4783 λατρεύσεις.
1382 4736 1401 4768 ›

604 4804 765 4864 ΒΑιε.
791 4806 1096 4868 Praesentes
1125 4828 1368 4869 canones
1386 4821 1625 4870 tractant
1652 4816 1719 4872 de
1746 4816 1816 4873 iis
1850 4817 1941 4888 qui
1971 4831 2097 4886 pro-
2122 4821 2152 4878 ε

2268 4812 2464 4867 ΒΑΛΣ.
2497 4812 2560 4865 Οἱ
2590 4809 2857 4881 παρόντες
2886 4809 3108 4874 κανόνες
3138 4809 3268 4882 περ)⁸
3299 4809 3406 4864 τῶν
3434 4810 3494 4863 ὲν
3518 4808 3780 4882 διωγμοῖς

533 4896 711 4966 priam
742 4898 902 4955 ﬁdem
933 4902 988 4956 in
1014 4905 1488 4973 persecutionibus
1524 4917 1880 4979 negaverunt,
1902 4916 1957 4963 et
1978 4923 2099 4978 pea-

533 4987 818 5043 nitentiam
841 5004 1090 5063 egerunt.
1123 4994 1189 5049 Et
1218 4996 1373 5066 jubet
1409 4997 1628 5067 quidem
1659 4999 1870 5069 primus
1898 5011 2103 5063 canon;

528 5080 614 5137 eis
658 5082 755 5152 qui
798 5091 922 5153 post
946 5088 1137 5141 multa
1171 5097 1438 5145 tormenta
1466 5091 1866 5154 sacriﬁcarunt,
1897 5099 1957 5145 ut
2004 5092 2100 5163 qui

533 5182 758 5243 propter
794 5173 1217 5234 imbecillitatem
1268 5197 1617 5253 perseverare
1653 5200 1764 5240 non
1802 5186 2097 5255 potuerint,

535 5269 587 5316 et
611 5263 665 5316 in
690 5265 1009 5333 paenitentia
1042 5279 1154 5325 tres
1181 5286 1356 5328 annos
1385 5276 1772 5347 transegerint,
1800 5277 1937 5332 alios
1963 5293 2100 5348 quo-

536 5369 642 5424 que
667 5354 1027 5429 quadraginta
1075 5361 1193 5420 dies
1235 5363 1467 5436 injungi,
1497 5374 1551 5422 et
1573 5366 1654 5422 sic
1694 5368 1927 5422 admitti.
1962 5368 2098 5424 Nota

537 5456 832 5519 praesentes
855 5464 1117 5519 canones,
1161 5455 1257 5526 qui
1288 5457 1437 5512 varia
1471 5458 1719 5530 quaedam
1747 5467 1801 5517 et
1827 5459 1980 5515 utilia
2006 5461 2102 5516 de—

642 5617 668 5645 -
690 5603 886 5663 Hann.
913 5620 988 5672 IV,
1024 5606 1113 5664 10.

2201 4903 2594 4979 ἀρνησαμένων
2646 4903 2751 4973 τὴν
2787 4900 2994 4956 οἰκείαν
3042 4902 3243 4967 πίστιν,
3272 4901 3367 4956 καὶ
3414 4903 3778 4974 μετανοησάν-

2199 5015 2329 5061 των,
2379 4994 2821 5068 διαλαμὸἅνουσι.
2874 4994 2986 5049 Καὶ
3034 4988 3245 5049 ἀὐτίκα
3277 4996 3306 5047 ό
3330 4992 3546 5065 πρῶτος
3598 4993 3779 5048 κανὼν

2200 5088 2591 5154 διακελεύεται,
2622 5087 2747 5151 τοὺς
2781 5085 3047 5151 θύσαντας
3076 5085 3214 5157 μετὰ
3263 5086 3525 5156 βασάνους
3552 5086 3778 5151 πολλὰς,

2202 5182 2279 5246 ὼς
2340 5182 2414 5254 μὴ
2450 5179 2775 5252 δυνηθέντας
2798 5178 2886 5233 διὰ
2916 5178 3199 5232 ἀσθένειαν
3236 5178 3664 5249 ἐγκαρτερῆσαι,
3684 5179 3775 5232 καὶ

2200 5275 2621 5341 διαϐιϐάσαντας
2660 5276 2788 5347 τρία
2831 5273 2924 5346 ἔτη
2949 5274 3006 5326 ὲν
3036 5274 3102 5344 τῇ
3151 5271 3428 5344 μετανοίᾳ,
3457 5288 3771 5343 προσεπιτισ

2162 5400 2183 5420 .
2208 5368 2443 5440 μηθῆναι
2475 5368 2567 5421 καὶ
2590 5367 2780 5440 ἑτέρας
2819 5363 3226 5436 τεσσαράκοντα
3250 5363 3479 5435 ἡμέρας,
3513 5363 3610 5416 καὶ
3635 5361 3777 5416 οὕτω

2207 5458 2477 5532 δεχθῆναι.
2507 5461 2579 5531 Ση
2590 5460 2817 5531 μείωσαι
2844 5457 2969 5522 τοὺς
2998 5456 3273 5529 παρόντας
3291 5456 3522 5520 κανόνας
3545 5452 3775 5529 διοριζο-

1813 5724 2050 5781 ἻΑΒΙᾹΞ
2085 5723 2486 5786 LECTIONES.

637 5849 658 5886 ⁸
690 5848 1042 5919 ἀνηκέστους.
1100 5856 1164 5929 η¹⁶
1199 5855 1624 5928 προδιδομένοις.
1696 5862 1716 5895 ³
1740 5859 2151 5933 ἁντιμάχεσθαι.
2228 5866 2270 5897 ³⁸
2298 5861 2495 5917 αὐτῶν.
2573 5863 2638 5895 ’⁸⁸
2671 5857 3044 5931 ἐντονώτερον.
3111 5862 3203 5896 ³·⁶⁶
3234 5858 3544 5931 λεγόμενον.
