3980 6318
210 312 317 366 469

1425 308 1758 366 EPISTOLA
1798 307 2164 365 CANONICA.

3329 312 3434 368 470

211 422 408 496 μένους
454 421 686 491 διάφορά
718 438 839 475 τινα
865 422 959 474 καὶ
980 423 1267 490 ἀναγκαῖα,
1292 423 1449 492 χάριν
1481 421 1587 493 τῶν
1612 423 1769 493 ἀρνη-

1887 421 2079 475 ﬁniunt
2104 422 2159 474 in
2189 419 2417 491 gratiam
2441 434 2629 475 eorum
2665 419 2757 491 qui
2807 419 2976 475 Deum
3006 420 3361 493 abnegarunt,
3381 434 3435 479 ct

209 515 407 569 σιθέων
433 513 735 585 ζητούντων
783 514 1090 583 μετάνοιαν,
1126 514 1219 567 καὶ
1258 515 1384 584 περὶ
1413 514 1517 566 τῶν
1548 514 1778 584 αὐτομο-

205 606 491 677 λησάντων
538 608 619 669 είς
672 604 732 657 τὸ
766 605 1061 678 μαρτύριον
1088 607 1181 658 καὶ⁵
1213 606 1659 668 ἐκπεπτωκότων,
1686 606 1778 659 καὶ

204 698 369 754 πάλιν
421 696 867 769 ὁμολογησάντων
922 697 1020 768 τὴν
1069 697 1267 761 πίστιν,
1306 698 1401 750 καὶ
1435 699 1563 768 περὶ⁵
1604 697 1776 751 ἄλλων

198 788 368 841 τινῶν
431 785 707 839 τοιούτων.
760 787 919 853 Ζήτει
952 785 1261 854 ἀναγκαίως
1287 787 1378 839 καὶ
1411 788 1534 850 τοὺς
1564 786 1777 849 πλείους

198 881 440 944 κανόνας
464 880 566 950 τῆς
591 882 649 932 ὲν
694 878 935 950 Ἀγκύρςι
962 878 1199 933 συνόδου.

272 973 525 1028 ΖΩΝΔΡ.
570 972 871 1043 Διαιρέσεις
911 975 1195 1025 ποιεῖταιὸ
1232 974 1386 1041 ἆγιος
1420 965 1572 1037 οὗτος
1592 973 1778 1044 Πατὴρ

196 1067 314 1120 τῶν
346 1068 404 1121 ὲν
461 1066 718 1136 διωγμοῖς
764 1066 1155 1136 ἀρνησαμένων
1205 1066 1303 1136 τὴν
1353 1067 1535 1120 πίστιν
1565 1070 1662 1136 τὴν
1701 1067 1778 1118 οἱ-

196 1158 382 1220 κείαν,
417 1157 511 1210 καί
555 1174 738 1227 φησιν,
768 1158 848 1210 ὅτι
890 1161 1001 1221 τοῖς
1033 1156 1241 1227 ἀχθεῖσι
1280 1158 1415 1227 πρὸς
1436 1159 1560 1220 τοὺς
1582 1159 1777 1229 τυράν-

196 1269 351 1315 νους,
380 1252 475 1304 καὶ
497 1252 577 1313 είς
602 1250 845 1321 φυλακὴν
875 1250 1208 1321 ἐμϐληθεῖσι,
1230 1250 1488 1321 βασάνους
1512 1268 1567 1305 τε
1590 1252 1779 1321 ἀνηκέ-

198 1358 365 1405 στους
384 1341 845 1412 ὑπομεμενηκόσι,
869 1342 966 1395 καὶ
994 1342 1331 1413 ἀφρονήτους
1356 1340 1417 1412 (f.
1453 1342 1777 1413 ἀφορήτους)

195 1434 498 1504 μάστιγας,
514 1432 608 1485 καὶ
632 1432 812 1502 σχεδὸν
832 1433 1078 1495 ἀνιάτους
1101 1434 1195 1486 καὶ
1210 1432 1607 1504 ἀθεραπεύτους
1629 1432 1777 1502 (ἄκος

194 1525 314 1595 γὰρ
343 1526 375 1595 ἡ
399 1524 660 1595 θεραπεία
687 1524 821 1585 ἐστὶ,
846 1524 939 1577 καὶ
966 1524 1257 1591 ἀνήκεστον
1277 1525 1337 1577 τὸ
1367 1523 1774 1596 ἀθεράπευτον),

192 1622 297 1673 καὶ
318 1618 480 1680 ἄλλας
500 1616 760 1685 ἀνάγκας,
779 1617 871 1669 καὶ
896 1616 1034 1687 μετὰ
1058 1616 1226 1670 ταῦτα
1254 1617 1560 1685 ὑποκύψασι
1580 1618 1672 1670 καὶ
1693 1617 1780 1670 θύ-

194 1728 384 1771 σασιν,
410 1708 484 1771 ὡς
520 1709 622 1761 ὑπὸ
654 1710 751 1779 τῆς
778 1707 1055 1770 ἀσθενείας
1078 1708 1177 1779 τῆς
1206 1709 1404 1779 σαρκὸς
1449 1709 1773 1782 προδοθεῖσι,

1878 514 2249 583 paenitentiam
2272 519 2482 583 petunt,
2512 520 2567 569 et
2588 513 2655 569 de
2686 515 2751 569 iis
2784 515 2874 585 qui
2906 514 2974 568 ad
3004 518 3318 587 martyrium
3355 520 3436 571 ul-

1879 616 1961 661 tro
1993 607 2339 673 advolarunt,
2372 616 2425 663 et
2456 609 2592 679 lapsi
2634 617 2783 675 sunt,
2815 617 2868 664 et
2897 626 3089 665 rursus
3118 611 3276 666 ﬁdem
3306 622 3436 667 sunt

1877 697 2135 763 confessi,
2159 706 2213 754 et
2245 700 2313 753 de
2364 699 2486 754 aliis
2536 700 2856 770 quibusdam
2904 702 3193 770 ejusmodi.
3247 703 3437 769 Quaere

1878 792 2038 846 etiam
2069 808 2179 847 non
2220 794 2425 862 absque
2457 791 2635 846 fructu
2667 794 2930 864 plurimos
2963 810 3199 851 canones
3241 798 3435 869 synodi

1878 882 2203 956 Ancyranze.

1950 976 2149 1031 Zona.
2186 977 2332 1031 Inter
2355 993 2448 1033 eos
2466 978 2557 1047 qui
2586 977 2914 1033 turbulentis
2941 980 3274 1049 temporibus
3311 996 3437 1050 pro-

1877 1069 2050 1139 priam
2085 1066 2239 1122 ﬁdem
2272 1068 2937 1137 abnegarunt,discrimcn
2962 1079 3184 1126 sanctus
3210 1072 3298 1125 hic
3332 1071 3437 1126 Pa-

1878 1171 1960 1216 ter
2002 1161 2213 1222 statuit,
2258 1161 2459 1231 aitque,
2491 1162 2584 1231 qui
2618 1161 2683 1215 ad
2714 1170 2973 1233 tyrannos
3015 1164 3093 1217 rei
3137 1164 3243 1217 acti
3285 1175 3432 1230 sunt,

1878 1268 1941 1307 ac
1966 1255 2021 1308 in
2051 1253 2269 1307 vincula
2303 1254 2557 1321 conjecti,
2595 1261 2968 1324 tormentaque
3000 1256 3319 1325 gravissima
3340 1257 3435 1312 ﬁa-

1878 1346 2124 1416 gellaque
2160 1346 2302 1399 haud
2335 1346 2660 1409 tolerabilia,
2694 1362 2918 1417 quaeque
2955 1349 3101 1402 nulla
3146 1366 3433 1421 propemo-

1877 1436 2005 1490 dum
2036 1448 2189 1498 cura,
2223 1444 2315 1488 aut
2341 1434 2610 1490 medicina
2642 1435 2820 1489 sanari
2857 1445 3077 1505 possent
3107 1436 3256 1507 (ἄκος
3282 1454 3438 1491 ηίιιιι⁴

1877 1543 1981 1599 que
2023 1528 2346 1580 curationem
2388 1525 2691 1596 significat,
2736 1535 2926 1597 estque
2963 1530 3257 1599 ἀνήκεστον
3293 1530 3435 1585 idem

1876 1618 2021 1689 quod
2042 1617 2467 1684 immedicabile),
2499 1618 2741 1687 aliasque
2772 1620 3126 1689 necessitates
3160 1622 3434 1677 sustinue-

1878 1718 2043 1775 runt;
2081 1723 2141 1762 ac
2170 1715 2357 1777 postea
2387 1708 2804 1763 succumbentes
2840 1709 3209 1775 immolarunt,
3244 1713 3433 1766 velata

196 1804 276 1874 μὴ
337 1802 651 1872 δυνηθείσης
698 1802 858 1872 μέχρι
898 1800 1082 1863 τέλους
1111 1802 1510 1874 ἐγκαρτερῆσαι
1536 1807 1645 1867 τοῖς
1678 1803 1769 1856 ἀλ-

1876 1802 2056 1857 carnis
2097 1800 2465 1855 imbecillitate
2508 1799 2730 1870 proditi,
2776 1816 2895 1871 quae
2933 1802 2999 1855 ad
3055 1802 3212 1856 ﬁnem
3264 1820 3434 1873 usque

192 1896 421 1962 γεινοίς,
454 1894 657 1965 ἀρκεῖό
690 1892 969 1962 παρελθὼν
1001 1892 1188 1963 χρόνος
1210 1896 1287 1957 είς
1314 1894 1651 1966 ἐπιτίμησιν.
1676 1895 1776 1947 Τέ-

194 2001 403 2055 ταρτον
430 1984 536 2055 γάρ
558 2000 720 2055 φησιν
750 1984 851 2053 ἤδη
898 1983 1085 2054 Πάσχα
1114 1986 1532 2056 ὲπικατείληφεν
1551 2028 1564 2050 ,
1588 1987 1768 2053 ὲξότου

198 2076 524 2130 πεπτώκασι
566 2077 663 2148 τὴν
719 2077 974 2147 μεγίστην
1025 2075 1249 2131 πτῶσιν.
1289 2080 1396 2131 Καὶ
1424 2081 1470 2131 εί
1512 2080 1652 2149 τάχα
1682 2082 1774 2134 καὶ

196 2168 254 2231 ἐξ
281 2167 482 2238 ἀρχῆς,
514 2168 601 2219 ὅτε
630 2164 929 2236 προσῆλθον
960 2165 1405 2236 μεταμελόμενοι,
1425 2168 1524 2219 οὐκ
1550 2167 1773 2237 ὲδέχθη-

200 2276 338 2323 σαν,
366 2262 513 2331 ὅμως
549 2262 630 2313 ὅτι
658 2261 718 2313 οὐ
753 2261 892 2313 κατὰ
950 2262 1265 2333 προαίρεσιν
1288 2254 1451 2329 ἦλθον
1484 2261 1563 2323 είς
1590 2260 1649 2311 τὸ
1682 2259 1773 2311 θῦ-

201 2364 323 2410 σαι,
356 2350 448 2403 καὶ
477 2350 809 2418 ἀντέστησαν
832 2350 1082 2414 ἐπιπολὺ,
1115 2352 1208 2404 καὶ
1243 2349 1515 2419 στίγματα
1546 2348 1637 2403 τοῦ
1674 2350 1775 2421 Ἰη-

201 2439 328 2502 σοῦ,
354 2441 514 2513 ἡγουν
554 2440 823 2511 μώλωπας
849 2441 957 2494 τῶν
979 2441 1329 2513 τραυμάτων,
1363 2434 1436 2493 ὧν
1465 2441 1773 2512 ὑπέστησαν

200 2536 348 2607 ὑπὲρ
373 2534 464 2589 τοῦ
492 2535 749 2606 Χριστοῦ,
782 2535 983 2606 ἔχουσι,
1019 2536 1112 2590 καὶ
1145 2536 1243 2607 ἤδη
1272 2537 1450 2609 τρίτον
1482 2537 1600 2600 ἔτος
1629 2556 1771 2610 παρ·

200 2627 368 2697 ἦλθεν
396 2627 733 2681 πενθούντων
768 2628 942 2681 αὐτῶν
974 2628 1060 2682 διά
1084 2628 1179 2699 τὴν
1210 2629 1434 2691 πτῶσιν,
1455 2646 1770 2700 προσεπιτι-

206 2719 445 2789 μηθῆναι
490 2720 706 2791 ὥρισεν,
743 2721 862 2773 ἀντὶ⁹
886 2720 1001 2783 τοῦ,
1049 2722 1139 2773 ἐπὶ
1178 2722 1335 2774 πλέον
1363 2721 1767 2793 ὲπιτιμηθῆναι,

201 2812 368 2875 ἄλλας
438 2812 845 2883 τεσσαράκοντα
914 2812 1126 2883 ἡμέρας
1214 2813 1395 2877 ὲξότου
1467 2812 1769 2883 προσῆλθον

202 2901 494 2974 ζητοῦντες
549 2902 837 2973 δεχθῆναι·
880 2905 937 2955 ὲν
982 2900 1070 2968 αἷς
1128 2906 1219 2958 ἐπὶ
1268 2905 1426 2960 πλέον
1466 2905 1769 2975 γυμνασίαν

201 2995 587 3061 ἐπιδείξαντες,
613 2998 703 3049 καὶ
729 2996 1084 3067 εὐτονώτερον
1105 2996 1387 3067 νήψαντες,
1412 2998 1576 3067 ἤγουν
1608 3014 1769 3051 σπου-

198 3086 477 3158 δαιότερον
533 3088 857 3159 προσχόντες
917 3090 1147 3151 ἑαυτοῖς,
1205 3091 1639 3160 γρηγορήσουσιν
1687 3092 1766 3152 είς

199 3179 548 3250 προσευχὰς,
599 3180 1103 3251 καταμελετῶντες,
1168 3182 1332 3252 ἧγουν
1413 3183 1650 3252 συνεχῶς
1707 3184 1762 3235 ὲν

198 3270 438 3340 φροντίδι
488 3272 817 3341 ποιούμενοι,
850 3272 944 3325 καὶ
986 3271 1247 3337 λέγοντες,
1275 3273 1309 3327 ἃ
1334 3276 1362 3326 ό
1395 3274 1594 3345 Κύριος
1629 3274 1762 3345 πρὸς

194 3362 281 3415 τὸν
306 3364 636 3436 πειράζοντα
674 3358 842 3416 εἶπεν⁸
877 3364 1091 3432 Ὕπαγε
1113 3366 1303 3418 ὀπίσω
1324 3383 1461 3434 μου,
1493 3366 1721 3420 Σατανᾶ
1744 3383 1759 3397 ⁶

198 3451 515 3521 τέτραπται
544 3452 686 3521 γάρ’
727 3456 940 3522 Κύριον
968 3456 1072 3507 τὸν
1102 3457 1249 3508 Θεόν
1280 3472 1394 3508 σου
1432 3456 1764 3523 προσκυνή-

196 3560 345 3611 σεις,
376 3544 475 3598 καί
505 3543 665 3609 αὐτῷ
690 3545 853 3613 μόνῳ
881 3546 1247 3613 λατρεύσεις.

807 3732 1043 3785 ΚΑΝΩΝ
1072 3732 1145 3785 B'.

268 3839 288 3872 ‹
335 3822 461 3887 Τοῖς
486 3823 544 3876 δὲ
574 3823 711 3893 μετά
741 3823 799 3875 τὸ
832 3825 1221 3895 φυλακισθῆναι
1268 3826 1425 3890 μόνον
1458 3827 1478 3857 ⁸
1504 3828 1594 3880 καὶ
1628 3828 1760 3880 ὐπο-

204 3929 222 3961 ι
254 3914 623 3986 μεμενηκέναι
665 3916 763 3978 τὰς
790 3917 845 3968 ἐν
875 3915 952 3986 τῷ
986 3917 1357 3988 δεσμωτηρίῳ,
1392 3917 1465 3981 ὡς
1490 3917 1553 3971 ἂν
1584 3921 1640 3972 ὲν
1665 3937 1760 3972 ποο

202 4019 220 4053 ι
253 4002 494 4076 imparia,
565 4004 771 4074 θλίψεις
826 4024 882 4059 τε
938 4008 1031 4060 καὶ
1086 4008 1371 4072 δυσωδίας,
1431 4009 1653 4081 ὕστερον
1705 4011 1761 4065 δὲ

201 4112 218 4145 ι
256 4097 429 4167 χωρὶς
452 4096 689 4167 πολέμου
718 4098 960 4167 βασάνων
979 4100 1287 4171 γενομένοις
1307 4103 1348 4133 ⁸⁰
1376 4102 1759 4173 αἰχμαλώτοις,

201 4205 218 4237 ι
253 4187 397 4243 κατά
449 4190 649 4261 πολλὴν
705 4192 969 4262 πτωχείαν
1007 4193 1305 4264 δυνάμεως,
1336 4196 1427 4248 καὶ
1463 4197 1605 4250 κατά
1646 4216 1761 4251 τινα

199 4296 218 4327 ι
253 4280 567 4350 τυφλότητα
644 4282 1091 4353 τεθραυσμένοις,
1160 4286 1450 4357 ἐπαρκέσει
1519 4290 1760 4353 ἐνιαυτὸς

198 4388 216 4420 ι
256 4372 394 4440 πρὸς
440 4371 520 4441 τῷ
564 4373 733 4443 ἑτέρῳ
765 4375 966 4446 χρόνῳ*
1012 4376 1130 4427 ἐπεὶ
1168 4376 1301 4440 ὅλως
1339 4378 1430 4430 καὶ
1461 4379 1612 4431 αὐτοὶ
1642 4381 1761 4432 ἐπι-

198 4481 215 4513 ι
248 4462 548 4517 δεδώκασιν
605 4467 829 4530 ἑαυτοὺς
878 4468 1017 4538 ὑπὲρ
1042 4467 1134 4520 τοῦ
1193 4469 1452 4539 ὀνόματος
1490 4471 1582 4524 τοῦ
1625 4474 1760 4543 Χρι-
1793 4503 1839 4561 D

195 4574 214 4606 ι
252 4556 383 4610 στοῦ
412 4558 433 4588 ⁵
459 4556 735 4625 θλιϐἦναι’
785 4562 831 4612 εί
874 4561 966 4613 καὶ
1004 4559 1310 4613 ἀπέλαυσαν
1362 4563 1417 4614 ἐν
1457 4563 1533 4633 τῷ
1556 4564 1762 4633 δεσμω-

195 4668 212 4697 σ
247 4651 425 4721 τηρίῳ
462 4652 563 4719 τῆς
615 4650 764 4721 παρά
819 4652 925 4704 τῶν
977 4652 1216 4722 ἀδελφῶν
1272 4654 1473 4725 πολλῆς
1519 4656 1763 4710 ἀναπαυ-

194 4760 213 4793 ι
249 4758 414 4807 σεως.
442 4745 621 4815 Ἀπερ
655 4744 1085 4800 πολλαπλασίονα
1129 4746 1497 4814 ἀποδώσουσι,
1540 4748 1764 4802 ποθοῦν-

199 4852 216 4881 ο
256 4852 350 4897 τες
402 4836 741 4907 λυτρωθῆναι
790 4837 896 4889 ἀπὸ
945 4839 1045 4907 τῆς
1099 4840 1429 4911 πικροτάτης
1484 4842 1760 4911 αἰχμαλω-

193 4946 211 4977 σ
252 4928 382 4991 σίας
406 4928 498 4980 τοῦ
524 4928 791 4991 διαϐόλου,
835 4932 1163 5002 μεμνημένοι
1202 4933 1431 5003 μάλιστα
1457 4934 1547 4987 τοῦ
1574 4935 1757 5003 λέγον-

190 5036 211 5071 (
248 5035 370 5085 τος·
392 5022 635 5091 Πνεῦμα
666 5023 772 5076 τοῦ
795 5022 838 5054 δ’
865 5026 1084 5092 Kvplov
1107 5026 1196 5078 ἐπ’
1222 5027 1345 5096 ἐμὲ,
1372 5023 1443 5083 οὗ
1468 5028 1673 5081 ἕνεκεν
1694 5033 1759 5059 ν’

192 5130 210 5161 ι
248 5110 467 5180 ἔχρισέ
482 5130 557 5180 με
582 5130 595 5142 ·
623 5116 1123 5182 εὐαγγελίσασθαι
1140 5117 1393 5185 πτωχοῖς
1418 5118 1762 5173 ἀπέσταλκέ

191 5220 209 5249 ι
242 5218 353 5269 με,
386 5203 635 5270 κηρύξαι
677 5202 1069 5272 αἰχμαλώτοις
1110 5206 1344 5276 ἄφεσιν,
1380 5208 1478 5264 καὶ
1511 5209 1760 5279 τυφλοῖς

187 5307 209 5341 ε
249 5288 614 5359 ἀνάϐλεψιν,
640 5291 989 5347 ἀποστεῖλαι
1020 5298 1493 5366 τεθραυσμένους
1521 5299 1590 5351 ἐν
1617 5298 1759 5368 ἀφέ-

1876 1892 2145 1947 obdurare
2188 1891 2243 1944 in
2292 1891 2573 1945 doloribus
2626 1890 2769 1943 haud
2820 1893 3075 1962 potuerit,
3112 1894 3176 1949 iis
3220 1895 3433 1949 inuicta:

1875 1985 2096 2038 nomine
2142 1983 2431 2037 decursum
2479 1983 2593 2053 jam
2626 1992 2841 2053 tempus
2877 1984 3139 2040 suﬁicere.
3169 1984 3431 2051 Quartum

1875 2077 2166 2147 siquidem,
2204 2078 2397 2146 inquit,
2434 2076 2641 2131 Pascha
2670 2076 2782 2144 jam
2814 2085 3063 2131 exactum
3110 2088 3212 2143 est,
3236 2094 3301 2132 ex
3324 2094 3432 2147 quo

1875 2170 1930 2224 in
1955 2170 2335 2241 gravissimum
2372 2170 2514 2223 hunc
2568 2170 2806 2223 incidere
2859 2184 3067 2225 casum.
3108 2169 3184 2224 Ac
3219 2171 3432 2224 etiamsi

1874 2260 2014 2316 forte
2046 2261 2201 2315 initio
2234 2276 2357 2315 cum
2389 2260 2711 2329 pmnitentia
2740 2260 2887 2314 ducti
2922 2269 3293 2324 accesserunt,
3323 2276 3432 2313 non

1873 2361 2001 2410 sunt
2030 2353 2292 2423 suscepti,
2328 2360 2509 2407 tamen
2543 2352 2673 2422 quia
2720 2368 2829 2405 non
2880 2359 3073 2422 sponte
3118 2366 3433 2421 Processere

1873 2442 1940 2497 ad
1985 2444 2375 2498 immolandum
2406 2443 2609 2513 diuque
2652 2452 3037 2512 repugnarunt,
3083 2458 3146 2497 ac
3179 2443 3431 2513 stigmata

1871 2538 2020 2601 Jesu,
2049 2538 2335 2593 vulnerum
2360 2552 2553 2606 nempe
2591 2552 2710 2606 qua:
2740 2552 2838 2607 pro
2872 2536 3088 2591 Christo
3119 2536 3431 2593 sustinuere

1870 2629 2153 2685 cicatrices
2183 2637 2376 2698 gerunt
2402 2647 2413 2681 :
2449 2628 2749 2697 tertiusque
2772 2627 2885 2697 jam
2917 2627 3119 2682 cﬁluxit
3150 2642 3324 2682 annus
3362 2644 3430 2683 ex

1868 2736 1977 2792 quo
2006 2722 2190 2791 lugent
2222 2721 2434 2789 lapsum
2462 2720 2635 2782 illum,
2657 2720 2878 2788 insuper
2901 2720 3173 2783 mulctari,
3202 2720 3303 2775 hoc
3327 2731 3429 2785 est,

1870 2811 2006 2866 alios
2024 2812 2201 2866 adhuc
2227 2808 2585 2880 quadraginta
2618 2809 2734 2864 dies
2766 2825 2830 2863 ex
2857 2824 2965 2879 quo
2995 2810 3061 2864 ad
3093 2810 3431 2863 communio-

1869 2919 1993 2958 nem
2029 2902 2238 2956 admitti
2288 2902 2626 2970 postulantes
2670 2904 3051 2979 acCesserunt,
3082 2901 3298 2954 inuicta:
3326 2915 3427 2953 no-

1869 2994 2015 3048 mine
2046 2992 2410 3063 injungcndos
2431 3008 2551 3048 esse
2572 2992 2835 3048 decernit.
2859 2990 2916 3046 In
2946 2992 3144 3062 quibus
3166 2992 3426 3061 majorem

1870 3085 2047 3139 adhuc
2089 3084 2439 3141 ostendentes
2488 3083 2812 3153 pmnitenlize
2851 3082 3316 3148 exercitationem,
3344 3087 3428 3159 _et

1868 3177 2152 3242 intentius,
2187 3176 2290 3231 hoc
2332 3183 2437 3238 est,
2474 3174 2763 3229 attentiore
2804 3188 2936 3228 cura
2982 3173 3315 3242 jejunantes,
3341 3182 3425 3225 at-

1869 3268 2150 3325 tendentes
2181 3265 2557 3337 sibimetipsis,
2577 3265 2800 3336 vigilent
2836 3265 2890 3318 in
2921 3262 3281 3329 orationibus,
3312 3278 3427 3315 me-

1866 3365 2123 3429 ditantes,
2156 3361 2260 3416 hoc
2311 3367 2393 3415 est
2427 3359 2609 3412 animo
2646 3366 2903 3427 perpetuo
2934 3365 3236 3419 versantes,
3267 3370 3426 3411 voce-

1866 3473 1971 3529 que
1996 3462 2326 3524 usurpantes
2360 3466 2479 3522 qua:
2510 3449 2775 3504 Dominus
2805 3446 2871 3501 ad
2904 3455 3223 3501 tentatorem
3249 3447 3380 3501 dixit
3408 3468 3421 3502 :

1864 3549 1964 3604 Abi
1994 3564 2124 3617 pone
2154 3564 2252 3610 me,
2296 3544 2544 3609 Satana;
2581 3542 2829 3609 scriptum
2854 3549 2930 3594 est
2960 3539 3426 3594 enim:Dominum

1865 3642 2033 3697 Deum
2064 3650 2210 3694 tuum
2231 3635 2504 3701 adorabis,
2531 3646 2580 3688 et
2606 3635 2687 3688 illi
2713 3634 2813 3688 soli
2842 3632 3052 3687 servies.

2473 3725 2702 3782 CANON
2744 3725 2807 3781 ll.

1940 3844 1960 3877 ι
2002 3824 2071 3880 lis
2100 3836 2277 3878 autem
2323 3820 2416 3892 qui
2463 3830 2750 3891 postquam
2799 3819 2855 3872 in
2893 3818 3195 3873 custodiam
3246 3815 3424 3871 traditi

1870 3936 1887 3968 ι
1939 3927 2087 3983 sunt,
2114 3925 2167 3972 et
2200 3917 2257 3971 in
2289 3930 2529 3979 carcere,
2580 3922 2837 3984 tanquam
2890 3914 2944 3967 in
2996 3911 3297 3975 obsidione,
3344 3910 3427 3964 af-

1872 4026 1890 4059 ‹
1938 4006 2205 4062 ﬁictiones
2236 4020 2538 4077 gravesque
2580 4003 2778 4059 fetores
2828 4004 2973 4074 passi
3030 4009 3186 4068 sunt;
3238 4010 3426 4071 postea

1870 4118 1889 4151 ι
1936 4106 2120 4153 autem
2154 4098 2271 4153 sine
2303 4097 2443 4152 bello
2469 4104 2865 4151 tormentorum
2898 4094 3099 4163 captivi
3123 4092 3251 4148 facti
3274 4099 3423 4156 sunt,

1870 4212 1890 4247 ι
1933 4191 2099 4247 nimia
2123 4192 2318 4247 virium
2342 4192 2522 4261 inopia
2544 4200 2595 4245 et
2620 4187 2853 4260 quadam
2876 4188 3120 4243 caecitate
3137 4185 3423 4252 confracti,

1869 4303 1887 4336 ι
1934 4300 2112 4341 annus
2141 4284 2208 4338 ad
2252 4284 2396 4339 aliud
2438 4291 2653 4353 tempus
2684 4281 2963 4353 injunctus
2998 4278 3225 4335 suﬁiciet
3258 4298 3271 4334 :
3299 4294 3423 4332 nam

1870 4396 1889 4428 ι
1937 4379 2042 4449 ipsi
2065 4392 2282 4448 quoque
2311 4392 2370 4432 se
2405 4377 2629 4431 omnino
2655 4391 2755 4447 pro
2787 4372 3006 4429 nomine
3059 4370 3261 4426 Christi
3290 4370 3427 4424 aﬁli-

1870 4486 1888 4518 ι
1931 4466 2136 4539 gendos
2174 4465 2413 4522 dedere:
2460 4466 2506 4521 si
2538 4467 2701 4520 etiam
2732 4480 2762 4517 a
2810 4464 3069 4519 fratribus
3112 4464 3167 4518 in
3208 4477 3427 4518 carcere

1870 4579 1889 4613 ι
1934 4561 2158 4613 multam
2182 4557 2607 4615 consolationem
2653 4556 2888 4612 assecuti
2940 4563 3086 4610 sunt.
3141 4554 3271 4621 Quae
3304 4556 3426 4625 qui-

1871 4672 1888 4704 ι
1937 4653 2059 4708 dem
2091 4651 2451 4722 multiplicata
2488 4650 2747 4714 reddent,
2781 4650 3002 4705 liberari
3050 4650 3331 4720 cupientes
3358 4648 3427 4703 ab

1870 4766 1887 4798 ι
1935 4744 2289 4800 acerbissima
2312 4744 2628 4815 captivitate
2654 4744 2878 4809 diaboli,
2914 4743 3034 4813 ejus
3074 4743 3307 4798 maxime
3340 4755 3426 4795 re-

1872 4856 1890 4889 ι
1936 4836 2227 4892 cordantes
2256 4838 2351 4906 qui
2386 4836 2519 4891 dicit
2551 4855 2564 4890 ε
2602 4834 2834 4904 Spiritus
2880 4834 3094 4889 Domini
3136 4849 3290 4902 super
3320 4849 3421 4897 me,

1868 4947 1886 4978 ι
1933 4943 2090 4997 quam
2135 4926 2198 4981 ob
2230 4943 2448 4981 causam
2478 4934 2629 4980 unxit
2672 4942 2753 4980 me
2782 4942 2801 4979 :
2831 4936 2887 4980 ut
2920 4925 3235 4995 pauperibus
3264 4941 3425 4979 evan-

1868 5038 1886 5070 ι
1932 5020 2214 5090 geliznrem
2242 5019 2385 5073 misit
2420 5035 2519 5084 me,
2553 5027 2601 5071 et
2638 5018 3010 5072 annuntiarem
3046 5017 3264 5087 captivis
3298 5016 3427 5071 liba.

1868 5132 1887 5166 ι
1936 5112 2211 5177 rationem,
2246 5122 2294 5166 et
2326 5111 2476 5166 circis
2506 5112 2645 5166 visus
2684 5113 3146 5181 recuperationem,
3180 5119 3229 5166 et
3252 5111 3427 5165 mitto-

1871 5226 1890 5259 ι
1931 5222 2039 5260 rem
2092 5205 2290 5275 fractos
2349 5204 2404 5257 in
2457 5204 2835 5269 remissionem,
2890 5204 3177 5271 pra'dicare
3228 5217 3424 5258 annum

1871 5320 1889 5351 ι
1937 5299 2150 5353 Domini
2184 5296 2576 5367 acceptabilem,
2600 5305 2649 5352 et
2671 5298 2807 5353 diem
2844 5299 3198 5355 retributionis
3223 5311 3271 5354 δ.
3304 5316 3324 5350 ι

188 5399 207 5431 ι
246 5398 377 5445 σει,
409 5386 657 5452 κηρύξαι
686 5387 959 5442 ἐνιαυτὸν
987 5393 1202 5459 Κυρίου
1232 5392 1463 5457 δεκτόν,
1498 5397 1591 5449 καί
1625 5394 1850 5465 ἡμέραν
1867 5397 2341 5461 ἀνταποδόσεωςο
2370 5414 2387 5448 ³

258 5551 286 5579 ⁸
324 5536 437 5594 Isa.
472 5559 585 5608 ut,
624 5546 761 5614 1,2;
788 5543 914 5600 Luc.
947 5563 1020 5611 tv,
1060 5548 1263 5613 18,19.

1434 5662 1665 5719 VARle
1704 5660 2100 5718 LECTIONES.

226 5802 227 5805 ‘
297 5797 324 5827 ³
354 5799 501 5863 μόνον
526 5816 632 5856 om.
710 5801 749 5833 ³·
783 5803 1101 5873 γενομένων.
1180 5806 1199 5837 ³
1229 5804 1319 5859 τοῦ
1354 5804 1587 5875 Χριστοῦ
1614 5821 1723 5861 om.

1802 5806 1844 5838 δ’
1874 5804 1967 5858 τοῦ
1998 5819 2106 5859 om.

2186 5795 2249 5828 ⁸⁸⁹
2275 5808 2500 5864 εἵνεκεν.
