3980 6318
591 291 690 352 Hi

1613 289 1669 345 S.
1703 290 1904 346 PETRI
1944 291 2410 348 ALEXANDRINI
2449 291 2754 348 EPISCOPI

3626 308 3710 362 472

661 405 822 462 BALS.
849 403 948 458 Hic
972 417 1146 458 canon
1177 404 1366 458 statuit
1396 413 1454 458 ut
1483 403 1574 474 qui
1601 404 1655 458 in
1687 403 1934 460 custodia
1965 405 2121 460 solun

2311 405 2436 458 BAA
2446 407 2501 459 Σ.
2534 399 2701 470 Οὗτος
2727 408 2756 460 ό
2774 405 2951 460 κανὼν
2974 405 3314 478 διαλαμϐάνει
3341 413 3453 476 τοῦς
3485 415 3619 484 μόνον
3634 439 3714 475 κα-

588 498 728 557 male
756 495 930 552 allecti
961 503 1110 562 sunt,
1144 506 1195 551 et
1217 495 1336 550 sine
1357 496 1643 551 tormentis
1669 497 1807 566 lapsi
1836 505 1981 564 svnt,
2017 508 2140 568 post

586 585 876 645 triennium
913 583 1050 639 alius
1081 599 1296 654 quoque
1334 584 1461 638 anui
1514 599 1675 654 pmna
1735 586 2048 654 puniantur.
2081 583 2139 641 Si

586 675 726 733 forte
753 675 918 736 enim,
937 673 1130 744 inquit,
1157 673 1582 729 consolationem
1613 675 1850 729 assecuti
1881 683 2028 739 sunt,
2051 684 2139 731 ut-

585 771 710 841 pote
737 764 1011 833 aliquibus
1047 762 1288 818 lldelibus
1316 763 1439 818 vitae
1463 763 1708 818 subsidia
1749 766 2139 835 suppeditanti-

581 857 705 918 lius,
735 855 769 910 ii
803 871 1017 925 quoque
1049 855 1247 911 debent
1277 856 1489 912 veniam
1518 855 1780 920 obtinere,
1814 865 1871 910 ut
1895 857 1984 929 qui
2014 874 2138 930 gra-

581 947 666 1006 via
689 963 789 1020 pro
821 947 924 1003 lide
950 948 1097 1020 passi
1131 955 1277 1003 sunt.

651 1150 854 1208 Ζοιυιιι.
896 1149 954 1205 In
989 1149 1230 1209 secundo
1264 1151 1456 1206 ordine
1488 1165 1581 1206 eos
1603 1151 1745 1206 locat
1769 1151 1863 1222 qui
1895 1160 2134 1207 tantum-

579 1244 741 1299 modo
772 1245 828 1297 in
858 1243 1074 1298 vincula
1107 1242 1358 1312 conjecti,
1377 1251 1538 1314 atque
1567 1244 1620 1297 in
1645 1259 1865 1300 carcere
1888 1245 2028 1300 male
2059 1244 2136 1300 af-

580 1332 708 1392 fecti
744 1340 890 1397 sunt,
925 1344 1036 1388 tum
1072 1333 1235 1387 nullis
1261 1334 1441 1388 vexati
1481 1333 1812 1389 cruciatibus
1866 1349 2128 1404 peccave-

583 1433 741 1480 runt:
770 1426 968 1494 quibus
1009 1433 1203 1497 praeter
1231 1424 1522 1481 decursum
1559 1432 1792 1494 tempus,
1837 1426 2128 1482 triennium

580 1517 830 1573 videlicet
876 1515 942 1571 de
982 1533 1088 1592 quo
1139 1532 1303 1587 supra
1351 1517 1553 1572 dictum
1604 1527 1708 1582 est,
1748 1518 1875 1572 anni
1916 1533 2131 1589 quoque

581 1614 840 1680 praeterea
868 1608 1028 1663 unius
1059 1608 1313 1662 mulctam
1350 1609 1577 1679 irrogari
1603 1611 1797 1680 placet.
1862 1608 2127 1675 Quoniam

577 1709 631 1756 et
662 1701 784 1770 ipsi,
819 1699 1012 1770 inquit,
1046 1715 1142 1770 pro
1173 1698 1373 1758 Christi
1420 1702 1638 1756 nomine
1682 1701 1916 1756 divcxati
1966 1708 2126 1769 sunt;

2239 495 2650 567 κοπαθήσαντας
2680 497 2737 549 ὲν
2767 498 2831 566 τῇ
2869 494 3078 567 φυλακῇ
3106 497 3196 549 καὶ
3212 501 3368 570 χωρὶς
3393 501 3609 571 βασάνων
3632 526 3717 563 πα-

2239 584 2681 655 ραπεπτωκότας,
2727 583 3076 653 ἐπιτιμᾶσθαι
3110 585 3240 654 μετὰ
3263 585 3350 638 τὸν
3378 590 3544 661 τριετῆ
3565 594 3719 663 χρόνον

2237 676 2327 730 καὶ
2357 676 2448 728 ἐπὶ
2470 676 2652 748 ἕτερον
2673 675 2933 729 ἐνιαυτόν.
2968 677 3030 728 Ei
3064 677 3200 746 τάχα
3218 678 3486 751 γὰρ,φησὶ,
3520 683 3602 736 καὶ
3639 687 3723 738 ἀπ.

2235 767 2464 822 έλαυσαν
2509 769 2901 842 παρακλήσεως
2923 808 2938 831 ,
2972 768 3046 834 ὥς
3072 787 3226 824 τινων
3259 772 3450 826 πιστῶν
3474 779 3721 847 χορηγούν-

2232 875 2340 911 των
2371 861 2551 923 αὐτοῖς
2593 861 2660 916 τά
2694 861 2829 933 πρὸς
2854 862 3138 934 διοίκησιν,
3183 863 3313 918 ἀλλὰ
3345 866 3433 918 καὶ
3457 860 3584 920 οὗτοι
3603 869 3724 938 όφείυ

2232 950 2381 1004 λουσι
2414 950 2737 1025 συγγνώμης
2768 953 3044 1020 ἀξιοῦσθαι
3071 954 3144 1018 ὡς
3167 954 3299 1028 ὑπὲρ
3321 956 3412 1027 τῆς
3426 957 3630 1024 πίστεως
3645 978 3724 1015 κα-

2233 1039 2655 1112 κοπαθήσαντες.

2302 1135 2539 1186 ΖΩΝΑΡ.
2581 1135 2668 1187 Ἐν
2705 1134 2934 1206 δευτέρᾳ
2977 1133 3127 1200 τάξει
3159 1134 3335 1204 τίθησι
3352 1135 3470 1198 τοὺς
3493 1135 3728 1207 μόνονφυ-

2229 1223 2597 1289 λακισθέντας,
2627 1225 2719 1281 καὶ
2764 1225 3244 1297 κακοπαθήσαντας
3267 1227 3322 1279 ὲν
3343 1229 3406 1300 τῇ
3427 1227 3635 1299 φυλακῇ,
3658 1232 3732 1285 καὶ

2228 1317 2395 1388 χωρὶς
2424 1316 2666 1387 βασάνων
2699 1317 3214 1388 παραπεπτωκότας·
3237 1312 3315 1381 οἷς
3335 1319 3559 1375 ἐνιαυτὸν
3575 1319 3731 1384 ἔταξαν

2229 1409 2290 1477 (f.
2321 1408 2528 1479 ἔταξεν)
2546 1411 2624 1472 εἰς
2650 1409 2918 1480 ἐπιτίμιον
2947 1409 3083 1480 μετὰ
3109 1410 3198 1463 τὸν
3222 1409 3544 1480 παρελθόντα
3561 1412 3733 1482 χρόνον,

2227 1501 2391 1575 ἤγουν
2422 1501 2517 1571 τὴν
2551 1500 2790 1572 τριετίαν
2813 1501 2882 1574 ἢν
2906 1501 3124 1574 εἴρηκεν
3153 1503 3281 1557 ἄνω.
3311 1504 3449 1555 Διότι
3474 1503 3560 1556 καὶ
3590 1504 3731 1569 αὐτοὶ,

2227 1592 2406 1661 φησὶν,
2424 1593 2562 1663 ὑπὲρ
2578 1593 2667 1645 τοῦ
2684 1595 2936 1662 ὀνόματος
2951 1593 3134 1666 ὲθλίϐη
3143 1612 3239 1649 σαν
3255 1594 3345 1647 τοῦ
3358 1594 3596 1666 Χριστοῦ,
3609 1598 3650 1648 εἰ
3661 1599 3738 1650 καὶ

2225 1684 2364 1751 τάχα
2389 1683 2694 1740 ἀπέλαυσαν
2730 1684 2788 1736 ὲν
2815 1684 2892 1755 τῷ
2927 1685 3280 1756 δεσμωτηρίῳ
3308 1685 3666 1756 παρακλήσεως
3687 1688 3736 1740 ἐκ

577 1792 785 1850 etiamsi
813 1790 952 1847 forte
981 1791 1159 1846 solatii
1187 1791 1462 1862 quidpiam
1494 1792 1547 1846 in
1569 1808 1786 1848 carcere
1813 1808 1843 1847 a
1869 1792 2121 1848 fratribus

2227 1776 2333 1828 τῶν
2364 1777 2620 1844 ἀδελφῶν.
2657 1777 2742 1840 Ὧς
2764 1776 2905 1830 ἔοικε
2936 1778 3063 1849 γὰρ,
3097 1779 3148 1830 οἱ
3179 1779 3379 1841 πιστοὶ,
3411 1780 3517 1831 ὅσοι
3552 1779 3606 1831 οὺ
3637 1796 3739 1833 συν-

576 1890 851 1940 consecuti
881 1891 1026 1943 sunt.
1063 1883 1350 1939 Probabile
1386 1885 1528 1940 enim
1551 1896 1633 1940 est
1663 1885 1868 1953 ﬁdeles,
1892 1887 2124 1956 quicun-

577 1991 681 2046 que
712 1975 861 2031 nulla
882 1974 1130 2030 custodia
1165 1963 1569 2041 detinebantur,
1601 1978 1654 2031 in
1698 1977 1913 2033 vincula
1941 1979 2128 2048 conje-

575 2067 678 2122 ctis
701 2066 827 2121 vita:
859 2065 1099 2120 subsidia
1145 2065 1517 2132 ministrasse,
1556 2068 1729 2137 iisque
1777 2067 2000 2138 proinde
2051 2069 2127 2123 le-

575 2157 808 2213 vationis
833 2156 1033 2227 aliquid
1059 2157 1327 2212 attulisse.
1353 2157 1481 2224 Quae
1508 2157 1724 2227 quidem
1767 2158 2125 2228 multiplicata

575 2249 822 2312 reddent,
862 2264 960 2318 pro
987 2249 1056 2302 iis
1089 2247 1347 2301 nimirum
1383 2249 1582 2319 quibus
1617 2249 1669 2302 in
1699 2248 1943 2304 custodia
1977 2249 2127 2304 oblc-

575 2342 704 2395 ctati
729 2349 875 2401 sunt,
903 2340 1278 2410 paenitentiam
1312 2348 1531 2411 agentes
1563 2340 1836 2395 vexabunt
1864 2355 1922 2396 se
1952 2341 2122 2411 ipsos,

576 2445 642 2488 ac
692 2432 878 2486 multis
911 2431 1087 2486 modis
1113 2431 1472 2498 amictabunt;
1509 2433 1556 2487 si
1587 2448 1651 2487 ex
1683 2447 1746 2488 eo
1775 2432 1922 2502 quod
1962 2433 2123 2487 Chri-

575 2533 716 2578 stum
747 2523 1082 2594 abnegarunt
1101 2562 1115 2588 ,
1146 2538 1176 2576 a
1204 2522 1402 2577 diaboli
1434 2524 1744 2594 captivitate
1780 2524 2000 2580 liberari
2031 2540 2122 2579 ve-

577 2613 695 2676 lint,
728 2612 874 2668 illius
902 2613 1100 2683 captivi
1140 2621 1193 2668 et
1228 2614 1371 2669 servi
1406 2614 1555 2669 facti.
1595 2613 1828 2684 SUltjiCil
1852 2630 1975 2669 mox
1998 2629 2124 2684 pro-

575 2693 746 2780 phetae
774 2705 958 2768 verba,
990 2720 1108 2774 quze
1137 2714 1340 2762 suntex
1369 2706 1508 2760 Isaia
1538 2707 1872 2780 deprompta,
1893 2721 2123 2777 quorum

575 2794 887 2851 meminisse
913 2804 1162 2866 oportere
1183 2798 1330 2866 ipsos
1364 2796 1615 2854 allirmat.

1173 2886 1401 2943 CANON
1439 2888 1528 2943 Ill.

647 2996 667 3029 ι
711 2977 784 3034 lis
823 2985 1000 3033 autem
1043 2978 1134 3048 qui
1181 2979 1314 3033 nihil
1345 2979 1612 3049 ejusmodi
1658 2983 1803 3052 passi
1844 2994 1990 3051 sunt,
2021 3001 2122 3042 nec

579 3085 597 3121 ι
641 3067 761 3124 iidei
803 3069 1036 3125 fructum
1084 3071 1470 3136 ostenderunt,
1501 3073 1595 3128 sed
1627 3075 1693 3128 ad
1734 3077 1924 3130 vitium
1979 3079 2120 3133 ultro
2147 3109 2190 3171 ε

572 3175 598 3218 ο
641 3158 1068 3231 transfugerunt,
1103 3176 1132 3214 a
1157 3171 1300 3215 metu
1329 3171 1383 3216 et
1405 3162 1692 3219 timiditate
1723 3165 2118 3234 proditi;nuuc

577 3270 596 3304 ι
645 3259 823 3307 autem
857 3252 1080 3308 veniunt
1123 3252 1189 3306 ad
1226 3253 1623 3324 paenitentiam,
1659 3271 1883 3313 necesse
1935 3265 2019 3312 est
2064 3265 2119 3314 et

575 3363 594 3404 ι
638 3345 964 3402 conveniens
994 3345 1323 3416 infrugifera:
1374 3344 1508 3402 ficus
1555 3348 1865 3416 parabolam
1914 3365 2117 3422 propo-

577 3457 593 3489 ι
639 3453 788 3502 nere,
842 3444 902 3492 ut
950 3437 1209 3491 Dominus
1259 3436 1390 3491 dicit
1442 3456 1454 3492 :
1512 3438 1751 3493 Habebat
1805 3442 1918 3510 quis
1958 3442 2118 3509 ﬁcum

573 3548 592 3581 ι
637 3530 932 3598 plantatam
957 3531 1013 3582 in
1041 3546 1137 3583 suo
1169 3529 1336 3584 vineta
1366 3547 1384 3585 :
1416 3541 1464 3586 et
1507 3533 1640 3586 venit
1681 3550 1915 3604 quwrens
1963 3535 2016 3589 in
2055 3552 2119 3591 ea

576 3641 594 3673 ι
637 3622 887 3690 fructum,
933 3630 982 3675 et
1023 3637 1126 3676 non
1176 3623 1391 3681 invenit.
1439 3624 1586 3678 Dixit
1639 3635 1812 3680 autem
1854 3627 2066 3682 vinitori
2096 3644 2116 3683 :

576 3730 594 3763 ι
639 3709 771 3764 Ecce
795 3721 897 3766 tres
927 3728 1112 3774 annos,
1156 3729 1221 3768 ex
1257 3732 1357 3784 quo
1409 3733 1500 3786 ego
1558 3719 1702 3773 venio
1735 3735 1968 3788 quwrens
1998 3720 2115 3790 fru-

575 3821 594 3854 ι
643 3809 782 3858 ctum
812 3804 864 3859 in
891 3802 988 3856 hac
1029 3804 1152 3875 ﬁcu,
1193 3815 1240 3858 et
1274 3823 1375 3861 non
1413 3809 1649 3872 invenio;
1678 3811 1920 3866 exscinde
1952 3830 2066 3867 eam
2096 3828 2114 3866 :

573 3913 592 3945 ι
638 3911 731 3950 cur
763 3905 954 3950 terram
978 3896 1204 3953 inaniter
1226 3903 1486 3969 occupat?
1516 3899 1617 3955 Ille
1647 3919 1761 3958 vero
1801 3893 2114 3973 respondens

573 4009 592 4042 ι
631 3989 758 4044 dicit
781 3990 863 4045 illi
884 4007 903 4044 :
943 3989 1174 4056 Domine,
1201 3991 1404 4049 dimitte
1428 3992 1577 4048 illam
1605 3995 1700 4049 hoc
1722 4012 1922 4067 quoque
1952 4015 2110 4065 anno,

572 4100 592 4134 ι
633 4081 793 4137 donec
829 4083 970 4137 circa
1015 4100 1131 4138 eam
1160 4083 1359 4154 fodere,
1402 4095 1452 4139 et
1493 4086 1732 4142 lwtamen
1774 4088 2035 4156 injecero;
2068 4093 2115 4146 si

571 4191 589 4225 ι
635 4173 840 4246 quidem
869 4174 1100 4246 fructum
1132 4176 1348 4246 fecerit;
1386 4179 1469 4233 sin
1513 4179 1707 4244 minus,
1741 4196 1856 4236 eam
1889 4183 1943 4237 in
1967 4183 2114 4252 futuo

569 4285 590 4323 ι
634 4284 751 4321 rum
778 4269 1045 4324 exscinde:
1076 4281 1140 4325 ιε
1173 4286 1280 4341 qua
1310 4279 1437 4325 ante
1457 4273 1645 4327 oculos
1671 4283 1913 4345 accepta,
1939 4282 1992 4330 et
2018 4292 2110 4332 os-

569 4377 590 4411 ι
635 4367 791 4416 tenso
815 4361 976 4431 digno
1004 4361 1181 4417 fructu
1210 4362 1562 4433 pmnitentiae,
1589 4365 1646 4420 in
1684 4373 1833 4422 tanto
1853 4369 2110 4437 temporis

568 4469 588 4506 ι
632 4451 916 4510 intervallo
944 4454 1115 4527 magis
1133 4454 1483 4524 juvabuntur.
1530 4474 1550 4510 ι

629 4705 788 4760 ΒΑιε.
833 4707 938 4761 Eos
965 4707 1056 4776 qui
1084 4715 1304 4777 propter
1331 4707 1506 4762 solum
1538 4717 1739 4763 metum
1768 4717 1822 4763 et
1851 4710 2110 4766 timidita-

559 4807 668 4853 tem
695 4797 1124 4870 transfugerunt,
1159 4800 1223 4853 ad
1254 4799 1625 4870 paenitentiam
1656 4809 1833 4857 autem
1859 4818 2108 4872 respexe-

560 4898 706 4956 runt,
733 4890 966 4946 triennio
997 4891 1150 4960 punit
1180 4905 1354 4946 canon
1379 4892 1677 4948 secundum
1706 4893 2017 4963 parabolam
2051 4895 2110 4948 li-

559 4997 658 5036 cus
682 4997 800 5051 quae
835 4990 919 5036 est
951 4983 1006 5036 in
1042 4982 1370 5053 Evangeliis.
1400 4983 1660 5039 Dominus
1705 4985 1850 5039 enim
1881 4985 2056 5056 inquit
2089 5005 2102 5041 :

557 5071 680 5125 Jam
712 5073 877 5127 tribus
909 5075 1060 5128 annis
1084 5073 1152 5128 ad
1183 5075 1317 5129 hanc
1349 5075 1493 5129 venio
1525 5091 1759 5145 qua'rena
1788 5075 2036 5144 fructum,
2059 5088 2106 5133 et

560 5181 662 5218 non
689 5165 910 5220 invenio.
947 5164 1160 5220 Vinitor
1182 5173 1386 5231 autem,
1426 5165 1642 5223 Dimitte
1683 5167 1856 5230 iltam,
1907 5168 2104 5240 inquit,

555 5267 600 5311 et
630 5255 725 5310 hoc
752 5273 909 5310 anno.

628 5347 832 5407 Zomn.
873 5347 1190 5418 Quicunque
1233 5365 1383 5414 vero,
1436 5351 1633 5421 inquit,
1683 5353 1815 5407 nihil
1865 5353 2104 5424 perpessi

555 5439 833 5504 acerbum,
861 5439 930 5494 ob
953 5447 1154 5494 metum
1192 5440 1365 5494 solum
1392 5455 1455 5495 ac
1487 5442 1827 5498 timiditatem
1863 5443 2103 5498 transfu-

555 5537 770 5597 gerunt,
795 5544 894 5598 pro
925 5544 990 5584 eo
1017 5529 1162 5600 quod
1212 5530 1316 5600 ipsi
1371 5539 1566 5601 sponte
1613 5536 1930 5604 pravitatem
1977 5544 2101 5591 sunt

557 5619 888 5687 consectati;
913 5635 1036 5675 mox
1055 5619 1295 5677 animum
1323 5621 1390 5678 ad
1431 5625 1802 5694 pumitentiam
1831 5624 2094 5696 adiecere,

624 5769 649 5800 ι
699 5755 830 5813 Luc.
853 5771 974 5825 xm,
1009 5754 1116 5813 6.9.

2141 4479 2187 4534 D

2225 1867 2540 1938 εσχέθησαν,
2566 1870 2677 1930 τοῖς
2706 1869 3112 1940 κατειργμένοις
3144 1869 3441 1941 ἐχορήγουν
3463 1869 3526 1922 τὰ
3553 1872 3622 1932 εἰς
3639 1869 3741 1922 Stoi-

2178 1982 2196 1998 -
2226 1974 2402 2026 κησιν,
2444 1956 2534 2009 καὶ
2571 1955 2839 2010 ἀνέπαυον
2889 1955 3102 2019 αὐτούς.
3139 1957 3319 2026 "Amp
3358 1955 3742 2011 πολλαπλασίονα

2225 2048 2607 2113 ἀποδώσουσιν,
2636 2050 2754 2102 ἀντὶ
2773 2049 2886 2112 τοῦ,
2908 2048 3021 2102 ἀνθ’
3043 2043 3118 2102 ὧν
3154 2048 3470 2118 ἀπήλαυσαν
3501 2050 3554 2100 ὲν
3578 2050 3636 2118 τῇ
3663 2064 3743 2116 φυσ-

2223 2137 2359 2210 λακῇ
2415 2139 2794 2210 μετανοοῦντες
2844 2138 3114 2208 θλίψουσιν
3177 2139 3404 2202 ἑαυτοὺς
3455 2138 3544 2194 καὶ
3593 2135 3745 2192 κακὼ.

2226 2246 2376 2284 σουσι
2399 2229 2824 2304 πολλαπλασίως,
2860 2231 2906 2285 εἰ
2945 2229 3158 2283 θέλουσι
3181 2229 3518 2300 λυτρωθῆναι
3551 2228 3648 2282 ἀπὸ
3667 2227 3746 2296 τῆς

2224 2321 2592 2392 αἰχμαλωσίας
2637 2321 2730 2375 τοῦ
2776 2322 3043 2386 διαϐόλου,
3098 2323 3436 2393 αἰχμάλωτοι
3475 2319 3565 2375 καὶ
3604 2317 3748 2371 δοῦλοι

2222 2414 2502 2485 γεγονότες
2534 2413 2680 2484 αὐτῷ
2728 2413 2816 2467 διά
2854 2415 2952 2485 τὴν
2980 2415 3210 2486 ἄρνησιν
3239 2415 3335 2468 τοῦ
3376 2410 3616 2484 Χριστοῦ.
3643 2405 3750 2461 Εἶτα

2222 2507 2415 2576 ἐπάγει
2439 2508 2507 2560 τά
2541 2506 2847 2578 προφητικὰ
2896 2507 3135 2578 ῥήματα,
3175 2507 3322 2576 ἆπερ
3350 2508 3414 2559 ὲκ
3444 2503 3535 2558 τοῦ
3565 2497 3749 2556 Ἡσαΐου

2222 2599 2348 2664 εἰσὶ,
2379 2597 2548 2667 λέγων
2573 2599 2682 2657 δεῖν
2702 2597 3004 2669 μεμνῆσθαι
3037 2596 3262 2662 αὐτούς.

2822 2867 3058 2921 ΚΑΝΩΝ
3085 2867 3139 2918 1"

2296 2976 2313 3010 ι
2354 2959 2477 3022 Τοῖς
2514 2957 2570 3011 δὲ
2613 2957 2733 3029 μηδ’
2765 2957 2899 3022 ὅλως
2931 2956 3094 3030 μηδέν
3117 2975 3170 3011 τι
3209 2957 3458 3014 τοιοῦτον
3486 2951 3759 3018 πεπονθόσι,

2227 3071 2246 3104 ι
2289 3052 2419 3123 μηδὲ
2457 3050 2845 3122 ἐνδειξαμένοις
2884 3049 3089 3118 καρπὸν
3122 3049 3391 3112 πίστεως,
3425 3045 3535 3100 ἀλλ’
3563 3045 3759 3114 αὐτομο-

2226 3163 2244 3195 ‹
2281 3144 2476 3215 λήσασι
2518 3141 2651 3213 πρὸς
2691 3142 2787 3213 τὴν
2838 3141 3054 3205 κακίαν,
3111 3138 3532 3214 προδεδομένοις
3565 3137 3660 3190 ὑπὸ
3685 3134 3768 3188 δει-

2224 3255 2242 3289 ι
2277 3236 2395 3301 λίας
2413 3234 2506 3288 καὶ
2521 3235 2703 3304 φόϐου,
2721 3233 2815 3288 νῦν
2829 3233 2885 3292 δὲ
2903 3235 2980 3296 εἰς
2999 3234 3294 3304 μετάνοιαν
3317 3231 3642 3304 ἐρχομένοις,
3658 3229 3765 3281 ἀνα-

2223 3347 2243 3381 ι
2281 3327 2467 3398 γκαῖόν
2484 3331 2596 3380 ὲστι
2612 3325 2948 3396 καὶάρμόξον
2981 3325 3079 3396 τὴν
3105 3326 3206 3396 τῆς
3222 3325 3481 3397 ἀκάρπου
3511 3323 3667 3392 συκῆς
3680 3336 3766 3371 πα-

2223 3440 2241 3474 ι
2282 3420 2509 3493 ραϐολὴν
2550 3419 2906 3494 παραθέσθαι,
2947 3418 3020 3481 ὡς
3049 3421 3077 3471 ό
3105 3418 3322 3491 Κύριος
3361 3419 3537 3485 λέγει·
3590 3410 3766 3478 Συκῆν

2223 3531 2240 3564 ι
2275 3509 2400 3581 εἶχέ
2425 3531 2513 3578 τις
2554 3507 3002 3579 πεφυτευμένην
3031 3509 3101 3562 ἐν
3132 3509 3217 3574 τῷ
3252 3509 3568 3580 ἀμπελῶνι
3588 3503 3766 3562 αὑτοῦ·

2223 3623 2241 3655 ι
2285 3603 2378 3657 καὶ
2417 3599 2561 3674 ἦλθε
2575 3601 2758 3669 ζητῶν
2785 3599 3017 3670 καρπὸν
3041 3601 3111 3653 ἐν
3128 3600 3319 3669 αὐτῇ,
3345 3602 3445 3654 καὶ
3471 3603 3582 3668 οὐχ
3596 3593 3767 3665 εὗρεν.

2221 3713 2240 3745 ι
2277 3695 2422 3748 Elaea
2432 3693 2497 3747 δὲ
2513 3693 2660 3760 πρὸς
2676 3692 2780 3745 τὸν
2793 3692 3232 3762 ἀμπελουργόν·
3263 3692 3416 3746 Ἰδοὺ
3435 3693 3567 3759 τρία
3583 3689 3676 3756 ἐτη
3691 3683 3772 3753 ἀφ’

2220 3805 2238 3838 ι
2271 3783 2342 3841 οὗ
2370 3787 2610 3854 ἔρχομαι
2629 3781 2810 3852 ζητῶν
2828 3781 3056 3851 καρπὸν
3074 3782 3144 3837 ἐν
3174 3783 3257 3853 τῇ
3277 3783 3449 3852 συκῇ
3474 3784 3670 3848 ταύτῃ,
3688 3777 3770 3832 και

2219 3897 2238 3930 ι
2278 3880 2389 3946 οὐχ
2421 3877 2709 3945 εὑρίσκω·
2764 3876 3027 3943 ἔκκοψον
3063 3875 3301 3942 αὑτήν·
3358 3876 3520 3930 irati
3557 3873 3652 3928 καὶ
3682 3871 3778 3938 τὴν

2219 3991 2238 4024 ι
2270 3971 2385 4041 γῆν
2427 3969 2732 4038 καταργεῖ;
2769 3969 2819 4020 Ὀ
2865 3966 2932 4021 δὲ
2979 3967 3340 4037 ἀποκριθεὶς
3401 3968 3568 4038 λέγει
3605 3961 3775 4028 αὐτῷ·

2219 4083 2236 4116 ι
2275 4065 2470 4130 Κύριε,
2492 4061 2639 4132 ἄφες
2661 4060 2853 4129 αὐτὴν
2889 4059 2987 4114 καὶ
3020 4058 3198 4112 τοῦτο
3231 4061 3300 4112 τὸ
3330 4060 3498 4126 ἔτος,
3519 4059 3628 4125 ἕως
3662 4055 3783 4110 ὅτου

2218 4175 2237 4208 ι
2277 4153 2491 4222 σκάψω
2540 4152 2613 4207 τὰ
2648 4152 2778 4220 περὶ
2807 4149 3018 4218 αὐτὴν,
3049 4148 3145 4202 καὶ
3185 4149 3378 4216 ,βάλω
3404 4151 3653 4218 κόπρια·
3685 4144 3784 4200 κᾶν

2217 4265 2235 4299 ι
2269 4244 2384 4316 μὲν
2411 4241 2635 4313 ποιήσῃ
2665 4241 2895 4310 καρπόν
2915 4256 2927 4270 ·
2953 4242 3002 4293 εὶ
3034 4238 3101 4292 δὲ
3123 4239 3212 4308 μή
3239 4259 3339 4310 τε,
3368 4243 3462 4307 εὶς
3493 4240 3560 4294 τὸ
3576 4237 3787 4309 pellor

2216 4359 2235 4393 ι
2272 4339 2547 4406 ἐκκόψεις
2573 4335 2762 4402 αὐτὴν
2783 4352 2797 4366 ·
2830 4335 2896 4408 ἢν
2924 4333 3030 4405 πρὸ
3063 4331 3379 4405 ὀφθαλμῶν
3422 4334 3697 4395 λαϐόντες,
3717 4331 3788 4381 ὲν-

2218 4449 2236 4482 ι
2270 4429 2567 4501 δειξάμενοι
2598 4444 2658 4480 τε
2709 4426 2915 4500 καρπὸν
2947 4425 3094 4490 ἄξιον
3130 4425 3233 4495 τῆς
3282 4425 3616 4498 μετανοίας,
3650 4425 3703 4478 ὲν
3724 4417 3792 4493 τῷ

2221 4543 2239 4576 ι
2275 4523 2596 4594 διαστήματι
2647 4519 2740 4575 τοῦ
2781 4518 3033 4576 τοσούτου
3072 4518 3272 4591 χρόνου
3320 4519 3538 4591 μᾶλλον
3594 4517 3791 4589 ὠφελη-

2219 4634 2236 4667 ι
2275 4614 2543 4686 θήσονται.
2578 4633 2596 4666 ι

2280 4707 2472 4760 ΒΑΛΣ.
2496 4707 2631 4770 Τοὺς
2660 4705 2838 4776 μέντοι
2863 4703 2948 4760 διά
2971 4702 3130 4773 φόϐον
3154 4704 3332 4773 μόνον
3355 4707 3459 4759 καὶ
3483 4703 3686 4757 δειλίαν
3710 4699 3796 4757 αὐ·

2209 4799 2629 4872 τομολήσαντας,
2686 4794 2802 4854 εἶτα
2846 4799 2924 4860 εἰς
2979 4796 3270 4867 μετάνοιαν
3333 4797 3668 4860 ἀπιδόντας,
3719 4789 3798 4846 διά

2209 4893 2450 4968 τριετίας
2487 4893 2712 4962 ἐπιτιμᾷ
2743 4893 2770 4944 ό
2806 4889 3006 4954 κανὼν,
3037 4897 3174 4942 κατα
3199 4890 3316 4959 τὴν
3349 4892 3414 4943 ὲν
3453 4884 3797 4958 Εὑαγγελιοις

2212 4984 2519 5060 παραϐολὴν
2539 4985 2636 5056 τῆς
2654 4983 2840 5053 συκῆς.
2859 4983 2914 5034 '0
2943 4980 3048 5051 γάρ
3072 4978 3308 5048 Κύριος,
3349 4982 3504 5050 Τρία
3517 4981 3653 5048 ἐτη,
3676 4977 3800 5047 ἔφη·

2205 5093 2317 5140 σεν,
2367 5077 2608 5145 ἔρχομαι
2640 5073 2786 5142 πρὸς
2811 5071 3004 5139 αὐτὴν
3034 5069 3217 5138 ζητῶν
3254 5075 3542 5157 καρπόν,
3568 5073 3668 5126 καὶ
3700 5071 3801 5134 οὐχ

2200 5169 2486 5238 εὑρίσκω·
2529 5166 2558 5220 ό
2593 5166 2649 5221 δὲ
2675 5164 3068 5238 ἀμπελουργὸς,
3117 5166 3328 5232 Ἄφες,
3366 5160 3562 5230 εἶπεν,
3594 5161 3803 5231 αὐτὴν,

2202 5261 2394 5329 Κύριε,
2424 5258 2523 5314 καὶ
2558 5259 2732 5314 τοῦτο
2757 5258 2822 5311 τὸ
2849 5259 3003 5323 ἔτος.

2271 5353 2508 5407 ΖΩΝΑΡ.
2565 5353 2737 5415 Ὅσοι,
2779 5349 2856 5416 δὲ,
2913 5347 3064 5420 φησὶ,
3103 5347 3174 5417 μή
3211 5363 3276 5398 τι
3319 5349 3685 5410 ὑποστάντες
3721 5342 3807 5398 άλ-

2200 5443 2398 5513 γεινὸν,
2457 5440 2543 5495 διὰ
2593 5439 2754 5509 φόϐον
2798 5438 2953 5508 μόνον
2999 5438 3091 5491 καὶ
3130 5433 3354 5491 δειλίαν
3388 5439 3808 5510 ηὐτομόλησαν.

2199 5532 2320 5585 ἀντὶ
2363 5529 2478 5594 τοῦ,
2507 5529 2660 5584 αὐτοὶ
2711 5527 2923 5590 ἑκόντες
2962 5524 3268 5597 προσῆλθον
3298 5530 3396 5598 ,τῇ
3446 5529 3652 5600 κακίᾳ,
3697 5521 3812 5580 εἶτα

2199 5624 2278 5684 εἰς
2327 5621 2609 5695 μετάνοιαν
2665 5619 2901 5685 άπεῖδον,
2951 5619 3060 5681 τοϊς
3097 5615 3379 5684 τοιούτοις
3414 5623 3452 5692 ἡ
3500 5621 3608 5692 τῆς
3651 5618 3818 5687 συκῆς
