3980 6318
234 307 330 363 473

1440 298 1772 355 EPISTOLA
1810 295 2173 355 CANONlCA.

3331 288 3438 344 εζἹᾶ

227 423 443 497 ἁρμόσει
498 421 777 493 παραϐολὴ
833 421 973 474 κατά
1010 420 1070 473 τὸ
1099 419 1453 490 Εὑαγγέλιονο
1486 420 1552 492 ἢν
1592 418 1779 473 λαϐόν-

1886 416 1938 470 in
1966 431 2061 471 eos
2090 414 2343 485 parabola
2383 411 2691 482 evangelica
2733 408 2869 464 ﬁcus
2909 408 3196 479 quadrabit
3226 426 3240 464 :
3275 424 3436 479 quam

227 533 306 578 τες
366 514 472 585 πρὸ
510 512 820 581 ὀφθαλμῶν,
855 511 1019 563 κόπον
1051 511 1194 574 ἄξιον
1237 512 1519 581 μετανοίας
1551 513 1642 563 ἐπὶ
1692 528 1782 563 το-

226 604 402 659 σοῦτον
432 608 624 676 χρόνον
682 604 860 667 δόντες
889 603 1346 675 ὠφεληθήσονται,
1376 589 1551 674 ἠγουν
1576 605 1667 656 ἐπὶ
1692 621 1783 656 τε-

224 698 489 771 τραετίαν.
539 696 598 751 '0
623 696 729 767 γὰρ
763 694 985 767 Κύριος,
1043 697 1175 763 Τρία
1206 698 1329 762 ἐτη,
1371 696 1588 767 ἔφησεν,
1624 698 1785 765 ἔρχου

218 808 312 861 μαι
347 790 503 857 πρὸς
527 786 928 855 αὑτὴν,ζητῶν
947 787 1175 855 καρπὸν
1192 829 1206 852 ,
1232 786 1330 840 καὶ
1358 790 1469 855 οὐχ
1504 788 1782 855 εὑρίσκωο

220 889 245 939 ὁ
265 884 317 937 δὲ
350 882 758 953 ἀμπελουργὸς,
798 882 970 951 Ἄφες
1010 881 1221 950 αὐτὴν,
1254 876 1425 943 εἶπεν,
1458 882 1650 949 Κύριε,
1682 878 1782 932 και

221 974 387 1029 τοῦτο
421 972 488 1026 τὸ
528 972 683 1038 ἔτος.

817 1060 1055 1115 ΚΑΝΩΝ
1085 1063 1155 1115 Δ’.

283 1172 301 1205 ι
342 1153 473 1217 Τοῖς
492 1154 601 1224 γὰρ
622 1152 960 1206 παντάπασιν
980 1151 1415 1221 ἀπεγνωσμένοις
1433 1149 1525 1203 καὶ
1540 1151 1560 1181 ⁸
1578 1150 1783 1220 ἀμετα-

222 1265 240 1298 ι
274 1246 513 1316 νοήτοις,
535 1246 709 1317 δέρμα
742 1262 798 1296 τε
833 1242 1081 1306 Αἰθίοπος
1104 1242 1474 1313 ἀμετάϐλητον
1508 1241 1780 1312 κεκτημέ-

223 1358 238 1387 ι
270 1356 404 1405 νοις,
428 1338 525 1390 καὶ
549 1337 879 1407 ποικίλματα
905 1335 1236 1406 παρδάλεως,
1267 1333 1579 1405 λεχθήσεται
1605 1334 1665 1387 τὸ
1682 1335 1779 1404 τῆς

223 1448 239 1480 ι
267 1429 462 1499 ἑτέρας
530 1427 729 1497 συκῆς
780 1424 1000 1493 Μηκέτι
1043 1425 1110 1478 ἐκ
1145 1423 1261 1478 σοῦ
1294 1424 1521 1492 καρπὸς
1544 1424 1781 1493 γένηται

222 1540 238 1572 ι
268 1523 357 1585 εις
408 1519 519 1573 τὸν
571 1518 786 1573 αἰῶνα’
823 1517 902 1570 διὸ
944 1517 1038 1570 καὶ
1062 1517 1400 1587 παραχρῆμα
1444 1516 1775 1587 ξηραίνεται.

222 1633 236 1663 ι
280 1610 725 1683 ’Δποπληροῦται
782 1612 909 1681 γοῦν
948 1612 1034 1666 ἐπ’
1060 1611 1241 1671 αὐτοῖς
1285 1610 1378 1661 καὶ
1423 1609 1483 1661 τὸ
1532 1609 1635 1661 ὑπὸ
1686 1605 1778 1661 τοῦ

222 1721 237 1752 ι
276 1700 709 1771 Ἐκκλησιαστοῦ
740 1701 1055 1773 εἰρημένον⁸
1088 1698 1559 1768 Διεστραμμένον
1586 1701 1656 1753 οὐ
1685 1699 1781 1753 δύ-

1884 521 1992 576 pra:
2023 505 2197 560 oculis
2230 505 2510 567 habentes,
2545 502 2766 571 dignum
2820 500 3151 570 paenitentiae
3199 500 3435 554 laborem

1881 590 2072 660 aequali
2105 598 2344 660 tempore
2380 588 2719 650 exhibentes,
2745 586 3100 655 juvabuntur,
3134 586 3237 640 hoc
3264 594 3347 642 est
3369 587 3435 641 ad

1882 694 2129 754 quartum
2160 697 2334 752 usque
2361 696 2584 734 annum.
2615 680 2875 734 Dominus
2904 694 3156 749 namque,
3187 679 3310 733 Tres
3340 697 3437 733 an-

1882 792 1998 838 nos,
2040 775 2237 845 inquit,
2281 774 2425 828 venio
2455 772 2523 826 ad
2554 773 2745 841 ipsam,
2788 788 3022 841 quazrens
3054 772 3314 841 fructum,
3344 788 3437 827 nec

1880 867 2102 923 inuenio.
2129 865 2381 936 Agricola
2408 880 2556 928 vero,
2592 864 2830 928 Dimitte,
2862 864 2956 929 ait,
3002 865 3174 928 illam,
3204 862 3434 931 domine,

1879 970 1928 1014 et
1955 962 2051 1013 hoc
2082 975 2236 1012 anno.

2475 1047 2702 1104 CANON
2740 1047 2833 1105 ιν.

1955 1181 1973 1215 ι
2022 1164 2095 1219 lis
2124 1161 2271 1217 enim
2298 1162 2389 1232 qui
2431 1173 2558 1216 sunt
2602 1162 2824 1216 omnino
2851 1161 3143 1231 desperati,
3174 1170 3227 1218 et
3257 1162 3434 1234 ι)ωηί-

1885 1273 1903 1306 ι
1950 1253 2172 1308 tentiam
2206 1269 2312 1307 non
2340 1260 2525 1323 agunt,
2554 1262 2605 1307 et
2639 1254 2830 1321 pellem
2877 1252 3147 1323 [Ethiopis
3183 1256 3437 1309 immuta-

1886 1363 1904 1398 ι
1950 1347 2109 1401 bilem
2147 1347 2425 1416 possident
2449 1355 2503 1401 et
2528 1347 2677 1417 pardi
2704 1346 3018 1412 varietates,
3041 1346 3273 1412 dicetur,
3291 1349 3435 1419 quod

1884 1456 1902 1490 ι
1949 1438 2038 1491 alii
2070 1439 2196 1492 [icui
2228 1425 2429 1492 dictum
2462 1447 2590 1494 est:
2641 1437 2985 1511 Nequaquam
3034 1456 3098 1493 ea:
3146 1451 3193 1495 te
3234 1441 3437 1511 fruetus

1885 1548 1902 1579 ι
1948 1530 2044 1597 ﬁat
2079 1532 2132 1582 in
2163 1538 2413 1583 wternum
2440 1541 2491 1591 ι,
2521 1538 2576 1585 et
2603 1530 2724 1585 ideo
2770 1530 2952 1584 statim
2986 1546 3200 1599 quoque
3249 1546 3441 1587 exare-

1885 1636 1904 1671 ι
1953 1620 2075 1674 scit.
2123 1619 2181 1674 In
2232 1620 2299 1675 iis
2353 1621 2498 1675 enim
2554 1622 2807 1693 impletur
2832 1624 2973 1693 quod
3008 1625 3077 1678 ab
3111 1624 3441 1681 Ecclesiaste

1887 1729 1904 1762 ι
1950 1712 2152 1765 dictum
2188 1720 2271 1767 est
2305 1731 2318 1767 :
2350 1712 2500 1778 Quod
2527 1729 2818 1783 perversum
2845 1727 2943 1777 est,
2992 1732 3093 1769 non
3122 1717 3311 1782 poterit
3347 1732 3441 1771 ea:-

221 1813 236 1845 ι
268 1809 443 1845 ναται
472 1795 495 1825 ⁸
523 1792 1013 1861 ἐπικοσμηθῆναι,
1038 1793 1135 1849 καὶ
1174 1791 1478 1860 ὑστέρημα
1511 1795 1582 1847 οὺ
1605 1791 1779 1857 δυνή-

1888 1820 1906 1853 ι
1954 1804 2156 1870 ornari,
2203 1814 2251 1858 et
2305 1804 2535 1873 defectus
2561 1807 2828 1859 numerari
2880 1823 2982 1860 non
3016 1808 3203 1875 poterit
3240 1809 3286 1861 ι’.
3320 1806 3437 1863 Nisi

220 1902 237 1935 ι
275 1889 449 1937 σεται
490 1882 904 1952 ἀριθμηθῆναι.
940 1884 1002 1935 Ei
1052 1881 1124 1954 μὴ
1167 1883 1273 1954 γὰρ
1312 1883 1573 1954 πρότερον
1614 1881 1674 1934 τὸ
1705 1882 1783 1935 δι-

218 1992 235 2025 ι
268 1973 649 2045 εστραμμένον
677 1974 960 2045 διορθωθῇ,
989 1973 1240 2026 ἀδύνατόν
1278 1975 1391 2027 ἐστι
1434 1975 1563 2028 αὐτὸ
1594 1977 1780 2028 ὲπικο-
1809 2016 1819 2023 .

219 2083 235 2115 ι
266 2065 583 2135 σμηθῆναι’
628 2068 720 2118 καὶ
747 2068 796 2118 εί
834 2066 905 2136 μὴ
955 2065 1218 2136 πρότερον
1249 2066 1310 2119 τὸ
1341 2066 1620 2138 ὑστέρημα
1652 2069 1783 2121 ἀνα-

221 2174 236 2206 ι
268 2156 558 2227 πληρωθῇ,
583 2157 842 2211 ἀδύνατόν
869 2160 1013 2212 ἐστιν
1046 2158 1174 2210 αὐτὸ
1208 2158 1591 2229 ἀριθμηθῆναι.
1620 2159 1779 2212 Ὅθεν

220 2266 235 2297 ι
265 2249 357 2301 καὶ
388 2250 482 2301 ἐπὶ
528 2248 715 2311 τέλους
762 2248 1097 2318 συμϐήσεται
1147 2250 1326 2311 αὐτοῖς
1355 2249 1415 2302 τὸ
1445 2249 1729 2320 λεγόμενον
1758 2253 1777 2282 ⁷

221 2359 236 2391 ι
268 2340 371 2393 ὑπὸ
403 2337 499 2394 τοῦ
555 2342 830 2412 προφήτου
889 2340 1137 2393 Ἡσαΐου·
1186 2342 1295 2395 Καὶ
1333 2341 1577 2410 ὄψονται
1601 2339 1709 2405 γὰρ
1732 2344 1776 2407 ⁸,

221 2452 235 2482 ‹
270 2434 423 2501 φησὶ,
449 2434 523 2485 τὰ
555 2431 718 2485 κῶλα
762 2432 877 2486 τῶν
907 2434 1230 2501 ἀνθρώπων
1251 2432 1368 2487 τῶν
1386 2438 1780 2503 παραϐεϐηκόο

221 2543 236 2575 ι
267 2542 380 2577 των
399 2525 472 2578 ἐν
496 2526 629 2594 ἐμοί
653 2544 665 2556 ·
708 2530 739 2580 ό
769 2526 876 2595 γὰρ
899 2526 1145 2591 σκώληξ
1168 2524 1363 2581 αὐτῶν
1388 2531 1458 2582 οὑ
1503 2530 1779 2597 τελευτή-

222 2636 235 2665 ι
269 2634 384 2680 σει,
428 2617 530 2670 καὶ
572 2617 637 2669 τὸ
683 2618 802 2685 πῦρ
854 2616 1052 2672 αὐτῶν
1094 2619 1166 2671 οὐ
1210 2620 1627 2687 σϐεσθήσεται,
1680 2624 1779 2677 καὶ

219 2724 237 2757 ι
269 2705 519 2760 ἔσονται
556 2709 645 2772 εἰς
684 2687 896 2775 ὅρῖισιν
936 2706 1100 2774 πάσῃ
1148 2708 1361 2775 σαρκί·
1415 2711 1533 2762 ἐπεὶ
1573 2713 1665 2765 καὶ
1704 2712 1779 2775 ὼς

219 2816 236 2848 ι
263 2797 621 2869 προλὲλεκται
651 2800 741 2852 ὑπ’
767 2799 952 2854 αὐτοῦ·
974 2804 1038 2854 Ol
1062 2800 1129 2853 δὲ
1158 2800 1365 2864 ἄδικοι,
1396 2802 1474 2867 ὡς
1502 2803 1781 2857 θάλασσα

1889 1912 1907 1944 ι
1948 1894 2095 1948 enim
2125 1894 2265 1963 quod
2298 1911 2609 1965 perversum
2664 1905 2746 1951 est
2797 1899 2946 1965 prius
2996 1906 3202 1952 rectum
3254 1897 3436 1962 fuerit,

1890 2002 1907 2035 ι
1956 1984 2069 2038 ﬁeri
2100 2000 2205 2039 non
2232 1993 2408 2056 potest
2442 1992 2499 2039 ut
2533 1986 2583 2039 id
2604 1995 2930 2054 exornetur;
2966 1996 3019 2042 ct
3042 1989 3144 2043 nisi
3173 1989 3321 2059 prior
3344 1988 3441 2044 de-

1890 2092 1909 2125 ι
1956 2074 2130 2130 fectus
2160 2076 2405 2145 expletus
2440 2076 2615 2139 fuerit,
2673 2078 2785 2132 ﬁeri
2827 2095 2933 2132 non
2972 2089 3148 2149 potest
3171 2082 3306 2155 utlis
3337 2098 3439 2136 nu-

1888 2182 1907 2215 ι
1951 2174 2208 2221 meretur.
2237 2164 2390 2221 Unde
2420 2178 2471 2221 et
2512 2168 2565 2222 in
2605 2169 2707 2224 line
2734 2170 2815 2225 eis
2839 2172 3048 2226 eveniet
3074 2173 3219 2242 quod
3248 2188 3278 2226 a
3307 2189 3436 2244 pro-

1888 2275 1906 2308 ι
1947 2257 2104 2327 pheta
2137 2260 2271 2313 Isaia
2301 2260 2499 2314 dicitur
2534 2283 2543 2314 :
2581 2259 2646 2312 Et
2687 2260 3019 2327 videbuntur,
3052 2264 3245 2333 inquit,
3278 2281 3439 2318 mem-

1888 2365 1907 2398 ι
1953 2346 2046 2399 bra
2088 2364 2267 2401 eorum
2311 2350 2399 2420 qui
2439 2354 2757 2419 transgressi
2808 2359 2927 2403 sunt
2978 2350 3031 2402 in
3081 2366 3180 2405 me.
3237 2350 3437 2405 Vermis

1889 2453 1909 2488 ι
1955 2438 2090 2491 enim
2137 2439 2371 2507 ipsorum
2420 2458 2520 2494 non
2569 2442 2843 2504 morietur,
2877 2450 2926 2494 et
2953 2440 3089 2511 ignis
3120 2457 3300 2495 eorum
3336 2459 3438 2496 non

1890 2549 1909 2583 ι
1954 2533 2307 2602 exstinguetur
2334 2550 2351 2586 :
2379 2544 2425 2586 et
2450 2535 2669 2587 eruntin
2693 2544 2956 2603 aspectum
2986 2535 3155 2588 omnis
3187 2537 3361 2591 carnis
3387 2546 3437 2592 ε.

1888 2640 1906 2673 ι
1953 2621 2418 2692 Quandoquidem,
2477 2631 2535 2676 ut
2584 2631 2638 2677 et
2673 2623 2741 2676 ab
2784 2624 2901 2692 ipso
2936 2623 3249 2693 praedictum
3296 2630 3381 2678 est
3422 2643 3437 2678 :

1890 2732 1908 2766 ι
1958 2713 2156 2784 Injusti
2183 2726 2353 2769 autem
2376 2718 2452 2769 sic
2481 2715 2835 2784 ﬂuctuabant,
2895 2726 2943 2769 et
2991 2718 3305 2786 requiescere
3338 2732 3440 2770 non

1891 2824 1909 2857 ι
1954 2816 2217 2875 poterunt.
2249 2805 2369 2861 Non
2399 2817 2475 2862 est
2506 2807 2729 2879 gaudere
2758 2810 2956 2878 impiis,
2988 2809 3117 2862 dicit
3150 2809 3287 2864 Deus
3315 2808 3366 2863 ἀ.
3414 2827 3436 2860 ι

221 2912 238 2945 ι
271 2894 762 2963 ἀναόεεριισμένη
800 2895 867 2957 ⁸⁸,
898 2895 1048 2948 οὕτω
1074 2895 1682 2963 κλυδωνισθήσονται,
1711 2901 1807 2954 καὶ
1841 2901 2301 2959 ἀναπαύσασθαι
2321 2906 2393 2957 οὐ
2422 2903 2507 2973 μὴ
2540 2902 2904 2971 δυνήσονται
2929 2906 2948 2937 ⁸
2973 2904 3036 2975 (f.
3064 2904 3437 2976 δυνήσωνται).

218 3008 236 3043 ι
262 2991 381 3042 Οὐκ
407 2990 543 3043 ἔστι
575 2990 802 3057 χαίρειν
825 2990 945 3056 τοῖς
970 2992 1272 3056 ἀσεϐέσιν,
1304 2988 1474 3047 εἶπεν
1497 2997 1529 3047 ὀ
1557 2997 1716 3063 Θεός.
1754 3018 1770 3050 ι

277 3083 472 3136 ΒΑΛΣ.
513 3084 580 3135 Ἀ
609 3085 704 3153 μὲν
735 3085 1057 3155 προείρηται
1090 3087 1216 3157 περὶ
1260 3088 1367 3140 τῶν
1396 3092 1778 3156 πεπτωκότων,

1954 3098 2110 3154 ΒΑιε.
2152 3098 2282 3165 Quae
2313 3102 2465 3169 prius
2497 3099 2714 3169 quidem
2745 3097 2888 3151 dicta
2922 3106 3049 3152 sunt
3073 3096 3139 3151 de
3165 3096 3350 3166 lapsis,
3372 3096 3441 3152 de

215 3168 421 3240 εἴρηται
450 3169 552 3222 καὶ
587 3172 715 3241 περὶ
745 3172 1225 3243 μεταμελομένων·
1263 3178 1404 3231 κατὰ
1431 3179 1487 3231 δὲ
1514 3180 1619 3234 τῶν
1652 3182 1781 3252 ἀμε-

213 3262 482 3331 τανοήτων
525 3261 625 3329 τὴν
680 3263 924 3334 κατάραν
968 3266 1068 3334 τῆς
1112 3268 1303 3338 ἑτέρας
1338 3272 1508 3342 συκῆς
1565 3274 1777 3342 ἐπάγει,

218 3354 342 3423 πρὸς
361 3352 432 3422 ἢν
467 3354 498 3405 ὁ
552 3353 756 3423 Κύριος
786 3353 889 3425 ἔφη
918 3355 1005 3411 διὰ
1051 3358 1111 3410 τὸ
1146 3358 1391 3431 ἄκαρπον
1415 3379 1428 3392 ·
1468 3364 1684 3430 Μηκέτι
1711 3367 1780 3421 ἐκ

215 3446 319 3499 σοῦ
346 3445 585 3515 καρπὸς
612 3447 871 3517 γένηται.

275 3620 523 3675 ΖΩΝΑΡ.
548 3614 615 3673 ⁸Ᾱ
634 3623 731 3692 μὲν
747 3625 1061 3697 προείρηται
1082 3630 1207 3699 περὶ
1229 3628 1334 3683 τῶν
1351 3639 1781 3704 παραπεπτωκό-

215 3726 330 3775 των,
355 3713 574 3785 εἴρηται
601 3716 693 3767 καὶ
715 3717 868 3787 [add.
890 3718 1037 3790 περὶ]
1057 3721 1524 3794 μεταμελομένων.
1548 3730 1703 3783 Κατὰ
1724 3732 1779 3785 δὲ

214 3802 315 3855 τῶν
334 3806 725 3875 ἀμετανοήτων
754 3807 811 3871 ἐξ
833 3808 1188 3877 ἀπογνώσεως
1211 3811 1242 3882 ἢ
1275 3818 1516 3886 πονηρᾶς
1538 3819 1778 3893 γνώμης,

217 3896 375 3950 καὶτὸ
406 3897 468 3962 ἐξ
502 3898 775 3969 ἁμαρτίας
800 3900 1094 3971 μελάνωμα
1112 3903 1484 3977 ἀμετάϐλητον
1511 3911 1604 3963 καὶ
1631 3913 1783 3967 ἀνέκ-

217 3988 407 4042 πλυτον
436 3990 691 4060 ἑχόντων,
730 3991 805 4055 ὡς
847 3994 895 4045 οἱ
929 3994 1181 4059 Αἰθίοπες
1212 3998 1273 4050 τὸ
1302 3998 1526 4070 ζοφερὸν
1566 4003 1658 4057 τοῦ
1695 4005 1781 4058 δέ·

220 4092 437 4150 ρματος,
465 4080 561 4133 καὶ
590 4082 625 4151 ἡ
658 4081 919 4151 πάρδαλις
948 4086 1015 4139 τὰ
1041 4086 1387 4157 ποικίλματα,
1417 4091 1514 4162 τὴν
1536 4094 1778 4166 κατάραν

214 4171 306 4241 τῆς
361 4172 559 4243 ἑτέρας
606 4174 776 4244 συκῆς
826 4176 1048 4244 ἐπάγει·
1086 4178 1221 4250 πρὸς
1271 4181 1335 4250 ἢν
1377 4182 1405 4233 ὁ
1448 4184 1649 4256 Κύριος
1678 4188 1778 4259 ἔφη

218 4265 297 4318 διὰ
327 4266 390 4319 τὸ
415 4267 666 4338 ἄκαρπον
685 4284 697 4297 ο
732 4268 955 4337 Μηκέτι
986 4271 1054 4324 ἐκ
1087 4271 1202 4324 σοῦ
1235 4275 1461 4343 καρπὸς
1500 4278 1737 4347 γένηται
1763 4300 1776 4311 ·

218 4356 301 4408 καὶ
328 4355 670 4427 πληροῦσθαί
708 4373 873 4427 φησιν
903 4357 989 4409 ἐπ’
1017 4359 1199 4421 αὐτοῖς
1221 4361 1290 4413 τὰ
1332 4362 1426 4415 τοῦ
1459 4365 1778 4437 Ἐκκλησια-

1881 3189 2331 3260 resipiscentibus
2357 3190 2518 3245 etiam
2552 3189 2695 3243 dicta
2736 3199 2882 3244 sunt.
2912 3189 3183 3243 Adversus
3209 3204 3302 3243 eos
3335 3203 3437 3242 auo

1880 3290 1985 3334 tem
2018 3281 2109 3351 qui
2141 3281 2289 3335 nulla
2326 3280 2642 3350 paenitentia
2696 3280 2990 3343 ducuntur,
3044 3280 3267 3334 alterius
3302 3280 3436 3336 ﬁcus

1878 3373 2308 3427 exsecrationem
2364 3372 2592 3435 inducit,
2655 3371 2721 3425 ad
2769 3386 2930 3440 quam
2996 3369 3255 3423 Dominus
3307 3371 3439 3424 dicit

1879 3472 2100 3533 propter
2131 3462 2520 3518 infertilitatem
2552 3480 2564 3516 :
2629 3460 2861 3515 Fructus
2894 3460 3120 3529 amplius
3160 3476 3223 3512 ex
3252 3468 3297 3513 te
3337 3477 3439 3514 non

1880 3555 1995 3623 ﬁat.

1949 3645 2153 3699 Zonsa.
2188 3645 2318 3711 Quae
2363 3646 2513 3715 prius
2542 3645 2756 3716 quidem
2805 3644 2871 3699 de
2921 3643 3086 3714 lapsis
3113 3644 3253 3697 dicta
3288 3650 3436 3706 sunt,

1880 3737 2027 3792 dicta
2058 3744 2187 3792 sunt
2223 3737 2388 3791 etiam
2439 3736 2505 3791 de
2546 3735 3015 3805 resipiscentibus.
3064 3732 3262 3786 Contra
3317 3733 3439 3786 illos

1879 3847 2006 3886 vero
2055 3832 2145 3901 qui
2188 3847 2253 3886 ex
2302 3829 2678 3900 desperatione
2727 3827 2809 3883 vel
2852 3828 3141 3896 depravata
3184 3825 3441 3895 opinione

1881 3920 2255 3991 penitentiam
2299 3934 2405 3974 non
2439 3926 2626 3988 agunt,
2661 3931 2723 3971 ac
2771 3923 3036 3986 perpetuo
3085 3914 3437 3969 iltbmrentem

1879 4028 1943 4068 ac
1973 4012 2312 4067 indelebilem
2340 4010 2547 4081 peccati
2576 4008 2849 4078 nigrorem
2878 4014 3114 4077 gestant,
3132 4014 3191 4059 ut
3224 4005 3439 4061 IEthio-
3492 3996 3495 4001 ’

1881 4119 1975 4175 pes
1999 4104 2206 4159 fuscam
2239 4104 2454 4173 pellem,
2495 4100 2804 4171 pardusque
2833 4098 3157 4161 varietates;
3208 4098 3438 4154 alterius

1881 4194 2473 4251 licusexsecrationem
2502 4192 2733 4248 inducit.
2782 4188 2865 4244 Ad
2887 4204 3049 4260 quam
3080 4187 3339 4243 Dominus
3366 4188 3438 4244 ob

1881 4288 2240 4350 sterilitatem,
2286 4284 2366 4339 Ne
2396 4286 2619 4354 fructus,
2652 4284 2849 4353 inquit,
2897 4282 3126 4351 amplius
3167 4296 3230 4334 ea:
3261 4288 3308 4333 te
3342 4297 3438 4333 ua-

1880 4389 2079 4434 scatur.
2114 4378 2557 4449 lmplendumque
2590 4377 2665 4430 ait
2709 4377 2762 4429 in
2809 4376 2943 4445 ipsis
2981 4373 3113 4428 illud
3162 4372 3435 4428 Ecclesia-

218 4462 337 4499 στου
369 4448 433 4510 ",
461 4447 710 4515 λέγοντος
730 4465 744 4478 ·
794 4448 1266 4518 Διεστραμμένον
1329 4455 1401 4507 οὐ
1453 4454 1775 4522 δυνήσεται

1884 4478 2010 4534 stes,
2060 4447 2290 4524 dicentis
2324 4487 2337 4522 :
2375 4469 2526 4533 Quod
2550 4483 2841 4536 perversum
2860 4477 3053 4521 estnon
3080 4465 3267 4536 poterit
3283 4480 3437 4519 exor-

216 4536 709 4607 ἐπικοσμηθῆναι,
743 4537 839 4590 καὶ
879 4537 1183 4607 ὑστέρημα
1201 4541 1273 4593 οὐ
1305 4539 1629 4608 δυνήσεται
1648 4546 1773 4614 ἀρι-

217 4626 503 4695 θμηθῆναι
528 4645 543 4659 ο
576 4624 693 4682 εἶτα
739 4629 1038 4699 σαφηνίσας
1064 4630 1133 4683 τὰ
1166 4630 1305 4701 ρητά
1338 4632 1529 4701 ταῦτα,
1560 4638 1778 4707 προστί-

218 4712 339 4785 θησι
364 4718 456 4769 καὶ
484 4715 552 4770 τὰ
580 4713 673 4771 τοῦ
716 4717 958 4771 Ἡσαΐου.

816 4809 1053 4863 ΚΑΝΩΝ
1084 4811 1159 4865 E’.

288 4915 307 4950 ι
342 4900 465 4964 Τοῖς
496 4900 554 4954 δὲ
584 4900 1134 4971 καθυποκριναμένοις
1168 4902 1307 4958 κατὰ
1334 4902 1424 4957 τὸν
1454 4904 1775 4976 ὲπιληπτευ-

224 5006 242 5040 ι
277 4990 501 5060 σάμενον
522 4992 709 5055 Δαὸὶδ,
738 4992 822 5045 ἵνα
869 4992 941 5063 μὴ
995 4993 1258 5068 ἀποθάνῃ,
1286 4996 1385 5049 οὐκ
1412 4995 1541 5051 ὄντα
1585 4998 1774 5071 ἐπίλη-

226 5099 245 5132 ι
279 5099 433 5136 πτον·
469 5084 564 5137 καὶ
619 5084 693 5153 μὴ
748 5084 967 5153 γυμνῶς
1012 5085 1487 5158 ἀπογραψαμένοις
1524 5088 1594 5141 τὰ
1636 5088 1775 5159 πρὸς

226 5188 245 5219 ι
279 5171 518 5243 ἄρνησιν,
568 5174 704 5226 ἀλλά
735 5173 1045 5239 διαπαίξασι
1087 5177 1224 5230 κατά
1275 5177 1471 5248 πολλὴν
1517 5196 1776 5250 στενοχω-

227 5278 247 5312 ι
289 5261 423 5331 ρίαν,
449 5264 524 5327 ὡς
551 5263 617 5317 ἂν
642 5264 827 5317 παιδία
855 5265 1170 5334 βουλευτικά
1202 5267 1445 5341 ἔμφρονα
1469 5271 1525 5324 ὲν
1548 5272 1776 5336 παιδίοις

225 5365 246 5399 ι
283 5350 492 5421 ἄφροσι,
520 5352 619 5415 τὰς
662 5354 771 5406 τῶν
819 5354 1025 5425 ἐχθρῶν
1056 5353 1362 5422 ἐπιϐουλὰς,
1408 5359 1525 5431 ἦτοι
1549 5360 1623 5423 ὡς
1643 5360 1779 5415 διελ-

1881 4561 2026 4624 nari,
2052 4571 2100 4614 et
2125 4559 2354 4628 defectus
2386 4559 2653 4613 numerari
2689 4575 2790 4611 non
2808 4559 2999 4626 poterit
3031 4572 3049 4610 :
3084 4557 3281 4629 quibus
3314 4572 3437 4611 mox

1879 4651 2183 4722 explicatis,
2208 4648 2363 4705 Isaiae
2390 4667 2608 4722 quoque.
2640 4652 2802 4706 verba
2827 4650 3120 4722 subjungit.

2491 4808 2717 4865 CANON
2758 4809 2821 4867 V.

1955 4918 1974 4952 ι
2020 4898 2090 4955 lis
2113 4908 2291 4956 autem
2326 4901 2419 4973 qui
2448 4902 2774 4957 simularunt
2803 4913 2945 4959 sicut
2974 4911 3028 4958 et
3058 4903 3229 4959 David
3262 4916 3310 4968 ε,
3343 4904 3435 4974 qui

1888 5009 1907 5043 ι
1952 5007 2011 5047 se
2043 4992 2387 5063 epilepticnm
2425 4993 2682 5065 tingebat,
2716 5009 2784 5049 ne
2814 5002 3137 5059 moreretur,
3191 4996 3438 5066 quamvis

1886 5102 1907 5134 ι
1948 5099 2007 5139 re
2033 5100 2158 5139 vera
2179 5086 2500 5155 epilepticus
2522 5101 2632 5141 non
2654 5094 2832 5154 esset;
2861 5094 2917 5141 et
2955 5088 3062 5141 non
3090 5086 3235 5142 nude
3271 5102 3437 5158 nega-

1887 5196 1905 5228 ι
1952 5178 2150 5233 tionem
2177 5178 2592 5250 inscripserunt,
2619 5181 2711 5236 sed
2732 5180 2788 5233 in
2809 5180 2992 5235 multis
3012 5180 3297 5251 angustiis,
3326 5191 3439 5235 tan-

1887 5285 1907 5320 ι
1951 5283 2112 5339 quam
2144 5270 2295 5338 pueri
2330 5270 2561 5325 consilio
2604 5276 2659 5324 et
2702 5267 2989 5339 prudentia
3035 5269 3246 5339 prmditi
3296 5271 3438 5323 inter

1887 5379 1907 5412 ι
1954 5377 2153 5432 pueros
2182 5362 2517 5433 insipientes,
2550 5362 2893 5417 inimicorum
2918 5361 3146 5418 insidias
3175 5362 3435 5418 ludiﬁcati

291 5480 317 5509 ι
342 5470 521 5525 Matt/1.
554 5488 669 5540 xxx,
702 5473 783 5526 l9.
855 5475 883 5515 ι)
912 5474 1137 5541 εωιω,
1159 5476 1247 5533 15.
1323 5490 1346 5519 ε
1376 5479 1487 5535 Isa.
1517 5497 1663 5547 uvr,
1693 5484 1783 5538 24.
1856 5483 1885 5524 (ι
1922 5483 2033 5539 Isa.
2065 5500 2197 5551 LVII,
2226 5484 2316 5551 20,
2343 5482 2436 5539 21.
2515 5494 2538 5522 ο
2572 5481 2600 5537 1
2628 5480 2751 5553 Reg.
2799 5495 2908 5546 ut,
2966 5481 3049 5536 l3.

1460 5596 1689 5654 VARle
1748 5599 2141 5657 LECTlONES.

298 5678 426 5752 '__xai
452 5694 564 5735 om.
642 5681 661 5709 ⁸
694 5680 1062 5752 δυντδθήσεται.

231 5745 275 5776 ’⁸
314 5746 797 5821 Ἐκκλησιαστικοῦ.

1149 5684 1168 5713 ⁷
1201 5684 1537 5757 λελεγμένον.
1602 5692 1622 5722 ⁸
1656 5691 1803 5749 deest
1836 5695 1959 5765 γάρ.
2029 5694 2071 5726 ⁸¹
2101 5693 2175 5757 ὼς
2205 5692 2443 5748 θάλασσα
2484 5688 2926 5762 ἀναϐεϐρασμὲνη
2961 5702 3066 5742 om.
3142 5688 3163 5719 ⁹
3187 5685 3278 5741 καί
3305 5685 3425 5742 add.
