3980 6318
511 287 618 346 4ἳ5

1571 288 1629 346 S.
1671 289 1876 345 PETRI
1916 288 2385 346 ALEXANDRINI
2423 289 2726 348 EPISCOPI
3571 308 3653 363 ιτδ

515 427 538 456 α
581 410 730 465 sunt,
769 402 851 455 vel
883 408 942 456 ut
973 402 1065 472 qui
1101 400 1295 455 altaria
1324 403 1683 472 pervaserint,
1706 405 1788 458 vel
1821 413 2077 475 tanquam

2186 423 2204 455 ι
2241 405 2422 468 θόντες
2454 407 2496 437 ¹⁰
2531 405 2762 477 βωμοὺς,
2797 408 2912 477 ἢτοι
2945 411 3021 470 ὡς
3053 413 3656 493 χειρογραφήσαντες,ητοι

518 511 537 546 ι
585 495 676 565 qui
712 493 1132 564 chirographum
1164 493 1435 560 dederim,
1478 496 1564 550 vel
1616 505 1675 550 ut
1729 497 1820 566 qui
1876 513 1973 566 pro
2019 513 2078 552 se

519 608 535 636 ι
583 587 834 642 ethnicos
890 585 1252 650 immiserint;
1286 586 1450 639 etiam
1498 586 1547 640 si
1596 587 1841 641 nonnulli
1885 602 2075 644 eorum

519 700 539 733 ι
582 681 673 751 qui
715 678 952 734 confessi
1004 687 1155 741 sunt,
1207 688 1262 732 ut
1321 679 1524 742 audivi,
1575 679 1847 751 aliquibus
1887 697 2074 736 eorum

519 792 539 824 ι
586 772 930 843 ignoverunt.
977 771 1236 841 quoniam
1269 771 1505 825 maxima
1533 774 1785 828 cautione
1813 773 2074 839 vitai-unt,

521 886 538 916 ι
582 881 648 920 ne
679 865 781 934 ipsi
818 864 934 919 suis
966 864 1217 918 manibus
1240 865 1416 934 ignem
1440 863 1700 929 facerent,
1724 872 1779 920 et
1802 865 2076 922 daemonas

521 976 537 1004 ι
586 955 828 1024 impuros
863 951 1107 1008 suﬁirent
1140 973 1152 1007 :
1187 953 1314 1008 licet
1366 969 1496 1008 vero
1555 969 1621 1008 ex
1671 955 1881 1024 agentis
1923 955 2077 1024 igno-

520 1067 538 1097 ι
584 1047 758 1100 rantia
811 1061 906 1101 eos
956 1045 1134 1112 latuit,
1190 1047 1471 1100 semestris
1515 1053 1696 1102 tamen
1746 1047 2076 1117 pmnitentiae

521 1161 538 1190 ι
583 1156 741 1211 paena
771 1140 880 1195 illis
902 1140 1231 1210 imponetur.
1265 1137 1355 1193 Sic
1395 1140 1540 1194 enim
1572 1139 1675 1210 ipsi
1702 1155 1917 1209 quoque
1961 1153 2078 1192 ma-

521 1254 539 1284 ι
585 1235 666 1305 gis
693 1234 1060 1303 juvabuntur,
1104 1234 1379 1304 prophetae
1407 1233 1609 1288 dictum
1641 1233 1989 1296 meditantes,
2023 1240 2079 1288 et

522 1345 539 1374 ι
584 1324 827 1379 dicentes
860 1344 872 1378 :
911 1323 1125 1378 Puellus
1145 1324 1348 1393 genitus
1378 1331 1455 1377 est
1478 1322 1649 1384 nobis.
1671 1324 1818 1393 ﬁlius
1846 1332 1894 1376 et
1919 1322 2076 1377 datus

522 1436 538 1466 ι
585 1426 662 1471 est
689 1417 860 1480 nobis,
891 1415 1042 1478 cuius
1080 1416 1409 1485 principatus
1439 1423 1516 1469 est
1540 1416 1595 1468 in
1629 1414 1843 1468 humero
1887 1431 2002 1479 suo,
2027 1423 2075 1468 et

522 1530 540 1560 ι
587 1519 800 1564 uocatur
822 1525 1006 1562 nomen
1028 1507 1164 1577 ejus,
1185 1507 1363 1577 magni
1395 1507 1603 1560 consilii
1624 1507 1850 1577 Angelus
1875 1519 1922 1557 α.
1948 1505 2072 1572 Qui,

521 1617 542 1650 ι
588 1607 648 1654 ut
675 1599 848 1663 scitis,
874 1600 928 1652 in
951 1605 1104 1652 sexto
1141 1612 1326 1652 mense
1353 1595 1749 1667 conceptionis,
1782 1612 1904 1650 cum
1935 1597 2076 1651 ahus

523 1713 542 1744 ι
590 1692 771 1747 infans
817 1690 1168 1762 praedicasset
1207 1700 1329 1743 ante
1355 1688 1633 1743 adventum
1669 1689 1782 1758 ejus
1824 1691 2074 1758 paeniten-

522 1802 540 1835 ι
589 1785 718 1838 tiam
743 1784 794 1836 in
821 1781 1179 1836 remissionem
1231 1791 1560 1849 peccatorum
1583 1780 1634 1846 δ,
1664 1788 1959 1851 conceptus
1990 1788 2074 1837 cst
2105 1754 2146 1811 Β

523 1895 540 1927 ι
587 1882 641 1930 et
693 1877 811 1945 ipse
866 1873 934 1928 ad
985 1872 1390 1944 praedicandam
1433 1871 1826 1941 pmnitentiain.
1863 1872 2071 1928 Etenim

523 1989 540 2019 ι
591 1978 852 2039 utrosque
881 1967 1133 2022 audimus
1162 1967 1216 2020 in
1252 1964 1440 2035 primis
1463 1965 1816 2034 praedicantes
1849 1980 1956 2018 non
1986 1979 2077 2021 so-

523 2079 541 2111 ι
589 2061 700 2115 lum
732 2060 801 2116 de
832 2057 1178 2130 poenitentia,
1209 2055 1304 2112 sed
1345 2065 1397 2111 et
1451 2055 1518 2111 de
1564 2071 1728 2127 regno
1760 2056 2019 2111 caelorum
2058 2075 2072 2111 :

521 2175 540 2204 ι
585 2153 730 2223 quod
764 2153 1006 2224 quidem,
1040 2158 1100 2204 ut
1132 2149 1442 2216 didicimus,
1475 2151 1617 2203 intra
1647 2165 1740 2203 nos
1763 2158 1907 2216 este,
1932 2149 2076 2220 quod

522 2264 540 2296 ι
591 2261 748 2315 prope
771 2261 866 2300 nos
889 2245 956 2298 sit
982 2241 1192 2298 verbum
1225 2241 1375 2312 quod
1405 2241 1679 2296 credimus
1709 2243 1870 2296 inore
1895 2252 2074 2298 nostro

521 2357 540 2390 ι
588 2349 644 2394 et
671 2339 834 2394 corde
881 2345 1092 2399 nostro,
1127 2335 1273 2406 quod
1311 2333 1470 2390 Jesus
1497 2343 1581 2389 est
1609 2335 1862 2392 Christus
1901 2356 1913 2391 :
1962 2354 2074 2392 cre-

523 2449 542 2483 ι
588 2431 765 2485 dentes
785 2431 839 2483 in
869 2429 1024 2483 corde
1047 2437 1246 2492 nostra,
1275 2427 1413 2497 quod
1445 2426 1581 2481 Deus
1608 2427 1776 2496 ipsum
1805 2430 2074 2484 suscitavit

519 2541 540 2576 ι
586 2539 652 2578 ea:
681 2523 942 2576 mortuis:
972 2528 1032 2578 ut
1059 2520 1152 2590 qui
1193 2520 1417 2574 audiant
1468 2519 1611 2590 quod
1663 2521 1820 2574 corde
1868 2522 2074 2591 quidem

519 2632 541 2666 ι
587 2612 823 2668 creditur
853 2610 922 2665 ad
945 2611 1238 2681 justitiam,
1265 2625 1356 2663 ore
1403 2617 1576 2662 autem
1624 2610 1882 2678 confessio
1909 2612 1972 2680 ﬁt
2003 2611 2071 2666 ad

517 2721 540 2757 ι
581 2705 806 2760 salutem
827 2701 874 2758 (ι.
925 2725 946 2758 ›

2183 516 2200 548 ι
2237 498 2312 561 ὡς
2371 498 2484 551 ἀνθ’
2539 499 2747 552 ἑαυτῶν
2782 499 3031 570 βαλόντες
3079 501 3326 566 ἑθνικοὺς,
3357 507 3400 558 εί
3440 509 3520 561 καί
3548 529 3657 568 τισιν

2182 608 2200 640 ι
2241 589 2416 642 αὑτῶν
2456 589 2835 662 συνεχώρησάν
2868 609 3009 656 τινες
3043 593 3146 646 τῶν
3175 594 3570 668 ὁμολογησάντων
3591 605 3672 663 ‘°'.'

2181 697 2198 727 ι
2241 679 2315 741 ὡς
2338 681 2543 750 ηκουσα
2578 683 2721 752 (ἐπεὶ
2750 682 2980 751 μάλιστα
3038 686 3172 739 κατὰ
3210 686 3394 758 πολλὴν
3433 689 3661 746 εὐλάϐειαν

2182 789 2199 820 ι
2240 769 2499 840 ἐξέφυγον
2541 773 2851 843 αὐτόχειρες
2892 774 3253 842 γενέσθαιτοῦ
3285 779 3438 849 πυρὸς
3472 781 3551 832 καὶ
3588 784 3664 853 τῆς

2182 880 2202 914 ‹
2239 863 2647 935 ἀναθυμιάσεως
2672 865 2778 920 τῶν
2811 867 3128 939 ἀκαθάρτων
3147 869 3433 940 δαιμόνων)·
3461 874 3564 925 ἐπεὶ
3585 875 3668 926 τοί⁹

2181 972 2199 1005 ι
2241 971 2333 1006 νυν
2360 953 2546 1008 ἔλαθεν
2577 955 2770 1018 αὑτοὺς
2798 955 2952 1026 ἀνοία
2972 955 3126 1009 τοῦτο
3159 955 3446 1028 πράξαντας
3473 961 3528 1019 ιι,
3550 959 3667 1029 εμως

2181 1064 2198 1096 ι
2238 1043 2501 1116 ἑξάμηνος
2531 1047 2712 1110 αὑτοῖς
2740 1047 3111 1117 ἑπιτεθὴσεται
3134 1047 3228 1118 τῆς
3254 1050 3308 1100 ἐν
3332 1049 3561 1120 μετανοίᾳ
3579 1051 3671 1101 ἐπι·-

2181 1156 2198 1188 ι
2237 1137 2490 1208 στροφῆς.
2523 1137 2676 1190 Οὕτω
2699 1138 2806 1210 γὰρ
2837 1139 3034 1209 μᾶλλον
3064 1140 3156 1192 καὶ
3189 1140 3334 1193 αὑτοὶ
3352 1139 3672 1210 ὠφεληθήσον-

2181 1249 2200 1282 ι
2234 1249 2343 1295 ται,
2408 1230 2880 1300 καταμελετῶντες
2927 1230 2988 1282 τὸ
3042 1229 3365 1304 προφητικὸν
3416 1229 3576 1300 ῥητὸν,
3603 1230 3676 1281 καὶ

2181 1346 2198 1376 ι
2232 1324 2509 1392 λέγοντες·
2541 1321 2787 1376 Παιδίον
2816 1320 3103 1390 ἐγεννήθη
3162 1320 3302 1391 ἡμῖν
3340 1320 3476 1386 υἱὸς,
3529 1321 3675 1373 xal'“

2181 1437 2200 1469 ι
2238 1417 2414 1484 ἐδόθη
2445 1416 2606 1486 ἡμῖν,
2627 1412 2699 1471 οὗ
2732 1417 2769 1483 ἠ
2793 1413 2948 1484 ἀρχὴ
2976 1415 3072 1468 ἐπὶ
3104 1413 3209 1468 τοῦ
3234 1412 3388 1482 ὤμου
3408 1411 3680 1474 αὑτοῦ,καὶ

2181 1532 2200 1564 ι
2241 1511 2501 1566 καλεῖται
2528 1510 2593 1565 τὸ
2627 1511 2809 1580 ὄνομα
2835 1508 3020 1563 αὑτοῦ
3043 1507 3308 1577 μεγάλης
3333 1503 3550 1572 ,βουλῆς
3582 1507 3682 1572 Ἀτ-

2183 1625 2200 1657 ι
2239 1609 2430 1675 γελος.
2470 1605 2644 1674 Ὅπερ
2676 1605 2784 1666 ¹¹⁶⁹,
2816 1603 2891 1666 ὼς
2928 1602 3060 1666 ἴστε,
3093 1603 3152 1655 ὲν
3182 1600 3257 1671 τῷ
3293 1600 3432 1668 ἕκτῳ
3463 1598 3578 1669 μηνὶ
3607 1598 3683 1666 τῆς

2183 1718 2201 1750 ι
2239 1696 2550 1768 συλλήψεως
2582 1695 2674 1749 τοῦ
2706 1695 2890 1766 ἑτέρου
2917 1694 3150 1759 παιδίου,
3184 1691 3275 1745 τοῦ
3299 1688 3684 1762 προκηρύξαντος

2182 1809 2201 1841 ι
2244 1789 2357 1857 πρὸ
2381 1787 2701 1856 προσώπου
2719 1785 2825 1854 τῆς
2845 1785 3084 1840 εἰσόδου
3105 1783 3290 1838 αὐτοῦ
3309 1781 3602 1852 μετάνοιαν
3619 1782 3686 1843 εὶς

2183 1901 2201 1932 ι
2237 1881 2456 1950 ἄφεσιν
2492 1880 2804 1949 ἁμαρτιῶν,
2839 1877 3140 1949 συνελήφθη
3171 1877 3262 1930 καὶ
3291 1874 3417 1929 αὑτὸ
3441 1873 3689 1944 ¹¹·“κηρύο

2183 1993 2202 2026 ι
2246 1974 2333 2040 ξαι
2358 1972 2660 2044 μετάνοιαν.
2694 1971 2802 2024 Καὶ
2831 1969 2938 2044 γὰρ
2963 1971 3055 2023 καὶ
3073 1970 3183 2023 τῶν
3207 1967 3517 2039 ἀμφοτέρων
3533 1965 3689 2018 ἀκούοο

2185 2087 2203 2120 ι
2239 2085 2336 2139 μεν
2381 2069 2438 2120 ἑν
2475 2064 2708 2136 πρώτοις
2739 2064 3112 2136 κηρυττόντων
3144 2064 3186 2096 ¹²
3215 2065 3276 2117 οὑ
3310 2061 3460 2132 μόνον
3483 2058 3593 2129 περὶ
3619 2072 3695 2126 με·

2185 2179 2206 2212 ι
2239 2160 2476 2224 τανοίας,
2526 2158 2661 2212 ἀλλὰ
2691 2159 2784 2211 καὶ
2830 2158 2957 2228 περὶ
2989 2157 3264 2229 βασιλείας
3295 2152 3545 2226 οὐρανῶν,
3578 2151 3694 2220 ἣτις,

2185 2271 2204 2303 ι
2241 2250 2420 2315 καθὼς
2451 2251 2865 2323 μεμαθήκαμεν,
2887 2249 3058 2316 ἐντὸς
3077 2249 3250 2318 ἡμῶν
3273 2249 3426 2310 ἐστι,
3463 2244 3533 2315 τῷ
3553 2242 3697 2311 ἐγγὺς

2186 2362 2205 2394 σ
2238 2342 2406 2412 ἡμῶν
2421 2341 2573 2401 εἶναι
2601 2344 2666 2398 τὸ
2683 2342 2845 2414 ῥῆμα
2877 2343 2906 2396 δ
2943 2342 3274 2412 πιστεύομεν
3305 2341 3374 2394 ἐν
3393 2338 3468 2404 τῷ
3491 2337 3701 2405 στόματι

2186 2453 2205 2486 ι
2239 2431 2464 2487 ἑαυτῶν
2510 2433 2604 2486 καὶ
2658 2435 2716 2485 ἐν
2745 2436 2809 2504 τῇ
2854 2432 3046 2505 καρδία
3083 2430 3296 2485 ἑαυτῶν
3319 2447 3333 2461 ⁸
3369 2429 3488 2499 περὶ
3529 2421 3588 2496 ἧς
3629 2425 3703 2476 καὶ

2184 2543 2202 2577 ι
2242 2525 2395 2578 αὑτοὶ
2421 2524 2875 2595 ὑπομνησθέντες,
2903 2524 3241 2596 μαθήσονται
3269 2521 3538 2593 ὁμολογεῖν
3563 2521 3613 2572 ἐν
3641 2515 3703 2585 τῷ

2185 2637 2204 2670 ι
2247 2619 2473 2689 στόματι
2503 2618 2706 2672 ἑαυτῶν
2753 2619 2816 2683 ⁸³,
2863 2620 2944 2672 ὃτι
2991 2617 3200 2688 Ἰησοῦς
3253 2614 3481 2688 Χριστός
3511 2613 3606 2683 (l)'
3633 2627 3707 2662 at-

2186 2727 2205 2760 ι
2244 2711 2561 2776 στεύοντες
2587 2711 2656 2763 ἐν
2687 2709 2762 2777 τῇ
2783 2709 2992 2778 καρδίᾳ
3011 2706 3265 2770 ἑαυτῶν,
3295 2707 3383 2758 ὅτι
3410 2709 3442 2759 ό
3469 2704 3598 2768 Θεὸς
3625 2703 3718 2754 αὑ-.

519 2817 540 2850 ι
578 2797 685 2852 τόν
704 2797 938 2867 ἤγειρεν
961 2797 1031 2850 ἐκ
1063 2794 1302 2863 νεκρῶν
1336 2791 1429 2846 ἆτε
1461 2792 1524 2864 δὴ
1593 2785 1638 2821 ¹¹⁵
1679 2784 1986 2863 ἀκούοντες,
2011 2799 2092 2852 ὃτι
2117 2801 2327 2870 καρδίᾳ
2351 2802 2468 2872 μὲν
2497 2804 2831 2858 πιστεύεται
2866 2803 2909 2834 ¹⁵
2940 2803 3027 2866 εὶς
3049 2799 3472 2867 δικαιοσύνην,
3499 2796 3710 2864 στόματι

521 2909 542 2944 t
577 2891 646 2945 δὲ
674 2888 1040 2960 ὁμολογεῖται
1062 2891 1150 2954 εὶς
1169 2887 1486 2955 σωτηρίαν.
1526 2905 1545 2938 ι

583 2985 743 3040 ΒΑιε.
786 2981 842 3037 Si
872 2983 965 3052 qui
998 2991 1174 3036 autem
1205 2981 1531 3035 simularunt
1581 2995 1639 3035 se
1691 2980 1760 3035 ad
1799 2995 1922 3036 aras
1947 2981 2067 3050 qui-

2243 2982 2437 3039 ΒΑΛΣ.
2481 2983 2543 3038 El
2598 2983 2654 3038 δέ
2711 3001 2853 3047 τινες
2888 2984 3273 3058 ὑπεκρίθησαν
3322 2986 3425 3057 μὲν
3465 2983 3713 3056 προσιέναι

513 3081 636 3137 dem
661 3078 940 3143 accedere,
976 3076 1058 3131 vel
1083 3075 1322 3130 scribere
1336 3074 1479 3144 quod
1515 3072 1671 3128 ﬁdem
1703 3081 1932 3144 negant;
1957 3089 2066 3128 non

2183 3076 2286 3137 τοῖς
2319 3073 2539 3145 βωμοῖς,
2569 3075 2687 3145 ἦτοι
2710 3075 2938 3145 γράψαι,
2972 3075 3054 3128 ὄτι
3086 3076 3385 3148 ἀρνοῦνται
3417 3075 3512 3146 τὴν
3541 3074 3713 3132 πίστιν,

516 3173 657 3228 aude
691 3179 870 3225 autem
899 3176 953 3223 et
983 3175 1166 3237 aperte
1198 3165 1298 3220 hoc
1326 3165 1595 3230 fecerunt,
1621 3164 1713 3220 sed
1738 3172 1853 3220 arte
1885 3165 2068 3235 aliqua

2183 3164 2238 3216 οὑ
2264 3165 2480 3235 γυμνῶς
2501 3165 2557 3217 δὲ
2597 3164 2689 3218 καὶ
2721 3164 2968 3237 φανερῶς
2994 3165 3156 3220 τοῦτο
3188 3167 3476 3239 ἐποίησαν,
3506 3163 3630 3218 ἀλλά
3650 3162 3722 3215 διά

514 3280 610 3321 eos
641 3263 734 3333 qui
765 3262 871 3317 vim
895 3257 1215 3321 alferebant,
1247 3257 1568 3321 illuserunt;
1606 3254 1748 3309 sicut
1781 3253 1950 3308 David
1978 3255 2070 3325 qui

2183 3272 2320 3319 τινος
2368 3255 2586 3327 μεθόδου
2613 3255 2886 3323 διέπαιξαν
2931 3259 3056 3321 τοὺς
3105 3258 3403 3328 βιάζοντας
3438 3259 3640 3320 αὑτοὺς,
3661 3255 3722 3316 ὼς

517 3371 577 3412 se
603 3355 863 3427 epilepsia
889 3359 1201 3422 correptum
1233 3349 1510 3405 simulavit
1534 3363 1656 3401 cum
1681 3346 1888 3417 fugeret
1935 3346 2074 3399 Sau-

2183 3345 2204 3396 ὑ
2239 3345 2400 3399 Δαϐὶδ
2432 3347 2520 3399 ὅτε
2557 3347 2645 3401 τὸν
2674 3348 2967 3419 ἐπίληπτον
3022 3350 3329 3423 ὑπεκρίθη,
3382 3350 3592 3419 φεύγων
3655 3347 3728 3399 τὸν

516 3451 644 3517 ιειι),
673 3455 726 3503 et
752 3454 896 3503 esset
917 3444 1058 3514 apud
1088 3443 1455 3516 alienigenas;
1481 3449 1535 3494 et
1565 3440 1636 3492 ita
1681 3446 1907 3494 mortem
1949 3453 2076 3492 eva-

2183 3437 2365 3500 Σαοὺλ,
2400 3439 2494 3517 κα).
2537 3439 2670 3510 πρὸς
2712 3442 2837 3504 τοὺς
2898 3440 3236 3510 ἀλλοφύλους
3291 3443 3602 3512 γενόμενος,
3652 3437 3727 3490 καὶ

516 3505 589 3594 sit
618 3505 643 3593 τ’
661 3505 1174 3592 ὶιιυεετυηίαυῑειο
1188 3505 1532 3586 inimicorum
1557 3529 1806 3596 insidias,
1835 3537 1895 3583 ut
1911 3528 2074 3598 puelli

2183 3527 2315 3582 οὕτω
2340 3530 2430 3583 τὸν
2458 3505 2682 3584 θάνατον
2715 3505 3074 3602 διαπέφευγενο
3107 3505 3496 3601 διέπαινξανδὲ
3526 3531 3618 3594 τὰς
3642 3529 3731 3582 τῶν

515 3631 750 3687 consilio
800 3628 1197 3699 prudentiaque
1258 3623 1465 3694 praediti
1512 3637 1712 3692 pueros
1758 3621 2074 3691 insipientes

2183 3620 2382 3693 ἐχθρῶν
2424 3621 2730 3685 ἐπιϐουλὰς,
2781 3621 2855 3686 ὡς
2906 3623 3090 3676 παιδία
3139 3615 3478 3694 βουλευτικά
3517 3624 3730 3692 ἔμφρονα

515 3721 743 3779 eludunt
774 3739 787 3774 :
824 3719 1020 3787 impios
1041 3717 1184 3772 enim
1213 3716 1537 3777 fefellerunt,
1572 3713 1715 3784 quod
1766 3711 2075 3767 sacriﬁcare

2183 3711 2541 3777 διαπαίζουσιν
2591 3713 2829 3784 ἄφρονας
2887 3712 3109 3776 παῖδαςο
3140 3716 3451 3784 ἠπάτησαν
3495 3712 3600 3783 γὰρ
3630 3708 3734 3769 τοὺς

515 3811 734 3882 quidem
775 3808 879 3862 visi
931 3814 1078 3869 sunt,
1108 3820 1218 3859 non
1258 3814 1437 3859 tamen
1466 3804 1886 3858 sacriﬁcarunt:
1935 3801 2075 3857 forte

2183 3803 2410 3868 ἀσεϐεῖς,
2458 3803 2546 3857 διά
2582 3805 2642 3858 τὸ
2684 3805 2831 3872 δόξαι
2891 3805 2989 3876 μὲν
3018 3805 3192 3871 θύειν,
3235 3806 3314 3878 μὴ
3350 3806 3512 3860 θῦσαι
3541 3804 3628 3858 δέ·
3657 3818 3735 3853 τυ-

517 3903 662 3958 enim
698 3915 794 3972 pro
835 3910 893 3955 se
923 3897 1169 3952 ethnicos
1211 3897 1293 3949 vel
1323 3895 1565 3949 inﬁdeles
1598 3895 1988 3956 submiserunt,
2019 3901 2074 3947 et

2183 3895 2267 3964 [ὸν
2298 3895 2408 3967 γὰρ
2433 3897 2548 3949 ἀνθ’
2599 3897 2806 3949 ἑαυτῶν
2829 3897 3092 3951 ὑπέϐαλον
3121 3897 3382 3963 ἑθνικοὺς
3417 3898 3452 3970 ἣ
3481 3896 3738 3956 ἀπίστους,

463 3983 476 3995 ’
520 4009 617 4067 per
667 3994 789 4048 illos
835 3989 1146 4048 sacriﬁcare
1186 3988 1336 4059 ipsos
1365 3987 1749 4074 existimarunt
1785 4003 1800 4040 :
1832 3986 1932 4049 eis,
1988 3985 2072 4039 in-

2183 3987 2268 4040 καὶ
2294 3988 2359 4040 δι’
2393 3987 2612 4041 ἐκείνων
2661 3989 2915 4058 ἐνόμισαν
2961 3989 3252 4044 τεθυκέναι
3275 4008 3290 4021 ο
3329 3992 3446 4052 τοῖς
3481 3985 3740 4046 τοιούτοις,

519 4088 660 4160 quit,
705 4093 966 4142 semestre
1015 4090 1226 4153 tempus
1267 4079 1493 4136 sulﬁciet
1544 4078 1610 4133 ad
1675 4078 2072 4148 pmnitentiam.

2183 4079 2362 4148 φησὶν.
2421 4077 2688 4149 ἑξάμηνος
2732 4078 2920 4150 καιρὸς
2947 4079 3153 4151 ἀρκέσῃ
3180 4082 3266 4145 είς
3297 4079 3614 4152 μετάνοιαν.
3641 4075 3744 4130 Κάν

519 4181 636 4236 Etsi
660 4179 804 4236 enim
833 4192 943 4231 non
971 4173 1360 4233 sacriﬁcarunt,
1395 4170 1522 4240 quia
1555 4177 1734 4224 tamen
1765 4168 2075 4225 sacriﬁcare

2183 4171 2280 4240 γὰρ
2309 4171 2408 4222 οὑκ
2432 4169 2647 4234 ἔθυσαν,
2683 4169 2795 4223 ἀλλ’
2829 4171 2909 4224 ὅτι
2943 4171 3226 4225 συνέθεντο
3274 4173 3446 4227 θῦσαι
3479 4173 3513 4244 ἦ
3548 4170 3746 4239 ἑτέρους

521 4270 746 4344 polliciti
795 4275 945 4330 sunt,
984 4266 1068 4321 vel
1116 4265 1251 4320 alios
1307 4261 1699 4326 submiserunt,
1759 4259 2074 4330 poenitentia

2183 4264 2460 4326 ὑπέϐαλον,
2487 4263 2840 4334 ἐλογίσθησαν
2855 4262 3060 4317 δεῖσθαι
3086 4267 3415 4334 μετανοίας,
3443 4267 3493 4319 εἰ
3515 4263 3608 4318 καί
3625 4277 3749 4315 τισιν

522 4361 766 4432 indigere
797 4366 925 4413 sunt
956 4355 1286 4421 existimati;
1319 4352 1536 4408 etiamsi
1577 4351 1854 4407 nonnullis
1882 4367 2069 4405 eorum

2183 4354 2350 4409 αὑτῶν
2399 4353 2778 4426 συνεχώρησάν
2812 4370 2958 4418 τινες
2985 4356 3092 4408 τῶν
3121 4358 3609 4430 μαρτυρησάντων
3629 4352 3750 4420 ὑπὲρ

520 4455 840 4526 ignoverunt
893 4450 1136 4521 quidam,
1177 4447 1271 4518 qui
1314 4463 1414 4518 pro
1442 4447 1545 4502 ﬁde
1583 4443 1951 4500 testimonium
1981 4444 2074 4496 de-

2183 4449 2274 4520 τῆς
2333 4449 2584 4511 πίστεως.
2653 4448 2964 4512 Ἀπεικάζει
3013 4448 3068 4501 δὲ
3112 4450 3346 4514 τούτους
3375 4449 3538 4504 παισὶ
3567 4448 3658 4519 μὲν
3689 4444 3753 4505 ὡς

521 4547 674 4601 dere.
697 4542 804 4599 Eos
830 4550 1007 4597 autem
1044 4539 1230 4611 pueris
1257 4539 1474 4609 quidem
1503 4535 1731 4598 confert,
1767 4543 1826 4588 ut
1845 4536 1937 4604 qui
1965 4548 2073 4587 non

2183 4540 2253 4612 μὴ
2297 4539 2561 4611 ἀνδρικῶς
2617 4539 3111 4606 ἀντικαταστάντας
3151 4546 3272 4607 τοῖς
3326 4543 3754 4610 εἰδωλολάτραις,

517 4640 745 4694 viriliter
771 4634 1073 4691 idololatris
1098 4633 1450 4697 restiterunt;
1471 4628 1828 4700 prudentibus
1853 4643 2002 4694 vero,
2017 4634 2076 4682 ut

2183 4631 2406 4703 ἑμφροσι
2467 4631 2523 4684 δὲ
2567 4632 2643 4698 ὡς
2680 4632 2981 4703 εὐμεθὸδως
3027 4634 3124 4704 τὴν
3157 4635 3364 4690 θυσίαν
3391 4636 3757 4692 ἑκκλίναντας·

519 4731 612 4802 qui
647 4727 876 4782 artiﬁcio
899 4724 1167 4782 sacriﬁcia
1188 4723 1550 4778 declinarunt.

592 4819 794 4875 Zona.
837 4816 896 4872 Si
937 4817 1029 4886 qui
1079 4830 1208 4870 vero
1237 4812 1306 4868 ad
1334 4828 1458 4867 aras
1487 4813 1706 4884 quidem
1733 4826 1791 4869 se
1817 4809 2074 4866 accedere

2246 4811 2574 4864 ΖΩΝΑΡ.ΕΞ
2625 4813 2682 4866 δέ
2733 4831 2876 4878 τινες
2913 4812 3298 4885 ὑπεκρίθησαν
3341 4815 3449 4886 μὲν
3490 4813 3763 4886 προσιέναι

523 4912 870 4977 simularunt,
896 4917 990 4963 aut
1014 4907 1252 4963 scribere
1274 4905 1420 4976 quod
1442 4905 1599 4960 ﬁdem
1631 4914 1850 4976 negant,
1881 4918 2072 4959 verum

2183 4907 2288 4967 τοῖς
2315 4903 2534 4974 βωμοῖς,
2561 4905 2677 4976 ἦτοι
2715 4905 2942 4977 γράψαι,
2979 4907 3060 4960 ὅτι
3093 4906 3401 4976 ἀρνοῦνται
3436 4907 3540 4978 τὴν
3573 4907 3766 4965 πίστιν,

593 5081 622 5112 ι
645 5066 760 5124 Ιεα.
793 5081 869 5132 tx,
893 5065 947 5120 6.
1023 5064 1052 5104 δ
1079 5062 1206 5119 Luc.
1235 5078 1275 5126 ι,
1316 5061 1404 5127 76,
1439 5059 1525 5116 77.
1603 5070 1626 5098 ο
1652 5056 1780 5114 Luc.
1813 5057 2057 5120 “11,21.

2187 5057 2338 5114 Rom.
2365 5075 2417 5124 χ,
2447 5059 2597 5114 8-10.

1776 5199 2009 5256 VARhE
2046 5199 2442 5258 LECTIONES.

621 5347 664 5379 “
699 5344 1066 5409 διελθόντας...
1133 5345 1733 5415 χειρογραφήσαντας...
1788 5339 2063 5415 βαλόντας.
2116 5411 2126 5415 _
2164 5341 2227 5374 ¹⁸”
2267 5343 2635 5415 ὁμολογητῶν.
2745 5345 2782 5375 ¹¹
2835 5342 2926 5396 τοῦ
2979 5343 3310 5415 πράξαντος.
3445 5346 3513 5377 ¹¹⁶
3545 5342 3778 5413 ἐγενήθη

522 5421 673 5490 ᾐμῖν,
706 5416 974 5490 illogical:
1034 5409 1336 5490 ⁸⁸·ξ’ὂσπερξ
1405 5409 1520 5490 1“"
1551 5412 1731 5490 αὑτόςΓ
1768 5409 1851 5490 λ’
1890 5409 2314 5490 κηρυσσόντων.’
2362 5409 2541 5490 {Mein
2563 5409 2632 5490 ἦμς
2655 5415 2744 5468 καὶ
2770 5415 2918 5467 αὑτοὶ
2949 5409 3404 5485 ὑπομνησθέντες
3441 5409 3781 5487 μαθήσονται

521 5481 796 5558 ὁμολογεῖν
821 5489 879 5540 ἐν
907 5484 984 5556 τῷ
1015 5485 1237 5554 στόματι
1269 5481 1473 5536 ἑαυτῶν
1511 5498 1620 5538 om.
1692 5482 1734 5514 ιδ
1762 5481 1838 5536 δέ.
1916 5481 1958 5512 ⁸⁵
1985 5481 2333 5538 πιστεύετε...
2367 5481 2690 5554 ὁμολογεῖτε.

588 5625 666 5696 ιι)
697 5626 813 5679 Ὅτι
852 5626 1078 5693 Ἰησοῦς
1108 5627 1379 5696 Χριστός.
1408 5623 1714 5696 Hardninus
1735 5626 1786 5680 in
1821 5639 1916 5696 sua
1943 5623 2078 5696 Con-
2182 5633 2359 5696 antem
2408 5623 2560 5696 loeu_s
2587 5635 2762 5696 paulo
2801 5622 2964 5696 aliter
3004 5620 3223 5680 eﬂ'crtur
3277 5621 3344 5680 in
3411 5623 3556 5681 edit.
3613 5621 3786 5678 Paris.

518 5693 761 5765 ciliorum
791 5696 1027 5765 editjone
1075 5711 1138 5749 ex
1190 5711 1292 5765 ms.
1338 5693 1505 5763 Regio
1552 5694 1712 5756 2058,
1753 5696 1834 5748 ὅτι
1879 5693 2078 5765 Κύριος
2184 5694 2403 5752 Zonarzc
2431 5703 2484 5751 et
2509 5693 2865 5750 Balsamonis.

534 5763 857 5834 ἰησοῦς.5ἰο
886 5763 1109 5833 Rom.x,
1138 5765 1189 5820 9.
1222 5761 1364 5822 Idem
1395 5761 1554 5834 paulo
1581 5774 1720 5835 post,
1748 5765 1840 5820 ἅτε
1874 5761 2076 5839 wine
