3980 6318
198 310 306 366 L77

1435 313 1767 371 EPISTOLA
1807 316 2175 375 CANONICA.
3329 319 3436 373 ιῑε

194 427 256 479 οὑ
300 426 525 509 γυμνῶς
575 428 629 480 δέ
669 428 725 480 τὰ
747 428 880 499 πρὸς
920 429 1145 500 ἄρνησιν
1184 429 1445 501 ἔγραψαν,
1499 433 1621 485 ἀντὶ
1672 432 1765 485 τοῦ

1879 450 1989 504 qua:
2012 436 2080 489 ad
2120 435 2531 505 abnegationem
2580 442 2828 506 spectant
2860 450 2969 488 non
3001 434 3145 488 nttde
3200 434 3437 504 scripse-

190 519 295 571 οὐκ
340 518 858 589 ἀπαρακαλύπτως,
893 518 951 573 οὑ
1006 523 1271 594 φανερῶς,
1320 523 1455 576 ἀλλὰ
1497 524 1585 578 διά
1631 534 1777 580 τινος

192 604 422 676 μεθόδου
452 604 731 673 διέπαιξαν
763 610 887 671 τοὺς
930 607 1210 678 βιάζοντας
1240 612 1453 678 αὐτοὺς,
1492 613 1566 677 ὡς
1603 617 1631 667 ό
1667 616 1773 666 Δα-

192 693 282 746 ϐἱδ
324 695 414 747 ὅτε
442 696 535 748 τὸν
562 697 853 768 ἐπίληπτον
899 700 1161 771 ὑπκρίθη
1216 702 1430 771 φεύγων
1459 703 1550 757 τὸν
1583 704 1773 767 Σαοὺλ,

191 788 288 840 καὶ
318 787 463 857 πρὸς
503 790 630 852 τοὺς
681 790 1007 859 ἀλλοφύλους
1035 793 1342 863 γενόμενος,
1375 795 1469 847 καὶ
1510 794 1653 849 οὕτω
1684 796 1774 849 τὸν

190 878 428 932 θάνατον
483 880 839 951 διαπέφευγε·
898 883 1179 950 διέπαιξαν
1232 886 1310 950 δὲ,
1347 888 1501 957 φησὶ,
1536 888 1631 951 τὰς
1667 888 1774 942 τῶν

189 972 408 1043 ἐχθρῶν
453 974 764 1038 ἐπιϐουλὰς,
808 976 885 1047 ὡς
910 977 1095 1029 παιδία
1133 977 1473 1048 βουλευτικά,
1506 980 1770 1050 ἔμφρονα,

191 1064 459 1136 φρόνιμα,
483 1067 573 1119 καὶ
600 1067 833 1129 συνετῶς
848 1067 1047 1139 δηλαδὴ
1071 1069 1447 1141 βουλευόμενα,
1472 1069 1777 1136 διαπαίζου-

192 1173 277 1210 σιν
294 1159 353 1210 ἐν
370 1157 572 1230 ἄφροσι
590 1158 837 1222 παιδίοις.
849 1161 1119 1232 Ἔμφροσι
1132 1162 1187 1215 δὲ
1204 1161 1488 1227 ἀπεικάζει
1504 1165 1627 1227 τοὺς
1640 1165 1776 1217 ἀπα-

190 1253 472 1320 τήσαντας
488 1253 614 1315 τοὺς
629 1252 861 1317 ἀσεϐεῖς,
887 1255 979 1306 καὶ
993 1254 1249 1321 δόξαντας
1272 1257 1367 1327 μὲν
1388 1256 1554 1320 θύειν,
1583 1258 1656 1327 μὴ
1683 1257 1774 1310 θύ-

195 1359 394 1405 σαντας
412 1343 496 1396 δέ’
528 1343 799 1415 ἔμφρονας
819 1346 914 1416 μὲν
928 1347 1002 1411 ὼς
1022 1347 1117 1418 τὴν
1140 1349 1327 1401 Θυσίαν
1344 1348 1477 1411 τέως
1499 1348 1776 1401 ἐκκλίναν-

192 1451 288 1497 τας
304 1435 370 1465 ¹⁸⁶
395 1452 409 1463 ⁸
439 1435 713 1501 παιδείους
730 1437 806 1499 δὲ,
828 1439 901 1501 ὡς
924 1439 995 1509 μὴ
1015 1440 1215 1493 τέλειον
1233 1441 1596 1512 καὶάνδρῶδες
1608 1443 1772 1496 ἐνδει-

196 1525 256 1590 ξα
264 1527 464 1597 μένους
482 1528 754 1599 φρόνημα,
779 1532 869 1582 καὶ
885 1532 1145 1600 γενναίως
1158 1532 1649 1598 ἀντικαταστάντας
1666 1538 1774 1599 τοῖς

196 1620 633 1691 εἰδωλολάτραις,
670 1622 781 1674 ἀλλ’
808 1624 953 1693 ὅμως
1000 1624 1360 1696 συνθεμένους
1391 1627 1571 1694 οὖσαι,
1607 1630 1653 1681 εἰ
1683 1628 1774 1682 καί

194 1729 335 1777 τινες
362 1715 455 1745 ¹⁵⁹’
490 1713 606 1767 ἀνθ’
634 1715 841 1769 ἑαυτῶν
864 1716 1128 1771 ὑπέϐαλον
1156 1717 1420 1783 ἐθνικοὺς,
1450 1722 1616 1791 ἤγουν
1644 1722 1772 1775 ἀπί-

1879 534 2026 585 runt.
2055 527 2157 581 hoc
2189 536 2272 581 est
2295 543 2403 581 non
2427 527 2735 591 manifeste,
2761 542 2869 581 non
2897 536 3111 598 aperte;
3147 528 3240 582 sed
3270 530 3440 581 artill-

1878 618 1963 672 cio
1991 616 2227 688 quodam
2255 634 2350 672 eos
2379 618 2472 687 qui
2500 618 2605 671 vim
2640 617 2949 673 inferebant
2979 618 3241 671 ludiﬁcati
3264 624 3392 673 sunt
3419 635 3435 671 :

1878 723 1935 766 ut
1964 712 2153 776 David,
2187 712 2278 781 qui
2307 713 2434 766 dum
2466 712 2682 766 Saulem
2712 712 2939 782 fugeret,
2976 727 3040 765 ac
3083 712 3150 765 ad
3192 712 3441 782 alienige.

1874 821 1974 861 nas
2005 804 2333 867 devenissct,
2386 820 2444 860 se
2495 806 2839 875 epilepticum
2876 805 3049 869 ﬁnxit,
3079 820 3251 875 eoque
3282 812 3440 875 pacto

1875 906 2104 952 mortem
2132 897 2373 951 evitavit.
2403 895 2690 950 Lndilicati
2718 912 2879 967 porro
2910 907 3058 960 sunt,
3094 898 3290 967 inquit,
3329 898 3436 951 ini-

1875 987 2142 1041 micorum
2173 987 2437 1051 insidias;
2467 988 2633 1041 veluti
2666 987 2817 1055 pueri
2855 987 3171 1056 prudentes,
3205 988 3437 1043 consilio

1875 1073 2132 1129 nimirum
2164 1091 2227 1130 ac
2251 1076 2536 1147 prudentia
2572 1076 2807 1146 prrediti,
2844 1077 3046 1146 quique
3096 1078 3305 1133 scilicet
3350 1094 3441 1134 so-

1875 1166 2040 1222 lerter
2071 1170 2360 1224 consilium
2395 1171 2695 1240 capientes,
2732 1170 3051 1237 insipientes
3077 1187 3273 1241 pueros
3314 1171 3440 1225 illu-

1874 1260 2031 1314 dunt.
2062 1259 2431 1315 Prudentibus
2478 1269 2657 1314 autem
2707 1270 2985 1329 comparat
3020 1277 3114 1316 eos
3163 1277 3192 1315 a
3241 1263 3440 1332 quibus

1874 1352 2085 1422 decepti
2120 1362 2245 1407 sunt
2269 1354 2442 1423 impii,
2468 1356 2673 1425 quique
2696 1371 2819 1410 cum
2848 1373 2956 1410 non
2986 1354 3437 1417 sacriﬁcaverint,

1876 1442 2190 1497 sacriﬁcare
2218 1443 2577 1499 nihilominus
2606 1444 2707 1499 visi
2755 1454 2919 1511 sunt;
2976 1444 3272 1515 prudentes
3318 1445 3440 1514 qui-

1874 1534 2021 1595 dem,
2056 1534 2225 1602 utqui
2258 1532 2591 1587 sacriﬁcium
2624 1550 2867 1604 eousque
2908 1534 3226 1587 evitaverint
3260 1553 3273 1588 :
3308 1550 3441 1604 pue-

1876 1642 1966 1681 ros
2000 1637 2201 1689 autem,
2236 1627 2381 1696 quod
2416 1626 2716 1697 perfectum
2747 1642 2810 1681 ac
2844 1628 3055 1681 virilem
3086 1641 3305 1682 sensum
3340 1628 3441 1681 mi-

1874 1719 2021 1771 nime
2046 1716 2340 1781 induerint,
2381 1734 2483 1773 nec
2514 1733 2775 1789 generose
2820 1717 3089 1772 idolorum
3136 1718 3441 1773 cultoribus

199 1822 388 1870 στους,
446 1806 543 1858 καὶ
607 1806 827 1859 ἐκείνων
895 1807 1169 1863 θυσάντων
1222 1812 1578 1882 ἐνομίσθησαν
1626 1814 1775 1867 αὑτοὶ

1880 1809 2271 1880 repugnarint;
2306 1825 2492 1865 verum
2543 1825 2602 1865 se
2637 1809 3044 1865 sacriﬁcaturos
3098 1816 3225 1863 sunt
3274 1810 3438 1879 pacti,

198 1897 505 1951 τεθυκέναι.
570 1899 696 1961 Τοῖς
727 1900 1006 1966 τοιούτοις,
1068 1904 1249 1972 φησὶν,
1282 1903 1548 1975 ἑξάμηνος
1587 1906 1775 1977 καιρὸς

200 1989 486 2061 ἐξαρκέσει
520 1992 601 2053 εἰς
654 1992 957 2060 μετάνοιαν.
1004 1994 1121 2047 Κᾶν
1149 1996 1257 2067 γὰρ
1295 1997 1393 2050 οὑκ
1417 1996 1633 2061 ἔθυσαν,
1659 1999 1773 2051 ἀλλ’

199 2084 274 2135 ὅτι
324 2082 615 2136 συνέθεντο
667 2085 845 2151 θῦσαι,
890 2087 921 2157 ἢ
986 2090 1066 2141 ὅτι
1104 2089 1321 2160 ἐτέρους
1370 2090 1654 2155 ὑπέϐαλον,
1683 2093 1776 2145 καὶ

200 2171 381 2238 ἔδοξαν
414 2174 574 2226 αὑτοὶ
610 2173 787 2240 θῦσαι,
828 2176 1180 2248 ἐλογίσθησαν
1216 2180 1422 2234 δεῖσθαι
1467 2184 1772 2252 μετανοίας,

204 2264 247 2313 εἰ
270 2262 364 2315 καί
391 2280 539 2315 τισιν
578 2264 755 2317 αὑτῶν
787 2267 1165 2339 συνεχώρησάν
1193 2287 1336 2334 τινες
1371 2270 1476 2324 τῶν
1509 2272 1774 2344 ὁμολογη-

207 2354 428 2407 σάντων.
464 2355 622 2418 Τινὲς
646 2356 752 2428 γὰρ
770 2357 876 2411 τῶν
895 2362 1364 2432 μαρτυρησάντων
1385 2364 1477 2415 καὶ
1498 2364 1775 2418 παθόντων

206 2445 339 2515 ὑπὲρ
366 2446 468 2514 τῆς
525 2448 761 2513 πίστεως
802 2451 1183 2523 συνεχώρησαν
1225 2457 1336 2518 τοῖς
1378 2455 1465 2509 διὰ
1516 2457 1773 2527 μεθόδων,

206 2536 273 2599 ὡς
317 2537 557 2609 εἴρηται,
610 2540 684 2611 μὴ
716 2540 927 2605 θύσασι,
968 2544 1061 2596 καὶ
1094 2544 1338 2611 ἐδέξαντο
1385 2548 1577 2612 αὑτοὺς
1640 2549 1776 2619 μετά

208 2628 304 2681 τῶν
358 2630 592 2696 πιστῶν,
643 2633 724 2685 ὅτι
764 2634 1022 2704 ἐξέφυγον
1055 2638 1404 2709 πολυτρόπως
1431 2642 1491 2694 τὸ
1524 2642 1775 2697 θυσιάσαι

208 2722 308 2783 τοῖς
335 2719 580 2790 δαίμοσι.
611 2721 707 2774 Διὰ
733 2722 906 2793 δὲτὴν
947 2724 1213 2796 ἑξάμηνον
1252 2727 1587 2799 προθεσμίαν
1610 2732 1779 2801 ἐμνή-

214 2810 302 2881 σθη
352 2812 450 2865 τοῦ
517 2813 603 2867 διὰ
652 2814 888 2886 Γαϐριὴλ
935 2820 1265 2888 μηνύματος,
1308 2820 1400 2872 τοῦ
1435 2821 1593 2891 ἐντῷ
1635 2822 1776 2893 ἕκτῳ

213 2907 332 2975 μηνὶ
391 2907 497 2976 τῆς
552 2907 859 2979 συλλήψεως
904 2910 997 2963 τοῦ
1044 2911 1387 2983 Προδρόμου⁸,
1457 2915 1513 2967 ἐν
1560 2908 1604 2982 ᾧ
1652 2932 1776 2968 συν-

209 2998 411 3069 ελήφθη
467 3003 499 3053 ὁ
548 2999 769 3071 Κύριος.
830 3002 1108 3074 Ἐπιφέρει
1154 3003 1210 3056 δὲ
1252 3006 1344 3057 καὶ
1387 3007 1609 3077 ῥήματα
1635 3008 1775 3059 ἀπο-

214 3091 445 3144 στολικά’

1875 1903 2037 1956 etiam
2056 1904 2098 1957 si
2118 1901 2379 1971 quosdam
2416 1916 2513 1971 pro
2557 1916 2617 1957 se
2647 1901 3021 1968 submiserint,
3046 1901 3315 1964 ethnicos,
3336 1901 3439 1955 hoc

1876 2000 1981 2056 est,
2033 1993 2299 2057 inﬁdeles,
2363 1994 2541 2064 iisque
2591 1994 3053 2057 sacriﬁcantibus,
3098 1994 3199 2064 ipsi
3232 1994 3441 2049 sacriﬁ-

1875 2100 2033 2140 casse
2056 2086 2351 2141 existimati
2390 2095 2538 2142 sunt.
2571 2086 2874 2155 Ejusmodi,
2906 2087 3100 2156 inquit,
3127 2085 3440 2140 hominibus

1876 2184 2141 2230 semestre
2171 2184 2385 2245 tempus
2412 2178 2477 2229 ad
2500 2178 2873 2246 pmnitentiam
2908 2178 3156 2233 sulliciet.
3182 2175 3314 2230 Nam
3337 2178 3438 2231 etsi

1877 2266 2100 2321 minime
2127 2268 2514 2334 immolarunt;
2559 2278 2735 2322 tamen
2786 2268 2912 2336 quia
2960 2284 3017 2321 se
3066 2267 3440 2321 immolaturos

1875 2366 2004 2414 sunt
2030 2359 2197 2429 pacti,
2232 2361 2311 2415 vel
2361 2360 2505 2431 quod
2563 2360 2701 2413 alios
2750 2360 3073 2423 submisere,
3106 2360 3319 2430 ipsique
3346 2359 3443 2410 im-

1876 2450 2112 2506 molasse
2167 2459 2295 2505 sunt
2354 2451 2479 2512 visi,
2537 2452 2857 2521 paenitentia
2909 2449 3151 2518 indigere
3211 2447 3441 2517 judicati

1876 2550 2006 2597 sunt
2043 2562 2055 2597 :
2093 2544 2196 2597 etsi
2230 2544 2557 2613 quibusdam
2592 2559 2658 2597 ex
2701 2543 2835 2613 ipsis
2884 2540 3133 2595 nonnulli
3160 2538 3442 2595 confesso-

1877 2652 1996 2689 rum
2026 2637 2302 2706 ignovere.
2334 2635 2535 2690 Eorum
2568 2651 2759 2706 nempe
2800 2635 3021 2704 quidam
3070 2635 3165 2703 qui
3216 2648 3274 2687 se
3319 2630 3442 2685 ﬁdei

1876 2738 2044 2784 testes
2078 2730 2441 2783 exhibuerunt
2489 2744 2552 2781 ac
2587 2744 2683 2798 pro
2720 2728 2823 2782 ﬁde
2868 2734 2996 2781 sunt
3027 2729 3197 2796 passi,
3252 2725 3319 2781 iis
3349 2726 3441 2794 qui

1877 2822 2110 2875 artiﬁcio
2140 2821 2402 2891 quodam,
2427 2828 2487 2874 ut
2523 2820 2727 2874 dictum
2758 2827 2862 2881 est,
2893 2834 3002 2872 non
3034 2816 3438 2879 sacriﬁcarunt,

1876 2912 2159 2981 ignovere,
2192 2926 2255 2964 ac
2285 2910 2410 2965 illos
2442 2925 2566 2964 cum
2620 2908 2869 2963 ﬁdelibus
2900 2908 2967 2962 ad
2999 2907 3439 2961 communionem

1878 3002 2168 3065 admisere,
2227 3000 2374 3070 quod
2424 3015 2493 3055 ne
2545 2999 2881 3053 daemonibus
2936 2998 3278 3051 immolarent
3326 3004 3441 3049 stu-

1878 3096 2031 3152 diose
2052 3096 2382 3150 vitaverunt.
2413 3092 2583 3147 Porro
2606 3092 2770 3160 hujus
2800 3090 3079 3145 semestris
3108 3086 3325 3143 termini
3348 3102 3441 3140 oc-

212 3182 446 3245 casione,
488 3183 934 3240 Annuntiationis
968 3202 1064 3256 per
1091 3186 1395 3243 Gabrielem
1456 3189 1611 3245 factae
1654 3189 1919 3253 meminit,
1959 3196 2115 3244 sexto
2146 3201 2332 3242 mense
2360 3183 2735 3253 conceptionis
2766 3181 3149 3243 Praacursoris,
3178 3192 3285 3248 quo
3306 3192 3440 3233 con-

213 3284 391 3347 ceptus
421 3288 508 3333 est
532 3277 811 3335 Dominus.
847 3280 982 3334 Tum
1020 3283 1316 3351 apostolica
1342 3285 1505 3340 verba
1528 3286 1843 3356 subjungit:

812 3373 1046 3426 ΚΑΝΩΝ
1086 3375 1177 3440 ς’.

2484 3367 2714 3424 CANON
2741 3368 2831 3424 Vl.

283 3479 301 3512 ι
334 3462 461 3524 Τοῖς
507 3460 562 3512 δὲ
595 3462 809 3527 δούλους
853 3466 1207 3537 Χριστιανοὺς
1247 3465 1360 3518 ἀνθ’
1398 3467 1603 3521 ἑαυτῶν
1649 3469 1780 3522 ὑπο-

222 3571 239 3601 ι
269 3552 609 3623 ϐεϐληκὸσιν,
647 3555 697 3606 οί
732 3555 827 3624 μὲν
849 3554 1042 3618 δοῦλοι,
1077 3556 1152 3620 ὡς
1176 3557 1241 3610 ἂν
1266 3558 1566 3629 ὑποχείριοι
1600 3559 1771 3625 ὄντες,

224 3664 241 3695 ι
272 3649 358 3699 καὶ
377 3648 579 3718 τρόπον
596 3647 716 3699 τινὰ
734 3651 823 3701 καὶ
845 3651 995 3702 αὑτοὶ
1010 3649 1430 3718 φυλακισθέντες
1454 3654 1555 3706 ὑπὸ
1570 3654 1677 3707 τῶν
1699 3656 1777 3708 δε-

227 3759 241 3788 ι
268 3740 492 3803 σποτῶν,
506 3741 993 3811 καταπειληθέντες
1008 3744 1275 3795 τε¹⁸⁶”·ὑπ’
1290 3744 1466 3797 αὑτῶν
1482 3747 1575 3798 καὶ
1588 3746 1673 3799 διὰ
1689 3748 1776 3801 τὸν

228 3851 244 3880 ι
278 3832 430 3899 φόϐον
454 3832 635 3885 αὑτῶν
656 3834 734 3895 είς
754 3833 908 3886 τοῦτο
931 3833 1241 3904 ἐληλυθότες
1266 3837 1359 3887 καὶ
1378 3836 1773 3908 όλισθήσαντες,

228 3941 242 3969 ι
274 3924 326 3973 ἐν
359 3924 495 3953 ¹³¹”⁶
524 3922 755 3993 ἐνιαυτῷ
781 3923 847 3976 τὰ
880 3924 978 3993 τῆς
1030 3926 1311 3994 μετανοίας
1344 3925 1480 3999 ἔργα
1524 3926 1775 3990 δείξουσι,

230 4030 245 4060 ι
281 4015 633 4081 μανθάνοντες
654 4014 747 4068 τοῦ
765 4015 970 4079 λοιποῦ,
990 4016 1060 4079 ὡς
1084 4016 1255 4069 δοῦλοι
1272 4018 1507 4089 Χριστοῦ
1531 4023 1698 4072 ποιεῖν
1718 4022 1777 4073 τὸ

232 4124 246 4155 ι
281 4106 484 4177 θέλημα
518 4106 615 4159 τοῦ
649 4106 882 4178 Χριστοῦ
916 4107 1093 4172 ¹⁸·¹”⁴,
1129 4113 1221 4162 καί
1267 4110 1544 4178 φοϐεῖσθαι
1580 4112 1772 4165 αὑτόν·

232 4215 247 4245 ι
279 4196 554 4261 ἀκούοντες
591 4197 842 4268 μάλιστα,
873 4198 952 4250 ὅτι
985 4197 1239 4263 ἕκαστος
1263 4198 1371 4252 ἐάν
1418 4198 1479 4269 [1.
1525 4200 1554 4253 δ
1585 4200 1674 4272 ἄν]
1723 4218 1777 4253 τι

236 4306 251 4337 ι
280 4289 492 4357 ποιήσῃ
524 4287 768 4355 ἀγαθὸν,
804 4289 975 4341 τοῦτο
1002 4291 1302 4358 κομίσεται
1338 4292 1495 4358 παρὰ
1534 4294 1773 4360 Κιιρίου,

238 4396 251 4425 ι
283 4379 388 4430 εἴτε
419 4379 640 4444 δοῦλος
667 4379 783 4431 εἴτε
814 4380 1124 4447 ἐλεύθερός
1148 4382 1278 4434 ἐστι
1323 4384 1386 4435 ³⁸.
1427 4403 1443 4433 ι

291 4470 471 4525 ΒΑΔΣ.
501 4471 640 4533 Τοὺς
683 4471 823 4523 κατὰ
854 4472 1095 4527 κέλευσιν
1143 4476 1234 4527 καὶ
1276 4476 1501 4546 ἀπειλὴν
1544 4478 1651 4530 τῶν
1691 4478 1775 4531 δε-

238 4561 421 4614 σποτῶν
468 4562 733 4626 θύσαντας
776 4563 992 4628 δούλους
1037 4567 1127 4618 ἐπὶ
1180 4568 1420 4621 ἐνιαυτὸν
1472 4570 1699 4641 ἐπιτιμᾷ
1747 4572 1776 4622 ό

240 4652 398 4724 Πατὴρ
431 4649 617 4719 οὗτοςο
653 4655 727 4719 ῶς
770 4658 864 4726 μὲν
891 4657 998 4730 γάρ
1029 4658 1291 4712 πεισθεῖσι
1340 4664 1452 4724 τοῖς
1490 4661 1773 4727 δεσπόταις

1957 3486 1975 3519 ι
2012 3466 2255 3522 liautem
2290 3465 2381 3536 qui
2430 3480 2617 3520 servos
2645 3462 2985 3518 Christianos
3038 3474 3136 3529 pro
3158 3474 3217 3513 se
3244 3458 3443 3514 subrui-

1885 3581 1904 3613 ι
1938 3568 2147 3626 serunt,
2179 3558 2321 3613 servi
2374 3557 2618 3627 quidem,
2678 3564 2737 3609 ut
2767 3554 2860 3624 qui
2884 3553 2986 3623 ipsi
3027 3553 3129 3607 sub
3160 3567 3321 3605 tnanu
3354 3567 3444 3606 es-

1885 3673 1903 3705 ι
1935 3661 2075 3715 sent,
2106 3660 2159 3705 et
2190 3646 2589 3719 quodammodo
2613 3647 2716 3716 ipsi
2752 3660 2970 3715 quoque
3000 3645 3053 3697 in
3098 3642 3441 3697 dominorum

1884 3766 1902 3796 ι
1943 3740 2192 3798 custodia
2214 3747 2419 3803 essent,
2451 3739 2721 3807 minisque
2753 3737 2824 3791 ab
2860 3736 2994 3805 ipsis
3017 3736 3211 3796 territi,
3235 3742 3287 3789 et
3318 3750 3444 3804 pro-

1884 3854 1903 3885 ι
1940 3845 2058 3905 pter
2084 3847 2275 3888 eorum
2326 3838 2530 3885 metum
2583 3845 2647 3884 eo
2692 3828 2959 3897 compulsi
2994 3834 3048 3881 et
3100 3827 3257 3896 lapsi,
3300 3840 3443 3879 anno

1884 3946 1903 3977 ‹
1937 3940 2100 3996 opera
2133 3924 2465 3995 pmnitentiaa
2508 3921 2813 3985 ostendent,
2845 3931 2897 3974 et
2940 3920 3197 3990 deinceps
3229 3918 3443 3975 discen-

1884 4038 1903 4071 ι
1935 4028 2036 4083 tes,
2061 4025 2120 4070 ut
2153 4016 2292 4071 servi
2318 4002 2547 4077 Christi,
2581 4014 2757 4068 facere
2788 4012 2992 4068 Christi
3030 4012 3362 4066 voluntatem
3386 4017 3441 4065 et

1885 4129 1903 4161 ι
1938 4123 2061 4163 eum
2098 4106 2287 4160 timere
2322 4124 2334 4159 :
2366 4105 2649 4159 audientes
2706 4104 2959 4167 maxime,
2984 4102 3125 4172 quod
3162 4102 3443 4168 unusquis-

1884 4219 1901 4252 ι
1942 4216 2062 4270 que,
2104 4198 2307 4267 siquid
2356 4195 2475 4249 boni
2509 4198 2712 4264 fecerit,
2764 4194 2859 4248 hoc
2915 4194 3043 4263 feret
3092 4210 3125 4247 a
3190 4192 3437 4256 Domino,

1883 4309 1901 4342 ι
1938 4290 2041 4343 sive
2063 4304 2239 4343 servus
2266 4289 2371 4341 sive
2404 4287 2533 4340 liber
2566 4288 2635 4341 sit
2663 4299 2710 4341 ιι.
2747 4306 2767 4339 δ

1947 4469 2107 4524 ΒΑιε.
2138 4466 2335 4523 Servos
2358 4467 2448 4536 qui
2484 4466 2824 4520 dominorum
2854 4466 3013 4535 jussu
3042 4480 3105 4518 ac
3157 4464 3321 4519 minis
3346 4479 3437 4520 sa-

1876 4564 2212 4627 criﬁcarunt,
2239 4575 2382 4615 anno
2407 4558 2561 4629 punit
2590 4558 2679 4611 hic
2707 4556 2868 4610 Pater
2904 4575 2917 4610 :
2956 4563 3012 4610 ut
3049 4555 3141 4626 qui
3165 4556 3309 4610 enim
3336 4556 3437 4610 do-

1876 4654 2025 4709 mino
2055 4652 2356 4724 paruerint,
2389 4650 2643 4719 ignoscit,
2691 4658 2741 4703 et
2788 4664 2951 4719 grave
2974 4648 3301 4719 supplicium
3331 4665 3439 4704 non

243 4750 600 4816 σδγγνωμονεῖ,
624 4748 717 4800 καὶ
748 4748 963 4819 βαρεῖαν
1000 4752 1099 4803 ούκ
1120 4746 1312 4819 ἐπάγει
1338 4752 1551 4805 κόλασιν
1572 4770 1584 4782 ο
1616 4754 1691 4817 ὡς
1717 4754 1773 4806 δὲ

1879 4746 2070 4816 inﬂigit
2101 4764 2115 4799 :
2151 4752 2209 4798 ut
2241 4744 2333 4811 qui
2365 4750 2544 4797 autem
2590 4742 2701 4797 sint
2722 4745 2895 4811 magis
2929 4739 3135 4795 Christi
3189 4741 3352 4805 servi,
3386 4749 3440 4795 et

240 4832 411 4901 60510:;
426 4838 658 4910 Χριστοῦ
680 4840 876 4909 μᾶλλον
894 4837 1028 4907 οὖσι,
1048 4843 1293 4896 κάκεῖνον
1316 4843 1474 4896 πλέον
1493 4844 1767 4913 φοϐεῖσθαι

1876 4856 2000 4895 eum
2023 4839 2223 4894 debent
2250 4838 2422 4908 magis
2449 4845 2712 4899 metuere,
2738 4835 3064 4891 mediocrem
3095 4849 3309 4904 pcnnam
3344 4833 3442 4887 im-

242 4925 496 4997 ὸξείλουσι,
512 4932 747 5002 μετρίως
763 4933 1005 5005 ἐπιτιμᾷ.
1024 4936 1311 5001 Ἕκαστος
1327 4936 1456 5004 γὰρ,
1477 4937 1608 5006 φησὶ
1629 4936 1767 4991 κατὰ

1879 4932 2039 5001 ponit.
2078 4929 2438 5001 Unusquisque
2452 4930 2610 4992 enim,
2637 4927 2835 4998 inquit,
2864 4927 3162 4983 secundum
3186 4940 3438 4996 magnum

240 5018 312 5071 τὸν
331 5022 489 5091 μέγαν
515 5025 747 5088 Παῦλον,
784 5025 813 5078 ὃ
839 5026 946 5079 ἐὰν
970 5026 1191 5095 ποιήσῃ
1216 5029 1457 5092 ἀγαθὸν,
1489 5029 1769 5097 κομιεῖται

240 5113 386 5167 τοῦτο
413 5121 568 5184 παρὰ
601 5118 840 5185 Κυρίου,
867 5119 985 5172 εἴτε
1018 5118 1235 5185 δοῦλος
1270 5120 1389 5173 εἴτε
1435 5121 1767 5189 ἐλεύθερος.

296 5206 519 5263 ΖοΝΑΡ.
560 5210 715 5273 Τινὲς
747 5210 961 5275 δούλους
992 5212 1221 5276 οἰκείους
1258 5192 1626 5283 Χριστιανοὺς.
1654 5212 1770 5266 ἀνθ’

238 5294 415 5351 ἑαυτῶν
440 5304 531 5354 καὶ
558 5302 798 5357 ἀκόντων
816 5303 879 5375 [ι’.
895 5305 1421 5379 ἄκοντας]ὑπέϐαλον
1447 5304 1611 5360 θύειν.
1636 5306 1772 5371 Τοὺς

292 5464 316 5491 ⁸
343 5452 523 5523 Ephes.
550 5474 625 5522 vn,
655 5458 707 5513 8.

1870 5022 2121 5085 Paulum,
2152 5022 2286 5093 1uod
2312 5023 2489 5091 fecerit
2517 5020 2707 5076 bonum
2733 5037 2767 5074 α
2797 5019 3021 5074 Domino
3074 5019 3302 5087 recipiet,
3334 5020 3439 5072 sive

1872 5134 2049 5173 servus
2068 5119 2171 5171 sive
2197 5116 2345 5171 liber.

1946 5209 2153 5264 Znuan.
2178 5208 2436 5266 Nonnulli
2471 5223 2659 5265 servos
2692 5221 2823 5263 suos
2862 5204 3228 5267 Christianos,
3262 5217 3358 5273 pro
3381 5218 3441 5256 se

1877 5304 2047 5376 ipsis,
2102 5304 2263 5360 etiam
2312 5302 2511 5358 invitos
2557 5300 2625 5356 ad
2683 5299 3071 5355 immolandum
3116 5296 3439 5354 submisere.

1536 5592 1769 5650 VARUE
1823 5592 2223 5649 LECTIONES.

328 5754 389 5786 η’
420 5757 776 5822 ἐκκλίνοντας.

855 5760 942 5790 ""
968 5760 1002 5827 ἢ
1032 5760 1123 5813 καὶ
1153 5762 1204 5814 εἴ
1225 5776 1382 5825 τινες.
1458 5759 1566 5793 ⁸³’·⁹
1593 5780 1649 5815 τε
1678 5778 1788 5819 om.

2747 5763 2790 5795 "
2820 5760 2969 5819 deest
2997 5757 3133 5814 ιστι.

1890 5763 2022 5795 ²³·“’
2051 5763 2109 5817 ἐν
2141 5777 2249 5818 om.
2331 5762 2483 5793 "'““
2516 5762 2669 5818 Θεοῦ.
