3980 6318
533 288 642 346 ΠΕ)

1556 284 1614 342 S.
1655 285 1857 341 PETRI
1890 278 2353 342 ALEXANDBINI
2392 278 2700 336 EPISCOPI
3588 287 3674 340 480

535 379 712 436 Hosne
737 376 903 450 igitur
939 392 1150 442 servos,
1175 377 1429 446 quamvis
1481 377 1826 434 dominorum
1853 377 2105 448 jussione

2215 373 2443 437 δούλους,
2483 372 2532 426 εί
2559 375 2652 427 καὶ
2683 369 2928 426 κελεύσει
2961 367 3068 422 τῶν
3094 368 3343 422 δεσποτῶν
3379 369 3565 437 ἔθυσαν,
3588 375 3680 443 βια-

533 472 734 536 coacti,
763 486 870 526 non
909 477 1088 523 autem
1147 483 1248 522 sua
1292 468 1590 532 voluntate,
1653 469 2100 535 sacriﬁcaverint,

533 579 733 618 annum
763 561 817 616 in
849 560 1167 632 paenitentia
1208 559 1403 629 degere
1436 560 1522 614 hic
1568 559 1728 615 Pater
1752 561 1905 631 jubet
1938 579 1952 616 :
1986 576 2100 616 me-

535 652 867 721 minisseque
900 665 960 704 se
995 665 1118 704 cum
1145 649 1254 704 sint
1281 649 1485 714 ﬁdeles,
1508 664 1629 705 esse
1657 648 1866 704 Christi
1893 665 2103 714 servos,

535 754 774 809 eumque
807 739 980 808 magis
1005 738 1197 793 timere
1219 747 1471 808 oportere
1508 755 1523 792 :
1577 754 1640 792 ac
1670 755 2102 811 unumquemque,

535 837 595 884 ut
625 845 854 901 magnus
881 829 958 882 ait
989 829 1304 900 Apostolus,
1341 833 1445 886 sive
1469 847 1698 898 servum,
1727 831 1830 886 sive
1861 829 2104 898 liberum,

533 938 650 994 qua:
681 921 860 992 fecerit
885 931 1297 992 reportaturum.

1135 1012 1365 1069 CANON
1394 1013 1506 1070 VII.

613 1122 634 1157 ι
674 1102 855 1159 Liberi
891 1113 1076 1159 autem
1117 1105 1295 1160 tribus
1325 1105 1490 1160 annis
1539 1104 1594 1159 in
1643 1107 1961 1177 poenitentia
1985 1123 2108 1163 exa-

543 1212 562 1245 ι
608 1192 964 1247 minabuntur
995 1234 1010 1260 ,
1066 1200 1180 1247 tum
1243 1195 1390 1264 quod
1437 1194 1936 1259 dissimulaverint.
1990 1207 2106 1253 tum

544 1303 562 1336 ι
600 1284 746 1356 quod
776 1284 1053 1341 eli‘ecerint
1086 1292 1145 1339 ut
1180 1288 1428 1341 conservi
1493 1288 1884 1353 sacriﬁcarent,
1927 1298 1987 1343 ut
2013 1289 2107 1360 qui

544 1394 563 1428 ι
598 1377 858 1447 Apostolo
889 1391 1000 1432 non
1037 1378 1368 1442 obetlierint,
1400 1379 1493 1448 qui
1533 1380 1648 1433 vult
1677 1391 1704 1419 ιι
1745 1379 1984 1434 dominos
2016 1398 2108 1435 ea-

547 1487 564 1521 ι
605 1468 723 1524 dem
750 1469 919 1536 facere
941 1487 1057 1541 qua:
1077 1474 1231 1535 servi,
1272 1473 1591 1527 remittentes
1617 1474 1809 1528 minas.
1851 1473 2104 1540 Scientes,

546 1579 566 1612 ι
606 1562 802 1632 inquit,
833 1561 971 1632 quod
995 1573 1172 1617 noster
1196 1581 1397 1635 quoque
1421 1574 1471 1619 et
1488 1565 1720 1633 ipsorum
1749 1565 2003 1620 Dominus
2028 1575 2107 1622 est

546 1667 564 1701 ι
602 1650 659 1704 in
693 1651 858 1715 catis,
890 1661 940 1706 et
964 1668 1068 1706 non
1099 1662 1176 1706 est
1213 1652 1353 1723 apud
1412 1671 1528 1708 eum
1561 1670 1906 1724 personarum
1954 1673 2106 1711 acce-

2206 463 2454 527 σθέντες,
2503 463 2614 516 ἀλλ’
2655 463 2756 516 οὐκ
2797 459 2856 526 ἐξ
2897 459 3093 513 οἰκείου
3139 458 3444 530 θελήματος,
3488 461 3684 518 ἐνιαυτὸν

2204 556 2261 608 ὲν
2283 553 2536 624 μετανοίᾳ
2563 553 2806 621 διάγεινὸ
2822 549 3010 621 Πατὴρ
3035 544 3180 611 οὗτος
3206 547 3483 619 διορίζεται,
3507 551 3586 604 καὶ
3605 570 3686 622 μα-

2204 645 2336 710 θεῖν,
2363 647 2462 710 ὅτι,
2497 645 2678 700 πιστοὶ
2706 644 2876 707 ὄντες,
2906 641 3136 714 Χριστοῦ
3157 639 3319 694 δοῦλοί
3351 643 3464 706 εἰσι,
3487 645 3690 700 κάκεῖνον

2208 738 2407 808 μᾶλλον
2437 736 2718 807 φοϐεῖσθαι
2750 733 3050 804 ὁφείλουσι’
3080 732 3170 786 καὶ
3206 733 3282 785 ὃτι
3318 732 3559 799 ἕκαστος,
3581 738 3692 790 κατὰ

2203 827 2292 880 τὸν
2318 829 2486 899 μέγαν
2529 826 2866 888 Ἀπόστολον,
2885 825 2915 878 ὃ
2945 825 3052 878 ἐὰν
3074 822 3285 891 ποιήσῃ
3312 823 3578 892 κομιεῖται,
3601 827 3694 880 εἴτε

2204 919 2423 986 δοῦλος
2457 920 2575 974 εἴτε
2607 920 2938 988 ἐλεύθερος.

2810 1008 3048 1062 ΚΑΝΩΝ
3087 1003 3158 1060 Z'.

2281 1119 2299 1152 ι
2338 1100 2399 1154 Οί
2439 1100 2496 1153 δὲ
2525 1099 2795 1171 ἐλεύθεροι
2831 1101 2888 1152 ὲν
2913 1098 3086 1170 τρισὶν
3119 1097 3286 1150 ἔτεσιν
3317 1094 3700 1167 ὲξετασθήσονται

2211 1210 2229 1242 ι
2269 1194 2329 1246 ὲν
2354 1192 2628 1264 μετανοίᾳ,
2653 1194 2746 1247 καὶ
2766 1192 2840 1256 ὡς
2861 1191 3278 1263 ὑποκρινάμενοι
3296 1188 3378 1252 ¹⁶¹,
3395 1187 3554 1250 καὶὼς
3569 1205 3704 1240 κατα-

2211 1301 2230 1334 ι
2265 1283 2634 1352 ναγκάσαντες
2658 1285 2783 1346 τοὺς
2811 1280 3129 1352 ὁμοδούλους
3152 1279 3323 1341 θῦσαι,
3347 1278 3434 1331 ἆτε
3457 1278 3532 1308 ¹⁶’⁶
3555 1276 3608 1348 δὴ
3627 1295 3704 1330 πα.-

2212 1395 2230 1426 ι
2275 1362 2635 1447 ρακούσαντες
2678 1374 2770 1428 τοῦ
2828 1373 3146 1426 Ἀποστόλου
3199 1370 3268 1425 τὰ
3321 1372 3461 1423 αὐτὰ
3505 1367 3705 1429 Θέλοντος

2212 1487 2231 1519 ι
2267 1468 2458 1522 ποιεῖν
2501 1467 2642 1532 τοὺς
2685 1464 2982 1529 δεσπότας
3032 1462 3156 1528 τοῖς
3195 1461 3440 1524 δούλοις,
3482 1458 3708 1523 ἀνιέντας

2213 1579 2231 1613 ι
2271 1561 2383 1629 τὴν
2413 1556 2704 1624 ἀπειλήν·
2753 1556 2976 1622 εἰδότες
3016 1555 3077 1619 ιτ,
3123 1552 3301 1623 φησιν,
3345 1551 3428 1603 ὅτι
3461 1550 3549 1602 καὶ
3577 1548 3710 1618 ἡμῶν

2213 1669 2230 1700 ι
2273 1649 2371 1703 καὶ
2401 1648 2596 1702 αὐτῶν
2627 1647 2690 1677 ¹⁷⁶
2713 1649 2744 1701 ό
2767 1646 2980 1713 Κύριός
3003 1643 3172 1696 ἐστιν
3195 1641 3237 1672 ¹⁸
3261 1641 3326 1693 ἐν
3349 1637 3612 1706 οὐρανοῖς,
3636 1637 3708 1689 καί

546 1759 566 1792 ι
599 1742 730 1812 ptio.
763 1740 818 1796 Si
845 1758 1012 1798 unum
1036 1753 1219 1799 autem
1278 1762 1470 1801 omnes
1496 1747 1760 1803 habemus
1792 1748 2103 1814 Dominum,

2215 1761 2232 1794 ι
2271 1740 2751 1810 προσωποληψία
2781 1738 2915 1806 παρ’
2948 1733 3106 1800 αὐτῷ
3135 1737 3242 1788 οὐκ
3272 1735 3451 1787 ἐστιν.
3485 1732 3541 1784 Ei
3571 1730 3618 1784 δὲ
3638 1730 3711 1781 ἕνα

547 1849 566 1884 ι
602 1832 740 1902 apud
788 1850 941 1905 quem
968 1851 1072 1889 non
1123 1844 1201 1889 est
1238 1851 1583 1906 personarum
1615 1839 1846 1908 acceptio
1879 1840 1938 1907 b;
1971 1856 2108 1911 quo-

546 1941 566 1975 ι
604 1925 750 1979 niam
773 1935 821 1980 et
852 1928 1052 1990 omnia,
1086 1937 1135 1982 et
1165 1929 1218 1983 in
1244 1928 1482 1984 omnibus
1507 1939 1585 1984 est
1608 1929 1870 1998 Christus,
1895 1933 1950 1986 in
1981 1933 2110 1987 Bar-

548 2034 567 2068 ι
610 2014 766 2072 baris-
791 2027 841 2073 et
871 2017 1104 2090 Scythis,
1137 2022 1298 2076 servis
1333 2032 1380 2075 et
1412 2021 1586 2077 liberis
1626 2034 1648 2062 ο
1684 2043 1698 2079 :
1749 2024 1948 2080 debent
1975 2041 2108 2081 con-

550 2127 570 2159 ι
611 2109 856 2167 siderare
910 2112 1056 2182 quod
1087 2111 1356 2176 fecerunt,
1386 2114 1628 2171 volentes
1681 2131 1836 2171 suam
1863 2117 2106 2188 ipsorum

549 2219 569 2252 ι
607 2204 845 2258 animam
897 2218 1151 2274 servare;
1187 2208 1279 2278 qui
1337 2223 1632 2266 conservos
1670 2221 1890 2267 nostros
1927 2220 2109 2269 traxe»

549 2310 574 2346 ι
602 2304 730 2349 runt
752 2296 818 2350 ad
851 2297 1231 2364 idololatriam,
1249 2299 1342 2368 qui
1368 2308 1618 2370 poterant
1640 2312 1694 2357 et
1715 2303 1818 2373 ipsi
1848 2303 2104 2375 eii‘ugere,

549 2401 570 2434 ι
600 2384 647 2440 si
673 2384 764 2454 jus
795 2393 849 2441 et
874 2387 1236 2456 aequalitatem
1259 2388 1395 2458 ipsis
1415 2389 1775 2458 praebuissent
1816 2397 1876 2445 ut
1913 2407 2107 2448 rursus

549 2492 567 2526 ι
604 2475 737 2530 dicit
756 2475 1070 2546 Apostolus.
1109 2497 1128 2530 ι

614 2647 776 2704 Βιιιε.
821 2649 1038 2708 Liberis
1069 2661 1251 2708 autem
1285 2669 1383 2709 seu
1425 2655 1660 2711 dominis
1699 2673 1982 2713 servorum
2015 2674 2106 2716 sa-

545 2741 794 2797 criﬁcare
817 2753 1156 2809 coactorum,
1190 2746 1412 2802 triennii
1435 2762 1650 2818 poenam
1681 2749 1936 2820 injungit,
1962 2752 2108 2820 quod

546 2840 600 2888 et
629 2832 940 2891 sacriﬁcare
990 2836 1338 2906 simularunt,
1395 2851 1444 2895 et
1483 2843 1705 2895 omnino
1738 2857 1980 2898 annuere
2007 2843 2108 2898 visi

547 2932 698 2988 sunt,
733 2935 788 2981 et
836 2928 982 2998 quod
1015 2945 1308 2987 conservos
1339 2932 1650 2987 sacriﬁcare
1696 2942 2013 3004 coegerunt,
2055 2944 2110 2992 et

547 3017 696 3087 quod
725 3017 988 3088 Apostolo
1013 3038 1120 3077 non
1168 3035 1464 3094 paruerunt
1487 3024 1702 3093 jubenti
1747 3027 1907 3082 servis
1938 3030 2108 3084 minas

2216 1857 2233 1908 ι
2276 1837 2474 1908 Κύριον
2524 1834 2733 1905 ἔχωμεν
2764 1833 2806 1864 ⁸⁹
2836 1833 2885 1885 οἱ
2920 1831 3138 1892 πάντες,
3183 1826 3712 1894 ἀπροσωπόληπτον,

2216 1949 2234 1981 ι
2274 1929 2393 1981 ἐπεὶ
2421 1928 2516 1981 καὶ
2552 1925 2748 1979 πάντα
2785 1923 2883 1978 καὶ
2937 1923 3007 1976 ἐν
3031 1920 3221 1974 πᾶσιν
3246 1920 3408 1972 ἐστιν
3430 1919 3460 1970 ό
3489 1914 3712 1983 Χριστὸς,

2216 2041 2233 2071 ι
2270 2021 2342 2074 ἓν
2395 2037 2458 2073 τε
2498 2016 2825 2086 βαρϐάροις
2877 2015 2975 2068 καὶ
3032 2015 3320 2076 Σκύθαις,
3375 2008 3592 2072 δούλοις
3641 2005 3715 2057 καί

2215 2130 2233 2163 ι
2273 2109 2636 2179 ἐλευθέροις,
2679 2111 2901 2161 σκοπεῖν
2950 2105 3252 2176 ὀφείλουσιν
3282 2102 3309 2155 ὃ
3355 2100 3719 2170 κατειργάσαντο

2217 2223 2234 2255 ι
2273 2203 2592 2273 θελήσαντες
2624 2201 2720 2272 τὴν
2748 2199 2922 2270 ψυχὴν
2950 2197 3156 2250 ἑαυτῶν
3189 2196 3356 2249 σῶσαι
3377 2192 3441 2254 '°,
3463 2195 3573 2256 τοὺς
3608 2190 3718 2243 δὲ²⁶⁹

2215 2316 2232 2347 ι
2272 2294 2584 2357 συνδούλους
2601 2292 2805 2348 ἑαυτῶν
2818 2292 2859 2323 ²¹
2874 2289 3199 2352 ἑλκύσαντες
3215 2288 3305 2341 ἐπὶ
3323 2280 3719 2351 είδωλολατρείαν,

2217 2405 2234 2438 ι
2273 2385 2604 2456 δυναμένους
2631 2383 2723 2436 καὶ
2751 2382 2942 2444 αὐτοὺς
2972 2382 3255 2450 ἐκφυγεῖν,
3286 2379 3333 2430 εί
3366 2375 3420 2429 τὸ
3443 2375 3623 2428 δίκαιον
3650 2369 3721 2422 καὶ

2217 2495 2234 2527 ι
2277 2476 2373 2546 τὴν
2411 2475 2630 2543 ἰσότητα
2660 2469 2799 2543 ἦσαν
2845 2473 3025 2535 αὐτοῖς
3059 2468 3430 2543 παρασχόντες
3453 2504 3466 2528 ,
3504 2464 3571 2526 ὡς
3599 2460 3724 2513 πάλιν

2217 2588 2234 2619 ι
2275 2571 2302 2621 ὁ
2336 2565 2652 2629 Ἀπόστολος
2682 2566 2850 2634 λέγει.
2884 2585 2901 2616 ι

2281 2661 2474 2713 ΒΑΛΣ.
2507 2660 2630 2722 Τοῖς
2661 2658 2716 2711 δὲ
2747 2657 3068 2728 ἐλευθέροις,
3087 2657 3209 2725 ἦτοι
3231 2656 3340 2716 τοῖς
3367 2649 3622 2709 δεσπόταις
3645 2642 3726 2697 τῶν

2213 2754 2540 2824 βιασθέντων
2567 2751 2726 2805 θῦσαι
2754 2751 2972 2814 δούλων,
3005 2751 3096 2802 ἐπὶ
3129 2748 3371 2821 τριετίαν
3409 2741 3638 2812 ἐπιτιμᾷ·
3663 2738 3727 2790 ὅτι

2209 2860 2270 2896 τε
2305 2842 2675 2914 ὑπεκρίθησαν
2705 2840 2886 2904 θῦσαι,
2923 2841 3014 2894 καὶ
3043 2840 3181 2902 ὅλως
3214 2837 3395 2903 ἔδοξαν
3426 2837 3725 2887 κατανεῦσαι,

2213 2936 2307 2990 κα)⁵
2335 2937 2416 2988 ὅτι
2448 2937 2572 2999 τοὺς
2619 2933 2936 2996 συνδούλους
2987 2932 3304 3003 ἠνάγκασαν
3335 2927 3518 2989 θῦσαι,
3550 2921 3630 2976 καὶ
3666 2919 3728 2972 ὅτι

2215 3028 2567 3099 παρήκουσαν
2595 3031 2686 3080 τοῦ
2722 3026 3040 3079 Ἀποστόλου
3067 3022 3381 3084 κελεύοντος
3405 3017 3613 3074 ἀνιέναι
3637 3029 3730 3074 τοις

545 3111 840 3177 remittere;
873 3122 1061 3184 utpote
1093 3131 1217 3171 cum
1249 3117 1353 3187 ipsi
1382 3133 1599 3188 quoque
1627 3117 1835 3172 domini
1875 3119 1967 3175 Dei
1997 3137 2110 3176 ser-

2217 3117 2456 3186 δούλοις
2486 3119 2598 3187 τὴν
2630 3119 2908 3187 ἀπειλὴν,
2959 3118 3032 3181 ῶς
3077 3118 3174 3170 καὶ
3219 3115 3326 3168 τῶν
3362 3109 3612 3167 δεσποτῶν
3643 3103 3735 3160 δού-

548 3200 599 3254 vi
623 3200 754 3264 sint,
791 3211 844 3257 et
876 3202 1203 3260 famulorum
1237 3206 1508 3262 conservi.
1543 3205 1720 3277 Atque
1750 3208 1852 3277 ipsi
1895 3208 2112 3278 quidem

548 3287 874 3348 festinarunt
903 3309 1058 3350 suam
1081 3313 1298 3354 servare
1331 3298 1586 3361 animam,
1617 3313 1912 3354 CODSBI’VOS
1932 3308 2112 3355 autem

547 3403 677 3444 suos
707 3388 777 3443 ad
795 3389 1156 3447 idololatriam
1170 3394 1680 3464 compulerunt,qui
1711 3402 1961 3470 poterant
1981 3394 2117 3467 cliu-

544 3493 688 3551 gere.

617 3569 820 3626 Ζοκιιιι.
852 3571 1066 3629 Liberis
1088 3585 1286 3639 autem,
1321 3575 1424 3632 hoc
1459 3586 1542 3632 est
1569 3577 1803 3632 dominis
1833 3593 2114 3635 servorum

548 3663 644 3733 qui
679 3664 991 3720 sacriﬁcare
1025 3675 1155 3723 sunt
1203 3668 1403 3732 coacti,
1434 3669 1656 3726 triennii
1682 3684 1897 3741 poenam
1933 3671 2118 3740 injun-

545 3753 624 3825 git
656 3771 670 3808 :
707 3761 822 3808 tum
855 3756 984 3825 quia
1043 3757 1352 3814 sacriﬁcare
1399 3775 1458 3815 se
1501 3761 1850 3827 simularunt,
1888 3776 1952 3816 ac
1990 3777 2116 3817 suc-

546 3847 805 3900 cumbere
855 3848 1080 3903 omnino
1114 3849 1214 3904 visi
1263 3858 1390 3904 sunt
1424 3871 1436 3906 :
1473 3860 1585 3905 tum
1645 3854 1773 3922 quia
1820 3870 2115 3911 conservos

545 3947 840 4009 coegerunt
863 3947 922 3994 ut
950 3940 1321 4009 immolarent;
1349 3958 1448 3997 nec
1508 3944 1948 4014 obtemperarunt
1978 3947 2118 4016 Apo-

548 4031 688 4086 stolo
707 4029 921 4100 iit-benti
952 4034 1118 4088 servis
1166 4035 1337 4089 minas
1362 4036 1655 4099 remittere;
1689 4052 1812 4091 cum
1847 4037 1949 4106 ipsi
1982 4055 2118 4108 quo-

552 4138 660 4193 que
677 4122 884 4179 domini
939 4127 1048 4182 sint
1075 4126 1167 4182 Dei
1192 4128 1355 4192 servi,
1389 4137 1444 4183 et
1474 4127 1799 4183 famulorum
1839 4132 2113 4188 consenvi.

547 4214 631 4269 Ac
653 4214 757 4285 ipsi
789 4216 1006 4286 quidem
1047 4219 1376 4275 festinarunt
1424 4235 1578 4275 suam
1612 4236 1832 4276 servare
1853 4221 2113 4287 animam,

548 4320 842 4362 conservos
865 4321 1066 4373 autem,
1113 4309 1207 4381 qui
1230 4308 1466 4382 effugere
1487 4319 1738 4382 poterant
1784 4310 1853 4366 ad
1885 4311 2115 4367 idolola-

549 4397 709 4454 triam
743 4399 1146 4470 compulerunt.

1139 4489 1364 4547 CANON
1403 4491 1540 4548 Vili.

629 4601 647 4633 ι
687 4583 757 4637 lis
781 4592 960 4638 autem
985 4581 1076 4652 qui
1100 4582 1297 4654 proditi
1330 4594 1476 4650 sunt,
1506 4594 1561 4640 et
1581 4586 1920 4651 exciderunt,
1949 4589 2040 4658 qui
2066 4598 2120 4644 et

555 4695 574 4728 ι
609 4676 711 4747 ipsi
735 4677 802 4732 ad
844 4685 1116 4732 certamen
1147 4687 1516 4744 accesserunt,
1546 4694 1605 4734 se
1636 4695 1756 4734 esse
1781 4679 2118 4738 Christianos

557 4785 575 4819 ι
611 4769 948 4832 conﬁtentes,
968 4778 1022 4824 et
1044 4769 1096 4823 in
1121 4771 1418 4826 custodiam
1444 4785 1568 4825 cum
1591 4771 1874 4827 tormentis
1889 4773 2115 4844 conjecti

556 4879 574 4912 ι
606 4870 766 4916 sunt:
809 4877 1024 4931 aequum
1063 4870 1148 4917 cst
1185 4864 1237 4916 in
1269 4864 1628 4920 exsultatione
1658 4866 1840 4923 cordis
1864 4869 2004 4924 vires
2038 4870 2115 4924 si-

555 4973 575 5008 ι
607 4955 718 5010 mul
743 4955 959 5021 addere,
987 4965 1042 5012 et
1062 4957 1140 5013 eis
1165 4958 1219 5012 in
1247 4959 1502 5014 omnibus
1527 4961 1942 5027 communicare,
1976 4974 2030 5020 et
2061 4965 2114 5020 in

559 5063 577 5095 ι
608 5045 968 5109 orationibus,
1003 5057 1056 5100 et
1105 5045 1158 5100 in
1188 5047 1597 5118 participatione
1633 5051 1877 5120 corporis
1910 5061 1964 5107 et
1990 5069 2118 5108 san--

560 5153 578 5186 ι
609 5135 790 5204 guinis
838 5135 1081 5201 Christi,
1133 5147 1185 5191 et
1240 5137 1506 5194 sermonis
1556 5139 1930 5196 adhortatione
1987 5157 2000 5193 :
2059 5153 2116 5199 ut

627 5285 652 5315 ι
683 5271 875 5346 Ephes.
908 5295 984 5347 vr,
1019 5279 1073 5338 9.
1147 5283 1177 5324 ι»
1201 5283 1351 5338 Rom.
1376 5300 1438 5351 ιι,
1477 5285 1561 5340 Η.
1641 5298 1662 5326 ε
1689 5285 1894 5343 Coloss.
1925 5301 2010 5353 ιιι,
2043 5287 2129 5342 ii.

2217 3209 2323 3263 λων
2370 3209 2535 3263 ὅντων
2568 3210 2645 3282 τῷ
2679 3211 2886 3282 Κυρίῳ,
2924 3209 3016 3262 καὶ
3047 3211 3163 3272 τοῖς
3191 3208 3426 3271 οἰκέταις
3464 3201 3730 3259 συνδούλων.

2218 3304 2327 3356 Καὶ
2368 3303 2520 3357 αὐτοὶ
2558 3304 2654 3374 μὲν
2696 3302 2963 3355 ἔσπευσαν
2992 3301 3088 3372 τὴν
3125 3299 3335 3353 οἰκείαν
3367 3297 3530 3350 σῶσαι
3563 3292 3735 3364 ψυχὴν.

2217 3395 2342 3460 τοὺς
2372 3396 2428 3450 δὲ
2463 3395 2775 3458 συνδούλους
2819 3396 2909 3448 ἐπὶ
2943 3392 3386 3465 είδωλολατρείαν
3432 3390 3735 3459 κατήπειγον.

2217 3486 2543 3556 δυναμένους
2571 3487 2846 3553 ἐκφυγεῖν.

2287 3579 2525 3631 ΖΩΝΑΡ.
2580 3578 2702 3642 Τοῖς
2741 3577 2795 3629 δὲ
2839 3575 3162 3648 ἐλευθέροις,
3212 3577 3330 3648 ἦτοι
3360 3577 3466 3638 τοῖς
3503 3569 3739 3627 δεσπόταις

2216 3670 2324 3724 τῶν
2343 3670 2668 3742 βιασθέντων
2692 3669 2848 3722 θῦσαι
2877 3667 3098 3730 δούλων,
3133 3669 3229 3721 ἐπὶ
3255 3667 3490 3738 τριετίαν
3519 3659 3738 3730 ἐπιτιμῷ

2216 3764 2298 3818 ὅτι
2324 3782 2382 3817 τε
2404 3761 2770 3834 ὑπεκρίθησαν
2793 3761 2970 3824 θῦσαι,
2999 3763 3095 3815 καὶ
3119 3761 3258 3825 ὅλως
3282 3762 3462 3827 ἔδοξαν
3493 3755 3740 3822 ύποκύψαι.

2218 3861 2315 3913 καὶ
2347 3859 2427 3910 ὅτι
2465 3855 2558 3909 καὶ
2603 3856 2729 3918 τοὺς
2773 3852 3083 3916 συνδούλους
3130 3854 3451 3923 ἠνάγκασαν
3483 3849 3646 3907 θῦσαι,
3671 3841 3745 3895 καὶ

2219 3952 2300 4004 ὅτι
2327 3950 2680 4019 παρήκουσαν
2707 3945 2800 3998 τοῦ
2847 3944 3176 3998 Ἀποστὸλου
3211 3944 3523 4006 κελεύοντος
3559 3936 3746 3992 ἀνιέναι

2217 4041 2340 4107 τοῖς
2376 4041 2616 4104 δούλοις
2645 4037 2760 4105 τὴν
2806 4035 3092 4103 ἀπειλὴν,
3128 4037 3206 4100 ὼς
3245 4037 3343 4090 καὶ
3381 4034 3486 4088 τῶν
3517 4024 3747 4084 δεσποτῶν

2219 4133 2418 4187 δούλων
2459 4131 2626 4185 ὄντων
2665 4129 2876 4203 Κυρίῳ,
2912 4130 3005 4182 καὶ
3032 4131 3142 4192 τοῖς
3191 4130 3436 4192 οἰκέταις
3473 4120 3747 4179 συνδούλων.

2218 4222 2329 4276 Καὶ
2354 4220 2506 4273 αὐτοὶ
2548 4218 2644 4289 μὲν
2685 4217 2952 4270 ἔσπευσαν
3000 4219 3097 4291 τὴν
3131 4219 3340 4273 οἰκείαν
3376 4217 3540 4270 σῶσαι
3585 4208 3748 4282 ψυχὴν,

2218 4313 2344 4376 τοὺς
2389 4312 2445 4364 δὲ
2478 4309 2790 4374 συνδούλους
2821 4311 2911 4364 ἐπὶ
2959 4309 3404 4382 είδωλολατρείαν
3445 4300 3752 4366 κατέπειξανο

2219 4404 2547 4476 δυναμένους
2569 4405 2845 4474 ἐκφυγεῖν.

2812 4494 3048 4548 ΚΑΝΩΝ
3100 4493 3184 4548 Η¹.

2290 4609 2309 4642 ι
2347 4591 2469 4653 Τοῖς
2489 4587 2545 4641 δὲ
2577 4586 3026 4659 παραδεδομένοις
3055 4587 3148 4641 καὶ
3169 4589 3212 4619 ¹¹
3238 4584 3637 4647 ἐκπεπτωκόσι,
3665 4579 3754 4639 τοῖς

2219 4700 2237 4730 ι
2272 4697 2332 4732 τε
2356 4679 2533 4742 αὐτοῖς,
2556 4678 2600 4709 ’³
2624 4677 3074 4750 προσεληλυθόσιν
3101 4679 3182 4742 είς
3208 4679 3302 4732 τὸν
3335 4677 3522 4748 ἀγῶνα
3543 4675 3631 4730 καὶ
3656 4676 3760 4742 ὀμο-

2219 4788 2236 4819 ι
2275 4765 2524 4836 λογοῦσιν
2547 4761 2684 4820 εἶναι
2715 4767 3074 4837 Χριστιανοῖς,
3101 4765 3534 4837 ὲμὸεδλημένοις
3556 4778 3612 4814 τε
3637 4760 3686 4810 ὲν
3704 4755 3754 4822 τῇ

2219 4880 2237 4911 ι
2279 4858 2488 4929 φυλακῇ
2516 4857 2652 4928 μετὰ
2683 4857 2948 4928 βασάνων,
2977 4856 3192 4926 εὔλογόν
3215 4860 3369 4911 ἐστιν
3396 4859 3456 4910 ὲν
3477 4849 3760 4923 ἀγαλλιάσει

2219 4972 2236 5003 ι
2279 4951 2497 5023 καρδίας
2527 4950 2898 5023 συνεπισχύειν
2929 4955 3022 5006 καὶ
3048 4954 3328 5006 κοινωνεῖν
3358 4951 3418 5004 ὲν
3443 4951 3621 5009 πᾶσιν,
3646 4943 3694 4995 ἔν
3711 4953 3759 4991 τι

2217 5063 2234 5094 ι
2275 5049 2390 5108 ταῖς
2417 5048 2744 5116 προσευχαῖς
2772 5045 2866 5098 καὶ
2893 5047 2957 5116 τῇ
2987 5043 3282 5116 μεταλήψει
3303 5042 3402 5097 τοῦ
3427 5040 3665 5112 σώματος
3685 5030 3763 5086 καὶ

2217 5155 2234 5187 ι
2277 5135 2369 5189 τοῦ
2393 5138 2618 5208 αἵματος
2646 5136 2740 5190 τοῦ
2775 5138 3006 5208 Χριστοῦ
3031 5136 3097 5201 ⁸⁵,
3119 5137 3213 5190 καὶ
3235 5137 3303 5207 τῇ
3329 5133 3664 5203 παρακλήσει
3683 5139 3760 5176 του

1786 5439 2018 5498 νΑιιιΕ
2053 5440 2453 5498 LECTIONES.

628 5592 704 5668 'f’_
721 5596 1152 5668 ὑποκρινόμενοι.
1247 5599 1333 5628 ““
1359 5600 1461 5652 ὅτι.

1575 5602 1614 5632 "
1645 5600 1869 5665 εἰδότας.

557 5661 624 5693 ⁸⁸⁸
650 5665 704 5717 δέ
733 5682 841 5720 om.
869 5661 880 5668 ’
951 5661 995 5700 ’ί
1021 5669 1190 5740 ἡμῶν.
1267 5671 1309 5701 ¹¹
1337 5668 1427 5722 καί
1455 5685 1562 5725 om.

1988 5598 2053 5632 "°
2083 5601 2234 5671 ὑμῶν
2263 5599 2460 5654 αὐτῶν.

1641 5672 1686 5702 ’³
1715 5673 1943 5737 ἑαυτοῖς.
2011 5673 2055 5706 ⁸⁸
2083 5672 2173 5726 τοῦ
2209 5671 2441 5741 Χριστοῦ
2476 5686 2582 5727 om.

2576 5601 2617 5633 "'
2641 5599 2788 5660 dces!
2831 5603 2995 5656 ἐστιν.
