3980 6318
251 321 341 379 £3!

1470 326 1803 383 EPISTOLA
1841 326 2208 385 CANONICA.

3369 342 3474 398 489

251 453 269 486 ι
306 433 482 502 λόγου·
511 433 597 486 ῖνα
619 434 974 507 εὐτονώτερον
1001 437 1412 511 ἀγωνισάμενοι,
1436 443 1802 507 καταξιωθῶσι

1919 460 1938 494 ι
1979 442 2073 512 qui
2101 443 2444 500 constantius
2483 443 2904 510 decertaverint,
2935 446 3040 517 ipsi
3067 435 3283 520 quoque
3302 467 3475 519 super-

247 543 266 578 ι
302 524 394 580 καὶ
432 526 586 579 αὐτοὶ
621 526 726 582 τοῦ
751 527 1037 596 βραϐείου
1070 529 1180 599 τῆς
1207 530 1327 586 ἄνω
1366 533 1660 601 κλήσεως.
1699 537 1808 590 Καὶ

244 637 264 670 ι
297 619 408 696 γάρ
440 617 707 681 ἑπτάκις,
741 621 892 691 φησὶ,
927 622 1189 677 πεσεῖται
1220 628 1252 678 ό
1278 623 1504 691 δίκαιος
1529 627 1627 680 καὶ
1663 629 1806 681 ἀνα-

243 729 262 763 ι
298 712 626 776 στήσεται·
671 712 807 783 ὅπερ
845 713 891 764 εί
926 713 1020 766 καὶ
1062 714 1261 779 πάντες
1301 716 1350 768 οἱ
1393 717 1807 783 ἐκπεπτωκότες

242 823 260 857 ι
296 806 694 873 πεποιήκεσαν,
723 805 1062 876 τελειοτάτην
1095 806 1243 879 [add.
1271 806 1361 880 ἂν]
1384 809 1478 862 καὶ
1500 809 1808 881 όλοκάρδιον

239 916 256 950 ι
297 899 590 968 μετάνοιαν
623 897 971 963 ἐνεδείξαντο.
1009 917 1027 950 ι
1260 935 1263 938 -

298 989 500 1041 ΒΑΔΣ.
544 991 699 1055 Τινὲς
752 990 1230 1062 προσηγγέλθησαν
1289 993 1382 1046 καὶ
1439 994 1808 1067 παρεδόθησαν

230 1081 336 1143 τοῖς
366 1081 672 1152 τυράννοις,
706 1082 738 1153 ἦ
772 1082 864 1136 καὶ
890 1082 1150 1146 ἑκουσίως
1179 1084 1362 1147 αὐτοῖς
1401 1085 1625 1150 ἑαυτοὺς
1675 1105 1809 1158 παρ-

233 1171 461 1237 έδωκαν,
489 1173 813 1244 ἡττηθέντες
842 1173 898 1226 δὲ
923 1174 1026 1227 ὑπὸ
1055 1174 1164 1227 τῶν
1190 1175 1484 1239 κολάσεων,
1519 1179 1807 1232 ἐκπεπτώ-

230 1281 351 1316 κασι
383 1263 488 1334 τῆς
522 1265 854 1336 μαρτυρίαςο
899 1259 1017 1319 εἶτα
1062 1267 1524 1338 μεταμεληθέντες
1556 1271 1650 1322 καὶ
1691 1272 1809 1324 ἐπι-

227 1355 450 1425 γνόντες
487 1357 547 1409 τὸ
591 1358 825 1426 ἀγαθον,
868 1357 1222 1430 ὡμολόγησαν
1270 1355 1408 1414 εἶναι
1459 1363 1804 1433 Χριστιανοὶ,

227 1447 363 1500 ὥστε
401 1449 498 1500 καὶ
521 1449 600 1510 είς
632 1447 872 1517 φυλακὰς
901 1447 1231 1520 ἐμϐληθῆναι
1261 1450 1353 1502 καὶ
1387 1448 1646 1519 βασάνους
1677 1451 1806 1504 ύπο-

230 1541 440 1611 στῆναι.
479 1542 622 1602 Τοὺς
659 1540 928 1604 τοιούτους
969 1537 1060 1594 οὖν
1099 1540 1321 1611 εῦλογον
1365 1543 1539 1614 κρίνει
1591 1545 1618 1595 ὁ
1652 1543 1806 1612 ἅγιος

229 1633 361 1702 μετὰ
400 1632 671 1704 θυμηδίας
703 1632 952 1702 δέχεσθαι
985 1634 1078 1686 καὶ
1116 1633 1504 1706 ἐπιρῤωννύειν
1542 1635 1679 1705 πρὸς
1707 1634 1804 1706 τὴν

225 1729 507 1801 ὁρθόδοξον
541 1729 739 1796 πίστιν,
772 1729 865 1782 καὶ
905 1734 1178 1783 κοινωνεῖν
1219 1731 1402 1792 αὐτοῖς
1444 1729 1500 1782 ἒν
1535 1746 1595 1782 τε
1636 1748 1803 1803 προσ-

226 1822 412 1889 ευχαῖς
445 1820 542 1872 καὶ
581 1822 646 1890 τῇ
683 1820 980 1892 μεταλήψει
1025 1820 1130 1872 τῶν
1163 1819 1536 1889 ἁγιασμάτων,
1571 1820 1664 1872 καὶ
1713 1819 1799 1873 διὰ

224 1909 379 1980 λόγου
419 1913 788 1983 παρακαλεῖν,
821 1912 905 1964 ἵνα
949 1912 1083 1984 πρὸς
1116 1913 1206 1966 τὸν
1237 1910 1422 1980 ἀγῶνα
1454 1911 1800 1985 εὐτονώτεροι

224 2004 494 2071 γένωνται
519 2043 534 2066 ,
581 2004 674 2056 καὶ
717 2001 1090 2069 καταξιωθῶσι
1133 2003 1232 2073 τῆς
1280 2003 1600 2074 ἐπουρανίου
1645 2002 1800 2073 βασι-

224 2096 392 2159 λείας.
428 2097 549 2149 Ἱνα
576 2096 632 2149 δὲ
665 2095 758 2167 μὴ,
788 2095 920 2148 διότι
947 2094 1286 2159 πεπτώκασι,
1313 2094 1636 2167 νομίζωνταί
1663 2112 1801 2148 τισιν

225 2188 461 2249 ᾰδεκτοι,
499 2187 695 2254 ἐπάγει
724 2187 817 2239 καὶ
858 2185 1160 2256 μαρτυρίαν
1187 2186 1293 2238 ἀπὸ
1320 2187 1418 2256 τῆς
1453 2185 1692 2258 Γραφῆς,
1719 2183 1797 2237 τό·

233 2277 538 2342 Ἑπτάκις,
566 2277 686 2330 ἀντὶ
723 2277 840 2342 τού,
874 2275 1151 2340 πολλάκις,
1185 2278 1447 2331 πεσεῖται
1483 2281 1515 2330 ό
1551 2276 1798 2342 δίκαιος,

228 2371 317 2422 καὶ
357 2368 797 2434 ἀναστήσεται.
826 2367 996 2420 Τοῦτο
1025 2365 1113 2430 δὲ,
1161 2369 1321 2438 φησὶν
1341 2408 1354 2432 ,
1386 2371 1433 2422 εί
1483 2369 1575 2422 καὶ
1603 2367 1802 2431 πάντες

226 2463 272 2514 οἱ
297 2463 399 2533 τῆς
427 2460 722 2531 ὁμολογίας
755 2461 1167 2525 ἐκπεπτωκότες
1193 2463 1473 2532 ἐποίησαν,
1502 2461 1561 2514 τὸ
1590 2462 1802 2514 ἀναπαι-

226 2553 405 2607 λαῖσαι
431 2555 536 2624 τὴν
569 2552 794 2617 πτῶσιν,
826 2553 917 2604 καὶ
944 2551 1171 2606 ἐνώπιον
1214 2552 1322 2605 τῶν
1365 2554 1640 2625 τυράννων
1671 2554 1804 2624 Χρι-

229 2647 475 2709 στιανοὺς
509 2645 839 2716 ὁμολογῆσαι
872 2644 1115 2709 ἑαυτοὺς,
1158 2643 1483 2711 ἐνεδείξαντο
1510 2643 1576 2697 ἂν
1598 2644 1800 2697 τελειο-

226 2739 390 2808 τάτην
423 2739 734 2809 μετάνοιαν.
770 2737 1008 2809 Διαφορὰ
1037 2736 1166 2806 γοῦν
1191 2738 1304 2790 ἐστι
1334 2735 1442 2788 τῶν
1467 2737 1524 2788 ἐν
1549 2735 1627 2806 τῷ
1659 2754 1801 2807 παρ-

226 2833 330 2885 όντι
386 2832 582 2885 κανόνι
640 2831 1032 2901 διειλημμένων
1085 2830 1177 2883 καὶ
1223 2829 1330 2882 τῶν
1375 2831 1431 2883 ἐν
1474 2828 1549 2899 τῷ
1603 2827 1802 2900 πρώτῳ

228 2927 411 2980 κανόνι
447 2925 855 2998 περιεχομένων
897 2924 1033 2994 αὕτη
1056 2965 1069 2988 ,
1113 2925 1190 2976 ὅτι
1224 2924 1338 2976 ἐκεῖ
1365 2921 1459 2992 μὲν
1498 2923 1544 2974 οἱ
1587 2920 1674 2974 διὰ
1703 2921 1802 2984 τὰς

228 3018 497 3088 βασάνους
546 3012 958 3076 ἐκπεπτωκότες
1005 3013 1063 3065 ού
1101 3014 1547 3083 μετεστράφησαν
1576 3010 1803 3064 ἐνώπιον

225 3111 333 3163 τῶν
371 3110 653 3180 τυράννων
701 3110 778 3170 εἰς
814 3107 908 3177 τὴν
942 3105 1227 3176 ὁμολογίαν
1277 3104 1376 3174 τῆς
1409 3105 1674 3166 πίστεωςυ
1715 3105 1801 3156 ἐν·

223 3202 399 3256 ταῦθα
431 3202 493 3255 δὲ
533 3203 581 3253 οἱ
629 3197 1039 3260 ἐκπεπτωκότες
1079 3197 1166 3250 διά
1196 3196 1479 3267 βασάνους,
1511 3195 1570 3260 ἐξ
1596 3194 1799 3263 ἀγαθοῦ

231 3294 542 3367 μεταμέλου
575 3293 683 3344 ἐπὶ
711 3291 818 3344 τῶν
851 3291 1123 3361 τυράννων
1164 3290 1254 3342 τὸν
1287 3289 1490 3360 Κύριον
1525 3288 1804 3360 ὡμολόγη-

223 3379 342 3450 σαν,
373 3387 473 3440 καὶ
505 3385 595 3438 διά
622 3383 778 3436 τοῦτο
811 3381 928 3435 ούδέ
967 3380 1269 3450 λογίζονται
1300 3382 1574 3433 ἐκπεσεῖν.

294 3500 543 3554 ΖΩΝΑΡ.
586 3498 654 3551 Εἰ
691 3514 832 3560 τινες
863 3497 938 3560 δὲ,
981 3496 1132 3565 φησὶ,
1179 3492 1662 3566 προσηγγέλθησαν
1710 3490 1802 3544 καὶ

226 3591 606 3666 παρεδόθησαν
631 3591 744 3652 τοῖς
778 3584 1149 3658 τυραννοῦσιν,
1173 3585 1206 3656 ἢ
1234 3585 1386 3637 αὐτοὶ
1415 3585 1638 3644 ἑαυτοὺς
1662 3597 1801 3651 παρ-

228 3685 431 3738 έδωκαν
453 3723 469 3747 ,
528 3681 622 3736 καὶ
651 3677 1035 3733 ἐκπεπτώκασι
1064 3677 1159 3748 τῆς
1195 3675 1514 3747 μαρτυρίας,
1545 3671 1803 3744 ἡττηθέν-

225 3795 311 3842 τες
348 3777 462 3830 τῶν
525 3773 833 3837 κολάσεων,
891 3771 984 3825 καὶ
1033 3769 1107 3842 μὴ
1135 3770 1390 3842 φέροντες
1437 3767 1536 3830 τὰς
1579 3767 1637 3818 ἐν
1686 3761 1804 3828 ταῖς

229 3870 500 3940 φυλακαῖς
541 3866 838 3934 κακουχίας
875 3864 970 3916 καὶ
1009 3862 1108 3925 τὰς
1139 3859 1424 3932 βασάνους,
1453 3854 1569 3910 εἶτα
1599 3856 1802 3910 ἀνεπά-

225 3964 419 4016 λαισαν
445 3961 548 4032 τὴν
584 3958 808 4021 πτῶσιν,
847 3955 941 4008 καὶ
979 3953 1337 4025 ὡμολόγησαν
1382 3947 1519 4003 εἶναι
1548 3951 1804 4020 Χριστια-

224 4058 320 4117 νοὶ,
367 4055 514 4106 ὥστε
548 4051 642 4105 καὶ
670 4052 748 4112 είς
777 4047 1021 4118 φυλακὰς
1052 4043 1385 4116 ἐμϐληθῆναι
1415 4044 1507 4096 καὶ
1543 4041 1803 4111 βασάνους

223 4145 557 4204 ὑποστῆναι’
610 4143 735 4204 τοὺς
791 4139 1061 4201 τοιούτους
1109 4136 1327 4204 εὔλογον
1379 4135 1610 4206 κρίνειό
1653 4135 1803 4202 ἅγιος

229 4236 367 4306 μετὰ
411 4232 680 4304 θυμηδίας
723 4228 1003 4299 δέχεσθαι,
1053 4227 1145 4280 καὶ
1178 4225 1485 4295 ἐπισχύειν,
1538 4224 1656 4278 ἀντὶ
1685 4222 1800 4288 τοῦ,

223 4325 644 4399 ὲπιρῤωννύειν,
680 4320 1004 4392 ἐνδυναμοῦν
1052 4319 1146 4372 καὶ
1191 4317 1628 4390 παραθαρρύνειν
1668 4318 1803 4389 πρὸς

224 4419 320 4490 τὴν
346 4417 643 4490 ὁμολογίαν
662 4431 675 4444 ο
715 4414 810 4466 καὶ
839 4413 1111 4465 κοινωνεῖν
1149 4411 1331 4472 αὐτοῖς
1357 4412 1412 4463 ἐν
1443 4411 1624 4475 πᾶσιν,
1659 4409 1714 4463 ἓν
1742 4427 1801 4462 τε

1923 549 1943 584 ι
1981 549 2063 587 me
2121 534 2408 588 uocationis
2463 534 2648 588 brabio
2718 547 2745 576 ι
2799 536 3111 606 dignentur.
3167 537 3380 596 Etenim
3401 559 3478 598 se-

1913 642 1934 676 ι
1968 625 2125 693 pties,
2159 626 2353 695 inquit,
2381 626 2531 680 cadet
2550 627 2732 696 justus
2747 636 2795 682 et
2825 637 3059 699 resurget
3093 629 3148 698 b;
3185 632 3332 702 quod
3359 649 3476 704 qut-

1913 732 1932 767 σ
1972 715 2095 771 dem
2127 717 2174 771 si
2197 731 2386 771 omnes
2417 733 2633 788 quoque
2665 718 2804 786 lapsi
2831 717 3112 784 fecissent,
3142 723 3473 790 perfectissi-

1911 823 1932 856 ι
1963 821 2106 860 mam
2132 815 2186 862 et
2212 815 2326 862 toto
2355 807 2520 864 corde
2543 816 2851 879 susceptam
2878 813 3252 880 pmnitentiam
3283 823 3470 872 osten-

1912 915 1930 948 ι
1973 897 2204 955 dissent.
2246 917 2264 950 ι

1979 990 2138 1044 lists.
2169 989 2400 1056 Quidam
2425 991 2673 1060 tyrannis
2703 990 2868 1046 delati
2917 1002 2970 1048 et
3002 994 3201 1063 proditi
3233 994 3470 1063 fuerant,

1905 1083 1991 1135 vel
2047 1083 2211 1137 etiam
2257 1081 2359 1151 ipsi
2391 1098 2450 1136 se
2475 1083 2628 1152 ipsos
2687 1085 2796 1139 illis
2847 1094 3042 1155 sponte
3087 1088 3472 1146 tradiderant:

1906 1172 2032 1226 victi
2058 1180 2236 1242 autem
2262 1172 2550 1226 tormentis
2569 1173 2886 1228 testimonio
2915 1174 3233 1230 exciderunt
3265 1195 3278 1231 :
3320 1177 3476 1233 dein-

1907 1264 1974 1318 de
2004 1278 2128 1317 cum
2187 1262 2508 1333 pcenitentia
2541 1264 2688 1318 ducti
2733 1273 2935 1328 essent,
2992 1275 3044 1320 et
3097 1266 3240 1336 quod
3273 1268 3472 1324 bonum

1904 1363 2010 1418 est,
2039 1355 2409 1426 agnovissent,
2438 1371 2496 1409 se
2516 1371 2638 1411 esse
2665 1357 3012 1413 Christianos
3034 1359 3273 1415 confessi
3306 1367 3469 1427 sunt;

1906 1447 2042 1502 adeo
2071 1456 2130 1500 ut
2183 1447 2238 1500 in
2269 1447 2572 1502 custodiam
2632 1447 2892 1517 conjecti,
2956 1458 3223 1506 tormenta
3258 1469 3472 1522 quoque

1907 1537 2288 1593 sustinuerint.
2315 1535 2423 1592 Eos
2458 1552 2588 1608 ergo
2623 1553 2839 1608 :equnm
2882 1549 3070 1595 censet
3111 1550 3334 1597 sanctus
3376 1542 3469 1597 lae-

1905 1629 2044 1683 tanti
2078 1629 2260 1683 animo
2311 1628 2612 1697 suscipere,
2671 1638 2726 1685 et
2786 1629 2853 1683 ad
2904 1630 3062 1686 fidem
3112 1631 3470 1688 orthodoxam

1905 1719 2250 1784 confirmare,
2286 1727 2340 1774 et
2373 1721 2454 1775 eis
2516 1721 2923 1776 communicare
2953 1730 3007 1776 et
3051 1723 3105 1776 in
3131 1724 3472 1780 orationibus

1834 1805 1874 1857 Β
1909 1819 1962 1864 et
1991 1819 2461 1866 sacramentorum
2488 1810 2924 1881 participatione,
2964 1810 3251 1880 verbisque
3280 1810 3472 1866 adhor-

1908 1903 2012 1958 tari
2045 1913 2105 1958 ut
2133 1904 2246 1958 sint
2287 1905 2354 1959 ad
2388 1914 2665 1959 certamen
2708 1905 3128 1971 constantiores,
3178 1911 3231 1958 et
3261 1903 3468 1958 caelesti

1905 2009 2074 2065 regno
2132 1995 2281 2066 digni
2327 1995 2654 2052 habeantur.
2715 1994 2791 2050 Ne
2846 2004 3025 2050 autem
3059 2011 3124 2051 eo
3155 1994 3300 2064 quod
3333 1995 3470 2064 lapsi

1906 2095 2068 2150 sunt,
2115 2087 2339 2142 minime
2370 2088 2711 2160 suscipiendi
2754 2086 3060 2151 videantur,
3104 2089 3469 2142 testimonium

1905 2166 2124 2250 quoque
2155 2195 2221 2235 ex
2255 2178 2537 2250 Scriptura
2567 2180 2798 2244 inducit,
2829 2179 2974 2250 quod
3017 2189 3118 2246 est,
3152 2179 3375 2248 Septies,
3414 2179 3469 2234 id

1903 2278 1988 2325 est
2020 2284 2181 2340 saepe,
2223 2270 2372 2324 cadet
2404 2271 2578 2332 iustus
2616 2280 2665 2324 et
2717 2280 2968 2341 resurget.
3027 2269 3140 2326 Hoc
3196 2279 3399 2336 autem,
3423 2269 3471 2324 si

1902 2362 2092 2425 etiam,
2127 2361 2325 2432 inquit,
2356 2379 2548 2418 omnes
2575 2362 2668 2432 qui
2699 2378 2727 2416 a
2753 2361 3095 2418 confessione
3121 2361 3464 2420 exciderunt.

1905 2453 2184 2517 fecissent,
2214 2461 2274 2508 ut
2296 2455 2507 2509 scilicet
2562 2453 2699 2523 lapsi
2741 2453 3161 2517 reluctarentur,
3198 2459 3251 2506 et
3283 2466 3343 2506 se
3371 2465 3465 2505 co-

1903 2558 2021 2597 ram
2069 2543 2320 2614 tyrannis
2372 2543 2715 2599 Christianos
2753 2535 3075 2607 faterentur,
3131 2540 3473 2612 perfectissi-

1903 2651 2046 2690 mam
2074 2637 2446 2706 pmnitentiam
2474 2636 2865 2691 ostendissent.
2891 2633 3158 2689 Diffcrunt
3199 2649 3328 2706 ergo
3350 2651 3472 2706 qua:

1902 2724 1959 2778 in
2011 2724 2114 2779 hoc
2166 2740 2376 2780 canone
2417 2725 2812 2795 comprehensa
2867 2731 3018 2787 sunt,
3068 2725 3138 2780 ab
3176 2726 3244 2780 iis
3271 2742 3390 2796 qua:
3415 2727 3470 2782 in

1904 2816 2077 2885 primo
2131 2830 2342 2872 canone
2371 2816 2740 2880 continentur,
2785 2816 2930 2886 quod
2974 2816 3085 2871 illic
3110 2817 3328 2887 quidem
3377 2820 3467 2888 qui

1902 2913 2412 2974 proptertortnenta
2446 2905 2583 2975 lapsi
2616 2915 2762 2971 sunt,
2801 2905 2869 2960 ad
2897 2905 3256 2961 confitendam
3286 2922 3468 2962 coram

1902 2997 2148 3066 tyrannis
2193 2997 2351 3051 fidem
2383 3012 2726 3066 nequaquam
2756 2997 3004 3053 conversi
3054 3005 3182 3052 sunt
3208 3016 3222 3052 :
3256 2998 3345 3053 bic
3371 3013 3470 3053 au-

1903 3096 2010 3142 tem
2039 3089 2130 3158 qui
2159 3095 2378 3158 propter
2436 3095 2706 3143 tormenta
2754 3089 2889 3158 lapsi
2925 3099 3072 3152 sunt,
3097 3105 3165 3142 ex
3191 3090 3330 3142 bona
3353 3103 3472 3159 pae-

1905 3179 2131 3232 nitentia
2157 3179 2258 3232 sub
2289 3180 2535 3249 tyrannis
2562 3178 2848 3234 Dominum
2872 3177 3108 3233 confessi
3134 3184 3302 3244 sunt;
3337 3193 3467 3248 pre-

1903 3279 2084 3341 pterea
2114 3286 2290 3340 neque
2345 3272 2610 3326 cecidisse
2633 3271 2968 3341 iudicantur.
3037 3293 3040 3296 ⁴

1973 3476 2175 3529 Zomn.
2212 3474 2270 3529 Si
2303 3475 2393 3544 qui
2429 3489 2577 3538 vero,
2637 3473 2833 3544 inquit,
2882 3474 2947 3529 ad
3007 3483 3269 3546 tyrannos
3303 3472 3468 3529 delati

1901 3583 1964 3623 ae
1990 3567 2187 3638 proditi
2220 3575 2370 3630 sunt,
2403 3568 2486 3620 vel
2514 3566 2615 3635 ipsi
2648 3581 2769 3622 sese
2802 3567 2938 3636 ipsis
3000 3567 3346 3632 dediderunt,
3373 3581 3468 3622 ex-

1903 3660 2260 3728 cideruntque
2293 3674 2324 3712 a
2354 3659 2669 3712 testimonio
2695 3658 2747 3711 vi
2777 3666 3176 3714 tormentorum
3202 3659 3466 3730 superati,

1902 3767 2003 3806 nec
2032 3766 2303 3806 aerumnas
2328 3752 2528 3822 quibus
2566 3749 2622 3804 in
2672 3764 2892 3805 carcere
2917 3749 3314 3806 afﬂictabantur
3347 3766 3469 3807 cru-

1902 3848 2188 3915 ciatusque
2217 3844 2585 3915 perferentes;
2626 3858 2751 3897 mox
2799 3853 3054 3899 revocato
3082 3844 3380 3900 certamine
3408 3859 3469 3899 se

1902 3938 2240 3994 Christianos
2271 3951 2394 3992 esse
2429 3934 2667 3989 confessi
2698 3941 2930 3998 sunt,ex
2959 3949 3068 4004 quo
3090 3940 3145 3988 et
3170 3933 3224 3988 in
3254 3934 3468 3990 vincula

1903 4019 2158 4100 conjecti,
2191 4036 2244 4084 et
2276 4028 2615 4083 cruciatibus
2647 4035 2777 4083 sunt
2804 4026 2980 4081 affecti
3013 4043 3028 4078 :
3062 4026 3330 4093 ejusmodi
3363 4026 3467 4080 ho-

1903 4125 2078 4178 mines
2102 4138 2224 4176 cum
2283 4121 2649 4176 exsultatione
2689 4120 2863 4190 excipi
2910 4126 3133 4174 sanctus
3159 4117 3245 4170 hic
3271 4117 3467 4171 rationi

1902 4223 2328 4271 censentaneum
2349 4211 2560 4282 judicat
2586 4231 2599 4266 :
2624 4220 2739 4266 tum
2767 4211 3026 4265 roborare
3050 4209 3218 4278 ipsos,
3241 4207 3341 4262 hoc
3357 4215 3465 4270 est,

1907 4307 2072 4369 vires,
2099 4307 2331 4367 animos,
2359 4304 2718 4373 fiduciamque
2739 4302 2937 4356 addere
2952 4315 3059 4370 quo
3089 4299 3469 4369 profiterentur

1903 4396 2096 4463 fidem;
2126 4411 2189 4448 ac
2206 4395 2412 4448 eisdem
2443 4395 2498 4448 in
2521 4391 2777 4446 omnibus
2801 4388 3228 4451 communicare,
3266 4393 3378 4440 tum
3412 4386 3466 4440 in

226 4513 558 4583 προσευχαῖς
590 4508 682 4560 καὶ
716 4509 782 4576 τῇ
828 4502 1123 4575 μεταλήψει
1150 4501 1256 4555 τῶν
1291 4501 1660 4572 ἁγιασμάτων,
1710 4501 1800 4554 καὶ

1907 4487 2333 4560 precationibus,
2353 4496 2466 4539 tum
2493 4485 2546 4539 in
2579 4482 2928 4555 perceptione
2960 4489 3465 4544 sacramentorum,

224 4603 314 4656 διὰ
367 4601 529 4669 λόγου
584 4593 952 4668 παρακαλεῖν,
995 4593 1112 4664 ἦτοι
1161 4591 1444 4663 διεγείρειν
1481 4591 1676 4653 αὐτοὺς
1723 4591 1802 4653 είς

224 4697 323 4769 τὴν
371 4691 678 4765 μαρτυρίαν
703 4727 716 4751 ,
770 4686 856 4739 ἵνα
907 4685 1042 4756 πρὸς
1087 4682 1176 4736 τὸν
1225 4681 1410 4750 ἀγῶνα
1457 4681 1800 4752 εύτονὼτεροι

226 4787 516 4854 γένωνται.
552 4781 649 4834 καὶ
691 4778 788 4846 τῆς
817 4773 1139 4845 ἐπουρανίου
1175 4771 1449 4841 βασιλείας
1476 4769 1792 4833 ἁξιωθῶσιν.

230 4881 351 4932 Ἵνα
387 4876 443 4928 δὲ
481 4873 576 4946 μὴ,
610 4871 741 4924 διότι
791 4865 1106 4919 πεπτώκασι
1156 4863 1448 4925 θύσαντες,
1476 4858 1800 4932 νομίζωνται

227 4989 372 5024 τισιν
403 4969 634 5029 άδεκτοι,
666 4962 858 5030 ἐπάγει
884 4960 977 5013 καὶ
1011 4956 1311 5030 μαρτυρίαν
1340 4957 1403 5008 ἐκ
1429 4954 1527 5024 τῆς
1555 4954 1796 5024 Γραφῆς,

229 5062 309 5115 τό·
339 5057 633 5122 Ἑπτάκις,
655 5054 774 5106 ἀντὶ
798 5051 911 5112 τοῦ,
926 5049 1204 5113 πολλάκις,
1222 5046 1484 5100 πεσεῖται
1507 5045 1797 5111 όδίκαιος,

230 5153 330 5206 καί
373 5147 796 5214 ἀναστήσεται.
827 5142 997 5196 Τοῦτο
1034 5140 1112 5202 δὲ,
1153 5138 1343 5210 φησὶν,
1378 5139 1427 5191 εί
1475 5138 1568 5189 καὶ
1600 5136 1799 5198 πάντες

231 5248 280 5298 οἱ
315 5243 419 5312 τῆς
442 5239 727 5312 ὁμολογίας
754 5233 1162 5296 ἐκπεπτωκότες
1190 5231 1469 5301 ἐποίησαν,
1501 5229 1561 5281 τὸ
1592 5230 1800 5282 ἀναπα-

231 5338 422 5390 λαῖσαι
452 5333 547 5403 τὴν
581 5329 808 5393 πτῶσιν,
846 5327 939 5380 καὶ
963 5323 1190 5378 ἐνώπιον
1217 5322 1324 5374 τῶν
1349 5321 1624 5390 τυράννων
1663 5321 1798 5392 Χρι-

237 5425 486 5487 στιανοὺς
523 5419 853 5492 ὁμολογῆσαι
885 5415 1132 5477 ἑαυτοὺς,
1165 5411 1501 5476 ἁνεδείξαντο
1537 5410 1602 5482 [Ῑ.
1635 5409 1800 5482 hab—1

238 5521 306 5573 ἂν
334 5514 673 5584 τελειοτάτην
707 5510 1014 5582 μετάνοιαν.

355 5751 382 5777 ⁸
406 5751 623 5818 Philipp.
653 5764 738 5815 tn,
774 5747 858 5803 M.
934 5747 962 5788 δ
995 5745 1151 5806 Prov.
1184 5761 1327 5810 xnv,
1361 5741 1447 5801 16.

1911 4579 2200 4647 verbisque
2230 4577 2527 4642 adhortari,
2563 4576 2665 4628 hoc
2693 4580 2797 4635 est,
2841 4573 2989 4642 ipsos
3013 4572 3079 4626 ad
3101 4569 3465 4625 exhibendum

1909 4672 2031 4726 ﬁdei
2060 4668 2431 4724 testimonium
2462 4667 2720 4729 excitare,
2751 4671 2809 4718 ut
2844 4666 3246 4719 constantiores
3269 4663 3383 4718 sint
3409 4661 3466 4716 in

1903 4764 2220 4827 certamine,
2253 4775 2316 4815 ac
2338 4759 2549 4814 cmlesti
2580 4772 2746 4828 regno
2777 4758 2925 4827 digni
2940 4751 3462 4810 habeanturNerum

1903 4870 1972 4909 ne
2002 4869 2066 4907 ex
2107 4869 2171 4908 eo
2204 4852 2348 4922 quod
2374 4843 2510 4922 lapsi
2533 4859 2662 4905 sunt
2698 4850 3095 4910 sacriﬁcantes,
3127 4846 3276 4901 nullo
3305 4846 3466 4900 modo

1905 4945 2220 5001 admittendi
2245 4946 2314 5001 ab
2346 4944 2620 5014 aliquibus
2651 4943 3051 5008 existimentur,
3095 4937 3464 4995 testimonium

1906 5055 2124 5110 quoque
2153 5039 2284 5093 illud
2309 5054 2373 5094 ex
2404 5037 2577 5094 sacris
2607 5035 2804 5090 litteris
2833 5033 3039 5106 profert
3065 5050 3078 5086 :
3107 5030 3329 5100 Septies,
3363 5029 3467 5082 huc

1908 5139 1990 5187 est
2025 5133 2244 5202 saepius,
2277 5131 2424 5186 cadet
2444 5129 2646 5200 justus,
2681 5145 2743 5182 ac
2777 5135 3028 5196 resurget.
3054 5124 3167 5179 Hoc
3192 5136 3340 5184 vero,
3386 5120 3466 5173 in-

1907 5224 2046 5294 quit,
2102 5224 2150 5279 si
2206 5223 2298 5276 alii
2345 5237 2537 5276 omnes
2584 5221 2744 5290 quia
2772 5217 3119 5273 confessione
3147 5213 3469 5271 exciderunt

1909 5316 2187 5378 fecissent,
2225 5324 2285 5368 ut
2315 5323 2436 5384 post
2487 5314 2696 5382 lapsum
2732 5316 3011 5366 certamen
3051 5310 3373 5378 repeterent,
3405 5316 3470 5357 ac

1908 5425 1967 5464 se
1999 5409 2148 5478 ipsos
2177 5422 2358 5462 coram
2383 5404 2630 5478 tyrannis
2683 5403 3020 5460 Christianos
3067 5398 3469 5471 profiterentur,

1911 5501 2216 5557 absolutam
2254 5499 2627 5570 paenitentiam
2662 5495 3072 5552 indicavissent.
