3980 6318
603 276 715 337 685

663 464 668 469 ,
1208 396 1439 454 canos
1479 399 1565 454 IX.

678 509 701 545 ι
742 489 815 548 lis
839 507 1055 563 quoque
1077 491 1173 562 qui
1208 500 1468 563 tanquam
1501 508 1568 547 ex
1595 508 1787 547 somno
1817 492 1921 563 ipsi
1950 492 2019 546 ad
2049 507 2168 548 cer-

606 603 630 639 s
672 593 855 640 tamen
886 584 1218 656 parturiens,
1237 592 1292 641 et
1313 565 1527 640 trahere
1554 584 1836 645 dill'erens.
1862 584 2171 655 prosiliunt,

606 697 627 732 ι
674 677 778 735 sibi
804 686 983 734 autem
1015 692 1210 748 pugnae
1252 678 1575 739 maritimas,
1617 684 1673 731 et
1702 677 1889 731 multae
1921 676 2168 733 lluxuum

604 790 625 824 ι
671 770 1042 826 inundationis
1094 771 1455 826 tentationem
1506 771 1823 833 attrahunt,
1861 771 1945 826 vel
1987 770 2171 842 potius

608 882 626 913 ι
674 860 936 916 fratribus
966 870 1311 931 peccatorum
1338 862 1632 916 carbonem
1677 861 2004 926 accendunt,
2035 863 2170 932 ipsis

605 973 625 1005 ι
674 968 893 1025 quoque
939 952 1451 1008 communicandum
1483 960 1590 1019 est,
1633 960 1695 1007 ut
1725 955 1816 1024 qui
1848 955 1902 1009 in
1949 955 2169 1011 nomine

609 1066 627 1095 ι
674 1044 881 1101 Christi
918 1045 987 1099 ad
1026 1044 1076 1099 id
1112 1044 1333 1100 veniant
1362 1063 1376 1098 :
1410 1045 1514 1100 etsi
1541 1046 1707 1100 verba
1737 1046 1858 1115 ejus
1888 1062 1994 1102 non
2046 1048 2167 1102 ani-

603 1155 623 1188 ι
669 1135 1017 1195 madvertant
1050 1174 1065 1196 ,
1098 1135 1192 1205 qui
1222 1134 1384 1190 docet
1436 1150 1593 1189 orare
1615 1150 1678 1188 ne
1724 1135 2084 1205 ingrediantur
2112 1137 2167 1191 in

600 1249 619 1281 ι
667 1231 1002 1284 tentationem
1033 1240 1059 1270 ι
1096 1268 1111 1292 ,
1162 1234 1217 1283 et
1253 1242 1377 1283 eum
1405 1242 1601 1283 rursus
1633 1229 1689 1281 in
1714 1228 1963 1284 oratione
2017 1228 2165 1283 Patri

598 1340 619 1374 s
663 1322 867 1387 dicere,
889 1320 956 1375 Et
975 1338 1036 1377 ne
1063 1337 1156 1375 nos
1184 1319 1406 1375 inducas
1433 1322 1488 1374 in
1516 1322 1871 1384 tentationem,
1886 1320 1975 1375 sed
2002 1321 2167 1375 libera

601 1434 620 1465 ρ
665 1432 760 1470 nos
782 1432 814 1469 a
841 1414 985 1469 malo
1011 1415 1061 1468 ιι.
1090 1410 1248 1469 Forte
1268 1421 1447 1467 autem
1466 1412 1629 1468 etiam
1656 1414 1906 1485 ignorant
1928 1421 2168 1484 patrem-

600 1527 618 1561 ι
667 1507 900 1563 familias
924 1515 978 1561 et
1008 1505 1295 1597 Dominum
1331 1512 1601 1569 nostrum,
1656 1520 1800 1576 saepe.
1845 1506 1915 1561 ab
1961 1506 2030 1561 iis
2070 1506 2165 1577 qui

599 1617 619 1652 ι
663 1599 741 1654 illi
766 1598 1009 1654 insidiari
1039 1595 1314 1660 valebant,
1344 1595 1660 1658 secessisse.
1676 1604 1730 1652 et
1750 1596 1895 1668 quod
1916 1597 2163 1667 quando-

596 1710 616 1743 ι
660 1706 766 1762 que
801 1690 962 1746 etiam
994 1689 1162 1745 libere
1180 1686 1322 1758 apud
1341 1701 1438 1743 eos
1471 1702 1582 1741 non
1607 1686 1915 1750 incedebat,
1938 1694 1994 1742 et
2017 1686 2165 1758 quod

1626 283 1683 339 S.
1727 281 1933 340 PETRI
1967 281 2438 340 ALEXANDRINI
2469 282 2775 341 EPISCOPI

2210 405 2255 460 Α

2888 398 3128 454 ΚΔΝΩΝ
3163 400 3240 457 8'.

2348 507 2366 540 ι
2409 491 2518 544 Καὶ
2538 493 2651 554 τοῖς
2682 490 2739 544 δὲ
2765 490 2916 545 ὡσάν
2952 491 3013 557 ἐξ
3049 491 3213 547 ὕπνου
3252 494 3462 561 ἑαυτοὺς
3484 497 3525 530 ³⁸
3558 515 3771 575 παραπη-

2276 598 2296 629 ι
2331 580 2496 635 δῶσιν
2520 583 2597 645 εἰς
2624 583 2715 636 τὸν
2742 583 2930 653 ἀγῶνα
2969 583 3225 640 ὠδίνοντα
3256 587 3346 641 καὶ
3372 588 3609 658 μέλλοντα
3642 593 3771 650 ἑλκῦ-

2276 692 2293 723 ι
2335 690 2444 736 σαι,
2481 675 2693 740 ἑαυτοῖς
2714 675 2772 729 δὲ
2806 676 3110 747 πειρασμὸν
3149 678 3586 751 ὲπισπασαμένοις
3613 684 3774 741 θαλατ.

2276 783 2295 817 ι
2332 766 2599 837 τομαχίας
2626 767 2723 820 καὶ
2752 766 2953 837 πολλῆς
2990 767 3370 839 κυματώσεως,
3400 770 3579 841 μᾶλλον
3610 773 3659 827 δὲ
3697 775 3775 832 καὶ

2275 872 2294 905 ι
2329 858 2443 919 τοῖς
2471 857 2721 927 ἀδελφοῖς
2767 859 3221 930 προσεκκαίουσιν
3238 858 3471 931 ἄνθρακα
3491 862 3534 893 ³⁸
3561 864 3776 935 ἀμαρτω-

2274 960 2294 993 ‹
2334 944 2441 997 λῶν
2459 961 2473 975 ”
2503 945 2598 998 καὶ
2621 946 2803 1010 αὐτοῖς
2832 947 3203 1020 κοινωνητέον,
3235 949 3326 1003 ἆτε
3352 948 3411 1021 δὴ
3433 950 3494 982 ¹⁶⁶
3521 952 3572 1005 ἐν
3593 953 3776 1024 ὀνόματι

2273 1050 2293 1082 ι
2329 1033 2565 1104 Χριστοῦ
2587 1036 3015 1107 παρερχομένοις
3032 1038 3111 1101 είς
3124 1037 3300 1102 τοῦτο,
3314 1041 3360 1092 εί
3388 1041 3476 1094 καὶ
3499 1041 3567 1113 μὴ
3581 1043 3655 1074 ’⁸⁸⁸
3676 1061 3779 1115 προ-

2276 1139 2295 1173 (
2332 1126 2579 1194 σέχουσιν
2600 1124 2763 1179 αὐτοῦ
2786 1129 2899 1190 τοῖς
2930 1126 3125 1197 λόγοις,
3147 1128 3474 1195 διδάσκοντος
3503 1134 3776 1203 προσεύχε-

2272 1233 2291 1266 ί
2332 1220 2469 1271 σθαι
2497 1216 2578 1286 μὴ
2603 1218 2900 1273 εἰσελθεῖν
2921 1222 3008 1286 εἷς
3032 1222 3359 1291 πειρασμὸν
3384 1223 3510 1290 ²⁶·”,
3537 1225 3620 1278 καὶ
3646 1225 3775 1280 πάλιν

2272 1328 2291 1361 ι
2331 1312 2391 1363 ὲν
2415 1312 2545 1383 εὐχῇ
2564 1312 2739 1382 λέγειν
2765 1312 2843 1383 τῷ
2860 1311 3052 1384 Πατρί·
3082 1313 3189 1367 Kal
3207 1312 3293 1383 μὴ
3317 1314 3637 1385 εἰσενέγκῃς
3652 1314 3778 1385 ἡμᾶς

2272 1420 2291 1453 ι
2325 1405 2414 1469 εἰς
2434 1404 2786 1474 πειρασμὸν,
2810 1405 2971 1459 ἀλλὰ
2988 1404 3175 1472 ῥῦσαι
3204 1403 3357 1473 ἡμᾶς
3384 1406 3493 1460 ἀπὸ
3521 1406 3616 1461 τοῦ
3635 1424 3778 1476 πονη-

2271 1511 2291 1544 s
2322 1493 2460 1561 ροῦ.
2494 1496 2653 1558 Ἴσως
2684 1494 2741 1547 δὲ
2764 1495 2858 1548 καὶ
2890 1492 3140 1563 ἀγνοοῦσι
3176 1494 3276 1557 τὰς
3308 1493 3553 1559 πολλάκις
3598 1494 3774 1566 γινομέο

2271 1601 2291 1634 ι
2329 1600 2424 1647 νας
2436 1584 2574 1616 ¹⁶⁶⁶⁶⁹
2589 1585 2967 1657 ἀναχωρήσεις
2983 1582 3076 1637 τοῦ
3093 1583 3460 1637 οἰκοδεσπότου
3476 1583 3775 1638 καὶδιδασκά-

2271 1695 2291 1727 ι
2329 1675 2420 1730 λου
2445 1677 2603 1748 ἡμῶν
2640 1677 2747 1731 ἀπὸ
2773 1677 2881 1731 τῶν
2910 1676 3168 1731 θελόντων
3197 1676 3572 1742 ἐπιϐουλεύειν,
3596 1677 3676 1731 καὶ
3710 1678 3773 1730 ὅτι

596 1804 617 1836 ‹
657 1783 819 1839 etiam
868 1781 1086 1853 quando
1127 1780 1401 1851 passionis
1434 1786 1649 1850 tempus
1684 1779 2150 1852 apprOpinquavit1

2268 1788 2287 1821 ι
2325 1768 2434 1822 ἔσθ’
2464 1770 2555 1822 ὅτε
2577 1770 2696 1823 ουδὲ
2729 1770 2771 1801 ’⁷
2816 1769 3097 1842 παρρησίᾳ
3140 1770 3457 1841 περιεπάτει
3496 1770 3559 1823 δι’
3596 1770 3771 1833 αὐτοὺς,

595 1894 613 1927 ι
662 1891 771 1931 non
805 1891 863 1930 se
900 1877 1079 1945 ipsum
1114 1872 1355 1935 tradidit,
1379 1870 1474 1929 sed
1511 1873 1845 1943 exspectavit
1885 1871 2058 1927 donec
2094 1871 2150 1926 ad

2269 1880 2287 1912 ε
2325 1861 2419 1915 καὶ
2441 1862 2523 1914 ὃτι
2554 1861 2648 1915 καὶ
2670 1862 2716 1894 ’⁸
2744 1863 2833 1915 ὅτε
2853 1864 2882 1915 ό
2913 1862 3104 1934 καιρὸς
3125 1862 3219 1915 τοῦ
3251 1863 3449 1927 πάθους
3472 1865 3619 1918 αὑτοῦ
3641 1880 3773 1934 προσ.

596 1988 615 2020 σ
660 1985 784 2026 eum
812 1969 1061 2023 venirent
1088 1982 1211 2021 cum
1236 1964 1430 2036 gladiis
1480 1972 1538 2019 et
1575 1963 1832 2020 fustibus.
1859 1962 2002 2019 Dicit
2028 1980 2150 2036 ergo

2267 1970 2286 2003 ι
2325 1954 2573 2025 ήτγισεν,
2602 1954 2701 2025 οὐχ
2742 1952 2934 2007 ἑαυτὸν
2972 1953 3309 2026 παρέδωκεν,
3335 1954 3445 2008 ἀλλ’
3478 1953 3667 2019 ἐδέξατο
3691 1955 3771 2018 ἓως

594 2080 613 2112 ι
660 2062 778 2117 eis:
811 2058 1085 2130 Tanquam
1123 2055 1192 2110 ad
1216 2055 1475 2110 latronem
1496 2055 1702 2110 exiistis
1729 2070 1848 2108 cum
1880 2054 2075 2125 gladiis
2109 2066 2150 2109 et

2266 2063 2288 2096 ι
2322 2041 2485 2117 ἦλθον
2517 2046 2603 2098 ἐπ’
2633 2046 2797 2100 αὐτὸν
2831 2046 2968 2118 μετά
3006 2047 3291 2121 μαχαιρῶν
3315 2046 3405 2100 καὶ
3433 2047 3608 2114 ξύλων.
3644 2047 3770 2113 Λέγει

591 2170 613 2205 ι
653 2150 882 2222 fustibus
936 2149 1006 2202 ad
1050 2163 1130 2202 me
1171 2143 1710 2215 comprehendendum
1746 2154 1795 2199 ε.
1845 2142 1949 2210 Qui
1994 2150 2157 2199 etiam

592 2261 611 2294 ι
659 2240 989 2296 tradiderunt
1019 2240 1211 2308 ipsum.
1244 2236 1442 2307 inquit,
1466 2233 1646 2288 Pilato
1676 2232 1729 2289 δ.
1768 2232 1851 2289 Ad
1879 2233 1999 2304 ejus
2016 2247 2154 2303 quo-

590 2354 609 2386 ‹
654 2350 761 2405 que
788 2331 1195 2388 similitudinem
1228 2331 1295 2386 iis
1329 2329 1551 2390 accidit,
1600 2326 1696 2398 qui
1749 2325 1872 2396 ejus
1928 2339 2155 2396 scopum

590 2443 607 2474 ε
656 2424 760 2479 sibi
791 2429 1151 2495 pr0ponentes
1200 2422 1484 2485 incedunt,
1520 2419 1833 2474 divinorum
1885 2417 2006 2488 ejus
2029 2431 2156 2472 ver-

589 2534 609 2567 ε
653 2515 846 2570 borum
878 2513 1170 2580 recordati,
1204 2514 1405 2585 quibus
1437 2527 1540 2568 nos
1568 2510 1923 2568 conﬁrmans.
1953 2508 2021 2564 de
2036 2523 2157 2578 per-

588 2622 609 2657 ι
654 2605 1024 2660 secutionibus
1064 2604 1198 2659 dicit
1230 2621 1244 2659 :
1306 2602 1572 2658 Attendite
1599 2601 1742 2657 vobis
1782 2601 1915 2670 ipsis
1947 2614 1965 2652 :
2038 2608 2153 2652 tra—

587 2713 608 2748 ι
651 2694 778 2750 dent
798 2696 935 2749 enim
960 2712 1049 2751 vos
1078 2695 1132 2748 in
1152 2694 1396 2757 concilia,
1421 2703 1470 2747 et
1510 2694 1566 2747 in
1606 2693 1716 2748 suis
1754 2691 2035 2763 synagogis
2060 2706 2149 2745 vos

587 2805 607 2839 s
652 2785 995 2856 ﬂagellabant
1031 2796 1077 2841 ε.
1115 2784 1347 2839 Tradent
1387 2793 1607 2849 autem,
1663 2784 1826 2848 dixit,
1870 2798 2003 2849 non,
2048 2798 2147 2838 vos

585 2896 605 2927 ε
652 2876 801 2945 ipsos
832 2875 1097 2931 tradetis:
1131 2885 1180 2929 et
1207 2875 1276 2928 ad
1322 2876 1580 2944 principes
1622 2881 1674 2929 et
1716 2889 1859 2943 reges
1883 2871 2147 2927 ducemini

583 2990 604 3022 s
648 2980 859 3041 propter
887 2984 1072 3023 nomen
1100 2985 1271 3023 meum
1307 2967 1353 3030 τ,
1387 2983 1516 3031 non,
1564 2982 1664 3022 vos
1710 2965 1860 3035 ipsos
1908 2964 2141 3020 ducetis.

583 3080 604 3113 ι
647 3060 782 3116 Nam
809 3075 909 3116 nos
944 3074 1161 3131 quoque
1191 3059 1306 3113 vult
1328 3073 1357 3112 a
1389 3060 1508 3113 loco
1540 3058 1594 3112 in
1628 3057 1810 3111 locum
1844 3055 2139 3120 transilire,

2263 2151 2283 2185 ι
2320 2133 2448 2202 γοῦν
2475 2135 2542 2166 ’⁸⁵
2575 2135 2711 2207 πρὸς
2735 2136 2931 2201 αὐτούς
2949 2154 2963 2167 ·
3017 2134 3107 2205 Ὦς
3136 2139 3236 2192 ἐπὶ
3274 2136 3508 2207 λῃστὴν
3537 2136 3773 2203 ἐξήλθετε

2263 2244 2281 2277 ι
2311 2227 2465 2295 μετὰ
2489 2226 2798 2296 μαχαιρῶν
2825 2228 2924 2282 καὶ
2953 2229 3154 2295 ξύλων
3184 2228 3511 2284 συλλαϐεῖν
3527 2227 3679 2298 με.οἶ
3699 2224 3771 2278 καὶ

2260 2334 2279 2368 ι
2320 2318 2667 2387 παρέδωκαν
2697 2320 2882 2374 αὐτὸν
2904 2361 2919 2385 ,
2954 2322 3109 2393 φησὶ,
3151 2322 3408 2389 Πιλὰτῳ.
3457 2321 3584 2375 Καθ’
3628 2316 3769 2391 ὁμοιό-

2259 2426 2278 2459 ι
2312 2426 2452 2481 τητα
2468 2408 2598 2479 γοῦν
2617 2410 2804 2476 αὐτοῦ,
2819 2413 2911 2465 καὶ⁵
2929 2414 2978 2465 οἱ
2996 2412 3137 2466 κατὰ
3158 2414 3360 2467 σκοπὸν
3376 2412 3531 2467 αύτοῦ
3549 2411 3769 2483 βαίνοντες

2258 2520 2277 2552 ι
2314 2502 2633 2562 πεπόνθασι.
2669 2505 3003 2575 μεμνημένοι
3047 2505 3158 2560 τῶν
3205 2506 3367 2560 θείων
3409 2504 3563 2559 αὐτοῦ
3597 2504 3767 2573 λόγων.

2256 2610 2276 2643 ι
2314 2592 2381 2647 δι’
2412 2586 2486 2646 ὧν
2513 2596 2875 2666 ἐπιστηρίζων
2895 2598 3041 2668 ἡμᾶς
3070 2598 3200 2670 περὶ
3228 2598 3337 2652 τῶν
3364 2597 3600 2670 διωγμῶν
3623 2596 3767 2664 λέγει·

2255 2702 2274 2735 ι
2315 2685 2650 2754 Προσέχετε
2685 2689 2729 2718 ¹⁹
2770 2688 3003 2755 ἑαυτοῖς
3025 2705 3039 2719 ·
3073 2690 3495 2758 παραδώσουσι
3525 2688 3622 2760 γὰρ
3646 2686 3767 2757 ὑμᾶς

2254 2795 2272 2827 ι
2310 2780 2397 2843 εἰς
2414 2778 2719 2847 συνέδρια,
2744 2780 2841 2833 καὶ
2866 2781 2936 2834 ἐν
2963 2781 3092 2849 ταῖς
3110 2781 3485 2853 συναγωγαῖς
3500 2779 3673 2836 αὐτῶν⁸
3683 2795 3770 2849 μη·

2253 2888 2272 2920 ι
2308 2869 2715 2941 στιιιπώσουσιν
2751 2872 2926 2942 ὑμᾶς.
2951 2873 3389 2942 Παραδώσουσι
3408 2874 3483 2939 δὲ,
3510 2869 3662 2935 εἶπεν,
3679 2872 3767 2925 ἀλλ’

2252 2980 2270 3011 ι
2311 2961 2433 3031 οὐχὶ
2457 2963 2523 2993 ²⁹⁴
2550 2962 2777 3026 ἑαυτοὺς
2806 2963 3175 3034 παραδώσετε’
3199 2966 3306 3019 καὶ
3327 2964 3423 3020 ἐπὶ
3446 2964 3706 3036 ἡγεμόνας
3719 2961 3771 3015 δὲ

2251 3075 2269 3107 ι
2311 3056 2408 3109 καὶ
2430 3057 2712 3124 βασιλεῖς
2730 3058 3073 3128 ἀχθήσεσθε
3110 3059 3208 3116 διὰ
3241 3062 3307 3116 τὸ
3339 3061 3517 3132 ὄνομά
3535 3078 3657 3131 μου,
3680 3058 3767 3113 ἀλλ’

582 3172 602 3203 ο
648 3154 775 3209 dum
819 3162 947 3208 sunt
980 3153 1072 3224 qui
1120 3167 1221 3208 nos
1259 3159 1661 3222 persequuntur
1688 3156 1910 3219 propter
1941 3162 2138 3203 nomen

2254 3164 2265 3197 ι
2307 3146 2427 3218 ούχὶ
2451 3149 2562 3213 ¹⁹⁶⁶,
2587 3149 2813 3213 ἑαυτοὺς
2839 3150 2993 3217 ἄξετε
3014 3168 3028 3182 ο
3065 3152 3186 3205 ἐπεὶ
3217 3152 3316 3206 καὶ
3340 3152 3633 3223 μεταπηδᾷν
3654 3150 3769 3222 ἡμᾶς

582 3259 602 3293 ι
647 3242 785 3312 ejus.
823 3240 977 3296 Sicut
1028 3257 1221 3297 rursus
1249 3256 1373 3296 eum
1404 3241 1672 3295 dicentem
1714 3239 2005 3294 audimus:
2071 3237 2141 3292 Et

2254 3257 2270 3290 s
2310 3238 2555 3309 βούλεται
2597 3241 2704 3295 ἀπὸ
2744 3242 2907 3295 τόπου
2947 3244 3027 3306 είς
3068 3243 3231 3297 τόπον
3258 3245 3301 3276 ³⁰
3343 3243 3673 3315 διωκομένους
3700 3240 3766 3293 διὰ

582 3354 601 3388 ι
640 3335 847 3407 quando
875 3350 963 3389 vos
993 3333 1057 3388 ab
1090 3333 1187 3387 hac
1208 3334 1419 3387 civitate
1446 3332 1705 3393 persecuti
1727 3331 1948 3401 fuerint,
1974 3330 2143 3401 fugite

580 3446 599 3478 ι
646 3430 700 3481 in
734 3427 898 3481 aliam
933 3429 980 3481 ε.
1007 3425 1124 3482 Νοη
1154 3426 1262 3481 vult
1289 3424 1435 3481 enim
1470 3439 1573 3480 nos
1621 3421 1688 3477 ad
1728 3422 1932 3477 diaboli
1967 3422 2143 3492 stipa-

581 3541 599 3572 s
643 3527 789 3574 tores
839 3521 1206 3591 satellitesque
1256 3517 1584 3588 confugere,
1658 3531 1726 3571 ne
1753 3512 1889 3584 ipsis
1918 3528 2138 3584 quoque

578 3631 598 3661 ο
645 3611 954 3666 multifaria:
983 3610 1178 3665 mortis
1209 3623 1377 3665 causa
1410 3608 1606 3669 simus,
1636 3614 1698 3661 ut
1720 3608 1814 3677 qui
1874 3606 2053 3676 ipsos,
2085 3616 2140 3661 et

578 3721 598 3754 ι
644 3702 950 3773 asperiores
976 3717 1098 3758 esse
1128 3715 1415 3773 cogamus,
1445 3708 1500 3754 et
1530 3714 1691 3770 opera
1708 3696 1985 3752 mortifera
2015 3712 2140 3767 per-

580 3813 599 3845 t
645 3806 806 3863 agere
835 3810 850 3847 :
904 3792 995 3847 sed
1046 3799 1387 3861 exspectare,
1423 3799 1477 3844 et
1508 3791 1666 3847 nobis
1697 3804 1912 3855 cavere,
1949 3788 2141 3859 vigila-

579 3903 597 3937 ι
650 3898 801 3954 reque
826 3893 877 3936 et
906 3898 1081 3946 orare,
1130 3898 1193 3936 ne
1245 3881 1497 3935 intremus
1527 3881 1580 3933 in
1607 3880 1948 3934 tentationem
1973 3876 2024 3933 δ.
2059 3879 2137 3933 ita

577 3995 597 4029 ι
647 3975 957 4048 Stephanus
980 3973 1211 4045 primus,
1241 3972 1362 4042 ejus
1392 3972 1637 4042 vestigiis
1668 3973 1952 4036 insistens,
1990 3986 2139 4025 mar-

490 4084 493 4085 '
576 4089 595 4122 ι
636 4068 836 4141 tyrium
867 4063 1489 4139 passus,llierosolymis
1511 4064 1580 4118 ab
1604 4062 1805 4133 iniquis
1827 4070 2133 4132 correptus,

576 4183 596 4216 ι
643 4174 698 4220 et
729 4163 784 4217 in
809 4161 1101 4217 concilium
1129 4157 1348 4222 ductus,
1381 4157 1655 4229 lapidibus
1681 4156 1931 4217 obrutus.
1958 4157 2014 4211 in
2045 4171 2135 4212 no-

574 4269 594 4303 ι
640 4249 785 4305 mine
822 4247 1025 4303 Christi
1055 4245 1393 4317 glorificatus
1412 4253 1517 4309 est,
1563 4260 1783 4315 rogans,
1817 4253 1869 4300 et
1894 4244 2082 4301 dicens
2114 4264 2130 4300 :

571 4361 592 4394 ι
641 4341 878 4406 Domine,
901 4356 965 4396 ne
985 4348 1192 4394 statuas
1221 4336 1331 4391 illis
1358 4336 1453 4392 hoc
1484 4347 1753 4406 peccatum
1796 4338 1841 4391 ί.
1876 4335 1954 4391 Ita
1980 4335 2135 4391 Jaco-

572 4457 591 4490 ‹
638 4438 742 4493 bus
769 4434 1044 4492 secundus
1097 4433 1167 4487 ab
1196 4431 1412 4488 Herode
1443 4430 1894 4500 comprehensus,
1950 4428 2132 4501 gladio

570 4549 590 4583 σ
638 4529 813 4600 capite
842 4534 1131 4582 truncatus
1156 4533 1256 4582 est.
1291 4525 1368 4579 lta
1398 4523 1595 4580 Petrus
1616 4522 1988 4593 apostolorum
2011 4521 2127 4592 pri-
2159 4501 2203 4560 θ

568 4640 590 4673 ε
635 4636 776 4684 unus,
813 4634 955 4691 saepe
992 4617 1455 4688 comprehensus,
1499 4621 1552 4670 et
1575 4614 1842 4670 custodia:
1868 4612 2122 4674 traditus,

566 4729 585 4763 ι
630 4710 1036 4782 ignominiaque
1088 4708 1335 4771 affectus,
1366 4714 1646 4778 postremo
1674 4704 1860 4760 Romae
1904 4702 2125 4759 crucifi-

567 4826 586 4857 s
635 4823 737 4863 sus
763 4813 869 4862 est.
904 4804 1167 4860 Similiter
1200 4812 1256 4859 et
1300 4803 1539 4875 inclytus
1573 4799 1799 4865 Paulus,
1830 4816 1972 4871 saepe
2012 4810 2126 4856 tra-

579 4919 598 4951 ι
645 4899 814 4963 ditus,
846 4905 900 4953 et
928 4896 995 4951 ad
1030 4905 1260 4951 mortem
1283 4908 1458 4965 usque
1517 4892 1571 4947 in
1610 4891 1916 4962 periculum
1952 4890 2122 4946 addu-

565 5012 586 5046 s
631 5000 773 5055 etus.
792 4991 960 5045 multa
989 4991 1131 5045 mala
1153 5003 1467 5061 perpessus,
1489 4996 1544 5042 et
1564 4987 1619 5041 in
1645 4985 1832 5041 multis
1866 5000 2124 5057 persecu-

2248 3349 2269 3382 r
2304 3332 2365 3384 τὸ
2392 3332 2562 3404 ὄνομα
2587 3334 2751 3387 αὑτοῦ
2778 3353 2788 3365 ο
2818 3335 2894 3399 ὡς
2936 3336 3095 3390 πάλιν
3123 3336 3397 3408 ἀκούομεν
3431 3335 3583 3390 αὕτοῦ
3620 3335 3768 3403 λέγον-

2246 3440 2267 3473 (
2304 3438 2427 3485 τος·
2464 3423 2577 3477 Καὶ
2603 3422 2741 3478 ὅθεν
2771 3425 2846 3496 (2)
2867 3424 3157 3480 διώκωσιν
3177 3426 3334 3495 ὑμᾶς
3363 3428 3430 3480 ἐκ
3460 3425 3561 3496 τῆς
3577 3427 3766 3489 πόλεως

2246 3534 2265 3566 ι
2305 3516 2522 3584 ταύτης
2542 3517 2609 3582 ⁸⁸,
2643 3518 2889 3588 φεύγετε
2915 3520 3002 3584 εὶς
3028 3518 3141 3588 τὴν
3160 3518 3375 3587 ἑτέραν
3392 3536 3408 3551 ο
3442 3520 3502 3575 ού
3532 3518 3630 3591 γὰρ
3655 3516 3767 3570 θέλει

2246 3624 2265 3658 ι
2302 3607 2619 3680 αὐτομολεῖν
2654 3610 2801 3681 ἡμᾶς
2831 3609 2969 3681 πρὸς
3021 3612 3146 3675 τοὺς
3172 3610 3271 3664 τοῦ
3304 3612 3544 3667 διαϐόλου
3573 3612 3766 3666 ὑπασπι-

2245 3716 2266 3748 ‹
2308 3697 2437 3762 στάς
2462 3698 2555 3752 καὶ
2583 3698 2932 3772 δορυφόρους,
2962 3699 3110 3763 ὅπως
3144 3700 3217 3772 μὴ
3251 3703 3347 3756 καὶ
3370 3702 3614 3756 πλειόνων
3638 3699 3767 3754 θανά-

2245 3808 2263 3840 (
2304 3807 2411 3845 των
2443 3791 2603 3846 αἴτιοι
2630 3794 2814 3857 αὐτοῖς
2839 3792 3115 3863 γινώμεθα
3144 3793 3236 3857 ³¹“,
3268 3796 3343 3861 ὡς
3372 3796 3437 3851 ἂν
3469 3792 3767 3861 καταναγκάι

2243 3901 2261 3931 ι
2302 3882 2482 3947 ζοντες
2509 3884 2703 3948 αὐτοὺς
2741 3883 2937 3955 μᾶλλον
2980 3887 3489 3958 κατατραχύνεσθαι
3524 3885 3612 3940 καὶ
3645 3882 3765 3936 τελε-

2242 3991 2262 4024 ι
2305 3978 2573 4045 σιουργεῖν
2620 3975 2689 4030 τά
2728 3975 3075 4049 θανατηφόρα
3119 3976 3255 4049 ἔργα
3278 3992 3292 4007 ⁸
3343 3978 3456 4032 ἀλλ’
3501 3972 3767 4046 ἐκδέχεσθαι

2243 4084 2261 4116 ι
2302 4067 2397 4120 καὶ
2425 4066 2709 4138 προσέχειν
2748 4069 2989 4131 ἑαυτοῖς,
3023 4070 3334 4137 πρηγορεῐν
3370 4086 3435 4124 τε
3482 4069 3572 4122 καί
3614 4079 3765 4135 προσο-

2241 4177 2261 4210 ι
2299 4159 2601 4228 εὐχεσθαι,
2633 4160 2734 4213 ἵνα
2771 4158 2857 4229 μὴ
2902 4158 3263 4229 εἰσέλθωμεν
3307 4162 3396 4227 εις
3455 4155 3763 4228 πειρασμόν.

2240 4268 2259 4301 ι
2299 4250 2455 4304 Οὕτω
2471 4250 2736 4321 Στέφανος
2757 4252 2989 4324 πρῶτος,
3008 4252 3126 4305 κατ’
3156 4252 3303 4322 ἴχνος
3326 4252 3489 4306 αύτοῦ
3512 4248 3765 4323 μαρτύριον

2239 4360 2258 4393 ‹
2298 4340 2708 4413 ἀναδεξάμενος,
2737 4344 2795 4396 ὲν
2842 4342 3231 4415 Ἰεροσολύμοις
3270 4343 3655 4416 συναρπασθεὶς
3682 4336 3767 4391 ὑπὸ

2239 4452 2258 4486 ‹
2296 4433 2403 4487 τῶν
2431 4435 2762 4506 παρανόμων
2779 4476 2792 4501 ,
2823 4436 2919 4489 καὶ
2956 4435 3140 4507 ἀχθεὶς
3168 4437 3227 4488 ὲν
3259 4437 3337 4507 τῷ
3358 4435 3627 4507 συνεδρίῳ,
3650 4429 3767 4485 λιθο-

2238 4543 2259 4576 ι
2294 4523 2614 4597 ϐολούμενος
2653 4528 2710 4580 ὲν
2739 4527 2961 4599 ὀνόματι
3002 4527 3238 4600 Χριστοῦ
3286 4528 3578 4599 ἐδοξάσθη,
3615 4538 3766 4595 παρα·

2238 4635 2258 4669 t
2296 4617 2474 4673 καλῶν
2524 4620 2618 4674 καὶ
2662 4619 2865 4689 λέγων·
2920 4621 3090 4689 Κύριε
3113 4660 3128 4681 .
3172 4621 3258 4690 μὴ
3317 4622 3555 4690 στήσῃς
3597 4613 3767 4677 αὐτοῖς

2236 4726 2256 4759 ι
2293 4710 2519 4777 ταύτην
2546 4708 2636 4740 ³¹⁶⁴
2664 4708 2779 4777 τὴν
2798 4710 3108 4778 ἁμαρτίαν.
3128 4708 3315 4773 Οὕτως
3341 4708 3591 4771 Ἰάκωϐος
3617 4702 3771 4758 δεῦτεο

2236 4819 2254 4851 ι
2299 4818 2388 4874 ρος
2412 4800 2731 4873 συλληφθεὶς
2751 4802 2856 4856 ὑπὸ
2884 4801 3141 4873 Ἡρώδου,
3174 4803 3421 4874 μαχαίρᾳ
3442 4800 3539 4873 τὴν
3561 4792 3765 4867 κεφαλὴν

2235 4912 2254 4944 ι
2294 4893 2603 4966 ἀπετμήθη.
2631 4893 2817 4955 Οὕτως
2840 4896 2869 4947 ὁ
2898 4895 3187 4967 πρόκριτος
3211 4894 3323 4949 τῶν
3357 4893 3659 4948 ἀποστόλων
3680 4882 3766 4937 Πέ-

2236 5003 2255 5036 ι
2294 5003 2419 5056 τρος
2444 5025 2460 5049 ,
2505 4985 2762 5050 πολλάκις
2795 4985 3115 5059 συλληφθεὶς
3169 4986 3265 5041 καὶ
3306 4983 3647 5057 φυλακισθεὶς
3688 4973 3765 5030 καὶ

629 5121 654 5152 ι
680 5107 874 5163 Matth.
908 5121 1056 5172 xxvt,
1080 5107 1168 5161 Μ.
1204 5174 1207 5175 ν
1244 5106 1274 5147 ιι
1306 5104 1499 5161 Matth.
1531 5119 1611 5167 vt.
1644 5105 1749 5175 15.
1774 5115 1797 5144 ο
1820 5102 2029 5175 Matth.
2066 5121 2150 5159 xxi

2254 5104 2341 5160 55.
2407 5103 2434 5144 ά
2466 5103 2660 5161 Matth.
2692 5120 2865 5175 xxvii,
2885 5105 2943 5161 2.
2986 5117 3009 5145 ε
3034 5105 3226 5160 Matth.
3251 5121 3307 5171 ι,
3337 5105 3427 5162 17.
3490 5105 3509 5144 ι
3542 5102 3661 5158 ibid.
3692 5094 3760 5152 18.

556 5188 584 5227 α
616 5178 809 5235 Hatth.
836 5195 892 5243 κ,
921 5179 1014 5235 23.
1089 5179 1118 5219 ιι
1151 5174 1346 5232 Matth.
1394 5192 1542 5240 xxvn,
1569 5175 1659 5229 l7.
1738 5174 1756 5213 ί
1790 5174 1910 5228 Act.
1970 5189 2064 5239 vn,
2110 5174 2201 5229 59.

1879 5294 2113 5350 VARIA‘]
2160 5294 2558 5369 LECTIONES.

623 5414 681 5483 ssi
703 5412 933 5483 ἑαυτοῖς,
1011 5412 1056 5444 ⁸⁸
1085 5409 1896 5483 προσεκκαίοντεςίγᾶνθρακιίεἶοΔ
1958 5408 2029 5442 ²⁶’

557 5482 818 5554 εῖσελθεῖν
844 5484 927 5546 εἰς
949 5479 1254 5554 πειρασμόν
1274 5483 1438 5554 deest.
1478 5553 1481 5554 ν
1533 5479 1997 5554 ¹⁸⁶,⁶⁶⁶’γενομένας
2013 5479 2293 5554 πολλάκις.

1846 5551 1885 5583 ³¹
1920 5552 2113 5604 ὅταν...
2151 5553 2208 5606 ὲν
2237 5553 2301 5623 τῇ
2333 5551 2484 5607 πόλει
2509 5552 2707 5625 ταῦτῃ.

556 5552 625 5586 ⁸⁹“
657 5553 777 5622 οὐχ.
854 5553 946 5585 "“
971 5551 1090 5623 οὐχ.
1162 5552 1208 5583 ³⁸
1232 5551 1411 5607 τόπων
1441 5553 1522 5616 εἰς
1551 5551 1771 5616 τόπους.

623 5668 702 5739 (2)
730 5667 841 5723 Καὶ
879 5667 1037 5740 deer.
1090 5667 1148 5722 in
1178 5668 1443 5740 ms._cod.
1493 5670 1819 5740 bombycino
1852 5669 2125 5740 amplissi-

2241 5409 2330 5442 ισοο

2366 5412 2441 5514 μή
2469 5411 2702 5514 deest.“
2724 5412 2863 5514 AW“
2890 5411 3231 5477 διδάσκοντος
3269 5407 3661 5484 προσεύχεσθαι
3700 5397 3767 5477 μὴ

2437 5500 2465 5514 Α
2490 5499 2557 5514 ωε-
2761 5490 2871 5514 ml
2907 5484 2999 5514 u-n'
3087 5484 3154 5514 ις·
3177 5479 3270 5514 με..
3369 5484 3416 5514 ΙΙ
3448 5479 3761 5514 πλευ-νέηται-

2437 5481 2576 5536 οὕτε.
2590 5552 2612 5554 μ
2657 5482 2702 5521 ⁸⁸
2723 5482 2875 5554 deest
2907 5484 3020 5554 xui.
3087 5484 3154 5516 ’θ’
3177 5479 3288 5537 οὖν.
3314 5479 3326 5484 ⁷
3369 5484 3416 5515 ³³
3448 5479 3762 5554 προσέχεται.

2783 5552 2851 5584 ³⁸⁸
2882 5552 3187 5626 γενώμεθα.
3259 5554 3352 5585 ³⁸⁸⁵
3375 5551 3582 5622 ταύτην
3605 5563 3704 5603 om.

2232 5685 2471 5743 canones
2519 5670 2706 5743 9,_10,
2749 5671 2839 5735 l2,
2873 5672 2964 5734 15,
2997 5671 3085 5733 li.
3132 5672 3224 5729 hic
3272 5671 3474 5743 legitur
3520 5667 3609 5724 xei
3632 5666 3768 5727 ὅτανρ

550 5739 627 5797 mi
662 5737 932 5797 senatoris
976 5738 1239 5795 Bernardi
1289 5737 1448 5803 Nani.
1504 5739 1599 5797 fol.
1635 5737 1761 5807 208,
1788 5740 1878 5796 ubi
1908 5737 2127 5796 eistant
2230 5748 2291 5796 ut
2320 5742 2376 5798 in
2408 5749 2556 5798 textu
2591 5741 2780 5799 Matth.
2811 5760 2867 5812 κ,
2891 5743 2981 5799 25.
