3980 6318
244 293 348 347 ιεε

1453 303 1782 359 EPISTOLA
1823 305 2183 366 CANONICA.

3348 318 3451 374 ιεε

238 430 263 466 ι
302 416 644 486 ἀτιμασθεὶς,
669 418 890 490 ὕστερον
920 420 977 474 ὲν
1003 421 1184 493 Ῥώμῃ
1202 422 1512 495 ἐσταυρώθη
1534 425 1681 495 (5)."
1695 425 1766 479 Ka

1871 445 1928 486 ,ι
1978 429 2218 485 tionibus
2267 429 2761 501 aﬂlictionibusque
2817 430 3098 500 gloriatus,
3159 433 3212 486 in
3269 433 3454 491 eadem

233 523 259 561 ι
293 507 324 560 ὁ
367 507 691 580 περιϐόητος
724 510 932 574 Παῦλος
954 553 968 577 ,
1013 513 1294 579 πλεονάκις
1335 516 1653 586 παραδοθεὶς
1703 519 1795 570 καὶ

234 617 258 652 ε
297 599 407 665 ἕως
453 601 682 656 Θανάτου
710 605 1081 670 κινδυνεύσας,
1112 609 1278 664 πολλά
1315 627 1374 662 τε
1416 610 1652 682 ἀθλήσας
1703 614 1794 666 καὶ

231 707 257 743 ¢
293 691 716 761 καυχησάμενος
755 695 811 746 ἐν
851 694 1060 759 πολλοῖς
1101 696 1355 767 διωγμοῖς
1399 698 1490 751 καὶ
1524 697 1789 767 θλίψεσιν,

227 801 252 834 ε
294 785 355 836 ἐν
381 788 452 855 τῇ
487 786 622 855 αὐτῇ
664 787 813 838 πόλει
849 788 940 840 καὶ
976 788 1135 852 αὐτὸς
1165 788 1404 860 μαχαίρᾳ
1428 789 1524 860 τὴν
1553 789 1791 861 κεφαλὴν

229 889 251 921 ι
292 871 609 943 ἀπετμήθη·
638 872 696 936 ὃς
720 875 776 927 ἐν
813 868 891 938 οἷς
918 875 1274 946 ἐκαυχήσατο,
1307 878 1564 950 κατέληξε
1593 881 1680 910 ³¹⁹’
1709 880 1789 931 ὅτι

225 980 243 1009 ι
292 964 390 1015 καὶ
420 964 512 995 ³²⁶⁶
539 967 594 1016 ὲν
614 965 885 1036 Δαμασκῷ
907 969 1120 1039 σπυρίδι
1141 970 1408 1041 ἐχαλάσθη
1449 971 1535 1024 διὰ
1559 972 1651 1025 τοῦ
1684 972 1788 1024 τείο

224 1071 246 1103 ε
286 1071 416 1123 χους
439 1055 652 1118 νυκτὸς,
684 1057 778 1110 καὶ
802 1057 1026 1126 ἐξέφυγε
1054 1059 1149 1122 τάς
1184 1063 1368 1132 χεῖρας
1387 1061 1478 1115 τοῦ
1503 1061 1786 1137 ζητοῦντος

221 1163 245 1198 c
284 1147 454 1200 αὐτὸν
509 1150 719 1202 πιάσαι.
755 1150 826 1203 Τὸ
872 1151 979 1224 γὰρ
1016 1155 1369 1225 προκείμενον
1393 1151 1459 1226 ἦν
1493 1157 1692 1219 αὐτοῖς,
1728 1158 1784 1209 ἐν

220 1255 242 1286 ε
282 1237 524 1309 πρώτοις
548 1242 985 1310 εὐαγγελίζεσθαι
1009 1246 1102 1298 καὶ
1128 1247 1393 1301 διδάσκειν
1415 1248 1487 1319 (4)
1515 1249 1604 1301 τὸν
1630 1249 1782 1317 λόγον

218 1349 238 1380 ι
282 1330 381 1383 τοῦ
413 1332 570 1398 Θεοῦ,
599 1335 657 1386 ὲν
693 1330 775 1397 οἷς
797 1335 1271 1404 ἐπιστηρίζοντες
1309 1338 1446 1405 τοὺς
1482 1338 1782 1408 ἀδελφοὺς

215 1439 240 1474 c
276 1423 563 1492 ἐμμένειν
590 1427 659 1479 ἐν
690 1426 761 1494 τῇ
794 1428 1011 1491 πίστει,
1036 1429 1126 1482 καὶ
1152 1429 1309 1482 τοῦτο
1335 1429 1536 1498 ἔλεγον,
1571 1430 1658 1483 ὅτι
1684 1430 1779 1485 διὰ

213 1532 235 1564 ‹
277 1515 532 1570 πολλῶν
571 1519 832 1586 θλίψεων
859 1519 953 1573 δεῖ
985 1521 1276 1574 εἰσελθεῖν
1321 1525 1407 1585 εἰς
1453 1522 1567 1587 τὴν
1596 1522 1777 1585 ,ϐασι-

213 1625 234 1657 ι
277 1609 459 1661 λείαν
488 1610 593 1663 τοῦ
623 1611 786 1664 Θεοῦ.
825 1611 1072 1680 Ἐζήτουν
1098 1612 1206 1682 γὰρ
1231 1613 1291 1664 οὐ
1319 1613 1378 1665 τὸ
1412 1613 1614 1666 ἑαυτῶν
1641 1631 1776 1684 συμ-

209 1718 233 1752 c
278 1701 468 1770 φέρον,
498 1702 633 1756 ἀλλά
661 1703 722 1756 τὸ
763 1704 868 1756 τῶν
911 1703 1146 1768 πολλῶν,
1181 1705 1264 1757 ἵνα
1299 1706 1544 1770 σωθῶσι,
1574 1709 1667 1760 κα)⁵
1706 1705 1774 1779 ἦν

1907 538 1926 570 ‹
1974 521 2107 575 urbe
2137 522 2252 590 ipse
2281 537 2498 592 quoque
2525 523 2706 592 gladio
2739 524 2916 592 capite
2939 524 3201 580 multatus
3221 533 3304 581 est
3333 527 3458 596 ;qui

1905 630 1924 661 ι
1974 613 2026 666 in
2059 614 2258 681 quibus
2311 615 2575 684 gloriatus
2606 623 2712 678 est.
2748 616 2862 686 ipse
2905 619 2960 670 in
2992 617 3059 672 iis
3081 617 3247 672 vitam
3279 619 3453 685 ﬁniit;

1903 721 1920 752 ι
1965 711 2020 758 et
2050 703 2193 772 quod
2223 703 2466 760 Damasci
2498 707 2551 758 in
2581 714 2765 774 sporta
2802 715 2964 761 noctu
2994 723 3089 776 per
3115 724 3330 763 murum
3358 709 3454 765 de-

1899 812 1919 844 ι
1967 795 2167 850 missus
2187 804 2290 859 est,
2324 804 2374 851 et
2407 795 2594 867 effugit
2624 797 2744 866 ejus
2772 814 2967 854 manus
2997 800 3088 869 qui
3129 817 3252 855 eum
3283 817 3419 856 cona

1899 904 1918 935 ι
1967 887 2126 941 batur
2155 889 2478 957 opprimere.
2513 890 2634 942 Erat
2665 890 2809 943 enim
2839 891 2920 944 eis
2956 890 3008 943 in
3040 892 3230 959 primis
3254 908 3452 963 propo-

1898 995 1917 1026 ι
1967 977 2129 1031 situm
2161 976 2554 1046 evangelizare,
2585 983 2640 1031 et
2691 977 2916 1032 verbum
2961 977 3055 1032 Dei
3103 981 3343 1034 docere:
3393 981 3449 1035 in

1903 1086 1920 1118 ι
1971 1068 2171 1136 quibus
2202 1068 2397 1134 fratres
2415 1069 2784 1138 conﬁrmantes
2815 1079 2871 1122 ut
2893 1081 3154 1124 manerent
3183 1073 3236 1124 in
3263 1071 3365 1139 ﬁde
3395 1084 3448 1134 ι,

1896 1178 1913 1209 ι
1960 1159 2308 1230 hoc-quoque
2340 1160 2612 1223 dicebant,
2669 1161 2804 1230 quod
2833 1162 3144 1230 permultas
3201 1163 3449 1232 afﬂictio-

1893 1269 1911 1300 ι
1963 1268 2051 1304 nes
2070 1262 2268 1320 oportet
2294 1253 2345 1304 in
2371 1268 2583 1320 regnum
2605 1251 2700 1304 Dei
2723 1251 2942 1321 ingredi.
2962 1251 3286 1317 Quarrebant
3302 1254 3445 1308 enim

1891 1361 1910 1394 ι
1959 1360 2064 1398 non
2092 1343 2238 1412 quod
2273 1343 2377 1398 sibi
2403 1349 2520 1396 erat
2545 1341 2694 1403 utile.
2722 1341 2817 1396 sed
2848 1343 2992 1412 quod
3029 1343 3232 1404 multis,
3251 1350 3308 1397 ut
3337 1359 3446 1399 ser-

1889 1455 1906 1486 ι
1957 1443 2234 1498 varentur,
2261 1445 2314 1489 et
2343 1434 2510 1488 multa
2548 1434 2680 1503 ipsis
2727 1434 2914 1488 liceret
2947 1433 3012 1487 ad
3045 1435 3159 1488 haec
3193 1433 3442 1488 facientia

1887 1542 1905 1573 ι
1951 1523 2167 1586 dicere,
2231 1529 2289 1576 ut
2347 1522 2510 1578 verbo
2572 1522 2662 1577 Dei
2722 1523 3104 1578 convenienter
3161 1522 3438 1578 facerent:

1885 1634 1904 1667 ι
1955 1614 2096 1677 Nisi,
2115 1623 2174 1669 ut
2209 1615 2669 1684 dicitApostolus,
2702 1631 2793 1668 nos
2823 1625 3020 1683 tempus
3063 1624 3338 1670 narrantes
3355 1618 3446 1670 de-

1883 1727 1904 1758 t
1945 1709 2119 1778 ﬁceret
2136 1708 2184 1761 δ.
2210 1725 2229 1758 t

208 1813 232 1846 ι
277 1796 455 1850 πολλὰ
479 1797 655 1864 λέγειν
680 1798 859 1861 αὐτοῖς
883 1800 962 1861 εἰς
990 1798 1161 1852 ταῦτα
1187 1801 1321 1871 πρὸς
1358 1799 1420 1853 τὸ
1463 1801 1600 1855 κατὰ
1629 1802 1782 1872 λόγον
1821 1804 2102 1875 πράσσειν,
2125 1806 2173 1857 εἰ
2192 1800 2393 1869 μὴ,ὠς
2415 1802 2560 1871 λέγει
2585 1805 2613 1856 ὁ
2642 1802 2980 1867 Ἀπόστολος,
2997 1803 3261 1857 ἐπιλίποι
3277 1802 3326 1833 ³³
3383 1800 3437 1854 δ’

207 1906 228 1938 ι
273 1887 356 1941 ἂν·
382 1889 538 1959 ἡμᾶς
567 1890 992 1961 διηγουμένους
1021 1896 1054 1946 ὁ
1081 1895 1315 1960 χρόνος.
1344 1913 1363 1945 ι

280 2005 482 2059 ΒΑΛΣ.
519 2007 580 2059 Οἱ
610 2006 732 2078 ἄρτι
755 2005 848 2060 τοῦ
884 2005 1049 2060 ’ὐπνου
1078 2008 1498 2080 ἐξανιστάμενοι,
1523 2013 1615 2064 xui.
1646 2011 1766 2082 μᾶλε

1948 2008 2107 2064 Bth.
2146 2007 2246 2074 Qui
2271 2024 2301 2062 e
2327 2023 2518 2063 somno
2574 2009 2736 2063 modo
2767 2018 3086 2078 exsurgunt,
3121 2018 3172 2065 et
3200 2009 3434 2064 maxime

199 2097 300 2150 λον
339 2101 389 2150 εἰ
424 2098 697 2168 ὡμόῦπνοι
729 2093 856 2161 εἷεν,
889 2098 948 2151 οὐ
984 2099 1352 2170 καθεστηκότα
1393 2101 1481 2156 τὸν
1517 2103 1771 2174 λογισμὸν

201 2190 447 2259 ἔχουσιν,
481 2189 613 2243 ἀλλὰ
661 2192 1057 2263 τεταραγμένον
1099 2195 1192 2246 καὶ
1229 2195 1626 2250 ἀκατάστατον·
1663 2216 1770 2251 τοι-

199 2283 386 2345 ούτοις
436 2282 764 2353 παρείκασεν
791 2285 818 2336 ὁ
866 2285 1190 2356 ἱερομάρτυς
1229 2280 1382 2350 οὗτος
1426 2291 1544 2353 τοὺς
1591 2308 1769 2361 παρα-

202 2375 493 2445 πηδῶντας
519 2377 598 2437 εἰς
643 2375 732 2428 τὸν
775 2376 986 2444 ἀγῶνα,
1014 2379 1178 2448 ἧγουν
1221 2380 1346 2442 τοὺς
1394 2380 1466 2452 μὴ
1497 2381 1770 2446 εὐτάκτοις

202 2467 343 2520 ἀλλά
365 2467 608 2538 θρασέως
627 2469 720 2520 καὶ
741 2469 1152 2540 ἀπερισκέπτως
1172 2470 1524 2535 εῖσωθοῦντας
1549 2474 1769 2538 ἑαυτοὺς

200 2561 286 2622 εἰς
315 2560 402 2612 τὸν
432 2560 645 2627 ἀγῶνα,
677 2560 928 2614 ὠδίνοντα
957 2563 1049 2613 καὶ
1085 2562 1340 2631 μέλλοντα
1373 2563 1614 2628 ὲλκῦσαι,
1649 2567 1768 2618 ἀντὶ

201 2651 323 2713 τοῦ,
350 2654 515 2722 μήπω
532 2654 611 2714 εἰς
639 2652 864 2722 φανερὸν
894 2653 1368 2724 ἐκραγῆναι,’ἀλλά
1398 2655 1766 2726 μελετώμενον

201 2742 298 2794 καί
322 2740 601 2810 μέλλοντα,
628 2742 742 2812 ἤτοι
781 2740 1102 2813 βραδύνοντα
1145 2743 1362 2797 ὲλκῦσαι
1398 2747 1521 2810 τοὺς
1565 2747 1764 2814 ἀγωνι-

200 2830 480 2900 ζομένους,
542 2832 734 2894 οἵτινες
775 2833 981 2896 ἑαυτοῖς
1039 2836 1338 2906 πειρασμὸν
1389 2837 1762 2901 ἐπισπῶνται,

200 2923 369 2991 ῖςγουν
395 2923 474 2986 εξς
505 2923 730 2985 ἑαυτοὺς
753 2922 968 2977 ἕλκουσι
1001 2927 1321 2996 πειρασμόν.
1351 2929 1564 2982 Μᾶλλον
1591 2929 1646 2983 δὲ
1671 2931 1763 2982 καὶ

198 3015 383 3078 ἄλλοις
413 3019 617 3079 πιστοῖς
645 3015 968 3069 ἀνάπτουσιν
991 3017 1263 3088 ἄνθρακας
1289 3017 1642 3092 ἁμαρτωλῶν,
1666 3024 1763 3086 τὰς

198 3109 262 3160 ὲκ
316 3107 428 3159 τῶν
470 3107 747 3178 τυράννων
797 3108 1032 3179 δηλονότι
1087 3109 1353 3174 κολάσεις.
1393 3113 1531 3165 Ἀλλ’
1582 3117 1628 3166 εἰ
1670 3116 1763 3167 καὶ

199 3199 439 3251 αἰτιᾶται
469 3199 596 3261 τοὺς
627 3198 768 3252 οὕτω
792 3199 1092 3264 ποιοῦντας,
1124 3205 1393 3254 κοινωνεῖν
1419 3205 1554 3268 τέως
1585 3207 1762 3269 αὐτοῖς

197 3292 322 3353 τοὺς
345 3291 568 3352 πιστοὺς
595 3290 951 3356 διατάττεται,
984 3293 1065 3346 ὅτι
1097 3293 1181 3346 διὰ
1214 3294 1548 3365 τὸνΧριστὺν
1577 3298 1762 3350 ὑπεισ-

1871 2101 1917 2155 si
1945 2099 2114 2156 crudo
2142 2100 2520 2170 profundoque
2549 2115 2741 2156 somno
2764 2101 3172 2170 premebantur,
3203 2118 3311 2156 non
3334 2101 3431 2156 ba-

1868 2191 1996 2246 bent
2033 2199 2371 2247 constantem
2404 2192 2690 2254 rationem,
2736 2192 2828 2246 sed
2862 2194 3228 2262 perturbatam
3256 2203 3310 2250 et
3338 2195 3423 2248 in-

1869 2282 2117 2338 stabilem
2157 2301 2169 2335 :
2203 2283 2401 2336 talibus
2435 2283 2704 2337 assimilat
2749 2294 3135 2338 sacrosanctus
3170 2286 3256 2339 hic
3285 2301 3430 2339 mar-

1870 2382 1954 2445 tyr
1981 2390 2075 2429 eos
2116 2375 2206 2444 qui
2240 2391 2343 2428 non
2397 2375 2666 2438 ordinate,
2703 2374 2796 2428 sed
2831 2375 3117 2429 temerarie
3153 2383 3204 2429 et
3241 2377 3428 2432 incon-

1869 2466 2102 2521 siderate
2135 2483 2193 2521 se
2223 2467 2277 2520 in
2306 2475 2580 2522 certamen
2628 2466 2914 2519 intrudunt
2951 2484 2964 2531 ;
3015 2467 3345 2536 parturiens,
3374 2477 3427 2521 et

1867 2557 2084 2613 trahere
2112 2557 2387 2623 differens,
2421 2573 2518 2627 pro
2551 2573 2616 2613 eo
2647 2559 2788 2628 quod
2820 2559 3062 2612 nondum
3096 2560 3149 2612 in
3183 2568 3425 2629 apertum

1866 2650 2064 2718 erupit,
2111 2648 2205 2704 sed
2239 2648 2532 2702 meditatur
2563 2655 2618 2703 et
2643 2647 2842 2711 differt,
2879 2664 2973 2702 seu
3021 2656 3310 2702 cunctatur
3331 2648 3428 2702 de-

1867 2751 2135 2796 certantes
2163 2741 2398 2803 trahere,
2419 2741 2743 2810 quisibimet
2774 2741 3128 2795 tentationem
3157 2741 3423 2804 alliciunt,

1866 2834 1979 2888 sive
2014 2835 2065 2888 in
2095 2849 2153 2888 se
2189 2834 2336 2903 ipsos
2389 2834 2744 2888 tentationem
2793 2833 3033 2886 trahunt.
3069 2833 3298 2888 Maxime
3329 2849 3419 2888 au-

1865 2932 1992 2985 tem,
2023 2932 2076 2977 et
2099 2923 2219 2977 aliis
2249 2922 2493 2977 ﬁdelibus
2540 2929 2884 2993 peccatorum
2915 2922 3181 2977 carbones
3233 2938 3427 2977 accen-

1864 3015 2020 3077 dunt,
2054 3029 2083 3068 a
2114 3015 2354 3086 tyrannis
2407 3015 2616 3068 scilicet
2667 3015 2996 3083 punitiones.
3045 3011 3149 3067 Sed
3192 3015 3293 3069 etsi
3327 3030 3422 3069 eos

1864 3105 1956 3175 qui
1985 3107 2065 3161 sic
2094 3103 2320 3168 faciunt,
2373 3105 2762 3174 reprehendit;
2799 3105 2954 3173 jubet
3006 3111 3185 3159 tamen
3239 3105 3421 3160 lideles

1862 3197 1943 3252 eis
1977 3197 2145 3250 nihilo
2174 3196 2350 3250 secius
2389 3196 2823 3258 communicare,
2854 3195 2980 3264 quia
3015 3205 3236 3265 propter
3257 3195 3416 3250 Chri-

1866 3295 2008 3341 stum
2034 3296 2305 3342 certamcn
2329 3287 2632 3348 subierunt,
2662 3287 2911 3355 quamvis
2945 3287 3090 3338 illius
3114 3288 3418 3341 doctrinam

196 3382 360 3453 ἦλθον
407 3383 493 3436 τὸν
528 3382 745 3451 ἀγῶνα,
796 3383 898 3436 κᾶν
946 3385 1216 3456 ἠγνόησαν
1254 3385 1350 3456 τὴν
1379 3387 1584 3440 ἐκείνου
1621 3387 1764 3440 διδα-

1871 3381 2181 3450 ignorarunt
2213 3398 2225 3432 :
2261 3379 2351 3448 qui
2387 3378 2542 3431 docet
2573 3388 2751 3447 petere
2782 3394 2849 3432 ne
2874 3386 3165 3443 tente‘mur,
3191 3387 3244 3434 et
3273 3382 3418 3450 quod

197 3476 445 3537 σκαλίαν,
475 3475 817 3538 διδάσκοντος
845 3477 1013 3528 αἰτεῖν
1045 3475 1118 3546 μὴ
1148 3477 1526 3547 πειρασθῆναι,
1560 3480 1651 3532 καὶ
1678 3481 1758 3532 ὅτι

195 3567 310 3620 οὐδὲ
363 3565 554 3619 ἑαυτὸν
607 3565 916 3636 παρέδωκεν
940 3607 954 3630 ,
1004 3566 1136 3620 ἀλλά
1185 3568 1485 3639 παρεδόθη’
1535 3570 1630 3622 καὶ
1685 3569 1757 3640 μὴ

197 3657 511 3727 αὐτομολεῖν
539 3655 674 3728 πρὸς
701 3658 825 3719 τοὺς
863 3657 1144 3720 κολαστάς,
1176 3659 1260 3711 ἵνα
1293 3659 1364 3730 μὴ
1394 3659 1551 3712 αἴτιοι
1577 3661 1757 3722 αὐτοῖς

195 3749 424 3817 γίνοιντο
454 3746 713 3801 πλειόνων
751 3747 923 3817 φόνων
948 3789 961 3811 ,
996 3747 1183 3820 ῶσπερ
1222 3749 1626 3820 παραθήγοντες
1658 3752 1756 3803 αὑ-

192 3845 313 3906 τοὺς
339 3846 422 3906 εἰς
448 3843 548 3906 τὰς
596 3843 736 3897 κατὰ
772 3841 880 3894 τῶν
921 3842 1157 3894 εὐσεϐῶν
1195 3844 1480 3915 τιμωρίας.
1534 3843 1755 3912 Ἐπάγει

193 3935 248 3988 δὲ
279 3938 374 3990 καὶ
406 3936 637 4006 διάφορα
667 3933 1080 4006 παραδείγματα
1112 3935 1362 4006 Γραφικά
1389 3939 1416 3989 ὁ
1445 3933 1647 3989 κανών.

261 4030 507 4083 ΖΩΝΑΡ.
555 4028 619 4082 Οἱ
667 4027 789 4098 ἄρτι
835 4027 928 4080 τοῦ
971 4028 1136 4080 ὕπνου
1185 4027 1619 4098 ἐξανιστάμενοι,
1663 4030 1755 4080 καὶ

197 4121 389 4190 μᾶλλον
435 4122 484 4173 εἰ
527 4119 803 4188 ὡμόῦπνοι
849 4113 985 4179 εἷεν,
1032 4119 1092 4170 οὐ
1128 4117 1495 4186 καθεστηκότα
1533 4119 1621 4170 τὸν
1666 4118 1754 4172 λο-

194 4211 384 4282 γισμὸν
421 4210 652 4279 ἔχουσιν,
687 4208 819 4262 ἀλλά
859 4209 1280 4280 τεταραγμένον,
1313 4210 1405 4262 καὶ
1446 4210 1753 4262 ἀκατάστα-

195 4320 299 4356 τον.
332 4302 609 4364 Τοιούτοις
651 4301 979 4372 παρείκασεν
1007 4302 1036 4353 ὁ
1073 4301 1396 4372 ἱερομάρτυς
1435 4297 1586 4365 οὗτος
1629 4303 1753 4365 τοὺς

193 4394 626 4465 παραπηδῶντας
671 4396 747 4456 εἰς
777 4393 901 4456 τοὺς
932 4392 1167 4460 ἀγῶνας,
1198 4393 1362 4462 ἤγουν
1386 4395 1510 4456 τοὺς
1554 4393 1626 4464 μὴ
1661 4394 1750 4447 εὐ-

191 4489 402 4551 τάκτως
430 4488 562 4540 ἀλλά
588 4487 830 4558 θρασέως
852 4489 942 4539 καὶ
964 4487 1378 4558 ἀπερισκέπτως
1395 4486 1750 4550 εἰσωθοῦντας

188 4579 416 4643 ἐαυτοὶς
443 4580 521 4643 εἰς
549 4578 641 4631 τὸν
661 4578 863 4647 ἀγῶνα,
897 4578 1148 4631 ὠδίνοντα
1181 4578 1271 4630 καὶ
1305 4577 1564 4647 μέλλοντα
1596 4577 1752 4630 ἐλκῦ-

192 4687 315 4729 σαι,
351 4672 462 4724 ἀντὶ
507 4670 602 4723 τοῦ
653 4671 814 4741 μήπω
857 4671 936 4732 εἰς
985 4669 1212 4740 φανερὸν
1252 4669 1578 4738 ἐκραγέντα,
1615 4668 1747 4721 ἀλλὰ

1861 3488 1928 3526 ne
1954 3486 2012 3526 se
2043 3472 2218 3540 ipsum
2251 3471 2468 3540 quidem
2519 3470 2764 3533 tradidit,
2797 3470 2891 3526 sed
2927 3472 3162 3526 traditus
3207 3479 3328 3538 est;
3363 3481 3418 3528 et

1859 3579 1966 3616 non
1998 3578 2118 3617 esse
2166 3562 2231 3615 ad
2291 3573 2524 3617 tortores
2574 3562 3027 3633 confugiendum,
3064 3580 3132 3618 ne
3167 3566 3414 3634 pluribus

1858 3669 1916 3708 se
1966 3653 2204 3708 caedibus
2251 3653 2660 3706 contaminandi
2726 3654 2860 3722 ipsis
2922 3668 3102 3708 causa:
3157 3654 3307 3720 sint;
3354 3663 3412 3709 ut

1856 3745 1947 3814 qui
1999 3760 2093 3798 eos
2144 3744 2370 3799 incitent
2433 3743 2497 3798 ad
2557 3745 2819 3799 sumenda
2867 3743 2932 3799 de
2970 3745 3072 3814 piis
3124 3746 3409 3816 supplicia.

1855 3835 2020 3890 Infert
2051 3843 2228 3890 autem
2260 3843 2313 3891 et
2355 3835 2566 3891 diversa
2597 3849 2768 3891 sacrae
2823 3835 3118 3905 Scriptura:
3166 3837 3412 3909 exempla

1853 3943 2052 3982 canon.

1926 4018 2124 4072 Zona.
2177 4017 2277 4084 Qui
2325 4033 2354 4072 a
2391 4033 2584 4073 somno
2614 4025 2861 4072 recentes
2895 4025 3215 4088 exsurgunt,
3273 4035 3412 4089 pras-

1853 4111 2037 4165 sertim
2073 4109 2118 4163 si
2165 4110 2412 4179 graviore
2446 4124 2637 4163 somno
2697 4109 3163 4178 Opprimebautur,
3200 4111 3410 4163 ratione

1851 4201 2268 4271 haudquaquam
2289 4201 2494 4263 sedata,
2512 4201 2602 4255 sed
2625 4200 2940 4270 perturbata
2972 4200 3408 4269 inconstantique

1851 4301 2097 4348 utuntur.
2136 4291 2412 4362 Ejusmodi
2463 4292 2774 4346 hominibus
2827 4300 3052 4346 sanctus
3087 4291 3171 4345 hic
3205 4299 3407 4362 martyr

1851 4388 2053 4441 similes
2078 4402 2172 4440 eos
2211 4385 2411 4440 asserit
2443 4386 2534 4453 qui
2589 4384 2644 4437 in
2676 4392 2949 4438 certamen
2980 4391 3270 4452 proruunt,
3307 4383 3406 4435 hoc

1848 4485 1952 4539 est,
2011 4493 2116 4531 non
2148 4477 2394 4529 ordinate
2424 4475 2517 4528 sed
2547 4475 2736 4528 audaci
2791 4490 2853 4527 ac
2881 4475 3171 4528 temerario
3204 4475 3402 4542 impetu

1849 4585 1907 4625 se
1937 4569 2084 4639 ipsos
2119 4568 2404 4622 intrudunt
2435 4567 2486 4620 in
2511 4575 2784 4620 certamen
2813 4583 2827 4631 ;
2853 4565 3179 4634 parturiens,
3215 4580 3278 4618 ac
3301 4573 3408 4618 tra-

1851 4661 1976 4716 here
2009 4660 2285 4717 differens.
2335 4675 2433 4728 pro
2480 4673 2548 4713 eo
2585 4657 2726 4727 quod
2787 4657 3027 4710 nondum
3062 4657 3116 4710 in
3159 4665 3403 4726 apertum

188 4758 560 4830 μελετώμενον
605 4759 698 4812 καὶ
727 4759 1000 4828 μέλλοντα,
1027 4760 1142 4829 ἦτοι
1173 4758 1498 4829 βραδύνοντα
1527 4757 1746 4810 ἐλκῦσαι

1871 4754 2046 4823 :rupit,
2083 4753 2178 4807 sed
2209 4751 2515 4817 meditatur,
2547 4759 2600 4805 et
2626 4749 2804 4805 differt
2834 4751 2947 4806 sive
2993 4757 3282 4805 cunctatur
3312 4748 3405 4801 de-

185 4851 328 4911 τοὺς
346 4850 764 4920 ἀγωνιζομένους
786 4865 799 4878 ·
831 4850 1022 4912 οἵτινες
1062 4848 1361 4919 πειρασμὸν
1389 4848 1743 4911 ἐπισπῶνται,

184 4943 358 5012 ἤγουν
388 4945 462 5006 εἰς
495 4943 717 5003 ἑαυτοὺς
749 4940 963 4994 ἕλκουσι
995 4940 1313 5010 πειρασμὸν,
1341 4939 1534 5010 μᾶλλον
1560 4939 1615 4992 δὲ
1654 4940 1747 4992 καὶ

189 5034 369 5098 ἄλλοις
418 5037 624 5098 πιστοῖς
675 5033 1000 5087 ἀνάπτουσιν
1055 5031 1325 5104 ἄνθρακας
1376 5031 1708 5103 ἁμαρτωλῶν
1730 5070 1745 5090 ,

301 5201 327 5229 ι
351 5189 460 5244 Act.
486 5205 599 5252 ιιν,
626 5187 715 5242 21.
791 5187 819 5226 δ
855 5184 1104 5249 Hebr.xt,
1127 5183 1214 5240 32.

1853 4855 2123 4900 certantes
2156 4845 2409 4898 trahere:
2455 4844 2547 4914 qui
2582 4843 2796 4914 quidem
2840 4843 3189 4897 tentationem
3220 4856 3406 4895 accer-

1852 4945 2000 5002 sunt,
2027 4937 2129 4992 hoc
2161 4945 2263 4997 est,
2296 4937 2362 4992 ad
2413 4954 2471 4992 se
2519 4937 2664 5006 ipsos
2717 4935 3067 4989 tentationem
3105 4932 3405 5002 pelliciuut,

1853 5029 1982 5100 quin
2015 5031 2192 5099 potius
2215 5029 2337 5084 aliis
2370 5021 2618 5083 fidelibus
2655 5025 2960 5081 accendunt
2991 5025 3254 5078 carbones
3281 5038 3404 5093 pec-

1433 5320 1470 5374 V
1482 5319 1665 5374 ABIIE
1711 5317 2113 5373 LECTIONES.

265 5473 314 5508 ⁸²
341 5475 531 5547 ὁμοίως
559 5476 682 5531 add.
761 5476 826 5508 ³³⁸
857 5470 1157 5538 κατέλεξεν.
1231 5470 1321 5505 ³³⁸⁸
1358 5471 1450 5523 καὶ
1479 5470 1579 5522 ὅτι.

267 5612 344 5680 (5)
372 5617 641 5685 Ἐστιιυρ.
680 5618 810 5672 Καὶ.
843 5614 919 5669 ιιι.
967 5617 1135 5669 codex
1187 5612 1352 5685 Nam,
1401 5610 1718 5682 ἐσταυρώθη

205 5684 424 5753 Ὁμοίως
453 5688 566 5741 καί,
589 5684 714 5741 Mox
744 5686 998 5749 πολλάκις
1020 5701 1117 5754 pro
1145 5684 1448 5754 πλεονάκις.

273 5752 346 5822 (4)
378 5757 710 5813 Διδάσκειικ
749 5756 827 5812 Id.
863 5752 1036 5818 cud.,_
1060 5755 1364 5820 φυλάττειν.
1408 5752 1576 5807 Paulo
1619 5758 1738 5821 post

1673 5467 1716 5498 ³³
1748 5468 2015 5542 ὲπιλείψῃ.

1845 5611 2101 5680 ἐμμένειν
2125 5611 2188 5679 τῇ
2227 5607 2425 5669 πίστει,
2463 5607 2668 5661 omissa
2718 5605 3116 5714 praepositione.
3167 5602 3286 5658 Mox
3319 5600 3405 5660 δεῖ

1845 5681 1989 5714 inin"-
2020 5681 2101 5714 εἴη
2176 5688 2229 5714 ul
2273 5678 2324 5714 in
2361 5685 2506 5714 Io‘lll
2543 5679 2630 5714 Ant
2687 5693 2771 5714 νιν
2871 5680 2882 5714 Ι

1845 5679 1989 5750 ἡμᾶς
2018 5681 2144 5744 sica,
2176 5688 2235 5732 ut
2272 5679 2325 5731 in
2361 5685 2508 5732 textu
2536 5679 2654 5731 Act.
2687 5693 2793 5744 xiv,
2825 5679 2913 5731 2|.
