3980 6318
539 292 642 350 ιειτ

1556 299 1612 352 S.
1653 297 1855 354 PETRI
1899 295 2364 354 ALEXANDRINI
2401 298 2707 356 EPISCOPI

3653 300 3761 356 ιδιι

540 423 811 479 calorum,
832 421 1101 469 tormenta
1121 411 1376 468 nimirum
1400 429 1520 486 qum
1543 431 1572 470 a
1589 416 1835 488 tyrannis
1863 414 2103 471 inferun-

2215 417 2295 480 τὰς
2327 417 2389 470 ὲκ
2415 416 2522 470 τῶν
2541 417 2811 489 τυράννων
2845 414 3087 488 δηλονότι
3115 414 3380 481 κολάσεις.
3419 415 3558 468 Ἀλλ’
3593 417 3641 469 εί
3667 416 3761 470 καὶ

539 519 652 565 tur.
684 508 788 563 Sed
811 506 1060 578 quamvis
1087 519 1309 562 accuset
1341 522 1435 562 eos
1466 508 1558 578 qui
1596 509 1697 562 hoc
1727 507 1888 562 modo
1918 523 1976 562 se
2007 523 2100 578 ge-

541 607 691 663 runt,
724 599 858 670 ipsis
878 606 1061 655 tamen
1085 614 1116 652 a
1147 599 1398 654 ﬁdelibus
1428 598 1946 654 communicandum
1979 613 2101 654 esse

539 691 802 755 decernit,
833 691 979 761 quod
1013 691 1067 744 in
1101 690 1321 745 nomine
1351 689 1550 745 Christi
1571 690 1638 744 ad
1663 690 1765 743 boc
1791 689 2095 759 prodeunt:

543 781 767 836 ﬁdentes
796 780 1045 836 videlicet
1081 779 1323 844 Christo,
1358 787 1452 834 aut
1488 781 1544 834 in
1573 780 1693 848 ejus
1739 778 1959 833 nomine
1996 778 2100 835 sibi

540 880 814 929 certamen
842 873 1202 943 deposcentes
1234 889 1249 938 ;
1298 871 1513 928 etiamsi
1545 871 1684 926 forte
1722 870 1866 924 illius
1898 884 2100 939 praece-

540 965 714 1038 ptioni
736 965 918 1020 minus
952 965 1342 1034 obtemperent,
1365 963 1614 1018 docentis
1631 971 1810 1032 petere
1841 977 1908 1016 ne
1928 968 2103 1014 tente-

539 1072 681 1121 mur,
720 1057 805 1111 vel
833 1056 995 1111 etiam
1019 1056 1270 1126 ignorent
1294 1053 1581 1109 Dominum
1613 1052 1908 1109 secessisse
1927 1053 1996 1108 ab
2019 1052 2102 1106 in-

539 1151 892 1220 sidiatoribus
915 1148 1051 1215 suis,
1084 1149 1413 1218 solitumque
1465 1146 1758 1217 aliquando
1787 1162 1894 1200 non
1923 1145 2101 1215 palam

539 1241 908 1306 deambulare,
942 1254 1041 1295 nec
1079 1255 1137 1294 se
1176 1240 1352 1309 ipsum
1375 1237 1682 1308 prodidisse
1717 1246 1775 1292 ut
1806 1245 2103 1306 pateretur,

537 1347 725 1391 verum
752 1334 820 1388 ab
844 1333 966 1387 aliis
991 1333 1266 1404 proditum
1295 1351 1309 1399 ;
1345 1332 1774 1402 praecepisseque
1800 1329 2098 1402 discipulis,

540 1433 600 1481 ut
626 1441 736 1498 quo
768 1432 1013 1495 tempore
1066 1424 1190 1478 illos
1237 1423 1442 1478 inimici
1495 1422 1922 1483 insectarentur,
1955 1421 2104 1491 fuge-

539 1523 660 1572 rent
687 1531 716 1571 e
743 1515 967 1570 civitate
1001 1515 1054 1568 in
1080 1514 1494 1576 civitatem,nec
1510 1528 1569 1567 se
1597 1513 1744 1582 ipsos
1771 1512 1913 1566 ultro
1935 1518 2105 1564 torto-

539 1605 692 1660 ribus
734 1603 1032 1665 traderent,
1089 1618 1158 1657 ne
1209 1601 1458 1672 pluribus
1487 1615 1546 1655 se
1571 1598 1812 1653 caedibus
1841 1597 2106 1652 contami-

540 1696 706 1752 nandi
735 1709 954 1752 causam
983 1693 1118 1765 ipsis
1176 1693 1501 1764 prarberent,
1533 1707 1627 1746 eos
1653 1692 1800 1746 velut
1829 1691 2104 1746 irritante:

2203 508 2440 562 αἰτιᾶται
2463 510 2587 573 τοὺς
2605 509 2776 572 οὕτως
2801 509 3100 572 ποιοῦντας,
3121 510 3389 562 κοινωνεῖν
3413 509 3547 572 τέως
3576 509 3762 572 αὐτοῖς

2201 600 2327 664 τοὺς
2352 602 2574 665 πιστοὺς
2601 601 2958 664 διατάττεται,
2981 603 3064 656 ὅτι
3091 603 3146 655 ἐν
3169 601 3386 671 ὀνόματι
3404 599 3496 653 τοῦ
3525 601 3762 670 Χριστου

2203 693 2565 763 παρέρχονται
2599 696 2678 756 είς
2707 695 2898 757 τοῦτο,
2929 693 3255 764 θαρροῦντες
3283 691 3480 761 δηλαδὴ
3513 691 3593 761 τῷ
3629 692 3766 762 Χρι-

2204 783 2334 854 στῷ,
2365 783 2396 854 ἦ
2427 784 2563 854 ὑπὲρ
2602 782 2696 836 τοῦ
2738 783 2996 853 ὀνόματος
3034 782 3125 836 τοῦ
3176 781 3408 853 Χριστοῦ
3451 780 3767 852 αἱρούμενοι

2201 873 2295 926 τὸν
2325 874 2542 942 ἀγῶνα,
2574 875 2622 926 εἰ
2649 873 2789 944 τάχα
2814 873 2908 926 καλ⁸
2935 870 2994 926 οὐ
3019 873 3159 927 κατά
3189 873 3285 944 τὴν
3307 874 3514 926 ἐκείνου
3547 873 3764 927 ποιοῦσι

2201 966 2564 1030 διδασκαλίαν,
2611 965 2950 1029 διδάσκοντος
2995 967 3164 1019 αἰτεῖν
3205 967 3278 1037 μὴ
3320 964 3760 1037 πειρασθῆναι,ἧ

2203 1057 2296 1110 καὶ
2327 1055 2633 1125 ἀγνοοῦσιν,
2663 1057 2742 1110 ὅτι
2762 1059 2790 1110 ὁ
2810 1056 3009 1129 Κύριος
3041 1056 3308 1128 ὑπεχώρει
3347 1057 3455 1108 ἀπὸ
3499 1056 3608 1109 τῶν
3637 1057 3763 1107 ἑπι-

2203 1148 2562 1203 6ουλευόντων
2596 1146 2744 1217 αὐτῷ
2765 1187 2780 1212 ,
2827 1148 2923 1201 καὶ
2965 1147 3110 1200 ἐστιν
3145 1149 3233 1200 ὅτε
3275 1148 3370 1201 καὶ
3401 1147 3462 1199 οὐ
3513 1145 3765 1217 φανερῶς

2203 1243 2542 1315 περιεπάτει,
2586 1240 2680 1294 καὶ
2712 1243 2795 1294 ὅτι
2830 1241 2952 1294 οὐδὲ
2996 1240 3184 1294 ἑαυτὸν
3229 1239 3506 1312 παρέδωκε
3543 1239 3763 1303 παθεῖν,

2203 1335 2338 1389 ἀλλὰ
2366 1333 2632 1405 παρεδόθη
2653 1349 2666 1364 ’
2705 1334 2795 1386 καὶ
2837 1336 2895 1412 ἐν
2924 1333 3003 1404 τῷ
3032 1331 3322 1386 διώκεσθαι
3362 1334 3487 1395 τούς
3517 1331 3768 1402 μαθητὰς

2203 1427 2388 1491 αὐτοῦ,
2423 1427 2699 1492 διετάξατο
2748 1425 2966 1494 φεύγειν
3012 1425 3089 1488 είς
3139 1423 3290 1478 πόλιν
3315 1427 3380 1478 ὲκ
3416 1425 3645 1488 πόλεως,
3673 1425 3768 1478 καὶ

2209 1520 2282 1592 μὴ
2312 1518 2627 1588 αὐτομολεῖν
2671 1516 2804 1588 πρὸς
2847 1519 2973 1579 τοὺς
3013 1514 3298 1578 κολαστὰς,
3347 1516 3432 1567 ἵνα
3483 1514 3557 1585 μὴ
3600 1515 3767 1567 αἴτιοι

2204 1613 2384 1675 αὐτοῖς
2431 1610 2664 1679 γίνοιντο
2715 1608 2972 1662 πλειόνων
3025 1607 3232 1677 φόνων,
3273 1606 3459 1679 ῶσπερ
3511 1605 3766 1678 παραθή-

2203 1721 2388 1775 γοντες
2415 1703 2611 1765 αὐτοὺς
2639 1702 2719 1764 είς
2753 1700 2849 1764 τὰς
2895 1697 3036 1753 κατά
3059 1698 3166 1752 τῶν
3207 1697 3442 1751 εὐσεϐῶν
3474 1695 3765 1767 τιμωρίας.

542 1786 610 1841 ad
641 1785 907 1857 supplicia
937 1785 1044 1853 piis
1095 1783 1408 1838 hominibus
1468 1782 1779 1852 irroganda.
1831 1779 2106 1851 Allertque

2215 1799 2316 1853 Καὶ
2342 1798 2466 1858 τοὺς
2507 1793 2834 1855 ἀποστόλους
2885 1790 3118 1862 παράγει
3169 1790 3246 1854 είς
3299 1788 3599 1858 ὑπόδειγμα
3620 1827 3636 1849 ,
3674 1787 3768 1839 τὸν

541 1880 912 1949 apostolorum
970 1878 1299 1946 exemplum,
1335 1874 1615 1946 Stephani,
1655 1873 1866 1940 Jacobi,
1913 1888 1978 1928 ac
2009 1889 2104 1929 su-

543 1987 850 2042 premorum
878 1969 1086 2024 ordinis
1118 1970 1199 2023 sui
1236 1983 1521 2037 procerum
1548 1966 1697 2022 Petri
1723 1973 1778 2020 et
1797 1964 1972 2020 Pauli.

1157 2058 1385 2116 CANON
1425 2057 1493 2112 Χ.

618 2172 637 2206 ι
680 2152 834 2209 Unde
866 2168 973 2209 non
1017 2161 1101 2207 est
1157 2166 1406 2221 acquum,
1448 2158 1507 2205 ut
1541 2150 1624 2204 vel
1668 2148 1850 2204 clerici
1879 2148 1971 2219 qui
2007 2163 2106 2204 sua

549 2267 567 2299 ι
617 2254 812 2317 sponte
835 2245 1181 2315 aufugerunt,
1216 2243 1354 2313 lapsi
1379 2251 1556 2297 autem
1591 2250 1644 2297 et
1681 2242 1927 2296 reluctati
1958 2249 2105 2306 sunt,

549 2357 568 2388 ι
615 2338 849 2407 amplius
874 2337 926 2390 in
957 2351 1115 2391 sacro
1154 2335 1456 2388 ministerio
1490 2340 1764 2398 maneant,
1803 2341 1853 2387 ut
1883 2333 1972 2402 qui
2002 2331 2108 2386 Do-

552 2449 571 2480 ι
621 2429 757 2483 mini
809 2444 1022 2498 gregem
1055 2427 1397 2496 reliquerint,
1420 2433 1474 2480 et
1499 2441 1556 2480 se
1582 2426 1730 2493 ipsos
1770 2426 2108 2495 vituperave-

551 2542 570 2575 ι
616 2522 758 2576 rint:
788 2521 931 2591 quod
960 2520 1145 2574 nullus
1173 2520 1299 2573 fecit
1327 2534 1396 2572 cx
1425 2519 1710 2589 apostolis.
1749 2517 1962 2572 Etenim
1981 2531 2104 2570 cum

551 2633 572 2667 ι
615 2617 816 2671 multas
866 2612 1273 2683 persecutiones
1329 2611 1577 2675 obiisset,
1609 2620 1663 2666 et
1707 2612 1879 2665 multa
1933 2617 2109 2664 certa-

553 2725 572 2758 ι
618 2705 824 2760 minum
850 2703 1070 2774 praemia
1089 2702 1424 2758 ostendisset
1451 2703 1644 2757 beatus
1671 2702 1948 2771 apostolus
1967 2700 2108 2756 Pati-

553 2815 572 2849 ι
620 2797 725 2860 lus,
759 2796 938 2851 sciens
972 2809 1094 2850 esse
1116 2794 1271 2865 longe
1292 2794 1487 2849 melius
1539 2794 1755 2848 dissolvi
1783 2803 1831 2848 et
1854 2809 1965 2846 esse
1991 2809 2108 2845 cum

552 2909 572 2941 ι
621 2887 833 2945 Christo
883 2902 933 2953 α,
967 2887 1129 2942 infert
1165 2895 1218 2941 et
1259 2887 1433 2941 dicit:
1473 2886 1540 2940 In
1567 2903 1724 2940 carne
1775 2895 1950 2940 autem
1995 2902 2110 2940 ma-

551 3000 572 3033 ι
619 2999 757 3043 nere,
794 2982 961 3052 magis
991 2981 1339 3034 necessarium
1359 2989 1574 3049 propter
1594 2996 1703 3034 vos.
1741 2980 2110 3040 Considerans

554 3091 572 3122 ι
614 3075 758 3126 enim
788 3087 895 3127 non
925 3087 1100 3137 suam,
1138 3071 1230 3126 sed
1256 3071 1548 3125 multorum
1581 3072 1890 3137 utilitatem,
1919 3081 1976 3128 ut
1997 3090 2111 3130 ser-

2206 1891 2472 1959 Στέφανον
2494 1929 2510 1953 ,
2555 1886 2644 1940 τὸν
2686 1883 2936 1938 ἰάκωΰον
2956 1923 2971 1946 ,
3005 1884 3099 1938 κα)⁸
3138 1880 3263 1945 τούς
3310 1878 3770 1953 κορυφαιοτάτους

2205 1983 2411 2054 Πέτρον
2437 1981 2531 2034 καὶ
2554 1977 2784 2032 Παῦλον.

2818 2067 3058 2122 ΚΑΝΩΝ
3095 2069 3152 2121 ι’.

2279 2184 2298 2218 ι
2336 2164 2494 2220 Ὅθεν
2517 2164 2592 2236 (ὅ)
2618 2165 2716 2218 οὐκ
2739 2162 2882 2216 ἔστιν
2911 2159 3125 2229 εὔλογον
3153 2157 3274 2212 οὐδὲ
3294 2158 3418 2222 τοὺς
3436 2154 3542 2212 ἀπὸ
3563 2154 3771 2228 κλήρου

2213 2276 2229 2308 ι
2267 2255 2754 2328 αὐτομολήσαντας,
2801 2252 3218 2314 ἐκπεπτωκότας
3247 2267 3304 2303 τε
3344 2249 3438 2302 καὶ
3469 2247 3772 2302 ἀναπαλαί-

2211 2365 2231 2401 ι
2271 2365 2489 2411 σαντας,
2518 2347 2596 2400 ἔτι
2634 2348 2690 2400 ἐν
2722 2348 2787 2416 τῇ
2832 2343 3138 2414 λειτουργίᾳ
3173 2338 3340 2404 εἶναι,
3377 2343 3470 2395 ἀτε
3500 2339 3565 2410 δὴ
3596 2357 3772 2392 κατα-

2211 2459 2230 2491 ι
2267 2438 2559 2509 λείψαντας
2591 2437 2649 2491 τὸ
2677 2437 2924 2508 ποίμνιον
2958 2434 3162 2505 Κυρίου
3197 2434 3290 2486 καὶ
3335 2432 3775 2503 μωμησαμένους

2213 2552 2230 2582 ι
2269 2531 2489 2593 ἑαυτούς
2507 2547 2520 2560 ⁸
2545 2533 2680 2614 ὅπερ
2699 2529 2869 2592 οὐδεὶς
2889 2527 2996 2580 τῶν
3017 2523 3322 2580 ἀποστόλων
3351 2523 3636 2595 πεποίηκε.
3660 2523 3774 2576 Καὶ

2215 2639 2233 2672 ι
2273 2620 2381 2692 γὰρ
2411 2624 2439 2674 ό
2469 2611 2691 2682 πολλοὺς
2731 2617 3001 2688 διωγμοὺς
3038 2611 3297 2682 ὲξανιῖσας
3341 2613 3436 2683 (6),
3489 2611 3662 2667 πολλά
3712 2629 3773 2664 τε

2215 2730 2232 2762 ι
2274 2708 2409 2765 ἆθλα
2435 2712 2824 2782 ἀγωνισμάτων
2854 2709 3240 2779 ἐνδειξάμενος,
3275 2710 3304 2760 ό
3336 2706 3600 2778 μακάριος
3633 2705 3777 2758 ἀπόα

2215 2825 2232 2858 ι
2271 2804 2519 2868 στολος⁸⁶
2559 2804 2798 2868 Παῦλος,
2843 2801 3095 2874 ἐγνωκώς
3125 2819 3184 2854 τε
3229 2800 3308 2853 ὅτι
3357 2797 3569 2852 κάλλιόν
3623 2797 3780 2848 ἐστιν

2216 2916 2235 2948 ι
2272 2895 2570 2950 ἀναλῦσαι
2614 2894 2707 2947 καὶ
2745 2893 2865 2946 σὺν
2907 2891 3134 2961 Χριστῷ
3166 2887 3340 2954 εἶναι,
3383 2887 3629 2957 ἐπιφέρει
3678 2885 3779 2936 καὶ

2217 3009 2234 3041 ι
2272 2990 2444 3058 λέγει’
2476 2988 2546 3042 Τὸ
2574 2987 2640 3040 δὲ
2667 2983 2953 3056 ἐπιμεῖναι
2991 2983 3063 3053 τῇ
3087 2983 3284 3050 σαρκὶ,
3313 2980 3781 3051 ἁινηγκαιότερογ

2219 3103 2236 3134 ι
2276 3082 2347 3135 δι’
2380 3081 2550 3152 ὑμᾶς.
2603 3078 2823 3132 Σκοπῶν
2855 3078 2962 3150 γὰρ
3010 3079 3069 3130 οὐ
3122 3075 3183 3128 τὸ
3227 3072 3416 3129 ἑαυτοῦ
3458 3070 3734 3140 συμφέρον
3759 3108 3778 3131 ,

553 3181 572 3212 ι
616 3169 833 3225 ventur,
867 3162 1040 3233 magis
1069 3177 1232 3232 quam
1257 3176 1412 3216 suam
1444 3163 1703 3232 quietem,
1735 3171 2108 3220 necessarium

2219 3191 2237 3224 ι
2276 3171 2410 3224 ἀλλὰ
2443 3172 2505 3224 τὸ
2533 3170 2639 3223 τῶν
2678 3168 2886 3222 πολλῶν
2931 3168 3018 3220 ἴνα
3049 3164 3288 3219 σωθῶσιν
3308 3204 3322 3228 ,
3353 3160 3780 3230 ἀναγκαιότερον

555 3272 574 3304 ι
621 3254 972 3319 existimavit,
1005 3254 1144 3324 apud
1176 3253 1373 3310 fratres
1431 3270 1668 3316 manere,
1711 3265 1765 3309 et
1799 3271 1986 3311 eorum
2014 3274 2111 3311 cu-

555 3365 574 3398 ι
621 3361 734 3400 ram
765 3363 970 3418 gerere.
997 3346 1099 3414 Qui
1139 3349 1300 3402 etiam
1328 3347 1445 3400 vult
1493 3361 1616 3402 eum
1647 3350 1738 3418 qui
1762 3347 1939 3412 docet,
1990 3363 2113 3406 csse

558 3457 576 3488 ι
625 3441 681 3493 in
714 3438 955 3493 doctrina
1000 3439 1292 3508 exemplum
1327 3438 1355 3478 δ
1390 3438 1658 3493 fidelibus.
1707 3437 1861 3494 Unde
1912 3444 2004 3509 qui
2057 3441 2112 3494 in

557 3549 577 3582 ι
626 3545 848 3586 carcere
871 3521 1282 3594 contendentes,
1308 3545 1337 3583 a
1366 3530 1671 3586 ministerio
1694 3531 2030 3590 exciderunt.
2060 3539 2114 3586 et

557 3644 577 3676 ι
619 3625 865 3680 reluctati
897 3634 1042 3690 sunt,
1073 3641 1269 3680 sensus
1300 3624 1458 3693 plane
1491 3632 1619 3680 sunt
1668 3633 1939 3694 expertes.
1969 3624 2116 3690 Quo-

559 3731 580 3769 ι
623 3713 786 3768 modo
808 3713 952 3768 enim
987 3721 1176 3782 petunt
1227 3712 1372 3783 quod
1417 3713 1772 3784 reliquerunt,
1812 3729 1935 3768 cum
1970 3716 2022 3768 in
2053 3730 2114 3769 ea

559 3823 579 3858 ι
627 3811 946 3873 tempestate
993 3819 1115 3858 esse
1163 3810 1386 3872 possent
1434 3801 1697 3858 fratribus
1749 3803 1863 3860 suis
1905 3805 2118 3859 utiles?

561 3911 580 3945 ι
625 3889 878 3960 Quandiu
905 3891 1088 3962 itaque
1112 3891 1251 3945 ﬁrmi
1286 3891 1620 3960 stabilesque
1646 3891 2117 3958 manserunt,ejus

562 4004 581 4038 ι
630 3985 776 4057 quod
801 3992 994 4056 praeter
1017 3984 1285 4037 rationem
1318 3983 1580 4042 fecerant.
1599 3984 1680 4039 eis
1693 3985 1847 4040 venia
1867 3984 2115 4039 dabatur.

562 4097 582 4131 ι
629 4077 861 4146 Quando
904 4083 1085 4131 autem
1137 4074 1275 4144 lapsi
1314 4084 1462 4139 sunt,
1499 4077 1680 4145 utqui
1731 4092 2012 4147 perperam
2060 4091 2120 4132 se

563 4191 582 4223 ι
634 4175 921 4240 gesserunt
943 4174 996 4222 et
1019 4181 1078 4222 se
1099 4167 1248 4236 ipsos
1269 4165 1736 4236 vituperaverunt,
1766 4184 1871 4222 non
1891 4179 2120 4239 possunt

563 4281 584 4314 ι
628 4261 863 4331 amplius
883 4274 1037 4314 sacra
1061 4258 1365 4313 ministeria
1393 4259 1566 4314 obire.
1601 4257 1663 4312 Et
1682 4258 1805 4314 ideo
1829 4260 2000 4329 magis
2025 4277 2121 4316 cn—

563 4370 584 4404 ι
631 4365 748 4409 ram
780 4357 988 4421 gerant,
1021 4348 1292 4418 quomodo
1323 4348 1377 4402 in
1407 4348 1714 4405 humilitate
1759 4350 1923 4404 vitam
1965 4367 2122 4420 pera-

565 4463 585 4498 ι
630 4451 760 4516 gant
788 4459 818 4498 a
849 4443 1192 4513 vana‘gloria
1250 4449 1551 4498 cessantes.
1595 4444 1688 4498 Eis
1735 4444 1878 4499 enim
1918 4445 2116 4499 sullicit

567 4557 586 4589 ι
629 4536 962 4602 communio,
978 4550 1098 4606 quae
1129 4534 1421 4605 diligenter
1448 4543 1503 4590 et
1531 4544 1784 4591 accurate
1817 4535 1874 4589 fit
1906 4535 2120 4593 duabus

566 4648 588 4684 ι
634 4631 702 4686 de
723 4631 907 4685 causis
927 4669 942 4694 ,
989 4636 1103 4683 tum
1127 4643 1195 4682 ne
1225 4627 1513 4682 videantur
1534 4627 1780 4682 molestia
1805 4627 1964 4692 adici,
1995 4628 2123 4684 hinc

570 4743 588 4776 ι
636 4723 1052 4779 dissolutionem
1071 4721 1125 4776 vi
1157 4720 1520 4790 arripientes:
1557 4726 1670 4774 tum
1700 4736 1769 4776 ne
1791 4721 1928 4792 lapsi
1957 4723 2122 4792 aliqui

569 4833 593 4869 ι
633 4821 928 4870 causentur
943 4829 1002 4869 se
1026 4821 1248 4884 propter
1273 4826 1448 4882 pmnre
1475 4813 1821 4868 occasionem
1851 4813 2020 4870 fuisse
2045 4830 2127 4870 re-

567 4926 593 4964 ι
631 4910 866 4965 missos:
901 4906 1006 4973 Qui
1049 4905 1266 4978 quidem
1301 4905 1588 4976 plusquam
1619 4921 1809 4962 omnes
1863 4907 2123 4977 probrum

635 5079 664 5109 ι
693 5065 928 5135 Philipp.
968 5079 1009 5132 ι,
1041 5062 1133 5128 25,
1165 5060 1254 5116 24.
1331 5061 1360 5101 ιι
1389 5060 1498 5115 Tit.
1525 5075 1586 5125 ιι,
1623 5059 1673 5113 7.

2218 3281 2236 3314 ι
2274 3263 2371 3334 τῆς
2418 3261 2608 3316 ἑαυτοῦ
2659 3259 3013 3320 ἀναπαύσεως
3059 3256 3299 3328 ἡγήσατο
3337 3253 3395 3306 τὸ
3441 3249 3784 3324 παραμένειν

2218 3371 2236 3405 ι
2276 3356 2389 3416 τοῖς
2415 3352 2658 3422 ἀδελφοῖς
2685 3352 2777 3405 καὶ
2808 3348 3179 3422 ἐπιμελεῖσθαι
3205 3345 3400 3400 αὐτῶν.
3441 3346 3536 3408 Ὃς
3567 3343 3662 3396 καὶ
3684 3342 3783 3393 τὸν

2219 3465 2235 3495 ι
2271 3445 2586 3498 διδάσκοντα
2629 3443 2768 3498 θέλει
2802 3440 2936 3498 εἶναι
2981 3443 3051 3495 ἐν
3090 3438 3163 3509 τῇ
3195 3438 3550 3504 διδασκαλίᾳ
3582 3439 3785 3490 τύπον·

2219 3557 2236 3588 ι
2274 3536 2554 3608 γινόμενον
2579 3537 2685 3590 τῶν
2715 3536 2935 3590 πιστῶν.
2963 3535 3126 3589 Ὅθεν
3162 3535 3209 3587 οἱ
3245 3535 3302 3584 ὲν
3329 3535 3396 3603 τῇ
3437 3532 3626 3601 εἱρκτῇ
3658 3531 3784 3581 Em-

2221 3649 2238 3680 ι
2277 3627 2615 3700 δικαζόμενοι
2661 3628 2760 3698 τῆς
2806 3626 3142 3699 λειτουργίας
3193 3622 3634 3684 ἐκπεπτωκότες,
3683 3622 3787 3674 καὶ

2223 3741 2240 3774 ι
2281 3722 2781 3784 ἀναπαλαίσαντες,
2839 3720 2978 3772 πάνυ
3037 3715 3434 3788 ἀναισθητοῦσι.
3497 3713 3624 3776 Πῶς
3669 3715 3786 3785 γὰρ

2223 3835 2240 3867 ι
2276 3814 2513 3870 αἰτοῦσιν
2557 3814 2585 3867 ὃ
2635 3811 2990 3881 κατέλειψαν,
3037 3811 3320 3881 δυνάμενοι
3362 3809 3473 3871 τοῖς
3531 3806 3788 3876 ἀδελφοῖς

2222 3925 2240 3958 ι
2279 3906 2562 3978 εῡχρηστοι
2595 3902 2729 3959 εῖναι
2780 3907 2836 3957 ὲν
2879 3903 3056 3976 καιρῷ
3093 3901 3344 3974 τοιούτῳ;
3380 3901 3520 3962 Ἕως
3555 3897 3656 3968 μὲν
3684 3892 3787 3951 οὖν

2224 4015 2242 4046 ι
2281 3995 2565 4049 ἄπταιστοι
2589 3990 2755 4066 ἦσαν,
2804 3992 3126 4062 συγγνώμην
3167 3987 3306 4062 εἶχον
3352 3988 3444 4042 ἐπὶ
3491 3990 3557 4060 τῇ
3600 4005 3789 4059 παρα-

2225 4107 2242 4137 ι
2279 4087 2421 4157 λόγῳ
2456 4087 2498 4118 ³⁵
2532 4084 2709 4139 αὐτῶν
2759 4084 2985 4156 πράξει·
3043 4085 3131 4137 ὅτε
3170 4081 3224 4135 δὲ
3267 4082 3563 4144 ἔπταισαν,
3591 4079 3669 4143 ὡς
3715 4079 3790 4133 ἂν

2224 4196 2243 4228 ‹
2282 4177 2777 4248 περπερευσάμενοι
2799 4177 2890 4229 καὶ
2914 4176 3135 4237 ἑαυτοὺς
3159 4173 3568 4245 μωμησάμενοι,
3595 4172 3791 4224 οὐκέτι

2226 4287 2243 4318 ι
2282 4267 2532 4321 δύνανται
2575 4266 2922 4338 λειτουργεῖν.
2975 4265 3065 4318 Διὸ
3103 4262 3529 4336 φροντιζέτωσαν
3580 4261 3793 4332 μᾶλλον

2227 4376 2246 4410 ι
2286 4359 2343 4412 ὲν
2382 4357 2863 4430 ταπεινοφροσύνῃ,
2896 4355 3011 4418 πῶς
3051 4353 3386 4408 ἐκτελὲσουσι
3443 4352 3794 4421 παυσάμενοι

2229 4469 2247 4500 ι
2286 4449 2384 4520 τῆς
2442 4449 2761 4515 κενοδοξίας.
2816 4450 2998 4520 Ἀρκεῖ
3057 4447 3164 4518 γάρ
3210 4445 3389 4507 αὐτοῖς
3449 4446 3480 4514 ἡ
3529 4443 3794 4497 κοινωνία

2229 4561 2246 4592 ι
2293 4542 2408 4613 μετ’
2429 4542 2762 4606 ἐπιστάσεως
2785 4541 2829 4572 ³⁸
2846 4541 2936 4594 καὶ
2955 4538 3232 4610 ἀκριϐείας
3250 4537 3384 4608 πρὸς
3408 4535 3696 4606 ἀμφότερα
3723 4537 3795 4568 ³⁸⁸

2228 4651 2248 4686 ι
2288 4633 2563 4704 γινομένη,
2597 4634 2690 4686 καὶ
2736 4635 2822 4686 ἵνα
2854 4631 2926 4704 μὴ
2966 4629 3157 4697 δόξωσι
3185 4626 3462 4682 λυπεῖσθαι
3495 4627 3635 4696 μετὰ
3671 4625 3797 4696 βίας

2231 4747 2249 4778 ι
2287 4726 2766 4800 περιδρασσὸμενοι
2798 4726 2896 4795 τῆς
2943 4723 3190 4778 ἐντεῦθεν
3223 4720 3532 4781 ἀναλύσεως
3561 4718 3661 4788 (7),
3697 4721 3799 4771 καὶ

2233 4837 2250 4869 ι
2292 4819 2378 4873 ἵνα
2405 4820 2477 4890 μή
2503 4834 2646 4881 τινες
2682 4816 3019 4880 ἐκπεσόντες,
3050 4814 3483 4887 προφασίζωνται
3505 4813 3549 4844 ε’
3570 4811 3728 4865 ὡσάν
3754 4812 3801 4844 ³³

2231 4930 2250 4962 ι
2287 4910 2376 4965 διὰ
2424 4911 2521 4982 τὴν
2567 4909 2817 4982 ἀφορμὴν
2860 4911 2959 4982 τῆς
3005 4908 3281 4981 ἐπιτιμίας
3325 4904 3798 4978 ὐπεκλελυμὲνοιο

1855 5193 2086 5249 νΑιιυΕ
2119 5191 2409 5250 LECTION
2415 5192 2517 5250 ES.

638 5337 684 5370 ³⁵
705 5335 853 5392 deest
878 5334 1186 5399 ἀπόστολος,
1221 5334 1266 5366 ³⁵
1295 5332 1446 5402 παρά
1465 5329 1642 5401 λόγον.
1718 5331 1762 5363 ⁸⁸
1797 5331 2116 5396 ὲπιτάσεως.
2191 5320 2260 5363 ’δ”
2286 5333 2613 5405 ἀμφότερον.
2691 5334 2734 5366 ³⁷
2763 5336 3222 5406 προφασίσωνται.
3295 5336 3339 5368 ³³
3365 5336 3456 5400 ὡς.

639 5528 717 5611 (δξ
748 5527 937 5611 "0281;,
966 5538 1099 5611 κ;.τἔ
1209 5610 1212 5611 ν
1235 5520 1720 5611 (.Zonflerfumdiis‘
1761 5526 2128 5611 narratione?

572 5588 854 5669 Ερῖιιιιοηὶἰ
882 5588 951 5652 de
993 5593 1310 5658 Meletianis,
1370 5593 1500 5648 haer.
1557 5606 1746 5655 vam,
1795 5607 1850 5642 n.
1914 5588 1950 5642 (Ξ
1993 5597 2047 5644 et
2073 5588 2127 5643 5.

573 5668 1114 5802 Ηγὲἶυὲἓὲανύσας.
1147 5731 1247 5788 Ms.
1277 5733 1399 5788 cod.
1429 5729 1568 5789 Nan.
1599 5730 1944 5798 ὲξαντλήσας.

2307 5517 2381 5589 (7)
2442 5517 2556 5587 Τῆς
2581 5518 2858 5574 ἐντεῦθεν
2889 5521 3064 5574 ἀνάλ.
3119 5517 3359 5589 Zonaras
3405 5524 3460 5568 et
3505 5511 3802 5589 Baisamon

2234 5583 2657 5646 videnturiiunc
2681 5591 2856 5644 locum
2884 5605 3163 5660 perperam
3197 5585 3564 5660 interpretari,
3613 5589 3672 5638 et
3699 5583 3804 5654 τὴν

2236 5660 2482 5714 ἐντεῦθεν
2507 5661 2762 5714 ἀνάλυσιν
2787 5661 2853 5717 de
2884 5654 3054 5716 morte
3079 5660 3340 5728 accipere.
3364 5654 3633 5710 Humum.
