  <div class='ocr_page' id='page_1' title='image "/cluster/home/n/w/nwhite01/storage/ocr_20150623/18/hvd.32044073501215/252.png"; bbox 0 0 3980 6318; ppageno 0'>
   <div class='ocr_carea' id='block_1_1' title="bbox 155 240 311 331">
    <p class='ocr_par' dir='ltr' id='par_1_1' title="bbox 155 240 311 331">
     <span class='ocr_line' id='line_1_1' title="bbox 155 240 311 331; baseline 0.026 -4"><span class='ocrx_word' id='word_1_1' title='bbox 155 240 311 331; x_wconf 68' lang='grc'><strong>’489</strong></span> 
     </span>
    </p>
   </div>
   <div class='ocr_carea' id='block_1_2' title="bbox 1432 280 2169 342">
    <p class='ocr_par' dir='ltr' id='par_1_2' title="bbox 1432 280 2169 342">
     <span class='ocr_line' id='line_1_2' title="bbox 1432 280 2169 342; baseline 0.012 -9"><span class='ocrx_word' id='word_1_2' title='bbox 1432 280 1768 336; x_wconf 71' lang='grc' dir='ltr'>εΡιδτοιΑ</span> <span class='ocrx_word' id='word_1_3' title='bbox 1805 282 2169 342; x_wconf 76' lang='lat' dir='ltr'><strong>CANONICA.</strong></span> 
     </span>
    </p>
   </div>
   <div class='ocr_carea' id='block_1_3' title="bbox 3321 299 3425 353">
    <p class='ocr_par' dir='ltr' id='par_1_3' title="bbox 3321 299 3425 353">
     <span class='ocr_line' id='line_1_3' title="bbox 3321 299 3425 353; baseline 0.019 -2"><span class='ocrx_word' id='word_1_4' title='bbox 3321 299 3425 353; x_wconf 66' lang='lat'><strong>490</strong></span> 
     </span>
    </p>
   </div>
   <div class='ocr_carea' id='block_1_4' title="bbox 210 386 1765 474">
    <p class='ocr_par' dir='ltr' id='par_1_4' title="bbox 210 386 1763 462">
     <span class='ocr_line' id='line_1_4' title="bbox 210 386 1763 462; baseline 0.006 -24"><span class='ocrx_word' id='word_1_5' title='bbox 210 404 228 437; x_wconf 84' lang='grc' dir='ltr'><strong>ι</strong></span> <span class='ocrx_word' id='word_1_6' title='bbox 266 386 462 451; x_wconf 72' lang='grc' dir='ltr'>οἵτινες</span> <span class='ocrx_word' id='word_1_7' title='bbox 487 387 646 442; x_wconf 83' lang='grc' dir='ltr'>πλέον</span> <span class='ocrx_word' id='word_1_8' title='bbox 673 389 930 444; x_wconf 79' lang='grc' dir='ltr'>ἁπάντων</span> <span class='ocrx_word' id='word_1_9' title='bbox 947 390 1209 462; x_wconf 69' lang='grc' dir='ltr'>αἰσχύνην</span> <span class='ocrx_word' id='word_1_10' title='bbox 1232 393 1323 445; x_wconf 71' lang='grc' dir='ltr'>καὶ</span> <span class='ocrx_word' id='word_1_11' title='bbox 1352 391 1547 456; x_wconf 76' lang='grc' dir='ltr'>ὄνειδος</span> <span class='ocrx_word' id='word_1_12' title='bbox 1565 394 1763 460; x_wconf 71' lang='grc' dir='ltr'>ἕξουσι,</span> 
     </span>
    </p>
   </div>
   <div class='ocr_carea' id='block_1_5' title="bbox 1866 386 3425 474">
    <p class='ocr_par' dir='ltr' id='par_1_5' title="bbox 1873 395 3425 474">
     <span class='ocr_line' id='line_1_5' title="bbox 1873 395 3425 474; baseline 0.012 -28"><span class='ocrx_word' id='word_1_13' title='bbox 1873 413 1893 446; x_wconf 74' lang='grc' dir='ltr'><strong>ι</strong></span> <span class='ocrx_word' id='word_1_14' title='bbox 1936 402 1989 451; x_wconf 90' lang='lat' dir='ltr'><strong>et</strong></span> <span class='ocrx_word' id='word_1_15' title='bbox 2013 395 2366 468; x_wconf 78' lang='lat' dir='ltr'><strong>ignominiam</strong></span> <span class='ocrx_word' id='word_1_16' title='bbox 2384 396 2658 458; x_wconf 86' lang='lat' dir='ltr'><strong>habebunt</strong></span> <span class='ocrx_word' id='word_1_17' title='bbox 2673 422 2689 463; x_wconf 86' lang='lat'>:</span> <span class='ocrx_word' id='word_1_18' title='bbox 2706 402 2851 460; x_wconf 81' lang='lat' dir='ltr'><strong>sicut</strong></span> <span class='ocrx_word' id='word_1_19' title='bbox 2865 403 2955 461; x_wconf 89' lang='lat' dir='ltr'><strong>ille</strong></span> <span class='ocrx_word' id='word_1_20' title='bbox 2985 406 3082 474; x_wconf 84' lang='lat' dir='ltr'><strong>qui</strong></span> <span class='ocrx_word' id='word_1_21' title='bbox 3106 404 3425 464; x_wconf 79' lang='lat' dir='ltr'><strong>fundamen-</strong></span> 
     </span>
    </p>
   </div>
   <div class='ocr_carea' id='block_1_6' title="bbox 208 476 1766 557">
    <p class='ocr_par' dir='ltr' id='par_1_6' title="bbox 208 476 1766 557">
     <span class='ocr_line' id='line_1_6' title="bbox 208 476 1766 557; baseline 0.01 -32"><span class='ocrx_word' id='word_1_22' title='bbox 208 495 226 525; x_wconf 74' lang='grc' dir='ltr'><strong>ι</strong></span> <span class='ocrx_word' id='word_1_23' title='bbox 264 478 385 528; x_wconf 77' lang='grc' dir='ltr'>κατ’</span> <span class='ocrx_word' id='word_1_24' title='bbox 420 479 627 532; x_wconf 79' lang='grc' dir='ltr'>ἐκεῖνον</span> <span class='ocrx_word' id='word_1_25' title='bbox 659 476 749 533; x_wconf 75' lang='grc' dir='ltr'><strong>τὸν</strong></span> <span class='ocrx_word' id='word_1_26' title='bbox 783 481 1063 537; x_wconf 83' lang='grc' dir='ltr'>τεθεικότα</span> <span class='ocrx_word' id='word_1_27' title='bbox 1088 479 1351 554; x_wconf 76' lang='grc' dir='ltr'><strong>θεμέλιον,</strong></span> <span class='ocrx_word' id='word_1_28' title='bbox 1379 484 1471 537; x_wconf 80' lang='grc' dir='ltr'>καὶ</span> <span class='ocrx_word' id='word_1_29' title='bbox 1514 484 1586 557; x_wconf 82' lang='grc' dir='ltr'><strong>μὴ</strong></span> <span class='ocrx_word' id='word_1_30' title='bbox 1618 486 1766 557; x_wconf 78' lang='grc' dir='ltr'>ἰσχύ-</span> 
     </span>
    </p>
   </div>
   <div class='ocr_carea' id='block_1_7' title="bbox 207 573 1768 649">
    <p class='ocr_par' dir='ltr' id='par_1_7' title="bbox 207 573 1768 649">
     <span class='ocr_line' id='line_1_7' title="bbox 207 573 1768 649; baseline 0.009 -28"><span class='ocrx_word' id='word_1_31' title='bbox 207 586 224 620; x_wconf 79' lang='grc' dir='ltr'><strong>ι</strong></span> <span class='ocrx_word' id='word_1_32' title='bbox 260 586 435 624; x_wconf 90' lang='grc' dir='ltr'>σαντα</span> <span class='ocrx_word' id='word_1_33' title='bbox 479 573 782 628; x_wconf 82' lang='grc' dir='ltr'>ἐκτελέσαι·</span> <span class='ocrx_word' id='word_1_34' title='bbox 815 575 1127 644; x_wconf 75' lang='grc' dir='ltr'>Ἀρξοντιιι</span> <span class='ocrx_word' id='word_1_35' title='bbox 1154 577 1280 648; x_wconf 80' lang='grc' dir='ltr'>γὰρ,</span> <span class='ocrx_word' id='word_1_36' title='bbox 1322 579 1514 649; x_wconf 76' lang='grc' dir='ltr'>φησὶν,</span> <span class='ocrx_word' id='word_1_37' title='bbox 1548 579 1768 647; x_wconf 79' lang='grc' dir='ltr'>πάντες</span> 
     </span>
    </p>
   </div>
   <div class='ocr_carea' id='block_1_8' title="bbox 205 666 1763 744">
    <p class='ocr_par' dir='ltr' id='par_1_8' title="bbox 205 666 1763 744">
     <span class='ocr_line' id='line_1_8' title="bbox 205 666 1763 744; baseline 0.012 -33"><span class='ocrx_word' id='word_1_38' title='bbox 205 681 224 713; x_wconf 76' lang='grc' dir='ltr'><strong>ι</strong></span> <span class='ocrx_word' id='word_1_39' title='bbox 259 667 314 716; x_wconf 79' lang='grc' dir='ltr'>οι</span> <span class='ocrx_word' id='word_1_40' title='bbox 344 666 897 737; x_wconf 70' lang='grc' dir='ltr'><strong>παραπορευόμενοι</strong></span> <span class='ocrx_word' id='word_1_41' title='bbox 926 670 1223 739; x_wconf 72' lang='grc' dir='ltr'><strong>ἐμπαίζειν</strong></span> <span class='ocrx_word' id='word_1_42' title='bbox 1239 672 1441 738; x_wconf 80' lang='grc' dir='ltr'>αὐτὸν,</span> <span class='ocrx_word' id='word_1_43' title='bbox 1466 674 1763 744; x_wconf 55' lang='grc' dir='ltr'>λέγοντες</span> 
     </span>
    </p>
   </div>
   <div class='ocr_carea' id='block_1_9' title="bbox 203 751 1767 833">
    <p class='ocr_par' dir='ltr' id='par_1_9' title="bbox 203 751 1767 833">
     <span class='ocr_line' id='line_1_9' title="bbox 203 751 1767 833; baseline 0.012 -30"><span class='ocrx_word' id='word_1_44' title='bbox 203 772 223 803; x_wconf 74' lang='grc' dir='ltr'><strong>ι</strong></span> <span class='ocrx_word' id='word_1_45' title='bbox 261 751 513 822; x_wconf 73' lang='grc' dir='ltr'>οὗτοςό</span> <span class='ocrx_word' id='word_1_46' title='bbox 537 758 844 826; x_wconf 80' lang='grc' dir='ltr'>ἄνθρωπος</span> <span class='ocrx_word' id='word_1_47' title='bbox 891 761 1166 830; x_wconf 81' lang='grc' dir='ltr'><strong>θεμέλιον</strong></span> <span class='ocrx_word' id='word_1_48' title='bbox 1205 764 1383 833; x_wconf 74' lang='grc' dir='ltr'>ἔθηκε</span> <span class='ocrx_word' id='word_1_49' title='bbox 1422 765 1487 831; x_wconf 77' lang='grc'><strong>³⁸,</strong></span> <span class='ocrx_word' id='word_1_50' title='bbox 1530 767 1624 820; x_wconf 78' lang='grc' dir='ltr'>καὶ</span> <span class='ocrx_word' id='word_1_51' title='bbox 1656 769 1767 822; x_wconf 81' lang='grc' dir='ltr'><strong>οὐκ</strong></span> 
     </span>
    </p>
   </div>
   <div class='ocr_carea' id='block_1_10' title="bbox 203 846 941 915">
    <p class='ocr_par' dir='ltr' id='par_1_10' title="bbox 203 846 941 915">
     <span class='ocr_line' id='line_1_10' title="bbox 203 846 941 915; baseline 0.012 -18"><span class='ocrx_word' id='word_1_52' title='bbox 203 862 225 897; x_wconf 72' lang='grc' dir='ltr'>ο</span> <span class='ocrx_word' id='word_1_53' title='bbox 264 846 534 915; x_wconf 74' lang='grc' dir='ltr'>ἴσχυσεν</span> <span class='ocrx_word' id='word_1_54' title='bbox 559 849 888 906; x_wconf 72' lang='grc' dir='ltr'><strong>ἐκτελέσαι.</strong></span> <span class='ocrx_word' id='word_1_55' title='bbox 924 872 941 905; x_wconf 76' lang='grc' dir='ltr'><strong>ι</strong></span> 
     </span>
    </p>
   </div>
   <div class='ocr_carea' id='block_1_11' title="bbox 266 936 1770 1022">
    <p class='ocr_par' dir='ltr' id='par_1_11' title="bbox 266 936 1770 1022">
     <span class='ocr_line' id='line_1_11' title="bbox 266 936 1770 1022; baseline 0.011 -34"><span class='ocrx_word' id='word_1_56' title='bbox 266 936 469 991; x_wconf 76' lang='grc' dir='ltr'>ΒΔΛΣ.</span> <span class='ocrx_word' id='word_1_57' title='bbox 514 940 649 1010; x_wconf 82' lang='grc' dir='ltr'>Περὶ</span> <span class='ocrx_word' id='word_1_58' title='bbox 694 943 1173 1016; x_wconf 83' lang='grc' dir='ltr'><strong>αὐτομολησάντων</strong></span> <span class='ocrx_word' id='word_1_59' title='bbox 1205 951 1283 1014; x_wconf 78' lang='grc' dir='ltr'><strong>εἰς</strong></span> <span class='ocrx_word' id='word_1_60' title='bbox 1319 951 1409 1005; x_wconf 80' lang='grc' dir='ltr'><strong>τὸν</strong></span> <span class='ocrx_word' id='word_1_61' title='bbox 1441 950 1534 1004; x_wconf 89' lang='grc' dir='ltr'><strong>τοῦ</strong></span> <span class='ocrx_word' id='word_1_62' title='bbox 1568 969 1770 1022; x_wconf 84' lang='grc' dir='ltr'>μαρτυ-</span> 
     </span>
    </p>
   </div>
   <div class='ocr_carea' id='block_1_12' title="bbox 197 1028 1767 1117">
    <p class='ocr_par' dir='ltr' id='par_1_12' title="bbox 197 1028 1767 1117">
     <span class='ocr_line' id='line_1_12' title="bbox 197 1028 1767 1117; baseline 0.012 -36"><span class='ocrx_word' id='word_1_63' title='bbox 197 1028 320 1101; x_wconf 64' lang='grc' dir='ltr'>ρίου</span> <span class='ocrx_word' id='word_1_64' title='bbox 347 1032 541 1098; x_wconf 85' lang='grc' dir='ltr'>ἀγῶνα</span> <span class='ocrx_word' id='word_1_65' title='bbox 565 1032 862 1105; x_wconf 72' lang='grc' dir='ltr'>διαλεχθεὶς</span> <span class='ocrx_word' id='word_1_66' title='bbox 892 1041 920 1090; x_wconf 86' lang='grc' dir='ltr'><strong>ό</strong></span> <span class='ocrx_word' id='word_1_67' title='bbox 949 1040 1158 1112; x_wconf 85' lang='grc' dir='ltr'>Πατὴρ,</span> <span class='ocrx_word' id='word_1_68' title='bbox 1195 1041 1288 1097; x_wconf 86' lang='grc' dir='ltr'>νῦν</span> <span class='ocrx_word' id='word_1_69' title='bbox 1327 1045 1420 1097; x_wconf 74' lang='grc' dir='ltr'><strong>καὶ</strong></span> <span class='ocrx_word' id='word_1_70' title='bbox 1463 1046 1589 1116; x_wconf 77' lang='grc' dir='ltr'>περὶ</span> <span class='ocrx_word' id='word_1_71' title='bbox 1635 1046 1767 1117; x_wconf 86' lang='grc' dir='ltr'>κλη-</span> 
     </span>
    </p>
   </div>
   <div class='ocr_carea' id='block_1_13' title="bbox 197 1122 1769 1209">
    <p class='ocr_par' dir='ltr' id='par_1_13' title="bbox 197 1122 1769 1209">
     <span class='ocr_line' id='line_1_13' title="bbox 197 1122 1769 1209; baseline 0.013 -37"><span class='ocrx_word' id='word_1_72' title='bbox 197 1122 373 1192; x_wconf 81' lang='grc' dir='ltr'>ρικῶν</span> <span class='ocrx_word' id='word_1_73' title='bbox 400 1124 655 1177; x_wconf 74' lang='grc' dir='ltr'><strong>τοιούτων</strong></span> <span class='ocrx_word' id='word_1_74' title='bbox 682 1127 772 1180; x_wconf 85' lang='grc' dir='ltr'><strong>τὸν</strong></span> <span class='ocrx_word' id='word_1_75' title='bbox 798 1127 953 1197; x_wconf 89' lang='grc' dir='ltr'>λόγον</span> <span class='ocrx_word' id='word_1_76' title='bbox 980 1137 1234 1186; x_wconf 84' lang='grc' dir='ltr'>ποιεῖται·</span> <span class='ocrx_word' id='word_1_77' title='bbox 1268 1136 1361 1191; x_wconf 84' lang='grc' dir='ltr'><strong>καί</strong></span> <span class='ocrx_word' id='word_1_78' title='bbox 1391 1154 1571 1209; x_wconf 80' lang='grc' dir='ltr'>φησιν,</span> <span class='ocrx_word' id='word_1_79' title='bbox 1597 1140 1691 1206; x_wconf 88' lang='grc' dir='ltr'>ὼς,</span> <span class='ocrx_word' id='word_1_80' title='bbox 1722 1142 1769 1194; x_wconf 81' lang='grc' dir='ltr'><strong>εί</strong></span> 
     </span>
    </p>
   </div>
   <div class='ocr_carea' id='block_1_14' title="bbox 196 1211 1770 1303">
    <p class='ocr_par' dir='ltr' id='par_1_14' title="bbox 196 1211 1770 1303">
     <span class='ocr_line' id='line_1_14' title="bbox 196 1211 1770 1303; baseline 0.015 -40"><span class='ocrx_word' id='word_1_81' title='bbox 196 1211 464 1303; x_wconf 74' lang='grc' dir='ltr'>κληρικὸς</span> <span class='ocrx_word' id='word_1_82' title='bbox 481 1216 873 1287; x_wconf 74' lang='grc' dir='ltr'><strong>ηὐτομόλησεν,</strong></span> <span class='ocrx_word' id='word_1_83' title='bbox 904 1217 1021 1277; x_wconf 78' lang='grc' dir='ltr'>εἶτα</span> <span class='ocrx_word' id='word_1_84' title='bbox 1047 1224 1118 1297; x_wconf 80' lang='grc' dir='ltr'><strong>μὴ</strong></span> <span class='ocrx_word' id='word_1_85' title='bbox 1147 1227 1351 1295; x_wconf 88' lang='grc' dir='ltr'>στέγων</span> <span class='ocrx_word' id='word_1_86' title='bbox 1378 1229 1475 1293; x_wconf 82' lang='grc' dir='ltr'>τὰς</span> <span class='ocrx_word' id='word_1_87' title='bbox 1504 1233 1770 1303; x_wconf 79' lang='grc' dir='ltr'><strong>τιμωρίας</strong></span> 
     </span>
    </p>
   </div>
   <div class='ocr_carea' id='block_1_15' title="bbox 194 1302 1770 1388">
    <p class='ocr_par' dir='ltr' id='par_1_15' title="bbox 194 1302 1770 1388">
     <span class='ocr_line' id='line_1_15' title="bbox 194 1302 1770 1388; baseline 0.014 -34"><span class='ocrx_word' id='word_1_88' title='bbox 194 1302 549 1369; x_wconf 69' lang='grc' dir='ltr'>ἔκπέπτωκε,</span> <span class='ocrx_word' id='word_1_89' title='bbox 580 1308 674 1360; x_wconf 74' lang='grc' dir='ltr'><strong>καὶ</strong></span> <span class='ocrx_word' id='word_1_90' title='bbox 704 1306 858 1372; x_wconf 70' lang='grc' dir='ltr'>αὖθις</span> <span class='ocrx_word' id='word_1_91' title='bbox 898 1313 975 1376; x_wconf 78' lang='grc' dir='ltr'>εἰς</span> <span class='ocrx_word' id='word_1_92' title='bbox 1012 1314 1202 1369; x_wconf 78' lang='grc' dir='ltr'>ἑαυτὸν</span> <span class='ocrx_word' id='word_1_93' title='bbox 1227 1319 1532 1388; x_wconf 88' lang='grc' dir='ltr'>γενόμενος,</span> <span class='ocrx_word' id='word_1_94' title='bbox 1567 1302 1770 1375; x_wconf 82' lang='grc' dir='ltr'>ἀνεπά-</span> 
     </span>
    </p>
   </div>
   <div class='ocr_carea' id='block_1_16' title="bbox 193 1394 1769 1479">
    <p class='ocr_par' dir='ltr' id='par_1_16' title="bbox 193 1394 1769 1479">
     <span class='ocr_line' id='line_1_16' title="bbox 193 1394 1769 1479; baseline 0.012 -34"><span class='ocrx_word' id='word_1_95' title='bbox 193 1394 355 1447; x_wconf 82' lang='grc' dir='ltr'>λαισε</span> <span class='ocrx_word' id='word_1_96' title='bbox 401 1396 502 1467; x_wconf 81' lang='grc' dir='ltr'><strong>τὴν</strong></span> <span class='ocrx_word' id='word_1_97' title='bbox 548 1398 755 1453; x_wconf 77' lang='grc' dir='ltr'><strong>οἰκείαν</strong></span> <span class='ocrx_word' id='word_1_98' title='bbox 786 1401 1024 1470; x_wconf 82' lang='grc' dir='ltr'><strong>πτῶσιν,</strong></span> <span class='ocrx_word' id='word_1_99' title='bbox 1074 1405 1167 1458; x_wconf 81' lang='grc' dir='ltr'><strong>καὶ</strong></span> <span class='ocrx_word' id='word_1_100' title='bbox 1210 1406 1533 1479; x_wconf 82' lang='grc' dir='ltr'><strong>Χριστιανὸν</strong></span> <span class='ocrx_word' id='word_1_101' title='bbox 1582 1410 1769 1464; x_wconf 80' lang='grc' dir='ltr'>ἑαυτὸν</span> 
     </span>
    </p>
   </div>
   <div class='ocr_carea' id='block_1_17' title="bbox 191 1485 1770 1567">
    <p class='ocr_par' dir='ltr' id='par_1_17' title="bbox 191 1485 1770 1567">
     <span class='ocr_line' id='line_1_17' title="bbox 191 1485 1770 1567; baseline 0.01 -27"><span class='ocrx_word' id='word_1_102' title='bbox 191 1485 549 1557; x_wconf 73' lang='grc' dir='ltr'><strong>ὡμολόγησεν</strong></span> <span class='ocrx_word' id='word_1_103' title='bbox 573 1489 800 1544; x_wconf 77' lang='grc' dir='ltr'>ἐνώπιον</span> <span class='ocrx_word' id='word_1_104' title='bbox 826 1492 931 1545; x_wconf 89' lang='grc' dir='ltr'><strong>τῶν</strong></span> <span class='ocrx_word' id='word_1_105' title='bbox 962 1495 1257 1567; x_wconf 86' lang='grc' dir='ltr'>τυράννων,</span> <span class='ocrx_word' id='word_1_106' title='bbox 1282 1501 1310 1551; x_wconf 84' lang='grc' dir='ltr'>ὀ</span> <span class='ocrx_word' id='word_1_107' title='bbox 1330 1500 1566 1564; x_wconf 87' lang='grc' dir='ltr'>τοιοῦτος</span> <span class='ocrx_word' id='word_1_108' title='bbox 1588 1502 1770 1556; x_wconf 82' lang='grc' dir='ltr'>οὐκέτι</span> 
     </span>
    </p>
   </div>
   <div class='ocr_carea' id='block_1_18' title="bbox 194 1578 1769 1665">
    <p class='ocr_par' dir='ltr' id='par_1_18' title="bbox 194 1578 1769 1665">
     <span class='ocr_line' id='line_1_18' title="bbox 194 1578 1769 1665; baseline 0.013 -37"><span class='ocrx_word' id='word_1_109' title='bbox 194 1579 249 1629; x_wconf 81' lang='grc' dir='ltr'>ἐν</span> <span class='ocrx_word' id='word_1_110' title='bbox 277 1580 349 1649; x_wconf 74' lang='grc' dir='ltr'>τῇ</span> <span class='ocrx_word' id='word_1_111' title='bbox 381 1578 691 1652; x_wconf 79' lang='grc' dir='ltr'>λειτουργία</span> <span class='ocrx_word' id='word_1_112' title='bbox 715 1581 886 1646; x_wconf 86' lang='grc' dir='ltr'>ἔσται,</span> <span class='ocrx_word' id='word_1_113' title='bbox 910 1585 1044 1639; x_wconf 85' lang='grc' dir='ltr'>διότι</span> <span class='ocrx_word' id='word_1_114' title='bbox 1068 1588 1417 1643; x_wconf 79' lang='grc' dir='ltr'>καταλέλοιπε</span> <span class='ocrx_word' id='word_1_115' title='bbox 1440 1592 1499 1644; x_wconf 83' lang='grc' dir='ltr'><strong>τὸ</strong></span> <span class='ocrx_word' id='word_1_116' title='bbox 1523 1593 1769 1665; x_wconf 84' lang='grc' dir='ltr'>ποίμνιον</span> 
     </span>
    </p>
   </div>
   <div class='ocr_carea' id='block_1_19' title="bbox 192 1670 1762 1757">
    <p class='ocr_par' dir='ltr' id='par_1_19' title="bbox 192 1670 1762 1757">
     <span class='ocr_line' id='line_1_19' title="bbox 192 1670 1762 1757; baseline 0.013 -35"><span class='ocrx_word' id='word_1_117' title='bbox 192 1670 290 1723; x_wconf 78' lang='grc' dir='ltr'><strong>τοῦ</strong></span> <span class='ocrx_word' id='word_1_118' title='bbox 326 1671 564 1743; x_wconf 76' lang='lat' dir='ltr'><strong>Kupt&#39;ou&#39;</strong></span> <span class='ocrx_word' id='word_1_119' title='bbox 602 1675 696 1727; x_wconf 71' lang='grc' dir='ltr'><strong>καὶ</strong></span> <span class='ocrx_word' id='word_1_120' title='bbox 718 1675 807 1728; x_wconf 72' lang='grc' dir='ltr'>διὰ</span> <span class='ocrx_word' id='word_1_121' title='bbox 836 1677 894 1730; x_wconf 81' lang='grc' dir='ltr'>τὸ</span> <span class='ocrx_word' id='word_1_122' title='bbox 922 1679 1290 1751; x_wconf 77' lang='grc' dir='ltr'>αὐτομολῆσαι</span> <span class='ocrx_word' id='word_1_123' title='bbox 1336 1686 1427 1737; x_wconf 75' lang='grc' dir='ltr'>καὶ</span> <span class='ocrx_word' id='word_1_124' title='bbox 1467 1685 1539 1756; x_wconf 79' lang='grc' dir='ltr'>μὴ</span> <span class='ocrx_word' id='word_1_125' title='bbox 1571 1704 1762 1757; x_wconf 86' lang='grc' dir='ltr'><strong>καρτε⁹</strong></span> 
     </span>
    </p>
   </div>
   <div class='ocr_carea' id='block_1_20' title="bbox 1876 488 3424 570">
    <p class='ocr_par' dir='ltr' id='par_1_20' title="bbox 1876 488 3424 570">
     <span class='ocr_line' id='line_1_20' title="bbox 1876 488 3424 570; baseline 0.011 -32"><span class='ocrx_word' id='word_1_126' title='bbox 1876 505 1895 538; x_wconf 75' lang='grc' dir='ltr'><strong>ι</strong></span> <span class='ocrx_word' id='word_1_127' title='bbox 1941 497 2052 542; x_wconf 94' lang='lat' dir='ltr'><strong>tum</strong></span> <span class='ocrx_word' id='word_1_128' title='bbox 2083 488 2301 558; x_wconf 90' lang='lat' dir='ltr'><strong>posuit,</strong></span> <span class='ocrx_word' id='word_1_129' title='bbox 2349 497 2403 544; x_wconf 91' lang='lat' dir='ltr'><strong>et</strong></span> <span class='ocrx_word' id='word_1_130' title='bbox 2436 506 2540 545; x_wconf 91' lang='lat' dir='ltr'><strong>non</strong></span> <span class='ocrx_word' id='word_1_131' title='bbox 2583 494 2757 562; x_wconf 89' lang='lat' dir='ltr'><strong>potuit</strong></span> <span class='ocrx_word' id='word_1_132' title='bbox 2802 495 3106 567; x_wconf 84' lang='lat' dir='ltr'><strong>perﬁcere:</strong></span> <span class='ocrx_word' id='word_1_133' title='bbox 3164 497 3424 570; x_wconf 78' lang='lat' dir='ltr'><strong>Incipient</strong></span> 
     </span>
    </p>
   </div>
   <div class='ocr_carea' id='block_1_21' title="bbox 1876 579 3423 657">
    <p class='ocr_par' dir='ltr' id='par_1_21' title="bbox 1876 579 3423 657">
     <span class='ocr_line' id='line_1_21' title="bbox 1876 579 3423 657; baseline 0.011 -27"><span class='ocrx_word' id='word_1_134' title='bbox 1876 597 1893 630; x_wconf 80' lang='grc' dir='ltr'><strong>ι</strong></span> <span class='ocrx_word' id='word_1_135' title='bbox 1932 579 2100 643; x_wconf 86' lang='lat' dir='ltr'><strong>enim,</strong></span> <span class='ocrx_word' id='word_1_136' title='bbox 2119 580 2313 650; x_wconf 87' lang='lat' dir='ltr'><strong>inquit,</strong></span> <span class='ocrx_word' id='word_1_137' title='bbox 2345 597 2521 637; x_wconf 84' lang='lat' dir='ltr'><strong>omnes</strong></span> <span class='ocrx_word' id='word_1_138' title='bbox 2552 585 3164 657; x_wconf 78' lang='lat' dir='ltr'><strong>quipnetergredientur,</strong></span> <span class='ocrx_word' id='word_1_139' title='bbox 3191 608 3308 645; x_wconf 85' lang='lat' dir='ltr'><strong>eum</strong></span> <span class='ocrx_word' id='word_1_140' title='bbox 3357 594 3423 646; x_wconf 67' lang='lat' dir='ltr'><strong>ilo</strong></span> 
     </span>
    </p>
   </div>
   <div class='ocr_carea' id='block_1_22' title="bbox 1874 669 3424 749">
    <p class='ocr_par' dir='ltr' id='par_1_22' title="bbox 1874 669 3424 749">
     <span class='ocr_line' id='line_1_22' title="bbox 1874 669 3424 749; baseline 0.012 -29"><span class='ocrx_word' id='word_1_141' title='bbox 1874 688 1892 720; x_wconf 79' lang='grc' dir='ltr'><strong>ι</strong></span> <span class='ocrx_word' id='word_1_142' title='bbox 1940 669 2133 737; x_wconf 80' lang='lat' dir='ltr'><strong>ludere,</strong></span> <span class='ocrx_word' id='word_1_143' title='bbox 2164 671 2423 727; x_wconf 81' lang='lat' dir='ltr'><strong>dicentes:</strong></span> <span class='ocrx_word' id='word_1_144' title='bbox 2454 672 2556 727; x_wconf 84' lang='lat' dir='ltr'><strong>Hic</strong></span> <span class='ocrx_word' id='word_1_145' title='bbox 2573 676 2723 731; x_wconf 86' lang='lat' dir='ltr'><strong>homo</strong></span> <span class='ocrx_word' id='word_1_146' title='bbox 2744 680 2917 747; x_wconf 80' lang='lat' dir='ltr'><strong>posuit</strong></span> <span class='ocrx_word' id='word_1_147' title='bbox 2939 679 3356 749; x_wconf 73' lang='lat' dir='ltr'><strong>fundamentum,</strong></span> <span class='ocrx_word' id='word_1_148' title='bbox 3375 694 3424 739; x_wconf 83' lang='lat' dir='ltr'><strong>et</strong></span> 
     </span>
    </p>
   </div>
   <div class='ocr_carea' id='block_1_23' title="bbox 1874 764 2646 834">
    <p class='ocr_par' dir='ltr' id='par_1_23' title="bbox 1874 764 2646 834">
     <span class='ocr_line' id='line_1_23' title="bbox 1874 764 2646 834; baseline 0.006 -21"><span class='ocrx_word' id='word_1_149' title='bbox 1874 779 1892 812; x_wconf 76' lang='grc' dir='ltr'><strong>ι</strong></span> <span class='ocrx_word' id='word_1_150' title='bbox 1937 779 2039 817; x_wconf 82' lang='lat' dir='ltr'><strong>non</strong></span> <span class='ocrx_word' id='word_1_151' title='bbox 2061 764 2229 833; x_wconf 82' lang='lat' dir='ltr'><strong>potuit</strong></span> <span class='ocrx_word' id='word_1_152' title='bbox 2255 765 2502 834; x_wconf 82' lang='lat' dir='ltr'><strong>perﬁcere</strong></span> <span class='ocrx_word' id='word_1_153' title='bbox 2537 778 2583 820; x_wconf 71' lang='grc' dir='ltr'><strong>α.</strong></span> <span class='ocrx_word' id='word_1_154' title='bbox 2627 785 2646 818; x_wconf 72' lang='grc' dir='ltr'><strong>ι</strong></span> 
     </span>
    </p>
   </div>
   <div class='ocr_carea' id='block_1_24' title="bbox 1938 937 3426 1015">
    <p class='ocr_par' dir='ltr' id='par_1_24' title="bbox 1938 937 3426 1015">
     <span class='ocr_line' id='line_1_24' title="bbox 1938 937 3426 1015; baseline 0.005 -23"><span class='ocrx_word' id='word_1_155' title='bbox 1938 937 2098 994; x_wconf 59' lang='grc' dir='ltr'>Βιις.</span> <span class='ocrx_word' id='word_1_156' title='bbox 2142 938 2217 995; x_wconf 90' lang='lat' dir='ltr'><strong>De</strong></span> <span class='ocrx_word' id='word_1_157' title='bbox 2248 939 2316 994; x_wconf 91' lang='lat' dir='ltr'><strong>iis</strong></span> <span class='ocrx_word' id='word_1_158' title='bbox 2345 939 2438 1009; x_wconf 89' lang='lat' dir='ltr'><strong>qui</strong></span> <span class='ocrx_word' id='word_1_159' title='bbox 2475 956 2567 997; x_wconf 89' lang='lat' dir='ltr'><strong>sua</strong></span> <span class='ocrx_word' id='word_1_160' title='bbox 2615 951 2806 1011; x_wconf 87' lang='lat' dir='ltr'><strong>sponte</strong></span> <span class='ocrx_word' id='word_1_161' title='bbox 2844 941 2912 996; x_wconf 87' lang='lat' dir='ltr'><strong>ad</strong></span> <span class='ocrx_word' id='word_1_162' title='bbox 2960 944 3205 1015; x_wconf 73' lang='lat' dir='ltr'><strong>martyrii</strong></span> <span class='ocrx_word' id='word_1_163' title='bbox 3248 952 3426 1001; x_wconf 86' lang='lat' dir='ltr'><strong>certa-</strong></span> 
     </span>
    </p>
   </div>
   <div class='ocr_carea' id='block_1_25' title="bbox 1869 1031 3424 1108">
    <p class='ocr_par' dir='ltr' id='par_1_25' title="bbox 1869 1031 3424 1108">
     <span class='ocr_line' id='line_1_25' title="bbox 1869 1031 3424 1108; baseline 0.005 -24"><span class='ocrx_word' id='word_1_164' title='bbox 1869 1046 1990 1087; x_wconf 88' lang='lat' dir='ltr'><strong>men</strong></span> <span class='ocrx_word' id='word_1_165' title='bbox 2019 1031 2359 1104; x_wconf 79' lang='lat' dir='ltr'><strong>confugiunt,</strong></span> <span class='ocrx_word' id='word_1_166' title='bbox 2381 1033 2598 1092; x_wconf 80' lang='lat' dir='ltr'><strong>loculus</strong></span> <span class='ocrx_word' id='word_1_167' title='bbox 2615 1034 2795 1102; x_wconf 88' lang='lat' dir='ltr'><strong>Pater,</strong></span> <span class='ocrx_word' id='word_1_168' title='bbox 2812 1050 2959 1091; x_wconf 87' lang='lat' dir='ltr'><strong>nunc</strong></span> <span class='ocrx_word' id='word_1_169' title='bbox 2973 1035 3039 1091; x_wconf 90' lang='lat' dir='ltr'><strong>de</strong></span> <span class='ocrx_word' id='word_1_170' title='bbox 3057 1034 3271 1092; x_wconf 82' lang='lat' dir='ltr'><strong>clericis</strong></span> <span class='ocrx_word' id='word_1_171' title='bbox 3287 1051 3424 1108; x_wconf 89' lang='lat' dir='ltr'><strong>quo-</strong></span> 
     </span>
    </p>
   </div>
   <div class='ocr_carea' id='block_1_26' title="bbox 1869 1124 3425 1200">
    <p class='ocr_par' dir='ltr' id='par_1_26' title="bbox 1869 1124 3425 1200">
     <span class='ocr_line' id='line_1_26' title="bbox 1869 1124 3425 1200; baseline 0.003 -22"><span class='ocrx_word' id='word_1_172' title='bbox 1869 1139 1973 1193; x_wconf 91' lang='lat' dir='ltr'><strong>que</strong></span> <span class='ocrx_word' id='word_1_173' title='bbox 2001 1125 2092 1194; x_wconf 87' lang='lat' dir='ltr'><strong>qui</strong></span> <span class='ocrx_word' id='word_1_174' title='bbox 2129 1133 2259 1180; x_wconf 89' lang='lat' dir='ltr'><strong>sunt</strong></span> <span class='ocrx_word' id='word_1_175' title='bbox 2289 1124 2557 1194; x_wconf 86' lang='lat' dir='ltr'><strong>ejusmodi</strong></span> <span class='ocrx_word' id='word_1_176' title='bbox 2607 1126 2848 1197; x_wconf 90' lang='lat' dir='ltr'><strong>loquitur</strong></span> <span class='ocrx_word' id='word_1_177' title='bbox 2884 1146 2899 1183; x_wconf 89' lang='lat'><strong>:</strong></span> <span class='ocrx_word' id='word_1_178' title='bbox 2954 1134 3008 1183; x_wconf 86' lang='lat' dir='ltr'><strong>et</strong></span> <span class='ocrx_word' id='word_1_179' title='bbox 3036 1128 3169 1182; x_wconf 91' lang='lat' dir='ltr'><strong>dicit</strong></span> <span class='ocrx_word' id='word_1_180' title='bbox 3199 1130 3344 1200; x_wconf 91' lang='lat' dir='ltr'><strong>quod</strong></span> <span class='ocrx_word' id='word_1_181' title='bbox 3377 1129 3425 1183; x_wconf 90' lang='lat' dir='ltr'><strong>si</strong></span> 
     </span>
    </p>
   </div>
   <div class='ocr_carea' id='block_1_27' title="bbox 1868 1215 3426 1291">
    <p class='ocr_par' dir='ltr' id='par_1_27' title="bbox 1868 1215 3426 1291">
     <span class='ocr_line' id='line_1_27' title="bbox 1868 1215 3426 1291; baseline 0.004 -23"><span class='ocrx_word' id='word_1_182' title='bbox 1868 1215 2100 1273; x_wconf 81' lang='lat' dir='ltr'><strong>clericus</strong></span> <span class='ocrx_word' id='word_1_183' title='bbox 2143 1217 2207 1271; x_wconf 87' lang='lat' dir='ltr'><strong>ad</strong></span> <span class='ocrx_word' id='word_1_184' title='bbox 2242 1224 2513 1273; x_wconf 76' lang='lat' dir='ltr'><strong>certamen</strong></span> <span class='ocrx_word' id='word_1_185' title='bbox 2562 1233 2659 1273; x_wconf 88' lang='lat' dir='ltr'><strong>sua</strong></span> <span class='ocrx_word' id='word_1_186' title='bbox 2696 1226 2891 1287; x_wconf 92' lang='lat' dir='ltr'><strong>sponte</strong></span> <span class='ocrx_word' id='word_1_187' title='bbox 2936 1218 3200 1291; x_wconf 77' lang='lat' dir='ltr'><strong>profugit,</strong></span> <span class='ocrx_word' id='word_1_188' title='bbox 3231 1220 3426 1277; x_wconf 87' lang='lat' dir='ltr'><strong>deinde</strong></span> 
     </span>
    </p>
   </div>
   <div class='ocr_carea' id='block_1_28' title="bbox 1869 1308 3426 1380">
    <p class='ocr_par' dir='ltr' id='par_1_28' title="bbox 1869 1308 3426 1380">
     <span class='ocr_line' id='line_1_28' title="bbox 1869 1308 3426 1380; baseline 0.003 -20"><span class='ocrx_word' id='word_1_189' title='bbox 1869 1322 1991 1361; x_wconf 90' lang='lat' dir='ltr'><strong>cum</strong></span> <span class='ocrx_word' id='word_1_190' title='bbox 2023 1323 2131 1361; x_wconf 90' lang='lat' dir='ltr'><strong>non</strong></span> <span class='ocrx_word' id='word_1_191' title='bbox 2155 1317 2334 1378; x_wconf 84' lang='lat' dir='ltr'><strong>posset</strong></span> <span class='ocrx_word' id='word_1_192' title='bbox 2366 1308 2507 1363; x_wconf 87' lang='lat' dir='ltr'><strong>ferre</strong></span> <span class='ocrx_word' id='word_1_193' title='bbox 2521 1316 2811 1376; x_wconf 89' lang='lat' dir='ltr'><strong>tormenta,</strong></span> <span class='ocrx_word' id='word_1_194' title='bbox 2834 1310 3057 1380; x_wconf 84' lang='lat' dir='ltr'><strong>excidit,</strong></span> <span class='ocrx_word' id='word_1_195' title='bbox 3078 1319 3131 1367; x_wconf 88' lang='lat' dir='ltr'><strong>et</strong></span> <span class='ocrx_word' id='word_1_196' title='bbox 3157 1327 3280 1365; x_wconf 88' lang='lat' dir='ltr'><strong>cum</strong></span> <span class='ocrx_word' id='word_1_197' title='bbox 3304 1327 3426 1367; x_wconf 91' lang='lat' dir='ltr'><strong>rur-</strong></span> 
     </span>
    </p>
   </div>
   <div class='ocr_carea' id='block_1_29' title="bbox 1869 1399 3425 1471">
    <p class='ocr_par' dir='ltr' id='par_1_29' title="bbox 1869 1399 3425 1471">
     <span class='ocr_line' id='line_1_29' title="bbox 1869 1399 3425 1471; baseline 0.004 -18"><span class='ocrx_word' id='word_1_198' title='bbox 1869 1414 1964 1453; x_wconf 85' lang='lat' dir='ltr'><strong>sus</strong></span> <span class='ocrx_word' id='word_1_199' title='bbox 1994 1399 2057 1453; x_wconf 91' lang='lat' dir='ltr'><strong>ad</strong></span> <span class='ocrx_word' id='word_1_200' title='bbox 2090 1416 2149 1455; x_wconf 85' lang='lat' dir='ltr'><strong>se</strong></span> <span class='ocrx_word' id='word_1_201' title='bbox 2177 1399 2453 1464; x_wconf 89' lang='lat' dir='ltr'><strong>rediisset,</strong></span> <span class='ocrx_word' id='word_1_202' title='bbox 2500 1400 2709 1471; x_wconf 88' lang='lat' dir='ltr'><strong>lapsum</strong></span> <span class='ocrx_word' id='word_1_203' title='bbox 2744 1417 2903 1457; x_wconf 90' lang='lat' dir='ltr'><strong>suum</strong></span> <span class='ocrx_word' id='word_1_204' title='bbox 2953 1405 3249 1471; x_wconf 84' lang='lat' dir='ltr'><strong>revocavit,</strong></span> <span class='ocrx_word' id='word_1_205' title='bbox 3281 1412 3336 1461; x_wconf 89' lang='lat' dir='ltr'><strong>et</strong></span> <span class='ocrx_word' id='word_1_206' title='bbox 3366 1421 3425 1460; x_wconf 92' lang='lat' dir='ltr'><strong>se</strong></span> 
     </span>
    </p>
   </div>
   <div class='ocr_carea' id='block_1_30' title="bbox 1869 1489 3425 1565">
    <p class='ocr_par' dir='ltr' id='par_1_30' title="bbox 1869 1489 3425 1565">
     <span class='ocr_line' id='line_1_30' title="bbox 1869 1489 3425 1565; baseline 0.005 -21"><span class='ocrx_word' id='word_1_207' title='bbox 1869 1506 2052 1545; x_wconf 87' lang='lat' dir='ltr'><strong>coram</strong></span> <span class='ocrx_word' id='word_1_208' title='bbox 2089 1491 2337 1562; x_wconf 78' lang='lat' dir='ltr'><strong>tyrannis</strong></span> <span class='ocrx_word' id='word_1_209' title='bbox 2367 1489 2743 1548; x_wconf 88' lang='lat' dir='ltr'><strong>Christianum</strong></span> <span class='ocrx_word' id='word_1_210' title='bbox 2775 1494 3063 1552; x_wconf 87' lang='lat' dir='ltr'><strong>confessus</strong></span> <span class='ocrx_word' id='word_1_211' title='bbox 3096 1506 3208 1565; x_wconf 86' lang='lat' dir='ltr'><strong>est;</strong></span> <span class='ocrx_word' id='word_1_212' title='bbox 3238 1498 3287 1552; x_wconf 86' lang='lat' dir='ltr'><strong>is</strong></span> <span class='ocrx_word' id='word_1_213' title='bbox 3317 1513 3425 1553; x_wconf 90' lang='lat' dir='ltr'><strong>non</strong></span> 
     </span>
    </p>
   </div>
   <div class='ocr_carea' id='block_1_31' title="bbox 1867 1581 3429 1657">
    <p class='ocr_par' dir='ltr' id='par_1_31' title="bbox 1867 1581 3429 1657">
     <span class='ocr_line' id='line_1_31' title="bbox 1867 1581 3429 1657; baseline 0.003 -22"><span class='ocrx_word' id='word_1_214' title='bbox 1867 1581 2099 1651; x_wconf 86' lang='lat' dir='ltr'><strong>amplius</strong></span> <span class='ocrx_word' id='word_1_215' title='bbox 2127 1595 2284 1636; x_wconf 86' lang='lat' dir='ltr'><strong>sacra</strong></span> <span class='ocrx_word' id='word_1_216' title='bbox 2297 1582 2597 1637; x_wconf 87' lang='lat' dir='ltr'><strong>ministeria</strong></span> <span class='ocrx_word' id='word_1_217' title='bbox 2620 1582 2809 1647; x_wconf 87' lang='lat' dir='ltr'><strong>obibit,</strong></span> <span class='ocrx_word' id='word_1_218' title='bbox 2837 1599 2902 1638; x_wconf 90' lang='lat' dir='ltr'><strong>eo</strong></span> <span class='ocrx_word' id='word_1_219' title='bbox 2917 1585 3059 1655; x_wconf 86' lang='lat' dir='ltr'><strong>quod</strong></span> <span class='ocrx_word' id='word_1_220' title='bbox 3091 1586 3429 1657; x_wconf 69' lang='lat' dir='ltr'><strong>gregemDo-</strong></span> 
     </span>
    </p>
   </div>
   <div class='ocr_carea' id='block_1_32' title="bbox 1868 1671 3427 1750">
    <p class='ocr_par' dir='ltr' id='par_1_32' title="bbox 1868 1671 3427 1750">
     <span class='ocr_line' id='line_1_32' title="bbox 1868 1671 3427 1750; baseline 0.006 -24"><span class='ocrx_word' id='word_1_221' title='bbox 1868 1671 1999 1726; x_wconf 90' lang='lat' dir='ltr'><strong>mini</strong></span> <span class='ocrx_word' id='word_1_222' title='bbox 2028 1674 2308 1743; x_wconf 89' lang='lat' dir='ltr'><strong>reliquerit</strong></span> <span class='ocrx_word' id='word_1_223' title='bbox 2332 1691 2346 1739; x_wconf 91' lang='lat'><strong>;</strong></span> <span class='ocrx_word' id='word_1_224' title='bbox 2383 1682 2437 1728; x_wconf 91' lang='lat' dir='ltr'><strong>et</strong></span> <span class='ocrx_word' id='word_1_225' title='bbox 2463 1689 2527 1729; x_wconf 91' lang='lat' dir='ltr'><strong>eo</strong></span> <span class='ocrx_word' id='word_1_226' title='bbox 2556 1675 2699 1745; x_wconf 91' lang='lat' dir='ltr'><strong>quod</strong></span> <span class='ocrx_word' id='word_1_227' title='bbox 2726 1690 2850 1729; x_wconf 89' lang='lat' dir='ltr'><strong>cum</strong></span> <span class='ocrx_word' id='word_1_228' title='bbox 2881 1692 2979 1731; x_wconf 90' lang='lat' dir='ltr'><strong>sua</strong></span> <span class='ocrx_word' id='word_1_229' title='bbox 3001 1678 3219 1747; x_wconf 83' lang='lat' dir='ltr'><strong>quidem</strong></span> <span class='ocrx_word' id='word_1_230' title='bbox 3234 1687 3427 1750; x_wconf 85' lang='lat' dir='ltr'><strong>spente</strong></span> 
     </span>
    </p>
   </div>
   <div class='ocr_carea' id='block_1_33' title="bbox 197 1757 1765 1849">
    <p class='ocr_par' dir='ltr' id='par_1_33' title="bbox 197 1762 1765 1849">
     <span class='ocr_line' id='line_1_33' title="bbox 197 1762 1765 1849; baseline 0.013 -35"><span class='ocrx_word' id='word_1_231' title='bbox 197 1762 369 1833; x_wconf 80' lang='grc' dir='ltr'>ρῆσαι</span> <span class='ocrx_word' id='word_1_232' title='bbox 399 1765 496 1828; x_wconf 78' lang='grc' dir='ltr'>τὰς</span> <span class='ocrx_word' id='word_1_233' title='bbox 524 1764 809 1835; x_wconf 75' lang='grc' dir='ltr'>βασάνους,</span> <span class='ocrx_word' id='word_1_234' title='bbox 844 1769 1032 1841; x_wconf 82' lang='grc' dir='ltr'><strong>μῶμον</strong></span> <span class='ocrx_word' id='word_1_235' title='bbox 1071 1777 1436 1845; x_wconf 82' lang='grc' dir='ltr'>προσήνεγκεν</span> <span class='ocrx_word' id='word_1_236' title='bbox 1474 1779 1670 1849; x_wconf 80' lang='grc' dir='ltr'>ἑαυτῷ.</span> <span class='ocrx_word' id='word_1_237' title='bbox 1698 1780 1765 1833; x_wconf 76' lang='grc' dir='ltr'>Τὸ</span> 
     </span>
    </p>
   </div>
   <div class='ocr_carea' id='block_1_34' title="bbox 1866 1757 3426 1849">
    <p class='ocr_par' dir='ltr' id='par_1_34' title="bbox 1868 1757 3426 1836">
     <span class='ocr_line' id='line_1_34' title="bbox 1868 1757 3426 1836; baseline 0.008 -24"><span class='ocrx_word' id='word_1_238' title='bbox 1868 1757 2191 1830; x_wconf 80' lang='lat' dir='ltr'><strong>confugerit,</strong></span> <span class='ocrx_word' id='word_1_239' title='bbox 2221 1769 2273 1815; x_wconf 91' lang='lat' dir='ltr'><strong>et</strong></span> <span class='ocrx_word' id='word_1_240' title='bbox 2296 1767 2566 1815; x_wconf 88' lang='lat' dir='ltr'><strong>tormenta</strong></span> <span class='ocrx_word' id='word_1_241' title='bbox 2597 1762 2826 1819; x_wconf 75' lang='lat' dir='ltr'><strong>suﬂ‘errc</strong></span> <span class='ocrx_word' id='word_1_242' title='bbox 2868 1780 2975 1819; x_wconf 92' lang='lat' dir='ltr'><strong>non</strong></span> <span class='ocrx_word' id='word_1_243' title='bbox 3012 1769 3271 1836; x_wconf 89' lang='lat' dir='ltr'><strong>potuerit,</strong></span> <span class='ocrx_word' id='word_1_244' title='bbox 3322 1770 3426 1825; x_wconf 83' lang='lat' dir='ltr'><strong>sibi</strong></span> 
     </span>
    </p>
   </div>
   <div class='ocr_carea' id='block_1_35' title="bbox 191 1855 1771 1943">
    <p class='ocr_par' dir='ltr' id='par_1_35' title="bbox 191 1855 1771 1943">
     <span class='ocr_line' id='line_1_35' title="bbox 191 1855 1771 1943; baseline 0.013 -37"><span class='ocrx_word' id='word_1_245' title='bbox 191 1855 247 1908; x_wconf 78' lang='grc' dir='ltr'>δὲ</span> <span class='ocrx_word' id='word_1_246' title='bbox 283 1856 702 1928; x_wconf 80' lang='grc' dir='ltr'>καταφρονῆσαι</span> <span class='ocrx_word' id='word_1_247' title='bbox 731 1860 830 1932; x_wconf 80' lang='grc' dir='ltr'><strong>τῆς</strong></span> <span class='ocrx_word' id='word_1_248' title='bbox 861 1860 1206 1930; x_wconf 79' lang='grc' dir='ltr'>διδασκαλίας</span> <span class='ocrx_word' id='word_1_249' title='bbox 1238 1867 1331 1920; x_wconf 92' lang='grc' dir='ltr'><strong>τοῦ</strong></span> <span class='ocrx_word' id='word_1_250' title='bbox 1361 1867 1488 1922; x_wconf 84' lang='grc' dir='ltr'>λαοῦ</span> <span class='ocrx_word' id='word_1_251' title='bbox 1518 1872 1609 1924; x_wconf 73' lang='grc' dir='ltr'><strong>καὶ</strong></span> <span class='ocrx_word' id='word_1_252' title='bbox 1637 1886 1771 1943; x_wconf 76' lang='grc' dir='ltr'><strong>προ⁴</strong></span> 
     </span>
    </p>
   </div>
   <div class='ocr_carea' id='block_1_36' title="bbox 190 1949 1768 2028">
    <p class='ocr_par' dir='ltr' id='par_1_36' title="bbox 190 1949 1768 2028">
     <span class='ocr_line' id='line_1_36' title="bbox 190 1949 1768 2028; baseline 0.013 -29"><span class='ocrx_word' id='word_1_253' title='bbox 190 1949 540 2019; x_wconf 81' lang='grc' dir='ltr'>τιμήσασθαι</span> <span class='ocrx_word' id='word_1_254' title='bbox 586 1951 649 2005; x_wconf 87' lang='grc' dir='ltr'>τὸ</span> <span class='ocrx_word' id='word_1_255' title='bbox 688 1952 863 2024; x_wconf 81' lang='grc' dir='ltr'>ἑαυτῷ</span> <span class='ocrx_word' id='word_1_256' title='bbox 890 1957 1197 2028; x_wconf 78' lang='grc' dir='ltr'><strong>συμφέρον,</strong></span> <span class='ocrx_word' id='word_1_257' title='bbox 1248 1960 1367 2013; x_wconf 82' lang='grc' dir='ltr'>οὐδὲ</span> <span class='ocrx_word' id='word_1_258' title='bbox 1399 1964 1445 2016; x_wconf 87' lang='grc' dir='ltr'><strong>οἱ</strong></span> <span class='ocrx_word' id='word_1_259' title='bbox 1487 1964 1768 2019; x_wconf 79' lang='grc' dir='ltr'>ἀπόστολοι</span> 
     </span>
    </p>
   </div>
   <div class='ocr_carea' id='block_1_37' title="bbox 190 2041 1769 2123">
    <p class='ocr_par' dir='ltr' id='par_1_37' title="bbox 190 2041 1769 2123">
     <span class='ocr_line' id='line_1_37' title="bbox 190 2041 1769 2123; baseline 0.013 -31"><span class='ocrx_word' id='word_1_260' title='bbox 190 2041 583 2111; x_wconf 62' lang='grc' dir='ltr'><strong>Δπεποιήκασιν.</strong></span> <span class='ocrx_word' id='word_1_261' title='bbox 620 2043 679 2097; x_wconf 85' lang='lat'><strong>&#39;0</strong></span> <span class='ocrx_word' id='word_1_262' title='bbox 711 2044 820 2116; x_wconf 87' lang='grc' dir='ltr'>γὰρ</span> <span class='ocrx_word' id='word_1_263' title='bbox 849 2046 1019 2116; x_wconf 83' lang='grc' dir='ltr'>μέγας</span> <span class='ocrx_word' id='word_1_264' title='bbox 1052 2048 1279 2116; x_wconf 79' lang='grc' dir='ltr'>Παῦλος,</span> <span class='ocrx_word' id='word_1_265' title='bbox 1309 2053 1445 2123; x_wconf 78' lang='grc' dir='ltr'>μετὰ</span> <span class='ocrx_word' id='word_1_266' title='bbox 1485 2055 1544 2107; x_wconf 84' lang='grc' dir='ltr'><strong>τὸ</strong></span> <span class='ocrx_word' id='word_1_267' title='bbox 1573 2055 1769 2121; x_wconf 80' lang='grc' dir='ltr'>πολλὰς</span> 
     </span>
    </p>
   </div>
   <div class='ocr_carea' id='block_1_38' title="bbox 195 2129 1768 2216">
    <p class='ocr_par' dir='ltr' id='par_1_38' title="bbox 195 2129 1768 2216">
     <span class='ocr_line' id='line_1_38' title="bbox 195 2129 1768 2216; baseline 0.013 -33"><span class='ocrx_word' id='word_1_268' title='bbox 195 2129 475 2199; x_wconf 73' lang='grc' dir='ltr'>βασάνους</span> <span class='ocrx_word' id='word_1_269' title='bbox 515 2135 824 2206; x_wconf 85' lang='grc' dir='ltr'>ὑπομεῖναι,</span> <span class='ocrx_word' id='word_1_270' title='bbox 850 2140 1191 2211; x_wconf 85' lang='grc' dir='ltr'>κατανοήσας</span> <span class='ocrx_word' id='word_1_271' title='bbox 1220 2147 1466 2216; x_wconf 87' lang='grc' dir='ltr'>κρεῖττον</span> <span class='ocrx_word' id='word_1_272' title='bbox 1498 2143 1634 2201; x_wconf 70' lang='grc' dir='ltr'>εἶναι</span> <span class='ocrx_word' id='word_1_273' title='bbox 1678 2150 1768 2204; x_wconf 82' lang='grc' dir='ltr'>τὸν</span> 
     </span>
    </p>
   </div>
   <div class='ocr_carea' id='block_1_39' title="bbox 193 2219 1767 2307">
    <p class='ocr_par' dir='ltr' id='par_1_39' title="bbox 193 2219 1767 2307">
     <span class='ocr_line' id='line_1_39' title="bbox 193 2219 1767 2307; baseline 0.013 -34"><span class='ocrx_word' id='word_1_274' title='bbox 193 2219 319 2289; x_wconf 73' lang='grc' dir='ltr'>βίον</span> <span class='ocrx_word' id='word_1_275' title='bbox 354 2222 637 2278; x_wconf 78' lang='grc' dir='ltr'>ἀπολιπεῖν</span> <span class='ocrx_word' id='word_1_276' title='bbox 657 2265 672 2289; x_wconf 91' lang='grc'><strong>,</strong></span> <span class='ocrx_word' id='word_1_277' title='bbox 708 2232 1109 2302; x_wconf 84' lang='grc' dir='ltr'>προετιμήσατο</span> <span class='ocrx_word' id='word_1_278' title='bbox 1140 2230 1238 2305; x_wconf 75' lang='grc' dir='ltr'><strong>ζῇν</strong></span> <span class='ocrx_word' id='word_1_279' title='bbox 1269 2235 1361 2288; x_wconf 71' lang='grc' dir='ltr'><strong>καὶ</strong></span> <span class='ocrx_word' id='word_1_280' title='bbox 1392 2234 1767 2307; x_wconf 81' lang='grc' dir='ltr'>βασανίζεσθαι</span> 
     </span>
    </p>
   </div>
   <div class='ocr_carea' id='block_1_40' title="bbox 192 2310 1769 2387">
    <p class='ocr_par' dir='ltr' id='par_1_40' title="bbox 192 2310 1769 2387">
     <span class='ocr_line' id='line_1_40' title="bbox 192 2310 1769 2387; baseline 0.014 -24"><span class='ocrx_word' id='word_1_281' title='bbox 192 2310 280 2364; x_wconf 70' lang='grc' dir='ltr'>διὰ</span> <span class='ocrx_word' id='word_1_282' title='bbox 322 2312 422 2384; x_wconf 74' lang='grc' dir='ltr'>τὴν</span> <span class='ocrx_word' id='word_1_283' title='bbox 456 2317 724 2387; x_wconf 81' lang='grc' dir='ltr'>σωτηρίαν</span> <span class='ocrx_word' id='word_1_284' title='bbox 756 2320 846 2373; x_wconf 80' lang='grc' dir='ltr'>καὶ</span> <span class='ocrx_word' id='word_1_285' title='bbox 881 2320 1224 2379; x_wconf 86' lang='grc' dir='ltr'>διδασκαλίαν</span> <span class='ocrx_word' id='word_1_286' title='bbox 1252 2325 1343 2379; x_wconf 87' lang='grc' dir='ltr'><strong>τοῦ</strong></span> <span class='ocrx_word' id='word_1_287' title='bbox 1391 2327 1541 2384; x_wconf 87' lang='grc' dir='ltr'>λαοῦ.</span> <span class='ocrx_word' id='word_1_288' title='bbox 1598 2331 1769 2385; x_wconf 84' lang='grc' dir='ltr'>Ἀναί-</span> 
     </span>
    </p>
   </div>
   <div class='ocr_carea' id='block_1_41' title="bbox 196 2402 1768 2493">
    <p class='ocr_par' dir='ltr' id='par_1_41' title="bbox 196 2402 1768 2493">
     <span class='ocr_line' id='line_1_41' title="bbox 196 2402 1768 2493; baseline 0.015 -40"><span class='ocrx_word' id='word_1_289' title='bbox 196 2402 395 2473; x_wconf 83' lang='grc' dir='ltr'>σθητοι</span> <span class='ocrx_word' id='word_1_290' title='bbox 431 2405 560 2473; x_wconf 88' lang='grc' dir='ltr'>γοῦν</span> <span class='ocrx_word' id='word_1_291' title='bbox 594 2411 730 2463; x_wconf 77' lang='grc' dir='ltr'>εἰσιν</span> <span class='ocrx_word' id='word_1_292' title='bbox 762 2410 811 2463; x_wconf 86' lang='grc' dir='ltr'><strong>οἱ</strong></span> <span class='ocrx_word' id='word_1_293' title='bbox 848 2412 1123 2478; x_wconf 85' lang='grc' dir='ltr'>αίτοῦντες</span> <span class='ocrx_word' id='word_1_294' title='bbox 1167 2416 1263 2488; x_wconf 81' lang='grc' dir='ltr'>τὴν</span> <span class='ocrx_word' id='word_1_295' title='bbox 1304 2417 1659 2490; x_wconf 84' lang='grc' dir='ltr'>λειτουργίαν,</span> <span class='ocrx_word' id='word_1_296' title='bbox 1700 2417 1768 2493; x_wconf 78' lang='grc' dir='ltr'>ἧς</span> 
     </span>
    </p>
   </div>
   <div class='ocr_carea' id='block_1_42' title="bbox 194 2493 1769 2579">
    <p class='ocr_par' dir='ltr' id='par_1_42' title="bbox 194 2493 1769 2579">
     <span class='ocr_line' id='line_1_42' title="bbox 194 2493 1769 2579; baseline 0.013 -33"><span class='ocrx_word' id='word_1_297' title='bbox 194 2493 481 2550; x_wconf 71' lang='grc' dir='ltr'>ἐθελονταὶ</span> <span class='ocrx_word' id='word_1_298' title='bbox 525 2500 930 2558; x_wconf 82' lang='grc' dir='ltr'>ἐκπεπτώκασι.</span> <span class='ocrx_word' id='word_1_299' title='bbox 966 2505 1091 2570; x_wconf 91' lang='grc' dir='ltr'>Πῶς</span> <span class='ocrx_word' id='word_1_300' title='bbox 1132 2506 1240 2579; x_wconf 82' lang='grc' dir='ltr'><strong>γὰρ</strong></span> <span class='ocrx_word' id='word_1_301' title='bbox 1278 2509 1517 2563; x_wconf 76' lang='grc' dir='ltr'>αἰτοῦσιν</span> <span class='ocrx_word' id='word_1_302' title='bbox 1570 2510 1598 2562; x_wconf 82' lang='grc' dir='ltr'><strong>ὃ</strong></span> <span class='ocrx_word' id='word_1_303' title='bbox 1636 2528 1769 2577; x_wconf 54' lang='grc' dir='ltr'>κατέ</span> 
     </span>
    </p>
   </div>
   <div class='ocr_carea' id='block_1_43' title="bbox 193 2585 1767 2670">
    <p class='ocr_par' dir='ltr' id='par_1_43' title="bbox 193 2585 1767 2670">
     <span class='ocr_line' id='line_1_43' title="bbox 193 2585 1767 2670; baseline 0.011 -29"><span class='ocrx_word' id='word_1_304' title='bbox 193 2585 424 2649; x_wconf 79' lang='grc' dir='ltr'>έλιπον,</span> <span class='ocrx_word' id='word_1_305' title='bbox 455 2588 740 2661; x_wconf 84' lang='grc' dir='ltr'>δυνάμενοι</span> <span class='ocrx_word' id='word_1_306' title='bbox 785 2596 897 2657; x_wconf 90' lang='grc' dir='ltr'>τοῖς</span> <span class='ocrx_word' id='word_1_307' title='bbox 935 2595 1178 2665; x_wconf 78' lang='grc' dir='ltr'>ἀδελφοῖς</span> <span class='ocrx_word' id='word_1_308' title='bbox 1212 2597 1496 2670; x_wconf 78' lang='grc' dir='ltr'>εὖχρηστοι</span> <span class='ocrx_word' id='word_1_309' title='bbox 1524 2596 1660 2656; x_wconf 77' lang='grc' dir='ltr'>εἴναι</span> <span class='ocrx_word' id='word_1_310' title='bbox 1710 2604 1767 2659; x_wconf 79' lang='grc' dir='ltr'>ἐν</span> 
     </span>
    </p>
   </div>
   <div class='ocr_carea' id='block_1_44' title="bbox 195 2675 1767 2760">
    <p class='ocr_par' dir='ltr' id='par_1_44' title="bbox 195 2675 1767 2760">
     <span class='ocr_line' id='line_1_44' title="bbox 195 2675 1767 2760; baseline 0.012 -33"><span class='ocrx_word' id='word_1_311' title='bbox 195 2675 386 2746; x_wconf 80' lang='grc' dir='ltr'>καιρῷ</span> <span class='ocrx_word' id='word_1_312' title='bbox 432 2678 690 2751; x_wconf 80' lang='grc' dir='ltr'>τοιούτῳ.</span> <span class='ocrx_word' id='word_1_313' title='bbox 742 2680 977 2754; x_wconf 78' lang='grc' dir='ltr'>διωγμοῦ</span> <span class='ocrx_word' id='word_1_314' title='bbox 1035 2685 1269 2759; x_wconf 84' lang='grc' dir='ltr'>δηλαδή;</span> <span class='ocrx_word' id='word_1_315' title='bbox 1308 2688 1371 2741; x_wconf 81' lang='grc' dir='ltr'><strong>Εἰ</strong></span> <span class='ocrx_word' id='word_1_316' title='bbox 1423 2690 1519 2760; x_wconf 82' lang='grc' dir='ltr'><strong>μὲν</strong></span> <span class='ocrx_word' id='word_1_317' title='bbox 1566 2688 1658 2745; x_wconf 75' lang='grc' dir='ltr'>οὖν</span> <span class='ocrx_word' id='word_1_318' title='bbox 1706 2693 1767 2747; x_wconf 87' lang='grc' dir='ltr'>οὐ</span> 
     </span>
    </p>
   </div>
   <div class='ocr_carea' id='block_1_45' title="bbox 196 2767 1767 2853">
    <p class='ocr_par' dir='ltr' id='par_1_45' title="bbox 196 2767 1767 2853">
     <span class='ocr_line' id='line_1_45' title="bbox 196 2767 1767 2853; baseline 0.011 -34"><span class='ocrx_word' id='word_1_319' title='bbox 196 2767 545 2832; x_wconf 70' lang='grc' dir='ltr'>πεπτώκασι,</span> <span class='ocrx_word' id='word_1_320' title='bbox 583 2773 765 2843; x_wconf 76' lang='grc' dir='ltr'>φησὶν,</span> <span class='ocrx_word' id='word_1_321' title='bbox 801 2770 944 2845; x_wconf 74' lang='grc' dir='ltr'>εἶχον</span> <span class='ocrx_word' id='word_1_322' title='bbox 972 2774 1038 2830; x_wconf 81' lang='grc' dir='ltr'>ἂν</span> <span class='ocrx_word' id='word_1_323' title='bbox 1074 2777 1401 2849; x_wconf 73' lang='grc' dir='ltr'>συγγνώμην</span> <span class='ocrx_word' id='word_1_324' title='bbox 1434 2780 1525 2833; x_wconf 77' lang='grc' dir='ltr'><strong>ἐπὶ</strong></span> <span class='ocrx_word' id='word_1_325' title='bbox 1556 2785 1620 2853; x_wconf 86' lang='grc' dir='ltr'>τῇ</span> <span class='ocrx_word' id='word_1_326' title='bbox 1660 2802 1767 2836; x_wconf 78' lang='grc' dir='ltr'>ποι-ι</span> 
     </span>
    </p>
   </div>
   <div class='ocr_carea' id='block_1_46' title="bbox 198 2858 1764 2947">
    <p class='ocr_par' dir='ltr' id='par_1_46' title="bbox 198 2858 1764 2947">
     <span class='ocr_line' id='line_1_46' title="bbox 198 2858 1764 2947; baseline 0.013 -39"><span class='ocrx_word' id='word_1_327' title='bbox 198 2858 420 2931; x_wconf 78' lang='grc' dir='ltr'>ραλόγῳ</span> <span class='ocrx_word' id='word_1_328' title='bbox 450 2862 627 2914; x_wconf 83' lang='grc' dir='ltr'>αὐτῶν</span> <span class='ocrx_word' id='word_1_329' title='bbox 671 2863 883 2935; x_wconf 79' lang='grc' dir='ltr'>πράξει,</span> <span class='ocrx_word' id='word_1_330' title='bbox 912 2868 1010 2938; x_wconf 85' lang='grc' dir='ltr'>τῆς</span> <span class='ocrx_word' id='word_1_331' title='bbox 1035 2868 1445 2940; x_wconf 75' lang='grc' dir='ltr'>αὐτομολήσεως</span> <span class='ocrx_word' id='word_1_332' title='bbox 1477 2872 1693 2947; x_wconf 77' lang='grc' dir='ltr'>δηλαδὴ,</span> <span class='ocrx_word' id='word_1_333' title='bbox 1731 2874 1764 2946; x_wconf 80' lang='grc' dir='ltr'>ἢ</span> 
     </span>
    </p>
   </div>
   <div class='ocr_carea' id='block_1_47' title="bbox 196 2951 1767 3037">
    <p class='ocr_par' dir='ltr' id='par_1_47' title="bbox 196 2951 1767 3037">
     <span class='ocr_line' id='line_1_47' title="bbox 196 2951 1767 3037; baseline 0.011 -34"><span class='ocrx_word' id='word_1_334' title='bbox 196 2951 295 3022; x_wconf 74' lang='grc' dir='ltr'>τῆς</span> <span class='ocrx_word' id='word_1_335' title='bbox 348 2954 475 3023; x_wconf 77' lang='grc' dir='ltr'>περὶ</span> <span class='ocrx_word' id='word_1_336' title='bbox 512 2955 573 3008; x_wconf 83' lang='grc' dir='ltr'>τὸ</span> <span class='ocrx_word' id='word_1_337' title='bbox 598 2955 868 3010; x_wconf 79' lang='grc' dir='ltr'>διδάσκειν</span> <span class='ocrx_word' id='word_1_338' title='bbox 902 2959 995 3012; x_wconf 76' lang='grc' dir='ltr'><strong>καὶ</strong></span> <span class='ocrx_word' id='word_1_339' title='bbox 1037 2959 1310 3033; x_wconf 79' lang='grc' dir='ltr'>στηρίζειν</span> <span class='ocrx_word' id='word_1_340' title='bbox 1353 2964 1476 3028; x_wconf 77' lang='grc' dir='ltr'>τοὺς</span> <span class='ocrx_word' id='word_1_341' title='bbox 1507 2965 1767 3037; x_wconf 78' lang='grc' dir='ltr'>ἀδελφοὺς</span> 
     </span>
    </p>
   </div>
   <div class='ocr_carea' id='block_1_48' title="bbox 197 3044 1766 3130">
    <p class='ocr_par' dir='ltr' id='par_1_48' title="bbox 197 3044 1766 3130">
     <span class='ocr_line' id='line_1_48' title="bbox 197 3044 1766 3130; baseline 0.011 -35"><span class='ocrx_word' id='word_1_342' title='bbox 197 3044 513 3115; x_wconf 64' lang='grc' dir='ltr'>ῥᾳθυμίας·</span> <span class='ocrx_word' id='word_1_343' title='bbox 549 3048 598 3099; x_wconf 79' lang='grc' dir='ltr'><strong>εί</strong></span> <span class='ocrx_word' id='word_1_344' title='bbox 651 3047 706 3100; x_wconf 86' lang='grc' dir='ltr'><strong>δὲ</strong></span> <span class='ocrx_word' id='word_1_345' title='bbox 761 3049 1110 3107; x_wconf 85' lang='grc' dir='ltr'>πεπτώκασιν</span> <span class='ocrx_word' id='word_1_346' title='bbox 1157 3055 1221 3108; x_wconf 86' lang='grc' dir='ltr'><strong>ἐκ</strong></span> <span class='ocrx_word' id='word_1_347' title='bbox 1267 3058 1613 3128; x_wconf 83' lang='grc' dir='ltr'>περπερείας,</span> <span class='ocrx_word' id='word_1_348' title='bbox 1649 3060 1766 3130; x_wconf 73' lang='grc' dir='ltr'>ἤτοι</span> 
     </span>
    </p>
   </div>
   <div class='ocr_carea' id='block_1_49' title="bbox 194 3133 1768 3222">
    <p class='ocr_par' dir='ltr' id='par_1_49' title="bbox 194 3133 1768 3222">
     <span class='ocr_line' id='line_1_49' title="bbox 194 3133 1768 3222; baseline 0.01 -35"><span class='ocrx_word' id='word_1_349' title='bbox 194 3133 539 3203; x_wconf 76' lang='grc' dir='ltr'>ἀλαζονείας,</span> <span class='ocrx_word' id='word_1_350' title='bbox 571 3136 834 3208; x_wconf 87' lang='grc' dir='ltr'>[τοιοῦτον</span> <span class='ocrx_word' id='word_1_351' title='bbox 854 3142 960 3213; x_wconf 81' lang='grc' dir='ltr'>γάρ</span> <span class='ocrx_word' id='word_1_352' title='bbox 979 3145 1094 3197; x_wconf 79' lang='grc' dir='ltr'>ἐστι</span> <span class='ocrx_word' id='word_1_353' title='bbox 1121 3144 1181 3198; x_wconf 80' lang='grc' dir='ltr'>τὸ</span> <span class='ocrx_word' id='word_1_354' title='bbox 1202 3148 1606 3220; x_wconf 84' lang='grc' dir='ltr'>κατατολμῆσαι</span> <span class='ocrx_word' id='word_1_355' title='bbox 1637 3166 1768 3222; x_wconf 88' lang='grc' dir='ltr'>προ-</span> 
     </span>
    </p>
   </div>
   <div class='ocr_carea' id='block_1_50' title="bbox 192 3226 1769 3306">
    <p class='ocr_par' dir='ltr' id='par_1_50' title="bbox 192 3226 1769 3306">
     <span class='ocr_line' id='line_1_50' title="bbox 192 3226 1769 3306; baseline 0.01 -28"><span class='ocrx_word' id='word_1_356' title='bbox 192 3226 377 3292; x_wconf 71' lang='grc' dir='ltr'>πετῶς</span> <span class='ocrx_word' id='word_1_357' title='bbox 409 3227 518 3281; x_wconf 87' lang='grc' dir='ltr'><strong>τῶν</strong></span> <span class='ocrx_word' id='word_1_358' title='bbox 548 3228 795 3299; x_wconf 78' lang='grc' dir='ltr'>βασάνων</span> <span class='ocrx_word' id='word_1_359' title='bbox 830 3234 922 3285; x_wconf 73' lang='grc' dir='ltr'><strong>καὶ</strong></span> <span class='ocrx_word' id='word_1_360' title='bbox 957 3232 1029 3304; x_wconf 73' lang='grc' dir='ltr'>μὴ</span> <span class='ocrx_word' id='word_1_361' title='bbox 1060 3234 1336 3306; x_wconf 78' lang='grc' dir='ltr'>ἐμμεῖναι,</span> <span class='ocrx_word' id='word_1_362' title='bbox 1373 3239 1467 3291; x_wconf 76' lang='grc' dir='ltr'><strong>καὶ</strong></span> <span class='ocrx_word' id='word_1_363' title='bbox 1493 3238 1579 3293; x_wconf 80' lang='grc' dir='ltr'>διὰ</span> <span class='ocrx_word' id='word_1_364' title='bbox 1612 3239 1769 3293; x_wconf 82' lang='grc' dir='ltr'>τοῦτο</span> 
     </span>
    </p>
   </div>
   <div class='ocr_carea' id='block_1_51' title="bbox 191 3318 1769 3402">
    <p class='ocr_par' dir='ltr' id='par_1_51' title="bbox 191 3318 1769 3402">
     <span class='ocr_line' id='line_1_51' title="bbox 191 3318 1769 3402; baseline 0.01 -32"><span class='ocrx_word' id='word_1_365' title='bbox 191 3318 740 3395; x_wconf 78' lang='grc' dir='ltr'>ἐθριαμόεὐθησαν</span> <span class='ocrx_word' id='word_1_366' title='bbox 768 3324 947 3378; x_wconf 87' lang='grc' dir='ltr'>οὐκέτι</span> <span class='ocrx_word' id='word_1_367' title='bbox 990 3325 1241 3382; x_wconf 80' lang='grc' dir='ltr'>δύνανται</span> <span class='ocrx_word' id='word_1_368' title='bbox 1286 3330 1633 3402; x_wconf 85' lang='grc' dir='ltr'>λειτουργεῖν.</span> <span class='ocrx_word' id='word_1_369' title='bbox 1678 3332 1769 3386; x_wconf 83' lang='grc' dir='ltr'>Διὸ</span> 
     </span>
    </p>
   </div>
   <div class='ocr_carea' id='block_1_52' title="bbox 189 3412 1766 3497">
    <p class='ocr_par' dir='ltr' id='par_1_52' title="bbox 189 3412 1766 3497">
     <span class='ocr_line' id='line_1_52' title="bbox 189 3412 1766 3497; baseline 0.01 -32"><span class='ocrx_word' id='word_1_370' title='bbox 189 3412 633 3486; x_wconf 70' lang='grc' dir='ltr'>ςροντιζέτωσαν</span> <span class='ocrx_word' id='word_1_371' title='bbox 673 3417 871 3487; x_wconf 75' lang='grc' dir='ltr'>μᾶλλον</span> <span class='ocrx_word' id='word_1_372' title='bbox 910 3419 1025 3484; x_wconf 87' lang='grc' dir='ltr'><strong>πῶς</strong></span> <span class='ocrx_word' id='word_1_373' title='bbox 1069 3422 1406 3477; x_wconf 87' lang='grc' dir='ltr'>ἐκτελέσουσι</span> <span class='ocrx_word' id='word_1_374' title='bbox 1448 3426 1545 3497; x_wconf 78' lang='grc' dir='ltr'>τὴν</span> <span class='ocrx_word' id='word_1_375' title='bbox 1578 3426 1766 3497; x_wconf 79' lang='grc' dir='ltr'>ὁμολο-</span> 
     </span>
    </p>
   </div>
   <div class='ocr_carea' id='block_1_53' title="bbox 188 3506 1764 3586">
    <p class='ocr_par' dir='ltr' id='par_1_53' title="bbox 188 3506 1764 3586">
     <span class='ocr_line' id='line_1_53' title="bbox 188 3506 1764 3586; baseline 0.009 -29"><span class='ocrx_word' id='word_1_376' title='bbox 188 3506 322 3573; x_wconf 80' lang='grc' dir='ltr'>γίαν</span> <span class='ocrx_word' id='word_1_377' title='bbox 362 3507 421 3558; x_wconf 85' lang='grc' dir='ltr'>ἐν</span> <span class='ocrx_word' id='word_1_378' title='bbox 466 3509 953 3581; x_wconf 80' lang='grc' dir='ltr'>ταπεινοφροσύνῃ,</span> <span class='ocrx_word' id='word_1_379' title='bbox 1008 3514 1343 3585; x_wconf 86' lang='grc' dir='ltr'>παυσάμενοι</span> <span class='ocrx_word' id='word_1_380' title='bbox 1374 3515 1473 3586; x_wconf 77' lang='grc' dir='ltr'>τῆς</span> <span class='ocrx_word' id='word_1_381' title='bbox 1518 3518 1625 3570; x_wconf 83' lang='grc' dir='ltr'>ἀπὸ</span> <span class='ocrx_word' id='word_1_382' title='bbox 1672 3518 1764 3571; x_wconf 90' lang='grc' dir='ltr'><strong>τοῦ</strong></span> 
     </span>
    </p>
   </div>
   <div class='ocr_carea' id='block_1_54' title="bbox 186 3593 1767 3679">
    <p class='ocr_par' dir='ltr' id='par_1_54' title="bbox 186 3593 1767 3679">
     <span class='ocr_line' id='line_1_54' title="bbox 186 3593 1767 3679; baseline 0.009 -32"><span class='ocrx_word' id='word_1_383' title='bbox 186 3593 380 3667; x_wconf 78' lang='grc' dir='ltr'>ζητεῖν</span> <span class='ocrx_word' id='word_1_384' title='bbox 406 3597 507 3668; x_wconf 74' lang='grc' dir='ltr'>τὴν</span> <span class='ocrx_word' id='word_1_385' title='bbox 536 3597 878 3670; x_wconf 79' lang='grc' dir='ltr'>λειτουργίαν</span> <span class='ocrx_word' id='word_1_386' title='bbox 904 3601 1235 3668; x_wconf 82' lang='grc' dir='ltr'>κενοδοξίας·</span> <span class='ocrx_word' id='word_1_387' title='bbox 1270 3606 1431 3677; x_wconf 86' lang='grc' dir='ltr'>ἀρκεῖ</span> <span class='ocrx_word' id='word_1_388' title='bbox 1451 3606 1559 3679; x_wconf 78' lang='grc' dir='ltr'>γὰρ</span> <span class='ocrx_word' id='word_1_389' title='bbox 1588 3610 1767 3673; x_wconf 84' lang='grc' dir='ltr'>αὐτοῖς</span> 
     </span>
    </p>
   </div>
   <div class='ocr_carea' id='block_1_55' title="bbox 186 3689 1767 3771">
    <p class='ocr_par' dir='ltr' id='par_1_55' title="bbox 186 3689 1767 3771">
     <span class='ocr_line' id='line_1_55' title="bbox 186 3689 1767 3771; baseline 0.009 -32"><span class='ocrx_word' id='word_1_390' title='bbox 186 3689 222 3757; x_wconf 79' lang='grc' dir='ltr'><strong>ἠ</strong></span> <span class='ocrx_word' id='word_1_391' title='bbox 257 3689 402 3758; x_wconf 77' lang='grc' dir='ltr'>μετὰ</span> <span class='ocrx_word' id='word_1_392' title='bbox 427 3689 538 3742; x_wconf 86' lang='grc' dir='ltr'><strong>τῶν</strong></span> <span class='ocrx_word' id='word_1_393' title='bbox 577 3691 780 3745; x_wconf 83' lang='grc' dir='ltr'>πιστῶν</span> <span class='ocrx_word' id='word_1_394' title='bbox 815 3694 1064 3748; x_wconf 67' lang='grc' dir='ltr'>κοινωνία</span> <span class='ocrx_word' id='word_1_395' title='bbox 1093 3695 1182 3749; x_wconf 83' lang='grc' dir='ltr'>διὰ</span> <span class='ocrx_word' id='word_1_396' title='bbox 1222 3696 1314 3750; x_wconf 73' lang='grc' dir='ltr'>δύο</span> <span class='ocrx_word' id='word_1_397' title='bbox 1355 3700 1609 3771; x_wconf 81' lang='grc' dir='ltr'>γινομένη</span> <span class='ocrx_word' id='word_1_398' title='bbox 1647 3702 1767 3755; x_wconf 72' lang='grc' dir='ltr'>τινὰ</span> 
     </span>
    </p>
   </div>
   <div class='ocr_carea' id='block_1_56' title="bbox 184 3781 1766 3866">
    <p class='ocr_par' dir='ltr' id='par_1_56' title="bbox 184 3781 1766 3866">
     <span class='ocr_line' id='line_1_56' title="bbox 184 3781 1766 3866; baseline 0.009 -34"><span class='ocrx_word' id='word_1_399' title='bbox 184 3781 336 3850; x_wconf 70' lang='grc' dir='ltr'>μετὰ</span> <span class='ocrx_word' id='word_1_400' title='bbox 374 3783 702 3847; x_wconf 76' lang='grc' dir='ltr'>ἐπιστασίας</span> <span class='ocrx_word' id='word_1_401' title='bbox 746 3784 1004 3855; x_wconf 79' lang='grc' dir='ltr'>ἀκριϐοῦς</span> <span class='ocrx_word' id='word_1_402' title='bbox 1039 3790 1132 3842; x_wconf 78' lang='grc' dir='ltr'><strong>καὶ</strong></span> <span class='ocrx_word' id='word_1_403' title='bbox 1177 3789 1505 3861; x_wconf 73' lang='grc' dir='ltr'>οἰκονομίας.</span> <span class='ocrx_word' id='word_1_404' title='bbox 1550 3791 1611 3845; x_wconf 77' lang='lat' dir='ltr'><strong>Ei</strong></span> <span class='ocrx_word' id='word_1_405' title='bbox 1659 3794 1766 3866; x_wconf 82' lang='grc' dir='ltr'>γὰρ</span> 
     </span>
    </p>
   </div>
   <div class='ocr_carea' id='block_1_57' title="bbox 182 3872 1765 3948">
    <p class='ocr_par' dir='ltr' id='par_1_57' title="bbox 182 3872 1765 3948">
     <span class='ocr_line' id='line_1_57' title="bbox 182 3872 1765 3948; baseline 0.009 -25"><span class='ocrx_word' id='word_1_406' title='bbox 182 3872 440 3944; x_wconf 77' lang='grc' dir='ltr'>εἴπωμεν</span> <span class='ocrx_word' id='word_1_407' title='bbox 467 3875 542 3947; x_wconf 78' lang='grc' dir='ltr'>μὴ</span> <span class='ocrx_word' id='word_1_408' title='bbox 590 3874 735 3945; x_wconf 79' lang='grc' dir='ltr'>ἔχειν</span> <span class='ocrx_word' id='word_1_409' title='bbox 780 3875 973 3941; x_wconf 80' lang='grc' dir='ltr'>αὐτοὺς</span> <span class='ocrx_word' id='word_1_410' title='bbox 1017 3882 1396 3946; x_wconf 80' lang='grc' dir='ltr'>κοινωνικούς,</span> <span class='ocrx_word' id='word_1_411' title='bbox 1443 3883 1661 3948; x_wconf 83' lang='grc' dir='ltr'>τούτους</span> <span class='ocrx_word' id='word_1_412' title='bbox 1705 3902 1765 3938; x_wconf 87' lang='grc' dir='ltr'><strong>τε</strong></span> 
     </span>
    </p>
   </div>
   <div class='ocr_carea' id='block_1_58' title="bbox 179 3963 1767 4046">
    <p class='ocr_par' dir='ltr' id='par_1_58' title="bbox 179 3963 1767 4046">
     <span class='ocr_line' id='line_1_58' title="bbox 179 3963 1767 4046; baseline 0.008 -28"><span class='ocrx_word' id='word_1_413' title='bbox 179 3963 532 4037; x_wconf 31' lang='grc' dir='ltr'>λήσομεν,</span> <span class='ocrx_word' id='word_1_414' title='bbox 563 3966 639 4030; x_wconf 77' lang='grc' dir='ltr'>ὡς</span> <span class='ocrx_word' id='word_1_415' title='bbox 664 3967 1083 4040; x_wconf 64' lang='grc' dir='ltr'>ἀποφαινόμενοι</span> <span class='ocrx_word' id='word_1_416' title='bbox 1114 3971 1251 4042; x_wconf 78' lang='grc' dir='ltr'>μετὰ</span> <span class='ocrx_word' id='word_1_417' title='bbox 1284 3972 1423 4043; x_wconf 83' lang='grc' dir='ltr'>βίας.</span> <span class='ocrx_word' id='word_1_418' title='bbox 1452 3976 1616 4046; x_wconf 68' lang='grc' dir='ltr'>ἦγουν</span> <span class='ocrx_word' id='word_1_419' title='bbox 1648 3979 1767 4031; x_wconf 83' lang='grc' dir='ltr'>ἐπι-</span> 
     </span>
    </p>
   </div>
   <div class='ocr_carea' id='block_1_59' title="bbox 178 4058 1764 4140">
    <p class='ocr_par' dir='ltr' id='par_1_59' title="bbox 178 4058 1764 4140">
     <span class='ocr_line' id='line_1_59' title="bbox 178 4058 1764 4140; baseline 0.009 -30"><span class='ocrx_word' id='word_1_420' title='bbox 178 4058 594 4128; x_wconf 71' lang='grc' dir='ltr'>τετιμημένονς</span> <span class='ocrx_word' id='word_1_421' title='bbox 620 4099 634 4121; x_wconf 90' lang='grc'><strong>,</strong></span> <span class='ocrx_word' id='word_1_422' title='bbox 689 4060 935 4116; x_wconf 83' lang='grc' dir='ltr'>ἐντεῦθεν</span> <span class='ocrx_word' id='word_1_423' title='bbox 1001 4063 1262 4117; x_wconf 80' lang='grc' dir='ltr'>ἀναλῦσαι</span> <span class='ocrx_word' id='word_1_424' title='bbox 1318 4066 1513 4130; x_wconf 74' lang='grc' dir='ltr'>αὐτοὺς</span> <span class='ocrx_word' id='word_1_425' title='bbox 1537 4108 1550 4132; x_wconf 89' lang='grc'><strong>,</strong></span> <span class='ocrx_word' id='word_1_426' title='bbox 1598 4070 1764 4140; x_wconf 68' lang='grc' dir='ltr'>ἤγουν</span> 
     </span>
    </p>
   </div>
   <div class='ocr_carea' id='block_1_60' title="bbox 179 4149 1765 4226">
    <p class='ocr_par' dir='ltr' id='par_1_60' title="bbox 179 4149 1765 4226">
     <span class='ocr_line' id='line_1_60' title="bbox 179 4149 1765 4226; baseline 0.009 -25"><span class='ocrx_word' id='word_1_427' title='bbox 179 4149 488 4203; x_wconf 70' lang='grc' dir='ltr'>ἀποθανεῖν</span> <span class='ocrx_word' id='word_1_428' title='bbox 511 4166 526 4181; x_wconf 74' lang='grc' dir='ltr'>ο</span> <span class='ocrx_word' id='word_1_429' title='bbox 563 4151 659 4204; x_wconf 72' lang='grc' dir='ltr'>καὶ</span> <span class='ocrx_word' id='word_1_430' title='bbox 685 4153 811 4215; x_wconf 73' lang='grc' dir='ltr'>τοὺς</span> <span class='ocrx_word' id='word_1_431' title='bbox 838 4153 1027 4219; x_wconf 84' lang='grc' dir='ltr'>ἄλλους</span> <span class='ocrx_word' id='word_1_432' title='bbox 1062 4155 1117 4208; x_wconf 81' lang='grc' dir='ltr'><strong>δὲ</strong></span> <span class='ocrx_word' id='word_1_433' title='bbox 1151 4157 1479 4223; x_wconf 75' lang='grc' dir='ltr'>ἐκπεσόντας</span> <span class='ocrx_word' id='word_1_434' title='bbox 1515 4160 1642 4226; x_wconf 79' lang='grc' dir='ltr'>ἴσως</span> <span class='ocrx_word' id='word_1_435' title='bbox 1675 4164 1765 4216; x_wconf 80' lang='grc' dir='ltr'><strong>καὶ</strong></span> 
     </span>
    </p>
   </div>
   <div class='ocr_carea' id='block_1_61' title="bbox 181 4241 1766 4325">
    <p class='ocr_par' dir='ltr' id='par_1_61' title="bbox 181 4241 1766 4325">
     <span class='ocr_line' id='line_1_61' title="bbox 181 4241 1766 4325; baseline 0.009 -29"><span class='ocrx_word' id='word_1_436' title='bbox 181 4241 555 4313; x_wconf 72' lang='grc' dir='ltr'>βωλομένους</span> <span class='ocrx_word' id='word_1_437' title='bbox 578 4244 911 4315; x_wconf 51' lang='grc' dir='ltr'>ὑποστρέψαι</span> <span class='ocrx_word' id='word_1_438' title='bbox 945 4248 1025 4311; x_wconf 73' lang='grc' dir='ltr'><strong>εἰς</strong></span> <span class='ocrx_word' id='word_1_439' title='bbox 1047 4248 1107 4302; x_wconf 82' lang='grc' dir='ltr'>τὸ</span> <span class='ocrx_word' id='word_1_440' title='bbox 1128 4249 1353 4318; x_wconf 83' lang='grc' dir='ltr'>ἀγαθὸν,</span> <span class='ocrx_word' id='word_1_441' title='bbox 1384 4251 1766 4325; x_wconf 78' lang='grc' dir='ltr'>ἐκλελυμένους</span> 
     </span>
    </p>
   </div>
   <div class='ocr_carea' id='block_1_62' title="bbox 180 4333 1764 4414">
    <p class='ocr_par' dir='ltr' id='par_1_62' title="bbox 180 4333 1764 4414">
     <span class='ocr_line' id='line_1_62' title="bbox 180 4333 1764 4414; baseline 0.008 -28"><span class='ocrx_word' id='word_1_442' title='bbox 180 4334 330 4405; x_wconf 68' lang='grc' dir='ltr'>πρὸς</span> <span class='ocrx_word' id='word_1_443' title='bbox 359 4333 521 4388; x_wconf 84' lang='grc' dir='ltr'>τοῦτο</span> <span class='ocrx_word' id='word_1_444' title='bbox 549 4336 643 4387; x_wconf 80' lang='grc' dir='ltr'>καὶ</span> <span class='ocrx_word' id='word_1_445' title='bbox 673 4336 893 4407; x_wconf 77' lang='grc' dir='ltr'>ἀμελεῖς</span> <span class='ocrx_word' id='word_1_446' title='bbox 917 4339 1234 4411; x_wconf 83' lang='grc' dir='ltr'>ποιήσομεν,</span> <span class='ocrx_word' id='word_1_447' title='bbox 1272 4344 1764 4414; x_wconf 69' lang='grc' dir='ltr'>προφασιζομένους</span> 
     </span>
    </p>
   </div>
   <div class='ocr_carea' id='block_1_63' title="bbox 1870 1850 3430 1928">
    <p class='ocr_par' dir='ltr' id='par_1_63' title="bbox 1870 1850 3430 1928">
     <span class='ocr_line' id='line_1_63' title="bbox 1870 1850 3430 1928; baseline 0.01 -26"><span class='ocrx_word' id='word_1_448' title='bbox 1870 1850 1973 1920; x_wconf 89' lang='lat' dir='ltr'><strong>ipsi</strong></span> <span class='ocrx_word' id='word_1_449' title='bbox 2003 1850 2175 1905; x_wconf 88' lang='lat' dir='ltr'><strong>labem</strong></span> <span class='ocrx_word' id='word_1_450' title='bbox 2217 1852 2417 1908; x_wconf 88' lang='lat' dir='ltr'><strong>attulit.</strong></span> <span class='ocrx_word' id='word_1_451' title='bbox 2451 1854 2521 1909; x_wconf 94' lang='lat' dir='ltr'><strong>Ut</strong></span> <span class='ocrx_word' id='word_1_452' title='bbox 2549 1865 2729 1911; x_wconf 83' lang='lat' dir='ltr'><strong>autem</strong></span> <span class='ocrx_word' id='word_1_453' title='bbox 2784 1859 2967 1928; x_wconf 86' lang='lat' dir='ltr'><strong>populi</strong></span> <span class='ocrx_word' id='word_1_454' title='bbox 3000 1860 3301 1915; x_wconf 87' lang='lat' dir='ltr'><strong>doctrinam</strong></span> <span class='ocrx_word' id='word_1_455' title='bbox 3332 1878 3430 1917; x_wconf 83' lang='lat' dir='ltr'><strong>ne-</strong></span> 
     </span>
    </p>
   </div>
   <div class='ocr_carea' id='block_1_64' title="bbox 1868 1940 3430 2022">
    <p class='ocr_par' dir='ltr' id='par_1_64' title="bbox 1868 1940 3430 2022">
     <span class='ocr_line' id='line_1_64' title="bbox 1868 1940 3430 2022; baseline 0.009 -30"><span class='ocrx_word' id='word_1_456' title='bbox 1868 1940 2154 2011; x_wconf 76' lang='lat' dir='ltr'><strong>gligerent,</strong></span> <span class='ocrx_word' id='word_1_457' title='bbox 2184 1952 2238 1996; x_wconf 88' lang='lat' dir='ltr'><strong>et</strong></span> <span class='ocrx_word' id='word_1_458' title='bbox 2261 1958 2415 1998; x_wconf 85' lang='lat' dir='ltr'><strong>suam</strong></span> <span class='ocrx_word' id='word_1_459' title='bbox 2452 1945 2740 2000; x_wconf 86' lang='lat' dir='ltr'><strong>utilitatem</strong></span> <span class='ocrx_word' id='word_1_460' title='bbox 2776 1947 3113 2018; x_wconf 74' lang='lat' dir='ltr'><strong>praeferrent,</strong></span> <span class='ocrx_word' id='word_1_461' title='bbox 3166 1966 3266 2005; x_wconf 88' lang='lat' dir='ltr'><strong>nec</strong></span> <span class='ocrx_word' id='word_1_462' title='bbox 3299 1966 3430 2022; x_wconf 86' lang='lat' dir='ltr'><strong>apo—</strong></span> 
     </span>
    </p>
   </div>
   <div class='ocr_carea' id='block_1_65' title="bbox 1870 2034 3428 2114">
    <p class='ocr_par' dir='ltr' id='par_1_65' title="bbox 1870 2034 3428 2114">
     <span class='ocr_line' id='line_1_65' title="bbox 1870 2034 3428 2114; baseline 0.005 -23"><span class='ocrx_word' id='word_1_463' title='bbox 1870 2034 1995 2091; x_wconf 91' lang='lat' dir='ltr'><strong>stoli</strong></span> <span class='ocrx_word' id='word_1_464' title='bbox 2020 2034 2278 2091; x_wconf 84' lang='lat' dir='ltr'><strong>fecerunt.</strong></span> <span class='ocrx_word' id='word_1_465' title='bbox 2304 2036 2529 2108; x_wconf 76' lang='lat' dir='ltr'><strong>Magnus</strong></span> <span class='ocrx_word' id='word_1_466' title='bbox 2544 2039 2688 2094; x_wconf 90' lang='lat' dir='ltr'><strong>enim</strong></span> <span class='ocrx_word' id='word_1_467' title='bbox 2704 2038 2926 2106; x_wconf 86' lang='lat' dir='ltr'><strong>Paulus,</strong></span> <span class='ocrx_word' id='word_1_468' title='bbox 2950 2049 3235 2114; x_wconf 86' lang='lat' dir='ltr'><strong>postquam</strong></span> <span class='ocrx_word' id='word_1_469' title='bbox 3259 2046 3428 2100; x_wconf 89' lang='lat' dir='ltr'><strong>multa</strong></span> 
     </span>
    </p>
   </div>
   <div class='ocr_carea' id='block_1_66' title="bbox 1869 2127 3428 2200">
    <p class='ocr_par' dir='ltr' id='par_1_66' title="bbox 1869 2127 3428 2200">
     <span class='ocr_line' id='line_1_66' title="bbox 1869 2127 3428 2200; baseline 0.007 -21"><span class='ocrx_word' id='word_1_470' title='bbox 1869 2133 2137 2183; x_wconf 88' lang='lat' dir='ltr'><strong>tormenta</strong></span> <span class='ocrx_word' id='word_1_471' title='bbox 2185 2127 2465 2193; x_wconf 88' lang='lat' dir='ltr'><strong>subiisset,</strong></span> <span class='ocrx_word' id='word_1_472' title='bbox 2523 2129 2835 2200; x_wconf 81' lang='lat' dir='ltr'><strong>intelligens</strong></span> <span class='ocrx_word' id='word_1_473' title='bbox 2862 2133 3036 2187; x_wconf 84' lang='lat' dir='ltr'><strong>multo</strong></span> <span class='ocrx_word' id='word_1_474' title='bbox 3059 2148 3182 2189; x_wconf 88' lang='lat' dir='ltr'><strong>esse</strong></span> <span class='ocrx_word' id='word_1_475' title='bbox 3233 2135 3428 2190; x_wconf 88' lang='lat' dir='ltr'><strong>melius</strong></span> 
     </span>
    </p>
   </div>
   <div class='ocr_carea' id='block_1_67' title="bbox 1867 2219 3429 2298">
    <p class='ocr_par' dir='ltr' id='par_1_67' title="bbox 1867 2219 3429 2298">
     <span class='ocr_line' id='line_1_67' title="bbox 1867 2219 3429 2298; baseline 0.008 -28"><span class='ocrx_word' id='word_1_476' title='bbox 1867 2219 2033 2273; x_wconf 84' lang='lat' dir='ltr'><strong>vitam</strong></span> <span class='ocrx_word' id='word_1_477' title='bbox 2064 2220 2393 2292; x_wconf 84' lang='lat' dir='ltr'><strong>relinquere,</strong></span> <span class='ocrx_word' id='word_1_478' title='bbox 2420 2222 2612 2276; x_wconf 85' lang='lat' dir='ltr'><strong>maluit</strong></span> <span class='ocrx_word' id='word_1_479' title='bbox 2630 2222 2812 2279; x_wconf 82' lang='lat' dir='ltr'><strong>vivere</strong></span> <span class='ocrx_word' id='word_1_480' title='bbox 2842 2232 2896 2279; x_wconf 92' lang='lat' dir='ltr'><strong>et</strong></span> <span class='ocrx_word' id='word_1_481' title='bbox 2926 2227 3165 2296; x_wconf 86' lang='lat' dir='ltr'><strong>torqueri</strong></span> <span class='ocrx_word' id='word_1_482' title='bbox 3205 2235 3429 2298; x_wconf 79' lang='lat' dir='ltr'><strong>prapter</strong></span> 
     </span>
    </p>
   </div>
   <div class='ocr_carea' id='block_1_68' title="bbox 1869 2307 3428 2385">
    <p class='ocr_par' dir='ltr' id='par_1_68' title="bbox 1869 2307 3428 2385">
     <span class='ocr_line' id='line_1_68' title="bbox 1869 2307 3428 2385; baseline 0.006 -23"><span class='ocrx_word' id='word_1_483' title='bbox 1869 2307 2098 2365; x_wconf 87' lang='lat' dir='ltr'><strong>salutem</strong></span> <span class='ocrx_word' id='word_1_484' title='bbox 2128 2318 2182 2365; x_wconf 91' lang='lat' dir='ltr'><strong>et</strong></span> <span class='ocrx_word' id='word_1_485' title='bbox 2212 2311 2511 2366; x_wconf 85' lang='lat' dir='ltr'><strong>doctrinam</strong></span> <span class='ocrx_word' id='word_1_486' title='bbox 2540 2313 2743 2384; x_wconf 85' lang='lat' dir='ltr'><strong>pepuli.</strong></span> <span class='ocrx_word' id='word_1_487' title='bbox 2802 2311 2977 2370; x_wconf 88' lang='lat' dir='ltr'><strong>Sensu</strong></span> <span class='ocrx_word' id='word_1_488' title='bbox 3029 2331 3159 2385; x_wconf 78' lang='lat' dir='ltr'><strong>ergo</strong></span> <span class='ocrx_word' id='word_1_489' title='bbox 3206 2317 3428 2372; x_wconf 82' lang='lat' dir='ltr'><strong>omnino</strong></span> 
     </span>
    </p>
   </div>
   <div class='ocr_carea' id='block_1_69' title="bbox 1868 2401 3427 2478">
    <p class='ocr_par' dir='ltr' id='par_1_69' title="bbox 1868 2401 3427 2478">
     <span class='ocr_line' id='line_1_69' title="bbox 1868 2401 3427 2478; baseline 0.004 -24"><span class='ocrx_word' id='word_1_490' title='bbox 1868 2408 2076 2465; x_wconf 90' lang='lat' dir='ltr'><strong>carent,</strong></span> <span class='ocrx_word' id='word_1_491' title='bbox 2100 2401 2192 2471; x_wconf 89' lang='lat' dir='ltr'><strong>qui</strong></span> <span class='ocrx_word' id='word_1_492' title='bbox 2225 2411 2413 2471; x_wconf 89' lang='lat' dir='ltr'><strong>petunt</strong></span> <span class='ocrx_word' id='word_1_493' title='bbox 2446 2419 2662 2459; x_wconf 86' lang='lat' dir='ltr'><strong>sacrum</strong></span> <span class='ocrx_word' id='word_1_494' title='bbox 2705 2405 3093 2471; x_wconf 87' lang='lat' dir='ltr'><strong>ministerium,</strong></span> <span class='ocrx_word' id='word_1_495' title='bbox 3132 2422 3161 2460; x_wconf 86' lang='lat' dir='ltr'><strong>a</strong></span> <span class='ocrx_word' id='word_1_496' title='bbox 3192 2423 3302 2478; x_wconf 88' lang='lat' dir='ltr'><strong>quo</strong></span> <span class='ocrx_word' id='word_1_497' title='bbox 3328 2424 3427 2463; x_wconf 87' lang='lat' dir='ltr'><strong>sua</strong></span> 
     </span>
    </p>
   </div>
   <div class='ocr_carea' id='block_1_70' title="bbox 1869 2495 3431 2570">
    <p class='ocr_par' dir='ltr' id='par_1_70' title="bbox 1869 2495 3431 2570">
     <span class='ocr_line' id='line_1_70' title="bbox 1869 2495 3431 2570; baseline 0.006 -25"><span class='ocrx_word' id='word_1_498' title='bbox 1869 2500 2061 2563; x_wconf 84' lang='lat' dir='ltr'><strong>sponte</strong></span> <span class='ocrx_word' id='word_1_499' title='bbox 2091 2495 2426 2551; x_wconf 82' lang='lat' dir='ltr'><strong>exciderunt.</strong></span> <span class='ocrx_word' id='word_1_500' title='bbox 2458 2495 2739 2564; x_wconf 85' lang='lat' dir='ltr'><strong>Quomodo</strong></span> <span class='ocrx_word' id='word_1_501' title='bbox 2770 2500 2914 2553; x_wconf 89' lang='lat' dir='ltr'><strong>enim</strong></span> <span class='ocrx_word' id='word_1_502' title='bbox 2960 2506 3149 2568; x_wconf 87' lang='lat' dir='ltr'><strong>petunt</strong></span> <span class='ocrx_word' id='word_1_503' title='bbox 3175 2499 3319 2570; x_wconf 89' lang='lat' dir='ltr'><strong>quod</strong></span> <span class='ocrx_word' id='word_1_504' title='bbox 3344 2516 3431 2554; x_wconf 83' lang='lat' dir='ltr'><strong>re-</strong></span> 
     </span>
    </p>
   </div>
   <div class='ocr_carea' id='block_1_71' title="bbox 1868 2583 3426 2661">
    <p class='ocr_par' dir='ltr' id='par_1_71' title="bbox 1868 2583 3426 2661">
     <span class='ocr_line' id='line_1_71' title="bbox 1868 2583 3426 2661; baseline 0.005 -25"><span class='ocrx_word' id='word_1_505' title='bbox 1868 2583 2165 2654; x_wconf 90' lang='lat' dir='ltr'><strong>liquerunt,</strong></span> <span class='ocrx_word' id='word_1_506' title='bbox 2198 2602 2321 2642; x_wconf 88' lang='lat' dir='ltr'><strong>cum</strong></span> <span class='ocrx_word' id='word_1_507' title='bbox 2352 2589 2566 2658; x_wconf 90' lang='lat' dir='ltr'><strong>possint</strong></span> <span class='ocrx_word' id='word_1_508' title='bbox 2592 2590 2646 2643; x_wconf 93' lang='lat' dir='ltr'><strong>in</strong></span> <span class='ocrx_word' id='word_1_509' title='bbox 2669 2590 2772 2644; x_wconf 88' lang='lat' dir='ltr'><strong>hac</strong></span> <span class='ocrx_word' id='word_1_510' title='bbox 2797 2596 3140 2660; x_wconf 87' lang='lat' dir='ltr'><strong>tempestate,</strong></span> <span class='ocrx_word' id='word_1_511' title='bbox 3169 2605 3426 2661; x_wconf 79' lang='lat' dir='ltr'><strong>persecu—</strong></span> 
     </span>
    </p>
   </div>
   <div class='ocr_carea' id='block_1_72' title="bbox 1869 2676 3425 2753">
    <p class='ocr_par' dir='ltr' id='par_1_72' title="bbox 1869 2676 3425 2753">
     <span class='ocr_line' id='line_1_72' title="bbox 1869 2676 3425 2753; baseline 0.006 -24"><span class='ocrx_word' id='word_1_512' title='bbox 1869 2676 2032 2733; x_wconf 91' lang='lat' dir='ltr'><strong>tionis</strong></span> <span class='ocrx_word' id='word_1_513' title='bbox 2060 2679 2287 2743; x_wconf 90' lang='lat' dir='ltr'><strong>scilicet,</strong></span> <span class='ocrx_word' id='word_1_514' title='bbox 2321 2679 2584 2735; x_wconf 78' lang='lat' dir='ltr'><strong>fratribus</strong></span> <span class='ocrx_word' id='word_1_515' title='bbox 2615 2698 2739 2737; x_wconf 88' lang='lat' dir='ltr'><strong>esse</strong></span> <span class='ocrx_word' id='word_1_516' title='bbox 2765 2682 2970 2738; x_wconf 88' lang='lat' dir='ltr'><strong>utiles?</strong></span> <span class='ocrx_word' id='word_1_517' title='bbox 3002 2681 3062 2737; x_wconf 90' lang='lat' dir='ltr'><strong>Si</strong></span> <span class='ocrx_word' id='word_1_518' title='bbox 3087 2682 3272 2753; x_wconf 89' lang='lat' dir='ltr'><strong>itaque</strong></span> <span class='ocrx_word' id='word_1_519' title='bbox 3315 2699 3425 2739; x_wconf 88' lang='lat' dir='ltr'><strong>non</strong></span> 
     </span>
    </p>
   </div>
   <div class='ocr_carea' id='block_1_73' title="bbox 1868 2769 3415 2843">
    <p class='ocr_par' dir='ltr' id='par_1_73' title="bbox 1868 2769 3415 2843">
     <span class='ocr_line' id='line_1_73' title="bbox 1868 2769 3415 2843; baseline 0.006 -20"><span class='ocrx_word' id='word_1_520' title='bbox 1868 2769 2210 2837; x_wconf 80' lang='lat' dir='ltr'><strong>cecidissent,</strong></span> <span class='ocrx_word' id='word_1_521' title='bbox 2249 2771 2446 2843; x_wconf 89' lang='lat' dir='ltr'><strong>inquit,</strong></span> <span class='ocrx_word' id='word_1_522' title='bbox 2480 2774 2601 2843; x_wconf 84' lang='lat' dir='ltr'><strong>ejus</strong></span> <span class='ocrx_word' id='word_1_523' title='bbox 2636 2774 2778 2843; x_wconf 83' lang='lat' dir='ltr'><strong>quod</strong></span> <span class='ocrx_word' id='word_1_524' title='bbox 2809 2783 3009 2840; x_wconf 69' lang='lat' dir='ltr'><strong>praeter</strong></span> <span class='ocrx_word' id='word_1_525' title='bbox 3052 2775 3316 2831; x_wconf 90' lang='lat' dir='ltr'><strong>rationem</strong></span> <span class='ocrx_word' id='word_1_526' title='bbox 3344 2776 3415 2832; x_wconf 86' lang='lat' dir='ltr'><strong>fe-</strong></span> 
     </span>
    </p>
   </div>
   <div class='ocr_carea' id='block_1_74' title="bbox 1868 2863 3423 2936">
    <p class='ocr_par' dir='ltr' id='par_1_74' title="bbox 1868 2863 3423 2936">
     <span class='ocr_line' id='line_1_74' title="bbox 1868 2863 3423 2936; baseline 0.003 -20"><span class='ocrx_word' id='word_1_527' title='bbox 1868 2863 2091 2929; x_wconf 89' lang='lat' dir='ltr'><strong>cissent,</strong></span> <span class='ocrx_word' id='word_1_528' title='bbox 2124 2865 2205 2920; x_wconf 90' lang='lat' dir='ltr'><strong>eis</strong></span> <span class='ocrx_word' id='word_1_529' title='bbox 2238 2865 2462 2920; x_wconf 86' lang='lat' dir='ltr'><strong>daretur</strong></span> <span class='ocrx_word' id='word_1_530' title='bbox 2478 2869 2659 2933; x_wconf 73' lang='lat' dir='ltr'><strong>venia,</strong></span> <span class='ocrx_word' id='word_1_531' title='bbox 2687 2877 3000 2936; x_wconf 67' lang='lat' dir='ltr'><strong>spontaneze</strong></span> <span class='ocrx_word' id='word_1_532' title='bbox 3039 2866 3248 2920; x_wconf 87' lang='lat' dir='ltr'><strong>scilicet</strong></span> <span class='ocrx_word' id='word_1_533' title='bbox 3263 2865 3423 2936; x_wconf 69' lang='lat' dir='ltr'><strong>fugas,</strong></span> 
     </span>
    </p>
   </div>
   <div class='ocr_carea' id='block_1_75' title="bbox 1867 2952 3423 3011">
    <p class='ocr_par' dir='ltr' id='par_1_75' title="bbox 1867 2952 3423 3011">
     <span class='ocr_line' id='line_1_75' title="bbox 1867 2952 3423 3011; baseline 0.002 -3"><span class='ocrx_word' id='word_1_534' title='bbox 1867 2954 1950 3008; x_wconf 83' lang='lat' dir='ltr'><strong>vel</strong></span> <span class='ocrx_word' id='word_1_535' title='bbox 1985 2953 2040 3008; x_wconf 91' lang='lat' dir='ltr'><strong>in</strong></span> <span class='ocrx_word' id='word_1_536' title='bbox 2067 2952 2329 3011; x_wconf 83' lang='lat' dir='ltr'><strong>fratribus</strong></span> <span class='ocrx_word' id='word_1_537' title='bbox 2354 2954 2614 3010; x_wconf 89' lang='lat' dir='ltr'><strong>docendis</strong></span> <span class='ocrx_word' id='word_1_538' title='bbox 2641 2964 2693 3009; x_wconf 90' lang='lat' dir='ltr'><strong>et</strong></span> <span class='ocrx_word' id='word_1_539' title='bbox 2723 2955 3112 3011; x_wconf 88' lang='lat' dir='ltr'><strong>conﬁrmandis</strong></span> <span class='ocrx_word' id='word_1_540' title='bbox 3141 2956 3423 3011; x_wconf 69' lang='lat' dir='ltr'><strong>socordius.</strong></span> 
     </span>
    </p>
   </div>
   <div class='ocr_carea' id='block_1_76' title="bbox 1870 3045 3423 3118">
    <p class='ocr_par' dir='ltr' id='par_1_76' title="bbox 1870 3045 3423 3118">
     <span class='ocr_line' id='line_1_76' title="bbox 1870 3045 3423 3118; baseline 0.001 -19"><span class='ocrx_word' id='word_1_541' title='bbox 1870 3045 1965 3100; x_wconf 76' lang='lat' dir='ltr'><strong>Sin</strong></span> <span class='ocrx_word' id='word_1_542' title='bbox 1994 3054 2169 3101; x_wconf 89' lang='lat' dir='ltr'><strong>autem</strong></span> <span class='ocrx_word' id='word_1_543' title='bbox 2196 3054 2417 3117; x_wconf 82' lang='lat' dir='ltr'><strong>propter</strong></span> <span class='ocrx_word' id='word_1_544' title='bbox 2433 3062 2587 3101; x_wconf 90' lang='lat' dir='ltr'><strong>suam</strong></span> <span class='ocrx_word' id='word_1_545' title='bbox 2618 3048 2961 3103; x_wconf 81' lang='lat' dir='ltr'><strong>insolentiam</strong></span> <span class='ocrx_word' id='word_1_546' title='bbox 2987 3057 3040 3102; x_wconf 90' lang='lat' dir='ltr'><strong>et</strong></span> <span class='ocrx_word' id='word_1_547' title='bbox 3061 3048 3423 3118; x_wconf 82' lang='lat' dir='ltr'><strong>arrogantiam</strong></span> 
     </span>
    </p>
   </div>
   <div class='ocr_carea' id='block_1_77' title="bbox 1794 3112 3429 3210">
    <p class='ocr_par' dir='ltr' id='par_1_77' title="bbox 1794 3112 3429 3210">
     <span class='ocr_line' id='line_1_77' title="bbox 1794 3112 3429 3210; baseline 0.001 -19"><span class='ocrx_word' id='word_1_548' title='bbox 1794 3112 1839 3175; x_wconf 62' lang='grc' dir='ltr'><strong>(ἶ</strong></span> <span class='ocrx_word' id='word_1_549' title='bbox 1868 3140 2009 3210; x_wconf 87' lang='lat' dir='ltr'><strong>lapsi</strong></span> <span class='ocrx_word' id='word_1_550' title='bbox 2041 3147 2167 3194; x_wconf 90' lang='lat' dir='ltr'><strong>sunt</strong></span> <span class='ocrx_word' id='word_1_551' title='bbox 2242 3112 2347 3195; x_wconf 82' lang='lat' dir='ltr'><strong>tale</strong></span> <span class='ocrx_word' id='word_1_552' title='bbox 2385 3140 2528 3194; x_wconf 88' lang='lat' dir='ltr'><strong>enim</strong></span> <span class='ocrx_word' id='word_1_553' title='bbox 2552 3149 2634 3194; x_wconf 88' lang='lat' dir='ltr'><strong>est</strong></span> <span class='ocrx_word' id='word_1_554' title='bbox 2663 3156 2721 3195; x_wconf 91' lang='lat' dir='ltr'><strong>se</strong></span> <span class='ocrx_word' id='word_1_555' title='bbox 2754 3148 2954 3195; x_wconf 83' lang='lat' dir='ltr'><strong>temere</strong></span> <span class='ocrx_word' id='word_1_556' title='bbox 2982 3141 3265 3196; x_wconf 88' lang='lat' dir='ltr'><strong>tormentis</strong></span> <span class='ocrx_word' id='word_1_557' title='bbox 3289 3140 3429 3210; x_wconf 85' lang='lat' dir='ltr'><strong>obji-</strong></span> 
     </span>
    </p>
   </div>
   <div class='ocr_carea' id='block_1_78' title="bbox 1867 3231 3424 3304">
    <p class='ocr_par' dir='ltr' id='par_1_78' title="bbox 1867 3231 3424 3304">
     <span class='ocr_line' id='line_1_78' title="bbox 1867 3231 3424 3304; baseline 0.001 -16"><span class='ocrx_word' id='word_1_558' title='bbox 1867 3246 1992 3288; x_wconf 89' lang='lat' dir='ltr'><strong>cere</strong></span> <span class='ocrx_word' id='word_1_559' title='bbox 2012 3231 2232 3295; x_wconf 88' lang='lat' dir='ltr'><strong>audere,</strong></span> <span class='ocrx_word' id='word_1_560' title='bbox 2262 3246 2363 3286; x_wconf 90' lang='lat' dir='ltr'><strong>nec</strong></span> <span class='ocrx_word' id='word_1_561' title='bbox 2395 3246 2553 3302; x_wconf 82' lang='lat' dir='ltr'><strong>posse</strong></span> <span class='ocrx_word' id='word_1_562' title='bbox 2573 3232 2825 3297; x_wconf 89' lang='lat' dir='ltr'><strong>tolerare,</strong></span> <span class='ocrx_word' id='word_1_563' title='bbox 2853 3242 2906 3287; x_wconf 91' lang='lat' dir='ltr'><strong>et</strong></span> <span class='ocrx_word' id='word_1_564' title='bbox 2934 3241 3219 3304; x_wconf 85' lang='lat' dir='ltr'><strong>prepterea</strong></span> <span class='ocrx_word' id='word_1_565' title='bbox 3246 3233 3315 3289; x_wconf 88' lang='lat' dir='ltr'><strong>de</strong></span> <span class='ocrx_word' id='word_1_566' title='bbox 3341 3235 3424 3289; x_wconf 89' lang='lat' dir='ltr'><strong>eis</strong></span> 
     </span>
    </p>
   </div>
   <div class='ocr_carea' id='block_1_79' title="bbox 1867 3320 3424 3395">
    <p class='ocr_par' dir='ltr' id='par_1_79' title="bbox 1867 3320 3424 3395">
     <span class='ocr_line' id='line_1_79' title="bbox 1867 3320 3424 3395; baseline 0.001 -19"><span class='ocrx_word' id='word_1_567' title='bbox 1867 3323 2176 3393; x_wconf 83' lang='lat' dir='ltr'><strong>triumphus</strong></span> <span class='ocrx_word' id='word_1_568' title='bbox 2207 3333 2359 3378; x_wconf 86' lang='lat' dir='ltr'><strong>actus</strong></span> <span class='ocrx_word' id='word_1_569' title='bbox 2410 3320 2537 3394; x_wconf 89' lang='lat' dir='ltr'><strong>est),</strong></span> <span class='ocrx_word' id='word_1_570' title='bbox 2581 3338 2690 3377; x_wconf 92' lang='lat' dir='ltr'><strong>non</strong></span> <span class='ocrx_word' id='word_1_571' title='bbox 2744 3334 2973 3394; x_wconf 88' lang='lat' dir='ltr'><strong>possunt</strong></span> <span class='ocrx_word' id='word_1_572' title='bbox 3009 3323 3242 3395; x_wconf 87' lang='lat' dir='ltr'><strong>amplius</strong></span> <span class='ocrx_word' id='word_1_573' title='bbox 3267 3338 3424 3380; x_wconf 85' lang='lat' dir='ltr'><strong>sacra</strong></span> 
     </span>
    </p>
   </div>
   <div class='ocr_carea' id='block_1_80' title="bbox 1866 3413 3426 3488">
    <p class='ocr_par' dir='ltr' id='par_1_80' title="bbox 1866 3413 3426 3488">
     <span class='ocr_line' id='line_1_80' title="bbox 1866 3413 3426 3488; baseline 0.004 -20"><span class='ocrx_word' id='word_1_574' title='bbox 1866 3414 2168 3469; x_wconf 88' lang='lat' dir='ltr'><strong>ministeria</strong></span> <span class='ocrx_word' id='word_1_575' title='bbox 2185 3414 2356 3469; x_wconf 88' lang='lat' dir='ltr'><strong>obire.</strong></span> <span class='ocrx_word' id='word_1_576' title='bbox 2373 3413 2733 3481; x_wconf 88' lang='lat' dir='ltr'><strong>Quamobrem</strong></span> <span class='ocrx_word' id='word_1_577' title='bbox 2757 3415 2927 3488; x_wconf 77' lang='lat' dir='ltr'><strong>magis</strong></span> <span class='ocrx_word' id='word_1_578' title='bbox 2944 3426 3136 3473; x_wconf 86' lang='lat' dir='ltr'><strong>curent</strong></span> <span class='ocrx_word' id='word_1_579' title='bbox 3152 3418 3426 3488; x_wconf 88' lang='lat' dir='ltr'><strong>quomodo</strong></span> 
     </span>
    </p>
   </div>
   <div class='ocr_carea' id='block_1_81' title="bbox 1867 3504 3425 3577">
    <p class='ocr_par' dir='ltr' id='par_1_81' title="bbox 1867 3504 3425 3577">
     <span class='ocr_line' id='line_1_81' title="bbox 1867 3504 3425 3577; baseline 0.003 -18"><span class='ocrx_word' id='word_1_580' title='bbox 1867 3505 2265 3561; x_wconf 85' lang='lat' dir='ltr'><strong>confessionem</strong></span> <span class='ocrx_word' id='word_1_581' title='bbox 2293 3504 2347 3559; x_wconf 91' lang='lat' dir='ltr'><strong>in</strong></span> <span class='ocrx_word' id='word_1_582' title='bbox 2384 3504 2690 3560; x_wconf 86' lang='lat' dir='ltr'><strong>humilitate</strong></span> <span class='ocrx_word' id='word_1_583' title='bbox 2745 3514 3024 3577; x_wconf 84' lang='lat' dir='ltr'><strong>peragant,</strong></span> <span class='ocrx_word' id='word_1_584' title='bbox 3085 3516 3364 3563; x_wconf 87' lang='lat' dir='ltr'><strong>cessantes</strong></span> <span class='ocrx_word' id='word_1_585' title='bbox 3394 3525 3425 3563; x_wconf 87' lang='lat' dir='ltr'><strong>a</strong></span> 
     </span>
    </p>
   </div>
   <div class='ocr_carea' id='block_1_82' title="bbox 1866 3597 3428 3668">
    <p class='ocr_par' dir='ltr' id='par_1_82' title="bbox 1866 3597 3428 3668">
     <span class='ocr_line' id='line_1_82' title="bbox 1866 3597 3428 3668; baseline 0.001 -17"><span class='ocrx_word' id='word_1_586' title='bbox 1866 3612 2006 3651; x_wconf 82' lang='lat' dir='ltr'><strong>vana</strong></span> <span class='ocrx_word' id='word_1_587' title='bbox 2034 3597 2204 3668; x_wconf 78' lang='lat' dir='ltr'><strong>gloria</strong></span> <span class='ocrx_word' id='word_1_588' title='bbox 2247 3612 2462 3652; x_wconf 90' lang='lat' dir='ltr'><strong>sacrum</strong></span> <span class='ocrx_word' id='word_1_589' title='bbox 2494 3597 2857 3652; x_wconf 77' lang='lat' dir='ltr'><strong>minister-ium</strong></span> <span class='ocrx_word' id='word_1_590' title='bbox 2912 3598 3127 3668; x_wconf 88' lang='lat' dir='ltr'><strong>petendi</strong></span> <span class='ocrx_word' id='word_1_591' title='bbox 3162 3618 3177 3654; x_wconf 90' lang='lat'><strong>:</strong></span> <span class='ocrx_word' id='word_1_592' title='bbox 3231 3598 3428 3656; x_wconf 74' lang='lat' dir='ltr'><strong>sufﬁcit</strong></span> 
     </span>
    </p>
   </div>
   <div class='ocr_carea' id='block_1_83' title="bbox 1865 3686 3428 3762">
    <p class='ocr_par' dir='ltr' id='par_1_83' title="bbox 1865 3686 3428 3762">
     <span class='ocr_line' id='line_1_83' title="bbox 1865 3686 3428 3762; baseline 0.001 -17"><span class='ocrx_word' id='word_1_593' title='bbox 1865 3690 2010 3745; x_wconf 91' lang='lat' dir='ltr'><strong>enim</strong></span> <span class='ocrx_word' id='word_1_594' title='bbox 2052 3690 2132 3744; x_wconf 89' lang='lat' dir='ltr'><strong>eis</strong></span> <span class='ocrx_word' id='word_1_595' title='bbox 2165 3702 2289 3743; x_wconf 88' lang='lat' dir='ltr'><strong>cum</strong></span> <span class='ocrx_word' id='word_1_596' title='bbox 2319 3686 2573 3743; x_wconf 83' lang='lat' dir='ltr'><strong>ﬁdelibus</strong></span> <span class='ocrx_word' id='word_1_597' title='bbox 2596 3689 2929 3753; x_wconf 84' lang='lat' dir='ltr'><strong>communio,</strong></span> <span class='ocrx_word' id='word_1_598' title='bbox 2961 3705 3082 3760; x_wconf 74' lang='lat' dir='ltr'><strong>quae</strong></span> <span class='ocrx_word' id='word_1_599' title='bbox 3114 3689 3175 3744; x_wconf 89' lang='lat' dir='ltr'><strong>ﬁt</strong></span> <span class='ocrx_word' id='word_1_600' title='bbox 3207 3699 3428 3762; x_wconf 86' lang='lat' dir='ltr'><strong>propter</strong></span> 
     </span>
    </p>
   </div>
   <div class='ocr_carea' id='block_1_84' title="bbox 1866 3779 3426 3852">
    <p class='ocr_par' dir='ltr' id='par_1_84' title="bbox 1866 3779 3426 3852">
     <span class='ocr_line' id='line_1_84' title="bbox 1866 3779 3426 3852; baseline 0 -15"><span class='ocrx_word' id='word_1_601' title='bbox 1866 3782 1995 3846; x_wconf 92' lang='lat' dir='ltr'><strong>duo,</strong></span> <span class='ocrx_word' id='word_1_602' title='bbox 2027 3779 2271 3852; x_wconf 83' lang='lat' dir='ltr'><strong>diligenti</strong></span> <span class='ocrx_word' id='word_1_603' title='bbox 2300 3781 2552 3834; x_wconf 87' lang='lat' dir='ltr'><strong>cautione</strong></span> <span class='ocrx_word' id='word_1_604' title='bbox 2582 3790 2841 3850; x_wconf 84' lang='lat' dir='ltr'><strong>reetoque</strong></span> <span class='ocrx_word' id='word_1_605' title='bbox 2867 3781 3119 3837; x_wconf 89' lang='lat' dir='ltr'><strong>consilio.</strong></span> <span class='ocrx_word' id='word_1_606' title='bbox 3174 3780 3229 3836; x_wconf 84' lang='lat' dir='ltr'><strong>Si</strong></span> <span class='ocrx_word' id='word_1_607' title='bbox 3281 3784 3426 3838; x_wconf 90' lang='lat' dir='ltr'><strong>enim</strong></span> 
     </span>
    </p>
   </div>
   <div class='ocr_carea' id='block_1_85' title="bbox 1866 3873 3430 3945">
    <p class='ocr_par' dir='ltr' id='par_1_85' title="bbox 1866 3873 3430 3945">
     <span class='ocr_line' id='line_1_85' title="bbox 1866 3873 3430 3945; baseline -0.001 -15"><span class='ocrx_word' id='word_1_608' title='bbox 1866 3875 2162 3932; x_wconf 81' lang='lat' dir='ltr'><strong>dixerimus</strong></span> <span class='ocrx_word' id='word_1_609' title='bbox 2212 3890 2312 3929; x_wconf 89' lang='lat' dir='ltr'><strong>nos</strong></span> <span class='ocrx_word' id='word_1_610' title='bbox 2359 3890 2455 3929; x_wconf 88' lang='lat' dir='ltr'><strong>eos</strong></span> <span class='ocrx_word' id='word_1_611' title='bbox 2489 3889 2596 3927; x_wconf 90' lang='lat' dir='ltr'><strong>non</strong></span> <span class='ocrx_word' id='word_1_612' title='bbox 2622 3873 2822 3930; x_wconf 84' lang='lat' dir='ltr'><strong>habere</strong></span> <span class='ocrx_word' id='word_1_613' title='bbox 2846 3889 2945 3945; x_wconf 89' lang='lat' dir='ltr'><strong>pro</strong></span> <span class='ocrx_word' id='word_1_614' title='bbox 2976 3876 3430 3929; x_wconf 78' lang='lat' dir='ltr'><strong>communicanti-</strong></span> 
     </span>
    </p>
   </div>
   <div class='ocr_carea' id='block_1_86' title="bbox 1865 3965 3426 4038">
    <p class='ocr_par' dir='ltr' id='par_1_86' title="bbox 1865 3965 3426 4038">
     <span class='ocr_line' id='line_1_86' title="bbox 1865 3965 3426 4038; baseline 0 -16"><span class='ocrx_word' id='word_1_615' title='bbox 1865 3968 1989 4033; x_wconf 90' lang='lat' dir='ltr'><strong>bus,</strong></span> <span class='ocrx_word' id='word_1_616' title='bbox 2019 3975 2074 4022; x_wconf 88' lang='lat' dir='ltr'><strong>et</strong></span> <span class='ocrx_word' id='word_1_617' title='bbox 2096 3981 2190 4022; x_wconf 89' lang='lat' dir='ltr'><strong>eos</strong></span> <span class='ocrx_word' id='word_1_618' title='bbox 2219 3966 2468 4022; x_wconf 87' lang='lat' dir='ltr'><strong>molestia</strong></span> <span class='ocrx_word' id='word_1_619' title='bbox 2498 3965 2796 4022; x_wconf 84' lang='lat' dir='ltr'><strong>alliciemus</strong></span> <span class='ocrx_word' id='word_1_620' title='bbox 2817 3974 3072 4038; x_wconf 87' lang='lat' dir='ltr'><strong>tanquam</strong></span> <span class='ocrx_word' id='word_1_621' title='bbox 3101 3968 3426 4022; x_wconf 83' lang='lat' dir='ltr'><strong>sententiam</strong></span> 
     </span>
    </p>
   </div>
   <div class='ocr_carea' id='block_1_87' title="bbox 1869 4060 3426 4130">
    <p class='ocr_par' dir='ltr' id='par_1_87' title="bbox 1869 4060 3426 4130">
     <span class='ocr_line' id='line_1_87' title="bbox 1869 4060 3426 4130; baseline 0 -15"><span class='ocrx_word' id='word_1_622' title='bbox 1869 4060 2125 4130; x_wconf 85' lang='lat' dir='ltr'><strong>ferentes,</strong></span> <span class='ocrx_word' id='word_1_623' title='bbox 2154 4076 2271 4127; x_wconf 91' lang='lat' dir='ltr'><strong>eos,</strong></span> <span class='ocrx_word' id='word_1_624' title='bbox 2307 4060 2378 4127; x_wconf 88' lang='lat' dir='ltr'><strong>vi,</strong></span> <span class='ocrx_word' id='word_1_625' title='bbox 2419 4075 2515 4116; x_wconf 91' lang='lat' dir='ltr'><strong>seu</strong></span> <span class='ocrx_word' id='word_1_626' title='bbox 2542 4061 2856 4127; x_wconf 89' lang='lat' dir='ltr'><strong>mulctatos,</strong></span> <span class='ocrx_word' id='word_1_627' title='bbox 2886 4062 3016 4117; x_wconf 87' lang='lat' dir='ltr'><strong>hinc</strong></span> <span class='ocrx_word' id='word_1_628' title='bbox 3052 4062 3295 4127; x_wconf 87' lang='lat' dir='ltr'><strong>dissolvi,</strong></span> <span class='ocrx_word' id='word_1_629' title='bbox 3329 4078 3426 4117; x_wconf 89' lang='lat' dir='ltr'><strong>seu</strong></span> 
     </span>
    </p>
   </div>
   <div class='ocr_carea' id='block_1_88' title="bbox 1866 4148 3427 4224">
    <p class='ocr_par' dir='ltr' id='par_1_88' title="bbox 1866 4148 3427 4224">
     <span class='ocr_line' id='line_1_88' title="bbox 1866 4148 3427 4224; baseline 0 -17"><span class='ocrx_word' id='word_1_630' title='bbox 1866 4152 2038 4220; x_wconf 89' lang='lat' dir='ltr'><strong>mori;</strong></span> <span class='ocrx_word' id='word_1_631' title='bbox 2070 4162 2123 4208; x_wconf 90' lang='lat' dir='ltr'><strong>et</strong></span> <span class='ocrx_word' id='word_1_632' title='bbox 2153 4153 2289 4208; x_wconf 88' lang='lat' dir='ltr'><strong>alios</strong></span> <span class='ocrx_word' id='word_1_633' title='bbox 2325 4166 2542 4223; x_wconf 88' lang='lat' dir='ltr'><strong>quoque</strong></span> <span class='ocrx_word' id='word_1_634' title='bbox 2573 4153 2665 4222; x_wconf 93' lang='lat' dir='ltr'><strong>qui</strong></span> <span class='ocrx_word' id='word_1_635' title='bbox 2725 4148 2958 4210; x_wconf 80' lang='lat' dir='ltr'><strong>fortasse</strong></span> <span class='ocrx_word' id='word_1_636' title='bbox 3000 4153 3137 4224; x_wconf 88' lang='lat' dir='ltr'><strong>lapsi</strong></span> <span class='ocrx_word' id='word_1_637' title='bbox 3186 4161 3342 4218; x_wconf 91' lang='lat' dir='ltr'><strong>sunt,</strong></span> <span class='ocrx_word' id='word_1_638' title='bbox 3372 4161 3427 4207; x_wconf 90' lang='lat' dir='ltr'><strong>et</strong></span> 
     </span>
    </p>
   </div>
   <div class='ocr_carea' id='block_1_89' title="bbox 1864 4244 3425 4316">
    <p class='ocr_par' dir='ltr' id='par_1_89' title="bbox 1864 4244 3425 4316">
     <span class='ocr_line' id='line_1_89' title="bbox 1864 4244 3425 4316; baseline 0 -16"><span class='ocrx_word' id='word_1_639' title='bbox 1864 4246 2052 4301; x_wconf 84' lang='lat' dir='ltr'><strong>volunt</strong></span> <span class='ocrx_word' id='word_1_640' title='bbox 2081 4244 2149 4300; x_wconf 87' lang='lat' dir='ltr'><strong>ad</strong></span> <span class='ocrx_word' id='word_1_641' title='bbox 2179 4245 2323 4316; x_wconf 84' lang='lat' dir='ltr'><strong>quod</strong></span> <span class='ocrx_word' id='word_1_642' title='bbox 2356 4245 2557 4300; x_wconf 89' lang='lat' dir='ltr'><strong>bonum</strong></span> <span class='ocrx_word' id='word_1_643' title='bbox 2587 4253 2669 4299; x_wconf 89' lang='lat' dir='ltr'><strong>est</strong></span> <span class='ocrx_word' id='word_1_644' title='bbox 2700 4244 2901 4311; x_wconf 82' lang='lat' dir='ltr'><strong>redire,</strong></span> <span class='ocrx_word' id='word_1_645' title='bbox 2936 4246 3198 4301; x_wconf 90' lang='lat' dir='ltr'><strong>remissos</strong></span> <span class='ocrx_word' id='word_1_646' title='bbox 3225 4245 3293 4300; x_wconf 88' lang='lat' dir='ltr'><strong>ad</strong></span> <span class='ocrx_word' id='word_1_647' title='bbox 3322 4246 3425 4300; x_wconf 88' lang='lat' dir='ltr'><strong>boc</strong></span> 
     </span>
    </p>
   </div>
   <div class='ocr_carea' id='block_1_90' title="bbox 1864 4335 3424 4408">
    <p class='ocr_par' dir='ltr' id='par_1_90' title="bbox 1864 4335 3424 4408">
     <span class='ocr_line' id='line_1_90' title="bbox 1864 4335 3424 4408; baseline 0 -16"><span class='ocrx_word' id='word_1_648' title='bbox 1864 4344 1918 4392; x_wconf 90' lang='lat' dir='ltr'><strong>et</strong></span> <span class='ocrx_word' id='word_1_649' title='bbox 1937 4337 2268 4408; x_wconf 81' lang='lat' dir='ltr'><strong>negligentes</strong></span> <span class='ocrx_word' id='word_1_650' title='bbox 2296 4335 2613 4402; x_wconf 71' lang='lat' dir='ltr'><strong>efﬁciemus,</strong></span> <span class='ocrx_word' id='word_1_651' title='bbox 2646 4345 2937 4392; x_wconf 86' lang='lat' dir='ltr'><strong>causantes</strong></span> <span class='ocrx_word' id='word_1_652' title='bbox 2958 4352 3017 4392; x_wconf 89' lang='lat' dir='ltr'><strong>se</strong></span> <span class='ocrx_word' id='word_1_653' title='bbox 3045 4336 3293 4393; x_wconf 90' lang='lat' dir='ltr'><strong>ﬁdelibus</strong></span> <span class='ocrx_word' id='word_1_654' title='bbox 3314 4352 3424 4392; x_wconf 90' lang='lat' dir='ltr'><strong>non</strong></span> 
     </span>
    </p>
   </div>
   <div class='ocr_carea' id='block_1_91' title="bbox 171 4426 1765 4511">
    <p class='ocr_par' dir='ltr' id='par_1_91' title="bbox 171 4426 1761 4503">
     <span class='ocr_line' id='line_1_91' title="bbox 171 4426 1761 4503; baseline 0.009 -26"><span class='ocrx_word' id='word_1_655' title='bbox 171 4427 239 4478; x_wconf 69' lang='grc' dir='ltr'>τὸ</span> <span class='ocrx_word' id='word_1_656' title='bbox 273 4427 362 4498; x_wconf 77' lang='grc' dir='ltr'>μὴ</span> <span class='ocrx_word' id='word_1_657' title='bbox 392 4427 608 4494; x_wconf 82' lang='grc' dir='ltr'>μέλλειν</span> <span class='ocrx_word' id='word_1_658' title='bbox 630 4429 826 4492; x_wconf 75' lang='grc' dir='ltr'>αὐτοὺς</span> <span class='ocrx_word' id='word_1_659' title='bbox 854 4426 998 4484; x_wconf 71' lang='grc' dir='ltr'>εἶναι</span> <span class='ocrx_word' id='word_1_660' title='bbox 1024 4435 1370 4497; x_wconf 85' lang='grc' dir='ltr'>κοινωνικοὺς</span> <span class='ocrx_word' id='word_1_661' title='bbox 1396 4438 1506 4499; x_wconf 83' lang='grc' dir='ltr'>τοῖς</span> <span class='ocrx_word' id='word_1_662' title='bbox 1533 4441 1761 4503; x_wconf 88' lang='grc' dir='ltr'>πιστοῖς,</span> 
     </span>
    </p>
   </div>
   <div class='ocr_carea' id='block_1_92' title="bbox 1866 4426 3424 4511">
    <p class='ocr_par' dir='ltr' id='par_1_92' title="bbox 1868 4428 3424 4499">
     <span class='ocr_line' id='line_1_92' title="bbox 1868 4428 3424 4499; baseline -0.001 -14"><span class='ocrx_word' id='word_1_663' title='bbox 1868 4444 1990 4485; x_wconf 89' lang='lat' dir='ltr'><strong>esse</strong></span> <span class='ocrx_word' id='word_1_664' title='bbox 2018 4428 2520 4484; x_wconf 76' lang='lat' dir='ltr'><strong>communicaturus</strong></span> <span class='ocrx_word' id='word_1_665' title='bbox 2547 4468 2561 4492; x_wconf 89' lang='lat'><strong>,</strong></span> <span class='ocrx_word' id='word_1_666' title='bbox 2607 4429 2820 4483; x_wconf 88' lang='lat' dir='ltr'><strong>etiamsi</strong></span> <span class='ocrx_word' id='word_1_667' title='bbox 2869 4438 2993 4498; x_wconf 91' lang='lat' dir='ltr'><strong>post</strong></span> <span class='ocrx_word' id='word_1_668' title='bbox 3022 4429 3231 4499; x_wconf 90' lang='lat' dir='ltr'><strong>lapsum</strong></span> <span class='ocrx_word' id='word_1_669' title='bbox 3263 4429 3424 4486; x_wconf 90' lang='lat' dir='ltr'><strong>ﬁdem</strong></span> 
     </span>
    </p>
   </div>
   <div class='ocr_carea' id='block_1_93' title="bbox 172 4517 1758 4597">
    <p class='ocr_par' dir='ltr' id='par_1_93' title="bbox 172 4517 1758 4597">
     <span class='ocr_line' id='line_1_93' title="bbox 172 4517 1758 4597; baseline 0.008 -26"><span class='ocrx_word' id='word_1_670' title='bbox 172 4517 287 4571; x_wconf 69' lang='grc' dir='ltr'><strong>κᾶν</strong></span> <span class='ocrx_word' id='word_1_671' title='bbox 341 4518 720 4590; x_wconf 77' lang='grc' dir='ltr'>ὁμολογήσωσι</span> <span class='ocrx_word' id='word_1_672' title='bbox 768 4521 867 4593; x_wconf 82' lang='grc' dir='ltr'>τὴν</span> <span class='ocrx_word' id='word_1_673' title='bbox 914 4522 1096 4578; x_wconf 80' lang='grc' dir='ltr'>πίστιν</span> <span class='ocrx_word' id='word_1_674' title='bbox 1140 4525 1274 4595; x_wconf 77' lang='grc' dir='ltr'>μετὰ</span> <span class='ocrx_word' id='word_1_675' title='bbox 1322 4528 1420 4597; x_wconf 81' lang='grc' dir='ltr'>τὴν</span> <span class='ocrx_word' id='word_1_676' title='bbox 1456 4527 1758 4583; x_wconf 73' lang='grc' dir='ltr'>ἔκπτωσινο</span> 
     </span>
    </p>
   </div>
   <div class='ocr_carea' id='block_1_94' title="bbox 166 4608 1764 4682">
    <p class='ocr_par' dir='ltr' id='par_1_94' title="bbox 166 4608 1764 4682">
     <span class='ocr_line' id='line_1_94' title="bbox 166 4608 1764 4682; baseline 0.008 -21"><span class='ocrx_word' id='word_1_677' title='bbox 166 4609 410 4672; x_wconf 76' lang='grc' dir='ltr'>οἰτινες,</span> <span class='ocrx_word' id='word_1_678' title='bbox 444 4608 517 4681; x_wconf 78' lang='grc' dir='ltr'>μὴ</span> <span class='ocrx_word' id='word_1_679' title='bbox 547 4611 987 4682; x_wconf 78' lang='grc' dir='ltr'>ἐπιστρέφοντες,</span> <span class='ocrx_word' id='word_1_680' title='bbox 1029 4614 1190 4669; x_wconf 85' lang='grc' dir='ltr'>πλέον</span> <span class='ocrx_word' id='word_1_681' title='bbox 1218 4618 1471 4672; x_wconf 83' lang='grc' dir='ltr'>ἁπάντων</span> <span class='ocrx_word' id='word_1_682' title='bbox 1510 4619 1596 4673; x_wconf 83' lang='grc' dir='ltr'><strong>ἴνα</strong></span> <span class='ocrx_word' id='word_1_683' title='bbox 1627 4623 1764 4674; x_wconf 86' lang='grc' dir='ltr'>ὀνει-</span> 
     </span>
    </p>
   </div>
   <div class='ocr_carea' id='block_1_95' title="bbox 166 4700 1761 4783">
    <p class='ocr_par' dir='ltr' id='par_1_95' title="bbox 166 4700 1761 4783">
     <span class='ocr_line' id='line_1_95' title="bbox 166 4700 1761 4783; baseline 0.009 -30"><span class='ocrx_word' id='word_1_684' title='bbox 166 4700 419 4754; x_wconf 70' lang='grc' dir='ltr'>δισθῶσι</span> <span class='ocrx_word' id='word_1_685' title='bbox 436 4702 529 4753; x_wconf 78' lang='grc' dir='ltr'><strong>καὶ</strong></span> <span class='ocrx_word' id='word_1_686' title='bbox 550 4700 909 4772; x_wconf 69' lang='grc' dir='ltr'>αἰσχυνθῶσιί</span> <span class='ocrx_word' id='word_1_687' title='bbox 933 4706 1076 4761; x_wconf 80' lang='grc' dir='ltr'>καθὰ</span> <span class='ocrx_word' id='word_1_688' title='bbox 1096 4706 1158 4778; x_wconf 80' lang='lat' dir='ltr'><strong>(f.</strong></span> <span class='ocrx_word' id='word_1_689' title='bbox 1179 4707 1339 4779; x_wconf 82' lang='grc' dir='ltr'>κατὰ)</span> <span class='ocrx_word' id='word_1_690' title='bbox 1352 4710 1441 4763; x_wconf 82' lang='grc' dir='ltr'>τὸν</span> <span class='ocrx_word' id='word_1_691' title='bbox 1463 4713 1761 4783; x_wconf 83' lang='grc' dir='ltr'>ποιήσαντα</span> 
     </span>
    </p>
   </div>
   <div class='ocr_carea' id='block_1_96' title="bbox 166 4791 1761 4875">
    <p class='ocr_par' dir='ltr' id='par_1_96' title="bbox 166 4791 1761 4875">
     <span class='ocr_line' id='line_1_96' title="bbox 166 4791 1761 4875; baseline 0.008 -33"><span class='ocrx_word' id='word_1_692' title='bbox 166 4793 280 4861; x_wconf 73' lang='grc' dir='ltr'>μὲν</span> <span class='ocrx_word' id='word_1_693' title='bbox 307 4791 573 4860; x_wconf 79' lang='grc' dir='ltr'>Θεμέλιον</span> <span class='ocrx_word' id='word_1_694' title='bbox 590 4833 604 4857; x_wconf 91' lang='grc'><strong>,</strong></span> <span class='ocrx_word' id='word_1_695' title='bbox 637 4793 712 4864; x_wconf 80' lang='grc' dir='ltr'>μὴ</span> <span class='ocrx_word' id='word_1_696' title='bbox 746 4794 1105 4867; x_wconf 84' lang='grc' dir='ltr'>πληρώσαντα</span> <span class='ocrx_word' id='word_1_697' title='bbox 1129 4797 1422 4870; x_wconf 79' lang='grc' dir='ltr'>δέοῖκημα.</span> <span class='ocrx_word' id='word_1_698' title='bbox 1444 4800 1628 4873; x_wconf 86' lang='grc' dir='ltr'>Τούτῳ</span> <span class='ocrx_word' id='word_1_699' title='bbox 1656 4802 1761 4875; x_wconf 82' lang='grc' dir='ltr'>γὰρ</span> 
     </span>
    </p>
   </div>
   <div class='ocr_carea' id='block_1_97' title="bbox 163 4883 1759 4965">
    <p class='ocr_par' dir='ltr' id='par_1_97' title="bbox 163 4883 1759 4965">
     <span class='ocr_line' id='line_1_97' title="bbox 163 4883 1759 4965; baseline 0.008 -30"><span class='ocrx_word' id='word_1_700' title='bbox 163 4883 436 4937; x_wconf 69' lang='grc' dir='ltr'>ἐοίκασιν</span> <span class='ocrx_word' id='word_1_701' title='bbox 472 4886 520 4936; x_wconf 83' lang='grc' dir='ltr'>οὶ</span> <span class='ocrx_word' id='word_1_702' title='bbox 561 4884 698 4956; x_wconf 80' lang='grc' dir='ltr'>πρὸς</span> <span class='ocrx_word' id='word_1_703' title='bbox 733 4885 993 4956; x_wconf 81' lang='grc' dir='ltr'>βασάνους</span> <span class='ocrx_word' id='word_1_704' title='bbox 1026 4889 1486 4962; x_wconf 78' lang='grc' dir='ltr'>αὐτομολήσαντες</span> <span class='ocrx_word' id='word_1_705' title='bbox 1534 4894 1632 4965; x_wconf 82' lang='grc' dir='ltr'>μὲν</span> <span class='ocrx_word' id='word_1_706' title='bbox 1675 4895 1759 4948; x_wconf 75' lang='grc' dir='ltr'><strong>διὰ</strong></span> 
     </span>
    </p>
   </div>
   <div class='ocr_carea' id='block_1_98' title="bbox 164 4972 1758 5053">
    <p class='ocr_par' dir='ltr' id='par_1_98' title="bbox 164 4972 1758 5053">
     <span class='ocr_line' id='line_1_98' title="bbox 164 4972 1758 5053; baseline 0.006 -27"><span class='ocrx_word' id='word_1_707' title='bbox 164 4972 433 5046; x_wconf 76' lang='grc' dir='ltr'>Χριστὸν</span> <span class='ocrx_word' id='word_1_708' title='bbox 473 4975 567 5027; x_wconf 72' lang='grc' dir='ltr'><strong>καὶ</strong></span> <span class='ocrx_word' id='word_1_709' title='bbox 604 4975 769 5028; x_wconf 75' lang='grc' dir='ltr'>οἱονεὶ</span> <span class='ocrx_word' id='word_1_710' title='bbox 802 4976 962 5030; x_wconf 75' lang='grc' dir='ltr'>καλὸν</span> <span class='ocrx_word' id='word_1_711' title='bbox 1011 4977 1225 5049; x_wconf 69' lang='grc' dir='ltr'>Θέμενοι</span> <span class='ocrx_word' id='word_1_712' title='bbox 1255 4978 1527 5049; x_wconf 76' lang='grc' dir='ltr'>θεμέλιον,</span> <span class='ocrx_word' id='word_1_713' title='bbox 1564 4980 1637 5053; x_wconf 81' lang='grc' dir='ltr'>μὴ</span> <span class='ocrx_word' id='word_1_714' title='bbox 1667 4982 1758 5034; x_wconf 81' lang='grc' dir='ltr'>δυ-</span> 
     </span>
    </p>
   </div>
   <div class='ocr_carea' id='block_1_99' title="bbox 162 5065 1756 5144">
    <p class='ocr_par' dir='ltr' id='par_1_99' title="bbox 162 5065 1756 5144">
     <span class='ocr_line' id='line_1_99' title="bbox 162 5065 1756 5144; baseline 0.004 -25"><span class='ocrx_word' id='word_1_715' title='bbox 162 5066 452 5138; x_wconf 70' lang='grc' dir='ltr'>νηθέντες</span> <span class='ocrx_word' id='word_1_716' title='bbox 479 5065 533 5119; x_wconf 81' lang='grc' dir='ltr'>δὲ</span> <span class='ocrx_word' id='word_1_717' title='bbox 572 5066 857 5121; x_wconf 85' lang='grc' dir='ltr'>τελειῶσαι</span> <span class='ocrx_word' id='word_1_718' title='bbox 887 5069 946 5121; x_wconf 75' lang='grc' dir='ltr'>τὸ</span> <span class='ocrx_word' id='word_1_719' title='bbox 990 5069 1152 5124; x_wconf 83' lang='grc' dir='ltr'>καλὸν</span> <span class='ocrx_word' id='word_1_720' title='bbox 1198 5072 1283 5126; x_wconf 76' lang='grc' dir='ltr'><strong>διὰ</strong></span> <span class='ocrx_word' id='word_1_721' title='bbox 1331 5074 1429 5144; x_wconf 82' lang='grc' dir='ltr'><strong>τὴν</strong></span> <span class='ocrx_word' id='word_1_722' title='bbox 1470 5072 1756 5127; x_wconf 80' lang='grc' dir='ltr'>ἔκπτωσιν.</span> 
     </span>
    </p>
   </div>
   <div class='ocr_carea' id='block_1_100' title="bbox 158 5155 1759 5236">
    <p class='ocr_par' dir='ltr' id='par_1_100' title="bbox 158 5155 1759 5236">
     <span class='ocr_line' id='line_1_100' title="bbox 158 5155 1759 5236; baseline 0.006 -28"><span class='ocrx_word' id='word_1_723' title='bbox 158 5158 509 5230; x_wconf 76' lang='grc' dir='ltr'>Σημεεωσαι</span> <span class='ocrx_word' id='word_1_724' title='bbox 557 5155 683 5223; x_wconf 77' lang='grc' dir='ltr'>οὖν,</span> <span class='ocrx_word' id='word_1_725' title='bbox 712 5160 793 5212; x_wconf 82' lang='grc' dir='ltr'>ὅτι</span> <span class='ocrx_word' id='word_1_726' title='bbox 839 5161 955 5214; x_wconf 78' lang='grc' dir='ltr'>οὐδὲ</span> <span class='ocrx_word' id='word_1_727' title='bbox 1003 5164 1035 5233; x_wconf 76' lang='grc' dir='ltr'>ἡ</span> <span class='ocrx_word' id='word_1_728' title='bbox 1087 5162 1174 5216; x_wconf 76' lang='grc' dir='ltr'><strong>διὰ</strong></span> <span class='ocrx_word' id='word_1_729' title='bbox 1230 5165 1461 5233; x_wconf 82' lang='grc' dir='ltr'>Χριστὸν</span> <span class='ocrx_word' id='word_1_730' title='bbox 1504 5165 1759 5236; x_wconf 84' lang='grc' dir='ltr'>ὁμολογία</span> 
     </span>
    </p>
   </div>
   <div class='ocr_carea' id='block_1_101' title="bbox 160 5246 1759 5327">
    <p class='ocr_par' dir='ltr' id='par_1_101' title="bbox 160 5246 1759 5327">
     <span class='ocr_line' id='line_1_101' title="bbox 160 5246 1759 5327; baseline 0.005 -26"><span class='ocrx_word' id='word_1_731' title='bbox 160 5246 536 5320; x_wconf 54' lang='lat' dir='ltr'><strong>amem:</strong></span> <span class='ocrx_word' id='word_1_732' title='bbox 564 5251 657 5305; x_wconf 78' lang='grc' dir='ltr'>τὸν</span> <span class='ocrx_word' id='word_1_733' title='bbox 695 5251 843 5316; x_wconf 74' lang='grc' dir='ltr'>ἅπαξ</span> <span class='ocrx_word' id='word_1_734' title='bbox 886 5256 951 5307; x_wconf 85' lang='grc' dir='ltr'><strong>ἐκ</strong></span> <span class='ocrx_word' id='word_1_735' title='bbox 992 5253 1086 5306; x_wconf 88' lang='grc' dir='ltr'><strong>τοῦ</strong></span> <span class='ocrx_word' id='word_1_736' title='bbox 1120 5255 1318 5327; x_wconf 77' lang='grc' dir='ltr'>κλήρου</span> <span class='ocrx_word' id='word_1_737' title='bbox 1358 5255 1759 5323; x_wconf 82' lang='grc' dir='ltr'>ἀποξενωθέντα</span> 
     </span>
    </p>
   </div>
   <div class='ocr_carea' id='block_1_102' title="bbox 156 5340 731 5413">
    <p class='ocr_par' dir='ltr' id='par_1_102' title="bbox 156 5340 731 5413">
     <span class='ocr_line' id='line_1_102' title="bbox 156 5340 731 5413; baseline 0.002 -18"><span class='ocrx_word' id='word_1_738' title='bbox 156 5343 251 5397; x_wconf 66' lang='grc' dir='ltr'>διὰ</span> <span class='ocrx_word' id='word_1_739' title='bbox 286 5343 419 5413; x_wconf 73' lang='grc' dir='ltr'>τὴν</span> <span class='ocrx_word' id='word_1_740' title='bbox 447 5340 731 5397; x_wconf 79' lang='grc' dir='ltr'>ἔκπτωσιν.</span> 
     </span>
    </p>
   </div>
   <div class='ocr_carea' id='block_1_103' title="bbox 193 5467 831 5563">
    <p class='ocr_par' dir='ltr' id='par_1_103' title="bbox 193 5467 831 5563">
     <span class='ocr_line' id='line_1_103' title="bbox 193 5467 831 5563; baseline 0.003 -10"><span class='ocrx_word' id='word_1_741' title='bbox 193 5467 263 5541; x_wconf 17' lang='grc' dir='ltr'>ἴε</span> <span class='ocrx_word' id='word_1_742' title='bbox 304 5496 467 5554; x_wconf 76' lang='lat' dir='ltr'><strong>Luc.</strong></span> <span class='ocrx_word' id='word_1_743' title='bbox 495 5498 710 5563; x_wconf 74' lang='lat' dir='ltr'><strong>xw,29,</strong></span> <span class='ocrx_word' id='word_1_744' title='bbox 741 5500 831 5555; x_wconf 77' lang='lat' dir='ltr'><strong>so.</strong></span> 
     </span>
    </p>
   </div>
   <div class='ocr_carea' id='block_1_104' title="bbox 1865 4520 3424 4592">
    <p class='ocr_par' dir='ltr' id='par_1_104' title="bbox 1865 4520 3424 4592">
     <span class='ocr_line' id='line_1_104' title="bbox 1865 4520 3424 4592; baseline -0.001 -14"><span class='ocrx_word' id='word_1_745' title='bbox 1865 4520 2103 4579; x_wconf 80' lang='lat' dir='ltr'><strong>confessi</strong></span> <span class='ocrx_word' id='word_1_746' title='bbox 2134 4522 2366 4577; x_wconf 85' lang='lat' dir='ltr'><strong>fuerint:</strong></span> <span class='ocrx_word' id='word_1_747' title='bbox 2397 4522 2490 4592; x_wconf 88' lang='lat' dir='ltr'><strong>qui</strong></span> <span class='ocrx_word' id='word_1_748' title='bbox 2524 4522 2569 4576; x_wconf 89' lang='lat' dir='ltr'><strong>si</strong></span> <span class='ocrx_word' id='word_1_749' title='bbox 2594 4537 2700 4575; x_wconf 91' lang='lat' dir='ltr'><strong>non</strong></span> <span class='ocrx_word' id='word_1_750' title='bbox 2730 4527 3135 4586; x_wconf 85' lang='lat' dir='ltr'><strong>convertantur,</strong></span> <span class='ocrx_word' id='word_1_751' title='bbox 3158 4520 3281 4591; x_wconf 88' lang='lat' dir='ltr'><strong>plus</strong></span> <span class='ocrx_word' id='word_1_752' title='bbox 3297 4535 3424 4592; x_wconf 64' lang='lat' dir='ltr'><strong>pro~</strong></span> 
     </span>
    </p>
   </div>
   <div class='ocr_carea' id='block_1_105' title="bbox 1864 4611 3422 4686">
    <p class='ocr_par' dir='ltr' id='par_1_105' title="bbox 1864 4611 3422 4686">
     <span class='ocr_line' id='line_1_105' title="bbox 1864 4611 3422 4686; baseline -0.001 -16"><span class='ocrx_word' id='word_1_753' title='bbox 1864 4615 1951 4670; x_wconf 90' lang='lat' dir='ltr'><strong>bri</strong></span> <span class='ocrx_word' id='word_1_754' title='bbox 1983 4626 2036 4670; x_wconf 90' lang='lat' dir='ltr'><strong>et</strong></span> <span class='ocrx_word' id='word_1_755' title='bbox 2068 4613 2377 4686; x_wconf 70' lang='lat' dir='ltr'><strong>ignominiae</strong></span> <span class='ocrx_word' id='word_1_756' title='bbox 2400 4627 2562 4683; x_wconf 86' lang='lat' dir='ltr'><strong>quam</strong></span> <span class='ocrx_word' id='word_1_757' title='bbox 2576 4627 2764 4667; x_wconf 88' lang='lat' dir='ltr'><strong>omnes</strong></span> <span class='ocrx_word' id='word_1_758' title='bbox 2783 4611 3141 4682; x_wconf 86' lang='lat' dir='ltr'><strong>susceperint,</strong></span> <span class='ocrx_word' id='word_1_759' title='bbox 3160 4612 3422 4683; x_wconf 59' lang='lat' dir='ltr'><strong>quemadc</strong></span> 
     </span>
    </p>
   </div>
   <div class='ocr_carea' id='block_1_106' title="bbox 1864 4702 3420 4776">
    <p class='ocr_par' dir='ltr' id='par_1_106' title="bbox 1864 4702 3420 4776">
     <span class='ocr_line' id='line_1_106' title="bbox 1864 4702 3420 4776; baseline -0.003 -13"><span class='ocrx_word' id='word_1_760' title='bbox 1864 4706 2084 4763; x_wconf 91' lang='lat' dir='ltr'><strong>modum</strong></span> <span class='ocrx_word' id='word_1_761' title='bbox 2112 4715 2165 4761; x_wconf 89' lang='lat' dir='ltr'><strong>et</strong></span> <span class='ocrx_word' id='word_1_762' title='bbox 2195 4706 2285 4776; x_wconf 91' lang='lat' dir='ltr'><strong>qui</strong></span> <span class='ocrx_word' id='word_1_763' title='bbox 2316 4704 2443 4759; x_wconf 87' lang='lat' dir='ltr'><strong>fecit</strong></span> <span class='ocrx_word' id='word_1_764' title='bbox 2472 4702 2909 4767; x_wconf 88' lang='lat' dir='ltr'><strong>fundamentum,</strong></span> <span class='ocrx_word' id='word_1_765' title='bbox 2967 4703 3191 4758; x_wconf 89' lang='lat' dir='ltr'><strong>domum</strong></span> <span class='ocrx_word' id='word_1_766' title='bbox 3241 4712 3420 4760; x_wconf 87' lang='lat' dir='ltr'><strong>autem</strong></span> 
     </span>
    </p>
   </div>
   <div class='ocr_carea' id='block_1_107' title="bbox 1867 4794 3422 4868">
    <p class='ocr_par' dir='ltr' id='par_1_107' title="bbox 1867 4794 3422 4868">
     <span class='ocr_line' id='line_1_107' title="bbox 1867 4794 3422 4868; baseline -0.001 -16"><span class='ocrx_word' id='word_1_767' title='bbox 1867 4815 1973 4854; x_wconf 89' lang='lat' dir='ltr'><strong>non</strong></span> <span class='ocrx_word' id='word_1_768' title='bbox 2000 4796 2240 4868; x_wconf 89' lang='lat' dir='ltr'><strong>perfecit.</strong></span> <span class='ocrx_word' id='word_1_769' title='bbox 2263 4795 2323 4849; x_wconf 87' lang='lat' dir='ltr'><strong>Ei</strong></span> <span class='ocrx_word' id='word_1_770' title='bbox 2346 4795 2491 4851; x_wconf 90' lang='lat' dir='ltr'><strong>enim</strong></span> <span class='ocrx_word' id='word_1_771' title='bbox 2525 4800 2654 4849; x_wconf 90' lang='lat' dir='ltr'><strong>sunt</strong></span> <span class='ocrx_word' id='word_1_772' title='bbox 2680 4795 2907 4858; x_wconf 86' lang='lat' dir='ltr'><strong>similes,</strong></span> <span class='ocrx_word' id='word_1_773' title='bbox 2935 4795 3028 4865; x_wconf 93' lang='lat' dir='ltr'><strong>qui</strong></span> <span class='ocrx_word' id='word_1_774' title='bbox 3051 4794 3115 4849; x_wconf 89' lang='lat' dir='ltr'><strong>ad</strong></span> <span class='ocrx_word' id='word_1_775' title='bbox 3154 4802 3422 4850; x_wconf 81' lang='lat' dir='ltr'><strong>tormenta</strong></span> 
     </span>
    </p>
   </div>
   <div class='ocr_carea' id='block_1_108' title="bbox 1865 4884 3423 4960">
    <p class='ocr_par' dir='ltr' id='par_1_108' title="bbox 1865 4884 3423 4960">
     <span class='ocr_line' id='line_1_108' title="bbox 1865 4884 3423 4960; baseline -0.001 -17"><span class='ocrx_word' id='word_1_776' title='bbox 1865 4890 2083 4960; x_wconf 87' lang='lat' dir='ltr'><strong>quidem</strong></span> <span class='ocrx_word' id='word_1_777' title='bbox 2126 4898 2345 4957; x_wconf 72' lang='lat' dir='ltr'><strong>propter</strong></span> <span class='ocrx_word' id='word_1_778' title='bbox 2398 4885 2676 4942; x_wconf 83' lang='lat' dir='ltr'><strong>Christum</strong></span> <span class='ocrx_word' id='word_1_779' title='bbox 2729 4884 3110 4955; x_wconf 82' lang='lat' dir='ltr'><strong>confugerunt,</strong></span> <span class='ocrx_word' id='word_1_780' title='bbox 3160 4892 3213 4939; x_wconf 89' lang='lat' dir='ltr'><strong>et</strong></span> <span class='ocrx_word' id='word_1_781' title='bbox 3256 4887 3423 4942; x_wconf 79' lang='lat' dir='ltr'><strong>veluti</strong></span> 
     </span>
    </p>
   </div>
   <div class='ocr_carea' id='block_1_109' title="bbox 1866 4975 3418 5050">
    <p class='ocr_par' dir='ltr' id='par_1_109' title="bbox 1866 4975 3418 5050">
     <span class='ocr_line' id='line_1_109' title="bbox 1866 4975 3418 5050; baseline -0.001 -17"><span class='ocrx_word' id='word_1_782' title='bbox 1866 4980 2091 5050; x_wconf 84' lang='lat' dir='ltr'><strong>pulchro</strong></span> <span class='ocrx_word' id='word_1_783' title='bbox 2114 4980 2261 5048; x_wconf 89' lang='lat' dir='ltr'><strong>jacto</strong></span> <span class='ocrx_word' id='word_1_784' title='bbox 2309 4977 2682 5043; x_wconf 83' lang='lat' dir='ltr'><strong>fundamento,</strong></span> <span class='ocrx_word' id='word_1_785' title='bbox 2719 4977 2772 5032; x_wconf 90' lang='lat' dir='ltr'><strong>id</strong></span> <span class='ocrx_word' id='word_1_786' title='bbox 2798 4975 2942 5046; x_wconf 89' lang='lat' dir='ltr'><strong>quod</strong></span> <span class='ocrx_word' id='word_1_787' title='bbox 2994 4976 3281 5031; x_wconf 80' lang='lat' dir='ltr'><strong>honestum</strong></span> <span class='ocrx_word' id='word_1_788' title='bbox 3314 4986 3418 5040; x_wconf 86' lang='lat' dir='ltr'><strong>est.</strong></span> 
     </span>
    </p>
   </div>
   <div class='ocr_carea' id='block_1_110' title="bbox 1866 5066 3417 5141">
    <p class='ocr_par' dir='ltr' id='par_1_110' title="bbox 1866 5066 3417 5141">
     <span class='ocr_line' id='line_1_110' title="bbox 1866 5066 3417 5141; baseline -0.004 -14"><span class='ocrx_word' id='word_1_789' title='bbox 1866 5070 2123 5141; x_wconf 86' lang='lat' dir='ltr'><strong>perﬁcere</strong></span> <span class='ocrx_word' id='word_1_790' title='bbox 2146 5078 2365 5141; x_wconf 88' lang='lat' dir='ltr'><strong>propter</strong></span> <span class='ocrx_word' id='word_1_791' title='bbox 2392 5070 2604 5140; x_wconf 88' lang='lat' dir='ltr'><strong>lapsum</strong></span> <span class='ocrx_word' id='word_1_792' title='bbox 2629 5084 2737 5123; x_wconf 91' lang='lat' dir='ltr'><strong>non</strong></span> <span class='ocrx_word' id='word_1_793' title='bbox 2770 5075 3086 5139; x_wconf 88' lang='lat' dir='ltr'><strong>potuerunt.</strong></span> <span class='ocrx_word' id='word_1_794' title='bbox 3112 5066 3249 5123; x_wconf 87' lang='lat' dir='ltr'><strong>Nota</strong></span> <span class='ocrx_word' id='word_1_795' title='bbox 3267 5082 3417 5138; x_wconf 85' lang='lat' dir='ltr'><strong>ergo,</strong></span> 
     </span>
    </p>
   </div>
   <div class='ocr_carea' id='block_1_111' title="bbox 1866 5158 3421 5232">
    <p class='ocr_par' dir='ltr' id='par_1_111' title="bbox 1866 5158 3421 5232">
     <span class='ocr_line' id='line_1_111' title="bbox 1866 5158 3421 5232; baseline -0.003 -16"><span class='ocrx_word' id='word_1_796' title='bbox 1866 5160 2010 5232; x_wconf 90' lang='lat' dir='ltr'><strong>quod</strong></span> <span class='ocrx_word' id='word_1_797' title='bbox 2050 5176 2117 5215; x_wconf 89' lang='lat' dir='ltr'><strong>ne</strong></span> <span class='ocrx_word' id='word_1_798' title='bbox 2162 5159 2434 5214; x_wconf 80' lang='lat' dir='ltr'><strong>confessio</strong></span> <span class='ocrx_word' id='word_1_799' title='bbox 2467 5158 2683 5230; x_wconf 91' lang='lat' dir='ltr'><strong>quidem</strong></span> <span class='ocrx_word' id='word_1_800' title='bbox 2709 5167 2928 5229; x_wconf 89' lang='lat' dir='ltr'><strong>propter</strong></span> <span class='ocrx_word' id='word_1_801' title='bbox 2955 5159 3231 5215; x_wconf 88' lang='lat' dir='ltr'><strong>Christum</strong></span> <span class='ocrx_word' id='word_1_802' title='bbox 3263 5161 3421 5216; x_wconf 86' lang='lat' dir='ltr'><strong>resti-</strong></span> 
     </span>
    </p>
   </div>
   <div class='ocr_carea' id='block_1_112' title="bbox 1866 5250 3421 5323">
    <p class='ocr_par' dir='ltr' id='par_1_112' title="bbox 1866 5250 3421 5323">
     <span class='ocr_line' id='line_1_112' title="bbox 1866 5250 3421 5323; baseline -0.001 -16"><span class='ocrx_word' id='word_1_803' title='bbox 1866 5260 1968 5307; x_wconf 91' lang='lat' dir='ltr'><strong>tuit</strong></span> <span class='ocrx_word' id='word_1_804' title='bbox 1994 5269 2138 5318; x_wconf 88' lang='lat' dir='ltr'><strong>eum,</strong></span> <span class='ocrx_word' id='word_1_805' title='bbox 2163 5251 2256 5322; x_wconf 88' lang='lat' dir='ltr'><strong>qui</strong></span> <span class='ocrx_word' id='word_1_806' title='bbox 2282 5250 2448 5308; x_wconf 88' lang='lat' dir='ltr'><strong>semel</strong></span> <span class='ocrx_word' id='word_1_807' title='bbox 2481 5264 2512 5304; x_wconf 91' lang='lat' dir='ltr'><strong>a</strong></span> <span class='ocrx_word' id='word_1_808' title='bbox 2550 5251 2698 5305; x_wconf 86' lang='lat' dir='ltr'><strong>clero</strong></span> <span class='ocrx_word' id='word_1_809' title='bbox 2731 5250 3066 5308; x_wconf 85' lang='lat' dir='ltr'><strong>abalienatus</strong></span> <span class='ocrx_word' id='word_1_810' title='bbox 3095 5259 3177 5308; x_wconf 89' lang='lat' dir='ltr'><strong>est</strong></span> <span class='ocrx_word' id='word_1_811' title='bbox 3199 5259 3421 5323; x_wconf 86' lang='lat' dir='ltr'><strong>prepter</strong></span> 
     </span>
    </p>
   </div>
   <div class='ocr_carea' id='block_1_113' title="bbox 1866 5347 2099 5417">
    <p class='ocr_par' dir='ltr' id='par_1_113' title="bbox 1866 5347 2099 5417">
     <span class='ocr_line' id='line_1_113' title="bbox 1866 5347 2099 5417; baseline 0.013 -17"><span class='ocrx_word' id='word_1_812' title='bbox 1866 5347 2099 5417; x_wconf 84' lang='lat' dir='ltr'><strong>lapsum.</strong></span> 
     </span>
    </p>
   </div>
   <div class='ocr_carea' id='block_1_114' title="bbox 1495 5616 2154 5675">
    <p class='ocr_par' dir='ltr' id='par_1_114' title="bbox 1495 5616 2154 5675">
     <span class='ocr_line' id='line_1_114' title="bbox 1495 5616 2154 5675; baseline -0.003 -1"><span class='ocrx_word' id='word_1_813' title='bbox 1495 5618 1721 5675; x_wconf 62' lang='grc' dir='ltr'><strong>ῩΑῙΠᾸΞ</strong></span> <span class='ocrx_word' id='word_1_814' title='bbox 1760 5616 2154 5674; x_wconf 76' lang='lat' dir='ltr'><strong>LECTIONES.</strong></span> 
     </span>
    </p>
   </div>
   <div class='ocr_carea' id='block_1_115' title="bbox 270 5727 607 5787">
    <p class='ocr_par' dir='ltr' id='par_1_115' title="bbox 270 5727 607 5787">
     <span class='ocr_line' id='line_1_115' title="bbox 270 5727 607 5787; baseline 0.021 -7"><span class='ocrx_word' id='word_1_815' title='bbox 270 5733 331 5766; x_wconf 64' lang='grc' dir='ltr'><strong>ι’</strong></span> <span class='ocrx_word' id='word_1_816' title='bbox 376 5727 607 5787; x_wconf 79' lang='grc' dir='ltr'>τέθεικε.</span> 
     </span>
    </p>
   </div>
   <div class='ocr_carea' id='block_1_116' title="bbox 564 5828 1273 5895">
    <p class='ocr_par' dir='ltr' id='par_1_116' title="bbox 564 5828 1273 5895">
     <span class='ocr_line' id='line_1_116' title="bbox 564 5828 1273 5895; baseline -0.006 -6"><span class='ocrx_word' id='word_1_817' title='bbox 564 5828 836 5889; x_wconf 73' lang='grc' dir='ltr'>ΡΑτιιοι..</span> <span class='ocrx_word' id='word_1_818' title='bbox 879 5829 992 5895; x_wconf 79' lang='lat' dir='ltr'><strong>Gn.</strong></span> <span class='ocrx_word' id='word_1_819' title='bbox 1042 5829 1273 5890; x_wconf 73' lang='lat' dir='ltr'><strong>XVII].</strong></span> 
     </span>
    </p>
   </div>
   <div class='ocr_carea' id='block_1_117' title="bbox 2977 5826 3053 5889">
    <p class='ocr_par' dir='ltr' id='par_1_117' title="bbox 2977 5826 3053 5889">
     <span class='ocr_line' id='line_1_117' title="bbox 2977 5826 3053 5889; baseline -0.013 0"><span class='ocrx_word' id='word_1_820' title='bbox 2977 5826 3053 5889; x_wconf 83' lang='grc'><strong>16</strong></span> 
     </span>
    </p>
   </div>
   <div class='ocr_carea' id='block_1_118' title="bbox 2206 5954 2545 6217">
    <p class='ocr_par' dir='ltr' id='par_1_118' title="bbox 2206 5954 2545 6217">
     <span class='ocr_line' id='line_1_118' title="bbox 2206 5954 2545 6217; baseline 0.006 -3"><span class='ocrx_word' id='word_1_821' title='bbox 2206 5954 2545 6217; x_wconf 56' lang='grc' dir='ltr'><em>Γ</em></span> 
     </span>
    </p>
   </div>
   <div class='ocr_carea' id='block_1_119' title="bbox 2186 6236 2199 6313">
    <p class='ocr_par' dir='ltr' id='par_1_119' title="bbox 2186 6236 2199 6313">
     <span class='ocr_line' id='line_1_119' title="bbox 2186 6236 2199 6313; baseline 0 0"><span class='ocrx_word' id='word_1_822' title='bbox 2186 6236 2199 6313; x_wconf 77' lang='grc'><strong>1</strong></span> 
     </span>
    </p>
   </div>
  </div>
