3980 6318
601 240 704 297 491
1200 287 1204 291 .
1594 243 1651 301 S.
1694 241 1900 303 PETRI
1936 245 2173 303 ALEXA‘

2178 244 2409 305 unum
2446 246 2753 306 EPISCOPI
3668 270 3750 327 ιθ,

671 358 876 415 lomn.
911 359 985 415 De
1015 359 1082 415 iis
1107 360 1200 431 qui
1233 375 1293 418 se
1316 361 1462 417 ultro
1478 364 1728 435 martyrii
1751 364 2039 420 certamini
2069 366 2162 422 ob-
2191 371 2242 430 Α

2191 371 2242 430 Α
2337 366 2578 422 ΖΩΝΛΡ.
2620 368 2756 440 Περὶ
2797 368 3270 442 αὐτομολησάντων
3309 375 3385 439 εἰς
3424 375 3504 430 τὸν
3534 379 3613 433 τοῦ
3642 398 3752 457 μαρ-

597 452 845 524 ieceruut
874 453 1089 508 locutus
1116 451 1294 519 Pater,
1348 469 1497 510 nunc
1539 454 1607 510 de
1638 456 1858 513 clericis
1903 458 1999 528 qui
2026 458 2166 514 idem

2267 459 2451 532 τυρίου
2504 459 2721 530 ἀγῶνα,
2773 460 3070 532 διαλεχθεὶς
3098 463 3126 516 ὁ
3178 465 3387 539 Πατὴρ,
3426 467 3511 524 νῦν
3549 451 3755 546 καὶπερί

599 543 845 601 fecerunt
866 543 1164 601 orationem
1183 544 1460 602 instituit:
1493 554 1656 618 atque
1685 548 1943 604 clericum
1975 550 2023 604 si
2042 550 2167 620 quis

2268 549 2542 621 κληρικῶν
2591 550 2847 604 τοιούτων
2878 551 2969 605 τὸν
3015 552 3170 622 λόγον
3200 559 3451 611 ποιεῖται’
3486 561 3571 613 καί
3607 543 3754 634 φησιν,

598 655 659 695 se
686 639 831 692 ultro
882 636 1109 703 dedidit,
1157 653 1282 694 mox
1325 639 1438 693 vim
1486 645 1888 696 tormentorum
1943 642 2166 698 minime

2264 639 2361 705 ὡς,
2397 642 2445 695 εἰ
2484 641 2741 714 κληρικδς
2780 642 3167 714 ηὐτομόλησεν,
3217 642 3332 702 εἶτα
3368 647 3436 719 μὴ
3480 651 3660 719 στέγων
3684 653 3760 717 τὰς

598 729 875 800 perferens
902 730 1089 800 lapsus
1121 738 1226 790 est.
1261 746 1325 784 ac
1356 745 1575 786 rursum
1595 746 1654 787 se
1688 732 1868 802 ipsum
1898 733 2164 806 colligens

2264 729 2533 802 τιμωρίας
2560 731 2904 797 ὲκπέπτωκε,
2931 732 3025 788 καὶ
3052 729 3204 799 αὖθις
3230 736 3307 799 εἰς
3329 737 3505 792 ἑαυτὸν
3526 740 3760 813 γενόμενος

595 822 774 878 denuo
805 837 864 877 se
888 820 955 875 ad
987 828 1264 878 certamen
1288 821 1482 886 erexit,
1506 836 1570 877 ac
1599 839 1658 879 se
1672 823 2044 880 Christianum
2070 840 2166 881 co-

2264 820 2592 875 ὰνεπάλαισε
2606 821 2705 894 τὴν
2731 823 2936 877 οἰκείαν
2954 822 3180 887 πτῶσιν,
3197 825 3290 878 καὶ
3306 826 3599 896 Χριστιανὸν
3613 830 3764 884 ἑαυτὸν

595 933 711 974 ram
735 913 983 988 tyrannis
1012 921 1097 969 est
1121 912 1421 986 professus,
1454 929 1563 969 non
1594 928 1718 970 esse
1751 915 2020 986 ejusmodi
2066 915 2164 971 lio-

2262 912 2609 987 ὡμολόγησεν
2629 913 2858 969 ἐνώπιον
2877 914 2986 969 τῶν
3011 916 3306 987 τυράννων.
3328 920 3355 972 ὁ
3380 916 3599 984 τοιοῦτος
3620 923 3764 976 οὐκέτι

594 1009 794 1063 minem
834 1004 901 1060 ad
932 1018 1090 1060 sacra
1124 1004 1426 1061 ministeria
1455 1005 1691 1077 amplius
1741 1004 2158 1062 admittendum.

2262 1006 2319 1059 ἐν
2346 1008 2411 1078 τῇ
2438 1004 2747 1085 λειτουργίᾳ
2784 1006 2956 1061 ἔσται.
2982 1008 3093 1062 Καὶ
3132 1009 3232 1080 τὴν
3260 1006 3429 1064 αἰτίαν
3456 1011 3659 1081 ἐπάγει·
3694 1014 3767 1085 ἣδε

591 1101 932 1171 Causamque
957 1098 1240 1170 subjungit
1269 1118 1282 1153 :
1337 1096 1463 1169 quia
1496 1097 1758 1153 nimirum
1792 1097 2007 1154 Domini
2039 1113 2162 1169 gre-

2260 1098 2407 1152 ὲστίν
2426 1115 2440 1129 ο
2469 1098 2552 1152 ὅτι
2580 1098 2838 1153 κατέλιπε
2869 1100 2930 1153 τὸ
2960 1101 3208 1172 ποίμνιον
3240 1102 3337 1156 τοῦ
3362 1105 3572 1176 Κυρίου,
3605 1106 3684 1159 καὶ
3701 1106 3770 1160 διὰ

591 1211 709 1266 gem
733 1194 992 1258 deseruit,
1025 1208 1087 1247 ac
1118 1208 1182 1248 ex
1225 1208 1288 1249 eo
1317 1193 1464 1263 quod
1511 1199 1708 1263 sponte
1744 1206 1804 1249 se
1833 1191 2035 1262 obiecit
2064 1191 2162 1247 ho-

2260 1192 2321 1245 τὸ
2352 1191 2721 1265 αὐτομολῆσαι
2760 1193 2856 1247 καὶ
2892 1194 2965 1265 μὴ
3017 1196 3351 1268 καρτερῆσαι
3400 1195 3492 1261 τὰς
3520 1196 3771 1267 βασάνους,

591 1286 789 1353 stibus,
827 1301 1003 1356 neque
1053 1291 1370 1341 constanter
1416 1290 1688 1340 tormenta
1717 1283 1965 1354 pertulit,
2006 1284 2161 1356 igno-

2262 1283 2453 1356 μῶμον
2487 1287 2856 1358 προσήνεγκεν
2882 1286 3074 1359 ἐαυτῷ.
3106 1286 3180 1340 Τὸ
3214 1286 3269 1341 δὲ
3298 1289 3674 1360 καταφρονῆσαι
3696 1290 3772 1360 τῆς

590 1379 812 1434 miniam
844 1378 945 1433 sibi
968 1377 1071 1448 ipsi
1097 1376 1423 1432 conciliavit.
1464 1375 1534 1431 Ut
1558 1383 1740 1432 autem
1765 1377 1951 1449 populi
1996 1376 2159 1432 insti-

2257 1376 2604 1444 διδασκαλίας
2628 1378 2724 1433 τοῦ
2757 1379 2906 1446 λαοῦ,
2941 1381 3037 1434 καὶ
3066 1380 3499 1453 προτιμήσασθαι
3519 1380 3578 1434 τί)
3605 1382 3776 1445 ἑαυτοῖς

591 1471 854 1525 tutionem
876 1477 1308 1535 contemnerent,
1341 1468 1915 1540 suamqueutilitatem
1944 1470 2157 1526 cazteris

2261 1470 2556 1542 συμφέρον,
2603 1471 2722 1525 οὐδὲ
2770 1473 2820 1525 οἰ
2872 1472 3155 1527 ἀπόστολοι
3201 1473 3573 1545 πεποιήκασιν.
3605 1473 3655 1526 '0
3694 1473 3776 1545 γὰρ

589 1564 843 1619 omnibus
872 1561 1225 1626 anteferrent,
1256 1576 1328 1617 ne
1360 1562 1589 1633 apostoli
1619 1561 1837 1633 quidem
1889 1560 2151 1619 fecerunt.

2261 1561 2432 1632 μέγας
2464 1561 2696 1628 Παῦλος,
2728 1563 2864 1635 μετὰ
2901 1564 2963 1618 τὸ
2992 1564 3191 1629 πολλὰς
3223 1564 3483 1635 βασάνους
3520 1566 3777 1638 ὑπομεῖναι,

588 1659 815 1730 Magnus
861 1672 1095 1728 namque
1145 1655 1369 1723 Paulus,
1427 1671 1552 1711 cum
1602 1656 1805 1713 multos
1840 1658 2155 1727 pertulisset

2208 1724 2224 1730 _
2258 1655 2600 1726 κατανοήσας
2627 1660 2872 1728 κρεῖττον
2905 1652 3043 1712 εῖναι
3071 1658 3163 1712 τὸν
3199 1657 3315 1729 βίον
3346 1658 3632 1723 ἀπολιπεῖν,
3677 1674 3780 1729 προ-

585 1751 883 1815 cruciatus,
909 1749 1245 1818 sentiretque
1270 1747 1463 1804 utilius
1496 1763 1619 1804 esse
1648 1748 1755 1803 sibi
1788 1748 1956 1804 vitam
1986 1749 2155 1805 relin-

2207 1723 2555 1820 Ῐετιμὴσατο
2584 1723 2681 1821 ζῇν
2725 1752 2819 1804 καῖ
2867 1723 3256 1821 βασανίζεσθαι
3287 1749 3376 1804 διὰ
3418 1749 3513 1822 τὴν
3558 1723 3779 1822 σωτηρίαν

584 1859 774 1916 querc,
803 1850 862 1898 ut
887 1842 1069 1913 pepuli
1104 1840 1266 1897 saluti
1319 1855 1383 1896 ac
1437 1840 1769 1896 institutioni
1822 1844 2153 1909 consuleret,

2258 1840 2350 1893 καὶ
2389 1839 2735 1894 διδασκαλίαν
2776 1841 2870 1895 τοῦ
2904 1841 3051 1895 λαοῦ.
3089 1839 3199 1905 Οὓς
3247 1841 3345 1895 καὶ
3391 1841 3528 1895 πάνυ
3571 1839 3782 1911 ἀναισθή-

581 1937 747 1993 vitam
799 1934 903 1990 sibi
943 1948 1006 1989 ac
1048 1939 1317 1990 tormenta
1356 1932 1569 2004 potiora
1604 1932 1782 1988 duxit.
1833 1932 2071 1989 Promde
2101 1941 2153 1990 et

2255 1949 2381 1997 τους
2434 1933 2827 2003 ἀποφαίνεται,
2867 1933 3153 1998 αἰτοῦντας
3197 1933 3299 2005 τὴν
3347 1932 3694 2005 λειτουργίαν,
3730 1928 3783 2003 ἧς

583 2044 777 2085 sensus
790 2025 1012 2082 omnino
1041 2032 1400 2096 expertes-eos
1427 2024 1788 2089 demonstrat,
1813 2026 1905 2096 qui
1934 2041 2153 2083 sacrum

2255 2024 2528 2079 ἐθελονταὶ
2555 2026 2968 2081 ἐκπεπτώκασι.
3007 2026 3131 2091 Πῶς
3155 2026 3289 2099 γὰρ,
3320 2027 3507 2099 φησὶν,
3536 2024 3785 2078 αἰτοῦσινὸ

583 2117 688 2172 sibi
717 2115 1084 2171 ministerium
1111 2112 1437 2183 deposcunt,
1465 2127 1495 2167 a
1527 2129 1638 2184 quo
1662 2116 1907 2170 volentes
1938 2115 2155 2185 ipsimet

2252 2109 2561 2183 κατέλιπον,
2607 2118 2893 2191 δυνάμενοι
2920 2121 3031 2183 τοῖς
3068 2118 3323 2189 ἀδελφοῖς
3363 2116 3637 2189 εὖχρηστοι
3677 2112 3785 2169 εἷναι

581 2210 917 2268 exciderunt.
950 2204 1087 2260 Nam
1121 2221 1229 2275 quo
1262 2206 1443 2269 modo,
1501 2206 1716 2277 inquit,
1764 2207 1817 2261 id
1851 2208 2147 2278 postulant,

2250 2211 2308 2262 ἐν
2340 2209 2514 2281 καιρῷ
2551 2209 2803 2282 τοιούτῳ,
2851 2208 3089 2281 διωγμοῦ
3134 2210 3384 2283 δηλαδής
3417 2212 3561 2274 Ἕως
3598 2210 3683 2281 μὲν
3717 2205 3789 2262 οὖν

579 2304 724 2376 quod
781 2301 1073 2372 reliquere,
1098 2314 1223 2354 cum
1241 2296 1511 2369 ejusmodi
1536 2305 1796 2370 tempore,
1814 2300 2063 2355 excitatae
2074 2300 2151 2355 vi-

2248 2301 2534 2355 ἄπταιστοι
2565 2296 2726 2374 ἦσαν,
2760 2301 3089 2375 συγγνώμην
3122 2300 3273 2376 εἶχον
3306 2305 3407 2357 ἐπὶ
3433 2306 3497 2374 τῇ
3540 2300 3790 2374 παραλόγῳ

579 2396 772 2451 :lelicet
787 2393 1199 2464 persecutionis,
1214 2406 1410 2463 magno
1426 2390 1684 2448 fratribus
1700 2392 2012 2462 adjumento
2026 2407 2149 2449 esse

2247 2394 2427 2448 αὐτῶν
2470 2395 2687 2468 πράξει,
2731 2398 2797 2467 τῇ
2835 2396 3196 2469 αὑτομολήσει
3244 2396 3470 2470 δηλαδὴ,
3514 2397 3545 2468 ἦ
3587 2398 3646 2467 τῇ
3693 2396 3792 2463 ικρὶ

576 2490 843 2562 possent?
870 2486 1123 2555 Quandiu
1156 2475 1319 2559 igitur
1345 2501 1377 2540 a
1406 2487 1561 2558 lapsu
1592 2487 1863 2543 immunes
1889 2487 2144 2551 fuissent,

2243 2486 2305 2540 τὸ
2340 2483 2609 2543 διδάσκειν
2645 2488 2774 2552 τοὺς
2806 2488 3067 2558 ἀδελφοὺς
3099 2489 3388 2562 ῥᾳθυμίᾳ·
3435 2488 3525 2541 ὅτε
3548 2486 3599 2539 δὲ
3640 2485 3792 2537 ἔπται-

575 2581 788 2637 veniam
812 2580 1175 2637 obtinuissent
1203 2577 1437 2635 actionis
1490 2587 1695 2635 temere
1741 2588 2031 2651 susceptae,
2082 2596 2144 2637 se

2246 2597 2365 2645 σαν,
2404 2580 2479 2645 ὡς
2511 2581 2576 2636 ἂν
2624 2583 3154 2656 περπερευσάμενοι,
3201 2582 3395 2637 οὐκέτι
3439 2580 3679 2635 δύνανται
3712 2576 3797 2628 λετ-

574 2674 831 2728 nimirum
856 2670 1186 2727 adversariis
1200 2668 1343 2725 ultro
1374 2667 1659 2735 ollerendi,
1690 2670 1777 2726 vel
1808 2670 1864 2725 in
1881 2670 2141 2725 erudien-

2243 2677 2507 2746 τουργεῖν.
2552 2676 2615 2728 Εἰ
2653 2663 2749 2747 μὲν
2788 2673 2881 2731 οὖν
2920 2676 2981 2730 οὐ
3030 2674 3399 2740 πεπτώκασι,
3454 2672 3642 2744 φησὶν,
3681 2663 3796 2739 εἶχεν

573 2767 656 2822 dis
692 2766 952 2821 fratribus
969 2762 1250 2821 socordiae.
1270 2762 1407 2817 Cum
1437 2776 1569 2817 vero
1596 2761 1914 2827 ceciderint,
1940 2763 2141 2834 quippe

2243 2765 2309 2820 ἂν
2362 2766 2688 2839 συγγνώμην
2747 2768 2839 2820 ἐπὶ
2883 2770 2949 2840 τῇ
3000 2767 3340 2840 παραλόγως
3379 2765 3560 2821 αὐτῶν
3605 2760 3796 2836 πράξει·

573 2858 665 2929 qui
690 2872 969 2928 perperam
985 2855 1211 2928 egerint,
1243 2867 1401 2909 sacra
1416 2852 1720 2908 ministeria
1737 2852 1889 2908 obire
1905 2853 2139 2924 amplius

2242 2858 2547 2930 παράλογον
2582 2858 2779 2931 πρᾶξιν
2824 2860 2884 2912 οὐ
2914 2859 2975 2913 τὸ
3012 2860 3399 2931 αὐτομολῆσαι
3438 2860 3592 2931 μόνον
3631 2853 3803 2915 καλῶντ

569 2951 714 3009 haud
770 2950 1179 3023 permittuntur.
1218 2945 1275 3002 Si
1312 2961 1463 3018 ergo,
1501 2944 1699 3016 inquit,
1734 2944 1958 3001 minime
1992 2944 2138 3000 ceci-

2240 2952 2375 3007 ἀλλὰ
2414 2952 2611 3024 μᾶλλον
2642 2953 2703 3007 τὸ
2735 2955 3051 3007 καταλιπεῖν
3080 2953 3142 3006 τὸ
3188 2955 3456 3027 ποίμνιον
3482 2952 3575 3007 τοῦ
3606 2948 3803 3022 Κυρίου,

568 3045 799 3110 dissent,
832 3041 1044 3098 veniam
1070 3042 1454 3111 impetrassent
1483 3040 1553 3094 ob
1583 3042 1827 3109 ipsorum
1864 3052 1894 3091 a
1927 3038 2138 3092 ratione

2242 3046 2335 3099 καὶ
2362 3045 2436 3117 μὴ
2481 3045 2821 3117 παραμένειν
2858 3045 3003 3118 αὑτῷ
3037 3048 3129 3101 καὶ
3187 3047 3481 3119 στηρίζειν
3524 3046 3645 3108 τοὺς
3680 3038 3803 3096 ἀδελ-

566 3138 798 3194 alienam
831 3135 1095 3191 actionem
1122 3151 1138 3201 ;
1183 3132 1454 3188 actionem
1482 3146 1513 3186 a
1543 3131 1754 3186 ratione
1782 3130 2012 3185 alienam
2042 3146 2137 3185 vo-

2239 3139 2371 3208 φοῦς
2412 3138 2796 3211 κλονουμένους
2825 3141 2881 3192 ὲν
2908 3138 2987 3210 τῷ
3018 3139 3206 3212 καιρῷ
3239 3139 3344 3194 τοῦ
3385 3137 3647 3211 διωγμοῦ.
3681 3136 3738 3189 Εἰ
3761 3130 3807 3186 δι

563 3250 720 3300 cans,
756 3247 866 3288 non
898 3231 1075 3286 solum
1105 3226 1251 3300 quod
1281 3242 1340 3283 se
1368 3226 1622 3282 hostibus
1652 3223 1982 3287 dediderint,
2040 3223 2135 3280 sed

2239 3231 2585 3286 πεπτώκασιν
2615 3235 2679 3285 ἐκ
2714 3232 3049 3305 περπερείας
3071 3272 3085 3295 ,
3122 3234 3483 3306 περπερείαν
3524 3232 3569 3285 δ’
3609 3225 3807 3284 ἐνταῦθα

561 3327 745 3398 potius
773 3321 920 3395 quod
946 3320 1287 3378 deseruerint
1312 3333 1532 3391 gregem
1555 3314 1791 3380 Domini,
1829 3330 1931 3372 nec
1955 3316 2132 3386 ipsum

2239 3325 2331 3397 τὴν
2378 3325 2551 3396 οἴησιν
2602 3327 2695 3379 καὶ
2748 3324 2844 3396 τὴν
2891 3323 3213 3389 ἀλαζονείαν
3261 3324 3466 3379 καλεῖν
3501 3323 3583 3378 ὃτι
3621 3319 3676 3387 ἐξ
3705 3319 3811 3373 ἁλα-

564 3417 942 3485 eustodierint,
974 3430 1038 3470 ac
1073 3414 1271 3469 fratres
1297 3414 1393 3484 qui
1438 3409 1837 3482 persecutionis
1891 3418 2135 3480 tempore

2238 3417 2442 3482 ζονείας
2475 3419 2784 3491 ἐθάρρησαν
2810 3419 3039 3480 ἑαυτοῖς,
3072 3417 3169 3471 καὶ
3202 3417 3305 3472 τὸν
3342 3416 3538 3487 ἀγῶνα
3570 3413 3810 3468 ὕπέλυσαν

563 3512 902 3568 vexabantur
921 3509 1320 3565 confirmarint.
1359 3505 1418 3561 Si
1444 3521 1576 3561 vero
1606 3504 1926 3561 ceciderunt
1959 3520 2026 3559 ex
2068 3517 2134 3559 eo

2242 3510 2325 3562 καὶ
2357 3510 2581 3574 ἑαυτοὺς
2604 3510 2985 3582 ὲμωμὴσαντο,
3027 3509 3146 3562 ἀντὶ
3189 3508 3323 3574 τοῦ,
3369 3508 3467 3564 διὰ
3497 3508 3599 3581 τὴν
3638 3502 3814 3561 πτῶσιν

560 3607 704 3678 quod
727 3623 785 3663 se
815 3622 1099 3677 perperam
1136 3604 1428 3675 gesserint,
1471 3603 1785 3676 superbiam
1815 3602 1927 3667 hic,
1960 3609 2014 3658 et
2043 3617 2132 3656 ar-

2240 3602 2425 3675 μῶμον
2452 3605 2757 3675 ἐπήνεγκαν
2786 3604 3029 3667 ἑαυτοῖς,
3062 3602 3259 3657 οὐκέτι
3302 3603 3574 3657 δύνανται
3605 3601 3812 3667 λειτουρ-

559 3699 897 3771 rogantiam;
946 3698 1044 3769 τὴν
1073 3696 1407 3767 περπερείαν
1458 3710 1681 3762 vocans,
1708 3692 1853 3764 quod
1881 3709 1945 3749 ex
1976 3708 2131 3748 arro-

2243 3700 2365 3766 γεῖν.
2401 3696 2492 3750 Διὸ
2533 3693 2984 3768 φροντιζέτωσαν,
3020 3694 3192 3763 λέγει,
3245 3696 3464 3767 μᾶλλον
3502 3695 3562 3749 ἒν
3593 3706 3815 3747 ταπεινο·

559 3792 744 3865 gantia
775 3790 1026 3845 ﬁduciam
1053 3790 1108 3845 in
1139 3805 1199 3847 se
1238 3790 1374 3861 ipsis
1408 3804 1636 3859 posuere
1659 3829 1673 3853 ,
1730 3788 2130 3845 dissolverunt-

2242 3788 2505 3862 ppoau'vn,
2558 3788 2675 3853 πῶς
2715 3788 3056 3843 ἐκτελέσουσι
3103 3787 3209 3858 τὴν
3246 3787 3594 3859 ὁμολογίαν,
3643 3780 3814 3855 δηλαδὴ

558 3900 666 3956 que
695 3890 993 3949 certamen,
1024 3896 1088 3937 ac
1120 3897 1180 3938 se
1233 3881 1383 3952 ipsos
1413 3882 1792 3952 vituperarunt
1823 3899 1839 3948 ;
1890 3880 1995 3934 hoc
2018 3886 2125 3941 est.

2244 3880 2562 3951 παυσάμενοι
2615 3879 2713 3951 τῆς
2781 3876 3104 3942 κενοδοξίας.
3164 3878 3248 3932 Τὸ
3326 3878 3445 3952 γὰρ
3498 3870 3816 3946 λειτουργίαν

559 3978 666 4034 sibi
687 3975 821 4047 ipsis
856 3975 1121 4030 maculam
1154 3976 1226 4031 ob
1252 3975 1465 4046 lapsum
1504 3976 1852 4038 inusserunt,
1881 3973 1935 4028 in
1970 3987 2127 4028 sacro

2247 3974 2428 4044 ζητεῖν,
2481 3970 2567 4025 διὰ
2611 3970 2962 4037 κενοδοξίαν,
3000 3970 3168 4041 φησι,
3208 3971 3465 4039 γίνεται.
3506 3971 3690 4040 Ἀρκεῖ
3729 3964 3819 4034 γὰρ

557 4068 863 4127 ministerio
895 4066 1101 4123 versari
1147 4066 1279 4136 ipsis
1327 4066 1561 4137 amplius
1612 4064 1756 4119 haud
1805 4064 1950 4120 licet.
1987 4062 2125 4118 Pro-

2250 4062 2409 4126 ιύτοῖς
2447 4063 2479 4134 ή
2522 4061 2775 4114 κοινωνία
2801 4100 2815 4123 ,
2866 4061 3031 4130 ἤγουν
3077 4059 3140 4114 τὸ
3198 4063 3620 4132 συγκοινωνεῖν
3663 4048 3822 4116 αὐτοῖς

555 4170 741 4235 pterea
765 4160 1040 4229 studeant,
1066 4158 1262 4233 inquit,
1287 4157 1469 4229 potius
1492 4158 1546 4212 in
1575 4157 1882 4212 humilitate
1907 4155 2125 4212 confes-

2252 4152 2349 4217 ὀὺς
2382 4155 2638 4218 πιστοὺς,
2679 4154 2797 4224 ἦτοι
2844 4150 3242 4224 συνεύχεσθαι,
3295 4155 3334 4227 ἢ
3377 4157 3481 4209 καὶ
3524 4153 3637 4206 τῶν
3685 4149 3824 4203 θείων

555 4254 763 4308 sionem
789 4264 1069 4324 peragere,
1089 4255 1370 4304 cessantes
1391 4248 1642 4303 videlicet
1664 4248 1733 4302 ab
1753 4249 1900 4302 inani
1923 4246 2122 4319 gloria.

2253 4244 2539 4317 ιυστηρίων
2592 4243 2909 4316 μετάληψις.
2958 4243 3068 4298 Καὶ
3116 4242 3311 4298 ταῦτα
3350 4245 3481 4317 μετ’
3524 4239 3825 4299 ἐπιστασίας

553 4342 710 4411 Quod
754 4341 900 4398 enim
950 4354 1108 4396 sacro
1150 4338 1454 4394 ministerio
1499 4336 1702 4393 ascribi
1740 4341 2037 4410 postulent,
2090 4353 2123 4392 a

2255 4338 2319 4391 ιαῖ
2338 4335 2620 4409 ἀκριϐείας
2640 4337 2924 4408 γενόμενα,
2947 4336 3040 4390 καὶ
3062 4336 3150 4388 ἵνα
3176 4336 3263 4410 μὴ
3292 4338 3511 4405 δόξωσι
3535 4332 3827 4391 λυπεῖσθαι.

550 4438 735 4497 studio
758 4424 1071 4492 ambitibnis
1103 4422 1488 4504 proficiscitur.
1515 4425 2121 4497 Sullicitnamqueipsis

2257 4428 2364 4484 ιετὰ
2391 4429 2512 4501 βίας
2541 4429 3024 4502 περιδρασσὸμενοι
3050 4430 3150 4499 τῆς
3194 4430 3481 4484 ἐντεῦθεν
3510 4428 3829 4485 ἀναλύσεως.

548 4528 884 4597 communio,
907 4534 966 4582 ut
997 4542 1121 4583 cum
1144 4524 1278 4596 ipsis
1302 4523 1564 4580 nimirum
1593 4522 1779 4578 fideles
1812 4523 2118 4576 communi-

2262 4522 2315 4575 αὶ
2356 4522 2442 4575 ἵνα
2471 4521 2544 4594 μὴ
2578 4519 2935 4593 λυπούμενοι,
2970 4521 3147 4592 ’φησὶν
3167 4561 3182 4585 ,
3218 4522 3574 4576 ἀπέλθωσιν
3604 4515 3834 4573 ἐντεῦθεν

548 4632 694 4692 cent,
723 4639 790 4680 ac
815 4636 924 4678 una
950 4626 1240 4693 precentur
1257 4657 1272 4685 ,
1321 4617 1410 4674 vel
1426 4624 1708 4669 sacrorum
1732 4610 2116 4681 mysteriorum

2260 4614 2562 4682 ναλύοντες,
2590 4616 2808 4670 ἀπὸτοῦ
2843 4614 3092 4687 σώματος
3136 4614 3411 4686 δηλονότι
3469 4614 3832 4687 ἐξερχόμενῦιι

548 4717 844 4790 perceptio.
877 4718 1058 4785 Atque
1087 4713 1202 4767 haec
1228 4710 1448 4783 quidem
1500 4717 1653 4767 certo
1682 4709 1918 4766 consilio
1945 4708 2113 4765 sedu-

2266 4710 2362 4765 ετά
2408 4709 2529 4783 βίας
2560 4711 2659 4783 τῆς
2707 4711 2771 4764 ἐκ
2811 4708 2916 4763 τῶν
2961 4708 3246 4763 κολάσεων
3307 4712 3419 4765 καὶ
3460 4711 3574 4780 τῆς
3626 4713 3684 4763 ὲν
3734 4705 3838 4762 ταῖς

549 4812 709 4882 laque
738 4805 1212 4864 administratione
1241 4803 1376 4858 fiunt
1395 4844 1410 4869 ,
1443 4809 1558 4857 tum
1587 4818 1655 4858 ne
1680 4802 1969 4859 videantur
1995 4816 2115 4855 ino-

2275 4805 2461 4875 ρκταῖς
2510 4803 2907 4868 κακοπαθείας·
2953 4805 3047 4857 καὶ
3089 4804 3175 4856 ἵνα
3231 4805 3324 4876 μή
3363 4822 3528 4869 τινες
3578 4800 3839 4875 πρόφασιν

548 4903 702 4961 lestia
755 4899 925 4962 allici,
963 4898 1091 4952 illnc
1134 4894 1550 4951 dissolutionem
1589 4896 1713 4950 vitae
1748 4894 2113 4965 arripientes,

2270 4896 2388 4967 (ὦσι
2412 4896 2505 4950 τοῦ
2534 4896 2820 4969 ἐκλυθῆναι
2852 4896 2946 4950 καὶ
2971 4894 3339 4968 χαυνωθῆνοιι
3370 4898 3527 4970 πρὸς
3548 4897 3646 4949 τὸν
3671 4889 3842 4960 ἀγῶνα

547 5007 616 5048 ne
643 4991 851 5049 scilicet
881 4987 1153 5053 molestia,
1184 4985 1379 5056 inquit,
1432 4984 1645 5049 allecti,
1678 4983 1946 5041 decedant
1998 4984 2113 5039 sol-

2266 4990 2316 5059 ἧς
2338 4988 2655 5059 ὁμολογίας,
2697 4989 2790 5042 καὶ
2834 4986 2921 5041 διὰ
2957 4986 3114 5040 τοῦτο
3144 4988 3440 5042 ἐκπεσεῖν
3466 5027 3482 5051 ,
3526 4986 3635 5059 τὴν
3686 4977 3838 5037 smi-

543 5093 754 5151 t'cntcs,
785 5100 814 5138 a
837 5097 1067 5154 corpore
1086 5079 1336 5135 videlicet
1368 5078 1747 5141 abscedentes.
1784 5078 1855 5133 ob
1879 5078 1987 5131 vim
2003 5086 2115 5131 toro

2276 5098 2402 5153 ςσιν.
2441 5081 2648 5144 Οἰτινες
2702 5079 2899 5150 μᾶλλον
2943 5078 3460 5150 αίσχυνθήσονται,
3511 5079 3665 5135 κατὰ
3710 5074 3767 5129 τὸ
3795 5074 3848 5124 ἐν

542 5187 875 5239 mentorum,
929 5174 1449 5242 aﬂlictationumque
1484 5185 1622 5241 quas
1669 5170 1724 5224 in
1774 5184 1994 5226 carcere
2017 5183 2113 5238 pa-

2277 5173 2568 5244 ϋιιγγελίοις
2598 5172 2916 5245 εἰρημένον·
2950 5175 3055 5239 Ὃς
3080 5170 3393 5241 θεμέλιον
3429 5177 3558 5228 οὐκ
3591 5174 3849 5242 ἴσχυσεν·

542 5267 782 5332 tiuntur;
833 5280 898 5319 ac
923 5279 992 5319 ne
1014 5264 1109 5335 qui
1137 5263 1547 5318 excusationem
1572 5258 1864 5331 praeferant
1894 5260 2112 5315 mule-tae
2213 5263 2546 5320 ἐκτελέσαι.

540 5363 727 5431 hujus,
757 5362 828 5419 ob
848 5378 1010 5434 quam
1041 5363 1095 5417 in
1124 5359 1495 5416 confessionis
1528 5357 1831 5414 certamine
1870 5356 2174 5413 dissolutos
2198 5374 2262 5415 ac
2303 5362 2529 5432 ignavos
2580 5380 2640 5420 se
2696 5371 3006 5435 gesserunt,
3055 5371 3222 5433 atque
3287 5363 3440 5422 ideo
3504 5362 3856 5423 ceciderunt.

539 5453 643 5522 Qui
695 5455 877 5526 potius
925 5456 1126 5512 rubore
1163 5452 1565 5519 sulfundentur,
1610 5450 1766 5522 juxta
1798 5448 1931 5506 illud
1965 5450 2107 5521 quod
2144 5451 2198 5506 in
2232 5452 2525 5526 Evangelio
2552 5457 2752 5513 dicitur
2798 5477 2813 5514 :
2869 5457 2974 5526 Qui
3016 5456 3467 5530 fundamentum
3522 5477 3641 5518 non
3694 5453 3863 5530 ροηδίί

535 5550 799 5620 perﬁcere.
