3980 6318
214 189 310 241 493

1431 192 1762 248 EPISTULA
1802 191 2172 248 CANONICA;

3321 199 3424 259 494

224 301 609 376 Ἐπεξήγησις
657 311 948 379 μερομέιηυ
1008 313 1155 366 κατὰ
1221 303 1326 366 τοῦ
1385 303 1760 380 ,η-Ιοιιᾷἱλωνος

1871 301 2135 379 Digressio
2169 327 2286 379 qua:
2313 315 2428 364 told
2465 311 2710 368 adversus
2753 307 3083 370 Muzalonem
3115 318 3420 379 intenditur;

865 383 1088 436 ἅπασα.

284 487 757 558 Ἑπιστησάτωσαν
783 491 841 542 δὲ
876 491 965 543 τὸν
997 491 1118 545 νοῦν
1155 495 1263 555 τοῖς
1293 492 1443 564 παρά
1473 494 1566 546 τοῦ
1604 495 1769 564 μεγά-

203 580 289 632 λου
328 581 482 633 τοῦδε
522 584 733 654 llam-pb;
766 585 858 636 καὶ
909 584 1294 656 ἱερομάρτυρος
1339 587 1643 656 εἰρημένοις
1679 589 1766 639 ὲν-

200 671 370 726 ταῦθα
411 675 461 724 oi
507 673 752 742 λέγοντες
786 675 1040 729 δύνασθαι
1083 677 1206 739 τοὺς
1252 679 1525 749 ἀρχιερεῖς
1573 697 1766 750 παραιο

197 762 406 816 τεῖσθαι
450 763 548 828 τάς
576 766 863 836 ἐκκλησίας
905 768 1101 829 αὐτῶν,
1146 771 1238 823 καί
1273 775 1644 841 παρακρατεῖν
1669 771 1766 842 τὴν

199 856 515 926 ίερωσύνην.
550 858 610 908 Εἰ
639 858 745 928 γάρ
776 860 822 910 οἰ
863 859 995 930 πρὸς
1019 861 1301 930 ὁμολογίας
1331 863 1514 929 ἀγῶνα
1552 865 1765 927 ἑκόντες

195 949 534 1018 ὁρμήσαντες
590 949 857 1020 κληρικοὶ,
893 952 985 1004 καὶ
1030 954 1374 1018 κολασθέντες
1414 959 1505 1009 καὶ
1543 957 1615 1027 μὴ
1655 960 1766 1011 ὲπι-

196 1042 496 1109 μείναντες,
529 1041 661 1095 ἀλλά
687 1043 941 1107 ἐνδόντες,
979 1043 1094 1099 εἶτα
1121 1049 1579 1112 ἀναπαλαίσαντες
1614 1050 1764 1120 μόλις

191 1133 468 1198 ἀξιοῦνται
499 1133 842 1206 συγγνώμης,
871 1139 948 1200 εἰς
985 1139 1045 1190 τὸ
1079 1139 1175 1209 τὴν
1198 1139 1534 1210 λειτουργίαν
1563 1142 1764 1196 ἀναϐα-

190 1227 317 1278 λεῖν·
351 1225 497 1279 κατά
525 1227 614 1279 τὸν
650 1226 788 1279 θεῖον
815 1227 1000 1281 τοῦτον
1034 1231 1270 1303 Πατέρα,
1296 1231 1446 1284 οὐδὲν
1474 1233 1656 1302 ἕτερον
1681 1235 1765 1302 ἐγ-

194 1317 534 1386 καλούμενοι,
575 1318 606 1388 ῆ
645 1319 702 1369 τὸ
751 1319 1064 1373 καταλιπεῖν
1106 1321 1232 1384 τοὺς
1287 1322 1565 1391 ἀδελφοὺς,
1607 1323 1764 1376 δυνά-

191 1424 338 1475 μενοι
375 1409 558 1471 αὐτοῖς
599 1411 657 1462 ἐν
693 1410 865 1481 καιρῷ
909 1411 1275 1480 περιστάσεως
1313 1413 1598 1484 εὔχρηστοι
1626 1409 1761 1466 εἶναι

187 1503 260 1562 εἰς
290 1501 354 1554 τὸ
392 1501 665 1572 στηρίζειν
693 1503 907 1564 αὐτοὺς,
939 1504 1224 1557 καὶταῦτα
1259 1507 1558 1576 μαρτυρίας
1596 1505 1761 1570 ἀξιω-

189 1592 391 1656 θέντες,
415 1594 509 1646 καὶ
532 1593 599 1646 τά
620 1595 887 1665 στίγματα
912 1597 1003 1650 τοῦ
1037 1597 1269 1667 Χριστοῦ
1294 1600 1352 1649 ὲν
1377 1601 1441 1668 τῇ
1473 1599 1632 1668 σαρκὶ
1663 1599 1761 1650 αύ-

1933 491 2204 558 Adjiciant
2235 505 2396 558 porro
2439 491 2678 545 animum
2728 492 2795 547 iis
2821 509 2942 564 quae
2979 495 3049 549 ab
3096 496 3199 552 hoc
3229 513 3428 571 magno

1865 578 2046 643 Patre,
2079 595 2141 634 ac
2172 589 2359 634 sancto
2394 587 2629 650 martyre
2660 581 2764 635 hoc
2795 582 2915 638 loco
2942 585 3104 639 allata
3135 597 3286 653 sunt,
3326 592 3421 660 qui

1865 672 2054 727 dicunt
2081 673 2354 743 episcOpis
2385 674 2547 729 licere
2589 674 2850 732 ecclesias
2880 691 3008 733 suas
3037 677 3331 749 dimittere,
3357 697 3423 738 ac

1864 764 2151 818 sacerdotii
2183 763 2497 833 dignitatem
2549 764 2807 820 retinere;
2860 766 3072 824 Etenim
3123 772 3168 827 si
3209 773 3423 832 clericis

1865 854 1957 924 qui
1982 863 2173 926 sponte
2204 871 2262 910 se
2293 855 2577 910 certamini
2604 857 2968 916 confessionis
2999 862 3332 933 obiecerant,
3357 876 3425 922 ac

1863 946 2148 1002 tormentis
2178 945 2357 1000 aﬁ‘ecti
2391 947 2571 1001 minus
2603 956 2920 1004 constanter
2948 951 3292 1022 obstiterant,
3326 957 3422 1014 sed

1867 1043 2149 1106 postquam
2196 1045 2495 1102 cesserant,
2530 1038 2584 1094 in
2631 1046 2904 1096 certamen
2943 1043 3292 1104 redeuntibus
3329 1049 3419 1105 vix

1864 1127 2182 1181 conceditur
2211 1129 2554 1199 venia,quod
2604 1146 2820 1186 sacrum
2867 1133 3228 1191 ministerium
3268 1140 3420 1198 obire

1863 1218 2241 1286 distulissent;
2287 1236 2387 1274 nec
2414 1238 2481 1276 ex
2530 1221 2691 1290 hujus
2734 1223 2902 1278 divini
2936 1223 3113 1282 Patris
3151 1233 3419 1288 sententia

1863 1310 2156 1382 quidquam
2184 1312 2330 1365 aliud
2360 1314 2492 1382 ipsis
2523 1315 2800 1383 objicitur,
2837 1333 2999 1386 quam
3037 1319 3182 1389 quod
3221 1321 3417 1380 fratres

1861 1401 2250 1467 deseruissent,
2284 1419 2406 1457 cum
2437 1405 2680 1462 adversis
2703 1423 2768 1462 ac
2805 1411 3134 1467 turbulentis
3163 1416 3422 1484 tempori-

1863 1494 1965 1550 bus
1996 1508 2216 1564 possent
2248 1497 2376 1566 ipsis
2414 1500 2466 1551 in
2515 1497 2618 1552 ﬁde
2645 1499 3031 1558 conﬁrmandis
3070 1519 3192 1560 esse
3223 1507 3417 1576 utiles;

1863 1582 2026 1653 idque
2056 1601 2177 1638 cum
2231 1595 2284 1640 et
2312 1586 2456 1656 digni
2497 1585 2666 1641 habiti
2717 1599 2900 1645 essent
2928 1593 3016 1660 qui
3051 1594 3417 1654 testimonium

185 1685 286 1736 τῶν
338 1687 764 1756 περιφέροντες
815 1687 931 1752 πῶς
981 1689 1266 1760 ἀρχιερεὺς
1305 1690 1397 1742 καὶ
1443 1689 1661 1760 ποιμὴν,
1703 1690 1760 1753 ὃς

1863 1676 2208 1743 perhiberent
2237 1675 2378 1741 ﬁdei,
2411 1685 2461 1732 et
2495 1676 2749 1748 stigmata
2796 1680 2998 1739 Christi
3025 1685 3081 1738 in
3121 1701 3221 1742 sua
3251 1704 3418 1746 carne

182 1774 389 1839 ὀφείλει
413 1774 618 1829 τιθέναι
641 1775 737 1846 τὴν
767 1776 939 1848 ψυχὴν
969 1779 1106 1850 ὑπὲρ
1131 1779 1236 1831 τῶν
1270 1777 1572 1847 προϐάτων,
1595 1795 1759 1831 κατα-

186 1864 355 1918 λιπὼν
386 1867 483 1936 τὴν
514 1867 962 1937 ἐμπιστευθεῖσαν
989 1871 1219 1941 ποίμνην
1252 1868 1417 1940 αὐτῷ,
1447 1870 1538 1923 καὶ
1561 1887 1758 1942 παραι-

186 1959 491 2028 τησάμενος
529 1961 629 2030 τὴν
671 1962 839 2031 αὐτῆς
878 1962 1131 2033 φροντίδα
1172 1964 1265 2016 καὶ
1304 1962 1636 2032 ἐπιμέλειαν,
1665 1961 1760 2016 καὶ

184 2053 301 2103 ὅσον
354 2051 420 2103 τὸ
469 2053 587 2104 κατ’
631 2053 791 2106 αὐτὸν
832 2058 942 2118 τοῖς
985 2055 1166 2120 λύκοις
1197 2055 1396 2127 ταύτην
1431 2051 1756 2116 ἐκδεδωκὼς,

187 2141 508 2211 ἀντέχεσθαι
536 2145 634 2213 τῆς
663 2145 995 2216 λειτουργίας
1019 2146 1225 2210 δίκαιος
1245 2145 1642 2217 λογισθήσεται,
1667 2144 1759 2196 καὶ

187 2234 239 2284 οὐ
276 2231 482 2300 μᾶλλον
539 2233 852 2305 βαρυτάτων
896 2237 1182 2306 ἐπιτιμίων
1225 2237 1541 2309 κριθήσεται
1591 2234 1756 2300 ἄξιος,

187 2329 264 2382 διὰ
299 2334 404 2402 τὴν
446 2330 540 2384 τοῦ
586 2329 930 2392 ἀνατεθέντος
975 2330 1121 2399 αὐτῷ
1169 2331 1296 2384 λαοῦ
1351 2333 1756 2403 ἐγκατάλειψιν;

201 2423 354 2474 Ἀλλά
383 2424 477 2474 καὶ
503 2423 668 2490 γέρας
699 2422 836 2492 ὑπὲρ
880 2420 1079 2491 ταύτης
1107 2424 1337 2492 αἰτήσει,
1365 2424 1396 2494 ἢ
1436 2425 1632 2494 μᾶλλον
1665 2427 1760 2478 αὐ-

189 2513 271 2572 τὸς
296 2513 479 2582 ἐαυτῷ
516 2513 771 2583 παρέξειο
811 2513 872 2564 τὸ
921 2513 1018 2582 μὲν
1065 2514 1229 2566 κόπον
1283 2515 1570 2586 προξενοῦν
1613 2517 1758 2588 αὑτῷ

191 2606 639 2676 ⁸παραιτούμενος,
672 2605 771 2673 τὴν
798 2604 1140 2659 διδασκαλίαν
1182 2607 1322 2676 φημὶ
1370 2609 1462 2660 καὶ
1509 2609 1606 2680 τὴν
1650 2609 1758 2662 τῶν

193 2700 571 2769 σφαλλομένων
600 2699 898 2771 διόρθωσιν,
927 2700 984 2752 τὺ
1019 2699 1074 2752 δὲ
1108 2699 1259 2764 δόξαν
1295 2702 1386 2754 καὶ
1417 2704 1578 2773 τιμὴν
1603 2720 1758 2776 περι-

194 2794 371 2848 ποιοῦν
421 2794 832 2863 παρακατέχων,
881 2793 973 2844 καί
1017 2791 1400 2862 οἰκειούμενος,
1449 2794 1545 2866 καὶ
1572 2796 1758 2848 τούτου

192 2889 350 2960 ἀπρὶξ
383 2887 660 2958 ἐχόμενος,
687 2885 779 2938 καί
815 2884 977 2955 μηδὲν
1011 2885 1415 2955 μεθιστάμενος.
1446 2888 1508 2940 Εἰ
1536 2888 1642 2960 γάρ
1669 2889 1760 2942 ἐπὶ

190 2980 460 3052 κληρικῶν
517 2977 821 3049 παράλογος
864 2977 1152 3046 ὠνομάσθη
1195 2977 1408 3047 πρᾶξις,
1447 2978 1506 3031 τὸ
1547 2980 1758 3036 καταλι-
1785 3021 1825 3052 ρ

190 3076 304 3125 πεῖν
327 3072 420 3124 τὸν
463 3071 610 3131 λαὸν,
644 3072 737 3121 καὶ
778 3068 912 3139 πρὸς
944 3067 1032 3120 τὸν
1063 3068 1200 3138 ὑπὲρ
1222 3069 1497 3132 εὐσεϐείας
1533 3071 1758 3140 αὐτομο-

189 3165 336 3233 λῆσαι
369 3163 557 3232 ἀγῶνα
577 3179 590 3191 ·
621 3162 769 3231 πότῳ
798 3159 954 3212 πλέον
981 3159 1428 3230 παραλογώτερον
1456 3161 1519 3214 ἀν
1547 3161 1756 3234 κριθείη

190 3258 274 3306 ἐπὶ
321 3255 627 3307 ἐπισκόπου
671 3253 1056 3315 καταλιπόντος
1111 3252 1202 3304 τὸν
1246 3254 1440 3305 οἰκεῖον
1472 3252 1618 3315 λαὸν,
1665 3255 1758 3307 καὶ

189 3348 243 3398 οὐ
275 3347 411 3416 πρὸς
457 3344 646 3412 ἀγῶνα
698 3342 1015 3413 χωροῦντος,
1072 3341 1205 3414 πρὸς
1247 3341 1524 3413 ῥᾳστώνην
1567 3343 1621 3395 δὲ
1668 3345 1760 3396 καὶ

190 3439 504 3500 ἀνάπαυσιν,
525 3435 620 3489 καὶ
639 3433 934 3506 φροντίδων
960 3434 1098 3504 ὑπὲρ
1116 3433 1380 3502 ὠφελείας
1408 3433 1594 3503 ψυχῶν
1627 3435 1759 3488 ἀπό-

189 3529 328 3582 θεσιν
354 3530 451 3582 καὶ
477 3528 808 3598 ἀπόδρασινς
836 3527 945 3579 Καὶ
977 3528 1004 3579 ὁ
1029 3531 1103 3590 ις’
1130 3525 1186 3578 δὲ
1211 3524 1388 3578 κανὼν
1407 3527 1505 3595 τῆς
1527 3526 1756 3597 ἑϐδόμης

188 3624 564 3694 σ.ἰκο·.›μενικῆς
615 3621 827 3674 συνόδου
871 3620 1067 3690 πολλὴν
1100 3619 1423 3690 ἀϐελτηρίαν
1470 3623 1760 3691 κατηγορεῖ

190 3714 287 3765 τῶν
316 3713 704 3785 ψηφιζομένων
727 3710 980 3764 δύνασθαι
1032 3711 1156 3773 τοὺς
1207 3713 1480 3782 ἀρχιερεῖς
1521 3713 1614 3775 τὰς
1647 3713 1759 3770 ἐπι-

192 3808 390 3870 εκοπάς
413 3804 816 3877 παραιτεῖσθαι,
840 3804 938 3874 τὴν
961 3805 1015 3858 δὲ
1047 3804 1342 3876 ἱερωσύνην
1368 3809 1752 3876 παρακρατεῖν.

194 3902 246 3954 Εἰ
270 3903 374 3974 γὰρ
398 3902 541 3956 κατά
569 3901 659 3955 τὸν
685 3901 968 3972 εἰρημένον
996 3901 1194 3954 κανόνα
1221 3904 1249 3954 ὁ
1271 3903 1582 3967 ἐπίσκοπος,
1620 3905 1757 3976 ὑπὲρ

192 3993 244 4043 σὺ
273 3994 538 4063 ἑξάμηνον
573 3991 671 4062 τῆς
704 3991 910 4055 οἰκείας
945 3991 1299 4064 ἀποδημήσας
1341 3995 1641 4064 ἐπισκοπῆς
1670 3994 1757 4065 [ἂν

197 4085 283 4155 μὴ]
319 4087 448 4156 μιᾶς
486 4085 594 4137 τῶν
632 4085 1100 4156 ἀπηριθμημένων
1138 4087 1196 4137 ἐν
1232 4085 1380 4156 αύτῷ
1426 4087 1632 4151 αἰτιῶν,
1665 4088 1758 4142 καὶ

191 4179 279 4246 τῆς
309 4181 614 4250 ἐπισκοπῆς
646 4180 741 4232 καὶ
772 4180 867 4250 τῆς
911 4179 1317 4250 ἀρχιερωσύνης
1361 4180 1633 4246 ἐκπίπτει,
1666 4183 1758 4234 καὶ

196 4269 380 4338 ἀμφοῑν
407 4269 763 4339 ἠλλοτρίωται
782 4285 794 4298 ⁸
824 4269 938 4331 πῶς
961 4270 990 4320 ὁ
1014 4270 1482 4339 παραιτησάμενος
1511 4271 1610 4340 τὴν
1641 4272 1759 4323 ὲπι-

1860 1766 2272 1822 circuml‘errent
2302 1787 2314 1822 :
2347 1783 2582 1838 quonam
2617 1770 2776 1826 modo
2807 1787 3055 1831 summus
3085 1779 3343 1836 sacerdos
3364 1791 3418 1837 et

1859 1869 2064 1929 pastor,
2097 1860 2189 1930 qui
2235 1877 2334 1931 pro
2375 1865 2567 1918 ovibus
2603 1862 2760 1918 debet
2791 1867 3024 1922 animam
3057 1884 3281 1940 ponere,
3321 1874 3418 1930 de-

1860 1960 2006 2004 serto
2037 1967 2197 2023 grege
2235 1954 2337 2008 sibi
2377 1958 2694 2024 commisso,
2730 1961 2955 2031 ejusque
2996 1976 3128 2017 cura
3155 1973 3211 2020 et
3239 1966 3418 2021 admia

1861 2043 2184 2100 nistratione
2226 2047 2528 2116 repudiata,
2565 2061 2617 2104 et
2649 2061 2911 2121 quantum
2951 2055 3171 2124 quidem
3209 2058 3265 2112 in
3296 2059 3419 2132 ipso

1858 2145 1940 2190 est
1968 2151 2033 2190 eo
2059 2137 2198 2206 lupis
2225 2138 2460 2208 prodito,
2496 2141 2690 2212 dignus
2715 2145 2990 2214 putabitur
3015 2147 3107 2217 qui
3139 2151 3284 2205 sacri
3313 2152 3416 2206 mi-

1860 2229 2071 2282 nisterii
2125 2229 2442 2300 dignitatem
2502 2237 2769 2299 retineat,
2816 2251 2879 2292 ac
2917 2255 3028 2294 non
3076 2242 3421 2311 gravissimis

1860 2321 2040 2390 potius
2071 2325 2246 2391 pinnis
2275 2325 2419 2392 quod
2451 2325 2552 2380 sibi
2576 2328 3010 2386 commendatum
3037 2335 3296 2402 populum
3320 2335 3416 2390 de-

1860 2412 2114 2477 seruerit,
2148 2414 2494 2470 mulctandus
2524 2431 2646 2472 esse
2667 2418 3038 2486 judicabitur?
3068 2421 3210 2489 Quin
3234 2425 3419 2495 potius

1859 2504 1927 2555 oh
1959 2520 2076 2560 eam
2122 2521 2238 2560 rem
2274 2510 2555 2578 praemium
2598 2510 2877 2581 deposcet,
2911 2515 3018 2568 imo
3050 2515 3154 2570 sibi
3179 2515 3419 2586 ipsemet

1859 2594 2259 2664 suppeditabit;
2301 2601 2444 2669 quod
2471 2601 2686 2671 quidem
2731 2603 2967 2660 laborem
2999 2605 3103 2676 ipsi
3133 2606 3288 2662 aﬁ'ert
3329 2624 3418 2662 rea

1859 2699 2082 2750 cusans,
2137 2687 2366 2745 docendi
2411 2691 2663 2747 videlicet
2714 2709 2914 2751 munus
2956 2696 3197 2768 vitiaque
3243 2700 3419 2754 corri-

1861 2776 2055 2845 gendi;
2104 2779 2249 2848 quod
2275 2795 2406 2834 vero
2437 2781 2665 2851 gloriam
2706 2798 2770 2838 ac
2801 2785 2969 2839 decus
3001 2787 3258 2841 conciliat
3300 2803 3421 2843 ama

1861 2871 2121 2939 plectens,
2155 2871 2367 2942 sibique
2417 2873 2713 2938 asciscens,
2761 2877 3145 2948 mordicusque
3189 2879 3246 2933 id
3288 2881 3419 2934 reti-

1862 2976 2018 3025 nens,
2066 2976 2242 3032 neque
2272 2964 2356 3018 vel
2383 2965 2654 3020 tantillum
2705 2969 3008 3026 remittens.
3047 2969 3104 3023 Si
3134 2971 3281 3026 enim
3326 2970 3418 3026 ubi

1860 3051 1926 3108 de
1956 3054 2172 3108 clericis
2211 3062 2295 3110 est
2342 3072 2542 3120 sermo,
2580 3058 2724 3113 actio
2768 3059 2968 3117 rationi
3005 3063 3209 3117 absona
3242 3064 3418 3118 nomia

1858 3150 1982 3197 nata
2013 3144 2084 3198 sit
2107 3143 2356 3199 deserere
2397 3147 2674 3216 populum,
2709 3155 2870 3219 atque
2898 3149 2966 3204 ad
2998 3157 3272 3207 certamen
3301 3155 3421 3224 pie:-

1857 3234 1986 3288 tatis
2017 3248 2184 3288 causa
2229 3237 2644 3305 transmigrare;
2685 3247 2892 3307 quanto
2937 3238 2987 3294 id
3031 3240 3202 3311 magis
3245 3258 3277 3296 a
3328 3257 3420 3296 rae

1858 3325 2005 3379 tione
2037 3326 2272 3381 alienum
2319 3329 2374 3381 in
2411 3329 2667 3399 episcopo
2700 3331 3056 3398 judicabitur,
3101 3332 3192 3402 qui
3245 3349 3418 3405 popu-x

1860 3416 1970 3470 lum
1997 3433 2156 3472 suum
2197 3419 2419 3484 deserit,
2453 3436 2561 3474 non
2593 3430 2655 3474 ut
2685 3422 2752 3476 ad
2778 3431 3052 3478 certamen
3082 3424 3289 3489 tendat,
3321 3428 3420 3482 sed

1861 3515 1919 3560 ut
1947 3507 2114 3578 quieti
2137 3523 2196 3564 se
2232 3525 2296 3564 ac
2336 3511 2643 3565 remissioni
2675 3511 2876 3575 tradat,
2907 3527 3178 3584 curasque
3203 3530 3302 3586 pro
3329 3531 3419 3571 sa-

1862 3603 1975 3658 lute
2002 3603 2306 3657 animarum
2335 3603 2570 3672 deponat
2592 3617 2656 3658 ac
2683 3591 2922 3675 eﬁ‘ugiat.
2951 3604 3203 3661 Decimus
3229 3617 3420 3663 sex-tus

1859 3709 2076 3765 quoque.
2107 3710 2280 3749 canon
2329 3695 2572 3764 septima:
2605 3696 2955 3750 oecumenicae
2993 3697 3208 3768 synodi,
3238 3699 3420 3754 stulti-

1865 3789 1953 3842 tiae
1976 3786 2211 3857 graviter
2244 3795 2464 3842 accusat
2486 3802 2582 3842 eos
2609 3785 2701 3856 qui
2735 3787 2802 3841 ab
2825 3787 3103 3858 episcopo,
3136 3790 3425 3860 repudiato

1861 3880 2200 3949 episcopatu,
2227 3877 2366 3932 sacri
2388 3877 2673 3933 ministerii
2695 3877 3012 3948 dignitatem
3029 3880 3421 3951 retineriposso

1859 3973 2176 4026 decernunt.
2215 3968 2271 4024 Si
2309 3985 2544 4039 namque
2576 3985 2643 4024 ex
2672 3971 2898 4027 canonis
2944 3970 3094 4024 allati
3124 3973 3416 4038 sententia,

1858 4063 2147 4133 episcopus
2175 4062 2269 4132 qui
2300 4063 2439 4116 ultra
2472 4070 2734 4118 semestre
2765 4068 2980 4133 tempus
3016 4077 3048 4116 a
3079 4076 3179 4118 suo
3205 4062 3419 4133 episco‘

1859 4164 1984 4226 pa-tu
2021 4156 2278 4219 abfuerit,
2313 4155 2416 4210 nisi
2454 4170 2561 4208 una
2607 4154 2789 4225 aliqua
2818 4171 2885 4210 ex
2929 4155 2997 4210 iis
3031 4170 3150 4225 qum
3196 4154 3270 4209 ibi
3313 4170 3420 4209 nu-

1859 4258 2160 4310 merantur,
2215 4264 2380 4301 causa
2440 4247 2839 4310 intercesserit,
2889 4255 2942 4302 et
2999 4250 3317 4318 episcopatu
3362 4247 3418 4301 et

197 4363 410 4431 nm‘y,
435 4363 528 4414 καὶ
555 4360 937 4430 ἀπαγορεύσας
970 4361 1161 4430 μηκέτι
1193 4359 1494 4429 ποιμαίνειν
1519 4360 1578 4412 τὸ
1597 4361 1757 4429 ἐμπι-

1862 4336 2056 4390 summi
2081 4337 2372 4390 sacerdotii
2404 4335 2668 4406 dignitate
2697 4332 2921 4398 excidit,
2962 4351 3026 4390 ac
3055 4343 3285 4406 utroque
3305 4337 3421 4406 prid

196 4454 403 4508 στευθὲν
456 4453 607 4523 αὐτῷ
663 4454 928 4522 ποίμνιον,
962 4453 1055 4504 καὶ
1103 4452 1200 4521 τῆς
1246 4450 1432 4502 τούτου
1484 4451 1756 4522 φροντίδος

194 4543 275 4599 διὰ
308 4546 419 4614 βίου
451 4547 891 4615 καταφρονήσας,
922 4545 1004 4615 εἴη
1049 4543 1114 4597 ἂν
1155 4542 1469 4614 ἀργμερεύςς
1509 4544 1570 4595 Εἰ
1597 4543 1704 4614 γὰρ
1730 4545 1757 4596 ὁ

194 4636 251 4686 τὸ
273 4632 430 4708 ἦττον
455 4636 806 4706 ἁμαρτάνων,
837 4635 898 4688 τὸ
929 4636 1018 4687 ἐπὶ
1058 4633 1215 4686 πλέον
1251 4633 1598 4702 ὲξαμηνιαίου
1640 4649 1758 4686 και-

200 4727 286 4796 ροῦ
327 4729 641 4780 καταλιπεῖν
687 4727 778 4778 τὸν
831 4727 920 4780 ὑπ’
957 4725 1116 4779 αὐτὸν
1162 4725 1288 4778 λαὸν
1331 4724 1658 4794 ἀποίμαντόν
1699 4742 1757 4776 τε

198 4821 284 4871 καὶ
297 4821 652 4890 ἀτημέλητον,
673 4818 941 4871 ἐκπτώσει
986 4820 1079 4871 καὶ
1103 4817 1200 4886 τῆς
1226 4815 1528 4887 ἐπισκοπῆς
1557 4817 1648 4869 καὶ
1661 4815 1758 4886 τῆς

200 4912 482 4983 ἱερωσύνης
507 4913 799 4982 ἀφίσταται
837 4929 849 4942 ⁸
879 4915 906 4966 ὁ
935 4913 994 4965 τὸ
1020 4910 1212 4982 μᾶλλον
1243 4910 1334 4962 καὶ
1374 4910 1435 4962 τὸ
1460 4909 1760 4962 πολλαπλάν-

198 5019 307 5054 σιον
344 5003 696 5073 πλημμελῶν,
746 5003 806 5056 τὸ
849 5004 912 5055 δι’
942 5003 1061 5055 ὅλου
1095 5000 1410 5056 καταλιπεῖν
1453 4999 1520 5051 τά
1559 4998 1756 5070 πλήθη,

199 5091 336 5160 ειπερ
370 5094 512 5163 αὐτῷ
538 5096 854 5146 ἐπισκοπεῖν
881 5111 940 5145 τε
964 5094 1054 5146 καὶ
1080 5094 1210 5164 spe»
1296 5090 1388 5142 τοῦ
1418 5090 1559 5143 θείου
1588 5091 1762 5144 Ilvati-

205 5203 366 5252 ματος
408 5188 562 5258 χάρις
612 5186 847 5250 ἀνέθετο,
903 5184 1097 5256 μᾶλλον
1131 5183 1195 5236 ἂν
1245 5181 1328 5250 εἴη
1375 5181 1582 5244 δίκαιος
1630 5194 1760 5247 σφο-

201 5273 439 5345 δρότερον
468 5272 914 5343 κολασθήσεσθαι,
948 5272 1040 5324 καί
1091 5269 1308 5340 μείζονα
1357 5266 1620 5337 τιμωρίαν
1658 5266 1758 5334 ὑφ-

205 5362 340 5427 έξειν
359 5365 450 5435 τῆς
467 5369 592 5420 ὅσον
621 5365 707 5416 ἐπ’
732 5363 920 5433 ὲκείνῳ
945 5361 1215 5423 ἀπωλείας
1245 5359 1515 5428 ποιμνίου,
1550 5351 1610 5410 οὒ
1638 5373 1763 5427 προ·

205 5455 463 5526 εβιρίσθη
495 5456 695 5527 ποιμὴν
721 5455 869 5528 παρά
891 5454 982 5507 τοῦ
1028 5452 1241 5525 πρώτου
1267 5452 1360 5504 καὶ
1393 5449 1622 5521 μεγάλου
1659 5450 1760 5519 ἀρ-

205 5549 420 5620 χιερέως
439 5551 531 5603 καὶ
563 5548 963 5621 ἀρχιποιμένος.
989 5547 1049 5601 Οἱ
1079 5543 1135 5598 δὲ
1166 5545 1258 5598 καὶ
1284 5531 1450 5615 γέρας
1485 5542 1632 5612 αὐτῷ
1669 5541 1761 5594 καὶ

214 5643 439 5715 ἀμοιϐὴν
451 5641 548 5712 τῆς
580 5641 958 5712 παραιτήσεως
990 5627 1438 5707 ὲπιψηφιζόμενοι
1479 5633 1576 5704 τὴν
1609 5634 1763 5705 [spur

1860 4440 2054 4482 vatur:
2083 4445 2316 4498 quonam
2350 4429 2508 4483 modo
2540 4433 2630 4500 qui
2676 4428 2980 4498 repudiavit
3022 4429 3420 4498 episcopatum,

1859 4523 2231 4591 creditumque
2259 4523 2361 4576 sibi
2388 4539 2604 4594 gregem
2634 4521 2810 4576 adhuc
2832 4535 3054 4590 pascere
3073 4521 3294 4574 omnino
3321 4522 3420 4576 ab-

1861 4618 1998 4681 nuit,
2029 4615 2256 4684 ejusque
2284 4629 2470 4669 curam
2504 4615 2696 4670 inertis
2721 4615 2841 4669 vitae
2875 4613 3056 4670 studio
3094 4615 3418 4682 contemnit,

1861 4709 2038 4762 adhuc
2076 4710 2129 4762 in
2165 4711 2544 4778 episcoporum
2583 4722 2814 4762 numero
2853 4706 3176 4762 habebitur?
3201 4705 3418 4762 Etenim

1861 4800 1904 4853 si
1939 4799 2030 4867 qui
2071 4799 2250 4855 minus
2293 4798 2579 4868 delinquit,
2622 4807 2682 4852 ut
2731 4799 2870 4853 ultra
2901 4805 3163 4853 semestre
3204 4804 3420 4867 tempus

1861 4892 2161 4955 subiectum
2213 4892 2314 4947 sibi
2359 4891 2614 4961 populum
2657 4890 2887 4959 pastoris
2931 4905 3063 4944 cura
3095 4897 3149 4944 et
3187 4877 3423 4943 admini-

1861 4983 2122 5036 stratione
2153 4979 2472 5037 destitutum
2517 4983 2808 5051 relinquat,
2844 4983 3194 5052 episcopatus
3238 4987 3292 5034 et
3331 4995 3422 5035 sa-

1859 5091 1967 5130 crze
1993 5074 2273 5144 dignitatis
2304 5063 2656 5143 privationem
2682 5073 2944 5138 incurrit;
2975 5074 3068 5143 qui
3098 5073 3150 5126 in
3189 5085 3253 5126 eo
3271 5070 3418 5141 quod

1861 5167 2039 5236 majus
2079 5174 2132 5221 et
2172 5167 2356 5220 multis
2401 5165 2647 5236 partibus
2694 5165 2915 5235 gravius
2961 5170 3066 5228 est,
3105 5170 3312 5233 peccat,
3361 5168 3423 5216 ut

1862 5261 2263 5316 multitudinem
2289 5275 2450 5331 quam
2472 5261 2574 5330 ipsi
2603 5257 2899 5314 curandam
2930 5266 2983 5313 et
3003 5255 3418 5312 custodiendam

1863 5353 2036 5406 sancti
2079 5349 2313 5420 Spiritus
2353 5350 2526 5420 gratia
2571 5347 2865 5407 commisit.
2911 5346 3135 5400 omnino
3173 5345 3420 5407 deserat;

1862 5443 2056 5497 merito
2085 5444 2242 5512 plane
2282 5442 2537 5512 punietur
2563 5439 2960 5500 vehementius,
3008 5435 3423 5506 gravioremque

1862 5550 2076 5606 poenam
2108 5534 2398 5605 persolvet,
2424 5531 2641 5604 perditi,
2673 5529 2816 5604 quod
2846 5531 2900 5584 in
2935 5530 3057 5599 ipse
3083 5533 3188 5588 est,
3218 5538 3422 5596 gregis.

1863 5629 2019 5699 cujus
2047 5629 2158 5697 ipse
2186 5637 2371 5696 pastor
2391 5641 2420 5679 a
2448 5625 2713 5697 primario
2747 5624 2840 5679 illo
2863 5637 2928 5678 ac
2955 5635 3211 5693 supremo
3236 5631 3426 5674 sacer-
