3980 6318
604 306 711 363 496

1585 304 1642 363 s.
1686 303 1888 360 PETlti
1926 304 2154 359 ALEXA

2264 306 2388 361 mm
2424 306 2733 364 EPISCOPI
2780 273 2815 345 -’
3663 318 3743 374 496

604 428 732 485 dote
778 432 832 483 et
862 424 1086 480 Pastore
1135 433 1353 480 creatus
1400 430 1507 480 est.
1549 424 1653 490 Qui
1701 439 1831 479 vero
1880 423 1984 493 ipsi
2030 439 2155 494 prae-

2267 424 2449 495 σύνην,
2477 422 2645 497 οἶμαι,
2680 424 2774 479 καὶ
2807 425 3029 487 ἑαυτοὺς
3058 424 3294 478 κάκεῖνον
3317 426 3603 495 ὑπευθύνους
3632 439 3751 506 mi,

602 518 771 574 mium
816 516 1039 585 insuper
1076 527 1139 568 ac
1175 514 1461 570 detrectati
1496 515 1740 570 muneris
1782 514 2158 580 honorarium,

2270 534 2420 570 σουσι
2453 516 2530 588 τῷ
2557 518 2783 588 κρίματι
2808 516 2902 569 τοῦ
2930 514 3085 568 Θεοῦ.

603 609 891 668 sacerdotii
942 609 1263 682 dignitatem
1312 609 1642 670 decernunt;
1696 618 1750 665 et
1799 609 1952 664 illum
2008 619 2062 666 et
2105 626 2162 666 se
2192 612 2362 684 ipsos,
2418 629 2535 668 mea
2591 613 2808 683 quidem
2847 613 3139 677 sententia,
3178 611 3267 669 Dei
3313 613 3500 684 judicio
3541 617 3755 674 obnoxios

603 698 961 757 constituent.

1204 791 1439 847 CANON
1478 790 1569 846 XI.

677 905 697 938 ι
738 884 841 954 Qui
865 872 1011 941 enim
1041 884 1277 955 primum
1303 884 1359 938 in
1381 882 1778 955 persecutionis
1805 883 2019 942 fervore
2039 901 2166 957 pro-

604 998 625 1031 ι
674 979 925 1034 silierunt
946 975 1213 1048 judicium
1240 976 1686 1041 circumstantes,
1706 984 1761 1031 et
1784 983 2003 1033 sanctos
2022 992 2166 1033 mar-

603 1092 625 1125 ι
672 1079 821 1144 tyres
855 1070 949 1141 qui
985 1068 1054 1123 ad
1086 1068 1326 1124 brabium
1368 1085 1607 1139 superna:
1639 1070 1927 1126 vocationis
1954 1083 1977 1111 ο
2013 1069 2168 1126 festi-

604 1182 623 1216 ι
674 1163 899 1225 nabant,
957 1160 1305 1233 aspicientes,
1362 1161 1592 1218 honesta
1636 1163 1978 1219 aemulatione
2028 1164 2166 1218 inci-

605 1275 624 1309 ι
670 1255 790 1323 tati,
822 1271 882 1311 se
907 1253 1058 1327 ipsos
1084 1255 1151 1310 ad
1179 1254 1283 1310 hoc
1312 1250 1674 1318 tradiderunt,
1698 1269 1894 1325 magna
1918 1252 2165 1309 libertate

604 1365 627 1400 ι
675 1353 913 1412 utentes,
959 1344 1194 1400 maxime
1220 1343 1467 1400 videntes
1505 1359 1600 1401 eos
1634 1344 1727 1415 qui
1770 1344 2166 1400 subtraheban-

603 1457 622 1490 ι
669 1447 780 1503 tur,
810 1435 943 1501 labi,
982 1442 1206 1506 propter
1233 1448 1375 1504 quos
1407 1433 1644 1489 interius
1674 1433 1915 1499 excitati,
1946 1438 2001 1488 et
2030 1446 2165 1502 quo-

603 1547 622 1582 ι
668 1529 791 1585 dam
816 1526 985 1583 veluti
1026 1540 1162 1581 sono
1190 1525 1413 1596 impulsi
1451 1524 1521 1579 ad
1543 1523 1923 1580 debellandum
1956 1539 2015 1580 se
2037 1522 2167 1582 elle-

2872 790 3110 843 ΚΛΝΩΝ
3140 791 3240 843 ῙΑ⁹.

2347 907 2366 938 ‹
2405 890 2465 941 υἱ
2496 889 2603 960 γὰρ
2648 887 2851 958 πρῶτοι
2886 884 2961 955 (8)
2991 882 3460 954 παραπηδήσαντες
3484 886 3534 937 έν
3564 887 3629 957 τῷ
3662 889 3755 960 βρά.

2274 1001 2293 1032 ι
2337 999 2498 1052 σματι
2542 979 2634 1034 τοῦ
2681 977 2939 1050 διωγμοῦ,
2972 975 3322 1048 περιεστῶτες
3350 978 3425 1041 εἰς
3465 979 3519 1032 τὸ
3557 980 3763 1053 δικαστή-

2274 1093 2291 1124 ι
2343 1090 2472 1144 ριον,
2502 1072 2592 1126 καὶ
2622 1070 2949 1144 θεωροῦντες
2986 1070 3111 1133 τοὺς
3153 1068 3335 1137 ἁγίους
3364 1070 3616 1142 μάρτυρας
3639 1076 3747 1127 om}

2273 1184 2289 1217 ι
2332 1166 2515 1229 δοντας
2567 1164 2664 1217 ἐπὶ
2715 1162 2782 1217 τὸ
2816 1160 3100 1232 βραϐεῖον
3136 1161 3246 1232 τῆς
3287 1160 3402 1215 ἅνω
3442 1162 3695 1231 κλήσεως,
3723 1168 3768 1219 ὲν

2273 1276 2291 1307 ι
2334 1256 2480 1328 καλῷ
2530 1255 2607 1327 τῷ
2644 1254 2790 1327 ζήλῳ
2831 1253 3266 1326 προθυμούμενοι
3297 1253 3552 1307 ἐπεδίδουν
3590 1256 3769 1320 ἑαυτοὺς

2273 1366 2290 1397 ι
2331 1348 2411 1410 είς
2444 1344 2619 1410 τοῦτο,
2658 1343 2825 1415 πολλῇ
2858 1346 2923 1415 τῇ
2963 1343 3243 1416 παρρησίᾳ
3286 1342 3556 1414 χρώμενοι,
3596 1344 3770 1415 βλέπον-

2274 1458 2292 1489 (
2333 1456 2421 1502 τες
2448 1438 2493 1470 ⁸ο
2528 1437 2758 1510 μάλιστα
2786 1436 2909 1498 τοὺς
2952 1434 3382 1506 ὑποσυρομένους
3412 1436 3500 1489 καὶ
3536 1437 3770 1490 ἐκπίπτον-

2275 1550 2291 1582 ι
2333 1548 2449 1594 τας,
2478 1529 2543 1583 δι’
2573 1528 2667 1592 οὒς
2695 1526 3212 1598 ὑποθερμαινόμενοι
3256 1526 3448 1580 ἔσωθεν
3478 1527 3562 1582 καὶ
3594 1529 3771 1599 ἐνηχού-

602 1638 623 1671 ‹
670 1624 880 1673 rentem
912 1623 967 1672 et
998 1614 1392 1683 adversarium,
1435 1614 1503 1670 ad
1534 1614 1589 1669 id
1634 1616 2057 1681 contendebant,
2092 1631 2155 1671 ne

2268 1642 2284 1672 ι
2331 1637 2477 1693 μενοι
2507 1616 2958 1689 καταπολεμῆσαι
2986 1617 3075 1671 τὸν
3112 1615 3529 1687 ὑπεραιρόμενον
3558 1614 3637 1670 καὶ
3661 1617 3773 1669 ἀντι-

602 1730 621 1763 (
670 1709 809 1780 apud
839 1723 893 1763 se
939 1706 1166 1778 prudens
1196 1723 1308 1761 esse
1329 1707 1358 1747 δ
1388 1705 1685 1774 videretur,
1733 1708 1804 1762 ob
1847 1722 1912 1763 ea
1944 1707 2001 1762 in
2041 1706 2163 1777 qui-

601 1822 620 1855 ι
664 1803 768 1858 bus
823 1800 941 1871 ejus
991 1798 1287 1855 calliditate
1348 1797 1639 1856 inferiores
1685 1815 1807 1855 esse
1855 1798 1959 1853 visi
2012 1807 2160 1861 sunt,

600 1913 620 1946 ι
668 1891 879 1949 etiamsi
924 1906 984 1949 se
1035 1891 1214 1963 ipsum
1256 1890 1402 1946 vinci
1452 1891 1520 1947 ab
1552 1892 1641 1956 iis,
1677 1891 1772 1963 qui
1826 1891 2160 1947 scuticarum

601 2004 621 2037 ι
665 1984 1107 2057 ﬂagellorumque
1156 1988 1467 2047 tormenta,
1524 1989 1579 2037 et
1624 1981 1788 2054 gladii
1846 1981 2054 2047 aciem,
2108 1989 2162 2037 et

600 2101 619 2131 ι
667 2079 807 2152 ignis
862 2076 1277 2141 ustuiationem,
1341 2086 1395 2131 et
1448 2091 1713 2146 aquarum
1781 2076 2160 2132 immersioncs

600 2193 618 2223 ι
667 2175 985 2226 constanter
1015 2168 1281 2235 tulerunt,
1313 2180 1435 2222 eum
1468 2166 1625 2221 latuit
1658 2185 1671 2221 :
1708 2166 1776 2223 iis
1804 2182 2021 2238 quoque
2042 2167 2157 2237 qui,

597 2283 616 2317 ι
664 2271 723 2317 ιιι
752 2279 818 2318 ex
851 2260 955 2315 [ide
989 2274 1180 2330 preces
1229 2267 1283 2314 et
1312 2257 1590 2315 orationes
1632 2258 1783 2325 ﬁant,
1820 2275 2160 2331 persequun-

599 2376 615 2408 ι
667 2364 777 2423 tur,
801 2353 886 2409 vel
915 2365 1014 2423 pro
1039 2351 1109 2406 iis
1138 2348 1232 2420 qui
1263 2350 1319 2406 in
1361 2351 1608 2408 custodia
1642 2351 1819 2423 puniti
1866 2357 2014 2420 sunt,
2049 2359 2101 2407 et
2127 2364 2158 2405 a

604 2470 619 2500 ι
673 2448 813 2503 fame
844 2453 900 2501 et
946 2444 1037 2501 siti
1084 2443 1271 2498 traditi
1326 2450 1475 2509 sunt,
1517 2443 1600 2499 vel
1629 2459 1729 2514 pro
1755 2445 1823 2500 iis
1860 2445 1955 2516 qui
2003 2452 2159 2500 extra

600 2562 616 2592 ι
661 2536 968 2595 custodiam
1022 2535 1246 2592 sculicis
1294 2543 1348 2590 et
1398 2536 1624 2607 ﬂagellis
1674 2536 1727 2591 in
1774 2536 1984 2607 judicio
2025 2536 2155 2591 torti

599 2651 616 2684 ι
666 2637 815 2698 sunl,
844 2635 1034 2701 postea
1080 2633 1259 2681 autem
1304 2641 1335 2681 a
1369 2629 1551 2685 carnis
1604 2629 1976 2685 imbecillitate
2025 2628 2155 2685 victi

601 2745 618 2777 ι
660 2724 830 2794 fuere,
856 2740 1071 2797 aequum
1096 2731 1180 2781 est
1214 2738 1478 2778 annuere.
1508 2721 1645 2777 Cum
1676 2722 1744 2777 iis
1772 2724 1916 2777 enim
1953 2722 2045 2793 qui
2070 2723 2155 2777 lu-

599 2838 617 2870 ι
662 2826 789 2890 gent
835 2825 890 2875 et
920 2825 1173 2884 maerent,
1207 2831 1308 2889 pro
1338 2816 1407 2872 iis
1459 2814 1551 2886 qui
1598 2814 1654 2869 in
1702 2814 1998 2870 certamine
2024 2814 2155 2869 victi

595 2926 616 2961 ι
664 2917 794 2966 sunt
823 2922 855 2962 a
896 2910 1110 2981 magnis
1147 2906 1370 2980 maligni
1410 2903 1614 2960 diaboli
1651 2903 1880 2971 viribus,
1916 2904 2031 2961 sive
2055 2919 2155 2977 pro

2267 1732 2287 1763 ι
2330 1712 2578 1783 κείμενον
2612 1710 2678 1774 δι,
2720 1708 2979 1763 ἔσπευδον
3025 1710 3104 1772 εἰς
3153 1706 3342 1770 τοῦτο,
3397 1707 3481 1760 ἵνα
3531 1704 3597 1777 μὴ
3628 1707 3710 1759 ’καὶ
3737 1706 3771 1737 δ’

2269 1824 2286 1853 ι
2325 1804 2452 1875 δοκῇ
2501 1804 2636 1872 παρ’
2683 1801 2874 1868 ἐαυτῷ
2918 1801 3203 1872 φρόνιμος
3243 1795 3394 1853 εἶναι
3445 1798 3521 1869 ἐφ’
3567 1792 3637 1862 οἷς
3672 1796 3774 1851 κατὰ

2268 1915 2286 1948 ι
2324 1896 2659 1967 πανουργίαν
2691 1894 2867 1961 ἔδοξεν
2895 1895 3081 1965 ήττᾷν,
3117 1894 3165 1946 εἰ
3214 1893 3310 1945 καὶ
3340 1889 3608 1944 ἐλάνθανεν
3629 1889 3775 1943 ἑαυτὸν

2267 2007 2286 2039 ι
2324 1986 2618 2058 νικώμενον
2645 1986 2748 2039 ὑπὸ
2759 1985 2864 2039 τῶν
2887 1983 3363 2056 ἐγκαρτερούντων
3393 1982 3486 2044 τὰς
3509 1982 3604 2035 τῶν
3631 1979 3783 2050 ξυστὴ·

2264 2101 2282 2133 ι
2329 2099 2435 2153 ρων
2461 2082 2555 2135 καὶ
2586 2080 2862 2153 μαστίγων
2907 2078 3189 2149 βασάνους,
3218 2078 3318 2148 τήν
3360 2091 3417 2129 τε
3462 2073 3669 2145 ὀξύτητα
3705 2071 3779 2141 τῆς

2266 2189 2282 2221 ι
2329 2169 2621 2240 μαχαίρας,
2655 2167 2749 2221 καὶ
2784 2166 2880 2230 τὰς
2903 2162 3262 2235 καταφλέξεις
3290 2163 3384 2217 τοῦ
3405 2161 3583 2234 πυρὸς,
3611 2161 3690 2214 καὶ
3710 2160 3784 2224 τὰς

2264 2280 2282 2312 ι
2324 2261 2430 2314 τῶν
2460 2260 2665 2314 ὑδάτων
2693 2256 3131 2321 καταποντώσεις
3152 2272 3167 2286 ο
3214 2255 3311 2309 καὶ
3338 2257 3449 2320 τοῖς
3488 2251 3616 2307 κατὰ
3643 2253 3784 2306 πίστιν

2264 2372 2281 2403 ι
2322 2352 2727 2420 ὑπεξουσιοῦσιν
2757 2352 2919 2423 εὐχὰς
2946 2351 2993 2383 ⁸⁸
3022 2353 3117 2405 καὶ
3142 2351 3359 2424 δεήσεις
3382 2350 3613 2420 γίνεσθαι
3634 2349 3673 2380 ⁸⁸
3694 2349 3782 2419 ἢτοι

2264 2465 2282 2496 ι
2324 2446 2463 2519 ὑπὲρ
2489 2445 2598 2499 τῶν
2636 2447 2693 2499 ὲν
2729 2443 2942 2517 φυλακῇ
2984 2443 3544 2517 κατατιμωρηθέντων
3578 2443 3657 2496 καὶ
3683 2455 3785 2510 προ-

2262 2553 2280 2587 ι
2322 2535 2619 2606 δεδομένων
2636 2534 2705 2566 ⁸⁸*
2734 2534 2838 2587 ὑπὸ
2869 2534 3026 2605 λιμοῦ
3049 2537 3143 2590 καὶ
3161 2537 3323 2608 δίψης
3343 2535 3412 2599 ⁸⁸,
3436 2536 3549 2607 ῆτοι
3568 2527 3783 2602 θπὲρτῶν

2264 2645 2281 2676 ι
2324 2623 2517 2689 ἔξωθεν
2544 2626 2645 2696 τῆς
2671 2624 2915 2697 φυλακῆς
2947 2627 3039 2679 ἐπὶ
3075 2625 3171 2679 τοῦ
3213 2624 3562 2697 δικαστηρίου
3592 2618 3783 2676 καταδαι

2261 2735 2281 2768 ‹
2323 2715 2680 2769 σανισθέντων
2709 2716 2799 2770 διὰ
2824 2715 3102 2790 ξυστήρων
3138 2718 3236 2773 καὶ
3278 2718 3574 2791 μαστίγων,
3611 2713 3790 2783 ὕστερον

2262 2826 2280 2858 ι
2322 2808 2380 2862 δὲ
2429 2807 2771 2881 ἡττηθέντων
2825 2809 2929 2863 ὑπὸ
2976 2810 3075 2882 τῆς
3127 2810 3424 2874 ἀσθενείας
3473 2808 3567 2880 τῆς
3612 2802 3791 2877 σαρκὸς.

2263 2918 2281 2951 ι
2320 2898 2467 2965 ἄξιόν
2511 2900 2658 2954 ἐστιν
2702 2900 2999 2956 ἐπινεῦσαι.
3047 2902 3407 2974 Συμπάσχειν
3442 2900 3544 2972 γὰρ
3578 2898 3662 2953 καὶ
3696 2910 3796 2948 συν-

596 3018 615 3050 ι
662 2968 1019 3068 parentibus:
1052 2997 1135 3054 vel
1189 2968 1475 3059 fratribus,
1529 2994 1615 3050 vel
1649 2968 1873 3058 liberis,
1902 3009 2010 3048 una
2055 2968 2155 3050 do-

2267 3011 2284 3042 ι
2326 2991 2510 3061 ἀλγεῖν
2532 2995 2641 3056 τοῖς
2672 2991 3013 3063 ὀδυρομένοις
3044 2968 3139 3046 καί
3181 2968 3536 3059 στενάζουσιν
3569 2988 3692 3059 ὑπὲρ
3714 2985 3796 3039 τῶν

594 3109 614 3143 ι
664 3091 796 3156 lere,
830 3096 885 3147 et
922 3089 1148 3148 tristitia
1193 3088 1332 3144 allici
1366 3087 1633 3142 neminem
1666 3083 1963 3156 quidquam
1995 3084 2151 3156 peni-

594 3203 613 3235 ι
662 3192 751 3240 tus
794 3184 959 3240 laedit.
1013 3181 1231 3239 Scimus
1279 3182 1424 3238 enim
1452 3181 1614 3236 etiam
1665 3188 1885 3252 propter
1923 3178 2151 3233 aliorum

595 3297 611 3328 ι
660 3276 841 3351 fidem,
864 3274 1131 3348 quosdam
1163 3289 1286 3331 esse
1318 3272 1412 3328 Dei
1433 3272 1733 3327 bonitatem
1760 3280 2063 3334 assecutos,
2099 3280 2153 3324 et

593 3388 611 3419 ι
659 3368 711 3423 in
742 3376 1097 3439 peccatorum
1130 3364 1489 3439 remissione,
1521 3370 1574 3417 et
1606 3362 1853 3433 corporis
1894 3361 2148 3427 sanitate,

592 3480 613 3510 ι
654 3469 708 3514 et
763 3465 1103 3515 mortuorum
1158 3454 1584 3513 resurrectione.
1641 3451 1906 3509 Memores
1966 3453 2150 3523 itaque

594 3571 610 3602 ι
658 3550 952 3605 multorum
1009 3550 1257 3606 laborum
1312 3557 1366 3603 et
1420 3546 1803 3614 miseriarum,
1856 3558 1993 3616 quas
2051 3558 2151 3614 pro

595 3661 612 3693 ι
660 3638 865 3694 Christi
927 3640 1146 3695 nomine
1196 3638 1594 3701 sustinuerunt,
1649 3650 1773 3690 cum
1825 3634 1928 3705 ipsi
1985 3633 2148 3689 etiam

594 3751 612 3783 ι
658 3729 1030 3801 paenitentiam
1062 3729 1292 3800 egerint,
1329 3739 1383 3784 et
1412 3727 1556 3798 quod
1583 3741 1615 3780 a
1643 3741 1702 3782 se
1726 3725 1928 3781 factum
1947 3732 2029 3780 est
2051 3739 2148 3794 per

592 3837 615 3875 ι
657 3816 1015 3891 proditionem
1032 3818 1088 3873 in
1105 3818 1352 3889 corporis
1371 3816 1633 3888 languore
1652 3823 1707 3871 et
1732 3816 2148 3870 mortiﬁcatione

598 3931 618 3965 ι
668 3903 1008 3976 deﬂeverint,
1034 3896 1095 3967 et
1118 3924 1178 3965 se
1208 3918 1469 3979 praeterea
1504 3916 1790 3973 testentur,
1823 3909 1879 3963 in
1907 3909 2015 3964 vita
2048 3922 2146 3963 sua

592 4023 611 4056 ι
659 4002 827 4060 fuisse
851 4016 881 4057 a
904 4003 1122 4059 civitate
1141 4002 1373 4068 alienos,
1405 4002 1568 4057 simul
1603 4015 1847 4064 oremus,
1878 4005 1932 4054 et
1956 4005 2147 4069 postu-

590 4116 611 4150 ι
659 4097 833 4152 lcmus
876 4110 976 4166 pro
1012 4109 1202 4151 eorum
1242 4092 1688 4150 reconciliatione
1723 4106 1845 4146 cum
1876 4090 1998 4146 aliis
2028 4105 2149 4161 qua:

591 4205 611 4239 ‹
659 4187 813 4243 decet
834 4202 932 4258 per
966 4202 1091 4244 eum
1120 4186 1215 4259 qui
1245 4192 1330 4243 est
1360 4184 1519 4241 nobis
1549 4183 1834 4238 advocatus
1877 4182 2015 4250 apud
2039 4182 2147 4237 Ρα-

588 4295 609 4330 ‹
657 4288 808 4345 trem,
841 4293 901 4334 se
939 4277 1146 4335 nostris
1183 4279 1423 4352 peccatis
1450 4276 1744 4349 prapitium
1777 4275 2143 4331 exhibentem.

590 4389 609 4424 ι
658 4371 728 4426 Ει
753 4372 958 4444 siquis,
990 4371 1188 4445 inquit,
1220 4371 1527 4442 peccaverit,
1559 4369 1806 4425 habemus
1834 4368 2146 4424 advocatum

587 4482 610 4517 ι
652 4464 792 4535 apud
823 4463 1039 4520 Patrem
1070 4463 1255 4520 Iesum
1298 4461 1569 4519 Christum
1609 4460 1818 4531 justum
1854 4470 1937 4517 :et
1986 4463 2031 4517 is
2069 4472 2147 4517 est

587 4575 607 4608 ι
651 4557 952 4625 propitiatio
981 4573 1074 4627 pro
1097 4555 1322 4623 peccatis
1346 4556 1541 4611 nostris
1564 4565 1612 4610 ο.
1665 4576 1683 4608 ι

2266 3109 2283 3139 ι
2324 3092 2380 3142 ἐν
2430 3089 2602 3159 ἀγῶνι
2641 3090 2981 3161 ἡττηθέντων
3031 3090 3135 3144 ὑπὸ
3177 3090 3287 3161 τῆς
3342 3087 3541 3158 πολλῆς
3587 3085 3690 3156 βίας
3723 3077 3797 3134 τοῖν

2265 3202 2282 3233 ι
2324 3181 2705 3254 κακομηχάνου
2751 3181 3020 3247 διαϐόλου,
3050 3183 3168 3254 ῆτοι
3223 3182 3370 3254 ὑπὲρ
3404 3180 3599 3250 γονέων
3626 3177 3655 3248 ἢ
3681 3171 3801 3228 ἀδελ-

2264 3294 2280 3326 ι
2326 3273 2438 3343 φῶν
2476 3273 2509 3345 ἢ
2552 3275 2773 3338 τέκνων,
2803 3272 2992 3328 οὐδένα
3037 3272 3186 3326 οὐδὲν
3241 3271 3631 3326 καταϐλάπτει.
3655 3265 3799 3336 Ἰσμεν

2264 3387 2281 3417 ι
2322 3367 2429 3437 γὰρ
2459 3365 2554 3419 καὶ
2583 3364 2651 3417 δι’
2685 3364 2882 3434 ἐτέρων
2916 3365 3095 3417 πίστιν
3123 3364 3552 3426 ἀπολαύσαντας
3577 3376 3709 3423 τινας
3728 3357 3802 3427 τῆς

2264 3476 2280 3507 ι
2322 3457 2416 3510 τοῦ
2445 3456 2579 3510 Θεοῦ
2611 3455 2961 3526 ἀγαθότητος,
2997 3456 3089 3509 ὲπί
3119 3472 3179 3508 τε
3214 3456 3417 3526 ἀφέσει
3448 3450 3710 3527 ἁμαρτιῶν
3731 3448 3802 3503 καὶ

2263 3566 2280 3598 ι
2321 3546 2476 3619 ὑγεία
2503 3545 2772 3617 σώματος,
2800 3546 2893 3599 καὶ
2919 3544 3213 3599 ἀναστάσει
3238 3544 3479 3618 νεκρῶν.
3501 3538 3805 3613 Μεμνημένοι

2263 3661 2280 3693 ‹
2320 3640 2496 3695 τοίνυν
2538 3640 2645 3694 τῶν
2678 3639 2887 3694 πολλῶν
2933 3639 3112 3694 αὐτῶν
3155 3639 3466 3710 καμάτων,
3497 3629 3570 3689 ὧν
3599 3628 3804 3705 προῦπή-

2262 3752 2279 3784 ι
2322 3750 2520 3802 νεγκαν
2557 3736 2615 3787 ὲν
2646 3732 2868 3803 ὀνόματι
2894 3730 2985 3784 τοῦ
3022 3730 3287 3802 Χριστοῦ,
3324 3730 3424 3784 καὶ
3457 3727 3569 3783 τῶν
3594 3720 3807 3780 τανταλι·

2260 3843 2277 3875 ι
2324 3824 2472 3895 σμῶν
2506 3824 2573 3890 ⁸⁸,
2597 3824 2659 3877 οὐ
2690 3824 2797 3896 μὴν
2828 3821 2960 3876 ἀλλά
2993 3823 3086 3876 καὶ
3122 3822 3514 3894 μεταγνόντων
3545 3815 3708 3874 αὐτῶν
3735 3811 3809 3866 καὶ

2260 3935 2278 3967 ι
2320 3915 2735 3989 ἀποδυρομένων
2767 3915 2826 3968 τὸ
2854 3914 3244 3986 πεπραγμένον
3290 3915 3484 3978 αὐτοῖς
3535 3909 3670 3967 κατὰ
3706 3920 3812 3977 προ·

2259 4028 2277 4059 ι
2314 4009 2494 4062 δοσίαν
2534 4010 2592 4063 ὲν
2633 4009 2820 4081 ἀτονία
2854 4009 2950 4062 καὶ
2981 4006 3271 4079 νεκρότητι
3319 4006 3419 4061 τοῦ
3466 4005 3720 4076 σώματος,
3747 3994 3810 4049 ἔτι

2258 4120 2276 4154 ι
2318 4119 2374 4155 τε
2419 4100 2510 4155 καὶ
2559 4101 3013 4174 μαρτυρουμένων
3054 4099 3443 4156 ἀπολιτεύτων
3471 4098 3517 4131 ⁸⁷
3546 4092 3814 4166 γενομένων

2258 4208 2276 4241 ι
2317 4190 2374 4241 ἐν
2406 4190 2483 4262 τῷ
2528 4189 2627 4261 βίῳ
2671 4189 2866 4256 αὐτῶν,
2913 4190 3290 4262 συνευχόμεθα
3337 4192 3438 4245 καὶ
3487 4196 3817 4258 συμπαρακα’

2258 4301 2275 4335 ι
2315 4282 2510 4354 λοῦμεν
2540 4283 2678 4354 ὑπὲρ
2706 4283 2931 4353 ἱλασμοῦ
2947 4283 3124 4337 αὐτῶν
3158 4282 3309 4354 μετὰ
3327 4282 3443 4339 τῶν
3482 4280 3658 4338 ἄλλων
3674 4273 3818 4342 καθη-

2258 4395 2276 4427 ι
2316 4375 2537 4440 κόντων,
2567 4376 2755 4430 διὰτοῦ
2781 4377 3072 4449 γενομένου
3101 4377 3337 4449 ’⁸⁷⁸ὑπὲρ
3357 4378 3522 4450 ἡμῶν
3556 4366 3820 4443 «amvi

2257 4486 2275 4518 ι
2317 4484 2422 4522 του
2453 4470 2598 4537 πρὸς
2623 4468 2730 4523 τὸν
2754 4469 2983 4539 Πατέρα
3013 4470 3381 4541 ἱλασκομένου
3411 4473 3536 4535 ταῖς
3563 4462 3824 4540 ἁμαρτίαις

2258 4578 2275 4610 ι
2314 4560 2490 4632 ⁴ἡμῶν.
2522 4561 2631 4616 Καὶ
2657 4561 2765 4615 ἐὰν
2789 4580 2876 4627 τις
2896 4561 3025 4634 γὰρ,
3051 4565 3235 4634 φησὶν,
3261 4564 3535 4634 ἁμάρτῃς
3558 4556 3825 4627 “alia”?

587 4670 605 4701 ι
644 4667 753 4704 τον
787 4651 1004 4721 ἔχομεν
1061 4650 1210 4720 πρὸς
1276 4650 1384 4705 τὸν
1422 4649 1675 4719 Πατέρα,
1728 4649 1961 4719 Ἰησοῦν
2003 4652 2259 4720 Χριστὸν
2312 4655 2563 4711 δίκαιον
2610 4659 2709 4712 καὶ
2752 4658 2933 4724 αὐτὸς
2983 4660 3238 4729 ἱλασμός
3298 4661 3488 4714 ἐστιν
3535 4654 3687 4724 ὑπὲρ
3731 4646 3829 4704 τῶν

585 4762 605 4794 ι
640 4741 937 4812 ἁμαρτιῶν
964 4742 1149 4812 ἡμῶν.
1194 4762 1212 4794 ι

654 4836 814 4892 Bias.
851 4835 987 4891 Cum
1038 4838 1289 4909 superius
1326 4838 1554 4895 dixisset
1587 4838 1838 4905 Sanctus,
1871 4838 2016 4909 quod
2048 4837 2140 4908 qui

582 4920 681 4982 sua
712 4938 904 4999 sponte
943 4927 1306 5000 confugerunt
1343 4938 1397 4985 et
1425 4931 1560 5002 lapsi
1587 4938 1735 4997 sunt,
1765 4930 2141 5001 paenitentiam

582 5027 762 5076 autem
794 5037 903 5075 non
933 5030 1180 5092 egerunt,
1218 5039 1318 5077 nec
1350 5040 1508 5079 suum
1539 5024 1751 5094 lapsum
1794 5031 2139 5086 revocarunt,

581 5118 703 5183 plus
729 5111 1010 5169 dedecoris
1036 5116 1314 5180 subibunt,
1362 5124 1422 5169 ut
1456 5117 1548 5186 qui
1579 5132 1685 5170 non
1733 5132 1897 5188 supra
1948 5114 2143 5168 funda-

648 5278 675 5309 ι
713 5265 935 5334 Philipp.
967 5282 1050 5333 ιιι,
1088 5268 1173 5325 id.
1250 5271 1452 5327 bIlom.
1490 5287 1590 5338 xu,
1617 5272 1702 5327 i6.
1771 5284 1793 5311 ε
1828 5270 2029 5325 Noun.
2063 5286 2123 5333 ιι,
2161 5268 2209 5325 l.

2318 4837 2511 4891 ΒΛΔΣ.
2544 4836 2723 4890 Εἰπὼν
2754 4838 3009 4910 ἀνωτέρω
3034 4835 3062 4888 ό
3082 4835 3299 4906 Ἄγιος,
3331 4837 3423 4891 ὅτι
3463 4840 3518 4891 οἱ
3560 4833 3833 4907 αὐτομολήι

2251 4944 2438 4990 σαντες
2485 4928 2581 4981 καὶ
2630 4928 2948 4991 ἐκπεσόντες
2982 4927 3097 4998 μὲν,
3143 4925 3217 4999 μὴ
3256 4928 3745 5001 μεταμεληθέντες
3764 4924 3830 4987 δὲ.

2249 5022 2343 5076 καὶ
2376 5021 2474 5094 τὴν
2502 5021 2770 5076 ἔκπτωσιν
2810 5021 3303 5093 ἀνακαλεσάμενοι,
3338 5023 3444 5076 ἐπὶ
3473 5021 3643 5079 πλέον
3670 5018 3836 5092 alari-

2248 5131 2345 5184 νην
2369 5113 2598 5180 ἕξουσιν,
2619 5116 2695 5180 ὼς
2719 5115 2793 5188 μὴ
2816 5115 2907 5170 ἐπὶ
2934 5116 3010 5188 τῷ
3037 5114 3276 5186 θεμελίῳ
3298 5117 3406 5170 καὶ
3438 5116 3647 5187 ὄροφον
3670 5129 3837 5183 τεκτη-

1816 5390 2046 5445 VARUE
2085 5391 2482 5448 LECTIONES.

580 5524 690 5603 ιδ’
716 5523 1099 5603 ἐμολέποντες,
1179 5528 1414 5603 ‘_‘_vet_'i)a
1440 5531 1888 5603 καταπολεμῆσαι
1916 5549 1968 5586 τ.
1998 5532 2090 5584 ὑπ.
2113 5532 2207 5584 καὶ
2237 5533 2413 5586 ἀντικ.
2444 5548 2554 5587 om.
2638 5533 2684 5565 δ’
2714 5532 2806 5586 καί
2829 5548 2938 5587 om.
3027 5534 3074 5566 “
3099 5531 3456 5597 ὑπεξιοῦσιν.

1197 5600 1243 5630 ⁵⁵
1264 5599 1464 5669 δίψους.
1544 5601 1590 5632 ⁸⁸³
1625 5599 1989 5673 ταλανισμῶν.
2067 5604 2109 5633 ⁸⁷
2146 5603 2651 5675 μεμαρτυρημένων
2679 5604 3091 5662 εὐπολιτεύτων.
3148 5605 3190 5636 ⁸⁷
3221 5609 3239 5627 ⁸
3268 5607 3621 5679 γινομένου.

577 5594 643 5624 ⁸⁸⁸
690 5593 1106 5665 προδιδομένων.

3562 5536 3611 5569 ⁸⁸
3632 5533 3691 5589 δέ
3726 5528 3841 5589 add.

651 5749 727 5816 (8)
761 5754 824 5806 υἱ
852 5754 958 5820 ιὴρ
1005 5754 1236 5821 πρῶτοι.
1274 5755 1494 5814 Scilicet
1532 5758 1569 5812 ii
1605 5757 1671 5813 de
1706 5759 1907 5825 quibus
1937 5758 2141 5814 dictum
2180 5766 2265 5817 est
2288 5774 2412 5817 can.
2434 5760 2487 5829 9,
2514 5760 2616 5818 hoc
2653 5766 2736 5819 est
2759 5760 2903 5819 laici.
2936 5759 3205 5816 iisunum.
