3980 6318
220 267 320 321 497

1442 270 1778 327 EPISTOLA
1812 272 2150 331 CANONICA
2163 315 2178 330 .

3335 291 3439 347 498

214 382 451 450 νάμενοι,
487 382 605 452 ἢτοι
652 382 726 454 μὴ
769 382 1149 447 τελειώσαντες
1198 383 1256 437 τὺ
1305 384 1498 438 καλόνο
1551 383 1748 439 νῦν-κο

1851 430 1857 443 .
1885 396 2123 442 mentum
2156 395 2357 444 tectum
2379 406 2595 464 quoque
2621 393 3022 464 fabricaverint,
3041 405 3144 456 'seu
3166 403 3313 473 quod
3341 405 3439 461 bo-

212 473 552 544 κατασκευὴν
581 474 768 528 τούτου
795 493 856 528 τε
878 477 975 531 καὶ
993 477 1100 530 τῶν
1129 477 1326 530 λοιπῶν
1351 477 1572 546 ἐπάγει,
1589 478 1779 546 λέγων·

211 567 269 620 οι
295 567 410 638 γὰρ
435 568 494 620 ὲν
528 568 606 639 τῷ
636 569 926 640 βράσματι,
959 572 1123 642 ἧγουν
1167 574 1224 626 ἐν
1268 575 1330 644 τῇ
1365 574 1512 644 ἀκμῇ
1543 572 1636 626 τοῦ
1661 574 1784 627 διω-

211 658 348 727 γμοῦ
375 660 673 731 ἱστάμενοι,
698 663 790 716 καὶ
817 663 1046 734 ὁρῶντες
1067 664 1134 717 τά
1166 665 1435 735 μαρτύρια
1458 665 1565 718 τῶν
1591 665 1778 734 ἁγίων,

209 751 302 803 καὶ
358 751 513 816 ὅπως
571 755 856 808 σπεύδουσι
907 757 1031 820 τοὺς
1085 757 1142 822 ἐξ
1199 758 1436 828 οὐρανῶν
1490 762 1780 830 στεφάνους

206 840 390 895 λαϐεῖν
439 845 580 898 κατὰ
607 845 769 915 ζῆλον
819 847 976 912 θεῖον,
1029 849 1301 902 ἐπεδίδουν
1351 851 1575 914 ἑαυτοὺς
1605 854 1683 915 εἰς
1720 853 1778 906 τὸ

208 935 510 1005 μαρτύρει-ν
562 937 698 1008 μετά
739 940 1046 1010 παρρησίας
1107 941 1340 1011 πολλῆς,
1404 942 1498 995 καὶ
1548 944 1779 1015 μάλιστα

201 1023 283 1077 ὅτι
308 1024 536 1079 ἔϐλεπόν
549 1044 702 1091 τινας
724 1029 1174 1100 ὐποσυρομένους,
1198 1031 1317 1086 ἀντὶ
1344 1032 1458 1099 τοῦ,
1485 1033 1777 1106 κλεπτομέ-

200 1132 327 1180 νους
354 1118 448 1170 καὶ
491 1118 880 1190 ἀπατωμένους
913 1121 1016 1175 ὑπὸ
1056 1123 1148 1176 τοῦ
1194 1123 1459 1190 διαϐόλου,
1497 1129 1589 1180 καὶ
1619 1129 1774 1182 ἐκπί-

201 1226 456 1274 πτοντας,
493 1213 610 1282 ἦτοι
643 1213 1003 1284 ἀρνουμένους
1035 1216 1131 1287 τὴν
1165 1217 1476 1271 εὐσέϐειαν’
1504 1213 1577 1272 ὧν
1617 1220 1773 1292 χάριν

197 1302 724 1375 ύποθερμαινόμενοι
746 1307 962 1372 ἔσωθεν,
989 1308 1105 1378 ῆτοι
1124 1309 1221 1380 τὴν
1247 1311 1468 1381 καρδίαν
1497 1328 1566 1364 πυ
1577 1312 1770 1383 ρούμε-

196 1411 301 1456 νοι,
327 1394 403 1457 ὡς
443 1397 536 1448 καὶ
577 1397 862 1462 ἀκούοντες
905 1401 1506 1474 καταπολεμῆσαι,ἧτοι
1553 1406 1770 1476 νικῆσαι

193 1484 285 1536 διὰ
315 1484 507 1538 τούτου
552 1487 642 1540 τὸν
694 1488 922 1553 ἀλαζόνα
966 1493 1058 1545 καὶ
1096 1493 1466 1563 ἀντικείμενον
1506 1495 1766 1562 διάϐολον,

194 1574 535 1629 ἐσπούδασαν
568 1578 822 1632 ὑποδῦναι
853 1580 912 1632 τὸ
941 1582 1256 1654 μαρτύριον,
1283 1585 1366 1637 ἵνα
1397 1585 1468 1655 μὴ
1495 1587 1768 1659 καυχήση-

192 1684 281 1719 ται
315 1670 342 1720 ό
381 1668 622 1735 διάϐολος
674 1671 768 1725 καὶ
813 1672 936 1745 δόξῃ
983 1675 1157 1745 ἑαυτῷ
1201 1675 1460 1748 φρόνιμος
1506 1675 1660 1742 εἶναι,
1693 1681 1767 1746 ὡς

1884 493 2011 531 num
2045 487 2129 535 est
2177 496 2286 535 non
2331 483 2694 552 perfecerint:
2726 488 3071 559 nunehujus
3115 503 3169 548 et
3198 494 3437 565 reliquo-

1882 581 2002 620 rum
2034 568 2499 626 contirmationem
2538 573 2766 641 inducit,
2804 577 2990 634 dicens
3017 598 3030 633 :
3055 579 3157 646 Qui
3198 583 3344 638 enim
3378 583 3437 640 in

1881 659 2277 726 persecutionis
2320 659 2550 729 fervore,
2601 680 2697 722 seu
2731 667 3072 724 vehementia
3113 680 3340 738 stantes,
3383 682 3438 730 et

1881 746 2123 804 videntes
2151 759 2461 808 sanctorum
2490 758 2769 827 martyria,
2805 765 2857 813 et
2887 762 3158 829 quomodo
3185 765 3436 822 emlestes

1879 852 2109 894 coronas
2137 841 2321 898 divino
2352 845 2468 900 zelo
2511 849 2754 918 accipere
2802 854 3150 920 contendant,
3195 872 3254 912 se
3286 856 3435 929 ipsos

1879 927 2082 983 dabant
2137 933 2396 1004 martyrio
2426 951 2549 991 eum
2601 940 2769 993 multa
2811 941 3080 1009 libertate,
3111 955 3166 1000 et
3202 927 3436 1006 marime

1877 1022 2004 1090 quia
2030 1023 2282 1080 videbant
2312 1028 2575 1097 quosdam
2603 1032 2932 1100 subtractos,
2964 1036 3066 1091 hoc
3095 1045 3179 1095 est
3207 1038 3436 1112 eductos

1876 1122 1930 1168 et
1961 1113 2218 1186 deceptos
2248 1131 2279 1171 a
2323 1119 2562 1188 diabolo,
2594 1130 2648 1177 et
2681 1124 2864 1195 lapsos
2902 1141 2999 1183 seu
3030 1139 3288 1200 negantes
3319 1133 3435 1202 pic—
3520 1171 3524 1174 -

1876 1213 2040 1262 tatem
2068 1227 2083 1263 :
2117 1211 2465 1280 quamobrem
2499 1214 2728 1273 interius
2769 1221 2986 1278 accensi
3016 1238 3110 1278 seu
3149 1228 3313 1282 corde
3343 1229 3430 1283 in-

1874 1295 2152 1365 ﬂammati,
2182 1309 2241 1356 ut
2266 1304 2358 1373 qui
2395 1303 2646 1363 ‘audirent
2679 1325 2737 1366 se
2762 1325 2858 1380 per
2895 1311 2998 1367 hoc
3039 1313 3341 1374 debellasse
3367 1335 3433 1375 ac

1872 1389 2066 1445 vicisse
2117 1394 2410 1464 superbum
2455 1397 2826 1457 adversarium
2866 1403 3161 1471 diabolum,
3201 1410 3430 1467 studue-

1873 1492 1998 1538 runt
2028 1484 2213 1543 subire
2234 1491 2574 1560 martyrium,
2609 1509 2675 1548 ne
2697 1494 2958 1566 glorietur
2978 1497 3227 1556 diabolus
3251 1507 3304 1556 et
3327 1502 3429 1557 sibi

1870 1575 2111 1646 prudens
2141 1593 2262 1636 esse
2292 1581 2561 1648 videatur,
2593 1594 2652 1639 ut
2675 1586 2765 1656 qui
2792 1587 3089 1646 calliditate
3121 1607 3219 1648 sua
3239 1600 3293 1648 et
3313 1608 3430 1648 ma-

1868 1668 1982 1723 litia
2010 1684 2103 1726 eos
2131 1672 2325 1727 vicerit
2357 1676 2448 1745 qui
2489 1691 2588 1731 sua
2612 1684 2806 1748 sponte
2845 1680 2913 1734 ad
2951 1683 3273 1754 martyrium
3295 1699 3428 1741 con-

190 1762 425 1830 νικήσας
440 1762 578 1816 κατά
593 1764 924 1835 πανουργίαν
945 1767 1068 1831 τοὺς
1088 1768 1560 1841 αὐτομολήσαντας
1574 1789 1586 1801 ·
1607 1774 1652 1826 εί
1674 1776 1748 1826 κα⁴

1867 1758 2160 1831 fugerunt:
2199 1765 2360 1820 etiam
2411 1766 2456 1822 si
2486 1783 2606 1823 eum
2657 1770 2812 1825 latuit
2851 1787 2909 1828 se
2955 1774 3128 1845 magis
3173 1775 3317 1831 vinci
3358 1778 3427 1832 ab

188 1853 451 1908 ἐλάνθανε
475 1856 669 1925 μᾶλλον
699 1858 945 1912 νικᾶσθαι
975 1860 1077 1914 ὑπὸ
1106 1860 1212 1914 τῶν
1247 1862 1491 1933 ἀθλητῶν
1511 1864 1614 1918 τῶν
1639 1883 1764 1936 καρ-

190 1947 536 2016 τερησάντων
577 1948 673 2014 τὰς
721 1950 999 2020 βασάνους.
1046 1954 1170 2017 Τοῖς
1215 1954 1342 2022 γοῦν
1373 1960 1581 2021 πιστοῖς
1617 1957 1763 2024 ἄξιόν

187 2038 361 2101 ἐστιν,
399 2038 708 2110 εὐχομένοις
727 2042 865 2114 ὑπὲρ
894 2043 1070 2097 αὐτῶν
1095 2044 1201 2098 τῶν
1228 2047 1642 2120 τιμωρηθέντων
1670 2051 1762 2102 καὶ

186 2129 550 2199 ἡττηθέντων,
579 2133 864 2200 ἐπινεύειν,
897 2137 1013 2206 ἦτοι
1046 2138 1372 2209 συντρέχειν,
1405 2141 1432 2192 ὅ
1468 2158 1518 2193 τι
1561 2143 1651 2194 καὶ
1674 2143 1760 2196 δέ-

185 2220 398 2285 δωιται,
430 2223 519 2274 καὶ
551 2225 691 2278 κατά
727 2243 777 2279 τι
816 2227 875 2278 οὐ
905 2227 1130 2298 βλάπτει
1180 2231 1520 2302 συμπάσχειν
1552 2234 1645 2286 καὶ
1673 2234 1761 2287 λυ-

189 2310 410 2365 πεῖσθαι
439 2314 577 2383 μετὰ
608 2316 716 2368 τῶν
738 2319 933 2386 γονέων
957 2319 988 2390 ἢ
1014 2321 1120 2373 τῶν
1149 2321 1320 2385 άλλως
1350 2327 1760 2395 προσῳκειωμέ-

187 2419 299 2454 νων
329 2403 467 2474 ὑπὲρ
517 2406 625 2459 τῶν
658 2411 1142 2481 μαρτυρησάντων,
1189 2416 1281 2469 καὶ
1327 2416 1758 2473 ἐκπεπτωκότων

188 2493 301 2545 ἀπὸ
328 2495 578 2566 μηχανῆς
606 2498 698 2551 τοῦ
719 2500 981 2556 διαϐόλου.
1015 2501 1353 2574 Γινώσκομεν
1376 2505 1502 2576 γὰρ,
1534 2507 1607 2570 ὡς
1635 2507 1758 2560 πολ-

188 2584 268 2637 λοὶ
304 2589 623 2658 ἀπήλαυσαν
667 2592 758 2645 τοῦ
794 2593 972 2658 ἐλέους
1018 2596 1110 2648 καὶ
1143 2597 1239 2666 τῆς
1288 2598 1616 2669 ἀγαθότητος
1662 2600 1754 2653 τοῦ

188 2677 319 2730 Θεοῦ
348 2679 438 2731 διὰ
468 2683 634 2753 εὐχῆς
680 2685 900 2756 ἑτέρων.
932 2675 1029 2740 Διά
1057 2705 1133 2740 τοι
1167 2687 1321 2741 τοῦτο
1364 2691 1546 2753 αὐτοῖς
1575 2709 1634 2744 τε
1667 2692 1754 2745 δο-

189 2768 338 2838 θῆναι
376 2770 569 2838 ἄφεσιν
615 2775 765 2844 παρά
806 2774 898 2828 τοῦ
948 2777 1083 2830 Θεοῦ
1114 2777 1487 2850 ἐξαιτήσομεν,
1515 2784 1607 2835 καὶ⁵
1644 2786 1755 2847 τοῖς

190 2859 363 2924 ἄλλοις
387 2865 501 2925 τοῖς
533 2865 930 2930 ἐκπεπτωκόσι,
959 2870 1048 2921 καὶ
1074 2871 1206 2940 μετά
1234 2873 1404 2926 ταῦτα
1433 2873 1527 2944 τὴν
1550 2874 1755 2946 πλάνην

187 2952 677 3024 ἁνακαλεσαμένοις
730 2957 824 3010 καὶ
878 2959 1240 3031 όμολογήσασι
1287 2964 1386 3034 τὴν
1439 2964 1750 3028 εὐσέϐειαν,

191 3047 720 3117 συγκοινωνήσομεν,
768 3051 1098 3120 μεμνημένοι
1125 3053 1230 3106 τῶν
1275 3056 1379 3125 πρὸ
1428 3056 1524 3125 τῆς
1549 3056 1756 3108 ἐκπτώ-

184 3153 313 3198 σεως
367 3138 594 3204 ἀγώνων
615 3139 821 3203 αὐτῶν,
872 3135 946 3195 ὧν
980 3142 1291 3213 ὑπήνεγκαν
1332 3146 1421 3200 διὰ
1447 3147 1539 3201 τὸν
1590 3147 1746 3215 Θεὸν,

183 3224 308 3278 ἀλλά
335 3228 447 3298 μὴν
477 3229 572 3280 καὶ
605 3230 697 3283 τοῦ
727 3231 864 3301 μετά
888 3233 1055 3286 ταῦτα
1080 3236 1280 3303 ἀγαθοῦ
1306 3239 1606 3310 μεταμέλου
1637 3240 1751 3294 τού-

181 3331 297 3380 των,
332 3318 430 3370 καὶ
465 3320 548 3372 ὅτι
582 3322 991 3393 μεμαρτύρηται
1035 3327 1414 3392 ἀπολιτεύτους
1443 3330 1746 3398 λογίζεσθαι

179 3407 397 3472 ἑαυτοὺς
429 3410 520 3463 διά
552 3413 878 3485 ἁμάρτημαο
919 3417 1010 3470 καὶ
1035 3419 1096 3471 ού
1130 3418 1287 3488 μόνον
1324 3425 1748 3495 συγκοινωνήσο-

181 3515 274 3568 μεν
296 3502 510 3564 αὐτοῖς,
543 3501 677 3556 ἀλλά
706 3505 799 3558 καὶ
825 3507 1188 3578 συνευξόμεθα
1215 3510 1353 3580 ὐπὲρ
1391 3510 1616 3583 ἱλασμοῦ
1649 3515 1746 3567 αὐ-

181 3591 276 3642 τῶν
311 3594 454 3661 μετά
480 3595 589 3646 τῶν
632 3595 804 3649 ἀλλων
836 3597 940 3650 τῶν
983 3599 1360 3670 καθηκόντων,
1408 3604 1574 3674 ηγουν
1606 3607 1744 3676 μετά

181 3681 275 3734 τῶν
299 3685 636 3752 όφειλουσῶν
660 3687 898 3754 γίνεσθαι
919 3690 1170 3744 εὐποιιῶν
1204 3695 1330 3764 περὶ
1359 3695 1598 3761 τούτους,
1659 3717 1744 3769 νη-

178 3774 350 3837 στείας
380 3775 646 3845 δηλονότι,
694 3777 1055 3851 ὲλεημοσύνης
1085 3784 1178 3836 καὶ
1221 3785 1505 3854 μετανοίας
1528 3804 1539 3816 ·
1579 3788 1644 3840 δι’
1667 3781 1740 3842 ὧν

177 3866 516 3937 όγινόμενος
565 3871 908 3942 παράκλητος
952 3874 1090 3945 ὑπὲρ
1137 3877 1290 3946 ἡμῶν
1341 3877 1738 3949 ὲξευμενίζεται

177 3959 298 4025 ἡμῖν
330 3959 428 4011 τὸν
473 3961 708 4032 Πατέρα,
754 3960 887 4017 Εἶτα
933 3965 1025 4018 καὶ
1069 3970 1262 4037 χρήσει
1299 3968 1560 4040 κέχρηται
1605 3988 1740 4043 γρα-

176 4051 320 4120 φικῇ.
372 4051 438 4102 Ἦ
474 4051 532 4104 δέ
566 4054 711 4105 ἐστιν
756 4055 818 4107 ὲκ
861 4056 959 4126 τῆς
1006 4055 1227 4128 πρώτης
1273 4059 1564 4130 Μθολικῆς
1620 4063 1738 4114 ὲπι-

177 4144 355 4215 στολῆς
386 4143 480 4197 τοῦ
514 4146 666 4214 ἁγίου
698 4148 989 4202 ἀποστόλου
1019 4151 1110 4202 καὶ
1139 4151 1517 4219 εὐαγγελιστοῦ
1559 4155 1738 4207 Ἰωάν-

175 4252 254 4287 νου
261 4279 275 4290 .

233 4330 478 4385 ΖΩΝΑΡ.
531 4332 589 4384 '0
631 4333 753 4396 νοῦς
793 4333 884 4386 τοῦ
927 4335 1190 4405 παρόντος
1229 4337 1447 4400 κανόνος
1495 4337 1734 4401 τοιοῦτός

1866 1851 2103 1916 athletis,
2135 1855 2227 1924 qui
2263 1865 2530 1912 tormenta
2563 1857 2775 1916 fortiter
2809 1864 3049 1932 perpessi
3079 1873 3226 1921 sunt.
3267 1864 3429 1922 Fide-

1863 1941 2008 1996 libus
2042 1955 2170 2016 ergo
2194 1947 2478 2004 orantibus
2507 1964 2722 2020 aequum
2754 1961 2837 2007 est
2866 1969 2965 2024 pro
2997 1955 3128 2025 ipsis
3157 1959 3426 2028 supplicio

1863 2033 2068 2090 ati‘ectis
2088 2044 2141 2091 et
2168 2039 2396 2107 punitis,
2428 2054 2688 2107 annuere,
2727 2044 2840 2099 sive
2867 2046 2921 2099 in
2947 2045 3050 2102 hoc
3075 2063 3422 2113 concurrere,

1860 2125 2005 2194 quod
2033 2127 2196 2182 etiam
2229 2130 2403 2184 visum
2444 2139 2547 2197 est,
2595 2143 2648 2188 et
2681 2135 2863 2205 aliquo
2896 2137 3057 2193 modo
3088 2141 3223 2195 nihil
3255 2141 3419 2206 laedit,

1861 2232 1966 2270 una
1996 2233 2119 2273 cum
2147 2222 2465 2290 parentibus
2493 2223 2577 2280 vel
2603 2225 2727 2281 aliis
2757 2229 3160 2288 necessitudine
3192 2234 3423 2304 conjun-

1859 2310 1984 2374 ctis,
2014 2326 2112 2381 pro
2147 2311 2213 2368 iis
2242 2314 2335 2384 qui
2365 2315 2740 2374 testimonium
2777 2320 3044 2377 dederunt
3072 2327 3420 2397 martyrium-

1858 2415 1964 2470 que
1993 2404 2303 2472 subierunt,
2337 2409 2428 2466 sed
2474 2410 2613 2481 lapsi
2649 2422 2776 2468 sunt
2808 2414 3009 2470 diaboli
3040 2425 3156 2473 arte
3191 2429 3244 2474 et
3284 2419 3422 2475 insi-

1858 2493 1981 2560 diis,
2029 2495 2213 2554 dolere
2255 2508 2308 2554 et
2360 2502 2582 2558 tristitia
2633 2504 2789 2560 allici.
2829 2505 3043 2564 Scimus
3087 2511 3230 2564 enim
3273 2514 3420 2584 quod

1858 2584 2012 2638 multi
2062 2585 2358 2645 bonitatem
2406 2599 2460 2647 et
2507 2593 2939 2653 misericordiam
3002 2598 3098 2656 Dei
3136 2603 3418 2659 consecuti

1857 2683 1983 2729 sunt
2012 2693 2112 2747 per
2139 2680 2369 2737 aliorum
2397 2686 2693 2743 orationes.
2730 2688 2962 2760 Ideoque
2989 2701 3042 2748 et
3070 2693 3204 2762 ipsis
3237 2695 3354 2750 dari
3385 2711 3418 2751 ιι

1856 2764 1964 2821 Deo
1992 2778 2340 2838 peccatorum
2370 2777 2744 2833 remissionem
2766 2783 3186 2850 postulabimus,
3216 2793 3270 2841 et
3291 2786 3413 2842 aliis

1853 2863 1947 2931 qui
1979 2864 2114 2933 lapsi
2155 2875 2302 2931 sunt,
2333 2875 2384 2923 et
2415 2879 2601 2938 postea
2634 2888 2876 2930 errorem
2922 2887 3316 2934 revocaverunt
3361 2885 3416 2934 et

1855 2952 2105 3020 pietatem
2141 2955 2380 3012 confessi
2413 2966 2562 3025 sunt,
2615 2964 3161 3032 communicabimus,
3203 2983 3412 3024 memo-

1853 3059 1942 3098 res
1969 3060 2158 3101 eorum
2192 3065 2313 3117 qua:
2361 3058 2485 3106 ante
2523 3053 2732 3122 lapsum
2765 3064 2986 3127 propter
3020 3057 3188 3114 Deum
3241 3061 3412 3115 susti-

1851 3147 2088 3193 nuerunt
2123 3143 2499 3215 certaminum,
2530 3155 2582 3206 et
2609 3148 2771 3204 etiam
2809 3151 2960 3206 bona:
2988 3168 3175 3208 eorum
3220 3165 3410 3224 postea

1850 3231 2204 3300 poenitentiae,
2250 3244 2303 3290 et
2349 3239 2493 3307 quod
2516 3254 2575 3294 se
2618 3240 2765 3310 ipsos
2813 3243 2993 3298 testati
3044 3252 3172 3300 sunt
3213 3261 3336 3302 esse
3378 3263 3411 3302 ιι

1848 3324 2068 3380 civitate
2110 3327 2314 3384 alienos
2346 3338 2564 3400 prepter
2595 3342 2873 3401 peccatum
2909 3353 2922 3407 :_
2975 3343 3028 3390 et
3075 3353 3183 3390 non
3230 3337 3407 3393 solum

1847 3414 1980 3484 ipsis
2010 3421 2554 3488 communicabimus,
2602 3427 2694 3482 sed
2722 3438 2771 3483 et
2801 3443 2900 3498 pro
2929 3444 3116 3484 eorum
3155 3433 3406 3486 reconci-

1846 3507 2066 3564 liatione
2104 3513 2406 3582 orabimus,
2442 3532 2564 3570 cum
2617 3520 2737 3574 aliis
2767 3536 2886 3591 qua:
2915 3520 3092 3587 decet,
3137 3538 3232 3578 seu
3278 3539 3402 3577 eum

1845 3600 2002 3656 bonis
2047 3605 2303 3674 operibus
2353 3621 2472 3675 quae
2511 3608 2710 3663 debent
2759 3610 2827 3664 ab
2868 3611 3001 3680 ipsis
3032 3610 3168 3676 fieri,
3197 3612 3406 3682 jejunio

1844 3693 2072 3759 scilicet,
2123 3695 2465 3769 elcemosyna
2517 3709 2569 3753 et
2599 3702 2945 3770 poenitentia;
2987 3719 3082 3772 per
3123 3719 3262 3774 quae,
3309 3706 3405 3775 qui

1842 3799 1940 3853 pro
1983 3787 2142 3840 nobis
2175 3798 2257 3842 est
2292 3789 2606 3855 advocatus,
2641 3791 2854 3847 Patrem
2905 3794 3062 3849 nobis
3105 3796 3398 3866 propitium

1842 3875 2266 3949 benevolumque
2307 3880 2486 3938 efficit.
2532 3882 2735 3940 Deinde
2780 3893 2832 3939 et
2876 3901 3045 3940 sacra:
3100 3886 3400 3957 Scriptura!

1840 3970 2106 4023 sententia
2143 3987 2275 4026 usus
2306 3981 2408 4028 est.
2448 3974 2521 4028 Ea
2555 3991 2682 4031 vero
2711 3985 2794 4032 est
2818 3994 2880 4032 ex
2914 3980 3086 4048 prima
3114 3981 3386 4036 catholica

1837 4060 2062 4128 epistola
2093 4065 2267 4118 sancti
2296 4067 2523 4135 apostoli
2557 4077 2608 4122 et
2632 4070 2975 4139 evangelista:
3002 4068 3249 4128 Joannis.

1905 4325 2105 4380 Zomu.
2145 4328 2314 4399 llujus
2368 4333 2594 4390 canonis
2651 4338 2914 4392 sententia
2969 4339 3235 4406 ejusmodi
3289 4348 3393 4396 est.

171 4422 308 4474 ἐστιν
327 4439 340 4450 ·
371 4424 433 4475 Οἱ
463 4424 520 4475 ὲν
549 4422 626 4493 τῷ
658 4423 950 4496 βράσματι,
975 4427 1127 4496 φησὶ,
1151 4426 1244 4479 τοῦ
1273 4427 1536 4499 διωγμοῦ,
1561 4431 1727 4500 ἤγουν

1851 4415 1939 4481 Qui
1972 4417 2027 4472 in
2080 4418 2315 4487 fervore,
2360 4423 2556 4493 inquit,
2605 4430 3020 4496 persecutionis,
3053 4432 3156 4485 hoc
3204 4439 3288 4486 est
3341 4434 3394 4486 in

167 4514 218 4563 ἐν
248 4517 314 4584 τῇ
351 4516 545 4585 ἀκμῇ,
589 4518 654 4586 τῇ
699 4516 844 4580 ξέσει
889 4518 1200 4588 ἱστάμενοι,
1250 4521 1342 4572 καὶ
1382 4521 1614 4592 ὁρῶντες
1661 4523 1727 4576 τά

171 4605 438 4676 μαρτύρια
463 4606 574 4658 τῶν
603 4608 808 4675 ἀγίων,
854 4609 946 4660 καὶ
985 4609 1132 4671 ὅπως
1173 4611 1457 4665 σπεύδουσι
1508 4615 1633 4677 τοὺς
1669 4615 1725 4679 ἐξ

164 4697 392 4766 οὐρανοῦ
421 4699 716 4767 στεφάνους
745 4698 926 4752 λαϐεῖν
951 4739 964 4762 ,
992 4701 1131 4754 κατά
1166 4700 1325 4772 ζῆλον
1374 4701 1514 4756 θεῖον
1547 4705 1726 4758 ἐπεδί-

163 4786 279 4840 Era-av
313 4790 541 4853 ὲαυτούς
570 4791 648 4853 εἰς
668 4789 736 4842 τά
765 4791 1055 4862 μαρτύρια,
1092 4792 1229 4862 μετά
1258 4795 1566 4865 παρρησίας
1594 4795 1722 4849 πολ-

161 4877 252 4948 λῆς
299 4882 640 4952 ὁρμήσαντες
691 4883 769 4944 εἰς
812 4883 902 4935 τὸν
949 4883 1165 4950 ἀγῶνα,
1213 4882 1552 4954 ζηλώσαντες
1599 4891 1725 4952 τούς

163 4969 345 5033 ἁγίους
372 4971 678 5040 πάσχοντας
698 5013 710 5035 ,
743 4973 836 5025 καὶ
871 4972 1142 5037 ἐπιδόντες
1165 4976 1390 5039 ἑαυτοὺς
1427 4978 1721 5048 προθύμως

159 5063 218 5129 τῇ
274 5063 551 5133 μαρτυρία
577 5103 591 5126 ,
643 5066 733 5116 καὶ
769 5063 996 5133 μάλιστα
1027 5065 1107 5117 ὅτι
1149 5064 1370 5118 ἔϐλεπόν
1398 5085 1549 5131 τινας
1595 5070 1722 5122 ὐπο-

161 5153 515 5222 συρομένους,
565 5155 684 5208 ἀντὶ
718 5157 831 5219 τοῦ,
852 5156 1276 5226 κλεπτομένους,
1323 5159 1720 5229 ἀπατωμένους

158 5245 246 5295 καὶ
291 5246 658 5317 ἀρνουμένους
691 5249 787 5318 τὴν
817 5248 1090 5302 εὐσέϐειαν
1113 5288 1126 5312 ,
1160 5249 1677 5322 ύποθερμαινόμενοι
1703 5297 1716 5318 ,

158 5338 268 5403 ἦτοι
317 5340 645 5408 πυρούμενοι
685 5340 783 5410 τὴν
832 5341 1089 5410 καρδίαν,
1120 5341 1377 5394 ἔσπευδον
1414 5345 1716 5397 καταπολε-

161 5427 333 5497 μῆσαι
359 5428 444 5482 τὸν
476 5431 672 5494 αὐτοὺς
697 5431 1032 5502 ὐποσύροντα
1067 5433 1319 5504 πονηρὸν,
1348 5434 1434 5488 ἵνα
1471 5433 1544 5505 μὴ
1579 5453 1715 5488 καυ-

154 5521 350 5585 litat,
381 5521 452 5585 ὡς
481 5524 654 5593 ἡττῶν
704 5525 829 5588 τοὺς
877 5525 1158 5590 εὐσεϐεῖς·
1206 5528 1252 5579 εξ
1288 5528 1381 5580 καὶ
1429 5527 1715 5582 ἐλάνθανεν

154 5610 347 5665 ἑαυτὸν
374 5615 577 5681 ἀγνοῶν
597 5656 610 5680 ,
649 5618 729 5670 ὅτι
775 5616 970 5687 μᾶλλον
1015 5619 1271 5688 ἡττᾶται,
1308 5619 1514 5673 πολλῶν
1555 5621 1714 5694 μέχρι

159 5701 388 5757 θανάτου
421 5706 512 5779 τὴν
546 5708 682 5782 ὑπὲρ
730 5709 827 5780 τῆς
865 5710 1095 5774 πίστεως
1127 5710 1374 5766 ἔνστασιν
1409 5710 1713 5784 ἐνδειξαμέ-

1833 4521 2045 4561 Summo
2082 4509 2226 4563 illius
2255 4510 2570 4568 discrimine
2611 4517 3191 4590 veliementissimaque
3233 4522 3396 4577 dimi-

1830 4599 2042 4654 catione
2091 4603 2394 4668 constituti,
2437 4621 2501 4659 ac
2531 4609 2788 4679 martyria
2831 4618 3140 4666 sanctorum
3174 4614 3393 4669 intuen-

1830 4697 1931 4754 tes,
1968 4701 2020 4746 et
2046 4707 2207 4762 quam
2262 4695 2607 4752 vehementer
2652 4700 2718 4753 ad
2749 4701 3094 4772 accipiendas
3136 4704 3388 4760 cmlestes

1827 4797 2058 4838 coronas
2109 4785 2460 4853 festinarent,
2507 4790 2690 4844 divina
2741 4794 3085 4849 aemulatione
3134 4811 3192 4851 se
3242 4797 3391 4866 ipsos

1826 4874 2084 4945 martyrio
2112 4878 2401 4945 tradidere,
2421 4883 2588 4936 multa
2615 4899 2736 4938 cum
2758 4886 3006 4941 libertate
3032 4888 3086 4942 in
3109 4897 3384 4945 certamen

1825 4967 2156 5036 desilientes,
2189 4984 2496 5030 sanctorum
2537 4977 2628 5047 qui
2676 4979 3022 5048 patiebantur
3062 4982 3385 5049 imitatione,

1824 5076 1988 5130 seque
2014 5075 2294 5133 promptos
2324 5067 2388 5122 ad
2419 5069 2574 5124 fidem
2616 5071 2926 5126 testimonio
2957 5072 3384 5128 confirmandam

1822 5156 2088 5221 obtulere,
2129 5167 2240 5212 tum
2272 5161 2342 5214 ob
2374 5160 2426 5214 id
2449 5163 2683 5217 maxime
2707 5164 2833 5234 quia
2866 5166 3066 5220 multos
3098 5174 3386 5221 cernerent

1821 5249 1912 5322 qui
1949 5249 2431 5320 subtrahebantur,
2463 5255 2566 5308 hoc
2618 5263 2701 5310 est
2755 5255 3196 5325 traducebantur,
3233 5259 3385 5316 deci-

1821 5343 2124 5413 piebantur,
2150 5346 2402 5415 pietatem
2453 5348 2740 5417 negabant,
2776 5349 3064 5415 ferventes,
3120 5353 3221 5405 hoc
3273 5361 3376 5415 est,

1820 5435 2092 5492 flammato
2117 5439 2300 5505 corde,
2340 5440 2594 5496 infestum
2623 5440 2756 5510 ipsis
2788 5442 3156 5497 adversarium
3198 5443 3380 5499 debel-

1820 5529 1930 5584 lare
1959 5530 2305 5601 studuerunt,
2340 5547 2407 5588 ne
2447 5532 2608 5588 veluti
2653 5533 2863 5602 piorum
2908 5535 3080 5589 victor
3120 5535 3381 5605 gloriare»

1818 5629 1935 5688 tur;
1971 5626 2220 5694 quamvis
2277 5642 2399 5682 eum
2451 5628 2690 5694 latuerit,
2722 5627 2864 5684 vinci
2914 5645 2972 5685 se
3017 5629 3220 5699 potius,
3252 5644 3378 5685 cum

1823 5714 1977 5769 inulti
2011 5714 2076 5770 ad
2106 5724 2332 5774 mortem
2364 5735 2534 5790 usque
2567 5735 2665 5791 pro
2725 5721 2828 5799 fide
2873 5721 3234 5776 constantiam
3271 5736 3381 5793 pra:
