3980 6318
233 316 319 373 ﬁdi
1445 317 1777 374 EPISTOLA
1806 314 2182 374 CANONICA.

2791 275 2824 296 ti"

3330 311 3435 370 502

228 432 312 488 καὶ
336 431 569 504 διάεξορα
589 432 831 504 γραφικὰ
858 434 949 486 καὶ
983 433 1389 504 παραδείγματα
1421 435 1484 486 ὲκ
1515 432 1620 484 τῶν
1641 432 1772 486 ἀπο-

1882 430 2174 501 Scripturae
2226 427 2468 497 exempla
2523 441 2590 483 ex
2649 423 2875 483 Actibus
2933 423 3301 498 apostolorum
3369 426 3435 481 de

226 523 478 577 πολικῶν
520 523 778 593 Πράξεων
822 526 948 596 περὶ
997 524 1089 578 τοῦ
1142 523 1407 595 μακαρίο.)
1477 523 1772 576 ἀποστόλου

225 611 429 665 Παύλου
460 612 554 663 καὶ
579 613 663 664 ἑτέ
673 629 797 683 ρων.

280 701 531 756 ΖΩΝΑΡ.
592 705 652 756 Οἱ
707 704 764 757 δὲ
808 706 1095 777 χρήματα,
1149 709 1312 779 φησὶ,
1357 706 1645 771 δεδωκότες
1681 709 1773 761 καὶ

220 794 576 862 ἐκφυγόντες,
617 795 711 848 καὶ
741 796 925 861 αὐτοῖς
954 800 1288 870 τηρήσαντες
1333 800 1428 872 τὴν
1459 800 1736 853 εὐσέϐειαν
1757 840 1769 863 ,

221 884 305 935 οὐκ
329 884 772 956 αἱτιαθήσονται,
800 889 919 942 οὐδὲ
945 889 1196 961 ἔγκλημά
1224 909 1305 954 τις
1335 891 1577 944 ἐντεῦθεν
1608 909 1773 965 προσ-

217 976 332 1043 άψει
364 977 573 1041 αὐτοῖς.
607 980 823 1034 Εῖλοντο
850 983 956 1053 γὰρ
987 985 1240 1055 χρήματα
1271 979 1644 1055 ζημιωθῆναι,
1679 984 1772 1036 καὶ

216 1067 284 1138 μὴ
320 1067 419 1130 τὰς
446 1069 655 1122 ἑαυτῶν
679 1070 874 1141 ψυχὰς,
923 1073 1016 1126 καὶ
1062 1074 1334 1147 ἐφάνησαν
1379 1075 1456 1146 τῷ
1487 1072 1602 1144 Θεῷ
1651 1076 1771 1128 δου-

213 1159 385 1213 λεύειν
422 1161 772 1234 βουλόμενοι,
804 1164 897 1217 καὶ
937 1165 997 1217 οὐ
1027 1165 1102 1235 τῷ
1145 1169 1454 1237 μαμμωνᾷ,
1501 1167 1617 1236 ἦτοι
1663 1169 1773 1230 τοῖς

213 1251 476 1320 χρήμασι.
538 1251 814 1326 Ἐπιφέρει
861 1254 916 1306 δὲ
962 1257 1054 1308 καὶ
1099 1257 1316 1328 ῥήματα
1359 1256 1638 1326 γραφικὰ,
1680 1259 1773 1310 καὶ

213 1342 564 1414 παράδειγμα
613 1346 676 1396 ἐκ
736 1345 843 1397 τῶν
877 1345 1130 1416 Πράξεων
1183 1348 1309 1419 περὶ
1354 1348 1446 1400 τοῦ
1505 1348 1772 1418 μακαρίου

212 1433 510 1486 ἀποστόλου
552 1435 764 1488 Παύλου
817 1437 910 1492 καὶ
942 1437 1164 1509 ἑτέρων.
1200 1440 1272 1492 Τὸ
1300 1439 1354 1491 δὲ
1388 1441 1772 1512 ἀνενοχλὴτους

211 1526 462 1594 γενέσθαι
491 1527 601 1580 ἀπὸ
625 1529 806 1599 πάσης
835 1530 1060 1595 κακίας,
1104 1531 1135 1602 ἢ
1168 1532 1228 1584 τὸ
1269 1533 1342 1604 μὴ
1368 1533 1657 1604 amem:
1693 1537 1772 1597 εἰς

211 1617 438 1688 ἄρνησιν
472 1619 572 1688 τῆς
601 1619 880 1684 εὐσεϐείας
931 1624 1075 1677 ἐστὶν
1101 1662 1116 1686 ,
1166 1624 1309 1694 ἥπερ
1356 1626 1532 1678 πᾶσαν
1577 1624 1772 1680 κακίαν

212 1707 331 1776 νικᾷ
352 1748 369 1771 ,
417 1708 450 1778 ἢ
489 1707 686 1773 κακίας
718 1710 814 1775 τὰς
847 1711 1116 1777 κακώσεις
1153 1713 1402 1785 ὠνόμασε
1435 1716 1530 1778 τὰς
1562 1717 1625 1768 ὲκ
1665 1717 1771 1770 τῶν

211 1795 507 1850 κολάσεων.

807 1895 1044 1949 ΚΑΝΩΝ
1082 1896 1180 1952 1Γ¹.

272 1997 296 2029 ι
348 1980 512 2034 Ὅθεν
537 1982 658 2037 οὐδὲ
689 1987 801 2049 τοῖς
855 1987 1209 2058 καταλείψασι
1236 1991 1408 2044 πάντα
1439 1991 1524 2044 διὶ
1552 1991 1651 2064 τὴν
1675 1993 1772 2062 τῆς

212 2085 228 2119 ι
266 2070 456 2140 ψυχῆς
483 2075 754 2144 σωτηρίαν
774 2076 863 2129 καὶ
889 2077 1300 2152 ἀναχωρήσασιν
1325 2080 1470 2135 ἔστιν
1502 2083 1769 2152 ἐγκαλεῖν,

211 2179 228 2210 ι
269 2159 352 2224 ὡς
386 2161 452 2215 ἂν
483 2164 682 2235 ἐτέρων
723 2166 789 2219 δι’
816 2167 1010 2232 αὐτοὺς
1039 2172 1498 2241 κατασχεθέντων.
1532 2176 1639 2228 Καὶ
1665 2179 1772 2249 γὰρ

211 2271 228 2303 ι
268 2254 374 2306 καὶ
430 2256 490 2307 ἐν
540 2259 607 2326 τῇ
663 2257 869 2330 Ἐφέσῳ
915 2262 1036 2314 ἀντὶ
1101 2263 1311 2318 Παύλου
1330 2266 1375 2296 ⁸³
1427 2268 1772 2339 συνήρπασαν

214 2363 230 2394 ι
273 2343 445 2399 Γάϊον
491 2349 570 2411 είς
617 2349 676 2401 τὸ
706 2349 928 2420 θέατρον
961 2352 1055 2405 καὶ
1093 2354 1476 2427 Ἀρίσταρχον,
1514 2360 1770 2430 συνεκδή-

215 2454 232 2486 ‹
277 2455 416 2508 μους
426 2437 660 2503 Παύλου,
682 2438 1001 2512 βουλομένου
1021 2443 1088 2474 ⁵³·
1102 2445 1360 2499 εἰσελθεῖν
1379 2449 1458 2511 είς
1478 2448 1567 2501 τὸν
1581 2449 1768 2521 δῆμονι

216 2547 230 2578 ι
273 2530 402 2582 ἐπεὶ
432 2531 527 2583 καὶ
549 2530 614 2584 δι’
646 2532 805 2585 αὐτὸν
831 2533 1089 2588 πείσαντα
1119 2538 1210 2590 καὶ
1241 2542 1652 2613 μεταστήσαντα
1677 2561 1771 2596 πο-

215 2638 234 2670 ι
272 2620 373 2674 λὺν
417 2621 577 2692 ὄχλον
621 2625 712 2677 ἐπὶ
749 2627 846 2698 τὴν
877 2625 1178 2682 θεοσέϐειαν
1233 2633 1264 2700 ή
1303 2633 1486 2695 στάσις
1516 2629 1582 2704 ἦν
1625 2651 1772 2703 γενο-

216 2729 231 2760 ι
275 2712 415 2782 μένη
431 2714 727 2770 ⁵³⁸·.⁵³υῠκ
752 2718 890 2772 εἴων
916 2721 1101 2774 αὐτὸν
1117 2723 1455 2791 οΙμαθηταὶ,
1478 2726 1659 2795 φησίν.
1697 2728 1769 2779 Οὐ

218 2819 233 2851 ι
279 2803 390 2873 μὴν
425 2803 560 2856 ἀλλὰ
592 2806 684 2858 καί
715 2823 859 2870 τινες
899 2808 1007 2862 τῶν
1042 2811 1338 2884 Ἀσιαρχῶν
1372 2812 1522 2878 ὄντες
1569 2816 1772 2886 αὐτῷδ³

217 2913 233 2944 ι
277 2895 446 2964 φίλοι,
475 2897 785 2969 πέμψαντες
815 2903 944 2973 πρὸς
974 2903 1153 2967 αὐτὸν,
1191 2906 1528 2977 παρεκάλουν
1553 2909 1625 2980 μὴ
1649 2909 1763 2963 δοῦ-

217 3004 234 3034 ι
278 3002 370 3038 ναι
401 2987 591 3042 ἑαυτὸν
637 2992 715 3053 είς
745 2991 805 3044 τὸ
846 2992 1088 3062 θέατρον.
1127 2995 1190 3048 Ei
1212 2995 1267 3048 δὲ
1301 2997 1603 3067 ὲπιμένοιέν
1631 3017 1771 3063 τινες

215 3097 234 3127 ι
279 3079 694 3148 ὲρεσχελοΰντες
721 3087 833 3146 τοῖς
865 3085 1168 3156 εἰλικρινῶς
1202 3087 1523 3158 προσέχουσι
1565 3091 1642 3160 τῷ
1683 3092 1768 3144 λέ-

220 3185 238 3215 ι
281 3171 494 3236 rem“
517 3171 653 3240 (lt),
684 3173 886 3233 Σὼζων
913 3174 1060 3236 σῶζε
1090 3175 1202 3244 τὴν
1236 3180 1494 3234 σεαυτοῦ
1538 3181 1766 3251 ψυχὴν,

219 3279 236 3310 1
282 3263 381 3315 καὶ
412 3263 484 3294 ⁸⁶”
511 3264 599 3333 μὴ
639 3266 1002 3337 περιϐλέψῃς
1034 3270 1121 3299 ⁵⁸⁸·
1152 3271 1237 3337 είς
1267 3272 1339 3324 τὰ
1374 3272 1584 3339 ὀπίσω,
1644 3274 1773 3327 ὑπο-

218 3370 238 3403 ι
279 3353 672 3426 μνησθητωσαν
689 3359 778 3411 καὶ
790 3360 916 3427 περὶ
928 3359 1020 3413 τοῦ
1039 3360 1147 3432 (12)
1165 3363 1580 3433 προκρίτουτῶν
1635 3367 1772 3424 ἀπο-

222 3463 240 3494 ι
285 3445 487 3500 στόλων
501 3446 1118 3524 Πέτρου,βε6λημένου
1136 3470 1200 3508 τε
1220 3454 1335 3523 ἤδη
1353 3458 1439 3522 εἰς
1450 3457 1734 3526 φυλακὴν
1755 3499 1772 3522 ,

223 3556 240 3588 ι
285 3539 384 3593 καί
402 3543 844 3612 παραδοθέντος
870 3545 1139 3616 τέτταρσι
1170 3550 1492 3618 τετραδίοις
1513 3553 1556 3584 ⁸⁷
1592 3570 1770 3621 στρα-

222 3647 238 3679 ι
282 3631 520 3696 τιωτῶν,
557 3635 898 3701 φυλάσσειν
921 3640 1124 3692 αὐτόν.
1149 3633 1222 3692 Οὐ
1246 3643 1302 3715 ἐν
1335 3643 1488 3694 νυκτὶ
1515 3643 1772 3712 φυγόντος

221 3738 238 3769 ι
279 3722 369 3774 καὶ
403 3724 468 3775 ἐκ
496 3727 678 3795 χειρὸς
709 3726 991 3796 ρυσθέντος
1030 3730 1134 3783 τῶν
1178 3731 1439 3786 Ἰουδαίων
1473 3735 1592 3787 κατ’
1630 3736 1773 3788 ἐντο-

223 3829 239 3860 ι
281 3812 376 3882 λὴν
408 3815 645 3882 ἀγγέλου
670 3856 683 3877 ,
719 3816 848 3886 φησὶ
871 3858 884 3881 ,
925 3819 1128 3890 Κυρίου
1147 3861 1162 3885 ,
1194 3823 1519 3891 γενομένης
1550 3825 1772 3893 ἡμέρας

225 3918 240 3949 ι
284 3899 360 3971 ἦν
383 3902 644 3972 τάραχος
675 3908 783 3959 οὐκ
809 3909 1010 3977 ὀλίγος
1034 3912 1104 3963 ἐν
1131 3912 1253 3978 τοῖς
1281 3913 1683 3982 στρατιώταις,
1717 3917 1775 3969 τί

230 4011 247 4042 ι
291 3993 403 4060 ἄρα
429 3999 463 4049 ό
489 3996 713 4065 Πέτρος
743 3997 996 4067 ἐγένετο.
1034 4001 1282 4071 Ἡρώδης
1306 4003 1392 4069 δὲ,
1416 4003 1772 4072 ἐπιζητήσας

228 4102 246 4135 ι
287 4088 472 4140 αὐτὸν
496 4089 594 4143 καὶ
617 4090 703 4158 μὴ
726 4093 932 4160 εὑρὼν,
960 4095 1283 4163 ἀνακρίνας
1312 4096 1452 4163 τοὺς
1475 4099 1770 4166 φύλακας,

225 4201 242 4230 ι
283 4181 608 4237 ἐκέλευσεν
669 4185 1043 4256 ἀπαγχθῆναι
1097 4189 1238 4260 (1⁸5),
1302 4190 1368 4242 δι’
1414 4189 1507 4253 οὓς
1547 4192 1772 4263 οὐδεμία

227 4293 246 4324 ι
288 4276 430 4328 αἰτία
451 4277 531 4347 τῷ
549 4277 740 4348 Πέτρῳ
762 4280 1153 4350 προσάπτεται.
1188 4281 1342 4351 Ἑξῆν
1390 4281 1497 4353 γὰρ
1517 4323 1532 4345 ,
1567 4285 1660 4338 καὶ
1684 4286 1773 4337 αὐ-

228 4384 245 4414 ι
285 4369 406 4430 τοὺς
436 4369 746 4440 ἑωρακότας
777 4372 837 4424 τὸ
869 4372 1145 4442 γινόμενον
1177 4373 1241 4434 ⁵⁸,
1269 4375 1542 4442 ἐκφυγεῖν,
1577 4375 1652 4438 ὡς
1682 4376 1772 4427 καὶ

1883 524 2038 577 beato
2064 520 2234 574 Paulo
2264 519 2508 592 apostolo
2534 527 2585 573 et
2614 517 2753 573 aliis.

1951 700 2154 754 Zama.
2192 697 2294 764 Qui
2356 713 2505 761 vero,
2535 695 2731 767 inquit,
2787 697 3070 768 pecuniam
3123 708 3434 768 erogarunt,

1880 809 2052 862 eoque
2077 790 2276 860 eﬂ‘ugio
2310 789 2561 859 pietatem
2598 795 3011 850 conservarunt,
3047 802 3154 846 non
3192 797 3318 845 sunt
3345 805 3435 844 re--

1879 881 2268 954 prehendendi,
2305 895 2406 936 nec
2437 881 2507 936 ob
2534 895 2652 934 eam
2689 893 2800 934 rem
2832 877 2954 933 illos
2983 878 3230 950 quisnam
3275 894 3435 935 accu-

1880 982 1984 1029 set.
2038 972 2344 1028 Maluerunt
2396 987 2628 1042 namque
2677 972 2954 1041 pecunias,
2986 988 3146 1042 quam
3194 972 3434 1045 ipsorum

1879 1066 2090 1120 animas
2108 1065 2352 1135 perdere,
2375 1064 2837 1132 ostenderuntque
2871 1078 2930 1117 se
2957 1062 3066 1117 Deo
3098 1065 3298 1119 servire.
3320 1067 3434 1120 vel-

1880 1159 1947 1223 le,
1979 1173 2090 1212 non
2116 1171 2458 1219 mammonze,
2493 1154 2592 1209 hoc
2619 1161 2701 1210 est
2731 1154 2954 1208 divitiis.
3002 1152 3212 1210 Profert
3257 1165 3433 1211 autem

1878 1257 1930 1303 et
1983 1247 2278 1318 Scriptura:
2311 1245 2497 1310 verba,
2555 1252 2669 1298 tum
2725 1259 2790 1298 ex
2840 1245 2992 1302 Actis
3045 1247 3431 1315 apostolorum,

1879 1340 2022 1395 beati
2047 1338 2198 1393 Pauli
2233 1347 2285 1393 et
2314 1338 2543 1393 aliorum
2579 1336 2843 1407 exempla.
2875 1336 3028 1402 Quod
3058 1353 3184 1392 vero
3212 1339 3429 1405 dicitur,

1878 1432 2297 1502 imperturbatos
2333 1429 2501 1486 fuisse
2535 1429 2604 1484 ab
2642 1429 2786 1483 omni
2809 1426 3202 1496 'improbitate,
3236 1431 3314 1486 sic
3344 1447 3436 1487 ac-

1878 1523 2188 1595 cipiendum
2219 1531 2324 1588 est,
2369 1532 2462 1578 aut
2502 1522 2921 1593 imperturbatos
2961 1522 3152 1590 fuisse,
3190 1523 3334 1594 quod
3368 1526 3432 1579 ad

1877 1617 2095 1688 pietatis
2146 1617 2556 1686 abnegationem
2605 1615 2798 1668 attinet
2830 1632 2949 1685 quae
3002 1617 3309 1671 universam
3344 1633 3439 1673 su-

1879 1717 2031 1778 perat
2063 1708 2483 1779 improbitatem,
2522 1708 2605 1764 vel
2639 1708 2834 1771 κακίας
2861 1709 3170 1765 vexationes
3195 1717 3434 1766 tormen-

1807 1795 1851 1855 B
1880 1807 2055 1853 torum
2089 1800 2408 1853 nominavit.

2452 1889 2681 1945 CANON
2720 1889 2856 1946 Xlll.

1951 2003 1969 2033 (
2020 1981 2173 2037 Unde
2218 1997 2317 2037 nec
2366 1997 2460 2037 eos
2502 1982 2594 2053 qui
2645 1983 2826 2037 omnia
2857 1984 3187 2054 reliquerunt
3217 1993 3434 2054 propter

1881 2094 1898 2126 ι
1946 2077 2173 2129 salutem
2219 2075 2412 2128 anima:
2469 2081 2522 2129 et
2575 2085 2947 2140 secesserunt,
2996 2077 3118 2130 licet
3174 2090 3432 2132 accusare

1881 2186 1898 2217 ι
1947 2176 2203 2236 tanquam
2256 2167 2376 2220 aliis
2421 2177 2639 2236 propter
2691 2167 2836 2236 ipsos
2886 2166 3140 2222 detentis.
3191 2167 3322 2221 Nam
3376 2176 3431 2222 et

1880 2278 1896 2309 ι
1947 2257 2141 2331 Ephesi
2172 2273 2269 2327 pro
2291 2257 2458 2312 Paulo
2485 2256 2676 2330 Gajum
2713 2267 2767 2312 et
2797 2257 3171 2313 Aristarchum
3199 2258 3251 2312 in
3289 2260 3432 2313 thea-

1879 2369 1896 2401 ‹
1946 2357 2031 2402 tro
2055 2351 2619 2419 comprehenderunt,
2655 2365 2758 2404 una
2808 2365 2929 2405 cum
2981 2348 3149 2404 Paulo
3193 2352 3432 2421 peregri-

1878 2462 1895 2491 ι
1941 2450 2132 2497 nantes
2150 2442 2305 2512 °,qui
2337 2442 2546 2497 volebat
2579 2443 2642 2496 ad
2673 2443 2926 2512 populum
2958 2442 3141 2495 adire:
3175 2443 3430 2512 quoniam

1880 2554 1895 2583 ι
1944 2545 2162 2604 propter
2190 2536 2365 2606 ipsum
2398 2535 2486 2604 qui
2514 2544 2946 2605 persuaserat,et
2975 2534 3196 2587 multam
3218 2533 3430 2588 turbam

1879 2649 1895 2678 ι
1944 2628 2008 2682 ad
2039 2628 2131 2684 Dei
2170 2629 2375 2682 cultum
2424 2626 2771 2692 traduxerat,
2803 2626 2996 2680 seditio
3043 2626 3186 2680 facta
3233 2625 3432 2682 fuerat.

1879 2741 1895 2771 ι
1943 2721 2062 2774 Non
2091 2722 2350 2776 sciuerunt
2377 2735 2516 2786 eum,
2569 2719 2766 2788 inquit,
2798 2718 3062 2786 discipuli.
3099 2716 3240 2786 Quin
3270 2717 3432 2772 etiam

1879 2834 1896 2865 ι
1943 2813 2190 2868 nonnulli
2212 2829 2277 2868 ex
2306 2811 2586 2866 Asiarchis
2632 2811 2724 2882 qui
2766 2811 2814 2865 ei
2861 2817 3016 2864 erant
3049 2811 3230 2874 amici,
3269 2811 3432 2865 mise-

1878 2925 1894 2956 ι
1937 2914 2066 2960 runt
2097 2905 2162 2960 ad
2191 2919 2313 2960 eum
2338 2912 2392 2958 et
2421 2911 2734 2965 suaserunt,
2759 2919 2827 2958 ne
2853 2919 2910 2958 se
2932 2903 3144 2959 theatro
3169 2903 3338 2957 daret.
3372 2902 3429 2957 Si

1878 3019 1894 3049 ι
1942 3000 2032 3069 qui
2075 3009 2254 3053 autem
2300 3012 2422 3050 cum
2475 2997 2542 3054 iis
2579 2996 2904 3053 contendere
2935 2996 3293 3065 perrexerint,
3336 2997 3432 3064 qui

1879 3110 1897 3143 ι
1944 3091 2181 3144 animum
2215 3091 2488 3146 sincerum
2520 3091 2569 3144 ei
2613 3089 2891 3152 adhibent.
2919 3089 3159 3158 quidicit
3181 3089 3209 3128 δ
3244 3104 3258 3142 :
3293 3088 3433 3141 Dili-

1881 3201 1897 3232 ι
1941 3192 2118 3252 genter
2154 3199 2300 3237 serva
2324 3184 2554 3236 animant
2596 3192 2761 3244 tuam,
2785 3191 2833 3234 et
2875 3199 2936 3235 ne
2976 3191 3113 3235 retro
3145 3182 3429 3249 aspexeris,

1881 3293 1897 3323 ι
1946 3272 2139 3328 Petrus
2161 3289 2377 3343 quoque
2407 3272 2774 3342 apostolorum
2807 3271 3060 3341 princeps
3092 3272 3174 3327 eis
3205 3272 3259 3325 in
3281 3287 3432 3327 men-

1881 3383 1899 3416 ι
1948 3372 2054 3419 tem
2086 3373 2389 3428 revocatur,
2430 3366 2521 3436 qui
2558 3365 2674 3433 jam
2707 3365 2758 3417 in
2783 3362 3073 3416 custodiam
3121 3372 3237 3418 erat
3304 3376 3428 3414 con-

1882 3473 1898 3505 ι
1937 3455 2131 3524 jectus,
2168 3464 2215 3510 et
2244 3455 2470 3510 traditus
2503 3466 2726 3527 quatuor
2746 3453 3172 3526 quaternionibus
3205 3455 3430 3506 militum

1880 3566 1897 3597 ι
1947 3547 2013 3600 ad
2040 3564 2157 3600 eum
2187 3548 2496 3602 servandum
2527 3557 2591 3617 Cp:
2629 3546 2720 3617 qui
2753 3561 2875 3601 cum
2909 3554 3070 3602 noctu
3104 3545 3350 3616 fugisset,
3380 3555 3436 3604 et

1879 3656 1898 3689 ι
1944 3655 2009 3694 ex
2045 3637 2354 3694 Iudaeorum
2386 3654 2547 3693 manu
2594 3623 2845 3693 servatus
2873 3645 3038 3702 esset,
3065 3636 3224 3707 jussu
3258 3639 3428 3708 angeli

1879 3747 1896 3778 ί
1939 3726 2192 3782 Domini:
2229 3726 2418 3791 Facto,
2457 3714 2651 3798 inquit,
2694 3730 2779 3782 die
2818 3739 2930 3782 erat
2976 3744 3076 3780 non
3120 3742 3308 3797 parvus
3352 3736 3435 3779 tu-

1880 3838 1897 3869 ι
1947 3820 2143 3872 multus
2175 3820 2310 3873 inter
2336 3821 2548 3886 milites,
2586 3821 2834 3891 quidnam
2865 3819 3063 3889 factum
3088 3830 3217 3878 esset
3253 3819 3428 3879 Petro.

1879 3928 1897 3960 ι
1947 3909 2178 3964 Herodes
2212 3919 2386 3963 autem
2408 3897 2523 3964 cum
2556 3927 2670 3963 eum
2705 3909 3051 3978 quwsivisset,
3080 3917 3128 3963 et
3165 3925 3266 3962 non
3299 3909 3433 3962 inve-

1879 4021 1896 4053 ι
1936 3994 2748 4073 ηἱδεει,ίηιεννοθαιοετιιδῑοάεε
2764 4001 2930 4070 jussit
2956 4001 3209 4068 suffocari
3231 3997 3283 4062 δ,
3314 4013 3436 4068 pro-

1879 4114 1895 4144 ‹
1943 4103 2061 4167 pter
2083 4110 2221 4164 quos
2253 4096 2398 4148 nulla
2424 4094 2584 4164 culpa
2619 4094 2672 4147 in
2703 4093 2919 4147 Petrum
2946 4089 3223 4146 confertur
3257 4109 3270 4144 :
3304 4091 3433 4144 licc-

1879 4208 1894 4238 (
1944 4189 2033 4242 bat
2061 4189 2207 4258 enim
2238 4189 2316 4256 eis
2341 4188 2432 4242 illo
2470 4187 2587 4240 viso
2625 4186 2768 4256 quod
2800 4183 3002 4240 factum
3038 4183 3212 4243 fuerat
3241 4183 3433 4252 effuge-

1879 4299 1896 4330 ι
1944 4295 2040 4344 re;
2073 4281 2214 4335 sicut
2243 4289 2296 4335 et
2329 4294 2517 4334 omnes
2558 4278 2794 4332 infantes
2823 4277 2914 4348 qui
2945 4286 3101 4331 erant
3130 4277 3182 4330 in
3221 4274 3433 4329 Bethle-

1880 4392 1896 4421 ι
1945 4373 2066 4426 hem
2093 4384 2116 4410 θ
2143 4373 2277 4427 etin
2324 4372 2578 4427 omnibus
2629 4369 2748 4438 ejus
2789 4367 3006 4432 ﬁnibus,
3045 4368 3091 4423 si
3146 4368 3432 4422 scivisscut

228 4476 248 4506 ι
292 4458 456 4512 πάντα
488 4460 559 4514 τὰ
595 4461 780 4514 παιδία
812 4463 877 4515 τὰ
918 4464 974 4514 ὲν
1013 4462 1258 4534 Βηθλεὲμ
1291 4465 1381 4516 καὶ
1412 4465 1469 4517 ὲν
1499 4467 1630 4518 πᾶσι
1665 4469 1772 4529 τοῖς

1882 4483 1899 4513 ‹
1946 4477 2133 4517 eorum
2166 4471 2420 4532 parentes
2465 4461 2606 4532 quod
2638 4468 2754 4515 erat
2807 4457 3046 4513 futurum
3083 4477 3096 4512 :
3134 4457 3225 4526 qui
3258 4472 3286 4508 a
3317 4471 3434 4509 cru-

230 4567 247 4600 ι
288 4551 446 4620 ὁρίοις
489 4553 695 4624 αὐτῆς,
745 4556 792 4607 εί
830 4555 1156 4622 ὲγνώκεισαν
1192 4556 1241 4606 οἱ
1281 4559 1455 4624 γονεῖς
1502 4557 1676 4610 αὐτῶν
1712 4559 1772 4610 τὸ

226 4658 246 4688 ι
292 4641 470 4711 μέλλον
504 4643 722 4698 ἔσεσθαι
741 4663 754 4676 ·
789 4646 929 4719 ἅπερ
954 4646 1291 4718 ἀνῃρέθησαν
1318 4648 1421 4700 ὐπὸ
1438 4647 1529 4720 τοῦ
1555 4649 1772 4717 μιαιφό-

229 4748 246 4778 ‹
290 4747 374 4783 νου
397 4733 632 4806 Ἡρώδου
650 4734 737 4788 διὰ
751 4735 812 4787 τὸ
826 4736 914 4787 ὐπ’
931 4735 1092 4788 αὐτοῦ
1126 4734 1452 4805 ζητούμενον
1477 4736 1768 4790 ἀπολέσθαι

227 4839 247 4870 ι
291 4823 346 4876 ἓν
373 4826 598 4887 παιδίον,
625 4828 762 4897 ὅπερ
790 4827 880 4879 καὶ
911 4828 1041 4881 αὐτὸ
1062 4829 1178 4880 κατ’
1205 4829 1420 4900 ἐντολὴν
1449 4827 1676 4896 ἀγγέλου
1699 4830 1767 4861 ⁵⁸⁵
1821 4852 1826 4855 ·

1881 4571 1900 4604 ι
1948 4553 2053 4606 deli
2076 4551 2346 4605 homicida
2379 4549 2588 4606 Herode
2611 4549 2809 4606 sublati
2833 4557 2979 4614 sunt,
3009 4555 3066 4602 ιιι
3084 4560 3223 4600 unus
3249 4546 3340 4614 qui
3366 4543 3434 4597 ab

1882 4663 1898 4694 ι
1950 4659 2014 4698 eo
2045 4643 2389 4713 quairebatur
2433 4642 2612 4697 infans
2662 4642 2883 4713 periret,
2911 4640 3082 4710 quiet
3120 4639 3236 4710 ipse
3272 4637 3430 4708 jussu

1882 4755 1900 4786 ι
1946 4735 2120 4806 angeli
2150 4735 2240 4791 Dei
2277 4735 2480 4807 ell'ugit,
2512 4734 2602 4804 qui
2633 4733 3008 4803 celeriterjam
3041 4737 3281 4802 coeperat
3307 4743 3431 4798 spo-

1883 4846 1901 4878 ι
1949 4827 2019 4880 lia
2078 4829 2348 4897 accipere,
2378 4836 2432 4883 et
2476 4827 2674 4882 acriter
2722 4841 3076 4898 praepascere,
3133 4820 3428 4879 secundum

293 4973 313 5000 ι
343 4963 456 5017 Act.
493 4979 608 5026 xu,
643 4964 828 5016 26-50.
906 4961 1078 5017 bGen.
1109 4979 1217 5027 xix,
1256 4963 1341 5016 i7.
1421 4976 1440 5002 ε
1475 4965 1706 5028 Αεωίιι,
1740 4964 1772 5017 ιι

1879 4962 2047 5016 libid.
2085 4963 2169 5022 18.
2205 4964 2291 5018 19.
2367 4976 2387 5002 ο
2423 4963 2615 5021 Matth.
2649 4980 2709 5027 tt,
2738 4964 2987 5020 15-16,

1476 5079 1708 5135 VARIJE
1738 5078 2137 5136 LECTIONES.

293 5197 334 5228 ⁸³
361 5199 516 5251 πάλιν
564 5197 690 5251 add.
767 5195 835 5227 δ”
869 5197 1075 5251 ιιαύλου
1104 5199 1162 5251 οὐ

226 5281 330 5320 om.
406 5269 491 5299 “"
528 5266 850 5339 περιϐλέψῃ.
915 5266 1308 5340 ⁵⁷τετραδύοις.

297 5381 396 5450 (ll)
424 5382 798 5453 Προσέχουσι
822 5382 902 5447 τῷ
922 5383 1176 5452 λέγοντι.
1196 5382 1273 5438 Id.
1293 5383 1414 5453 cod.
1442 5398 1566 5445 ms.,
1603 5400 1769 5453 προσ-

231 5451 424 5522 έχουσι.
449 5452 548 5522 ίτῷ
592 5453 798 5520 λέγοντι
852 5451 1250 5521 πεισθήτωσανο
1299 5452 1512 5517 Σώζων,
1549 5469 1605 5505 κ.
1636 5451 1686 5506 τ.
1718 5453 1766 5506 λ.

233 5471 424 5520 εχουσι.
470 5471 548 5522 τῳ
593 5471 798 5520 Αεγοντι
852 5471 1250 5521 πεισυητωσανο
1299 5471 1512 5517 ιιωςων,
1549 5471 1605 5505 κ.
1636 5471 1686 5506 τ.
1719 5471 1766 5506 Α.

233 5471 401 5575 [{ecte.
438 5521 528 5574 Sic
561 5523 704 5576 enim
735 5524 1018 5592 legendum
1050 5523 1242 5578 suadet
1270 5537 1394 5576 mox
1431 5523 1770 5592 subsequens

234 5591 729 5664 ὑπομνησθὴτωσαν.
763 5591 898 5664 Huic
937 5594 1180 5664 geminus
1231 5592 1381 5648 locus
1421 5603 1598 5647 exstat
1633 5595 1772 5646 infra

236 5665 324 5712 sul)
349 5662 498 5714 linem
534 5663 762 5716 canonis
786 5663 872 5716 H.

303 5731 401 5798 (ιὲ)
434 5732 535 5786 Kal
569 5733 698 5799 περὶ
738 5732 860 5787 τοῦ.
917 5731 1074 5789 Deest
1127 5732 1433 5804 praepositio
1489 5733 1543 5787 in
1584 5733 1771 5789 eodem

1195 5198 1345 5281 βουλ.
1528 5199 1803 5281 γινομένη.
1834 5199 1920 5281 ﬂ“
1946 5199 2201 5281 auinadd.

2281 5201 2325 5231 ⁸⁵
2361 5199 2541 5254 αὐτοῦ.
2621 5198 2666 5228 ⁸⁸
2695 5197 2770 5266 τῷ
2807 5194 3016 5262 λέγοντι
3043 5210 3149 5247 om.
3240 5195 3308 5229 55‘
3339 5192 3434 5246 καί

1391 5269 1434 5298 ⁵⁸
1456 5267 1780 5339 γενόμενον(
1832 5267 1897 5300 ⁸³·
1934 5270 2160 5338 ἀγγέλου
2193 5272 2359 5324 deest.

1876 5397 1976 5456 ms.
2014 5383 2704 5456 Ubipauloipostlegitur,
2737 5384 2829 5456 καὶ
2857 5380 3433 5456 ρυᾲσῦέντος-ὲκῃχειρὸς

1875 5453 1965 5524 τοῦ
1977 5521 1997 5524 _
2012 5449 2274 5520 φονώδους
2292 5449 2662 5524 γἮρὼδουκαὶ
2681 5449 2972 5524 πάσηςτής
2991 5449 3314 5524 προσδοκίας
3337 5449 3431 5505 τοῦ

1874 5521 2001 5574 λαοῦ
2023 5525 2131 5645 τίῶν
2175 5520 2457 5585 Ἰουδαίων,
2487 5524 2604 5574 κατ’
2631 5520 2829 5584 ὲψῑςολη⁷
2864 5520 2943 5574 ιη’
2965 5520 3192 5574 habetur
3222 5520 3275 5573 in
3307 5526 3427 5576 Act.

1875 5608 1974 5645 xu.
2011 5595 2030 5644 l
2080 5630 2095 5644 .

1875 5608 1974 5645 XII.
2011 5608 2095 5645 ‘Ii.

1946 5631 2052 5734 (Ἰῦ)
2096 5662 2514 5734 Ἀπαγχθῆνω.
2568 5662 2644 5715 ιιι.
2682 5679 2805 5726 nis,
2855 5665 3182 5716 ἀποκτεῖναι.
3227 5661 3434 5723 Textus

1875 5732 1988 5790 Act.
2030 5732 2123 5802 an,
2165 5732 2259 5801 l9,
2285 5732 2612 5802 ἀπαχθῆναι.
