3980 6318
505 277 609 334 505
1118 280 1143 303 ⁸
1531 282 1587 336 S.
1626 278 1827 335 PETRI
1867 276 2077 333 ALEXA

2144 274 2329 330 DBlNl
2367 272 2671 337 EPISCOPI
2990 320 2997 331 ,
3609 269 3715 324 ξοδ

508 413 531 449 ι
577 394 989 466 appellationem
1022 396 1278 461 nominis,
1308 395 1758 467 quemadmodum
1787 395 2048 465 scriptum

2156 410 2174 443 ι
2216 392 2416 463 Κυρίου
2456 382 2710 461 ἐξέφυγεν
2744 387 2877 463 (Η),
2908 389 3006 460 ἤδη
3056 387 3351 459 ἀρξάμενον
3398 385 3708 457 ταχέωςΨῗ

511 505 531 539 ι
575 495 657 542 est
685 499 712 529 ι
749 506 763 541 :
800 484 940 541 Voca
974 502 1156 539 nomen
1184 487 1321 556 ejus,
1342 488 1576 542 celeriter
1596 486 1784 555 spolia,
1820 485 2057 541 velociter

2163 503 2182 534 ι
2229 482 2503 537 σκυλεύειν
2539 484 2631 539 καὶ
2669 481 2832 547 ὀξέως
2865 478 3214 553 προνομεύειν
3238 519 3253 542 ,
3279 478 3422 545 κατὰ
3457 479 3557 547 τὴν
3594 478 3717 531 ἐπί-

511 598 528 626 ι
576 577 909 647 depopulare,
937 593 996 630 eo
1017 576 1153 646 quod
1178 579 1482 648 priusquam
1505 578 1678 647 infans
1706 577 1843 630 sciat
1875 591 2057 631 vocare

2163 592 2180 623 ι
2228 572 2417 644 κλησιν
2444 572 2536 624 τοῦ
2570 572 2848 643 ὀνόματος,
2874 568 3052 632 καθὼς
3081 568 3414 639 γέγραπται’
3437 565 3718 620 Κάλεσον

511 687 528 718 ι
574 677 775 736 patrem
820 677 867 720 et
900 677 1140 731 matrem,
1166 670 1332 738 capiet
1361 677 1669 738 potestatem
1720 667 1966 723 Damasci
2006 679 2055 721 et

2164 682 2182 712 ι
2216 662 2294 743 ,τὸ
2341 662 2526 731 ὄνομα
2569 661 2787 724 αὑτοῦ,
2830 657 3055 729 ταχέως
3108 658 3485 721 σκύλευσον,
3533 655 3716 721 ὀξέως

449 774 461 786 τ
511 777 529 809 ι
575 756 745 827 spolia
805 755 1087 821 Samariw,
1126 775 1304 812 coram
1352 776 1465 830 rege
1506 758 1865 828 Assyriorum.
1918 757 2021 827 Ma;

2162 776 2181 807 ι
2227 756 2656 824 προνόμευσον,
2670 754 2815 808 διότι
2829 754 2971 823 πρὶν
2986 752 3145 821 ῆ⁸⁸·⁶’
3164 750 3377 822 «γνῶναι
3393 750 3456 803 τὸ
3479 748 3721 802 παιδίον

511 868 530 900 ι
577 864 706 919 ergo
734 857 791 902 ut
832 846 942 920 jam
984 849 1198 918 spoliati
1251 856 1304 904 et
1349 849 1767 918 praedationibus
1815 846 2057 902 iniestati

2164 866 2183 899 ι
2227 846 2434 901 καλεῖν
2460 844 2679 913 πατέρα
2705 844 2741 913 ἣ
2771 844 3017 913 μητέρα,
3047 841 3304 911 λήψεται
3329 842 3584 908 δύναμιν
3607 841 3719 891 Δασ-

512 959 529 988 ι
576 938 838 996 infantem
882 939 1159 995 humiliter
1195 948 1248 995 et
1290 941 1606 1010 suppliciter
1654 940 1906 1004 adorant,
1948 940 2060 995 the-

2163 959 2181 991 ι
2216 939 2480 1009 μασκοῦ,
2504 939 2601 992 καὶ
2634 939 2705 993 τὰ
2734 937 2934 992 σκῦλα
2958 936 3286 1007 Σαμαρείας
3314 935 3515 993 ἔναντι
3538 933 3721 996 ,ϐασι-

511 1050 527 1077 ι
577 1043 770 1084 sauros
799 1044 929 1084 suos
969 1030 1297 1101 aperientes,
1327 1039 1382 1086 et
1414 1032 1462 1087 ei
1503 1031 1791 1088 offerentes
1825 1032 2057 1086 maxime

2162 1049 2182 1082 ι
2226 1030 2375 1096 λέως
2423 1030 2760 1097 Ἀσσυρίων.
2795 1031 2857 1082 Οἱ
2887 1028 3015 1097 γοῦν
3046 1029 3229 1099 μάγοι,
3260 1026 3336 1090 ὡς
3360 1023 3463 1096 ἤδη
3494 1022 3723 1077 σκυλευ-

510 1141 528 1172 ι
576 1130 878 1192 opportuna
908 1131 962 1179 et
992 1124 1276 1193 magniﬁca
1305 1124 1468 1185 dona,
1506 1140 1697 1179 aurum
1733 1131 1787 1179 et
1827 1124 1955 1179 thus
2005 1132 2058 1179 et

2165 1143 2184 1175 ‹
2229 1123 2408 1187 θέντες
2441 1123 2533 1177 καὶ
2558 1120 3032 1194 προνομευθέντες,
3051 1116 3498 1189 ύποτεταγμένως
3525 1117 3623 1169 καὶ
3649 1132 3726 1168 τι-

512 1234 529 1264 ι
580 1213 852 1285 myrrham
873 1214 923 1275 ιι,
956 1221 1015 1268 ιιι
1046 1214 1156 1284 regi
1200 1224 1250 1270 et
1296 1213 1403 1270 Deo
1437 1223 1491 1270 et
1522 1216 1724 1271 homini
1760 1215 1945 1271 :unde
1991 1215 2058 1269 ad

2164 1236 2182 1269 ι
2232 1215 2475 1287 μητικῶς
2526 1212 2885 1285 προσκυνοῦσι
2943 1212 3022 1283 τῷ
3066 1211 3261 1281 παιδίῳ
3285 1211 3352 1274 ⁵³,
3415 1208 3724 1277 ἀνοίγοντες

515 1325 530 1356 ι
574 1320 753 1376 regem
791 1304 1073 1375 Assyrium
1108 1320 1214 1359 non
1259 1306 1494 1375 amplius
1526 1305 1721 1361 reverti
1751 1307 2055 1367 voluerunt.

2165 1328 2184 1359 ι
2225 1309 2350 1370 τοὺς
2371 1307 2672 1377 θησαυροὺς
2704 1305 2880 1360 αὐτῶν
2903 1306 2995 1359 καὶ
3016 1303 3410 1377 προσφέροντες
3431 1299 3578 1371 αὐτῷ
3599 1318 3724 1353 και-

514 1413 532 1436 ι
582 1410 611 1448 a
636 1393 976 1452 Providentia
1006 1395 1178 1452 vetiti.
1216 1395 1474 1451 Diviuitus
1499 1398 1644 1453 enim
1678 1398 1955 1463 admoniti,
1981 1401 2063 1454 in-

2167 1418 2186 1449 ι
2235 1398 2463 1470 ριώτατα
2488 1399 2580 1452 καὶ
2613 1398 3036 1468 πρεπωδέστατα
3056 1398 3098 1428 ⁶⁰
3123 1395 3293 1468 δῶρα,
3317 1393 3512 1465 χρυσὸν
3535 1393 3631 1447 καί
3652 1392 3728 1444 λίς

515 1504 531 1536 ι
579 1484 718 1554 quit,
748 1485 801 1538 in
822 1488 1022 1540 somnio
1061 1504 1123 1542 ne
1159 1496 1532 1543 reverterentur
1551 1488 1620 1543 ad
1661 1488 1938 1553 Herodem,
1972 1507 2063 1559 per

2167 1509 2187 1542 ι
2232 1491 2388 1545 δανον
2419 1492 2512 1544 καὶ⁵
2545 1490 2787 1562 σμύρναν
2810 1532 2825 1555 ,
2866 1490 2942 1553 ὡς
2977 1489 3183 1561 βασιλεῖ
3211 1486 3306 1541 καὶ
3349 1485 3466 1557 Θεῷ
3508 1486 3602 1540 καὶ
3640 1486 3731 1539 ἁν-

515 1595 531 1626 i
580 1576 744 1631 aliam
765 1578 901 1633 viam
926 1581 1145 1651 regressi
1172 1592 1294 1636 sunt
1333 1583 1387 1636 in
1424 1583 1680 1653 regionem
1713 1600 1883 1638 suam.
1911 1582 2064 1640 Unde

2167 1602 2187 1635 ‹
2232 1582 2464 1656 θρώπῳ⁸
2495 1582 2615 1636 ὅθεν
2642 1583 2825 1635 οὐκέτι
2873 1581 3005 1653 πρὸς
3053 1580 3143 1633 τὸν
3198 1578 3470 1650 Ἀσσύριον
3504 1577 3730 1648 βασιλέα

516 1684 535 1717 ι
581 1684 702 1723 eum
735 1670 959 1727 vidisset
988 1673 1435 1742 sanguinolentus
1472 1671 1711 1728 Herodes
1747 1689 1804 1728 se
1834 1688 1864 1727 a
1893 1676 2063 1746 magis

2171 1695 2189 1727 ι
2235 1673 2539 1745 ἠξιώθησαν
2588 1674 2957 1744 ὑποστρέψαι,
3004 1671 3420 1745 συνεργούμενοι
3469 1667 3577 1723 ὑπὸ
3629 1670 3732 1740 τῆς

516 1778 535 1812 ι
583 1758 820 1827 illusum,
849 1763 1004 1819 valde
1034 1762 1134 1818 fuit
1156 1773 1480 1821 commotus.
1508 1764 1577 1817 Et
1611 1767 1841 1829 mittens,
1865 1767 2061 1837 inquit,

2170 1786 2189 1819 ‹
2233 1766 2516 1839 Προνοίας’
2542 1766 3050 1836 Χρημοτισθέντες
3070 1764 3178 1837 γὰρ
3194 1806 3209 1831 ,
3236 1764 3368 1834 φησὶ
3385 1804 3400 1827 ,
3429 1763 3554 1815 κατ’
3581 1760 3732 1828 ὄναρ

518 1873 545 1935 ο¹
578 1852 836 1923 interfecit
862 1870 1039 1909 omnes
1069 1854 1299 1924 infantes
1329 1856 1418 1927 qui
1437 1867 1585 1909 erant
1610 1858 1664 1910 in
1697 1856 1994 1913 Bethteltem
2016 1866 2065 1913 et

2173 1878 2191 1911 ι
2230 1859 2317 1929 μὴ
2356 1858 2702 1928 ἀνακάμψαι
2750 1859 2899 1928 πρὸς
2931 1856 3205 1927 Ἡρώδην,
3247 1856 3319 1909 δι’
3350 1853 3546 1922 ἄλλης
3582 1851 3731 1909 ὀδοῦ

517 1961 534 1991 ι
585 1942 640 1997 in
687 1945 829 1997 omni
869 1944 980 2015 ejus
1026 1946 1275 2015 conﬁnio,
1317 1963 1348 1999 a
1384 1944 1581 2001 bimatu
1617 1956 1666 2001 et
1719 1948 1886 2018 infra,
1918 1948 2066 2009 iuxta

2173 1970 2192 2002 ‹
2237 1951 2627 2022 ἀνεχώρησαν
2644 1954 2731 2018 είς
2756 1950 2867 2019 τὴν
2905 1950 3102 2019 χώραν
3128 1946 3343 2002 αὐτῶν.
3365 1945 3527 1999 Ὅθεν
3540 1946 3582 1976 ⁶¹
3608 1942 3732 1997 ίδὺν

518 2054 535 2086 ι
584 2043 782 2104 tempus
824 2035 960 2106 quod
992 2053 1023 2089 a
1053 2033 1224 2105 Magis
1259 2033 1534 2107 diligenter
1562 2037 1824 2091 didicerat
1855 2048 1902 2092 ε.
1929 2039 2065 2093 Cum

2176 2061 2195 2093 ι
2240 2046 2268 2097 ὁ
2300 2044 2589 2117 αἰμοὸόρος
2624 2042 2862 2115 Ἡρώδης
2895 2043 2978 2096 ὅτι
3010 2040 3306 2111 ἐνεπαίχθη
3346 2036 3450 2093 ὑπὸ
3482 2035 3593 2090 τῶν
3625 2034 3736 2107 μά·-

518 2145 535 2177 ι
583 2127 801 2197 quibus,
836 2133 889 2181 et
913 2128 1075 2181 alium
1108 2127 1258 2197 prius
1298 2135 1482 2183 natum
1514 2128 1799 2192 infantem,
1836 2145 1960 2184 cum
1992 2131 2071 2184 in-

2173 2152 2191 2184 ‹
2240 2151 2385 2203 γων,
2435 2132 2690 2205 ἐθυμώθη
2731 2133 2873 2190 λίαν.
2932 2134 3040 2187 Καὶ
3088 2131 3491 2196 ἀποστείλας.
3534 2126 3735 2199 φησιν,

521 2237 539 2267 ‹
585 2217 910 2273 terfecturus
927 2219 1261 2288 quaesivisset
1291 2225 1346 2273 et
1376 2233 1484 2272 non
1521 2218 1839 2287 invenisset,
1860 2228 2066 2290 patrem

2174 2242 2192 2273 ι
2238 2223 2439 2277 ἀνεῖλε
2466 2222 2694 2289 πάντας
2720 2221 2862 2288 τοὺς
2900 2220 3116 2287 παῖδας
3149 2219 3292 2285 τοὺς
3322 2212 3735 2283 ἑνΒηθλεὲμ,

521 2326 540 2358 ι
582 2309 701 2377 ejus
728 2304 1047 2364 Zachariam
1078 2308 1351 2364 interiecit
1382 2308 1522 2364 inter
1550 2309 1810 2380 templum
1853 2318 1907 2367 et
1935 2311 2070 2365 alta—

2173 2332 2191 2364 ι
2238 2314 2333 2367 καὶ
2362 2314 2431 2367 ἐν
2453 2312 2600 2368 πᾶσι
2629 2313 2753 2380 τοῖς
2771 2314 2954 2382 ὁρίοις
2979 2310 3191 2379 αὐτῆς,
3225 2308 3341 2365 ἀπὸ
3366 2304 3601 2372 διετοῦς
3634 2302 3736 2357 zeal

522 2417 539 2448 ‹
585 2415 663 2466 re,
695 2413 819 2453 cum
848 2397 1125 2466 eﬂ‘ugisset
1172 2396 1311 2451 illius
1368 2412 1489 2451 cum
1545 2407 1716 2452 matre
1768 2395 2065 2454 Elisabeth.

2179 2424 2197 2455 ι
2245 2405 2564 2473 κατωτέρω,
2592 2405 2741 2460 κατὰ
2764 2404 2869 2457 τὸν
2901 2404 3120 2474 χρόνον
3151 2401 3224 2455 ὃν
3256 2399 3548 2468 ἠκρίϐωσε
3573 2393 3739 2463 παρὰ

518 2508 537 2539 ε
588 2487 739 2546 Unde
775 2504 871 2543 nec
907 2489 1016 2542 ullo
1046 2488 1207 2542 modo
1238 2488 1727 2558 reprehenduntur.
1775 2508 1795 2542 ι

2183 2514 2202 2547 ι
2246 2495 2363 2549 τῶν
2399 2496 2634 2566 Μάγων.
2690 2496 2822 2552 Μεθ’
2858 2492 2931 2549 ὧν
2965 2496 3057 2549 καὶ
3090 2494 3149 2547 τὸ
3196 2492 3302 2564 πρὸ
3334 2489 3497 2544 αὐτοῦ
3538 2504 3740 2558 γεννη-

521 2604 539 2635 ι
584 2584 673 2637 θὲν
716 2585 902 2656 ἕτερον
946 2584 1153 2637 παιδίον
1199 2585 1432 2655 ζητήσας
1465 2585 1800 2651 ἀποκτεῖναι,
1842 2588 1936 2640 καὶ
1982 2587 2055 2661 μὴ
2093 2590 2302 2662 εὑρὼν,
2361 2593 2451 2645 τὸν
2509 2592 2719 2663 πατέρα
2745 2592 2907 2646 αὑτοῦ
2934 2588 3206 2661 Ζαχαρίαν
3245 2585 3498 2655 ἐφόνευσε
3533 2581 3741 2654 μεταξὺ

521 2697 538 2729 ι
584 2677 676 2732 τοῦ
705 2679 830 2734 ναοῦ
871 2680 963 2733 καὶ
1003 2677 1095 2732 τοῦ
1129 2679 1505 2751 θυσιαστηρίου
1527 2720 1542 2746 ,
1570 2680 1896 2750 ἐκφυγόντος
1924 2683 2016 2737 τοῦ
2069 2686 2253 2753 παιδὸς
2284 2688 2351 2719 ⁸¹⁹
2376 2689 2510 2759 μετὰ
2542 2688 2641 2759 τῆς
2668 2686 2870 2759 μητρὸς
2909 2682 3185 2739 Ἐλισὰϐετ
3204 2698 3216 2711 ·
3253 2680 3343 2748 ἀφ’
3374 2671 3449 2732 ὧν
3483 2676 3743 2748 οὐδεμίαν

523 2792 540 2821 ι
587 2772 787 2843 μέμψιν
819 2773 1030 2844 ἔχουσιν
1047 2774 1090 2804 ⁸⁸
1124 2774 1256 2845 (15).
1298 2792 1317 2826 ι

587 2868 744 2924 Βλιε.
773 2864 831 2923 Si
863 2869 952 2939 qui
988 2876 1188 2933 autem,
1229 2869 1422 2940 inquit,
1482 2869 1688 2925 relictis
1720 2868 1836 2924 suis
1901 2867 2072 2923 facul-

2248 2873 2440 2929 ΒΑΛΣ.
2481 2873 2544 2926 Ei
2587 2870 2644 2925 δέ
2691 2888 2861 2934 τινες,
2903 2869 3073 2939 φησὶ,
3115 2866 3401 2920 κατέλιπον
3444 2863 3543 2928 τὰς
3584 2879 3754 2935 περι-

517 2961 721 3015 tatibus
748 2968 1109 3025 secesserunt,
1146 2976 1213 3014 ne
1242 2959 1439 3015 detenti
1465 2961 1518 3014 in
1548 2962 1850 3030 periculum
1874 2976 2074 3015 vocen-

2178 2966 2363 3030 ουσίας
2388 2964 2567 3018 αὐτῶν
2601 2963 2693 3018 καὶ
2726 2960 3223 3035 ἁνεχώρησαν,νὶ’να
3264 2959 3339 3031 μὴ
3376 2956 3745 3029 κατασχεθέν-

520 3064 627 3133 tur,
654 3060 711 3107 ut
740 3053 831 3124 qui
866 3052 1002 3108 forte
1027 3069 1133 3107 non
1157 3051 1451 3123 possintad
1477 3056 1636 3108 linem
1675 3069 1848 3123 usque
1866 3054 1919 3107 in
1945 3069 2078 3108 con-

2179 3074 2271 3122 τες
2296 3056 2710 3110 κινδυνεύσωσιν
2729 3095 2743 3119 ,
2777 3055 2907 3117 ἴσως
2940 3053 3015 3127 μὴ
3057 3052 3341 3122 δυνάμενοι
3370 3050 3529 3121 μέχρι
3556 3049 3748 3113 τέλους

520 3130 757 3200 fossione
788 3146 1096 3214 persistere,
1129 3156 1346 3215 propter
1373 3152 1635 3200 tortorum
1659 3146 1939 3210 saevitiam,
1970 3160 2078 3200 non

2179 3150 2434 3220 ἐμμεῖναι
2486 3150 2553 3219 τῇ
2598 3145 2856 3219 ὁμολογίᾳ
2897 3145 2984 3199 διὰ
3012 3144 3109 3215 τὴν
3135 3144 3243 3197 τῶν
3275 3142 3608 3207 κολαζόντων
3637 3142 3750 3194 ἀπ-

519 3236 900 3307 culpabuntur,
934 3236 1145 3292 etiamsi
1202 3237 1292 3290 alii
1339 3236 1545 3292 detenti
1597 3244 1723 3292 sunt
1759 3236 2080 3307 prdpterip-

2184 3240 2385 3311 ήνειαν,
2405 3240 2503 3292 οὐκ
2532 3238 2978 3309 ὲγκληθήσονται,
2994 3236 3096 3291 κᾶν
3120 3238 3214 3290 καὶ
3233 3235 3407 3306 ἕτεροι
3422 3233 3756 3304 κατεσχέθη-

520 3345 630 3387 sos.
666 3329 728 3384 Et
756 3331 975 3386 adducit
1002 3331 1054 3385 in
1085 3331 1386 3399 exemplum
1409 3331 1528 3399 ejus
1549 3329 1626 3384 rei
1656 3330 1848 3400 gratia,
1883 3327 2075 3398 Gajnm

2185 3348 2283 3384 σαν
2314 3331 2379 3384 δι’
2408 3330 2619 3395 αὐτούς.
2656 3331 2764 3383 Καὶ
2793 3330 3028 3402 παράγει
3050 3329 3210 3400 χάριν
3240 3326 3428 3383 τούτου
3455 3328 3537 3390 εἰς
3568 3327 3757 3397 παρά-

520 3426 572 3472 et
622 3417 1020 3481 Aristarchum,
1072 3417 1163 3488 qui
1224 3433 1323 3488 pro
1357 3414 1525 3470 Paulo
1562 3417 1765 3472 detenti
1816 3417 2073 3473 fuerunt:

2230 3439 2380 3492 ειγμα
2429 3422 2521 3475 τὸν
2562 3422 2717 3475 Γάϊον
2763 3421 2855 3474 καὶ
2896 3420 2987 3473 τὸν
3035 3420 3421 3492 Ἀρίσταρχον,
3467 3419 3595 3481 τοὺς
3629 3416 3755 3472 ἀντὶ
3794 3424 3802 3429 “

523 3507 723 3561 milites
774 3508 866 3579 qui
923 3508 1140 3564 Petrum
1199 3507 1533 3563 servabant:
1592 3508 1828 3564 infantes
1889 3510 1980 3582 qui
2012 3510 2079 3564 ab

2186 3512 2395 3567 Παύλου
2418 3512 2841 3582 κατασχεθέντας
2860 3528 2875 3542 ’
2899 3512 3022 3575 τοὺς
3052 3509 3383 3580 στρατιώτας
3400 3508 3528 3571 τοὺς
3556 3506 3757 3576 φυλάτ-

524 3597 734 3653 llerode
785 3600 1052 3656 interiecti
1099 3608 1226 3656 sunt
1272 3608 1493 3670 propter
1545 3600 1869 3657 Christum:
1920 3611 1973 3657 et
1996 3618 2082 3656 ve‘

2184 3623 2375 3669 τοντας
2398 3604 2489 3658 τὸν
2513 3605 2717 3678 Πέτρον
2738 3622 2752 3635 υ
2788 3604 2856 3658 τά
2887 3605 3055 3674 νήπια
3090 3604 3157 3656 τά
3189 3600 3338 3673 παρὰ
3365 3598 3464 3653 τοῦ
3506 3596 3754 3670 Ἡρώδου

524 3690 781 3746 nerabilis
845 3693 1130 3763 sanctique
1179 3691 1541 3749 Prmcursoris
1594 3702 1803 3769 patrem
1872 3693 2065 3751 Zacha.

2188 3696 2539 3769 ἀναιρεθέντα
2580 3696 2667 3750 διὰ
2706 3696 2797 3752 τὸν
2847 3695 3112 3767 Χριστόν·
3156 3694 3251 3748 καὶ
3279 3693 3368 3746 τὸν
3418 3690 3602 3761 τιμίου
3657 3691 3755 3745 καὶ

527 3783 685 3837 riam.
2187 3788 2339 3857 ἁγίου
2365 3787 2680 3861 Προδρόμου
2709 3788 2915 3858 πατέρα
2941 3789 3236 3858 Ζαχαρίαν.

598 3872 801 3929 Ζοιιιιιι.
856 3874 1036 3947 Siqui
1088 3886 1289 3945 autem,
1328 3879 1525 3951 inquit,
1570 3896 1699 3937 suas
1747 3880 2085 3951 reliquerunt

2260 3881 2501 3934 ΖΩΝΑΡ.
2542 3881 2604 3934 Εἰ
2629 3879 2685 3933 δέ
2717 3896 2859 3944 τινες
2882 3920 2896 3945 ,
2934 3879 3066 3949 φησὶ
3086 3918 3102 3944 ,
3134 3877 3422 3932 κατέλιπον
3451 3875 3552 3939 τὰς
3595 3892 3754 3948 περι-

472 4030 477 4033 _
528 3968 901 4036 possessiones
949 3983 1014 4023 ac
1048 3979 1413 4038 secesserunt,
1463 3988 1533 4027 ne.
1578 3973 1782 4029 detenti
1819 3972 2044 4043 perielit:

2188 3972 2375 4034 ουσίας
2404 3969 2584 4024 αὐτῶν
2608 3973 2702 4024 καὶ
2729 3969 3097 4043 ἀνεχώρησαν,
3115 3971 3202 4024 ἵνα
3233 3971 3305 4042 μὴ
3326 3967 3757 4039 κατασχεθέντες

532 4069 735 4121 rentur,
762 4062 885 4130 quia
919 4061 1055 4117 forte
1078 4064 1148 4119 ob
1181 4071 1447 4120 tortorum
1480 4065 1739 4120 saevitiam
1793 4066 1846 4119 in
1870 4050 2086 4119 cenios-

2192 4061 2623 4125 κινδυνεύσωσιν,
2660 4062 2789 4125 ἴσως
2822 4061 2895 4133 μὴ
2927 4061 3213 4132 δυνάμενοι
3252 4060 3412 4133 μέχρι
3441 4058 3630 4121 τέλους
3654 4059 3760 4128 έμ-

531 4149 685 4205 sione
740 4151 805 4205 ad
865 4151 1021 4208 tinem
1075 4170 1247 4225 usque
1295 4156 1585 4226 persistere
1650 4156 1792 4211 haud
1851 4158 2082 4227 possint.

2198 4158 2374 4227 μεῖναι
2393 4158 2457 4226 τῇ
2480 4155 2737 4225 ὁμολογίᾳ
2755 4154 2841 4208 διά
2857 4155 2953 4222 τὴν
2979 4154 3086 4207 τών
3113 4152 3443 4217 κολαζόντων
3463 4151 3638 4221 άπὴνε
3647 4167 3756 4211 ta»,

530 4241 744 4296 etiamsi
771 4241 1011 4313 ipsorum
1043 4260 1208 4301 causa
1240 4247 1330 4301 alii
1359 4248 1564 4303 detenti
1617 4264 1680 4303 ac
1713 4248 1890 4319 pmnis
1912 4247 2085 4303 aﬂ‘ecti

2194 4248 2293 4300 οὐκ
2326 4246 2786 4317 ὲγκληθήσονται,
2838 4248 2956 4300 οὐδὲ
2991 4249 3038 4299 εἰ
3074 4245 3143 4299 δι’
3189 4245 3386 4307 αὐτοὺς
3423 4244 3599 4312 ἕτεροι
3632 4259 3762 4296 κατ-

534 4331 752 4395 i'uerint,
780 4335 1000 4391 minime
1022 4349 1147 4394 sunt
1177 4342 1491 4396 accusandi.
1543 4339 1890 4410 Rursumque
1910 4356 2090 4395 exem-

2194 4339 2493 4411 εσχέθησαν
2545 4340 2638 4393 καὶ
2684 4338 3071 4409 ἐκολάσθησαν.
3117 4338 3223 4390 Καὶ
3278 4336 3436 4391 πάλιν
3486 4335 3594 4390 ἀπὸ
3645 4333 3758 4387 τῶν

533 4425 676 4495 plum
727 4442 790 4482 ex
839 4431 1149 4497 apostolicis
1183 4431 1334 4489 Actis
1368 4434 1605 4496 adducit,
1651 4432 1841 4488 dicens
1892 4432 2087 4502 Ephesi

2196 4430 2455 4502 Ιῐράξεων
2497 4430 2691 4499 ἐπάγει
2749 4429 3097 4501 παράδειγμα
3158 4427 3364 4495 λέγων,
3423 4426 3505 4479 ὅτι
3559 4424 3655 4477 καὶ
3700 4425 3761 4476 ὲν

533 4532 747 4587 quoque
769 4496 1062 4589 prorPaulo
1106 4526 1528 4597 comprehensos
1590 4524 1759 4580 fuisse
1802 4496 1993 4594 Gajuin
2037 4530 2090 4577 et

2205 4496 2413 4593 Ἐφέσῳ
2458 4522 2578 4575 ἀντὶ
2616 4496 2710 4575 τοῦ
2756 4496 2965 4575 Παύλου
3001 4496 3423 4590 συνηρπάγησαν
3462 4516 3623 4579 Γάῖος
3665 4516 3764 4570 και

533 4608 946 4679 Aristarchum;
979 4630 1079 4669 nec
1119 4625 1296 4670 tamen
1350 4617 1421 4671 oh
1469 4618 1520 4671 id
1577 4623 1896 4671 accusatum
1944 4612 2089 4667 Pau-

2207 4612 2590 4685 ’Λρίσταρχος’
2626 4613 2740 4668 ἀλλ’
2769 4616 2798 4667 ὁ
2822 4612 3032 4675 Παῦλος
3064 4610 3152 4665 διὰ
3183 4609 3337 4663 τοῦτο
3374 4610 3472 4662 οὐκ
3516 4606 3723 4680 ᾐτιάθη
3742 4622 3758 4637 ·

535 4699 643 4751 lum
672 4717 685 4753 :
720 4715 895 4772 neque
917 4700 1135 4758 Petrum
1171 4707 1240 4761 ab
1260 4707 1450 4777 angelo
1479 4722 1508 4761 e
1530 4706 1779 4762 custodia
1809 4704 2085 4766 eductum,

2192 4702 2315 4756 οὔτε
2344 4705 2372 4757 ὁ
2402 4704 2605 4775 Πέτρος
2640 4703 2744 4757 ὑπὸ
2771 4703 3004 4772 ἀγγέλου
3035 4702 3135 4765 τῆς
3165 4700 3412 4770 φυλακῆς
3439 4697 3726 4770 ἐκϐληθεὶς
3745 4735 3759 4762 ;

532 4804 655 4843 cum
690 4789 736 4846 is
775 4793 990 4862 quidem
1025 4794 1211 4866 ctl‘ngit
1261 4798 1596 4867 periculum;
1645 4798 1738 4866 qui
1787 4811 1915 4851 vero
1938 4795 2086 4849 illum

2198 4794 2282 4847 ὅτε
2314 4796 2519 4857 ἐκεῖνος
2549 4794 2646 4864 μὲν
2676 4793 2858 4867 διέδρα
2897 4795 2985 4848 τὸν
3010 4792 3268 4851 κίνδυνον,
3295 4792 3344 4844 οἱ
3376 4790 3432 4843 δὲ
3462 4790 3770 4858 φυλάσσον-

532 4883 909 4939 custodiebant
939 4887 1155 4952 utilitas,
1190 4890 1260 4943 ob
1281 4890 1428 4943 illum
1448 4889 1713 4959 supplicio
1738 4886 1911 4941 allecti
1938 4894 2085 4942 sunt.

2193 4903 2282 4947 τες
2328 4888 2489 4941 αὑτὸν
2541 4887 2869 4958 στρατιῶται
2901 4886 2966 4939 δι’
2998 4888 3202 4940 ἐκεῖνον
3230 4881 3618 4953 ἐκολάσθησαν.
3650 4882 3765 4933 Καὶ

536 4972 656 5030 lio:
685 4976 830 5031 aliud
856 4994 1069 5049 quoque
1098 4981 1397 5051 exemplum
1430 4996 1496 5035 ex
1521 4977 1811 5049 Evangelio
1849 4979 2087 5044 adhibet,

2196 4978 2304 5030 ἀπὸ
2336 4978 2428 5031 τοῦ
2458 4979 2787 5047 Εὐαγγελίου
2816 4978 3169 5049 ὑποδείγματι
3223 4975 3482 5046 κέχρηται
3516 4975 3627 5037 τοῖς
3657 4971 3764 5025 ὑπὸ

533 5078 720 5125 eorum
750 5068 843 5137 qui
905 5069 973 5123 ab
1028 5069 1236 5125 Herode
1275 5070 1546 5126 interfecti
1604 5078 1733 5124 sunt
1758 5084 2084 5140 puerorum;

2193 5069 2285 5123 τοῦ
2337 5068 2573 5143 Ἡρώδου
2617 5071 2947 5142 ἀναιρεθεῖσι
2999 5071 3173 5124 παισί·
3217 5069 3284 5121 δι’
3315 5068 3371 5134 ἆ,
3420 5065 3613 5138 φησὶν,
3663 5065 3764 5119 οὐκ

609 5211 637 5247 l
662 5197 774 5263 Isa.
812 5220 926 5268 vin,
962 5205 1023 5270 5,
1060 5208 1113 5263 4,
1189 5208 1217 5249 ι)
1241 5205 1434 5264 Matth.
1474 5224 1535 5271 ll,
1562 5206 1738 5261 ll-lS.
1846 5216 1867 5243 ο
1895 5204 2023 5261 ibid.
2049 5206 2137 5261 l6.

1809 5325 2038 5381 VARM‘J
2068 5322 2461 5378 LECTIONES.

540 5503 564 5555 ἒ
595 5436 687 5470 ’δ”
708 5438 893 5507 ὀξέως.
990 5442 1101 5473 ⁵⁸”⁶⁹
1125 5442 1157 5512 ἦ
1183 5459 1291 5497 om.
1349 5443 1393 5474 ⁸⁹
1418 5443 1476 5496 τὸ
1506 5442 1735 5502 παιδίον.
1815 5441 1859 5473 ⁶⁰
1897 5437 2225 5512 καιριώτερα
2249 5440 2343 5494 καὶ
2374 5440 2813 5513 πρεπωδέστερα.
2883 5441 2925 5473 ⁸⁸
2949 5439 3117 5497 ἔνθεν.
3157 5432 3221 5464 ⁶¹⁶
3240 5432 3473 5489 παιδίου.
3538 5433 3583 5464 ⁸³
3607 5427 3764 5504 ἐφ’...

571 5523 712 5555 ενον-

571 5523 712 5579 σχον.

610 5626 734 5700 (ui
765 5627 1103 5700 Ἐξέερυγεν.
1151 5616 1851 5700 Μεπέξέφυγεχμεθίῷν
1888 5623 1982 5678 καὶ
2024 5621 2084 5675 τὸ
2202 5620 2652 5700 sane-“Balsam’on
2684 5629 2735 5674 et
2761 5617 3001 5700 7:onaras
3024 5614 3312 5700 eadegisse
3337 5607 3609 5700 videntur:

542 5685 1125 5769 apiiAab-goﬁffevunosv
1155 5685 1382 5769 παιδίον,
1491 5685 1539 5749 τ.
1574 5685 1648 5769 λζ,
1676 5694 1779 5769 sub
1799 5695 1956 5769 tinctu
1992 5708 2083 5747 ca-
2262 5692 2370 5765 (15)
2419 5693 2532 5769 Ἀφ’
2559 5686 2645 5744 ὧν
2767 5689 3034 5768 ἔχουσιν.
3076 5685 3198 5757 Ms,
3227 5685 3307 5751 ἐφ’
3328 5685 3371 5752 ᾧ
3491 5685 3669 5751 ἑσχον.

542 5762 721 5831 nonis.
755 5762 980 5834 Reliqua
1014 5762 1325 5822 intermedia
1355 5768 1549 5822 desunt
1580 5766 1635 5823 in
1664 5766 1866 5823 codice.
1901 5762 2080 5831 Neque
2352 5762 2359 5765 ⁷
2470 5766 2475 5771 ’
