3980 6318
233 299 333 355 51:5

1452 307 1636 356 hl’lb'l
1653 307 1782 356 ULA
1823 305 2189 359 LANU'NICA.

3339 305 3441 354 δυο

225 414 416 487 ᾐτιάθη
454 418 482 468 ὁ
504 417 705 488 Κύριος
731 435 742 446 ·
763 410 873 472 ’καὶ
902 421 996 490 τῆς
1037 421 1309 475 Ἐλι-σάϐετ
1337 423 1610 491 φυγούσης
1641 420 1766 491 μετό

1879 437 2036 490 quam
2065 423 2134 477 ob
2160 437 2295 486 rem,
2331 421 2525 491 inquit,
2557 420 2699 475 haud
2731 425 3021 474 accusatus
3054 424 3139 473 est
3158 416 3440 474 Dominus.

236 505 505 570 Ἱοκὶννου,
535 508 630 566 καὶ
659 509 1116 580 παραφυλαξάσης
1144 513 1324 576 αὑτὸν,
1353 515 1380 562 ὁ
1409 513 1587 584 πατὴρ
1619 513 1778 566 αὑτοῦ

224 596 499 668 Ζαχαρίας
550 599 810 671 ἀνῃρέθη,
837 600 926 660 τὸν
974 602 1088 654 υἱὸν
1135 603 1554 674 ἀπαιτούμενος,
1592 604 1706 656 ἀλλ’
1753 607 1781 657 ὁ

233 687 485 757 Ἰωάννης
519 689 605 743 διὰ
630 692 784 743 τοῦτο
811 693 911 745 οὐκ
936 693 1148 764 ᾐτιάθη.

821 846 1055 898 ΚΑΝΩΝ
1096 849 1190 898 1Δ’.

288 948 308 980 ι
359 931 423 982 Εἰ
455 931 510 984 δέ
536 951 680 997 τινες
710 933 828 1003 βίαν
852 935 1044 1007 πολλὴν
1075 938 1168 989 καὶ
1190 937 1433 1009 ἀνάγκην
1462 938 1776 1003 πεπόνθασι,

221 1041 240 1072 ι
285 1022 450 1093 χάνον
484 1024 550 1054 ⁸⁸·
596 1025 844 1089 λαϐόντες
875 1029 932 1078 ὲν
963 1027 1040 1097 τῷ
1059 1030 1283 1099 “idP-“7‘
1315 1031 1667 1101 καὶδεσμοὺς’
1686 1033 1780 1084 καὶ

227 1134 244 1164 ι
290 1115 672 1185 ἐπιμείναντες
707 1119 986 1189 καρτερῶς
1017 1123 1081 1191 τῇ
1112 1120 1341 1174 διαθέσει
1386 1123 1482 1192 τῆς
1511 1123 1741 1186 πίστεως
1761 1163 1776 1186 ,

221 1225 241 1255 ι
285 1208 378 1258 καὶ
406 1207 508 1268 τὰς
531 1211 720 1278 χεῖρας
751 1209 927 1262 αὐτῶν
954 1211 1043 1241 δ’δ’
1075 1214 1270 1282 καῆναι
1297 1214 1708 1284 προσαγομὲνας
1736 1215 1778 1245 ⁸³

220 1316 240 1348 ε
283 1299 474 1352 ἀκοντὶ
498 1300 606 1367 (ili)
627 1300 704 1370 τῷ
738 1302 934 1372 ἀνιέρῳ
975 1302 1192 1373 θύματι·
1235 1304 1515 1375 ὠσπεροῦν
1537 1305 1777 1376 ἐγραψάν

219 1411 238 1441 ι
287 1409 377 1463 μοι
391 1394 441 1444 οἱ
460 1393 569 1445 ἀπὸ
585 1393 683 1462 τῆς
707 1394 947 1464 φυλακῆς
961 1398 1345 1467 τρισμακάριοι
1370 1398 1638 1470 μάρτυρες
1653 1400 1777 1470 περὶ

219 1502 238 1532 ‹
285 1484 464 1536 τῶνὲν
480 1484 676 1559 Λιϐύῃ,
699 1487 792 1538 καὶ
812 1485 985 1557 ἕτεροι
1001 1488 1058 1540 δὲ
1092 1488 1509 1562 συλλειτουργοίο
1531 1494 1578 1543 οἱ
1605 1491 1778 1544 τοιοῦ-

217 1594 238 1624 ‹
285 1593 398 1639 τοι,
433 1577 961 1647 συμμαρτυρούντων
987 1581 1169 1642 αὐτοῖς
1212 1580 1256 1612 ⁸⁸
1287 1571 1516 1650 μάλιστα
1553 1582 1646 1635 καὶ
1676 1583 1776 1635 τῶν

665 1670 691 1682 η

220 1687 240 1717 σ
283 1667 458 1722 ἄλλων
488 1669 731 1739 ἀδελφῶν
756 1673 821 1735 ⁸⁵⁸,
845 1671 1094 1726 δύνανται
1126 1671 1263 1727 εἶναι
1293 1677 1350 1727 ἐν
1377 1679 1440 1746 τῇ
1475 1676 1774 1748 λειτουργίᾳ

220 1780 241 1808 ι
282 1760 572 1828 ταχθέντες
603 1764 660 1814 ὲν
701 1766 812 1827 τοῖς
851 1765 1223 1835 ὁμολογηταῖς,
1262 1767 1337 1830 ὡς
1383 1769 1475 1820 καὶ
1519 1770 1565 1821 οἱ
1612 1787 1776 1823 κατα-
1809 1761 1846 1814 Β

218 1875 241 1901 ι
287 1855 650 1924 νεκρωθέντες
674 1859 730 1908 ἐν
750 1861 870 1920 ταῖς
899 1859 1121 1923 πολλαῖς
1152 1859 1422 1930 βασάνοις,
1456 1864 1549 1916 καὶ
1579 1863 1771 1935 μηκέτι

213 1963 240 1991 ς
288 1945 666 2015 ἐξισχύσαντες
710 1947 998 2019 λαλῆσαιῆ
1044 1949 1372 2018 φθέγξασθαι
1411 1951 1442 2022 ἦ
1491 1953 1772 2024 κινηθῆναι

214 2056 240 2085 ε
284 2040 362 2101 είς
392 2038 455 2091 τὸ
493 2041 808 2110 ἀντιστῆναι
858 2044 970 2105 τοῖς
1011 2044 1088 2101 είς
1126 2045 1298 2114 μάτην
1341 2043 1674 2116 βιαζομένοις
1705 2047 1769 2078 ⁸⁸·

215 2148 235 2178 ι
277 2127 400 2182 οὐδὲ
428 2129 536 2201 γάρ
563 2130 955 2198 συγκατέθεντο
977 2135 1042 2203 τῇ
1063 2133 1312 2206 βδελυρίᾳ
1335 2135 1530 2198 αὐτῶν,
1561 2136 1774 2207 ὡσπερ·

215 2240 230 2270 ι
272 2220 369 2274 οὖν
389 2224 538 2292 παρὰ
554 2223 821 2276 συλλειτου
830 2224 972 2294 ργῶν
1007 2227 1166 2278 πάλιν
1189 2227 1394 2297 ἤκουσα
1415 2229 1545 2300 (17).
1560 2229 1772 2302 Ταχθή-

211 2332 228 2360 ι
286 2327 436 2364 σεται
476 2313 532 2364 δὲ
566 2314 624 2366 ὲν
666 2314 732 2345 ⁶⁶⁴
766 2316 1246 2389 τοῖςὸμολογηταῖς
1289 2320 1379 2373 καὶ
1402 2323 1506 2385 πᾶς
1526 2321 1770 2376 ὁστισοῦν

213 2419 230 2448 ι
275 2399 413 2452 κατὰ
442 2400 708 2471 Τιμόθεον
737 2403 1103 2470 πολιτεύεται,
1144 2407 1459 2479 πειθόμενος
1487 2411 1579 2464 καὶ
1609 2412 1770 2476 αὐτὸς

214 2511 229 2540 ι
273 2491 349 2559 τῷ
373 2491 606 2559 λέγοντι⁸
645 2495 822 2548 Δίωκε
863 2496 949 2526 ⁸⁸⁸*
983 2496 1391 2567 δικαιοσύνην,
1437 2502 1765 2568 εὐσέϐειαν,

215 2604 231 2633 ί
278 2586 500 2648 πίστιν,
567 2587 827 2656 ἀγάπην,
887 2591 1224 2660 ὑπομονὴν,
1285 2597 1582 2662 πραότητα
1617 2597 1761 2628 ⁶⁶⁴⁶⁴ο

215 2693 232 2719 ι
275 2675 568 2742 ἀγωνίζου
598 2679 704 2731 τὸν
736 2680 928 2733 καλὸν
968 2682 1166 2750 ἀγῶνα
1197 2684 1306 2752 τῆς
1335 2688 1612 2754 πίστεως’
1643 2692 1768 2743 ἑπι-

213 2784 232 2813 ι
272 2768 458 2822 λαϐοῦ
514 2769 629 2835 τῆς
696 2774 936 2826 αἰωνίου
992 2773 1138 2842 ζωῆς
1193 2779 1280 2843 εἰς
1337 2778 1416 2845 ἦν
1474 2781 1763 2850 ἐκλήθης,

212 2874 230 2905 ι
271 2859 653 2927 ὁμολογήσας
676 2861 812 2893 ⁶⁶⁶⁶¹⁰
838 2863 950 2930 τὴν
970 2867 1168 2934 καλὴν
1183 2872 1767 2948 ομολογίανένώστιον

211 2969 228 2998 ι
267 2951 847 3019 πολλῶνμαρτύρων.
898 2975 917 3006 ι

272 3043 465 3096 ΒΑΛΣ.
495 3045 634 3107 Τοὺς
660 3046 765 3098 ἀπὸ
798 3047 916 3116 βίας
944 3053 1268 3121 τυραννικῆς
1289 3055 1544 3120 δόξαντας
1571 3063 1760 3127 φαγεῖν

207 3134 368 3202 κρέας
399 3135 461 3186 ἐκ
500 3134 608 3186 τῶν
641 3136 1040 3205 εἰδωλοθύτων,
1088 3143 1119 3214 ἢ
1167 3148 1309 3197 πιεῖν
1359 3143 1498 3200 οῐνον
1544 3151 1607 3202 ἐκ
1653 3151 1759 3204 τῶν

219 3224 537 3296 Ἑλληνικῶν
566 3229 802 3282 σπονδῶν
860 3231 1040 3304 (τυχὸν
1066 3235 1172 3308 γὰρ
1203 3240 1340 3293 κατὰ
1370 3243 1472 3312 γῆς
1499 3245 1547 3295 οἱ
1572 3262 1762 3317 τυραν-

206 3316 412 3408 mins;
458 3318 674 3390 θέμενοι
715 3322 962 3389 τούτους,
1010 3329 1102 3380 καὶ
1136 3331 1348 3399 χάνους,
1387 3335 1502 3402 ῆτοι
1549 3316 1760 3408 σιδήρια

207 3407 449 3476 βαλόντες
483 3413 566 3474 εἰς
606 3412 672 3466 τά
709 3415 948 3484 στόματα
979 3419 1185 3484 αὐτῶν,
1237 3421 1376 3476 ὥστε
1407 3426 1578 3480 διόλου
1621 3407 1757 3484 εἶναι

203 3503 514 3572 ἠνεῳγμὲνα
535 3544 548 3567 ,
579 3505 799 3574 ἐπέχεον
831 3509 908 3571 εἰς
938 3510 1029 3562 τὸν
1065 3513 1317 3584 φάρυγγα
1363 3517 1566 3572 τούτων
1596 3517 1754 3587 οἶνον,

204 3594 284 3646 καὶ
315 3595 455 3666 κρέα
488 3596 851 3668 ὲπὲρῤιπτον,
896 3601 927 3672 ῆ
965 3603 1054 3655 καὶ
1097 3607 1214 3667 ταῖς
1245 3608 1428 3677 χερσὶν
1461 3611 1639 3666 αὐτῶν
1666 3614 1760 3665 άν-

201 3682 422 3751 θρακιάς
451 3688 587 3756 μετὰ
619 3687 912 3744 λιϐανωτοῦ
954 3693 1203 3763 θέμενοι,
1243 3701 1645 3770 παρεσκεύαζον
1671 3706 1757 3777 δῆ-

201 3772 279 3826 θεν
302 3775 455 3828 θύειν
481 3779 736 3848 αὐτοὺς),
775 3782 1066 3855 κληρικοῦς
1119 3789 1214 3857 μὲν
1252 3783 1442 3856 ὄντας,
1483 3792 1620 3849 εἶναι
1662 3800 1753 3851 καὶ

200 3863 355 3917 πάλιν
385 3868 440 3919 ἐν
471 3867 548 3938 τῷ
583 3871 770 3941 οἰκείῳ
817 3872 1006 3944 βαθμῷ
1037 3879 1064 3928 ὁ
1105 3877 1282 3932 κανὼν
1318 3880 1643 3952 διορίζεται,
1679 3887 1754 3950 ὡς

196 3955 557 4024 τεταγμένους
591 3960 731 4028 μετὰ
758 3961 864 4014 τῶν
900 3964 1258 4037 ὁμολογητῶν·
1285 3968 1504 4035 λαῐκοὺς
1548 3975 1623 4041 δὲ,
1669 3976 1753 4030 λο-

193 4044 434 4109 γίζεσθαι
468 4049 543 4112 ὡς
576 4051 887 4124 μάρτυρας,
928 4055 1015 4109 διὰ
1059 4057 1119 4112 τὸ
1151 4060 1222 4131 μὴ
1259 4063 1394 4117 κατὰ
1438 4068 1750 4139 προαίρεσιν

190 4135 400 4187 οἰκείαν
432 4139 655 4209 ποιῆσαι
681 4142 852 4196 ταῦτα
879 4145 1118 4210 τούτους,
1158 4150 1288 4221 μηδὲ
1320 4135 1749 4222 συγκαταθέσθαι

193 4227 314 4287 ὅλως
348 4233 413 4302 τῇ
450 4232 646 4303 πράξει
669 4252 682 4263 °
714 4235 899 4308 ὥσπερ
929 4242 1038 4302 τοῖς
1065 4243 1421 4315 ὁμολογηταῖς
1452 4254 1748 4325 συνταχθή-

196 4334 362 4374 σονται
402 4324 499 4375 καὶ
535 4326 584 4376 οἱ
611 4328 675 4395 τῇ
699 4328 805 4380 τῶν
837 4328 1084 4397 βασάνων
1108 4336 1316 4409 ἀνάγκη
1345 4324 1746 4412 παραλυθέντες

180 4412 271 4464 τὸν
299 4416 452 4469 tam
475 4417 570 4469 τοῦ
605 4419 872 4490 σώματος,
896 4426 986 4478 καὶ
1019 4429 1090 4498 μὴ
1117 4428 1397 4501 δυνάμενοι
1432 4437 1742 4508 ἀντιστῆναι
1776 4437 1819 4492 D

192 4509 292 4569 τοῖς
316 4508 600 4578 ἐκχέουσιν
631 4513 710 4574 εἰς
746 4512 811 4565 τά
845 4517 1084 4586 στόματα
1124 4521 1300 4575 αὐτῶν
1332 4521 1469 4578 οἶνον
1507 4528 1612 4581 ἀπὸ
1638 4529 1746 4582 τῶν

194 4597 443 4652 σπονδῶν.
484 4598 641 4668 Ἑξῆς
673 4599 727 4652 δὲ
767 4603 893 4672 περὶ
921 4606 1028 4658 τῶν
1064 4607 1384 4667 διανυόντων
1407 4615 1467 4667 τὸ
1503 4619 1601 4690 τῆς
1633 4638 1746 4675 συνο

191 4683 441 4786 ειδήσεως
478 4689 779 4786 μαρτύριον
818 4692 1004 4762 λέγει,
1044 4699 1326 4766 κάκείνους
1357 4709 1466 4770 τοῖς
1492 4683 1748 4786 ὁμολογη-

188 4779 297 4838 τειίς
326 4781 551 4850 συναριθ
561 4785 669 4851 μεῖ.

251 4868 489 4968 ΖῼῘἿΑΡ.
555 4875 619 4925 Οἱ
668 4877 794 4968 τους
845 4879 1027 4946 ἁγίους
1071 4883 1384 4954 κολάζοντες
1438 4893 1736 4968 μάρτυρας,

190 4959 317 5024 μετὰ
351 4963 620 5029 βασάνους
656 4967 854 5033 πολλὰς
883 4972 972 5024 ἐπί
1006 4992 1182 5040 τινων,
1223 4979 1312 5051 βίᾳ
1331 4986 1442 5047 τοῖς
1481 4959 1738 5060 στόμασιν

251 5083 273 5110 ⁸
303 5072 330 5125 I
375 5075 509 5130 Tim.
544 5080 856 5144 vt,il,12.

1882 499 2125 583 Cumque
2161 511 2387 582 fugisset
2414 510 2687 566 Elisabeth
2717 525 2839 564 cum
2869 507 3096 572 Joanne,
3154 507 3447 577 ipsumque

1883 613 2172 668 servasset,
2208 601 2527 658 interfectus
2565 611 2649 657 est
2679 600 2992 663 Zacharias,
3036 614 3064 652 a
3086 615 3196 669 quo
3225 598 3433 668 efﬂagi-

1883 694 2097 747 labatur
2136 707 2304 761 puer,
2352 707 2529 762 neque
2572 691 2626 746 id
2678 689 2874 744 Joanui
2939 688 3155 743 crimini
3201 697 3286 744 est
3341 689 3443 743 da-

1881 793 2015 841 tum.

2460 873 2688 932 CANON
2726 873 2864 929 XIV.

1954 984 1974 1017 ι
2011 967 2063 1021 Si
2095 968 2184 1037 qui
2214 976 2390 1023 autem
2420 969 2526 1021 vim
2559 969 2780 1021 multam
2812 973 2864 1021 et
2889 966 3263 1022 necessitatem
3291 966 3436 1035 passi

1889 1079 1907 1110 ι
1940 1068 2086 1121 sunt,
2117 1061 2316 1130 quique
2344 1071 2396 1114 et
2428 1061 2481 1114 in
2512 1077 2606 1116 ore
2637 1061 2840 1115 ferrum
2881 1069 2935 1115 et
2974 1059 3187 1113 vincula
3217 1074 3438 1129 accepe-

1889 1171 1908 1203 ‹
1950 1160 2096 1215 runt,
2133 1160 2186 1208 et
2209 1165 2427 1224 propter
2480 1155 2675 1208 bonam
2737 1153 2858 1208 ﬁdei
2915 1153 3274 1216 affectionem,
3307 1166 3438 1207 suas

1887 1265 1905 1297 ι
1945 1262 2162 1316 quoque
2217 1263 2411 1303 manus
2444 1249 2524 1302 uri
2564 1248 2776 1304 fortiter
2809 1249 3169 1318 pertulerunt,
3215 1247 3280 1302 ad
3309 1261 3437 1316 pro-

1885 1357 1903 1390 ι
1941 1338 2125 1392 fanum
2163 1339 2496 1394 sacriﬁcium
2527 1341 2608 1394 eis
2639 1341 2822 1395 invitis
2849 1339 3130 1395 adductas.
3161 1337 3434 1405 Quemad—

1884 1448 1902 1480 ι
1931 1429 2148 1483 modum
2211 1431 2376 1501 igitur
2409 1431 2539 1486 mihi
2580 1433 2918 1503 scripserunt
2947 1447 3011 1487 ex
3037 1431 3283 1488 custodia
3306 1431 3434 1487 bea-

1883 1540 1901 1572 (
1949 1521 2145 1577 tissimi
2183 1531 2447 1594 martyres
2473 1523 2539 1578 de
2562 1523 2630 1579 iis
2661 1525 2752 1594 qui
2793 1532 2920 1579 sunt
2951 1524 3006 1578 in
3035 1522 3223 1595 Libya,
3263 1528 3317 1576 et
3345 1523 3432 1576 alii

1884 1631 1902 1664 ι
1942 1614 2178 1667 etiamin
2204 1615 2375 1670 sacris
2405 1615 2794 1683 comministri;
2821 1616 2856 1670 ii
2899 1615 3059 1671 simul
3094 1614 3434 1670 testificanti-

1883 1724 1900 1756 ι
1935 1705 2034 1761 bus
2070 1707 2293 1776 reliquis
2344 1722 2560 1777 quoque
2609 1707 2889 1773 fratribus,
2943 1715 3172 1779 possunt
3236 1707 3430 1763 essein

1882 1824 1899 1857 ι
1942 1819 2099 1859 sacro
2142 1806 2443 1861 ministerio
2483 1807 2626 1861 inter
2674 1805 3017 1861 confessorcs
3064 1805 3333 1868 collocati,
3375 1812 3435 1858 ut

1879 1916 1896 1948 ι
1927 1907 1979 1952 et
2004 1897 2172 1966 quiin
2204 1898 2390 1952 multis
2439 1898 2730 1953 tormentis
2761 1897 3033 1952 fortiﬁcati
3066 1896 3286 1961 fuerint,
3323 1912 3431 1950 non

1879 2007 1896 2038 ‹
1930 1990 2163 2060 amplius
2195 1990 2488 2058 potuerint,
2518 1990 2601 2043 vel
2643 1989 2809 2058 loqui,
2841 1989 2922 2043 vel
2952 1989 3150 2052 dicere,
3181 1988 3264 2042 vel
3315 2003 3433 2041 mo-

1877 2099 1896 2132 ι
1941 2081 2072 2145 veri,
2120 2087 2177 2135 ut
2205 2082 2521 2136 resisterent
2573 2082 2639 2136 iis
2692 2082 2779 2152 qui
2814 2082 2918 2136 vim
2976 2080 3178 2136 frustra
3242 2079 3432 2136 adcre-

1879 2189 1898 2220 ι
1936 2171 2087 2226 bant.
2121 2169 2305 2240 Neque
2328 2173 2468 2224 enim
2485 2185 2670 2224 eorum
2693 2171 3022 2241 improbitati
3047 2170 3256 2226 assensi
3280 2177 3428 2225 sunt.

1876 2280 1895 2315 ι
1931 2260 2396 2329 Quemadmodum
2424 2277 2552 2332 ergo
2605 2277 2634 2315 a
2675 2262 3068 2318 comministris
3111 2278 3304 2318 rursus
3333 2279 3432 2317 au-

1875 2371 1895 2404 ‹
1927 2354 2057 2418 divi,
2091 2353 2596 2408 annumerabuntur
2631 2354 2770 2408 inter
2802 2353 3145 2411 confessores
3171 2372 3184 2420 ;
3215 2361 3270 2410 et
3306 2354 3431 2426 qui-

1876 2465 1895 2496 ι
1929 2463 2141 2518 cunque
2195 2449 2492 2504 secundum
2557 2447 2899 2502 Timotheum
2946 2449 3112 2502 vitam
3169 2449 3426 2516 instituit,

1875 2558 1892 2590 ι
1929 2557 2124 2610 parens
2148 2541 2196 2596 ei
2250 2557 2466 2612 quoque
2493 2541 2585 2612 qui
2638 2540 2772 2596 dicit
2805 2555 2828 2582 ε
2857 2561 2869 2596 ι
2909 2539 3222 2612 Persequere
3244 2527 3430 2611 'justi-

1874 2654 1892 2685 ι
1926 2636 2074 2699 tiam,
2107 2635 2373 2702 pietatem,
2415 2635 2593 2704 ﬁdem,
2657 2635 3005 2701 dilectionem,
3069 2635 3426 2701 tolerantiam,

1873 2744 1891 2776 ι
1917 2725 2179 2780 lenitatem
2229 2743 2247 2779 :
2299 2737 2439 2780 certa
2466 2726 2742 2795 pulchrum
2771 2737 3027 2781 certamen
3061 2726 3184 2796 ﬁdei
3205 2743 3222 2781 :
3246 2742 3430 2796 appre-

1872 2835 1890 2866 ι
1931 2818 2090 2871 hende
2120 2822 2277 2872 vitam
2327 2819 2580 2873 ccclestem
2612 2821 2665 2872 in
2693 2836 2850 2889 quam
2875 2829 3085 2873 vocatus
3107 2837 3160 2874 es
3183 2836 3203 2884 ,'
3232 2829 3279 2874 et
3306 2837 3429 2874 con-

1873 2930 1891 2960 ‹
1919 2909 2086 2978 fessus
2116 2928 2292 2966 coram
2320 2912 2497 2964 multis
2525 2911 2738 2966 testibus
2768 2913 3161 2982 confessionem.
3203 2934 3222 2965 ι
3317 2897 3322 2902 ”

1788 3096 1834 3159 C
1936 3093 2095 3148 ΒΑιε.
2129 3092 2236 3148 Eos
2266 3093 2355 3162 qui
2384 3092 2430 3146 vi
2455 3093 2734 3164 tyrannica
2766 3092 2866 3146 visi
2897 3098 3024 3146 sunt
3053 3107 3117 3146 ex
3167 3091 3427 3164 idolothy-

1864 3185 1933 3240 tis
1963 3200 2158 3240 carncs
2221 3183 2523 3246 comedere,
2593 3183 2675 3237 vel
2705 3198 2770 3236 ex
2824 3181 3025 3236 Graecis
3073 3181 3425 3238 libationibus

1859 3276 2046 3330 vinum
2082 3275 2266 3330 bibere
2291 3274 2451 3345 (forte
2480 3274 2622 3328 enim
2653 3274 2718 3328 iis
2768 3273 2822 3326 in
2873 3281 3071 3327 terram
3103 3270 3350 3342 dejectis,
3373 3281 3426 3328 et

1860 3367 2122 3422 ineorum
2162 3381 2256 3419 ora
2294 3365 2468 3420 hamis
2529 3381 2624 3419 seu
2679 3362 3024 3418 ferramentis
3076 3362 3315 3433 injectis,
3364 3373 3424 3419 ut

1859 3471 2074 3526 semper
2102 3463 2288 3526 aperta
2331 3463 2533 3520 essent,
2591 3455 2806 3525 tyranni
2845 3455 2896 3507 in
2929 3469 3115 3508 eorum
3140 3452 3324 3511 fauces
3345 3458 3424 3512 vi-

1858 3565 1988 3603 num
2028 3548 2408 3612 infundebant,
2442 3555 2496 3601 et
2541 3563 2733 3603 carnes
2780 3547 3118 3616 injiciebant,
3153 3548 3233 3602 vel
3258 3549 3419 3603 etiam

1857 3642 1911 3696 in
1936 3657 2123 3696 eorum
2154 3641 2404 3694 manibus
2435 3639 2763 3693 carbonibus
2793 3654 2915 3693 cum
2950 3639 3108 3694 thure
3152 3639 3422 3710 impositis

1857 3734 2163 3788 sacriﬁcare
2194 3732 2479 3802 cogebant)
2515 3752 2527 3786 :
2562 3733 2609 3786 si
2643 3738 2827 3786 essent
2865 3730 3081 3800 quidem
3126 3731 3331 3797 clerici,
3365 3733 3417 3786 in

1855 3842 1955 3881 suo
1983 3841 2198 3896 quoque
2231 3841 2422 3879 rursus
2453 3824 2622 3895 gradu
2668 3840 2790 3879 esse
2841 3824 3084 3880 decernit
3137 3839 3336 3889 canon,
3363 3831 3421 3878 ut

1852 3917 1943 3988 qui
1969 3917 2218 3972 collocati
2247 3918 2356 3971 sint
2404 3931 2526 3970 cum
2556 3914 2988 3971 confessoribus.
3044 3913 3192 3968 Laici
3239 3923 3417 3969 autem

1852 4017 2173 4080 reputentur
2209 4015 2268 4062 ut
2301 4016 2588 4079 martyres,
2624 4007 2767 4078 quod
2798 4007 2833 4060 ii
2870 4006 2982 4060 haec
3013 4020 3110 4060 sua
3141 4007 3420 4061 voluntate

1853 4118 1960 4158 non
2025 4101 2274 4164 fecerint,
2313 4116 2414 4154 nec
2461 4101 2662 4156 actioni
2717 4099 2940 4153 omnino
2976 4098 3184 4153 assensi
3235 4098 3348 4153 sint
3401 4119 3414 4154 :

1851 4193 2303 4266 quemadmodum
2345 4193 2484 4246 inter
2526 4190 2869 4247 confessorcs
2926 4205 3144 4260 quoque
3163 4175 3419 4268 numei‘a-

1849 4289 2070 4355 buntur,
2101 4286 2191 4356 qui
2226 4292 2445 4355 propter
2481 4291 2870 4338 tormentorum
2895 4283 3271 4338 necessitatem
3299 4280 3421 4337 dis-

1849 4381 2025 4436 soluta
2056 4377 2301 4448 corporis
2332 4377 2605 4440 ﬁrmitate,
2636 4391 2743 4429 non
2771 4376 3010 4430 valentes
3042 4374 3108 4430 iis
3134 4374 3412 4437 resistere.

1849 4473 1940 4542 qui
1975 4473 2028 4525 in
2075 4487 2168 4525 ora
2193 4486 2378 4525 eorum
2431 4468 2614 4522 vinum
2666 4484 2730 4522 ex
2767 4465 3126 4522 "libaminibus
3168 4467 3412 4524 effunde-

1854 4567 2004 4620 bant.
2039 4562 2303 4632 Deinceps
2333 4569 2515 4615 autem
2570 4559 2634 4614 de
2672 4560 2738 4613 iis
2765 4559 2854 4629 qui
2885 4559 3230 4614 conscientiae
3266 4574 3416 4615 mar-

1854 4656 2052 4728 tyrium
2081 4663 2368 4724 peragunt,
2420 4653 2574 4716 dicit,
2605 4658 2658 4707 et
2705 4652 2826 4706 illos
2855 4667 2977 4706 cum
3005 4651 3413 4709 confessoribus

1845 4757 2218 4803 connuntcrat.

1915 4905 2119 4959 Zomn.
2155 4903 2256 4968 Qui
2285 4909 2504 4958 sanctos
2561 4908 2826 4971 martyres
2882 4901 3160 4971 suppliciis
3193 4903 3412 4958 divexa-

1843 4999 1994 5061 bant,
2030 5004 2153 5067 post
2192 5004 2458 5051 tormenta
2480 4994 2648 5050 multa
2671 4995 2945 5050 nonnullis
2993 5011 3086 5065 per
3121 4995 3228 5050 vim
3262 4995 3411 5048 adhi—

1435 5183 1667 5242 VARUE
1706 5191 2112 5253 LECTIONES.

187 5259 561 5361 ,r_fjg‘:lrfl‘-‘°V;‘.
1120 5273 1658 5361 tifrloffleﬂ-téwgyfu
1705 5285 1748 5316 “
1771 5289 1951 5352 αὐτοῖς
1976 5307 2084 5344 om.
2153 5293 2195 5324 ⁸⁵⁸
2222 5293 2315 5346 καὶ
2340 5293 2446 5345 τῶν
2468 5291 2706 5361 ἀδελφῶν
2725 5293 2835 5347 τῶν
2863 5292 3078 5350 λοιπῶν.
3163 5296 3207 5326 ⁸⁸
3225 5295 3381 5349 ἐκσια

183 5335 438 5398 ςομένοις.
491 5335 561 5366 ⁶⁶⁶
593 5337 1056 5408 ταχθήσονταιὲν.
1127 5335 1463 5402 ⁸⁶“ὀᾱ‹].’δέ.
1552 5352 1662 5381 ⁶⁶¹¹⁶

193 5510 206 5525 0
245 5443 376 5529 (16).
396 5446 504 5529 Τῆς
532 5450 789 5529 πίσζεως
923 5455 1152 5529 ἀξιοντὶ.
1184 5456 1309 5522 Ms.,
1336 5460 1438 5529 τῆς
1477 5463 1728 5528 πίστεως,

180 5516 388 5602 ,ἒςλώ
445 5519 540 5602 τὲς
601 5524 784 5602 χεῖρᾳς
842 5525 1034 5602 907d)!-
1075 5516 1306 5599 καῆναι,
1343 5516 1733 5602 προσαγόμενοι

179 5581 781 5668 ἇκργξεςΣ-Ειιπιὸτξ-εν
810 5596 873 5663 τῇ
903 5595 1096 5668 Λιϐύῃ.

250 5654 362 5734 (17)
403 5660 559 5734 [lapis
591 5654 1076 5734 συλλειτᾶυργῶιῗ
1097 5667 1352 5734 ἥκουσα.
1379 5689 1430 5724 κ.
1459 5690 1506 5725 τ.
1532 5671 1581 5725 λ.
1612 5674 1732 5732 Μςη

188 5725 328 5794 παρὰ
388 5725 803 5802 συλλειτουργῶν
853 5725 1011 5787 πάλιν
1043 5725 1266 5806 ἥκουσα,
1318 5725 1739 5814 τάχθήσεταίιῃέ)

1838 5474 1952 5553 τοῖς
1975 5473 2470 5553 ὁμολογηταῐςηκαὶ
2503 5478 2637 5553 frag,
2665 5497 2717 5532 κ.
2747 5496 2798 5531 τ.
2823 5479 2871 5531 λ.
2907 5478 3070 5550 (Bene
3097 5479 3404 5553 ms.,_r:ap‘z

1841 5543 2265 5620 συλλειτουργῶν
2295 5546 2455 5599 πάλιν
2499 5548 2726 5620 ἥκουσα,
2748 5543 2944 5620 quippe
2970 5551 3095 5620 quia
3118 5548 3278 5620 paulo
3294 5543 3403 5620 su-

1843 5613 2024 5681 perius
2044 5613 2244 5692 digerit
2274 5625 2497 5692 sanctus
2521 5613 2707 5687 Pater,
2736 5613 3162 5692 ἔγρᾶᾠάκίμοι...
3198 5617 3401 5672 συλλει-

1842 5683 2074 5754 τουργοί.
2110 5686 2288 5756 Enn.)
