3980 6318
582 339 687 398 50⁵1

1603 333 1661 390 S.
1701 333 1907 390 PETRI
1938 334 2401 391 ALEXANDRINI
2444 328 2742 389 EPISCOPl
3635 344 3717 401 508

577 456 714 522 bita,
748 456 805 511 in
835 469 932 511 ora
946 453 1163 510 illorum
1190 452 1376 507 vinum
1408 449 1765 506 infundebant
1781 466 1847 506 ex
1868 450 2143 506 libarioni-

2264 451 2421 503 ιύτὼν
2451 449 2661 520 ἐνέχεον
2693 445 2832 501 οἶνον
2859 449 2922 499 ὲκ
2964 447 3071 501 τῶν
3102 448 3328 506 σωνὸὦν
3346 492 3359 517 ,
3390 453 3421 525 ἢ
3452 455 3532 507 καὶ
3560 457 3613 511 ὲκ
3637 462 3720 515 τῶν

581 548 708 615 bus,
743 548 827 604 vel
861 546 1029 602 etiam
1044 559 1110 600 ex
1135 544 1279 599 idolo
1299 542 1550 599 mactatis
1573 541 1832 598 carnibus
1868 542 2142 613 quidpiam

583 638 802 693 illorum
842 634 923 689 ori
959 634 1295 700 inserebant,
1336 648 1401 688 ac
1429 633 1588 687 thura
1617 631 1860 702 ipsorum
1894 632 2146 688 manibus

584 719 913 799 inﬁcientes,
962 726 1113 796 Ipsos
1168 726 1235 781 ad
1283 741 1431 779 aram
1476 724 1784 789 trahebant,
1811 732 1865 780 et
1918 740 2016 795 per
2039 726 2144 779 vim

583 818 994 890 comprehensis
1016 818 1230 873 illdrum
1252 817 1524 880 manibus,
1551 825 1643 870 aut
1669 817 1825 871 thura
1842 832 1948 872 arae
1967 833 2148 888 supcr-

584 911 919 976 fundebant;
951 915 1046 964 aut
1102 908 1268 965 etiam
1300 909 1567 964 carbones
1615 922 1740 963 cum
1787 909 1947 964 thure
1978 910 2148 980 impo-

586 1002 787 1059 nebant
834 1002 1075 1072 ipsorum
1138 998 1427 1063 manibus,
1468 1005 1526 1052 ut
1576 999 1788 1054 ardoris
1843 999 2146 1053 cruciatum

584 1094 811 1152 minime
848 1093 1104 1160 ferentes,
1134 1093 1263 1149 thus
1282 1108 1409 1148 eum
1431 1093 1762 1149 carbonibus
1795 1094 1851 1148 in
1882 1109 2032 1148 aram
2065 1095 2149 1151 ef-

587 1186 909 1254 funderent;
966 1186 1034 1241 ab
1080 1185 1285 1242 eisdem
1324 1200 1519 1255 nempe
1556 1185 1960 1242 detinebantur.
1989 1184 2150 1257 Ejus-

588 1280 736 1337 modi
779 1281 834 1334 ln
869 1293 1030 1334 sacro
1069 1277 1373 1333 ministerio
1427 1277 1641 1333 censeri
1694 1292 1854 1348 posse
1898 1275 2148 1344 aﬂirmat,

588 1371 674 1427 vel
699 1370 883 1441 potius
932 1367 989 1422 in
1019 1365 1397 1423 confessorum
1426 1365 1618 1421 ordine
1662 1366 1937 1422 collocari.
1965 1364 2151 1437 Neque

589 1462 733 1517 enim
763 1474 861 1516 sua
877 1466 1069 1529 sponte
1096 1458 1178 1515 vel
1201 1457 1558 1529 degustabant
1582 1458 1887 1526 libationes,
1910 1459 1994 1514 vel
2025 1459 2152 1516 thus

592 1554 939 1623 imponebant
993 1566 1123 1615 arm,
1180 1549 1276 1606 sed
1327 1551 1379 1605 vi
1428 1551 1625 1612 coacti,
1673 1550 1886 1605 ratione
1929 1550 2149 1607 illorum

592 1644 793 1699 actioni
825 1642 1048 1697 minime
1092 1643 1464 1697 consentiente
1518 1659 1531 1697 :
1592 1640 2046 1712 quemadmodum
2100 1650 2155 1698 et

590 1735 794 1805 quibus
822 1740 1219 1789 tormentorum
1243 1733 1570 1788 necessitate
1590 1733 1861 1789 resolutus
1884 1732 2059 1788 fuerat
2073 1735 2153 1789 vi-

2245 541 2602 596 εἰδωλοθύτων
2662 540 2837 613 κρεῶν
2898 539 3145 593 ὲνέϐαλον
3173 542 3257 605 εἰς’
3275 542 3330 596 τὸ
3372 546 3524 616 στόμα
3560 550 3721 617 αὐτῶν,

2247 636 2337 689 καὶ
2370 636 2488 697 ταῖς
2519 633 2704 705 χερσὶν
2737 630 2916 685 αὐτῶν
2940 631 3261 696 ἐπιτιθέντες
3286 631 3567 704 λιϐανωτὸν,
3584 634 3726 695 εἷλκον

2247 727 2439 790 αὐτοὺς
2470 725 2562 778 ἐπὶ
2596 724 2686 778 τὸν
2718 723 2897 794 βωμὸν
2921 762 2935 785 ,
2970 724 3063 776 καὶ
3104 724 3199 785 τὰς
3239 726 3409 795 χεῖρας
3436 728 3590 782 αὐτῶν
3626 750 3727 803 κρα.

2246 817 2462 881 τούντες
2494 816 2608 887 βίᾳ,
2633 816 2723 868 τὸν
2757 814 3052 868 λιϐανωτὸν
3080 815 3292 885 ἐπέχεον
3318 817 3392 887 τῷ
3419 817 3583 890 βωμῷ,
3605 822 3633 892 ἢ
3655 827 3729 877 καί

2248 907 2522 979 ἄνθρακας
2582 904 2719 975 μετὰ
2763 903 3057 958 λιϐανωτοῦ
3115 908 3232 968 ταῖς
3290 906 3543 977 παλάμαις
3589 911 3729 966 αὐτῶν

2249 1000 2528 1055 ἑπετίθουν
2550 1042 2564 1064 ,
2608 1000 2694 1052 ἵνα
2736 997 2809 1069 μὴ
2842 998 3096 1069 φέροντες
3134 996 3230 1067 τὴν
3263 997 3439 1069 ὀδύνην
3466 1000 3551 1071 τὴν
3575 1005 3630 1054 ὲκ
3656 1003 3731 1074 τῆς

2250 1092 2494 1155 καύσεως
2516 1091 2770 1161 ὲπιχέωσι
2802 1089 2885 1142 τὸν
2917 1088 3208 1142 λιϐανωτὸν
3233 1090 3323 1143 σὺν
3346 1093 3447 1153 τοῖς
3470 1091 3659 1164 ἄνθραξι
3674 1096 3733 1164 τῷ

2253 1183 2447 1255 βωμῴο
2484 1183 2794 1253 κατείχοντο
2828 1182 2935 1253 γὰρ
2970 1183 3097 1253 παρ’
3126 1180 3315 1235 αὐτῶν.
3350 1182 3477 1246 Τοὺς
3514 1185 3735 1251 τοιούτους

2251 1276 2382 1347 φησὶ
2433 1274 2690 1329 δύνασθαι
2732 1270 2870 1330 εἶναι
2905 1277 2961 1328 ὲν
2984 1275 3050 1343 τῇ
3073 1271 3389 1345 λειτουργίᾳ,
3414 1272 3445 1344 ἦ
3470 1275 3640 1343 μᾶλλον
3666 1278 3738 1331 καὶ

2252 1370 2310 1421 ὲν
2363 1369 2475 1431 τοῖς
2514 1367 2874 1438 ὀμολογηταίς
2914 1366 3189 1436 τετάχθαι’
3237 1368 3296 1420 ού
3326 1366 3426 1438 γὰρ
3453 1368 3609 1438 οἰκείᾳ
3635 1385 3740 1439 προ-

2253 1458 2460 1531 αιρέσει
2500 1459 2531 1529 ἢ
2559 1458 2665 1511 τῶν
2695 1457 2934 1512 σπονδῶν
2962 1458 3249 1527 ἐγεύσαντο
3267 1499 3281 1522 ,
3325 1460 3356 1529 ἢ
3395 1458 3478 1514 τὸν
3504 1459 3741 1514 λιϐανωτὸν

2253 1547 2513 1603 ἐπέϐαλον
2540 1546 2617 1617 τῷ
2650 1547 2837 1619 βωμῷ,
2864 1546 2978 1602 ἀλλ’
3008 1549 3041 1619 ἦ
3075 1547 3183 1620 βίᾳ,
3228 1547 3318 1601 τοῦ
3342 1548 3576 1618 λογισμοῦ
3603 1549 3743 1604 αὐτῶν

2252 1644 2317 1712 τῇ
2362 1640 2555 1713 πράξει
2602 1640 2675 1712 μὴ
2720 1640 3265 1711 συγκατατιθεμένου.
3301 1641 3497 1711 ’Ὠσπερ
3526 1641 3608 1693 καὶ
3629 1641 3742 1711 οίτῇ

2253 1734 2361 1786 τῶν
2406 1732 2653 1802 βασάνων
2691 1732 2902 1803 ἀνάγκη
2950 1731 3347 1804 παραλυθέντες
3389 1731 3472 1785 τὸν
3516 1731 3644 1784 τόνον
3673 1732 3744 1784 τοῦ

592 1840 691 1898 ger
732 1825 997 1897 corporis,
1024 1833 1084 1880 ut
1119 1838 1219 1884 nec
1242 1825 1446 1880 moveri
1474 1838 1574 1879 nec
1615 1825 1758 1895 loqui
1786 1834 2028 1895 possent,
2051 1841 2152 1882 nec

2264 1798 2536 1895 σώματος,
2580 1824 2656 1887 ὡς
2699 1798 2834 1893 μήτε
2865 1798 3151 1894 κινηθῆναι
3174 1821 3441 1885 δύνασθαι,
3476 1822 3596 1892 μήτε
3621 1819 3747 1891 φθέγο

596 1916 779 1970 vinum
811 1915 1134 1970 lihationum
1160 1915 1216 1968 in
1238 1928 1332 1967 ora
1366 1913 1609 1984 ipsorum
1635 1929 1732 1985 per
1762 1914 1869 1970 vim
1903 1914 2154 1985 injicien-

592 2007 741 2063 tibus
768 2007 1056 2070 obsistere,
1086 2007 1125 2061 ii
1164 2022 1379 2076 quoque
1413 2008 1589 2061 locum
1620 2006 1762 2061 inter
1809 2004 2154 2062 conlessores

591 2097 937 2155 obtinebunt.
972 2097 1202 2154 Disserit
1222 2106 1400 2153 autem
1426 2112 1549 2151 mox
1570 2095 1637 2152 de
1667 2097 1734 2152 iis
1757 2098 1849 2167 qui
1870 2098 2157 2153 conscien-

593 2188 684 2244 tia:
706 2189 1024 2260 martyrium
1049 2196 1333 2259 peragunt,
1387 2203 1450 2241 ac
1471 2203 1565 2243 eos
1590 2203 1804 2258 quoque
1840 2188 1894 2242 in
1941 2187 2156 2244 confes-

595 2294 780 2335 sorum
813 2295 1041 2336 numero
1073 2280 1235 2335 locat.

1182 2369 1411 2426 CANON
1446 2369 1561 2425 XV.

670 2482 689 2516 ι
720 2462 841 2519 Νοη
883 2463 1241 2534 reprehendet
1292 2478 1392 2520 nos
1443 2462 1711 2534 quispiam
1740 2502 1755 2525 ,
1810 2470 2057 2535 quartam
2106 2473 2158 2519 et

599 2574 620 2607 ι
664 2564 873 2611 sextam
902 2555 1091 2609 feriam
1121 2554 1498 2619 observantes,
1530 2556 1585 2610 in
1614 2554 1814 2625 quibus
1840 2555 1999 2610 nobis
2024 2556 2159 2626 jeju-

599 2666 621 2701 ι
661 2662 794 2703 nare
838 2646 1138 2703 secundum
1169 2646 1515 2702 traditionem
1572 2661 1696 2701 cum
1726 2647 1936 2702 ratione
1959 2662 2158 2717 praece-

601 2758 621 2791 σ
656 2746 807 2809 ptum
863 2745 966 2794 est.
1021 2737 1279 2805 Quartam
1330 2737 1569 2809 quidem.
1603 2747 1824 2810 propter
1887 2739 2080 2794 initum
2129 2756 2158 2793 a

601 2852 623 2884 c
657 2830 862 2887 Judaais
894 2832 1188 2887 consilium
1215 2831 1282 2888 de
1320 2832 1629 2904 proditione
1655 2833 1869 2889 Domini
1905 2852 1918 2889 :
1947 2842 2156 2889 sextam

604 2942 623 2976 ι
664 2931 868 2990 autem,
901 2924 1045 2995 quod
1065 2924 1180 2994 ipse
1204 2939 1303 2995 pro
1324 2924 1480 2980 nobis
1504 2940 1702 2995 passus
1730 2926 1820 2982 sit.
1851 2924 1996 2980 Diem
2012 2925 2157 2980 enim

603 3031 624 3065 ο
667 3011 1006 3069 Dominicum
1039 3013 1239 3069 laetitia:
1264 3013 1406 3069 diem
1439 3015 1672 3085 agimus,
1706 3016 1849 3086 quod
1882 3017 1938 3069 in
1977 3032 2042 3071 eo
2073 3032 2159 3070 re.

2255 1915 2469 1979 ξασθαι.
2519 1915 2611 1968 καὶ
2638 1915 2951 1985 ἀντιστῆναι
2984 1917 3097 1976 τοῖς
3125 1914 3216 1985 βίᾳ
3251 1916 3327 1977 εἱς
3353 1912 3419 1966 τὰ
3445 1912 3653 1982 στόματα
3673 1913 3746 1965 αύ-

2252 2005 2360 2058 τῶν
2393 2004 2613 2075 ὲκχέασι
2657 2005 2747 2059 τὸν
2776 2000 2919 2058 οἶνον
2962 2003 3069 2057 τῶν
3112 2003 3381 2065 σπονδῶν,
3424 2004 3633 2056 κάκεῖνοι
3663 2005 3751 2066 τοῖς

2254 2095 2609 2165 ὁμολογηταῖς
2644 2094 3122 2165 συνταχθήσονται.
3160 2092 3316 2163 Ἑξῆς
3340 2092 3395 2146 δὲ
3420 2092 3536 2163 περὶ
3560 2093 3651 2145 τῶν
3669 2092 3751 2145 διαο

2256 2188 2486 2240 νυόντων
2514 2186 2574 2239 τὸ
2606 2187 2704 2257 τῆς
2737 2184 3088 2257 συνειδήσεως
3120 2184 3413 2257 μαρτύριον
3437 2183 3587 2251 λέγει,
3613 2182 3754 2238 κακεί-

2255 2294 2375 2341 νους
2411 2279 2520 2340 τοῖς
2551 2274 2911 2346 ὁμολογηταῖς
2941 2274 3310 2346 συναριθμῶν.

2786 2366 3023 2421 ΚΑΝΩΝ
3063 2366 3142 2418 ιε⁹
3174 2363 3303 2436 (l8).

2332 2483 2349 2512 ι
2396 2464 2509 2516 Ούκ
2555 2461 2839 2531 ἐγκαλέσει
2880 2478 2963 2524 τις
3005 2461 3135 2531 ἡμῖν
3176 2458 3642 2531 παρατηρουμένοις
3691 2469 3756 2506 τεο

2263 2575 2279 2605 ι
2327 2554 2496 2626 τράδα
2526 2554 2620 2606 καὶ
2654 2554 3026 2625 παρασκευὴν,
3049 2554 3106 2604 ὲν
3134 2547 3223 2615 αἶς
3256 2554 3345 2605 καὶ
3376 2548 3627 2620 νηστεύειν
3654 2548 3756 2617 ἡμῖν

2262 2666 2280 2697 ι
2327 2647 2465 2701 κατὰ
2500 2646 2794 2717 παράδοσιν
2840 2646 3077 2713 εὐλόγως
3127 2643 3535 2717 προσετέτακτο.
3565 2640 3658 2711 Τὴν
3684 2638 3759 2709 μὶν

2264 2760 2281 2790 ι
2326 2739 2433 2811 γὰρ
2460 2739 2692 2811 τετράδα
2720 2736 2830 2812 (l9)
2857 2738 2946 2792 διὰ
2969 2739 3030 2791 τὸ
3055 2738 3343 2809 γενόμενον
3370 2733 3661 2807 συμϐούλιον
3681 2729 3762 2783 {mh

2263 2850 2281 2881 ι
2327 2829 2435 2883 τῶν
2467 2828 2731 2883 Ἰουδαίων
2762 2829 2855 2882 ἐπὶ
2893 2832 2958 2901 τῇ
3003 2828 3261 2900 προδοσίᾳ
3305 2826 3397 2881 τοῦ
3436 2826 3647 2897 Κυρίου·
3686 2818 3761 2872 τίνι

2264 2942 2282 2973 ι
2327 2921 2383 2974 δὲ
2424 2921 2810 2992 παρασκευὴν.
2859 2920 2939 2972 ὃτι
2981 2919 3143 2981 αὐτὸς
3186 2920 3327 2990 ὑπὲρ
3374 2915 3521 2989 ἡμῶν
3559 2910 3759 2967 Exulis“.

2265 3031 2283 3061 ι
2330 3009 2610 3081 Κυριακὴν
2645 3009 2703 3063 δὲ
2744 3009 3091 3081 χαρμοσύνης
3123 3010 3338 3080 ἡμέραν
3380 3009 3570 3077 ἄγομεν
3600 3003 3673 3057 διὰ
3695 2998 3765 3051 τὸν

601 3122 623 3157 ι
656 3102 955 3161 surrexerit
989 3105 1086 3161 :in
1117 3120 1225 3176 quo
1253 3120 1351 3160 nec
1371 3119 1545 3176 genua
1572 3106 1787 3177 quidem
1820 3104 2035 3163 ﬂectere
2070 3122 2156 3161 ac-

2270 3123 2285 3149 ι
2333 3101 2637 3154 ἀναστάντα
2690 3102 2747 3154 ἐν
2790 3100 2923 3172 αὐτῇ
2946 3140 2959 3165 ,
3014 3102 3071 3153 ἐν
3121 3095 3155 3173 ᾖ
3205 3099 3325 3154 οὐδὲ
3378 3098 3566 3169 γόνατα
3609 3091 3765 3147 κλίνειν

602 3214 626 3248 α
658 3210 921 3267 cepimus.
958 3212 979 3247 ι

666 3285 829 3342 Bas.
877 3285 1291 3355 (lonsequenter
1325 3285 1664 3356 sexagesimo
1712 3297 1907 3356 quarto
1961 3288 2157 3340 canoni

599 3376 921 3449 apostolico,
943 3375 1040 3445 qui
1070 3373 1314 3430 decernit
1344 3390 1455 3430 non
1480 3390 1601 3431 esse
1625 3375 1782 3430 nobis
1800 3373 2158 3445 jejunandum

601 3468 878 3535 Sabbatis,
909 3475 1107 3539 praeter
1150 3482 1318 3522 unum
1349 3466 1666 3531 Sabbatum,
1723 3464 1979 3538 magnuu’l
2013 3466 2164 3523 scili-

600 3574 717 3633 cet;
750 3571 805 3619 et
842 3563 1183 3633 sexagesimo
1237 3576 1382 3618 nono
1412 3561 1503 3632 qui
1555 3561 1711 3616 valde
1760 3561 1917 3632 punit
1945 3576 2040 3617 eos
2068 3560 2160 3632 qui

603 3670 760 3711 sacra
784 3652 1211 3725 Quadragesima
1245 3653 1645 3723 nonjejunaut,
1681 3654 1938 3724 omnique
1970 3662 2162 3724 quarta

602 3756 657 3803 et
687 3753 842 3803 sexta
878 3745 1033 3808 feria,
1063 3759 1301 3815 praesens
1328 3760 1547 3816 quoque
1579 3745 1845 3802 decernit.

676 3836 880 3892 Zona.
915 3836 1157 3905 Semper,
1190 3836 1386 3906 inquit,
1438 3845 1630 3906 quarta
1658 3845 1713 3892 et
1742 3845 1893 3893 sexta
1940 3837 2166 3907 cujusli-

604 3930 699 3986 bet
730 3928 1082 3984 hebdomada:
1111 3926 1245 3984 feria
1273 3927 1630 3998 jejunandum
1672 3947 1684 3982 :
1725 3943 1827 3984 nec
1877 3944 1977 3984 nos
2014 3928 2165 3999 quis--

605 4034 770 4092 quam
792 4018 1105 4089 jejuuantes
1135 4019 1491 4089 reprehendet
1526 4038 1540 4075 :
1583 4034 1890 4090 causasque
1934 4020 2166 4088 subjun-

605 4112 703 4188 git.
740 4110 1020 4165 Dominica
1050 4127 1180 4167 vero
1194 4110 1281 4167 die
1312 4126 1422 4166 non
1453 4118 1537 4167 est
1560 4110 1940 4182 ieiunandum,
1969 4112 2168 4184 quippe

606 4218 729 4276 quae
760 4202 832 4257 sit
859 4202 1039 4273 gaudii
1070 4202 1140 4259 ob
1187 4202 1400 4259 Domini
1450 4203 1926 4258 resurrectionem.
1986 4202 2169 4273 Neque

608 4309 761 4360 vero,
798 4294 996 4365 inquit,
1045 4295 1101 4350 in
1157 4310 1219 4351 ea
1251 4310 1425 4366 genua
1476 4294 1617 4350 ﬂecti
1653 4302 1905 4365 oportere
1956 4296 2167 4365 accepi-

612 4395 755 4436 mus.
781 4379 1189 4437 Observandum
1218 4382 1384 4454 igitur
1414 4384 1639 4439 verbum
1670 4382 1825 4449 illud,
1852 4385 2165 4453 accepimus,

2270 3214 2286 3243 ι
2334 3191 2769 3263 παρειλήφαμεν.
2817 3212 2836 3243 ι
3688 3218 3689 3221 η

2325 3288 2857 3352 ΒΑΛΣ.’Δκολούθως
2870 3288 2948 3360 τῷ
2966 3286 3037 3352 ξδ’
3057 3284 3399 3356 ἀποστολικῷ
3415 3280 3602 3343 κανόνι,
3624 3275 3691 3346 τῷ
3710 3275 3768 3327 δι·

2256 3383 2556 3456 οριξομένῳ
2588 3381 2662 3454 μὴ
2680 3380 2960 3453 νηστεύειν
2982 3380 3126 3451 ἡμᾶς
3149 3379 3293 3433 κατᾶ
3313 3378 3378 3431 τὰ
3399 3374 3651 3433 Σάϐϐατα,

2253 3473 2346 3528 τοῦ
2367 3473 2485 3537 ὲνὺς
2505 3471 2665 3543 μόνου
2688 3468 2987 3532 Σαϐϐάτου,
3008 3466 3101 3521 τοῦ
3123 3466 3362 3539 μεγάλου
3393 3462 3597 3535 δηλαδήο
3619 3458 3771 3522 καὶτῷ

2258 3567 2330 3631 ξῦν
2350 3564 2554 3631 κανόνι,
2569 3561 2645 3633 τῷ
2674 3561 2947 3625 κολάζοντι
2965 3558 3213 3629 μεγάλως
3236 3558 3361 3619 τοὺς
3382 3555 3455 3626 μὴ
3475 3548 3773 3623 νηστεύοντας

2255 3658 2352 3729 τὴν
2390 3656 2550 3725 ἁγίαν
2574 3650 3044 3726 Τεσσαρακοστὴν,
3087 3649 3179 3704 καλ⁸
3224 3648 3369 3703 κατὰ
3391 3647 3561 3699 πᾶσαν
3588 3636 3773 3711 τετράδα

2259 3750 2353 3804 καὶ
2374 3746 2744 3820 παρασκευὴν,
2769 3745 2862 3797 καὶ
2889 3745 2917 3796 ὁ
2943 3741 3129 3813 παρὼν
3155 3738 3339 3795 κανὼν
3360 3737 3693 3793 διατάττεται.

2335 3836 2578 3890 ΖΩΝΑΡ.
2617 3837 2725 3889 Ἀεί
2785 3852 2917 3906 φησι
2985 3834 3085 3899 τὰς
3132 3833 3401 3906 τετράδας
3426 3830 3513 3885 καὶ
3535 3827 3623 3887 τὰς
3648 3835 3778 3889 παρα.

2269 3930 2466 3994 σκευὰς
2490 3928 2725 3998 ἑκάστης
2778 3927 3038 3995 ϐδομάδος
3070 3926 3354 3997 νηστεύειν
3373 3942 3386 3954 ·
3420 3922 3510 3976 καὶ
3539 3918 3629 3972 οὐκ
3647 3910 3780 3966 αἰτιά-

2270 4021 2419 4075 σεταί
2443 4038 2526 4084 τις
2550 4022 2695 4092 ἡμᾶς
2725 4019 3081 4090 νηστεύοντας
3099 4035 3111 4048 ·
3147 4019 3246 4072 καὶ
3274 4017 3374 4081 τὰς
3403 4012 3573 4071 αἰτίας
3595 4001 3779 4079 προστί-

2271 4115 2445 4185 θησιν.
2496 4112 2605 4184 Τὴν
2642 4113 2698 4166 δὲ
2742 4112 3023 4185 Κυριακὴν
3056 4110 3342 4183 νηστεύειν
3387 4109 3447 4161 ού
3473 4106 3578 4169 δεῖ,
3623 4092 3786 4171 χαρμά-

2272 4223 2424 4261 συνον
2467 4200 2632 4260 οὖσαν
2668 4204 2759 4269 ,διὰ
2791 4206 2888 4274 τὴν
2929 4203 3022 4257 τοῦ
3075 4203 3283 4272 Κυρίου
3341 4202 3650 4255 ἀνάστασιν·
3688 4186 3783 4242 οὐδὲ

2269 4299 2395 4367 γόνυ
2424 4298 2621 4351 κλίνειν
2651 4298 2707 4349 ὲν
2736 4296 2893 4367 αὐτῇ.
2938 4296 3088 4365 φησὶ.
3123 4293 3555 4365 παρειλήφαμεν.
3585 4284 3785 4354 Σημειω·

2268 4391 2386 4443 τέον
2423 4383 2515 4442 οὖν
2572 4387 2632 4441 τὸ
2675 4385 3143 4456 παρειλήφαμεν,
3197 4385 3292 4439 καὶ
3333 4384 3393 4437 τὸ
3462 4378 3603 4435 κατὰ
3636 4367 3788 4439 παρά”

609 4477 665 4526 et
693 4471 847 4537 illud,
899 4472 1046 4528 nobis
1090 4491 1173 4546 επ,
1198 4473 1481 4530 traditione
1535 4485 1850 4546 praceptum
1882 4486 1978 4533 est.
2032 4476 2156 4530 Nam

2269 4481 2443 4535 δοσιν
2485 4479 2627 4549 ἡμῖν
2672 4477 3121 4547 προστέτακται.
3174 4474 3486 4530 Κὰντεύοεν
3518 4472 3618 4540 γὰρ
3645 4462 3789 4563 quive-

610 4564 738 4620 hinc
789 4581 1006 4637 quoque
1043 4576 1268 4639 apparet
1324 4567 1682 4624 inveteratam
1722 4568 2156 4623 consuetudinem

2269 4591 2389 4636 ται,
2426 4572 2597 4625 ὅτιτὸ
2640 4572 2732 4623 ἐπὶ
2767 4570 2975 4641 μακρὸν
3024 4569 3308 4640 κρατῆσαν
3350 4566 3469 4629 ἔθος
3501 4561 3614 4617 ἀντὶ
3656 4556 3786 4623 νόμω

608 4671 711 4728 pro
751 4657 870 4729 lege
909 4657 1081 4714 fuisse
1108 4668 1406 4730 acceptam.
1454 4658 1681 4731 Magnus
1738 4675 1901 4731 porro
1935 4659 2168 4715 Basilius

606 4739 807 4805 causas
837 4764 1054 4821 quoque
1077 4750 1336 4817 adnectit,
1364 4752 1435 4808 ob
1459 4768 1597 4823 quas
1622 4752 1904 4808 Dominica
1933 4753 2039 4817 die,
2070 4760 2168 4808 cta

609 4835 878 4900 Paschate
911 4842 980 4896 ad
1015 4840 1385 4899 Pentecostem
1417 4859 1608 4915 usque,
1639 4858 1812 4915 genua
1836 4842 2052 4899 ﬂectere
2077 4861 2165 4899 vc-

608 4930 770 4990 titum
807 4940 913 4989 est.
943 4931 1086 5005 Lege
1141 4945 1195 4990 et
1217 4936 1617 5005 sexagesimum
1660 4944 1870 4992 sextum
1906 4937 2166 5005 apostoli-

608 5037 735 5081 cum
761 5040 1023 5082 canonem
1044 5033 1097 5082 et
1127 5029 1523 5099 sexagesimum
1555 5043 1777 5081 nonum.

2270 4664 2589 4733 λελόγισται.
2628 4664 2685 4715 '0
2725 4660 2779 4715 δὲ
2832 4661 3004 4733 μέγας
3052 4660 3332 4723 Βασίλειος
3378 4657 3474 4711 καὶ
3516 4653 3609 4715 τάς
3648 4645 3790 4703 αἰτίας

2272 4756 2606 4829 προστίθησι,
2629 4756 2693 4809 δι’
2720 4755 2785 4818 ἃς
2822 4753 3189 4825 ἀπηγόρευται
3229 4751 3432 4805 κλίνειν
3481 4750 3537 4801 ἐν
3578 4734 3788 4829 Κυριίξκῇ

2269 4826 2394 4917 γδνυ
2425 4826 2527 4902 καὶὴ
2563 4848 2669 4902 διπῦ
2711 4846 2804 4901 τοῦ
2850 4847 3040 4916 Πάσχα
3086 4844 3246 4915 μέχρι
3294 4841 3395 4911 τῆς
3440 4826 3790 4906 ΙΙεντηκοστῆς·

2280 4939 2575 5009 Ἀνάγνωθι
2606 4940 2698 4995 καὶ
2722 4940 2811 4993 τὸν
2841 4937 2923 5004 Eg"
2952 4936 3308 4992 ἁποστολικὸν
3343 4932 3543 4987 κανόνα
3563 4968 3577 4993 ,
3611 4922 3695 4980 καὶ
3718 4918 3791 4983 ἔθ’·

1889 5144 2117 5198 VARUS
2152 5144 2549 5201 LECTIONES.

715 5231 765 5269 "
781 5233 869 5287 διά
890 5235 951 5288 τὸ
973 5235 1293 5291 πεπονθέναι
1331 5236 1493 5290 αὐτὸν
1522 5236 1661 5306 ὑπὲρ
1682 5234 1856 5306 ήμῶν.

680 5345 792 5432 (ςὸ)
827 5348 1036 5432 {fartim
1068 5355 1150 5403 ιε’.
1171 5348 1378 5432 .lnlns;
1413 5347 1732 5432 regioﬂﬂl’iS
1766 5346 2058 5432 prae-ﬁgitur
2086 5346 2173 5425 hic

608 5418 801 5479 titulus
834 5418 960 5473 huic
991 5420 1183 5473 canoni
1215 5438 1228 5474 :
1259 5417 1373 5473 Τοῦ
1406 5417 1593 5476 αὐτοῦ
1623 5418 1692 5471 ἐκ
1723 5417 1831 5471 τοῦ
1859 5417 2043 5486 λόγου
2068 5417 2174 5469 τοῦ

607 5491 693 5552 εις
727 5488 793 5541 τὸ
824 5490 1058 5557 Πάσχα.
1101 5488 1401 5545 ΗΑιιοουιιν.

683 5560 703 5621 (
710 5559 795 5628 l9)
832 5560 950 5628 Τὴν
961 5559 1078 5630 μὲν
1098 5561 1206 5630 γὰρ
1228 5575 1377 5627 τετρ.
1402 5557 1705 5614 Cotelerius
1726 5559 1789 5613 ad
1815 5558 1994 5630 Const.
2010 5566 2178 5630 apost.

613 5629 708 5683 lib.
751 5644 814 5699 ll,
844 5645 964 5698 cap.
1010 5628 1114 5691 59,
1142 5631 1285 5684 hunc
1330 5643 1593 5699 canonem
1636 5645 1701 5683 ex
1742 5628 1903 5699 regiis
1943 5642 2072 5682 mss.
2107 5629 2175 5699 ita

616 5696 849 5765 complet
876 5696 952 5787 ac.
968 5702 1204 5787 restituit
1230 5719 1247 5787 Ξ
1276 5698 1386 5781 Τῂν
1423 5699 1795 5787 μὲνθτετράδα
1806 5696 1905 5787 dt}
1936 5698 1995 5750 τὸ
2026 5698 2176 5787 γενο-

625 5783 780 5833 μενον
812 5766 1128 5825 συμϐούλιον
1155 5769 1258 5823 ὑπὸ
1286 5766 1390 5822 τῶν
1424 5766 1686 5823 Ἰουδαίων
1714 5768 1803 5821 ἐπὶ
1828 5771 1891 5839 τῇ
1927 5766 2179 5836 προδοσίᾳ

2275 5346 2367 5399 τού
2403 5346 2625 5429 Κυρίου·
2659 5342 2771 5423 τὴν
2798 5342 2853 5394 δὲ
2901 5342 3268 5429 παρασκευὴν,
3311 5339 3490 5429 διὰιτὸ
3522 5328 3800 5429 ames}:

2278 5417 2436 5491 εὺῖὺν
2485 5409 2623 5491 ῢῑνὲρ
2656 5409 2847 5491 miti”:
2898 5409 3003 5491 ξεὴῆ
3039 5409 3474 5491 γάρ.¹(υρξακὴγ
3498 5409 3803 5491 gummi

2864 5464 3288 5556 «adadhuc:
3314 5484 3373 5535 ἐν
3394 5464 3551 5556 αἶξηῇ

2280 5549 2478 5623 γόνὰτα
2514 5549 2711 5609 κλίνειν
2750 5553 3177 5624 παρειλήφαμεν.
3214 5553 3395 5624 Atque
3437 5550 3509 5603 ίι²
3544 5549 3729 5624 Fame?

2285 5598 2499 5752 Edidit"?
2516 5598 2707 5698 Egi;
2730 5598 3177 5681 carueris}:
3206 5598 3808 5683 εἰὶἶὲἷοέιίἷιιτειιρριρνίι

2335 5715 2359 5751 il
2367 5714 2390 5752 Γ
2406 5715 2410 5719 ⁴
2434 5714 2560 5752 mnu
2568 5712 2611 5751 S.

2335 5712 2611 5752 aruuinus.
