3980 6318
232 264 237 269 ε
283 237 381 295 515

1719 246 2161 298 FRAGMENTA.

3412 253 3515 306 514

272 364 386 400 σαν.
435 349 535 400 Διὰ
578 353 687 422 γὰρ
721 349 877 402 τοῦτο
915 352 1006 403 καὶ
1034 351 1062 402 ὁ
1088 352 1570 424 νενομοθετημένος
1605 354 1709 425 μὴν
1738 355 1838 409 τῶν

1950 363 2133 409 tatem.
2168 353 2291 410 Ideo
2313 355 2510 425 quippe
2538 356 2741 412 mensis
2767 371 3031 411 novorum
3057 373 3087 412 a
3111 359 3226 430 lege
3256 358 3514 419 inductus

271 441 404 494 νέων
431 441 573 513 ἀρχὴ
606 442 812 512 μηνῶν,
855 444 947 496 καὶ
977 443 1187 514 πρῶτος
1217 447 1274 497 ἐν
1301 447 1412 508 τοῖς
1448 446 1580 516 μησὶ
1609 445 1700 498 τοῦ
1733 448 1809 498 ὲνι
1828 476 1839 484 -

268 531 432 587 αυτοῦ
481 533 784 606 ἐγνωρίσθη
819 536 946 606 ἡμῖν
967 552 980 565 ·
1013 536 1106 590 καὶ
1139 536 1241 588 ὑπὸ
1286 536 1392 588 τῶν
1434 536 1676 589 παλαιῶν
1711 555 1840 606 συγ-

269 627 526 696 γραφέων
559 627 666 680 τῶν
687 628 791 699 πρὸ
816 630 912 700 τῆς
933 628 1183 693 ἁλώσεως
1215 631 1313 700 τῆς
1357 631 1728 702 Ἰερουσαλὴμ,
1752 633 1841 684 καὶ

269 716 373 769 ὑπὸ
405 716 514 770 τῶν
546 717 684 770 νέων
728 717 836 770 τῶν
884 719 1018 788 μετὰ
1040 720 1137 790 τὴν
1170 720 1364 773 ἅλωσιν
1405 721 1618 792 ἐδείχθη
1657 721 1841 793 ὁροθε-

270 810 390 862 σίαν
421 812 567 879 ἔχειν
595 810 1071 883 είλικρινεστάτην,
1109 813 1202 865 καὶ
1231 816 1733 886 καταφανεστάτην,
1757 815 1842 869 διὰ

266 902 326 953 τ’)
358 900 595 970 μάλιστα
636 901 745 954 ἔσθ’
780 904 865 956 ὅτε
911 904 1008 974 μὲν
1037 903 1104 956 τά
1145 903 1239 957 νέα
1271 905 1328 958 ἔν
1359 922 1466 958 τισι
1494 907 1677 970 τόποις
1707 925 1840 978 προ-

270 992 570 1063 λαμϐάνειν
589 1033 602 1056 ,
629 991 738 1046 ἔσθ’
771 995 857 1047 ὅτε
879 994 933 1047 δὲ
965 997 1205 1067 ὑστερεῖν
1232 996 1291 1049 τὸ
1323 998 1451 1050 ποτὲ
1481 997 1723 1070 πρώϊμα,
1748 1017 1842 1051 πο-

267 1087 322 1138 τὲ
373 1084 547 1155 ὅψιμα
594 1085 878 1153 γενέσθαιο
922 1087 1214 1159 ’ὠσπεροῦν
1261 1091 1352 1141 καὶ
1398 1092 1512 1142 κατ’
1545 1091 1708 1161 αὐτὴν
1745 1091 1841 1162 τὴν

267 1178 440 1248 ἀρχὴν
461 1179 564 1248 τῆς
588 1179 692 1250 πρὸ
720 1179 812 1232 τοῦ
841 1179 1032 1250 Πάσχα
1060 1181 1378 1251 νομοθεσίας
1405 1183 1630 1252 ἐγίνετο,
1660 1183 1840 1248 καθὼς

263 1269 606 1339 γέγραπται·
643 1271 694 1322 Ὁ
725 1270 791 1323 δὲ
818 1271 1006 1339 πηρός
1034 1273 1129 1325 καὶ
1164 1275 1200 1341 ἡ
1233 1273 1420 1342 ὅλυρα
1448 1277 1558 1327 οὑκ
1583 1274 1837 1346 ἐπλήγη,

264 1363 451 1431 Eii-qm
484 1362 593 1432 γὰρ
637 1359 900 1433 ἧν.Ὂθεν
927 1363 1104 1427 καλῶς
1137 1366 1551 1437 νενομοθέτηται
1589 1367 1696 1420 άπὸ
1743 1369 1840 1438 τῆς

263 1454 486 1525 ὶαρινῆς
515 1454 821 1526 ἰσημερίας,
848 1457 926 1519 είς
954 1456 1143 1510 ὁποίαν
1174 1457 1216 1509 δ’
1243 1458 1307 1511 ἂν
1332 1459 1598 1530 ἑϐδομάδα
1626 1461 1839 1533 ἐμπέσῃ

265 1545 950 1616 ἠτεσσαρεσκαιδεκαταία
989 1546 1081 1599 τοῦ
1122 1546 1336 1618 πρώτου
1373 1549 1557 1619 μηνὸς,
1590 1551 1646 1601 ἐν
1704 1551 1838 1621 αὐτῇ

264 1637 535 1690 ἐπιτελεῖν
569 1637 629 1690 τὸ
660 1638 869 1709 Πάσχα,
905 1639 1039 1710 μετὰ
1072 1639 1164 1693 τοῦ
1210 1642 1301 1694 καὶ
1341 1640 1589 1712 ἐγκώμια
1624 1659 1842 1713 πρεπω-

1947 447 2210 500 mensium
2239 447 2557 512 exordium,
2595 461 2657 501 ac
2702 449 2909 519 primus
2937 449 3078 503 inter
3124 450 3252 504 anni
3298 467 3513 510 menses

1944 536 2100 592 nobis
2131 544 2295 592 notus
2327 537 2504 592 iactus
2531 546 2613 592 est
2641 557 2652 591 :
2685 546 2739 593 et
2773 539 2840 593 ab
2879 540 3118 610 antiquis
3151 541 3513 612 scriptoribus

1944 628 2034 697 qui
2066 636 2211 691 ante,
2237 635 2290 682 et
2320 642 2348 681 a
2379 628 2774 697 posterioribus
2815 629 2907 698 qui
2938 640 3058 699 post
3095 618 3510 703 Hierosolymo-

1942 734 2063 772 rum
2088 718 2357 774 excidium
2393 719 2576 774 vixere
2598 761 2611 784 ,
2648 720 3082 776 sincerissimum
3119 738 3182 776 ac
3212 723 3510 778 evidentis-

1944 810 2139 864 simum
2169 811 2371 864 habere
2405 811 2695 865 terminum
2730 811 3160 867 demonstratum
3202 821 3286 869 est
3320 833 3332 868 :
3367 829 3508 884 pra:-

1943 901 2163 964 sertim,
2207 901 2350 970 quod
2382 916 2518 956 nova
2561 902 2833 958 interdum
2882 905 3206 974 quibusdam
3257 907 3313 960 in
3373 907 3510 962 locis

1943 993 2191 1065 praeverti
2243 1012 2256 1048 :
2310 995 2582 1048 interdum
2618 995 2782 1050 etiam
2835 996 3017 1058 reﬁci,
3071 999 3150 1052 vel
3183 999 3362 1054 serius
3394 1000 3508 1054 ﬁeri

1942 1086 2208 1155 pnecocia
2250 1088 2566 1157 contingat,
2617 1089 2889 1157 quomodo
2934 1099 3051 1144 erat
3094 1090 3147 1143 in
3206 1091 3326 1162 ipso
3384 1099 3510 1146 ante

1940 1177 2149 1232 Pascha
2203 1179 2562 1248 legislationis
2621 1179 2778 1234 initio
2815 1199 2828 1234 :
2859 1181 3014 1250 juxta
3060 1183 3202 1252 quod
3240 1185 3506 1254 script-um

1939 1278 2024 1324 est
2051 1270 2106 1325 ‘:
2144 1269 2401 1323 Triticum
2446 1281 2618 1324 autem
2662 1281 2708 1325 et
2745 1272 2832 1341 far
2864 1290 2966 1326 non
3017 1271 3145 1327 sunt
3177 1275 3335 1338 liesa,
3384 1278 3508 1347 quia

1941 1363 2170 1417 serotina
2208 1372 2378 1416 erant.
2441 1363 2594 1418 Unde
2624 1372 2771 1419 recte
2795 1381 2823 1418 a
2857 1367 2971 1437 lege
3002 1370 3377 1439 praiscriptum
3401 1379 3504 1433 est.

1943 1463 2047 1508 uta
2071 1469 2238 1508 verno
2254 1456 2600 1524 aequinoctio,
2629 1459 2680 1511 in
2708 1474 3087 1528 quamcunque
3117 1460 3506 1515 hebdomadem

1942 1544 2148 1599 incidat
2199 1547 2605 1618 decimaquarta
2642 1550 2802 1620 primi
2838 1551 3062 1614 mensis,
3097 1553 3150 1606 in
3184 1553 3273 1606 illa
3300 1552 3507 1608 Pascha

1943 1645 2155 1707 agatur,
2188 1641 2420 1709 sumptis
2449 1641 2602 1710 prius
2637 1641 2703 1695 ad
2737 1642 2868 1697 illud
2893 1643 3277 1699 celebrandum
3308 1646 3508 1701 decen-

260 1729 494 1784 δέστατα
521 1731 614 1783 καὶ
642 1730 1087 1801 ἁρμοστικώτατα
1133 1734 1211 1796 είς
1242 1733 1397 1787 τοῦτο
1433 1734 1838 1806 παρειληφέναι.

1947 1728 2090 1784 tibus
2125 1744 2188 1783 ac
2219 1732 2600 1786 consentaneis
2625 1733 2906 1788 cncomiis.
2957 1733 3165 1790 Primus
3195 1738 3332 1790 enim
3359 1778 3374 1799 ,
3417 1738 3504 1793 in-

260 1821 501 1887 Πρῶτος
543 1821 674 1892 γὰρ,
704 1824 888 1894 φησιν,
917 1820 1093 1890 οὗτος
1112 1824 1237 1894 μὴν
1265 1825 1406 1894 ὑμῖν
1436 1866 1448 1878 .
1477 1867 1488 1878 .
1518 1866 1530 1878 .
1566 1828 1664 1879 καὶ
1685 1826 1839 1895 ἀρχὴ

257 1914 470 1984 μηνῶν
489 1916 561 1968 ἐν
591 1916 714 1982 τοῖς
729 1917 922 1985 μησὶν
940 1917 1043 1971 τοῦ
1065 1917 1340 1971 ἐνιαυτοῦ
1363 1917 1681 1987 γέγραπται
1701 1936 1713 1949 ·
1753 1921 1840 1972 ὅτε

261 2009 288 2060 ὸ
326 2007 425 2078 μὲν
457 2008 608 2076 ἣλιος
641 2011 696 2060 ἐν
731 2009 875 2079 θέρει
909 2008 1195 2080 γενόμενος
1222 2009 1289 2064 τὰ
1318 2011 1470 2081 φῶτα
1503 2011 1717 2064 πλείονα
1748 2013 1840 2065 καὶ

261 2095 620 2168 λαμπρότερα
643 2097 964 2151 ἀποδίδωσιν
985 2115 997 2128 ο
1031 2100 1064 2169 ἠ
1089 2099 1142 2152 δὲ
1189 2101 1365 2172 ἡμέρα
1400 2103 1836 2174 ἐπεκτεινομένη,

264 2187 646 2258 μεγεθύνεται,
676 2188 776 2258 τῆς
804 2189 995 2254 νυκτὸς
1035 2191 1502 2262 ὑποστελλομένης
1527 2193 1621 2246 καὶ
1661 2210 1838 2261 μειου-

266 2278 434 2349 μένης
453 2295 467 2307 ·
498 2279 571 2330 τά
595 2277 650 2330 δὲ
679 2278 772 2330 νέα
807 2277 1095 2349 σπέρματα
1141 2279 1518 2351 ὲπανθήσαντα
1561 2280 1838 2334 διακαθαί-

267 2387 415 2440 ρεται
453 2370 535 2432 είς
583 2369 678 2432 τὰς
723 2369 932 2433 ἅλωνας
973 2372 1425 2442 συγκομιζόμενα.
1455 2373 1528 2425 Οὐ
1563 2373 1669 2444 μὴν
1703 2373 1838 2427 ἀλλὰ

265 2463 355 2512 καὶ
386 2460 569 2512 πάντα
605 2458 676 2512 τὰ
722 2460 990 2534 ἀκρόδρυα
1034 2461 1317 2532 βλαστάνει
1352 2465 1442 2516 καὶ
1469 2463 1690 2516 ἐπανθεῖ
1714 2466 1835 2516 ἐπι-

267 2551 449 2622 χωρῆσ
485 2592 498 2605 .
529 2592 542 2604 .
571 2590 584 2603 .
617 2553 947 2622 ὲπαγόμενα.
975 2553 1193 2616 Εὐθέως
1219 2553 1348 2622 γοῦν
1394 2555 1838 2626 ἐπικαταλαμϐά-

266 2660 440 2695 νεδνται
493 2643 554 2695 ὲν
590 2642 907 2713 παραλλαγῇ
946 2643 1212 2714 διαφόρων
1261 2644 1354 2698 καὶ
1400 2646 1656 2699 ποικίλων
1699 2663 1835 2718 καρ-

265 2737 378 2789 πῶν
397 2754 410 2766 ·
446 2736 524 2799 ὡς
568 2737 662 2789 καὶ
706 2737 976 2807 σταφυλήν
1002 2754 1130 2790 ποτε
1158 2739 1498 2808 εὑρίσκεσθαι
1527 2743 1647 2794 κατ’
1676 2741 1836 2794 αὐτὸν

261 2828 351 2878 τὸν
392 2828 607 2898 καιρὸν,
644 2825 826 2890 καθὼς
870 2828 962 2880 καὶ
1006 2830 1034 2880 ό
1079 2828 1372 2902 νομοθέτης
1420 2832 1584 2902 φησὶ,
1631 2831 1740 2885 Καὶ
1777 2836 1835 2886 αἱ

264 2921 477 2988 ἡμέραι
528 2921 724 2987 ἔαρος,
773 2921 1092 2990 πρόδρομοι
1136 2922 1472 2991 σταφυλῆς,
1527 2923 1686 2994 ἡνίκα
1728 2926 1832 2978 ἀπ-

271 3012 476 3062 έστειλε
507 3012 636 3074 τοὺς
665 3011 1199 3076 κατασκοπεύσοντας
1227 3013 1711 3087 τὴνγῆν,ἧνεγκαν
1745 3017 1833 3070 τὸν

265 3103 437 3173 μέγαν
472 3101 668 3176 βότρυν
707 3106 763 3158 ἐν
799 3105 1144 3176 ἁναφορεῦσι,
1181 3085 1414 3160 καὶνὰπὸ
1442 3085 1548 3161 τῶν
1580 3109 1716 3179 ῥοῶν
1744 3111 1835 3163 καὶ
1863 3085 1903 3140 C

262 3193 368 3246 ἀπὸ
409 3193 520 3248 τῶν
571 3193 765 3248 συκῶν.
796 3195 926 3248 Τότε
965 3195 1092 3266 γάρ,
1122 3196 1196 3260 ὥς
1237 3214 1387 3265 φασι,
1415 3198 1510 3250 καὶ
1549 3199 1577 3251 ὁ
1616 3199 1836 3268 κτίστης

263 3289 352 3339 καὶ
395 3290 424 3340 ὁ
471 3287 802 3358 δημιουργὸς
832 3287 939 3341 τῶν
981 3289 1232 3342 ἁπάντων
1258 3290 1388 3351 θεὸς
1414 3288 1568 3359 ἡμῶν
1601 3287 1832 3353 αἰώνιος,

262 3380 325 3433 τά
359 3381 541 3434 πάντα
578 3381 960 3452 συνεστήσατο,
991 3383 1070 3444 εἰς
1099 3381 1240 3452 ἅπερ
1268 3381 1540 3446 κατέλεξε·
1570 3385 1835 3450 Βλαστη-

261 3473 419 3526 σάτω
446 3473 486 3540 ἡ
518 3471 596 3542 γῆ
616 3471 888 3540 ,ϐοτάνην
916 3473 1151 3541 χόρτου,
1192 3474 1440 3541 σπεῷον
1466 3477 1701 3542 σπέρμα
1727 3493 1834 3528 κα-

259 3563 330 3616 τὰ
354 3563 533 3633 γένος
573 3561 671 3615 καὶ
698 3561 826 3616 καθ’
850 3563 1182 3630 ὁμοιότητα,
1207 3563 1300 3616 καὶ
1331 3563 1518 3627 ξύλον
1545 3563 1836 3633 κάρπιμον

261 3653 475 3706 ποιοῦν
500 3653 753 3720 καρπὸν,
780 3647 851 3707 οὗ
895 3652 960 3706 τὸ
1002 3655 1238 3722 σπέρμα
1274 3654 1457 3708 αὐτοῦ
1486 3656 1634 3709 κατὰ
1666 3655 1836 3725 γένος

258 3745 351 3797 ἐπὶ
378 3743 495 3811 τῆς
515 3742 649 3812 γῆς.
695 3744 804 3798 Καὶ
829 3745 1149 3816 ἐπήνεγκεν,
1181 3747 1280 3809 ὅτι,
1314 3747 1423 3800 Kal
1464 3747 1698 3816 ἐγένετο
1739 3748 1837 3800 οὔ·

260 3855 352 3892 τω.
383 3838 499 3892 Καὶ
537 3836 681 3907 μάλα
717 3836 895 3900 καλῶς
929 3835 1020 3890 καὶ
1061 3837 1282 3900 δικαίως
1317 3836 1540 3908 ἐξέφαινε
1581 3837 1671 3890 τὸν
1708 3839 1834 3908 παρ’

270 3930 544 4001 Ἑϐραίοις
582 3929 1010 4000 νομοθετηθέντα
1044 3929 1258 3999 πρῶτον
1291 3930 1434 4001 μῆνα
1458 3948 1470 3961 ·
1500 3931 1557 3984 ὃν
1592 3931 1834 4001 ἔγνωμεν

256 4022 675 4092 πεφυλαγμένον
727 4021 876 4092 παρὰ
926 4020 1192 4084 Ἰουδαίοις
1238 4023 1398 4093 μέχρι
1442 4023 1539 4093 τῆς
1584 4023 1834 4087 ἁλώσεως

267 4112 644 4184 Ἰερουσαλὴμ,
677 4112 764 4166 διὰ
809 4114 870 4166 τὸ
918 4113 1148 4183 μάλιστα
1189 4114 1454 4183 Ἑϐραίοις
1479 4114 1618 4167 οὕτω
1658 4132 1835 4186 παρα-

255 4205 580 4258 δεδωκέναι·
634 4204 771 4275 μετὰ
821 4204 878 4257 δὲ
925 4207 1020 4275 τὴν
1058 4205 1253 4259 ἅλωσιν
1291 4206 1653 4278 λεληρημένον
1695 4208 1835 4261 κατά

255 4313 376 4349 τινα
417 4297 512 4350 καὶ
544 4298 602 4348 ὲν
637 4295 810 4367 τούτῳ
837 4293 1124 4365 πώρωσιψ
1156 4297 1320 4368 ὅνπερ
1361 4298 1520 4367 ἡμεῖς
1560 4296 1833 4368 ἐνθέσμως

259 4389 352 4440 καὶ
400 4387 707 4457 εἰλικρινῶς
757 4389 1138 4460 ἐπιτηροῦντες
1192 4387 1585 4458 παρελάϐομεν.
1621 4389 1728 4442 Καὶ
1775 4389 1831 4441 ὲν
1868 4429 1908 4482 D

256 4481 435 4552 τούτῳ
476 4479 616 4533 κατὰ
647 4521 661 4534 .
690 4520 704 4534 .
734 4521 746 4534 .
776 4481 958 4552 ῥητὸν,
982 4481 1154 4549 λέγων
1185 4521 1200 4536 .
1229 4523 1242 4536 .
1272 4523 1285 4535 .
1313 4481 1596 4554 διζομένην
1624 4485 1703 4546 είς
1733 4524 1744 4536 .
1774 4523 1787 4537 .
1816 4524 1828 4536 .

255 4591 313 4627 ον
342 4574 561 4645 ἡμέραν
600 4572 700 4643 τῆς
738 4573 896 4642 ἁγίας
934 4574 1125 4646 ἑορτῆς
1163 4575 1335 4645 ἡμῶν,
1367 4575 1601 4646 ἦνπερή
1636 4575 1830 4644 ἐκλογὴ

253 4664 520 4736 ἐπέτυχεν
543 4681 558 4695 ⁸
591 4666 641 4718 οἱ
681 4664 738 4717 δὲ
779 4665 952 4718 λοιποὶ
985 4665 1374 4738 ἐπωρώθησαν,
1411 4665 1592 4730 καθὼς
1617 4663 1766 4722 εἶπεν
1793 4668 1827 4720 ἡ

257 4757 474 4829 Γραφή.
506 4758 615 4812 Kal
642 4759 769 4828 μεθ’
799 4759 993 4826 ἔτερα·

326 4874 396 4926 ΙΙ.
441 4871 550 4925 Καὶ
580 4871 754 4924 ταῦτα
783 4872 892 4943 γάρ
930 4887 1088 4942 φησι·
1127 4868 1330 4923 Πάντα
1354 4869 1718 4938 ποιήσουσιν
1746 4871 1823 4935 εἰς

254 4966 448 5035 ὑμᾶς’
495 4966 583 5018 ὅτι
628 4967 739 5018 οὐκ
778 4965 1052 5034 ἔγνωσαν
1083 4963 1190 5017 τὸν
1223 4962 1540 5032 πέμψαντά
1563 4979 1658 5030 με.
1687 4963 1749 5014 Ei
1778 4962 1832 5015 δὲ

255 5059 348 5112 τὸν
406 5057 716 5128 πέμψαντα,
757 5058 850 5110 καὶ
900 5055 988 5109 τὸν
1037 5055 1354 5125 πεμφθέντα
1397 5055 1686 5125 ἠγνόησαν,
1737 5053 1834 5106 οὑκ

255 5152 408 5204 ἔστιν
436 5149 811 5222 ἀμφιϐάλλειν,
839 5151 920 5202 ὅτι
947 5148 1040 5202 καὶ
1063 5149 1158 5219 τῆς
1184 5146 1500 5218 νομοθεσίας
1521 5145 1613 5199 τοῦ
1643 5145 1832 5215 Πάσχα

257 5240 354 5311 τὴν
397 5241 669 5309 ἀγνωσίαν
717 5240 944 5310 ἔσχοσαν
963 5256 976 5268 ο
1005 5238 1079 5302 ὡς
1117 5237 1190 5308 μὴ
1232 5238 1389 5308 μόνον
1421 5237 1518 5307 τῆς
1545 5237 1660 5289 κατ’
1685 5235 1834 5288 ἐκλο-

256 5333 363 5402 γὴν
409 5332 724 5396 τοποθεσίας
768 5332 1039 5392 ἐκπεσεῖν,
1082 5329 1217 5382 ἀλλὰ
1267 5329 1484 5398 καὶτῆς
1516 5327 1688 5398 ἀρχῆς
1728 5327 1834 5380 τῶν

255 5421 455 5491 μηνῶν
484 5421 576 5474 τοῦ
607 5420 821 5492 πρώτου
851 5422 908 5473 ἐν
933 5422 1042 5482 τοῖς
1078 5419 1209 5489 μησὶ
1237 5417 1328 5471 τοῦ
1357 5416 1622 5480 ἐνιαυτοῦ,
1645 5412 1704 5470 οὗ
1736 5418 1834 5487 τὴν

259 5512 910 5584 τεσσαρεσκαιδεκαταίαν
930 5513 978 5564 οἱ
1004 5511 1166 5565 πάλαι
1189 5509 1489 5582 εἰλικρινῶς
1513 5513 1668 5581 ἐπιτη
1679 5508 1830 5580 ροῦμ-

243 5741 263 5794 ςι

1943 1820 2060 1890 quit
2099 1824 2141 1883 ³,
2193 1821 2276 1874 hic
2333 1825 2526 1876 mensis
2584 1822 2727 1878 vobis
2777 1827 3090 1895 principium
3150 1829 3404 1884 mensium
3451 1832 3505 1883 in

1942 1911 2205 1965 mensibus
2235 1914 2361 1966 anni
2387 1915 2613 1982 scriptus
2651 1923 2727 1967 est
2753 1929 2772 1967 .'
2808 1930 2930 1968 cum
2963 1917 3042 1970 sol
3069 1917 3276 1973 scilicet
3317 1920 3506 1974 mstivo

1941 2012 2185 2074 tempore
2232 2005 2388 2074 plura
2433 2006 2589 2076 longe
2621 2007 2825 2061 lumina
2871 2018 2924 2063 et
2971 2010 3201 2064 clariora
3253 2011 3502 2066 emittit:

1939 2097 2056 2150 dies
2087 2112 2215 2151 vero
2244 2098 2586 2167 producitur,
2625 2099 2791 2169 [itque
2822 2101 3016 2170 major,
3069 2103 3197 2156 dum
3231 2119 3337 2157 nox
3371 2119 3505 2159 con~

1940 2191 2176 2243 trahitur
2198 2205 2260 2244 ac
2291 2191 2558 2244 minuitur
2590 2209 2603 2245 :
2639 2207 2780 2245 nova
2811 2207 2974 2263 porro
3007 2195 3213 2248 semina
3249 2195 3506 2270 cumﬂo-

1938 2282 2178 2345 ruerint,
2247 2291 2681 2352 perpurgantur,
2735 2292 2789 2338 et
2843 2284 2908 2338 ad
2949 2300 3104 2341 areas
3161 2285 3498 2341 deferuntur.

1933 2371 2117 2442 Neque
2148 2381 2328 2426 tamen
2363 2373 2464 2427 ista
2513 2372 2796 2437 duntaxat,
2823 2373 2916 2426 sed
2947 2383 3000 2427 et
3040 2377 3289 2430 universa
3326 2378 3504 2446 pullu-

1930 2465 2045 2520 lant
2064 2465 2307 2529 arbusta,
2324 2474 2380 2519 et
2401 2464 2453 2518 in
2473 2463 2631 2519 ﬂores
2647 2465 2896 2519 evadunt.
2921 2464 3114 2519 Statim
3140 2466 3302 2534 igitur
3323 2469 3502 2522 varios

1937 2554 2289 2624 diversosque
2322 2554 2533 2609 fruetus
2571 2555 2878 2610 alternatim
2927 2557 3172 2612 emittere
3204 2557 3504 2627 deprehen-

1937 2647 2170 2712 duntur;
2203 2647 2277 2700 ita
2313 2653 2371 2698 ut
2400 2647 2668 2701 interdum
2715 2646 2904 2702 botrus
2929 2687 2944 2710 ,
2990 2647 3262 2704 interdum
3294 2648 3505 2705 fructus

1937 2738 2077 2792 alius
2120 2753 2227 2790 uno
2257 2736 2556 2807 eodemque
2595 2747 2836 2808 tempore
2872 2740 3194 2808 reperiatur,
3243 2742 3505 2810 quemad-

1936 2829 2155 2884 modum
2193 2830 2266 2884 ait
2308 2830 2585 2899 legislator
2610 2830 2630 2861 ³
2661 2849 2674 2884 :
2710 2829 2778 2882 Et
2823 2830 2935 2884 dies
2973 2835 3106 2886 veris
3156 2848 3504 2900 prazcursores

1938 2922 2106 2986 botri,
2166 2920 2385 2992 quando
2441 2923 2588 2976 misit
2645 2922 2736 2992 qui
2790 2924 3203 2994 specularentur
3264 2934 3500 2989 terram,

1939 3012 2238 3067 attulerunt
2269 3012 2541 3081 ingentem
2582 3013 2798 3066 botrum
2849 3015 2902 3067 in
2934 3014 3213 3078 vectibus,
3249 3015 3316 3069 de
3346 3016 3504 3071 malis

1938 3119 2154 3175 quoque
2170 3105 2410 3174 grauatis
2429 3112 2483 3158 ct
2527 3105 2593 3159 de
2621 3103 3002 3159 licubus.Tum
3036 3105 3177 3159 enim
3221 3105 3295 3158 ait
3319 3106 3506 3161 condi-

1938 3206 2024 3250 tor
2058 3196 2548 3264 universorumque
2598 3194 2778 3264 opifex
2822 3194 2966 3251 Deus
3011 3202 3192 3250 noster
3229 3205 3501 3261 aeternus,

1937 3287 2120 3342 omnia
2163 3286 2372 3342 confert
2418 3287 2483 3341 ad
2533 3302 2592 3340 ea
2641 3303 2761 3356 quae
2800 3288 3005 3357 elegit:
3040 3285 3309 3341 Germinet
3363 3298 3504 3342 terra

1937 3376 2149 3430 herbam
2172 3379 2418 3431 virentem
2451 3386 2498 3430 et
2529 3377 2729 3446 faciens
2764 3394 2935 3431 semen
2965 3377 3127 3446 juxta
3152 3395 3312 3447 genus
3350 3396 3504 3433 suum

1937 3479 1982 3522 et
2011 3469 2410 3523 similitudinem
2435 3486 2607 3530 suam,
2634 3479 2680 3521 et
2712 3469 2907 3539 lignum
2941 3469 3273 3538 fructiferum
3306 3471 3504 3539 faciens

1939 3559 2204 3628 fructum,
2241 3562 2389 3628 cujus
2437 3578 2608 3614 semen
2651 3563 2703 3615 in
2736 3578 2788 3614 se
2821 3562 2933 3630 ipso
2965 3562 3032 3614 sit
3058 3578 3210 3629 super
3232 3572 3426 3617 terram
3460 3564 3502 3620 ⁸.

1937 3651 2075 3706 Tum
2119 3653 2302 3708 subdit
2341 3653 2402 3706 “z
2466 3651 2533 3705 Et
2589 3653 2790 3722 factum
2838 3662 2915 3707 est
2960 3655 3150 3708 ila:et
3195 3655 3321 3708 vidit
3362 3655 3504 3709 Deus

1936 3745 2073 3816 quod
2100 3755 2233 3799 esset
2267 3746 2479 3800 bonum.
2507 3743 2649 3810 Quin
2680 3746 2841 3798 etiam
2871 3744 3109 3800 ostendit
3152 3747 3386 3817 primum
3413 3747 3503 3818 qui

1936 3837 2078 3908 apud
2127 3835 2383 3892 Hebr-mos
2436 3838 2553 3907 lege
2592 3837 2847 3892 inductus
2891 3849 2975 3892 est
3021 3853 3292 3904 mensem,
3345 3856 3503 3911 quem

1937 3929 2283 3984 observatum
2346 3927 2516 3984 fuisse
2573 3944 2603 3982 a
2653 3927 2855 3983 Iudaeis
2899 3929 3150 3985 novimus
3211 3948 3384 4000 osque
3437 3933 3502 3985 ad

1935 4024 2436 4096 Hierosolymorum
2492 4023 2802 4086 excidium',
2857 4025 2982 4093 quia
3036 4023 3090 4076 id
3140 4025 3372 4078 maxime
3426 4027 3504 4080 sic

1935 4116 2172 4173 Hebrzeis
2211 4117 2467 4171 traditum
2519 4122 2621 4170 est.
2669 4117 2801 4170 Post
2857 4114 3128 4169 excidium
3176 4129 3306 4168 vero
3361 4115 3502 4169 idem

1935 4208 2170 4262 ludibrio
2200 4216 2284 4263 est
2305 4207 2523 4262 habitus
2552 4223 2616 4261 ex
2644 4206 2876 4276 quadam
2910 4205 3091 4260 cordis
3121 4205 3500 4272 obduratione,

1935 4316 2094 4370 quem
2122 4316 2224 4355 nos
2256 4302 2492 4371 legitime
2543 4315 2606 4353 ac
2661 4299 2874 4353 sincere
2911 4300 3266 4354 observantes
3302 4300 3502 4370 recepi-

1935 4408 2078 4455 mus,
2115 4400 2168 4446 et
2202 4394 2254 4446 in
2288 4392 2390 4446 hoc
2419 4391 2713 4461 juxta......
2735 4386 3336 4451 verbum,cumait......
3361 4387 3502 4443 diem

1939 4493 2140 4539 sanetae
2163 4475 2478 4538 feStivitatis
2513 4491 2742 4544 nostrae,
2787 4497 2946 4550 quem
2978 4481 3173 4536 electio
3209 4488 3501 4536 consecuta

1938 4583 2022 4630 est
2044 4575 2063 4606 ⁸
2084 4594 2096 4628 :
2121 4573 2302 4628 caeteri
2334 4590 2464 4628 vero
2482 4574 2837 4628 occaluerunt
2855 4615 2869 4640 ,
2894 4572 3349 4643 quemadmodum
3368 4571 3503 4627 dixit

1940 4667 2243 4737 Scriptura.
2278 4663 2346 4718 Et
2373 4675 2488 4734 post
2523 4665 2630 4718 alia
2664 4680 2682 4716 :

2006 4865 2071 4920 ll.
2104 4863 2230 4919 Haec
2263 4865 2461 4935 quippe
2491 4863 2567 4916 ait
2600 4881 2612 4917 :
2649 4862 2840 4917 Omnia
2863 4861 3062 4930 facient
3089 4860 3232 4914 vobis
3263 4860 3506 4931 (propter

1937 4974 2121 5012 nomen
2156 4957 2364 5028 meum)
2409 4957 2658 5026 quoniam
2698 4970 2800 5008 non
2843 4961 3187 5022 cognoverunt
3228 4953 3316 5020 qui
3363 4954 3505 5006 misit

1937 5068 2016 5106 me
2036 5051 2081 5105 '.
2114 5049 2173 5106 Si
2203 5057 2382 5105 autem
2415 5059 2469 5103 et
2501 5064 2624 5103 eum
2647 5046 2739 5118 qui
2771 5045 2956 5112 misit,
2986 5052 3040 5098 et
3064 5044 3158 5114 qui
3193 5043 3396 5099 missus
3422 5053 3506 5098 est

1937 5143 2285 5206 nescierunt,
2348 5138 2599 5194 dubitare
2647 5139 2792 5193 haud
2826 5139 2988 5204 licet;
3047 5136 3178 5206 quin
3232 5133 3442 5190 Pascha
3473 5150 3504 5188 α

1936 5234 2054 5304 lege
2094 5241 2425 5304 praeceptum
2455 5231 2858 5302 ignoraverint,
2905 5239 2964 5283 ut
3009 5244 3119 5283 non
3162 5229 3215 5282 in
3256 5228 3364 5282 loci
3394 5228 3504 5282 ele-

1935 5325 2117 5378 ctione
2149 5323 2452 5385 duntaxat,
2503 5322 2599 5376 sed
2633 5322 2794 5374 etiam
2835 5320 2889 5374 in
2925 5321 3127 5390 mensis
3170 5321 3262 5390 qui
3293 5319 3504 5392 primus

1933 5427 2016 5472 est
2051 5417 2194 5472 inter
2226 5416 2355 5469 anni
2416 5405 2670 5482 menses,
2705 5415 2932 5470 exordio
2965 5407 3298 5479 erraverint,
3346 5413 3503 5469 cuius

1902 5580 1913 5596 α
1934 5508 2147 5562 decima
2171 5515 2364 5579 quarta
2386 5508 2599 5563 sincere
2625 5508 2932 5574 observata,
2964 5515 3086 5577 post
3113 5506 3429 5577 aequinocft

336 5687 547 5748 ίεοτοά.
585 5708 660 5761 lx,
685 5691 774 5749 52.
851 5695 871 5726 ³
894 5690 1069 5748 Exod.
1096 5690 1267 5760 xu,‘2.
1339 5687 1546 5765 "Num.
1571 5703 1668 5759 xu,
1703 5687 1790 5743 24.
1825 5759 1827 5761 _

1939 5686 2108 5742 Senes.
2143 5703 2180 5756 ι,
2210 5687 2292 5742 Η.
2318 5689 2484 5744 “ibid.
2508 5686 2629 5744 l2.“
2659 5688 2810 5744 Rom.
2841 5705 2917 5757 xi,
2949 5689 2998 5742 7.
3074 5687 3272 5743 'Joan.
3307 5683 3496 5751 πει.
