3980 6318
280 193 374 248 517

341 309 431 365 VI.
475 311 582 365 Καὶ
617 313 970 381 μεθ’ἕτερα·
1003 317 1158 367 Ὥστε
1203 316 1292 367 ἐπὶ
1341 317 1397 367 τὸ
1445 315 1844 386 ἀκινδυνότερον
1876 329 1917 382 Α

273 403 492 474 μᾶλλον,
524 403 620 456 καὶ
647 405 1017 478 εὐφημότερον
1049 408 1211 478 ἐχρῆν
1235 407 1618 477 καταδραμεῖν,
1649 409 1740 459 καὶ
1767 408 1838 478 μὴ

271 494 656 564 ῥιψοκινδύνως
690 497 784 550 καὶ
810 497 1102 568 δυσφήμως
1135 499 1385 568 γράφειν,
1429 500 1509 551 ὃτι
1551 499 1644 551 ἀπ’
1669 500 1839 569 ἀρχῆς

271 589 360 640 καὶ
403 589 491 641 ἀεὶ
523 588 798 657 φαίνονται
832 592 959 663 περὶ
986 591 1045 644 τὸ
1076 592 1265 661 Πάσχα
1294 591 1628 662 πλανώμενοι
1649 609 1662 621 ⁸
1703 593 1838 661 ὅπερ

267 677 362 729 οὐκ
393 677 538 746 ἔχεις
582 678 772 744 δεῖξαι,
818 679 989 732 ὁπόσα
1035 679 1134 732 κᾶν
1169 679 1325 749 θέλῃς
1368 679 1699 752 δημηγορεῖν
1726 685 1838 745 τοῖς

266 767 380 818 νυνὶ
430 769 572 821 κατὰ
616 769 815 840 πολλὴν
866 770 1092 840 πλάνην,
1138 771 1234 841 τῆς
1278 788 1335 822 τε
1388 771 1704 841 νομοθεσίας
1742 773 1834 826 τοῦ

265 858 456 929 Πάσχα
498 861 592 913 καὶ
635 861 743 912 τῶν
787 861 958 915 ἄλλων
996 861 1390 915 ἐκπεπτωκόσι.
1420 863 1700 916 Φαίνονται
1729 863 1834 935 γὰρ

264 951 312 1002 οἱ
358 951 525 1004 πάλαι
581 952 717 1022 μετὰ
761 953 977 1024 ἐαρινὴν
1031 953 1314 1024 ἰσημερίαν
1346 953 1476 1006 αὐτὸ
1516 955 1791 1018 ποιοῦντες
1817 975 1828 985 ·

265 1047 398 1116 ὂτπρ
451 1046 674 1100 δύνασαι
714 1047 913 1114 γνῶναι
960 1047 1194 1118 ἐντυχὼν
1255 1050 1674 1121 συγγράμμασιν
1738 1052 1833 1122 ἁρ-

267 1139 458 1208 χαίοις,
505 1132 586 1201 οἷς
637 1139 868 1209 μάλιστα
914 1139 1284 1210 ἀνεγράψαντο
1331 1143 1377 1193 οἱ
1404 1142 1532 1212 παρ’
1568 1141 1832 1212 Ἑϐραίοις

267 1230 413 1299 σοφοί
447 1230 530 1300 (5i
546 1231 585 1298 ).

332 1322 447 1374 V’ll.
493 1323 616 1374 Ὀτι
645 1323 739 1392 μὲν
761 1317 853 1374 οὖν
883 1311 1040 1395 μέχρι
1074 1325 1164 1378 τοῦ
1195 1325 1469 1396 Κυριακοῦ
1496 1325 1715 1389 πάθους,
1739 1327 1830 1379 άλ-

261 1415 323 1467 λὰ
355 1415 450 1467 καὶ
481 1415 574 1467 ἐπὶ
602 1414 699 1484 τῆς
739 1415 971 1486 ὑστάτης
1003 1415 1257 1480 ἁλώσεως
1299 1415 1700 1488 Ἱεροσολύμων,
1730 1417 1830 1486 τῆς

259 1506 555 1575 γενομένης
603 1505 694 1557 ἐπὶ
745 1507 1150 1560 Οὐεσπασιανοῦ
1222 1507 1484 1578 βασιλέως
1523 1508 1824 1577 Ῥωμαίων,

258 1598 510 1660 ἀπλανῶς
539 1598 744 1650 τάττων
776 1599 872 1666 τὴν
901 1598 956 1649 ιδ’
989 1599 1082 1650 τοῦ
1112 1599 1327 1670 πρώτου
1360 1601 1527 1670 μηνὸς
1551 1603 1646 1673 τῆς
1680 1601 1828 1672 σελή-

1668 195 2109 250 FRAGMENTA.

3410 209 3514 265 518

2017 313 2107 369 Ἦ.
2148 313 2212 367 Isi
2239 325 2354 383 post
2387 317 2536 370 alia:
2561 315 2665 370 Sed
2700 324 2753 370 et
2784 318 2957 374 tutius
2988 320 3320 392 suaviusque
3355 323 3513 398 longe

1947 406 2118 476 magis
2143 405 2472 461 currendum
2504 413 2650 474 erat,
2677 423 2786 461 non
2831 425 2961 464 vero
2992 417 3194 468 temere
3219 429 3284 468 ac
3321 432 3512 487 perpo‘

1947 511 2060 549 ram
2092 496 2472 562 scribendum,
2509 498 2578 552 ab
2609 499 2763 552 initio
2794 509 2847 553 et
2885 515 3099 570 semper
3128 503 3271 558 circa
3299 503 3506 561 Pascha

1944 602 2158 643 errasse
2191 587 2394 654 videri,
2429 605 2553 643 cum
2605 590 2657 644 id
2701 592 2923 646 minime
2971 595 3150 662 possis
3185 599 3504 660 ostendere.

1944 679 2206 748 quidquid
2239 681 2483 750 ingerere
2514 682 2648 737 velis
2674 683 2773 747 iis,
2806 685 2896 752 qui
2922 700 3068 739 nunc
3114 701 3238 739 cum
3273 689 3504 758 plurimo

1941 784 2126 823 errore
2159 784 2189 821 a
2218 771 2350 840 legis
2392 780 2662 842 praecepto
2693 773 2760 828 de
2788 773 3054 830 Paschate
3095 783 3150 832 et
3192 779 3314 834 aliis
3353 781 3505 836 aber-

1943 869 2083 917 rant.
2118 859 2382 917 Videntur
2410 865 2553 918 enim
2596 875 2806 921 veteres
2840 867 2971 920 illud
3009 870 3186 938 egisse
3222 881 3346 940 post
3384 889 3501 928 ver-

1943 969 2070 1005 num
2119 954 2538 1022 aequinoctium,
2587 957 2732 1026 quod
2785 973 2947 1012 nosse
2976 959 3073 1013 tibi
3109 962 3288 1016 licebit
3331 963 3500 1018 libros

1941 1051 2149 1098 veteres
2185 1045 2416 1113 legenti,
2443 1045 2673 1114 illosque
2702 1048 2936 1102 maxime
2971 1049 3063 1119 qui
3092 1065 3122 1104 a
3159 1050 3498 1120 sapientibus

1941 1132 2179 1214 Hebraeis
2209 1145 2337 1191 sunt
2356 1136 2672 1204 conscripti.

2011 1304 2118 1360 Vll.
2169 1303 2444 1359 Hactenus
2497 1304 2660 1372 igitur
2707 1321 2879 1375 usque
2909 1306 2974 1360 ad
3005 1306 3338 1364 Dominicam
3369 1328 3497 1384 pas-

1936 1396 2173 1458 sionem,
2211 1402 2375 1463 atque
2408 1395 2542 1448 adeo
2583 1396 2636 1447 in
2680 1403 2952 1464 postremo
3005 1394 3496 1468 Hierosolymitano

1933 1486 2172 1548 excidio,
2201 1485 2347 1554 quod
2371 1486 2472 1540 sub
2501 1483 2832 1554 Vespasiano
2865 1484 3233 1541 Romanorum
3266 1489 3493 1559 impera-

1933 1589 2050 1633 tore
2082 1580 2340 1648 contigit,
2370 1580 2624 1649 populum
2653 1577 2946 1633 lsraelitam
2981 1595 3071 1633 xw
3102 1581 3261 1650 primi
3288 1583 3491 1636 mensis

256 1707 350 1760 νης
389 1691 418 1740 6
461 1689 798 1760 Ἱσραηλίτης
825 1690 950 1752 λαὸς
982 1691 1041 1742 τὸ
1085 1692 1303 1760 νομικὸν
1345 1691 1584 1763 ἑώρταζε
1614 1695 1822 1765 Πάσχα,

1930 1671 2070 1725 lunae
2099 1681 2244 1725 recte
2279 1679 2512 1733 statuta,
2562 1670 2730 1738 legale
2783 1671 3088 1728 celebrasse
3121 1672 3328 1727 Pascha
3363 1674 3488 1728 bre-

255 1781 340 1834 διὰ
363 1781 571 1834 τούτων
597 1782 873 1852 συντόμως
901 1782 1295 1836 ἀποδέδεικται.
1319 1784 1436 1837 Τῶν
1467 1785 1627 1854 ἱερῶν
1647 1787 1825 1840 τοίνυν

258 1875 572 1943 κρυπτῶν,
605 1874 699 1928 καὶ
722 1874 955 1938 πάντων,
979 1875 1051 1938 ὡς
1078 1875 1177 1947 ἔφη
1187 1895 1231 1942 ν,
1262 1877 1395 1948 ὁμοῦ
1421 1878 1526 1931 τῶν
1555 1881 1713 1944 ὁσίως
1735 1882 1826 1934 καὶ

250 1963 476 2027 δικαίως
528 1966 588 2016 ὲν
637 1963 713 2032 τῷ
763 1965 912 2035 νόμῳ
963 1966 1165 2035 Κυρίου
1212 1967 1679 2039 πολιτευσαμένων
1730 1972 1826 2024 σὺν

253 2053 415 2106 παντὶ
441 2052 520 2123 τῷ
550 2052 662 2122 λαῷ
689 2053 748 2106 τὸ
782 2053 1008 2106 τυπικὸν
1040 2055 1132 2107 καὶ
1167 2056 1389 2119 σκιῶδες
1421 2058 1610 2128 Πάσχα
1641 2061 1826 2131 ἑορτα-

254 2144 474 2208 ζόντων,
503 2147 532 2197 6
577 2145 756 2214 πάσης
797 2144 1025 2216 ἀοράτου
1081 2147 1172 2197 καὶ
1215 2147 1416 2217 ὁρατῆς
1463 2148 1689 2214 κτίσεως
1735 2152 1827 2223 δη-

255 2236 514 2308 μιουργὸς
545 2237 638 2290 καὶ
663 2237 945 2307 δεσπότης,
981 2238 1009 2288 6
1041 2239 1330 2310 μονογενὴς
1362 2238 1508 2302 Υἱὸς,
1536 2241 1628 2294 κα)¹
1656 2242 1823 2310 Λόγος

253 2326 281 2377 6
322 2326 398 2396 τῷ
443 2327 622 2397 Πατρὶ
673 2327 764 2380 καὶ
813 2327 892 2396 τῷ
929 2327 1070 2395 ἁγίῳ
1104 2325 1379 2396 Πνεύματι
1413 2328 1698 2394 συναῖδιος,
1733 2331 1824 2382 καὶ

254 2414 532 2485 ὀμοούσιος
580 2413 721 2468 κατὰ
769 2415 866 2484 τὴν
906 2415 1152 2485 θεότητα,
1193 2418 1220 2468 ὁ
1262 2415 1462 2488 Κύριος
1509 2419 1682 2488 ἡμῶν,
1732 2423 1823 2474 καὶ

254 2505 379 2568 Θεὸς
416 2504 626 2575 Ἰησοῦς
652 2507 680 2558 6
723 2506 970 2576 Χριστὸς,
1026 2508 1116 2559 ἐπὶ
1161 2507 1436 2578 συντελείᾳ
1482 2507 1586 2562 τῶν
1615 2507 1822 2564 αἰώνων

253 2599 385 2650 κατὰ
420 2598 604 2670 σάρκα
632 2599 841 2668 τεχθεὶς
869 2601 932 2652 ἐκ
958 2599 1057 2669 τῆς
1091 2599 1252 2666 ἁγίας
1297 2599 1505 2666 ἐνδόξου
1540 2600 1822 2671 δεσποίνης

253 2690 400 2758 ἡμῶν
434 2690 699 2743 Θεοτόκου
731 2691 824 2743 καὶ
859 2688 1257 2760 Ἀειπαρθένου,
1289 2691 1540 2744 καὶκατὰ
1566 2690 1820 2761 ἀλήθειαν

253 2782 509 2836 Θεοτόκου
545 2783 778 2854 Μαρίας.
815 2783 905 2834 καὶ
945 2781 1037 2835 ἐπὶ
1080 2781 1178 2850 τῆς
1209 2781 1313 2850 γῆς
1345 2781 1548 2850 ὀφθεὶς,
1583 2782 1676 2836 καὶ
1709 2785 1821 2846 τοῖς

253 2873 552 2943 ὁμοουσίοις
580 2873 720 2926 κατὰ
761 2871 855 2944 τὴν
878 2872 1264 2944 ἀνθρωπότητα
1291 2871 1593 2944 ἀνθρώποις
1627 2874 1700 2937 ὡς
1730 2874 1821 2927 ἄν-

253 2962 464 3033 θρωπος
491 2962 709 3035 ἀληθῶς
740 2963 1217 3034 συναναστραιρεὶς,
1266 2963 1358 3016 καὶ
1408 2965 1567 3026 αὑτὸς
1613 2967 1708 3018 σὺν
1744 2965 1818 3036 τῷ

1927 1765 2065 1817 viter
2133 1763 2562 1817 demonstratum
2610 1774 2710 1818 est.
2791 1762 2974 1818 Sacris
3029 1779 3158 1834 ergo
3210 1765 3488 1835 prophetis

1925 1854 2318 1923 omnibusque,
2353 1863 2410 1906 ut
2440 1853 2583 1914 dixi,
2617 1862 2805 1908 sancte
2835 1854 2996 1908 simul
3031 1855 3250 1923 etjusle
3290 1856 3343 1908 in
3374 1857 3488 1927 lege

1924 1946 2136 2001 Domini
2166 1947 2533 2010 versantibus,
2570 1962 2690 2000 cum
2720 1947 2974 2000 universo
2999 1948 3218 2016 populo,
3244 1949 3487 2019 typicum

1924 2047 1976 2092 et
2007 2040 2290 2093 umbratile
2345 2037 2555 2093 Pascha
2596 2039 3000 2095 celebrantibus
3027 2079 3041 2103 ,
3094 2041 3383 2096 invisibilis
3431 2049 3486 2096 et

1923 2131 2152 2185 visibilis
2173 2131 2350 2185 omnis
2381 2139 2645 2185 creatura:
2666 2129 2931 2183 Conditor
2956 2145 3020 2184 ac
3057 2130 3334 2194 Dominus.
3363 2132 3487 2186 uni-

1924 2220 2139 2288 genitus
2170 2217 2360 2284 Filius,
2409 2230 2462 2273 ct
2495 2218 2732 2274 Verbum
2765 2218 2912 2272 Patri
2950 2226 3004 2273 et
3039 2218 3261 2289 Spiritui
3293 2230 3485 2276 sancto

1922 2320 2249 2366 eumternum
2273 2355 2287 2379 ,
2325 2311 2680 2380 ejusdemque
2726 2314 3022 2365 secundum
3060 2312 3314 2366 deitatem
3349 2314 3481 2367 sub-

1923 2405 2134 2460 stantiae
2155 2445 2169 2468 ,
2201 2403 2461 2458 Dominus
2488 2414 2674 2458 noster
2703 2412 2756 2457 et
2788 2402 2930 2457 Deus
2956 2401 3113 2458 Iesus
3139 2403 3390 2459 Christus
3426 2403 3482 2457 in

1923 2500 2246 2553 smeulorum
2282 2497 2750 2554 consummatione
2779 2496 3079 2552 secundum
3121 2512 3339 2551 carnem
3385 2511 3483 2550 ua-

1922 2599 2030 2655 tus,
2050 2607 2116 2644 ex
2149 2597 2334 2645 sancta
2359 2589 2592 2658 gloriosa
2622 2589 2840 2642 domina
2871 2585 3058 2642 nostra
3087 2586 3175 2642 Dei
3210 2587 3483 2643 Gcnitrice

1920 2690 1972 2734 et
2004 2695 2216 2749 semper
2250 2678 2460 2748 virgine
2481 2717 2495 2741 ,
2531 2694 2594 2732 ac
2631 2693 2818 2731 revera
2849 2675 2940 2730 Dei
2971 2675 3245 2731 Gcnitrice
3270 2676 3437 2730 Maria
3460 2715 3478 2739 ,

1919 2780 1972 2825 et
2005 2772 2058 2824 in
2083 2779 2224 2824 terra
2259 2773 2410 2824 visus
2435 2810 2450 2832 ,
2483 2777 2535 2824 et
2562 2768 2805 2836 ejusdem
2834 2769 3151 2822 substantiae
3182 2768 3480 2823 secundum

1924 2861 2312 2915 humanitatem
2346 2875 2468 2914 cum
2504 2859 2814 2912 hominibus
2839 2899 2852 2920 ,
2887 2866 2946 2912 ut
2977 2859 3137 2912 homo
3159 2897 3177 2924 ,
3200 2873 3324 2912 vere
3345 2873 3481 2912 con-

1922 2962 2188 3020 versatus,
2222 2954 2443 3022 ipseque
2466 2966 2588 3005 cum
2625 2951 2824 3020 populo
2857 2951 3016 3005 annis
3057 2960 3181 3004 ante
3219 2949 3484 3019 pradica-

253 3054 358 3125 λαῷ
387 3059 446 3108 ὲν
471 3058 585 3119 τοῖς
607 3055 750 3108 ἔτεσι
775 3058 884 3119 τοῖς
919 3056 1022 3126 πρὸ
1054 3052 1146 3106 τοῦ
1177 3055 1544 3127 κηρύγματος,
1581 3057 1672 3109 καὶ
1710 3060 1818 3120 τοῖς

1925 3046 2140 3106 tionem,
2171 3053 2224 3097 et
2254 3044 2308 3097 in
2337 3040 2718 3112 praedicatione
2748 3039 2915 3110 legale
2938 3047 2990 3093 et
3019 3039 3255 3110 typicum
3275 3038 3482 3094 Pascha

252 3149 304 3201 ἐν
331 3150 408 3220 τῷ
446 3148 761 3220 κηρύγματι
788 3149 846 3200 τὸ
871 3149 1090 3218 νομικὸν
1114 3151 1204 3204 καὶ
1233 3149 1458 3212 σκιῶδες
1486 3151 1675 3218 Πάσχα
1723 3151 1819 3201 ἐπ·-

255 3240 516 3304 ετὲλεσεν,
560 3239 755 3292 ἐσθίων
775 3239 865 3290 τὸν
898 3240 1124 3293 τυπικὸν
1151 3241 1348 3312 ἀμνόν·
1385 3242 1497 3294 Οὐκ
1520 3235 1681 3311 ἦλθον
1712 3241 1820 3312 γὰρ

254 3330 552 3383 καταλῦσαι
577 3330 669 3382 τὸν
693 3329 872 3400 Νόμον
898 3330 929 3401 ἢ
958 3331 1084 3394 τοὺς
1114 3333 1414 3403 προφήτας,
1441 3331 1574 3384 ἀλλὰ
1603 3331 1819 3403 πληρῶ-

254 3437 354 3482 σαι,
389 3423 554 3484 αὐτὸς
582 3425 639 3474 ὲν
667 3421 1014 3490 Εὑαγγελίοις
1055 3423 1274 3495 εἴρηκεν
1304 3427 1331 3477 6
1359 3426 1508 3496 Σωτή
1519 3444 1566 3496 ρ.
1588 3426 1736 3479 Ἐπεὶ
1763 3427 1816 3480 δὲ

252 3513 526 3584 ἐκήρυξεν,
555 3515 653 3566 οὐκ
679 3514 846 3582 ἔφαγε
869 3514 959 3567 τὸν
979 3515 1144 3584 ἀμνόν
1163 3533 1175 3544 ·
1204 3515 1316 3568 ἁλλ’
1341 3517 1499 3578 αὐτὸς
1520 3516 1718 3569 ἔπαθεν
1744 3517 1818 3580 ὡς

250 3604 494 3674 ἀληθινὸς
523 3606 694 3675 ἀμνὸς
724 3607 780 3657 ἐν
812 3609 876 3676 τῇ
906 3606 998 3658 τοῦ
1035 3607 1221 3676 Πάσχα
1247 3607 1426 3678 ἑορτῇ,
1469 3607 1648 3671 καθὼς
1672 3609 1816 3661 διδά-

251 3711 362 3747 σκει
410 3699 437 3748 6
486 3697 734 3765 Οεολόγος
785 3698 878 3750 καὶ
928 3699 1316 3768 -εὑαγγελιστὴς
1360 3700 1608 3770 Ἰωάννης
1639 3703 1696 3753 ἐν
1742 3701 1817 3771 τῷ

252 3788 363 3840 κατ’
386 3787 552 3840 αὑτὸν
581 3788 912 3860 Εὐαγγελίῳ,
936 3789 1107 3857 λέγων
1131 3788 1301 3853 οὕτως
1321 3808 1334 3819 ·
1385 3793 1441 3845 Ἀ
1452 3809 1662 3860 νουσιν
1707 3788 1818 3846 οὖν

249 3878 349 3930 τὸν
389 3878 629 3944 Ἰησοῦν
660 3880 777 3932 ἀπὸ
827 3879 931 3934 τοῦ
962 3881 1192 3948 Καῖάφα
1225 3883 1310 3947 εις
1344 3881 1408 3935 τὸ
1432 3883 1780 3951 πραιτώριον
1800 3901 1811 3913 ·

248 3965 320 4039 ἦν
348 3970 414 4022 δὲ
438 3972 608 4039 πρωῒ,
647 3971 743 4024 καὶ
781 3973 944 4026 αὐτοὶ
981 3975 1090 4026 οὐκ
1114 3973 1402 4042 εἰσῆλθον
1431 3977 1518 4042 εὶς
1552 3975 1618 4028 τὸ
1649 3992 1816 4043 πραι-

248 4060 471 4129 τώριον,
512 4064 612 4115 ἵνα
657 4061 742 4131 μὴ
769 4062 1120 4132 μιανθῶσιν,
1168 4065 1304 4118 ἀλλ’
1335 4065 1433 4116 ἵνα
1479 4064 1708 4134 φάγωσι
1750 4065 1813 4118 τὸ

245 4156 479 4224 Πάσχα.
522 4155 634 4208 Κατ⁸
668 4156 781 4226 μετ’
821 4156 1004 4224 ὀλίγα·
1053 4157 1102 4208 '0
1143 4148 1257 4210 οὖν
1309 4157 1579 4223 Πιλάτος,
1632 4159 1806 4211 ἀκού-

247 4260 356 4312 σας
383 4245 604 4298 τοῦτον
639 4246 742 4298 τὸν
767 4246 972 4315 λόγον,
1013 4244 1234 4315 ἤγαγεν
1266 4245 1379 4308 ἔξω
1411 4245 1517 4298 τὸν
1561 4245 1810 4313 Ἰησοῦν.

247 4337 338 4389 καὶ
365 4337 651 4391 ἐκάθισεν
681 4337 776 4389 ἐπὶ
813 4337 914 4390 τοῦ
938 4336 1208 4405 ,ϐήματος
1241 4340 1323 4403 εὶς
1358 4340 1544 4390 τόπον
1573 4338 1813 4406 λεγόμε-

247 4446 354 4482 νον
389 4432 818 4496 Λιθόστρωτον,
849 4429 1136 4496 Ἐϐραϊστὶ
1183 4428 1250 4481 δὲ
1296 4425 1714 4484 Ι“αϐϐαθᾶ.ἾΙν
1748 4427 1814 4481 δὲ

1925 4429 2046 4482 liora
2075 4427 2227 4498 quasi
2267 4423 2423 4477 tertia
2475 4437 2493 4474 :

240 4521 594 4589 Παρασκευὴ
615 4520 718 4573 τοῦ
737 4519 970 4588 Πάσχα·
999 4518 1117 4587 ὥρα
1141 4517 1219 4590 ἦν
1241 4520 1379 4574 ὡσεὶ
1404 4521 1567 4588 τρίτη
1588 4561 1602 4584 ,
1634 4518 1814 4582 καθὼς

247 4616 312 4668 τὰ
336 4617 542 4690 ἀκριϐῆ
571 4615 749 4686 βιϐλία
777 4614 1053 4686 περιέχει,
1082 4615 1212 4668 αὐτό
1242 4631 1300 4668 τε
1332 4614 1390 4667 τὸ
1424 4613 1699 4684 ίδιόχειρον
1719 4613 1811 4665 τοῦ

249 4703 649 4775 εὐαγγελιστοῦ,
673 4705 807 4773 ὅπερ
840 4704 1000 4774 μέχρι
1026 4702 1119 4756 τοῦ
1147 4703 1242 4758 νῦν
1269 4702 1603 4773 πεφύλακται
1632 4702 1813 4773 χάριτι

248 4796 376 4849 Θεοῦ
425 4799 482 4848 ἐν
529 4799 594 4868 τῇ
637 4794 895 4863 Ἐφεσίων
930 4794 1206 4867 ἁγιωτάτῃ
1236 4794 1550 4864 Ἐκκλησία,
1573 4794 1666 4846 καὶ
1709 4794 1813 4846 ὑπὸ

247 4888 350 4938 τών
382 4887 585 4940 πιστῶν
626 4889 802 4940 ἐκεῖσε
842 4889 1239 4966 προσκυνεῖται.
1268 4885 1376 4937 Καὶ
1407 4883 1565 4938 πάλιν
1595 4887 1622 4938 ὁ
1650 4885 1812 4946 αὑτός

249 4997 412 5048 φησιν
477 4980 863 5049 εὖαγγελιστής
891 4995 905 5009 ⁶
965 4982 1028 5030 Οἱ
1077 4973 1190 5053 οὗ)⁴
1225 4975 1506 5038 Ἰουδαῖοι,
1566 4977 1665 5030 ἵνα
1723 4975 1808 5045 μὴ

241 5072 419 5140 μείνῃ
462 5071 555 5124 ἐπὶ
604 5072 708 5124 τοῦ
749 5071 1008 5139 σταυροῦ
1046 5070 1117 5123 τὰ
1138 5067 1379 5137 σώματα
1400 5068 1469 5121 ἐν
1490 5067 1566 5134 τῷ
1589 5067 1808 5122 σαϐϐά-

246 5177 325 5223 τῳ
368 5160 512 5231 (ἐπεὶ
539 5161 900 5228 Παρασκευὴ
924 5156 1029 5229 ἦν’
1063 5155 1140 5228 ἦν
1176 5160 1282 5228 γὰρ
1307 5158 1537 5228 μεγάλη
1561 5161 1596 5225 ἡ
1623 5157 1808 5226 ἡμέρα

247 5250 449 5317 ἐκείνη
475 5253 584 5306 τοῦ
608 5251 948 5321 σαϐϐάτου),
965 5251 1278 5317 ἠρώτησαν
1304 5251 1410 5303 τὸν
1431 5249 1687 5303 Πιλάτον
1713 5251 1813 5301 ἵνα

250 5343 618 5413 κατεαγῶσιν
665 5343 861 5398 αὐτῶν
906 5348 978 5396 τὰ
1021 5342 1232 5410 σκέλη,
1281 5343 1380 5396 καὶ
1430 5342 1706 5411 ἀρθῶσιν.
1724 5343 1812 5395 Ἐν

252 5437 392 5506 αὐτῇ
439 5434 527 5491 οὖν
577 5440 644 5508 τῇ
687 5438 890 5508 ἡμέρᾳ,
919 5437 975 5487 ὲν
1067 5435 1284 5506 ἔμελλον
1320 5437 1368 5489 οί
1410 5436 1646 5489 Ἰουδαῖοι
1675 5434 1810 5505 πρὸς

403 5550 590 5606 ‘Joan.
618 5567 770 5612 xvui,
799 5549 889 5604 28.
965 5547 985 5577 ²
1011 5543 1174 5599 Joan.
1204 5556 1316 5610 xu,
1348 5541 1437 5607 15,
1468 5540 1556 5596 14.

1920 3138 2234 3197 celebravit,
2266 3134 2556 3188 comedens
2589 3147 2786 3202 agnum
2821 3131 3056 3200 typicum
3093 3149 3106 3184 :
3144 3146 3317 3200 neque
3337 3132 3482 3184 enim

1920 3245 1978 3284 se
2000 3229 2212 3283 venisse
2245 3235 2301 3281 ut
2329 3225 2522 3296 Legem
2561 3225 2794 3279 solveret
2823 3223 2900 3276 vel
2929 3220 3257 3290 PrOphetas,
3302 3222 3394 3276 sed
3421 3230 3481 3275 ut

1920 3321 2270 3389 adimpleret,
2310 3319 2536 3386 ipsemet
2580 3316 2633 3368 in
2674 3313 2979 3383 Evangeliis
3027 3313 3164 3366 dixit
3210 3310 3478 3366 Salvator.

1921 3413 2212 3482 Postquam
2240 3423 2368 3463 vero
2413 3405 2756 3477 praedicavit,
2803 3421 2912 3460 non
2960 3404 3197 3458 comedit
3239 3417 3478 3473 agnum,

1919 3505 2010 3559 sed
2065 3504 2180 3572 ipse
2232 3515 2427 3570 passus
2465 3505 2548 3553 est
2594 3506 2651 3550 ut
2698 3511 2862 3551 verus
2906 3511 3075 3566 agnus
3124 3493 3181 3547 in
3227 3492 3478 3548 Paschali

1919 3596 2232 3656 festivitate,
2259 3589 2714 3662 quemadmodum
2743 3587 2898 3642 docet
2924 3588 3206 3656 theologus
3235 3595 3288 3640 et
3313 3600 3483 3640 evan-

1917 3688 2104 3758 gelista
2131 3685 2368 3739 Joannes
2397 3683 2451 3735 in
2485 3681 2774 3752 Evangelio
2803 3681 2900 3735 abs
2933 3696 2990 3736 se
3021 3680 3354 3750 conscripto,
3385 3678 3479 3732 ubi

1919 3785 1996 3836 sic
2026 3780 2100 3832 ait
2135 3779 2147 3808 ‘
2187 3797 2200 3830 :
2239 3774 2522 3828 Adducunt
2551 3789 2672 3843 ergo
2704 3771 2886 3825 Jesum
2913 3789 2944 3825 a
2972 3770 3171 3840 Caipha
3205 3771 3260 3823 in
3287 3779 3480 3840 prmo-

1919 3876 2076 3925 rium.
2136 3869 2268 3922 Erat
2315 3877 2489 3920 autem
2539 3881 2723 3926 mane,
2764 3875 2812 3918 et
2858 3865 2960 3931 ipsi
3007 3880 3107 3915 non
3167 3862 3481 3916 introierunt

1916 3965 2246 4034 pra‘torium,
2277 3968 2333 4012 ut
2372 3976 2473 4012 non
2496 3957 3001 4017 contaminarentur,
3047 3953 3136 4007 sed
3171 3963 3227 4005 ut
3256 3954 3480 4006 mandun-

1916 4065 2092 4109 carent
2129 4053 2361 4107 Pascha.
2406 4049 2470 4104 Et
2499 4057 2620 4120 post
2647 4045 3101 4118 pauca‘:Pilatus
3150 4052 3324 4096 autent
3360 4059 3477 4095 cum

1917 4151 2147 4204 audisset
2170 4147 2262 4200 hos
2295 4159 2580 4203 sermones,
2608 4138 2830 4193 adduxit
2867 4137 3012 4205 foras
3037 4134 3242 4196 Iesum,
3276 4142 3324 4186 et
3346 4133 3478 4186 sedit

1913 4258 2005 4310 pro
2027 4239 2281 4294 tribunali
2298 4239 2350 4292 in
2369 4237 2479 4291 loco
2503 4233 2591 4305 qui
2621 4231 2814 4284 dicitur
2829 4228 3194 4288 Lithostrotos,
3225 4225 3479 4279 Hebraice

1918 4345 2091 4389 autem
2141 4331 2434 4387 Gabbatha.
2487 4327 2617 4381 Erat
2671 4335 2842 4378 autent
2889 4322 3177 4375 Parasceve
3223 4320 3475 4380 Pascitur,

2544 4426 2603 4473 ut
2661 4415 2904 4470 accurati
2968 4414 3090 4466 libri
3145 4413 3473 4482 prml'erunt,

1918 4518 2203 4587 ipsumque
2237 4509 2582 4580 evangelista:
2609 4521 2772 4560 manu
2814 4503 3146 4572 descriptum
3180 4503 3474 4574 exemplar,

1916 4608 2062 4679 quod
2091 4607 2273 4661 divina
2317 4601 2488 4673 gratia
2520 4599 2584 4652 ad
2616 4601 2729 4650 hate
2760 4611 2932 4665 usque
2963 4605 3206 4664 tempora
3255 4595 3306 4649 in
3350 4612 3477 4650 san.

1915 4699 2159 4754 ctissima
2184 4693 2544 4766 Ephesiorum
2577 4687 2818 4742 Ecclesia
2866 4693 3198 4750 asservatur,
3249 4693 3302 4739 et
3346 4701 3374 4738 a
3419 4687 3478 4762 li-

1914 4791 2127 4845 delihus
2157 4789 2228 4841 ibi
2260 4785 2479 4841 colitur.
2508 4781 2746 4834 Rursum
2777 4792 2940 4847 porro
2964 4776 3038 4829 ait
3070 4775 3207 4829 idem
3242 4791 3478 4846 evange-

1914 4876 2462 4944 lista':Judwiergo.
2493 4873 2738 4944 quoniam
2778 4868 3066 4921 Paraseeve
3097 4877 3245 4943 erat,
3283 4876 3339 4919 ut
3373 4883 3475 4920 non

1918 4978 2240 5026 remanerent
2270 4969 2322 5020 in
2345 4981 2495 5018 cruce
2525 4977 2746 5030 corpora
2763 4958 2991 5013 Sabbato
3010 4972 3027 5019 ;
3049 4965 3160 5009 erat
3195 4956 3330 5009 enim
3357 4971 3475 5008 ma-

1915 5083 2045 5136 gnus
2078 5063 2168 5117 ille
2189 5062 2299 5116 dies
2335 5057 2584 5118 Sabbati;
2618 5060 2930 5122 rogaverunt
2963 5048 3202 5103 Pilatum
3239 5056 3296 5100 ut
3325 5047 3478 5116 fran-

1913 5166 2154 5229 gerentur
2184 5170 2364 5209 eorum
2389 5167 2549 5204 crura
2588 5157 2636 5202 et
2683 5145 3008 5200 tollerentur.
3056 5139 3168 5196 Isto
3200 5140 3365 5210 igitur
3387 5139 3475 5193 die

1915 5266 2024 5319 quo
2063 5247 2237 5302 Judaei
2283 5239 2661 5299 manducaturi
2697 5243 2853 5293 erant
2889 5232 3094 5288 Pascha
3117 5272 3132 5296 ,
3179 5229 3476 5284 cruciﬁxus

1912 5349 1999 5395 est
2031 5339 2294 5394 Dominus
2339 5345 2527 5390 uoster
2571 5340 2626 5386 et
2687 5327 2934 5382 Salvator
2986 5323 3146 5378 Jesus
3188 5322 3474 5385 Christus,

1912 5433 2090 5487 hostia
2121 5430 2298 5484 factus
2329 5429 2396 5482 iis
2423 5427 2517 5497 qui
2558 5419 2828 5491 sumpturi
2876 5423 3030 5472 erant
3077 5413 3234 5477 ﬁdei,
3279 5426 3475 5467 secun-

1632 5541 1655 5571 ³
1682 5541 1808 5596 ibid.
1836 5545 1924 5597 '51.

324 5644 440 5714 ('51)
466 5643 599 5712 llap'
631 5642 914 5710 Ἑϐραίοις
948 5641 1145 5710 σοφοί.
1184 5638 1277 5692 llic
1303 5635 1576 5692 interserit
1617 5644 1803 5692 auctor
1842 5633 2085 5689 Chrom‘ci
2135 5631 2412 5685 Paschalis
2458 5629 2640 5683 locum
2679 5643 2747 5684 ex
2781 5623 3079 5679 Athanasio
3104 5620 3473 5691 desumptum.
