3980 6318
603 375 3711 416 m

1773 540 1910 581 ANNO
1937 541 2122 582 DOIINI
2163 543 2362 584 CCCX"!
2375 544 2638 584 ~CCCXXVI.

1221 716 1428 930 S.
1595 713 3196 929 ALEXANDER

707 1136 712 1142 ’
858 1073 1886 1236 EPISCOPUS
2021 1073 3483 1241 ALEXANDRINUS

1900 1523 2498 1639 NOTITIA

1379 1750 1664 1812 (GALLAND.,
1691 1748 1920 1801 Veterum
1940 1749 2148 1796 Patrum
2175 1745 2400 1811 nihilo/1.,
2431 1751 2510 1811 ιν,
2537 1751 2755 1816 Proleg.,
2779 1768 2826 1816 p.
2855 1757 2975 1822 xix.)

571 1977 610 2032 I.
644 1976 942 2058 Alexander
987 1977 1039 2029 in
1062 1975 1179 2029 sede
1204 1975 1565 2030 Alexandrina
1613 1991 1881 2029 successor
1935 1976 2173 2032 Achillan
2211 1975 2340 2046 Ejus
2393 1976 2600 2028 eximia:
2647 1975 2815 2029 dotes.
2869 1975 3083 2030 Primus
3122 1976 3310 2031 Arium
3359 1974 3542 2029 detexit
3573 1973 3748 2031 damno»

638 2057 825 2116 inique.

568 2140 633 2194 ll.
666 2139 1216 2194 Alexandristudium
1248 2137 1304 2190 in
1329 2136 1515 2191 hceresi
1540 2138 1742 2190 Ariana
1767 2137 2124 2208 proﬂiganda.
2156 2136 2286 2207 Ejus
2319 2137 2428 2193 dies
2451 2146 2500 2191 et
2527 2154 2695 2191 annus
2724 2137 3033 2191 emortualis
3066 2139 3343 2192 statuitur.

565 2220 656 2290 lil.
695 2235 825 2301 Qua:
864 2235 1132 2300 scripserit
1171 2229 1471 2284 Alexander
1521 2230 1589 2282 ad
1622 2231 1866 2284 ha’resim
1897 2231 2159 2284 Arianam
2199 2231 2622 2301 oppugnandam.
2664 2231 2851 2285 Exstat
2889 2232 3002 2300 ejus
3049 2233 3298 2301 epistola,
3339 2229 3621 2285 Alexandro
3654 2225 3746 2279 (ΣΡ.

634 2309 871 2375 episcopo
910 2305 1185 2370 inscripta.

565 2397 653 2451 IV.
702 2396 772 2450 De
791 2396 888 2449 hac
916 2395 1140 2463 epistola
1179 2392 1442 2448 Holstenii
1479 2393 1754 2446 sententia.

565 2493 630 2547 ν.
665 2493 855 2561 Agitur
894 2489 957 2542 de
996 2489 1235 2561 oratione
1276 2486 1565 2539 Alexandri
1599 2487 1666 2539 ad
1707 2491 2130 2561 presbyteroset
2169 2489 2416 2546 diaconos
2469 2473 2854 2545 Alexandrinos
2907 2500 2954 2544 et
2991 2489 3332 2546 Mareoticos.
3381 2491 3508 2545 Item
3544 2491 3600 2544 de
3630 2489 3748 2544 illius

623 2558 851 2630 epistola
888 2559 1174 2629 encyclica,
1211 2573 1326 2628 qua:
1366 2573 1445 2610 res
1483 2568 1654 2626 gestas
1694 2558 1896 2612 exhibet
1937 2561 1990 2612 in
2033 2560 2251 2614 Ariana:
2287 2562 2541 2616 lia-reseas
2579 2571 2787 2615 exortu.

631 2700 676 2757 l.
717 2700 941 2756 Achilla:
967 2699 1060 2770 qui
1088 2697 1285 2769 exiguo
1311 2708 1554 2768 tempore
1588 2712 1617 2750 a
1673 2695 1816 2752 Petri
1869 2701 2130 2771 martyrio
2160 2713 2205 2767 Α
2235 2718 2486 2772 magnum
2507 2703 2822 2768 concilium,
2857 2702 2909 2756 in
2943 2718 3051 2773 quo
3076 2703 3282 2774 impius
3332 2704 3421 2758 ille
3453 2703 3517 2757 ab
3547 2701 3749 2756 Ecclesia

563 2794 984 2851 Alexandrinam
1035 2791 1330 2846 Ecclesiam
1380 2789 1821 2854 administravit,
1871 2790 2132 2848 sull'ectus
2235 2795 2554 2850 exturbatus
2606 2795 2708 2848 fuit
2750 2803 2912 2866 atque
2964 2797 3331 2868 proscriptus.
3362 2796 3426 2850 Et
3454 2798 3637 2852 multas
3661 2796 3754 2867 qui-

558 2895 645 2944 est
695 2884 1003 2941 Alexander
1045 2883 1193 2938 circa
1251 2897 1457 2936 annum
1515 2880 1718 2936 Christi
1775 2882 1899 2939 5-12.
1957 2883 2132 2954 Hujus
2233 2885 2354 2940 dem
2407 2887 2786 2941 amictationes
2847 2888 3157 2958 multosque
3225 2889 3436 2944 labores
3496 2889 3547 2942 in
3593 2886 3750 2941 heresi

563 2978 812 3050 praesulis
847 2975 1075 3032 eximias
1105 2973 1336 3029 virtutes
1385 2987 1523 3043 quas
1571 2973 1798 3027 omnino
1851 2976 2132 3044 praeterire
2232 2975 2431 3030 Ariana
2470 2975 2800 3046 proﬂiganda
2825 2978 3068 3045 pertulit,
3099 2978 3358 3048 quamvis
3385 2994 3561 3039 senex,
3585 2976 3751 3032 beatis-

561 3071 721 3127 libuit
755 3067 1014 3134 Eusebio,
1047 3067 1184 3122 alios
1213 3065 1510 3135 scriptores
1539 3064 1946 3121 ecclesiasticos
1982 3069 2129 3122 omni
2233 3065 2404 3120 simus
2425 3065 2762 3132 Alexander;
2791 3067 2990 3136 quibus
3015 3067 3238 3123 demum
3273 3069 3580 3139 perfunctus
3605 3066 3652 3119 in
3676 3079 3750 3119 ex-

560 3163 721 3219 laude
764 3167 1085 3233 prosecutos
1133 3173 1256 3213 esse
1306 3156 1682 3228 intelligimus.
1719 3155 1929 3212 Passim
1983 3159 2129 3214 enim
2231 3167 2402 3212 trema
2447 3166 2725 3213 senectute
2777 3160 3062 3228 appositus
3093 3169 3176 3216 est
3223 3161 3292 3215 ad
3346 3170 3522 3232 patres
3547 3174 3679 3219 suos,
3705 3163 3752 3208 ιιι

559 3255 714 3310 audit
751 3273 771 3305 ι
817 3252 1143 3322 evangelica:
1175 3249 1439 3305 doctrina:
1493 3257 1868 3320 propugnator
1927 3251 2130 3306 acerri-
2231 3248 2421 3304 scribit
2468 3255 2692 3305 sanctus
2734 3247 3065 3307 Athanasius
3121 3252 3228 3321 (e);
3281 3252 3374 3323 qui
3431 3259 3482 3306 et
3518 3250 3633 3307 alibi
3658 3247 3747 3318 (f):

559 3362 681 3401 mus
712 3345 811 3417 ta),
856 3364 874 3398 ι
916 3347 944 3398 ὁ
971 3345 1213 3413 γενναῖος
1252 3339 1621 3396 ἀπστολικῶν
1659 3340 1940 3411 δογμάτων
1979 3341 2130 3410 γενό-

2236 3356 2254 3388 ‹
2294 3338 2571 3395 Mensibus
2599 3344 2860 3413 quinque,
2895 3343 2971 3396 ait
2998 3345 3051 3411 (a
3083 3343 3265 3398 reditu
3306 3342 3519 3413 Niceas),
3547 3338 3750 3395 nondum

561 3455 719 3510 μενος
753 3438 1032 3509 πρόμαχος
1069 3453 1082 3466 σ
1125 3455 1142 3487 ‹
1189 3435 1614 3504 apostolicorum
1661 3430 1975 3504 dogmatum
2008 3434 2129 3488 vin-
2230 3431 2460 3492 exactis,
2493 3447 2804 3502 supremum
2837 3434 2977 3488 diem
3011 3434 3144 3489 obiit
3183 3437 3356 3490 beata:
3385 3434 3640 3490 memoriae
3658 3431 3751 3484 Ale-

559 3532 665 3586 dcx
692 3536 746 3584 et
768 3537 1029 3599 patronus
1062 3526 1160 3600 (ω,
1198 3546 1216 3578 ι
1248 3527 1276 3579 ὁ
1307 3526 1414 3578 τῶν
1440 3523 1804 3579 ἀποπολικῶν
1847 3525 2128 3596 δογμάτων

2238 3523 2482 3577 xander:
2526 3543 2544 3574 ιι
2579 3523 2730 3577 οὔπω
2773 3523 2880 3595 γὰρ
2917 3524 3077 3577 πέντε
3122 3525 3296 3597 μῆνες
3339 3527 3626 3600 παρῆλθον,
3652 3527 3761 3580 καὶὸ

559 3624 860 3693 συνήγορος
882 3639 896 3651 ·
932 3631 1094 3690 atque
1127 3620 1196 3690 (c)
1231 3619 1422 3674 divina:
1472 3618 1598 3689 ﬁdei
1645 3621 1980 3688 episcopus...
2011 3621 2124 3690 ple-

2238 3613 2336 3684 μὲν
2385 3616 2692 3688 μακαρίτης
2741 3615 3081 3689 Ἀλέξανδρος
3106 3618 3512 3694 τετελεύτηκεν.
3540 3623 3693 3689 Atque
3720 3619 3759 3670 in

555 3729 655 3766 nus
687 3712 971 3780 sapientia,
1019 3720 1067 3764 et
1103 3710 1307 3778 Spiritu
1355 3719 1538 3764 sancto
1589 3711 1815 3780 fert-ens.
1856 3709 2125 3765 Nimirum
2227 3705 2472 3759 eamdem
2508 3707 2833 3761 sententiam
2865 3706 3231 3764 Theodoritus
3267 3709 3341 3780 lg)
3387 3727 3401 3763 :
3441 3726 3459 3759 ‹
3497 3706 3642 3768 Cum,
3681 3702 3751 3756 in-

554 3803 860 3859 Alexander
881 3802 1070 3856 Arium
1109 3803 1316 3872 primus
1361 3811 1417 3858 et
1457 3803 1662 3858 detexit
1703 3813 1757 3859 et
1805 3804 2122 3870 damnavit;
2226 3796 2366 3866 quit,
2403 3797 2742 3853 admirabilis
2777 3799 2868 3853 ille
2897 3800 3190 3870 episcopus
3222 3801 3528 3856 Alexander
3549 3797 3635 3869 qui
3659 3793 3751 3848 Arii

555 3911 945 3966 sacrarumque
999 3895 1299 3948 litterarum
1348 3895 1591 3964 vestigiis
1636 3894 1918 3959 insistens,
1950 3903 2009 3948 ut
2050 3895 2125 3949 ait
2227 3887 2620 3958 blasphemiam
2669 3893 3018 3962 expugnavit,
3060 3902 3185 3963 post
3220 3896 3466 3965 quinque
3511 3899 3752 3946 mensesa

555 3989 918 4046 Theodoritus
942 3986 1044 4059 (ά),
1079 3984 1276 4040 Filium
1304 3985 1418 4049 Dei,
1447 4001 1607 4055 quem
1638 3985 1926 4041 haereticus
1961 3985 2121 4040 homo
2153 4053 2187 4059 _
2227 3980 2434 4051 synodo
2463 3979 2676 4035 Nicaena
2699 3982 2912 4036 vivendi
2943 3982 3103 4037 linem
3137 3984 3383 4048 fecisset,
3413 3980 3752 4039 Alexandrina:

553 4090 864 4139 creaturam
898 4089 952 4136 et
996 4080 1262 4134 facturam
1291 4077 1542 4141 vocabat,
1605 4076 1849 4145 ejusdem
1879 4093 2002 4132 esse
2030 4076 2115 4130 di-
2151 4053 2194 4108 B
2226 4073 2482 4128 Ecclesiae
2523 4075 2873 4142 praesulatum
2915 4075 3255 4132 Athanasius
3292 4077 3552 4148 suscepit.
3591 4093 3607 4126 ι
3651 4069 3751 4124 Ηωο

552 4175 774 4248 gnitatis
802 4189 923 4228 cum
945 4171 1126 4237 Patre,
1161 4170 1514 4238 eamdemque
1538 4184 1660 4223 cum
1685 4167 1794 4223 Deo
1820 4168 1913 4238 qui
1943 4169 2119 4238 ipsum
2223 4167 2332 4221 ille.
2369 4165 2540 4233 Quam
2565 4167 2784 4237 quidem
2810 4170 3068 4238 temporis
3101 4171 3466 4233 notationem,
3517 4175 3572 4222 ut
3597 4164 3754 4218 adver-

549 4267 759 4338 genuit,
803 4265 1000 4319 habere
1023 4260 1385 4318 substantiam
1409 4258 1647 4313 edocuit.
2222 4258 2286 4312 tit
2327 4260 2574 4315 eruditus
2621 4258 2952 4331 Lequienius
2985 4260 3082 4332 (Ii),
3139 4262 3191 4316 in
3240 4262 3507 4333 singulari
3552 4255 3752 4330 quadam

623 4352 686 4408 ll.
727 4351 792 4406 Et
824 4352 1059 4422 primum
1113 4349 1332 4418 quidem
1383 4349 1606 4404 monitis
1655 4358 1708 4404 et
1747 4350 1992 4406 consiliis
2021 4350 2120 4405 ho-
2219 4350 2696 4407 dissertatiuncula
2717 4353 3023 4408 edissercns
3051 4354 3410 4409 doctissimus
3455 4351 3753 4407 Montl'auco-

548 4443 749 4498 minem
777 4443 844 4497 ab
891 4442 1142 4496 instituto
1187 4455 1445 4495 revocare
1494 4442 1724 4496 studuit.
1770 4442 1838 4495 At
1870 4442 1960 4496 ubi
1993 4459 2116 4498 eum
2220 4446 2365 4508 nius,
2396 4445 2634 4500 ostendit
2658 4444 3022 4499 Alexandrum
3052 4446 3256 4502 obiisse
3301 4448 3391 4502 die
3410 4444 3481 4500 22
3505 4438 3750 4498 Barmudte

549 4535 791 4591 insanire
825 4548 1088 4603 suamque
1116 4532 1447 4602 impietatem
1479 4534 1655 4602 palam
1681 4533 1979 4603 praedicare
2001 4535 2119 4587 aui-
2220 4553 2316 4591 seu
2366 4535 2708 4597 Pharmuthi,
2750 4534 2884 4590 feria
2927 4552 2986 4600 ιι,
3040 4537 3242 4607 Aprilis
3295 4540 3470 4593 nostri
3507 4537 3590 4598 17,
3631 4517 3752 4587 οηηό

547 4627 1079 4682 madvertitsanctus
1102 4625 1372 4689 antistes,
1417 4624 1758 4680 Alexandria:
1795 4636 1980 4678 coacta
2009 4640 2116 4678 una
2219 4627 2446 4697 proinde
2497 4627 2669 4681 altero
2733 4635 2857 4698 post
2910 4627 3181 4683 Nicaenam
3253 4629 3566 4699 synodum,
3629 4620 3752 4678 scili.

544 4727 599 4774 et
628 4719 799 4774 altera
835 4716 1044 4790 synodo
1073 4716 1454 4786 episcoporum
1490 4714 1731 4787 Egypti,
1779 4731 1844 4770 ex
1885 4717 2113 4788 presby-
2217 4725 2304 4772 cet
2334 4719 2458 4774 526.

552 4820 794 4865 terorum
826 4810 1018 4865 ordine
1050 4808 1200 4862 illum
1249 4808 1519 4878 deiectum
1559 4805 1817 4862 Ecclesia:
1871 4823 2114 4861 commu-
2286 4808 2374 4864 Ill.
2420 4809 2652 4882 Scripsit
2701 4811 3008 4867 Alexander
3059 4812 3374 4882 encyclicas
3428 4811 3496 4865 ad
3541 4805 3752 4877 singulos

549 4901 712 4954 nione
753 4899 1004 4968 privavit.
1047 4897 1185 4951 Tum
1228 4912 1359 4952 vero
1408 4897 1720 4966 hujusmodi
1773 4897 2114 4950 anathemate

2213 4900 2499 4970 episcopos
2553 4902 2782 4966 litteras,
2827 4905 2937 4966 τοῖς
2981 4903 3296 4972 ἁπανταχοῦ
3332 4902 3475 4956 κατά
3506 4901 3666 4958 πόλιν,
3708 4906 3754 4948 ιιι

545 4991 828 5060 perculsus
859 4987 1243 5052 haeresiarcha,
1277 5003 1402 5042 cum
1434 4987 1608 5056 magis
1631 4985 1808 5040 adhuc
1833 4986 2113 5056 magisque
2213 5007 2279 5046 ex
2308 4989 2531 5046 Socrate
2556 4995 2922 5062 comperimus
2959 4993 3044 5065 (i),
3077 4995 3284 5064 quibus
3330 4995 3577 5049 haeresim
3620 4987 3753 5042 Aria-
3786 5011 3790 5040 ε
3883 5001 3885 5045 ς

543 5082 726 5136 furere
774 5088 1042 5150 pergeret,
1087 5093 1230 5133 anno
1264 5078 1482 5132 tandem
1539 5077 1644 5132 525
1696 5076 1886 5132 Nicaeae
1916 5076 1972 5129 in
2023 5074 2112 5129 Bi-
2213 5099 2336 5137 nam
2373 5085 2754 5154 oppugnabat;
2790 5101 2992 5156 easque
3018 5086 3186 5142 ferme
3234 5088 3581 5158 septuaginta
3610 5082 3754 5136 fuisse

537 5174 728 5244 thynia
767 5188 830 5227 ex
858 5173 1115 5228 universo
1141 5170 1454 5227 Christiano
1483 5171 1614 5226 orbe
1637 5176 1996 5226 convocatum
2027 5175 2110 5223 est
2213 5171 2377 5228 refert
2400 5171 2740 5244 Epiphanius
2771 5175 2855 5246 (j).
2890 5175 3029 5232 Suas
3059 5191 3222 5246 porro
3254 5179 3520 5247 epistolas
3553 5172 3754 5244 vigilan-

609 5349 688 5426 (ᾳ)
722 5349 997 5426 :l‘heodor.
1042 5349 1186 5406 Hist.
1216 5351 1368 5415 eccl.,
1392 5351 1488 5409 lib.
1524 5366 1564 5415 ι,
1593 5365 1714 5420 cap.
1745 5350 1799 5406 2.
2289 5350 2354 5421 (f)
2393 5351 2468 5426 l_d_.
2514 5350 2748 5426 Apotog_._
2763 5363 2935 5426 contr.
2974 5355 3189 5426 Arium,
3227 5354 3254 5425 §
3284 5354 3376 5418 59,
3408 5369 3528 5426 pag.
3563 5348 3671 5403 178.

610 5423 686 5489 (b)
713 5421 800 5495 Ald.
838 5420 966 5495 ibid.
1063 5488 1105 5495 _
1293 5491 1314 5495 _
1337 5492 1366 5495 __
1420 5491 1450 5495 __
1755 5489 1768 5495 _
1815 5489 1826 5495 _
1873 5488 1884 5495 _
2288 5420 2360 5495 (gi)
2392 5421 2664 5495 Theudor.
2687 5420 3024 5495 [listtecclq
3057 5425 3153 5479 lib.
3179 5420 3365 5495 ῃξξψ.
3397 5420 3490 5482 ili.

608 5488 680 5567 (c)
712 5493 952 5567 Marce".
980 5500 1037 5567 et_
1063 5488 1251 5546 Faust.
1284 5491 1467 5547 Libell.
1493 5507 1655 5560 prec.,
1687 5489 1788 5544 sub
1814 5488 1933 5543 init.
2286 5488 2362 5567 (lt)
2384 5492 2656 5567 Lequiep.
2700 5491 2796 5546 0r.
2832 5491 3055 5567 Christ,
3089 5488 3222 5550 tom.
3248 5488 3469 5567 ll,'pag.
3494 5489 3612 5549 599-

611 5561 687 5634 (d)
719 5562 993 5638 Theodoi.
1023 5562 1062 5638 l.
1092 5576 1142 5616 c.
1196 5631 1207 5638 _
1307 5633 1318 5638 _
1449 5630 1490 5638 __
1710 5630 1731 5638 _
1768 5630 1825 5638 Α-
1897 5637 1902 5638 γ
2060 5627 2079 5638 _
2283 5563 2348 5638 (ἢ)
2381 5561 2536 5638 _S_ocr.
2576 5562 2721 5638 Ilist.
2753 5566 2881 5619 eccl.
2920 5564 3087 5638 lib._i,
3114 5581 3235 5638 cap.
3271 5566 3325 5619 6.

537 5625 909 5780 μὲῖξέέἓιοη.
934 5625 1104 5702 Epist.
1140 5631 1207 5685 ad
1235 5633 1394 5702 episc.
1421 5630 1657 5702 Egypt,
1708 5630 1734 5701 §
1766 5630 1856 5698 2|,
1889 5637 2022 5686 tom.
2060 5627 2100 5698 l,
2279 5625 2345 5704 (j)
2384 5631 2576 5704 Epiph.
2607 5634 2737 5689 hier.
2776 5649 2925 5701 ulx,
2958 5633 2985 5704 §
3018 5636 3070 5691 4.
