3980 6318
244 253 346 310 525

1222 270 1276 325 s.
1320 266 1735 329 ALEXANDER
1774 234 1979 333 Atax.
2009 312 2077 319 —
2101 276 2399 337 NOTITIA.

3355 299 3456 354 5‘26

244 371 505 425 tissimum
555 377 841 444 praesulem
888 396 1011 434 cum
1059 382 1124 438 iis
1170 400 1306 454 quas
1361 387 1427 439 ad
1481 389 1658 458 ipsum
1708 405 1796 445 re-
1824 399 1872 455 Α
1901 392 2165 447 circulum
2197 397 2365 451 missa
2393 398 2697 453 ostendam.
2738 396 2923 472 Neque
2963 421 3062 475 ego
3094 407 3180 463 hic
3208 408 3459 471 Theodo-

240 462 575 530 scripscrunt
594 467 838 537 episcopi
871 485 967 538 per
1015 473 1254 542 singulas
1295 476 1456 531 urbes
1487 480 1793 545 constituti,

239 568 330 622 pro
355 555 643 611 catholica!
666 562 947 615 sententiae
978 562 1292 620 defensione
1331 569 1385 622 in
1436 585 1602 623 unum
1637 573 1793 625 volu-

236 660 351 698 men
381 649 752 716 congessisse.
782 663 976 721 praeter
1008 652 1284 710 Socratem
1322 659 1397 729 (a)
1432 670 1662 715 testatur
1693 660 1793 717 So-

235 753 495 794 zomenus
519 740 621 811 (ὁ).
648 743 718 797 At
738 760 804 797 e-x
842 748 1094 804 omnibus
1122 751 1365 819 epistolis
1388 769 1525 822 quas
1555 755 1791 811 Alexan-

232 828 383 882 drum
419 834 810 904 perscripsisse
843 838 1010 893 tradit
1037 844 1355 912 antiquitas,
1398 846 1519 901 duae
1549 855 1789 902 tantum-

228 924 385 978 modo
398 926 625 996 integra:
641 930 800 985 hodie
817 945 1095 1003 superant;
1111 938 1306 1007 quibus
1324 939 1529 995 accedit
1544 942 1787 1010 ejusdem

227 1015 521 1071 Alexandri
553 1020 735 1076 brevis
763 1024 1018 1080 allocutio
1048 1026 1114 1081 de
1142 1028 1254 1082 Arii
1290 1040 1344 1085 et
1372 1033 1643 1086 sociorum
1689 1035 1786 1089 de-

225 1108 498 1175 positione
519 1112 587 1163 ad
615 1114 961 1186 presbyteros
995 1127 1047 1172 ct
1079 1119 1342 1176 diaconos
1365 1122 1702 1179 Alexandria:
1726 1133 1786 1180 et

223 1198 495 1256 Mareotin.
546 1204 907 1273 Epistolarum
942 1208 1123 1279 itaque
1156 1212 1305 1281 prior
1332 1229 1491 1283 quam
1536 1214 1784 1270 Theodo-

221 1291 319 1345 rito
344 1303 629 1364 acceptam
661 1298 947 1355 referimus
994 1302 1085 1372 (ε),
1115 1303 1446 1375 homonymo
1477 1306 1782 1362 Alexandro

219 1383 823 1459 Constantinopolitano
847 1393 1102 1464 episcopo
1125 1395 1463 1453 inscribitur.
1490 1398 1637 1453 Hanc
1656 1417 1781 1455 vero

219 1479 510 1546 epistolam
545 1490 665 1551 post
689 1484 1015 1539 celebratam
1066 1488 1330 1557 synodum
1360 1489 1777 1545 Alexandrinam

218 1565 389 1621 fuisse
436 1578 741 1633 exaratam,
780 1588 845 1627 ex
887 1574 954 1628 iis
995 1584 1329 1645 compertum
1367 1566 1626 1634 habemus
1659 1598 1777 1650 quae

211 1659 308 1712 sub
335 1661 559 1715 initium
589 1674 903 1721 occurrunt.
939 1667 1030 1721 Sic
1058 1670 1201 1723 enim
1229 1679 1450 1726 sanctus
1474 1671 1634 1726 Pater
1654 1674 1730 1743 (ά)
1759 1694 1770 1727 :

1903 483 2008 537 rito
2048 482 2256 543 futiem
2297 486 2496 543 Celasii
2542 493 2795 564 Cyziceni
2843 496 3149 557 Diobolaris
3210 506 3458 578 ῥαψῳδοῦ

1897 579 2277 633 auctoritatem
2324 585 2689 650 opposuerim,
2741 589 2833 658 qui
2868 591 3236 650 Alexandrum
3290 602 3455 656 istum

1896 666 1998 721 hoc
2029 676 2272 739 tempore
2300 670 2404 728 CP.
2442 673 2697 733 Ecclesiae
2730 680 2963 736 necdum
3006 688 3289 753 prtefuisse
3315 693 3457 745 allii--

1893 769 2042 827 mat;
2069 778 2341 834 quemque
2368 768 2529 836 paulo
2582 780 2706 839 post
2751 771 2972 830 Nicmno
3001 780 3237 835 concilio
3274 785 3456 853 priva-

1893 857 2006 904 tum
2039 854 2217 909 adhuc
2247 859 2623 930 presbyterum
2672 880 2771 934 pro
2821 868 3169 940 Metrophane
3209 885 3454 935 extrema

1890 952 2170 1000 senectute
2206 949 2455 1006 confecto
2501 953 2815 1014 interfuisse
2848 962 3060 1020 scribit.
3091 963 3260 1035 Cujus
3295 968 3454 1025 fidem

1890 1032 2083 1089 incerti
2111 1053 2326 1109 quoque
2351 1047 2855 1105 auctoris-narratio
2882 1053 2949 1107 de
2977 1069 3208 1112 cccxvni
3245 1058 3451 1116 Nicaeui

1887 1126 2102 1181 concilii
2137 1128 2389 1187 Patribus
2419 1138 2686 1206 sequitur,
2717 1158 2837 1211 qua;
2867 1144 2920 1197 in
2970 1144 3213 1203 Historia
3240 1163 3451 1207 sancto-

1885 1234 2001 1271 rum
2031 1218 2316 1290 Lipomani
2344 1238 2554 1295 exstat;
2586 1233 2745 1301 cujus
2772 1239 3051 1308 exemplar
3079 1256 3147 1297 ex
3183 1246 3331 1315 regio
3352 1237 3449 1301 co-

1882 1306 2004 1363 dice
2030 1310 2084 1363 in
2116 1310 2306 1369 Galliis
2337 1317 2630 1387 aliquando
2652 1337 2741 1399 me
2761 1306 3177 1399 transcripsisse
3201 1306 3442 1392 memini.

1883 1397 2029 1467 Htec,
2063 1402 2306 1474 inquam,
2339 1410 2473 1463 tanti
2506 1427 2612 1465 non
2645 1398 2793 1478 sunt,
2836 1424 2895 1470 ut
2938 1397 3256 1477 Theodoriti
3304 1426 3442 1480 alio-

1882 1507 2111 1564 rumque
2140 1499 2427 1555 meliorum
2480 1512 2767 1561 auctorum
2819 1510 2979 1565 ﬁdem
3013 1515 3155 1582 apud
3196 1531 3297 1572 nos
3331 1520 3443 1572 ele-

1880 1593 2025 1641 vem.
2068 1608 2085 1639 ι
2119 1588 2393 1647 Hactenus
2425 1594 2758 1654 Holsteuius.
2801 1600 2989 1672 Neque
3033 1606 3129 1661 abs
3172 1624 3231 1663 re
3280 1609 3443 1665 fuerit

1879 1682 2164 1739 consulere
2216 1684 2699 1757 Montfauconium,
2752 1696 2845 1764 qui
2889 1698 3101 1752 erudite
3147 1701 3439 1758 admodum

215 1770 233 1799 ε
272 1753 352 1806 Ac
388 1771 493 1809 nos
528 1756 764 1826 quidem,
799 1761 993 1831 inquit,
1030 1776 1151 1817 cum
1183 1779 1244 1818 ea
1296 1780 1415 1834 qua:
1459 1766 1582 1820 vita:
1628 1768 1774 1837 ipso-
1806 1788 1846 1839 Β
1883 1768 2111 1840 inquirit
2141 1773 2225 1843 (i),
2270 1776 2398 1844 quid
2432 1778 2503 1832 sit
2541 1780 2644 1835 hac
2674 1753 2791 1852 ipsa
2827 1783 2883 1838 in
2913 1786 3141 1855 epistola
3177 1789 3239 1861 (j)
3275 1792 3439 1863 τόμος

206 1861 320 1899 rum
361 1847 734 1917 (Arianorum)
764 1868 827 1906 ac
858 1855 1078 1910 nefariis
1113 1858 1401 1912 conatibus
1432 1868 1766 1930 competunt,

209 1940 385 1997 serius
415 1952 637 2014 propter
668 1945 909 2015 ipsorum
932 1949 1164 2004 latebras
1188 1952 1766 2030 deprehendissemus;

207 2037 488 2089 communi
517 2038 760 2092 omnium
791 2039 1050 2111 suffragio
1080 2058 1145 2097 ex
1171 2054 1313 2098 cmtu
1355 2043 1613 2100 Ecclesiae
1650 2064 1768 2116 qua}

206 2128 408 2183 Christi
438 2129 776 2186 divinitatem
806 2133 1014 2199 adorat,
1047 2151 1141 2189 eos
1168 2137 1447 2205 ejecimus.
1482 2158 1500 2189 1
1538 2138 1766 2194 Praeter-

205 2237 282 2283 ea.
309 2230 377 2276 ut
410 2223 671 2279 observat
699 2226 769 2280 cl.
796 2224 1068 2291 Valesius,
1098 2245 1161 2283 ex
1210 2231 1316 2285 alio
1356 2232 1600 2301 ejusdem
1651 2234 1765 2304 epi-

205 2315 355 2368 stolae
388 2315 511 2369 loco
544 2316 613 2388 (e)
636 2316 899 2374 discimus
928 2336 1047 2374 eam
1079 2322 1370 2393 scripsisse
1394 2326 1762 2381 Alexandrum

204 2412 320 2460 ante
358 2408 509 2462 illam
541 2425 703 2479 quam
730 2410 795 2463 ad
832 2427 1020 2467 omnes
1052 2413 1323 2471 Ecelesias
1342 2417 1555 2473 direxit.
1583 2418 1763 2489 Siqui-

205 2495 317 2550 dem
348 2514 417 2553 eo
447 2500 558 2553 loci
598 2502 677 2556 sic
709 2502 948 2572 loquitur
979 2505 1169 2561 beatus
1209 2509 1472 2565 antistes:
1509 2530 1527 2563 ‹
1568 2508 1761 2568 Nescio

204 2606 302 2659 quo
328 2593 498 2647 modo
526 2594 761 2651 ordinati
782 2596 838 2651 in
864 2596 1018 2668 Syria
1040 2607 1149 2655 tres
1170 2602 1430 2672 episcopi,
1460 2603 1569 2659 illis
1592 2603 1761 2667 (Aria-

204 2681 302 2750 nis)
338 2686 762 2751 consentiendo,
790 2701 885 2741 eos
910 2688 976 2742 ad
999 2689 1186 2759 pejora
1213 2691 1458 2746 incitant.
1502 2714 1519 2743 ι
1556 2694 1759 2749 Intelli-

200 2770 267 2839 git
292 2773 581 2835 nimirum,
614 2777 689 2828 ait
712 2777 794 2830 vir
816 2779 1038 2834 criticus
1063 2781 1151 2851 (ι’),
1181 2781 1471 2837 Eusebium
1499 2782 1758 2840 Caesareae

202 2861 499 2919 Palwstinaa
552 2867 909 2938 episcopum,
977 2870 1315 2927 Theodotum
1369 2874 1649 2932 Laodicea:
1702 2887 1756 2933 et

199 2954 481 3011 Paulinum
513 2958 643 3030 Tyri
686 2980 699 3015 :
755 2962 851 3017 hos
894 2965 1038 3018 enim
1084 2967 1425 3022 anathemate
1470 2969 1754 3025 damnatos

200 3046 360 3103 fuisse
395 3065 426 3102 a
460 3060 646 3106 nostro
681 3056 910 3123 praesule
931 3056 1301 3112 Alexandrino
1330 3067 1561 3115 testatur
1592 3062 1753 3117 Arius

1875 1865 1990 1919 sive
2020 1873 2201 1922 tomus
2243 1870 2353 1935 ille,
2376 1886 2535 1940 quem
2556 1876 2825 1946 episcopis
2854 1893 2950 1946 per
2980 1881 3165 1935 orbem
3194 1884 3437 1940 subscri—

1872 1955 2109 2012 bendum
2155 1960 2461 2019 Alexander
2498 1967 2897 2026 Alexandrinus
2947 1973 3013 2027 ad
3063 1974 3432 2032 Alexandrum

1870 2048 2187 2119 Byzantium
2218 2056 2386 2112 misit.

1940 2141 2002 2195 V.
2048 2143 2120 2198 De
2171 2147 2395 2217 reliquis
2440 2151 2654 2209 duobus
2709 2156 3011 2212 litterarum
3063 2165 3429 2218 monumentis

1862 2249 1987 2302 quae
2034 2239 2285 2306 superius
2327 2243 2626 2312 excipiunt,
2662 2262 2785 2303 cum
2816 2265 2878 2303 ea
2916 2252 3027 2305 sint
3060 2268 3125 2307 ex
3168 2257 3430 2324 praeclara

1864 2325 2361 2385 Athanasianorum
2402 2334 2639 2392 editione
2682 2339 2977 2411 descripta,
3035 2354 3255 2412 priestat
3302 2362 3429 2417 pro-

1866 2424 2051 2484 pterea
2078 2420 2369 2490 ipsummet
2396 2428 2809 2485 celeberrimum
2837 2435 3101 2492 editorem
3147 2440 3220 2492 ita
3248 2439 3317 2495 de
3360 2443 3428 2497 iis

1864 2511 2282 2581 pmloquentem
2312 2518 2500 2574 audire
2524 2520 2596 2592 (It)
2625 2540 2640 2577 :
2675 2540 2694 2574 ι
2725 2524 2970 2590 Edimus,
3002 2529 3196 2599 inquit,
3221 2535 3430 2587 Καθαί-

1853 2616 2031 2667 ρεσιν
2057 2618 2153 2657 seu
2186 2604 2575 2675 Depositionem
2609 2614 2717 2668 Arii
2746 2626 2799 2669 et
2819 2619 3118 2685 sociorum,
3152 2623 3227 2676 ita
3276 2626 3428 2680 scili-

1861 2702 1947 2749 cet
1976 2708 2341 2767 nuncupatom
2372 2700 2425 2754 in
2451 2703 2644 2758 codice
2661 2708 2822 2776 Regio
2853 2710 2997 2765 unde
3043 2729 3108 2767 ea
3140 2713 3429 2784 desumpta

1859 2793 1944 2838 est
1969 2803 1982 2851 ;
2017 2788 2140 2842 licet
2174 2792 2391 2861 proprie
2412 2794 2548 2847 nihil
2578 2795 2669 2850 illa
2702 2799 2773 2851 sit
2802 2799 2948 2853 aliud
2980 2804 3086 2856 nisi
3116 2806 3291 2860 oratio
3317 2823 3426 2877 qua

1858 2872 2166 2930 Alexander
2232 2881 2680 2953 archiepiscopus
2749 2889 2956 2945 accitos
3025 2892 3424 2953 Alexandrinos

1858 2963 2285 3049 Mareoticosque
2326 2975 2674 3045 presbyteros
2721 2990 2883 3050 atque
2911 2984 3192 3049 diaconos,
3238 3002 3422 3043 coram

1857 3046 2126 3123 hortatur,
2164 3068 2221 3113 ut
2252 3066 2581 3134 encyclicam
2612 3084 2769 3123 suam
2799 3072 3086 3141 epistolam
3137 3092 3243 3146 qua
3293 3096 3422 3135 11111·-

2357 3125 2372 3134 ν
2832 3125 2854 3141 τ
2903 3125 2907 3126 ί
2954 3125 2964 3127 _
3142 3125 3243 3146 1“
3294 3125 3419 3135 παρ

195 3140 241 3193 in
260 3143 497 3210 epistola
523 3145 588 3197 ad
615 3143 905 3200 Eusebium
930 3146 1393 3206 Nicomediensem
1413 3155 1749 3224 episcopum,
1781 3125 1829 3184 Ο
1860 3155 2012 3202 1‘3""
2058 3150 2173 3205 Arii
2205 3156 2588 3227 sociorumque
2613 3159 2911 3227 damnatio,
2942 3167 3194 3221 muniam
3226 3169 3424 3225 Sllﬂ'l‘a-

193 3248 342 3299 quam
372 3236 574 3289 recitat
606 3236 971 3294 Theodoritus
998 3241 1095 3311 (g).
1128 3244 1296 3312 Cujus
1338 3247 1557 3315 quidem
1593 3249 1753 3303 Nico-

192 3326 482 3381 mediensis
508 3328 751 3399 episcopi
788 3332 1114 3386 mentionem
1150 3333 1329 3391 facere
1361 3338 1503 3392 haud
1530 3342 1751 3395 omisis-

190 3425 263 3468 set
292 3418 605 3474 Alexander
636 3422 690 3474 in
727 3422 833 3489 hac
872 3424 937 3477 ad
978 3428 1351 3495 cognominem
1386 3431 1748 3487 Alexandrum

188 3511 432 3577 epistola,
472 3517 517 3566 si
540 3529 662 3567 eam
692 3515 814 3569 loco
834 3521 1134 3585 posteriore
1165 3514 1501 3591 scripsisset.

249 3601 331 3656 ιν.
372 3602 644 3659 Caeterum
674 3608 742 3661 ad
767 3608 1010 3677 ejusdem
1045 3614 1288 3682 epistolae
1335 3615 1743 3687 inscriptionem

185 3702 315 3767 quod
352 3702 576 3767 attinet,
626 3712 824 3773 praeter
850 3722 913 3761 ea
942 3724 1062 3778 qua:
1108 3711 1176 3764 ad
1221 3712 1367 3766 illam
1401 3730 1466 3769 ex
1501 3714 1665 3786 Pagio
1691 3728 1745 3771 et

184 3790 395 3848 Baluzio
436 3796 842 3861 adnotavimus.
869 3804 1190 3856 sententiam
1218 3803 1486 3861 llolstenii
1516 3810 1617 3862 viri
1642 3810 1741 3862 du-

184 3884 403 3940 ctissimi
450 3888 555 3942 huc
587 3890 859 3946 adducere
884 3894 1107 3961 juverit.
1144 3895 1238 3950 Sic
1272 3898 1435 3968 igitur
1480 3901 1568 3954 ille
1606 3902 1681 3971 (lt)
1725 3923 1737 3957 :

186 3990 202 4023 t
233 3975 365 4031 Cum
418 3979 477 4031 in
531 3980 635 4033 hac
668 3981 917 4049 epistola,
972 4001 1078 4039 non
1128 4003 1293 4040 unum
1348 3990 1602 4059 aliquem.
1646 3995 1737 4045 scd

182 4066 349 4133 plures
380 4071 623 4125 subinde
652 4063 1438 4145 alloquaturAlexanderp...’
1469 4084 1597 4136 mihi
1633 4086 1736 4138 lixa

181 4158 278 4213 haec
324 4163 485 4218 sedet
514 4166 804 4232 sententia,
856 4185 965 4222 non
1020 4171 1281 4239 privatam
1333 4174 1568 4243 aliquam
1626 4178 1738 4231 sive

177 4257 547 4311 tractatoriam
596 4258 737 4313 hanc
781 4262 1062 4331 epistolam
1111 4279 1255 4328 esse,
1286 4266 1379 4319 sed
1413 4266 1735 4323 circularem

176 4356 230 4394 ac
258 4347 596 4412 generalem,
640 4351 860 4403 missam
888 4353 953 4405 ad
979 4354 1226 4407 diversos
1262 4352 1490 4423 Europa:
1520 4356 1734 4423 episco-

1857 3240 1945 3307 gio
1978 3257 2077 3294 suo
2110 3255 2273 3313 atque
2296 3248 2716 3319 subscriptione.
2754 3253 2868 3308 Hoc
2905 3260 3228 3325 opusculum
3260 3272 3420 3317 antea

1858 3334 2122 3390 ineditum
2152 3337 2217 3392 ν.
2248 3339 2307 3395 C.
2339 3339 2643 3398 Cotelerius
2675 3346 2789 3401 suis
2812 3348 2879 3401 ad
2910 3348 3012 3403 PP.
3035 3351 3194 3420 primi
3232 3358 3419 3411 saeculi

1857 3431 2001 3483 notis
2036 3432 2264 3485 inseruit
2296 3432 2380 3501 (ι),
2415 3452 2484 3490 ne
2514 3438 2719 3492 scilicet
2745 3456 2971 3509 prorsus
3004 3444 3271 3504 interiret.
3308 3448 3417 3505 Sed

1853 3536 1975 3573 cum
2007 3530 2159 3575 extra
2207 3526 2485 3593 proprium
2540 3528 2719 3582 locum
2775 3532 2846 3585 ibi
2898 3536 3135 3603 positum
3180 3539 3272 3602 sit,
3307 3541 3415 3595 huc

1851 3614 2025 3666 visum
2054 3622 2136 3666 est
2171 3616 2430 3683 adjicere.
2462 3633 2584 3671 cum
2620 3624 2919 3689 prtesertim
2967 3627 3416 3697 implicatissimis

1848 3707 2175 3761 Arianorum
2206 3711 2446 3765 exordiis
2482 3713 2622 3766 haud
2654 3731 2841 3783 parum
2874 3719 3011 3773 lucis
3034 3721 3241 3778 afferat.

1919 3795 2056 3851 Huic
2090 3800 2438 3871 adjungimus
2468 3806 2802 3875 encyc‘licam
2853 3811 3143 3867 Alexandri
3200 3818 3407 3887 episto-

1846 3889 1974 3950 lam,
2024 3906 2144 3959 quaa
2194 3893 2267 3946 ita
2318 3895 2639 3963 praecedenti
2696 3898 3020 3969 Depositioni
3052 3907 3305 3971 cohmret,
3348 3921 3409 3963 ut

1846 3982 2155 4038 nullatenus
2195 3986 2388 4040 debeat
2419 3988 2485 4042 ab
2518 4004 2580 4042 ea
2633 3996 2905 4063 segregari
2954 4016 2965 4050 :
3019 4014 3187 4067 quare
3231 4018 3407 4071 operte

1843 4073 2075 4139 pretium
2123 4075 2223 4128 fuit
2262 4077 2382 4132 illas
2409 4079 2641 4135 invicem
2692 4085 2973 4153 sejunctas
3005 4088 3093 4144 hic
3124 4094 3401 4161 copulare,

1841 4174 2000 4232 prout
2032 4167 2083 4218 in
2111 4168 2298 4221 eodem
2318 4168 2477 4240 Hegio
2521 4174 2712 4229 codice
2746 4177 2950 4245 jacent.
3004 4179 3241 4236 [labetur
3290 4186 3404 4239 haec

1838 4256 2067 4323 epistola
2102 4261 2243 4326 apud
2270 4259 2552 4317 Socratem
2587 4265 2708 4335 (γη),
2738 4269 2831 4321 sed
2862 4271 3051 4325 multis
3075 4276 3284 4327 mendis
3312 4292 3400 4330 rc-

1840 4360 2049 4413 spersa,
2112 4350 2599 4423 desideranturqne
2631 4357 2701 4409 ibi
2732 4359 3079 4416 Alexandrini
3113 4366 3240 4419 clcri
3268 4368 3399 4422 sub-

176 4450 279 4501 ρος.
309 4438 474 4504 Quod
504 4456 666 4494 nemo
696 4442 851 4497 facile
889 4448 1183 4513 negaverit,
1215 4448 1307 4516 qui
1338 4447 1501 4515 hujus
1526 4449 1729 4517 ερῖειο-
1762 4479 1810 4531 D
1840 4440 2193 4509 scriptiones.
2223 4443 2353 4497 ltem
2385 4447 2683 4516 legiturilla
2703 4451 2845 4519 apud
2870 4452 3144 4509 Gelasium
3175 4458 3250 4529 (η)
3275 4474 3399 4514 cum

176 4529 229 4579 lae
257 4541 468 4597 partem
503 4542 822 4596 extremam,
859 4545 912 4590 et
932 4538 1427 4592 ecclesiasticarum
1473 4540 1731 4609 epistola-

176 4633 280 4672 nlm
314 4622 555 4676 formam
577 4626 904 4696 modumque
930 4646 1035 4681 non
1071 4631 1228 4699 plane
1259 4631 1587 4700 ignoret.....
1612 4630 1729 4685 Non

173 4719 223 4762 ut
276 4714 590 4770 Alexandro
644 4716 1227 4789 Constantinopolitano
1277 4723 1536 4792 episc0po
1590 4728 1729 4777 hanc

171 4807 449 4873 epistolam
489 4808 754 4879 scriptam
789 4828 1010 4882 negem;
1040 4815 1132 4868 sed
1164 4824 1221 4867 ut
1256 4817 1324 4869 ad
1354 4818 1489 4870 alios
1514 4832 1730 4885 quoque

171 4900 372 4955 ﬁcinos
426 4904 737 4973 episcopos,
784 4906 866 4959 vel
909 4906 962 4958 in
1018 4908 1163 4976 regia
1204 4909 1338 4961 urbe
1388 4910 1727 4977 negotiorum

172 5002 323 5045 causa
350 5002 471 5046 tum
509 5004 812 5057 versantes,
843 4997 1086 5066 ejusdem
1113 5015 1325 5068 quoque
1357 5002 1603 5069 exempla
1633 5016 1727 5069 per

232 5168 306 5236 (a)
345 5168 501 5223 Socr.
536 5170 573 5225 Ι.
608 5188 653 5223 c.
688 5174 792 5227 sub
821 5174 909 5226 fin.

227 5240 302 5315 (ὁ)
332 5239 560 5315 _Sozom.
591 5241 733 5315 Hist.
767 5244 891 5297 eccl.
921 5245 1011 5299 lib.
1042 5263 1078 5298 1.
1108 5262 1225 5315 cap.
1257 5248 1303 5309 1,
1331 5247 1433 5300 sub
1456 5246 1541 5300 ﬁn.

332 5309 785 5387 Theodo_r.llist.
820 5315 945 5387 erg].
979 5316 1073 5371 lib.
1108 5333 1144 5378 1,
1176 5309 1294 5387 cap.
1319 5318 1375 5372 4.

224 5380 303 5455 (λά)
337 5382 503 5455 Alex.
532 5382 697 5451 Epist.
737 5387 787 5448 1,
820 5385 846 5455 §
878 5385 930 5437 2.

230 5452 300 5519 (ε)
329 5450 422 5522 tu.
462 5452 614 5514 ξιφίαι..
646 5456 747 5522 §.9.
822 5450 843 5455 '
1293 5508 1297 5513 .

328 5520 508 5576 Vales.
534 5509 893 5580 ad'fheodor.
921 5525 1063 5581 Hist.
1090 5529 1242 5591 eccl.,
1261 5509 1381 5599 pag.
1409 5528 1494 5593 16,
1520 5538 1646 5585 notc
1666 5532 1721 5596 2,

210 5593 289 5645 lit.
326 5592 590 5649 Cantabr.
621 5597 776 5649 1720.

188 5601 289 5645 vltt.
326 5601 590 5649 Cantabr.
621 5601 776 5649 1720.

165 5607 289 5647 em.
326 5607 590 5649 cantabr.
621 5607 776 5649 1720.

230 5664 302 5729 (ς)
336 5661 608 5732 Theodor.
644 5667 780 5720 Ηίδτ.
814 5667 938 5721 ecct.
974 5668 1065 5722 lib.
1101 5684 1139 5731 1,
1165 5684 1283 5732 cap.
1309 5670 1361 5723 5.

231 5732 309 5802 th)
344 5731 585 5791 llolsten.
615 5738 679 5791 ad
711 5737 1195 5807 calcemTheodor.
1224 5731 1402 5797 Vales.
1428 5741 1643 5797 dissert.
1677 5758 1716 5808 1,

1840 4534 2361 4604 subscriptionibus,
2396 4540 2491 4592 sed
2528 4542 2739 4595 mendis
2771 4544 2934 4597 etiam
2986 4547 3161 4601 obsita
3201 4568 3213 4601 :
3267 4552 3399 4604 sub-

1836 4625 2273 4695 scriptionesquc
2327 4629 2463 4682 adeo
2520 4631 2728 4686 mutilas
2797 4643 2946 4695 sunt,
2997 4647 3055 4689 ut
3114 4655 3396 4693 necessum

1836 4733 2062 4786 prorsus
2116 4718 2277 4771 fiterit
2338 4734 2531 4773 novam
2577 4722 2695 4790 ejus
2745 4724 3037 4779 editionem
3096 4744 3307 4797 parare,
3342 4742 3395 4783 ut

1835 4808 2144 4877 iuspicienti
2178 4812 2376 4879 cuique
2405 4812 2579 4879 palam
2608 4815 2728 4866 erit.
2762 4813 2955 4867 Narrat
2981 4817 3069 4868 hic
3094 4818 3395 4873 Alexander

1835 4915 1921 4953 res
1946 4908 2128 4971 gestas
2161 4902 2214 4954 in
2242 4911 2435 4956 exortu
2480 4903 2695 4958 Arianae
2737 4906 2981 4969 hteresis,
3011 4907 3174 4977 inque
3203 4910 3314 4963 Arii
3344 4921 3392 4964 et

1833 4998 2165 5044 sectatorum
2218 4993 2603 5061 damnatione;
2655 5007 2944 5067 monetque
2990 4998 3278 5068 episcopos
3326 5019 3391 5057 ne

1834 5187 1954 5242 pag.
1989 5172 2112 5237 606,
2153 5175 2283 5228 edit.
2314 5176 2569 5231 Cantabr.

1902 5244 2281 5313 (i)Montl‘auc.
2342 5252 2549 5316 praefat.
2616 5248 2681 5301 ad
2738 5258 2870 5304 tom.
2936 5249 2978 5303 ll
3018 5250 3235 5309 Collect.
3270 5253 3389 5307 PP.

1831 5314 2025 5387 (mra,
2050 5316 2320 5387 animadv.
2343 5314 2405 5376 ’6.
2438 5334 2560 5387 pag.
2585 5319 2676 5371 9.0.

1900 5386 1964 5459 (λ)
1995 5386 2334 5459 Α-ιθκηΕρξδι
2394 5388 2504 5459 t.§
2547 5391 2625 5442 14,

1901 5457 1973 5536 tis)
2009 5457 2327 5522 Montfauc.,
2352 5457 2496 5528 Opp.‘
2526 5462 2750 5522 Athan..
2781 5470 2912 5515 tom.
2947 5463 2987 5525 1,
3022 5471 3161 5532 part.
3197 5480 3236 5527 1,
3263 5479 3382 5536 pag,

1901 5598 1964 5673 (ι)
1994 5596 2166 5673 Cotel.
2310 5599 2495 5673 Const.
2531 5611 2701 5669 (ipost.
2742 5603 2836 5654 lib.
2866 5619 2986 5668 VIII,
3018 5621 3137 5673 cap.
3173 5604 3264 5661 28.

1900 5669 1993 5737 (nt)
2025 5670 2184 5742 ἕθεν.
2216 5668 2355 5742 11188.
2388 5672 2514 5725 eccl.
2553 5668 2644 5726 lib.
2674 5688 2712 5737 ι,
2737 5690 2857 5742 cap.
2883 5676 2935 5727 6.
3000 5681 3009 5690 ’

1901 5742 1977 5808 (η)
2015 5736 2193 5792 Gelas.
2220 5738 2349 5808 Cyl.
2385 5742 2527 5796 Hist.
2559 5736 2707 5797 conc.
2740 5736 2863 5799 Nic.
2898 5747 2991 5801 lib.
3023 5762 3081 5811 tt,
3109 5762 3228 5815 cap.
3258 5747 3311 5801 3.
