3980 6318
595 209 711 265 527’

1657 217 1714 274 S.
1751 218 2167 278 ALEXANDER
2195 226 2755 286 ALEXANDRINUS.

592 326 830 421 Eusebio
857 326 1254 387 Nicomediensi
1286 330 1401 387 Arii
1434 342 1665 404 patrono
1702 353 1909 394 morem
1938 352 2149 412 gerant,
2182 351 2227 408 Α
2254 348 2551 419 politanum
2583 351 2921 421 episcopum,
2969 363 3089 418 quae
3140 320 3308 420 apud’
3336 357 3585 404 sanctum
3629 351 3793 408 Maxi-

589 419 637 475 si
665 420 881 491 quidem
914 422 968 474 in
1001 421 1375 479 haeresiarcha:
1398 428 1627 497 gratiam
1652 429 1857 486 litteras
1890 431 1978 489 ille
2014 435 2152 489 scri-

588 512 778 581 pserit.
834 531 853 563 ι
911 511 1027 567 Huc
1087 528 1262 583 usque
1306 515 1390 569 vir
1448 518 1666 575 doctus.
1735 520 1841 587 Qui
1896 523 2150 596 deinceps

590 612 881 673 utrumque
913 605 1242 673 opusculum
1275 607 1472 663 iterum
1525 611 1822 668 illustravit
1854 614 1929 685 (a)
1962 616 2150 672 adver-

588 710 681 751 sus
705 696 905 765 placita
936 695 1292 768 Tillemontii,
1325 702 1421 771 qui
1451 710 1574 757 acta
1623 704 1979 776 depositionis
2032 710 2148 764 Arii

585 796 638 842 et
667 788 940 844 sociorum
975 805 1136 847 secus
1169 792 1503 849 intellexisse
1529 795 1759 851 videtur.

653 879 751 937 His
780 897 945 952 porro
984 884 1159 938 sancti
1191 883 1369 939 Patris
1423 887 1643 957 scriptis
1695 888 1993 960 fragmenta
2039 894 2146 948 duo

584 974 915 1043 subjecimus
950 990 1014 1031 ex
1041 974 1284 1047 ejusdem
1315 977 1540 1047 epistola
1573 979 1637 1032 ad
1662 980 1945 1052 Aiglonem
1977 983 2145 1055 Cyno-

651 1126 728 1195 (a)
758 1125 1050 1180 Montt‘auc.
1113 1128 1323 1195 prmfat.
1368 1129 1434 1184 ad
1480 1136 1615 1186 tom.
1668 1132 1711 1187 ll
1751 1133 1969 1190 Collect.
2021 1135 2138 1193 PP.

581 1194 776 1261 Greca,
802 1196 1074 1251 animadv.
1101 1194 1155 1263 Β,
1181 1215 1301 1270 pag.
1322 1198 1517 1267 16-20.

2259 456 2406 495 mum
2437 442 2803 498 confessorem
2833 441 3086 513 leguntur
3107 442 3204 513 (ὁ).

2319 529 2604 587 Postremo
2647 533 2767 588 loco
2813 532 3067 587 lectorem
3102 532 3368 587 monitum
3418 533 3687 601 volumus,
3734 532 3794 589 ad

2252 623 2456 679 calcem
2489 622 2805 679 Theodoriti
2833 622 3107 678 Valesiani
3155 623 3292 680 duas
3335 633 3553 679 exstare
3603 625 3798 681 disser-

2254 713 2486 769 tationes
2550 712 2837 777 Holstenii,
2903 713 3102 783 quibus
3164 714 3248 767 vir
3320 714 3409 769 ille
3459 714 3797 770 doctissimus

2253 809 2542 874 utramque
2593 801 2886 858 Alexandri
2934 801 3176 872 episcopi
3206 799 3558 856 Alexandrini
3600 802 3795 873 episto-

2253 898 2383 958 lam,
2407 906 2469 952 ut
2491 899 2654 966 paulo
2675 907 2799 953 ante
2826 897 3126 963 innuimus,
3155 897 3367 968 egregie
3389 898 3646 953 illustrat.

2249 1138 2565 1267 Μὲὁὶὶέίΐεέἔ.
2777 1149 2913 1201 tom.
2945 1137 3012 1206 ll,
3048 1156 3169 1212 pag.
3199 1140 3457 1205 152455,
3480 1138 3613 1195 edit.
3646 1133 3797 1192 Com-

598 1351 3784 1393 __________________________________________________________

1548 1512 1965 1628 LUCZE
2059 1514 2829 1631 HOLSTENII

912 1732 1592 1797 DISSERTATIONES
1626 1734 1809 1797 DUE
1840 1736 1948 1799 DE
1981 1736 2208 1802 LOClS
2252 1738 2713 1813 QUIBUSDAM
2745 1739 3090 1803 CONCILII
3123 1739 3420 1803 NICENI

1486 1922 1812 2013 DISSE
1836 1922 2275 2015 RTATIO
2347 1908 2890 2014 PRIMA“).

573 2222 590 2238 .
669 2229 682 2241 .
762 2224 774 2240 .
863 2227 876 2239 .
957 2226 971 2239 .
1050 2229 1063 2241 .
1142 2227 1157 2241 .
1237 2228 1250 2241 .
1339 2228 1352 2241 .
1437 2228 1450 2243 .
1528 2228 1544 2243 .
1623 2228 1639 2242 .
1719 2228 1733 2243 .
1824 2230 1838 2242 .
1917 2231 1930 2245 .
2010 2231 2023 2245 .
2104 2185 3792 2262 .[5quedivinitatismovere,etCreatoremincreaturaeccn-

571 2279 754 2348 Itaque
785 2278 854 2334 ab
914 2294 1034 2339 ovo.
1064 2279 1207 2350 quod
1270 2281 1443 2344 aiunt,
1486 2296 1598 2336 rem
1636 2282 1895 2347 exordiri,
1926 2293 1979 2338 et
2007 2300 2127 2355 qua:

569 2378 862 2439 supersunt
903 2372 1104 2427 Nicaeni
1142 2373 1360 2428 concilii
1404 2373 1829 2445 ἀποσπασμάτια
1867 2376 1967 2429 sub
1998 2391 2127 2431 exa-

568 2477 693 2516 men
738 2477 991 2517 revocare
1019 2465 1223 2533 placuit
1252 2484 1264 2519 :
1291 2464 1450 2535 cujus
1478 2465 1675 2535 privati
1705 2466 1907 2522 laboris
1933 2482 1996 2522 ac
2018 2476 2128 2522 stu-

564 2554 642 2609 dii
673 2556 945 2625 specimen
990 2556 1044 2609 in
1078 2557 1296 2626 publico
1343 2558 1447 2612 hoc
1481 2573 1743 2614 consessu
1787 2558 1942 2625 vobis
1972 2559 2127 2614 exhi-

565 2648 801 2704 bendum
831 2647 980 2712 duxi,
1022 2649 1459 2719 quandoquidem
1499 2650 1802 2707 disserendi
1829 2652 2127 2707 necessita-

564 2749 672 2795 tem
699 2748 880 2795 vestra
906 2739 1215 2811 benignitas
1240 2741 1369 2795 mihi
1392 2741 1668 2813 imposuit.
1691 2741 1780 2798 Eae
1800 2752 1977 2800 autem
1999 2753 2126 2800 sunt

558 2832 683 2886 duae
712 2830 1000 2886 Alexandri
1018 2832 1358 2888 Alexandriae
1378 2832 1619 2906 episc0pi
1642 2834 1902 2905 epistolae,
1924 2852 2044 2907 qua:
2058 2853 2126 2893 ex

564 2923 802 2979 Socratis
816 2932 869 2978 et
889 2921 1214 2979 Theodoreti
1243 2924 1595 2979 ecclesiastica
1611 2924 1855 2981 Historia
1868 2927 2125 2999 deprom-

564 3021 665 3082 ptae
726 3006 1179 3086 προπαρασκευὴ)
1245 3013 1461 3068 concilii
1517 3012 1722 3069 Nica-ni
1763 3017 2120 3075 constituunt.

560 3104 784 3175 Egregie
818 3121 949 3161 sane
989 3106 1092 3159 illae
1115 3116 1167 3160 et
1195 3105 1382 3170 δεινῶς
1419 3107 1657 3177 scriptzn,
1694 3108 1893 3178 quibus
1932 3109 2124 3165 Latina

558 3197 1038 3266 Christophorsoni
1071 3199 1251 3250 versio
1280 3198 1631 3268 adjungitur;
1681 3202 1775 3253 sed
1806 3215 1833 3252 a
1857 3198 2119 3255 Romanis

556 3286 859 3344 editoribus
888 3288 1168 3343 nonnullis
1194 3288 1250 3341 in
1272 3288 1404 3342 locis
1436 3289 1776 3358 interpolata.
1806 3290 1883 3343 lta
1913 3292 2123 3347 scilicet

557 3392 665 3432 non
697 3377 871 3433 solum
901 3378 1166 3433 versionis
1198 3375 1574 3440 Conciliorum,
1618 3377 1712 3433 sed
1748 3378 2012 3434 universae
2038 3380 2122 3433 hi-

554 3467 740 3521 storias
767 3467 1149 3522 ecclesiasticae
1176 3474 1392 3536 gustum
1424 3462 1657 3537 aliquem
1685 3484 1771 3525 me
1797 3471 1954 3526 vobis
1981 3487 2121 3541 pra:-

2234 2298 2352 2339 sum
2386 2282 2621 2352 dejicere
2657 2279 2977 2334 conabatur.
3019 2276 3076 2332 In
3132 2280 3329 2349 quibus
3378 2283 3645 2336 nonnulla
3677 2290 3791 2338 sunt

2232 2390 2421 2446 parum
2457 2384 2603 2428 recte
2642 2370 2936 2426 constituta
2980 2369 3035 2424 in
3075 2368 3261 2425 Graeco
3292 2379 3461 2435 textu,
3495 2374 3580 2427 vel
3622 2373 3790 2430 minus

2232 2471 2484 2519 accurate
2511 2461 2579 2516 ab
2610 2460 2903 2528 interprete
2931 2459 3234 2525 observata,
3266 2464 3350 2517 vel
3381 2464 3434 2517 in
3463 2462 3671 2533 quibus
3698 2478 3786 2515 an-

2230 2557 2414 2626 tiquus
2445 2555 2711 2624 interpres
2730 2551 3061 2624 Epiphanius
3088 2551 3482 2617 Scholasticus,
3512 2553 3680 2609 aliam
3700 2567 3786 2608 suo

2229 2658 2472 2719 tempore
2501 2647 2786 2703 lectionem
2820 2654 3041 2703 secutus
3070 2646 3301 2703 videtur.
3335 2646 3467 2713 Quae
3494 2663 3623 2703 cum
3645 2664 3787 2720 pres-

2231 2742 2394 2797 sioris
2435 2740 2545 2795 sint
2586 2739 3058 2801 considerationis,
3106 2753 3531 2795 commemorare
3582 2740 3783 2810 singula

2230 2832 2364 2886 nihil
2392 2832 2599 2886 attinet.
2637 2830 2770 2884 Illud
2807 2829 3181 2895 indicandum,
3221 2830 3585 2900 interrogatos
3605 2831 3782 2886 Arium

2229 2939 2295 2978 ac
2320 2922 2519 2986 socios,
2548 2921 2792 2992 nunquid
2818 2935 2946 2992 ergo
2968 2918 3204 2976 Verbum
3227 2919 3343 2984 Dei,
3372 2921 3513 2991 quod
3538 2920 3619 2974 illi
3642 2935 3780 2975 crea-

2227 3028 2343 3071 tum
2374 3016 2708 3079 asserebant,
2745 3013 2941 3068 mutari
2970 3017 3173 3083 posset,
3199 3011 3657 3081 quemadmodum
3682 3011 3782 3066 dia.

2228 3108 2383 3163 holus
2407 3115 2643 3161 mutatus
2661 3105 2855 3171 fuerat,
2873 3118 2985 3160 non
3010 3103 3213 3158 veritos
3233 3102 3581 3173 respondere,
3606 3118 3774 3173 posse.

2230 3198 2448 3254 Addunt
2499 3198 2764 3252 rationem
2807 3196 2887 3251 sic
2918 3196 2975 3251 in
3007 3194 3250 3250 Romana
3283 3196 3520 3250 editione
3565 3210 3778 3265 expres-

2228 3306 2343 3347 sam
2372 3310 2386 3346 :
2408 3290 2659 3363 Τρεπτῆς
2681 3289 2787 3359 γὰρ
2804 3286 3012 3357 φύσεώς
3030 3289 3144 3341 ἐστι
3165 3287 3409 3359 γενητὸς,
3436 3288 3531 3341 καὶ
3557 3287 3774 3355 τρεπτδς

2227 3384 2504 3456 ὑπάρχων.
2538 3380 2692 3449 Quod
2725 3388 2941 3436 vertunt
2976 3398 2989 3435 :
3028 3378 3170 3434 Nam
3202 3391 3252 3435 et
3288 3380 3555 3434 mutabilis
3584 3390 3773 3434 natura

2227 3475 2398 3545 factus
2425 3484 2523 3543 est,
2547 3484 2619 3533 ,ει
2652 3476 2921 3529 mutabilis
2949 3475 3176 3529 exsistit.
3214 3472 3330 3539 Qua
3362 3473 3419 3528 in
3449 3488 3508 3527 re
3534 3481 3593 3528 et
3622 3473 3770 3527 inter-

556 3560 794 3613 b‘iturum
830 3560 1031 3628 putavi.
1069 3558 1172 3613 Sed
1205 3560 1336 3614 mihi
1360 3571 1539 3614 vestra
1566 3562 1836 3631 principio
1861 3564 2121 3633 patientia
2151 3558 2192 3615 C
2228 3568 2398 3638 pretis
2425 3566 2665 3622 Britanni
2707 3576 2761 3623 et
2791 3567 3159 3621 Romanorum
3187 3566 3483 3621 editionem
3515 3565 3765 3634 judicium

555 3649 829 3704 exoranda
860 3658 962 3713 est,
997 3658 1056 3703 ut
1088 3666 1243 3721 arquo
1273 3652 1453 3706 animo
1488 3669 1583 3722 per
1612 3652 1944 3724 confragosae
1998 3670 2121 3709 ora-

556 3740 723 3796 tionis
754 3742 993 3797 salebras
1022 3743 1354 3813 aspirantem
1390 3745 1645 3814 subsequi
1694 3761 1802 3800 non
1836 3757 2116 3816 gravetur.

551 3833 689 3888 Cum
721 3834 835 3889 sive
867 3848 1048 3899 casus,
1077 3835 1193 3891 sive
1225 3835 1512 3890 consilium
1546 3852 1665 3891 eam
1694 3838 1825 3892 mihi
1856 3840 2117 3905 objecerit

555 3927 853 3989 materiam,
887 3943 1006 3998 qua:
1039 3928 1301 3984 orationis
1331 3930 1533 3983 cultum
1562 3929 1980 4001 haudquaquam
2014 3934 2113 3988 ad-

550 4019 736 4082 mittit,
766 4028 819 4074 et
846 4020 988 4090 quod
1019 4029 1297 4076 oratorum
1331 4022 1580 4091 princeps
1608 4022 1676 4076 de
1707 4022 1871 4077 rebus
1896 4039 2115 4095 geogra-

552 4112 726 4181 phicis
754 4111 950 4174 aiebat,
974 4112 1518 4184 ἀνθηρογραφεῖσθαι,
1540 4115 1690 4169 nullo
1719 4114 1880 4168 modo
1912 4124 2106 4183 potest.

618 4203 700 4257 Ad
728 4202 843 4257 lucc
870 4219 992 4257 cum
1026 4204 1080 4257 in
1104 4204 1280 4257 alieno
1315 4205 1496 4260 labore
1526 4204 1723 4275 ingenii
1751 4218 1976 4259 acumen
2009 4221 2105 4258 cx-

548 4293 711 4365 periri
744 4300 793 4348 et
818 4293 1008 4361 judicii
1036 4308 1325 4348 censuram
1354 4309 1609 4351 exercere
1654 4294 2002 4359 instituerim,
2049 4302 2106 4347 ut

548 4400 647 4457 ego
694 4401 952 4457 germano
997 4388 1234 4441 candore
1283 4401 1346 4440 ac
1388 4385 1492 4440 title
1520 4386 1728 4457 Optima
1772 4376 2104 4440 calumniam

547 4480 720 4549 ejuro,
757 4479 831 4532 ita
857 4477 1113 4532 invidiam
1138 4477 1420 4545 deprecor.
1443 4493 1511 4532 ne
1535 4476 1659 4546 quis
1691 4477 1883 4531 alienis
1909 4475 2104 4531 erratis

546 4568 882 4638 exagitandis
917 4569 1178 4623 dortrina:
1216 4575 1309 4620 aut
1339 4565 1621 4622 industria:
1655 4567 1867 4622 laudem
1899 4582 1984 4621 me
2009 4582 2105 4619 au-

545 4661 727 4731 cupari
753 4661 1043 4716 existimet.
1079 4658 1298 4711 Publica
1348 4658 1462 4713 inec
1497 4659 1675 4715 studia
1710 4667 1857 4723 sunt,
1904 4659 2103 4730 quibus

545 4754 925 4825 promovendis
984 4750 1252 4824 publicam
1302 4752 1615 4819 utilitatem,
1676 4770 1783 4808 non
1834 4756 2098 4825 privatam

545 4851 753 4904 tandem
780 4839 1086 4918 quaerimus.
1134 4839 1244 4897 Vos
1271 4860 1419 4908 vero,
1450 4846 1864 4900 eminentissimi
1892 4847 2096 4916 princi-

2221 3659 2463 3727 requiro.
2488 3656 2625 3711 Nam
2650 3667 2707 3712 ut
2736 3668 2940 3713 taceam
2963 3672 3184 3713 sensum
3208 3657 3309 3710 loci
3331 3657 3445 3725 jam
3472 3657 3602 3710 olim
3631 3671 3656 3709 a
3686 3670 3765 3707 ve.

2220 3751 2323 3805 teri
2347 3750 2640 3821 interprete
2671 3758 2816 3805 recte
2840 3764 3179 3819 expressum.
3207 3750 3330 3819 quis
3360 3748 3591 3805 rationis
3619 3746 3763 3815 hujus

2218 3842 2460 3911 pondera
2494 3856 2557 3895 ac
2600 3848 2871 3895 momenta
2925 3839 3297 3910 perpendens,
3341 3840 3421 3894 vel
3467 3837 3758 3893 Grzecomm

2217 3933 2444 3988 lectione
2476 3933 2638 4003 paulo
2663 3933 3031 3997 exercitatior,
3058 3947 3168 3986 non
3197 3931 3354 3987 facile
3392 3930 3759 3987 animadvertit

2212 4039 2278 4079 ex
2318 4025 2431 4094 ipsa
2476 4025 2729 4095 loquendi
2772 4024 3183 4087 consuetudine,
3210 4024 3392 4077 minus
3426 4031 3625 4078 rectam
3650 4021 3761 4075 dis-

2214 4115 2534 4170 tinctionem
2574 4117 2822 4171 vitiosam
2856 4116 3130 4186 peperisse
3159 4114 3509 4170 versionem?
3536 4112 3756 4168 Atlirma-

2208 4207 2300 4260 bat
2325 4206 2487 4261 Arius
2514 4206 2711 4261 Filium
2742 4207 2857 4273 Dei,
2891 4208 2982 4261 τὸν
3012 4206 3200 4277 Λόγον,
3229 4221 3390 4276 posse
3412 4205 3634 4270 mutari;
3662 4202 3752 4256 ad.

2201 4296 2437 4366 jungens
2477 4296 2763 4358 rationem,
2798 4296 3037 4367 τρεπτῆς
3076 4294 3185 4366 γὰρ
3216 4292 3431 4363 φύσεώς
3461 4296 3596 4348 ἐστι.
3629 4289 3750 4344 Nam

2206 4396 2412 4442 natura:
2440 4388 2715 4443 mutabilis
2745 4397 2847 4452 est,
2883 4388 2967 4442 vel
2997 4395 3245 4441 naturam
3282 4384 3593 4438 mutabilem
3620 4382 3750 4435 obti-

2205 4487 2316 4543 net,
2353 4479 2577 4551 γενητδς
2602 4478 2935 4550 καὶτρεπτὸς
2950 4479 3229 4548 ὑπάρχων,
3252 4476 3453 4545 quippe
3475 4474 3563 4544 qui
3586 4471 3746 4526 factus

2205 4570 2319 4627 sive
2366 4583 2603 4635 creatus,
2650 4586 2714 4626 ac
2747 4569 2971 4641 proinde
3013 4569 3290 4623 mutabilis
3345 4574 3451 4623 est.
3494 4565 3741 4632 Quocirca

2204 4661 2623 4731 haudquaquam
2661 4661 2977 4732 negligenda
3009 4660 3111 4715 hoc
3142 4662 3260 4715 loco
3289 4676 3395 4714 vox
3426 4658 3654 4731 γενητὸς,
3684 4656 3740 4708 in

2202 4768 2306 4822 qua
2337 4752 2421 4808 vis
2454 4754 2632 4806 omnis
2686 4767 2749 4805 ac
2796 4767 2991 4806 nervus
3029 4752 3205 4820 impiae
3248 4750 3395 4805 illius
3443 4746 3736 4806 assertionis

2200 4845 2493 4899 consistit:
2530 4859 2693 4914 quam
2739 4844 2853 4913 ipse
2894 4844 3195 4900 Alexander
3237 4842 3485 4913 sequenti
3530 4837 3734 4911 epistola

542 4956 653 5008 pes,
672 4940 939 4995 submisse
965 4951 1097 5006 rogo
1121 4944 1180 4991 ut
1207 4952 1328 4990 cum
1352 4938 1602 4992 voluntas
1624 4946 1785 5007 atque
1805 4940 2101 4995 auctoritas
2135 4925 2178 4981 θ
2202 4937 2396 5006 repetit
2421 4975 2434 4998 ,
2486 4936 2579 4991 sed
2628 4936 2810 4991 verbis
2869 4936 3039 5004 magis
3090 4936 3393 5005 perspicuis
3445 4933 3730 4990 deductam.

544 5040 714 5085 vestra
741 5029 792 5081 in
817 5028 959 5082 hunc
981 5043 1065 5083 me
1085 5030 1412 5098 protraxerit
1436 5030 1632 5095 locum,
1659 5029 2009 5086 humanitatis
2033 5045 2097 5085 ac

542 5117 921 5172 lterievolentize
950 5126 1147 5175 vestrae
1183 5132 1346 5181 aura,
1382 5119 1649 5174 orationis
1688 5135 1909 5174 cursum
1953 5120 2093 5175 inter

536 5213 712 5280 syrtes
735 5216 791 5264 et
831 5209 1010 5266 brevia
1042 5217 1363 5266 aestuantem
1396 5211 1705 5273 sublevetis.

600 5298 797 5355 Narrat
828 5300 1131 5357 Alexander
1173 5302 1285 5355 Arii
1333 5302 1662 5372 apostasiam
1701 5309 1755 5356 et
1784 5303 2090 5371 blasphema

528 5388 780 5462 dogmata
817 5394 1016 5463 quibus
1061 5393 1338 5447 Christum
1373 5391 1659 5446 Dominum
1706 5401 1849 5447 statu
1886 5391 2086 5463 gradu-

2206 5028 2392 5093 Aiunt,
2428 5030 2621 5100 inquit,
2655 5028 2848 5085 Filium
2894 5029 2988 5085 Dei
3022 5046 3144 5085 cum
3185 5038 3344 5084 antea
3379 5045 3488 5083 non
3536 5026 3728 5081 fuisset.

2200 5129 2388 5190 postea
2434 5119 2658 5186 factum,
2704 5119 3015 5191 factumque
3048 5122 3231 5185 talem,
3274 5122 3366 5175 ubi
3420 5119 3586 5175 factus
3615 5113 3723 5169 fuit.

2191 5212 2379 5281 quales
2421 5210 2601 5266 caueri
2629 5218 2755 5267 sunt
2793 5212 3059 5266 homines.
3091 5202 3722 5283 Συναναλαμὸἀνοπεςτῇ

2189 5304 2298 5357 τῶν
2330 5306 2582 5359 ἁπάντων
2610 5306 2783 5359 κτίσει
2812 5307 2906 5360 καὶ
2931 5306 3020 5359 τὸν
3051 5306 3177 5360 Υἱὸν
3205 5305 3297 5360 τοῦ
3329 5306 3482 5368 Θεοῦ,
3520 5310 3724 5366 compte“

2189 5394 2463 5451 hendentes
2490 5399 2649 5453 etiam
2678 5396 2873 5452 Filium
2926 5398 3023 5453 Dei
3074 5400 3396 5469 reliquarum
3455 5401 3722 5453 creat!”

599 5564 676 5631 (a)
709 5562 914 5634 Habita
953 5563 1136 5617 Romae
1192 5564 1246 5618 in
1293 5563 1578 5619 Academia
1630 5563 1920 5630 Basiliana,
1967 5563 2123 5634 1635,
2165 5567 2511 5629 audientibus
2534 5571 2979 5631 eminentissimis
3023 5534 3389 5633 cardinalibus
3421 5574 3467 5629 .l.
3496 5572 3547 5627 Β.
3575 5569 3720 5622 Ριιιι·

528 5630 718 5702 ρὴὶιιο,
749 5632 836 5686 Fr.
864 5630 1176 5697 B’arbcrino,
1208 5634 1560 5689 Brancaceio.
