3980 6318
218 332 313 388 523

1644 333 1915 389 NOTITIA
1926 376 1943 394 .

3327 331 3427 391 53D

213 460 381 497 rerum
411 461 646 497 numero.
678 444 870 499 Statim
897 446 1175 518 subjungit
1199 467 1212 502 :
1244 444 1337 513 Οἷς
1358 449 1659 514 ἀκολούθως
1679 452 1767 502 καί

1876 450 2115 518 adeoque
2155 446 2287 516 πρὸς
2337 444 2435 515 τὴν
2478 441 2865 512 ὀμοουσιότητα
2902 438 2995 494 καὶ
3039 439 3428 511 συναῖδιότητα,

210 554 369 607 φασιν
404 536 564 589 αὑτὸν
610 540 846 609 τρεπτῆς
886 535 1022 593 εἶναι
1070 540 1300 609 φύσεως,
1357 543 1553 613 ἀρετῆς
1587 559 1643 595 τε
1678 544 1769 595 καὶ

208 629 404 691 κακίας
436 628 700 681 δεκτικόν·
735 629 936 695 Quibus
964 632 1121 685 etiam
1150 643 1515 702 consequenter
1548 634 1768 697 addunt,

207 737 323 773 eum
357 721 628 774 mutabilis
659 737 770 774 esse
801 731 1027 785 natura,
1062 732 1109 776 et
1144 725 1349 777 virtutis
1377 736 1426 778 et
1468 727 1581 779 vitii
1609 743 1769 794 capa-

205 826 337 862 cem.
376 807 585 863 Videtis
620 810 899 878 supposito
933 810 1056 874 hoc,
1104 810 1299 865 Filium
1329 812 1420 868 Dei
1459 814 1657 868 factum
1688 818 1769 870 vel

204 904 454 951 creatum
486 914 628 959 esse,
661 907 719 951 ut
763 900 1127 954 necessarium
1177 902 1303 957 inde
1341 902 1534 957 deduci
1574 920 1769 961 conse-

204 991 510 1059 quentiam,
540 991 786 1045 eumdem
825 1008 1038 1062 quoque
1065 996 1292 1065 τρεπτόν
1320 997 1433 1052 sive
1460 999 1768 1052 mutabilem

204 1097 349 1138 esse.
376 1082 554 1151 Atque
603 1083 683 1137 sic
716 1084 1069 1138 ratiocinatur
1100 1086 1465 1143 Damascenus
1523 1088 1616 1142 lib.
1653 1105 1666 1141 I
1697 1090 1772 1144 De

204 1174 415 1227 orthod.
455 1176 577 1243 ﬁde,
600 1190 719 1244 cap.
751 1175 783 1228 5
812 1194 825 1228 :
850 1176 929 1229 Τὰ
958 1177 1169 1241 κτιστὰ,
1195 1178 1407 1242 πάντως
1430 1180 1521 1231 καὶ
1542 1182 1766 1250 τρεπτὰ.

203 1256 306 1317 Ὧν
359 1265 470 1332 γὰρ
511 1264 570 1317 τὸ
619 1261 756 1318 εἶναι
803 1266 910 1319 ἀπὸ
977 1268 1181 1338 τροπῆς
1223 1268 1441 1337 ἤρξατο,
1484 1270 1655 1323 ταῦτα
1705 1275 1767 1341 τῇ

206 1357 383 1425 τροπῇ
448 1353 789 1409 ὑποκείσεται
833 1356 1068 1421 πάντως,
1110 1358 1141 1429 ἢ
1178 1360 1523 1431 φθειρόμενα,
1564 1358 1595 1427 ἢ
1634 1364 1771 1416 κατὰ

208 1442 530 1514 προαίρεσιν
588 1444 959 1515 ἀλλοιούμενα.
1016 1446 1239 1513 Creata,
1299 1451 1506 1520 inquit,
1563 1455 1769 1507 omnino

204 1536 365 1588 etiam
398 1537 679 1589 mutationi
718 1537 960 1591 obnoxia.
997 1537 1231 1603 Quorum
1270 1543 1407 1595 enim
1443 1560 1553 1599 esse
1583 1562 1614 1598 a
1654 1562 1769 1598 mu-

217 1626 414 1679 tatione
444 1627 649 1696 incipit,
680 1644 743 1682 ea
779 1632 1072 1684 necessario
1098 1634 1376 1687 mutationi
1409 1636 1767 1704 subjacebunt,

206 1718 331 1769 dum
354 1718 434 1771 rel
462 1720 744 1783 intereunt,
776 1720 851 1773 vel
885 1722 1147 1777 voluntate
1174 1724 1485 1781 alterantur.
1518 1726 1593 1781 lta
1622 1730 1771 1783 scili-

1875 549 2063 595 contra
2107 540 2338 592 Arianos
2393 535 2795 607 exprimendam
2833 542 2917 588 est
2971 533 3429 602 percommodum.

1874 633 1997 687 llaac
2026 647 2195 702 pauca
2231 630 2297 685 ad
2335 631 2567 699 priorem
2614 626 2905 681 Alexandri
2952 624 3235 695 epistolam
3268 640 3427 695 ency-

1875 725 2063 778 clicam
2114 724 2258 777 illam
2300 724 2414 777 sive
2453 721 2772 774 catholicam
2826 719 3148 773 observasse
3180 717 3426 774 sufﬁciet.

1946 816 2201 886 Sequitur
2244 830 2389 869 nunc
2432 815 2598 868 altera
2644 812 2919 881 ejusdem,
2968 810 3335 879 ἀνεπίγραφος
3374 811 3426 863 in

1873 905 2115 960 Romana
2146 906 2402 967 editione,
2452 903 2594 974 quod
2629 904 2815 956 nescio
2843 916 2950 972 qua
2981 902 3190 955 incuria
3222 902 3274 954 in
3319 911 3427 954 tam

1873 998 2113 1069 diligenti
2149 1014 2310 1068 opere
2335 998 2631 1053 admissum
2657 995 2817 1048 fuerit
2848 1013 2861 1047 :
2888 1010 3009 1047 cum
3041 1005 3093 1049 et
3120 993 3427 1047 Theodore-

1872 1100 1963 1146 tus
2024 1098 2079 1145 et
2129 1090 2409 1158 Tripartita
2470 1090 2774 1143 Alexandro
2830 1085 3425 1153 Constantinopolitano

1872 1182 2128 1251 episc0po
2152 1180 2465 1249 inscriptam
2491 1180 2821 1250 missumque
2848 1185 3131 1233 testentur.
3164 1176 3425 1246 Equidem

1874 1288 1996 1327 cum
2031 1274 2266 1342 perlecta
2294 1270 2525 1340 primum
2567 1269 2669 1323 hac
2698 1269 2945 1337 epistola,
2992 1284 3100 1321 non
3129 1283 3292 1321 unum
3327 1266 3425 1318 ali-

1873 1380 2053 1434 quem,
2106 1364 2199 1419 sed
2232 1364 2412 1433 plures
2437 1360 2664 1416 subinde
2694 1360 3056 1415 Alexandrum
3102 1360 3300 1427 alloqui
3329 1359 3427 1411 ob-

1874 1472 2195 1520 servassem,
2245 1456 2407 1511 subiit
2445 1454 2713 1527 suspicio,
2752 1462 2901 1508 certo
2930 1452 3157 1507 consilio
3201 1455 3427 1521 ἐπιγρα-

1875 1551 1999 1620 φήν,
2031 1550 2084 1603 in
2110 1547 2351 1602 Romana
2381 1548 2616 1602 editione
2646 1549 2925 1602 omissam.
2960 1544 3114 1610 Quod
3156 1544 3427 1613 negligen-

1871 1646 1946 1697 tia
1970 1642 2186 1705 factum,
2208 1651 2392 1711 postea
2416 1656 2477 1695 ex
2502 1649 2800 1695 erratorum
2818 1638 3056 1692 indiculo
3078 1636 3422 1705 deprehendi.

1874 1733 2144 1804 Quidquid
2195 1734 2284 1794 sit,
2331 1732 2462 1786 mihi
2508 1733 2610 1786 lixa
2644 1733 2755 1786 haec
2808 1729 2957 1785 sedet
3006 1729 3293 1789 sententia,
3318 1743 3424 1781 non

206 1817 293 1861 cet
324 1807 490 1863 Arius
517 1806 711 1862 Filium
735 1808 827 1864 Dei
860 1811 1058 1882 ἀρετῆς
1078 1813 1170 1865 καὶ
1194 1814 1387 1878 κακίας
1405 1816 1647 1872 δεκτικὸν
1684 1834 1771 1874 as-

1876 1827 2134 1897 privatam
2166 1826 2400 1894 aliquam
2430 1825 2541 1878 sive
2575 1825 2942 1878 tractatoriam
2973 1822 3117 1874 hanc
3144 1820 3424 1889 epistolam

206 1900 424 1955 serebat
448 1920 460 1955 ε
486 1900 939 1970 quandoquidem,
954 1912 1012 1958 ut
1031 1904 1273 1961 Justinus
1286 1906 1485 1979 Martyr
1506 1911 1699 1965 alicubi
1719 1915 1773 1967 in

208 1989 596 2055 Quwstionibus
632 1993 818 2047 scribit
843 2013 855 2047 :
883 1995 1099 2067 Τροπῆς
1127 1998 1432 2069 γνώρισμα,
1454 2002 1514 2053 τὸ
1532 2002 1598 2054 τὰ
1638 2004 1775 2058 καλὰ

204 2084 302 2136 καὶ
348 2084 419 2135 τὰ
464 2083 609 2137 κακὰ
649 2084 940 2154 λαμϐάνειν
986 2089 1065 2150 εἰς
1106 2088 1328 2143 ἔννοιαν·
1366 2090 1677 2147 Mutationis
1703 2096 1777 2148 si—

204 2184 365 2243 gnum
414 2190 476 2227 ac
508 2184 633 2228 nota
669 2186 779 2244 est,
812 2180 945 2234 bona
996 2197 1058 2233 ac
1106 2182 1249 2235 mala
1292 2183 1348 2236 in
1397 2185 1630 2239 animum
1676 2188 1777 2244 sibi

203 2264 467 2322 inducere.

274 2355 551 2426 Expositis
581 2356 695 2412 Arii
725 2357 1084 2431 dogmatibus,
1110 2365 1385 2422 catholicae
1402 2368 1655 2426 Ecclesiae
1686 2387 1775 2426 or-

207 2448 502 2504 thodoxam
539 2452 863 2506 sententiain
896 2454 1202 2511 Alexander
1243 2461 1486 2528 opponit,
1534 2472 1592 2516 ut
1638 2466 1778 2519 veri-

206 2542 337 2596 tatis
369 2542 490 2597 luce
525 2543 737 2612 prolata
785 2543 966 2616 Stygis
1009 2550 1258 2605 tenebras
1301 2551 1578 2609 discutiat.
1614 2555 1777 2628 Urget

207 2631 619 2704 Χριστομάχους
647 2635 767 2690 illos
799 2635 859 2691 D.
890 2636 1114 2694 Joannis
1136 2644 1456 2700 auctoritate
1486 2665 1497 2699 :
1536 2649 1775 2717 quiVer—

211 2724 335 2778 bum
367 2726 425 2779 in
471 2726 742 2797 principio
783 2729 984 2796 fuisse,
1030 2739 1191 2802 atque
1237 2736 1417 2791 omnia
1452 2755 1547 2808 per
1596 2742 1774 2810 ipsum

209 2814 348 2870 facta
380 2818 657 2886 praedicat.
694 2820 820 2876 Inde
854 2824 1165 2887 rationibus
1211 2827 1378 2883 instat
1407 2850 1419 2884 :
1457 2833 1503 2885 si
1537 2832 1773 2889 Verbum

208 2917 289 2962 est
321 2910 633 2986 unigenitus
660 2913 827 2969 Filius
848 2912 958 2981 Dei,
991 2921 1261 2985 quomodo
1288 2923 1663 2987 asseruntisti,
1695 2926 1773 2977 ὅτι

206 2995 286 3063 εἷς
319 3002 437 3054 ἐστι
464 3003 570 3055 τῶν
597 3005 949 3074 ποιημάτων;
984 3008 1153 3076 ipsum
1194 3027 1351 3063 unum
1390 3030 1500 3068 esse
1537 3031 1599 3067 ea:
1624 3032 1771 3070 crea-

208 3093 390 3148 turis?
421 3093 483 3147 Et
514 3096 557 3149 si
585 3097 767 3149 omnia
796 3112 890 3166 per
919 3098 1093 3167 ipsum
1124 3100 1263 3155 facta
1297 3111 1444 3170 sunt,
1476 3107 1591 3168 πῶς
1614 3106 1771 3160 δύνα-
1801 3132 1843 3191 C

207 3201 299 3237 ται
338 3186 450 3250 ἶσος
482 3184 616 3242 εἶναι
647 3189 754 3241 τῶν
790 3189 857 3243 δι’
890 3192 1050 3244 αὑτοῦ
1087 3196 1422 3265 γενομένων;
1463 3199 1551 3267 qui
1585 3202 1771 3267 poterit

208 3277 318 3345 ipse
345 3295 446 3347 par
488 3296 596 3333 esse
625 3281 776 3335 rebus
808 3297 921 3351 qua:
947 3299 1037 3351 per
1067 3285 1235 3354 ipsum
1276 3287 1430 3354 facta:
1459 3292 1625 3344 sunt?
1656 3290 1773 3356 Quo

209 3378 487 3439 postremo
522 3372 640 3425 loco
684 3371 931 3431 Gelasius
975 3375 1306 3447 Cyzicenus,
1357 3390 1409 3432 et
1441 3378 1773 3449 Epiphanius

206 3458 483 3530 interpres
523 3462 726 3517 rectius
751 3464 862 3532 jam
891 3466 1017 3519 olim
1058 3468 1251 3535 legere,
1289 3468 1404 3532 πῶς
1448 3469 1666 3523 δύναται
1695 3468 1774 3534 εἷς

206 3545 383 3615 sinat;
422 3550 682 3620 quomodo
712 3562 877 3620 potest
907 3571 1039 3608 unus
1069 3572 1178 3609 esse
1202 3556 1407 3621 horum,
1433 3575 1548 3629 qua:
1573 3575 1664 3626 per
1694 3562 1773 3629 ip-

204 3656 331 3693 sum
370 3641 519 3709 facta
564 3646 889 3699 noscuntur?
918 3642 1089 3709 Quam
1120 3646 1406 3700 lectionem
1457 3648 1627 3703 Graeci
1656 3664 1773 3704 ser-

204 3733 391 3788 monis
428 3735 765 3790 constructio
795 3744 977 3805 aperte
1005 3740 1250 3809 requirit.
1277 3739 1534 3805 Quamvis
1561 3742 1626 3795 ad
1650 3756 1775 3795 sen-

203 3839 337 3878 sum
368 3824 473 3880 loci
504 3826 641 3880 nihil
673 3826 907 3891 intersit,
942 3837 1117 3883 utrum
1142 3829 1252 3894 ἴσος
1274 3846 1397 3884 eum
1434 3834 1672 3902 vulgato,
1703 3848 1772 3887 an

205 3912 287 3981 εἷς
335 3932 461 3971 cum
494 3920 661 3973 veteri
686 3920 977 3992 interprete
1012 3922 1178 3991 legas.
1223 3921 1279 3976 Si
1320 3930 1498 3978 tamen
1541 3925 1651 3988 ἴσος
1692 3941 1775 3979 re-

200 4012 475 4075 tineatur,
496 4010 753 4064 mutanda
770 4012 871 4066 hoc
898 4013 1055 4066 modo
1075 4015 1437 4069 constructio:
1466 4016 1587 4078 Πῶς
1611 4016 1667 4069 δὲ
1687 4016 1775 4069 δύ-

199 4117 367 4154 ναται
400 4102 516 4162 ἴσος
555 4097 689 4153 εἶναι
738 4105 847 4165 τοῖς
876 4102 942 4156 δι’
984 4103 1144 4156 αὐτοῦ
1178 4107 1506 4176 γενομένοις,
1540 4122 1645 4160 non
1680 4123 1776 4160 au-

202 4201 338 4259 tem,
371 4192 485 4245 τῶν
508 4192 572 4245 δι’
617 4193 776 4246 αὐτοῦ
808 4196 1127 4264 γενομένων.
1162 4194 1239 4248 Ita
1302 4196 1362 4248 D.
1408 4196 1607 4252 Paulus
1635 4197 1772 4252 Phil.

205 4299 270 4347 ιι,
302 4286 360 4347 6,
396 4284 678 4338 Christum
713 4286 785 4339 ait
811 4302 917 4341 non
949 4287 1293 4343 existimasse
1315 4289 1577 4358 rapinam,
1612 4290 1673 4341 τὸ
1698 4286 1773 4342 εἷ-

200 4393 293 4432 ναι
326 4374 424 4429 ἶσοι
459 4376 597 4448 Θεῷ,
630 4394 738 4431 esse
767 4395 821 4432 se
847 4380 1097 4449 aequalem
1127 4381 1253 4434 Deo.
1285 4380 1360 4434 Ita
1394 4387 1507 4451 ipse
1543 4382 1779 4436 Alexan-

1873 1934 2013 1983 esse,
2043 1920 2136 1974 sed
2166 1928 2219 1973 et
2248 1920 2417 1987 ipsam
2444 1932 2657 1988 quoque
2675 1916 2990 1971 circularem
3012 1929 3074 1967 ac
3100 1912 3422 1982 generalem,

1874 2010 2094 2064 missam
2126 2009 2190 2061 ad
2224 2010 2468 2065 diversos
2500 2009 2724 2078 Europae
2752 2008 3055 2076 episcopos.
3084 2003 3238 2069 Quod
3267 2017 3425 2057 nemo

1877 2097 2032 2153 facile
2076 2100 2370 2169 negaverit,
2402 2100 2492 2169 qui
2526 2108 2579 2153 et
2620 2099 2783 2167 hujus
2815 2097 3054 2167 epistola:
3098 2104 3299 2164 partem
3331 2109 3426 2149 ex-

1874 2198 2101 2246 tremam
2143 2207 2265 2246 cum
2307 2206 2437 2245 cura
2466 2191 2674 2262 legerit,
2703 2198 2757 2245 et
2790 2190 3281 2244 ecclesiasticarum
3312 2188 3428 2257 epi-

1876 2285 2137 2338 stolarum
2185 2284 2410 2339 formam
2462 2283 2787 2353 modumque
2842 2297 2951 2335 non
2994 2282 3149 2351 plane
3195 2282 3423 2350 ignoret.

1874 2372 2008 2427 Nam
2035 2382 2088 2429 et
2115 2375 2356 2429 clausula
2383 2374 2573 2427 harum
2610 2374 2913 2427 litterarum
2952 2373 3109 2440 plane
3135 2371 3318 2425 eadem
3346 2380 3428 2425 est

1875 2481 1994 2536 quae
2021 2467 2435 2536 praecedentium
2463 2464 2881 2535 encyclicarum,
2916 2478 3023 2533 qua
3050 2464 3256 2532 reliquo
3285 2463 3431 2516 clero

1877 2571 1972 2625 per
2000 2557 2283 2626 episc0pos
2328 2556 2557 2611 salutem
2604 2554 2910 2623 impertitur
2948 2572 2963 2608 :
3003 2563 3114 2606 tum
3146 2561 3203 2605 ut
3232 2552 3428 2619 saepius

1876 2644 1931 2696 in
1966 2643 2173 2713 reliquo
2202 2644 2442 2712 epistolae
2470 2650 2745 2704 contextu,
2779 2643 2852 2695 ita
2883 2643 2933 2695 in
2969 2642 3072 2697 fine
3095 2642 3275 2710 plures
3307 2655 3430 2694 ora-

1876 2731 2021 2787 tione
2050 2748 2107 2786 se
2127 2730 2279 2785 aliari
2308 2731 2565 2786 ostendit.
2594 2728 2745 2784 Unde
2769 2731 2833 2785 ad
2858 2732 3041 2801 plures
3069 2747 3283 2801 quoque
3303 2733 3432 2784 scri-

1876 2834 2018 2892 ptam
2048 2823 2204 2878 fateri
2235 2839 2519 2879 necessum
2550 2829 2651 2877 est.
2682 2821 2817 2875 Cum
2848 2822 3129 2877 verissime
3163 2823 3290 2875 illud
3322 2837 3426 2876 non

1878 2915 2056 2969 minus
2084 2931 2245 2985 quam
2289 2915 2445 2969 docte
2477 2930 2506 2966 a
2554 2913 2844 2967 Francisco
2873 2913 3206 2967 Bernardino
3241 2911 3432 2967 Ferre-

1878 3008 1959 3062 rio
1985 3008 2078 3061 Lb.
2112 3024 2173 3061 ιιι
2226 3006 2304 3061 De
2335 3007 2549 3076 antiquo
2592 3006 2928 3074 epistolarum
2959 3004 3426 3057 ecclesiasticarum

1876 3116 2073 3169 genere,
2100 3100 2449 3154 observatum
2484 3099 2574 3161 sit,
2609 3114 2813 3151 morem
2847 3098 3144 3166 antiquitus
3174 3096 3430 3150 invaluis-

1876 3208 1953 3256 se,
1990 3201 2047 3245 ut
2086 3191 2245 3246 iidem
2275 3192 2542 3245 honorum
2575 3190 2713 3242 tituli
2745 3190 2847 3243 sub
2888 3191 3047 3242 tinem
3079 3188 3428 3257 epistolarum

1876 3286 2220 3348 iterarentur,
2273 3284 2471 3353 quibus
2522 3281 2679 3335 initio
2709 3281 2904 3350 singuli
2944 3280 3009 3333 ad
3059 3295 3193 3349 quos
3227 3279 3431 3333 scribe-

1874 3378 2024 3441 bant,
2060 3377 2271 3431 fuerant
2298 3362 2568 3444 appellati.
2602 3371 2707 3426 Sed
2738 3386 2994 3440 quorsum
3018 3372 3149 3435 haec,
3184 3370 3433 3440 inquies?

1874 3466 1993 3522 Non
2044 3476 2102 3521 ut
2146 3467 2452 3521 Alexandro
2521 3464 3119 3533 Constantinopolitano
3178 3466 3431 3534 episcopo

1878 3562 2017 3615 hanc
2054 3560 2335 3630 epistolam
2393 3558 2649 3628 scriptam
2691 3572 2913 3627 negem;
2950 3556 3043 3612 sed
3095 3563 3150 3609 ut
3197 3556 3264 3610 ad
3294 3557 3430 3611 alios

1876 3668 2089 3722 quoque
2136 3651 2341 3705 vicinos
2374 3650 2681 3720 episcopos,
2724 3651 2809 3705 vel
2848 3651 2903 3704 in
2932 3653 3076 3719 regia
3108 3648 3239 3702 urbe
3268 3664 3432 3717 uego-

1878 3748 2074 3800 tiorum
2102 3759 2267 3800 causa
2296 3752 2406 3796 tum
2428 3753 2728 3806 versantes,
2752 3741 2993 3812 ejusdem
3016 3755 3229 3811 quoque
3248 3755 3433 3795 exem-

1879 3840 1963 3908 pla
2009 3853 2103 3908 per
2135 3837 2399 3891 circulum
2440 3836 2604 3889 missa
2644 3834 2949 3889 ostendam.
2984 3832 3167 3903 Neque
3215 3833 3431 3902 egohic

1878 3930 2214 3985 Theodoreto
2242 3927 2448 3981 futilem
2478 3924 2675 3982 Geiasii
2707 3926 2956 3998 Cyziceni
3001 3926 3303 3981 Diobolaris
3333 3929 3429 3997 (3a—

1874 4017 2048 4091 ψῳδοῦ
2084 4017 2460 4071 auctoritatem
2511 4015 2885 4086 opposuerim,
2935 4016 3026 4084 qui
3068 4015 3431 4069 Alexandrum

1878 4112 2037 4164 istum
2092 4110 2193 4165 hoc
2241 4116 2481 4178 tempore
2522 4108 3135 4176 Constantinopolitanae
3178 4105 3430 4161 Ecclesiae

1878 4200 2106 4254 necdum
2152 4198 2432 4268 praefuisse
2476 4195 2745 4250 amrmat:
2783 4212 3046 4265 quemque
3098 4196 3257 4265 paulo
3310 4204 3430 4263 post

1877 4291 2093 4346 Nicazno
2130 4291 2361 4345 concilio
2403 4290 2668 4358 privatum
2712 4290 2887 4343 adhuc
2918 4288 3282 4358 presbyterum
3335 4303 3432 4356 pro

1880 4383 2246 4452 Metrophane,
2272 4394 2508 4437 extrema
2532 4390 2808 4435 senectute
2825 4381 3093 4445 confecto,
3122 4381 3432 4435 interfuisse

200 4472 305 4525 der
333 4472 569 4542 epistola
618 4471 865 4541 sequenti
917 4472 1149 4527 Arianos
1198 4472 1522 4541 praedicasse
1560 4474 1773 4538 scribit,
1808 4475 1855 4533 D
1880 4476 2089 4531 scribit.
2122 4474 2289 4543 Cujus
2322 4475 2475 4527 tidem
2509 4471 2701 4525 incerti
2741 4488 2955 4541 quoque
2983 4472 3219 4526 auctoris
3246 4486 3435 4524 narra-

197 4563 495 4619 Cbristum
522 4566 635 4627 τοῖς
660 4566 822 4617 πᾶσιν
854 4564 964 4617 ἴσον
996 4560 1133 4618 εἶναι
1153 4582 1165 4591 ⁸
1204 4566 1343 4633 quod
1373 4566 1549 4619 versio
1579 4565 1778 4619 Roma-

199 4672 299 4720 na,
338 4656 613 4711 Christum
646 4658 847 4710 ueteris
885 4656 1178 4710 hominibus
1209 4656 1336 4709 nihil
1364 4660 1777 4725 prwstantiorem

196 4766 342 4813 esse,
377 4749 561 4804 reddit
592 4767 606 4803 :
642 4750 805 4804 nimis
835 4764 965 4804 sane
1003 4760 1248 4820 anguste.
1291 4749 1475 4821 Neque
1519 4752 1662 4805 enim
1711 4753 1779 4806 ad

197 4848 364 4901 solos
388 4845 638 4899 homines
657 4845 1016 4914 aequalitatem
1040 4844 1185 4898 illam
1216 4846 1572 4916 restringebat
1593 4848 1773 4912 Arius,

194 4938 299 4992 sed
344 4936 415 4989 ad
445 4946 751 4990 creaturam
783 4951 997 5005 quoque
1028 4950 1240 4990 omnem
1284 4936 1388 4990 τῶν
1424 4937 1653 5005 λογικῶν
1688 4940 1779 4992 καὶ

194 5028 433 5095 ἀλόγων
468 5036 791 5081 creaturam.
819 5025 1001 5095 Neque
1027 5029 1170 5082 enim
1200 5028 1345 5081 aliud
1368 5028 1527 5083 isthic
1550 5030 1650 5084 loci
1675 5039 1777 5095 est,

191 5124 320 5183 τοῖς
361 5120 530 5171 πᾶσιν
578 5118 688 5171 ἴσον
731 5114 888 5183 εἶναι,
922 5134 1085 5190 quam
1125 5119 1213 5174 hic
1240 5124 1351 5184 τοῖς
1390 5123 1520 5174 πᾶσι
1560 5139 1777 5194 συναρι-

192 5211 495 5283 euersam,
521 5211 624 5265 hoc
651 5220 755 5275 est,
784 5210 1016 5265 Verbum
1048 5226 1111 5265 ex
1143 5212 1381 5282 ipsorum
1410 5216 1677 5269 sententia
1701 5215 1782 5268 fa-

194 5314 367 5360 ctum
410 5310 464 5358 et
499 5314 740 5359 creatum
795 5320 863 5359 ex
915 5305 1117 5367 nihilo,
1168 5306 1497 5375 reliquarum
1540 5307 1781 5359 omnium

191 5404 596 5453 creaturarum
640 5410 866 5450 numero
912 5396 1281 5462 inserendum,
1315 5405 1501 5467 utpote
1557 5399 1781 5469 reliquis

191 5487 474 5544 omnibus
500 5488 767 5542 creaturis
793 5487 1099 5543 conditione
1127 5496 1289 5558 atque
1324 5491 1560 5545 essentia
1602 5505 1700 5560 par
1729 5497 1783 5545 et
1822 5542 1829 5549 .

189 5580 447 5651 aequale.
481 5578 740 5645 Quamvis
765 5594 863 5649 ego
892 5580 951 5632 τὸ
975 5580 1106 5645 ἴσον,
1141 5582 1195 5634 in
1222 5580 1368 5636 hisce
1392 5582 1547 5645 locis,
1585 5581 1782 5651 wquale

192 5673 411 5742 potius
435 5684 598 5739 quam
633 5685 731 5737 par
764 5679 970 5725 vertere
998 5672 1204 5735 malim,
1248 5687 1356 5741 quo
1378 5674 1538 5726 etiam
1569 5671 1781 5741 profani

197 5770 485 5817 auctores
528 5775 625 5830 pro
669 5767 937 5816 coaetaneo
982 5768 1034 5817 et
1084 5776 1262 5816 coaevo
1288 5762 1492 5831 passim
1537 5770 1779 5828 utuntur,

1880 4570 1953 4622 tio
2012 4569 2077 4623 de
2105 4581 2334 4621 cccxvm
2364 4565 2596 4620 Nicamis
2637 4564 2853 4619 concilii
2889 4563 3139 4618 Patribus
3171 4565 3432 4632 sequitur,

1879 4677 1997 4731 quae
2031 4662 2085 4713 in
2116 4658 2371 4712 Historiis
2399 4668 2698 4711 sanctorum
2730 4656 3047 4724 Lipomanni
3088 4664 3304 4721 exstat;
3338 4670 3436 4707 cu-

1874 4755 1963 4821 jus
1996 4751 2268 4820 exemplar
2300 4764 2364 4804 ex
2379 4750 2541 4819 Regio
2585 4748 2774 4803 codice
2813 4748 2867 4801 in
2902 4746 3089 4802 Galliis
3145 4746 3435 4817 aliquando

1881 4861 1963 4898 me
1987 4842 2397 4911 transcripsisse
2430 4841 2667 4896 memini.
2712 4839 2855 4904 llaec,
2893 4840 3133 4908 inquam,
3169 4839 3301 4893 tanti
3325 4854 3434 4892 non

1880 4942 2005 4990 sunt
2039 4941 2096 4985 ut
2124 4932 2445 4987 Theodoreti
2479 4931 2814 5000 aliorumque
2846 4930 3123 4985 meliorum
3154 4938 3433 4984 auctorum

1880 5026 2036 5080 fidem
2067 5024 2207 5094 apud
2238 5039 2336 5079 nos
2369 5024 2601 5078 elevent.
2640 5020 2743 5075 Sed
2780 5036 2923 5073 nunc
2955 5021 3235 5089 epistolam
3265 5022 3434 5088 ipsam

1880 5117 2218 5189 aggredimur
2269 5135 2281 5169 :
2330 5116 2385 5169 in
2429 5114 2586 5183 cujus
2635 5113 2818 5167 limine
2876 5110 3149 5169 Romanos
3202 5112 3436 5166 editores

1880 5209 2183 5282 προθέσεως
2214 5223 2311 5262 vox
2342 5205 2587 5270 offendit,
2623 5205 2711 5262 cui
2748 5205 2922 5261 obolis
2952 5205 3216 5260 confossa:
3248 5202 3438 5273 προαί-

1885 5318 2028 5373 ρεσιν
2060 5301 2414 5356 substituunt.
2448 5297 2554 5353 Sed
2582 5299 2793 5353 nescire
2827 5314 2910 5352 me
2937 5297 3106 5351 fateor
3153 5296 3282 5365 quid
3309 5310 3437 5348 cau-

1882 5412 1955 5449 sa:
2000 5394 2285 5448 habuerint
2331 5406 2429 5447 cur
2470 5405 2655 5445 vocem
2700 5390 3127 5461 ἑλληνικωτάτην
3175 5387 3436 5443 Grarismi

1882 5502 2049 5540 censu
2094 5484 2467 5553 expuuxerint.
2516 5480 2733 5544 Vocem,
2786 5483 3024 5551 inquam,
3062 5480 3306 5549 probam,
3339 5492 3437 5530 nec

1883 5578 2057 5633 solum
2084 5576 2324 5646 Polybio,
2357 5583 2413 5629 ut
2441 5591 2506 5629 ex
2527 5572 2693 5627 Suida
2725 5580 2970 5642 apparet,
2991 5589 3047 5627 se
3071 5576 3080 5623 l
3110 5580 3161 5625 et
3187 5571 3245 5625 ι).
3266 5570 3436 5623 Paulo

1882 5669 2046 5723 semel
2067 5666 2370 5735 iterumque
2388 5673 2721 5733 usurpatam.
2742 5662 2897 5717 Rom.
2921 5679 3036 5725 vni,
3056 5663 3144 5726 9.8,
3164 5664 3273 5723 τοῖς
3299 5660 3437 5713 κατὰ

1886 5760 2136 5827 πρόθεσιν
2177 5759 2409 5825 κλητοῖς,
2447 5757 2637 5811 vocatis
2682 5755 2961 5811 secundum
3008 5755 3349 5823 propositum.
3384 5758 3439 5808 ct
