  <div class='ocr_page' id='page_1' title='image "/cluster/home/n/w/nwhite01/storage/ocr_20150623/18/hvd.32044073501215/273.png"; bbox 0 0 3980 6318; ppageno 0'>
   <div class='ocr_carea' id='block_1_1' title="bbox 1464 175 1570 184">
    <p class='ocr_par' dir='ltr' id='par_1_1' title="bbox 1464 175 1570 184">
     <span class='ocr_line' id='line_1_1' title="bbox 1464 175 1570 184; baseline -0.019 0"><span class='ocrx_word' id='word_1_1' title='bbox 1464 175 1570 184; x_wconf 57' lang='grc' dir='ltr'><strong>ηις-..-</strong></span> 
     </span>
    </p>
   </div>
   <div class='ocr_carea' id='block_1_2' title="bbox 594 235 692 292">
    <p class='ocr_par' dir='ltr' id='par_1_2' title="bbox 594 235 692 292">
     <span class='ocr_line' id='line_1_2' title="bbox 594 235 692 292; baseline -0.01 0"><span class='ocrx_word' id='word_1_2' title='bbox 594 235 692 292; x_wconf 78' lang='lat' dir='ltr'><strong>53f</strong></span> 
     </span>
    </p>
   </div>
   <div class='ocr_carea' id='block_1_3' title="bbox 1685 210 3725 302">
    <p class='ocr_par' dir='ltr' id='par_1_3' title="bbox 1685 210 3725 302">
     <span class='ocr_line' id='line_1_3' title="bbox 1685 210 3725 302; baseline 0.006 -13"><span class='ocrx_word' id='word_1_3' title='bbox 1685 232 1740 289; x_wconf 91' lang='lat' dir='ltr'><strong>s.</strong></span> <span class='ocrx_word' id='word_1_4' title='bbox 1782 233 2196 290; x_wconf 78' lang='lat' dir='ltr'><strong>ALEXANDER</strong></span> <span class='ocrx_word' id='word_1_5' title='bbox 2232 231 2790 291; x_wconf 78' lang='lat' dir='ltr'><strong>ALEXANDRINUS.</strong></span> <span class='ocrx_word' id='word_1_6' title='bbox 3285 210 3289 215; x_wconf 71' lang='grc'><em>’</em></span> <span class='ocrx_word' id='word_1_7' title='bbox 3643 243 3725 302; x_wconf 70' lang='lat' dir='ltr'><strong>sai</strong></span> 
     </span>
    </p>
   </div>
   <div class='ocr_carea' id='block_1_4' title="bbox 593 345 2142 428">
    <p class='ocr_par' dir='ltr' id='par_1_4' title="bbox 593 352 2142 428">
     <span class='ocr_line' id='line_1_4' title="bbox 593 352 2142 428; baseline -0.002 -18"><span class='ocrx_word' id='word_1_8' title='bbox 593 357 794 428; x_wconf 81' lang='lat' dir='ltr'><strong>Ephes.</strong></span> <span class='ocrx_word' id='word_1_9' title='bbox 827 372 866 420; x_wconf 81' lang='grc' dir='ltr'><strong>ι,</strong></span> <span class='ocrx_word' id='word_1_10' title='bbox 903 357 988 420; x_wconf 81' lang='grc' dir='ltr'>Η,</span> <span class='ocrx_word' id='word_1_11' title='bbox 1022 353 1430 426; x_wconf 80' lang='grc' dir='ltr'><strong>προορισθέντες</strong></span> <span class='ocrx_word' id='word_1_12' title='bbox 1456 352 1598 406; x_wconf 83' lang='grc' dir='ltr'>κατὰ</span> <span class='ocrx_word' id='word_1_13' title='bbox 1644 353 1921 425; x_wconf 84' lang='grc' dir='ltr'>πρόθεσιν,</span> <span class='ocrx_word' id='word_1_14' title='bbox 1946 352 2142 422; x_wconf 76' lang='grc' dir='ltr'>ρηεάε-</span> 
     </span>
    </p>
   </div>
   <div class='ocr_carea' id='block_1_5' title="bbox 2243 345 3725 428">
    <p class='ocr_par' dir='ltr' id='par_1_5' title="bbox 2253 345 3725 425">
     <span class='ocr_line' id='line_1_5' title="bbox 2253 345 3725 425; baseline 0.005 -19"><span class='ocrx_word' id='word_1_15' title='bbox 2253 353 2329 406; x_wconf 86' lang='lat' dir='ltr'><strong>Ac</strong></span> <span class='ocrx_word' id='word_1_16' title='bbox 2347 352 2576 415; x_wconf 88' lang='lat' dir='ltr'><strong>primum</strong></span> <span class='ocrx_word' id='word_1_17' title='bbox 2599 349 2814 420; x_wconf 84' lang='lat' dir='ltr'><strong>quidem</strong></span> <span class='ocrx_word' id='word_1_18' title='bbox 2831 346 2926 405; x_wconf 88' lang='lat' dir='ltr'><strong>Dei</strong></span> <span class='ocrx_word' id='word_1_19' title='bbox 2943 346 3128 403; x_wconf 90' lang='lat' dir='ltr'><strong>hostes</strong></span> <span class='ocrx_word' id='word_1_20' title='bbox 3149 345 3561 408; x_wconf 63' lang='lat' dir='ltr'><strong>Ecclesiacastris</strong></span> <span class='ocrx_word' id='word_1_21' title='bbox 3577 355 3725 425; x_wconf 79' lang='lat' dir='ltr'><strong>eiecti,</strong></span> 
     </span>
    </p>
   </div>
   <div class='ocr_carea' id='block_1_6' title="bbox 593 443 2152 515">
    <p class='ocr_par' dir='ltr' id='par_1_6' title="bbox 593 443 2152 515">
     <span class='ocr_line' id='line_1_6' title="bbox 593 443 2152 515; baseline -0.003 -12"><span class='ocrx_word' id='word_1_22' title='bbox 593 451 776 504; x_wconf 79' lang='lat' dir='ltr'><strong>stinati</strong></span> <span class='ocrx_word' id='word_1_23' title='bbox 820 446 1100 502; x_wconf 83' lang='lat' dir='ltr'><strong>secundum</strong></span> <span class='ocrx_word' id='word_1_24' title='bbox 1129 447 1484 515; x_wconf 77' lang='lat' dir='ltr'><strong>propositum,-</strong></span> <span class='ocrx_word' id='word_1_25' title='bbox 1534 454 1588 500; x_wconf 92' lang='lat' dir='ltr'><strong>et</strong></span> <span class='ocrx_word' id='word_1_26' title='bbox 1626 453 1748 514; x_wconf 90' lang='lat' dir='ltr'><strong>post</strong></span> <span class='ocrx_word' id='word_1_27' title='bbox 1776 444 2021 508; x_wconf 84' lang='lat' dir='ltr'><strong>Paulum,</strong></span> <span class='ocrx_word' id='word_1_28' title='bbox 2054 443 2152 499; x_wconf 88' lang='lat' dir='ltr'><strong>do-</strong></span> 
     </span>
    </p>
   </div>
   <div class='ocr_carea' id='block_1_7' title="bbox 591 536 2149 610">
    <p class='ocr_par' dir='ltr' id='par_1_7' title="bbox 591 536 2149 610">
     <span class='ocr_line' id='line_1_7' title="bbox 591 536 2149 610; baseline -0.003 -13"><span class='ocrx_word' id='word_1_29' title='bbox 591 541 840 597; x_wconf 90' lang='lat' dir='ltr'><strong>ctissimo</strong></span> <span class='ocrx_word' id='word_1_30' title='bbox 861 541 1058 610; x_wconf 78' lang='lat' dir='ltr'><strong>cuique</strong></span> <span class='ocrx_word' id='word_1_31' title='bbox 1087 536 1185 592; x_wconf 90' lang='lat' dir='ltr'><strong>SS.</strong></span> <span class='ocrx_word' id='word_1_32' title='bbox 1212 537 1455 592; x_wconf 89' lang='lat' dir='ltr'><strong>Patrum.</strong></span> <span class='ocrx_word' id='word_1_33' title='bbox 1476 536 1734 592; x_wconf 88' lang='lat' dir='ltr'><strong>Clemens.</strong></span> <span class='ocrx_word' id='word_1_34' title='bbox 1752 537 2149 592; x_wconf 82' lang='lat' dir='ltr'><strong>Alexandrinus</strong></span> 
     </span>
    </p>
   </div>
   <div class='ocr_carea' id='block_1_8' title="bbox 591 631 2150 702">
    <p class='ocr_par' dir='ltr' id='par_1_8' title="bbox 591 631 2150 702">
     <span class='ocr_line' id='line_1_8' title="bbox 591 631 2150 702; baseline -0.004 -12"><span class='ocrx_word' id='word_1_35' title='bbox 591 637 718 691; x_wconf 91' lang='lat' dir='ltr'><strong>item</strong></span> <span class='ocrx_word' id='word_1_36' title='bbox 765 634 858 688; x_wconf 85' lang='lat' dir='ltr'><strong>lib.</strong></span> <span class='ocrx_word' id='word_1_37' title='bbox 907 647 990 699; x_wconf 80' lang='lat' dir='ltr'><strong>tu,</strong></span> <span class='ocrx_word' id='word_1_38' title='bbox 1039 632 1316 702; x_wconf 77' lang='grc' dir='ltr'>εὐνουχίας</span> <span class='ocrx_word' id='word_1_39' title='bbox 1349 631 1620 702; x_wconf 79' lang='grc' dir='ltr'>πρόθεσιν,</span> <span class='ocrx_word' id='word_1_40' title='bbox 1661 631 1981 700; x_wconf 85' lang='lat' dir='ltr'><strong>propositum</strong></span> <span class='ocrx_word' id='word_1_41' title='bbox 2007 631 2150 685; x_wconf 75' lang='lat' dir='ltr'><strong>creti-</strong></span> 
     </span>
    </p>
   </div>
   <div class='ocr_carea' id='block_1_9' title="bbox 590 721 2150 792">
    <p class='ocr_par' dir='ltr' id='par_1_9' title="bbox 590 721 2150 792">
     <span class='ocr_line' id='line_1_9' title="bbox 590 721 2150 792; baseline -0.001 -15"><span class='ocrx_word' id='word_1_42' title='bbox 590 724 766 790; x_wconf 82' lang='lat' dir='ltr'><strong>batus,</strong></span> <span class='ocrx_word' id='word_1_43' title='bbox 803 731 857 779; x_wconf 84' lang='lat' dir='ltr'><strong>et</strong></span> <span class='ocrx_word' id='word_1_44' title='bbox 885 724 978 777; x_wconf 81' lang='lat' dir='ltr'><strong>lib.</strong></span> <span class='ocrx_word' id='word_1_45' title='bbox 1007 738 1103 786; x_wconf 80' lang='lat' dir='ltr'><strong>vn,</strong></span> <span class='ocrx_word' id='word_1_46' title='bbox 1134 723 1258 784; x_wconf 79' lang='grc' dir='ltr'>τοὺς</span> <span class='ocrx_word' id='word_1_47' title='bbox 1285 721 1426 775; x_wconf 85' lang='grc' dir='ltr'>κατὰ</span> <span class='ocrx_word' id='word_1_48' title='bbox 1453 721 1704 792; x_wconf 78' lang='grc' dir='ltr'><strong>πρόθεσιν</strong></span> <span class='ocrx_word' id='word_1_49' title='bbox 1730 721 1983 784; x_wconf 78' lang='grc' dir='ltr'><strong>δικαίους,</strong></span> <span class='ocrx_word' id='word_1_50' title='bbox 2014 737 2150 791; x_wconf 70' lang='lat' dir='ltr'><strong>pra:-</strong></span> 
     </span>
    </p>
   </div>
   <div class='ocr_carea' id='block_1_10' title="bbox 589 813 2150 885">
    <p class='ocr_par' dir='ltr' id='par_1_10' title="bbox 589 813 2150 885">
     <span class='ocr_line' id='line_1_10' title="bbox 589 813 2150 885; baseline -0.004 -13"><span class='ocrx_word' id='word_1_51' title='bbox 589 819 889 873; x_wconf 86' lang='lat' dir='ltr'><strong>destinatos</strong></span> <span class='ocrx_word' id='word_1_52' title='bbox 910 816 1224 885; x_wconf 79' lang='lat' dir='ltr'><strong>Apostolum</strong></span> <span class='ocrx_word' id='word_1_53' title='bbox 1249 823 1471 871; x_wconf 87' lang='lat' dir='ltr'><strong>secutus</strong></span> <span class='ocrx_word' id='word_1_54' title='bbox 1491 815 1721 869; x_wconf 86' lang='lat' dir='ltr'><strong>vocavit.</strong></span> <span class='ocrx_word' id='word_1_55' title='bbox 1739 813 1986 869; x_wconf 79' lang='lat' dir='ltr'><strong>Justinus</strong></span> <span class='ocrx_word' id='word_1_56' title='bbox 2009 814 2150 867; x_wconf 79' lang='lat' dir='ltr'><strong>Mar-</strong></span> 
     </span>
    </p>
   </div>
   <div class='ocr_carea' id='block_1_11' title="bbox 590 906 2149 981">
    <p class='ocr_par' dir='ltr' id='par_1_11' title="bbox 590 906 2149 981">
     <span class='ocr_line' id='line_1_11' title="bbox 590 906 2149 981; baseline -0.003 -19"><span class='ocrx_word' id='word_1_57' title='bbox 590 917 676 981; x_wconf 87' lang='lat' dir='ltr'><strong>tyr</strong></span> <span class='ocrx_word' id='word_1_58' title='bbox 702 923 794 964; x_wconf 75' lang='lat' dir='ltr'><strong>xix</strong></span> <span class='ocrx_word' id='word_1_59' title='bbox 813 913 1098 979; x_wconf 71' lang='lat' dir='ltr'><strong>quwstione</strong></span> <span class='ocrx_word' id='word_1_60' title='bbox 1118 906 1186 961; x_wconf 84' lang='lat' dir='ltr'><strong>ad</strong></span> <span class='ocrx_word' id='word_1_61' title='bbox 1211 906 1554 970; x_wconf 72' lang='lat' dir='ltr'><strong>orthodoxos,</strong></span> <span class='ocrx_word' id='word_1_62' title='bbox 1583 906 1986 976; x_wconf 88' lang='lat' dir='ltr'><strong>palpitationes,</strong></span> <span class='ocrx_word' id='word_1_63' title='bbox 2009 913 2149 962; x_wconf 88' lang='lat' dir='ltr'><strong>ster-</strong></span> 
     </span>
    </p>
   </div>
   <div class='ocr_carea' id='block_1_12' title="bbox 587 996 2148 1069">
    <p class='ocr_par' dir='ltr' id='par_1_12' title="bbox 587 996 2148 1069">
     <span class='ocr_line' id='line_1_12' title="bbox 587 996 2148 1069; baseline -0.004 -13"><span class='ocrx_word' id='word_1_64' title='bbox 587 1009 914 1056; x_wconf 86' lang='lat' dir='ltr'><strong>nutamenta</strong></span> <span class='ocrx_word' id='word_1_65' title='bbox 951 1010 1004 1055; x_wconf 91' lang='lat' dir='ltr'><strong>et</strong></span> <span class='ocrx_word' id='word_1_66' title='bbox 1036 1000 1266 1054; x_wconf 90' lang='lat' dir='ltr'><strong>tinnitus</strong></span> <span class='ocrx_word' id='word_1_67' title='bbox 1303 998 1516 1053; x_wconf 89' lang='lat' dir='ltr'><strong>aurium</strong></span> <span class='ocrx_word' id='word_1_68' title='bbox 1556 997 1706 1068; x_wconf 88' lang='grc' dir='ltr'>παρὰ</span> <span class='ocrx_word' id='word_1_69' title='bbox 1736 998 1834 1069; x_wconf 84' lang='grc' dir='ltr'>τὴν</span> <span class='ocrx_word' id='word_1_70' title='bbox 1880 996 2148 1067; x_wconf 80' lang='grc' dir='ltr'><strong>ἡμετέραν</strong></span> 
     </span>
    </p>
   </div>
   <div class='ocr_carea' id='block_1_13' title="bbox 585 1088 2148 1164">
    <p class='ocr_par' dir='ltr' id='par_1_13' title="bbox 585 1088 2148 1164">
     <span class='ocr_line' id='line_1_13' title="bbox 585 1088 2148 1164; baseline -0.003 -18"><span class='ocrx_word' id='word_1_71' title='bbox 585 1093 863 1164; x_wconf 77' lang='grc' dir='ltr'>πρόθεσιν,</span> <span class='ocrx_word' id='word_1_72' title='bbox 898 1092 1010 1147; x_wconf 83' lang='lat' dir='ltr'><strong>fieri</strong></span> <span class='ocrx_word' id='word_1_73' title='bbox 1061 1091 1270 1146; x_wconf 88' lang='lat' dir='ltr'><strong>scribit.</strong></span> <span class='ocrx_word' id='word_1_74' title='bbox 1298 1088 1500 1145; x_wconf 89' lang='lat' dir='ltr'><strong>Omitto</strong></span> <span class='ocrx_word' id='word_1_75' title='bbox 1531 1090 1685 1144; x_wconf 85' lang='lat' dir='ltr'><strong>alios.</strong></span> <span class='ocrx_word' id='word_1_76' title='bbox 1718 1088 1858 1144; x_wconf 87' lang='lat' dir='ltr'><strong>Sane</strong></span> <span class='ocrx_word' id='word_1_77' title='bbox 1882 1088 2148 1143; x_wconf 90' lang='lat' dir='ltr'><strong>Constan-</strong></span> 
     </span>
    </p>
   </div>
   <div class='ocr_carea' id='block_1_14' title="bbox 585 1182 2148 1254">
    <p class='ocr_par' dir='ltr' id='par_1_14' title="bbox 585 1182 2148 1254">
     <span class='ocr_line' id='line_1_14' title="bbox 585 1182 2148 1254; baseline -0.002 -17"><span class='ocrx_word' id='word_1_78' title='bbox 585 1186 733 1239; x_wconf 92' lang='lat' dir='ltr'><strong>tinus</strong></span> <span class='ocrx_word' id='word_1_79' title='bbox 777 1183 1004 1254; x_wconf 86' lang='lat' dir='ltr'><strong>Magnus</strong></span> <span class='ocrx_word' id='word_1_80' title='bbox 1039 1184 1234 1238; x_wconf 83' lang='lat' dir='ltr'><strong>litteris</strong></span> <span class='ocrx_word' id='word_1_81' title='bbox 1282 1183 1347 1236; x_wconf 88' lang='lat' dir='ltr'><strong>ad</strong></span> <span class='ocrx_word' id='word_1_82' title='bbox 1400 1182 1766 1237; x_wconf 80' lang='lat' dir='ltr'><strong>Alexandrum</strong></span> <span class='ocrx_word' id='word_1_83' title='bbox 1815 1190 2058 1235; x_wconf 88' lang='lat' dir='ltr'><strong>nostrum</strong></span> <span class='ocrx_word' id='word_1_84' title='bbox 2093 1189 2148 1237; x_wconf 93' lang='lat' dir='ltr'><strong>et</strong></span> 
     </span>
    </p>
   </div>
   <div class='ocr_carea' id='block_1_15' title="bbox 584 1272 2145 1345">
    <p class='ocr_par' dir='ltr' id='par_1_15' title="bbox 584 1272 2145 1345">
     <span class='ocr_line' id='line_1_15' title="bbox 584 1272 2145 1345; baseline 0 -17"><span class='ocrx_word' id='word_1_85' title='bbox 584 1274 774 1328; x_wconf 82' lang='lat' dir='ltr'><strong>Arium</strong></span> <span class='ocrx_word' id='word_1_86' title='bbox 827 1274 969 1329; x_wconf 92' lang='lat' dir='ltr'><strong>datis</strong></span> <span class='ocrx_word' id='word_1_87' title='bbox 1027 1274 1152 1345; x_wconf 80' lang='grc' dir='ltr'>μίαν</span> <span class='ocrx_word' id='word_1_88' title='bbox 1195 1275 1371 1345; x_wconf 76' lang='grc' dir='ltr'><strong>ψυχῆς</strong></span> <span class='ocrx_word' id='word_1_89' title='bbox 1428 1273 1682 1345; x_wconf 84' lang='grc' dir='ltr'>πρόθεσιν</span> <span class='ocrx_word' id='word_1_90' title='bbox 1728 1274 1962 1344; x_wconf 78' lang='lat' dir='ltr'><strong>scripsit.</strong></span> <span class='ocrx_word' id='word_1_91' title='bbox 2006 1272 2145 1340; x_wconf 86' lang='lat' dir='ltr'><strong>Quid</strong></span> 
     </span>
    </p>
   </div>
   <div class='ocr_carea' id='block_1_16' title="bbox 585 1364 2148 1437">
    <p class='ocr_par' dir='ltr' id='par_1_16' title="bbox 585 1364 2148 1437">
     <span class='ocr_line' id='line_1_16' title="bbox 585 1364 2148 1437; baseline 0 -17"><span class='ocrx_word' id='word_1_92' title='bbox 585 1367 759 1420; x_wconf 73' lang='lat' dir='ltr'><strong>vero?</strong></span> <span class='ocrx_word' id='word_1_93' title='bbox 791 1380 970 1421; x_wconf 88' lang='lat' dir='ltr'><strong>nonne</strong></span> <span class='ocrx_word' id='word_1_94' title='bbox 1020 1367 1133 1436; x_wconf 88' lang='lat' dir='ltr'><strong>ipse</strong></span> <span class='ocrx_word' id='word_1_95' title='bbox 1172 1364 1476 1421; x_wconf 81' lang='lat' dir='ltr'><strong>Alexander</strong></span> <span class='ocrx_word' id='word_1_96' title='bbox 1540 1382 1664 1420; x_wconf 77' lang='lat' dir='ltr'><strong>mox</strong></span> <span class='ocrx_word' id='word_1_97' title='bbox 1739 1367 1839 1421; x_wconf 90' lang='lat' dir='ltr'><strong>hac</strong></span> <span class='ocrx_word' id='word_1_98' title='bbox 1886 1367 2005 1437; x_wconf 85' lang='lat' dir='ltr'><strong>ipsa</strong></span> <span class='ocrx_word' id='word_1_99' title='bbox 2052 1382 2148 1436; x_wconf 90' lang='lat' dir='ltr'><strong>pa-</strong></span> 
     </span>
    </p>
   </div>
   <div class='ocr_carea' id='block_1_17' title="bbox 589 1455 2146 1528">
    <p class='ocr_par' dir='ltr' id='par_1_17' title="bbox 589 1455 2146 1528">
     <span class='ocr_line' id='line_1_17' title="bbox 589 1455 2146 1528; baseline 0.001 -17"><span class='ocrx_word' id='word_1_100' title='bbox 589 1458 714 1528; x_wconf 84' lang='lat' dir='ltr'><strong>gina</strong></span> <span class='ocrx_word' id='word_1_101' title='bbox 778 1457 879 1528; x_wconf 82' lang='grc' dir='ltr'><strong>τὴν</strong></span> <span class='ocrx_word' id='word_1_102' title='bbox 910 1457 1183 1528; x_wconf 82' lang='grc' dir='ltr'>μοχθηρὰν</span> <span class='ocrx_word' id='word_1_103' title='bbox 1231 1455 1488 1528; x_wconf 78' lang='grc' dir='ltr'>πρόθεσιν</span> <span class='ocrx_word' id='word_1_104' title='bbox 1530 1459 1755 1528; x_wconf 85' lang='lat' dir='ltr'><strong>repetit?</strong></span> <span class='ocrx_word' id='word_1_105' title='bbox 1783 1457 1937 1524; x_wconf 86' lang='lat' dir='ltr'><strong>Quod</strong></span> <span class='ocrx_word' id='word_1_106' title='bbox 1972 1466 2025 1512; x_wconf 88' lang='lat' dir='ltr'><strong>et</strong></span> <span class='ocrx_word' id='word_1_107' title='bbox 2063 1460 2146 1527; x_wconf 86' lang='lat' dir='ltr'><strong>ip-</strong></span> 
     </span>
    </p>
   </div>
   <div class='ocr_carea' id='block_1_18' title="bbox 590 1547 2146 1620">
    <p class='ocr_par' dir='ltr' id='par_1_18' title="bbox 590 1547 2146 1620">
     <span class='ocr_line' id='line_1_18' title="bbox 590 1547 2146 1620; baseline 0.002 -19"><span class='ocrx_word' id='word_1_108' title='bbox 590 1563 710 1602; x_wconf 86' lang='lat' dir='ltr'><strong>sum</strong></span> <span class='ocrx_word' id='word_1_109' title='bbox 738 1563 809 1602; x_wconf 92' lang='lat' dir='ltr'><strong>ne</strong></span> <span class='ocrx_word' id='word_1_110' title='bbox 835 1562 1090 1603; x_wconf 88' lang='lat' dir='ltr'><strong>censores</strong></span> <span class='ocrx_word' id='word_1_111' title='bbox 1117 1547 1446 1618; x_wconf 89' lang='lat' dir='ltr'><strong>jugularent,</strong></span> <span class='ocrx_word' id='word_1_112' title='bbox 1483 1549 1690 1604; x_wconf 89' lang='lat' dir='ltr'><strong>salvum</strong></span> <span class='ocrx_word' id='word_1_113' title='bbox 1713 1558 1874 1620; x_wconf 90' lang='lat' dir='ltr'><strong>atque</strong></span> <span class='ocrx_word' id='word_1_114' title='bbox 1896 1550 2146 1605; x_wconf 88' lang='lat' dir='ltr'><strong>indemne</strong></span> 
     </span>
    </p>
   </div>
   <div class='ocr_carea' id='block_1_19' title="bbox 588 1641 2145 1716">
    <p class='ocr_par' dir='ltr' id='par_1_19' title="bbox 588 1641 2145 1716">
     <span class='ocr_line' id='line_1_19' title="bbox 588 1641 2145 1716; baseline 0.004 -22"><span class='ocrx_word' id='word_1_115' title='bbox 588 1649 848 1712; x_wconf 75' lang='lat' dir='ltr'><strong>praestare</strong></span> <span class='ocrx_word' id='word_1_116' title='bbox 874 1649 1081 1709; x_wconf 81' lang='lat' dir='ltr'><strong>poterat</strong></span> <span class='ocrx_word' id='word_1_117' title='bbox 1108 1641 1251 1711; x_wconf 88' lang='lat' dir='ltr'><strong>quod</strong></span> <span class='ocrx_word' id='word_1_118' title='bbox 1276 1642 1415 1696; x_wconf 89' lang='lat' dir='ltr'><strong>infra</strong></span> <span class='ocrx_word' id='word_1_119' title='bbox 1437 1658 1495 1696; x_wconf 89' lang='lat' dir='ltr'><strong>se</strong></span> <span class='ocrx_word' id='word_1_120' title='bbox 1515 1642 1889 1713; x_wconf 81' lang='lat' dir='ltr'><strong>episcoporum</strong></span> <span class='ocrx_word' id='word_1_121' title='bbox 1912 1645 1979 1699; x_wconf 89' lang='lat' dir='ltr'><strong>ad</strong></span> <span class='ocrx_word' id='word_1_122' title='bbox 2007 1659 2145 1716; x_wconf 83' lang='lat' dir='ltr'><strong>quos</strong></span> 
     </span>
    </p>
   </div>
   <div class='ocr_carea' id='block_1_20' title="bbox 2257 429 3760 512">
    <p class='ocr_par' dir='ltr' id='par_1_20' title="bbox 2257 429 3760 512">
     <span class='ocr_line' id='line_1_20' title="bbox 2257 429 3760 512; baseline 0.005 -18"><span class='ocrx_word' id='word_1_123' title='bbox 2257 443 2325 497; x_wconf 89' lang='lat' dir='ltr'><strong>ad</strong></span> <span class='ocrx_word' id='word_1_124' title='bbox 2392 443 2622 512; x_wconf 80' lang='lat' dir='ltr'><strong>gentiles</strong></span> <span class='ocrx_word' id='word_1_125' title='bbox 2673 447 2728 495; x_wconf 91' lang='lat' dir='ltr'><strong>et</strong></span> <span class='ocrx_word' id='word_1_126' title='bbox 2773 438 2989 494; x_wconf 65' lang='lat' dir='ltr'><strong>Iudaeos</strong></span> <span class='ocrx_word' id='word_1_127' title='bbox 3032 438 3390 509; x_wconf 71' lang='lat' dir='ltr'><strong>transfugere,</strong></span> <span class='ocrx_word' id='word_1_128' title='bbox 3419 456 3528 496; x_wconf 88' lang='lat' dir='ltr'><strong>cum</strong></span> <span class='ocrx_word' id='word_1_129' title='bbox 3566 445 3636 500; x_wconf 89' lang='lat' dir='ltr'><strong>his</strong></span> <span class='ocrx_word' id='word_1_130' title='bbox 3677 429 3760 512; x_wconf 62' lang='lat' dir='ltr'><strong>adi</strong></span> 
     </span>
    </p>
   </div>
   <div class='ocr_carea' id='block_1_21' title="bbox 2255 529 3730 602">
    <p class='ocr_par' dir='ltr' id='par_1_21' title="bbox 2255 529 3730 602">
     <span class='ocr_line' id='line_1_21' title="bbox 2255 529 3730 602; baseline 0.002 -14"><span class='ocrx_word' id='word_1_131' title='bbox 2255 533 2622 588; x_wconf 82' lang='lat' dir='ltr'><strong>Christianam</strong></span> <span class='ocrx_word' id='word_1_132' title='bbox 2651 531 2966 602; x_wconf 75' lang='lat' dir='ltr'><strong>religionem</strong></span> <span class='ocrx_word' id='word_1_133' title='bbox 2999 529 3400 584; x_wconf 78' lang='lat' dir='ltr'><strong>exscindendam</strong></span> <span class='ocrx_word' id='word_1_134' title='bbox 3435 531 3622 590; x_wconf 66' lang='lat' dir='ltr'><strong>fmderis</strong></span> <span class='ocrx_word' id='word_1_135' title='bbox 3659 552 3730 592; x_wconf 85' lang='lat' dir='ltr'><strong>so-</strong></span> 
     </span>
    </p>
   </div>
   <div class='ocr_carea' id='block_1_22' title="bbox 2256 620 3738 692">
    <p class='ocr_par' dir='ltr' id='par_1_22' title="bbox 2256 620 3738 692">
     <span class='ocr_line' id='line_1_22' title="bbox 2256 620 3738 692; baseline 0.001 -14"><span class='ocrx_word' id='word_1_136' title='bbox 2256 624 2449 678; x_wconf 89' lang='lat' dir='ltr'><strong>cietate</strong></span> <span class='ocrx_word' id='word_1_137' title='bbox 2481 637 2600 678; x_wconf 89' lang='lat' dir='ltr'><strong>sese</strong></span> <span class='ocrx_word' id='word_1_138' title='bbox 2628 623 2955 692; x_wconf 77' lang='lat' dir='ltr'><strong>conjungere</strong></span> <span class='ocrx_word' id='word_1_139' title='bbox 2984 638 2998 674; x_wconf 89' lang='lat'><strong>:</strong></span> <span class='ocrx_word' id='word_1_140' title='bbox 3030 620 3169 689; x_wconf 89' lang='lat' dir='ltr'><strong>apud</strong></span> <span class='ocrx_word' id='word_1_141' title='bbox 3195 620 3289 675; x_wconf 91' lang='lat' dir='ltr'><strong>hos</strong></span> <span class='ocrx_word' id='word_1_142' title='bbox 3315 623 3522 692; x_wconf 81' lang='lat' dir='ltr'><strong>gratiam</strong></span> <span class='ocrx_word' id='word_1_143' title='bbox 3537 625 3738 681; x_wconf 59' lang='lat' dir='ltr'><strong>laudem</strong></span> 
     </span>
    </p>
   </div>
   <div class='ocr_carea' id='block_1_23' title="bbox 2255 717 3731 792">
    <p class='ocr_par' dir='ltr' id='par_1_23' title="bbox 2255 717 3731 792">
     <span class='ocr_line' id='line_1_23' title="bbox 2255 717 3731 792; baseline -0.001 -17"><span class='ocrx_word' id='word_1_144' title='bbox 2255 737 2360 792; x_wconf 89' lang='lat' dir='ltr'><strong>que</strong></span> <span class='ocrx_word' id='word_1_145' title='bbox 2382 721 2482 776; x_wconf 89' lang='lat' dir='ltr'><strong>sibi</strong></span> <span class='ocrx_word' id='word_1_146' title='bbox 2509 734 2773 789; x_wconf 63' lang='lat' dir='ltr'><strong>quaerere,</strong></span> <span class='ocrx_word' id='word_1_147' title='bbox 2803 718 2931 771; x_wconf 90' lang='lat' dir='ltr'><strong>dum</strong></span> <span class='ocrx_word' id='word_1_148' title='bbox 2971 717 3387 772; x_wconf 86' lang='lat' dir='ltr'><strong>Christianorum</strong></span> <span class='ocrx_word' id='word_1_149' title='bbox 3427 719 3641 789; x_wconf 81' lang='lat' dir='ltr'><strong>dogmata</strong></span> <span class='ocrx_word' id='word_1_150' title='bbox 3682 739 3731 775; x_wconf 82' lang='lat' dir='ltr'><strong>ac</strong></span> 
     </span>
    </p>
   </div>
   <div class='ocr_carea' id='block_1_24' title="bbox 2256 809 3735 881">
    <p class='ocr_par' dir='ltr' id='par_1_24' title="bbox 2256 809 3735 881">
     <span class='ocr_line' id='line_1_24' title="bbox 2256 809 3735 881; baseline -0.001 -14"><span class='ocrx_word' id='word_1_151' title='bbox 2256 827 2432 877; x_wconf 88' lang='lat' dir='ltr'><strong>sacra,</strong></span> <span class='ocrx_word' id='word_1_152' title='bbox 2481 827 2602 881; x_wconf 71' lang='lat' dir='ltr'><strong>quae</strong></span> <span class='ocrx_word' id='word_1_153' title='bbox 2648 809 2850 865; x_wconf 71' lang='lat' dir='ltr'><strong>Judmis</strong></span> <span class='ocrx_word' id='word_1_154' title='bbox 2878 809 3216 871; x_wconf 88' lang='lat' dir='ltr'><strong>scandalum,</strong></span> <span class='ocrx_word' id='word_1_155' title='bbox 3253 810 3486 879; x_wconf 79' lang='lat' dir='ltr'><strong>gentibus</strong></span> <span class='ocrx_word' id='word_1_156' title='bbox 3513 812 3735 866; x_wconf 70' lang='lat' dir='ltr'><strong>stultitia‘</strong></span> 
     </span>
    </p>
   </div>
   <div class='ocr_carea' id='block_1_25' title="bbox 2255 907 3736 977">
    <p class='ocr_par' dir='ltr' id='par_1_25' title="bbox 2255 907 3736 977">
     <span class='ocr_line' id='line_1_25' title="bbox 2255 907 3736 977; baseline -0.003 -9"><span class='ocrx_word' id='word_1_157' title='bbox 2255 921 2431 973; x_wconf 87' lang='lat' dir='ltr'><strong>erant,</strong></span> <span class='ocrx_word' id='word_1_158' title='bbox 2458 910 2591 966; x_wconf 88' lang='lat' dir='ltr'><strong>risui</strong></span> <span class='ocrx_word' id='word_1_159' title='bbox 2617 925 2680 964; x_wconf 89' lang='lat' dir='ltr'><strong>ae</strong></span> <span class='ocrx_word' id='word_1_160' title='bbox 2702 909 2936 964; x_wconf 89' lang='lat' dir='ltr'><strong>ludibrio</strong></span> <span class='ocrx_word' id='word_1_161' title='bbox 2949 907 3608 977; x_wconf 86' lang='lat' dir='ltr'><strong>eorumdem,exponereut;</strong></span> <span class='ocrx_word' id='word_1_162' title='bbox 3625 909 3736 965; x_wconf 87' lang='lat' dir='ltr'><strong>unde</strong></span> 
     </span>
    </p>
   </div>
   <div class='ocr_carea' id='block_1_26' title="bbox 2257 997 3737 1073">
    <p class='ocr_par' dir='ltr' id='par_1_26' title="bbox 2257 997 3737 1073">
     <span class='ocr_line' id='line_1_26' title="bbox 2257 997 3737 1073; baseline -0.005 -14"><span class='ocrx_word' id='word_1_163' title='bbox 2257 1003 2533 1073; x_wconf 84' lang='lat' dir='ltr'><strong>religionis</strong></span> <span class='ocrx_word' id='word_1_164' title='bbox 2571 1000 2794 1057; x_wconf 82' lang='lat' dir='ltr'><strong>exitium</strong></span> <span class='ocrx_word' id='word_1_165' title='bbox 2826 1000 2979 1068; x_wconf 86' lang='lat' dir='ltr'><strong>sequi</strong></span> <span class='ocrx_word' id='word_1_166' title='bbox 3024 1013 3242 1053; x_wconf 91' lang='lat' dir='ltr'><strong>necesse</strong></span> <span class='ocrx_word' id='word_1_167' title='bbox 3269 1006 3397 1052; x_wconf 90' lang='lat' dir='ltr'><strong>erat.</strong></span> <span class='ocrx_word' id='word_1_168' title='bbox 3437 997 3556 1068; x_wconf 88' lang='lat' dir='ltr'><strong>Ipsis</strong></span> <span class='ocrx_word' id='word_1_169' title='bbox 3582 999 3737 1054; x_wconf 86' lang='lat' dir='ltr'><strong>deinde</strong></span> 
     </span>
    </p>
   </div>
   <div class='ocr_carea' id='block_1_27' title="bbox 2254 1090 3739 1164">
    <p class='ocr_par' dir='ltr' id='par_1_27' title="bbox 2254 1090 3739 1164">
     <span class='ocr_line' id='line_1_27' title="bbox 2254 1090 3739 1164; baseline -0.005 -14"><span class='ocrx_word' id='word_1_170' title='bbox 2254 1095 2496 1151; x_wconf 75' lang='lat' dir='ltr'><strong>veritatis</strong></span> <span class='ocrx_word' id='word_1_171' title='bbox 2525 1093 3011 1164; x_wconf 78' lang='lat' dir='ltr'><strong>propugnatoribus</strong></span> <span class='ocrx_word' id='word_1_172' title='bbox 3039 1091 3243 1154; x_wconf 83' lang='lat' dir='ltr'><strong>turbas,</strong></span> <span class='ocrx_word' id='word_1_173' title='bbox 3272 1090 3542 1145; x_wconf 85' lang='lat' dir='ltr'><strong>seditiones</strong></span> <span class='ocrx_word' id='word_1_174' title='bbox 3566 1104 3619 1143; x_wconf 89' lang='lat' dir='ltr'><strong>ac</strong></span> <span class='ocrx_word' id='word_1_175' title='bbox 3643 1106 3739 1162; x_wconf 85' lang='lat' dir='ltr'><strong>per-</strong></span> 
     </span>
    </p>
   </div>
   <div class='ocr_carea' id='block_1_28' title="bbox 2255 1181 3744 1256">
    <p class='ocr_par' dir='ltr' id='par_1_28' title="bbox 2255 1181 3744 1256">
     <span class='ocr_line' id='line_1_28' title="bbox 2255 1181 3744 1256; baseline -0.004 -13"><span class='ocrx_word' id='word_1_176' title='bbox 2255 1188 2559 1243; x_wconf 85' lang='lat' dir='ltr'><strong>secutiones</strong></span> <span class='ocrx_word' id='word_1_177' title='bbox 2575 1185 2920 1256; x_wconf 87' lang='lat' dir='ltr'><strong>gravissimas</strong></span> <span class='ocrx_word' id='word_1_178' title='bbox 2940 1184 3246 1238; x_wconf 81' lang='lat' dir='ltr'><strong>excitabant</strong></span> <span class='ocrx_word' id='word_1_179' title='bbox 3269 1201 3280 1235; x_wconf 92' lang='lat'>:</span> <span class='ocrx_word' id='word_1_180' title='bbox 3305 1183 3500 1237; x_wconf 86' lang='lat' dir='ltr'><strong>scilicet</strong></span> <span class='ocrx_word' id='word_1_181' title='bbox 3514 1191 3566 1235; x_wconf 95' lang='lat' dir='ltr'><strong>ut</strong></span> <span class='ocrx_word' id='word_1_182' title='bbox 3580 1182 3657 1236; x_wconf 84' lang='lat' dir='ltr'><strong>Dei</strong></span> <span class='ocrx_word' id='word_1_183' title='bbox 3671 1181 3744 1237; x_wconf 58' lang='lat' dir='ltr'><strong>Eo</strong></span> 
     </span>
    </p>
   </div>
   <div class='ocr_carea' id='block_1_29' title="bbox 2254 1273 3740 1349">
    <p class='ocr_par' dir='ltr' id='par_1_29' title="bbox 2254 1273 3740 1349">
     <span class='ocr_line' id='line_1_29' title="bbox 2254 1273 3740 1349; baseline -0.003 -16"><span class='ocrx_word' id='word_1_184' title='bbox 2254 1280 2418 1334; x_wconf 88' lang='lat' dir='ltr'><strong>clesia</strong></span> <span class='ocrx_word' id='word_1_185' title='bbox 2447 1279 2640 1332; x_wconf 84' lang='lat' dir='ltr'><strong>horum</strong></span> <span class='ocrx_word' id='word_1_186' title='bbox 2670 1277 2918 1349; x_wconf 66' lang='lat' dir='ltr'><strong>praesidio</strong></span> <span class='ocrx_word' id='word_1_187' title='bbox 2955 1277 3167 1335; x_wconf 88' lang='lat' dir='ltr'><strong>orbata.</strong></span> <span class='ocrx_word' id='word_1_188' title='bbox 3199 1275 3329 1345; x_wconf 86' lang='lat' dir='ltr'><strong>ipsis</strong></span> <span class='ocrx_word' id='word_1_189' title='bbox 3357 1273 3534 1344; x_wconf 64' lang='lat' dir='ltr'><strong>prterire</strong></span> <span class='ocrx_word' id='word_1_190' title='bbox 3551 1273 3740 1328; x_wconf 85' lang='lat' dir='ltr'><strong>cederet.</strong></span> 
     </span>
    </p>
   </div>
   <div class='ocr_carea' id='block_1_30' title="bbox 2252 1364 3745 1436">
    <p class='ocr_par' dir='ltr' id='par_1_30' title="bbox 2252 1364 3745 1436">
     <span class='ocr_line' id='line_1_30' title="bbox 2252 1364 3745 1436; baseline -0.003 -14"><span class='ocrx_word' id='word_1_191' title='bbox 2252 1368 2377 1423; x_wconf 60' lang='lat' dir='ltr'><strong>llaec</strong></span> <span class='ocrx_word' id='word_1_192' title='bbox 2389 1369 2494 1422; x_wconf 91' lang='lat' dir='ltr'><strong>duo</strong></span> <span class='ocrx_word' id='word_1_193' title='bbox 2513 1367 2875 1422; x_wconf 86' lang='lat' dir='ltr'><strong>accusationis</strong></span> <span class='ocrx_word' id='word_1_194' title='bbox 2895 1367 3092 1436; x_wconf 88' lang='lat' dir='ltr'><strong>capita.</strong></span> <span class='ocrx_word' id='word_1_195' title='bbox 3116 1365 3352 1431; x_wconf 86' lang='lat' dir='ltr'><strong>Quorum</strong></span> <span class='ocrx_word' id='word_1_196' title='bbox 3373 1372 3634 1435; x_wconf 89' lang='lat' dir='ltr'><strong>utrumque</strong></span> <span class='ocrx_word' id='word_1_197' title='bbox 3650 1364 3745 1432; x_wconf 90' lang='lat' dir='ltr'><strong>qui-</strong></span> 
     </span>
    </p>
   </div>
   <div class='ocr_carea' id='block_1_31' title="bbox 2252 1455 3742 1519">
    <p class='ocr_par' dir='ltr' id='par_1_31' title="bbox 2252 1455 3742 1519">
     <span class='ocr_line' id='line_1_31' title="bbox 2252 1455 3742 1519; baseline -0.002 -7"><span class='ocrx_word' id='word_1_198' title='bbox 2252 1460 2354 1514; x_wconf 91' lang='lat' dir='ltr'><strong>bus</strong></span> <span class='ocrx_word' id='word_1_199' title='bbox 2382 1458 2556 1514; x_wconf 87' lang='lat' dir='ltr'><strong>modis</strong></span> <span class='ocrx_word' id='word_1_200' title='bbox 2576 1457 2785 1513; x_wconf 75' lang='lat' dir='ltr'><strong>edicere</strong></span> <span class='ocrx_word' id='word_1_201' title='bbox 2815 1467 3144 1512; x_wconf 88' lang='lat' dir='ltr'><strong>conarentur</strong></span> <span class='ocrx_word' id='word_1_202' title='bbox 3171 1455 3378 1519; x_wconf 84' lang='lat' dir='ltr'><strong>Ariani,</strong></span> <span class='ocrx_word' id='word_1_203' title='bbox 3397 1471 3510 1508; x_wconf 85' lang='lat' dir='ltr'><strong>mox</strong></span> <span class='ocrx_word' id='word_1_204' title='bbox 3535 1455 3742 1510; x_wconf 81' lang='lat' dir='ltr'><strong>ostendit.</strong></span> 
     </span>
    </p>
   </div>
   <div class='ocr_carea' id='block_1_32' title="bbox 2253 1549 3744 1620">
    <p class='ocr_par' dir='ltr' id='par_1_32' title="bbox 2253 1549 3744 1620">
     <span class='ocr_line' id='line_1_32' title="bbox 2253 1549 3744 1620; baseline -0.003 -16"><span class='ocrx_word' id='word_1_205' title='bbox 2253 1550 2533 1606; x_wconf 84' lang='lat' dir='ltr'><strong>Posterius</strong></span> <span class='ocrx_word' id='word_1_206' title='bbox 2574 1552 2812 1620; x_wconf 90' lang='lat' dir='ltr'><strong>quidem,</strong></span> <span class='ocrx_word' id='word_1_207' title='bbox 2850 1551 3046 1620; x_wconf 84' lang='lat' dir='ltr'><strong>inquit,</strong></span> <span class='ocrx_word' id='word_1_208' title='bbox 3091 1549 3383 1603; x_wconf 89' lang='lat' dir='ltr'><strong>seditiones</strong></span> <span class='ocrx_word' id='word_1_209' title='bbox 3435 1555 3486 1602; x_wconf 86' lang='lat' dir='ltr'><strong>et</strong></span> <span class='ocrx_word' id='word_1_210' title='bbox 3535 1561 3744 1616; x_wconf 86' lang='lat' dir='ltr'><strong>persecu-</strong></span> 
     </span>
    </p>
   </div>
   <div class='ocr_carea' id='block_1_33' title="bbox 2252 1639 3748 1709">
    <p class='ocr_par' dir='ltr' id='par_1_33' title="bbox 2252 1639 3748 1709">
     <span class='ocr_line' id='line_1_33' title="bbox 2252 1639 3748 1709; baseline -0.004 -12"><span class='ocrx_word' id='word_1_211' title='bbox 2252 1646 2430 1698; x_wconf 87' lang='lat' dir='ltr'><strong>tiones</strong></span> <span class='ocrx_word' id='word_1_212' title='bbox 2479 1644 2689 1698; x_wconf 89' lang='lat' dir='ltr'><strong>scilicet</strong></span> <span class='ocrx_word' id='word_1_213' title='bbox 2725 1645 2994 1709; x_wconf 87' lang='lat' dir='ltr'><strong>excitant,</strong></span> <span class='ocrx_word' id='word_1_214' title='bbox 3056 1639 3360 1698; x_wconf 82' lang='lat' dir='ltr'><strong>divexando</strong></span> <span class='ocrx_word' id='word_1_215' title='bbox 3387 1639 3671 1703; x_wconf 88' lang='lat' dir='ltr'><strong>catholicos,</strong></span> <span class='ocrx_word' id='word_1_216' title='bbox 3705 1648 3748 1697; x_wconf 86' lang='lat' dir='ltr'><strong>et</strong></span> 
     </span>
    </p>
   </div>
   <div class='ocr_carea' id='block_1_34' title="bbox 590 1729 3747 1808">
    <p class='ocr_par' dir='ltr' id='par_1_34' title="bbox 590 1729 3747 1808">
     <span class='ocr_line' id='line_1_34' title="bbox 590 1729 3747 1808; baseline -0.002 -19"><span class='ocrx_word' id='word_1_217' title='bbox 590 1734 780 1791; x_wconf 83' lang='lat' dir='ltr'><strong>scribit</strong></span> <span class='ocrx_word' id='word_1_218' title='bbox 811 1734 942 1808; x_wconf 78' lang='grc' dir='ltr'>ὀρθῇ</span> <span class='ocrx_word' id='word_1_219' title='bbox 973 1735 1251 1807; x_wconf 81' lang='grc' dir='ltr'>προθέσει,</span> <span class='ocrx_word' id='word_1_220' title='bbox 1273 1733 1545 1789; x_wconf 83' lang='lat' dir='ltr'><strong>confidere</strong></span> <span class='ocrx_word' id='word_1_221' title='bbox 1585 1736 1680 1790; x_wconf 88' lang='lat' dir='ltr'><strong>ait.</strong></span> <span class='ocrx_word' id='word_1_222' title='bbox 1728 1734 1956 1800; x_wconf 78' lang='lat' dir='ltr'><strong>Videtis,</strong></span> <span class='ocrx_word' id='word_1_223' title='bbox 1992 1745 2143 1807; x_wconf 89' lang='lat' dir='ltr'><strong>puto,</strong></span> <span class='ocrx_word' id='word_1_224' title='bbox 2177 1731 2220 1786; x_wconf 85' lang='grc' dir='ltr'>Β</span> <span class='ocrx_word' id='word_1_225' title='bbox 2250 1735 2372 1788; x_wconf 91' lang='lat' dir='ltr'><strong>lites</strong></span> <span class='ocrx_word' id='word_1_226' title='bbox 2397 1733 2588 1788; x_wconf 91' lang='lat' dir='ltr'><strong>iisdem</strong></span> <span class='ocrx_word' id='word_1_227' title='bbox 2629 1733 2968 1797; x_wconf 90' lang='lat' dir='ltr'><strong>intentando,</strong></span> <span class='ocrx_word' id='word_1_228' title='bbox 3001 1747 3098 1802; x_wconf 81' lang='lat' dir='ltr'><strong>per</strong></span> <span class='ocrx_word' id='word_1_229' title='bbox 3142 1730 3571 1785; x_wconf 87' lang='lat' dir='ltr'><strong>muliercularum</strong></span> <span class='ocrx_word' id='word_1_230' title='bbox 3597 1729 3747 1783; x_wconf 85' lang='lat' dir='ltr'><strong>amici-</strong></span> 
     </span>
    </p>
   </div>
   <div class='ocr_carea' id='block_1_35' title="bbox 589 1827 2146 1898">
    <p class='ocr_par' dir='ltr' id='par_1_35' title="bbox 589 1827 2146 1898">
     <span class='ocr_line' id='line_1_35' title="bbox 589 1827 2146 1898; baseline -0.001 -14"><span class='ocrx_word' id='word_1_231' title='bbox 589 1827 884 1895; x_wconf 76' lang='lat' dir='ltr'><strong>auditores,</strong></span> <span class='ocrx_word' id='word_1_232' title='bbox 917 1842 1078 1898; x_wconf 90' lang='lat' dir='ltr'><strong>quam</strong></span> <span class='ocrx_word' id='word_1_233' title='bbox 1127 1833 1287 1881; x_wconf 88' lang='lat' dir='ltr'><strong>caute</strong></span> <span class='ocrx_word' id='word_1_234' title='bbox 1317 1834 1370 1880; x_wconf 90' lang='lat' dir='ltr'><strong>et</strong></span> <span class='ocrx_word' id='word_1_235' title='bbox 1403 1827 1652 1897; x_wconf 78' lang='lat' dir='ltr'><strong>religiose</strong></span> <span class='ocrx_word' id='word_1_236' title='bbox 1702 1829 1758 1882; x_wconf 93' lang='lat' dir='ltr'><strong>in</strong></span> <span class='ocrx_word' id='word_1_237' title='bbox 1799 1829 2146 1898; x_wconf 89' lang='lat' dir='ltr'><strong>antiquorum</strong></span> 
     </span>
    </p>
   </div>
   <div class='ocr_carea' id='block_1_36' title="bbox 587 1918 2146 1991">
    <p class='ocr_par' dir='ltr' id='par_1_36' title="bbox 587 1918 2146 1991">
     <span class='ocr_line' id='line_1_36' title="bbox 587 1918 2146 1991; baseline 0.001 -17"><span class='ocrx_word' id='word_1_238' title='bbox 587 1919 804 1989; x_wconf 81' lang='lat' dir='ltr'><strong>scriptis</strong></span> <span class='ocrx_word' id='word_1_239' title='bbox 823 1918 1148 1974; x_wconf 83' lang='lat' dir='ltr'><strong>versandum</strong></span> <span class='ocrx_word' id='word_1_240' title='bbox 1183 1918 1274 1981; x_wconf 89' lang='lat' dir='ltr'><strong>sit,</strong></span> <span class='ocrx_word' id='word_1_241' title='bbox 1303 1932 1465 1987; x_wconf 91' lang='lat' dir='ltr'><strong>quam</strong></span> <span class='ocrx_word' id='word_1_242' title='bbox 1497 1933 1604 1973; x_wconf 92' lang='lat' dir='ltr'><strong>non</strong></span> <span class='ocrx_word' id='word_1_243' title='bbox 1632 1927 1834 1974; x_wconf 90' lang='lat' dir='ltr'><strong>temere</strong></span> <span class='ocrx_word' id='word_1_244' title='bbox 1854 1922 2146 1991; x_wconf 86' lang='lat' dir='ltr'><strong>quidquam</strong></span> 
     </span>
    </p>
   </div>
   <div class='ocr_carea' id='block_1_37' title="bbox 585 2007 2147 2084">
    <p class='ocr_par' dir='ltr' id='par_1_37' title="bbox 585 2007 2147 2084">
     <span class='ocr_line' id='line_1_37' title="bbox 585 2007 2147 2084; baseline 0.004 -20"><span class='ocrx_word' id='word_1_245' title='bbox 585 2011 924 2066; x_wconf 86' lang='lat' dir='ltr'><strong>mutandum.</strong></span> <span class='ocrx_word' id='word_1_246' title='bbox 955 2014 1222 2067; x_wconf 71' lang='lat' dir='ltr'><strong>Caeterum</strong></span> <span class='ocrx_word' id='word_1_247' title='bbox 1247 2012 1292 2066; x_wconf 91' lang='lat' dir='ltr'><strong>si</strong></span> <span class='ocrx_word' id='word_1_248' title='bbox 1325 2011 1448 2080; x_wconf 89' lang='lat' dir='ltr'><strong>quis</strong></span> <span class='ocrx_word' id='word_1_249' title='bbox 1466 2007 1711 2065; x_wconf 71' lang='lat' dir='ltr'><strong>Graecum</strong></span> <span class='ocrx_word' id='word_1_250' title='bbox 1753 2011 1918 2082; x_wconf 85' lang='lat' dir='ltr'><strong>hujus</strong></span> <span class='ocrx_word' id='word_1_251' title='bbox 1945 2014 2147 2084; x_wconf 89' lang='lat' dir='ltr'><strong>episto-</strong></span> 
     </span>
    </p>
   </div>
   <div class='ocr_carea' id='block_1_38' title="bbox 583 2102 2146 2172">
    <p class='ocr_par' dir='ltr' id='par_1_38' title="bbox 583 2102 2146 2172">
     <span class='ocr_line' id='line_1_38' title="bbox 583 2102 2146 2172; baseline 0.002 -15"><span class='ocrx_word' id='word_1_252' title='bbox 583 2103 649 2157; x_wconf 64' lang='grc' dir='ltr'>ιω</span> <span class='ocrx_word' id='word_1_253' title='bbox 679 2105 958 2160; x_wconf 76' lang='lat' dir='ltr'><strong>exordium</strong></span> <span class='ocrx_word' id='word_1_254' title='bbox 980 2120 1101 2158; x_wconf 85' lang='lat' dir='ltr'><strong>cum</strong></span> <span class='ocrx_word' id='word_1_255' title='bbox 1131 2104 1296 2158; x_wconf 87' lang='lat' dir='ltr'><strong>veteri</strong></span> <span class='ocrx_word' id='word_1_256' title='bbox 1328 2102 1611 2172; x_wconf 85' lang='lat' dir='ltr'><strong>Epiphanii</strong></span> <span class='ocrx_word' id='word_1_257' title='bbox 1641 2103 1892 2160; x_wconf 82' lang='lat' dir='ltr'><strong>versione</strong></span> <span class='ocrx_word' id='word_1_258' title='bbox 1922 2113 2146 2161; x_wconf 89' lang='lat' dir='ltr'><strong>conten-</strong></span> 
     </span>
    </p>
   </div>
   <div class='ocr_carea' id='block_1_39' title="bbox 582 2194 2141 2268">
    <p class='ocr_par' dir='ltr' id='par_1_39' title="bbox 582 2194 2141 2268">
     <span class='ocr_line' id='line_1_39' title="bbox 582 2194 2141 2268; baseline 0.004 -21"><span class='ocrx_word' id='word_1_259' title='bbox 582 2194 694 2258; x_wconf 86' lang='lat' dir='ltr'><strong>dat,</strong></span> <span class='ocrx_word' id='word_1_260' title='bbox 730 2196 886 2266; x_wconf 88' lang='lat' dir='ltr'><strong>longe</strong></span> <span class='ocrx_word' id='word_1_261' title='bbox 911 2194 1177 2250; x_wconf 87' lang='lat' dir='ltr'><strong>diversam</strong></span> <span class='ocrx_word' id='word_1_262' title='bbox 1207 2194 1328 2265; x_wconf 84' lang='lat' dir='ltr'><strong>ejus</strong></span> <span class='ocrx_word' id='word_1_263' title='bbox 1359 2196 1603 2252; x_wconf 89' lang='lat' dir='ltr'><strong>codicem</strong></span> <span class='ocrx_word' id='word_1_264' title='bbox 1635 2196 1960 2252; x_wconf 87' lang='lat' dir='ltr'><strong>sententiam</strong></span> <span class='ocrx_word' id='word_1_265' title='bbox 2001 2213 2141 2268; x_wconf 73' lang='lat' dir='ltr'><strong>pra:-</strong></span> 
     </span>
    </p>
   </div>
   <div class='ocr_carea' id='block_1_40' title="bbox 586 2287 1059 2357">
    <p class='ocr_par' dir='ltr' id='par_1_40' title="bbox 586 2287 1059 2357">
     <span class='ocr_line' id='line_1_40' title="bbox 586 2287 1059 2357; baseline -0.004 -15"><span class='ocrx_word' id='word_1_266' title='bbox 586 2287 776 2344; x_wconf 83' lang='lat' dir='ltr'><strong>tulisse</strong></span> <span class='ocrx_word' id='word_1_267' title='bbox 806 2287 1059 2357; x_wconf 83' lang='lat' dir='ltr'><strong>reperiet.</strong></span> 
     </span>
    </p>
   </div>
   <div class='ocr_carea' id='block_1_41' title="bbox 648 2377 2141 2448">
    <p class='ocr_par' dir='ltr' id='par_1_41' title="bbox 648 2377 2141 2448">
     <span class='ocr_line' id='line_1_41' title="bbox 648 2377 2141 2448; baseline 0.002 -17"><span class='ocrx_word' id='word_1_268' title='bbox 648 2377 728 2432; x_wconf 93' lang='lat' dir='ltr'><strong>llli</strong></span> <span class='ocrx_word' id='word_1_269' title='bbox 753 2386 939 2433; x_wconf 88' lang='lat' dir='ltr'><strong>autem</strong></span> <span class='ocrx_word' id='word_1_270' title='bbox 969 2378 1234 2433; x_wconf 88' lang='lat' dir='ltr'><strong>malorum</strong></span> <span class='ocrx_word' id='word_1_271' title='bbox 1277 2378 1579 2441; x_wconf 91' lang='lat' dir='ltr'><strong>hominum,</strong></span> <span class='ocrx_word' id='word_1_272' title='bbox 1610 2394 1775 2448; x_wconf 88' lang='lat' dir='ltr'><strong>quam</strong></span> <span class='ocrx_word' id='word_1_273' title='bbox 1818 2379 1980 2434; x_wconf 91' lang='lat' dir='ltr'><strong>modo</strong></span> <span class='ocrx_word' id='word_1_274' title='bbox 2007 2378 2141 2446; x_wconf 93' lang='lat' dir='ltr'><strong>dixi,</strong></span> 
     </span>
    </p>
   </div>
   <div class='ocr_carea' id='block_1_42' title="bbox 581 2468 2144 2540">
    <p class='ocr_par' dir='ltr' id='par_1_42' title="bbox 581 2468 2144 2540">
     <span class='ocr_line' id='line_1_42' title="bbox 581 2468 2144 2540; baseline 0.003 -19"><span class='ocrx_word' id='word_1_275' title='bbox 581 2469 838 2540; x_wconf 81' lang='grc' dir='ltr'>προθέσει</span> <span class='ocrx_word' id='word_1_276' title='bbox 869 2469 1160 2538; x_wconf 88' lang='lat' dir='ltr'><strong>respondet</strong></span> <span class='ocrx_word' id='word_1_277' title='bbox 1194 2468 1336 2539; x_wconf 93' lang='lat' dir='ltr'><strong>quod</strong></span> <span class='ocrx_word' id='word_1_278' title='bbox 1373 2471 1638 2538; x_wconf 86' lang='lat' dir='ltr'><strong>sequitur,</strong></span> <span class='ocrx_word' id='word_1_279' title='bbox 1685 2485 1780 2526; x_wconf 89' lang='lat' dir='ltr'><strong>eos</strong></span> <span class='ocrx_word' id='word_1_280' title='bbox 1801 2470 2003 2526; x_wconf 88' lang='lat' dir='ltr'><strong>diaboli</strong></span> <span class='ocrx_word' id='word_1_281' title='bbox 2041 2473 2144 2525; x_wconf 84' lang='lat' dir='ltr'><strong>im-</strong></span> 
     </span>
    </p>
   </div>
   <div class='ocr_carea' id='block_1_43' title="bbox 581 2556 2145 2632">
    <p class='ocr_par' dir='ltr' id='par_1_43' title="bbox 581 2556 2145 2632">
     <span class='ocr_line' id='line_1_43' title="bbox 581 2556 2145 2632; baseline 0.003 -23"><span class='ocrx_word' id='word_1_282' title='bbox 581 2557 743 2625; x_wconf 86' lang='lat' dir='ltr'><strong>pulsu</strong></span> <span class='ocrx_word' id='word_1_283' title='bbox 770 2557 935 2611; x_wconf 90' lang='lat' dir='ltr'><strong>veluti</strong></span> <span class='ocrx_word' id='word_1_284' title='bbox 961 2565 1130 2612; x_wconf 65' lang='lat' dir='ltr'><strong>oestro</strong></span> <span class='ocrx_word' id='word_1_285' title='bbox 1168 2559 1402 2627; x_wconf 89' lang='lat' dir='ltr'><strong>percitos</strong></span> <span class='ocrx_word' id='word_1_286' title='bbox 1433 2556 1560 2612; x_wconf 90' lang='lat' dir='ltr'><strong>ferri</strong></span> <span class='ocrx_word' id='word_1_287' title='bbox 1593 2561 1673 2624; x_wconf 70' lang='lat' dir='ltr'><strong>et;</strong></span> <span class='ocrx_word' id='word_1_288' title='bbox 1707 2559 1808 2630; x_wconf 82' lang='grc' dir='ltr'>τὴν</span> <span class='ocrx_word' id='word_1_289' title='bbox 1851 2561 2145 2632; x_wconf 83' lang='grc' dir='ltr'>προκειμέ-</span> 
     </span>
    </p>
   </div>
   <div class='ocr_carea' id='block_1_44' title="bbox 579 2649 2140 2721">
    <p class='ocr_par' dir='ltr' id='par_1_44' title="bbox 579 2649 2140 2721">
     <span class='ocr_line' id='line_1_44' title="bbox 579 2649 2140 2721; baseline 0.003 -19"><span class='ocrx_word' id='word_1_290' title='bbox 579 2665 684 2718; x_wconf 81' lang='grc' dir='ltr'>νην</span> <span class='ocrx_word' id='word_1_291' title='bbox 703 2649 886 2713; x_wconf 80' lang='grc' dir='ltr'>αὐτοῖς</span> <span class='ocrx_word' id='word_1_292' title='bbox 906 2649 1123 2721; x_wconf 78' lang='grc' dir='ltr'>ἡδονήν.</span> <span class='ocrx_word' id='word_1_293' title='bbox 1178 2649 1298 2715; x_wconf 90' lang='lat' dir='ltr'><strong>Quo</strong></span> <span class='ocrx_word' id='word_1_294' title='bbox 1326 2667 1449 2707; x_wconf 92' lang='lat' dir='ltr'><strong>cum</strong></span> <span class='ocrx_word' id='word_1_295' title='bbox 1482 2662 1692 2709; x_wconf 90' lang='lat' dir='ltr'><strong>certum</strong></span> <span class='ocrx_word' id='word_1_296' title='bbox 1720 2663 1774 2711; x_wconf 91' lang='lat' dir='ltr'><strong>et</strong></span> <span class='ocrx_word' id='word_1_297' title='bbox 1807 2655 2140 2718; x_wconf 84' lang='lat' dir='ltr'><strong>destinatum</strong></span> 
     </span>
    </p>
   </div>
   <div class='ocr_carea' id='block_1_45' title="bbox 581 2740 2139 2813">
    <p class='ocr_par' dir='ltr' id='par_1_45' title="bbox 581 2740 2139 2813">
     <span class='ocr_line' id='line_1_45' title="bbox 581 2740 2139 2813; baseline 0.004 -19"><span class='ocrx_word' id='word_1_298' title='bbox 581 2740 744 2797; x_wconf 90' lang='lat' dir='ltr'><strong>animi</strong></span> <span class='ocrx_word' id='word_1_299' title='bbox 783 2742 1068 2796; x_wconf 90' lang='lat' dir='ltr'><strong>consilium</strong></span> <span class='ocrx_word' id='word_1_300' title='bbox 1115 2742 1469 2813; x_wconf 82' lang='lat' dir='ltr'><strong>signiﬁcetur,</strong></span> <span class='ocrx_word' id='word_1_301' title='bbox 1519 2747 1726 2802; x_wconf 88' lang='lat' dir='ltr'><strong>rectius</strong></span> <span class='ocrx_word' id='word_1_302' title='bbox 1776 2763 1805 2799; x_wconf 92' lang='lat' dir='ltr'><strong>a</strong></span> <span class='ocrx_word' id='word_1_303' title='bbox 1841 2750 2008 2802; x_wconf 89' lang='lat' dir='ltr'><strong>veteri</strong></span> <span class='ocrx_word' id='word_1_304' title='bbox 2057 2747 2139 2800; x_wconf 58' lang='lat' dir='ltr'><strong>in-</strong></span> 
     </span>
    </p>
   </div>
   <div class='ocr_carea' id='block_1_46' title="bbox 577 2833 2142 2907">
    <p class='ocr_par' dir='ltr' id='par_1_46' title="bbox 577 2833 2142 2907">
     <span class='ocr_line' id='line_1_46' title="bbox 577 2833 2142 2907; baseline 0.004 -23"><span class='ocrx_word' id='word_1_305' title='bbox 577 2838 830 2901; x_wconf 83' lang='lat' dir='ltr'><strong>terprete,</strong></span> <span class='ocrx_word' id='word_1_306' title='bbox 861 2833 1182 2901; x_wconf 82' lang='lat' dir='ltr'><strong>propositam</strong></span> <span class='ocrx_word' id='word_1_307' title='bbox 1224 2835 1399 2889; x_wconf 87' lang='lat' dir='ltr'><strong>animo</strong></span> <span class='ocrx_word' id='word_1_308' title='bbox 1442 2834 1731 2900; x_wconf 80' lang='lat' dir='ltr'><strong>libidinem,</strong></span> <span class='ocrx_word' id='word_1_309' title='bbox 1764 2852 1925 2907; x_wconf 87' lang='lat' dir='ltr'><strong>quam</strong></span> <span class='ocrx_word' id='word_1_310' title='bbox 1972 2853 2002 2891; x_wconf 92' lang='lat' dir='ltr'><strong>a</strong></span> <span class='ocrx_word' id='word_1_311' title='bbox 2036 2837 2142 2893; x_wconf 80' lang='lat' dir='ltr'><strong>Ca-</strong></span> 
     </span>
    </p>
   </div>
   <div class='ocr_carea' id='block_1_47' title="bbox 577 2923 2140 3000">
    <p class='ocr_par' dir='ltr' id='par_1_47' title="bbox 577 2923 2140 3000">
     <span class='ocr_line' id='line_1_47' title="bbox 577 2923 2140 3000; baseline 0.004 -22"><span class='ocrx_word' id='word_1_312' title='bbox 577 2923 834 2988; x_wconf 87' lang='lat' dir='ltr'><strong>merario,</strong></span> <span class='ocrx_word' id='word_1_313' title='bbox 863 2923 1066 2979; x_wconf 83' lang='lat' dir='ltr'><strong>obviam</strong></span> <span class='ocrx_word' id='word_1_314' title='bbox 1091 2926 1425 2992; x_wconf 80' lang='lat' dir='ltr'><strong>voluptatem,</strong></span> <span class='ocrx_word' id='word_1_315' title='bbox 1457 2938 1549 2983; x_wconf 89' lang='lat' dir='ltr'><strong>aut</strong></span> <span class='ocrx_word' id='word_1_316' title='bbox 1583 2945 1612 2983; x_wconf 91' lang='lat' dir='ltr'><strong>a</strong></span> <span class='ocrx_word' id='word_1_317' title='bbox 1638 2939 1826 2986; x_wconf 90' lang='lat' dir='ltr'><strong>nostro</strong></span> <span class='ocrx_word' id='word_1_318' title='bbox 1847 2931 2140 3000; x_wconf 87' lang='lat' dir='ltr'><strong>interprete</strong></span> 
     </span>
    </p>
   </div>
   <div class='ocr_carea' id='block_1_48' title="bbox 576 3011 2137 3089">
    <p class='ocr_par' dir='ltr' id='par_1_48' title="bbox 576 3011 2137 3089">
     <span class='ocr_line' id='line_1_48' title="bbox 576 3011 2137 3089; baseline 0.004 -24"><span class='ocrx_word' id='word_1_319' title='bbox 576 3011 866 3080; x_wconf 88' lang='lat' dir='ltr'><strong>Britanno,</strong></span> <span class='ocrx_word' id='word_1_320' title='bbox 900 3015 1188 3085; x_wconf 81' lang='lat' dir='ltr'><strong>voluptates</strong></span> <span class='ocrx_word' id='word_1_321' title='bbox 1219 3033 1335 3087; x_wconf 69' lang='lat' dir='ltr'><strong>quae</strong></span> <span class='ocrx_word' id='word_1_322' title='bbox 1366 3018 1502 3088; x_wconf 79' lang='lat' dir='ltr'><strong>forte</strong></span> <span class='ocrx_word' id='word_1_323' title='bbox 1533 3037 1588 3074; x_wconf 85' lang='lat' dir='ltr'><strong>se</strong></span> <span class='ocrx_word' id='word_1_324' title='bbox 1616 3021 1862 3089; x_wconf 70' lang='lat' dir='ltr'><strong>offerunt,</strong></span> <span class='ocrx_word' id='word_1_325' title='bbox 1895 3019 2137 3074; x_wconf 88' lang='lat' dir='ltr'><strong>converti</strong></span> 
     </span>
    </p>
   </div>
   <div class='ocr_carea' id='block_1_49' title="bbox 576 3107 2135 3184">
    <p class='ocr_par' dir='ltr' id='par_1_49' title="bbox 576 3107 2135 3184">
     <span class='ocr_line' id='line_1_49' title="bbox 576 3107 2135 3184; baseline 0.002 -22"><span class='ocrx_word' id='word_1_326' title='bbox 576 3108 849 3163; x_wconf 70' lang='lat' dir='ltr'><strong>existimo.</strong></span> <span class='ocrx_word' id='word_1_327' title='bbox 881 3107 1012 3174; x_wconf 88' lang='lat' dir='ltr'><strong>Quis</strong></span> <span class='ocrx_word' id='word_1_328' title='bbox 1037 3109 1183 3164; x_wconf 89' lang='lat' dir='ltr'><strong>enim</strong></span> <span class='ocrx_word' id='word_1_329' title='bbox 1206 3125 1314 3166; x_wconf 87' lang='lat' dir='ltr'><strong>non</strong></span> <span class='ocrx_word' id='word_1_330' title='bbox 1337 3111 1500 3177; x_wconf 81' lang='lat' dir='ltr'><strong>videt,</strong></span> <span class='ocrx_word' id='word_1_331' title='bbox 1518 3113 1618 3184; x_wconf 82' lang='grc' dir='ltr'>τὴν</span> <span class='ocrx_word' id='word_1_332' title='bbox 1637 3113 1904 3183; x_wconf 80' lang='grc' dir='ltr'>τυχοῦσαν</span> <span class='ocrx_word' id='word_1_333' title='bbox 1923 3112 2135 3184; x_wconf 79' lang='grc' dir='ltr'>ἡδονὴν,</span> 
     </span>
    </p>
   </div>
   <div class='ocr_carea' id='block_1_50' title="bbox 576 3197 2137 3271">
    <p class='ocr_par' dir='ltr' id='par_1_50' title="bbox 576 3197 2137 3271">
     <span class='ocr_line' id='line_1_50' title="bbox 576 3197 2137 3271; baseline 0.004 -20"><span class='ocrx_word' id='word_1_334' title='bbox 576 3198 668 3251; x_wconf 69' lang='grc' dir='ltr'>καὶ</span> <span class='ocrx_word' id='word_1_335' title='bbox 692 3197 790 3270; x_wconf 81' lang='grc' dir='ltr'>τὴν</span> <span class='ocrx_word' id='word_1_336' title='bbox 829 3200 1210 3270; x_wconf 80' lang='grc' dir='ltr'>προκειμένην,</span> <span class='ocrx_word' id='word_1_337' title='bbox 1245 3200 1560 3271; x_wconf 78' lang='lat' dir='ltr'><strong>longissime</strong></span> <span class='ocrx_word' id='word_1_338' title='bbox 1606 3202 1748 3258; x_wconf 85' lang='lat' dir='ltr'><strong>inter</strong></span> <span class='ocrx_word' id='word_1_339' title='bbox 1787 3218 1847 3257; x_wconf 93' lang='lat' dir='ltr'><strong>se</strong></span> <span class='ocrx_word' id='word_1_340' title='bbox 1883 3203 2137 3270; x_wconf 85' lang='lat' dir='ltr'><strong>dillerre;</strong></span> 
     </span>
    </p>
   </div>
   <div class='ocr_carea' id='block_1_51' title="bbox 576 3291 2134 3361">
    <p class='ocr_par' dir='ltr' id='par_1_51' title="bbox 576 3291 2134 3361">
     <span class='ocr_line' id='line_1_51' title="bbox 576 3291 2134 3361; baseline 0.003 -17"><span class='ocrx_word' id='word_1_341' title='bbox 576 3306 700 3344; x_wconf 92' lang='lat' dir='ltr'><strong>cum</strong></span> <span class='ocrx_word' id='word_1_342' title='bbox 724 3291 814 3345; x_wconf 91' lang='lat' dir='ltr'><strong>illa</strong></span> <span class='ocrx_word' id='word_1_343' title='bbox 838 3307 1047 3357; x_wconf 89' lang='lat' dir='ltr'><strong>casum,</strong></span> <span class='ocrx_word' id='word_1_344' title='bbox 1072 3293 1186 3347; x_wconf 66' lang='lat' dir='ltr'><strong>haec</strong></span> <span class='ocrx_word' id='word_1_345' title='bbox 1210 3294 1500 3348; x_wconf 89' lang='lat' dir='ltr'><strong>consilium</strong></span> <span class='ocrx_word' id='word_1_346' title='bbox 1517 3302 1572 3348; x_wconf 91' lang='lat' dir='ltr'><strong>et</strong></span> <span class='ocrx_word' id='word_1_347' title='bbox 1585 3295 1902 3361; x_wconf 89' lang='lat' dir='ltr'><strong>voluntatis,</strong></span> <span class='ocrx_word' id='word_1_348' title='bbox 1928 3302 1986 3348; x_wconf 93' lang='lat' dir='ltr'><strong>ut</strong></span> <span class='ocrx_word' id='word_1_349' title='bbox 2002 3294 2134 3359; x_wconf 92' lang='lat' dir='ltr'><strong>dixi,</strong></span> 
     </span>
    </p>
   </div>
   <div class='ocr_carea' id='block_1_52' title="bbox 507 3385 1546 3457">
    <p class='ocr_par' dir='ltr' id='par_1_52' title="bbox 507 3385 1546 3457">
     <span class='ocr_line' id='line_1_52' title="bbox 507 3385 1546 3457; baseline 0.002 -19"><span class='ocrx_word' id='word_1_350' title='bbox 507 3451 511 3457; x_wconf 24' lang='lat'><em>.</em></span> <span class='ocrx_word' id='word_1_351' title='bbox 575 3385 915 3455; x_wconf 84' lang='lat' dir='ltr'><strong>propositum</strong></span> <span class='ocrx_word' id='word_1_352' title='bbox 938 3385 1289 3455; x_wconf 88' lang='lat' dir='ltr'><strong>conjunctum</strong></span> <span class='ocrx_word' id='word_1_353' title='bbox 1309 3387 1546 3443; x_wconf 85' lang='lat' dir='ltr'><strong>habeat?</strong></span> 
     </span>
    </p>
   </div>
   <div class='ocr_carea' id='block_1_53' title="bbox 647 3474 2141 3545">
    <p class='ocr_par' dir='ltr' id='par_1_53' title="bbox 647 3474 2141 3545">
     <span class='ocr_line' id='line_1_53' title="bbox 647 3474 2141 3545; baseline 0.004 -16"><span class='ocrx_word' id='word_1_354' title='bbox 647 3474 812 3530; x_wconf 85' lang='lat' dir='ltr'><strong>Addit</strong></span> <span class='ocrx_word' id='word_1_355' title='bbox 837 3477 979 3531; x_wconf 92' lang='lat' dir='ltr'><strong>hanc</strong></span> <span class='ocrx_word' id='word_1_356' title='bbox 1004 3479 1282 3534; x_wconf 87' lang='lat' dir='ltr'><strong>scribendi</strong></span> <span class='ocrx_word' id='word_1_357' title='bbox 1313 3485 1536 3535; x_wconf 82' lang='lat' dir='ltr'><strong>causam</strong></span> <span class='ocrx_word' id='word_1_358' title='bbox 1573 3479 1676 3534; x_wconf 87' lang='lat' dir='ltr'><strong>sibi</strong></span> <span class='ocrx_word' id='word_1_359' title='bbox 1708 3478 1896 3545; x_wconf 85' lang='lat' dir='ltr'><strong>fuisse,</strong></span> <span class='ocrx_word' id='word_1_360' title='bbox 1934 3488 1993 3534; x_wconf 92' lang='lat' dir='ltr'><strong>ut</strong></span> <span class='ocrx_word' id='word_1_361' title='bbox 2022 3495 2141 3535; x_wconf 88' lang='lat' dir='ltr'><strong>mo-</strong></span> 
     </span>
    </p>
   </div>
   <div class='ocr_carea' id='block_1_54' title="bbox 577 3569 2139 3640">
    <p class='ocr_par' dir='ltr' id='par_1_54' title="bbox 577 3569 2139 3640">
     <span class='ocr_line' id='line_1_54' title="bbox 577 3569 2139 3640; baseline 0.004 -19"><span class='ocrx_word' id='word_1_362' title='bbox 577 3575 730 3622; x_wconf 91' lang='lat' dir='ltr'><strong>neret</strong></span> <span class='ocrx_word' id='word_1_363' title='bbox 757 3576 984 3624; x_wconf 74' lang='lat' dir='ltr'><strong>caeteros</strong></span> <span class='ocrx_word' id='word_1_364' title='bbox 1015 3569 1368 3634; x_wconf 85' lang='lat' dir='ltr'><strong>orthodoxos,</strong></span> <span class='ocrx_word' id='word_1_365' title='bbox 1404 3571 1682 3640; x_wconf 90' lang='lat' dir='ltr'><strong>improbos</strong></span> <span class='ocrx_word' id='word_1_366' title='bbox 1716 3572 1840 3627; x_wconf 92' lang='lat' dir='ltr'><strong>illos</strong></span> <span class='ocrx_word' id='word_1_367' title='bbox 1868 3572 2139 3628; x_wconf 89' lang='lat' dir='ltr'><strong>cavendos</strong></span> 
     </span>
    </p>
   </div>
   <div class='ocr_carea' id='block_1_55' title="bbox 577 3659 2140 3736">
    <p class='ocr_par' dir='ltr' id='par_1_55' title="bbox 577 3659 2140 3736">
     <span class='ocr_line' id='line_1_55' title="bbox 577 3659 2140 3736; baseline 0.004 -24"><span class='ocrx_word' id='word_1_368' title='bbox 577 3673 718 3721; x_wconf 88' lang='lat' dir='ltr'><strong>esse,</strong></span> <span class='ocrx_word' id='word_1_369' title='bbox 768 3659 856 3729; x_wconf 88' lang='grc' dir='ltr'><strong>Μή</strong></span> <span class='ocrx_word' id='word_1_370' title='bbox 882 3677 965 3724; x_wconf 86' lang='grc' dir='ltr'>τις</span> <span class='ocrx_word' id='word_1_371' title='bbox 1006 3660 1183 3714; x_wconf 82' lang='grc' dir='ltr'>αὐτῶν</span> <span class='ocrx_word' id='word_1_372' title='bbox 1212 3660 1479 3736; x_wconf 82' lang='grc' dir='ltr'>τολμήσῃ,</span> <span class='ocrx_word' id='word_1_373' title='bbox 1506 3663 1702 3733; x_wconf 91' lang='lat' dir='ltr'><strong>inquit,</strong></span> <span class='ocrx_word' id='word_1_374' title='bbox 1736 3665 1829 3717; x_wconf 74' lang='grc' dir='ltr'>καὶ</span> <span class='ocrx_word' id='word_1_375' title='bbox 1859 3667 1978 3729; x_wconf 84' lang='grc' dir='ltr'>ταῖς</span> <span class='ocrx_word' id='word_1_376' title='bbox 2007 3666 2140 3735; x_wconf 79' lang='grc' dir='ltr'>ὑμε-</span> 
     </span>
    </p>
   </div>
   <div class='ocr_carea' id='block_1_56' title="bbox 577 3749 2140 3827">
    <p class='ocr_par' dir='ltr' id='par_1_56' title="bbox 577 3749 2140 3827">
     <span class='ocr_line' id='line_1_56' title="bbox 577 3749 2140 3827; baseline 0.004 -24"><span class='ocrx_word' id='word_1_377' title='bbox 577 3749 762 3822; x_wconf 82' lang='grc' dir='ltr'>τέραις</span> <span class='ocrx_word' id='word_1_378' title='bbox 794 3751 1105 3821; x_wconf 72' lang='grc' dir='ltr'>παροικξαις</span> <span class='ocrx_word' id='word_1_379' title='bbox 1136 3753 1408 3823; x_wconf 77' lang='grc' dir='ltr'>ἐπιϐῆναι.</span> <span class='ocrx_word' id='word_1_380' title='bbox 1458 3752 1541 3809; x_wconf 84' lang='lat' dir='ltr'><strong>Ne</strong></span> <span class='ocrx_word' id='word_1_381' title='bbox 1568 3757 1683 3825; x_wconf 84' lang='lat' dir='ltr'><strong>quis</strong></span> <span class='ocrx_word' id='word_1_382' title='bbox 1716 3767 1916 3810; x_wconf 80' lang='lat' dir='ltr'><strong>vestras</strong></span> <span class='ocrx_word' id='word_1_383' title='bbox 1943 3773 2140 3827; x_wconf 86' lang='lat' dir='ltr'><strong>quoque</strong></span> 
     </span>
    </p>
   </div>
   <div class='ocr_carea' id='block_1_57' title="bbox 577 3843 2139 3919">
    <p class='ocr_par' dir='ltr' id='par_1_57' title="bbox 577 3843 2139 3919">
     <span class='ocr_line' id='line_1_57' title="bbox 577 3843 2139 3919; baseline 0.005 -24"><span class='ocrx_word' id='word_1_384' title='bbox 577 3843 870 3911; x_wconf 78' lang='lat' dir='ltr'><strong>prouincias</strong></span> <span class='ocrx_word' id='word_1_385' title='bbox 895 3843 1136 3898; x_wconf 78' lang='lat' dir='ltr'><strong>invadere</strong></span> <span class='ocrx_word' id='word_1_386' title='bbox 1171 3844 1382 3898; x_wconf 83' lang='lat' dir='ltr'><strong>audeat.</strong></span> <span class='ocrx_word' id='word_1_387' title='bbox 1417 3845 1571 3912; x_wconf 91' lang='lat' dir='ltr'><strong>Quod</strong></span> <span class='ocrx_word' id='word_1_388' title='bbox 1601 3857 1661 3902; x_wconf 90' lang='lat' dir='ltr'><strong>ut</strong></span> <span class='ocrx_word' id='word_1_389' title='bbox 1685 3859 1838 3904; x_wconf 86' lang='lat' dir='ltr'><strong>vetus</strong></span> <span class='ocrx_word' id='word_1_390' title='bbox 1856 3858 1909 3905; x_wconf 91' lang='lat' dir='ltr'><strong>et</strong></span> <span class='ocrx_word' id='word_1_391' title='bbox 1934 3864 2139 3919; x_wconf 86' lang='lat' dir='ltr'><strong>germa-</strong></span> 
     </span>
    </p>
   </div>
   <div class='ocr_carea' id='block_1_58' title="bbox 577 3928 2142 4011">
    <p class='ocr_par' dir='ltr' id='par_1_58' title="bbox 577 3928 2142 4011">
     <span class='ocr_line' id='line_1_58' title="bbox 577 3928 2142 4011; baseline 0.004 -21"><span class='ocrx_word' id='word_1_392' title='bbox 577 3950 682 3991; x_wconf 82' lang='lat' dir='ltr'><strong>nus</strong></span> <span class='ocrx_word' id='word_1_393' title='bbox 715 3928 1028 3992; x_wconf 78' lang='lat' dir='ltr'><strong>&#39;t&#39;heodoriti</strong></span> <span class='ocrx_word' id='word_1_394' title='bbox 1072 3939 1338 4007; x_wconf 91' lang='lat' dir='ltr'><strong>interpres</strong></span> <span class='ocrx_word' id='word_1_395' title='bbox 1385 3949 1532 3995; x_wconf 89' lang='lat' dir='ltr'><strong>recte</strong></span> <span class='ocrx_word' id='word_1_396' title='bbox 1577 3949 1630 3994; x_wconf 90' lang='lat' dir='ltr'><strong>et</strong></span> <span class='ocrx_word' id='word_1_397' title='bbox 1674 3942 1990 4011; x_wconf 88' lang='lat' dir='ltr'><strong>simpliciter</strong></span> <span class='ocrx_word' id='word_1_398' title='bbox 2016 3957 2142 3996; x_wconf 84' lang='lat' dir='ltr'><strong>ver-</strong></span> 
     </span>
    </p>
   </div>
   <div class='ocr_carea' id='block_1_59' title="bbox 576 4030 2139 4103">
    <p class='ocr_par' dir='ltr' id='par_1_59' title="bbox 576 4030 2139 4103">
     <span class='ocr_line' id='line_1_59' title="bbox 576 4030 2139 4103; baseline 0.004 -22"><span class='ocrx_word' id='word_1_399' title='bbox 576 4036 733 4098; x_wconf 89' lang='lat' dir='ltr'><strong>tunt,</strong></span> <span class='ocrx_word' id='word_1_400' title='bbox 778 4030 851 4084; x_wconf 91' lang='lat' dir='ltr'><strong>ita</strong></span> <span class='ocrx_word' id='word_1_401' title='bbox 881 4030 1086 4101; x_wconf 81' lang='lat' dir='ltr'><strong>Anglus</strong></span> <span class='ocrx_word' id='word_1_402' title='bbox 1129 4039 1315 4085; x_wconf 83' lang='lat' dir='ltr'><strong>noster</strong></span> <span class='ocrx_word' id='word_1_403' title='bbox 1353 4046 1484 4086; x_wconf 90' lang='lat' dir='ltr'><strong>sane</strong></span> <span class='ocrx_word' id='word_1_404' title='bbox 1513 4047 1708 4102; x_wconf 89' lang='lat' dir='ltr'><strong>magno</strong></span> <span class='ocrx_word' id='word_1_405' title='bbox 1741 4041 1794 4088; x_wconf 90' lang='lat' dir='ltr'><strong>et</strong></span> <span class='ocrx_word' id='word_1_406' title='bbox 1829 4035 2139 4103; x_wconf 90' lang='lat' dir='ltr'><strong>importuno</strong></span> 
     </span>
    </p>
   </div>
   <div class='ocr_carea' id='block_1_60' title="bbox 574 4123 2141 4196">
    <p class='ocr_par' dir='ltr' id='par_1_60' title="bbox 574 4123 2141 4196">
     <span class='ocr_line' id='line_1_60' title="bbox 574 4123 2141 4196; baseline 0.001 -18"><span class='ocrx_word' id='word_1_407' title='bbox 574 4123 870 4179; x_wconf 81' lang='lat' dir='ltr'><strong>verborum</strong></span> <span class='ocrx_word' id='word_1_408' title='bbox 909 4125 1135 4192; x_wconf 86' lang='lat' dir='ltr'><strong>ambitu,</strong></span> <span class='ocrx_word' id='word_1_409' title='bbox 1167 4127 1363 4180; x_wconf 85' lang='lat' dir='ltr'><strong>erroris</strong></span> <span class='ocrx_word' id='word_1_410' title='bbox 1397 4126 1481 4180; x_wconf 90' lang='lat' dir='ltr'><strong>sui</strong></span> <span class='ocrx_word' id='word_1_411' title='bbox 1509 4126 1724 4196; x_wconf 86' lang='lat' dir='ltr'><strong>vestigia</strong></span> <span class='ocrx_word' id='word_1_412' title='bbox 1756 4125 2005 4180; x_wconf 82' lang='lat' dir='ltr'><strong>Ecclesiis</strong></span> <span class='ocrx_word' id='word_1_413' title='bbox 2038 4128 2141 4180; x_wconf 86' lang='lat' dir='ltr'><strong>im-</strong></span> 
     </span>
    </p>
   </div>
   <div class='ocr_carea' id='block_1_61' title="bbox 575 4217 2139 4289">
    <p class='ocr_par' dir='ltr' id='par_1_61' title="bbox 575 4217 2139 4289">
     <span class='ocr_line' id='line_1_61' title="bbox 575 4217 2139 4289; baseline 0.004 -19"><span class='ocrx_word' id='word_1_414' title='bbox 575 4217 798 4285; x_wconf 76' lang='lat' dir='ltr'><strong>primere</strong></span> <span class='ocrx_word' id='word_1_415' title='bbox 829 4217 1027 4272; x_wconf 83' lang='lat' dir='ltr'><strong>reddit.</strong></span> <span class='ocrx_word' id='word_1_416' title='bbox 1058 4217 1188 4284; x_wconf 65' lang='lat' dir='ltr'><strong>Qua:</strong></span> <span class='ocrx_word' id='word_1_417' title='bbox 1214 4234 1279 4275; x_wconf 94' lang='lat' dir='ltr'><strong>eo</strong></span> <span class='ocrx_word' id='word_1_418' title='bbox 1305 4235 1335 4272; x_wconf 89' lang='lat' dir='ltr'><strong>a</strong></span> <span class='ocrx_word' id='word_1_419' title='bbox 1364 4234 1450 4274; x_wconf 92' lang='lat' dir='ltr'><strong>me</strong></span> <span class='ocrx_word' id='word_1_420' title='bbox 1492 4217 1769 4282; x_wconf 90' lang='lat' dir='ltr'><strong>dicuntur,</strong></span> <span class='ocrx_word' id='word_1_421' title='bbox 1799 4219 1944 4289; x_wconf 91' lang='lat' dir='ltr'><strong>quod</strong></span> <span class='ocrx_word' id='word_1_422' title='bbox 1983 4219 2139 4278; x_wconf 88' lang='lat' dir='ltr'><strong>fucos</strong></span> 
     </span>
    </p>
   </div>
   <div class='ocr_carea' id='block_1_62' title="bbox 576 4309 2139 4380">
    <p class='ocr_par' dir='ltr' id='par_1_62' title="bbox 576 4309 2139 4380">
     <span class='ocr_line' id='line_1_62' title="bbox 576 4309 2139 4380; baseline 0.002 -18"><span class='ocrx_word' id='word_1_423' title='bbox 576 4316 630 4362; x_wconf 91' lang='lat' dir='ltr'><strong>et</strong></span> <span class='ocrx_word' id='word_1_424' title='bbox 664 4309 916 4380; x_wconf 72' lang='lat' dir='ltr'><strong>phaleras</strong></span> <span class='ocrx_word' id='word_1_425' title='bbox 954 4310 1114 4380; x_wconf 90' lang='lat' dir='ltr'><strong>longe</strong></span> <span class='ocrx_word' id='word_1_426' title='bbox 1154 4325 1184 4364; x_wconf 88' lang='lat' dir='ltr'><strong>a</strong></span> <span class='ocrx_word' id='word_1_427' title='bbox 1213 4319 1363 4366; x_wconf 91' lang='lat' dir='ltr'><strong>casta</strong></span> <span class='ocrx_word' id='word_1_428' title='bbox 1404 4318 1717 4367; x_wconf 89' lang='lat' dir='ltr'><strong>sanctorum</strong></span> <span class='ocrx_word' id='word_1_429' title='bbox 1749 4309 1973 4365; x_wconf 83' lang='lat' dir='ltr'><strong>Patrum</strong></span> <span class='ocrx_word' id='word_1_430' title='bbox 2015 4326 2139 4365; x_wconf 90' lang='lat' dir='ltr'><strong>ora-</strong></span> 
     </span>
    </p>
   </div>
   <div class='ocr_carea' id='block_1_63' title="bbox 2247 1820 3748 1896">
    <p class='ocr_par' dir='ltr' id='par_1_63' title="bbox 2247 1820 3748 1896">
     <span class='ocr_line' id='line_1_63' title="bbox 2247 1820 3748 1896; baseline -0.005 -16"><span class='ocrx_word' id='word_1_431' title='bbox 2247 1828 2378 1881; x_wconf 88' lang='lat' dir='ltr'><strong>tiam</strong></span> <span class='ocrx_word' id='word_1_432' title='bbox 2409 1835 2463 1881; x_wconf 89' lang='lat' dir='ltr'><strong>et</strong></span> <span class='ocrx_word' id='word_1_433' title='bbox 2495 1827 2870 1896; x_wconf 87' lang='lat' dir='ltr'><strong>prensationes</strong></span> <span class='ocrx_word' id='word_1_434' title='bbox 2901 1842 2913 1878; x_wconf 91' lang='lat'><strong>:</strong></span> <span class='ocrx_word' id='word_1_435' title='bbox 2957 1824 3433 1880; x_wconf 86' lang='lat' dir='ltr'><strong>Christianismum</strong></span> <span class='ocrx_word' id='word_1_436' title='bbox 3464 1836 3581 1877; x_wconf 89' lang='lat' dir='ltr'><strong>vero</strong></span> <span class='ocrx_word' id='word_1_437' title='bbox 3602 1820 3748 1874; x_wconf 87' lang='lat' dir='ltr'><strong>tradu-</strong></span> 
     </span>
    </p>
   </div>
   <div class='ocr_carea' id='block_1_64' title="bbox 2247 1909 3748 1987">
    <p class='ocr_par' dir='ltr' id='par_1_64' title="bbox 2247 1909 3748 1987">
     <span class='ocr_line' id='line_1_64' title="bbox 2247 1909 3748 1987; baseline -0.005 -15"><span class='ocrx_word' id='word_1_438' title='bbox 2247 1926 2452 1982; x_wconf 89' lang='lat' dir='ltr'><strong>cerent,</strong></span> <span class='ocrx_word' id='word_1_439' title='bbox 2502 1918 2632 1972; x_wconf 89' lang='lat' dir='ltr'><strong>dum</strong></span> <span class='ocrx_word' id='word_1_440' title='bbox 2675 1918 2917 1987; x_wconf 88' lang='lat' dir='ltr'><strong>ipsorum</strong></span> <span class='ocrx_word' id='word_1_441' title='bbox 2946 1917 3252 1984; x_wconf 79' lang='lat' dir='ltr'><strong>juvenculae</strong></span> <span class='ocrx_word' id='word_1_442' title='bbox 3297 1916 3459 1969; x_wconf 89' lang='lat' dir='ltr'><strong>libere</strong></span> <span class='ocrx_word' id='word_1_443' title='bbox 3495 1914 3601 1967; x_wconf 86' lang='lat' dir='ltr'><strong>sine</strong></span> <span class='ocrx_word' id='word_1_444' title='bbox 3624 1909 3748 1965; x_wconf 89' lang='lat' dir='ltr'><strong>modo</strong></span> 
     </span>
    </p>
   </div>
   <div class='ocr_carea' id='block_1_65' title="bbox 2245 2007 3746 2088">
    <p class='ocr_par' dir='ltr' id='par_1_65' title="bbox 2245 2007 3746 2088">
     <span class='ocr_line' id='line_1_65' title="bbox 2245 2007 3746 2088; baseline -0.007 -20"><span class='ocrx_word' id='word_1_445' title='bbox 2245 2023 2300 2068; x_wconf 91' lang='lat' dir='ltr'><strong>et</strong></span> <span class='ocrx_word' id='word_1_446' title='bbox 2349 2011 2635 2076; x_wconf 90' lang='lat' dir='ltr'><strong>modestia,</strong></span> <span class='ocrx_word' id='word_1_447' title='bbox 2679 2010 3012 2081; x_wconf 71' lang='lat' dir='ltr'><strong>vagabundae</strong></span> <span class='ocrx_word' id='word_1_448' title='bbox 3061 2025 3159 2080; x_wconf 89' lang='lat' dir='ltr'><strong>per</strong></span> <span class='ocrx_word' id='word_1_449' title='bbox 3205 2010 3454 2064; x_wconf 90' lang='lat' dir='ltr'><strong>civitates</strong></span> <span class='ocrx_word' id='word_1_450' title='bbox 3497 2007 3746 2088; x_wconf 78' lang='lat' dir='ltr'><strong>oberrant:</strong></span> 
     </span>
    </p>
   </div>
   <div class='ocr_carea' id='block_1_66' title="bbox 2246 2097 3754 2176">
    <p class='ocr_par' dir='ltr' id='par_1_66' title="bbox 2246 2097 3754 2176">
     <span class='ocr_line' id='line_1_66' title="bbox 2246 2097 3754 2176; baseline -0.006 -17"><span class='ocrx_word' id='word_1_451' title='bbox 2246 2121 2478 2176; x_wconf 84' lang='lat' dir='ltr'><strong>quorum</strong></span> <span class='ocrx_word' id='word_1_452' title='bbox 2526 2112 2817 2173; x_wconf 89' lang='lat' dir='ltr'><strong>utrumque</strong></span> <span class='ocrx_word' id='word_1_453' title='bbox 2847 2111 2931 2158; x_wconf 90' lang='lat' dir='ltr'><strong>est</strong></span> <span class='ocrx_word' id='word_1_454' title='bbox 2969 2110 3161 2158; x_wconf 89' lang='lat' dir='ltr'><strong>contra</strong></span> <span class='ocrx_word' id='word_1_455' title='bbox 3190 2100 3438 2172; x_wconf 83' lang='lat' dir='ltr'><strong>Apostoli</strong></span> <span class='ocrx_word' id='word_1_456' title='bbox 3471 2097 3754 2158; x_wconf 80' lang='lat' dir='ltr'><strong>doctrinam,</strong></span> 
     </span>
    </p>
   </div>
   <div class='ocr_carea' id='block_1_67' title="bbox 2244 2187 3752 2268">
    <p class='ocr_par' dir='ltr' id='par_1_67' title="bbox 2244 2187 3752 2268">
     <span class='ocr_line' id='line_1_67' title="bbox 2244 2187 3752 2268; baseline -0.005 -17"><span class='ocrx_word' id='word_1_457' title='bbox 2244 2199 2335 2268; x_wconf 84' lang='lat' dir='ltr'><strong>qui</strong></span> <span class='ocrx_word' id='word_1_458' title='bbox 2371 2196 2537 2266; x_wconf 88' lang='lat' dir='ltr'><strong>priori</strong></span> <span class='ocrx_word' id='word_1_459' title='bbox 2564 2194 2634 2249; x_wconf 91' lang='lat' dir='ltr'><strong>ad</strong></span> <span class='ocrx_word' id='word_1_460' title='bbox 2666 2194 3009 2250; x_wconf 87' lang='lat' dir='ltr'><strong>Timotheum</strong></span> <span class='ocrx_word' id='word_1_461' title='bbox 3044 2211 3098 2262; x_wconf 88' lang='lat' dir='ltr'><strong>v,</strong></span> <span class='ocrx_word' id='word_1_462' title='bbox 3135 2196 3203 2248; x_wconf 82' lang='lat' dir='ltr'><strong>l9</strong></span> <span class='ocrx_word' id='word_1_463' title='bbox 3229 2233 3244 2257; x_wconf 91' lang='lat'><strong>,</strong></span> <span class='ocrx_word' id='word_1_464' title='bbox 3300 2192 3485 2247; x_wconf 89' lang='lat' dir='ltr'><strong>viduas</strong></span> <span class='ocrx_word' id='word_1_465' title='bbox 3520 2187 3752 2260; x_wconf 76' lang='lat' dir='ltr'><strong>sexaginta</strong></span> 
     </span>
    </p>
   </div>
   <div class='ocr_carea' id='block_1_68' title="bbox 2245 2277 3751 2358">
    <p class='ocr_par' dir='ltr' id='par_1_68' title="bbox 2245 2277 3751 2358">
     <span class='ocr_line' id='line_1_68' title="bbox 2245 2277 3751 2358; baseline -0.01 -14"><span class='ocrx_word' id='word_1_466' title='bbox 2245 2303 2511 2344; x_wconf 91' lang='lat' dir='ltr'><strong>annorum</strong></span> <span class='ocrx_word' id='word_1_467' title='bbox 2549 2286 2848 2358; x_wconf 90' lang='lat' dir='ltr'><strong>eligendas,</strong></span> <span class='ocrx_word' id='word_1_468' title='bbox 2879 2286 3342 2341; x_wconf 89' lang='lat' dir='ltr'><strong>adolescentiores</strong></span> <span class='ocrx_word' id='word_1_469' title='bbox 3369 2288 3540 2336; x_wconf 89' lang='lat' dir='ltr'><strong>autem</strong></span> <span class='ocrx_word' id='word_1_470' title='bbox 3572 2280 3668 2333; x_wconf 88' lang='lat' dir='ltr'><strong>sive</strong></span> <span class='ocrx_word' id='word_1_471' title='bbox 3685 2277 3751 2347; x_wconf 90' lang='lat' dir='ltr'><strong>ju-</strong></span> 
     </span>
    </p>
   </div>
   <div class='ocr_carea' id='block_1_69' title="bbox 2244 2368 3756 2449">
    <p class='ocr_par' dir='ltr' id='par_1_69' title="bbox 2244 2368 3756 2449">
     <span class='ocr_line' id='line_1_69' title="bbox 2244 2368 3756 2449; baseline -0.011 -13"><span class='ocrx_word' id='word_1_472' title='bbox 2244 2381 2500 2436; x_wconf 87' lang='lat' dir='ltr'><strong>venculas</strong></span> <span class='ocrx_word' id='word_1_473' title='bbox 2530 2373 2850 2434; x_wconf 84' lang='lat' dir='ltr'><strong>devitandas</strong></span> <span class='ocrx_word' id='word_1_474' title='bbox 2896 2376 3160 2449; x_wconf 71' lang='lat' dir='ltr'><strong>praecipit.</strong></span> <span class='ocrx_word' id='word_1_475' title='bbox 3209 2374 3353 2430; x_wconf 90' lang='lat' dir='ltr'><strong>Tum</strong></span> <span class='ocrx_word' id='word_1_476' title='bbox 3379 2388 3503 2429; x_wconf 89' lang='lat' dir='ltr'><strong>vero</strong></span> <span class='ocrx_word' id='word_1_477' title='bbox 3533 2385 3657 2425; x_wconf 87' lang='lat' dir='ltr'><strong>vers.</strong></span> <span class='ocrx_word' id='word_1_478' title='bbox 3683 2368 3756 2422; x_wconf 85' lang='lat' dir='ltr'><strong>de-</strong></span> 
     </span>
    </p>
   </div>
   <div class='ocr_carea' id='block_1_70' title="bbox 2245 2459 3753 2544">
    <p class='ocr_par' dir='ltr' id='par_1_70' title="bbox 2245 2459 3753 2544">
     <span class='ocr_line' id='line_1_70' title="bbox 2245 2459 3753 2544; baseline -0.009 -16"><span class='ocrx_word' id='word_1_479' title='bbox 2245 2476 2388 2529; x_wconf 87' lang='lat' dir='ltr'><strong>cimo</strong></span> <span class='ocrx_word' id='word_1_480' title='bbox 2412 2474 2573 2530; x_wconf 88' lang='lat' dir='ltr'><strong>tertio</strong></span> <span class='ocrx_word' id='word_1_481' title='bbox 2605 2472 2852 2544; x_wconf 90' lang='lat' dir='ltr'><strong>ejusdem</strong></span> <span class='ocrx_word' id='word_1_482' title='bbox 2883 2471 3077 2541; x_wconf 87' lang='lat' dir='ltr'><strong>capitis</strong></span> <span class='ocrx_word' id='word_1_483' title='bbox 3127 2477 3340 2533; x_wconf 90' lang='lat' dir='ltr'><strong>monet,</strong></span> <span class='ocrx_word' id='word_1_484' title='bbox 3388 2481 3456 2522; x_wconf 93' lang='lat' dir='ltr'><strong>ne</strong></span> <span class='ocrx_word' id='word_1_485' title='bbox 3491 2464 3659 2518; x_wconf 70' lang='lat' dir='ltr'><strong>otiosa:</strong></span> <span class='ocrx_word' id='word_1_486' title='bbox 3690 2459 3753 2514; x_wconf 84' lang='lat' dir='ltr'><strong>di-</strong></span> 
     </span>
    </p>
   </div>
   <div class='ocr_carea' id='block_1_71' title="bbox 2243 2551 3759 2627">
    <p class='ocr_par' dir='ltr' id='par_1_71' title="bbox 2243 2551 3759 2627">
     <span class='ocr_line' id='line_1_71' title="bbox 2243 2551 3759 2627; baseline -0.01 -7"><span class='ocrx_word' id='word_1_487' title='bbox 2243 2574 2369 2620; x_wconf 89' lang='lat' dir='ltr'><strong>cant</strong></span> <span class='ocrx_word' id='word_1_488' title='bbox 2407 2565 2641 2620; x_wconf 90' lang='lat' dir='ltr'><strong>circuire</strong></span> <span class='ocrx_word' id='word_1_489' title='bbox 2672 2565 2883 2627; x_wconf 88' lang='lat' dir='ltr'><strong>domos,</strong></span> <span class='ocrx_word' id='word_1_490' title='bbox 2913 2564 3161 2619; x_wconf 62' lang='lat' dir='ltr'><strong>verbosa:</strong></span> <span class='ocrx_word' id='word_1_491' title='bbox 3197 2571 3254 2616; x_wconf 88' lang='lat' dir='ltr'><strong>et</strong></span> <span class='ocrx_word' id='word_1_492' title='bbox 3291 2560 3538 2621; x_wconf 61' lang='lat' dir='ltr'><strong>curiosae,</strong></span> <span class='ocrx_word' id='word_1_493' title='bbox 3565 2551 3759 2611; x_wconf 86' lang='lat' dir='ltr'><strong>etc.Ne-</strong></span> 
     </span>
    </p>
   </div>
   <div class='ocr_carea' id='block_1_72' title="bbox 2241 2642 3759 2729">
    <p class='ocr_par' dir='ltr' id='par_1_72' title="bbox 2241 2642 3759 2729">
     <span class='ocr_line' id='line_1_72' title="bbox 2241 2642 3759 2729; baseline -0.011 -17"><span class='ocrx_word' id='word_1_494' title='bbox 2241 2675 2346 2729; x_wconf 91' lang='lat' dir='ltr'><strong>que</strong></span> <span class='ocrx_word' id='word_1_495' title='bbox 2369 2660 2511 2714; x_wconf 86' lang='lat' dir='ltr'><strong>enim</strong></span> <span class='ocrx_word' id='word_1_496' title='bbox 2534 2658 2758 2712; x_wconf 90' lang='lat' dir='ltr'><strong>dubium</strong></span> <span class='ocrx_word' id='word_1_497' title='bbox 2793 2657 2924 2712; x_wconf 91' lang='lat' dir='ltr'><strong>illud</strong></span> <span class='ocrx_word' id='word_1_498' title='bbox 2971 2663 3077 2722; x_wconf 91' lang='lat' dir='ltr'><strong>est,</strong></span> <span class='ocrx_word' id='word_1_499' title='bbox 3109 2657 3247 2725; x_wconf 90' lang='lat' dir='ltr'><strong>quin</strong></span> <span class='ocrx_word' id='word_1_500' title='bbox 3283 2670 3354 2710; x_wconf 88' lang='lat' dir='ltr'><strong>ex</strong></span> <span class='ocrx_word' id='word_1_501' title='bbox 3389 2654 3533 2708; x_wconf 87' lang='lat' dir='ltr'><strong>hisce</strong></span> <span class='ocrx_word' id='word_1_502' title='bbox 3561 2642 3759 2719; x_wconf 82' lang='lat' dir='ltr'><strong>Apostoli</strong></span> 
     </span>
    </p>
   </div>
   <div class='ocr_carea' id='block_1_73' title="bbox 2241 2735 3763 2818">
    <p class='ocr_par' dir='ltr' id='par_1_73' title="bbox 2241 2735 3763 2818">
     <span class='ocr_line' id='line_1_73' title="bbox 2241 2735 3763 2818; baseline -0.009 -13"><span class='ocrx_word' id='word_1_503' title='bbox 2241 2753 2422 2805; x_wconf 78' lang='lat' dir='ltr'><strong>verbis</strong></span> <span class='ocrx_word' id='word_1_504' title='bbox 2454 2759 2598 2807; x_wconf 88' lang='lat' dir='ltr'><strong>totus</strong></span> <span class='ocrx_word' id='word_1_505' title='bbox 2625 2751 2713 2804; x_wconf 91' lang='lat' dir='ltr'><strong>hic</strong></span> <span class='ocrx_word' id='word_1_506' title='bbox 2745 2750 2897 2804; x_wconf 89' lang='lat' dir='ltr'><strong>locus</strong></span> <span class='ocrx_word' id='word_1_507' title='bbox 2917 2749 3310 2818; x_wconf 89' lang='lat' dir='ltr'><strong>intelligendus</strong></span> <span class='ocrx_word' id='word_1_508' title='bbox 3345 2746 3418 2802; x_wconf 93' lang='lat' dir='ltr'><strong>sit</strong></span> <span class='ocrx_word' id='word_1_509' title='bbox 3454 2752 3604 2812; x_wconf 89' lang='lat' dir='ltr'><strong>atque</strong></span> <span class='ocrx_word' id='word_1_510' title='bbox 3623 2735 3763 2808; x_wconf 87' lang='lat' dir='ltr'><strong>expli-</strong></span> 
     </span>
    </p>
   </div>
   <div class='ocr_carea' id='block_1_74' title="bbox 2241 2837 3764 2912">
    <p class='ocr_par' dir='ltr' id='par_1_74' title="bbox 2241 2837 3764 2912">
     <span class='ocr_line' id='line_1_74' title="bbox 2241 2837 3764 2912; baseline -0.009 -16"><span class='ocrx_word' id='word_1_511' title='bbox 2241 2843 2466 2898; x_wconf 90' lang='lat' dir='ltr'><strong>candus.</strong></span> <span class='ocrx_word' id='word_1_512' title='bbox 2499 2841 2556 2896; x_wconf 92' lang='lat' dir='ltr'><strong>ln</strong></span> <span class='ocrx_word' id='word_1_513' title='bbox 2587 2842 2745 2912; x_wconf 91' lang='lat' dir='ltr'><strong>cujus</strong></span> <span class='ocrx_word' id='word_1_514' title='bbox 2761 2857 2923 2897; x_wconf 85' lang='lat' dir='ltr'><strong>sensu</strong></span> <span class='ocrx_word' id='word_1_515' title='bbox 2939 2841 3300 2911; x_wconf 84' lang='lat' dir='ltr'><strong>exprimendo</strong></span> <span class='ocrx_word' id='word_1_516' title='bbox 3330 2839 3590 2905; x_wconf 86' lang='lat' dir='ltr'><strong>interpres</strong></span> <span class='ocrx_word' id='word_1_517' title='bbox 3613 2837 3764 2886; x_wconf 81' lang='lat' dir='ltr'><strong>noster</strong></span> 
     </span>
    </p>
   </div>
   <div class='ocr_carea' id='block_1_75' title="bbox 2241 2922 3768 3000">
    <p class='ocr_par' dir='ltr' id='par_1_75' title="bbox 2241 2922 3768 3000">
     <span class='ocr_line' id='line_1_75' title="bbox 2241 2922 3768 3000; baseline -0.009 -10"><span class='ocrx_word' id='word_1_518' title='bbox 2241 2939 2376 2992; x_wconf 89' lang='lat' dir='ltr'><strong>mire</strong></span> <span class='ocrx_word' id='word_1_519' title='bbox 2416 2952 2643 2992; x_wconf 91' lang='lat' dir='ltr'><strong>securus</strong></span> <span class='ocrx_word' id='word_1_520' title='bbox 2681 2945 2786 3000; x_wconf 81' lang='lat' dir='ltr'><strong>est,</strong></span> <span class='ocrx_word' id='word_1_521' title='bbox 2836 2937 3099 2991; x_wconf 90' lang='lat' dir='ltr'><strong>divellens</strong></span> <span class='ocrx_word' id='word_1_522' title='bbox 3153 2944 3213 2991; x_wconf 89' lang='lat' dir='ltr'><strong>et</strong></span> <span class='ocrx_word' id='word_1_523' title='bbox 3245 2926 3584 2990; x_wconf 82' lang='lat' dir='ltr'><strong>confundens</strong></span> <span class='ocrx_word' id='word_1_524' title='bbox 3619 2922 3768 2982; x_wconf 80' lang='lat' dir='ltr'><strong>omnia</strong></span> 
     </span>
    </p>
   </div>
   <div class='ocr_carea' id='block_1_76' title="bbox 2242 3017 3767 3096">
    <p class='ocr_par' dir='ltr' id='par_1_76' title="bbox 2242 3017 3767 3096">
     <span class='ocr_line' id='line_1_76' title="bbox 2242 3017 3767 3096; baseline -0.007 -17"><span class='ocrx_word' id='word_1_525' title='bbox 2242 3041 2339 3096; x_wconf 90' lang='lat' dir='ltr'><strong>pro</strong></span> <span class='ocrx_word' id='word_1_526' title='bbox 2370 3027 2542 3080; x_wconf 91' lang='lat' dir='ltr'><strong>libito.</strong></span> <span class='ocrx_word' id='word_1_527' title='bbox 2579 3025 2731 3082; x_wconf 87' lang='lat' dir='ltr'><strong>Unde</strong></span> <span class='ocrx_word' id='word_1_528' title='bbox 2763 3042 2858 3096; x_wconf 90' lang='lat' dir='ltr'><strong>pro</strong></span> <span class='ocrx_word' id='word_1_529' title='bbox 2893 3040 2999 3080; x_wconf 88' lang='lat' dir='ltr'><strong>una</strong></span> <span class='ocrx_word' id='word_1_530' title='bbox 3046 3029 3314 3080; x_wconf 87' lang='lat' dir='ltr'><strong>continua</strong></span> <span class='ocrx_word' id='word_1_531' title='bbox 3363 3017 3642 3078; x_wconf 79' lang='lat' dir='ltr'><strong>Alexandri</strong></span> <span class='ocrx_word' id='word_1_532' title='bbox 3668 3029 3767 3070; x_wconf 75' lang='lat' dir='ltr'><strong>sen-</strong></span> 
     </span>
    </p>
   </div>
   <div class='ocr_carea' id='block_1_77' title="bbox 2241 3109 3768 3185">
    <p class='ocr_par' dir='ltr' id='par_1_77' title="bbox 2241 3109 3768 3185">
     <span class='ocr_line' id='line_1_77' title="bbox 2241 3109 3768 3185; baseline -0.007 -14"><span class='ocrx_word' id='word_1_533' title='bbox 2241 3117 2424 3177; x_wconf 83' lang='lat' dir='ltr'><strong>tentia,</strong></span> <span class='ocrx_word' id='word_1_534' title='bbox 2450 3131 2629 3172; x_wconf 90' lang='lat' dir='ltr'><strong>meras</strong></span> <span class='ocrx_word' id='word_1_535' title='bbox 2664 3116 2822 3172; x_wconf 89' lang='lat' dir='ltr'><strong>nobis</strong></span> <span class='ocrx_word' id='word_1_536' title='bbox 2856 3131 3051 3185; x_wconf 90' lang='lat' dir='ltr'><strong>scopas</strong></span> <span class='ocrx_word' id='word_1_537' title='bbox 3086 3114 3394 3170; x_wconf 84' lang='lat' dir='ltr'><strong>dissolutas</strong></span> <span class='ocrx_word' id='word_1_538' title='bbox 3425 3109 3650 3170; x_wconf 80' lang='lat' dir='ltr'><strong>exhibet,</strong></span> <span class='ocrx_word' id='word_1_539' title='bbox 3673 3117 3768 3175; x_wconf 65' lang='lat' dir='ltr'><strong>qua</strong></span> 
     </span>
    </p>
   </div>
   <div class='ocr_carea' id='block_1_78' title="bbox 2241 3205 3770 3282">
    <p class='ocr_par' dir='ltr' id='par_1_78' title="bbox 2241 3205 3770 3282">
     <span class='ocr_line' id='line_1_78' title="bbox 2241 3205 3770 3282; baseline -0.01 -18"><span class='ocrx_word' id='word_1_540' title='bbox 2241 3210 2453 3279; x_wconf 87' lang='lat' dir='ltr'><strong>singula</strong></span> <span class='ocrx_word' id='word_1_541' title='bbox 2481 3209 2733 3279; x_wconf 89' lang='lat' dir='ltr'><strong>prosequi</strong></span> <span class='ocrx_word' id='word_1_542' title='bbox 2783 3208 3062 3264; x_wconf 69' lang='lat' dir='ltr'><strong>taediosum</strong></span> <span class='ocrx_word' id='word_1_543' title='bbox 3115 3206 3288 3282; x_wconf 80' lang='lat' dir='ltr'><strong>foret.</strong></span> <span class='ocrx_word' id='word_1_544' title='bbox 3327 3205 3388 3261; x_wconf 87' lang='lat' dir='ltr'><strong>ld</strong></span> <span class='ocrx_word' id='word_1_545' title='bbox 3427 3206 3606 3265; x_wconf 88' lang='lat' dir='ltr'><strong>miror,</strong></span> <span class='ocrx_word' id='word_1_546' title='bbox 3629 3205 3675 3254; x_wconf 88' lang='lat' dir='ltr'><strong>et</strong></span> <span class='ocrx_word' id='word_1_547' title='bbox 3701 3209 3770 3250; x_wconf 62' lang='lat' dir='ltr'><strong>re</strong></span> 
     </span>
    </p>
   </div>
   <div class='ocr_carea' id='block_1_79' title="bbox 2241 3292 3770 3371">
    <p class='ocr_par' dir='ltr' id='par_1_79' title="bbox 2241 3292 3770 3371">
     <span class='ocr_line' id='line_1_79' title="bbox 2241 3292 3770 3371; baseline -0.002 -17"><span class='ocrx_word' id='word_1_548' title='bbox 2241 3309 2404 3354; x_wconf 87' lang='lat' dir='ltr'><strong>terem</strong></span> <span class='ocrx_word' id='word_1_549' title='bbox 2439 3308 2492 3355; x_wconf 91' lang='lat' dir='ltr'><strong>et</strong></span> <span class='ocrx_word' id='word_1_550' title='bbox 2519 3315 2714 3356; x_wconf 90' lang='lat' dir='ltr'><strong>novum</strong></span> <span class='ocrx_word' id='word_1_551' title='bbox 2744 3301 3112 3371; x_wconf 89' lang='lat' dir='ltr'><strong>interpretem,</strong></span> <span class='ocrx_word' id='word_1_552' title='bbox 3148 3301 3380 3356; x_wconf 88' lang='lat' dir='ltr'><strong>inverso</strong></span> <span class='ocrx_word' id='word_1_553' title='bbox 3421 3300 3578 3356; x_wconf 85' lang='lat' dir='ltr'><strong>unius</strong></span> <span class='ocrx_word' id='word_1_554' title='bbox 3605 3292 3770 3351; x_wconf 69' lang='lat' dir='ltr'><strong>Graece</strong></span> 
     </span>
    </p>
   </div>
   <div class='ocr_carea' id='block_1_80' title="bbox 2238 3386 3776 3464">
    <p class='ocr_par' dir='ltr' id='par_1_80' title="bbox 2238 3386 3776 3464">
     <span class='ocr_line' id='line_1_80' title="bbox 2238 3386 3776 3464; baseline -0.005 -19"><span class='ocrx_word' id='word_1_555' title='bbox 2238 3394 2390 3448; x_wconf 90' lang='lat' dir='ltr'><strong>vocis</strong></span> <span class='ocrx_word' id='word_1_556' title='bbox 2415 3392 2631 3462; x_wconf 88' lang='lat' dir='ltr'><strong>spiritu,</strong></span> <span class='ocrx_word' id='word_1_557' title='bbox 2652 3400 2911 3464; x_wconf 89' lang='lat' dir='ltr'><strong>tanquam</strong></span> <span class='ocrx_word' id='word_1_558' title='bbox 2944 3393 3352 3449; x_wconf 88' lang='lat' dir='ltr'><strong>vehementiori</strong></span> <span class='ocrx_word' id='word_1_559' title='bbox 3385 3390 3613 3463; x_wconf 88' lang='lat' dir='ltr'><strong>procella</strong></span> <span class='ocrx_word' id='word_1_560' title='bbox 3649 3386 3776 3439; x_wconf 58' lang='grc' dir='ltr'>ειπερ</span> 
     </span>
    </p>
   </div>
   <div class='ocr_carea' id='block_1_81' title="bbox 2239 3480 3774 3556">
    <p class='ocr_par' dir='ltr' id='par_1_81' title="bbox 2239 3480 3774 3556">
     <span class='ocr_line' id='line_1_81' title="bbox 2239 3480 3774 3556; baseline -0.007 -20"><span class='ocrx_word' id='word_1_561' title='bbox 2239 3491 2382 3553; x_wconf 92' lang='lat' dir='ltr'><strong>ptos,</strong></span> <span class='ocrx_word' id='word_1_562' title='bbox 2405 3485 2458 3537; x_wconf 92' lang='lat' dir='ltr'><strong>in</strong></span> <span class='ocrx_word' id='word_1_563' title='bbox 2500 3485 3113 3556; x_wconf 66' lang='lat' dir='ltr'><strong>scopulumjmpegisse.</strong></span> <span class='ocrx_word' id='word_1_564' title='bbox 3131 3482 3442 3538; x_wconf 82' lang='lat' dir='ltr'><strong>Alexandri</strong></span> <span class='ocrx_word' id='word_1_565' title='bbox 3465 3480 3623 3536; x_wconf 88' lang='lat' dir='ltr'><strong>verba</strong></span> <span class='ocrx_word' id='word_1_566' title='bbox 3641 3481 3774 3532; x_wconf 88' lang='lat' dir='ltr'><strong>sunt:</strong></span> 
     </span>
    </p>
   </div>
   <div class='ocr_carea' id='block_1_82' title="bbox 2240 3568 3778 3646">
    <p class='ocr_par' dir='ltr' id='par_1_82' title="bbox 2240 3568 3778 3646">
     <span class='ocr_line' id='line_1_82' title="bbox 2240 3568 3778 3646; baseline 0.001 -19"><span class='ocrx_word' id='word_1_567' title='bbox 2240 3575 2349 3646; x_wconf 80' lang='grc' dir='ltr'><strong>Τὴν</strong></span> <span class='ocrx_word' id='word_1_568' title='bbox 2369 3575 2498 3644; x_wconf 78' lang='grc' dir='ltr'>γοῦν</span> <span class='ocrx_word' id='word_1_569' title='bbox 2534 3576 2796 3646; x_wconf 83' lang='grc' dir='ltr'><strong>Ἐλλήνων</strong></span> <span class='ocrx_word' id='word_1_570' title='bbox 2821 3594 2878 3630; x_wconf 91' lang='grc' dir='ltr'><strong>τε</strong></span> <span class='ocrx_word' id='word_1_571' title='bbox 2904 3577 2997 3630; x_wconf 73' lang='grc' dir='ltr'>καὶ</span> <span class='ocrx_word' id='word_1_572' title='bbox 3041 3576 3320 3633; x_wconf 84' lang='grc' dir='ltr'>Ἰουδαίων</span> <span class='ocrx_word' id='word_1_573' title='bbox 3347 3574 3517 3644; x_wconf 77' lang='grc' dir='ltr'>ἀσεϐῆ</span> <span class='ocrx_word' id='word_1_574' title='bbox 3541 3570 3656 3640; x_wconf 75' lang='grc' dir='ltr'>περὶ</span> <span class='ocrx_word' id='word_1_575' title='bbox 3673 3568 3778 3636; x_wconf 64' lang='grc' dir='ltr'>Χριυ</span> 
     </span>
    </p>
   </div>
   <div class='ocr_carea' id='block_1_83' title="bbox 2242 3657 3778 3740">
    <p class='ocr_par' dir='ltr' id='par_1_83' title="bbox 2242 3657 3778 3740">
     <span class='ocr_line' id='line_1_83' title="bbox 2242 3657 3778 3740; baseline -0.001 -20"><span class='ocrx_word' id='word_1_576' title='bbox 2242 3666 2367 3720; x_wconf 80' lang='grc' dir='ltr'>στοῡ</span> <span class='ocrx_word' id='word_1_577' title='bbox 2393 3667 2547 3734; x_wconf 80' lang='grc' dir='ltr'>δόξαν</span> <span class='ocrx_word' id='word_1_578' title='bbox 2581 3668 2947 3740; x_wconf 83' lang='grc' dir='ltr'>κρατύναντες</span> <span class='ocrx_word' id='word_1_579' title='bbox 2970 3711 2984 3732; x_wconf 93' lang='grc'><strong>,</strong></span> <span class='ocrx_word' id='word_1_580' title='bbox 3008 3669 3098 3721; x_wconf 85' lang='grc' dir='ltr'><strong>τὸν</strong></span> <span class='ocrx_word' id='word_1_581' title='bbox 3129 3668 3271 3740; x_wconf 69' lang='grc' dir='ltr'>παρ’</span> <span class='ocrx_word' id='word_1_582' title='bbox 3301 3666 3485 3721; x_wconf 79' lang='grc' dir='ltr'>αὐτῶν</span> <span class='ocrx_word' id='word_1_583' title='bbox 3507 3665 3702 3723; x_wconf 69' lang='grc' dir='ltr'>ἔπαινον</span> <span class='ocrx_word' id='word_1_584' title='bbox 3722 3657 3778 3718; x_wconf 83' lang='grc' dir='ltr'><strong>ὼς</strong></span> 
     </span>
    </p>
   </div>
   <div class='ocr_carea' id='block_1_84' title="bbox 2239 3746 3781 3831">
    <p class='ocr_par' dir='ltr' id='par_1_84' title="bbox 2239 3746 3781 3831">
     <span class='ocr_line' id='line_1_84' title="bbox 2239 3746 3781 3831; baseline -0.007 -17"><span class='ocrx_word' id='word_1_585' title='bbox 2239 3761 2317 3814; x_wconf 78' lang='grc' dir='ltr'>ἔνι</span> <span class='ocrx_word' id='word_1_586' title='bbox 2353 3761 2585 3831; x_wconf 81' lang='grc' dir='ltr'>μάλιστα</span> <span class='ocrx_word' id='word_1_587' title='bbox 2612 3758 2902 3831; x_wconf 83' lang='grc' dir='ltr'>θηρῶνται.</span> <span class='ocrx_word' id='word_1_588' title='bbox 2959 3758 3056 3813; x_wconf 89' lang='lat' dir='ltr'><strong>Ubi</strong></span> <span class='ocrx_word' id='word_1_589' title='bbox 3110 3770 3316 3814; x_wconf 83' lang='lat' dir='ltr'><strong>neuter</strong></span> <span class='ocrx_word' id='word_1_590' title='bbox 3360 3754 3648 3828; x_wconf 83' lang='lat' dir='ltr'><strong>perspexit,</strong></span> <span class='ocrx_word' id='word_1_591' title='bbox 3679 3746 3781 3817; x_wconf 77' lang='grc' dir='ltr'>παρ’</span> 
     </span>
    </p>
   </div>
   <div class='ocr_carea' id='block_1_85' title="bbox 2240 3841 3782 3921">
    <p class='ocr_par' dir='ltr' id='par_1_85' title="bbox 2240 3841 3782 3921">
     <span class='ocr_line' id='line_1_85' title="bbox 2240 3841 3782 3921; baseline -0.011 -12"><span class='ocrx_word' id='word_1_592' title='bbox 2240 3853 2417 3909; x_wconf 82' lang='grc' dir='ltr'>ἀυτῶν</span> <span class='ocrx_word' id='word_1_593' title='bbox 2448 3853 2551 3907; x_wconf 90' lang='lat' dir='ltr'><strong>leni</strong></span> <span class='ocrx_word' id='word_1_594' title='bbox 2577 3851 2768 3921; x_wconf 86' lang='lat' dir='ltr'><strong>spiritu</strong></span> <span class='ocrx_word' id='word_1_595' title='bbox 2799 3849 3121 3921; x_wconf 88' lang='lat' dir='ltr'><strong>legendum;</strong></span> <span class='ocrx_word' id='word_1_596' title='bbox 3160 3857 3219 3902; x_wconf 93' lang='lat' dir='ltr'><strong>et</strong></span> <span class='ocrx_word' id='word_1_597' title='bbox 3253 3863 3368 3902; x_wconf 92' lang='lat' dir='ltr'><strong>non</strong></span> <span class='ocrx_word' id='word_1_598' title='bbox 3395 3849 3547 3918; x_wconf 89' lang='lat' dir='ltr'><strong>ipsos</strong></span> <span class='ocrx_word' id='word_1_599' title='bbox 3566 3841 3782 3900; x_wconf 73' lang='lat' dir='ltr'><strong>ArianoS,</strong></span> 
     </span>
    </p>
   </div>
   <div class='ocr_carea' id='block_1_86' title="bbox 2241 3929 3786 4011">
    <p class='ocr_par' dir='ltr' id='par_1_86' title="bbox 2241 3929 3786 4011">
     <span class='ocr_line' id='line_1_86' title="bbox 2241 3929 3786 4011; baseline -0.012 -11"><span class='ocrx_word' id='word_1_600' title='bbox 2241 3946 2334 4000; x_wconf 92' lang='lat' dir='ltr'><strong>sed</strong></span> <span class='ocrx_word' id='word_1_601' title='bbox 2365 3943 2583 4001; x_wconf 70' lang='lat' dir='ltr'><strong>Graecos</strong></span> <span class='ocrx_word' id='word_1_602' title='bbox 2613 3949 2666 3997; x_wconf 91' lang='lat' dir='ltr'><strong>et</strong></span> <span class='ocrx_word' id='word_1_603' title='bbox 2693 3941 2908 3998; x_wconf 64' lang='lat' dir='ltr'><strong>Iudaeos</strong></span> <span class='ocrx_word' id='word_1_604' title='bbox 2965 3941 3217 4011; x_wconf 79' lang='lat' dir='ltr'><strong>intelligi,</strong></span> <span class='ocrx_word' id='word_1_605' title='bbox 3271 3939 3424 4008; x_wconf 90' lang='lat' dir='ltr'><strong>apud</strong></span> <span class='ocrx_word' id='word_1_606' title='bbox 3473 3952 3608 4008; x_wconf 88' lang='lat' dir='ltr'><strong>quos</strong></span> <span class='ocrx_word' id='word_1_607' title='bbox 3655 3929 3786 3987; x_wconf 83' lang='lat' dir='ltr'><strong>Chri-</strong></span> 
     </span>
    </p>
   </div>
   <div class='ocr_carea' id='block_1_87' title="bbox 2240 4024 3780 4107">
    <p class='ocr_par' dir='ltr' id='par_1_87' title="bbox 2240 4024 3780 4107">
     <span class='ocr_line' id='line_1_87' title="bbox 2240 4024 3780 4107; baseline -0.01 -15"><span class='ocrx_word' id='word_1_608' title='bbox 2240 4046 2384 4092; x_wconf 90' lang='lat' dir='ltr'><strong>stum</strong></span> <span class='ocrx_word' id='word_1_609' title='bbox 2416 4037 2687 4092; x_wconf 90' lang='lat' dir='ltr'><strong>communi</strong></span> <span class='ocrx_word' id='word_1_610' title='bbox 2734 4050 2898 4107; x_wconf 84' lang='lat' dir='ltr'><strong>opera</strong></span> <span class='ocrx_word' id='word_1_611' title='bbox 2925 4034 3322 4104; x_wconf 89' lang='lat' dir='ltr'><strong>oppugnando,</strong></span> <span class='ocrx_word' id='word_1_612' title='bbox 3361 4033 3578 4087; x_wconf 91' lang='lat' dir='ltr'><strong>laudem</strong></span> <span class='ocrx_word' id='word_1_613' title='bbox 3607 4024 3780 4084; x_wconf 86' lang='lat' dir='ltr'><strong>studio-</strong></span> 
     </span>
    </p>
   </div>
   <div class='ocr_carea' id='block_1_88' title="bbox 2242 4118 3784 4196">
    <p class='ocr_par' dir='ltr' id='par_1_88' title="bbox 2242 4118 3784 4196">
     <span class='ocr_line' id='line_1_88' title="bbox 2242 4118 3784 4196; baseline -0.009 -16"><span class='ocrx_word' id='word_1_614' title='bbox 2242 4127 2458 4182; x_wconf 83' lang='lat' dir='ltr'><strong>sissime</strong></span> <span class='ocrx_word' id='word_1_615' title='bbox 2489 4125 2776 4196; x_wconf 85' lang='lat' dir='ltr'><strong>captabant</strong></span> <span class='ocrx_word' id='word_1_616' title='bbox 2805 4124 3011 4178; x_wconf 84' lang='lat' dir='ltr'><strong>Ariani.</strong></span> <span class='ocrx_word' id='word_1_617' title='bbox 3034 4123 3193 4190; x_wconf 90' lang='lat' dir='ltr'><strong>Quod</strong></span> <span class='ocrx_word' id='word_1_618' title='bbox 3223 4132 3418 4184; x_wconf 85' lang='lat' dir='ltr'><strong>tamen</strong></span> <span class='ocrx_word' id='word_1_619' title='bbox 3444 4118 3784 4178; x_wconf 84' lang='lat' dir='ltr'><strong>Camerarium</strong></span> 
     </span>
    </p>
   </div>
   <div class='ocr_carea' id='block_1_89' title="bbox 2242 4215 3789 4288">
    <p class='ocr_par' dir='ltr' id='par_1_89' title="bbox 2242 4215 3789 4288">
     <span class='ocr_line' id='line_1_89' title="bbox 2242 4215 3789 4288; baseline -0.008 -15"><span class='ocrx_word' id='word_1_620' title='bbox 2242 4218 2590 4284; x_wconf 84' lang='lat' dir='ltr'><strong>Theodoreti,</strong></span> <span class='ocrx_word' id='word_1_621' title='bbox 2625 4225 2680 4273; x_wconf 93' lang='lat' dir='ltr'><strong>et</strong></span> <span class='ocrx_word' id='word_1_622' title='bbox 2708 4217 2953 4288; x_wconf 88' lang='lat' dir='ltr'><strong>Langum</strong></span> <span class='ocrx_word' id='word_1_623' title='bbox 2991 4215 3292 4287; x_wconf 81' lang='lat' dir='ltr'><strong>Nicephori</strong></span> <span class='ocrx_word' id='word_1_624' title='bbox 3319 4221 3673 4286; x_wconf 86' lang='lat' dir='ltr'><strong>interpretem</strong></span> <span class='ocrx_word' id='word_1_625' title='bbox 3703 4220 3789 4263; x_wconf 89' lang='lat' dir='ltr'><strong>n0n</strong></span> 
     </span>
    </p>
   </div>
   <div class='ocr_carea' id='block_1_90' title="bbox 2242 4297 3794 4381">
    <p class='ocr_par' dir='ltr' id='par_1_90' title="bbox 2242 4297 3794 4381">
     <span class='ocr_line' id='line_1_90' title="bbox 2242 4297 3794 4381; baseline -0.006 -17"><span class='ocrx_word' id='word_1_626' title='bbox 2242 4311 2400 4381; x_wconf 76' lang='lat' dir='ltr'><strong>fugit.</strong></span> <span class='ocrx_word' id='word_1_627' title='bbox 2437 4310 2696 4374; x_wconf 86' lang='lat' dir='ltr'><strong>Quamvis</strong></span> <span class='ocrx_word' id='word_1_628' title='bbox 2741 4308 2886 4379; x_wconf 88' lang='lat' dir='ltr'><strong>apud</strong></span> <span class='ocrx_word' id='word_1_629' title='bbox 2948 4307 3091 4362; x_wconf 89' lang='lat' dir='ltr'><strong>hunc</strong></span> <span class='ocrx_word' id='word_1_630' title='bbox 3143 4325 3261 4364; x_wconf 87' lang='lat' dir='ltr'><strong>non</strong></span> <span class='ocrx_word' id='word_1_631' title='bbox 3291 4309 3432 4380; x_wconf 84' lang='grc' dir='ltr'>παρ’</span> <span class='ocrx_word' id='word_1_632' title='bbox 3483 4306 3674 4366; x_wconf 82' lang='grc' dir='ltr'>αὐτῶν,</span> <span class='ocrx_word' id='word_1_633' title='bbox 3718 4297 3794 4356; x_wconf 80' lang='lat' dir='ltr'><strong>sed</strong></span> 
     </span>
    </p>
   </div>
   <div class='ocr_carea' id='block_1_91' title="bbox 575 4394 3794 4480">
    <p class='ocr_par' dir='ltr' id='par_1_91' title="bbox 575 4394 3794 4480">
     <span class='ocr_line' id='line_1_91' title="bbox 575 4394 3794 4480; baseline -0.001 -25"><span class='ocrx_word' id='word_1_634' title='bbox 575 4402 722 4457; x_wconf 76' lang='lat' dir='ltr'><strong>tione</strong></span> <span class='ocrx_word' id='word_1_635' title='bbox 743 4402 1020 4457; x_wconf 85' lang='lat' dir='ltr'><strong>amandari</strong></span> <span class='ocrx_word' id='word_1_636' title='bbox 1041 4403 1198 4457; x_wconf 90' lang='lat' dir='ltr'><strong>velim</strong></span> <span class='ocrx_word' id='word_1_637' title='bbox 1225 4421 1238 4458; x_wconf 91' lang='lat'><strong>:</strong></span> <span class='ocrx_word' id='word_1_638' title='bbox 1265 4418 1484 4474; x_wconf 87' lang='lat' dir='ltr'><strong>easque,</strong></span> <span class='ocrx_word' id='word_1_639' title='bbox 1514 4411 1574 4458; x_wconf 92' lang='lat' dir='ltr'><strong>ut</strong></span> <span class='ocrx_word' id='word_1_640' title='bbox 1598 4403 1700 4473; x_wconf 90' lang='lat' dir='ltr'><strong>ipsi</strong></span> <span class='ocrx_word' id='word_1_641' title='bbox 1720 4403 1961 4460; x_wconf 86' lang='lat' dir='ltr'><strong>studiose</strong></span> <span class='ocrx_word' id='word_1_642' title='bbox 1984 4419 2140 4459; x_wconf 71' lang='lat' dir='ltr'><strong>cave~</strong></span> <span class='ocrx_word' id='word_1_643' title='bbox 2170 4426 2215 4480; x_wconf 74' lang='grc' dir='ltr'><strong>ι)</strong></span> <span class='ocrx_word' id='word_1_644' title='bbox 2244 4405 2374 4476; x_wconf 86' lang='grc' dir='ltr'>παρ’</span> <span class='ocrx_word' id='word_1_645' title='bbox 2397 4404 2579 4467; x_wconf 82' lang='grc' dir='ltr'>αὐτοῖς</span> <span class='ocrx_word' id='word_1_646' title='bbox 2602 4404 2830 4474; x_wconf 85' lang='lat' dir='ltr'><strong>legatur.</strong></span> <span class='ocrx_word' id='word_1_647' title='bbox 2859 4401 3121 4460; x_wconf 69' lang='lat' dir='ltr'><strong>Cteterum</strong></span> <span class='ocrx_word' id='word_1_648' title='bbox 3148 4412 3210 4458; x_wconf 88' lang='lat' dir='ltr'><strong>ut</strong></span> <span class='ocrx_word' id='word_1_649' title='bbox 3243 4403 3456 4473; x_wconf 90' lang='lat' dir='ltr'><strong>reliqui</strong></span> <span class='ocrx_word' id='word_1_650' title='bbox 3488 4413 3670 4456; x_wconf 89' lang='lat' dir='ltr'><strong>omnes</strong></span> <span class='ocrx_word' id='word_1_651' title='bbox 3706 4394 3794 4448; x_wconf 65' lang='lat' dir='ltr'><strong>h8-</strong></span> 
     </span>
    </p>
   </div>
   <div class='ocr_carea' id='block_1_92' title="bbox 578 4495 2140 4568">
    <p class='ocr_par' dir='ltr' id='par_1_92' title="bbox 578 4495 2140 4568">
     <span class='ocr_line' id='line_1_92' title="bbox 578 4495 2140 4568; baseline 0.002 -20"><span class='ocrx_word' id='word_1_652' title='bbox 578 4503 724 4555; x_wconf 88' lang='lat' dir='ltr'><strong>rnnt.</strong></span> <span class='ocrx_word' id='word_1_653' title='bbox 757 4495 829 4549; x_wconf 90' lang='lat' dir='ltr'><strong>ita</strong></span> <span class='ocrx_word' id='word_1_654' title='bbox 857 4510 958 4550; x_wconf 88' lang='lat' dir='ltr'><strong>nec</strong></span> <span class='ocrx_word' id='word_1_655' title='bbox 983 4496 1038 4550; x_wconf 91' lang='lat' dir='ltr'><strong>in</strong></span> <span class='ocrx_word' id='word_1_656' title='bbox 1063 4496 1344 4552; x_wconf 91' lang='lat' dir='ltr'><strong>versiones</strong></span> <span class='ocrx_word' id='word_1_657' title='bbox 1367 4512 1556 4552; x_wconf 90' lang='lat' dir='ltr'><strong>eorum</strong></span> <span class='ocrx_word' id='word_1_658' title='bbox 1579 4497 1746 4551; x_wconf 87' lang='lat' dir='ltr'><strong>menti</strong></span> <span class='ocrx_word' id='word_1_659' title='bbox 1775 4497 2140 4568; x_wconf 69' lang='lat' dir='ltr'><strong>exprimenda:</strong></span> 
     </span>
    </p>
   </div>
   <div class='ocr_carea' id='block_1_93' title="bbox 579 4587 2140 4660">
    <p class='ocr_par' dir='ltr' id='par_1_93' title="bbox 579 4587 2140 4660">
     <span class='ocr_line' id='line_1_93' title="bbox 579 4587 2140 4660; baseline 0.003 -20"><span class='ocrx_word' id='word_1_660' title='bbox 579 4587 941 4644; x_wconf 82' lang='lat' dir='ltr'><strong>admittendas</strong></span> <span class='ocrx_word' id='word_1_661' title='bbox 964 4602 1180 4645; x_wconf 87' lang='lat' dir='ltr'><strong>censeo.</strong></span> <span class='ocrx_word' id='word_1_662' title='bbox 1213 4587 1292 4643; x_wconf 92' lang='lat' dir='ltr'><strong>lta</strong></span> <span class='ocrx_word' id='word_1_663' title='bbox 1320 4589 1422 4644; x_wconf 88' lang='lat' dir='ltr'><strong>sub</strong></span> <span class='ocrx_word' id='word_1_664' title='bbox 1447 4589 1715 4660; x_wconf 89' lang='lat' dir='ltr'><strong>principio</strong></span> <span class='ocrx_word' id='word_1_665' title='bbox 1751 4604 1873 4660; x_wconf 88' lang='lat' dir='ltr'><strong>pag.</strong></span> <span class='ocrx_word' id='word_1_666' title='bbox 1904 4605 2017 4660; x_wconf 90' lang='lat' dir='ltr'><strong>seq.</strong></span> <span class='ocrx_word' id='word_1_667' title='bbox 2048 4605 2140 4645; x_wconf 86' lang='lat' dir='ltr'><strong>ve-</strong></span> 
     </span>
    </p>
   </div>
   <div class='ocr_carea' id='block_1_94' title="bbox 576 4681 2140 4755">
    <p class='ocr_par' dir='ltr' id='par_1_94' title="bbox 576 4681 2140 4755">
     <span class='ocr_line' id='line_1_94' title="bbox 576 4681 2140 4755; baseline 0.001 -21"><span class='ocrx_word' id='word_1_668' title='bbox 576 4687 666 4736; x_wconf 91' lang='lat' dir='ltr'><strong>tus</strong></span> <span class='ocrx_word' id='word_1_669' title='bbox 695 4681 983 4751; x_wconf 75' lang='lat' dir='ltr'><strong>interpres,</strong></span> <span class='ocrx_word' id='word_1_670' title='bbox 1028 4683 1128 4753; x_wconf 83' lang='grc' dir='ltr'>τὴν</span> <span class='ocrx_word' id='word_1_671' title='bbox 1159 4683 1422 4754; x_wconf 82' lang='grc' dir='ltr'>σωτήριον</span> <span class='ocrx_word' id='word_1_672' title='bbox 1444 4683 1679 4755; x_wconf 80' lang='grc' dir='ltr'>Χριστοῦ</span> <span class='ocrx_word' id='word_1_673' title='bbox 1711 4683 2019 4754; x_wconf 82' lang='grc' dir='ltr'>οἰκονομίαν</span> <span class='ocrx_word' id='word_1_674' title='bbox 2047 4685 2140 4737; x_wconf 76' lang='grc' dir='ltr'>καὶ</span> 
     </span>
    </p>
   </div>
   <div class='ocr_carea' id='block_1_95' title="bbox 575 4774 2139 4844">
    <p class='ocr_par' dir='ltr' id='par_1_95' title="bbox 575 4774 2139 4844">
     <span class='ocr_line' id='line_1_95' title="bbox 575 4774 2139 4844; baseline 0.002 -18"><span class='ocrx_word' id='word_1_675' title='bbox 575 4774 642 4826; x_wconf 84' lang='grc' dir='ltr'><strong>δι’</strong></span> <span class='ocrx_word' id='word_1_676' title='bbox 679 4775 825 4844; x_wconf 82' lang='grc' dir='ltr'><strong>ἡμᾶς</strong></span> <span class='ocrx_word' id='word_1_677' title='bbox 869 4774 1223 4843; x_wconf 75' lang='grc' dir='ltr'>ταπείνωσινξ,</span> <span class='ocrx_word' id='word_1_678' title='bbox 1268 4776 1556 4830; x_wconf 83' lang='lat' dir='ltr'><strong>salutarem</strong></span> <span class='ocrx_word' id='word_1_679' title='bbox 1598 4775 2037 4844; x_wconf 77' lang='lat' dir='ltr'><strong>dispensationem</strong></span> <span class='ocrx_word' id='word_1_680' title='bbox 2089 4783 2139 4830; x_wconf 85' lang='lat' dir='ltr'><strong>et</strong></span> 
     </span>
    </p>
   </div>
   <div class='ocr_carea' id='block_1_96' title="bbox 576 4864 2139 4936">
    <p class='ocr_par' dir='ltr' id='par_1_96' title="bbox 576 4864 2139 4936">
     <span class='ocr_line' id='line_1_96' title="bbox 576 4864 2139 4936; baseline 0.003 -19"><span class='ocrx_word' id='word_1_681' title='bbox 576 4865 925 4918; x_wconf 76' lang='lat' dir='ltr'><strong>humilitatem</strong></span> <span class='ocrx_word' id='word_1_682' title='bbox 955 4879 1048 4932; x_wconf 83' lang='lat' dir='ltr'><strong>pro</strong></span> <span class='ocrx_word' id='word_1_683' title='bbox 1093 4864 1241 4919; x_wconf 84' lang='lat' dir='ltr'><strong>nobis</strong></span> <span class='ocrx_word' id='word_1_684' title='bbox 1274 4877 1588 4935; x_wconf 82' lang='lat' dir='ltr'><strong>susceptam,</strong></span> <span class='ocrx_word' id='word_1_685' title='bbox 1624 4867 1804 4930; x_wconf 88' lang='lat' dir='ltr'><strong>vertit,</strong></span> <span class='ocrx_word' id='word_1_686' title='bbox 1839 4878 1897 4920; x_wconf 83' lang='lat' dir='ltr'><strong>ut</strong></span> <span class='ocrx_word' id='word_1_687' title='bbox 1945 4867 2139 4936; x_wconf 89' lang='lat' dir='ltr'><strong>reliqui</strong></span> 
     </span>
    </p>
   </div>
   <div class='ocr_carea' id='block_1_97' title="bbox 579 4955 2138 5030">
    <p class='ocr_par' dir='ltr' id='par_1_97' title="bbox 579 4955 2138 5030">
     <span class='ocr_line' id='line_1_97' title="bbox 579 4955 2138 5030; baseline 0.002 -19"><span class='ocrx_word' id='word_1_688' title='bbox 579 4956 785 5011; x_wconf 74' lang='lat' dir='ltr'><strong>Latina:</strong></span> <span class='ocrx_word' id='word_1_689' title='bbox 819 4955 1075 5012; x_wconf 68' lang='lat' dir='ltr'><strong>Ecclesiae</strong></span> <span class='ocrx_word' id='word_1_690' title='bbox 1111 4957 1322 5022; x_wconf 87' lang='lat' dir='ltr'><strong>Patres,</strong></span> <span class='ocrx_word' id='word_1_691' title='bbox 1363 4965 1417 5012; x_wconf 89' lang='lat' dir='ltr'><strong>et</strong></span> <span class='ocrx_word' id='word_1_692' title='bbox 1446 4960 1698 5030; x_wconf 89' lang='lat' dir='ltr'><strong>vulgatus</strong></span> <span class='ocrx_word' id='word_1_693' title='bbox 1722 4959 2019 5016; x_wconf 90' lang='lat' dir='ltr'><strong>Bibliorum</strong></span> <span class='ocrx_word' id='word_1_694' title='bbox 2052 4962 2138 5015; x_wconf 93' lang='lat' dir='ltr'><strong>in-</strong></span> 
     </span>
    </p>
   </div>
   <div class='ocr_carea' id='block_1_98' title="bbox 575 5049 2142 5120">
    <p class='ocr_par' dir='ltr' id='par_1_98' title="bbox 575 5049 2142 5120">
     <span class='ocr_line' id='line_1_98' title="bbox 575 5049 2142 5120; baseline 0.003 -18"><span class='ocrx_word' id='word_1_695' title='bbox 575 5056 787 5118; x_wconf 90' lang='lat' dir='ltr'><strong>terpres</strong></span> <span class='ocrx_word' id='word_1_696' title='bbox 822 5049 970 5120; x_wconf 89' lang='lat' dir='ltr'><strong>loqui</strong></span> <span class='ocrx_word' id='word_1_697' title='bbox 999 5060 1212 5118; x_wconf 88' lang='lat' dir='ltr'><strong>amant;</strong></span> <span class='ocrx_word' id='word_1_698' title='bbox 1254 5051 1345 5106; x_wconf 91' lang='lat' dir='ltr'><strong>ubi</strong></span> <span class='ocrx_word' id='word_1_699' title='bbox 1394 5061 1578 5106; x_wconf 89' lang='lat' dir='ltr'><strong>noster</strong></span> <span class='ocrx_word' id='word_1_700' title='bbox 1605 5054 1942 5108; x_wconf 73' lang='lat' dir='ltr'><strong>oeconomiam</strong></span> <span class='ocrx_word' id='word_1_701' title='bbox 1967 5063 2015 5108; x_wconf 88' lang='lat' dir='ltr'><strong>et</strong></span> <span class='ocrx_word' id='word_1_702' title='bbox 2056 5053 2142 5107; x_wconf 86' lang='lat' dir='ltr'><strong>ab-</strong></span> 
     </span>
    </p>
   </div>
   <div class='ocr_carea' id='block_1_99' title="bbox 575 5140 2044 5216">
    <p class='ocr_par' dir='ltr' id='par_1_99' title="bbox 575 5140 2044 5216">
     <span class='ocr_line' id='line_1_99' title="bbox 575 5140 2044 5216; baseline 0.007 -25"><span class='ocrx_word' id='word_1_703' title='bbox 575 5140 870 5204; x_wconf 84' lang='lat' dir='ltr'><strong>iectionem,</strong></span> <span class='ocrx_word' id='word_1_704' title='bbox 915 5142 1097 5211; x_wconf 90' lang='lat' dir='ltr'><strong>potius</strong></span> <span class='ocrx_word' id='word_1_705' title='bbox 1142 5159 1305 5214; x_wconf 84' lang='lat' dir='ltr'><strong>quam</strong></span> <span class='ocrx_word' id='word_1_706' title='bbox 1332 5143 1749 5199; x_wconf 77' lang='lat' dir='ltr'><strong>bumiliationem</strong></span> <span class='ocrx_word' id='word_1_707' title='bbox 1780 5145 2044 5216; x_wconf 90' lang='lat' dir='ltr'><strong>probavit.</strong></span> 
     </span>
    </p>
   </div>
   <div class='ocr_carea' id='block_1_100' title="bbox 648 5229 2138 5308">
    <p class='ocr_par' dir='ltr' id='par_1_100' title="bbox 648 5229 2138 5308">
     <span class='ocr_line' id='line_1_100' title="bbox 648 5229 2138 5308; baseline 0.006 -22"><span class='ocrx_word' id='word_1_708' title='bbox 648 5229 905 5302; x_wconf 87' lang='lat' dir='ltr'><strong>Sequitur</strong></span> <span class='ocrx_word' id='word_1_709' title='bbox 931 5235 1126 5291; x_wconf 92' lang='lat' dir='ltr'><strong>deinde</strong></span> <span class='ocrx_word' id='word_1_710' title='bbox 1159 5237 1311 5293; x_wconf 89' lang='lat' dir='ltr'><strong>locus</strong></span> <span class='ocrx_word' id='word_1_711' title='bbox 1359 5252 1494 5293; x_wconf 88' lang='lat' dir='ltr'><strong>sane</strong></span> <span class='ocrx_word' id='word_1_712' title='bbox 1539 5237 1788 5308; x_wconf 84' lang='lat' dir='ltr'><strong>insignis,</strong></span> <span class='ocrx_word' id='word_1_713' title='bbox 1823 5254 1932 5308; x_wconf 92' lang='lat' dir='ltr'><strong>quo</strong></span> <span class='ocrx_word' id='word_1_714' title='bbox 1976 5239 2138 5294; x_wconf 85' lang='lat' dir='ltr'><strong>Alex-</strong></span> 
     </span>
    </p>
   </div>
   <div class='ocr_carea' id='block_1_101' title="bbox 575 5330 2134 5403">
    <p class='ocr_par' dir='ltr' id='par_1_101' title="bbox 575 5330 2134 5403">
     <span class='ocr_line' id='line_1_101' title="bbox 575 5330 2134 5403; baseline 0.006 -19"><span class='ocrx_word' id='word_1_715' title='bbox 575 5330 749 5385; x_wconf 91' lang='lat' dir='ltr'><strong>ander</strong></span> <span class='ocrx_word' id='word_1_716' title='bbox 793 5333 1007 5403; x_wconf 86' lang='lat' dir='ltr'><strong>egregie</strong></span> <span class='ocrx_word' id='word_1_717' title='bbox 1054 5333 1313 5389; x_wconf 87' lang='lat' dir='ltr'><strong>describit</strong></span> <span class='ocrx_word' id='word_1_718' title='bbox 1370 5334 1541 5401; x_wconf 81' lang='lat' dir='ltr'><strong>malas</strong></span> <span class='ocrx_word' id='word_1_719' title='bbox 1589 5334 1915 5390; x_wconf 85' lang='lat' dir='ltr'><strong>Arianorum</strong></span> <span class='ocrx_word' id='word_1_720' title='bbox 1968 5347 2134 5401; x_wconf 88' lang='lat' dir='ltr'><strong>artes,</strong></span> 
     </span>
    </p>
   </div>
   <div class='ocr_carea' id='block_1_102' title="bbox 577 5423 2141 5499">
    <p class='ocr_par' dir='ltr' id='par_1_102' title="bbox 577 5423 2141 5499">
     <span class='ocr_line' id='line_1_102' title="bbox 577 5423 2141 5499; baseline 0.005 -21"><span class='ocrx_word' id='word_1_721' title='bbox 577 5423 774 5493; x_wconf 90' lang='lat' dir='ltr'><strong>quibus</strong></span> <span class='ocrx_word' id='word_1_722' title='bbox 818 5423 1098 5480; x_wconf 87' lang='lat' dir='ltr'><strong>veritatem</strong></span> <span class='ocrx_word' id='word_1_723' title='bbox 1143 5425 1371 5496; x_wconf 86' lang='lat' dir='ltr'><strong>ejusque</strong></span> <span class='ocrx_word' id='word_1_724' title='bbox 1419 5429 1756 5492; x_wconf 83' lang='lat' dir='ltr'><strong>defensores,</strong></span> <span class='ocrx_word' id='word_1_725' title='bbox 1793 5443 1899 5499; x_wconf 91' lang='lat' dir='ltr'><strong>qua</strong></span> <span class='ocrx_word' id='word_1_726' title='bbox 1948 5439 2141 5499; x_wconf 76' lang='lat' dir='ltr'><strong>aperta</strong></span> 
     </span>
    </p>
   </div>
   <div class='ocr_carea' id='block_1_103' title="bbox 575 5515 2132 5594">
    <p class='ocr_par' dir='ltr' id='par_1_103' title="bbox 575 5515 2132 5594">
     <span class='ocr_line' id='line_1_103' title="bbox 575 5515 2132 5594; baseline 0.004 -25"><span class='ocrx_word' id='word_1_727' title='bbox 575 5516 650 5582; x_wconf 86' lang='lat' dir='ltr'><strong>vi,</strong></span> <span class='ocrx_word' id='word_1_728' title='bbox 674 5530 778 5587; x_wconf 90' lang='lat' dir='ltr'><strong>qua</strong></span> <span class='ocrx_word' id='word_1_729' title='bbox 813 5515 1003 5572; x_wconf 80' lang='lat' dir='ltr'><strong>fraude</strong></span> <span class='ocrx_word' id='word_1_730' title='bbox 1031 5518 1263 5586; x_wconf 87' lang='lat' dir='ltr'><strong>occulta,</strong></span> <span class='ocrx_word' id='word_1_731' title='bbox 1297 5537 1391 5592; x_wconf 88' lang='lat' dir='ltr'><strong>per</strong></span> <span class='ocrx_word' id='word_1_732' title='bbox 1415 5521 1702 5578; x_wconf 89' lang='lat' dir='ltr'><strong>cuniculos</strong></span> <span class='ocrx_word' id='word_1_733' title='bbox 1730 5522 2132 5594; x_wconf 83' lang='lat' dir='ltr'><strong>oppugnabant.</strong></span> 
     </span>
    </p>
   </div>
   <div class='ocr_carea' id='block_1_104' title="bbox 643 5672 1072 5740">
    <p class='ocr_par' dir='ltr' id='par_1_104' title="bbox 643 5672 1072 5740">
     <span class='ocr_line' id='line_1_104' title="bbox 643 5672 1072 5740; baseline -0.012 -10"><span class='ocrx_word' id='word_1_734' title='bbox 643 5676 660 5708; x_wconf 81' lang='grc'>⁵</span> <span class='ocrx_word' id='word_1_735' title='bbox 693 5675 715 5730; x_wconf 87' lang='grc' dir='ltr'>Ι</span> <span class='ocrx_word' id='word_1_736' title='bbox 749 5672 870 5728; x_wconf 88' lang='lat' dir='ltr'><strong>Cor.</strong></span> <span class='ocrx_word' id='word_1_737' title='bbox 899 5690 940 5740; x_wconf 79' lang='grc' dir='ltr'><strong>ι,</strong></span> <span class='ocrx_word' id='word_1_738' title='bbox 981 5673 1072 5732; x_wconf 67' lang='lat'><strong>2&#39;5.</strong></span> 
     </span>
    </p>
   </div>
   <div class='ocr_carea' id='block_1_105' title="bbox 2242 4492 3794 4567">
    <p class='ocr_par' dir='ltr' id='par_1_105' title="bbox 2242 4492 3794 4567">
     <span class='ocr_line' id='line_1_105' title="bbox 2242 4492 3794 4567; baseline -0.005 -15"><span class='ocrx_word' id='word_1_739' title='bbox 2242 4497 2413 4562; x_wconf 90' lang='lat' dir='ltr'><strong>rctici,</strong></span> <span class='ocrx_word' id='word_1_740' title='bbox 2457 4498 2533 4552; x_wconf 91' lang='lat' dir='ltr'><strong>ita</strong></span> <span class='ocrx_word' id='word_1_741' title='bbox 2561 4495 2724 4552; x_wconf 86' lang='lat' dir='ltr'><strong>Arius</strong></span> <span class='ocrx_word' id='word_1_742' title='bbox 2754 4511 2969 4567; x_wconf 89' lang='lat' dir='ltr'><strong>quoque</strong></span> <span class='ocrx_word' id='word_1_743' title='bbox 3024 4498 3278 4566; x_wconf 87' lang='lat' dir='ltr'><strong>parentis</strong></span> <span class='ocrx_word' id='word_1_744' title='bbox 3309 4498 3405 4552; x_wconf 89' lang='lat' dir='ltr'><strong>sui</strong></span> <span class='ocrx_word' id='word_1_745' title='bbox 3436 4494 3638 4554; x_wconf 82' lang='lat' dir='ltr'><strong>diaboli</strong></span> <span class='ocrx_word' id='word_1_746' title='bbox 3669 4492 3794 4558; x_wconf 79' lang='lat' dir='ltr'><strong>inge-</strong></span> 
     </span>
    </p>
   </div>
   <div class='ocr_carea' id='block_1_106' title="bbox 2244 4580 3799 4662">
    <p class='ocr_par' dir='ltr' id='par_1_106' title="bbox 2244 4580 3799 4662">
     <span class='ocr_line' id='line_1_106' title="bbox 2244 4580 3799 4662; baseline -0.006 -18"><span class='ocrx_word' id='word_1_747' title='bbox 2244 4592 2393 4644; x_wconf 91' lang='lat' dir='ltr'><strong>nium</strong></span> <span class='ocrx_word' id='word_1_748' title='bbox 2420 4599 2673 4662; x_wconf 85' lang='lat' dir='ltr'><strong>artesque</strong></span> <span class='ocrx_word' id='word_1_749' title='bbox 2695 4591 2959 4652; x_wconf 90' lang='lat' dir='ltr'><strong>imitatus,</strong></span> <span class='ocrx_word' id='word_1_750' title='bbox 2982 4589 3102 4643; x_wconf 89' lang='lat' dir='ltr'><strong>licta</strong></span> <span class='ocrx_word' id='word_1_751' title='bbox 3136 4589 3373 4658; x_wconf 87' lang='lat' dir='ltr'><strong>pietatis</strong></span> <span class='ocrx_word' id='word_1_752' title='bbox 3401 4587 3587 4658; x_wconf 89' lang='lat' dir='ltr'><strong>specie</strong></span> <span class='ocrx_word' id='word_1_753' title='bbox 3611 4580 3799 4652; x_wconf 82' lang='lat' dir='ltr'><strong>sequio-</strong></span> 
     </span>
    </p>
   </div>
   <div class='ocr_carea' id='block_1_107' title="bbox 2243 4671 3804 4753">
    <p class='ocr_par' dir='ltr' id='par_1_107' title="bbox 2243 4671 3804 4753">
     <span class='ocr_line' id='line_1_107' title="bbox 2243 4671 3804 4753; baseline -0.008 -16"><span class='ocrx_word' id='word_1_754' title='bbox 2243 4684 2321 4738; x_wconf 90' lang='lat' dir='ltr'><strong>ris</strong></span> <span class='ocrx_word' id='word_1_755' title='bbox 2343 4698 2506 4739; x_wconf 86' lang='lat' dir='ltr'><strong>scxus</strong></span> <span class='ocrx_word' id='word_1_756' title='bbox 2529 4683 2862 4753; x_wconf 80' lang='lat' dir='ltr'><strong>simplicitati</strong></span> <span class='ocrx_word' id='word_1_757' title='bbox 2889 4683 3078 4736; x_wconf 92' lang='lat' dir='ltr'><strong>illusit.</strong></span> <span class='ocrx_word' id='word_1_758' title='bbox 3102 4681 3370 4752; x_wconf 82' lang='lat' dir='ltr'><strong>Cumque</strong></span> <span class='ocrx_word' id='word_1_759' title='bbox 3393 4680 3671 4736; x_wconf 88' lang='lat' dir='ltr'><strong>Christum</strong></span> <span class='ocrx_word' id='word_1_760' title='bbox 3687 4671 3804 4730; x_wconf 77' lang='lat' dir='ltr'><strong>divi-</strong></span> 
     </span>
    </p>
   </div>
   <div class='ocr_carea' id='block_1_108' title="bbox 2243 4762 3800 4844">
    <p class='ocr_par' dir='ltr' id='par_1_108' title="bbox 2243 4762 3800 4844">
     <span class='ocr_line' id='line_1_108' title="bbox 2243 4762 3800 4844; baseline -0.005 -16"><span class='ocrx_word' id='word_1_761' title='bbox 2243 4775 2434 4830; x_wconf 90' lang='lat' dir='ltr'><strong>nitatis</strong></span> <span class='ocrx_word' id='word_1_762' title='bbox 2460 4775 2630 4844; x_wconf 87' lang='lat' dir='ltr'><strong>gloria</strong></span> <span class='ocrx_word' id='word_1_763' title='bbox 2654 4774 2960 4844; x_wconf 86' lang='lat' dir='ltr'><strong>spoliasset,</strong></span> <span class='ocrx_word' id='word_1_764' title='bbox 3001 4773 3433 4829; x_wconf 87' lang='lat' dir='ltr'><strong>sanctissimum</strong></span> <span class='ocrx_word' id='word_1_765' title='bbox 3461 4783 3676 4842; x_wconf 92' lang='lat' dir='ltr'><strong>quoque</strong></span> <span class='ocrx_word' id='word_1_766' title='bbox 3700 4762 3800 4834; x_wconf 72' lang='lat' dir='ltr'><strong>eius</strong></span> 
     </span>
    </p>
   </div>
   <div class='ocr_carea' id='block_1_109' title="bbox 2245 4858 3802 4936">
    <p class='ocr_par' dir='ltr' id='par_1_109' title="bbox 2245 4858 3802 4936">
     <span class='ocr_line' id='line_1_109' title="bbox 2245 4858 3802 4936; baseline -0.01 -15"><span class='ocrx_word' id='word_1_767' title='bbox 2245 4868 2514 4936; x_wconf 88' lang='lat' dir='ltr'><strong>peculium</strong></span> <span class='ocrx_word' id='word_1_768' title='bbox 2556 4868 2808 4921; x_wconf 86' lang='lat' dir='ltr'><strong>invadere</strong></span> <span class='ocrx_word' id='word_1_769' title='bbox 2865 4880 2928 4920; x_wconf 88' lang='lat' dir='ltr'><strong>ac</strong></span> <span class='ocrx_word' id='word_1_770' title='bbox 2962 4865 3330 4920; x_wconf 88' lang='lat' dir='ltr'><strong>intervertere</strong></span> <span class='ocrx_word' id='word_1_771' title='bbox 3394 4881 3511 4919; x_wconf 90' lang='lat' dir='ltr'><strong>non</strong></span> <span class='ocrx_word' id='word_1_772' title='bbox 3545 4858 3802 4918; x_wconf 85' lang='lat' dir='ltr'><strong>dubitavit.</strong></span> 
     </span>
    </p>
   </div>
   <div class='ocr_carea' id='block_1_110' title="bbox 2245 4951 3807 5030">
    <p class='ocr_par' dir='ltr' id='par_1_110' title="bbox 2245 4951 3807 5030">
     <span class='ocr_line' id='line_1_110' title="bbox 2245 4951 3807 5030; baseline -0.004 -13"><span class='ocrx_word' id='word_1_773' title='bbox 2245 4962 2348 5027; x_wconf 91' lang='lat' dir='ltr'><strong>Qui</strong></span> <span class='ocrx_word' id='word_1_774' title='bbox 2374 4962 2739 5030; x_wconf 90' lang='lat' dir='ltr'><strong>septingentas</strong></span> <span class='ocrx_word' id='word_1_775' title='bbox 2757 4960 2992 5030; x_wconf 88' lang='lat' dir='ltr'><strong>virgines</strong></span> <span class='ocrx_word' id='word_1_776' title='bbox 3013 4957 3238 5013; x_wconf 87' lang='lat' dir='ltr'><strong>Christo</strong></span> <span class='ocrx_word' id='word_1_777' title='bbox 3260 4967 3630 5014; x_wconf 86' lang='lat' dir='ltr'><strong>consecratas</strong></span> <span class='ocrx_word' id='word_1_778' title='bbox 3654 4951 3807 5024; x_wconf 74' lang='lat' dir='ltr'><strong>primo</strong></span> 
     </span>
    </p>
   </div>
   <div class='ocr_carea' id='block_1_111' title="bbox 2244 5044 3811 5122">
    <p class='ocr_par' dir='ltr' id='par_1_111' title="bbox 2244 5044 3811 5122">
     <span class='ocr_line' id='line_1_111' title="bbox 2244 5044 3811 5122; baseline -0.009 -12"><span class='ocrx_word' id='word_1_779' title='bbox 2244 5055 2485 5110; x_wconf 90' lang='lat' dir='ltr'><strong>omnium</strong></span> <span class='ocrx_word' id='word_1_780' title='bbox 2517 5055 2574 5108; x_wconf 90' lang='lat' dir='ltr'><strong>in</strong></span> <span class='ocrx_word' id='word_1_781' title='bbox 2609 5068 2736 5110; x_wconf 89' lang='lat' dir='ltr'><strong>suas</strong></span> <span class='ocrx_word' id='word_1_782' title='bbox 2783 5061 2964 5122; x_wconf 90' lang='lat' dir='ltr'><strong>partes</strong></span> <span class='ocrx_word' id='word_1_783' title='bbox 2993 5051 3266 5120; x_wconf 89' lang='lat' dir='ltr'><strong>pertraxit</strong></span> <span class='ocrx_word' id='word_1_784' title='bbox 3289 5095 3306 5118; x_wconf 93' lang='lat'><strong>,</strong></span> <span class='ocrx_word' id='word_1_785' title='bbox 3341 5067 3476 5107; x_wconf 89' lang='lat' dir='ltr'><strong>cum</strong></span> <span class='ocrx_word' id='word_1_786' title='bbox 3500 5049 3710 5106; x_wconf 88' lang='lat' dir='ltr'><strong>interim</strong></span> <span class='ocrx_word' id='word_1_787' title='bbox 3735 5044 3811 5096; x_wconf 88' lang='lat' dir='ltr'><strong>vix</strong></span> 
     </span>
    </p>
   </div>
   <div class='ocr_carea' id='block_1_112' title="bbox 2243 5139 3809 5217">
    <p class='ocr_par' dir='ltr' id='par_1_112' title="bbox 2243 5139 3809 5217">
     <span class='ocr_line' id='line_1_112' title="bbox 2243 5139 3809 5217; baseline -0.01 -14"><span class='ocrx_word' id='word_1_788' title='bbox 2243 5155 2444 5217; x_wconf 87' lang='lat' dir='ltr'><strong>septem</strong></span> <span class='ocrx_word' id='word_1_789' title='bbox 2472 5147 2813 5217; x_wconf 77' lang='lat' dir='ltr'><strong>presbyteros</strong></span> <span class='ocrx_word' id='word_1_790' title='bbox 2837 5153 2890 5200; x_wconf 82' lang='lat' dir='ltr'><strong>et</strong></span> <span class='ocrx_word' id='word_1_791' title='bbox 2911 5144 3170 5198; x_wconf 90' lang='lat' dir='ltr'><strong>diaconos</strong></span> <span class='ocrx_word' id='word_1_792' title='bbox 3224 5143 3542 5199; x_wconf 87' lang='lat' dir='ltr'><strong>duodecim</strong></span> <span class='ocrx_word' id='word_1_793' title='bbox 3569 5139 3671 5196; x_wconf 88' lang='lat' dir='ltr'><strong>sibi</strong></span> <span class='ocrx_word' id='word_1_794' title='bbox 3689 5149 3809 5192; x_wconf 60' lang='lat' dir='ltr'><strong>con»</strong></span> 
     </span>
    </p>
   </div>
   <div class='ocr_carea' id='block_1_113' title="bbox 2240 5226 3815 5306">
    <p class='ocr_par' dir='ltr' id='par_1_113' title="bbox 2240 5226 3815 5306">
     <span class='ocr_line' id='line_1_113' title="bbox 2240 5226 3815 5306; baseline -0.01 -10"><span class='ocrx_word' id='word_1_795' title='bbox 2240 5241 2496 5296; x_wconf 91' lang='lat' dir='ltr'><strong>ciliasset.</strong></span> <span class='ocrx_word' id='word_1_796' title='bbox 2544 5237 2620 5293; x_wconf 89' lang='lat' dir='ltr'><strong>Ita</strong></span> <span class='ocrx_word' id='word_1_797' title='bbox 2674 5237 2900 5302; x_wconf 90' lang='lat' dir='ltr'><strong>scilicet,</strong></span> <span class='ocrx_word' id='word_1_798' title='bbox 2939 5234 3211 5291; x_wconf 80' lang='grc' dir='ltr'>εὐόλισθον</span> <span class='ocrx_word' id='word_1_799' title='bbox 3263 5237 3369 5290; x_wconf 79' lang='grc' dir='ltr'>καὶ</span> <span class='ocrx_word' id='word_1_800' title='bbox 3418 5231 3687 5306; x_wconf 73' lang='grc' dir='ltr'>σφαλερὰν</span> <span class='ocrx_word' id='word_1_801' title='bbox 3739 5226 3815 5282; x_wconf 72' lang='grc' dir='ltr'><strong>καὶ</strong></span> 
     </span>
    </p>
   </div>
   <div class='ocr_carea' id='block_1_114' title="bbox 2241 5324 3812 5402">
    <p class='ocr_par' dir='ltr' id='par_1_114' title="bbox 2241 5324 3812 5402">
     <span class='ocr_line' id='line_1_114' title="bbox 2241 5324 3812 5402; baseline -0.007 -17"><span class='ocrx_word' id='word_1_802' title='bbox 2241 5331 2630 5402; x_wconf 82' lang='grc' dir='ltr'>εὐπαράγωγον</span> <span class='ocrx_word' id='word_1_803' title='bbox 2687 5329 2747 5382; x_wconf 83' lang='grc' dir='ltr'><strong>τό</strong></span> <span class='ocrx_word' id='word_1_804' title='bbox 2795 5329 2901 5384; x_wconf 87' lang='grc' dir='ltr'>τῶν</span> <span class='ocrx_word' id='word_1_805' title='bbox 2952 5326 3224 5397; x_wconf 85' lang='grc' dir='ltr'>γυναικῶν</span> <span class='ocrx_word' id='word_1_806' title='bbox 3278 5327 3468 5397; x_wconf 83' lang='grc' dir='ltr'><strong>γένος.</strong></span> <span class='ocrx_word' id='word_1_807' title='bbox 3535 5324 3641 5382; x_wconf 85' lang='lat' dir='ltr'><strong>Sed</strong></span> <span class='ocrx_word' id='word_1_808' title='bbox 3706 5332 3812 5375; x_wconf 88' lang='lat' dir='ltr'><strong>cum</strong></span> 
     </span>
    </p>
   </div>
   <div class='ocr_carea' id='block_1_115' title="bbox 2241 5410 3820 5490">
    <p class='ocr_par' dir='ltr' id='par_1_115' title="bbox 2241 5410 3820 5490">
     <span class='ocr_line' id='line_1_115' title="bbox 2241 5410 3820 5490; baseline -0.006 -12"><span class='ocrx_word' id='word_1_809' title='bbox 2241 5423 2546 5480; x_wconf 81' lang='lat' dir='ltr'><strong>Alexander</strong></span> <span class='ocrx_word' id='word_1_810' title='bbox 2583 5423 2687 5478; x_wconf 91' lang='lat' dir='ltr'><strong>hoc</strong></span> <span class='ocrx_word' id='word_1_811' title='bbox 2719 5423 2839 5476; x_wconf 91' lang='lat' dir='ltr'><strong>loco</strong></span> <span class='ocrx_word' id='word_1_812' title='bbox 2866 5421 3152 5478; x_wconf 89' lang='lat' dir='ltr'><strong>mulierum</strong></span> <span class='ocrx_word' id='word_1_813' title='bbox 3185 5434 3375 5490; x_wconf 87' lang='lat' dir='ltr'><strong>opera</strong></span> <span class='ocrx_word' id='word_1_814' title='bbox 3408 5419 3714 5477; x_wconf 87' lang='lat' dir='ltr'><strong>Ecclesiam</strong></span> <span class='ocrx_word' id='word_1_815' title='bbox 3761 5410 3820 5466; x_wconf 61' lang='lat' dir='ltr'><strong>ait</strong></span> 
     </span>
    </p>
   </div>
   <div class='ocr_carea' id='block_1_116' title="bbox 2243 5506 3819 5588">
    <p class='ocr_par' dir='ltr' id='par_1_116' title="bbox 2243 5506 3819 5588">
     <span class='ocr_line' id='line_1_116' title="bbox 2243 5506 3819 5588; baseline -0.004 -15"><span class='ocrx_word' id='word_1_816' title='bbox 2243 5517 2371 5573; x_wconf 87' lang='lat' dir='ltr'><strong>Ario</strong></span> <span class='ocrx_word' id='word_1_817' title='bbox 2397 5515 2598 5574; x_wconf 87' lang='lat' dir='ltr'><strong>scribat</strong></span> <span class='ocrx_word' id='word_1_818' title='bbox 2618 5523 2998 5585; x_wconf 79' lang='lat' dir='ltr'><strong>oppugnatam,</strong></span> <span class='ocrx_word' id='word_1_819' title='bbox 3033 5512 3384 5571; x_wconf 82' lang='lat' dir='ltr'><strong>dubitaverit</strong></span> <span class='ocrx_word' id='word_1_820' title='bbox 3411 5516 3545 5588; x_wconf 87' lang='lat' dir='ltr'><strong>quis</strong></span> <span class='ocrx_word' id='word_1_821' title='bbox 3581 5507 3721 5567; x_wconf 85' lang='lat' dir='ltr'><strong>haud</strong></span> <span class='ocrx_word' id='word_1_822' title='bbox 3747 5506 3819 5567; x_wconf 65' lang='lat' dir='ltr'><strong>iﬂ‘</strong></span> 
     </span>
    </p>
   </div>
  </div>
