3980 6318
263 281 363 338 :33

1708 267 2005 325 NOTITIA.

3398 260 3497 317 651

252 398 421 469 jnria,
464 390 623 451 num'
650 389 908 452 seductas
941 392 1063 448 illas
1120 399 1172 447 et
1216 389 1393 445 fatuas
1451 389 1710 459 virgines,
1759 405 1826 442 an
1857 394 1901 449 Α
1929 402 2080 457 aeque
2101 387 2414 449 obscurum,
2468 385 2694 454 parique
2744 377 3171 469 investigatione
3217 378 3498 469 inquinati--

255 490 404 543 aliud
438 490 620 559 potius
674 486 997 541 feminarum
1033 499 1203 556 genus
1234 484 1317 537 vir
1371 489 1595 536 sanctus
1626 481 1829 535 intelli-

259 592 400 652 gat:
452 596 591 651 quas
645 580 864 649 quidem
906 580 1021 647 ipse
1077 575 1414 631 mulierculas
1469 575 1728 643 impuras,
1783 573 1829 628 si

253 674 433 744 Anglo
462 672 749 743 interpreti
778 671 1050 725 credimus
1076 708 1090 733 ,
1125 677 1179 723 et
1225 668 1451 723 tenellas
1513 665 1831 719 meretricu-

255 768 335 821 las
388 774 590 820 vocat:
640 764 734 819 sed
768 778 957 818 vereor
986 762 1247 833 profecto,
1288 775 1354 813 ne
1393 758 1483 812 ille
1539 754 1830 811 Alexandri

259 865 500 912 mentem
534 871 597 909 ac
643 856 808 910 verba
856 854 1021 908 nimis
1082 852 1434 906 inclementer
1476 847 1826 917 expresserit.

255 950 406 1015 Quas
450 949 596 1003 enim
650 949 880 1016 impuras
912 946 1003 999 ille
1038 944 1219 1007 vertit,
1274 940 1601 1012 γυναικάρια
1622 940 1830 992 ἄτακτα

256 1040 569 1094 Alexander
620 1054 753 1095 voce
792 1054 819 1090 a
856 1037 917 1091 Ι).
952 1036 1121 1090 Paulo
1165 1040 1411 1088 mutuata
1460 1032 1712 1102 appellat.
1754 1028 1831 1083 Ita

257 1132 403 1186 enim
450 1129 747 1200 Apostolus
794 1126 859 1181 II
889 1125 1128 1181 Thessal.
1183 1140 1265 1187 ιιι,
1302 1124 1357 1187 6,
1414 1130 1597 1177 monet
1643 1130 1701 1175 ut
1730 1138 1831 1177 nos

257 1223 649 1279 subtrahamus
676 1220 784 1276 ἀπὸ
829 1219 1029 1282 παντὸς
1054 1216 1281 1286 ἀδελφοῦ
1328 1215 1575 1277 ἀτάκτως
1604 1231 1833 1284 περιπα-

255 1314 498 1378 τοῦντος,
533 1313 598 1367 ab
648 1313 790 1366 omni
821 1312 988 1381 fratre
1026 1311 1323 1363 inordinate
1372 1306 1692 1360 ambulante.
1729 1303 1831 1359 Ubi

254 1409 474 1479 egregie
519 1406 841 1461 scholiastes
867 1401 1088 1457 Graecus
1121 1421 1134 1456 :
1172 1400 1439 1463 Ἀτακτός
1469 1402 1615 1451 ἐστιν
1646 1400 1673 1449 ὁ
1710 1397 1831 1465 δίχα

253 1499 466 1563 τάξεως
514 1497 741 1551 καὶτῶν
787 1494 879 1548 τοῦ
935 1493 1070 1546 Θεοῦ
1102 1494 1279 1563 νόμων
1308 1489 1643 1563 περιπατῶν.
1677 1488 1831 1554 Quod

254 1591 512 1660 equidem
556 1590 636 1643 sic
666 1586 1075 1657 explicaverim,
1137 1582 1371 1637 ἄτακτον
1416 1583 1530 1637 sive
1564 1581 1833 1635 inordina-

256 1699 364 1737 tum
398 1685 534 1747 dici,
568 1684 661 1753 qui
709 1697 821 1737 sua:
874 1680 1178 1736 vocationis
1229 1678 1474 1733 ordinem
1519 1678 1772 1747 legesque
1801 1690 1830 1728 a

255 1775 364 1830 Deo
396 1775 715 1843 propositas
735 1787 844 1826 non
893 1770 1151 1825 observat
1186 1786 1199 1822 :
1233 1771 1321 1823 cui
1378 1769 1578 1839 impuri
1632 1783 1830 1821 nomen

253 1866 475 1935 proprie
522 1864 871 1919 tribuendum
932 1861 1077 1917 haud
1120 1870 1272 1933 puto.
1314 1860 1664 1916 Mulierculas
1701 1876 1832 1916 vero

249 1956 504 2025 impuras
539 1972 720 2021 nemo,
752 1955 936 2018 credo,
974 1954 1264 2025 intelliget,
1299 1954 1402 2009 nisi
1436 1969 1556 2023 quae
1587 1953 1834 2023 volupta-

252 2055 368 2101 tum
400 2062 467 2102 ac
505 2046 793 2102 libidinum
822 2060 980 2101 cteno
1012 2046 1301 2110 immersae,
1335 2044 1537 2099 foedam
1585 2046 1832 2115 corporis

251 2139 337 2194 sui
372 2140 587 2209 copiam
648 2138 769 2193 aliis
838 2136 1067 2192 faciunt.
1100 2137 1235 2192 lllnd
1284 2152 1413 2192 vero
1465 2136 1686 2207 gravius
1723 2143 1829 2200 est,

256 2247 394 2302 quas
432 2230 745 2286 Alexander
776 2230 897 2285 loco
938 2231 1187 2301 superius
1220 2246 1249 2285 a
1278 2230 1434 2285 nobis
1482 2230 1665 2295 allato,
1702 2229 1834 2284 sim-

254 2325 475 2394 pliciter
503 2322 773 2393 νεωτέρας
799 2329 979 2386 vocat,
1017 2321 1231 2376 tenellas
1262 2320 1621 2375 meretriculas
1675 2318 1829 2374 verti.

254 2414 415 2481 Quod
445 2413 679 2469 Romani
709 2415 945 2470 editores
995 2414 1101 2469 hoc
1150 2414 1270 2469 loco
1316 2414 1728 2483 interpolantes,
1758 2421 1832 2465 te-

256 2508 426 2561 nellas
444 2506 758 2576 juvenculas
781 2507 1186 2563 substituerunt
1220 2523 1232 2558 :
1268 2506 1590 2562 clementius
1613 2503 1831 2571 quidem

255 2600 415 2663 illud,
453 2601 551 2655 sed
582 2599 768 2655 nescio
799 2608 981 2655 tamen
1014 2615 1083 2654 an
1114 2600 1248 2655 satis
1278 2600 1344 2654 ad
1371 2597 1662 2653 Alexandri
1682 2612 1830 2651 men-

256 2699 389 2746 tem.
426 2688 605 2758 Quam
663 2697 722 2743 ut
770 2689 983 2760 planius
1037 2691 1359 2762 pleniusque
1412 2691 1828 2762 perspiciamus,

254 2782 544 2852 copiosius
578 2783 823 2837 nonnihil
857 2783 1212 2838 differendum
1246 2785 1350 2840 erit
1403 2783 1470 2840 de
1510 2783 1830 2838 mulieribus

258 2870 369 2926 illis
424 2887 551 2941 quae
572 2872 800 2944 gradum
853 2882 946 2928 aut
968 2875 1212 2929 ordinem
1262 2882 1356 2928 aut
1390 2871 1677 2929 ministerii
1723 2872 1833 2928 ofﬁ-

256 2964 407 3017 cium
436 2965 491 3019 in
521 2963 765 3021 Ecclesia
795 2965 924 3020 olim
972 2966 1324 3022 obtinuerunt
1356 2982 1367 3016 :
1411 2981 1639 3036 quarum
1672 2967 1829 3036 origi-

254 3072 385 3110 nem
416 3072 481 3111 ex
510 3058 688 3113 sacris
742 3058 938 3113 litteris
968 3075 1076 3113 una
1117 3058 1414 3129 eademque
1434 3075 1596 3129 opera
1657 3058 1827 3113 dedu-
1853 3099 1896 3155 α

252 3156 403 3203 ctam
431 3149 847 3218 explicabimus.
900 3148 965 3203 Et
1015 3150 1147 3204 mihi
1193 3149 1411 3220 quidem
1459 3159 1605 3204 recte
1634 3154 1698 3204 ad
1725 3151 1827 3204 tria

252 3254 457 3309 genera
509 3239 759 3293 revocari
796 3239 1068 3294 videntur.
1126 3240 1369 3306 Quorum
1413 3239 1671 3310 dignitate
1717 3243 1829 3311 pri-

254 3346 403 3385 mum
438 3338 525 3386 est
554 3332 819 3402 virginum
849 3331 1178 3396 institutum,
1234 3347 1343 3387 non
1393 3331 1508 3385 beri
1544 3340 1637 3385 aut
1670 3332 1830 3389 hodie

253 3422 656 3486 introductum,
709 3433 768 3477 ut
812 3423 1049 3478 haeretici
1108 3425 1282 3479 nostri
1339 3426 1597 3495 temporis
1654 3426 1830 3494 impu-

252 3516 449 3571 denter
506 3516 671 3571 simul
720 3524 774 3571 et
809 3516 1056 3586 imperite
1084 3516 1389 3571 afﬁrmant:
1420 3517 1514 3573 sed
1564 3533 1668 3571 una
1704 3533 1828 3571 cum

255 3612 502 3666 Ecclesia
535 3618 744 3672 natum,
787 3610 1055 3664 autetiam
1088 3608 1328 3664 Ecclesia
1363 3608 1484 3678 ipsa
1513 3609 1825 3679 antiquius:

253 3704 457 3773 quippe
478 3700 642 3770 cujus
670 3702 911 3771 exempla
936 3707 1028 3753 aut
1053 3699 1311 3770 praeludia
1344 3699 1397 3753 in
1423 3700 1589 3754 veteri
1614 3715 1831 3769 quoque

254 3795 465 3850 findere
513 3792 885 3863 agnoscimus.
948 3790 1206 3857 Quamvis
1266 3790 1435 3845 multo
1496 3790 1829 3859 splendidior

253 3890 372 3958 ejus
405 3886 584 3959 gloria
616 3886 671 3939 in
700 3900 841 3939 novo
895 3884 1209 3940 refulserit:
1245 3884 1335 3938 ubi
1372 3881 1609 3953 Virginis
1636 3882 1825 3948 Filius,

255 3980 517 4034 Ecclesia:
572 3984 735 4031 castae
771 3975 997 4048 virginis
1040 3991 1311 4045 sponsus,
1361 3974 1727 4045 virginitatem
1776 3984 1830 4030 et

253 4074 507 4129 doctrina
533 4081 585 4127 et
607 4070 855 4140 exemplo
902 4084 1003 4124 suo
1048 4069 1338 4140 gloriosius
1372 4069 1711 4124 consecravit
1737 4085 1750 4120 :
1775 4078 1829 4124 et

254 4165 555 4235 Apostolus
587 4161 713 4233 περὶ
750 4162 1033 4231 ῐσαγγέλου
1056 4160 1335 4224 πολιτείας
1356 4177 1513 4217 suum
1539 4161 1827 4217 consilium

256 4258 467 4328 prolixe
494 4252 799 4309 Corinthiis
833 4252 888 4306 in
924 4249 1226 4321 [Epistola,
1258 4265 1380 4321 cap.
1425 4265 1524 4315 vn,
1555 4251 1824 4320 exposuit.

266 4348 653 4420 Virginitatem
680 4343 876 4399 deinde
919 4344 1166 4413 sequitur
1213 4343 1489 4406 viduatus,
1525 4350 1581 4395 ut
1614 4342 1828 4397 Tertul-

1932 480 2060 533 dum
2092 478 2322 533 videtur.
2351 476 2410 531 D.
2439 475 2804 546 Hieronymus
2842 470 3073 542 epistola
3114 468 3181 523 ad
3221 468 3498 523 Salvinam

1932 568 2010 623 De
2038 569 2289 622 viduitate
2309 566 2587 631 servanda,
2636 566 2783 618 hunc
2823 560 3070 631 Apostoli
3118 560 3299 615 locum
3328 560 3502 629 expli-

1931 674 2086 721 cans,
2119 658 2186 713 de
2215 658 2441 727 collegio
2465 657 2569 721 vel,
2610 666 2669 709 ut
2727 666 2874 708 nunc
2917 650 3212 719 loquimur,
3262 650 3501 720 hospitio

1931 748 2215 803 viduarum
2246 748 2465 816 accipit,
2501 762 2620 816 qua:
2652 745 2881 815 publicis
2910 745 3164 800 Ecclesiae
3194 742 3503 811 sumptibus

1932 842 2214 895 alebantur
2252 839 2446 903 :Illas,
2476 840 2672 909 inquit,
2722 839 2830 891 vult
2884 837 3134 892 Ecclesiae
3174 835 3357 904 opibus
3382 850 3504 887 sus-

1934 932 2145 993 tentari,
2191 947 2308 1000 qua:
2340 933 2565 999 propriis
2596 930 2836 983 manibus
2869 947 2972 984 non
3000 938 3190 999 queunt
3211 926 3454 981 laborare
3481 941 3502 979 :

1931 1039 2046 1091 qua:
2068 1038 2179 1076 vere
2228 1021 2401 1075 vidua:
2428 1033 2570 1085 sunt,
2602 1040 2731 1093 quas
2760 1034 2809 1077 et
2846 1033 2977 1078 tetas
3031 1022 3217 1090 probat
3262 1031 3313 1075 et
3369 1021 3496 1074 vita.

1934 1114 2041 1170 Sed
2073 1130 2261 1171 vereor
2286 1123 2344 1169 ut
2383 1116 2629 1186 Apostoli
2686 1131 2841 1172 mens
2892 1118 2957 1171 ad
2990 1117 3161 1171 solam
3195 1117 3336 1170 hanc
3366 1132 3501 1187 pau-

1933 1224 2119 1279 perum
2177 1216 2231 1263 et
2259 1216 2417 1263 aetate
2471 1209 2841 1264 confectarum
2896 1209 3182 1264 viduarum
3219 1218 3499 1265 sustenta-

1932 1303 2133 1357 tionem
2185 1304 2439 1374 restringi
2468 1306 2659 1374 possit.
2706 1303 2841 1359 Nam
2877 1306 3183 1360 ministerio
3242 1304 3502 1360 Ecclesia:

1931 1397 2225 1453 virtutibus
2247 1405 2299 1452 et
2322 1407 2479 1452 astate
2511 1399 2765 1468 probatas
2813 1398 2936 1469 eligi
2973 1399 3283 1469 prazficique
3311 1400 3501 1455 solitas

1932 1489 2015 1543 vel
2038 1489 2169 1542 illud
2197 1497 2515 1561 argumento
2550 1498 2653 1553 est,
2681 1491 2824 1560 quod
2871 1478 3062 1546 viduas
3114 1491 3234 1545 illas
3265 1491 3498 1560 primum

1932 1582 2141 1636 discere
2166 1582 2320 1651 jubet
2350 1583 2662 1652 Apostolus,
2701 1582 2795 1653 qui
2818 1583 3089 1653 propriam
3120 1584 3341 1637 domum
3363 1582 3500 1636 bene

1932 1683 2121 1745 regant
2154 1695 2166 1728 :
2198 1676 2631 1730 Μανθανέτωσαν
2684 1677 2917 1748 πρῶτον,
2962 1677 3137 1747 inquit
3177 1717 3189 1738 ,
3230 1675 3321 1728 τὸν
3372 1675 3501 1729 ῐδιον

1934 1764 2079 1821 οἷκον
2113 1768 2372 1824 εὐσεϐεῖν.
2409 1769 2648 1824 Similem
2684 1771 2827 1825 enim
2865 1772 3062 1840 publici
3097 1771 3339 1826 muneris
3374 1768 3503 1840 πρό-

1936 1877 2130 1932 πειραν
2158 1861 2212 1914 in
2234 1862 2490 1931 episcopo
2524 1863 2681 1933 paulo
2711 1872 2833 1917 ante
2862 1862 3037 1917 eidem
3076 1860 3359 1917 Timotheo
3389 1868 3503 1914 tra-

1935 1952 2035 2015 dit,
2069 1959 2269 2006 rectam
2303 1953 2511 2008 scilicet
2540 1953 2762 2023 privata:
2782 1954 2998 2008 familiae
3026 1953 3498 2024 gubernationem.

1937 2046 2041 2102 Sed
2065 2046 2196 2117 quid
2231 2045 2553 2101 circuitione
2578 2062 2715 2116 opus
2745 2055 2849 2111 est,
2886 2061 3014 2100 cum
3053 2057 3105 2101 et
3124 2047 3335 2117 privata
3368 2060 3500 2099 san-

1934 2149 2145 2196 ctorum
2176 2140 2416 2205 Patrum,
2451 2150 2503 2196 et
2533 2141 2746 2210 publica
2778 2140 3135 2195 conciliorum
3176 2140 3501 2195 auctoritate

1934 2230 2338 2303 ἁναντιρρήτως
2362 2231 2645 2285 evincatur
2691 2231 2881 2286 viduas
2908 2232 2996 2286 hic
3019 2233 3087 2284 ab
3132 2231 3392 2301 Apostolo
3416 2230 3501 2284 in-

1933 2323 2101 2394 telligi
2164 2325 2417 2379 mulieres
2472 2324 2593 2379 illas
2656 2337 2793 2393 quas
2848 2338 2878 2375 a
2928 2322 3272 2377 ministrandi
3326 2323 3501 2378 ofﬁcio

1932 2416 2105 2471 ϐιωρί
2146 2416 2445 2481 διακόνους,
2506 2415 2684 2469 Latini
2745 2415 2907 2469 etiam
2964 2416 3277 2481 ministras,
3342 2422 3399 2468 ut
3432 2430 3501 2469 ex

1933 2507 2092 2562 Plinii
2115 2506 2359 2563 Junioris
2396 2508 2600 2562 celebri
2646 2508 2735 2561 illa
2770 2508 2837 2563 de
2888 2506 3214 2562 Christianis
3268 2506 3500 2576 epistola

1931 2607 2164 2662 constat,
2197 2608 2250 2655 et
2271 2600 2609 2655 diaconissas
2636 2600 3012 2670 appellarunt?
3039 2598 3115 2654 De
3144 2599 3342 2669 quibus
3365 2598 3504 2671 Apo-

1932 2693 2103 2748 stolus
2125 2692 2367 2747 disertim
2399 2699 2541 2757 ante,
2583 2693 2675 2747 sed
2705 2693 2895 2761 paucis
2942 2692 3262 2747 meminerat
3290 2708 3409 2761 cap.
3441 2707 3499 2745 ιιι

1930 2784 2171 2853 ejusdem
2200 2783 2471 2853 Epistolze.
2507 2782 2640 2837 Nam
2686 2784 2778 2838 ubi
2812 2784 2877 2839 de
2929 2783 3175 2839 diaconis
3205 2784 3502 2855 probandis

1931 2875 2401 2946 suscipiendisque
2422 2877 2553 2945 agit,
2605 2876 2883 2945 subjungit
2922 2884 3015 2928 aut
3046 2874 3363 2945 interjungit
3411 2889 3502 2943 po-

1930 2969 2057 3033 tius,
2082 2969 2351 3031 Γυναῖκας
2367 2967 2626 3030 ὡσαύτως
2650 2967 2872 3037 σεμνάς,
2904 2975 3034 3028 etc.,
3056 2967 3295 3019 mulieres
3316 2965 3502 3018 simili-

1932 3075 2010 3117 ter
2033 3062 2395 3131 pudicas,etc.;
2414 3062 2700 3123 Γυναῖκας,
2722 3060 2896 3130 inquit
2913 3058 3135 3113 Graecus
3151 3058 3495 3121 scholiastes,

1930 3158 1989 3209 οὐ
2018 3158 2115 3220 τὰς
2135 3157 2472 3227 οἱασδήποτε,
2501 3155 2633 3209 ἀλλὰ
2650 3155 2747 3217 τὰς
2778 3154 3074 3217 διακόνους
3096 3150 3218 3206 Non
3245 3169 3502 3223 quascun-

1931 3260 2047 3313 que,
2080 3244 2278 3313 inquit,
2306 3244 2546 3297 mulieres
2578 3243 2845 3312 iutelligit,
2889 3241 2977 3296 sed
3007 3242 3357 3296 diaconissas.
3389 3241 3500 3296 Cur

1933 3332 2239 3387 eniminter
2263 3333 2491 3387 clericos
2523 3334 2838 3400 quarumvis
2894 3333 2960 3387 de
3001 3333 3160 3403 vulgo
3207 3333 3498 3386 mulierum

1931 3426 2257 3480 mentionem
2286 3426 2574 3497 injiceret?
2605 3423 2791 3494 Neque
2838 3426 2996 3479 aliter
3029 3424 3092 3479 D.
3138 3424 3498 3496 Hieronymus

1933 3519 1987 3571 in
2016 3518 2320 3574 Comment.
2376 3519 2442 3573 ad
2470 3514 2619 3572 hunc
2648 3520 2846 3572 locum.
2892 3518 3161 3581 Mulieres,
3200 3518 3397 3589 inquit,
3425 3519 3501 3572 si-

1933 3611 2128 3665 militer
2145 3620 2202 3664 ut
2225 3611 2471 3664 diacones
2495 3610 2618 3680 eligi
2650 3610 2818 3678 jubet.
2849 3609 2996 3664 Unde
3026 3610 3335 3680 intelligitur
3361 3611 3499 3680 quod

1932 3700 1994 3755 de
2019 3701 2099 3754 his
2133 3701 2277 3755 dicat
2309 3718 2438 3771 quas
2464 3700 2633 3755 adhuc
2662 3701 2813 3756 hodie
2832 3703 2885 3754 in
2924 3700 3133 3757 Oriente
3165 3700 3497 3756 diaconissas

1933 3794 2219 3863 appellant.
2252 3794 2484 3863 Apparet
2507 3810 2635 3863 ergo
2656 3794 2916 3847 διακόνων
2945 3808 3140 3847 nomen
3162 3833 3176 3857 ,
3213 3793 3501 3863 utriusque

1933 3900 2096 3939 sexus
2120 3886 2368 3955 personis
2392 3885 2646 3940 Ecclesia}
2674 3886 3112 3941 ministrantibus
3145 3886 3199 3939 in
3224 3886 3325 3942 hoc
3353 3886 3499 3956 Apo-

1930 3978 2054 4033 stoli
2093 3978 2211 4033 loco
2233 3994 2354 4033 esse
2382 3992 2668 4033 commune
2702 3993 2714 4029 :
2748 3977 2893 4047 quod
2922 3978 2977 4031 in
3005 3978 3280 4041 διακόνους
3311 3986 3364 4033 et
3386 3978 3501 4031 δια-

1931 4070 2183 4133 κονίσσας
2205 4080 2388 4140 postea
2432 4069 2750 4125 distinctum
2801 4072 2916 4124 luit.
2970 4070 3139 4125 Hasce
3171 4079 3350 4125 autem
3381 4071 3499 4125 dia-

1931 4164 2199 4228 conissas,
2231 4162 2517 4217 viduarum
2568 4180 2785 4234 quoque
2826 4163 3047 4219 nomine
3071 4179 3099 4216 a
3132 4162 3192 4216 D.
3219 4162 3387 4216 Paulo
3415 4163 3498 4218 in-

1932 4256 2096 4326 Ielligi
2151 4263 2383 4310 testatur
2439 4255 2579 4310 idem
2639 4256 3019 4327 Hieronymus,
3072 4254 3164 4324 qui
3219 4254 3285 4309 ad
3334 4255 3497 4308 verba

1931 4346 2176 4415 Apostoli
2210 4346 2276 4401 de
2295 4347 2469 4401 viduae
2491 4348 2774 4410 electione,
2806 4346 2885 4400 sic
2918 4352 3103 4399 notat:
3136 4344 3287 4399 Tales
3336 4345 3497 4398 voluit

259 4443 381 4497 liani
413 4454 553 4495 voce
586 4445 730 4501 utar,
756 4437 869 4491 sive
889 4437 1022 4491 ordo
1053 4434 1360 4500 viduarum,
1397 4450 1515 4504 quae
1568 4443 1687 4505 post
1721 4436 1832 4505 pri-
1862 4452 1905 4507 ι)
1932 4440 2056 4509 eligi
2091 4439 2417 4493 diaconissas
2480 4456 2595 4509 quia
2657 4438 2895 4494 omnibus
2950 4447 3119 4491 essent
3177 4438 3491 4507 exemplum.

258 4548 374 4586 mas
407 4530 653 4600 nuptias,
696 4528 829 4591 sive,
861 4534 918 4581 ut
963 4527 1103 4582 idem
1155 4525 1522 4581 Tertullianns
1570 4527 1824 4596 loquitur,

257 4631 378 4697 post
406 4636 580 4677 unum
618 4618 1023 4672 matrimonium
1053 4619 1432 4687 interceptum,
1457 4618 1652 4671 exinde
1674 4618 1827 4672 sexui

256 4724 311 4768 et
335 4713 539 4769 saeculo
601 4712 1007 4766 renuntiabant.
1066 4709 1141 4766 De
1200 4710 1282 4765 bis
1311 4726 1527 4780 quoque
1583 4710 1829 4780 Apostoli

258 4814 588 4877 praeceptum
616 4810 793 4857 exstat
821 4802 887 4856 ad
920 4788 1261 4856 Timotheum
1297 4803 1463 4872 priori
1487 4802 1655 4872 Epist.
1701 4818 1822 4872 cap.

255 4916 315 4965 ι’,
340 4916 388 4953 v.
422 4899 497 4953 9;
550 4895 720 4948 Vidua
769 4896 997 4964 eligatur
1028 4912 1129 4947 non
1165 4895 1339 4948 minus
1368 4910 1625 4947 annorum
1673 4909 1829 4947 sexa-

255 4992 422 5061 ginta.
457 4988 580 5054 Quo
611 4988 729 5041 loco
777 4986 1068 5056 Apostolus
1093 4993 1145 5040 ct
1188 4986 1418 5039 virtutes
1448 4985 1500 5039 in
1545 4985 1706 5039 vidua
1740 5000 1827 5039 re-

256 5084 492 5154 quisitas
531 5088 800 5144 recenset,
829 5086 881 5134 et
911 5087 1125 5133 aetatem
1159 5089 1414 5150 praeterea
1445 5078 1707 5151 eligendae
1738 5079 1829 5133 de-

258 5176 396 5231 fluit.
439 5174 549 5230 Sed
581 5174 670 5229 cui
698 5173 814 5237 fini,
844 5173 931 5228 cui
963 5172 1133 5242 operi,
1186 5173 1272 5227 cui
1319 5172 1621 5228 ministerio
1657 5172 1824 5243 elige-

258 5268 451 5321 batur?
481 5264 816 5322 Scholiastes
839 5263 1082 5329 Graecus,
1118 5265 1209 5335 qui
1240 5266 1293 5318 in
1339 5264 1459 5319 aliis
1507 5278 1731 5319 succum
1772 5271 1826 5318 et

260 5359 529 5413 medullas
581 5356 682 5412 SS.
739 5356 962 5411 Patrum
997 5356 1251 5411 exhibere
1284 5357 1442 5419 solet,
1489 5356 1686 5411 dubius
1724 5356 1827 5410 hie-

259 5468 381 5507 rere
408 5450 625 5506 videtur
651 5468 662 5503 :
694 5450 828 5503 Φασὶ
847 5449 1016 5513 δὲτὰς
1043 5450 1120 5512 εἰς
1151 5448 1211 5501 τὸ
1235 5449 1460 5519 χηρικόν
1488 5449 1826 5519 τεταγμένας

260 5544 458 5611 λέγειν·
485 5542 669 5606 Aiunt,
706 5542 901 5611 inquit,
937 5540 1245 5610 Apostolum
1293 5541 1433 5610 loqui
1484 5541 1546 5595 de
1580 5542 1684 5595 illis
1709 5557 1825 5611 qua:

260 5636 331 5687 ad
360 5634 663 5688 viduitatem
697 5633 953 5687 ordinata:
974 5640 1143 5687 erant.

333 5723 439 5784 Sed
463 5726 593 5797 quid
623 5725 737 5796 ipse
759 5724 1077 5783 scholiastes
1106 5740 1199 5795 per
1222 5727 1285 5781 τὸ
1313 5724 1531 5796 χηρικόν
1563 5724 1825 5796 intelligat

1933 4529 2187 4585 Testatur
2210 4542 2263 4585 et
2290 4531 2623 4601 Epiphanius
2648 4532 2701 4585 in
2736 4531 3229 4602 Collyridianorum
3263 4530 3451 4586 haeresi
3475 4571 3488 4594 ,

1930 4636 2047 4691 cap.
2090 4622 2143 4686 4,
2171 4622 2263 4676 ubi
2292 4623 2688 4678 observandum
2722 4631 2924 4686 monet,
2955 4623 3016 4676 τὸ
3046 4622 3491 4695 ἐκκλησιαστικὸν

1929 4714 2139 4784 τάγμα,
2191 4712 2424 4767 ordinem
2468 4713 2914 4779 ecclesiasticum,
2961 4729 3071 4769 non
3128 4714 3268 4767 ultra
3319 4713 3496 4768 diaco~

1931 4809 2111 4862 nissas
2141 4805 2387 4873 extendi;
2416 4805 2619 4859 addens
2642 4826 2652 4858 :
2674 4807 2860 4877 Χήρας
2882 4822 2940 4857 τε
2961 4805 3231 4875 ὠνόμασε,
3256 4806 3348 4858 καὶ
3375 4807 3465 4859 τού
3485 4836 3497 4847 -

1930 4913 2035 4949 των
2083 4896 2183 4959 τὰς
2235 4895 2311 4948 ἔτι
2358 4896 2660 4967 γραοτέρας
2704 4894 3104 4967 πρεσϐύτιδας,
3169 4896 3402 4966 οὐδαμοῦ
3440 4898 3496 4950 δὲ

1931 4986 2354 5058 πρεσϐυτερίδας
2390 4988 2421 5059 ἢ
2462 4987 2722 5058 ἱερίσσας.
2783 4987 2951 5052 Quas,
2986 4986 3184 5057 inquit,
3208 4986 3492 5053 Apostolus

1930 5079 2089 5132 etiam
2121 5079 2303 5133 viduas
2334 5080 2632 5149 appellavit,
2662 5096 2942 5150 earumque
2968 5088 3122 5133 letale
3148 5080 3493 5151 provectiores

1932 5170 2291 5241 πρεσϐύτιδας
2322 5168 2461 5242 [sive
2494 5168 2770 5241 seniores],
2798 5187 3055 5241 nusquam
3078 5181 3252 5225 autem
3276 5169 3493 5239 presby-
3544 5200 3568 5243 ί

1932 5248 2127 5318 teridas
2153 5263 2229 5317 vel
2257 5262 2657 5318 sacerdotissas.
2684 5261 2802 5328 Quo
2826 5264 2931 5318 telo
2950 5262 3347 5334 Collyridianas
3371 5261 3499 5333 Epi-
3550 5248 3554 5252 δ

1932 5356 2164 5425 phanius
2212 5355 2443 5425 jugulat,
2487 5370 2607 5425 qua:
2650 5356 2766 5410 suis
2798 5356 2901 5412 sibi
2931 5356 3139 5411 maritis
3169 5356 3494 5426 conjunctae,

1930 5448 2034 5503 hoc
2081 5457 2183 5512 est,
2218 5446 2441 5517 ἕνγαμοι
2472 5447 2566 5501 καὶ
2592 5447 2870 5520 ὖπανδροι,
2905 5447 3165 5504 efferendi
3206 5463 3406 5504 munus
3442 5448 3495 5502 in

1931 5541 2176 5596 Ecclesia
2206 5540 2369 5610 impie
2399 5540 2501 5596 sibi
2537 5540 2884 5612 arrogahant.
2911 5540 3046 5595 Cum
3077 5540 3371 5610 Apostolus
3416 5543 3497 5593 ul-

1932 5642 2015 5685 tra
2051 5632 2416 5696 diaconatum,
2461 5630 2707 5687 altiorem
2734 5630 2959 5701 gradum
2987 5630 3202 5687 feminis
3235 5631 3289 5685 in
3322 5630 3497 5686 Eccle-

1930 5722 2011 5779 sia
2032 5738 2138 5778 non
2179 5723 2530 5788 concesserit,
2589 5739 2821 5793 eumque
2876 5739 2985 5779 non
3045 5720 3367 5795 conjugatis,
3401 5720 3492 5778 sed
