3980 6318
556 284 664 341 555

1613 275 1670 329 S.
1713 271 2128 327 ALEXANDER
2169 265 2727 323 ALEXANDRINUS.
3586 280 3708 334 .533

556 401 740 457 viduis
763 398 992 455 voluerit
1020 388 1278 449 conferri.
1309 392 1426 458 Quo
1473 391 1590 446 loco
1628 388 1960 459 Epiphanius
2007 385 2114 440 olli-
2144 391 2186 443 A
2216 381 2548 452 virginitatis.
2609 378 2779 432 Pudet
2811 379 3002 440 dicere,
3035 378 3224 448 inquit,
3244 381 3365 448 proh
3385 385 3546 454 nefas!
3569 395 3706 461 triste,

562 495 710 549 cium
735 487 1166 545 diaconissarum
1218 483 1520 537 luculenter
1538 479 1817 540 describit,
1855 479 1932 531 uti
1963 479 2124 532 etiam

563 588 617 640 in
653 582 992 654 Expositione
1014 577 1135 647 ﬁdei
1157 575 1453 636 catholicae,
1487 587 1647 642 quam
1683 571 1832 640 operi
1866 569 2126 624 adversus

564 678 800 731 haereses
831 671 1128 740 subiunxit.
1164 667 1267 722 Ubi
1321 675 1376 721 et
1405 666 1509 720 hoc
1551 663 1787 726 additur,
1823 677 1886 715 ex
1913 678 2019 730 quo
2046 677 2129 731 ge-

561 783 694 822 nere
725 764 831 834 legi
859 770 914 819 et
946 764 1003 817 in
1032 760 1286 814 Ecclesiae
1327 756 1686 810 ministerium
1721 752 1964 822 adoptari
1995 767 2129 806 con-

564 858 884 919 sueverint:
940 853 1294 913 Diaconissw,
1362 849 1558 917 inquit,
1622 845 1756 898 hunc
1811 854 2016 897 tantum
2074 844 2130 895 in

563 971 717 1009 usum
744 951 1157 1010 constituuntur,
1182 954 1240 998 ut
1271 941 1574 996 mulieribus
1598 939 1800 994 decoris
1816 947 1866 992 et
1885 939 2130 992 honesta-

509 1079 518 1109 ι
564 1050 630 1101 tis
660 1061 822 1100 causa
853 1041 1178 1101 inserviant,
1221 1035 1310 1088 ubi
1340 1035 1393 1087 id
1425 1021 1708 1087 necessitas
1745 1031 1981 1101 requirit.
2015 1029 2135 1085 Sive

563 1156 680 1194 cum
719 1136 967 1206 baptismi
1010 1133 1220 1186 lavacro
1258 1125 1554 1187 initiandaz,
1590 1124 1696 1176 sive
1732 1138 1918 1191 corpus
1949 1138 2131 1175 earum

560 1229 939 1300 inspiciendum
972 1227 1037 1278 sit
1063 1241 1079 1279 :
1104 1224 1198 1276 xu".
1231 1215 1387 1274 αὗται
1425 1219 1481 1271 δέ
1518 1218 1814 1289 μονόγαμοι
1834 1217 2132 1285 ἐγκρατευ-

564 1321 819 1391 σὰμεναιο
850 1326 1070 1384 suntque
1100 1314 1228 1374 illm,
1268 1311 1464 1380 inquit,
1495 1309 1714 1362 univira:
1761 1306 2131 1359 continentiam

563 1412 816 1480 professa:
831 1427 849 1473 ;
865 1409 897 1480 ἦ
916 1407 1249 1479 χηρεύσασαι
1268 1403 1375 1457 ἀπὸ
1397 1401 1753 1473 μονογαμίας,
1776 1399 1852 1453 vel
1871 1409 1986 1466 post
2001 1415 2133 1451 unas

571 1503 781 1566 nuptias
812 1500 1014 1562 vidum;
1039 1499 1072 1568 ἢ
1114 1495 1479 1568 ἁειπάροενοι,
1507 1493 1585 1546 vel
1611 1502 1868 1562 perpetua:
1889 1492 2129 1560 virgines.

573 1593 676 1649 Ubi
701 1594 804 1646 tria
825 1597 1176 1646 recensentur
1193 1584 1686 1642 sanctimonialium
1710 1597 1926 1652 genera,
1941 1597 2004 1636 ex
2022 1581 2137 1651 qui-

572 1686 676 1742 bus
695 1681 1124 1739 diaconissarum
1148 1676 1283 1732 ordo
1310 1675 1596 1729 constabat
1621 1692 1634 1725 :
1667 1673 1868 1742 primm,
1900 1671 2135 1739 virgines

2225 473 2313 528 sed
2341 488 2514 527 verum
2543 481 2640 525 est.
2679 469 2825 523 Unde
2870 471 2919 522 in
2963 469 3223 523 Ecclesias
3257 485 3566 543 agapetarum
3583 457 3743 550 pestis!

2225 569 2474 623 introiit?
2509 565 2654 619 Unde
2698 564 2808 617 sine
2858 564 3053 628 nuptiis
3103 564 3242 616 aliud
3289 585 3458 622 nomen
3493 579 3713 632 uxorum!

2225 664 2330 714 imo
2357 661 2494 712 unde
2537 674 2719 711 novum
2749 655 3161 710 concubinarum
3201 663 3393 727 genus?
3429 660 3558 717 Unde
3586 683 3716 720 mere-

2229 754 2381 806 trices
2416 750 2679 805 univirw?
2731 747 2926 800 Eadem
2959 747 3135 811 domo,
3193 766 3291 802 uno
3350 752 3583 816 cubiculo,
3608 773 3720 827 saepe

2228 862 2330 898 uno
2371 851 2608 896 tenentur
2635 847 2683 892 et
2703 838 2915 902 lectulo,
2945 848 2993 893 et
3034 840 3343 906 suspiciosos
3373 858 3457 895 nos
3485 855 3659 909 vocant,
3683 849 3719 900 si

2229 934 2427 1005 aliquid
2463 933 2790 986 extimemus.

2298 1026 2458 1080 Ridet
2504 1033 2559 1080 et
2605 1025 2946 1094 Cyprianus,
2988 1024 3076 1078 vel
3121 1024 3362 1093 quisquis
3406 1041 3585 1095 suppar
3618 1043 3722 1082 sane

2229 1118 2496 1188 Cypriano
2513 1125 2700 1170 auctor
2713 1125 2792 1171 est
2825 1116 2946 1170 libri
2968 1113 3040 1168 De
3070 1116 3424 1184 singularitate
3443 1118 3721 1172 clericorum.

2233 1208 2300 1261 Et
2330 1207 2519 1270 adhuc,
2552 1207 2744 1276 inquit,
2775 1205 2839 1259 de
2866 1204 3124 1258 charitate
3150 1213 3446 1268 causantur,
3470 1207 3547 1274 qui
3578 1223 3724 1259 secun-

2235 1301 2359 1355 dum
2387 1301 2595 1356 verbum
2627 1300 2806 1363 Isaiae,
2840 1299 3246 1351 amaritudinem
3275 1314 3364 1366 pro
3392 1298 3630 1352 dulcedine
3652 1299 3725 1352 de-

2234 1403 2492 1460 corantes,
2544 1393 2739 1446 nudam
2778 1390 3066 1460 fwditatem
3094 1391 3373 1443 velamento
3410 1389 3518 1442 boni
3544 1392 3731 1443 nominis

2236 1488 2410 1554 tegunt
2441 1501 2458 1538 :
2487 1485 2610 1538 dum
2639 1483 2778 1552 apud
2799 1500 2885 1536 eos
2913 1480 3006 1535 sub
3039 1480 3182 1548 falsa
3229 1478 3490 1532 dilectione
3531 1495 3632 1532 vera
3663 1481 3729 1530 di-

2239 1583 2388 1635 lectio
2417 1581 2662 1635 violatur.
2700 1579 2884 1648 Neque
2909 1578 3137 1632 dilectas
3169 1582 3394 1636 tantum,
3430 1574 3517 1628 sed
3534 1580 3580 1627 et
3609 1588 3734 1626 soro-

2238 1689 2326 1729 res
2355 1674 2649 1743 appellatas
2684 1680 2897 1726 constat
2928 1685 2992 1724 ex
3041 1667 3308 1739 Ancyrani
3338 1665 3539 1719 concilii
3567 1678 3733 1717 canone

575 1781 695 1834 sine
724 1773 1068 1830 matrimonio
1108 1786 1138 1823 a
1181 1769 1479 1830 nativitate;
1513 1766 1784 1824 secundae,
1821 1765 2056 1833 virgines
2084 1765 2135 1817 in

2253 1764 2329 1826 l8.
2358 1732 2516 1828 cuius
2539 1765 2650 1818 haec
2685 1771 2812 1818 sunt
2852 1761 3013 1816 verba
3041 1781 3052 1815 :
3082 1732 3194 1822 Td;
3214 1756 3584 1827 συνερχομένας
3621 1770 3737 1824 παρ-

574 1867 920 1923 matrimonio
940 1882 1006 1919 ex
1024 1877 1290 1919 consensu
1309 1861 1388 1914 vel
1404 1859 1684 1921 condicto;
1709 1857 1923 1910 tertium
1945 1872 2137 1926 genus,

571 1961 750 2016 vidua:
779 1958 1118 2013 continentes
1141 1961 1264 2024 post
1290 1953 1524 2022 primum
1544 1947 1946 2004 matrimonium
1970 1962 2032 2000 ex
2053 1961 2143 1999 ar-

575 2055 767 2108 bitrio:
790 2058 851 2105 ut
884 2049 1250 2105 Tertullianus
1274 2047 1328 2100 in
1345 2044 1721 2098 Exhortatione
1754 2041 2012 2094 castitatis
2035 2039 2142 2094 ele-

571 2157 763 2220 ganter
780 2145 1086 2214 distinguit,
1103 2153 1155 2196 et
1168 2141 1558 2195 Tertullianum
1577 2145 1794 2190 secutus
1808 2131 1866 2187 D.
1883 2131 2143 2201 Hierony-

574 2256 698 2294 mus
731 2240 785 2291 in
815 2238 1040 2306 epistola
1067 2238 1132 2290 ad
1155 2233 1514 2306 Agerucbiam
1545 2230 1619 2283 De
1653 2226 2001 2296 monogamia.
2033 2222 2141 2278 Ve-

577 2347 722 2396 rum,
739 2339 797 2383 ut
811 2329 1075 2398 principio
1093 2328 1224 2390 dixi,
1241 2341 1361 2380 cum
1379 2323 1611 2377 maxima
1625 2319 1786 2388 hujus
1797 2317 2006 2373 ordinis
2017 2329 2143 2386 pars

577 2438 640 2476 ex
671 2422 850 2474 viduis
883 2428 1174 2480 constaret,
1210 2418 1386 2472 viduae
1403 2424 1456 2469 et
1476 2413 1798 2468 diaconissae
1832 2410 2143 2480 promiscuo

581 2515 752 2569 ierme
783 2514 1003 2568 nomine
1045 2511 1264 2566 fuerunt
1298 2509 1595 2578 appellatae.
1647 2505 1725 2559 Ita
1763 2503 1994 2559 Basilius
2025 2501 2140 2554 Ma-

577 2619 722 2676 gnus
752 2605 806 2658 in
837 2603 1068 2672 epistola
1099 2600 1361 2656 canonica
1418 2597 1482 2651 ad
1530 2595 1987 2666 Amphilochium,
2020 2607 2140 2660 cap.

579 2695 651 2749 ει
685 2714 698 2749 :
740 2693 963 2748 Viduam
985 2709 1102 2764 qua:
1131 2693 1183 2744 in
1206 2690 1483 2744 viduarum
1520 2701 1791 2740 numerum
1846 2686 2016 2736 relata
2041 2691 2141 2746 est,

581 2789 685 2842 hoc
703 2798 804 2850 est,
829 2804 944 2856 qua:
972 2787 1036 2839 ab
1063 2785 1299 2838 Ecclesia
1325 2785 1376 2836 in
1411 2781 1746 2835 diaconatum
1781 2785 2019 2844 suscepta
2045 2785 2143 2838 est,

581 2880 781 2933 censuit
825 2877 1105 2946 Apostolus
1155 2875 1428 2928 nubentem
1483 2873 1696 2938 despici.
1739 2868 1843 2922 Sed
1901 2866 2143 2921 omnium

583 2969 888 3023 clarissime
911 2966 1130 3020 concilii
1159 2963 1496 3036 Epaonensis
1523 2976 1698 3015 canon
1730 2959 2023 3013 vicesimus
2044 2956 2148 3024 pri-

585 3077 708 3114 mus
727 3059 973 3115 ordinem
1004 3059 1146 3113 hunc
1165 3059 1222 3113 in
1247 3057 1486 3112 Ecclesia
1505 3055 1772 3122 abrogans
1802 3069 1814 3106 :
1857 3048 2146 3103 Viduarum
2175 3087 2218 3143 ε

584 3155 780 3223 inquit,
846 3151 1309 3210 consecrationem,
1350 3164 1481 3218 quas
1534 3147 1783 3198 diaconos
1831 3151 2038 3202 vocant,
2083 3137 2146 3190 ab

585 3246 727 3299 omni
777 3245 981 3314 regione
1031 3253 1213 3298 nostra
1249 3240 1452 3308 penitus
1498 3236 1833 3304 abrogamus.
1891 3228 2150 3296 Quamvis

581 3337 695 3406 jam
727 3344 854 3390 ante
879 3335 1281 3389 Arausionense
1338 3330 1571 3400 primum
1624 3325 1940 3386 sustulerat,
1992 3321 2148 3389 cujus

587 3427 912 3482 sententiam
947 3433 1139 3495 praeter
1168 3423 1502 3492 Epaoncnse,
1559 3418 1722 3471 etiam
1761 3413 2150 3468 Aurelianense

588 3520 888 3577 secundum
920 3517 1281 3572 conﬁrmavit.
1307 3512 1564 3580 Quamvis
1597 3526 1662 3565 ex
1693 3507 1872 3563 verbis
1924 3505 1985 3558 ι).
2034 3503 2155 3556 Ilie-

587 3611 802 3683 ronymi
839 3611 1001 3680 paulo
1043 3618 1168 3662 ante
1214 3607 1414 3668 allatis,
1479 3605 1532 3658 in
1559 3602 1750 3656 Latina
1792 3597 2030 3654 Ecclesia
2068 3595 2152 3649 vel

591 3717 868 3770 nunquam
893 3709 1189 3769 receptum,
1221 3699 1304 3753 vel
1327 3699 1442 3769 jam
1488 3693 1788 3750 exolevisse
1817 3691 1962 3744 hunc
2011 3686 2154 3742 ordi-

591 3811 715 3850 nem
741 3801 1016 3864 appareat.

667 3885 928 3955 Superest
954 3883 1172 3938 tertium
1225 3881 1513 3936 mulierum
1545 3875 2037 3931 ecclesiasticarum
2063 3887 2156 3941 ge.

593 3993 721 4041 nus,
758 3991 869 4031 non
901 3975 1178 4046 publicum
1227 3972 1377 4035 illud,
1409 3969 1504 4026 sed
1551 3969 1842 4038 privatum,
1894 3967 1940 4020 si
1973 3971 2154 4017 tamen

595 4069 1027 4125 ecclesiasticum
1057 4067 1164 4122 dici
1215 4066 1298 4120 las
1347 4065 1418 4119 sit
1456 4079 1627 4134 genus
1669 4060 1979 4121 mulierum,
2009 4056 2154 4126 quod

594 4162 686 4216 ille
715 4161 780 4216 de
801 4159 1200 4215 mathematicis
1227 4159 1322 4220 ait,
1343 4156 1566 4213 vetitum
1593 4167 1804 4222 semper
1836 4151 1888 4204 in
1916 4148 2158 4203 Ecclesia

596 4269 915 4324 semperque
938 4259 1225 4307 retentum.
1258 4250 1460 4314 Genus,
1485 4251 1726 4318 inquam,
1761 4245 2065 4304 mulierum,
2101 4249 2159 4293 ut

597 4341 797 4409 reipsa,
838 4341 911 4394 ita
951 4349 1006 4395 et
1041 4340 1258 4394 nomine
1315 4339 1604 4401 incertum,
1637 4334 1844 4390 varium
1878 4347 1940 4385 ac
1971 4330 2156 4384 multi-

2242 1856 2425 1920 θένους
2455 1857 2612 1920 τισὶν,
2647 1856 2721 1917 ὡς
2754 1853 2985 1921 ἀδελφὰς
3015 1851 3386 1921 ἐκωλύσαμεν·
3442 1847 3647 1917 Virgines
3676 1863 3738 1900 so-

2243 1965 2421 2001 rorum
2476 1949 2644 2000 instar
2673 1945 2983 2015 quibusdam
3030 1940 3384 1996 cohabitantes
3438 1937 3735 2007 prohibemus.

2242 2039 2534 2094 Testantur
2583 2038 2745 2092 etiam
2803 2038 3156 2105 imperatores
3213 2031 3472 2086 Arcadius
3511 2039 3559 2085 et
3592 2029 3737 2085 lieno-

2240 2138 2359 2192 rius
2381 2138 2482 2207 leg.
2519 2137 2604 2201 l9,
2637 2135 2757 2189 cod.
2782 2134 2854 2189 De
2881 2134 3133 2202 episcopis
3163 2141 3211 2186 et
3242 2131 3460 2184 clericis.
3515 2131 3650 2190 Eum,
3675 2130 3739 2182 in-

2243 2229 2379 2299 quit,
2408 2228 2496 2297 qui
2523 2226 2840 2296 probabilem
2877 2224 3071 2280 swculo
3122 2223 3451 2292 disciplinam
3475 2223 3593 2291 agit,
3622 2221 3740 2272 deco-

2245 2321 2410 2374 lorari
2431 2320 2696 2373 consortio
2745 2317 2962 2372 sororia:
2990 2315 3358 2384 appellationis
3383 2330 3478 2367 non
3502 2312 3643 2365 decet.
3661 2309 3742 2364 Sed

2243 2410 2582 2480 frequentius
2636 2417 2719 2464 est
2765 2406 3153 2469 συνεισάκτων,
3211 2405 3324 2460 sive
3373 2400 3747 2458 subintroducta-

2243 2518 2364 2556 rum
2394 2515 2611 2564 nomen,
2643 2513 2750 2568 quo
2807 2498 3180 2551 Antiochenos
3211 2495 3360 2548 Pauli
3406 2491 3746 2547 Samosateusis

2246 2603 2299 2650 et
2315 2595 2446 2649 cleri
2479 2594 2625 2648 illius
2673 2600 2928 2662 agapetas
2957 2591 3072 2650 sive
3117 2589 3346 2644 dilectas
3388 2585 3748 2642 contubernales

2245 2702 2470 2742 vocasse
2501 2725 2515 2748 ,
2578 2692 2742 2739 testes
2797 2688 2926 2737 sunt
2975 2681 3303 2736 Antioclieni
3352 2678 3556 2735 concilii
3601 2675 3749 2729 Patres

2247 2779 2387 2850 θυιιά
2409 2777 2630 2838 Ειιδθὶισ.
2663 2777 2757 2830 lib.
2795 2791 2890 2838 VII,
2945 2789 3065 2843 cap.
3096 2773 3202 2829 24:
3241 2773 3380 2827 unde
3419 2785 3568 2841 porro
3585 2770 3631 2823 in
3657 2765 3750 2820 uni-

2247 2888 2405 2927 versa
2435 2870 2678 2925 Ecclesia
2696 2876 2972 2937 receptum
2999 2866 3240 2920 videtur.
3283 2864 3387 2919 Sed
3429 2871 3678 2930 antequam
3701 2873 3752 2911 ex

2249 2967 2351 3018 hoc
2379 2962 2700 3017 diverticulo
2722 2961 2776 3014 in
2805 2961 2948 3014 viam
2985 2959 3226 3022 redeam,
3267 2957 3495 3012 nominis
3524 2954 3754 3024 pariterac

2248 3055 2327 3109 rei
2352 3054 2613 3122 originem
2647 3051 2890 3121 pressius
2910 3050 3243 3120 investigare
3268 3050 3417 3110 libet,
3447 3061 3561 3100 cum
3575 3051 3756 3110 utraque

2248 3147 2402 3216 juxta
2434 3147 2484 3199 in
2523 3146 2758 3200 obscuro
2813 3147 2918 3200 sita
2965 3147 3056 3200 sit.
3129 3144 3198 3198 Et
3250 3144 3531 3198 Balsamon
3585 3137 3758 3208 quidem

2250 3237 2637 3292 commentario
2678 3238 2743 3292 ad
2788 3237 2821 3290 5
2852 3237 3072 3292 concilii
3124 3236 3334 3291 Nic-aeni
3372 3246 3634 3293 canonem,
3657 3225 3760 3298 Περὶ

2255 3329 2434 3400 μέντοι
2452 3329 2559 3381 τῶν
2582 3329 2966 3400 συνεισάκτων,
2998 3329 3200 3399 inquit,
3234 3327 3390 3397 λόγος
3417 3324 3572 3385 πολὺς
3592 3319 3764 3389 ἐγένετο

2251 3420 2392 3474 κατὰ
2413 3421 2696 3492 διαερόρους
2724 3419 2962 3491 καιρούς·
3003 3419 3078 3472 De
3127 3415 3558 3476 subintroductis,
3587 3408 3764 3465 diversis

2253 3513 2566 3580 temporibus
2601 3515 2784 3568 crebra
2827 3513 2970 3582 facta
3012 3521 3088 3566 est
3133 3512 3358 3575 mentio,
3403 3516 3454 3565 et
3492 3507 3575 3562 alii
3594 3501 3767 3576 quidem

2253 3603 2504 3658 dixerunt
2525 3603 2842 3656 ἐπείσακτον
2881 3603 2964 3657 vel
3003 3602 3362 3656 συνείσακτον
3394 3614 3512 3656 esse
3548 3596 3637 3666 τὴν
3677 3590 3768 3645 ἀντὶ

2253 3698 2482 3765 νομίμου
2528 3697 2780 3764 γυναικὸς
2832 3693 3273 3763 συνεισαχθεῖσαν
3337 3692 3429 3745 καὶ
3472 3681 3768 3742 συνοικοῦσάν

2252 3802 2357 3836 τινι
2391 3784 2680 3855 πορνικῶς,
2710 3800 2822 3854 qua:
2855 3785 3095 3854 legitimae
3119 3785 3308 3837 uxoris
3334 3785 3446 3837 loco
3475 3774 3772 3833 introducitur

2254 3883 2302 3927 et
2334 3875 2624 3928 meretricio
2665 3873 3001 3927 contubernio
3052 3873 3219 3927 alicui
3250 3873 3536 3928 cohabitat.
3566 3866 3659 3922 Alii
3699 3878 3772 3916 au—

2255 3974 2362 4021 tem
2382 3968 2454 4020 ita
2485 3967 2666 4022 vocari
2696 3967 2969 4030 dixerunt,
3002 3967 3182 4020 πᾶσαν
3215 3969 3452 4036 γυναῖκα.
3479 3954 3773 4015 συνοικοῦσάν

2256 4071 2360 4104 τινι
2389 4053 2673 4123 ἀλλοτρίαν
2701 4055 2932 4117 πάντως,
2955 4054 3057 4107 κᾶν
3085 4053 3396 4118 ἀνύποπτος
3421 4056 3550 4116 ἐστι,
3572 4044 3776 4121 quamvis

2257 4142 2537 4195 mulierem
2577 4143 2738 4196 alicui
2765 4143 3164 4196 cobabitantem
3187 4184 3202 4206 ,
3237 4143 3468 4196 omnino
3492 4149 3776 4198 cxtraneam,

2259 4235 2372 4286 sive
2407 4235 2556 4288 nullo
2590 4235 2870 4305 sanguinis
2897 4243 2988 4287 aut
3012 4235 3440 4290 necessitudinis
3474 4228 3778 4298 vinculojun-

2259 4331 2435 4387 ctam,
2491 4325 2704 4380 etiamsi
2747 4325 2816 4379 ab
2865 4325 3013 4379 omni
3063 4327 3382 4396 suspicione
3429 4327 3499 4381 sit
3548 4318 3776 4378 immunis.

595 4431 739 4500 plex.
793 4430 1222 4487 Contubernales
1263 4430 1369 4484 ίιιω
1410 4430 1769 4490 clericorum,
1803 4439 1980 4494 neque
2027 4422 2155 4476 tecti
2187 4429 2231 4483 D
2259 4415 2435 4486 Atque
2476 4419 2614 4470 hanc
2654 4418 3012 4486 posteriorem
3067 4421 3398 4472 sententiam
3439 4419 3516 4472 uti
3558 4414 3782 4470 veriorem

595 4523 881 4589 duntaxat,
907 4525 1000 4579 sed
1039 4525 1238 4593 saepius
1272 4525 1433 4578 etiam
1481 4521 1606 4575 lecti
1656 4519 1835 4575 sociae.
1861 4517 2007 4584 Quas
2043 4514 2158 4584 qui-

595 4614 718 4670 dem
747 4616 849 4686 ipsi
885 4624 1139 4687 agapetas
1169 4617 1281 4670 sive
1319 4615 1569 4669 dilectas.
1601 4621 1654 4667 et
1681 4626 1895 4666 sorores
1927 4627 1942 4666 :
1975 4607 2156 4662 caeteri

599 4711 976 4774 συνεισάκτους
1005 4711 1084 4764 vel
1115 4709 1486 4770 ἐπεισάκτους,
1514 4701 2158 4761 hoccstsubintroductas

596 4810 653 4859 et
712 4817 1022 4862 extraneas.
1085 4802 1444 4872 appellabant.
1507 4795 1827 4867 Huiusmodi
1901 4793 2159 4848 mulieres

599 4904 779 4958 omnis
825 4898 1036 4954 ordinis
1069 4897 1252 4950 clerici
1296 4895 1407 4964 jam
1459 4892 1586 4945 olim
1614 4892 1667 4944 in
1713 4889 1855 4942 aedes
1897 4887 2156 4955 recipere,

521 4983 526 4986 ’
600 5011 800 5066 easque
863 4992 948 5048 vel
1001 4985 1241 5059 vii-gines
1302 4984 1715 5041 sanctimoniam
1769 4979 2042 5050 professas
2095 4979 2159 5033 ad

602 5095 810 5147 mutua,
837 5097 894 5138 ut
923 5083 1156 5144 aiebant,
1187 5079 1398 5150 pietatis
1430 5077 1644 5140 solatia,
1679 5075 1762 5128 vel
1792 5073 2016 5128 orbatas
2074 5088 2164 5141 pa-

600 5176 850 5230 rentibus
891 5175 1120 5246 puellas,
1166 5171 1500 5242 proindeque
1557 5169 1642 5239 pia
1677 5178 1728 5222 et
1761 5167 1952 5238 pudica
1984 5166 2163 5236 aliqua

603 5268 768 5322 tutela
808 5265 1088 5329 fovendas,
1125 5266 1209 5318 vel
1244 5263 1454 5333 privato
1491 5261 1707 5314 familia:
1735 5257 2040 5326 domusque
2069 5258 2164 5310 mi-

507 5385 515 5425 χ
602 5359 834 5415 uisterio
863 5357 1224 5419 necessarias.
1257 5355 1370 5409 sive
1425 5355 1688 5424 ingenuas
1709 5391 1723 5414 ,
1756 5351 1869 5404 sive
1913 5349 2160 5402 ancillas.

603 5455 717 5508 lloc
771 5462 1081 5521 suspectum
1116 5460 1168 5505 et
1198 5448 1507 5518 pudendum
1557 5443 2008 5506 contubernium,
2043 5455 2166 5510 spe-

603 5546 756 5600 cioso
806 5544 1112 5598 dilectionis
1157 5549 1210 5596 et
1266 5538 1639 5610 germanitatis
1691 5535 2018 5591 Christianae
2046 5533 2164 5588 velo

605 5637 952 5705 obtegebant.
1015 5634 1122 5689 Sed
1172 5633 1312 5688 ridet
1361 5632 1487 5686 vani
1521 5630 1761 5685 nominis
1797 5629 1979 5683 fucum
2009 5625 2166 5680 divus

607 5728 966 5797 Hieronymus
1012 5726 1241 5797 epistola
1277 5724 1342 5779 ad
1391 5723 1742 5780 Eustochium
1800 5721 1876 5774 De
1923 5717 2166 5776 custodia

2263 4509 2475 4578 probat,
2507 4508 2666 4577 idque
2683 4509 3010 4564 auctoritate
3042 4511 3292 4578 epistola:
3326 4511 3600 4566 canonica:
3628 4505 3681 4557 Ι).
3705 4500 3783 4554 Ba-

2265 4599 2370 4653 silii
2400 4596 2574 4668 Magni
2608 4598 2674 4652 ad
2726 4598 3044 4668 Gregorium
3093 4600 3499 4672 presbyterum,
3543 4608 3690 4666 quem
3716 4587 3783 4642 ille

2264 4692 2389 4746 licet
2418 4693 2754 4761 septuaginta
2783 4707 3048 4744 annorum
3066 4707 3249 4746 senem
3271 4689 3606 4761 ajuvencula
3634 4681 3785 4741 subin-

2264 4785 2534 4844 troducta,
2568 4783 2830 4838 intentata
2860 4784 3022 4836 etiam
3047 4780 3622 4838 excommunicationis
3638 4787 3783 4848 ptem.

2267 4877 2506 4945 separati
2534 4876 2794 4944 praecipit.
2840 4873 3007 4928 Multa
3059 4875 3112 4928 in
3171 4884 3469 4946 utramque
3511 4867 3787 4942 originatio-

2267 4985 2390 5024 nem
2410 4967 2587 5022 allerri
2612 4976 2828 5038 possent
2856 4967 2924 5022 de
2953 4968 3318 5031 ἐπεισάκτοις,
3351 4969 3467 5022 sive
3507 4957 3786 5020 introductis

2268 5063 2407 5131 apud
2433 5070 2638 5118 veteres
2667 5062 3005 5116 concubinis.
3043 5061 3116 5116 De
3135 5061 3338 5131 quibus
3371 5061 3538 5115 etiam
3583 5055 3788 5123 vulgatus

2270 5171 2439 5211 sacrm
2496 5154 2789 5225 Scriptura:
2838 5158 3106 5223 interpres
3144 5155 3237 5223 qui
3273 5140 3790 5222 superintroductionis

2273 5266 2400 5305 voce
2435 5250 2604 5303 utitur
2625 5247 2822 5304 Genes.
2851 5263 2997 5313 xxxi,
3033 5265 3081 5299 v.
3117 5247 3204 5302 50.
3246 5245 3420 5301 Multa
3457 5256 3662 5317 quoque
3691 5249 3794 5302 sup-

2272 5351 2512 5412 peterent
2561 5342 2806 5410 exempla
2858 5341 3187 5410 optimorum
3244 5339 3580 5398 auctorum,
3627 5328 3794 5401 quibus

2265 5435 2605 5497 ἐπείσακτον,
2655 5450 2753 5504 pro
2799 5441 3023 5488 externo
3065 5433 3147 5486 vel
3178 5431 3471 5503 peregrino
3515 5428 3795 5493 usurpatum

2271 5529 2465 5582 docere
2492 5528 2634 5582 haud
2660 5525 2874 5580 dillicile
2893 5525 3048 5591 foret,
3080 5526 3185 5578 nisi
3217 5522 3439 5592 longius
3465 5521 3572 5591 jam
3606 5523 3654 5570 et
3671 5519 3796 5566 extra

2271 5621 2417 5675 oleas
2449 5622 2804 5674 oberrassem.
2831 5616 2935 5672 Sed
2967 5629 3026 5672 ut
3067 5631 3240 5672 meam
3271 5616 3343 5670 de
3371 5612 3692 5668 ἐπεισάκτων
3710 5599 3799 5658 ori-

2273 5715 2394 5788 gine
2425 5713 2613 5784 paucis
2645 5713 2912 5782 explicem
2943 5710 3290 5776 sententiam,
3342 5706 3565 5761 tertium
3611 5704 3799 5771 ςυοιιιιθ
