3980 6318
225 310 330 369 537

1661 310 1959 365 NOTiTlA.

3343 315 3446 370 533

220 423 317 477 hoc
343 422 630 476 mulierum
662 422 777 476 sive
819 439 1069 479 sororum
1098 441 1268 495 genus
1301 423 1618 493 κακοζηλία,
1649 438 1782 490 qua-
1810 435 1851 485 Α
1879 418 2290 487 juvencularum
2317 417 2911 475 circumcursitationes
2946 421 3293 480 immodestas
3317 431 3446 480 Ale-

214 514 334 567 dam
378 513 612 582 apostoli
642 512 882 567 instit‘uti
917 516 972 569 in
1020 515 1314 571 Ecclesiam
1347 518 1428 569 vel
1471 516 1649 585 potius
1672 516 1781 568 cle-

218 607 454 658 ricorum
522 604 664 658 sedes
727 605 1019 675 irrepsisse
1097 614 1267 677 puto;
1334 623 1479 668 cum,
1549 612 1782 659 testante

214 690 276 747 Ι).
316 690 533 745 Paulo!
560 693 625 746 ad
652 692 898 747 Corinth.
916 711 991 757 ix,
1019 696 1073 757 5,
1100 696 1267 749 moris
1304 695 1461 748 fuerit
1485 694 1774 762 plerisque,

212 793 262 838 et
291 784 517 854 quidem
550 785 835 855 praecipuis
868 787 1255 853 apostolorum,
1285 786 1512 855 ἀδελφὴν
1544 787 1777 853 γυναῖκα

211 874 518 944 περιάγειν,
539 892 769 929 sororem
797 878 1161 931 mulierculam
1183 876 1585 931 circumducere.
1604 876 1774 941 Quem

212 966 390 1018 locum
424 976 650 1021 uxorata
682 967 1063 1023 haereticorum
1104 969 1406 1024 ministeria
1431 970 1773 1037 propudiosis

210 1057 325 1109 suis
368 1056 641 1126 coniugiis
697 1057 898 1113 frustra
931 1060 1251 1114 obtendunt.
1288 1059 1638 1113 Constantem
1678 1060 1773 1113 ad-

208 1162 401 1201 versus
438 1147 601 1201 hosce
660 1146 758 1201 SS.
796 1149 1013 1202 Patrum
1072 1150 1414 1210 sententiam,
1455 1147 1771 1203 Tertulliani

208 1236 385 1289 verbis
408 1237 786 1306 consignatam
808 1240 1069 1308 accipite:
1095 1237 1143 1290 Ν
1152 1256 1215 1291 on
1242 1254 1426 1291 uxores
1449 1240 1770 1292 demonstrat

205 1324 268 1379 ab
318 1328 578 1393 apostolis
612 1328 1018 1394 circumductus,
1062 1331 1150 1383 sed
1180 1331 1487 1397 simpliciter
1530 1332 1767 1383 mulieres

204 1432 315 1485 qua:
346 1417 459 1471 illis
488 1417 665 1472 eodem
687 1420 924 1473 instituto
945 1438 1043 1488 quo
1070 1430 1119 1475 et
1160 1421 1434 1474 Dominum
1463 1424 1767 1476 comitantes

206 1508 597 1564 ministrabant.
633 1507 723 1564 Sic
757 1510 845 1565 ille
902 1511 1039 1567 libro
1098 1512 1173 1565 De
1208 1515 1554 1583 monogamia.
1586 1513 1769 1584 Neque

204 1601 357 1653 aliter
397 1599 707 1670 Cyprianus
728 1600 824 1656 lib.
857 1601 932 1656 De
968 1604 1159 1673 singul.
1196 1605 1393 1667 cleric.,
1426 1605 1763 1671 Ambrosius,

201 1698 252 1742 et
300 1689 514 1745 Latinis
553 1689 805 1747 Patribus
867 1693 1224 1762 astipulanles
1278 1693 1484 1758 Graeci,
1537 1693 1769 1766 Chryso-

1884 508 2085 562 xander
2116 508 2217 561 hoc
2252 509 2370 561 loco
2405 507 2749 563 intellexerit.

1950 600 2281 655 Profcrimus
2309 614 2453 652 mine
2487 598 2713 667 gradum
2754 614 2877 652 cum
2903 600 3087 655 eodem
3116 604 3441 669 Alexandro,

1878 692 1969 760 qui
1999 690 2229 743 Arianos
2254 688 2471 743 concilii
2503 690 2829 742 auctoritate
2871 691 3157 747 damnatos
3184 694 3446 752 circuisse

1876 782 2082 835 vicinas
2142 781 2446 849 provincias
2510 787 2562 832 et
2623 779 3015 835 catholicorum
3065 785 3441 854 episcoporum

1876 875 2085 928 animos
2133 882 2371 927 tentasse
2414 870 2628 935 scribit,
2677 873 2914 942 σχήματι
2950 874 3048 941 μὲν
3091 877 3312 947 εἰρήνης
3350 880 3443 932 καὶ

1874 962 2113 1027 ὲνώσεως
2146 962 2364 1027 ἀξίωσιν
2395 965 2877 1035 ὑποκρινομένους.
2907 964 3060 1029 Quod
3103 982 3225 1020 cum
3274 968 3443 1023 inter-

1876 1072 1998 1124 pres
2048 1063 2231 1110 noster
2279 1065 2472 1119 vertat,
2525 1057 2690 1125 specie
2723 1055 2929 1124 quidem
2954 1058 3099 1124 pacis
3148 1068 3196 1111 et
3227 1075 3443 1113 concor-

1871 1146 1974 1197 dia:
2008 1144 2279 1205 simulata,
2328 1146 2527 1197 veniam
2568 1154 2736 1211 petere
2764 1160 2873 1211 pra:
2913 1162 2967 1199 se
2997 1147 3171 1214 ferre;
3205 1157 3441 1204 mentem

1870 1237 1989 1304 ejus
2038 1235 2456 1304 haudquaquam
2502 1252 2587 1288 me
2642 1235 2949 1304 perspicere
2994 1236 3198 1301 fateor,
3233 1241 3307 1293 uti
3339 1257 3441 1296 nec

1868 1328 2169 1381 Camerarii
2211 1327 2342 1379 illud
2372 1344 2382 1378 :
2417 1325 2638 1381 Consilii
2665 1329 2867 1397 quidem
2892 1333 3035 1395 pacis
3060 1340 3111 1383 et
3145 1332 3440 1386 concordia:

1868 1422 2035 1488 specie
2064 1420 2338 1472 simulata.
2369 1417 2600 1484 Quinam
2649 1420 2793 1475 enim
2825 1421 2983 1474 nobis
3013 1424 3435 1487 persuadebunt,

1866 1508 2090 1574 ἀξίωσιν
2122 1509 2205 1563 vel
2255 1508 2426 1563 veniat
2482 1509 2819 1577 petitionem,
2875 1511 2957 1563 vel
3022 1512 3310 1564 consilium
3345 1519 3439 1566 aut
3508 1570 3517 1579 ,

1868 1600 1968 1654 hoc
2003 1601 2119 1668 ipso
2164 1609 2254 1653 aut
2305 1601 2498 1668 quovis
2535 1601 2641 1655 alio
2688 1600 2828 1669 apud
2870 1599 3086 1655 Graecos
3142 1605 3439 1671 scriptores

1872 1692 1991 1745 loco
2046 1692 2399 1760 signiﬁcare?
2449 1691 2513 1744 Et
2564 1692 2611 1746 si
2667 1692 2751 1746 vel
2810 1693 3043 1747 maxime
3085 1694 3438 1763 signiﬁcaret,

202 1789 439 1844 stomun,
498 1780 878 1839 Theodoretus
911 1792 964 1838 et
1003 1784 1223 1840 Graecus
1274 1788 1623 1856 epistolarum
1649 1762 1768 1842 vdivi
1800 1762 1841 1815 Β
1869 1784 2087 1852 quinam
2112 1784 2165 1836 id
2195 1784 2278 1837 vel
2336 1785 2410 1837 rei
2446 1784 2547 1853 ipsi
2590 1784 2671 1838 vel
2700 1783 2989 1837 Alexandri
3039 1762 3203 1840 menti
3234 1800 3438 1841 conve-

200 1867 350 1924 Pauli
385 1871 717 1927 scholiastes
745 1888 1021 1942 nunquam
1055 1891 1152 1944 pro
1183 1877 1375 1929 merito
1393 1878 1525 1931 satis
1554 1877 1771 1930 laudau-

198 1962 319 2026 dus,
359 1963 496 2016 dum
548 1965 622 2016 ait
664 1983 677 2017 :
714 1965 779 2017 Ai
836 1965 1051 2038 εὔποροι
1106 1971 1361 2036 γυναῖκες
1418 1969 1766 2023 πιστεύουσαι

197 2052 527 2121 ἠκολούθουν
557 2054 718 2118 ἐνίοις
745 2053 855 2108 τῶν
882 2058 1211 2119 ἀποστόλων,
1239 2061 1317 2120 εἰς
1348 2060 1447 2122 τὰς
1466 2061 1766 2128 ἀναγκαίας

197 2144 374 2197 αὐτῶν
426 2143 616 2214 χρείας
665 2144 1018 2217 χορηγοῦσαι,
1054 2148 1128 2210 ὼς
1169 2149 1361 2211 αὐτοὺς
1404 2148 1585 2203 λοιπὸν
1608 2150 1765 2213 ὄντας

198 2237 318 2306 περὶ
336 2236 534 2288 τούτου
555 2237 909 2308 ἀμερίμνους,
930 2238 1075 2309 μόνῳ
1093 2239 1169 2308 τῷ
1191 2240 1503 2311 κηρύγματι
1526 2244 1766 2310 ἀπαοχοσι

196 2326 423 2380 λεῐσθαι.
469 2327 583 2382 Hoc
611 2338 715 2394 est,
750 2328 965 2383 ditiores
1010 2330 1251 2384 mulieres
1284 2331 1460 2397 ﬁdeles
1485 2331 1762 2385 nonnullos

196 2420 462 2487 apostolos
489 2422 855 2489 sequebantur,
882 2430 1115 2488 sumptus
1142 2422 1459 2474 necessarios
1480 2423 1604 2490 ipsis
1635 2422 1760 2475 sub-

197 2508 573 2571 ministrando,
606 2520 665 2562 ut
696 2510 776 2563 illi
799 2509 897 2562 hac
919 2526 1046 2563 cura
1092 2510 1337 2574 liberati,
1381 2512 1481 2564 soli
1504 2513 1764 2577 praedica-

199 2599 326 2649 tioni
354 2598 701 2653 attenderem.
749 2598 853 2655 Sed
887 2600 1031 2669 quod
1062 2600 1125 2652 ad
1172 2609 1416 2654 nostrum
1452 2602 1759 2657 institutum

198 2687 339 2752 facit,
372 2690 589 2745 habetis
618 2692 703 2745 hic
729 2691 1039 2762 religiosum
1072 2694 1387 2746 comitatum
1419 2733 1433 2757 ,
1464 2702 1516 2747 et
1547 2695 1761 2763 pietatis

198 2780 400 2845 glutine
461 2782 813 2851 conjunctum
873 2785 1330 2851 contubernium;
1381 2786 1589 2840 habetis
1635 2804 1759 2840 mu-

197 2869 353 2925 lieres
386 2888 497 2926 non
532 2888 767 2929 uxores:
807 2874 1015 2929 habetis
1056 2876 1322 2929 sororium
1355 2877 1454 2945 piae
1484 2879 1758 2946 germani-

193 2958 319 3014 tatis
358 2960 615 3026 titulum;
676 2961 889 3019 habetis
948 2964 1392 3019 circumducendi
1435 2968 1755 3021 vocabulum

1870 1874 1989 1928 nire
2042 1874 2275 1942 poterit?
2333 1874 2666 1943 Epiphanius
2710 1883 2866 1929 vetus
2918 1875 3207 1944 interpres,
3264 1879 3439 1946 ﬁgura

1864 1970 2008 2034 pacis
2026 1978 2073 2020 et
2104 1968 2325 2019 unitatis
2354 1967 2661 2037 dignitatem
2689 1984 2741 2020 se
2761 1983 2998 2021 exercere
3020 1970 3243 2037 ﬁngunt.
3290 1968 3436 2042 Sane

1867 2058 2085 2123 ἀξίωσιν
2114 2059 2427 2129 dignitatem
2468 2059 2777 2128 signiﬁcare
2804 2057 2998 2113 Suidas
3020 2060 3227 2129 aliquot
3252 2076 3438 2117 exerit-

1865 2152 1969 2219 plis
1997 2151 2155 2204 docet
2186 2168 2199 2202 :
2236 2150 2466 2219 etvulgo
2493 2149 2718 2209 Graecis.
2744 2151 2792 2202 oi
2815 2152 2902 2202 ἐπ’
2933 2151 3228 2217 ἀξιώσεως,
3261 2153 3353 2222 qui
3379 2154 3434 2207 in

1864 2242 2123 2310 dignitate
2151 2248 2277 2295 sunt
2307 2241 2609 2294 constituti.
2667 2239 2770 2294 Sed
2801 2243 2921 2310 quis
2953 2242 3233 2311 dignitatis
3273 2258 3431 2298 exer-

1864 2332 2048 2386 cendae
2079 2333 2229 2385 locus
2266 2331 2555 2387 erronibus
2611 2333 2731 2387 istis
2774 2334 2828 2385 in
2877 2334 3053 2387 aliena
3109 2336 3436 2403 provincia?

1864 2423 1978 2493 Ego
2007 2423 2231 2489 ἀξίωσιν
2262 2424 2365 2475 hoc
2396 2425 2517 2477 loco
2550 2423 2813 2495 βούλημα,
2846 2424 2978 2478 illud
3024 2425 3168 2494 quod
3200 2427 3433 2493 petimus

1864 2528 1927 2567 ac
1953 2515 2312 2583 postulamus,
2346 2530 2441 2569 seu
2466 2515 2623 2568 linem
2660 2522 2714 2569 et
2739 2531 2960 2585 scopum
2994 2532 3101 2586 quo
3127 2517 3295 2571 tendit
3330 2534 3428 2570 vo-

1862 2605 2062 2669 luntas,
2085 2620 2350 2673 quemque
2375 2605 2477 2659 sibi
2502 2605 2781 2673 obtingere
2810 2606 3105 2667 desiderat.
3146 2608 3428 2677 explicans

1861 2693 1988 2747 dum
2014 2701 2162 2759 puto,
2188 2711 2310 2748 cum
2344 2696 2562 2763 verbum
2583 2693 2767 2759 ἀξιοῦν
2785 2704 2965 2765 petere
2983 2712 3046 2750 ac
3075 2699 3351 2766 postulare
3372 2709 3432 2752 ut

1862 2784 2150 2852 plurimum
2181 2785 2468 2854 signiﬁcet.
2506 2786 2581 2838 lta
2637 2792 2696 2837 ut
2728 2784 2830 2837 loci
2862 2801 3056 2840 sensus
3090 2786 3179 2849 sit,
3205 2802 3432 2841 errones

1861 2875 1983 2929 illos
2033 2878 2181 2945 pacis
2234 2887 2287 2929 et
2344 2876 2563 2930 unionis
2617 2875 2798 2944 specie
2852 2876 3017 2929 animi
3058 2876 3141 2929 sui
3169 2886 3429 2941 mentem,

1859 2966 2095 3035 quidque
2118 2974 2299 3035 petant
2334 2982 2396 3019 ac
2428 2967 2773 3034 pertendant,
2806 2974 2880 3030 et,
2904 2977 2960 3019 ut
2986 2982 3107 3019 cum
3140 2969 3297 3034 vulgo
3346 2969 3427 3021 lo-

193 3051 562 3119 apostolorum
613 3054 880 3126 περιόδοις
928 3057 1358 3112 accommodum.
1407 3056 1506 3111 Cui
1543 3058 1597 3112 in
1654 3060 1756 3113 lixa
1784 3095 1826 3152 ρ
1859 3074 2116 3128 quamur,
2150 3059 2501 3112 intentionem
2540 3073 2694 3111 suam
2755 3058 3132 3122 dissimulare;
3170 3074 3292 3110 cum
3342 3076 3427 3113 re-

192 3150 451 3211 certaque
467 3144 788 3199 clericorum
814 3151 1238 3205 commoratione
1271 3152 1331 3203 τὸ
1384 3156 1752 3221 συνεισάγειν,

188 3234 290 3287 hoc
323 3241 411 3289 est
444 3251 549 3288 una
584 3252 767 3291 secum
804 3238 1150 3295 introducere
1182 3244 1266 3296 vel
1311 3245 1754 3300 contubernalem

190 3326 409 3390 habere,
432 3328 577 3381 haud
607 3330 745 3385 male
771 3335 1083 3401 respondet.
1110 3334 1245 3388 Nam
1279 3343 1333 3391 et
1367 3337 1470 3390 hoc
1502 3338 1754 3407 loquendi

187 3420 349 3473 modo
382 3419 577 3476 Patres
605 3422 683 3476 illi
727 3424 1048 3480 Antiocheni
1077 3429 1217 3497 apud
1278 3429 1567 3483 Eusebium
1591 3438 1754 3483 utun-

188 3516 294 3571 tur,
318 3510 446 3564 dum
502 3528 624 3567 sese
667 3513 809 3567 haud
853 3515 1103 3585 ignorare
1149 3518 1318 3580 aiunt,
1373 3519 1486 3571 ὅσοι
1520 3520 1623 3572 ὑπὸ
1658 3518 1749 3571 τοῦ

185 3601 531 3669 σονεισάγειν
558 3602 769 3666 ἑαυτοῖς
813 3609 1045 3673 γυναῖκα
1091 3607 1363 3672 ἐξέπεσον,
1400 3626 1556 3677 quam
1600 3610 1752 3662 multi

183 3691 489 3759 ceciderint,
539 3692 665 3746 dum
693 3694 935 3749 mulieres
983 3696 1083 3750 sibi
1129 3700 1465 3753 contubernio
1499 3701 1747 3770 jungunt.

182 3779 288 3839 Nec
321 3785 559 3840 absimili
600 3787 808 3842 ratione
857 3788 999 3842 idem
1030 3790 1322 3859 Apostolus
1365 3792 1432 3845 ad
1480 3792 1652 3846 Galat.
1689 3808 1747 3856 ιι,

181 3877 589 3947 παρεισάκτους
612 3878 1020 3947 ψευδαδέλφους,
1054 3880 1155 3935 hoc
1183 3890 1267 3936 est
1291 3882 1445 3951 juxta
1478 3884 1751 3953 vulgatum

182 3966 566 4037 interpretem,
625 3968 1048 4024 subintroductos
1098 3971 1263 4040 falsos
1328 3973 1519 4041 fratres
1592 3973 1746 4027 dixit.

183 4055 332 4113 Unde
365 4058 515 4111 haud
534 4058 696 4112 dubie
718 4061 773 4112 in
793 4057 984 4114 Latina
1012 4060 1251 4115 Ecclesia
1275 4061 1516 4125 inolevit,
1541 4077 1749 4113 συνεισ-

180 4148 378 4211 darton;
440 4163 660 4218 quoque
721 4156 774 4204 et
832 4150 1218 4216 ἐπεισάκτους,
1280 4151 1745 4216 subintroductas,

182 4254 347 4293 sacrm
385 4237 691 4306 Scriptura:
719 4255 849 4293 voce
869 4241 1148 4310 appellari,
1181 4256 1317 4309 quas
1358 4241 1747 4294 caintroductas

179 4332 254 4385 vel
287 4329 727 4398 superinductas,
758 4334 957 4387 rectius
982 4340 1284 4387 vocassent.
1319 4332 1420 4386 Sed
1443 4334 1600 4387 redeo
1628 4341 1750 4386 tan-

1860 3164 1986 3202 vera
2044 3150 2145 3201 hoc
2186 3149 2496 3211 moliantur,
2524 3154 2582 3200 ut
2615 3162 2709 3200 eos
2742 3147 2808 3199 ad
2840 3162 2978 3214 quos
3021 3145 3287 3199 accedunt
3341 3162 3426 3202 se-

1856 3239 2078 3299 ducant,
2120 3249 2172 3291 et
2212 3244 2263 3291 in
2286 3249 2463 3307 partes
2496 3254 2625 3292 suas
2654 3239 2987 3307 pertrabant.

1927 3328 2053 3383 lnde
2088 3339 2143 3382 ut
2164 3330 2363 3383 leviora
2385 3330 2630 3397 quaedam
2687 3340 3017 3398 praeteream,
3051 3328 3191 3382 inl‘ra
3219 3331 3424 3399 princi-

1855 3423 1944 3492 pio
1987 3420 2262 3490 Evangelii
2314 3419 2544 3474 Joannis
2598 3420 2748 3475 varie
2778 3421 3007 3475 Arianos
3064 3422 3283 3490 premit.
3317 3419 3423 3486 Qui

1854 3530 1979 3567 cum
2020 3513 2201 3567 omnia
2249 3529 2344 3583 per
2406 3511 2637 3566 Verbum
2694 3511 2835 3565 facta
2884 3510 3102 3576 dixerit,
3141 3514 3422 3581 subjungit

1853 3605 1967 3674 ipse
2002 3624 2015 3659 :
2054 3604 2116 3658 Si
2140 3621 2259 3674 ergo
2287 3605 2463 3658 omnia
2486 3619 2575 3671 per
2598 3605 2767 3670 ipsum
2814 3604 2957 3672 facta
2993 3615 3135 3667 sunt,
3162 3607 3423 3675 quomodo

1852 3696 1897 3749 is
1941 3696 2029 3765 qui
2058 3696 2297 3748 omnibus
2343 3694 2493 3747 rebus
2546 3694 2734 3746 creatis
2773 3694 3053 3747 essentiam
3098 3693 3277 3747 tribuit
3308 3695 3423 3763 ipse

1852 3795 2133 3864 aliquando
2165 3812 2267 3847 non
2300 3794 2455 3854 fuerit
2479 3796 2502 3847 7
2527 3792 2597 3844 Ob
2632 3792 2739 3861 γάρ
2760 3808 2875 3854 πως
2894 3792 2922 3843 ὁ
2951 3792 3119 3859 Λόγος
3150 3792 3210 3844 τὸ
3230 3792 3423 3846 ποιοῦν

1849 3890 1958 3949 τοῖς
1984 3885 2292 3957 γενομένοις
2340 3884 2437 3952 τῆς
2468 3883 2635 3952 αὐτῆς
2655 3876 2791 3933 εἶναι
2845 3880 3057 3949 φύσεως
3101 3880 3412 3950 διορίζεται.

1850 3976 1978 4039 Qum
2003 3975 2218 4043 quidem
2248 3974 2408 4026 verba
2431 3981 2482 4023 et
2517 3977 2670 4023 vetus
2707 3978 2761 4021 et
2794 3971 2918 4022 novi
2952 3969 3274 4038 interpretes
3300 3985 3418 4024 ver-

1851 4066 2014 4119 tendo
2051 4065 2131 4118 sic
2166 4072 2523 4134 pervertunt:
2576 4060 2744 4113 Nulla
2791 4062 2931 4113 enim
2991 4061 3128 4112 ratio
3182 4059 3310 4122 vult,
3356 4068 3416 4113 ut

1848 4155 1983 4226 quod
2034 4163 2175 4208 creat
2217 4153 2450 4215 eiusdem
2504 4152 2570 4205 sit
2622 4167 2740 4203 cum
2788 4150 2977 4203 creatis
3010 4158 3251 4213 naturai;
3284 4164 3413 4202 cum

1848 4250 1876 4300 ὁ
1901 4246 2071 4315 Λόγος
2096 4246 2510 4314 haudquaquam
2555 4243 2655 4295 hoc
2688 4243 2741 4295 in
2787 4241 2904 4295 loco
2946 4240 3011 4294 de
3040 4241 3252 4293 ratione
3280 4256 3412 4309 apo—

1848 4338 2066 4399 dictica,
2096 4337 2193 4392 sed
2225 4336 2291 4390 de
2317 4344 2520 4388 interno
2546 4333 2721 4387 Verbo
2742 4332 2913 4399 accipi
2950 4332 3172 4386 omnino
3194 4331 3408 4386 debeat.

176 4421 293 4474 dem
334 4421 485 4476 unde
520 4422 799 4491 digressus
822 4439 963 4477 sum.
1015 4424 1091 4477 Ex
1124 4424 1190 4479 iis
1219 4440 1338 4493 quae
1393 4424 1653 4479 hactenus
1682 4422 1749 4478 de
1780 4441 1823 4493 Ι)
1854 4428 2034 4495 Itaque
2064 4427 2381 4481 vertendum
2416 4464 2428 4477 .
2482 4422 2656 4491 Neque
2684 4422 2820 4474 enim
2861 4418 3081 4473 Verbum
3110 4419 3244 4489 quod
3267 4428 3413 4472 creat

176 4514 378 4580 triplici
441 4515 728 4568 mulierum
784 4531 977 4584 genere
1019 4516 1275 4579 disserui,
1306 4518 1437 4571 satis
1492 4526 1747 4572 constare

172 4604 479 4669 existimo,
544 4604 707 4657 rebus
769 4606 1053 4661 turbandis
1100 4608 1333 4660 maxime
1382 4616 1746 4676 opportunum

173 4693 343 4751 fuisse
378 4697 604 4749 tertium
641 4696 740 4750 hoc
791 4714 980 4765 genus.
1011 4697 1108 4761 τὰς
1134 4699 1487 4760 ἐπεισάκτους
1518 4700 1744 4762 scilicet,

170 4804 304 4856 quas
330 4789 649 4843 Alexander
700 4790 924 4859 proinde
951 4788 1158 4842 ἄτακτα
1199 4791 1523 4861 γυναικάρια
1570 4798 1744 4851 vorat,

169 4880 312 4948 quod
347 4882 536 4934 nullas
564 4880 842 4933 modestiae
873 4880 1014 4949 leges
1038 4893 1413 4950 agnoscerent,
1445 4883 1593 4937 nullo
1641 4899 1743 4952 pu-

168 4970 315 5025 doris
381 4972 542 5024 frcno
610 4972 1016 5025 cohiberentur.
1067 4974 1319 5037 Quinimo
1368 4981 1569 5042 pestem
1605 4974 1745 5026 hanc

168 5060 477 5116 Ecclesiam
507 5064 850 5131 potissimum
882 5065 1134 5120 alllixisse
1155 5066 1458 5119 certissimo
1481 5065 1602 5118 inde
1632 5065 1745 5118 col-

166 5154 357 5223 ligitur
382 5162 729 5222 argumento,
762 5155 902 5224 quod
935 5155 1133 5209 Nicami
1163 5155 1365 5221 Patres,
1400 5165 1457 5209 ut
1489 5156 1743 5210 Ecclesiae

166 5244 321 5298 :nalis
388 5243 762 5307 mederentur,
818 5246 941 5299 huic
970 5247 1325 5300 carcinomati
1358 5247 1529 5315 primo
1578 5245 1745 5301 ferme

166 5351 281 5389 .oco
329 5343 681 5389 censuerunt
708 5338 1124 5393 occurrendum.
1164 5337 1312 5392 Unde
1351 5338 1510 5392 tertio
1536 5353 1744 5392 canone

167 5428 527 5481 severissime
556 5428 813 5483 omnibus
864 5430 915 5481 in
958 5432 1103 5485 clero
1150 5447 1473 5501 quocunque
1526 5430 1743 5484 tandem

165 5518 333 5585 gradu
374 5530 447 5569 ac
474 5518 696 5572 nomine
730 5519 1062 5587 degentibus,
1097 5520 1203 5573 τῶν
1231 5520 1590 5573 συνεισάκτων
1613 5536 1744 5574 con-

167 5609 470 5662 suetudine
514 5610 930 5665 iuterdixerunt.
962 5610 1135 5679 Atque
1166 5611 1292 5664 hinc
1345 5612 1551 5680 liquere
1598 5614 1743 5666 arbi-

168 5720 295 5769 tror,
322 5701 647 5771 cujusmodi
682 5702 964 5758 mulierum
1003 5703 1463 5772 prebensationes,
1509 5720 1741 5774 quarum

1846 4518 2077 4586 ejusdem
2102 4534 2219 4570 cum
2239 4517 2429 4569 creatis
2463 4524 2667 4566 naturte
2702 4528 2812 4565 esse
2841 4511 3059 4574 dicitur,
3098 4512 3182 4565 vel
3210 4512 3407 4565 statui-

1849 4620 1952 4671 tur,
1981 4610 2185 4664 scilicet
2215 4622 2243 4659 a
2289 4606 2495 4660 Joanne
2527 4604 2859 4673 evangelista
2885 4604 3043 4671 cuius
3076 4603 3238 4656 verba
3268 4618 3410 4671 prae-

1849 4701 2011 4753 misit.
2042 4697 2193 4763 Quod
2220 4697 2467 4766 quamvis
2502 4694 2704 4748 nemini
2738 4709 2843 4747 non
2870 4709 2963 4762 per
2988 4709 3044 4747 se
3077 4692 3411 4748 manifestis-

1847 4793 2062 4852 simum,
2123 4790 2239 4859 ipsa
2300 4789 2399 4841 loci
2464 4786 2771 4849 ἀκολουθία,
2818 4794 2871 4841 et
2920 4784 3091 4840 Grteci
3140 4787 3414 4839 sermonis

1846 4881 2181 4935 constructio
2238 4882 2450 4950 probat.
2512 4880 2802 4949 Subjungit
2834 4879 2979 4933 enim
3028 4878 3297 4931 rationem
3340 4892 3409 4931 ex

1848 4970 2117 5039 Evangelii
2147 4972 2325 5026 verbis
2373 4971 2617 5040 petitam,
2654 4986 2751 5022 cur
2782 4972 2809 5021 ὁ
2837 4968 3005 5037 Λόγος
3042 4967 3284 5035 ejusdem
3312 4982 3411 5020 na-

1847 5072 1980 5115 tura:
2018 5077 2141 5115 cum
2182 5064 2342 5118 rebus
2396 5062 2594 5116 creatis
2652 5077 2773 5116 esse
2822 5071 3076 5130 nequeat,
3114 5062 3229 5129 εἴγε
3250 5061 3411 5124 αὐτὸς

1850 5154 1947 5224 μὲν
1979 5149 2045 5224 ἦν
2096 5157 2151 5206 ὲν
2187 5156 2353 5226 ἀρχῇ,
2414 5154 2683 5222 siquidem
2722 5155 2837 5223 ipse
2861 5193 2876 5217 ,
2924 5154 3133 5208 scilicet
3159 5155 3186 5205 ὁ
3214 5153 3407 5221 Λόγος,

1846 5251 1960 5298 erat
1990 5246 2043 5297 in
2072 5245 2336 5315 principio
2364 5265 2376 5300 :
2407 5246 2611 5315 reliqua
2661 5255 2839 5299 autem
2882 5246 3063 5301 omnia
3095 5259 3188 5314 per
3230 5246 3409 5315 ipsum

1846 5337 1983 5392 facta
2009 5346 2156 5394 sunt.
2195 5338 2300 5394 Sed
2334 5341 2602 5409 interpres
2656 5348 2860 5401 noster,
2894 5354 3015 5391 cum
3059 5339 3412 5406 praecedenti-

1847 5431 1946 5485 bus
1976 5432 2153 5486 verbis
2184 5431 2321 5488 male
2347 5432 2627 5485 conversis
2653 5447 2758 5483 non
2786 5431 3007 5483 haberet
3033 5445 3141 5497 quo
3185 5437 3410 5482 reterret

1848 5539 2027 5577 vocem
2055 5524 2231 5586 αὑτός,
2268 5525 2591 5578 sententiam
2625 5524 2762 5576 male
2785 5522 3005 5587 laxavit,
3033 5536 3207 5590 neque
3245 5521 3407 5573 ullam

1845 5613 1900 5667 in
1923 5614 2269 5680 sequentibus
2294 5614 2529 5683 periodis
2547 5630 2733 5667 sanam
2765 5613 3033 5683 expressit
3058 5614 3404 5667 sententiam.

1847 5704 1950 5758 Sed
1991 5704 2307 5773 interposita
2344 5704 2659 5774 παρενθὲςει
2695 5705 2861 5759 miras
2901 5705 3003 5759 sibi
3032 5704 3133 5774 ipsi
3174 5705 3406 5775 aliisque
