3980 6318
583 307 692 369 539

1636 309 1691 366 S.
1732 309 2153 367 ALEXANDER
2195 313 2748 371 ALEXANDRINUS‘.

3627 325 3712 383 διο

581 423 776 481 alludit
805 425 1078 480 tenebras.
1125 423 1357 479 Romani
1382 440 1510 480 vero
1537 426 1797 491 editores,
1830 427 2146 497 interpretis
2172 438 2219 494 Α
2247 445 2378 486 sane
2403 439 2456 486 et
2479 431 2702 486 crebros
2727 437 2781 484 et
2810 427 3019 484 validos
3055 427 3409 486 sanctissimus
3434 431 3512 487 hic
3541 434 3715 503 episco-

579 533 823 574 errorem
882 518 965 573 vel
1011 517 1417 572 fluctuationem
1447 517 1656 587 prolata
1699 518 1924 592 iongius
1949 534 2144 588 paren-

583 607 722 662 thesi
753 623 861 661 non
903 621 1095 675 parum
1143 615 1423 678 augentes,
1462 607 1733 665 rationum
1799 616 1963 678 atque
1983 624 2144 678 argu-

2248 536 2353 591 pus
2385 520 2440 573 in
2468 519 2703 574 Arianos
2733 524 2971 587 torquet.
3028 514 3133 570 Sed
3160 531 3273 571 cum
3298 527 3348 574 et
3381 537 3467 576 vos
3486 524 3714 592 patientia,

2249 618 2304 666 et
2329 626 2414 665 me
2443 609 2674 664 laterum
2707 611 2853 664 vires
2879 608 3192 674 destituant,
3216 619 3396 665 caetera
3423 617 3722 676 commodiori

581 706 884 756 mentorum
914 699 1025 754 vim
1065 715 1131 756 ac
1158 715 1356 756 nervos
1390 700 1549 770 plane
1590 699 1958 766 succiderunt,
2006 716 2150 772 quos
2247 700 2475 769 tempori
2505 699 2928 754 reservabimus.

580 859 3415 884 W

3420 861 3707 885 Ἥ,

1408 1051 2191 1144 DISSERTATIO
2263 1051 2801 1143 SECUNDA
2849 1038 2984 1134 (ο),

2177 1254 2251 1268 —

652 1366 950 1438 Abruptum
975 1365 1160 1437 primae
1183 1365 1589 1422 Dissertationis
1613 1364 1763 1420 tilum
1778 1366 1844 1420 ad
1875 1365 2148 1434 reliquam

500 1504 510 1510 .
583 1460 846 1516 institutae
875 1474 1117 1514 censurae
1174 1466 1382 1528 partem
1415 1457 1796 1528 pertexendam
1852 1467 2144 1512 connecto.

587 1549 750 1621 Urget
779 1558 968 1605 contra
997 1550 1111 1604 Arii
1155 1549 1522 1620 blasphemias
1575 1550 1882 1606 Alexander
1925 1550 2138 1620 episco-

582 1657 706 1711 pus,
725 1654 981 1696 aeternam
1004 1641 1166 1696 Verbi
1197 1641 1288 1697 Dei
1317 1658 1384 1697 ex
1417 1640 1574 1697 Patre
1608 1643 1869 1713 originem
1901 1643 2144 1698 auctori-

581 1745 694 1792 tate
722 1736 952 1792 Joannis
999 1737 1365 1807 evangelistaz,
1394 1738 1486 1806 qui
1519 1737 1572 1790 in
1609 1738 1727 1806 ipso
1747 1737 1932 1792 limine
1962 1736 2138 1790 Evan-

583 1830 706 1900 gelii
737 1829 847 1892 sui,
881 1827 1116 1884 Verbum
1151 1830 1203 1883 in
1233 1829 1496 1898 principio
1545 1829 1749 1893 fuisse,
1788 1836 1980 1883 caetera
2012 1844 2149 1885 vero

581 1922 764 1977 omnia
790 1921 985 1978 deinde
1012 1938 1106 1993 per
1135 1920 1371 1977 Verbum
1406 1921 1546 1974 facta
1588 1929 1837 1976 testatur.
1864 1919 1983 1986 Quo
2019 1922 2144 1975 loco

579 2011 967 2081 evangelistam
997 2026 1198 2065 arcano
1227 2019 1282 2065 et
1338 2010 1590 2081 religioso
1629 2011 1863 2081 quodam
1909 2013 2147 2068 consilio

579 2103 802 2157 verbum
826 2097 915 2172 ἦν,
948 2102 1062 2157 sive
1088 2110 1223 2165 erat,
1263 2102 1610 2167 adhibuisse;
1655 2101 1924 2171 γενέσεως
1956 2111 2136 2158 autem

579 2201 634 2245 et
655 2193 919 2262 ποιήσεως
951 2191 1167 2246 nomine
1216 2190 1542 2245 abstinuisse
1586 2191 1758 2246 docet.
1816 2191 2020 2258 Primo,
2070 2208 2138 2248 ne

581 2282 773 2338 iisdem
801 2283 1022 2337 vocibus
1071 2281 1137 2336 de
1165 2281 1422 2336 Creatore
1477 2289 1531 2336 et
1573 2290 1830 2336 creatura.
1875 2292 2144 2338 uteretur-

583 2369 854 2434 Secundo,
877 2369 1022 2436 quod
1052 2367 1212 2424 Verbi
1249 2369 1436 2423 aeterni
1467 2371 1873 2439 productionem
1905 2387 2011 2428 non
2041 2387 2144 2427 so-

582 2459 694 2513 lum
720 2460 1195 2530 evangelistarum,
1227 2459 1322 2514 sed
1353 2467 1407 2514 et
1457 2460 1768 2530 angelorum
1807 2461 2134 2517 intellectum

578 2553 844 2608 excedere
866 2555 1143 2618 crederet;
1181 2553 1360 2615 tertio,
1386 2553 1530 2622 quod
1553 2552 1778 2622 impium
1801 2553 2139 2609 existimaret

581 2659 780 2698 arcana
811 2644 898 2697 illa
957 2643 1262 2699 Divinitatis
1293 2644 1567 2714 mysteria,
1599 2644 1816 2698 curiosa
1875 2644 2139 2714 pervesti—

577 2735 796 2806 gatione
826 2735 1079 2791 subtilius
1112 2735 1365 2792 scrutari.
1414 2735 1473 2790 In
1522 2735 1682 2803 cujus
1715 2736 1821 2790 loci
1848 2752 2011 2791 sensu
2041 2753 2138 2791 ex-

581 2827 865 2897 primendo
898 2844 1002 2881 non
1027 2828 1192 2882 semel
1217 2826 1559 2882 oﬁenderunt
1591 2828 1933 2897 interpretes,
1965 2844 2136 2898 quan-

580 2919 872 2990 doquidem
932 2917 1118 2974 Graeca
1172 2920 1334 2974 verba
1394 2917 1521 2974 vitio
1578 2935 1685 2974 non
1746 2927 1951 2975 carent.
2003 2918 2141 2972 Illud

580 3020 792 3066 tantum
828 3010 1157 3074 indicavero,
1191 3011 1281 3066 ubi
1311 3013 1422 3066 ait:
1448 3011 1508 3064 τὸ
1540 3008 1637 3082 ἦν,
1693 3011 2008 3085 ὑπεραίρειν
2043 3013 2143 3082 τῆς

578 3103 686 3156 τῶν
707 3103 976 3174 γεννητῶν
1012 3103 1270 3167 διανοίας,
1323 3119 1508 3158 vocem
1555 3104 1699 3157 illam
1763 3115 1898 3169 erat,
1929 3104 2145 3160 univcr-

579 3208 694 3248 sam
717 3200 1090 3248 creaturarum
1129 3191 1537 3263 intelligentiam
1569 3193 1975 3255 transcendere,
1999 3193 2144 3249 haud

578 3285 742 3340 dubie
779 3286 1042 3356 γενητῶν,
1087 3300 1195 3338 non
1230 3283 1507 3356 γεννητῶν
1532 3284 1845 3354 legendum;
1908 3301 2139 3355 quorum

581 3377 684 3431 hoc
712 3377 818 3430 ἀπὸ
839 3377 937 3431 τοῦ
955 3377 1264 3446 γεννᾶσθαι,
1287 3377 1417 3432 illud
1445 3377 1554 3431 ἀπὸ
1577 3375 1675 3429 τοῦ
1703 3375 1948 3444 γίνεσθαι
1973 3377 2145 3431 dedu-

578 3469 738 3524 citur.
766 3468 912 3535 Quas
964 3470 1180 3541 quidem
1230 3485 1413 3536 voces,
1445 3470 1570 3525 licet
1597 3470 1806 3540 origine
1851 3479 1906 3526 et
1935 3471 2144 3540 signiti-

579 3571 706 3615 catu
736 3561 942 3624 afﬁnes,
976 3561 1117 3616 sacri
1143 3571 1194 3616 et
1234 3561 1444 3632 profani
1479 3570 1731 3617 auctores
1758 3574 1915 3617 caute
1947 3563 2143 3617 distin-

579 3656 772 3720 guunt,
806 3667 928 3706 cum
961 3658 1143 3706 tamen
1176 3653 1229 3705 in
1265 3652 1498 3719 vulgatis
1540 3652 1740 3707 Justiui
1773 3651 1867 3718 LL,
1903 3653 2139 3720 Eusebii,

582 3740 891 3810 Epiphanii,
924 3741 1262 3810 aliorumque
1287 3740 1640 3805 editionibus,
1687 3742 1960 3798 sexcentis
2008 3743 2142 3798 locis

581 3830 838 3886 confusas
868 3831 1155 3886 observare
1205 3832 1383 3885 liceat.
1431 3832 1647 3895 Γένεσις
1676 3833 1820 3886 enim
1876 3841 1929 3888 et
1983 3851 2143 3904 γενη-

579 3923 693 3987 τόν,
738 3932 796 3976 ut
832 3922 1060 3978 Proclus
1098 3923 1239 3978 libro
1296 3935 1335 3976 ιι
1366 3923 1419 3976 in
1478 3922 1732 3976 Timwum
1784 3926 1878 3988 ait,
1907 3925 2004 3994 τὴν
2035 3925 2141 3978 ἀπὸ

579 4013 676 4070 τοῦ
754 4011 1091 4089 Δημιουργοῦ
1163 4014 1385 4087 πρόοδον
1447 4015 1716 4086 signiﬁcat
1771 4036 1784 4072 :
1845 4017 1948 4073 hoc
2015 4026 2142 4084 est,

580 4109 912 4164 creationem
944 4116 998 4163 et
1031 4107 1438 4178 productionem
1478 4123 1545 4162 ex
1584 4109 1776 4164 nihilo.
1847 4108 2017 4173 Unde,
2082 4119 2141 4165 ut

579 4200 831 4256 Justinus
882 4199 1084 4272 Martyr
1126 4202 1201 4254 ait
1267 4201 1322 4254 in
1377 4197 1813 4269 Responsionibus
1868 4202 1937 4255 ad
1993 4203 2142 4257 (ἐνω-

577 4310 665 4348 σοι
715 4308 733 4346 .'

575 4387 637 4439 οὐ
707 4385 902 4438 ταυτὸν
929 4425 944 4448 ,
1018 4384 1162 4456 ἔργῳ
1205 4384 1260 4437 δὲ
1323 4384 1535 4439 ταυτόν.
1581 4382 1759 4439 Verbo
1807 4385 2025 4451 differt,
2081 4403 2140 4442 re

580 4478 697 4548 ipsa
756 4477 898 4532 idem
948 4483 1050 4535 est.
1097 4473 1348 4548 Γέννησις
1388 4487 1567 4531 autem
1615 4477 1851 4549 προϐολὴ
1912 4479 2019 4531 ἀπὸ
2044 4479 2139 4532 τοῦ

578 4569 824 4640 Πατρός,
880 4567 983 4623 hoc
1027 4576 1111 4623 est
1157 4568 1473 4638 generatio,
1528 4569 1662 4632 sive,
1701 4578 1759 4624 ut
1807 4585 1932 4625 cum
1976 4571 2141 4641 vulgo

576 4661 949 4730 theologorum
1000 4661 1213 4729 loquar,
1247 4661 1531 4731 productio
1558 4661 1792 4717 viventis
1822 4677 1854 4715 a
1900 4662 2135 4729 vivente,

577 4751 772 4808 similis
806 4751 1123 4821 producenti
1156 4752 1208 4805 in
1245 4751 1549 4807 substantia
1577 4760 1630 4808 et
1674 4763 1886 4808 natura.
1918 4753 1986 4808 Et
2013 4771 2138 4824 γεν-

577 4843 755 4913 νητόν,
779 4851 838 4896 ut
862 4842 1003 4911 apud
1027 4841 1274 4897 eumdem
1329 4841 1602 4898 Justinum
1633 4843 1882 4910 habetur,
1925 4844 1987 4898 τὸ
2015 4862 2138 4914 γεν-

573 4935 749 5006 νητῶς
776 4935 1075 5006 γινόμενον,
1125 4936 1239 4989 sive
1296 4933 1360 4988 τὸ
1414 4935 1688 5006 γεννητῶς
1713 4937 1774 4990 τὸ
1815 4932 1954 4992 εἶναι
1991 4938 2133 5010 ἔχον,

572 5028 711 5096 quod
739 5043 831 5100 per
862 5029 1074 5081 modum
1113 5029 1467 5098 generationis
1504 5028 1766 5083 subsistit.
1818 5029 1972 5087 Unde
2015 5033 2137 5088 Cle-

573 5135 728 5175 mens
753 5120 1179 5183 Alexandrinus,
1240 5135 1362 5175 cum
1392 5120 1656 5190 γενέσεως
1698 5138 1896 5178 nomen
1936 5125 2137 5192 promi-

572 5221 705 5262 scue
734 5208 910 5277 accipi
961 5209 1170 5264 videret
1197 5211 1359 5264 etiam
1399 5227 1496 5280 pro
1522 5212 1889 5281 generatione,
1939 5222 2134 5282 quarto

550 5297 904 5360 ,Stromatum
935 5300 1075 5356 libro
1101 5300 1175 5354 ita
1205 5315 1324 5356 eam
1349 5301 1653 5372 distinguit,
1689 5311 1748 5357 ut
1790 5304 1896 5355 alia
1933 5307 2003 5358 sit
2027 5303 2136 5356 τῶν

574 5391 945 5463 γεννωμένων,
981 5393 1088 5446 alia
1133 5392 1243 5447 τῶν
1298 5393 1618 5464 γινομένων,
1655 5394 1862 5450 scilicet
1915 5410 1983 5450 ne
2011 5397 2137 5466 quis

570 5483 635 5536 τὸ
696 5485 920 5555 γενητὸν
975 5487 1069 5539 καὶ⁹
1122 5486 1377 5555 γεννητόν
1438 5487 1812 5543 confunderet.
1874 5487 2028 5545 Unde
2081 5496 2136 5543 et

573 5569 725 5631 Plato
756 5577 1020 5648 principio
1052 5577 1659 5650 Tinzrei-disquirendum
1680 5583 1965 5652 proponit:
2001 5584 2136 5656 Περὶ

648 5727 726 5802 (a)
754 5728 944 5786 llabita
969 5731 1169 5799 Romae,
1198 5743 1257 5788 ut
1286 5748 1468 5804 supra.

2172 1618 2212 1672 Β

2169 2975 2214 3036 C

2243 1358 2336 1412 τοῦ
2363 1356 2579 1420 παντὸς,
2636 1355 2686 1408 εἰ
2713 1351 2931 1422 γέγονεν
2979 1353 3011 1424 ἢ
3072 1353 3260 1422 ἀγενές
3299 1355 3453 1409 ἐστιν.
3497 1354 3744 1414 Facturum:

2243 1451 2313 1505 sit
2339 1449 2656 1511 universum,
2689 1463 2757 1499 an
2781 1462 2882 1500 non
2936 1445 3157 1514 factum.
3191 1443 3299 1499 Hoc
3336 1454 3433 1510 est,
3462 1455 3519 1529 ut
3556 1446 3736 1504 Praei-as

2244 1542 2501 1612 explicat,
2552 1541 2599 1592 εὶ
2632 1539 2921 1610 γενητὸςῆ
2976 1539 3234 1610 ἀγένητος
3281 1541 3308 1592 ὁ
3342 1539 3545 1610 κόσμος.
3600 1541 3737 1608 Atque

2244 1637 2320 1690 ita
2375 1634 2790 1704 antiquissimus
2841 1633 2933 1688 ille
2984 1631 3149 1688 Italia:
3186 1632 3522 1702 philosophus
3564 1631 3738 1704 Ocellus

2246 1727 2501 1781 Lucanus
2527 1725 2727 1796 insigni
2749 1741 2914 1796 opere
2938 1729 3168 1794 probare
3193 1723 3442 1788 instituit,
3471 1724 3526 1776 τὸ
3547 1727 3638 1776 πᾶν
3669 1725 3739 1776 ἁν-

2243 1820 2473 1890 ώλεϐρον
2497 1814 2635 1871 εἶναι
2664 1819 2755 1871 καὶ
2774 1817 3052 1887 ἀγένητον,
3080 1815 3332 1869 mundum
3351 1825 3463 1869 ortu
3484 1816 3743 1885 interitqu

2243 1929 2440 1967 carere.
2468 1911 2623 1978 Quod
2658 1910 2805 1964 enim
2860 1909 3020 1979 vulgo
3076 1909 3365 1980 ἀγέννητον
3407 1909 3588 1978 passim
3632 1909 3742 1978 apud

2243 2005 2484 2061 Ocellum
2513 2003 2791 2065 scribitur,
2821 2001 2874 2055 id
2907 2010 3099 2056 contra
3123 2002 3358 2071 optimos
3383 1999 3645 2055 Vaticanos
3668 2015 3745 2054 co-

2243 2099 2394 2155 dices
2427 2111 2551 2151 esse
2601 2093 2957 2164 deprehendi,
2982 2108 3108 2146 cum
3166 2093 3368 2162 quibus
3409 2107 3612 2146 aureum
3641 2089 3749 2143 illud

2242 2189 2566 2260 opusculum
2598 2187 2882 2256 diligenter
2921 2186 3216 2256 aliquando
3245 2185 3465 2240 contuli.
3505 2184 3648 2238 Recte
3672 2183 3746 2253 igi-

2245 2295 2330 2336 tur
2344 2281 2656 2336 universum
2674 2279 2796 2342 hoc,
2823 2287 2876 2333 et
2894 2278 3156 2349 quidquid
3171 2294 3352 2332 rerum
3373 2284 3646 2332 crcatarum
3661 2276 3748 2329 uni-

2244 2391 2399 2430 verso
2412 2373 2741 2437 continetur,
2762 2371 2970 2425 ratione
2991 2371 3179 2440 prima:
3194 2369 3556 2440 productionis
3571 2367 3751 2439 γενητόν

2243 2467 2633 2538 appellabimus
2653 2480 2664 2516 :
2680 2463 2937 2533 γεννητόν
2949 2478 3075 2518 vero
3091 2464 3501 2534 haudquaquam
3522 2460 3667 2531 :quod
3679 2460 3752 2512 uni

2242 2558 2425 2615 Verbo
2441 2565 2644 2612 aaterno
2665 2556 2936 2622 convenit,
2953 2555 3040 2610 cui
3061 2556 3162 2610 soli
3186 2555 3346 2610 Pater
3366 2555 3498 2608 dixit
3519 2572 3530 2607 :
3550 2553 3658 2615 Υἱός
3673 2568 3751 2621 μου

2242 2648 2293 2706 εἴ
2340 2651 2426 2714 σὺ,
2474 2647 2588 2717 ἐγὼ.
2616 2650 2850 2720 σήμερον
2873 2648 3180 2718 γεγέννηκά
3209 2662 3298 2700 σε·
3329 2644 3498 2698 Filius
3554 2659 3673 2697 meus
3709 2658 3751 2694 er

2244 2753 2424 2810 tu,ego
2446 2738 2598 2791 hodie
2625 2737 2776 2807 genui
2799 2747 2864 2790 te.
2900 2734 3106 2790 Caetera
3132 2743 3315 2789 autem
3341 2731 3607 2794 omnia,6i’
3626 2722 3754 2783 αὐτοὶ

2243 2832 2476 2900 ἐγένετο,
2519 2830 2610 2883 καὶ
2650 2828 2818 2899 χωρὶς
2841 2826 3005 2881 αὐτοῦ
3022 2826 3241 2895 ἐγένετο
3273 2827 3390 2879 οὐδὲ
3420 2825 3493 2885 ἓν,
3515 2822 3758 2890 ὃγέγονεν..

2245 2920 2400 2977 Unde
2418 2932 2472 2976 et
2496 2919 2704 2977 Psaltes
2725 2919 2904 2990 regius
2939 2937 2953 2974 :
2984 2917 3157 2981 Αὐτὸς
3205 2915 3382 2983 εἶπεν,
3430 2917 3520 2970 καὶ
3547 2912 3758 2984 ἐγενήθη-

2247 3029 2344 3066 σαν
2368 3030 2380 3042 ·
2414 3012 2533 3082 Ipse
2561 3011 2717 3077 dixit,
2746 3021 2795 3066 et
2821 3011 2964 3080 facta
2993 3021 3134 3066 sunt.
3162 3010 3370 3066 Contra
3403 3008 3622 3064 mundus
3645 3013 3762 3060 recte

2245 3104 2554 3175 ἀγέννητος,
2596 3117 2703 3157 non
2737 3111 2917 3156 autem
2945 3101 3232 3173 ἀγένητος.
3265 3101 3435 3156 Filius
3483 3107 3643 3154 autem
3685 3094 3768 3150 Dei

2245 3195 2528 3267 ἀγένητος.
2565 3211 2674 3249 non
2703 3194 3015 3265 ἀγέννητος.
3049 3194 3182 3260 Quae
3213 3193 3464 3249 fortassis
3489 3191 3614 3246 levia
3628 3185 3767 3242 videri.

2245 3297 2488 3356 possent,
2525 3286 2631 3340 nisi
2672 3286 2833 3340 unius
2886 3286 3082 3341 littera:
3112 3285 3448 3348 interstitio,
3491 3289 3656 3338 rectus
3691 3292 3766 3333 ea.

2244 3377 2455 3432 tbolieae
2503 3378 2744 3431 veritatis
2774 3384 2975 3433 trames
3002 3393 3038 3430 a
3065 3377 3517 3448 gravissimorum
3557 3385 3767 3428 errorum

2243 3469 2555 3540 praeeipitiis
2583 3470 3003 3539 dispesceretur.
3035 3467 3194 3524 Unde
3237 3468 3500 3524 Joannem
3522 3465 3767 3519 Damasce-

2244 3577 2374 3615 num
2404 3561 2543 3615 libro
2573 3576 2611 3626 l,
2640 3576 2758 3630 cap.
2795 3560 2849 3626 9,
2879 3576 3076 3631 magno
3108 3560 3229 3616 haec
3280 3560 3465 3616 studio
3521 3558 3772 3611 adnotasse

2240 3653 2522 3717 videmus,
2553 3665 2605 3708 et
2633 3652 2969 3723 Epiphanius
2998 3653 3192 3710 haeresi
3253 3671 3380 3708 anr
3432 3652 3650 3706 Arianos
3681 3647 3768 3700 hate

2244 3746 2464 3800 nomina
2494 3745 2891 3800 confundentes
2923 3746 3248 3815 gravissime
3277 3745 3608 3816 perstrinxit.
3630 3741 3774 3805 Quam

2240 3836 2378 3890 bene
2401 3844 2576 3890 autem
2611 3837 2876 3906 interpres
2904 3839 3112 3907 Anglus
3146 3837 3218 3892 τὰ
3241 3838 3451 3908 γενητά
3508 3832 3774 3889 mortalium

2242 3929 2460 3984 nomine
2491 3929 2742 3999 explicet,
2778 3946 2902 3986 mox
2934 3931 3300 3986 commodiori
3333 3931 3454 3985 loco
3488 3925 3770 3983 videbimus.

2240 4019 2486 4091 Ineptum
2514 4037 2748 4090 quoque,
2783 4023 2925 4092 quod
2959 4023 3100 4077 idem
3147 4031 3344 4078 noster
3389 4021 3644 4088 interpres
3666 4011 3774 4066 Ver-

2242 4114 2369 4170 bum
2400 4123 2682 4181 aeternum,
2710 4130 2928 4170 causam
2957 4113 3286 4170 efﬁcientem
3309 4130 3495 4170 rerum
3545 4107 3779 4166 omnium.

2247 4207 2304 4260 τὸ
2329 4205 2536 4272 ποιοῦν,
2571 4207 2779 4276 gignens
2815 4206 3046 4276 appellat
3070 4224 3086 4272 ;
3109 4221 3239 4260 cum
3268 4206 3455 4261 omnis
3488 4203 3773 4257 Arianorqu

795 4292 866 4345 Τὸ
920 4290 1170 4361 γενέσθαι
1220 4291 1315 4345 καὶ
1377 4291 1438 4344 τὸ
1496 4291 1764 4345 ποιεῖσθαι
1828 4292 1969 4358 λέξει
2043 4296 2140 4366 μὲν

2243 4298 2441 4352 astutia
2475 4297 2527 4350 in
2584 4297 2897 4366 hujusmodi
2952 4297 3245 4352 verborum
3287 4297 3609 4352 confusione
3630 4304 3780 4347 verse-

2242 4399 2352 4451 tur,
2405 4404 2527 4458 quae
2564 4389 2946 4443 sanctissimus
2985 4388 3072 4442 hic
3097 4396 3294 4442 auctor
3336 4397 3531 4442 contra
3584 4381 3780 4448 diligen-

2241 4483 2448 4538 tissime
2475 4481 2777 4550 distinguit.
2809 4479 3003 4535 Tutius
3032 4495 3164 4536 sane
3193 4497 3325 4536 eum
3361 4481 3577 4550 vulgato
3608 4470 3782 4527 Biblio-

2239 4589 2358 4628 rum
2415 4573 2728 4642 interprete,
2781 4570 3006 4640 faciendi
3038 4578 3092 4625 et
3119 4571 3348 4641 factoris
3395 4567 3660 4626 vocabulo.
3688 4570 3784 4615 ute-

2239 4671 2408 4730 retur,
2458 4661 2616 4717 novis
2674 4661 2784 4716 illis
2837 4661 3124 4716 verborum
3162 4661 3415 4718 lauticiis
3436 4657 3658 4721 relictis,
3687 4666 3785 4724 qus

2237 4756 2420 4811 animo
2477 4755 2650 4810 sacris
2677 4752 2874 4808 litteris
2927 4753 3193 4808 innutrita
3248 4769 3523 4809 nauseam
3574 4761 3785 4804 commo-

2236 4857 2381 4906 vent.
2431 4847 2508 4903 Ita
2555 4849 2610 4903 in
2657 4847 2921 4903 orationis
2969 4861 3262 4916 progressu
3291 4885 3311 4910 ,
3373 4844 3471 4901 ubi
3516 4835 3790 4898 Alexander

2236 4942 2377 4998 ﬁlios
2406 4958 2501 5013 per
2532 4940 2760 5012 gratiam
2791 4939 3096 5010 adoptatos,
3137 4956 3166 4993 a
3193 4937 3386 4994 Verbo
3414 4947 3639 4997 aeterno,
3677 4942 3792 4983 vero

2237 5042 2290 5090 et
2311 5037 2530 5104 proprio
2581 5031 2674 5088 Dei
2722 5031 2860 5087 Filio
2917 5046 3078 5102 quam
3135 5031 3468 5102 longissime
3520 5032 3787 5084 removet;

2236 5125 2493 5194 quoniam
2526 5123 2614 5178 hic
2651 5132 2846 5178 natura
2900 5122 2992 5176 Dei
3019 5117 3190 5177 Filius
3219 5123 3340 5189 ;i|li
3385 5137 3541 5185 vero,
3572 5112 3793 5184 deposito

2236 5217 2428 5286 spiritu
2469 5216 2766 5278 servitutis,
2790 5214 2850 5268 τὸ
2872 5215 2970 5285 τῆς
2993 5213 3264 5276 υἱοθεσίας
3282 5213 3552 5274 λαϐόντες
3582 5197 3791 5273 πνεὶμαο

2236 5308 2350 5364 lloc
2384 5316 2488 5373 est,
2521 5315 2579 5361 ut
2617 5315 2804 5363 noster
2832 5307 3099 5376 interpres
3146 5305 3413 5369 reddidit,
3450 5303 3652 5373 Spiritu
3667 5293 3827 5400 ‘adom‘

2233 5403 2425 5470 ptionis
2481 5401 2712 5470 ﬁliorum
2765 5407 3056 5464 assumpto,
3088 5398 3182 5451 lilii
3235 5396 3496 5467 adoptivi
3554 5387 3834 5514 evaduiléo“

2236 5493 2429 5514 l\--:l_:
2493 5493 2670 5514 _-.:_.-
2727 5507 2843 5514 ..η-,Α
2906 5491 3023 5514 J2-.-
3066 5489 3230 5514 n-..|..
3263 5489 3335 5514 ...Ι
3373 5489 3513 5514 ηις...
3569 5497 3658 5514 "In
3750 5508 3793 5514 --

2235 5493 2433 5559 QUidni
2492 5493 2672 5564 potius
2722 5507 2844 5546 cum
2902 5491 3027 5546 divo
3065 5489 3233 5544 Paulo
3263 5489 3335 5543 ad
3371 5489 3539 5544 Rom.
3569 5497 3682 5542 vui.
3723 5473 3795 5532 l5.

2237 5583 2436 5655 Spiritu
2493 5583 2787 5654 adoptionis
2842 5593 3070 5653 accepto,
3107 5583 3187 5638 vel
3238 5581 3516 5650 Spiritum
3582 5567 3791 5642 adoptio-
