3980 6318
265 260 359 318 ω

1701 251 2009 313 ΝΟἸΉΊΑ.

3403 254 3518 310 542

260 383 340 435 nis
373 378 617 449 ﬁliorum
672 377 1005 446 accipientes,
1060 377 1337 434 dixerim?
1373 376 1508 432 Cum
1571 377 1826 444 accipere,
1856 384 1903 436 Α
1932 384 2111 444 ptam,
2153 374 2286 427 nihil
2322 382 2501 430 tamen
2545 375 2662 430 haec
2696 374 2910 431 destina
2933 375 3258 431 sententiam
3292 373 3449 429 fulcit
3491 392 3508 427 :

257 474 487 541 gratiam
531 470 846 540 donumque
903 469 997 525 Dei
1031 478 1433 540 praesupponat,
1486 484 1690 522 sumere
1729 482 1828 521 au-

255 574 381 625 tem,
426 563 546 617 sive
574 579 859 642 assumere,
891 561 1164 630 propriam
1196 560 1597 630 quodammodo
1640 569 1828 614 aucto-

252 655 475 709 ritatem
497 655 845 709 subindicare
866 654 1132 707 videatur.
1170 652 1323 718 Quod
1352 654 1497 707 enim
1530 652 1826 722 Apostolus

250 748 325 801 ait
356 747 426 800 ad
457 744 620 800 Hebr.
644 763 697 810 v,
720 747 754 800 4
786 765 798 800 :
838 744 957 799 Non
983 745 1083 798 sibi
1111 746 1212 813 ipsi
1232 745 1506 814 quisquam
1547 746 1707 798 sumit
1731 744 1819 797 ho.-

248 855 455 901 norem,
479 838 571 892 sed
601 839 690 909 qui
718 848 935 892 vocatur
960 856 992 891 a
1026 837 1154 900 Deo,
1208 838 1282 891 ita
1316 854 1417 892 nec
1444 840 1671 907 gratiam
1697 836 1824 909 Spi-

245 932 387 986 ritus
420 932 599 985 sancti
630 930 918 1000 quisquam
957 930 1059 983 sibi
1084 930 1186 999 ipsi
1218 930 1404 989 sumit,
1438 930 1544 985 nisi
1580 932 1664 984 cui
1696 932 1823 987 data

244 1024 410 1078 fuerit
441 1022 676 1091 desuper
698 1037 728 1076 a
759 1021 917 1077 Patre
947 1022 1235 1086 luminum,
1259 1038 1289 1075 a
1318 1038 1426 1092 quo
1452 1038 1611 1079 omne
1634 1024 1821 1080 datum

244 1117 542 1185 optimum,
562 1124 615 1169 et
637 1130 796 1170 omne
820 1114 1021 1169 donum
1042 1114 1341 1185 perfectum
1359 1114 1693 1170 descendit’.
1717 1116 1821 1172 Cui

242 1211 294 1257 et
326 1203 463 1256 illud
481 1202 809 1266 addiderim,
824 1203 967 1272 quod
989 1219 1110 1258 mox
1128 1204 1241 1257 Arii
1266 1205 1504 1260 asscclas
1520 1223 1654 1277 πονη
1665 1223 1818 1278 pauo—

244 1295 426 1365 μένων
442 1293 682 1357 σύνοδον,
703 1296 1057 1363 improborum
1071 1297 1300 1361 turbam,
1320 1300 1502 1369 potius
1518 1317 1679 1370 quam
1696 1319 1821 1356 con-

238 1387 423 1440 cilium
438 1386 1163 1459 malignantium,Scriptttr:e
1177 1391 1357 1445 verbis
1371 1391 1599 1447 reddere
1608 1394 1819 1449 maluit.

308 1477 418 1533 Sed
450 1480 671 1548 longum
702 1479 837 1535 foret
867 1482 1076 1551 singula
1105 1484 1376 1554 persequi,
1416 1486 1817 1555 quotiesinter-

236 1585 365 1639 pres
390 1572 640 1625 auctoris
665 1581 902 1628 mentem
953 1575 1037 1630 vel
1063 1576 1303 1640 divellat,
1318 1562 1416 1633 'vel
1446 1578 1701 1642 invertat,
1732 1580 1817 1633 vel

235 1678 335 1731 pro
354 1662 528 1717 claris
554 1670 608 1717 et
637 1664 942 1721 manifestis
965 1666 1130 1721 dubia
1157 1677 1213 1721 et
1235 1669 1470 1723 obscura
1500 1670 1665 1724 nobis.
1685 1685 1816 1740 sup—

233 1763 423 1823 ponat.
458 1753 698 1824 PrOpcro
726 1756 790 1808 ad
823 1757 1001 1811 locum
1055 1759 1218 1814 totius
1240 1760 1502 1829 epistolae,
1536 1777 1657 1817 meo
1686 1762 1812 1831 qui-

231 1844 356 1899 dem
380 1844 599 1914 judicio
630 1845 1025 1912 diﬂicillimum,
1045 1850 1137 1919 qui
1163 1851 1430 1921 principio
1455 1868 1574 1922 pag.
1607 1853 1673 1907 15
1704 1854 1813 1909 Ro-

231 1951 412 1989 manae
451 1937 716 1992 editionis
768 1940 985 2009 legitur.
1018 1942 1232 2008 Ariani,
1276 1944 1453 2014 inquit
1482 1945 1810 2013 Alexander,

232 2037 287 2081 ut
312 2028 601 2083 Christum
637 2030 855 2087 deitatis
884 2032 1057 2103 gloria
1109 2035 1430 2106 spoliarent,
1464 2052 1558 2092 eas
1623 2053 1806 2101 voces,

227 2134 406 2189 caque
436 2119 738 2190 Scriptura:
770 2124 887 2179 loca
915 2140 1129 2194 semper
1164 2128 1219 2181 in
1250 2142 1346 2182 ore
1368 2128 1659 2191 habebant,
1690 2144 1811 2198 quze

229 2209 293 2262 ad
340 2210 660 2278 passionem
687 2219 741 2267 et
784 2213 1208 2271 exinanitionem
1242 2218 1361 2286 ejus
1390 2219 1683 2289 pertinent,
1715 2235 1811 2287 pe-

229 2300 379 2357 nitus
408 2302 570 2357 obliti
612 2304 863 2369 istorum.
895 2322 1017 2377 quas
1039 2308 1105 2362 ad
1136 2309 1361 2376 gloriam
1386 2318 1440 2363 et
1467 2310 1805 2379 majestatem

231 2401 283 2447 et
319 2395 696 2463 aequalitatem
746 2413 869 2452 cum
908 2396 1069 2454 Patre
1116 2401 1526 2470 signiﬁcandam
1579 2402 1803 2458 faciunt.

227 2482 301 2539 De
327 2502 568 2555 quorum
593 2504 823 2544 numero
845 2500 929 2545 est
957 2491 1088 2547 illud
1118 2490 1276 2552 Joan.
1310 2509 1343 2547 x
1369 2512 1384 2549 :
1426 2492 1536 2563 Ego
1571 2504 1619 2547 et
1649 2493 1808 2549 Pater

226 2588 386 2625 unum
424 2592 635 2630 sumus.
666 2577 837 2646 Cujus
858 2578 962 2633 loci
994 2582 1318 2636 sententiam
1347 2584 1676 2638 catholicam
1709 2586 1807 2639 ad-

227 2678 420 2719 versus
444 2665 636 2719 Arium
668 2668 1039 2737 explicaturus
1071 2670 1397 2738 Alexander,
1452 2674 1591 2728 hanc
1619 2674 1807 2747 ἐπεξή-

224 2772 384 2827 γησιν
413 2758 725 2828 subjungit.
758 2758 913 2825 Quod
943 2761 1161 2830 quidem
1214 2759 1479 2821 Dominus
1510 2764 1665 2829 dicit,
1695 2784 1801 2822 non

224 2842 446 2901 Patrem
479 2848 723 2917 seipsum
752 2851 1116 2920 proctmtians
1158 2871 1171 2905 :
1195 2853 1329 2906 Οὐδὲ
1355 2855 1455 2919 τὰς
1479 2860 1547 2928 τῇ
1570 2858 1804 2913 ὑποστά-

222 2953 307 2990 σει
331 2939 435 2992 δύο
481 2940 671 3009 φύσεις
704 2941 834 3012 μίαν
863 2938 1001 3003 εἶναι
1053 2946 1383 3017 σαφηνίζων.
1444 2947 1559 3004 Hoc
1612 2959 1718 3017 est,
1744 2961 1803 3008 ut

1929 481 2054 520 cum
2086 466 2201 534 ipse
2235 466 2450 534 φύσεως
2511 483 2708 523 nomen
2766 469 2973 539 passim
3020 470 3223 524 usitato
3248 468 3512 525 Ecclesia:

1929 572 2091 613 sensu
2162 568 2388 628 usurpet
2454 560 2659 629 :idque
2726 559 3004 616 mordicus
3061 568 3250 615 contra
3312 559 3507 614 Arium

1927 657 2175 714 tueatur,
2240 667 2403 704 unam
2456 667 2578 708 esse
2626 654 2985 724 eamdemque
3044 651 3223 707 Patris
3290 667 3353 706 ac
3412 650 3509 706 Fi-

1926 740 1983 794 lii
2030 750 2279 795 naturam
2301 783 2314 805 ,
2346 751 2400 797 et
2426 742 2665 798 Verbum
2699 745 2856 813 φύσει
2891 743 3087 798 Filium
3136 743 3316 798 Patris
3379 760 3505 798 esse

1925 829 2086 885 sicuti
2116 846 2145 886 e
2178 841 2369 885 contra
2404 834 2686 888 contendit
2722 834 2917 889 Filium
2961 850 3068 888 non
3115 850 3237 889 esse
3262 833 3363 903 τῆς
3412 834 3504 887 αὑ-

1922 923 2020 993 τῆς
2094 923 2308 992 φύσεως
2381 926 2497 989 τοῖς
2546 928 2880 998 γενομένοις.
2959 927 3141 993 Quare
3208 934 3496 997 superest,

1925 1022 1983 1066 ut
2032 1015 2196 1068 verba
2237 1014 2445 1080 Graeca,
2512 1018 2588 1072 uti
2626 1034 2773 1072 nunc
2839 1020 3058 1088 quidem
3112 1020 3273 1087 vulgo
3308 1019 3501 1086 legun-

1922 1111 2032 1165 tur,
2080 1106 2162 1159 vel
2224 1106 2602 1161 haereticorum
2653 1109 2879 1175 titalitia,
2931 1110 3017 1162 vel
3060 1109 3278 1165 inscitia
3329 1109 3498 1163 libra-

1920 1196 2129 1249 riorum
2161 1209 2419 1267 corrupta
2472 1198 2741 1255 dicamus.
2798 1198 2957 1265 Quod
3007 1198 3165 1254 facile
3209 1200 3495 1266 concedet,

1919 1288 2169 1358 quisquis
2201 1300 2438 1344 vestrum
2468 1306 2578 1346 non
2625 1292 2861 1362 ignorat,
2894 1291 3197 1357 auditores,
3231 1302 3494 1361 quantum

1918 1378 2244 1434 calamitatis
2298 1388 2351 1435 et
2399 1397 2647 1437 errorum
2708 1391 2937 1454 utraque
2969 1384 3135 1453 pestis
3181 1391 3496 1438 sanctorum

1917 1468 2137 1524 Patrum
2171 1473 2390 1543 scriptis
2424 1474 2669 1530 intulerit
2704 1495 2716 1529 ε
2752 1492 2873 1546 qua;
2910 1492 3101 1546 gressu
3132 1476 3296 1532 nimis
3322 1477 3497 1530 libero

1917 1578 2013 1631 per
2043 1563 2319 1619 Orientem
2347 1567 2641 1636 aliquando
2687 1569 3067 1638 grassabatur,
3100 1583 3224 1622 cum
3254 1569 3495 1623 dissecta

1918 1654 1975 1709 in
2004 1656 2238 1713 haereses
2262 1666 2315 1712 et
2346 1659 2583 1729 partium
2611 1660 2790 1715 studia
2820 1660 3092 1724 Ecclesia,
3115 1663 3275 1718 malis
3297 1662 3493 1731 hujus-

2094 923 2308 992 φύσεως

1844 1727 1888 1781 Β
1916 1746 2061 1801 modi
2086 1749 2320 1813 artibus,
2368 1766 2479 1804 sua:
2507 1751 2741 1821 quisque
2766 1769 2946 1807 causa:
2964 1754 3324 1823 patrocinium
3350 1768 3495 1823 qum-

1912 1846 2077 1893 reret.
2120 1839 2258 1894 lluic
2290 1850 2472 1897 autem
2505 1844 2626 1899 loco
2654 1845 2844 1898 vitium
2869 1844 3073 1900 factum
3099 1847 3357 1916 antiquus
3403 1848 3493 1902 hi-

1913 1930 2094 1984 storia:
2111 1932 2499 1988 ecclesiastica:
2526 1935 2797 2007 interpres
2823 1936 3161 2007 Epiphanius
3188 1939 3491 1997 Scholasti-

1911 2034 2011 2074 cus
2046 2022 2252 2091 liquido
2293 2025 2534 2079 ostendit
2567 2047 2580 2081 :
2615 2043 2776 2097 quem
2820 2028 3007 2083 Graeca
3038 2030 3197 2084 verba
3222 2046 3331 2085 non
3365 2032 3491 2102 qui-

1910 2108 2032 2163 dem
2071 2120 2295 2175 mutata,
2350 2115 2442 2169 sed
2497 2118 2832 2187 transposito
2882 2121 3132 2185 articulo,
3190 2122 3293 2176 hoc
3326 2124 3491 2179 modo

1910 2202 2039 2254 olim
2086 2203 2281 2273 legisse
2327 2215 2550 2276 apparet
2588 2228 2599 2262 :
2637 2210 2771 2262 Οὐδὲ
2817 2214 2887 2282 τῇ
2932 2213 3226 2266 ὑποστάσει
3257 2214 3348 2267 δύο
3386 2215 3488 2285 φύ-

1912 2307 2022 2355 σεις
2054 2292 2149 2364 τὴν
2178 2295 2304 2363 μίαν
2349 2293 2484 2351 εἶναι
2509 2301 2837 2371 σαφηνίζων,
2885 2303 3012 2356 dum
3054 2306 3215 2359 vertit
3249 2322 3263 2358 :
3305 2304 3492 2377 Neque

1909 2382 2331 2439 substantialiter
2350 2386 2484 2442 duas
2508 2400 2727 2444 naturas
2767 2409 2884 2461 qua:
2921 2404 2997 2447 est
3019 2411 3147 2459 una,
3182 2396 3481 2451 declarans.

1908 2472 2077 2540 Quem
2109 2492 2294 2531 verum
2327 2486 2381 2533 et
2410 2481 2741 2537 catholicum
2774 2483 2938 2555 hujus
2970 2486 3076 2540 loci
3108 2502 3331 2542 sensum
3361 2504 3486 2544 esse

1907 2565 2062 2622 facite
2094 2571 2407 2639 perspiciet,
2439 2574 2693 2645 quisquis
2746 2576 2849 2631 hoc
2901 2579 3061 2633 modo
3096 2595 3216 2634 rent
3267 2597 3484 2636 mecum

1906 2659 2190 2715 considera
2202 2664 2353 2715 verit.
2384 2663 2677 2721 Catholica:
2704 2667 2962 2724 Ecclesiae
2980 2671 3137 2734 fides,
3166 2688 3287 2741 qua:
3313 2689 3481 2727 unum

1904 2749 2073 2808 Deum
2108 2754 2162 2808 in
2184 2753 2471 2820 Trinitate,
2498 2766 2552 2812 et
2581 2757 2903 2815 Trinitatem
2935 2761 2989 2815 in
3024 2764 3229 2818 unitate
3264 2782 3484 2822 venera-

1906 2850 2015 2908 tur,
2052 2847 2194 2899 inter
2219 2849 2503 2917 oppositos
2532 2866 2782 2905 errorum
2818 2855 3095 2922 scopulus,
3132 2865 3181 2911 et
3219 2858 3480 2927 multipli-

1903 2947 1996 2988 ces
2026 2936 2431 2991 mendaciorum
2455 2940 2734 3012 ambages,
2764 2943 2927 3012 regia:
2956 2945 3057 2999 via:
3077 2945 3270 3009 instar,
3300 2949 3480 3002 medio

221 3025 503 3097 interpres
530 3028 595 3083 ad
620 3030 846 3084 verbum
878 3031 1054 3087 reddit
1084 3051 1096 3089 :
1129 3031 1310 3102 Neque
1351 3036 1485 3091 duas
1518 3040 1800 3096 secundum
1827 3067 1870 3125 ϐ
1908 3024 2030 3079 loco
2056 3026 2280 3090 incedit,
2310 3028 2557 3125 devitans
2584 3032 2712 3086 hinc
2747 3032 2874 3089 inde
2909 3036 3251 3090 imminentia
3301 3038 3476 3095 haere-

222 3119 559 3185 rrypostasim
584 3129 811 3175 naturas
840 3136 1003 3175 unam
1042 3140 1153 3179 esse
1177 3124 1456 3181 declarans
1488 3143 1505 3181 :
1532 3129 1625 3184 sed
1655 3132 1801 3202 quod

218 3206 420 3273 Filius,
449 3211 645 3282 inquit,
672 3216 911 3285 perfecte
931 3224 1211 3288 paternam
1243 3219 1657 3277 similitudinem
1688 3241 1803 3281 ser-

223 3312 331 3359 vat.
389 3304 697 3371 Quaesitum
734 3325 765 3364 a
794 3327 881 3367 me
909 3312 1013 3367 fuit
1039 3314 1163 3382 quis
1202 3330 1397 3369 sensus
1431 3316 1645 3370 illorum
1681 3333 1802 3372 ver-

215 3400 417 3452 borum
456 3418 470 3453 :
507 3401 643 3454 Οὑδὲ
691 3403 788 3467 τὰς
832 3407 897 3475 τῇ
945 3406 1239 3459 ὑποστάσει
1281 3406 1373 3461 δύο
1418 3407 1610 3475 φύσεις
1671 3410 1800 3481 μίαν

216 3483 352 3543 εἶναι
384 3494 724 3565 σαφηνίζων,
760 3514 919 3566 neque
954 3498 1089 3553 duas
1146 3501 1429 3553 secundum
1469 3502 1795 3571 hypostasim

215 3592 473 3637 naturam
516 3601 679 3639 unam
705 3604 816 3642 esse
838 3588 1138 3647 declarans.
1196 3592 1332 3646 Cum
1386 3594 1533 3648 enim
1582 3594 1670 3650 hic
1702 3612 1797 3651 ne-

215 3688 495 3743 quaquam
523 3676 591 3731 de
613 3676 1028 3745 lncarnationis,
1044 3683 1157 3738 sive
1176 3685 1484 3757 οἰκονομίας
1514 3692 1793 3760 mysterio,

212 3768 264 3815 et
290 3762 645 3834 hypostatica
693 3765 854 3823 Verbi
884 3772 1176 3842 carnisque
1210 3775 1412 3831 unione
1450 3788 1669 3847 agatur;
1700 3780 1794 3836 sed

213 3850 278 3905 ad
310 3853 692 3910 sanctissimae
723 3855 1008 3917 Trinitatis
1059 3863 1403 3933 mysterium,
1446 3868 1561 3924 sive
1583 3870 1651 3924 ad
1680 3870 1795 3926 θεο-

211 3943 404 4012 λογίαν
444 3946 600 4001 locus
627 3950 912 4017 pertineat,
944 3955 1235 4012 manifeste
1287 3958 1426 4015 duas
1452 3959 1696 4017 diversas
1740 3972 1794 4019 et

212 4033 515 4091 distinctas
553 4036 731 4095 Patris
764 4051 817 4096 et
875 4041 996 4097 Filii
1026 4053 1251 4103 naturas
1282 4065 1485 4119 ponere
1521 4051 1733 4107 videtur
1774 4073 1787 4108 :

212 4127 355 4195 quod
388 4127 625 4198 impium
652 4130 767 4185 Arii
806 4132 1001 4204 dogma
1033 4144 1171 4199 erat,
1231 4140 1319 4194 cui
1355 4140 1652 4197 refellendo
1677 4152 1790 4198 tota

211 4219 322 4275 haec
353 4223 597 4292 epistola
633 4225 885 4294 opposita
918 4233 1022 4282 est.
1052 4227 1191 4294 Quid
1226 4230 1433 4301 igitur?
1484 4249 1612 4288 num
1652 4234 1790 4290 forte

208 4312 384 4366 ἄλλων
422 4314 611 4385 ἰητρὸς
636 4315 798 4381 αὑτὸς
816 4317 997 4372 ἕλκεσι
1031 4319 1218 4390 βρύει;
1255 4323 1349 4378 sed
1379 4324 1538 4390 absit,
1572 4334 1631 4381 ut
1661 4342 1788 4382 san-

1905 3134 2025 3173 sum
2056 3128 2322 3186 monstra,
2373 3138 2491 3191 qum
2524 3123 2717 3178 insano
2746 3127 2985 3181 clamore
3027 3129 3307 3183 veritatem
3343 3133 3477 3186 alla-

1903 3217 2085 3264 traut:
2121 3220 2177 3265 ut
2206 3227 2380 3282 neque
2410 3230 2673 3283 personas
2704 3232 2828 3271 cum
2868 3217 3107 3275 Sabellio
3137 3219 3468 3289 confundat,

1900 3319 2076 3375 neque
2095 3320 2216 3358 cum
2240 3305 2371 3360 Ario
2399 3307 2763 3362 substantiam
2796 3320 3033 3380 separet.
3064 3310 3218 3365 Hauc
3244 3315 3477 3371 catholi-

1900 3411 1977 3450 cae
1997 3398 2237 3453 veritatis
2266 3414 2591 3471 eynosuram
2611 3400 2982 3455 Alexandrum
3005 3419 3221 3474 quoque
3235 3405 3338 3461 hoc
3353 3410 3475 3463 loco

1900 3496 2146 3543 secutum
2168 3500 2403 3555 constat,
2430 3493 2521 3562 qui
2549 3494 2844 3562 propositis
2874 3493 3079 3550 Christi
3104 3497 3306 3563 verbis,
3332 3498 3473 3554 duos

1900 3579 2028 3633 hinc
2075 3580 2200 3636 inde
2247 3581 2582 3638 adulterinos
2638 3601 2833 3640 sensus
2888 3601 3197 3653 removens,
3249 3591 3473 3646 tertium

1896 3671 2092 3727 deinde
2124 3689 2312 3728 verum
2342 3682 2396 3728 et
2428 3676 2722 3745 genuinum
2759 3677 3062 3750 subjungit.
3092 3678 3226 3750 Ego,
3272 3683 3467 3752 inquit,

1895 3773 1942 3818 et
1964 3764 2125 3817 Pater
2151 3781 2311 3819 unum
2328 3782 2532 3832 sumus,
2557 3785 2663 3822 non
2692 3776 2749 3822 ut
2767 3786 2824 3824 se
2844 3766 3061 3824 Patrem
3093 3788 3215 3827 esse
3233 3775 3469 3827 allii-ma-

1896 3861 1997 3911 ret.
2031 3870 2138 3923 quo
2170 3869 2523 3923 personarum
2547 3856 3019 3925 coufusionem,et
3044 3856 3468 3913 Sabelliiuiorzci-

1893 3962 2024 4019 τορα
2056 3944 2214 4001 tollit.
2257 3945 2441 4017 Neque
2472 3955 2529 4001 ut
2559 3949 2993 4035 subslyautialiter
3041 3949 3179 4005 duas
3217 3959 3463 4015 naturas,

1892 4055 2012 4108 qua:
2038 4046 2120 4094 est
2150 4055 2275 4105 una,
2306 4038 2607 4096 declararet
2648 4060 2662 4096 :
2700 4041 2803 4095 hoc
2833 4050 2940 4109 est,
2973 4058 3082 4097 non
3126 4049 3182 4095 ut
3216 4058 3378 4096 uuam
3399 4059 3464 4099 ac

1893 4131 2356 4201 simplicissimam
2384 4131 2565 4188 Patris
2596 4132 2828 4204 Filiique
2849 4143 3101 4189 naturam
3133 4135 3188 4188 in
3219 4135 3357 4191 duas
3381 4135 3466 4189 di-

1890 4223 2095 4279 videret
2128 4241 2276 4295 :quo
2329 4226 2647 4281 substantiae
2691 4227 3091 4297 separationem
3122 4229 3190 4282 ab
3218 4227 3350 4282 Ario
3376 4228 3462 4282 in-

1892 4317 2200 4373 troductam
2230 4328 2488 4374 removet.
2513 4316 2778 4383 Tandem,
2810 4319 3041 4375 sublatis
3072 4319 3199 4373 hinc
3217 4318 3342 4374 inde
3370 4334 3461 4374 er-

210 4406 531 4460 ctissimum
580 4406 760 4463 virum
798 4408 1112 4479 hujusmodi
1144 4414 1265 4469 labe
1314 4430 1602 4487 aspergere
1632 4421 1787 4489 quis-
1821 4407 1867 4466 ι)
1892 4425 2074 4465 rorum
2105 4410 2385 4476 extremis,
2420 4410 2744 4476 catholicam
2776 4410 2896 4480 ejus
2924 4411 3027 4466 loci
3059 4418 3296 4466 mentem
3324 4413 3457 4467 sub-

207 4513 375 4564 quam
434 4508 668 4554 conetur
702 4496 714 4547 !
743 4499 870 4557 Mihi
932 4518 1063 4558 vero
1104 4505 1208 4561 loci
1238 4506 1402 4575 hujus
1462 4511 1783 4566 sententiam

209 4590 398 4644 animo
423 4591 669 4645 versanti
729 4591 849 4648 dua:
892 4597 1257 4654 occurrebant
1284 4602 1547 4667 rationes,
1582 4606 1783 4675 quibus

206 4682 253 4738 si
287 4700 409 4739 non
432 4683 722 4753 explicari,
767 4686 958 4743 saltem
978 4693 1229 4747 excusari
1284 4709 1445 4763 posse
1473 4696 1780 4753 videbatur.

206 4771 486 4831 Videlicet
539 4780 842 4839 auctorem,
875 4783 935 4830 ut
964 4777 1295 4835 Arianorum
1347 4786 1674 4840 sententiam
1705 4804 1783 4844 re-

205 4864 382 4928 fellat,
416 4865 663 4935 ipsorum
688 4866 793 4921 sibi
821 4884 983 4924 voces
1012 4885 1077 4925 ac
1131 4870 1396 4929 formulas
1423 4878 1643 4933 mutari.
1685 4878 1782 4934 Vel

204 4957 251 5011 si
273 4972 381 5013 suo
404 4971 594 5021 sensu,
614 4958 836 5028 suisque
852 4961 1032 5017 verbis
1059 4964 1300 5021 locutum
1328 4968 1580 5033 velimus,
1597 4971 1779 5040 φύσιν,

201 5047 319 5102 sive
354 5054 610 5104 naturam
634 5063 733 5117 pro
762 5049 1053 5107 ὑποστάσει
1097 5059 1374 5127 accepiSSe
1407 5078 1418 5113 :
1466 5062 1611 5130 quod
1640 5062 1781 5119 forte

200 5138 719 5207 antiquissimorum
747 5148 1030 5197 auctorum
1053 5148 1314 5218 exemplis
1335 5165 1445 5204 non
1469 5160 1636 5206 caret.
1672 5153 1777 5209 Sed

198 5230 331 5280 dum
367 5228 620 5297 pressius
652 5231 869 5302 singula
917 5238 1182 5305 expende,
1209 5248 1462 5299 neutrum
1502 5243 1636 5297 mihi
1670 5245 1776 5299 loci

198 5331 406 5373 sensus
437 5318 724 5377 admittere
752 5323 981 5380 videtur.
1009 5327 1252 5386 Primum
1301 5333 1445 5388 enim
1493 5336 1628 5400 suis,
1662 5353 1773 5392 non

196 5410 537 5464 Arianorum
556 5414 757 5481 verbis,
784 5432 908 5472 eum
931 5421 1076 5490 loqui
1116 5423 1620 5482 manifestissimum
1662 5438 1767 5485 est.

197 5495 413 5556 Deinde
472 5508 749 5575 utcunque
790 5510 1034 5579 exempla
1083 5514 1207 5583 quis
1243 5515 1485 5586 proferat
1531 5518 1765 5589 φύσεως,

196 5588 312 5646 sive
357 5596 566 5640 natura?
597 5611 783 5653 vocem
813 5615 911 5671 pro
942 5602 1236 5661 ὑποστάσει
1281 5609 1573 5680 aliquando
1611 5628 1766 5670 acce-

302 5741 320 5777 ⁸
343 5742 471 5800 Jac.
512 5764 551 5816 ι,
592 5750 674 5805 l7.

1885 4501 2028 4572 jicit,
2058 4500 2309 4556 videlicet
2341 4500 2537 4556 Filium
2565 4512 2763 4555 natura
2795 4501 2943 4556 Patri
2976 4518 3074 4575 per
3096 4503 3280 4558 omnia
3305 4503 3457 4559 simi-

1888 4595 2014 4658 lem,
2049 4600 2102 4647 et
2131 4591 2451 4646 invariatam
2475 4590 2655 4648 Patris
2705 4593 2993 4665 imaginem
3023 4611 3146 4651 esse
3176 4614 3189 4650 :
3222 4611 3332 4666 quo
3365 4596 3455 4652 ille

1884 4693 1938 4741 et
1993 4702 2154 4739 unam
2212 4684 2563 4756 eamdemque
2618 4684 2795 4741 Patris
2822 4694 2876 4741 et
2907 4685 3028 4741 Filii
3076 4696 3346 4752 naturam,
3400 4698 3455 4744 et

1886 4780 2178 4834 distinctas
2203 4780 2473 4849 prototypi
2495 4787 2549 4835 et
2578 4780 2831 4851 imaginis
2857 4780 3181 4853 hypostases
3224 4781 3454 4837 conﬁte-

1888 4881 1993 4927 tur.
2021 4870 2127 4927 Sed
2158 4872 2245 4927 hic
2273 4872 2405 4926 mihi
2434 4889 2619 4929 aurem
2649 4874 2773 4945 quis
2811 4874 3048 4939 vellicet,
3078 4884 3135 4929 et
3179 4875 3310 4946 quid
3356 4875 3455 4929 δύο

1884 4968 1951 5036 τῇ
1988 4966 2283 5019 ὑποστάσει
2338 4966 2529 5035 φύσεις
2582 4967 2684 5022 sibi
2748 4967 2935 5032 velint,
2986 4966 3130 5023 haud
3182 4968 3456 5025 immerito

1882 5066 2258 5129 quaerat,cum
2287 5061 2430 5130 apud
2481 5070 2707 5115 caateros
2752 5059 3009 5120 Ecclesia:
3058 5060 3249 5116 Patres
3306 5061 3452 5117 haud

1883 5152 2041 5206 facile
2066 5152 2381 5222 hujusmodi
2408 5153 2663 5223 loquendi
2693 5152 2915 5206 modum
2947 5153 3021 5207 sit
3057 5154 3316 5223 reperire.
3344 5154 3450 5210 Sed

1880 5260 1991 5300 non
2016 5260 2124 5299 uno
2150 5245 2313 5315 hujus
2338 5246 2578 5314 epistolae
2608 5245 2726 5299 loco
2753 5244 2964 5299 ostendi
2985 5253 3163 5314 potest
3215 5246 3450 5301 ὑποστά-

1882 5352 2017 5399 σεως
2043 5335 2361 5390 vocabulum
2385 5349 2492 5389 non
2516 5341 2622 5388 tam
2650 5333 2989 5388 individuum
3017 5351 3112 5391 seu
3133 5335 3449 5392 distinctqu

1879 5428 2252 5497 personalibus
2273 5426 2692 5497 proprietatibus
2726 5427 3053 5497 subjectum,
3081 5430 3166 5483 vel
3187 5445 3447 5499 persona-

1872 5520 1979 5573 lem
2025 5517 2431 5573 subsistentiam
2473 5519 2686 5572 auctori
2720 5527 2908 5574 nostro
2930 5520 3257 5590 significare,
3282 5536 3444 5591 quam

1873 5610 2091 5666 modum
2117 5609 2469 5678 subsistendi,
2499 5626 2657 5681 quem
2690 5610 2938 5668 Justinus
2966 5612 3191 5685 Martyr,
3248 5614 3449 5687 aliique
