  <div class='ocr_page' id='page_1' title='image "/cluster/home/n/w/nwhite01/storage/ocr_20150623/18/hvd.32044073501215/279.png"; bbox 0 0 3980 6318; ppageno 0'>
   <div class='ocr_carea' id='block_1_1' title="bbox 571 305 677 360">
    <p class='ocr_par' dir='ltr' id='par_1_1' title="bbox 571 305 677 360">
     <span class='ocr_line' id='line_1_1' title="bbox 571 305 677 360; baseline -0.009 0"><span class='ocrx_word' id='word_1_1' title='bbox 571 305 677 360; x_wconf 73' lang='grc'><strong>543</strong></span> 
     </span>
    </p>
   </div>
   <div class='ocr_carea' id='block_1_2' title="bbox 1627 306 2733 366">
    <p class='ocr_par' dir='ltr' id='par_1_2' title="bbox 1627 306 2733 366">
     <span class='ocr_line' id='line_1_2' title="bbox 1627 306 2733 366; baseline 0.005 -6"><span class='ocrx_word' id='word_1_2' title='bbox 1627 306 1685 360; x_wconf 90' lang='lat' dir='ltr'><strong>S.</strong></span> <span class='ocrx_word' id='word_1_3' title='bbox 1730 306 2149 362; x_wconf 75' lang='lat' dir='ltr'><strong>ALEXANDER</strong></span> <span class='ocrx_word' id='word_1_4' title='bbox 2181 308 2733 366; x_wconf 76' lang='lat' dir='ltr'><strong>ALEXANDRlNUS.</strong></span> 
     </span>
    </p>
   </div>
   <div class='ocr_carea' id='block_1_3' title="bbox 3627 326 3714 383">
    <p class='ocr_par' dir='ltr' id='par_1_3' title="bbox 3627 326 3714 383">
     <span class='ocr_line' id='line_1_3' title="bbox 3627 326 3714 383; baseline 0.023 -2"><span class='ocrx_word' id='word_1_5' title='bbox 3627 326 3714 383; x_wconf 68' lang='lat'><strong>5“</strong></span> 
     </span>
    </p>
   </div>
   <div class='ocr_carea' id='block_1_4' title="bbox 568 412 2139 496">
    <p class='ocr_par' dir='ltr' id='par_1_4' title="bbox 568 412 2133 490">
     <span class='ocr_line' id='line_1_4' title="bbox 568 412 2133 490; baseline 0 -15"><span class='ocrx_word' id='word_1_6' title='bbox 568 412 743 475; x_wconf 75' lang='lat' dir='ltr'><strong>Graci</strong></span> <span class='ocrx_word' id='word_1_7' title='bbox 766 417 998 487; x_wconf 93' lang='lat' dir='ltr'><strong>theologi</strong></span> <span class='ocrx_word' id='word_1_8' title='bbox 1021 416 1107 471; x_wconf 78' lang='grc' dir='ltr'><strong>τὸν</strong></span> <span class='ocrx_word' id='word_1_9' title='bbox 1139 417 1335 490; x_wconf 83' lang='grc' dir='ltr'>τρόπον</span> <span class='ocrx_word' id='word_1_10' title='bbox 1356 419 1451 488; x_wconf 76' lang='grc' dir='ltr'>τῆς</span> <span class='ocrx_word' id='word_1_11' title='bbox 1482 418 1786 490; x_wconf 82' lang='grc' dir='ltr'>ὑπάρξεως,</span> <span class='ocrx_word' id='word_1_12' title='bbox 1836 422 1919 476; x_wconf 87' lang='lat' dir='ltr'><strong>vel</strong></span> <span class='ocrx_word' id='word_1_13' title='bbox 1972 421 2133 477; x_wconf 89' lang='lat' dir='ltr'><strong>etiam</strong></span> 
     </span>
    </p>
   </div>
   <div class='ocr_carea' id='block_1_5' title="bbox 2241 412 3717 496">
    <p class='ocr_par' dir='ltr' id='par_1_5' title="bbox 2241 421 3717 496">
     <span class='ocr_line' id='line_1_5' title="bbox 2241 421 3717 496; baseline 0.002 -19"><span class='ocrx_word' id='word_1_14' title='bbox 2241 432 2443 496; x_wconf 89' lang='lat' dir='ltr'><strong>terpres</strong></span> <span class='ocrx_word' id='word_1_15' title='bbox 2478 422 2681 478; x_wconf 90' lang='lat' dir='ltr'><strong>recedit</strong></span> <span class='ocrx_word' id='word_1_16' title='bbox 2713 442 2725 479; x_wconf 94' lang='lat'><strong>:</strong></span> <span class='ocrx_word' id='word_1_17' title='bbox 2771 421 3044 494; x_wconf 81' lang='lat' dir='ltr'><strong>Tanquam</strong></span> <span class='ocrx_word' id='word_1_18' title='bbox 3087 437 3175 492; x_wconf 84' lang='lat' dir='ltr'><strong>per</strong></span> <span class='ocrx_word' id='word_1_19' title='bbox 3216 426 3393 494; x_wconf 85' lang='lat' dir='ltr'><strong>ipsum,</strong></span> <span class='ocrx_word' id='word_1_20' title='bbox 3422 428 3539 483; x_wconf 82' lang='lat' dir='ltr'><strong>velut</strong></span> <span class='ocrx_word' id='word_1_21' title='bbox 3562 434 3717 491; x_wconf 73' lang='lat' dir='ltr'><strong>imm.</strong></span> 
     </span>
    </p>
   </div>
   <div class='ocr_carea' id='block_1_6' title="bbox 571 506 2134 580">
    <p class='ocr_par' dir='ltr' id='par_1_6' title="bbox 571 506 2134 580">
     <span class='ocr_line' id='line_1_6' title="bbox 571 506 2134 580; baseline 0.001 -14"><span class='ocrx_word' id='word_1_22' title='bbox 571 508 913 578; x_wconf 86' lang='lat' dir='ltr'><strong>simpliciter,</strong></span> <span class='ocrx_word' id='word_1_23' title='bbox 952 507 1049 578; x_wconf 84' lang='grc' dir='ltr'>τὴν</span> <span class='ocrx_word' id='word_1_24' title='bbox 1106 506 1337 580; x_wconf 77' lang='grc' dir='ltr'>ὓπαρξιν</span> <span class='ocrx_word' id='word_1_25' title='bbox 1390 511 1684 580; x_wconf 89' lang='lat' dir='ltr'><strong>appellant.</strong></span> <span class='ocrx_word' id='word_1_26' title='bbox 1738 510 1815 565; x_wconf 88' lang='lat' dir='ltr'><strong>Ita</strong></span> <span class='ocrx_word' id='word_1_27' title='bbox 1874 512 2134 569; x_wconf 82' lang='lat' dir='ltr'><strong>Joannem</strong></span> 
     </span>
    </p>
   </div>
   <div class='ocr_carea' id='block_1_7' title="bbox 568 599 2133 671">
    <p class='ocr_par' dir='ltr' id='par_1_7' title="bbox 568 599 2133 671">
     <span class='ocr_line' id='line_1_7' title="bbox 568 599 2133 671; baseline 0.003 -15"><span class='ocrx_word' id='word_1_28' title='bbox 568 599 958 668; x_wconf 73' lang='lat' dir='ltr'><strong>evangelistam</strong></span> <span class='ocrx_word' id='word_1_29' title='bbox 1008 599 1277 654; x_wconf 75' lang='lat' dir='ltr'><strong>dicentem</strong></span> <span class='ocrx_word' id='word_1_30' title='bbox 1310 618 1324 654; x_wconf 90' lang='lat'><strong>:</strong></span> <span class='ocrx_word' id='word_1_31' title='bbox 1352 599 1417 654; x_wconf 89' lang='lat' dir='ltr'><strong>In</strong></span> <span class='ocrx_word' id='word_1_32' title='bbox 1452 602 1708 671; x_wconf 81' lang='lat' dir='ltr'><strong>principio</strong></span> <span class='ocrx_word' id='word_1_33' title='bbox 1741 614 1853 656; x_wconf 86' lang='lat' dir='ltr'><strong>erat</strong></span> <span class='ocrx_word' id='word_1_34' title='bbox 1887 603 2133 670; x_wconf 86' lang='lat' dir='ltr'><strong>Verbum,</strong></span> 
     </span>
    </p>
   </div>
   <div class='ocr_carea' id='block_1_8' title="bbox 503 677 2137 770">
    <p class='ocr_par' dir='ltr' id='par_1_8' title="bbox 503 677 2137 770">
     <span class='ocr_line' id='line_1_8' title="bbox 503 677 2137 770; baseline 0.005 -25"><span class='ocrx_word' id='word_1_35' title='bbox 503 677 509 685; x_wconf 68' lang='grc'><em>’</em></span> <span class='ocrx_word' id='word_1_36' title='bbox 571 699 625 746; x_wconf 89' lang='lat' dir='ltr'><strong>et</strong></span> <span class='ocrx_word' id='word_1_37' title='bbox 689 689 864 742; x_wconf 97' lang='lat' dir='ltr'><strong>omnia</strong></span> <span class='ocrx_word' id='word_1_38' title='bbox 924 705 1017 759; x_wconf 84' lang='lat' dir='ltr'><strong>per</strong></span> <span class='ocrx_word' id='word_1_39' title='bbox 1070 691 1238 758; x_wconf 87' lang='lat' dir='ltr'><strong>ipsum</strong></span> <span class='ocrx_word' id='word_1_40' title='bbox 1288 692 1435 761; x_wconf 76' lang='lat' dir='ltr'><strong>facta</strong></span> <span class='ocrx_word' id='word_1_41' title='bbox 1482 704 1625 758; x_wconf 84' lang='lat' dir='ltr'><strong>sunt,</strong></span> <span class='ocrx_word' id='word_1_42' title='bbox 1672 694 1767 767; x_wconf 80' lang='grc' dir='ltr'>τὴν</span> <span class='ocrx_word' id='word_1_43' title='bbox 1839 698 2137 770; x_wconf 81' lang='grc' dir='ltr'>ἰδιότροπον</span> 
     </span>
    </p>
   </div>
   <div class='ocr_carea' id='block_1_9' title="bbox 573 785 2139 856">
    <p class='ocr_par' dir='ltr' id='par_1_9' title="bbox 573 785 2139 856">
     <span class='ocr_line' id='line_1_9' title="bbox 573 785 2139 856; baseline 0.007 -18"><span class='ocrx_word' id='word_1_44' title='bbox 573 786 737 839; x_wconf 80' lang='grc' dir='ltr'>αὑτοῦ</span> <span class='ocrx_word' id='word_1_45' title='bbox 770 785 1085 850; x_wconf 88' lang='grc' dir='ltr'>ὑπόστασιν,</span> <span class='ocrx_word' id='word_1_46' title='bbox 1108 787 1390 855; x_wconf 90' lang='lat' dir='ltr'><strong>proprium</strong></span> <span class='ocrx_word' id='word_1_47' title='bbox 1433 785 1553 856; x_wconf 88' lang='lat' dir='ltr'><strong>ejus</strong></span> <span class='ocrx_word' id='word_1_48' title='bbox 1604 790 1969 847; x_wconf 85' lang='lat' dir='ltr'><strong>subsistentia</strong></span> <span class='ocrx_word' id='word_1_49' title='bbox 2024 810 2139 849; x_wconf 89' lang='lat' dir='ltr'><strong>mo-</strong></span> 
     </span>
    </p>
   </div>
   <div class='ocr_carea' id='block_1_10' title="bbox 572 876 2140 952">
    <p class='ocr_par' dir='ltr' id='par_1_10' title="bbox 572 876 2140 952">
     <span class='ocr_line' id='line_1_10' title="bbox 572 876 2140 952; baseline 0.007 -22"><span class='ocrx_word' id='word_1_50' title='bbox 572 876 723 938; x_wconf 85' lang='lat' dir='ltr'><strong>dum.</strong></span> <span class='ocrx_word' id='word_1_51' title='bbox 749 878 883 943; x_wconf 87' lang='lat' dir='ltr'><strong>sive,</strong></span> <span class='ocrx_word' id='word_1_52' title='bbox 910 886 967 930; x_wconf 91' lang='lat' dir='ltr'><strong>ut</strong></span> <span class='ocrx_word' id='word_1_53' title='bbox 991 876 1325 947; x_wconf 82' lang='lat' dir='ltr'><strong>Epiphanius</strong></span> <span class='ocrx_word' id='word_1_54' title='bbox 1347 880 1528 946; x_wconf 79' lang='lat' dir='ltr'><strong>vertit,</strong></span> <span class='ocrx_word' id='word_1_55' title='bbox 1558 882 1832 951; x_wconf 80' lang='lat' dir='ltr'><strong>prepriam</strong></span> <span class='ocrx_word' id='word_1_56' title='bbox 1861 883 1979 952; x_wconf 89' lang='lat' dir='ltr'><strong>ejus</strong></span> <span class='ocrx_word' id='word_1_57' title='bbox 2007 885 2140 941; x_wconf 85' lang='lat' dir='ltr'><strong>sub-</strong></span> 
     </span>
    </p>
   </div>
   <div class='ocr_carea' id='block_1_11' title="bbox 573 967 2135 1038">
    <p class='ocr_par' dir='ltr' id='par_1_11' title="bbox 573 967 2135 1038">
     <span class='ocr_line' id='line_1_11' title="bbox 573 967 2135 1038; baseline 0.003 -16"><span class='ocrx_word' id='word_1_58' title='bbox 573 968 829 1023; x_wconf 78' lang='lat' dir='ltr'><strong>stantiam</strong></span> <span class='ocrx_word' id='word_1_59' title='bbox 872 967 1186 1038; x_wconf 80' lang='lat' dir='ltr'><strong>designasse</strong></span> <span class='ocrx_word' id='word_1_60' title='bbox 1208 969 1283 1021; x_wconf 90' lang='lat' dir='ltr'><strong>ait</strong></span> <span class='ocrx_word' id='word_1_61' title='bbox 1325 986 1338 1021; x_wconf 90' lang='lat'><strong>:</strong></span> <span class='ocrx_word' id='word_1_62' title='bbox 1385 967 1561 1038; x_wconf 89' lang='lat' dir='ltr'><strong>ipsum</strong></span> <span class='ocrx_word' id='word_1_63' title='bbox 1609 971 1819 1025; x_wconf 84' lang='lat' dir='ltr'><strong>scilicet</strong></span> <span class='ocrx_word' id='word_1_64' title='bbox 1874 969 2135 1037; x_wconf 82' lang='lat' dir='ltr'><strong>Verbum,</strong></span> 
     </span>
    </p>
   </div>
   <div class='ocr_carea' id='block_1_12' title="bbox 571 1058 2139 1131">
    <p class='ocr_par' dir='ltr' id='par_1_12' title="bbox 571 1058 2139 1131">
     <span class='ocr_line' id='line_1_12' title="bbox 571 1058 2139 1131; baseline 0.006 -19"><span class='ocrx_word' id='word_1_65' title='bbox 571 1073 670 1131; x_wconf 90' lang='lat' dir='ltr'><strong>per</strong></span> <span class='ocrx_word' id='word_1_66' title='bbox 695 1059 837 1129; x_wconf 89' lang='lat' dir='ltr'><strong>quod</strong></span> <span class='ocrx_word' id='word_1_67' title='bbox 864 1058 1002 1113; x_wconf 81' lang='lat' dir='ltr'><strong>facta</strong></span> <span class='ocrx_word' id='word_1_68' title='bbox 1032 1068 1158 1113; x_wconf 82' lang='lat' dir='ltr'><strong>sunt</strong></span> <span class='ocrx_word' id='word_1_69' title='bbox 1188 1059 1394 1124; x_wconf 85' lang='lat' dir='ltr'><strong>omnia,</strong></span> <span class='ocrx_word' id='word_1_70' title='bbox 1420 1059 1589 1115; x_wconf 80' lang='lat' dir='ltr'><strong>fuisse</strong></span> <span class='ocrx_word' id='word_1_71' title='bbox 1608 1070 1732 1116; x_wconf 83' lang='lat' dir='ltr'><strong>ante</strong></span> <span class='ocrx_word' id='word_1_72' title='bbox 1744 1063 1924 1117; x_wconf 87' lang='lat' dir='ltr'><strong>omnia</strong></span> <span class='ocrx_word' id='word_1_73' title='bbox 1947 1072 1999 1119; x_wconf 91' lang='lat' dir='ltr'><strong>et</strong></span> <span class='ocrx_word' id='word_1_74' title='bbox 2017 1081 2139 1121; x_wconf 92' lang='lat' dir='ltr'><strong>esse</strong></span> 
     </span>
    </p>
   </div>
   <div class='ocr_carea' id='block_1_13' title="bbox 572 1149 2133 1222">
    <p class='ocr_par' dir='ltr' id='par_1_13' title="bbox 572 1149 2133 1222">
     <span class='ocr_line' id='line_1_13' title="bbox 572 1149 2133 1222; baseline 0.001 -16"><span class='ocrx_word' id='word_1_75' title='bbox 572 1150 690 1206; x_wconf 91' lang='lat' dir='ltr'><strong>sive</strong></span> <span class='ocrx_word' id='word_1_76' title='bbox 717 1151 1017 1208; x_wconf 88' lang='lat' dir='ltr'><strong>subsistere</strong></span> <span class='ocrx_word' id='word_1_77' title='bbox 1055 1149 1330 1205; x_wconf 90' lang='lat' dir='ltr'><strong>diversum</strong></span> <span class='ocrx_word' id='word_1_78' title='bbox 1361 1149 1491 1222; x_wconf 88' lang='lat' dir='ltr'><strong>quid</strong></span> <span class='ocrx_word' id='word_1_79' title='bbox 1541 1167 1572 1205; x_wconf 91' lang='lat' dir='ltr'><strong>a</strong></span> <span class='ocrx_word' id='word_1_80' title='bbox 1605 1153 1817 1209; x_wconf 82' lang='lat' dir='ltr'><strong>cateris</strong></span> <span class='ocrx_word' id='word_1_81' title='bbox 1842 1156 2133 1211; x_wconf 88' lang='lat' dir='ltr'><strong>omnibus:</strong></span> 
     </span>
    </p>
   </div>
   <div class='ocr_carea' id='block_1_14' title="bbox 558 1239 2135 1314">
    <p class='ocr_par' dir='ltr' id='par_1_14' title="bbox 558 1239 2135 1314">
     <span class='ocr_line' id='line_1_14' title="bbox 558 1239 2135 1314; baseline 0.001 -19"><span class='ocrx_word' id='word_1_82' title='bbox 558 1257 736 1312; x_wconf 71' lang='lat' dir='ltr'><strong>quam</strong></span> <span class='ocrx_word' id='word_1_83' title='bbox 768 1242 858 1295; x_wconf 88' lang='lat' dir='ltr'><strong>ille</strong></span> <span class='ocrx_word' id='word_1_84' title='bbox 905 1239 1203 1310; x_wconf 86' lang='lat' dir='ltr'><strong>signanter,</strong></span> <span class='ocrx_word' id='word_1_85' title='bbox 1256 1240 1553 1314; x_wconf 78' lang='grc' dir='ltr'>ἰδιότροπον</span> <span class='ocrx_word' id='word_1_86' title='bbox 1607 1242 1899 1296; x_wconf 81' lang='grc' dir='ltr'><strong>ὑπόστασιν</strong></span> <span class='ocrx_word' id='word_1_87' title='bbox 1957 1250 2135 1297; x_wconf 90' lang='lat' dir='ltr'><strong>vocat.</strong></span> 
     </span>
    </p>
   </div>
   <div class='ocr_carea' id='block_1_15' title="bbox 571 1331 2139 1403">
    <p class='ocr_par' dir='ltr' id='par_1_15' title="bbox 571 1331 2139 1403">
     <span class='ocr_line' id='line_1_15' title="bbox 571 1331 2139 1403; baseline 0.001 -16"><span class='ocrx_word' id='word_1_88' title='bbox 571 1333 782 1400; x_wconf 84' lang='lat' dir='ltr'><strong>Quibus</strong></span> <span class='ocrx_word' id='word_1_89' title='bbox 832 1332 993 1402; x_wconf 89' lang='lat' dir='ltr'><strong>paulo</strong></span> <span class='ocrx_word' id='word_1_90' title='bbox 1052 1341 1173 1400; x_wconf 92' lang='lat' dir='ltr'><strong>post</strong></span> <span class='ocrx_word' id='word_1_91' title='bbox 1228 1331 1528 1403; x_wconf 89' lang='lat' dir='ltr'><strong>subjungit,</strong></span> <span class='ocrx_word' id='word_1_92' title='bbox 1576 1333 1835 1387; x_wconf 90' lang='lat' dir='ltr'><strong>mundum</strong></span> <span class='ocrx_word' id='word_1_93' title='bbox 1874 1349 1937 1388; x_wconf 83' lang='lat' dir='ltr'><strong>ex</strong></span> <span class='ocrx_word' id='word_1_94' title='bbox 1968 1334 2139 1389; x_wconf 89' lang='lat' dir='ltr'><strong>nihilo</strong></span> 
     </span>
    </p>
   </div>
   <div class='ocr_carea' id='block_1_16' title="bbox 571 1418 2139 1494">
    <p class='ocr_par' dir='ltr' id='par_1_16' title="bbox 571 1418 2139 1494">
     <span class='ocr_line' id='line_1_16' title="bbox 571 1418 2139 1494; baseline 0.001 -19"><span class='ocrx_word' id='word_1_95' title='bbox 571 1420 929 1494; x_wconf 83' lang='lat' dir='ltr'><strong>productum.</strong></span> <span class='ocrx_word' id='word_1_96' title='bbox 981 1419 1251 1492; x_wconf 82' lang='grc' dir='ltr'><strong>νεωτέραν</strong></span> <span class='ocrx_word' id='word_1_97' title='bbox 1291 1418 1433 1489; x_wconf 74' lang='grc' dir='ltr'>ἔχειν</span> <span class='ocrx_word' id='word_1_98' title='bbox 1495 1420 1595 1490; x_wconf 84' lang='grc' dir='ltr'><strong>τῆς</strong></span> <span class='ocrx_word' id='word_1_99' title='bbox 1639 1420 1984 1485; x_wconf 78' lang='grc' dir='ltr'><strong>ὑποστάσεως</strong></span> <span class='ocrx_word' id='word_1_100' title='bbox 2047 1423 2139 1476; x_wconf 76' lang='grc' dir='ltr'><strong>καὶ</strong></span> 
     </span>
    </p>
   </div>
   <div class='ocr_carea' id='block_1_17' title="bbox 571 1512 2137 1587">
    <p class='ocr_par' dir='ltr' id='par_1_17' title="bbox 571 1512 2137 1587">
     <span class='ocr_line' id='line_1_17' title="bbox 571 1512 2137 1587; baseline 0.001 -19"><span class='ocrx_word' id='word_1_101' title='bbox 571 1512 882 1587; x_wconf 84' lang='grc' dir='ltr'>πρόσφατον</span> <span class='ocrx_word' id='word_1_102' title='bbox 911 1512 1142 1581; x_wconf 79' lang='grc' dir='ltr'>γένεσιν.</span> <span class='ocrx_word' id='word_1_103' title='bbox 1181 1513 1520 1567; x_wconf 79' lang='lat' dir='ltr'><strong>recentiorem</strong></span> <span class='ocrx_word' id='word_1_104' title='bbox 1562 1513 1805 1568; x_wconf 77' lang='lat' dir='ltr'><strong>habuisse</strong></span> <span class='ocrx_word' id='word_1_105' title='bbox 1841 1518 2137 1584; x_wconf 84' lang='lat' dir='ltr'><strong>generatio-</strong></span> 
     </span>
    </p>
   </div>
   <div class='ocr_carea' id='block_1_18' title="bbox 574 1603 2139 1675">
    <p class='ocr_par' dir='ltr' id='par_1_18' title="bbox 574 1603 2139 1675">
     <span class='ocr_line' id='line_1_18' title="bbox 574 1603 2139 1675; baseline 0 -16"><span class='ocrx_word' id='word_1_106' title='bbox 574 1622 714 1670; x_wconf 85' lang='lat' dir='ltr'><strong>nem,</strong></span> <span class='ocrx_word' id='word_1_107' title='bbox 738 1607 875 1671; x_wconf 87' lang='lat' dir='ltr'><strong>sive,</strong></span> <span class='ocrx_word' id='word_1_108' title='bbox 906 1614 964 1658; x_wconf 92' lang='lat' dir='ltr'><strong>ut</strong></span> <span class='ocrx_word' id='word_1_109' title='bbox 988 1603 1322 1675; x_wconf 85' lang='lat' dir='ltr'><strong>Epiphanius</strong></span> <span class='ocrx_word' id='word_1_110' title='bbox 1349 1606 1415 1659; x_wconf 89' lang='lat' dir='ltr'><strong>ad</strong></span> <span class='ocrx_word' id='word_1_111' title='bbox 1460 1605 1683 1659; x_wconf 86' lang='lat' dir='ltr'><strong>verbum</strong></span> <span class='ocrx_word' id='word_1_112' title='bbox 1714 1604 1911 1671; x_wconf 88' lang='lat' dir='ltr'><strong>reddit,</strong></span> <span class='ocrx_word' id='word_1_113' title='bbox 1966 1606 2139 1661; x_wconf 82' lang='lat' dir='ltr'><strong>novel-</strong></span> 
     </span>
    </p>
   </div>
   <div class='ocr_carea' id='block_1_19' title="bbox 572 1695 2136 1768">
    <p class='ocr_par' dir='ltr' id='par_1_19' title="bbox 572 1695 2136 1768">
     <span class='ocr_line' id='line_1_19' title="bbox 572 1695 2136 1768; baseline 0.001 -17"><span class='ocrx_word' id='word_1_114' title='bbox 572 1695 681 1751; x_wconf 85' lang='lat' dir='ltr'><strong>lam</strong></span> <span class='ocrx_word' id='word_1_115' title='bbox 698 1696 885 1751; x_wconf 83' lang='lat' dir='ltr'><strong>habere</strong></span> <span class='ocrx_word' id='word_1_116' title='bbox 909 1696 1218 1751; x_wconf 73' lang='lat' dir='ltr'><strong>substantia:</strong></span> <span class='ocrx_word' id='word_1_117' title='bbox 1246 1707 1598 1768; x_wconf 83' lang='lat' dir='ltr'><strong>recentemque</strong></span> <span class='ocrx_word' id='word_1_118' title='bbox 1651 1697 1995 1751; x_wconf 85' lang='lat' dir='ltr'><strong>nativitatem.</strong></span> <span class='ocrx_word' id='word_1_119' title='bbox 2036 1696 2136 1753; x_wconf 89' lang='lat' dir='ltr'><strong>Ubi</strong></span> 
     </span>
    </p>
   </div>
   <div class='ocr_carea' id='block_1_20' title="bbox 572 1787 2137 1860">
    <p class='ocr_par' dir='ltr' id='par_1_20' title="bbox 572 1787 2137 1860">
     <span class='ocr_line' id='line_1_20' title="bbox 572 1787 2137 1860; baseline -0.001 -17"><span class='ocrx_word' id='word_1_120' title='bbox 572 1789 708 1843; x_wconf 88' lang='lat' dir='ltr'><strong>nihil</strong></span> <span class='ocrx_word' id='word_1_121' title='bbox 739 1787 883 1843; x_wconf 87' lang='lat' dir='ltr'><strong>aliud</strong></span> <span class='ocrx_word' id='word_1_122' title='bbox 913 1788 1266 1852; x_wconf 84' lang='grc' dir='ltr'>ὑποστάσεως</span> <span class='ocrx_word' id='word_1_123' title='bbox 1292 1805 1425 1845; x_wconf 91' lang='lat' dir='ltr'><strong>voce</strong></span> <span class='ocrx_word' id='word_1_124' title='bbox 1474 1789 1697 1859; x_wconf 80' lang='lat' dir='ltr'><strong>intelligi</strong></span> <span class='ocrx_word' id='word_1_125' title='bbox 1747 1799 1945 1860; x_wconf 88' lang='lat' dir='ltr'><strong>potest,</strong></span> <span class='ocrx_word' id='word_1_126' title='bbox 1974 1804 2137 1859; x_wconf 90' lang='lat' dir='ltr'><strong>quam</strong></span> 
     </span>
    </p>
   </div>
   <div class='ocr_carea' id='block_1_21' title="bbox 573 1880 2138 1954">
    <p class='ocr_par' dir='ltr' id='par_1_21' title="bbox 573 1880 2138 1954">
     <span class='ocr_line' id='line_1_21' title="bbox 573 1880 2138 1954; baseline -0.001 -18"><span class='ocrx_word' id='word_1_127' title='bbox 573 1882 692 1952; x_wconf 90' lang='lat' dir='ltr'><strong>ipsa</strong></span> <span class='ocrx_word' id='word_1_128' title='bbox 732 1880 962 1954; x_wconf 79' lang='grc' dir='ltr'>ὑπαρξις</span> <span class='ocrx_word' id='word_1_129' title='bbox 983 1890 1037 1937; x_wconf 89' lang='lat' dir='ltr'><strong>et</strong></span> <span class='ocrx_word' id='word_1_130' title='bbox 1068 1883 1406 1938; x_wconf 81' lang='lat' dir='ltr'><strong>exsistentia.</strong></span> <span class='ocrx_word' id='word_1_131' title='bbox 1439 1880 1590 1937; x_wconf 88' lang='lat' dir='ltr'><strong>Unde</strong></span> <span class='ocrx_word' id='word_1_132' title='bbox 1643 1897 1805 1952; x_wconf 88' lang='lat' dir='ltr'><strong>quam</strong></span> <span class='ocrx_word' id='word_1_133' title='bbox 1850 1882 2011 1935; x_wconf 89' lang='lat' dir='ltr'><strong>modo</strong></span> <span class='ocrx_word' id='word_1_134' title='bbox 2038 1881 2138 1953; x_wconf 74' lang='grc' dir='ltr'>τῆς</span> 
     </span>
    </p>
   </div>
   <div class='ocr_carea' id='block_1_22' title="bbox 572 1971 2138 2041">
    <p class='ocr_par' dir='ltr' id='par_1_22' title="bbox 572 1971 2138 2041">
     <span class='ocr_line' id='line_1_22' title="bbox 572 1971 2138 2041; baseline -0.001 -16"><span class='ocrx_word' id='word_1_135' title='bbox 572 1973 922 2036; x_wconf 72' lang='grc' dir='ltr'>ὑποστάσεως</span> <span class='ocrx_word' id='word_1_136' title='bbox 951 1972 1185 2041; x_wconf 83' lang='grc' dir='ltr'>γένεσιν,</span> <span class='ocrx_word' id='word_1_137' title='bbox 1209 1972 1601 2041; x_wconf 80' lang='lat' dir='ltr'><strong>productionem</strong></span> <span class='ocrx_word' id='word_1_138' title='bbox 1655 1971 1723 2025; x_wconf 84' lang='lat' dir='ltr'><strong>ad</strong></span> <span class='ocrx_word' id='word_1_139' title='bbox 1780 1972 2138 2027; x_wconf 73' lang='lat' dir='ltr'><strong>exsistendum</strong></span> 
     </span>
    </p>
   </div>
   <div class='ocr_carea' id='block_1_23' title="bbox 572 2058 2135 2135">
    <p class='ocr_par' dir='ltr' id='par_1_23' title="bbox 572 2058 2135 2135">
     <span class='ocr_line' id='line_1_23' title="bbox 572 2058 2135 2135; baseline -0.001 -16"><span class='ocrx_word' id='word_1_140' title='bbox 572 2064 733 2129; x_wconf 66' lang='lat' dir='ltr'><strong>dixit,</strong></span> <span class='ocrx_word' id='word_1_141' title='bbox 758 2080 882 2120; x_wconf 78' lang='lat' dir='ltr'><strong>mox</strong></span> <span class='ocrx_word' id='word_1_142' title='bbox 913 2058 1277 2135; x_wconf 84' lang='lat' dir='ltr'><strong>aquipollenti</strong></span> <span class='ocrx_word' id='word_1_143' title='bbox 1311 2065 1576 2120; x_wconf 86' lang='lat' dir='ltr'><strong>vocabulo</strong></span> <span class='ocrx_word' id='word_1_144' title='bbox 1602 2064 1856 2117; x_wconf 88' lang='grc' dir='ltr'>οὑσίωσιν</span> <span class='ocrx_word' id='word_1_145' title='bbox 1882 2064 2135 2133; x_wconf 86' lang='lat' dir='ltr'><strong>appellat.</strong></span> 
     </span>
    </p>
   </div>
   <div class='ocr_carea' id='block_1_24' title="bbox 573 2153 2139 2228">
    <p class='ocr_par' dir='ltr' id='par_1_24' title="bbox 573 2153 2139 2228">
     <span class='ocr_line' id='line_1_24' title="bbox 573 2153 2139 2228; baseline 0.001 -20"><span class='ocrx_word' id='word_1_146' title='bbox 573 2153 641 2208; x_wconf 88' lang='lat' dir='ltr'><strong>Et</strong></span> <span class='ocrx_word' id='word_1_147' title='bbox 671 2155 861 2226; x_wconf 89' lang='lat' dir='ltr'><strong>paucis</strong></span> <span class='ocrx_word' id='word_1_148' title='bbox 898 2155 1200 2226; x_wconf 87' lang='lat' dir='ltr'><strong>interjectis</strong></span> <span class='ocrx_word' id='word_1_149' title='bbox 1258 2154 1378 2210; x_wconf 85' lang='lat' dir='ltr'><strong>Filii</strong></span> <span class='ocrx_word' id='word_1_150' title='bbox 1438 2155 1701 2226; x_wconf 88' lang='lat' dir='ltr'><strong>unigeniti</strong></span> <span class='ocrx_word' id='word_1_151' title='bbox 1754 2155 2139 2228; x_wconf 80' lang='grc' dir='ltr'>άνεκδιήγητον</span> 
     </span>
    </p>
   </div>
   <div class='ocr_carea' id='block_1_25' title="bbox 573 2246 2138 2320">
    <p class='ocr_par' dir='ltr' id='par_1_25' title="bbox 573 2246 2138 2320">
     <span class='ocr_line' id='line_1_25' title="bbox 573 2246 2138 2320; baseline 0.001 -19"><span class='ocrx_word' id='word_1_152' title='bbox 573 2246 868 2301; x_wconf 83' lang='grc' dir='ltr'>ὑπόστασιν</span> <span class='ocrx_word' id='word_1_153' title='bbox 899 2255 1093 2315; x_wconf 90' lang='lat' dir='ltr'><strong>vocat;</strong></span> <span class='ocrx_word' id='word_1_154' title='bbox 1129 2247 1197 2302; x_wconf 91' lang='lat' dir='ltr'><strong>de</strong></span> <span class='ocrx_word' id='word_1_155' title='bbox 1221 2262 1327 2317; x_wconf 89' lang='lat' dir='ltr'><strong>qua</strong></span> <span class='ocrx_word' id='word_1_156' title='bbox 1359 2247 1598 2317; x_wconf 85' lang='lat' dir='ltr'><strong>Spiritus</strong></span> <span class='ocrx_word' id='word_1_157' title='bbox 1652 2256 1875 2304; x_wconf 88' lang='lat' dir='ltr'><strong>sanctus</strong></span> <span class='ocrx_word' id='word_1_158' title='bbox 1906 2248 2138 2320; x_wconf 81' lang='lat' dir='ltr'><strong>prophe-</strong></span> 
     </span>
    </p>
   </div>
   <div class='ocr_carea' id='block_1_26' title="bbox 574 2338 2139 2411">
    <p class='ocr_par' dir='ltr' id='par_1_26' title="bbox 574 2338 2139 2411">
     <span class='ocr_line' id='line_1_26' title="bbox 574 2338 2139 2411; baseline -0.001 -19"><span class='ocrx_word' id='word_1_159' title='bbox 574 2338 686 2393; x_wconf 89' lang='lat' dir='ltr'><strong>tico</strong></span> <span class='ocrx_word' id='word_1_160' title='bbox 711 2339 932 2394; x_wconf 89' lang='lat' dir='ltr'><strong>oraculo</strong></span> <span class='ocrx_word' id='word_1_161' title='bbox 979 2338 1189 2393; x_wconf 81' lang='lat' dir='ltr'><strong>dixerat</strong></span> <span class='ocrx_word' id='word_1_162' title='bbox 1223 2357 1237 2392; x_wconf 74' lang='grc' dir='ltr'><strong><em>τ</em></strong></span> <span class='ocrx_word' id='word_1_163' title='bbox 1268 2338 1377 2411; x_wconf 80' lang='grc' dir='ltr'><strong>Τὴν</strong></span> <span class='ocrx_word' id='word_1_164' title='bbox 1431 2339 1624 2408; x_wconf 81' lang='grc' dir='ltr'>γενεάν</span> <span class='ocrx_word' id='word_1_165' title='bbox 1670 2338 1829 2393; x_wconf 88' lang='grc' dir='ltr'><strong>αὑτοῦ</strong></span> <span class='ocrx_word' id='word_1_166' title='bbox 1887 2340 1968 2402; x_wconf 87' lang='grc' dir='ltr'><strong>τίς</strong></span> <span class='ocrx_word' id='word_1_167' title='bbox 2021 2339 2139 2411; x_wconf 81' lang='grc' dir='ltr'>διη-</span> 
     </span>
    </p>
   </div>
   <div class='ocr_carea' id='block_1_27' title="bbox 572 2426 2139 2500">
    <p class='ocr_par' dir='ltr' id='par_1_27' title="bbox 572 2426 2139 2500">
     <span class='ocr_line' id='line_1_27' title="bbox 572 2426 2139 2500; baseline 0.003 -20"><span class='ocrx_word' id='word_1_168' title='bbox 572 2426 835 2500; x_wconf 72' lang='grc' dir='ltr'>γήσεται;</span> <span class='ocrx_word' id='word_1_169' title='bbox 891 2427 1287 2482; x_wconf 81' lang='lat' dir='ltr'><strong>Cenerationem</strong></span> <span class='ocrx_word' id='word_1_170' title='bbox 1337 2429 1449 2497; x_wconf 88' lang='lat' dir='ltr'><strong>ejus</strong></span> <span class='ocrx_word' id='word_1_171' title='bbox 1503 2430 1620 2500; x_wconf 90' lang='lat' dir='ltr'><strong>quis</strong></span> <span class='ocrx_word' id='word_1_172' title='bbox 1672 2428 1979 2485; x_wconf 81' lang='lat' dir='ltr'><strong>enarrabit?</strong></span> <span class='ocrx_word' id='word_1_173' title='bbox 2038 2429 2139 2485; x_wconf 89' lang='lat' dir='ltr'><strong>libi</strong></span> 
     </span>
    </p>
   </div>
   <div class='ocr_carea' id='block_1_28' title="bbox 576 2519 2140 2591">
    <p class='ocr_par' dir='ltr' id='par_1_28' title="bbox 576 2519 2140 2591">
     <span class='ocr_line' id='line_1_28' title="bbox 576 2519 2140 2591; baseline 0.002 -18"><span class='ocrx_word' id='word_1_174' title='bbox 576 2519 867 2573; x_wconf 84' lang='grc' dir='ltr'>ὑπόστασιν</span> <span class='ocrx_word' id='word_1_175' title='bbox 901 2527 955 2572; x_wconf 88' lang='lat' dir='ltr'><strong>et</strong></span> <span class='ocrx_word' id='word_1_176' title='bbox 976 2519 1167 2587; x_wconf 85' lang='grc' dir='ltr'>γενεάν</span> <span class='ocrx_word' id='word_1_177' title='bbox 1202 2521 1510 2588; x_wconf 89' lang='lat' dir='ltr'><strong>promiscue</strong></span> <span class='ocrx_word' id='word_1_178' title='bbox 1536 2533 1634 2589; x_wconf 92' lang='lat' dir='ltr'><strong>pro</strong></span> <span class='ocrx_word' id='word_1_179' title='bbox 1682 2534 1792 2573; x_wconf 92' lang='lat' dir='ltr'><strong>uno</strong></span> <span class='ocrx_word' id='word_1_180' title='bbox 1842 2520 2140 2591; x_wconf 88' lang='lat' dir='ltr'><strong>eodemque</strong></span> 
     </span>
    </p>
   </div>
   <div class='ocr_carea' id='block_1_29' title="bbox 576 2609 2131 2681">
    <p class='ocr_par' dir='ltr' id='par_1_29' title="bbox 576 2609 2131 2681">
     <span class='ocr_line' id='line_1_29' title="bbox 576 2609 2131 2681; baseline 0.001 -17"><span class='ocrx_word' id='word_1_181' title='bbox 576 2609 706 2681; x_wconf 89' lang='lat' dir='ltr'><strong>poni</strong></span> <span class='ocrx_word' id='word_1_182' title='bbox 739 2610 863 2680; x_wconf 90' lang='lat' dir='ltr'><strong>quis</strong></span> <span class='ocrx_word' id='word_1_183' title='bbox 891 2625 1000 2663; x_wconf 89' lang='lat' dir='ltr'><strong>non</strong></span> <span class='ocrx_word' id='word_1_184' title='bbox 1027 2609 1206 2664; x_wconf 80' lang='lat' dir='ltr'><strong>videt?</strong></span> <span class='ocrx_word' id='word_1_185' title='bbox 1227 2611 1357 2675; x_wconf 74' lang='lat' dir='ltr'><strong>Quae</strong></span> <span class='ocrx_word' id='word_1_186' title='bbox 1387 2610 1509 2665; x_wconf 91' lang='lat' dir='ltr'><strong>licet</strong></span> <span class='ocrx_word' id='word_1_187' title='bbox 1534 2611 1588 2664; x_wconf 90' lang='lat' dir='ltr'><strong>in</strong></span> <span class='ocrx_word' id='word_1_188' title='bbox 1614 2610 1814 2665; x_wconf 82' lang='lat' dir='ltr'><strong>divinis</strong></span> <span class='ocrx_word' id='word_1_189' title='bbox 1854 2611 1963 2665; x_wconf 91' lang='lat' dir='ltr'><strong>sint</strong></span> <span class='ocrx_word' id='word_1_190' title='bbox 1992 2612 2131 2666; x_wconf 84' lang='lat' dir='ltr'><strong>inse-</strong></span> 
     </span>
    </p>
   </div>
   <div class='ocr_carea' id='block_1_30' title="bbox 577 2701 2138 2774">
    <p class='ocr_par' dir='ltr' id='par_1_30' title="bbox 577 2701 2138 2774">
     <span class='ocr_line' id='line_1_30' title="bbox 577 2701 2138 2774; baseline 0.001 -20"><span class='ocrx_word' id='word_1_191' title='bbox 577 2701 864 2773; x_wconf 87' lang='lat' dir='ltr'><strong>parabilia,</strong></span> <span class='ocrx_word' id='word_1_192' title='bbox 897 2702 952 2756; x_wconf 92' lang='lat' dir='ltr'><strong>in</strong></span> <span class='ocrx_word' id='word_1_193' title='bbox 982 2705 1193 2757; x_wconf 85' lang='lat' dir='ltr'><strong>cateris</strong></span> <span class='ocrx_word' id='word_1_194' title='bbox 1228 2712 1405 2756; x_wconf 85' lang='lat' dir='ltr'><strong>tamen</strong></span> <span class='ocrx_word' id='word_1_195' title='bbox 1438 2704 1683 2774; x_wconf 82' lang='grc' dir='ltr'>γενητοῖς</span> <span class='ocrx_word' id='word_1_196' title='bbox 1724 2702 1904 2771; x_wconf 84' lang='grc' dir='ltr'>γενεά,</span> <span class='ocrx_word' id='word_1_197' title='bbox 1936 2704 2019 2756; x_wconf 90' lang='lat' dir='ltr'><strong>via</strong></span> <span class='ocrx_word' id='word_1_198' title='bbox 2070 2702 2138 2768; x_wconf 51' lang='lat' dir='ltr'><strong>rel</strong></span> 
     </span>
    </p>
   </div>
   <div class='ocr_carea' id='block_1_31' title="bbox 576 2789 2141 2849">
    <p class='ocr_par' dir='ltr' id='par_1_31' title="bbox 576 2789 2141 2849">
     <span class='ocr_line' id='line_1_31' title="bbox 576 2789 2141 2849; baseline 0.001 -4"><span class='ocrx_word' id='word_1_199' title='bbox 576 2789 875 2846; x_wconf 82' lang='grc' dir='ltr'>ὑπόστασιν</span> <span class='ocrx_word' id='word_1_200' title='bbox 902 2807 1023 2846; x_wconf 91' lang='lat' dir='ltr'><strong>esse</strong></span> <span class='ocrx_word' id='word_1_201' title='bbox 1056 2791 1288 2847; x_wconf 87' lang='lat' dir='ltr'><strong>videtur.</strong></span> <span class='ocrx_word' id='word_1_202' title='bbox 1314 2789 1515 2847; x_wconf 85' lang='lat' dir='ltr'><strong>Verum</strong></span> <span class='ocrx_word' id='word_1_203' title='bbox 1539 2803 1593 2847; x_wconf 90' lang='lat' dir='ltr'><strong>et</strong></span> <span class='ocrx_word' id='word_1_204' title='bbox 1628 2792 1760 2847; x_wconf 87' lang='lat' dir='ltr'><strong>illud</strong></span> <span class='ocrx_word' id='word_1_205' title='bbox 1787 2809 1854 2848; x_wconf 76' lang='lat' dir='ltr'><strong>ex</strong></span> <span class='ocrx_word' id='word_1_206' title='bbox 1886 2793 2021 2849; x_wconf 88' lang='lat' dir='ltr'><strong>locis</strong></span> <span class='ocrx_word' id='word_1_207' title='bbox 2053 2794 2141 2846; x_wconf 89' lang='lat' dir='ltr'><strong>ha-</strong></span> 
     </span>
    </p>
   </div>
   <div class='ocr_carea' id='block_1_32' title="bbox 574 2884 2134 2957">
    <p class='ocr_par' dir='ltr' id='par_1_32' title="bbox 574 2884 2134 2957">
     <span class='ocr_line' id='line_1_32' title="bbox 574 2884 2134 2957; baseline -0.001 -18"><span class='ocrx_word' id='word_1_208' title='bbox 574 2891 774 2939; x_wconf 90' lang='lat' dir='ltr'><strong>ctenus</strong></span> <span class='ocrx_word' id='word_1_209' title='bbox 806 2900 837 2938; x_wconf 91' lang='lat' dir='ltr'><strong>a</strong></span> <span class='ocrx_word' id='word_1_210' title='bbox 882 2900 969 2940; x_wconf 91' lang='lat' dir='ltr'><strong>me</strong></span> <span class='ocrx_word' id='word_1_211' title='bbox 998 2885 1279 2955; x_wconf 83' lang='lat' dir='ltr'><strong>productis</strong></span> <span class='ocrx_word' id='word_1_212' title='bbox 1337 2901 1433 2941; x_wconf 90' lang='lat' dir='ltr'><strong>vos</strong></span> <span class='ocrx_word' id='word_1_213' title='bbox 1485 2886 1828 2957; x_wconf 81' lang='lat' dir='ltr'><strong>perspexisse</strong></span> <span class='ocrx_word' id='word_1_214' title='bbox 1880 2884 2134 2947; x_wconf 85' lang='lat' dir='ltr'><strong>arbitror,</strong></span> 
     </span>
    </p>
   </div>
   <div class='ocr_carea' id='block_1_33' title="bbox 579 2973 2141 3047">
    <p class='ocr_par' dir='ltr' id='par_1_33' title="bbox 579 2973 2141 3047">
     <span class='ocr_line' id='line_1_33' title="bbox 579 2973 2141 3047; baseline 0 -19"><span class='ocrx_word' id='word_1_215' title='bbox 579 2973 939 3046; x_wconf 83' lang='lat' dir='ltr'><strong>Epiphanium</strong></span> <span class='ocrx_word' id='word_1_216' title='bbox 964 2984 1197 3031; x_wconf 87' lang='lat' dir='ltr'><strong>veterem</strong></span> <span class='ocrx_word' id='word_1_217' title='bbox 1235 2977 1604 3047; x_wconf 85' lang='lat' dir='ltr'><strong>interpretem,</strong></span> <span class='ocrx_word' id='word_1_218' title='bbox 1650 2977 1850 3045; x_wconf 90' lang='lat' dir='ltr'><strong>ubique</strong></span> <span class='ocrx_word' id='word_1_219' title='bbox 1906 2975 2141 3029; x_wconf 82' lang='grc' dir='ltr'>ὑποστά-</span> 
     </span>
    </p>
   </div>
   <div class='ocr_carea' id='block_1_34' title="bbox 2236 513 3719 588">
    <p class='ocr_par' dir='ltr' id='par_1_34' title="bbox 2236 513 3719 588">
     <span class='ocr_line' id='line_1_34' title="bbox 2236 513 3719 588; baseline 0.005 -20"><span class='ocrx_word' id='word_1_220' title='bbox 2236 514 2469 568; x_wconf 85' lang='lat' dir='ltr'><strong>culatunt</strong></span> <span class='ocrx_word' id='word_1_221' title='bbox 2494 523 2543 568; x_wconf 88' lang='lat' dir='ltr'><strong>et</strong></span> <span class='ocrx_word' id='word_1_222' title='bbox 2568 513 2796 567; x_wconf 84' lang='lat' dir='ltr'><strong>animale</strong></span> <span class='ocrx_word' id='word_1_223' title='bbox 2825 513 3089 582; x_wconf 85' lang='lat' dir='ltr'><strong>speculum</strong></span> <span class='ocrx_word' id='word_1_224' title='bbox 3118 513 3300 569; x_wconf 80' lang='lat' dir='ltr'><strong>diuina:</strong></span> <span class='ocrx_word' id='word_1_225' title='bbox 3345 517 3563 588; x_wconf 81' lang='lat' dir='ltr'><strong>imaginis</strong></span> <span class='ocrx_word' id='word_1_226' title='bbox 3587 521 3719 580; x_wconf 87' lang='lat' dir='ltr'><strong>Pater</strong></span> 
     </span>
    </p>
   </div>
   <div class='ocr_carea' id='block_1_35' title="bbox 2236 605 3719 676">
    <p class='ocr_par' dir='ltr' id='par_1_35' title="bbox 2236 605 3719 676">
     <span class='ocr_line' id='line_1_35' title="bbox 2236 605 3719 676; baseline 0.004 -16"><span class='ocrx_word' id='word_1_227' title='bbox 2236 606 2633 675; x_wconf 78' lang='lat' dir='ltr'><strong>conspiceretur.</strong></span> <span class='ocrx_word' id='word_1_228' title='bbox 2685 605 2809 661; x_wconf 83' lang='lat' dir='ltr'><strong>Hac</strong></span> <span class='ocrx_word' id='word_1_229' title='bbox 2858 606 3198 676; x_wconf 89' lang='lat' dir='ltr'><strong>interpretes.</strong></span> <span class='ocrx_word' id='word_1_230' title='bbox 3229 605 3454 674; x_wconf 87' lang='lat' dir='ltr'><strong>Quorum</strong></span> <span class='ocrx_word' id='word_1_231' title='bbox 3495 614 3719 671; x_wconf 81' lang='lat' dir='ltr'><strong>neminem</strong></span> 
     </span>
    </p>
   </div>
   <div class='ocr_carea' id='block_1_36' title="bbox 2238 697 3725 766">
    <p class='ocr_par' dir='ltr' id='par_1_36' title="bbox 2238 697 3725 766">
     <span class='ocr_line' id='line_1_36' title="bbox 2238 697 3725 766; baseline 0.007 -17"><span class='ocrx_word' id='word_1_232' title='bbox 2238 697 2478 751; x_wconf 90' lang='lat' dir='ltr'><strong>auctoris</strong></span> <span class='ocrx_word' id='word_1_233' title='bbox 2522 704 2759 752; x_wconf 89' lang='lat' dir='ltr'><strong>mentem</strong></span> <span class='ocrx_word' id='word_1_234' title='bbox 2788 705 3103 766; x_wconf 88' lang='lat' dir='ltr'><strong>penetrasse</strong></span> <span class='ocrx_word' id='word_1_235' title='bbox 3128 697 3467 766; x_wconf 73' lang='lat' dir='ltr'><strong>pralitlenter,</strong></span> <span class='ocrx_word' id='word_1_236' title='bbox 3513 702 3596 757; x_wconf 85' lang='lat' dir='ltr'><strong>sed</strong></span> <span class='ocrx_word' id='word_1_237' title='bbox 3621 719 3725 761; x_wconf 85' lang='lat' dir='ltr'><strong>vere</strong></span> 
     </span>
    </p>
   </div>
   <div class='ocr_carea' id='block_1_37' title="bbox 2237 785 3724 863">
    <p class='ocr_par' dir='ltr' id='par_1_37' title="bbox 2237 785 3724 863">
     <span class='ocr_line' id='line_1_37' title="bbox 2237 785 3724 863; baseline 0.006 -22"><span class='ocrx_word' id='word_1_238' title='bbox 2237 785 2611 842; x_wconf 82' lang='lat' dir='ltr'><strong>allirmaverim</strong></span> <span class='ocrx_word' id='word_1_239' title='bbox 2641 807 2653 842; x_wconf 87' lang='lat'><strong>:</strong></span> <span class='ocrx_word' id='word_1_240' title='bbox 2683 802 2805 842; x_wconf 90' lang='lat' dir='ltr'><strong>cum</strong></span> <span class='ocrx_word' id='word_1_241' title='bbox 2836 788 3167 859; x_wconf 88' lang='lat' dir='ltr'><strong>transposita</strong></span> <span class='ocrx_word' id='word_1_242' title='bbox 3187 789 3450 847; x_wconf 84' lang='lat' dir='ltr'><strong>distinctio</strong></span> <span class='ocrx_word' id='word_1_243' title='bbox 3488 794 3724 863; x_wconf 75' lang='lat' dir='ltr'><strong>glaucoma</strong></span> 
     </span>
    </p>
   </div>
   <div class='ocr_carea' id='block_1_38' title="bbox 2237 876 3727 947">
    <p class='ocr_par' dir='ltr' id='par_1_38' title="bbox 2237 876 3727 947">
     <span class='ocr_line' id='line_1_38' title="bbox 2237 876 3727 947; baseline 0.005 -14"><span class='ocrx_word' id='word_1_244' title='bbox 2237 878 2373 947; x_wconf 90' lang='lat' dir='ltr'><strong>ipsis</strong></span> <span class='ocrx_word' id='word_1_245' title='bbox 2409 876 2681 933; x_wconf 74' lang='lat' dir='ltr'><strong>olfuderit.</strong></span> <span class='ocrx_word' id='word_1_246' title='bbox 2718 876 2825 933; x_wconf 86' lang='lat' dir='ltr'><strong>Sed</strong></span> <span class='ocrx_word' id='word_1_247' title='bbox 2857 893 2979 932; x_wconf 84' lang='lat' dir='ltr'><strong>cum</strong></span> <span class='ocrx_word' id='word_1_248' title='bbox 3008 894 3075 933; x_wconf 80' lang='lat' dir='ltr'><strong>ex</strong></span> <span class='ocrx_word' id='word_1_249' title='bbox 3108 878 3211 933; x_wconf 86' lang='lat' dir='ltr'><strong>levi</strong></span> <span class='ocrx_word' id='word_1_250' title='bbox 3251 881 3444 936; x_wconf 89' lang='lat' dir='ltr'><strong>erroris</strong></span> <span class='ocrx_word' id='word_1_251' title='bbox 3487 884 3727 941; x_wconf 83' lang='lat' dir='ltr'><strong>occasione</strong></span> 
     </span>
    </p>
   </div>
   <div class='ocr_carea' id='block_1_39' title="bbox 2236 967 3729 1042">
    <p class='ocr_par' dir='ltr' id='par_1_39' title="bbox 2236 967 3729 1042">
     <span class='ocr_line' id='line_1_39' title="bbox 2236 967 3729 1042; baseline 0.003 -19"><span class='ocrx_word' id='word_1_252' title='bbox 2236 968 2454 1039; x_wconf 85' lang='lat' dir='ltr'><strong>elegans</strong></span> <span class='ocrx_word' id='word_1_253' title='bbox 2482 967 2786 1023; x_wconf 82' lang='lat' dir='ltr'><strong>disserendi</strong></span> <span class='ocrx_word' id='word_1_254' title='bbox 2814 970 3071 1023; x_wconf 88' lang='lat' dir='ltr'><strong>materies</strong></span> <span class='ocrx_word' id='word_1_255' title='bbox 3104 983 3162 1023; x_wconf 91' lang='lat' dir='ltr'><strong>se</strong></span> <span class='ocrx_word' id='word_1_256' title='bbox 3188 967 3393 1031; x_wconf 72' lang='lat' dir='ltr'><strong>offerat,</strong></span> <span class='ocrx_word' id='word_1_257' title='bbox 3415 970 3533 1025; x_wconf 92' lang='lat' dir='ltr'><strong>illud</strong></span> <span class='ocrx_word' id='word_1_258' title='bbox 3561 974 3729 1042; x_wconf 82' lang='lat' dir='ltr'><strong>princi-</strong></span> 
     </span>
    </p>
   </div>
   <div class='ocr_carea' id='block_1_40' title="bbox 2239 1059 3730 1128">
    <p class='ocr_par' dir='ltr' id='par_1_40' title="bbox 2239 1059 3730 1128">
     <span class='ocr_line' id='line_1_40' title="bbox 2239 1059 3730 1128; baseline 0.005 -17"><span class='ocrx_word' id='word_1_259' title='bbox 2239 1062 2328 1127; x_wconf 89' lang='lat' dir='ltr'><strong>pio</strong></span> <span class='ocrx_word' id='word_1_260' title='bbox 2355 1059 2679 1122; x_wconf 87' lang='lat' dir='ltr'><strong>monuerim,</strong></span> <span class='ocrx_word' id='word_1_261' title='bbox 2707 1059 3161 1128; x_wconf 88' lang='lat' dir='ltr'><strong>quemadmodum</strong></span> <span class='ocrx_word' id='word_1_262' title='bbox 3189 1060 3555 1115; x_wconf 79' lang='lat' dir='ltr'><strong>nobilissimam</strong></span> <span class='ocrx_word' id='word_1_263' title='bbox 3577 1061 3730 1118; x_wconf 83' lang='lat' dir='ltr'><strong>Corin-</strong></span> 
     </span>
    </p>
   </div>
   <div class='ocr_carea' id='block_1_41' title="bbox 2238 1140 3730 1221">
    <p class='ocr_par' dir='ltr' id='par_1_41' title="bbox 2238 1140 3730 1221">
     <span class='ocr_line' id='line_1_41' title="bbox 2238 1140 3730 1221; baseline 0.004 -20"><span class='ocrx_word' id='word_1_264' title='bbox 2238 1148 2337 1202; x_wconf 90' lang='lat' dir='ltr'><strong>thii</strong></span> <span class='ocrx_word' id='word_1_265' title='bbox 2368 1148 2491 1202; x_wconf 85' lang='lat' dir='ltr'><strong>aris</strong></span> <span class='ocrx_word' id='word_1_266' title='bbox 2516 1140 2827 1212; x_wconf 52' lang='lat' dir='ltr'><strong>&#39;misturam,</strong></span> <span class='ocrx_word' id='word_1_267' title='bbox 2858 1163 2933 1221; x_wconf 81' lang='lat' dir='ltr'><strong>ex_</strong></span> <span class='ocrx_word' id='word_1_268' title='bbox 2947 1148 3065 1202; x_wconf 90' lang='lat' dir='ltr'><strong>auri</strong></span> <span class='ocrx_word' id='word_1_269' title='bbox 3096 1148 3420 1219; x_wconf 88' lang='lat' dir='ltr'><strong>aliorumque</strong></span> <span class='ocrx_word' id='word_1_270' title='bbox 3445 1151 3730 1207; x_wconf 84' lang='lat' dir='ltr'><strong>metallorum</strong></span> 
     </span>
    </p>
   </div>
   <div class='ocr_carea' id='block_1_42' title="bbox 2239 1239 3732 1310">
    <p class='ocr_par' dir='ltr' id='par_1_42' title="bbox 2239 1239 3732 1310">
     <span class='ocr_line' id='line_1_42' title="bbox 2239 1239 3732 1310; baseline 0.001 -17"><span class='ocrx_word' id='word_1_271' title='bbox 2239 1239 2622 1309; x_wconf 88' lang='lat' dir='ltr'><strong>colliquatione</strong></span> <span class='ocrx_word' id='word_1_272' title='bbox 2648 1248 2861 1295; x_wconf 89' lang='lat' dir='ltr'><strong>enatam</strong></span> <span class='ocrx_word' id='word_1_273' title='bbox 2891 1246 3101 1295; x_wconf 85' lang='lat' dir='ltr'><strong>veteres</strong></span> <span class='ocrx_word' id='word_1_274' title='bbox 3132 1239 3409 1310; x_wconf 87' lang='lat' dir='ltr'><strong>prodidere</strong></span> <span class='ocrx_word' id='word_1_275' title='bbox 3439 1259 3452 1295; x_wconf 88' lang='lat'>:</span> <span class='ocrx_word' id='word_1_276' title='bbox 3480 1240 3547 1295; x_wconf 89' lang='lat' dir='ltr'><strong>ita</strong></span> <span class='ocrx_word' id='word_1_277' title='bbox 3568 1256 3626 1297; x_wconf 82' lang='lat' dir='ltr'><strong>ex</strong></span> <span class='ocrx_word' id='word_1_278' title='bbox 3654 1257 3732 1295; x_wconf 86' lang='lat' dir='ltr'><strong>va-</strong></span> 
     </span>
    </p>
   </div>
   <div class='ocr_carea' id='block_1_43' title="bbox 2240 1329 3734 1398">
    <p class='ocr_par' dir='ltr' id='par_1_43' title="bbox 2240 1329 3734 1398">
     <span class='ocr_line' id='line_1_43' title="bbox 2240 1329 3734 1398; baseline -0.001 -12"><span class='ocrx_word' id='word_1_279' title='bbox 2240 1331 2338 1386; x_wconf 90' lang='lat' dir='ltr'><strong>riis</strong></span> <span class='ocrx_word' id='word_1_280' title='bbox 2368 1330 2675 1385; x_wconf 89' lang='lat' dir='ltr'><strong>divinorum</strong></span> <span class='ocrx_word' id='word_1_281' title='bbox 2703 1330 3044 1398; x_wconf 74' lang='lat' dir='ltr'><strong>elo-,uiorum</strong></span> <span class='ocrx_word' id='word_1_282' title='bbox 3076 1329 3321 1386; x_wconf 70' lang='lat' dir='ltr'><strong>sentiatis</strong></span> <span class='ocrx_word' id='word_1_283' title='bbox 3345 1329 3475 1384; x_wconf 87' lang='lat' dir='ltr'><strong>inter</strong></span> <span class='ocrx_word' id='word_1_284' title='bbox 3492 1338 3604 1386; x_wconf 87' lang='lat' dir='ltr'><strong>seet</strong></span> <span class='ocrx_word' id='word_1_285' title='bbox 3629 1346 3734 1385; x_wconf 85' lang='lat' dir='ltr'><strong>con-</strong></span> 
     </span>
    </p>
   </div>
   <div class='ocr_carea' id='block_1_44' title="bbox 2240 1422 3733 1493">
    <p class='ocr_par' dir='ltr' id='par_1_44' title="bbox 2240 1422 3733 1493">
     <span class='ocr_line' id='line_1_44' title="bbox 2240 1422 3733 1493; baseline 0.001 -16"><span class='ocrx_word' id='word_1_286' title='bbox 2240 1423 2532 1478; x_wconf 89' lang='lat' dir='ltr'><strong>tessellatis</strong></span> <span class='ocrx_word' id='word_1_287' title='bbox 2566 1422 2723 1486; x_wconf 91' lang='lat' dir='ltr'><strong>locis,</strong></span> <span class='ocrx_word' id='word_1_288' title='bbox 2773 1433 3028 1493; x_wconf 88' lang='lat' dir='ltr'><strong>tanquam</strong></span> <span class='ocrx_word' id='word_1_289' title='bbox 3057 1438 3123 1479; x_wconf 74' lang='lat' dir='ltr'><strong>ex</strong></span> <span class='ocrx_word' id='word_1_290' title='bbox 3153 1437 3287 1477; x_wconf 90' lang='lat' dir='ltr'><strong>auro</strong></span> <span class='ocrx_word' id='word_1_291' title='bbox 3314 1423 3527 1493; x_wconf 87' lang='lat' dir='ltr'><strong>probato</strong></span> <span class='ocrx_word' id='word_1_292' title='bbox 3552 1424 3733 1493; x_wconf 81' lang='lat' dir='ltr'><strong>septies.</strong></span> 
     </span>
    </p>
   </div>
   <div class='ocr_carea' id='block_1_45' title="bbox 2241 1513 3735 1586">
    <p class='ocr_par' dir='ltr' id='par_1_45' title="bbox 2241 1513 3735 1586">
     <span class='ocr_line' id='line_1_45' title="bbox 2241 1513 3735 1586; baseline -0.001 -17"><span class='ocrx_word' id='word_1_293' title='bbox 2241 1515 2663 1586; x_wconf 88' lang='lat' dir='ltr'><strong>pulcherrimum</strong></span> <span class='ocrx_word' id='word_1_294' title='bbox 2692 1514 2841 1569; x_wconf 89' lang='lat' dir='ltr'><strong>illum</strong></span> <span class='ocrx_word' id='word_1_295' title='bbox 2866 1521 2920 1571; x_wconf 91' lang='lat' dir='ltr'><strong>et</strong></span> <span class='ocrx_word' id='word_1_296' title='bbox 2949 1530 3076 1571; x_wconf 87' lang='lat' dir='ltr'><strong>vere</strong></span> <span class='ocrx_word' id='word_1_297' title='bbox 3096 1530 3317 1570; x_wconf 90' lang='lat' dir='ltr'><strong>aureum</strong></span> <span class='ocrx_word' id='word_1_298' title='bbox 3345 1522 3626 1570; x_wconf 87' lang='lat' dir='ltr'><strong>sanctorum</strong></span> <span class='ocrx_word' id='word_1_299' title='bbox 3654 1513 3735 1569; x_wconf 84' lang='lat' dir='ltr'><strong>Pa-</strong></span> 
     </span>
    </p>
   </div>
   <div class='ocr_carea' id='block_1_46' title="bbox 2240 1603 3737 1675">
    <p class='ocr_par' dir='ltr' id='par_1_46' title="bbox 2240 1603 3737 1675">
     <span class='ocr_line' id='line_1_46' title="bbox 2240 1603 3737 1675; baseline 0 -16"><span class='ocrx_word' id='word_1_300' title='bbox 2240 1614 2385 1659; x_wconf 89' lang='lat' dir='ltr'><strong>trum</strong></span> <span class='ocrx_word' id='word_1_301' title='bbox 2408 1605 2663 1675; x_wconf 88' lang='lat' dir='ltr'><strong>loquendi</strong></span> <span class='ocrx_word' id='word_1_302' title='bbox 2693 1605 3067 1660; x_wconf 88' lang='lat' dir='ltr'><strong>characterem</strong></span> <span class='ocrx_word' id='word_1_303' title='bbox 3099 1606 3379 1660; x_wconf 79' lang='lat' dir='ltr'><strong>exsistere.</strong></span> <span class='ocrx_word' id='word_1_304' title='bbox 3412 1603 3568 1671; x_wconf 77' lang='lat' dir='ltr'><strong>Quetu</strong></span> <span class='ocrx_word' id='word_1_305' title='bbox 3591 1607 3668 1675; x_wconf 89' lang='lat' dir='ltr'><strong>qui</strong></span> <span class='ocrx_word' id='word_1_306' title='bbox 3693 1606 3737 1659; x_wconf 90' lang='lat' dir='ltr'><strong>in</strong></span> 
     </span>
    </p>
   </div>
   <div class='ocr_carea' id='block_1_47' title="bbox 2241 1695 3736 1764">
    <p class='ocr_par' dir='ltr' id='par_1_47' title="bbox 2241 1695 3736 1764">
     <span class='ocr_line' id='line_1_47' title="bbox 2241 1695 3736 1764; baseline -0.001 -15"><span class='ocrx_word' id='word_1_307' title='bbox 2241 1710 2423 1751; x_wconf 90' lang='lat' dir='ltr'><strong>rerum</strong></span> <span class='ocrx_word' id='word_1_308' title='bbox 2444 1710 2721 1751; x_wconf 87' lang='lat' dir='ltr'><strong>sacrarum</strong></span> <span class='ocrx_word' id='word_1_309' title='bbox 2747 1695 3069 1750; x_wconf 87' lang='lat' dir='ltr'><strong>tractatione</strong></span> <span class='ocrx_word' id='word_1_310' title='bbox 3100 1695 3393 1764; x_wconf 88' lang='lat' dir='ltr'><strong>negligunt,</strong></span> <span class='ocrx_word' id='word_1_311' title='bbox 3425 1695 3495 1749; x_wconf 90' lang='lat' dir='ltr'><strong>illi</strong></span> <span class='ocrx_word' id='word_1_312' title='bbox 3540 1698 3736 1764; x_wconf 84' lang='lat' dir='ltr'><strong>plerum-</strong></span> 
     </span>
    </p>
   </div>
   <div class='ocr_carea' id='block_1_48' title="bbox 2239 1786 3737 1859">
    <p class='ocr_par' dir='ltr' id='par_1_48' title="bbox 2239 1786 3737 1859">
     <span class='ocr_line' id='line_1_48' title="bbox 2239 1786 3737 1859; baseline -0.001 -18"><span class='ocrx_word' id='word_1_313' title='bbox 2239 1803 2343 1858; x_wconf 89' lang='lat' dir='ltr'><strong>que</strong></span> <span class='ocrx_word' id='word_1_314' title='bbox 2362 1787 2810 1859; x_wconf 88' lang='lat' dir='ltr'><strong>persuasibilibus</strong></span> <span class='ocrx_word' id='word_1_315' title='bbox 2825 1787 3076 1842; x_wconf 85' lang='lat' dir='ltr'><strong>humana</strong></span> <span class='ocrx_word' id='word_1_316' title='bbox 3088 1787 3365 1856; x_wconf 88' lang='lat' dir='ltr'><strong>sapientia</strong></span> <span class='ocrx_word' id='word_1_317' title='bbox 3379 1787 3544 1841; x_wconf 81' lang='lat' dir='ltr'><strong>verbis</strong></span> <span class='ocrx_word' id='word_1_318' title='bbox 3558 1786 3737 1857; x_wconf 77' lang='lat' dir='ltr'><strong>turgidi.</strong></span> 
     </span>
    </p>
   </div>
   <div class='ocr_carea' id='block_1_49' title="bbox 2239 1875 3740 1948">
    <p class='ocr_par' dir='ltr' id='par_1_49' title="bbox 2239 1875 3740 1948">
     <span class='ocr_line' id='line_1_49' title="bbox 2239 1875 3740 1948; baseline -0.001 -14"><span class='ocrx_word' id='word_1_319' title='bbox 2239 1879 2557 1934; x_wconf 87' lang='lat' dir='ltr'><strong>ostensione</strong></span> <span class='ocrx_word' id='word_1_320' title='bbox 2577 1886 2756 1934; x_wconf 89' lang='lat' dir='ltr'><strong>autem</strong></span> <span class='ocrx_word' id='word_1_321' title='bbox 2810 1877 3038 1948; x_wconf 85' lang='lat' dir='ltr'><strong>spiritus</strong></span> <span class='ocrx_word' id='word_1_322' title='bbox 3074 1886 3128 1932; x_wconf 89' lang='lat' dir='ltr'><strong>et</strong></span> <span class='ocrx_word' id='word_1_323' title='bbox 3155 1876 3373 1931; x_wconf 88' lang='lat' dir='ltr'><strong>virtutis</strong></span> <span class='ocrx_word' id='word_1_324' title='bbox 3416 1875 3654 1936; x_wconf 87' lang='lat' dir='ltr'><strong>destituti.</strong></span> <span class='ocrx_word' id='word_1_325' title='bbox 3680 1891 3740 1932; x_wconf 62' lang='lat' dir='ltr'><strong>aes</strong></span> 
     </span>
    </p>
   </div>
   <div class='ocr_carea' id='block_1_50' title="bbox 2237 1967 3739 2039">
    <p class='ocr_par' dir='ltr' id='par_1_50' title="bbox 2237 1967 3739 2039">
     <span class='ocr_line' id='line_1_50' title="bbox 2237 1967 3739 2039; baseline -0.003 -13"><span class='ocrx_word' id='word_1_326' title='bbox 2237 1985 2458 2030; x_wconf 83' lang='lat' dir='ltr'><strong>sonans.</strong></span> <span class='ocrx_word' id='word_1_327' title='bbox 2477 1978 2535 2024; x_wconf 91' lang='lat' dir='ltr'><strong>ut</strong></span> <span class='ocrx_word' id='word_1_328' title='bbox 2549 1968 2791 2039; x_wconf 81' lang='lat' dir='ltr'><strong>Apostoli</strong></span> <span class='ocrx_word' id='word_1_329' title='bbox 2809 1968 2988 2024; x_wconf 90' lang='lat' dir='ltr'><strong>verbis</strong></span> <span class='ocrx_word' id='word_1_330' title='bbox 3001 1973 3141 2031; x_wconf 92' lang='lat' dir='ltr'><strong>utar,</strong></span> <span class='ocrx_word' id='word_1_331' title='bbox 3153 1977 3207 2023; x_wconf 92' lang='lat' dir='ltr'><strong>et</strong></span> <span class='ocrx_word' id='word_1_332' title='bbox 3221 1967 3513 2038; x_wconf 85' lang='lat' dir='ltr'><strong>cymbalum</strong></span> <span class='ocrx_word' id='word_1_333' title='bbox 3524 1967 3739 2021; x_wconf 76' lang='lat' dir='ltr'><strong>tinniens‘</strong></span> 
     </span>
    </p>
   </div>
   <div class='ocr_carea' id='block_1_51' title="bbox 2236 2056 3742 2119">
    <p class='ocr_par' dir='ltr' id='par_1_51' title="bbox 2236 2056 3742 2119">
     <span class='ocr_line' id='line_1_51' title="bbox 2236 2056 3742 2119; baseline -0.005 -1"><span class='ocrx_word' id='word_1_334' title='bbox 2236 2063 2489 2119; x_wconf 84' lang='lat' dir='ltr'><strong>evadunt.</strong></span> <span class='ocrx_word' id='word_1_335' title='bbox 2527 2061 2658 2117; x_wconf 79' lang='lat' dir='ltr'><strong>Mihi</strong></span> <span class='ocrx_word' id='word_1_336' title='bbox 2714 2069 2893 2117; x_wconf 90' lang='lat' dir='ltr'><strong>autem</strong></span> <span class='ocrx_word' id='word_1_337' title='bbox 2938 2061 3083 2115; x_wconf 90' lang='lat' dir='ltr'><strong>inter</strong></span> <span class='ocrx_word' id='word_1_338' title='bbox 3118 2069 3312 2115; x_wconf 84' lang='lat' dir='ltr'><strong>catera</strong></span> <span class='ocrx_word' id='word_1_339' title='bbox 3342 2067 3627 2115; x_wconf 68' lang='lat' dir='ltr'><strong>sanctorum</strong></span> <span class='ocrx_word' id='word_1_340' title='bbox 3661 2056 3742 2111; x_wconf 57' lang='lat' dir='ltr'><strong>Pa.</strong></span> 
     </span>
    </p>
   </div>
   <div class='ocr_carea' id='block_1_52' title="bbox 2238 2150 3743 2223">
    <p class='ocr_par' dir='ltr' id='par_1_52' title="bbox 2238 2150 3743 2223">
     <span class='ocr_line' id='line_1_52' title="bbox 2238 2150 3743 2223; baseline -0.003 -15"><span class='ocrx_word' id='word_1_341' title='bbox 2238 2162 2378 2208; x_wconf 88' lang='lat' dir='ltr'><strong>trum</strong></span> <span class='ocrx_word' id='word_1_342' title='bbox 2414 2161 2783 2218; x_wconf 85' lang='lat' dir='ltr'><strong>monumenta,</strong></span> <span class='ocrx_word' id='word_1_343' title='bbox 2814 2168 2934 2223; x_wconf 85' lang='lat' dir='ltr'><strong>qua</strong></span> <span class='ocrx_word' id='word_1_344' title='bbox 2955 2167 3100 2207; x_wconf 90' lang='lat' dir='ltr'><strong>nunc</strong></span> <span class='ocrx_word' id='word_1_345' title='bbox 3129 2152 3198 2206; x_wconf 88' lang='lat' dir='ltr'><strong>ad</strong></span> <span class='ocrx_word' id='word_1_346' title='bbox 3229 2167 3441 2206; x_wconf 90' lang='lat' dir='ltr'><strong>manum</strong></span> <span class='ocrx_word' id='word_1_347' title='bbox 3494 2157 3607 2207; x_wconf 90' lang='lat' dir='ltr'><strong>sunt</strong></span> <span class='ocrx_word' id='word_1_348' title='bbox 3645 2150 3743 2203; x_wconf 78' lang='lat' dir='ltr'><strong>Alc-</strong></span> 
     </span>
    </p>
   </div>
   <div class='ocr_carea' id='block_1_53' title="bbox 2238 2242 3744 2315">
    <p class='ocr_par' dir='ltr' id='par_1_53' title="bbox 2238 2242 3744 2315">
     <span class='ocr_line' id='line_1_53' title="bbox 2238 2242 3744 2315; baseline -0.003 -16"><span class='ocrx_word' id='word_1_349' title='bbox 2238 2246 2430 2300; x_wconf 81' lang='lat' dir='ltr'><strong>xandri</strong></span> <span class='ocrx_word' id='word_1_350' title='bbox 2460 2245 2703 2315; x_wconf 83' lang='lat' dir='ltr'><strong>epistola</strong></span> <span class='ocrx_word' id='word_1_351' title='bbox 2725 2244 3145 2315; x_wconf 88' lang='lat' dir='ltr'><strong>pulcherrimam</strong></span> <span class='ocrx_word' id='word_1_352' title='bbox 3174 2242 3507 2298; x_wconf 88' lang='lat' dir='ltr'><strong>vermiculati</strong></span> <span class='ocrx_word' id='word_1_353' title='bbox 3549 2242 3624 2296; x_wconf 85' lang='lat' dir='ltr'><strong>vel</strong></span> <span class='ocrx_word' id='word_1_354' title='bbox 3650 2256 3744 2295; x_wconf 84' lang='lat' dir='ltr'><strong>tnu-</strong></span> 
     </span>
    </p>
   </div>
   <div class='ocr_carea' id='block_1_54' title="bbox 2238 2331 3745 2408">
    <p class='ocr_par' dir='ltr' id='par_1_54' title="bbox 2238 2331 3745 2408">
     <span class='ocr_line' id='line_1_54' title="bbox 2238 2331 3745 2408; baseline -0.005 -14"><span class='ocrx_word' id='word_1_355' title='bbox 2238 2338 2340 2394; x_wconf 92' lang='lat' dir='ltr'><strong>sivi</strong></span> <span class='ocrx_word' id='word_1_356' title='bbox 2371 2339 2550 2408; x_wconf 87' lang='lat' dir='ltr'><strong>operis</strong></span> <span class='ocrx_word' id='word_1_357' title='bbox 2582 2336 2816 2406; x_wconf 85' lang='lat' dir='ltr'><strong>speciem</strong></span> <span class='ocrx_word' id='word_1_358' title='bbox 2849 2335 3052 2391; x_wconf 80' lang='lat' dir='ltr'><strong>referre</strong></span> <span class='ocrx_word' id='word_1_359' title='bbox 3080 2334 3355 2390; x_wconf 91' lang='lat' dir='ltr'><strong>videntur.</strong></span> <span class='ocrx_word' id='word_1_360' title='bbox 3402 2335 3475 2387; x_wconf 91' lang='lat' dir='ltr'><strong>lta</strong></span> <span class='ocrx_word' id='word_1_361' title='bbox 3517 2331 3745 2403; x_wconf 78' lang='lat' dir='ltr'><strong>perpetuis</strong></span> 
     </span>
    </p>
   </div>
   <div class='ocr_carea' id='block_1_55' title="bbox 2238 2426 3741 2499">
    <p class='ocr_par' dir='ltr' id='par_1_55' title="bbox 2238 2426 3741 2499">
     <span class='ocr_line' id='line_1_55' title="bbox 2238 2426 3741 2499; baseline -0.005 -16"><span class='ocrx_word' id='word_1_362' title='bbox 2238 2443 2408 2484; x_wconf 88' lang='lat' dir='ltr'><strong>sacra</strong></span> <span class='ocrx_word' id='word_1_363' title='bbox 2448 2426 2743 2499; x_wconf 83' lang='lat' dir='ltr'><strong>Scriptura</strong></span> <span class='ocrx_word' id='word_1_364' title='bbox 2784 2428 3123 2483; x_wconf 84' lang='lat' dir='ltr'><strong>emblematis</strong></span> <span class='ocrx_word' id='word_1_365' title='bbox 3159 2428 3507 2482; x_wconf 77' lang='lat' dir='ltr'><strong>interstintta</strong></span> <span class='ocrx_word' id='word_1_366' title='bbox 3530 2426 3741 2478; x_wconf 76' lang='lat' dir='ltr'><strong>relucent</strong></span> 
     </span>
    </p>
   </div>
   <div class='ocr_carea' id='block_1_56' title="bbox 2237 2514 3747 2589">
    <p class='ocr_par' dir='ltr' id='par_1_56' title="bbox 2237 2514 3747 2589">
     <span class='ocr_line' id='line_1_56' title="bbox 2237 2514 3747 2589; baseline -0.003 -18"><span class='ocrx_word' id='word_1_367' title='bbox 2237 2517 2393 2583; x_wconf 81' lang='lat' dir='ltr'><strong>Quod</strong></span> <span class='ocrx_word' id='word_1_368' title='bbox 2421 2534 2530 2589; x_wconf 86' lang='lat' dir='ltr'><strong>pra</strong></span> <span class='ocrx_word' id='word_1_369' title='bbox 2560 2518 2793 2581; x_wconf 85' lang='lat' dir='ltr'><strong>cateris,</strong></span> <span class='ocrx_word' id='word_1_370' title='bbox 2842 2517 2927 2572; x_wconf 90' lang='lat' dir='ltr'><strong>vel</strong></span> <span class='ocrx_word' id='word_1_371' title='bbox 2983 2531 3131 2571; x_wconf 89' lang='lat' dir='ltr'><strong>unus</strong></span> <span class='ocrx_word' id='word_1_372' title='bbox 3162 2517 3253 2571; x_wconf 88' lang='lat' dir='ltr'><strong>hic</strong></span> <span class='ocrx_word' id='word_1_373' title='bbox 3301 2517 3450 2570; x_wconf 91' lang='lat' dir='ltr'><strong>locus</strong></span> <span class='ocrx_word' id='word_1_374' title='bbox 3494 2514 3747 2568; x_wconf 79' lang='lat' dir='ltr'><strong>luculenter</strong></span> 
     </span>
    </p>
   </div>
   <div class='ocr_carea' id='block_1_57' title="bbox 2237 2605 3747 2681">
    <p class='ocr_par' dir='ltr' id='par_1_57' title="bbox 2237 2605 3747 2681">
     <span class='ocr_line' id='line_1_57' title="bbox 2237 2605 3747 2681; baseline -0.007 -14"><span class='ocrx_word' id='word_1_375' title='bbox 2237 2611 2497 2667; x_wconf 88' lang='lat' dir='ltr'><strong>ostendit.</strong></span> <span class='ocrx_word' id='word_1_376' title='bbox 2527 2610 2663 2666; x_wconf 90' lang='lat' dir='ltr'><strong>Cum</strong></span> <span class='ocrx_word' id='word_1_377' title='bbox 2706 2612 2849 2666; x_wconf 90' lang='lat' dir='ltr'><strong>enim</strong></span> <span class='ocrx_word' id='word_1_378' title='bbox 2884 2609 3175 2681; x_wconf 87' lang='lat' dir='ltr'><strong>Sapientia</strong></span> <span class='ocrx_word' id='word_1_379' title='bbox 3227 2624 3350 2678; x_wconf 88' lang='lat' dir='ltr'><strong>cap.</strong></span> <span class='ocrx_word' id='word_1_380' title='bbox 3393 2623 3487 2669; x_wconf 85' lang='lat' dir='ltr'><strong>vn,</strong></span> <span class='ocrx_word' id='word_1_381' title='bbox 3518 2607 3643 2660; x_wconf 89' lang='lat' dir='ltr'><strong>inter</strong></span> <span class='ocrx_word' id='word_1_382' title='bbox 3666 2605 3747 2657; x_wconf 87' lang='lat' dir='ltr'><strong>alia</strong></span> 
     </span>
    </p>
   </div>
   <div class='ocr_carea' id='block_1_58' title="bbox 2239 2695 3749 2773">
    <p class='ocr_par' dir='ltr' id='par_1_58' title="bbox 2239 2695 3749 2773">
     <span class='ocr_line' id='line_1_58' title="bbox 2239 2695 3749 2773; baseline -0.005 -15"><span class='ocrx_word' id='word_1_383' title='bbox 2239 2706 2520 2759; x_wconf 89' lang='lat' dir='ltr'><strong>innumera</strong></span> <span class='ocrx_word' id='word_1_384' title='bbox 2547 2702 2742 2773; x_wconf 87' lang='lat' dir='ltr'><strong>elogia.</strong></span> <span class='ocrx_word' id='word_1_385' title='bbox 2777 2700 3052 2772; x_wconf 86' lang='lat' dir='ltr'><strong>Sapientia</strong></span> <span class='ocrx_word' id='word_1_386' title='bbox 3085 2700 3270 2753; x_wconf 88' lang='lat' dir='ltr'><strong>divina</strong></span> <span class='ocrx_word' id='word_1_387' title='bbox 3300 2708 3514 2754; x_wconf 87' lang='lat' dir='ltr'><strong>vocetur</strong></span> <span class='ocrx_word' id='word_1_388' title='bbox 3545 2695 3749 2764; x_wconf 75' lang='grc' dir='ltr'>ἀπαύγα-</span> 
     </span>
    </p>
   </div>
   <div class='ocr_carea' id='block_1_59' title="bbox 2240 2786 3750 2863">
    <p class='ocr_par' dir='ltr' id='par_1_59' title="bbox 2240 2786 3750 2863">
     <span class='ocr_line' id='line_1_59' title="bbox 2240 2786 3750 2863; baseline -0.005 -16"><span class='ocrx_word' id='word_1_389' title='bbox 2240 2811 2350 2861; x_wconf 86' lang='grc' dir='ltr'><strong>σμα</strong></span> <span class='ocrx_word' id='word_1_390' title='bbox 2402 2794 2574 2863; x_wconf 68' lang='grc' dir='ltr'>φωτὸς</span> <span class='ocrx_word' id='word_1_391' title='bbox 2632 2795 2823 2860; x_wconf 78' lang='grc' dir='ltr'><strong>ἀϊδίου,</strong></span> <span class='ocrx_word' id='word_1_392' title='bbox 2882 2793 2975 2846; x_wconf 71' lang='grc' dir='ltr'><strong>καὶ</strong></span> <span class='ocrx_word' id='word_1_393' title='bbox 3012 2792 3274 2861; x_wconf 79' lang='grc' dir='ltr'>ἔσοπτρον</span> <span class='ocrx_word' id='word_1_394' title='bbox 3326 2790 3631 2862; x_wconf 80' lang='grc' dir='ltr'>ἁκηλίδωτον</span> <span class='ocrx_word' id='word_1_395' title='bbox 3671 2786 3750 2857; x_wconf 78' lang='grc' dir='ltr'>τῆς</span> 
     </span>
    </p>
   </div>
   <div class='ocr_carea' id='block_1_60' title="bbox 2236 2880 3751 2957">
    <p class='ocr_par' dir='ltr' id='par_1_60' title="bbox 2236 2880 3751 2957">
     <span class='ocr_line' id='line_1_60' title="bbox 2236 2880 3751 2957; baseline -0.004 -18"><span class='ocrx_word' id='word_1_396' title='bbox 2236 2885 2328 2939; x_wconf 82' lang='grc' dir='ltr'>τοῦ</span> <span class='ocrx_word' id='word_1_397' title='bbox 2383 2886 2516 2939; x_wconf 83' lang='grc' dir='ltr'>Θεοῦ</span> <span class='ocrx_word' id='word_1_398' title='bbox 2574 2885 2871 2957; x_wconf 78' lang='grc' dir='ltr'>ἐνεργείας.</span> <span class='ocrx_word' id='word_1_399' title='bbox 2933 2885 3028 2937; x_wconf 73' lang='grc' dir='ltr'>καὶ</span> <span class='ocrx_word' id='word_1_400' title='bbox 3082 2882 3248 2936; x_wconf 82' lang='grc' dir='ltr'>εἰκὼν</span> <span class='ocrx_word' id='word_1_401' title='bbox 3309 2883 3408 2953; x_wconf 82' lang='grc' dir='ltr'><strong>τῆς</strong></span> <span class='ocrx_word' id='word_1_402' title='bbox 3468 2880 3751 2949; x_wconf 81' lang='grc' dir='ltr'>ἀγαοότητος</span> 
     </span>
    </p>
   </div>
   <div class='ocr_carea' id='block_1_61' title="bbox 2237 2971 3751 3042">
    <p class='ocr_par' dir='ltr' id='par_1_61' title="bbox 2237 2971 3751 3042">
     <span class='ocr_line' id='line_1_61' title="bbox 2237 2971 3751 3042; baseline -0.007 -11"><span class='ocrx_word' id='word_1_403' title='bbox 2237 2976 2399 3031; x_wconf 84' lang='grc' dir='ltr'>αὑτοῦ</span> <span class='ocrx_word' id='word_1_404' title='bbox 2432 2994 2444 3005; x_wconf 80' lang='grc'><strong>’</strong></span> <span class='ocrx_word' id='word_1_405' title='bbox 2470 2978 2573 3032; x_wconf 88' lang='lat' dir='ltr'><strong>hoc</strong></span> <span class='ocrx_word' id='word_1_406' title='bbox 2610 2983 2713 3042; x_wconf 90' lang='lat' dir='ltr'><strong>est,</strong></span> <span class='ocrx_word' id='word_1_407' title='bbox 2762 2975 2961 3030; x_wconf 77' lang='lat' dir='ltr'><strong>candor</strong></span> <span class='ocrx_word' id='word_1_408' title='bbox 3006 2974 3139 3029; x_wconf 84' lang='lat' dir='ltr'><strong>lucis</strong></span> <span class='ocrx_word' id='word_1_409' title='bbox 3184 2985 3424 3037; x_wconf 73' lang='lat' dir='ltr'><strong>a&#39;ternte,</strong></span> <span class='ocrx_word' id='word_1_410' title='bbox 3452 2983 3500 3027; x_wconf 88' lang='lat' dir='ltr'><strong>et</strong></span> <span class='ocrx_word' id='word_1_411' title='bbox 3530 2971 3751 3039; x_wconf 73' lang='lat' dir='ltr'><strong>speculam</strong></span> 
     </span>
    </p>
   </div>
   <div class='ocr_carea' id='block_1_62' title="bbox 582 3062 3749 3158">
    <p class='ocr_par' dir='ltr' id='par_1_62' title="bbox 582 3062 3749 3158">
     <span class='ocr_line' id='line_1_62' title="bbox 582 3062 3749 3158; baseline -0.001 -38"><span class='ocrx_word' id='word_1_412' title='bbox 582 3083 723 3131; x_wconf 86' lang='grc' dir='ltr'>σεως</span> <span class='ocrx_word' id='word_1_413' title='bbox 751 3082 957 3131; x_wconf 90' lang='lat' dir='ltr'><strong>vocem,</strong></span> <span class='ocrx_word' id='word_1_414' title='bbox 989 3083 1097 3121; x_wconf 88' lang='lat' dir='ltr'><strong>non</strong></span> <span class='ocrx_word' id='word_1_415' title='bbox 1123 3068 1533 3123; x_wconf 83' lang='lat' dir='ltr'><strong>subsistentiam</strong></span> <span class='ocrx_word' id='word_1_416' title='bbox 1563 3085 1630 3123; x_wconf 70' lang='lat' dir='ltr'><strong>ex</strong></span> <span class='ocrx_word' id='word_1_417' title='bbox 1657 3075 1872 3138; x_wconf 90' lang='lat' dir='ltr'><strong>recepta</strong></span> <span class='ocrx_word' id='word_1_418' title='bbox 1919 3078 2140 3123; x_wconf 87' lang='lat' dir='ltr'><strong>sancto-</strong></span> <span class='ocrx_word' id='word_1_419' title='bbox 2169 3100 2211 3158; x_wconf 63' lang='grc' dir='ltr'><strong>ρ</strong></span> <span class='ocrx_word' id='word_1_420' title='bbox 2242 3070 2353 3124; x_wconf 86' lang='lat' dir='ltr'><strong>sine</strong></span> <span class='ocrx_word' id='word_1_421' title='bbox 2374 3070 2581 3123; x_wconf 82' lang='lat' dir='ltr'><strong>macula</strong></span> <span class='ocrx_word' id='word_1_422' title='bbox 2619 3068 2711 3123; x_wconf 85' lang='lat' dir='ltr'><strong>Dei</strong></span> <span class='ocrx_word' id='word_1_423' title='bbox 2739 3067 3056 3136; x_wconf 84' lang='lat' dir='ltr'><strong>majestatis,</strong></span> <span class='ocrx_word' id='word_1_424' title='bbox 3079 3075 3128 3120; x_wconf 92' lang='lat' dir='ltr'><strong>et</strong></span> <span class='ocrx_word' id='word_1_425' title='bbox 3151 3068 3326 3137; x_wconf 87' lang='lat' dir='ltr'><strong>imago</strong></span> <span class='ocrx_word' id='word_1_426' title='bbox 3350 3064 3587 3120; x_wconf 81' lang='lat' dir='ltr'><strong>bonitatis</strong></span> <span class='ocrx_word' id='word_1_427' title='bbox 3614 3062 3749 3123; x_wconf 67' lang='lat' dir='ltr'><strong>illius.</strong></span> 
     </span>
    </p>
   </div>
   <div class='ocr_carea' id='block_1_63' title="bbox 580 3155 2144 3224">
    <p class='ocr_par' dir='ltr' id='par_1_63' title="bbox 580 3155 2144 3224">
     <span class='ocr_line' id='line_1_63' title="bbox 580 3155 2144 3224; baseline 0 -13"><span class='ocrx_word' id='word_1_428' title='bbox 580 3171 702 3211; x_wconf 82' lang='lat' dir='ltr'><strong>rum</strong></span> <span class='ocrx_word' id='word_1_429' title='bbox 732 3155 946 3211; x_wconf 88' lang='lat' dir='ltr'><strong>Patrum</strong></span> <span class='ocrx_word' id='word_1_430' title='bbox 979 3164 1033 3212; x_wconf 91' lang='lat' dir='ltr'><strong>et</strong></span> <span class='ocrx_word' id='word_1_431' title='bbox 1070 3157 1282 3211; x_wconf 81' lang='lat' dir='ltr'><strong>Schola</strong></span> <span class='ocrx_word' id='word_1_432' title='bbox 1321 3158 1736 3224; x_wconf 89' lang='lat' dir='ltr'><strong>consuetudine,</strong></span> <span class='ocrx_word' id='word_1_433' title='bbox 1771 3158 1864 3213; x_wconf 88' lang='lat' dir='ltr'><strong>sed</strong></span> <span class='ocrx_word' id='word_1_434' title='bbox 1886 3158 2144 3212; x_wconf 86' lang='lat' dir='ltr'><strong>substan-</strong></span> 
     </span>
    </p>
   </div>
   <div class='ocr_carea' id='block_1_64' title="bbox 578 3245 2141 3317">
    <p class='ocr_par' dir='ltr' id='par_1_64' title="bbox 578 3245 2141 3317">
     <span class='ocr_line' id='line_1_64' title="bbox 578 3245 2141 3317; baseline 0.003 -18"><span class='ocrx_word' id='word_1_435' title='bbox 578 3245 710 3299; x_wconf 90' lang='lat' dir='ltr'><strong>tiam</strong></span> <span class='ocrx_word' id='word_1_436' title='bbox 739 3262 864 3300; x_wconf 88' lang='lat' dir='ltr'><strong>cum</strong></span> <span class='ocrx_word' id='word_1_437' title='bbox 894 3246 1109 3316; x_wconf 86' lang='lat' dir='ltr'><strong>vulgato</strong></span> <span class='ocrx_word' id='word_1_438' title='bbox 1152 3246 1448 3302; x_wconf 87' lang='lat' dir='ltr'><strong>Bibliorum</strong></span> <span class='ocrx_word' id='word_1_439' title='bbox 1495 3248 1784 3317; x_wconf 89' lang='lat' dir='ltr'><strong>interprete</strong></span> <span class='ocrx_word' id='word_1_440' title='bbox 1827 3248 2141 3307; x_wconf 86' lang='lat' dir='ltr'><strong>reddidisse.</strong></span> 
     </span>
    </p>
   </div>
   <div class='ocr_carea' id='block_1_65' title="bbox 581 3334 2146 3411">
    <p class='ocr_par' dir='ltr' id='par_1_65' title="bbox 581 3334 2146 3411">
     <span class='ocr_line' id='line_1_65' title="bbox 581 3334 2146 3411; baseline 0.001 -19"><span class='ocrx_word' id='word_1_441' title='bbox 581 3334 736 3392; x_wconf 85' lang='lat' dir='ltr'><strong>Unde</strong></span> <span class='ocrx_word' id='word_1_442' title='bbox 756 3345 809 3391; x_wconf 90' lang='lat' dir='ltr'><strong>et</strong></span> <span class='ocrx_word' id='word_1_443' title='bbox 834 3336 935 3391; x_wconf 88' lang='lat' dir='ltr'><strong>hoc</strong></span> <span class='ocrx_word' id='word_1_444' title='bbox 958 3337 1095 3403; x_wconf 91' lang='lat' dir='ltr'><strong>loco,</strong></span> <span class='ocrx_word' id='word_1_445' title='bbox 1118 3338 1216 3403; x_wconf 82' lang='grc' dir='ltr'>τὰς</span> <span class='ocrx_word' id='word_1_446' title='bbox 1238 3342 1305 3411; x_wconf 82' lang='grc' dir='ltr'>τῇ</span> <span class='ocrx_word' id='word_1_447' title='bbox 1334 3340 1627 3394; x_wconf 80' lang='grc' dir='ltr'>ὑποστάσει</span> <span class='ocrx_word' id='word_1_448' title='bbox 1647 3338 1738 3392; x_wconf 81' lang='grc' dir='ltr'><strong>δύο</strong></span> <span class='ocrx_word' id='word_1_449' title='bbox 1760 3340 1968 3409; x_wconf 75' lang='grc' dir='ltr'>φύσεις,</span> <span class='ocrx_word' id='word_1_450' title='bbox 1992 3339 2146 3394; x_wconf 83' lang='lat' dir='ltr'><strong>subs-</strong></span> 
     </span>
    </p>
   </div>
   <div class='ocr_carea' id='block_1_66' title="bbox 581 3427 2145 3501">
    <p class='ocr_par' dir='ltr' id='par_1_66' title="bbox 581 3427 2145 3501">
     <span class='ocr_line' id='line_1_66' title="bbox 581 3427 2145 3501; baseline 0.001 -18"><span class='ocrx_word' id='word_1_451' title='bbox 581 3428 876 3483; x_wconf 64' lang='lat' dir='ltr'><strong>tantiaﬁter</strong></span> <span class='ocrx_word' id='word_1_452' title='bbox 895 3427 1029 3484; x_wconf 89' lang='lat' dir='ltr'><strong>duas</strong></span> <span class='ocrx_word' id='word_1_453' title='bbox 1050 3440 1268 3484; x_wconf 87' lang='lat' dir='ltr'><strong>naturas</strong></span> <span class='ocrx_word' id='word_1_454' title='bbox 1287 3431 1479 3499; x_wconf 89' lang='lat' dir='ltr'><strong>vertit;</strong></span> <span class='ocrx_word' id='word_1_455' title='bbox 1505 3431 1607 3485; x_wconf 91' lang='lat' dir='ltr'><strong>hoc</strong></span> <span class='ocrx_word' id='word_1_456' title='bbox 1630 3440 1713 3486; x_wconf 89' lang='lat' dir='ltr'><strong>est</strong></span> <span class='ocrx_word' id='word_1_457' title='bbox 1738 3446 1967 3501; x_wconf 89' lang='lat' dir='ltr'><strong>quarum</strong></span> <span class='ocrx_word' id='word_1_458' title='bbox 1997 3438 2145 3485; x_wconf 58' lang='lat' dir='ltr'><strong>utra.</strong></span> 
     </span>
    </p>
   </div>
   <div class='ocr_carea' id='block_1_67' title="bbox 581 3515 2143 3587">
    <p class='ocr_par' dir='ltr' id='par_1_67' title="bbox 581 3515 2143 3587">
     <span class='ocr_line' id='line_1_67' title="bbox 581 3515 2143 3587; baseline 0.003 -17"><span class='ocrx_word' id='word_1_459' title='bbox 581 3532 687 3587; x_wconf 91' lang='lat' dir='ltr'><strong>que</strong></span> <span class='ocrx_word' id='word_1_460' title='bbox 716 3515 984 3572; x_wconf 80' lang='lat' dir='ltr'><strong>diversam</strong></span> <span class='ocrx_word' id='word_1_461' title='bbox 1014 3518 1376 3575; x_wconf 87' lang='lat' dir='ltr'><strong>substantiam</strong></span> <span class='ocrx_word' id='word_1_462' title='bbox 1406 3520 1521 3577; x_wconf 88' lang='lat' dir='ltr'><strong>sive</strong></span> <span class='ocrx_word' id='word_1_463' title='bbox 1549 3519 1884 3577; x_wconf 82' lang='lat' dir='ltr'><strong>subsistendi</strong></span> <span class='ocrx_word' id='word_1_464' title='bbox 1922 3520 2143 3576; x_wconf 90' lang='lat' dir='ltr'><strong>modum</strong></span> 
     </span>
    </p>
   </div>
   <div class='ocr_carea' id='block_1_68' title="bbox 583 3606 798 3663">
    <p class='ocr_par' dir='ltr' id='par_1_68' title="bbox 583 3606 798 3663">
     <span class='ocr_line' id='line_1_68' title="bbox 583 3606 798 3663; baseline -0.005 -2"><span class='ocrx_word' id='word_1_465' title='bbox 583 3606 798 3663; x_wconf 86' lang='lat' dir='ltr'><strong>habeat.</strong></span> 
     </span>
    </p>
   </div>
   <div class='ocr_carea' id='block_1_69' title="bbox 656 3696 2144 3772">
    <p class='ocr_par' dir='ltr' id='par_1_69' title="bbox 656 3696 2144 3772">
     <span class='ocr_line' id='line_1_69' title="bbox 656 3696 2144 3772; baseline 0.005 -24"><span class='ocrx_word' id='word_1_466' title='bbox 656 3696 835 3767; x_wconf 82' lang='lat' dir='ltr'><strong>Atque</strong></span> <span class='ocrx_word' id='word_1_467' title='bbox 863 3702 978 3757; x_wconf 75' lang='lat' dir='ltr'><strong>hac</strong></span> <span class='ocrx_word' id='word_1_468' title='bbox 1009 3701 1226 3772; x_wconf 90' lang='lat' dir='ltr'><strong>quidem</strong></span> <span class='ocrx_word' id='word_1_469' title='bbox 1260 3700 1326 3757; x_wconf 91' lang='lat' dir='ltr'><strong>ad</strong></span> <span class='ocrx_word' id='word_1_470' title='bbox 1345 3700 1635 3765; x_wconf 80' lang='lat' dir='ltr'><strong>diliicilem,</strong></span> <span class='ocrx_word' id='word_1_471' title='bbox 1660 3710 1713 3757; x_wconf 89' lang='lat' dir='ltr'><strong>et</strong></span> <span class='ocrx_word' id='word_1_472' title='bbox 1739 3717 1862 3757; x_wconf 90' lang='lat' dir='ltr'><strong>vere</strong></span> <span class='ocrx_word' id='word_1_473' title='bbox 1884 3700 2144 3758; x_wconf 88' lang='lat' dir='ltr'><strong>Gordium</strong></span> 
     </span>
    </p>
   </div>
   <div class='ocr_carea' id='block_1_70' title="bbox 583 3788 2146 3862">
    <p class='ocr_par' dir='ltr' id='par_1_70' title="bbox 583 3788 2146 3862">
     <span class='ocr_line' id='line_1_70' title="bbox 583 3788 2146 3862; baseline 0.004 -19"><span class='ocrx_word' id='word_1_474' title='bbox 583 3788 750 3858; x_wconf 87' lang='lat' dir='ltr'><strong>hujus</strong></span> <span class='ocrx_word' id='word_1_475' title='bbox 769 3792 1010 3862; x_wconf 86' lang='lat' dir='ltr'><strong>epistola</strong></span> <span class='ocrx_word' id='word_1_476' title='bbox 1040 3793 1264 3857; x_wconf 89' lang='lat' dir='ltr'><strong>nodum,</strong></span> <span class='ocrx_word' id='word_1_477' title='bbox 1294 3794 1377 3849; x_wconf 86' lang='lat' dir='ltr'><strong>vel</strong></span> <span class='ocrx_word' id='word_1_478' title='bbox 1408 3794 1747 3857; x_wconf 90' lang='lat' dir='ltr'><strong>solvendum,</strong></span> <span class='ocrx_word' id='word_1_479' title='bbox 1777 3793 1861 3849; x_wconf 89' lang='lat' dir='ltr'><strong>vel</strong></span> <span class='ocrx_word' id='word_1_480' title='bbox 1896 3793 2146 3850; x_wconf 89' lang='lat' dir='ltr'><strong>scinden-</strong></span> 
     </span>
    </p>
   </div>
   <div class='ocr_carea' id='block_1_71' title="bbox 585 3878 2148 3954">
    <p class='ocr_par' dir='ltr' id='par_1_71' title="bbox 585 3878 2148 3954">
     <span class='ocr_line' id='line_1_71' title="bbox 585 3878 2148 3954; baseline 0.003 -19"><span class='ocrx_word' id='word_1_481' title='bbox 585 3878 715 3935; x_wconf 87' lang='lat' dir='ltr'><strong>dum</strong></span> <span class='ocrx_word' id='word_1_482' title='bbox 747 3882 923 3939; x_wconf 90' lang='lat' dir='ltr'><strong>attuli.</strong></span> <span class='ocrx_word' id='word_1_483' title='bbox 943 3884 1074 3951; x_wconf 86' lang='lat' dir='ltr'><strong>Qua</strong></span> <span class='ocrx_word' id='word_1_484' title='bbox 1095 3899 1194 3954; x_wconf 90' lang='lat' dir='ltr'><strong>ego</strong></span> <span class='ocrx_word' id='word_1_485' title='bbox 1219 3884 1524 3939; x_wconf 85' lang='lat' dir='ltr'><strong>doctiorum</strong></span> <span class='ocrx_word' id='word_1_486' title='bbox 1563 3884 1769 3952; x_wconf 88' lang='lat' dir='ltr'><strong>judicio</strong></span> <span class='ocrx_word' id='word_1_487' title='bbox 1792 3883 1989 3940; x_wconf 88' lang='lat' dir='ltr'><strong>lubens</strong></span> <span class='ocrx_word' id='word_1_488' title='bbox 2023 3885 2148 3940; x_wconf 90' lang='lat' dir='ltr'><strong>sub-</strong></span> 
     </span>
    </p>
   </div>
   <div class='ocr_carea' id='block_1_72' title="bbox 589 3972 2148 4046">
    <p class='ocr_par' dir='ltr' id='par_1_72' title="bbox 589 3972 2148 4046">
     <span class='ocr_line' id='line_1_72' title="bbox 589 3972 2148 4046; baseline 0.004 -22"><span class='ocrx_word' id='word_1_489' title='bbox 589 3973 761 4028; x_wconf 89' lang='lat' dir='ltr'><strong>mitto.</strong></span> <span class='ocrx_word' id='word_1_490' title='bbox 787 3972 861 4028; x_wconf 88' lang='lat' dir='ltr'><strong>De</strong></span> <span class='ocrx_word' id='word_1_491' title='bbox 885 3991 993 4046; x_wconf 92' lang='lat' dir='ltr'><strong>quo</strong></span> <span class='ocrx_word' id='word_1_492' title='bbox 1016 3976 1137 4031; x_wconf 91' lang='lat' dir='ltr'><strong>loco</strong></span> <span class='ocrx_word' id='word_1_493' title='bbox 1168 3976 1214 4032; x_wconf 90' lang='lat' dir='ltr'><strong>si</strong></span> <span class='ocrx_word' id='word_1_494' title='bbox 1236 3976 1359 4046; x_wconf 89' lang='lat' dir='ltr'><strong>quis</strong></span> <span class='ocrx_word' id='word_1_495' title='bbox 1387 3975 1621 4030; x_wconf 82' lang='lat' dir='ltr'><strong>certiora</strong></span> <span class='ocrx_word' id='word_1_496' title='bbox 1654 3990 1739 4033; x_wconf 87' lang='lat' dir='ltr'><strong>me</strong></span> <span class='ocrx_word' id='word_1_497' title='bbox 1764 3973 2032 4040; x_wconf 88' lang='lat' dir='ltr'><strong>docuerit,</strong></span> <span class='ocrx_word' id='word_1_498' title='bbox 2063 3990 2148 4031; x_wconf 87' lang='lat' dir='ltr'><strong>na</strong></span> 
     </span>
    </p>
   </div>
   <div class='ocr_carea' id='block_1_73' title="bbox 586 4061 2148 4139">
    <p class='ocr_par' dir='ltr' id='par_1_73' title="bbox 586 4061 2148 4139">
     <span class='ocr_line' id='line_1_73' title="bbox 586 4061 2148 4139; baseline 0.003 -23"><span class='ocrx_word' id='word_1_499' title='bbox 586 4061 679 4119; x_wconf 90' lang='lat' dir='ltr'><strong>ille</strong></span> <span class='ocrx_word' id='word_1_500' title='bbox 705 4080 954 4137; x_wconf 87' lang='lat' dir='ltr'><strong>magnam</strong></span> <span class='ocrx_word' id='word_1_501' title='bbox 978 4067 1081 4123; x_wconf 92' lang='lat' dir='ltr'><strong>sibi</strong></span> <span class='ocrx_word' id='word_1_502' title='bbox 1110 4068 1300 4139; x_wconf 89' lang='lat' dir='ltr'><strong>gratia</strong></span> <span class='ocrx_word' id='word_1_503' title='bbox 1326 4065 1629 4121; x_wconf 87' lang='lat' dir='ltr'><strong>mercedem</strong></span> <span class='ocrx_word' id='word_1_504' title='bbox 1654 4064 1792 4135; x_wconf 91' lang='lat' dir='ltr'><strong>apud</strong></span> <span class='ocrx_word' id='word_1_505' title='bbox 1814 4080 1900 4121; x_wconf 89' lang='lat' dir='ltr'><strong>me</strong></span> <span class='ocrx_word' id='word_1_506' title='bbox 1931 4081 2148 4136; x_wconf 82' lang='lat' dir='ltr'><strong>prome-</strong></span> 
     </span>
    </p>
   </div>
   <div class='ocr_carea' id='block_1_74' title="bbox 586 4157 780 4211">
    <p class='ocr_par' dir='ltr' id='par_1_74' title="bbox 586 4157 780 4211">
     <span class='ocr_line' id='line_1_74' title="bbox 586 4157 780 4211; baseline 0.005 -1"><span class='ocrx_word' id='word_1_507' title='bbox 586 4157 780 4211; x_wconf 85' lang='lat' dir='ltr'><strong>ruerit.</strong></span> 
     </span>
    </p>
   </div>
   <div class='ocr_carea' id='block_1_75' title="bbox 660 4246 2147 4321">
    <p class='ocr_par' dir='ltr' id='par_1_75' title="bbox 660 4246 2147 4321">
     <span class='ocr_line' id='line_1_75' title="bbox 660 4246 2147 4321; baseline 0.003 -22"><span class='ocrx_word' id='word_1_508' title='bbox 660 4246 737 4303; x_wconf 84' lang='lat' dir='ltr'><strong>Ex</strong></span> <span class='ocrx_word' id='word_1_509' title='bbox 775 4249 1034 4319; x_wconf 84' lang='lat' dir='ltr'><strong>pradicto</strong></span> <span class='ocrx_word' id='word_1_510' title='bbox 1072 4248 1196 4315; x_wconf 68' lang='lat' dir='ltr'><strong>divi;</strong></span> <span class='ocrx_word' id='word_1_511' title='bbox 1217 4248 1445 4304; x_wconf 84' lang='lat' dir='ltr'><strong>Joannis</strong></span> <span class='ocrx_word' id='word_1_512' title='bbox 1487 4249 1607 4304; x_wconf 92' lang='lat' dir='ltr'><strong>loco</strong></span> <span class='ocrx_word' id='word_1_513' title='bbox 1652 4250 1985 4321; x_wconf 87' lang='lat' dir='ltr'><strong>probaturus</strong></span> <span class='ocrx_word' id='word_1_514' title='bbox 2023 4247 2147 4304; x_wconf 87' lang='lat' dir='ltr'><strong>Ale-</strong></span> 
     </span>
    </p>
   </div>
   <div class='ocr_carea' id='block_1_76' title="bbox 583 4337 2147 4410">
    <p class='ocr_par' dir='ltr' id='par_1_76' title="bbox 583 4337 2147 4410">
     <span class='ocr_line' id='line_1_76' title="bbox 583 4337 2147 4410; baseline 0.001 -18"><span class='ocrx_word' id='word_1_515' title='bbox 583 4338 792 4394; x_wconf 76' lang='lat' dir='ltr'><strong>xander</strong></span> <span class='ocrx_word' id='word_1_516' title='bbox 817 4339 1012 4395; x_wconf 87' lang='lat' dir='ltr'><strong>Filium</strong></span> <span class='ocrx_word' id='word_1_517' title='bbox 1040 4339 1133 4396; x_wconf 80' lang='lat' dir='ltr'><strong>Dei</strong></span> <span class='ocrx_word' id='word_1_518' title='bbox 1171 4355 1265 4410; x_wconf 92' lang='lat' dir='ltr'><strong>per</strong></span> <span class='ocrx_word' id='word_1_519' title='bbox 1301 4338 1483 4395; x_wconf 88' lang='lat' dir='ltr'><strong>omnia</strong></span> <span class='ocrx_word' id='word_1_520' title='bbox 1522 4340 1826 4410; x_wconf 84' lang='lat' dir='ltr'><strong>exprimere</strong></span> <span class='ocrx_word' id='word_1_521' title='bbox 1856 4349 1909 4394; x_wconf 90' lang='lat' dir='ltr'><strong>et</strong></span> <span class='ocrx_word' id='word_1_522' title='bbox 1944 4337 2147 4395; x_wconf 80' lang='lat' dir='ltr'><strong>referre</strong></span> 
     </span>
    </p>
   </div>
   <div class='ocr_carea' id='block_1_77' title="bbox 2244 3152 3757 3230">
    <p class='ocr_par' dir='ltr' id='par_1_77' title="bbox 2244 3152 3757 3230">
     <span class='ocr_line' id='line_1_77' title="bbox 2244 3152 3757 3230; baseline -0.006 -15"><span class='ocrx_word' id='word_1_523' title='bbox 2244 3161 2367 3230; x_wconf 91' lang='lat' dir='ltr'><strong>quis</strong></span> <span class='ocrx_word' id='word_1_524' title='bbox 2388 3177 2494 3215; x_wconf 91' lang='lat' dir='ltr'><strong>non</strong></span> <span class='ocrx_word' id='word_1_525' title='bbox 2524 3160 2665 3215; x_wconf 91' lang='lat' dir='ltr'><strong>videt</strong></span> <span class='ocrx_word' id='word_1_526' title='bbox 2685 3159 2796 3215; x_wconf 92' lang='lat' dir='ltr'><strong>divi</strong></span> <span class='ocrx_word' id='word_1_527' title='bbox 2835 3158 2989 3213; x_wconf 89' lang='lat' dir='ltr'><strong>Pauli</strong></span> <span class='ocrx_word' id='word_1_528' title='bbox 3013 3161 3262 3230; x_wconf 75' lang='lat' dir='ltr'><strong>exemplo</strong></span> <span class='ocrx_word' id='word_1_529' title='bbox 3287 3161 3463 3214; x_wconf 89' lang='lat' dir='ltr'><strong>locum</strong></span> <span class='ocrx_word' id='word_1_530' title='bbox 3497 3158 3630 3211; x_wconf 86' lang='lat' dir='ltr'><strong>hunc</strong></span> <span class='ocrx_word' id='word_1_531' title='bbox 3657 3152 3757 3207; x_wconf 82' lang='lat' dir='ltr'><strong>inde</strong></span> 
     </span>
    </p>
   </div>
   <div class='ocr_carea' id='block_1_78' title="bbox 2242 3246 3754 3319">
    <p class='ocr_par' dir='ltr' id='par_1_78' title="bbox 2242 3246 3754 3319">
     <span class='ocr_line' id='line_1_78' title="bbox 2242 3246 3754 3319; baseline -0.005 -15"><span class='ocrx_word' id='word_1_532' title='bbox 2242 3250 2383 3307; x_wconf 89' lang='lat' dir='ltr'><strong>vivis</strong></span> <span class='ocrx_word' id='word_1_533' title='bbox 2438 3250 2711 3305; x_wconf 87' lang='lat' dir='ltr'><strong>coloribus</strong></span> <span class='ocrx_word' id='word_1_534' title='bbox 2769 3250 3188 3304; x_wconf 77' lang='lat' dir='ltr'><strong>adumbratum?</strong></span> <span class='ocrx_word' id='word_1_535' title='bbox 3233 3248 3405 3319; x_wconf 89' lang='lat' dir='ltr'><strong>Cujus</strong></span> <span class='ocrx_word' id='word_1_536' title='bbox 3472 3262 3566 3318; x_wconf 85' lang='lat' dir='ltr'><strong>ego</strong></span> <span class='ocrx_word' id='word_1_537' title='bbox 3622 3246 3754 3299; x_wconf 87' lang='lat' dir='ltr'><strong>ductu</strong></span> 
     </span>
    </p>
   </div>
   <div class='ocr_carea' id='block_1_79' title="bbox 2244 3333 3758 3413">
    <p class='ocr_par' dir='ltr' id='par_1_79' title="bbox 2244 3333 3758 3413">
     <span class='ocr_line' id='line_1_79' title="bbox 2244 3333 3758 3413; baseline -0.008 -14"><span class='ocrx_word' id='word_1_538' title='bbox 2244 3350 2297 3399; x_wconf 91' lang='lat' dir='ltr'><strong>et</strong></span> <span class='ocrx_word' id='word_1_539' title='bbox 2323 3343 2603 3413; x_wconf 89' lang='lat' dir='ltr'><strong>auspiciis,</strong></span> <span class='ocrx_word' id='word_1_540' title='bbox 2621 3342 2729 3397; x_wconf 91' lang='lat' dir='ltr'><strong>duo</strong></span> <span class='ocrx_word' id='word_1_541' title='bbox 2750 3342 2839 3395; x_wconf 89' lang='lat' dir='ltr'><strong>illa</strong></span> <span class='ocrx_word' id='word_1_542' title='bbox 2855 3341 3085 3412; x_wconf 89' lang='lat' dir='ltr'><strong>epitheta</strong></span> <span class='ocrx_word' id='word_1_543' title='bbox 3117 3341 3329 3411; x_wconf 88' lang='lat' dir='ltr'><strong>speculi</strong></span> <span class='ocrx_word' id='word_1_544' title='bbox 3358 3336 3665 3410; x_wconf 80' lang='grc' dir='ltr'>άκηλιδώτου</span> <span class='ocrx_word' id='word_1_545' title='bbox 3683 3333 3758 3389; x_wconf 75' lang='grc' dir='ltr'><strong>καὶ</strong></span> 
     </span>
    </p>
   </div>
   <div class='ocr_carea' id='block_1_80' title="bbox 2244 3426 3757 3505">
    <p class='ocr_par' dir='ltr' id='par_1_80' title="bbox 2244 3426 3757 3505">
     <span class='ocr_line' id='line_1_80' title="bbox 2244 3426 3757 3505; baseline -0.007 -19"><span class='ocrx_word' id='word_1_546' title='bbox 2244 3432 2510 3505; x_wconf 65' lang='grc' dir='ltr'>ἐμψύχου,</span> <span class='ocrx_word' id='word_1_547' title='bbox 2539 3433 2679 3488; x_wconf 91' lang='lat' dir='ltr'><strong>male</strong></span> <span class='ocrx_word' id='word_1_548' title='bbox 2702 3431 2769 3487; x_wconf 91' lang='lat' dir='ltr'><strong>ab</strong></span> <span class='ocrx_word' id='word_1_549' title='bbox 2815 3431 3208 3501; x_wconf 88' lang='lat' dir='ltr'><strong>interpretibus</strong></span> <span class='ocrx_word' id='word_1_550' title='bbox 3266 3432 3557 3501; x_wconf 85' lang='lat' dir='ltr'><strong>conjuncta</strong></span> <span class='ocrx_word' id='word_1_551' title='bbox 3600 3426 3757 3481; x_wconf 88' lang='lat' dir='ltr'><strong>distin-</strong></span> 
     </span>
    </p>
   </div>
   <div class='ocr_carea' id='block_1_81' title="bbox 2245 3514 3761 3595">
    <p class='ocr_par' dir='ltr' id='par_1_81' title="bbox 2245 3514 3761 3595">
     <span class='ocr_line' id='line_1_81' title="bbox 2245 3514 3761 3595; baseline -0.007 -16"><span class='ocrx_word' id='word_1_552' title='bbox 2245 3525 2425 3580; x_wconf 92' lang='lat' dir='ltr'><strong>ctione</strong></span> <span class='ocrx_word' id='word_1_553' title='bbox 2448 3524 2766 3595; x_wconf 89' lang='lat' dir='ltr'><strong>interposita</strong></span> <span class='ocrx_word' id='word_1_554' title='bbox 2794 3522 3074 3578; x_wconf 89' lang='lat' dir='ltr'><strong>diviserim</strong></span> <span class='ocrx_word' id='word_1_555' title='bbox 3099 3540 3113 3578; x_wconf 89' lang='lat'><strong>:</strong></span> <span class='ocrx_word' id='word_1_556' title='bbox 3144 3529 3200 3577; x_wconf 89' lang='lat' dir='ltr'><strong>et</strong></span> <span class='ocrx_word' id='word_1_557' title='bbox 3252 3522 3522 3594; x_wconf 89' lang='lat' dir='ltr'><strong>posterius</strong></span> <span class='ocrx_word' id='word_1_558' title='bbox 3553 3519 3614 3574; x_wconf 89' lang='lat' dir='ltr'><strong>ad</strong></span> <span class='ocrx_word' id='word_1_559' title='bbox 3651 3514 3761 3572; x_wconf 83' lang='lat' dir='ltr'><strong>divi-</strong></span> 
     </span>
    </p>
   </div>
   <div class='ocr_carea' id='block_1_82' title="bbox 2244 3609 3762 3687">
    <p class='ocr_par' dir='ltr' id='par_1_82' title="bbox 2244 3609 3762 3687">
     <span class='ocr_line' id='line_1_82' title="bbox 2244 3609 3762 3687; baseline -0.006 -16"><span class='ocrx_word' id='word_1_560' title='bbox 2244 3630 2369 3671; x_wconf 89' lang='lat' dir='ltr'><strong>nam</strong></span> <span class='ocrx_word' id='word_1_561' title='bbox 2400 3616 2687 3687; x_wconf 85' lang='lat' dir='ltr'><strong>imaginem</strong></span> <span class='ocrx_word' id='word_1_562' title='bbox 2709 3614 3019 3671; x_wconf 89' lang='lat' dir='ltr'><strong>retulerim:</strong></span> <span class='ocrx_word' id='word_1_563' title='bbox 3054 3613 3226 3667; x_wconf 81' lang='grc' dir='ltr'>Ὠσπε</span> <span class='ocrx_word' id='word_1_564' title='bbox 3235 3633 3270 3687; x_wconf 93' lang='grc' dir='ltr'><strong>ρ</strong></span> <span class='ocrx_word' id='word_1_565' title='bbox 3292 3615 3359 3668; x_wconf 83' lang='grc' dir='ltr'><strong>δι’</strong></span> <span class='ocrx_word' id='word_1_566' title='bbox 3387 3614 3633 3683; x_wconf 65' lang='grc' dir='ltr'>ἐσόπτρου</span> <span class='ocrx_word' id='word_1_567' title='bbox 3654 3609 3762 3676; x_wconf 73' lang='grc' dir='ltr'><strong>ἀκη-</strong></span> 
     </span>
    </p>
   </div>
   <div class='ocr_carea' id='block_1_83' title="bbox 2244 3700 3765 3778">
    <p class='ocr_par' dir='ltr' id='par_1_83' title="bbox 2244 3700 3765 3778">
     <span class='ocr_line' id='line_1_83' title="bbox 2244 3700 3765 3778; baseline -0.007 -17"><span class='ocrx_word' id='word_1_568' title='bbox 2244 3706 2485 3772; x_wconf 81' lang='grc' dir='ltr'>λιδώτου,</span> <span class='ocrx_word' id='word_1_569' title='bbox 2522 3707 2616 3761; x_wconf 76' lang='grc' dir='ltr'><strong>καὶ</strong></span> <span class='ocrx_word' id='word_1_570' title='bbox 2647 3704 2889 3778; x_wconf 79' lang='grc' dir='ltr'>ἐμψύχου</span> <span class='ocrx_word' id='word_1_571' title='bbox 2935 3703 3085 3768; x_wconf 80' lang='grc' dir='ltr'>θείας</span> <span class='ocrx_word' id='word_1_572' title='bbox 3130 3705 3341 3769; x_wconf 81' lang='grc' dir='ltr'>εἰκόνος</span> <span class='ocrx_word' id='word_1_573' title='bbox 3373 3701 3531 3758; x_wconf 79' lang='grc' dir='ltr'>αὑτοῦ</span> <span class='ocrx_word' id='word_1_574' title='bbox 3571 3700 3765 3770; x_wconf 78' lang='grc' dir='ltr'>θεωρου-</span> 
     </span>
    </p>
   </div>
   <div class='ocr_carea' id='block_1_84' title="bbox 2249 3797 3766 3872">
    <p class='ocr_par' dir='ltr' id='par_1_84' title="bbox 2249 3797 3766 3872">
     <span class='ocr_line' id='line_1_84' title="bbox 2249 3797 3766 3872; baseline -0.007 -17"><span class='ocrx_word' id='word_1_575' title='bbox 2249 3801 2410 3872; x_wconf 80' lang='grc' dir='ltr'>μένου</span> <span class='ocrx_word' id='word_1_576' title='bbox 2430 3799 2524 3854; x_wconf 81' lang='grc' dir='ltr'>τοῦ</span> <span class='ocrx_word' id='word_1_577' title='bbox 2547 3799 2777 3871; x_wconf 80' lang='grc' dir='ltr'>Πατρόςο</span> <span class='ocrx_word' id='word_1_578' title='bbox 2812 3797 3076 3864; x_wconf 82' lang='lat' dir='ltr'><strong>Quoniam</strong></span> <span class='ocrx_word' id='word_1_579' title='bbox 3108 3813 3200 3867; x_wconf 83' lang='lat' dir='ltr'><strong>per</strong></span> <span class='ocrx_word' id='word_1_580' title='bbox 3244 3799 3418 3867; x_wconf 83' lang='lat' dir='ltr'><strong>ipsum</strong></span> <span class='ocrx_word' id='word_1_581' title='bbox 3442 3806 3669 3864; x_wconf 69' lang='lat' dir='ltr'><strong>tanquam</strong></span> <span class='ocrx_word' id='word_1_582' title='bbox 3695 3804 3766 3858; x_wconf 77' lang='lat' dir='ltr'><strong>per</strong></span> 
     </span>
    </p>
   </div>
   <div class='ocr_carea' id='block_1_85' title="bbox 2245 3879 3766 3962">
    <p class='ocr_par' dir='ltr' id='par_1_85' title="bbox 2245 3879 3766 3962">
     <span class='ocr_line' id='line_1_85' title="bbox 2245 3879 3766 3962; baseline -0.01 -15"><span class='ocrx_word' id='word_1_583' title='bbox 2245 3891 2511 3962; x_wconf 79' lang='lat' dir='ltr'><strong>speculum</strong></span> <span class='ocrx_word' id='word_1_584' title='bbox 2540 3890 2652 3944; x_wconf 88' lang='lat' dir='ltr'><strong>sine</strong></span> <span class='ocrx_word' id='word_1_585' title='bbox 2670 3888 2900 3954; x_wconf 83' lang='lat' dir='ltr'><strong>macula,</strong></span> <span class='ocrx_word' id='word_1_586' title='bbox 2924 3895 2974 3942; x_wconf 91' lang='lat' dir='ltr'><strong>et</strong></span> <span class='ocrx_word' id='word_1_587' title='bbox 3003 3904 3178 3947; x_wconf 80' lang='lat' dir='ltr'><strong>ueram</strong></span> <span class='ocrx_word' id='word_1_588' title='bbox 3203 3890 3316 3942; x_wconf 84' lang='lat' dir='ltr'><strong>sive</strong></span> <span class='ocrx_word' id='word_1_589' title='bbox 3339 3888 3623 3941; x_wconf 85' lang='lat' dir='ltr'><strong>animatam</strong></span> <span class='ocrx_word' id='word_1_590' title='bbox 3658 3879 3766 3934; x_wconf 78' lang='lat' dir='ltr'><strong>diri-</strong></span> 
     </span>
    </p>
   </div>
   <div class='ocr_carea' id='block_1_86' title="bbox 2246 3972 3765 4053">
    <p class='ocr_par' dir='ltr' id='par_1_86' title="bbox 2246 3972 3765 4053">
     <span class='ocr_line' id='line_1_86' title="bbox 2246 3972 3765 4053; baseline -0.01 -15"><span class='ocrx_word' id='word_1_591' title='bbox 2246 4001 2369 4039; x_wconf 89' lang='lat' dir='ltr'><strong>nam</strong></span> <span class='ocrx_word' id='word_1_592' title='bbox 2396 3982 2677 4053; x_wconf 85' lang='lat' dir='ltr'><strong>imaginem</strong></span> <span class='ocrx_word' id='word_1_593' title='bbox 2701 3981 2809 4050; x_wconf 85' lang='lat' dir='ltr'><strong>ipse</strong></span> <span class='ocrx_word' id='word_1_594' title='bbox 2838 3980 2999 4035; x_wconf 89' lang='lat' dir='ltr'><strong>etiam</strong></span> <span class='ocrx_word' id='word_1_595' title='bbox 3029 3978 3193 4034; x_wconf 87' lang='lat' dir='ltr'><strong>Pater</strong></span> <span class='ocrx_word' id='word_1_596' title='bbox 3218 3979 3562 4049; x_wconf 82' lang='lat' dir='ltr'><strong>conspicitur.</strong></span> <span class='ocrx_word' id='word_1_597' title='bbox 3592 3972 3765 4027; x_wconf 79' lang='lat' dir='ltr'><strong>Etenim</strong></span> 
     </span>
    </p>
   </div>
   <div class='ocr_carea' id='block_1_87' title="bbox 2244 4062 3769 4145">
    <p class='ocr_par' dir='ltr' id='par_1_87' title="bbox 2244 4062 3769 4145">
     <span class='ocr_line' id='line_1_87' title="bbox 2244 4062 3769 4145; baseline -0.012 -14"><span class='ocrx_word' id='word_1_598' title='bbox 2244 4092 2369 4131; x_wconf 90' lang='lat' dir='ltr'><strong>cum</strong></span> <span class='ocrx_word' id='word_1_599' title='bbox 2400 4075 2691 4145; x_wconf 82' lang='lat' dir='ltr'><strong>Apostolus</strong></span> <span class='ocrx_word' id='word_1_600' title='bbox 2715 4072 2782 4126; x_wconf 90' lang='lat' dir='ltr'><strong>ad</strong></span> <span class='ocrx_word' id='word_1_601' title='bbox 2805 4072 3020 4127; x_wconf 86' lang='lat' dir='ltr'><strong>Coloss.</strong></span> <span class='ocrx_word' id='word_1_602' title='bbox 3043 4087 3082 4134; x_wconf 80' lang='grc' dir='ltr'><strong>ι,</strong></span> <span class='ocrx_word' id='word_1_603' title='bbox 3108 4086 3256 4127; x_wconf 92' lang='lat' dir='ltr'><strong>vers.</strong></span> <span class='ocrx_word' id='word_1_604' title='bbox 3282 4071 3372 4134; x_wconf 81' lang='lat' dir='ltr'><strong>t5,</strong></span> <span class='ocrx_word' id='word_1_605' title='bbox 3416 4068 3601 4123; x_wconf 88' lang='lat' dir='ltr'><strong>Filium</strong></span> <span class='ocrx_word' id='word_1_606' title='bbox 3620 4062 3769 4119; x_wconf 74' lang='grc' dir='ltr'>εικόνι</span> 
     </span>
    </p>
   </div>
   <div class='ocr_carea' id='block_1_88' title="bbox 2243 4157 3769 4238">
    <p class='ocr_par' dir='ltr' id='par_1_88' title="bbox 2243 4157 3769 4238">
     <span class='ocr_line' id='line_1_88' title="bbox 2243 4157 3769 4238; baseline -0.01 -17"><span class='ocrx_word' id='word_1_607' title='bbox 2243 4164 2339 4221; x_wconf 84' lang='grc' dir='ltr'>τοῦ</span> <span class='ocrx_word' id='word_1_608' title='bbox 2369 4163 2900 4238; x_wconf 58' lang='grc' dir='ltr'>ἀοράτουὰηιαῃὲηεηι</span> <span class='ocrx_word' id='word_1_609' title='bbox 2935 4162 3033 4216; x_wconf 90' lang='lat' dir='ltr'><strong>Dei</strong></span> <span class='ocrx_word' id='word_1_610' title='bbox 3068 4161 3349 4216; x_wconf 70' lang='lat' dir='ltr'><strong>invisibilis</strong></span> <span class='ocrx_word' id='word_1_611' title='bbox 3387 4159 3705 4230; x_wconf 85' lang='lat' dir='ltr'><strong>appellasset,</strong></span> <span class='ocrx_word' id='word_1_612' title='bbox 3727 4157 3769 4205; x_wconf 87' lang='lat' dir='ltr'><strong>et</strong></span> 
     </span>
    </p>
   </div>
   <div class='ocr_carea' id='block_1_89' title="bbox 2245 4253 3769 4328">
    <p class='ocr_par' dir='ltr' id='par_1_89' title="bbox 2245 4253 3769 4328">
     <span class='ocr_line' id='line_1_89' title="bbox 2245 4253 3769 4328; baseline -0.01 -15"><span class='ocrx_word' id='word_1_613' title='bbox 2245 4259 2410 4315; x_wconf 85' lang='lat' dir='ltr'><strong>Arius</strong></span> <span class='ocrx_word' id='word_1_614' title='bbox 2435 4257 2677 4328; x_wconf 90' lang='lat' dir='ltr'><strong>improbe</strong></span> <span class='ocrx_word' id='word_1_615' title='bbox 2698 4255 2763 4309; x_wconf 92' lang='lat' dir='ltr'><strong>ad</strong></span> <span class='ocrx_word' id='word_1_616' title='bbox 2794 4253 3179 4310; x_wconf 89' lang='lat' dir='ltr'><strong>stabiliendum</strong></span> <span class='ocrx_word' id='word_1_617' title='bbox 3239 4267 3485 4309; x_wconf 89' lang='lat' dir='ltr'><strong>errorem</strong></span> <span class='ocrx_word' id='word_1_618' title='bbox 3523 4261 3669 4306; x_wconf 86' lang='lat' dir='ltr'><strong>suum</strong></span> <span class='ocrx_word' id='word_1_619' title='bbox 3716 4255 3769 4298; x_wconf 80' lang='lat' dir='ltr'><strong>eo</strong></span> 
     </span>
    </p>
   </div>
   <div class='ocr_carea' id='block_1_90' title="bbox 2249 4342 3771 4416">
    <p class='ocr_par' dir='ltr' id='par_1_90' title="bbox 2249 4342 3771 4416">
     <span class='ocr_line' id='line_1_90' title="bbox 2249 4342 3771 4416; baseline -0.014 -11"><span class='ocrx_word' id='word_1_620' title='bbox 2249 4351 2369 4405; x_wconf 92' lang='lat' dir='ltr'><strong>loco</strong></span> <span class='ocrx_word' id='word_1_621' title='bbox 2402 4350 2733 4413; x_wconf 86' lang='lat' dir='ltr'><strong>abuteretur,</strong></span> <span class='ocrx_word' id='word_1_622' title='bbox 2760 4342 2994 4416; x_wconf 88' lang='lat' dir='ltr'><strong>eleganti</strong></span> <span class='ocrx_word' id='word_1_623' title='bbox 3018 4358 3152 4399; x_wconf 89' lang='lat' dir='ltr'><strong>sane</strong></span> <span class='ocrx_word' id='word_1_624' title='bbox 3171 4342 3441 4413; x_wconf 88' lang='lat' dir='ltr'><strong>adjuncto</strong></span> <span class='ocrx_word' id='word_1_625' title='bbox 3472 4352 3651 4397; x_wconf 86' lang='lat' dir='ltr'><strong>noster</strong></span> <span class='ocrx_word' id='word_1_626' title='bbox 3692 4346 3771 4387; x_wconf 90' lang='lat' dir='ltr'><strong>au-</strong></span> 
     </span>
    </p>
   </div>
   <div class='ocr_carea' id='block_1_91' title="bbox 585 4424 2139 4511">
    <p class='ocr_par' dir='ltr' id='par_1_91' title="bbox 585 4426 2139 4502">
     <span class='ocr_line' id='line_1_91' title="bbox 585 4426 2139 4502; baseline 0.001 -19"><span class='ocrx_word' id='word_1_627' title='bbox 585 4426 762 4486; x_wconf 85' lang='lat' dir='ltr'><strong>Patris</strong></span> <span class='ocrx_word' id='word_1_628' title='bbox 791 4440 1063 4493; x_wconf 88' lang='lat' dir='ltr'><strong>naturam.</strong></span> <span class='ocrx_word' id='word_1_629' title='bbox 1093 4431 1321 4502; x_wconf 88' lang='lat' dir='ltr'><strong>ejusque</strong></span> <span class='ocrx_word' id='word_1_630' title='bbox 1352 4430 1787 4501; x_wconf 82' lang='grc' dir='ltr'>ἀπαράλλακτον,</span> <span class='ocrx_word' id='word_1_631' title='bbox 1826 4432 1944 4486; x_wconf 88' lang='lat' dir='ltr'><strong>sine</strong></span> <span class='ocrx_word' id='word_1_632' title='bbox 1993 4431 2139 4485; x_wconf 83' lang='lat' dir='ltr'><strong>inva-</strong></span> 
     </span>
    </p>
   </div>
   <div class='ocr_carea' id='block_1_92' title="bbox 2241 4424 3770 4511">
    <p class='ocr_par' dir='ltr' id='par_1_92' title="bbox 2246 4424 3770 4511">
     <span class='ocr_line' id='line_1_92' title="bbox 2246 4424 3770 4511; baseline -0.016 -13"><span class='ocrx_word' id='word_1_633' title='bbox 2246 4450 2365 4498; x_wconf 88' lang='lat' dir='ltr'><strong>ctor</strong></span> <span class='ocrx_word' id='word_1_634' title='bbox 2414 4439 2676 4511; x_wconf 75' lang='grc' dir='ltr'>ἐμψυχον,</span> <span class='ocrx_word' id='word_1_635' title='bbox 2721 4437 2836 4492; x_wconf 85' lang='lat' dir='ltr'><strong>sive</strong></span> <span class='ocrx_word' id='word_1_636' title='bbox 2875 4435 3168 4488; x_wconf 90' lang='lat' dir='ltr'><strong>animatam</strong></span> <span class='ocrx_word' id='word_1_637' title='bbox 3213 4433 3509 4505; x_wconf 87' lang='lat' dir='ltr'><strong>imaginem</strong></span> <span class='ocrx_word' id='word_1_638' title='bbox 3557 4424 3770 4486; x_wconf 80' lang='lat' dir='ltr'><strong>eumdem</strong></span> 
     </span>
    </p>
   </div>
   <div class='ocr_carea' id='block_1_93' title="bbox 585 4524 2144 4599">
    <p class='ocr_par' dir='ltr' id='par_1_93' title="bbox 585 4524 2144 4599">
     <span class='ocr_line' id='line_1_93' title="bbox 585 4524 2144 4599; baseline 0.003 -23"><span class='ocrx_word' id='word_1_639' title='bbox 585 4524 778 4580; x_wconf 87' lang='lat' dir='ltr'><strong>riatam</strong></span> <span class='ocrx_word' id='word_1_640' title='bbox 808 4527 1095 4598; x_wconf 87' lang='lat' dir='ltr'><strong>imaginem</strong></span> <span class='ocrx_word' id='word_1_641' title='bbox 1145 4527 1419 4594; x_wconf 78' lang='lat' dir='ltr'><strong>exhibere,</strong></span> <span class='ocrx_word' id='word_1_642' title='bbox 1467 4527 1645 4599; x_wconf 78' lang='lat' dir='ltr'><strong>ipsius</strong></span> <span class='ocrx_word' id='word_1_643' title='bbox 1688 4527 1886 4583; x_wconf 88' lang='lat' dir='ltr'><strong>Christi</strong></span> <span class='ocrx_word' id='word_1_644' title='bbox 1930 4526 2144 4582; x_wconf 87' lang='lat' dir='ltr'><strong>Domini</strong></span> 
     </span>
    </p>
   </div>
   <div class='ocr_carea' id='block_1_94' title="bbox 585 4616 2143 4690">
    <p class='ocr_par' dir='ltr' id='par_1_94' title="bbox 585 4616 2143 4690">
     <span class='ocr_line' id='line_1_94' title="bbox 585 4616 2143 4690; baseline 0.001 -20"><span class='ocrx_word' id='word_1_645' title='bbox 585 4616 768 4672; x_wconf 85' lang='lat' dir='ltr'><strong>verbis</strong></span> <span class='ocrx_word' id='word_1_646' title='bbox 796 4632 863 4672; x_wconf 81' lang='lat' dir='ltr'><strong>ex</strong></span> <span class='ocrx_word' id='word_1_647' title='bbox 892 4619 1079 4675; x_wconf 89' lang='lat' dir='ltr'><strong>eodem</strong></span> <span class='ocrx_word' id='word_1_648' title='bbox 1109 4620 1435 4690; x_wconf 84' lang='lat' dir='ltr'><strong>evangelista</strong></span> <span class='ocrx_word' id='word_1_649' title='bbox 1465 4621 1517 4675; x_wconf 87' lang='lat' dir='ltr'><strong>id</strong></span> <span class='ocrx_word' id='word_1_650' title='bbox 1539 4617 1841 4682; x_wconf 79' lang='lat' dir='ltr'><strong>conﬁrmat,</strong></span> <span class='ocrx_word' id='word_1_651' title='bbox 1876 4617 1979 4684; x_wconf 83' lang='lat' dir='ltr'><strong>Qui</strong></span> <span class='ocrx_word' id='word_1_652' title='bbox 2008 4618 2143 4672; x_wconf 81' lang='lat' dir='ltr'><strong>videt</strong></span> 
     </span>
    </p>
   </div>
   <div class='ocr_carea' id='block_1_95' title="bbox 586 4709 2142 4783">
    <p class='ocr_par' dir='ltr' id='par_1_95' title="bbox 586 4709 2142 4783">
     <span class='ocr_line' id='line_1_95' title="bbox 586 4709 2142 4783; baseline 0 -20"><span class='ocrx_word' id='word_1_653' title='bbox 586 4724 688 4772; x_wconf 81' lang='lat' dir='ltr'><strong>me,</strong></span> <span class='ocrx_word' id='word_1_654' title='bbox 719 4709 851 4764; x_wconf 79' lang='lat' dir='ltr'><strong>videt</strong></span> <span class='ocrx_word' id='word_1_655' title='bbox 877 4721 925 4765; x_wconf 89' lang='lat' dir='ltr'><strong>et</strong></span> <span class='ocrx_word' id='word_1_656' title='bbox 965 4711 1199 4776; x_wconf 86' lang='lat' dir='ltr'><strong>Patrem,</strong></span> <span class='ocrx_word' id='word_1_657' title='bbox 1244 4719 1297 4767; x_wconf 90' lang='lat' dir='ltr'><strong>et</strong></span> <span class='ocrx_word' id='word_1_658' title='bbox 1336 4713 1654 4782; x_wconf 86' lang='lat' dir='ltr'><strong>subjungit:</strong></span> <span class='ocrx_word' id='word_1_659' title='bbox 1692 4712 1900 4783; x_wconf 82' lang='grc' dir='ltr'>Ὠσπερ</span> <span class='ocrx_word' id='word_1_660' title='bbox 1934 4709 2002 4763; x_wconf 86' lang='grc' dir='ltr'><strong>δι’</strong></span> <span class='ocrx_word' id='word_1_661' title='bbox 2028 4710 2142 4775; x_wconf 65' lang='grc' dir='ltr'>,ἐσ-</span> 
     </span>
    </p>
   </div>
   <div class='ocr_carea' id='block_1_96' title="bbox 581 4796 2136 4875">
    <p class='ocr_par' dir='ltr' id='par_1_96' title="bbox 581 4796 2136 4875">
     <span class='ocr_line' id='line_1_96' title="bbox 581 4796 2136 4875; baseline 0 -20"><span class='ocrx_word' id='word_1_662' title='bbox 581 4796 786 4872; x_wconf 79' lang='grc' dir='ltr'>όπτρου</span> <span class='ocrx_word' id='word_1_663' title='bbox 818 4802 1146 4874; x_wconf 79' lang='grc' dir='ltr'>ἀκηλιδώτου</span> <span class='ocrx_word' id='word_1_664' title='bbox 1180 4804 1271 4857; x_wconf 73' lang='grc' dir='ltr'><strong>καὶ</strong></span> <span class='ocrx_word' id='word_1_665' title='bbox 1294 4802 1554 4875; x_wconf 76' lang='grc' dir='ltr'><strong>ἐμψύχου,</strong></span> <span class='ocrx_word' id='word_1_666' title='bbox 1580 4802 1729 4866; x_wconf 82' lang='grc' dir='ltr'>Θείας</span> <span class='ocrx_word' id='word_1_667' title='bbox 1752 4802 1955 4866; x_wconf 88' lang='grc' dir='ltr'>εἰκόνος</span> <span class='ocrx_word' id='word_1_668' title='bbox 1974 4801 2136 4856; x_wconf 81' lang='grc' dir='ltr'>αὑτοῦ</span> 
     </span>
    </p>
   </div>
   <div class='ocr_carea' id='block_1_97' title="bbox 583 4889 2140 4967">
    <p class='ocr_par' dir='ltr' id='par_1_97' title="bbox 583 4889 2140 4967">
     <span class='ocr_line' id='line_1_97' title="bbox 583 4889 2140 4967; baseline 0.001 -21"><span class='ocrx_word' id='word_1_669' title='bbox 583 4889 956 4965; x_wconf 76' lang='grc' dir='ltr'>θεωρουμένου</span> <span class='ocrx_word' id='word_1_670' title='bbox 1005 4893 1097 4948; x_wconf 80' lang='grc' dir='ltr'>τοῦ</span> <span class='ocrx_word' id='word_1_671' title='bbox 1133 4895 1362 4967; x_wconf 86' lang='grc' dir='ltr'>Πατρός.</span> <span class='ocrx_word' id='word_1_672' title='bbox 1400 4894 1830 4967; x_wconf 79' lang='lat' dir='ltr'><strong>Quandoquidem</strong></span> <span class='ocrx_word' id='word_1_673' title='bbox 1858 4893 2021 4949; x_wconf 90' lang='lat' dir='ltr'><strong>Pater</strong></span> <span class='ocrx_word' id='word_1_674' title='bbox 2048 4911 2140 4965; x_wconf 87' lang='lat' dir='ltr'><strong>per</strong></span> 
     </span>
    </p>
   </div>
   <div class='ocr_carea' id='block_1_98' title="bbox 583 4985 2130 5057">
    <p class='ocr_par' dir='ltr' id='par_1_98' title="bbox 583 4985 2130 5057">
     <span class='ocr_line' id='line_1_98' title="bbox 583 4985 2130 5057; baseline 0.001 -18"><span class='ocrx_word' id='word_1_675' title='bbox 583 4985 756 5054; x_wconf 88' lang='lat' dir='ltr'><strong>ipsum</strong></span> <span class='ocrx_word' id='word_1_676' title='bbox 793 4986 927 5040; x_wconf 75' lang='lat' dir='ltr'><strong>velut</strong></span> <span class='ocrx_word' id='word_1_677' title='bbox 946 5002 1037 5056; x_wconf 80' lang='lat' dir='ltr'><strong>per</strong></span> <span class='ocrx_word' id='word_1_678' title='bbox 1063 4987 1327 5057; x_wconf 80' lang='lat' dir='ltr'><strong>speculum</strong></span> <span class='ocrx_word' id='word_1_679' title='bbox 1365 4990 1704 5057; x_wconf 80' lang='lat' dir='ltr'><strong>purissimam</strong></span> <span class='ocrx_word' id='word_1_680' title='bbox 1755 4987 1989 5057; x_wconf 86' lang='lat' dir='ltr'><strong>idemque</strong></span> <span class='ocrx_word' id='word_1_681' title='bbox 2018 4988 2130 5041; x_wconf 84' lang='lat' dir='ltr'><strong>ani-</strong></span> 
     </span>
    </p>
   </div>
   <div class='ocr_carea' id='block_1_99' title="bbox 587 5072 2139 5151">
    <p class='ocr_par' dir='ltr' id='par_1_99' title="bbox 587 5072 2139 5151">
     <span class='ocr_line' id='line_1_99' title="bbox 587 5072 2139 5151; baseline 0.003 -22"><span class='ocrx_word' id='word_1_682' title='bbox 587 5084 809 5139; x_wconf 84' lang='lat' dir='ltr'><strong>matum,</strong></span> <span class='ocrx_word' id='word_1_683' title='bbox 870 5072 929 5129; x_wconf 65' lang='lat' dir='ltr'><strong>in&#39;</strong></span> <span class='ocrx_word' id='word_1_684' title='bbox 967 5094 1067 5148; x_wconf 75' lang='lat' dir='ltr'><strong>quo</strong></span> <span class='ocrx_word' id='word_1_685' title='bbox 1120 5078 1214 5132; x_wconf 86' lang='lat' dir='ltr'><strong>Dei</strong></span> <span class='ocrx_word' id='word_1_686' title='bbox 1259 5081 1567 5146; x_wconf 73' lang='lat' dir='ltr'><strong>exprimitur</strong></span> <span class='ocrx_word' id='word_1_687' title='bbox 1624 5090 1674 5134; x_wconf 92' lang='lat' dir='ltr'><strong>et</strong></span> <span class='ocrx_word' id='word_1_688' title='bbox 1735 5081 1899 5135; x_wconf 84' lang='lat' dir='ltr'><strong>elucet</strong></span> <span class='ocrx_word' id='word_1_689' title='bbox 1942 5082 2139 5151; x_wconf 86' lang='lat' dir='ltr'><strong>imago,</strong></span> 
     </span>
    </p>
   </div>
   <div class='ocr_carea' id='block_1_100' title="bbox 588 5167 2142 5242">
    <p class='ocr_par' dir='ltr' id='par_1_100' title="bbox 588 5167 2142 5242">
     <span class='ocr_line' id='line_1_100' title="bbox 588 5167 2142 5242; baseline 0.004 -22"><span class='ocrx_word' id='word_1_690' title='bbox 588 5167 863 5236; x_wconf 75' lang='lat' dir='ltr'><strong>manifeste</strong></span> <span class='ocrx_word' id='word_1_691' title='bbox 893 5170 1123 5223; x_wconf 86' lang='lat' dir='ltr'><strong>cernitur</strong></span> <span class='ocrx_word' id='word_1_692' title='bbox 1152 5187 1170 5224; x_wconf 89' lang='lat'><em>:</em></span> <span class='ocrx_word' id='word_1_693' title='bbox 1204 5172 1278 5225; x_wconf 89' lang='lat' dir='ltr'><strong>ita</strong></span> <span class='ocrx_word' id='word_1_694' title='bbox 1320 5188 1516 5242; x_wconf 87' lang='lat' dir='ltr'><strong>magno</strong></span> <span class='ocrx_word' id='word_1_695' title='bbox 1564 5172 1852 5226; x_wconf 90' lang='lat' dir='ltr'><strong>verborum</strong></span> <span class='ocrx_word' id='word_1_696' title='bbox 1882 5180 2142 5241; x_wconf 89' lang='lat' dir='ltr'><strong>apparatu</strong></span> 
     </span>
    </p>
   </div>
   <div class='ocr_carea' id='block_1_101' title="bbox 587 5259 2145 5335">
    <p class='ocr_par' dir='ltr' id='par_1_101' title="bbox 587 5259 2145 5335">
     <span class='ocr_line' id='line_1_101' title="bbox 587 5259 2145 5335; baseline 0.002 -20"><span class='ocrx_word' id='word_1_697' title='bbox 587 5259 860 5329; x_wconf 80' lang='lat' dir='ltr'><strong>interpres</strong></span> <span class='ocrx_word' id='word_1_698' title='bbox 882 5269 1067 5316; x_wconf 64' lang='lat' dir='ltr'><strong>nostsr</strong></span> <span class='ocrx_word' id='word_1_699' title='bbox 1090 5262 1313 5333; x_wconf 80' lang='lat' dir='ltr'><strong>Anglus.</strong></span> <span class='ocrx_word' id='word_1_700' title='bbox 1342 5262 1436 5319; x_wconf 83' lang='lat' dir='ltr'><strong>Vel</strong></span> <span class='ocrx_word' id='word_1_701' title='bbox 1467 5271 1522 5317; x_wconf 89' lang='lat' dir='ltr'><strong>ut</strong></span> <span class='ocrx_word' id='word_1_702' title='bbox 1556 5264 1886 5335; x_wconf 86' lang='lat' dir='ltr'><strong>Epiphanius</strong></span> <span class='ocrx_word' id='word_1_703' title='bbox 1917 5265 1984 5318; x_wconf 88' lang='lat' dir='ltr'><strong>ad</strong></span> <span class='ocrx_word' id='word_1_704' title='bbox 2027 5280 2145 5318; x_wconf 90' lang='lat' dir='ltr'><strong>ver-</strong></span> 
     </span>
    </p>
   </div>
   <div class='ocr_carea' id='block_1_102' title="bbox 585 5347 2143 5421">
    <p class='ocr_par' dir='ltr' id='par_1_102' title="bbox 585 5347 2143 5421">
     <span class='ocr_line' id='line_1_102' title="bbox 585 5347 2143 5421; baseline -0.001 -15"><span class='ocrx_word' id='word_1_705' title='bbox 585 5348 718 5406; x_wconf 80' lang='lat' dir='ltr'><strong>bum</strong></span> <span class='ocrx_word' id='word_1_706' title='bbox 749 5364 762 5401; x_wconf 90' lang='lat'><strong>:</strong></span> <span class='ocrx_word' id='word_1_707' title='bbox 797 5347 1068 5420; x_wconf 85' lang='lat' dir='ltr'><strong>Tanquam</strong></span> <span class='ocrx_word' id='word_1_708' title='bbox 1087 5366 1178 5419; x_wconf 88' lang='lat' dir='ltr'><strong>per</strong></span> <span class='ocrx_word' id='word_1_709' title='bbox 1196 5354 1457 5421; x_wconf 84' lang='lat' dir='ltr'><strong>specu’um</strong></span> <span class='ocrx_word' id='word_1_710' title='bbox 1492 5354 1600 5407; x_wconf 88' lang='lat' dir='ltr'><strong>sine</strong></span> <span class='ocrx_word' id='word_1_711' title='bbox 1629 5354 1858 5418; x_wconf 87' lang='lat' dir='ltr'><strong>macula,</strong></span> <span class='ocrx_word' id='word_1_712' title='bbox 1916 5363 1966 5408; x_wconf 91' lang='lat' dir='ltr'><strong>et</strong></span> <span class='ocrx_word' id='word_1_713' title='bbox 2027 5354 2143 5406; x_wconf 85' lang='lat' dir='ltr'><strong>ani-</strong></span> 
     </span>
    </p>
   </div>
   <div class='ocr_carea' id='block_1_103' title="bbox 587 5441 2146 5516">
    <p class='ocr_par' dir='ltr' id='par_1_103' title="bbox 587 5441 2146 5516">
     <span class='ocr_line' id='line_1_103' title="bbox 587 5441 2146 5516; baseline 0.004 -22"><span class='ocrx_word' id='word_1_714' title='bbox 587 5450 809 5506; x_wconf 87' lang='lat' dir='ltr'><strong>matum,</strong></span> <span class='ocrx_word' id='word_1_715' title='bbox 838 5457 930 5511; x_wconf 87' lang='lat' dir='ltr'><strong>per</strong></span> <span class='ocrx_word' id='word_1_716' title='bbox 973 5441 1202 5496; x_wconf 85' lang='lat' dir='ltr'><strong>divinam</strong></span> <span class='ocrx_word' id='word_1_717' title='bbox 1232 5444 1342 5507; x_wconf 82' lang='lat' dir='ltr'><strong>eius</strong></span> <span class='ocrx_word' id='word_1_718' title='bbox 1388 5445 1661 5516; x_wconf 85' lang='lat' dir='ltr'><strong>imaginem</strong></span> <span class='ocrx_word' id='word_1_719' title='bbox 1709 5446 2146 5515; x_wconf 73' lang='lat' dir='ltr'><strong>conteMplaretur</strong></span> 
     </span>
    </p>
   </div>
   <div class='ocr_carea' id='block_1_104' title="bbox 590 5528 2146 5611">
    <p class='ocr_par' dir='ltr' id='par_1_104' title="bbox 590 5528 2146 5611">
     <span class='ocr_line' id='line_1_104' title="bbox 590 5528 2146 5611; baseline 0.004 -26"><span class='ocrx_word' id='word_1_720' title='bbox 590 5528 826 5587; x_wconf 81' lang='lat' dir='ltr'><strong>Patrem.</strong></span> <span class='ocrx_word' id='word_1_721' title='bbox 850 5531 897 5584; x_wconf 88' lang='lat' dir='ltr'><strong>A</strong></span> <span class='ocrx_word' id='word_1_722' title='bbox 924 5532 1120 5602; x_wconf 88' lang='lat' dir='ltr'><strong>quibus</strong></span> <span class='ocrx_word' id='word_1_723' title='bbox 1176 5548 1276 5611; x_wconf 85' lang='lat' dir='ltr'><strong>nec</strong></span> <span class='ocrx_word' id='word_1_724' title='bbox 1316 5533 1659 5593; x_wconf 87' lang='lat' dir='ltr'><strong>Camerarius</strong></span> <span class='ocrx_word' id='word_1_725' title='bbox 1708 5535 2031 5594; x_wconf 86' lang='lat' dir='ltr'><strong>Theodoreti</strong></span> <span class='ocrx_word' id='word_1_726' title='bbox 2061 5536 2146 5592; x_wconf 83' lang='lat' dir='ltr'><strong>in-</strong></span> 
     </span>
    </p>
   </div>
   <div class='ocr_carea' id='block_1_105' title="bbox 660 5683 1137 5758">
    <p class='ocr_par' dir='ltr' id='par_1_105' title="bbox 660 5683 1137 5758">
     <span class='ocr_line' id='line_1_105' title="bbox 660 5683 1137 5758; baseline 0.002 -20"><span class='ocrx_word' id='word_1_727' title='bbox 660 5692 679 5753; x_wconf 62' lang='lat' dir='ltr'><strong>f</strong></span> <span class='ocrx_word' id='word_1_728' title='bbox 713 5690 745 5749; x_wconf 80' lang='grc' dir='ltr'><em>Ι</em></span> <span class='ocrx_word' id='word_1_729' title='bbox 781 5683 902 5738; x_wconf 85' lang='lat' dir='ltr'><strong>Cor.</strong></span> <span class='ocrx_word' id='word_1_730' title='bbox 943 5687 1137 5758; x_wconf 72' lang='lat' dir='ltr'><strong>attt,l.</strong></span> 
     </span>
    </p>
   </div>
   <div class='ocr_carea' id='block_1_106' title="bbox 2248 4517 3774 4609">
    <p class='ocr_par' dir='ltr' id='par_1_106' title="bbox 2248 4517 3774 4609">
     <span class='ocr_line' id='line_1_106' title="bbox 2248 4517 3774 4609; baseline -0.014 -18"><span class='ocrx_word' id='word_1_731' title='bbox 2248 4536 2502 4609; x_wconf 88' lang='lat' dir='ltr'><strong>appellat,</strong></span> <span class='ocrx_word' id='word_1_732' title='bbox 2520 4540 2578 4586; x_wconf 94' lang='lat' dir='ltr'><strong>ut</strong></span> <span class='ocrx_word' id='word_1_733' title='bbox 2598 4528 3005 4587; x_wconf 90' lang='lat' dir='ltr'><strong>similitudinem</strong></span> <span class='ocrx_word' id='word_1_734' title='bbox 3040 4525 3501 4603; x_wconf 79' lang='lat' dir='ltr'><strong>perfectissimam</strong></span> <span class='ocrx_word' id='word_1_735' title='bbox 3525 4525 3657 4578; x_wconf 85' lang='lat' dir='ltr'><strong>inter</strong></span> <span class='ocrx_word' id='word_1_736' title='bbox 3687 4517 3774 4571; x_wconf 84' lang='lat' dir='ltr'><strong>Pa-</strong></span> 
     </span>
    </p>
   </div>
   <div class='ocr_carea' id='block_1_107' title="bbox 2247 4611 3774 4697">
    <p class='ocr_par' dir='ltr' id='par_1_107' title="bbox 2247 4611 3774 4697">
     <span class='ocr_line' id='line_1_107' title="bbox 2247 4611 3774 4697; baseline -0.017 -9"><span class='ocrx_word' id='word_1_737' title='bbox 2247 4641 2385 4687; x_wconf 91' lang='lat' dir='ltr'><strong>trem</strong></span> <span class='ocrx_word' id='word_1_738' title='bbox 2417 4628 2723 4697; x_wconf 88' lang='lat' dir='ltr'><strong>Filiumque</strong></span> <span class='ocrx_word' id='word_1_739' title='bbox 2754 4621 3257 4695; x_wconf 80' lang='lat' dir='ltr'><strong>signiﬁcantissima</strong></span> <span class='ocrx_word' id='word_1_740' title='bbox 3305 4635 3444 4675; x_wconf 88' lang='lat' dir='ltr'><strong>voce</strong></span> <span class='ocrx_word' id='word_1_741' title='bbox 3484 4626 3663 4673; x_wconf 85' lang='lat' dir='ltr'><strong>contra</strong></span> <span class='ocrx_word' id='word_1_742' title='bbox 3687 4611 3774 4664; x_wconf 61' lang='lat' dir='ltr'><strong>ha»</strong></span> 
     </span>
    </p>
   </div>
   <div class='ocr_carea' id='block_1_108' title="bbox 2244 4697 3775 4781">
    <p class='ocr_par' dir='ltr' id='par_1_108' title="bbox 2244 4697 3775 4781">
     <span class='ocr_line' id='line_1_108' title="bbox 2244 4697 3775 4781; baseline -0.019 0"><span class='ocrx_word' id='word_1_743' title='bbox 2244 4727 2539 4781; x_wconf 88' lang='lat' dir='ltr'><strong>reticorum</strong></span> <span class='ocrx_word' id='word_1_744' title='bbox 2567 4717 2795 4773; x_wconf 79' lang='lat' dir='ltr'><strong>offucias</strong></span> <span class='ocrx_word' id='word_1_745' title='bbox 2848 4720 3089 4776; x_wconf 90' lang='lat' dir='ltr'><strong>tueatur,</strong></span> <span class='ocrx_word' id='word_1_746' title='bbox 3152 4720 3208 4768; x_wconf 90' lang='lat' dir='ltr'><strong>et</strong></span> <span class='ocrx_word' id='word_1_747' title='bbox 3259 4711 3443 4776; x_wconf 79' lang='grc' dir='ltr'>ζῶντα</span> <span class='ocrx_word' id='word_1_748' title='bbox 3491 4708 3653 4775; x_wconf 84' lang='grc' dir='ltr'>Λόγον</span> <span class='ocrx_word' id='word_1_749' title='bbox 3690 4697 3775 4756; x_wconf 74' lang='grc' dir='ltr'><strong>ἀπὸ</strong></span> 
     </span>
    </p>
   </div>
   <div class='ocr_carea' id='block_1_109' title="bbox 2237 4793 3774 4882">
    <p class='ocr_par' dir='ltr' id='par_1_109' title="bbox 2237 4793 3774 4882">
     <span class='ocr_line' id='line_1_109' title="bbox 2237 4793 3774 4882; baseline -0.017 -13"><span class='ocrx_word' id='word_1_750' title='bbox 2237 4815 2434 4882; x_wconf 80' lang='grc' dir='ltr'>ζῶντος</span> <span class='ocrx_word' id='word_1_751' title='bbox 2479 4807 2689 4880; x_wconf 85' lang='grc' dir='ltr'>Πατρὸς</span> <span class='ocrx_word' id='word_1_752' title='bbox 2711 4802 2978 4875; x_wconf 87' lang='lat' dir='ltr'><strong>prodiisse</strong></span> <span class='ocrx_word' id='word_1_753' title='bbox 3016 4802 3228 4858; x_wconf 86' lang='lat' dir='ltr'><strong>doceat.</strong></span> <span class='ocrx_word' id='word_1_754' title='bbox 3258 4800 3401 4857; x_wconf 88' lang='lat' dir='ltr'><strong>Cum</strong></span> <span class='ocrx_word' id='word_1_755' title='bbox 3434 4800 3575 4855; x_wconf 88' lang='lat' dir='ltr'><strong>enim</strong></span> <span class='ocrx_word' id='word_1_756' title='bbox 3607 4793 3774 4865; x_wconf 72' lang='lat' dir='ltr'><strong>duplex</strong></span> 
     </span>
    </p>
   </div>
   <div class='ocr_carea' id='block_1_110' title="bbox 2238 4893 3773 4972">
    <p class='ocr_par' dir='ltr' id='par_1_110' title="bbox 2238 4893 3773 4972">
     <span class='ocr_line' id='line_1_110' title="bbox 2238 4893 3773 4972; baseline -0.018 -8"><span class='ocrx_word' id='word_1_757' title='bbox 2238 4909 2311 4964; x_wconf 89' lang='lat' dir='ltr'><strong>sit</strong></span> <span class='ocrx_word' id='word_1_758' title='bbox 2360 4906 2537 4972; x_wconf 86' lang='lat' dir='ltr'><strong>imago</strong></span> <span class='ocrx_word' id='word_1_759' title='bbox 2569 4906 2629 4955; x_wconf 92' lang='lat' dir='ltr'><strong>ut</strong></span> <span class='ocrx_word' id='word_1_760' title='bbox 2659 4895 3110 4953; x_wconf 81' lang='lat' dir='ltr'><strong>scholasticorum</strong></span> <span class='ocrx_word' id='word_1_761' title='bbox 3149 4893 3548 4964; x_wconf 83' lang='lat' dir='ltr'><strong>antesignanus</strong></span> <span class='ocrx_word' id='word_1_762' title='bbox 3586 4896 3723 4959; x_wconf 85' lang='lat' dir='ltr'><strong>parte</strong></span> <span class='ocrx_word' id='word_1_763' title='bbox 3742 4899 3773 4946; x_wconf 88' lang='lat' dir='ltr'><strong>t,</strong></span> 
     </span>
    </p>
   </div>
   <div class='ocr_carea' id='block_1_111' title="bbox 2239 4977 3775 5071">
    <p class='ocr_par' dir='ltr' id='par_1_111' title="bbox 2239 4977 3775 5071">
     <span class='ocr_line' id='line_1_111' title="bbox 2239 4977 3775 5071; baseline -0.015 -19"><span class='ocrx_word' id='word_1_764' title='bbox 2239 5017 2293 5071; x_wconf 86' lang='lat' dir='ltr'><strong>q.</strong></span> <span class='ocrx_word' id='word_1_765' title='bbox 2323 4996 2413 5059; x_wconf 79' lang='lat'><strong>&#39;55,</strong></span> <span class='ocrx_word' id='word_1_766' title='bbox 2440 5001 2494 5049; x_wconf 89' lang='lat' dir='ltr'><strong>et</strong></span> <span class='ocrx_word' id='word_1_767' title='bbox 2519 4993 2629 5061; x_wconf 86' lang='lat' dir='ltr'><strong>jam</strong></span> <span class='ocrx_word' id='word_1_768' title='bbox 2658 4990 2786 5045; x_wconf 91' lang='lat' dir='ltr'><strong>olim</strong></span> <span class='ocrx_word' id='word_1_769' title='bbox 2814 4986 3149 5058; x_wconf 89' lang='lat' dir='ltr'><strong>Epiphanius</strong></span> <span class='ocrx_word' id='word_1_770' title='bbox 3182 4986 3238 5040; x_wconf 91' lang='lat' dir='ltr'><strong>in</strong></span> <span class='ocrx_word' id='word_1_771' title='bbox 3271 4985 3659 5039; x_wconf 79' lang='lat' dir='ltr'><strong>Anomaorum</strong></span> <span class='ocrx_word' id='word_1_772' title='bbox 3685 4977 3775 5030; x_wconf 71' lang='lat' dir='ltr'><strong>ha-</strong></span> 
     </span>
    </p>
   </div>
   <div class='ocr_carea' id='block_1_112' title="bbox 2240 5077 3774 5155">
    <p class='ocr_par' dir='ltr' id='par_1_112' title="bbox 2240 5077 3774 5155">
     <span class='ocr_line' id='line_1_112' title="bbox 2240 5077 3774 5155; baseline -0.014 -11"><span class='ocrx_word' id='word_1_773' title='bbox 2240 5089 2370 5151; x_wconf 91' lang='lat' dir='ltr'><strong>resi,</strong></span> <span class='ocrx_word' id='word_1_774' title='bbox 2401 5100 2520 5155; x_wconf 85' lang='lat' dir='ltr'><strong>cap.</strong></span> <span class='ocrx_word' id='word_1_775' title='bbox 2555 5085 2610 5146; x_wconf 80' lang='lat'><strong>‘5,</strong></span> <span class='ocrx_word' id='word_1_776' title='bbox 2641 5082 2825 5137; x_wconf 89' lang='lat' dir='ltr'><strong>docuit</strong></span> <span class='ocrx_word' id='word_1_777' title='bbox 2853 5098 2865 5134; x_wconf 91' lang='lat'><strong>:</strong></span> <span class='ocrx_word' id='word_1_778' title='bbox 2892 5080 3060 5134; x_wconf 89' lang='lat' dir='ltr'><strong>altera</strong></span> <span class='ocrx_word' id='word_1_779' title='bbox 3093 5079 3149 5132; x_wconf 90' lang='lat' dir='ltr'><strong>in</strong></span> <span class='ocrx_word' id='word_1_780' title='bbox 3194 5091 3256 5133; x_wconf 87' lang='lat' dir='ltr'><strong>re</strong></span> <span class='ocrx_word' id='word_1_781' title='bbox 3300 5077 3553 5147; x_wconf 89' lang='lat' dir='ltr'><strong>ejusdem</strong></span> <span class='ocrx_word' id='word_1_782' title='bbox 3576 5081 3774 5129; x_wconf 71' lang='lat' dir='ltr'><strong>natura.</strong></span> 
     </span>
    </p>
   </div>
   <div class='ocr_carea' id='block_1_113' title="bbox 2244 5168 3777 5245">
    <p class='ocr_par' dir='ltr' id='par_1_113' title="bbox 2244 5168 3777 5245">
     <span class='ocr_line' id='line_1_113' title="bbox 2244 5168 3777 5245; baseline -0.01 -12"><span class='ocrx_word' id='word_1_783' title='bbox 2244 5187 2303 5233; x_wconf 91' lang='lat' dir='ltr'><strong>ut</strong></span> <span class='ocrx_word' id='word_1_784' title='bbox 2336 5179 2513 5245; x_wconf 85' lang='lat' dir='ltr'><strong>imago</strong></span> <span class='ocrx_word' id='word_1_785' title='bbox 2539 5173 2701 5244; x_wconf 83' lang='lat' dir='ltr'><strong>Regis</strong></span> <span class='ocrx_word' id='word_1_786' title='bbox 2751 5172 2807 5225; x_wconf 89' lang='lat' dir='ltr'><strong>in</strong></span> <span class='ocrx_word' id='word_1_787' title='bbox 2843 5168 3015 5236; x_wconf 83' lang='lat' dir='ltr'><strong>Filio;</strong></span> <span class='ocrx_word' id='word_1_788' title='bbox 3043 5171 3214 5224; x_wconf 89' lang='lat' dir='ltr'><strong>altera</strong></span> <span class='ocrx_word' id='word_1_789' title='bbox 3254 5170 3313 5223; x_wconf 92' lang='lat' dir='ltr'><strong>in</strong></span> <span class='ocrx_word' id='word_1_790' title='bbox 3354 5183 3417 5223; x_wconf 92' lang='lat' dir='ltr'><strong>re</strong></span> <span class='ocrx_word' id='word_1_791' title='bbox 3452 5168 3671 5221; x_wconf 70' lang='lat' dir='ltr'><strong>diversa</strong></span> <span class='ocrx_word' id='word_1_792' title='bbox 3692 5172 3777 5213; x_wconf 75' lang='lat' dir='ltr'><strong>na-</strong></span> 
     </span>
    </p>
   </div>
   <div class='ocr_carea' id='block_1_114' title="bbox 2240 5257 3778 5335">
    <p class='ocr_par' dir='ltr' id='par_1_114' title="bbox 2240 5257 3778 5335">
     <span class='ocr_line' id='line_1_114' title="bbox 2240 5257 3778 5335; baseline -0.012 -14"><span class='ocrx_word' id='word_1_793' title='bbox 2240 5276 2375 5321; x_wconf 86' lang='lat' dir='ltr'><strong>tura</strong></span> <span class='ocrx_word' id='word_1_794' title='bbox 2401 5278 2681 5335; x_wconf 81' lang='lat' dir='ltr'><strong>expressa,</strong></span> <span class='ocrx_word' id='word_1_795' title='bbox 2714 5260 2892 5331; x_wconf 90' lang='lat' dir='ltr'><strong>qualis</strong></span> <span class='ocrx_word' id='word_1_796' title='bbox 2919 5266 3004 5313; x_wconf 85' lang='lat' dir='ltr'><strong>est</strong></span> <span class='ocrx_word' id='word_1_797' title='bbox 3044 5260 3220 5329; x_wconf 91' lang='lat' dir='ltr'><strong>imago</strong></span> <span class='ocrx_word' id='word_1_798' title='bbox 3257 5258 3533 5328; x_wconf 88' lang='lat' dir='ltr'><strong>principis</strong></span> <span class='ocrx_word' id='word_1_799' title='bbox 3557 5257 3609 5310; x_wconf 89' lang='lat' dir='ltr'><strong>in</strong></span> <span class='ocrx_word' id='word_1_800' title='bbox 3636 5265 3778 5308; x_wconf 87' lang='lat' dir='ltr'><strong>num-</strong></span> 
     </span>
    </p>
   </div>
   <div class='ocr_carea' id='block_1_115' title="bbox 2242 5336 3778 5419">
    <p class='ocr_par' dir='ltr' id='par_1_115' title="bbox 2242 5336 3778 5419">
     <span class='ocr_line' id='line_1_115' title="bbox 2242 5336 3778 5419; baseline -0.012 -8"><span class='ocrx_word' id='word_1_801' title='bbox 2242 5372 2352 5419; x_wconf 86' lang='lat' dir='ltr'><strong>mo,</strong></span> <span class='ocrx_word' id='word_1_802' title='bbox 2411 5355 2497 5410; x_wconf 87' lang='lat' dir='ltr'><strong>vel</strong></span> <span class='ocrx_word' id='word_1_803' title='bbox 2549 5352 2753 5415; x_wconf 86' lang='lat' dir='ltr'><strong>tabula,</strong></span> <span class='ocrx_word' id='word_1_804' title='bbox 2799 5358 2893 5404; x_wconf 88' lang='lat' dir='ltr'><strong>aut</strong></span> <span class='ocrx_word' id='word_1_805' title='bbox 2948 5357 3147 5405; x_wconf 85' lang='lat' dir='ltr'><strong>statua.</strong></span> <span class='ocrx_word' id='word_1_806' title='bbox 3206 5348 3357 5413; x_wconf 90' lang='lat' dir='ltr'><strong>Sive,</strong></span> <span class='ocrx_word' id='word_1_807' title='bbox 3401 5358 3463 5403; x_wconf 89' lang='lat' dir='ltr'><strong>ut</strong></span> <span class='ocrx_word' id='word_1_808' title='bbox 3518 5336 3778 5417; x_wconf 82' lang='lat' dir='ltr'><strong>Epiphanii</strong></span> 
     </span>
    </p>
   </div>
   <div class='ocr_carea' id='block_1_116' title="bbox 2241 5433 3782 5511">
    <p class='ocr_par' dir='ltr' id='par_1_116' title="bbox 2241 5433 3782 5511">
     <span class='ocr_line' id='line_1_116' title="bbox 2241 5433 3782 5511; baseline -0.007 -12"><span class='ocrx_word' id='word_1_809' title='bbox 2241 5444 2420 5499; x_wconf 86' lang='lat' dir='ltr'><strong>verbis</strong></span> <span class='ocrx_word' id='word_1_810' title='bbox 2445 5450 2590 5506; x_wconf 83' lang='lat' dir='ltr'><strong>utar,</strong></span> <span class='ocrx_word' id='word_1_811' title='bbox 2633 5442 2822 5506; x_wconf 86' lang='lat' dir='ltr'><strong>altera,</strong></span> <span class='ocrx_word' id='word_1_812' title='bbox 2851 5440 2939 5495; x_wconf 78' lang='grc' dir='ltr'><strong>διὰ</strong></span> <span class='ocrx_word' id='word_1_813' title='bbox 2970 5440 3070 5510; x_wconf 81' lang='grc' dir='ltr'>τῆς</span> <span class='ocrx_word' id='word_1_814' title='bbox 3098 5441 3427 5511; x_wconf 74' lang='grc' dir='ltr'>γεννητικῆς</span> <span class='ocrx_word' id='word_1_815' title='bbox 3458 5433 3782 5511; x_wconf 72' lang='grc' dir='ltr'>όμοουσιότη-</span> 
     </span>
    </p>
   </div>
   <div class='ocr_carea' id='block_1_117' title="bbox 2244 5526 3780 5604">
    <p class='ocr_par' dir='ltr' id='par_1_117' title="bbox 2244 5526 3780 5604">
     <span class='ocr_line' id='line_1_117' title="bbox 2244 5526 3780 5604; baseline -0.01 -14"><span class='ocrx_word' id='word_1_816' title='bbox 2244 5551 2352 5599; x_wconf 84' lang='grc' dir='ltr'>τος,</span> <span class='ocrx_word' id='word_1_817' title='bbox 2383 5533 2553 5590; x_wconf 83' lang='lat' dir='ltr'><strong>altera</strong></span> <span class='ocrx_word' id='word_1_818' title='bbox 2582 5532 2672 5588; x_wconf 84' lang='grc' dir='ltr'><strong>διὰ</strong></span> <span class='ocrx_word' id='word_1_819' title='bbox 2698 5533 3003 5604; x_wconf 74' lang='grc' dir='ltr'>χρωμάτων</span> <span class='ocrx_word' id='word_1_820' title='bbox 3023 5533 3372 5604; x_wconf 73' lang='grc' dir='ltr'>εἰκαζομένη,</span> <span class='ocrx_word' id='word_1_821' title='bbox 3410 5533 3489 5586; x_wconf 83' lang='lat' dir='ltr'><strong>vel</strong></span> <span class='ocrx_word' id='word_1_822' title='bbox 3519 5544 3614 5600; x_wconf 88' lang='lat' dir='ltr'><strong>per</strong></span> <span class='ocrx_word' id='word_1_823' title='bbox 3638 5526 3780 5581; x_wconf 79' lang='lat' dir='ltr'><strong>aliam</strong></span> 
     </span>
    </p>
   </div>
  </div>
