3980 6318
215 294 310 344 545
1650 287 1950 342 ΝΟΤΙΤΙᾹ.

3347 291 3455 347 546

212 417 589 473 quamcunque
658 405 942 458 materiam
1023 403 1336 469 diversam,
1406 413 1460 460 et
1519 405 1771 476 ἀνομοού-

1885 403 2193 458 Alexander
2227 401 2422 458 Filium
2452 403 2546 458 Dei
2588 404 2831 475 ἔμψυχον
2877 405 3026 460 θείαν
3064 409 3246 460 εἰκόνα
3273 413 3460 480 appel-

209 511 314 547 σιον
363 509 662 564 expressa,
724 496 890 550 Arius
947 498 1174 568 ejusque
1227 505 1522 553 sectatores
1573 495 1771 550 Filium

207 585 381 639 Patris
438 586 729 656 imaginem
781 591 1069 658 posteriori
1127 589 1288 644 modo
1335 591 1667 650 intellexere,
1716 599 1775 644 ut

206 677 436 732 diversa:
468 694 498 732 a
533 678 694 734 Patre
724 691 932 736 naturae
961 697 1083 737 eum
1113 698 1235 737 esse
1277 683 1606 737 evincerent.
1631 683 1773 749 Quin

205 772 310 825 imo
357 770 462 828 hoc
511 771 630 841 ipso
683 771 879 826 Filium
937 775 1198 830 minorem
1265 775 1426 829 Patre
1484 776 1775 832 ostendere

203 869 384 922 conati
418 876 565 930 sunt,
595 871 723 938 quia
754 870 928 926 Patris
961 872 1137 942 imago
1163 882 1405 926 vocatur.
1441 870 1514 924 lta
1553 872 1778 927 Marce'—

206 962 286 1015 lus
323 961 469 1031 apud
520 942 811 1016 Eusebiu’m
842 962 978 1015 libro
1012 980 1052 1026 ι,
1084 979 1145 1018 ex
1190 964 1389 1017 Asterii
1423 973 1601 1019 mente
1628 963 1771 1018 amr-

203 1062 333 1119 utat,
367 1053 620 1106 τοσοῦτον
648 1055 740 1107 τὸν
761 1053 889 1107 Θεὸν
914 1054 1006 1107 τοῦ
1024 1056 1194 1124 Λόγου
1215 1056 1510 1127 διαφέρειν,
1535 1057 1657 1109 ὅσον
1684 1057 1774 1110 καὶ

203 1145 485 1217 ἄνθρωπος
512 1147 612 1216 τῆς
654 1145 847 1200 ἑαυτοῦ
890 1147 1096 1212 εἰκόνος
1140 1148 1415 1220 διαφέρειν
1451 1148 1632 1202 δοκεῖ·
1668 1149 1772 1203 hoc

204 1246 282 1293 est
322 1253 336 1288 :
374 1236 519 1291 Deus
550 1238 605 1290 in
640 1246 841 1290 tantum
887 1255 920 1291 a
973 1238 1137 1292 Verbo
1172 1255 1268 1292 suo
1307 1239 1520 1307 differre
1550 1239 1770 1300 videtur,

202 1330 246 1382 in
282 1339 540 1399 quantum
568 1329 721 1383 homo
760 1329 825 1382 ab
875 1331 1104 1399 imagine
1141 1347 1260 1386 sua.
1293 1332 1437 1386 Idem
1487 1332 1772 1387 Marcellus

202 1422 528 1476 catholicam
595 1422 794 1477 Asterii
867 1423 1230 1478 assertionem
1297 1424 1600 1493 exagitans,
1665 1439 1772 1494 qua

203 1511 439 1568 Verbum
494 1514 815 1568 invariatam
883 1513 1060 1569 Patris
1117 1514 1408 1584 imaginem
1465 1514 1774 1569 afﬁrmave-

203 1613 302 1665 rat,
341 1606 532 1660 multis
584 1605 971 1670 debacchatur,
1029 1620 1149 1674 qua;
1191 1613 1246 1660 et
1287 1607 1429 1675 apud
1479 1605 1769 1660 Eusebium

202 1706 247 1751 et
299 1695 666 1766 Epiphanium
733 1697 928 1752 heresi
987 1710 1138 1750 Lxxn
1187 1713 1253 1752 ex
1317 1698 1518 1752 Acacio
1565 1698 1773 1752 haben-

1884 493 1978 555 lct,
2032 501 2085 548 et
2115 509 2275 562 quam
2308 509 2369 547 ea
2405 509 2504 547 vox
2539 496 2674 549 nihil
2707 497 2911 550 humile
2939 505 2993 552 et
3029 498 3308 567 indignum
3348 499 3462 555 Deo

1883 587 2088 640 tribuat
2113 605 2127 653 ;
2162 587 2257 640 sed
2283 602 2571 651 summam,
2605 599 2656 642 et
2681 588 2941 642 advivqu
2965 605 3278 658 expressam
3296 600 3461 646 natu-

1882 694 1955 732 rae
1985 679 2282 750 gloriaeque
2296 688 2533 749 paternae
2555 679 2969 735 similitudinem
3001 681 3159 738 nobis
3185 683 3458 753 designet.

1951 769 2081 824 Eam
2111 785 2275 840 porro
2302 786 2489 824 vocem
2523 786 2588 825 ex
2622 772 2800 824 medio
2830 769 3054 825 Graecia:
3083 789 3183 827 usu
3232 774 3458 830 desum-

1881 870 2049 931 ptam,
2096 863 2283 917 nescio
2314 863 2472 933 eujus
2507 863 2706 917 veteris
2736 863 2976 918 auctoris
3009 867 3281 918 sententia
3313 867 3456 937 apud

1885 952 2158 1008 Stobteum
2203 963 2456 1020 testatur,
2519 956 2606 1009 cui
2655 970 2749 1008 rex
2809 955 3048 1028 ἔμψυχος
3100 956 3262 1010 εἰκὼν
3322 958 3458 1012 Θεοῦ

1881 1046 2107 1101 dicitur.
2152 1049 2228 1101 lta
2271 1047 2549 1118 Longinus
2589 1048 2878 1102 notissimo
2923 1049 3016 1102 illo
3060 1049 3237 1118 elogio
3271 1048 3457 1103 Euna-

1879 1138 1953 1208 pii
2004 1156 2016 1190 :
2065 1133 2388 1208 Βιϐλιοθήκη
2438 1139 2674 1208 ἔμψυχος
2720 1139 2815 1190 καὶ
2861 1137 3195 1206 περιπατοῦν
3244 1142 3459 1208 μουσεῖ-

1879 1243 1958 1280 ον.
2009 1226 2075 1279 Et
2137 1225 2426 1281 Marcellus
2495 1227 2713 1280 Arcadii
2780 1227 3128 1297 imperatoris
3173 1230 3454 1298 magister,

1882 1313 2066 1368 Suida:
2125 1315 2526 1384 lexicographo,
2591 1317 2772 1371 minus
2796 1316 2935 1371 forte
2987 1325 3142 1380 noto,
3191 1321 3288 1372 sed
3340 1336 3454 1374 non

1878 1407 2062 1460 minus
2088 1407 2318 1477 eleganti
2344 1408 2593 1462 encomio
2622 1427 2634 1462 :
2662 1408 2872 1479 Κόσμος
2897 1409 3098 1480 ἀρετῆς
3127 1410 3366 1480 ἀπάσης,
3397 1411 3457 1481 ἢ,

1879 1496 2018 1564 τόγε
2041 1496 2477 1567 ἁρμονικὼτερον
2505 1500 2697 1563 εἰπεῖν,
2722 1500 2889 1570 ἀρετή
2920 1517 3004 1562 τις
3037 1499 3296 1570 ἔμψυχος
3326 1499 3456 1554 0m—

1878 1589 1960 1641 nis
1991 1589 2199 1641 uirtutis
2235 1601 2622 1653 ornamentum,
2657 1593 2733 1644 vel
2773 1592 2948 1658 potius
2988 1580 3103 1645 viva
3136 1602 3183 1644 et
3215 1593 3454 1645 animata

1877 1679 2118 1748 quaid-am
2161 1683 2344 1734 uirtus.
2398 1682 2618 1738 Graacas
2668 1683 2830 1737 hasce
2876 1684 3145 1738 sermonis
3199 1684 3452 1738 lauticias

201 1797 306 1842 tur.
350 1789 457 1843 Sed
505 1789 724 1844 fanatici
782 1787 1016 1843 hominis
1069 1787 1261 1843 deliria
1318 1788 1595 1859 castigans
1634 1789 1774 1841 Aca-
1806 1793 1848 1852 Β
1877 1773 2112 1828 feliciter
2151 1783 2542 1844 expresserunt
2591 1774 2792 1829 Latini.
2839 1775 2980 1840 Quid
3014 1776 3158 1829 enim
3190 1777 3450 1843 spirantia

199 1883 317 1937 cius
358 1901 371 1935 :
423 1901 441 1932 ι
487 1880 604 1948 Τιι,
646 1882 858 1952 inquit,
895 1880 989 1936 Dei
1048 1881 1341 1952 imaginem
1394 1882 1569 1952 ἀζωῖᾳ
1621 1899 1770 1954 περι-

200 1973 436 2047 γράψας,
478 1973 614 2038 sive,
667 1973 772 2027 vita
811 1974 925 2036 ipsa
967 1973 1201 2041 privans,
1240 1987 1414 2042 neque
1461 1970 1767 2038 Dominum,

201 2081 373 2135 neque
438 2063 608 2120 Deum
649 2081 773 2121 esse
815 2067 1103 2133 concedis;
1140 2065 1233 2121 sed
1278 2064 1607 2119 immobilem
1637 2063 1772 2118 dun-

202 2166 343 2212 taxat
375 2157 694 2228 imaginem,
737 2159 896 2212 οἱονεὶ
923 2159 1126 2229 ἄψυχον
1159 2157 1252 2211 καὶ
1277 2155 1471 2220 ᾶζωον,
1502 2162 1560 2209 ut
1587 2153 1770 2208 anima

202 2254 419 2321 vitaque
451 2251 763 2306 destitutam
809 2272 822 2307 :
854 2251 1088 2306 viventis
1135 2258 1315 2304 autem
1347 2248 1619 2302 viventem
1674 2245 1768 2301 Dei

204 2344 489 2413 imaginem
547 2359 668 2399 esse
724 2359 907 2414 negas.
958 2343 1103 2399 Idem
1162 2357 1379 2413 quoque
1431 2340 1768 2412 Epiphanius

205 2436 318 2489 lliBl‘.
360 2452 554 2499 L-xxw,
613 2437 801 2489 contra
852 2436 1067 2490 Aetium
1129 2431 1518 2488 Anommorum
1567 2432 1770 2502 princi-

203 2544 334 2598 pem,
363 2525 566 2581 Filium
622 2543 686 2582 ex
734 2509 894 2582 Patre
938 2534 1126 2580 natum
1162 2525 1459 2587 contendit,
1496 2530 1556 2576 ut
1600 2521 1766 2577 Deum

202 2623 261 2676 de
291 2620 426 2680 Deo,
461 2621 645 2674 lumen
690 2620 757 2673 de
798 2618 1020 2683 lumine,
1064 2618 1325 2687 aequalem
1375 2631 1468 2685 per
1507 2615 1687 2668 omnia
1717 2623 1769 2667 et

204 2712 719 2769 consubstantialem
733 2711 911 2777 Patri;
937 2709 1116 2778 cujus,
1140 2709 1338 2778 inquit,
1364 2708 1542 2775 imago
1570 2714 1653 2761 est
1670 2707 1768 2758 οὐκ

202 2805 422 2875 ἄψυχος,
476 2804 614 2856 ἀλλὰ
656 2802 864 2873 Πατρὺς
913 2798 1393 2871 χαρακτηρίζουσα
1445 2797 1631 2864 γένος’
1666 2813 1767 2848 non

200 2914 374 2966 expers
400 2899 614 2957 animle,
651 2895 740 2949 sed
789 2893 1064 2964 paternum
1100 2908 1258 2963 genus
1303 2891 1616 2958 exprimens.
1643 2887 1766 2941 llaac

201 2990 554 3061 Epiphanius.
611 2987 797 3057 Neque
848 2986 1101 3041 dissentit
1149 2983 1442 3048 Eusebius,
1500 2983 1594 3052 qui
1641 2996 1764 3035 cum

202 3090 334 3142 libro
385 3103 426 3139 ιι
477 3085 770 3153 Theologiw
829 3081 1012 3136 eccles.
1063 3079 1214 3134 varia
1266 3076 1582 3147 protulisset
1625 3074 1763 3136 loca,

1871 1867 2044 1936 signa,
2075 1874 2128 1920 et
2160 1869 2420 1935 spirantia
2452 1867 2661 1922 mollius
2693 1885 2825 1932 arra,
2869 1876 2923 1921 et
2957 1869 3055 1921 vivi
3083 1867 3144 1922 de
3188 1885 3452 1924 marmore

1870 1959 2044 2013 vultus
2102 1959 2387 2013 Maronis?
2443 1959 2584 2026 Quid
2640 1959 2933 2030 Propertii,
2996 1959 3165 2012 uivida
3229 1971 3279 2016 et
3332 1965 3451 2016 ani-

1872 2067 2018 2104 mosa
2067 2053 2268 2121 signa?
2329 2050 2468 2117 Quid
2527 2051 2800 2105 Ammiani
2853 2052 3116 2119 spirantia
3178 2054 3450 2124 signorum

1871 2144 2141 2213 ﬁgmenta,
2185 2143 2288 2200 nisi
2345 2142 2598 2214 ἔμψυχαῖ
2649 2141 2756 2196 Sed
2809 2151 3024 2212 portum
3069 2145 3137 2200 de
3199 2146 3451 2216 proximo

1869 2237 2165 2307 prospicio,
2189 2251 2351 2306 quem
2390 2236 2606 2302 subibo,
2644 2235 2690 2290 si
2721 2251 2786 2290 ex
2818 2237 2984 2292 variis
3014 2253 3136 2307 quae
3160 2238 3261 2293 sub
3287 2238 3451 2294 linem

1870 2329 2033 2398 hujus
2060 2330 2306 2399 epistola:
2345 2330 2616 2400 interpres
2647 2335 2856 2398 peccat,
2887 2345 3054 2383 unum
3091 2330 3268 2384 adhuc
3294 2331 3450 2386 addi-

1869 2421 2020 2476 dero.
2041 2420 2364 2485 Alexander,
2386 2428 2446 2473 ut
2478 2420 2857 2474 luereticorum
2890 2421 3260 2476 curiositatem
3295 2422 3450 2478 t'reno

1869 2513 2068 2581 injecto
2107 2518 2440 2581 compescat,
2477 2511 2776 2564 ὑπόστασιν
2801 2509 2944 2574 Filii,
2994 2511 3110 2565 sive
3149 2512 3450 2567 exsistendi

1869 2607 2110 2670 modum,
2144 2612 2203 2658 ut
2231 2605 2365 2668 dixi,
2393 2604 2542 2676 πάσῃ
2574 2607 2641 2674 τῇ
2677 2606 2879 2673 γενητῇ
2918 2603 3077 2672 φύσει
3106 2604 3451 2673 impervcsti-

1870 2695 2099 2765 gabiletn
2129 2697 2355 2759 asserit;
2392 2709 2567 2763 neque
2587 2697 2686 2764 τὴν
2708 2694 2816 2746 τῶν
2841 2693 3075 2762 λογικῶν
3113 2695 3274 2763 φύσιν
3297 2711 3452 2751 com-

1868 2788 2207 2858 prehendere
2247 2803 2410 2857 posse
2464 2786 2742 2856 quomodo
2776 2784 2938 2839 Pater
2978 2788 3165 2856 genuit
3189 2784 3448 2843 Verbum.

1868 2882 1931 2936 In
1991 2890 2222 2949 utroque
2279 2881 2646 2934 hallucinatur
2698 2893 2871 2932 novus
2919 2888 3104 2934 noster
3154 2879 3447 2949 interpres.

1869 2973 2111 3027 Primum
2159 2973 2375 3042 quidem
2405 2971 2552 3042 quod
2612 2970 2711 3041 τὴν
2743 2969 2976 3040 γενητὴν
3015 2969 3194 3037 φύσιν,
3241 2969 3308 3026 de
3337 2986 3447 3040 qua

1871 3067 2124 3136 superius
2141 3065 2247 3135 egi,
2267 3074 2512 3118 naturam
2529 3061 2803 3117 mortalem
2828 3060 3080 3116 reddidit.
3098 3061 3284 3131 Neque
3304 3065 3446 3116 enin:

198 3198 312 3252 quae
339 3180 526 3235 Patris
554 3178 890 3232 divinitatem
939 3174 1277 3244 gloriamque
1317 3169 1636 3240 pradicant,
1670 3167 1767 3220 ad-
1796 3157 1837 3214 (ἶ
1869 3167 1980 3212 tam
2017 3157 2267 3228 angustis
2318 3156 2580 3210 limitibus
2623 3163 2804 3208 creata
2857 3162 3052 3207 natura
3097 3154 3448 3210 circumscri-

199 3277 270 3328 dit
301 3272 528 3334 deinde,
557 3272 748 3324 horum
779 3266 1022 3322 omnium
1062 3263 1401 3334 unigenitum
1447 3260 1536 3314 Dei
1571 3259 1769 3312 Filium

202 3363 490 3433 imaginem
551 3357 897 3423 cogitandum
947 3370 1114 3410 esse:
1150 3354 1262 3423 υὺχ
1310 3351 1384 3414 ὡς
1408 3351 1599 3421 ἀψύχῳ
1647 3349 1769 3422 ὕλῃ,

196 3451 301 3504 ἀλλ’
329 3453 413 3514 ὡς
445 3452 504 3503 ὲν
537 3448 652 3518 Υἱῷ
682 3446 839 3512 ζῶντι
881 3443 1339 3515 μεμορφωμένην.
1370 3439 1492 3493 Νοη
1521 3449 1771 3509 tanquam

198 3547 247 3600 in
279 3545 512 3599 materia
541 3543 785 3603 inanimi,
820 3539 908 3593 sed
941 3548 996 3590 ut
1040 3540 1092 3590 in
1137 3534 1282 3588 Filio
1311 3535 1505 3588 vivente
1556 3547 1770 3601 expres-

198 3655 322 3693 sam.
369 3636 590 3702 Quibus
629 3633 810 3688 verbis
839 3630 1052 3700 egregie
1074 3629 1271 3699 duplex
1293 3626 1380 3679 illa
1399 3624 1653 3694 imaginis
1683 3637 1773 3676 ra-

199 3732 268 3784 tio
289 3747 354 3785 ex
386 3727 703 3799 Epiphanio
731 3734 784 3780 et
814 3722 1100 3777 D.Thoma
1133 3737 1161 3774 a
1193 3720 1349 3774 nobis
1373 3718 1650 3788 proposita
1678 3731 1774 3770 ex-

198 3826 433 3893 plicatur
465 3838 476 3872 :
501 3833 731 3890 quarum
760 3818 927 3870 altera
957 3814 1182 3884 ἄψυχος,
1215 3829 1281 3867 ex
1323 3811 1508 3865 Acacii
1535 3817 1588 3865 et
1613 3808 1775 3862 Euse-

195 3916 263 3969 bii
287 3914 502 3977 verbis,
533 3912 698 3965 altera
733 3907 883 3973 ζῶσα
914 3907 1006 3960 καὶ
1039 3905 1298 3976 ἔμψυχος,
1348 3919 1415 3958 ex
1470 3909 1718 3957 corrccto
1742 3916 1771 3953 a

193 4011 347 4064 nobis
405 4004 707 4060 Alexandri
762 4005 881 4056 loco
933 4000 1114 4054 vocari
1163 3997 1383 4068 poterit.
1419 3995 1560 4061 Quin
1607 3995 1770 4048 etiam

193 4118 250 4158 ex
302 4106 435 4173 ipso
463 4097 704 4154 Eusebio
733 4097 872 4151 libro
902 4111 920 4149 1
958 4103 1147 4147 contra
1197 4089 1508 4144 Marcellum
1534 4086 1770 4156 Ancyra-

195 4211 331 4257 nam,
367 4192 467 4246 ubi
499 4187 940 4244 commemoratis
958 4185 1077 4252 ejus
1098 4181 1326 4244 deliriis,
1355 4195 1585 4250 quorum
1614 4177 1774 4231 modo

195 4286 571 4344 meminimus,
603 4280 874 4334 hominem
910 4276 1062 4332 valde
1093 4275 1346 4329 caecutire
1378 4272 1474 4334 ait,
1506 4285 1606 4326 nec
1638 4283 1773 4324 con-

193 4380 436 4434 Snlerare
469 4397 483 4430 :
518 4374 592 4436 ὡς
613 4374 706 4426 καὶ
727 4374 754 4425 ὁ
787 4370 912 4433 Υἱὸς
939 4368 1160 4421 δύναται
1179 4365 1417 4435 ἔμψυχός
1452 4380 1582 4415 ποτε
1613 4362 1774 4415 εἰκὼν

197 4472 324 4525 ἰδίου
354 4469 578 4540 Πατρὸς
600 4465 853 4535 λεχθῆναι
891 4483 903 4516 :
939 4461 1102 4514 Posse
1150 4460 1309 4512 etiam
1352 4455 1552 4509 Filium
1606 4455 1773 4508 vivam

195 4560 370 4614 Patris
391 4558 682 4628 imaginem
713 4554 836 4618 dici,
854 4568 971 4605 cum
995 4551 1060 4603 sit
1094 4547 1246 4601 Patri
1268 4563 1423 4615 quam
1443 4544 1769 4599 simillimus.

187 4652 363 4719 Quam
407 4653 503 4706 ille
536 4647 860 4704 sententiam
905 4644 1077 4697 multo
1107 4642 1386 4710 copiosius
1416 4639 1653 4707 explicat
1678 4637 1771 4690 lib.

194 4751 453 4814 vaang.
503 4746 823 4800 demonstr.,
855 4735 1029 4804 capite
1068 4733 1122 4795 4,
1149 4731 1238 4785 ubi
1280 4729 1458 4794 docet,
1489 4727 1649 4782 sicuti
1687 4741 1774 4780 re-

189 4839 268 4906 gis
303 4837 612 4904 imaginem
647 4837 866 4899 propter
906 4829 1082 4896 ipsum
1108 4839 1287 4894 regem
1323 4834 1668 4882 veneramur,
1700 4818 1774 4871 ita

191 4930 357 4983 etiam
392 4926 603 4980 F-ilium
644 4921 980 4992 unigenitum
1023 4917 1236 4972 unicam
1279 4914 1371 4969 Dei
1417 4913 1595 4967 Patris
1634 4912 1775 4965 invi-

189 5023 370 5076 sibilis
426 5018 741 5087 imaginem,
783 5010 1008 5066 Deitatis
1055 5011 1259 5064 honore
1310 5003 1769 5076 prosequendum,

187 5125 404 5186 utpote,
436 5113 533 5181 qui
588 5117 783 5162 natura
822 5104 962 5160 Deus
995 5111 1080 5159 est
1119 5104 1187 5157 de
1225 5101 1355 5162 Deo,
1389 5099 1483 5152 καὶ
1533 5096 1601 5149 δι’
1649 5093 1770 5146 ὅλου

190 5207 355 5272 σώζει
384 5204 489 5259 τοῦ
524 5204 683 5275 μόνου
721 5198 854 5252 Θεοῦ
884 5195 1228 5268 τὴνὲμψυχον
1260 5193 1352 5246 καὶ
1379 5189 1555 5254 ζῶσαν
1584 5184 1772 5256 νοερὰν

187 5303 403 5365 εἰκόνα,
455 5297 596 5350 κατὰ
639 5295 816 5347 πάντα
844 5290 922 5361 τῷ
962 5287 1134 5358 Πατρὶ
1167 5281 1661 5357 παρωμοιωμένην·
1705 5275 1771 5329 Et

189 5410 278 5462 per
310 5391 508 5446 omnia
539 5388 634 5442 Dei
660 5385 839 5440 Patris
884 5385 1172 5437 animatum
1201 5388 1248 5432 et
1287 5379 1474 5437 vivam,
1506 5382 1553 5428 et
1577 5370 1774 5425 intelli-

187 5497 403 5556 gentem
443 5481 742 5551 imaginem,
786 5475 1036 5544 Patrique
1087 5475 1138 5525 in
1172 5467 1410 5524 omnibus
1443 5463 1773 5519 simillimam

185 5555 504 5632 eonsersat.
531 5573 762 5639 Videtis,
801 5573 853 5627 ni
889 5571 1064 5634 fallor,
1097 5563 1393 5620 auditores,
1432 5570 1594 5627 quam
1637 5555 1775 5609 bene

1873 3252 2070 3319 henda,
2097 3265 2218 3306 cum
2247 3257 2301 3304 et
2327 3249 2502 3319 angeli
2545 3248 2657 3301 sint
2695 3247 2911 3316 γενητοὶ
2941 3249 3053 3301 sive
3086 3247 3276 3312 creati,
3309 3263 3450 3317 quos

1872 3349 2055 3395 tamen
2118 3339 2375 3394 mortales
2426 3353 2552 3392 cum
2612 3336 2821 3391 saniori
2869 3335 3246 3406 theologorum
3294 3347 3449 3407 parte

1874 3433 2297 3501 haudquaquam
2337 3426 2746 3497 appellaverint.
2797 3423 2984 3495 Neque
3028 3427 3223 3481 melius
3269 3427 3324 3481 in
3361 3441 3448 3482 se-

1872 3525 2053 3580 cundo
2108 3523 2349 3576 membro
2379 3523 2412 3590 ὴ
2442 3518 2548 3572 τῶν
2590 3517 2824 3587 λογικῶν
2869 3518 3054 3588 φύσις.
3100 3525 3296 3572 natura
3346 3520 3449 3573 hu-

1873 3631 2033 3670 mana
2058 3614 2399 3681 rationisque
2433 3613 2704 3680 particeps
2725 3611 3053 3680 explicatur.
3086 3608 3202 3663 Nisi
3233 3611 3356 3680 quis
3387 3611 3447 3665 ἓν

1871 3707 1959 3761 διὰ
1988 3708 2134 3759 δυοῖν
2184 3706 2529 3773 interpretem
2577 3701 2853 3756 addidisse
2883 3701 3175 3753 existimet.
3207 3698 3350 3756 Sane
3379 3703 3446 3754 ad

1873 3807 2124 3853 naturam
2175 3796 2284 3849 τῶν
2332 3793 2564 3864 λογικῶν
2634 3795 2798 3849 etiam
2844 3794 3090 3863 angelos,
3137 3799 3190 3846 et
3225 3793 3447 3862 quidem

1874 3891 2150 3962 praecipuo
2179 3889 2301 3958 jure
2333 3888 2605 3958 pertinere
2663 3886 2788 3956 quis
2834 3885 3085 3939 dubitet?
3122 3886 3332 3950 Quibus
3365 3896 3448 3940 ta-

1875 3999 1997 4037 men
2036 3997 2188 4052 :eque
2241 3995 2304 4034 ac
2344 3978 2672 4042 hominibus,
2718 3977 2914 4031 divina:
2950 3976 3318 4047 generationis
3359 3993 3448 4030 ar-

1875 4088 2070 4129 canum
2126 4072 2368 4142 ignotum
2396 4077 2450 4123 et
2503 4066 2776 4122 inelfabile
2820 4082 2962 4127 esse,
3011 4075 3243 4121 testatur
3281 4067 3446 4120 etiam

1876 4169 1990 4235 ipse
2055 4162 2359 4218 Alexander
2422 4161 2694 4230 superius.
2757 4156 3022 4229 Unigeniti
3083 4156 3446 4220 subsistentia,

1877 4257 2072 4326 inquit,
2105 4271 2206 4308 non
2237 4256 2409 4308 solum
2431 4253 2871 4322 evangelistarum
2897 4249 3195 4312 solertiam,
3217 4246 3306 4301 sed
3337 4247 3448 4316 for-

1877 4350 2036 4403 tassis
2092 4349 2252 4402 etiam
2310 4346 2615 4416 angelorum
2670 4344 2987 4396 intellectum
3040 4350 3274 4409 superat.
3339 4338 3446 4393 Sed

1876 4440 2020 4510 quod
2052 4449 2238 4494 noster
2271 4440 2323 4491 in
2349 4438 2514 4491 dubio
2552 4436 2859 4503 relinquere
2893 4432 3131 4495 videtur,
3178 4433 3228 4484 id
3259 4429 3442 4484 caeteri

1879 4533 2068 4588 Patres
2114 4533 2358 4587 disertim
2397 4538 2452 4582 et
2489 4535 2808 4582 constanter
2852 4524 3144 4578 affirmant.
3183 4522 3272 4587 Et_
3301 4538 3447 4577 nunc

1876 4626 2097 4696 quidem
2133 4641 2198 4678 ex
2234 4622 2439 4678 ercis
2479 4634 2620 4674 unus
2650 4619 2781 4672 mihi
2828 4616 3093 4671 Eusebius
3133 4616 3448 4670 test-inionio

1877 4718 2114 4774 dicundo
2159 4716 2324 4771 adsit.
2363 4715 2412 4769 ls
2449 4713 2587 4767 lib.t
2633 4709 2810 4765 Tlteol.
2845 4710 2996 4774 ϐοείη
3036 4723 3156 4777 cap.
3193 4707 3279 4772 12,
3312 4705 3447 4760 Uni-

1878 4811 2044 4881 geniti
2086 4809 2491 4881 generationem
2522 4820 2629 4858 non
2666 4805 2826 4859 nobis
2877 4802 3053 4858 solum
3105 4798 3447 4868 impervesti-

1875 4905 2111 4975 gabilem
2153 4902 2410 4964 afﬁrmat,
2441 4900 2578 4954 ἀλλὰ
2609 4899 2700 4952 καὶ
2744 4897 2942 4959 πάσαις
2983 4897 3101 4958 ταῖς
3145 4892 3448 4962 κρείττοσιν

1879 4999 1910 5067 ἢ
1940 4997 2058 5050 καθ’
2083 4999 2227 5068 ἡμᾶς
2245 4996 2525 5066 δυνάμεσι,
2553 4993 2642 5047 sed
2664 4993 2822 5045 etiam
2862 4989 3061 5042 cunctis
3090 4983 3446 5055 superioribus

1879 5090 2179 5142 virtutibus.
2214 5087 2449 5141 Accedat
2476 5102 2538 5140 ex
2575 5083 2780 5138 Latinis
2812 5079 3157 5142 Ambrosius,
3183 5077 3277 5132 lib.
3315 5092 3327 5130 ι
3369 5075 3447 5128 De
3527 5055 3539 5072 ’

1881 5181 2004 5250 ﬁde,
2037 5197 2158 5250 cap.
2187 5181 2218 5234 5
2247 5201 2259 5234 :
2294 5177 2426 5232 Milli
2475 5174 2793 5246 impossibile
2827 5181 2904 5226 est
2947 5170 3291 5240 generationis
3313 5167 3451 5220 scire

1880 5282 2154 5328 secretum.
2197 5271 2344 5326 Mens
2375 5271 2574 5339 deﬁcit,
2619 5281 2716 5321 vox
2751 5264 2890 5321 silet.
2917 5279 3021 5317 non
3069 5277 3184 5314 mea
3218 5269 3446 5324 tantum,

1881 5365 1969 5420 sed
1997 5374 2046 5419 et
2067 5364 2388 5434 angelorum.

1951 5457 2053 5522 Qui
2095 5457 2247 5511 locus
2285 5461 2338 5509 et
2382 5469 2469 5508 me
2501 5458 2816 5522 Opportune
2847 5445 3047 5502 silentii
3078 5442 3353 5501 admonet,
3392 5445 3450 5490 ut

1883 5548 2115 5604 decurso
2143 5545 2545 5604 dissertationis
2570 5543 2747 5600 stadio
2782 5537 3029 5609 lampada
3060 5535 3182 5590 aliis
3213 5530 3444 5586 tradam.
