3980 6318
192 312 295 370 51$

1586 316 1965 375 EPISTOLJE.

3318 326 3417 383 550

189 430 383 485 ἑαυτοῦ
416 432 693 505 μοχθηρᾶς
724 435 1093 507 προαιρέσεως
1128 432 1253 509 εὗρε
1282 434 1548 510 πρόφασιν
1568 454 1581 465 ·
1616 438 1665 491 oi
1698 438 1720 491 δ

1824 446 1975 504 ,οει;
2014 438 2102 493 isti
2135 453 2282 501 vero,
2323 438 2543 508 impiam
2580 438 2727 495 illius
2770 456 2835 496 ex
2867 439 3092 496 Christo
3138 445 3414 499 nundina»

184 519 281 590 τὴν
348 523 558 578 ἐκείνου
606 528 1077 600 Χριστεμπορείαν
1120 531 1196 601 (5)
1239 529 1585 603 θεωροῦντες,
1619 534 1749 586 οὑκ-

180 616 265 667 ἐτι
311 613 405 685 τῆς
438 617 763 690 Ἐκκλησίας
800 620 1096 694 ὑποχείριοι
1146 624 1325 692 μένειν
1357 625 1744 697 ἐκαρτέρησαν·

182 704 293 756 ἀλλ’
321 706 535 771 ἑαυτοῖς
560 710 796 781 σπήλαια
824 710 1034 785 λῃστῶν
1074 715 1549 787 οίκοδομήσαντες,
1596 717 1746 771 ἀδια-

179 795 417 861 λείπτως
454 800 511 851 ἐν
552 794 735 865 αὐτοῖς
789 803 1060 859 ποιοῦνται
1103 807 1381 871 συνόδους,
1433 808 1644 881 νύκτωρ
1686 827 1746 862 τε

178 888 270 940 καὶ
324 889 444 958 μεθ’
478 892 688 964 ἡμέραν
732 895 792 947 ἐν
840 899 958 959 ταῖς
990 897 1130 951 κατά
1172 900 1405 971 Χριστοῦ
1450 903 1544 955 καὶ
1590 903 1745 973 ἡμῶν

170 978 837 1055 διαϐολαῖς”ἀσκούμενοι.
897 990 960 1041 Οἳ
1014 991 1191 1062 πάσης
1237 992 1336 1062 τῆς
1386 994 1744 1066 ἀποστολικῆς

179 1070 439 1135 εὐσεϐοῦς
478 1074 637 1144 δόξης
682 1078 1140 1149 κατηγοροῦντες,
1182 1082 1453 1154 Ἰουδαῖκῷ
1504 1087 1742 1157 προσχή-

176 1178 313 1229 ματι
358 1164 737 1237 Χριστομάχον
778 1170 1169 1242 συνεκρότησαν
1222 1176 1598 1247 ἐργαστήριον,
1644 1178 1742 1249 τὴν

168 1252 408 1324 θεότητα
468 1255 561 1309 τοῦ
607 1258 855 1331 Σωτῆρος
900 1262 1054 1332 ἡμῶν
1100 1266 1440 1336 ἀρνούμενοι,
1492 1269 1586 1322 καὶ
1630 1272 1741 1334 τοῖς

171 1345 340 1398 -ιᾶσιν
392 1346 506 1398 ἴσον
544 1343 682 1402 εἶναι
725 1351 1107 1422 κηρύσσοντες.
1139 1357 1326 1410 Πᾶσάν
1358 1375 1417 1411 τε
1448 1358 1610 1412 αὑτοῦ
1643 1361 1741 1432 τῆς

172 1439 446 1508 σωτηρίου
514 1442 821 1513 οἰκονομίας
878 1447 969 1500 καὶ
1033 1448 1102 1502 δι’
1165 1452 1311 1521 ἡμᾶς
1366 1452 1739 1517 ταπεινώσεως

170 1528 354 1600 φωνὴν
397 1531 765 1605 ἐκλεξάμενοι,
797 1536 854 1601 ἐξ
878 1539 1054 1593 αὐτῶν
1086 1544 1419 1615 συναγείρειν
1446 1545 1737 1616 πειρῶνται

170 1621 267 1691 τῆς
296 1622 555 1687 ἀσεϐείας
592 1627 799 1680 ἑαυτῶν
828 1629 886 1682 τὸ
914 1634 1193 1703 κηρυγμα,
1226 1635 1323 1704 τῆς
1348 1634 1584 1706 ἀρχῆθεν
1623 1637 1738 1690 Θεό-

158 1725 333 1781 τητος
383 1714 549 1767 αὐτοῦ
585 1717 680 1770 καὶ
723 1719 869 1789 παρὰ
901 1720 979 1791 τῷ
1005 1724 1177 1794 Πατρὶ
1211 1724 1365 1796 δόξης
1404 1726 1629 1780 ἀλέκτου
1657 1728 1733 1799 (6)

1850 529 2053 584 tionem
2096 538 2398 592 cernentes,
2430 545 2537 584 non
2571 533 2802 601 amplius
2835 532 3090 589 Ecclesia:
3135 536 3415 605 subjacere

1847 622 2175 687 voluerunt;
2213 621 2307 676 sed
2362 622 2636 690 speluncis
2690 624 2961 678 latronum
3017 626 3118 681 sibi
3160 636 3413 682 constru-

1847 710 1950 764 ctis
1972 750 1987 771 ,
2021 710 2140 765 sine
2190 709 2591 766 intermissione
2620 722 2921 768 conventus
2955 714 3011 768 in
3048 715 3156 770 illis
3202 730 3368 787 agunt
3397 758 3413 782 ,

1846 811 2009 857 noctu
2040 810 2205 871 atque
2232 802 2468 856 interdiu
2497 806 2800 860 calumnias
2841 808 3100 863 adversus
3132 808 3410 865 Christum

1844 898 1896 943 et
1926 890 2210 946 adversum
2256 905 2356 946 nos
2382 893 2875 950 comminiscentes.
2906 895 3007 961 Qui
3041 913 3162 951 cum
3196 914 3408 953 onmem

1844 980 1986 1048 piam
2041 989 2094 1034 et
2144 983 2496 1051 apostolicam
2528 984 2829 1038 doctrinam
2864 986 3146 1051 incusent,
3178 987 3409 1043 .ludaico

1844 1084 1993 1123 more
2038 1069 2102 1123 ad
2153 1070 2575 1140 impugnandurn
2620 1074 2895 1129 Christum
2939 1077 3213 1131 ofﬁcinam
3249 1079 3409 1135 insti-

1842 1169 2083 1223 tuerunt,
2114 1162 2419 1221 Servatoris
2443 1167 2613 1222 nostri
2637 1168 2891 1223 deitatem
2924 1182 3204 1241 negantes,
3233 1183 3286 1229 et
3320 1192 3408 1231 re-

1840 1251 2004 1321 liquis
2054 1255 2309 1310 omnibus
2359 1259 2619 1327 aequalem
2676 1276 2797 1314 cum
2854 1277 2974 1317 esse
3026 1266 3400 1334 prmdicantes.

1839 1342 2204 1413 Collectisque
2235 1348 2488 1402 omnibus
2523 1350 2657 1405 locis
2682 1351 2736 1405 in
2778 1354 2979 1423 quibus
3015 1371 3195 1411 sermo
3226 1368 3309 1413 est
3337 1362 3405 1415 de

1839 1433 2063 1489 salutari
2100 1436 2218 1504 ejus
2254 1438 2660 1508 dispensatione
2704 1451 2757 1497 et
2792 1444 2858 1499 de
2891 1446 3195 1515 abjectione
3226 1453 3402 1506 nostri

1837 1539 2003 1580 causa
2030 1528 2098 1581 ab
2123 1543 2187 1583 eo
2216 1542 2487 1600 suscepta,
2526 1534 2819 1604 impietatis
2849 1552 2961 1592 sum
2988 1538 3289 1595 doctrinam
3316 1560 3407 1598 eo-

1840 1630 1957 1668 rum
1984 1619 2305 1674 auctoritate
2352 1624 2673 1679 conlirmare
2712 1626 2993 1693 nituntur,
3042 1631 3159 1684 loca
3199 1633 3399 1703 quibus

1836 1715 2035 1762 aeterna
2059 1710 2301 1778 ejusdem
2332 1711 2589 1770 divinitas
2618 1725 2669 1771 et
2694 1718 3093 1789 inexplicabilis
3125 1726 3265 1794 apud
3293 1725 3397 1781 Pa—

165 1804 291 1866 τοὺς
321 1805 516 1874 λόγους
549 1808 1030 1889 ἀποστρεφόμενοι.
1062 1812 1169 1883 Τὴν
1197 1814 1326 1881 γοῦν
1367 1816 1627 1888 Ἑλλήνων
1671 1835 1720 1870 τε

1832 1806 1967 1853 trem
2000 1801 2170 1871 gloria
2202 1806 2490 1869 astruitur,
2518 1817 2851 1866 aversantes.
2886 1812 3020 1867 Cum
3065 1815 3231 1886 igitur
3263 1834 3396 1889 gen-

160 1896 258 1948 καὶ
303 1896 576 1952 Ἰουδαίων
615 1900 784 1970 ἀσεϐῆ
819 1902 947 1973 περὶ
976 1888 1220 1974 ⁸Χριστοῦ
1250 1906 1408 1970 δόξαν
1442 1909 1733 1979 κρατύνονο

166 2004 273 2050 τες,
303 1988 399 2040 τὸν
426 1991 554 2060 παρ’
588 1990 763 2044 αὐτῶν
796 1992 1013 2048 ἔπαινον
1052 1996 1126 2059 ὡς
1157 1997 1233 2050 ἔνι
1266 1998 1497 2069 μάλιστα
1525 2000 1733 2073 θηρῶν-

166 2096 250 2131 rat
276 2096 289 2109 ο
336 2082 514 2134 πάντα
544 2082 642 2152 μὲν
673 2084 772 2137 ὅσα
804 2085 926 2138 καθ’
949 2086 1103 2157 ἡμῶν
1140 2091 1269 2161 παρ’
1292 2092 1472 2156 αὐτοῖς
1509 2093 1730 2161 γελᾶται

168 2172 673 2242 πραγματευόμενοι
698 2192 713 2206 ο
754 2176 965 2239 στάσεις
998 2178 1054 2229 δέ
1081 2180 1210 2249 ἡμῖν
1236 2180 1355 2233 καθ’
1395 2182 1606 2253 ἡμέραν
1637 2186 1729 2238 καὶ

165 2261 438 2331 διωγμοὺς
482 2264 875 2337 ἐπεγείροντες.
915 2268 1023 2321 Καὶ
1056 2270 1213 2323 τοῦτο
1254 2272 1370 2341 μὲν,
1409 2273 1729 2346 δικαστήρια

168 2354 609 2425 συγκροτοῦντες,
648 2356 714 2409 δι’
758 2360 1003 2429 ἐντυχίας
1050 2364 1417 2435 γυναικαρίων
1475 2367 1552 2434 (7)
1599 2369 1728 2423 ἀτά-

164 2458 303 2493 κτων
337 2442 374 2495 ἃ
402 2444 721 2515 ἠπάτησαν·
759 2446 917 2500 τοῦτο
949 2449 1026 2511 δὲ,
1057 2450 1146 2502 τὸν
1166 2450 1582 2526 Χριστιανισμὸν
1609 2456 1725 2510 δια-

170 2532 460 2605 σύροντες,
532 2538 597 2589 ἐκ
653 2536 746 2590 τοῦ
802 2543 1211 2613 περιτροχάζειν
1290 2550 1471 2600 πᾶσαν
1530 2550 1725 2617 ἀγυιὰν

174 2626 417 2695 ἀσέμνως
454 2627 553 2691 τὰς
596 2630 727 2700 παρ’
762 2630 942 2695 αὐτοῖς
983 2636 1269 2705 νεωτέρας.
1315 2638 1471 2692 Ἀλλὰ
1502 2641 1593 2694 καὶ
1634 2642 1724 2694 τὸν

172 2717 435 2788 ἆρπκτον
481 2718 575 2771 τοῦ
600 2721 832 2792 Χριστοῦ
878 2723 1104 2792 χιτῶνα,
1135 2726 1193 2779 ὃν
1225 2729 1272 2780 οί
1311 2729 1492 2799 δήμιοι
1533 2730 1723 2786 διελεῖν

167 2809 259 2860 οὐκ
301 2809 706 2874 ἐϐουλεύσαντο,
744 2814 895 2866 αὐτοὶ⁸
934 2815 1112 2884 σχίσαι
1154 2818 1473 2892 ἐτόλμησαν.

222 3074 297 3127 Π.
351 3073 538 3145 Ἡμεῖς
591 3077 690 3148 μὲν
723 3074 834 3143 οὖν,
867 3080 1113 3153 ἀκαὶτῷ
1155 3084 1254 3155 βίῳ
1303 3088 1480 3142 αὐτῶν
1520 3092 1612 3144 καὶ
1650 3095 1715 3164 τῇ

1834 1889 2010 1943 tilium
2044 1908 2106 1947 ac
2130 1891 2438 1949 Judzeorutn
2470 1897 2688 1968 impiam
2727 1901 2793 1957 de
2821 1902 3040 1960 Christo
3069 1910 3396 1964 sententiam

1832 1983 2175 2048 conﬁrment,
2206 1987 2417 2043 laudem
2454 1990 2523 2044 ab
2572 1991 2681 2049 illis
2726 1995 2870 2048 omni
2928 2006 3043 2052 arte
3072 2013 3136 2052 ac
3184 2002 3395 2056 ratione

1830 2084 2212 2144 aucupantur:
2245 2093 2307 2133 ea
2338 2080 2557 2150 quidem
2585 2098 2708 2154 quae
2735 2085 2813 2139 illi
2863 2087 2917 2142 in
2953 2090 3115 2146 nobis
3144 2092 3394 2147 deridere

1829 2166 2036 2227 solent.
2084 2170 2265 2223 omnia
2327 2173 2729 2243 contingentes;
2792 2177 3087 2235 seditiones
3118 2189 3295 2236 autem
3326 2197 3392 2235 ac

1829 2258 2234 2325 persecutiones
2271 2261 2532 2319 adversus
2571 2280 2671 2320 nos
2696 2267 2937 2335 quotidie
2958 2270 3279 2328 excitantes.
3319 2271 3387 2326 Et

1828 2363 1973 2402 nunc
2028 2350 2245 2418 quidem
2292 2352 2357 2405 ad
2393 2354 2637 2422 judicum
2683 2358 2972 2412 tribunalia
3022 2377 3121 2417 nos
3169 2364 3392 2418 trahunt

1828 2453 1923 2507 per
1946 2439 2408 2511 interpellationes
2447 2447 2731 2502 mulierum
2760 2449 3103 2520 disciplinam
3136 2468 3245 2508 non
3271 2470 3388 2510 ser-

1826 2531 2091 2594 vantium,
2126 2548 2263 2602 quas
2314 2533 2415 2603 ipsi
2471 2535 2523 2589 in
2580 2553 2818 2594 errorem
2849 2541 3212 2609 induxerunt;
3244 2561 3390 2601 nunc

1822 2620 2146 2679 Christianae
2163 2626 2408 2695 religioni
2436 2630 2690 2698 probrum
2720 2640 2880 2703 atque
2897 2633 3175 2689 infamiam
3206 2652 3389 2707 asper-

1822 2722 1956 2785 gunt
1976 2756 1992 2781 ,
2036 2716 2163 2770 dum
2187 2718 2494 2786 juvenculaa
2523 2721 2765 2791 ipsorum
2796 2739 2890 2794 per
2936 2739 3126 2782 omnes
3154 2727 3303 2783 vicos
3333 2739 3387 2785 et

1822 2807 2056 2876 compita
2096 2810 2325 2878 turpiter
2377 2812 2828 2868 circumcursant.
2863 2814 2968 2870 Sed
3004 2824 3056 2872 et
3090 2818 3386 2874 indissolu-

1820 2896 1980 2951 bilem
2015 2898 2219 2954 Chrisﬁ
2261 2902 2495 2955 tunicam
2521 2943 2538 2968 ,
2585 2920 2745 2975 quam
2775 2908 3058 2964 carniﬁces
3086 2910 3214 2964 olim
3245 2912 3384 2966 divi-

1820 2987 1948 3044 dere
1981 2991 2292 3056 noluerunt,
2328 2993 2417 3048 isti
2439 2996 2557 3050 ausi
2585 3004 2711 3051 sunt
2739 2997 3066 3054 discindere.

1893 3080 1954 3134 ll.
1994 3081 2073 3136 Ac
2106 3098 2206 3138 nos
2239 3084 2455 3153 quidem
2496 3102 2615 3140 cum
2647 3104 2709 3142 ea
2752 3104 2872 3159 qua
2901 3090 3021 3144 vitae
3051 3091 3291 3161 ipsorum
3317 3107 3381 3148 ac

160 3164 357 3235 ἀνοσίῳ
400 3140 733 3238 ἐπιχειρήσει
783 3140 1003 3242 πρέπει,
1040 3140 1127 3226 δίά
1151 3140 1715 3253 τί).λαν()όινειν-,-ἑροιἲ

2258 3140 2270 3153 ,
2657 3140 2669 3142 -
2704 3140 2707 3141 ,
2758 3140 2866 3159 τη
2913 3140 3019 3144 -----
3052 3140 3291 3161 τ--------
3318 3140 3381 3148 --

1824 3171 2041 3226 nefariis
2067 3174 2353 3228 conatibus
2394 3186 2740 3245 competunt,
2786 3178 2963 3233 serius
2995 3188 3211 3250 prepter
3236 3183 3381 3251 ipso-

155 3254 281 3318 δὲως
341 3258 764 3327 ἐπιστήσαντες,
817 3260 1107 3331 παμψηφεὶ
1153 3264 1250 3335 τῆς
1309 3270 1719 3341 προσκυνούσης

156 3345 384 3413 Χριστοῦ
438 3346 539 3417 τὴν
579 3347 803 3418 θεότητα
876 3351 1198 3424 Ἑκκλησίας
1243 3356 1580 3430 ἐξηλάσαμεν
1619 3362 1713 3433 (8).

166 3436 554 3509 Ἐπεχείρησαν
585 3440 641 3492 δὲ
678 3444 1029 3514 περιδρομαῖς
1075 3448 1343 3518 χρώμενοι
1386 3453 1505 3505 καθ’
1539 3456 1712 3525 ἡμῶν,

153 3529 537 3598 παρεκϐαίνειν
578 3532 711 3602 πρὸς
744 3536 869 3598 τοὺς
907 3537 1212 3609 ὁμόφρονας
1256 3541 1711 3617 συλλειτουργοὺς,

154 3622 386 3689 σχήματι
434 3623 536 3691 μὲν
576 3624 797 3695 είρήνης
834 3628 925 3679 καὶ
958 3628 1201 3694 ἐνώσεως
1231 3633 1452 3699 ἀξίωσιν
1490 3638 1716 3711 ὑποκρι-

150 3711 355 3779 νόμενοι
376 3730 393 3742 °
430 3715 492 3767 τὸ
524 3715 580 3766 δὲ
610 3716 834 3786 ἀληθὲς,
870 3724 1210 3792 συναρπάσαι
1244 3727 1394 3791 τινὰς
1425 3730 1601 3784 αὐτῶν
1635 3735 1714 3795 είς

146 3802 235 3871 τὴν
262 3804 411 3857 ίδὶαν
440 3806 592 3858 νόσον
618 3807 705 3860 διὰ
742 3813 1129 3881 χρηστολογίας
1169 3818 1553 3884 σπουδάζοντες
1573 3839 1585 3852 ·
1620 3824 1713 3876 καὶ

150 3893 551 3965 στωμυλώτερα
582 3897 883 3967 γράμματα
929 3903 1057 3972 παρ’
1090 3903 1264 3956 αὐτῶν
1299 3906 1591 3974 αἰτοῦντες,
1628 3910 1713 3963 ἵνα

148 3985 721 4055 παραναγινώσκοντες
763 3992 901 4045 αὐτά
936 3996 1047 4056 τοῖς
1085 3996 1173 4048 ὑπ’
1206 3997 1384 4049 αὐτῶν
1424 4000 1711 4073 ἠπατημέ-

146 4091 264 4139 νοις,
293 4078 707 4149 ἀμετανοήτους
734 4083 819 4150 ἐφ’
848 4077 927 4146 οἷς
959 4083 1265 4156 ἐσφάλησαν
1294 4091 1712 4155 κατασκευάζω-

146 4180 236 4229 σιν,
270 4169 729 4240 ἐπιτριϐομένους
760 4174 838 4235 είς
876 4174 1143 4239 ἀσέϐειαν,
1175 4176 1251 4240 ὡς
1290 4178 1356 4231 ἂν
1390 4182 1710 4253 συμψήφους

142 4258 310 4323 trimi;
332 4262 440 4313 καὶ
472 4263 779 4333 ὁμόφρονας
806 4265 1015 4335 ἔχοντες
1048 4269 1393 4333 ἐπισκόπους.
1432 4273 1541 4343 Οὐχ
1569 4274 1709 4346 άπερ

145 4347 258 4411 γοῦν
298 4352 443 4421 παρ’
481 4354 616 4423 ἡμῖν
662 4356 911 4424 πονηρῶς
961 4357 1201 4423 ἐδίδαξάν
1249 4377 1307 4412 τε
1353 4362 1447 4414 καὶ
1491 4363 1711 4434 διεπρά-

1818 3280 1935 3317 rum
1966 3265 2201 3320 latebras
2224 3265 2765 3336 deprehendissemus
2787 3311 2801 3333 ,
2838 3276 3111 3326 communi
3136 3276 3377 3328 omnium

1817 3352 2075 3424 snﬁ'ragio
2105 3371 2170 3411 ex
2194 3364 2337 3411 cmtn
2363 3357 2618 3414 Ecclesia:
2646 3377 2766 3430 quae
2804 3360 3005 3417 Christi
3040 3363 3379 3422 divinitatem

1816 3449 2026 3511 adorat,
2056 3465 2148 3506 eos
2184 3451 2466 3520 ejecimus.
2521 3452 2627 3523 Ipsi
2671 3470 2798 3509 vero
2825 3465 3015 3510 contra
3050 3474 3152 3514 nos
3191 3460 3295 3514 huc
3324 3471 3378 3515 et

1817 3542 1944 3596 illuc
1965 3542 2355 3606 discurrentes,
2389 3544 2455 3598 ad
2494 3547 2728 3616 collegas
2772 3555 2992 3604 nostros
3019 3550 3159 3605 idem
3190 3553 3377 3609 nobis-

1815 3648 1937 3687 cum
1966 3634 2258 3689 sentientes
2286 3635 2554 3704 proﬁcisci
2609 3637 2960 3693 instituerunt
2985 3659 2999 3694 :
3044 3643 3226 3710 specie
3254 3644 3376 3712 qui-

1813 3724 1935 3777 dem
1966 3738 2151 3792 pacem
2182 3731 2235 3778 et
2268 3725 2614 3779 concordiam
2654 3736 2904 3797 expetere
2929 3746 2987 3784 se
3018 3732 3372 3800 simulantes;

1768 3828 1772 3837 '
1814 3826 1873 3865 re
1901 3814 2017 3881 ipsa
2047 3827 2176 3867 vero
2205 3813 2467 3882 quosdam
2497 3830 2683 3871 eorum
2710 3818 2922 3872 blandis
2948 3822 3291 3877 sermonibus
3318 3824 3373 3878 in

1811 3919 2053 3959 errorem
2085 3920 2242 3959 suum
2272 3905 2557 3962 traducere
2584 3918 2879 3965 conantes.
2901 3912 2944 3964 A
2973 3913 3172 3982 quibus
3204 3917 3370 3970 etiam

1812 3996 2151 4051 verbosiores
2183 3998 2440 4066 epistolas
2489 3997 2758 4070 ﬂagitant,
2798 4010 2856 4054 ut
2886 4017 2977 4058 eas
3007 4005 3245 4074 legentes
3274 4006 3372 4061 bo-

1812 4087 2050 4144 minibus
2083 4104 2222 4158 quos
2251 4089 2352 4159 ipsi
2376 4090 2704 4160 deceperunt
2726 4132 2740 4154 ,
2793 4108 2887 4148 eos
2934 4096 3282 4162 pertinaciter
3314 4086 3371 4151 in

1809 4196 1996 4237 errore
2031 4199 2376 4254 perseverare
2409 4187 2607 4241 faciant
2655 4188 2859 4257 absque
2900 4189 3011 4242 ullo
3040 4189 3371 4258 pmnitentia:

1810 4295 1974 4335 sensu
2009 4282 2062 4335 in
2116 4281 2389 4352 impietate
2426 4285 2742 4349 obduratos,
2774 4285 2932 4354 quasi
2965 4286 3059 4355 qui
3086 4285 3370 4355 episcopos

1812 4370 1951 4425 idem
1979 4387 2163 4427 secum
2195 4376 2489 4431 sentientes
2508 4392 2571 4431 ac
2601 4377 2702 4431 sibi
2731 4376 3090 4446 suifragantes
3111 4376 3367 4432 habeant.

135 4440 311 4507 ξαντο,
367 4443 731 4513 ὁμολογοῦσιν
792 4448 992 4512 αὐτοῖς,
1042 4450 1106 4503 δι’
1146 4451 1180 4505 ἂ
1227 4454 1318 4507 καὶ
1360 4454 1701 4528 ἐξώσθησαν·

1824 4461 1884 4514 Ea
1918 4478 2079 4532 porro
2122 4481 2242 4534 quae
2300 4467 2441 4535 apud
2494 4483 2591 4522 nos
2642 4440 2928 4536 perperani
2967 4467 3268 4521 docuerunt
3314 4476 3370 4522 et

202 4640 273 4706 (3)
297 4643 429 4711 Τὴν
450 4643 694 4719 ἐκείνου
708 4650 1222 4719 Χριστεμπορείαν.
1255 4655 1705 4719 Colluthus,’cum

131 4720 273 4793 esset
302 4715 607 4793 presbyter
632 4715 1001 4793 Alexandriae,
1033 4715 1350 4793 arrogantia
1396 4742 1458 4780 ac
1489 4715 1705 4784 temeri-

135 4788 237 4834 tate
258 4788 454 4868 elatus
478 4827 495 4848 ,
543 4801 662 4868 pro"
688 4790 944 4861 episcopo
976 4808 1034 4868 se
1078 4788 1351 4868 gesserat,
1398 4799 1705 4868 multosque

138 4852 495 4940 pre‘sbxteros
526 4852 1260 4940 alc‘diac‘onos'ordina‘i'erat.
1292 4852 1493 4940 Verum
1529 4870 1580 4940 in
1614 4852 1705 4940 'sy;

135 4921 271 5002 nodo
299 4921 659 4980 Alexandria:
707 4940 1029 5002 congregata
1064 4944 1275 4988 cunctzr.
1323 4937 1441 5002 ejus
1482 4921 1704 4992 ordina-

134 4996 305 5074 tiones
346 5004 543 5074 postea
585 4996 837 5074 rescissa?
878 4996 1034 5067 sunt;
1077 5012 1130 5057 et
1167 4996 1477 5074 quicunque
1521 5010 1589 5061 ab
1638 5024 1703 5064 eo

133 5061 364 5114 ordinati
395 5064 635 5144 fuerant,
668 5068 723 5120 in
751 5061 1277 5144 laicorttni'ordiitetn
1309 5061 1436 5130 sunt
1459 5061 1701 5144 redacti,

134 5138 185 5181 ut
224 5141 476 5212 testatur
504 5136 836 5212 Athanasius
883 5144 935 5193 in
961 5142 1293 5212 Apologelico
1337 5148 1562 5201 secundo
1606 5136 1704 5201 ad;

134 5204 601 5278 tersus_34riai{os.
631 5205 772 5261 Hinc
811 5220 1031 5278 apparet
1069 5204 1167 5266 cu'r
1187 5215 1489 5271 Alexander
1518 5218 1706 5272 Collu-

134 5271 278 5352 thum
305 5273 743 5352 Χριστέμπορον
775 5271 946 5339 vocet,
972 5296 1035 5335 eo
1066 5284 1208 5352 quod
1242 5286 1447 5339 scilicet
1484 5271 1703 5341 ordina-

132 5343 305 5423 tiones
331 5343 725 5423 venderet,:et
749 5364 811 5402 ex
844 5343 1100 5405 manuuni
1134 5354 1477 5423 impositione
1518 5372 1581 5411 ac
1614 5374 1704 5414 re-

130 5409 699 5491 liquissagramentis
731 5428 997 5491 quaestum
1028 5409 1293 5491 captar'et.

188 5480 266 5563 (ϐξ
277 5482 495 5563 ης
509 5480 787 5563 ἀρἐτοιξ,
818 5489 875 5542 In
889 5480 1270 5563 manuscripto
1282 5494 1468 5549 codice
1486 5494 1701 5553 Henrici

132 5549 350 5626 Sayilii,
379 5554 454 5626 in
475 5556 634 5626 regio
665 5559 853 5613 codice
880 5557 929 5613 «Ι.
956 5558 1075 5615 Pini
1102 5602 1117 5626 ,
1147 5549 1201 5618 et
1238 5566 1293 5619 in
1325 5549 1563 5621 editione
1580 5549 1700 5622 illa:

130 5622 339 5706 siliensi
377 5622 578 5706 legitur
592 5625 845 5706 ἀλήκτρυ.
876 5622 1152 5706 Vulgatam
1172 5632 1351 5706 tamen
1370 5638 1699 5706 scripturam

131 5698 356 5769 tuentur
386 5695 625 5771 reliqui
660 5695 876 5771 codices
896 5741 910 5764 ,
953 5695 1005 5754 ei
1037 5701 1347 5771 Epiphanii.
1374 5695 1699 5763 Scholastici

132 5762 545 5833 interpretatio.“
594 5764 697 5823 Sed
723 5776 777 5826 et
808 5770 863 5825 in
889 5762 1124 5828 editione
1140 5762 1441 5833 'Basiliensi
1472 5793 1570 5848 pro
1615 5762 1699 5836 his

1803 4662 1984 4741 verbis
2016 4664 2164 4741 παρὰ
2185 4662 2261 4734 τῷ
2293 4665 2484 4741 ῌατρί,
2526 4667 2899 4741 Ιοεὶιιιτ-παρά
2919 4668 3021 4741 τοῦ
3037 4664 3269 4741 Πατρός.

1875 4734 1949 4803 (7)
1982 4734 2074 4810 ’Δι’
2102 4735 2379 4810 ἐνῳχίας
2415 4734 2841 4810 γρναὶκαρίωνξ
2871 4734 3177 4810 Amplectoi'
3201 4740 3369 4794 inter-

1843 4804 2505 4878 retationetnCamerarii,
2540 4809 2631 4876 qui
2662 4804 2742 4863 sic
2771 4810 2932 4863 vertit
2954 4804 3087 4876 [per
3115 4810 3365 4878 interpel-

1843 4818 2156 4857 retattonem
2188 4818 2505 4866 Camerar”,
2540 4818 2631 4876 qui
2662 4818 2742 4863 sic
2771 4818 2969 4865 vertit.
2998 4826 3087 4876 per
3115 4818 3365 4878 interpel-

1804 4818 2025 4948 fationes
2064 4872 2519 4948 muliercularum,
2567 4885 2673 4931 etc.
2710 4878 2817 4932 Nec
2851 4881 2991 4934 male
3030 4879 3365 4948 Epiphanius

1807 4941 2181 5028 §cholasticus
2211 4943 2502 5025 additiones
2527 4947 2930 5028 interpretatur.
2954 4941 3363 5028 Intelligitenini

1807 5012 2018 5087 libellos
2072 5015 2480 5087 accusationum
2507 5056 2521 5077 ,
2556 5012 2694 5087 quos
2729 5019 2984 5073 mulieres
3037 5019 3105 5072 ab
3131 5012 3368 5074 'Arianis

1808 5082 2119 5156 subornata:
2154 5082 2792 5156 porrigebantju‘dicibus
2844 5088 3104 5143 adversus
3133 5089 3365 5142 Alexan-

1804 5151 1960 5227 drum
2007 5151 2328 5227 episcopum
2374 5151 2731 5227 Alexandriae.
2786 5156 2929 5212 Sane
2989 5158 3207 5227 ἐντυχία
3269 5174 3369 5227 pro

1804 5222 1987 5293 libello
2012 5224 2243 5292 supplici
2270 5225 2505 5278 sumitur
2541 5228 2611 5282 ab
2640 5223 2961 5293 Athanasio,
2989 5237 3048 5283 ut
3075 5222 3364 5285 observavi

1803 5292 1861 5345 in
1878 5290 2321 5348 adnotationibus
2350 5294 2694 5352 Eusebianis.

1873 5362 1948 5432 (8)
1962 5362 2456 5445 "celerarat-«77¢
2471 5366 2852 5445 Ἐξικλησίαςο
2869 5366 3269 5445 ἐξηνιάττιψενο
3289 5363 3366 5445 βξ

1803 5430 1908 5514 bis.
1940 5430 2122 5488 verbis
2170 5430 2478 5504 colligitur,
2537 5430 3016 5517 lianci‘epistoiain
3073 5430 3364 5517 Alesandri

1802 5502 2061 5575 scriptam
2082 5519 2204 5558 esse
2235 5502 2355 5574 post
2383 5508 2647 5575 synodum
2680 5502 3103 5561 Alexandrinam
3132 5546 3145 5567 ,
3178 5506 3232 5559 in
3257 5521 3365 5573 qua

1802 5571 2091 5656 damnatus
2118 5571 2584 5656 erat'Ariuslcunr
2601 5579 2785 5656 sociis.
2810 5576 2953 5656 Duas
2980 5586 3184 5656 autem.
3202 5571 3366 5645 syno-

1803 5642 1914 5723 dos.
1955 5643 2334 5726 episcoporum
2368 5645 2588 5726 Egypti
2629 5648 2891 5726 adversus
2921 5646 3107 5726 Arium
3136 5642 3367 5726 ejuSque

1803 5712 1984 5789 socios
2014 5712 2231 5789 collegit
2257 5712 2565 5789 Alexander
2586 5719 2875 5789 episcopus
2909 5712 3286 5781 Alexandriae,
3307 5719 3368 5769 ut

1805 5782 1945 5838 infra
1978 5782 2226 5855 pluribus
2254 5782 2636 5845 ostendemus:
2774 5782 2792 5789 ’
2812 5806 2828 5821 ·
