3980 6318
633 255 733 312 551

1725 244 1785 310 δ’.
1827 255 2196 311 ALEXAND“

2298 256 2713 314 LEXANDRINI
3674 269 3748 326 εει

635 376 887 441 egerunt,
914 376 967 424 et
1004 383 1235 440 quorum
1263 384 1430 425 causa
1454 385 1482 424 a
1505 372 1663 427 nobis
1689 380 1818 428 sunt
1841 375 2075 444 expulsi,
2108 391 2197 434 ne-

2304 376 2417 431 ἀλλ⁹
2460 377 2491 448 ἢ
2529 379 2707 446 σιωπῇ
2732 375 2902 430 ταῦτα
2946 376 3402 449 παραδιδόασιν,ρῆ
3436 380 3749 453 πεπλασμένοις

633 464 903 533 quaquam
944 461 1050 516 illis
1079 461 1408 517 conﬁtentur
1432 480 1445 526 ;
1477 463 1571 519 sed
1600 466 1684 520 vel
1715 466 1931 521 silentio
1959 468 2063 522 ista
2088 476 2204 521 tra—

628 554 788 619 dunt,
820 555 902 611 vel
933 554 1074 616 ﬁctis
1119 556 1465 610 sermonibus
1519 565 1573 610 et
1604 557 1829 613 alibellis
1875 560 2202 629 conscriptis

629 648 896 708 velantes,
931 644 1114 699 fucum
1142 644 1371 720 faciunt.
1404 647 1789 704 Prohabilibus
1826 651 2008 720 itaque
2034 659 2088 705 et
2133 652 2202 707 ad

628 738 1054 792 aSsentationem
1070 718 1391 809 compositis
1406 739 1695 809 colloquiis
1710 742 2025 810 pestiferam
2048 758 2203 797 suam

632 827 936 881 doctrinam
997 828 1315 899 obit-gentes
1342 869 1357 894 ,
1411 831 1794 900 simpliciorem
1846 850 2117 905 quemque
2148 845 2202 890 et

562 932 569 949 ι
634 917 810 972 fraudi
860 921 1166 990 expositum
1224 922 1689 986 circumveniunt,
1769 941 1943 996 neque
1987 927 2200 981 interim

632 1017 864 1079 parcunt
894 1010 1147 1080 pietatem
1181 1023 1421 1067 nostram
1455 1013 1598 1083 apud
1633 1030 1823 1072 omnes
1857 1017 2198 1073 calumniari.

636 1095 792 1153 Unde
838 1098 895 1152 lit
927 1107 986 1153 ut
1016 1101 1262 1155 nonnulli
1310 1102 1507 1157 litteris
1541 1118 1729 1158 eorum
1759 1107 2161 1163 subscribentes
2184 1146 2199 1171 ,

634 1189 692 1244 in
712 1190 1010 1246 Ecclesiam
1030 1208 1125 1249 eos
1145 1193 1428 1263 recipiant,
1448 1210 1571 1248 cum
1602 1203 1784 1251 tamen
1814 1198 2204 1253 comministris

536 1344 541 1349 Δ
628 1279 728 1349 qui
755 1279 858 1335 hoc
884 1282 1003 1336 ausi
1032 1290 1178 1349 sunt,
1211 1283 1554 1354 gravissima,
1589 1296 1649 1339 ut
1679 1285 1894 1355 Opinor,
1915 1287 2206 1356 reprehen-

635 1373 810 1428 sionis
843 1373 1122 1429 immineat
1160 1375 1413 1443 infamia;
1461 1394 1527 1433 eo
1573 1379 1719 1449 quod
1764 1393 1866 1433 nec
1897 1381 2204 1448 apostolica

634 1464 822 1533 regula
876 1464 929 1518 id
964 1466 1251 1536 permittit,
1281 1476 1340 1525 et
1382 1467 1651 1524 diabolica
1691 1471 1747 1525 in
1796 1471 1933 1543 ipsis
1962 1473 2206 1543 operatio

636 1558 899 1612 adversus
930 1556 1206 1613 Christum
1257 1559 1361 1615 hoc
1402 1560 1546 1616 facto
1589 1561 1819 1618 validius
1870 1564 2202 1619 accendiur.

632 1646 1000 1712 Quamobrem
1030 1649 1166 1703 nihil
1200 1659 1488 1706 cunctatus
1509 1692 1524 1715 ,
1585 1652 1783 1709 fratres
1825 1653 2202 1717 dilectissimi,

2303 465 2479 533 λόγοις
2547 468 2640 519 καὶ
2711 465 3009 536 ἐγγράφοις
3089 467 3466 532 ὲπισκιάζοντες
3520 471 3751 529 ἀπατῶσιν.

2302 557 2731 629 Πειθανωτέραις
2776 556 2905 625 γοῦν
2963 558 3057 610 καὶ
3109 555 3409 627 βωμολόχοις
3457 559 3649 630 ὁμιλίαις
3683 565 3756 635 τὴν

2303 648 2622 720 φθοροποιὸν
2658 647 2839 701 αὐτῶν
2879 646 3214 700 διδασκαλίαν
3259 644 3760 719 ἐπικρυπτσντες,συν.

2303 740 2636 811 αρπάςουσιν
2703 738 2794 791 τὸν
2834 740 2913 801 είς
2959 738 3172 808 ἀπάτην
3210 738 3521 808 ἐκκείμενον,
3571 743 3651 794 οὑκ
3681 744 3760 795 ἀπ-

2301 830 2546 899 εχόμενοι
2589 827 2684 881 καὶ
2721 827 2815 880 τοῦ
2850 827 3000 901 παρὰ
3037 830 3169 881 πᾶσι
3197 832 3514 896 συκοφαντεῖν
3540 829 3619 900 τὴν
3656 834 3762 901 ἡμε-

2301 920 2462 990 τέραν
2524 916 2825 971 εὐσέϐειαν.
2878 917 3036 969 Ὅθεν
3089 917 3182 973 καὶ
3232 916 3490 987 συμϐαίνει
3529 906 3786 1003 tivagtoig1

2302 1011 2622 1082 γράμμασιν
2678 1007 2857 1063 αὐτῶν
2906 1008 3339 1079 ὑπογράφοντας,
3393 1009 3463 1069 εἰς
3512 1007 3765 1077 Ἐκκλησίαν

2303 1099 2652 1171 είσδέχεσθαν
2698 1099 2978 1171 μεγίστης,
2998 1098 3074 1161 ὡς
3110 1093 3519 1168 οἷμαι,διαϐολῆς
3550 1098 3768 1165 ἐπικειμέη

2302 1210 2400 1263 νης
2440 1195 2552 1256 τοῖς
2599 1191 2756 1245 τοῦτο
2800 1189 3039 1260 τολμῶσι
3087 1188 3519 1259 συλλειτουργοίς,
3566 1188 3630 1257 τῷ
3672 1190 3769 1257 μήτε

2301 1284 2393 1338 τὸν
2430 1283 2783 1338 ἀποστολικὸν
2827 1282 3028 1335 κανόνα
3067 1279 3222 1333 τοῦτο
3258 1280 3550 1349 συγχωρεῖν,
3574 1278 3682 1331 ἀλλὰ
3704 1279 3771 1331 καὶ

2304 1376 2618 1430 ὑπεκκαίειν
2646 1374 2742 1444 τὴν
2781 1373 2867 1426 ἐπ’
2901 1373 3083 1436 αὐτοῖς
3123 1370 3416 1440 διαϐολικὴν
3453 1369 3576 1422 κατὰ
3595 1364 3771 1438 Χριστοῦ

2303 1468 2599 1539 ἐνέργειαν.
2647 1466 2739 1519 Διὸ
2784 1464 2848 1534 δὴ
2895 1465 2988 1516 καὶ
3036 1463 3186 1515 οὐδὲν
3232 1460 3510 1532 μελλήσας,
3549 1458 3772 1527 ἀγαπητοὶ,

2302 1559 2539 1631 δηλῶσαι
2582 1560 2711 1630 ὑμῖν
2751 1559 2851 1629 τὴν
2890 1556 2999 1610 τῶν
3046 1554 3297 1607 τοιούτων
3331 1550 3562 1605 ἀπιστίαν
3598 1547 3773 1618 ἐμαυτὸν

2304 1649 2645 1719 διανέστησα,
2685 1648 2947 1717 λεγόντων
2978 1647 3059 1699 ὅτι
3087 1641 3155 1715 ἦν
3182 1660 3310 1697 ποτε
3339 1643 3423 1695 ὅτε
3448 1642 3537 1693 οὐκ
3565 1636 3622 1709 ἦν
3645 1641 3669 1691 ὁ
3689 1637 3777 1699 Υίὸς

629 1739 876 1793 animum
910 1754 975 1794 ac
1019 1740 1270 1797 ﬁduciam
1321 1744 1550 1814 sumpsi,
1583 1750 1643 1798 ut
1673 1744 1950 1814 perfidiam
1973 1745 2197 1801 istorum

2303 1741 2396 1796 τοῦ
2422 1742 2579 1805 Θεοῦ,
2609 1742 2705 1795 καὶ
2728 1741 2947 1810 γέγονεν
2977 1738 3202 1808 ὕστερον
3235 1739 3262 1790 ὁ
3289 1735 3533 1806 πρότερον
3562 1732 3626 1803 μὴ
3651 1730 3777 1800 ὑπάρ-

632 1828 792 1883 vobis
817 1827 1112 1885 indicarem
1154 1832 1248 1902 qui
1283 1831 1473 1888 dicunt
1507 1852 1520 1888 :
1557 1834 1659 1887 fuit
1686 1843 1898 1905 tempus
1927 1850 2051 1889 cum
2087 1850 2196 1889 non

628 1926 782 1973 esset
810 1915 981 1975 Filius
1012 1917 1140 1987 Dei;
1179 1927 1234 1975 et
1269 1922 1361 1992 qui
1389 1923 1541 1993 prius
1569 1938 1679 1977 non
1723 1931 1861 1987 erat,
1905 1931 2089 1993 postea
2114 1938 2202 1978 ex-

634 2010 815 2077 stitit;
863 2010 987 2067 talis
1028 2012 1246 2076 factus,
1294 2014 1726 2085 quandocunque
1757 2014 1975 2071 demum
2024 2016 2200 2070 factus

633 2109 757 2165 est,
787 2103 967 2171 qualis
1018 2103 1247 2173 quilibet
1284 2104 1564 2160 hominum
1611 2106 1762 2162 nasci
1802 2107 1958 2162 solet.
2007 2105 2200 2163 Omnia

628 2192 800 2257 enim,
831 2201 890 2247 ut
914 2185 1088 2258 aiunt,
1124 2194 1266 2251 Deus
1310 2194 1440 2252 fecit
1477 2213 1544 2252 ex
1584 2196 1786 2264 nihilo;
1842 2200 1898 2252 in
1924 2200 2202 2253 creatione

632 2285 876 2337 omnium
911 2299 1115 2350 rerum,
1147 2294 1259 2340 tam
1291 2287 1636 2343 rationalium
1676 2303 1836 2357 quam
1868 2290 2077 2345 ratione
2105 2304 2199 2344 ca-

631 2375 893 2439 rentium,
919 2375 1083 2431 etiam
1106 2375 1298 2431 Filium
1322 2376 1413 2433 Dei
1429 2379 1963 2449 comprehendentes.
1991 2381 2199 2446 Quibus

631 2467 801 2522 etiam
823 2478 1220 2539 consequenter
1251 2469 1476 2534 addunt,
1499 2485 1623 2525 eum
1648 2471 1927 2527 mutabilis
1952 2486 2073 2526 esse
2097 2486 2198 2525 na-

636 2565 794 2622 turae,
820 2559 1146 2629 virtutisque
1173 2574 1237 2614 ac
1259 2559 1376 2615 vitii
1409 2575 1684 2631 capacem.
1717 2561 2006 2632 Positaque
2031 2562 2201 2618 semel

636 2649 740 2705 hac
764 2651 1031 2706 sententia
1056 2694 1072 2719 ,
1111 2650 1305 2707 Filium
1347 2652 1437 2708 Dei
1465 2669 1532 2709 ea:
1568 2654 1735 2708 nihilo
1772 2671 1894 2710 esse
1918 2696 1932 2720 ,
1991 2657 2203 2712 divinas

2300 1851 2431 1904 χων,
2471 1833 2707 1896 τοιοῦτος
2746 1831 3045 1902 γενόμενος’
3073 1830 3161 1883 ὅτε
3192 1828 3285 1882 καί
3324 1843 3445 1880 ποτε
3473 1824 3676 1893 γέγονεν,
3701 1816 3778 1882 οἷος

2302 1926 2394 1979 καὶ
2422 1927 2527 1988 πᾶς
2552 1920 2689 1977 εἶναι
2716 1924 2954 1991 πέφυκεν
2979 1920 3279 1993 ἄνθρωπος.
3306 1918 3479 1971 Πάντα
3500 1918 3613 1986 γὰρ,
3642 1914 3777 1983 φασὶν,

2300 2016 2330 2069 ὁ
2349 2015 2478 2079 Θεὸς
2509 2016 2567 2082 ἐξ
2591 2017 2691 2069 οῦκ
2720 2014 2887 2067 ὄντων
2912 2013 3132 2085 ἐποίησε
3148 2053 3164 2076 ,
3211 2009 3718 2081 συναναλαμϐάνοντες
3736 2008 3781 2075 τῇ

2302 2106 2410 2159 τῶν
2441 2107 2695 2160 ἁπάντων
2731 2105 2962 2175 λογικῶν
2991 2122 3049 2158 τε
3080 2105 3176 2158 καὶ
3204 2104 3406 2172 ἀλόγων
3440 2101 3594 2154 κτίσει
3624 2099 3696 2152 καὶ
3717 2097 3783 2149 τὸν

2304 2197 2432 2251 Υίὸν
2487 2197 2581 2252 τοῦ
2629 2197 2785 2251 Θεοῦ.
2862 2193 2957 2263 Οἷς
3001 2195 3306 2259 ἀκολούθως
3354 2195 3444 2249 κα)⁸
3491 2192 3632 2263 φασιν
3668 2188 3784 2242 αὑτὸν

2295 2288 2534 2360 τρεπτῆς
2574 2285 2711 2342 εἶναι
2752 2289 2996 2359 φύσεως,
3045 2291 3247 2361 ἀρετῆς
3288 2306 3347 2341 τε
3390 2285 3479 2339 καὶ
3510 2283 3677 2344 κακίας
3701 2282 3784 2332 ἐπιδ

2297 2380 2571 2434 δεκτικόν·
2623 2383 2717 2434 καὶ
2750 2384 2816 2452 τῇ
2854 2382 2922 2445 ἐξ
2962 2383 3074 2435 οὐκ
3112 2381 3303 2435 ὄντων
3326 2376 3588 2437 ὑποθέσει,
3618 2373 3695 2426 καὶ
3719 2369 3787 2431 τὰς

2301 2472 2450 2536 θείας
2488 2472 2581 2526 τοῦ
2628 2468 2768 2527 εἶναι
2808 2473 2969 2527 αὐτὸν
3012 2472 3100 2527 ἀεὶ
3145 2469 3579 2542 συναναιροῦντες
3605 2461 3785 2537 rma.

2302 2566 2357 2619 αἳ
2402 2566 2465 2619 τὸ
2501 2566 2769 2639 ἄτρεπτον
2816 2564 2910 2618 τοῦ
2954 2566 3127 2634 Λόγου
3150 2606 3165 2630 ,
3229 2564 3327 2618 καὶ
3368 2562 3462 2635 τὴν
3502 2559 3694 2627 θεότητα
3721 2552 3791 2621 τῆς

2306 2658 2501 2728 Σοφίας
2526 2657 2618 2710 τοῦ
2648 2651 2822 2726 Λόγου
2855 2658 3231 2729 σημαίνουσιν,
3265 2659 3304 2713 ὃ.
3328 2658 3471 2709 ἐστιν
3494 2653 3519 2706 ὁ
3540 2647 3741 2723 Χριστός·

633 2740 870 2799 Litteras
897 2744 965 2799 de
993 2746 1294 2802 aeternitate
1317 2748 1436 2818 ejus
1456 2757 1724 2814 evertunt,
1748 2751 1946 2820 quibus
1975 2751 2382 2810 immutabilitas
2413 2762 2469 2810 et
2499 2753 2756 2808 divinitas
2789 2750 3079 2823 Sapientia}
3110 2768 3176 2808 ac
3197 2752 3388 2815 Verbi,
3416 2763 3532 2821 qua:
3555 2754 3664 2802 sunt
3677 2739 3793 2797 Chri-

632 2847 777 2903 stus,
801 2841 1123 2896 ostenditur.

708 2933 794 2989 Ill.
838 2933 1138 2991 Possumus
1172 2919 1324 3007 ergo,
1357 2944 1418 2990 ut
1444 2937 1598 2992 aiunt
1644 2939 1738 2993 isti
1782 2938 2054 3007 scelerati,
2092 2954 2195 2995 nos

631 3040 851 3096 quoque
871 3042 995 3081 esse
1028 3028 1122 3081 lilii
1158 3026 1275 3092 Dei,
1309 3029 1537 3098 perinde
1570 3044 1635 3085 ac
1665 3030 1775 3085 ille.
1810 3030 2085 3102 Scriptum
2111 3038 2196 3087 est

636 3117 778 3171 enim
801 3119 817 3149 ¹
845 3135 858 3171 :
898 3115 1069 3173 Filios
1090 3120 1246 3190 genui
1273 3128 1321 3173 et
1350 3118 1598 3175 exaltari.
1645 3119 1778 3175 Cum
1809 3137 1937 3178 vero
1962 3123 2071 3177 illis
2093 3122 2196 3176 ob-

629 3210 834 3279 jectum
869 3208 1030 3265 fuerit
1068 3211 1121 3265 id
1156 3212 1302 3282 quod
1336 3214 1620 3285 sequitur:
1651 3212 1761 3281 Ipsi
1786 3224 1957 3269 autem
1993 3230 2197 3283 spreve-

633 3311 759 3355 runt
786 3315 902 3357 me:
934 3301 1077 3373 quod
1109 3303 1327 3372 quidem
1362 3320 1469 3358 non
1494 3306 1748 3361 convenit
1769 3313 1975 3361 natura:
2002 3305 2197 3361 Serva-

634 3392 773 3447 toris
802 3392 895 3463 qui
927 3400 1122 3464 suapte
1154 3402 1352 3449 natura
1382 3403 1468 3450 est
1497 3396 1852 3451 immutabilis
1884 3416 1899 3452 :
1934 3398 2010 3451 illi
2048 3397 2195 3451 omni

637 3484 939 3538 reverentia
980 3499 1044 3539 ac
1090 3485 1351 3556 religione
1388 3486 1621 3555 abiecta,
1674 3486 1840 3543 Deum
1875 3489 2046 3554 aiunt,
2071 3505 2196 3544 cum

638 3572 922 3641 pratsciret
969 3587 1034 3626 ac
1060 3575 1403 3643 praevidisset
1449 3576 1595 3647 quod
1626 3576 1795 3633 Filius
1828 3579 2005 3649 ipsum
2047 3595 2197 3650 spre-

633 3669 798 3716 turus
831 3677 941 3715 non
988 3672 1151 3729 esset,
1191 3667 1342 3721 illum
1393 3684 1460 3724 ex
1493 3670 1745 3725 omnibus
1790 3671 2038 3742 elegisse.
2077 3671 2195 3727 Non

638 3751 786 3805 enim
819 3759 878 3804 ut
912 3761 1107 3807 natura
1136 3763 1190 3810 et
1222 3760 1578 3829 praerogativa
1606 3761 1839 3831 quadam
1865 3763 2195 3833 prmcipuum

637 3839 934 3911 quidquam
964 3856 1073 3911 pra:
1099 3850 1311 3903 caeteris
1342 3849 1465 3903 tiliis
1503 3850 1811 3915 habentem,
1843 3868 1966 3907 eum
1997 3855 2193 3924 elegit:

638 3933 838 4003 quippe
874 3935 968 4004 qui
1011 3945 1208 3991 natura
1239 3937 1385 3994 tilius
1412 3954 1522 3994 non
1563 3942 1654 4003 sit,
1691 3953 1748 3996 ut
1776 3944 2059 4014 inquiunt;
2103 3962 2198 4002 ne-

633 4041 743 4096 que
771 4034 830 4080 ut
850 4028 942 4097 qui
970 4029 1210 4099 aliquam
1249 4030 1473 4087 haberet
1510 4035 1893 4104 propriet.~'.em
1927 4044 1982 4092 et
2015 4038 2196 4094 dotem

634 4116 706 4170 ad
741 4117 922 4186 ipsum
949 4120 1196 4188 proxime
1220 4122 1604 4190 accedentem;
1648 4125 1742 4179 sed
1777 4128 1951 4195 ipsum
1982 4143 2197 4200 quoque

636 4209 918 4266 mutabilis
966 4213 1316 4269 exsistentem
1359 4223 1585 4279 naturai,
1631 4218 1702 4273 ob
1730 4219 1969 4274 studium
2016 4232 2196 4278 tamen

635 4310 691 4357 et
718 4311 1035 4358 accuratam
1071 4321 1284 4361 morum
1319 4308 1655 4380 diligentiam
1693 4312 1759 4365 ad
1787 4311 1979 4367 vitium
2020 4316 2197 4370 neuti-

624 4407 801 4463 quam
826 4392 1232 4464 deﬂectentem,
1270 4392 1431 4471 elegit
1457 4400 1600 4459 Deus
1625 4422 1638 4459 ι
1671 4404 1805 4461 adeo
1834 4414 1895 4460 ut
1921 4407 1965 4460 si
1996 4406 2195 4463 Paulus

2364 2936 2455 2989 ΠΙ.
2485 2932 2769 3004 Δυνάμεθα
2796 2931 2926 3009 γοῦν
2951 2934 3043 2986 καὶ
3068 2935 3256 3005 ἡμεῖς,
3287 2934 3451 3003 φασιν
3472 2933 3518 2986 οί
3542 2930 3798 2997 ἀλάστορες,

2294 3026 2400 3079 uici.
2427 3024 2676 3095 γενέσθαι
2715 3022 2871 3086 Θεοῦ,
2901 3024 3038 3092 ὅπερ
3073 3026 3356 3088 κάκεῖνος.
3397 3024 3679 3094 Γέγραπται
3702 3017 3796 3085 γάρ’

2224 3146 2275 3204 c.
2307 3116 2475 3183 Υίοὺς
2505 3115 2802 3186 ἐγέννησα
2827 3115 2923 3171 καὶ
2955 3116 3193 3184 ὕψωσαο
3241 3114 3647 3187 Ἑπιφερομένου
3667 3107 3803 3204 δὲ.αὲ

2295 3210 2408 3272 τοῖς
2433 3207 2528 3261 τοῦ
2552 3207 2799 3276 λέγοντος
2824 3206 2950 3278 ἑξῆς
2978 3207 3071 3259 τοῦ
3112 3208 3307 3279 ῥητοῦ,
3337 3206 3513 3262 Αὐτοὶ
3543 3204 3605 3259 δέ
3623 3219 3685 3269 με
3708 3198 3805 3267 ἠθέ-

2296 3317 2512 3370 τησαν,
2542 3301 2678 3372 ὅπερ
2721 3301 2781 3354 οὐ
2829 3300 3054 3369 φυσικόν
3087 3300 3160 3370 (9)
3198 3303 3352 3353 ἐστιν
3396 3300 3471 3371 τῷ
3501 3296 3705 3367 Σωτῆρι,
3727 3292 3808 3345 δντι

2295 3394 2394 3465 τῆς
2444 3392 2659 3462 φύσεως
2715 3393 3018 3464 άτρὲπτου,
3076 3394 3263 3464 πάσης
3318 3392 3592 3453 εὐλαϐείας
3640 3384 3809 3443 ἑαυτοὺς

2297 3484 2698 3556 ἐρημώσαντες,
2723 3483 2880 3537 τοῦτό
2925 3500 3054 3553 φασι
3094 3484 3234 3555 (ιοι,
3267 3484 3570 3556 προγνώσει
3610 3481 3808 3546 minge-

2297 3575 2497 3648 θεωρία
2540 3576 2665 3646 περὶ
2695 3576 2859 3630 αὐτοῦ
2890 3577 3067 3630 εἰδότα
3107 3578 3202 3630 τὸν
3233 3578 3403 3639 Θεὸν,
3434 3578 3515 3629 ὅτι
3550 3575 3640 3628 οῦκ
3663 3569 3811 3635 ἀθετή-

2298 3681 2401 3728 σει,
2430 3663 2725 3738 ὲξειλιεχθαι
2753 3665 2914 3718 αὑτὸν
2946 3666 3053 3719 ἀπὸ
3081 3666 3328 3722 πάντων.
3362 3666 3440 3719 Οὐ
3472 3665 3577 3735 γὰρ
3597 3661 3729 3733 φύσει
3746 3655 3815 3710 καὶ

2295 3758 2415 3811 κατ’
2447 3757 2720 3829 ἐξαίρετον
2755 3758 2862 3813 τῶν
2894 3758 3066 3812 ἄλλων
3105 3760 3241 3813 υἱῶν
3288 3759 3487 3830 ἔχοντά
3512 3775 3581 3811 τι·
3612 3754 3716 3808 οὔτε
3738 3749 3816 3818 γὰρ

2297 3848 2454 3918 φύσει
2506 3850 2619 3911 υἱός
2667 3867 2751 3913 τις
2799 3852 2945 3903 ἐστὶν
2992 3850 3083 3904 τοῦ
3133 3852 3299 3916 Θεοῦ,
3332 3853 3531 3922 φασίνο
3580 3848 3690 3903 οὔτε
3729 3841 3819 3897 τινὰ

2297 3939 2486 4009 ἔχοντα
2514 3938 2746 4010 ἰδιότητα
2776 3937 2910 4009 πρὸς
2939 3938 3119 4000 αὑτὸν,
3149 3939 3294 3992 ἀλλὰ
3325 3942 3422 3994 καὶ
3446 3938 3601 3992 αὐτὸν
3633 3927 3820 4003 τρεπτῆς

2296 4030 2626 4102 τυγὲῑάνοντα
2685 4029 2932 4099 φύσεως,
2994 4030 3082 4083 διὰ
3130 4032 3358 4101 τρόπων
3413 4028 3707 4099 ἐπιμέλειαν
3752 4016 3821 4071 καὶ

2296 4121 2525 4192 ἄσκησιν
2558 4122 2631 4193 μὴ
2660 4123 2989 4193 τρεπόμενον
3020 4124 3113 4175 ἐπὶ
3136 4122 3198 4175 τὸ
3229 4128 3442 4196 χεῖρον,
3475 4120 3744 4186 sentem
3769 4111 3824 4169 ὼς

2295 4217 2343 4267 εί
2374 4216 2466 4268 καὶ
2489 4215 2694 4278 Παῦλος
2720 4214 2877 4268 τοῦτο
2906 4214 3148 4285 βιάσαιτο
3178 4217 3278 4269 καὶ
3312 4217 3545 4287 Πέτρος,
3574 4208 3719 4282 μηδὲν
3739 4203 3823 4256 δια·

2296 4306 2479 4379 φέρειν
2509 4308 2711 4361 τούτων
2747 4307 2843 4381 τὴν
2872 4308 3077 4360 ἐκείνου
3121 4309 3375 4380 υίὸτηταο
3421 4310 3504 4370 εἰς
3543 4302 3829 4375 παράστασιν

2293 4400 2352 4452 δὲ
2394 4400 2493 4469 τῆς
2540 4400 2935 4471 φρενοϐλαεΣοῦς
2975 4400 3177 4470 ταύτης
3217 4398 3609 4463 διδασκαλίας,
3635 4387 3828 4447 mimi;

618 4484 687 4538 'ac
716 4485 917 4540 Petrus
947 4495 1205 4543 contento
1248 4492 1432 4547 studio
1460 4494 1515 4547 in
1548 4495 1601 4549 id
1632 4495 2024 4564 incubuissent,
2061 4500 2195 4554 nihil

2298 4491 2536 4562 Γραφαῖς
2579 4490 3047 4562 ὲμπαροινοῦντες,
3100 4492 3194 4544 καὶ
3241 4490 3674 4560 παρατιθέμενοι
3713 4480 3763 4534 τὸ
3791 4479 3833 4530 ὲν

622 4575 691 4629 ab
726 4575 954 4633 istorum
986 4579 1249 4637 ﬁliatione
1273 4584 1646 4655 discrepatura
1678 4588 1839 4644 fuerit
1873 4590 2037 4660 hujus
2063 4591 2199 4647 ﬁlia-

622 4667 716 4719 tio.
762 4669 939 4741 Atque
976 4680 1034 4726 ut
1057 4673 1303 4728 insanam
1336 4677 1493 4732 istam
1520 4678 1824 4735 doctrinam
1851 4683 2197 4750 conﬁrment,

623 4757 935 4829 Scripturis
964 4764 1139 4819 sacris
1174 4769 1572 4826 contumeliose
1616 4772 1924 4838 illudentes,
1968 4776 2199 4832 aﬂ'erunt

632 4848 766 4903 illud
806 4852 954 4920 quod
1012 4853 1067 4906 in
1120 4852 1353 4913 Psalmis
1405 4857 1474 4913 de
1512 4858 1735 4918 Christo
1779 4864 1980 4918 dictum
2020 4870 2148 4921 est'
2181 4888 2194 4921 :

634 4937 887 4995 Dilcxisti
912 4942 1207 5012 justitiam,
1234 4956 1284 5000 et
1316 4949 1477 5003 odisti
1522 4950 1891 5022 iniquitatem:
1920 4969 2191 5025 propterea

629 5034 785 5086 unxit
814 5044 865 5088 te
898 5034 1038 5090 Deus
1071 5045 1189 5091 tuus
1211 5039 1324 5092 oleo
1355 5040 1555 5096 laititia:
1575 5059 1683 5112 pne
1708 5048 2032 5102 consortibus
2064 5051 2187 5103 tuis.

751 5193 766 5221 ¹
803 5188 916 5247 Isa.
948 5192 1078 5256 1,2.
1152 5199 1172 5228 '
1205 5195 1357 5251 Psal.
1394 5215 1536 5265 κων,

702 5306 780 5451 ἓθ)
814 5311 895 5362 Οὐ
925 5313 1205 5377 φυσικόν.
1228 5303 1530 5385 ”Λιρύσικον
1555 5318 1724 5375 codex
1745 5319 1947 5391 Regius
1974 5320 2022 5377 J.
2046 5321 2189 5377 Pini.

733 5378 841 5451 10),,
860 5380 1297 5451 Ἐρημώσαντες
1324 5386 1498 5441 τοῦτό
1528 5405 1696 5451 φασι.
1730 5391 1861 5445 Post
1890 5393 2002 5448 haec
2029 5395 2189 5448 verba

733 5378 842 5459 10)”
860 5380 1297 5459 ’Epiyubqarrsg
1317 5378 1498 5459 τοῦτό
1528 5405 1696 5459 φασι.
1730 5378 1861 5445 Ροεῖ
1890 5393 2002 5448 haec
2029 5395 2191 5448 verba

634 5446 691 5505 in
713 5446 938 5521 codice:
961 5446 1158 5507 Leonis
1205 5446 1375 5509 “(alii
1424 5446 1547 5512 hzec'
1580 5462 1873 5521 adduntur,
1915 5446 2193 5518 amicitia

634 5520 823 5603 ἔχοντα
847 5519 1080 5603 ἰδιότητα
1109 5524 1456 5603 πρὸς-αὐτὸν,
1644 5532 1739 5603 καὶ.
1766 5519 1926 5587 αὐτὸν
1956 5535 2191 5603 τρεπτῆς

634 5590 966 5713 conamina
993 5590 1225 5661 φύσεως.
1251 5594 1386 5649 Male
1421 5590 1658 5667 quidem.
1693 5601 1816 5657 llaec
1850 5590 2189 5659 enimhverb'a

634 5660 691 5713 in
716 5674 864 5713 enus
903 5659 1081 5713 locum
1132 5663 1351 5713 habent.
1385 5675 1447 5713 ut
1486 5669 1790 5713 videltimnc
1854 5673 2187 5713 Fninhnninc

633 5659 864 5715 interius
903 5659 1081 5717 locum
1129 5663 1352 5737 habent,
1385 5659 1454 5720 ut"
1486 5669 1811 5728 videbimus.
1854 5673 2188 5747 Epiphanius

2298 4581 2543 4652 Ψαλμοῖς
2579 4582 2707 4652 περὶ
2733 4581 2965 4652 Χριστοῦ
3007 4582 3188 4652 ῥητὸν,
3228 4582 3416 4646 οὕτως
3445 4582 3586 4652 ἔχοψ
3628 4569 3830 4643 HTd-111'

2292 4687 2409 4738 σας
2446 4671 2868 4739 δικαιοσύνην,
2924 4673 3023 4725 καὶ
3081 4673 3398 4742 ἐμίσησας
3452 4669 3716 4727 detecta?“
3764 4659 3838 4712 διὰ

2292 4763 2465 4818 τοῦτο
2492 4764 2697 4833 ἕχρισέ
2726 4778 2799 4816 σε
2825 4767 2857 4817 ό
2886 4764 3028 4829 Θεός
3063 4777 3179 4818 σου
3216 4765 3444 4818 ἔλαιον
3471 4756 3838 4834 ἀγαλλιάσεως

2291 4856 2449 4925 παρὰ
2477 4855 2617 4922 τοὺς
2636 4855 2927 4925 μετόχους
2958 4870 3091 4909 σου.

2295 5334 2478 5383 tamen
2515 5325 2888 5386 Scholasticus
2919 5332 3104 5387 eadem
3140 5334 3314 5389 verba
3350 5336 3412 5390 in
3448 5349 3554 5391 suo
3589 5330 3763 5388 codice
3789 5326 3849 5378 Ιε·

2294 5399 2371 5466 git
2402 5401 2503 5453 hoc
2543 5400 2679 5453 loco.
2720 5402 2809 5455 Sic
2842 5404 2984 5456 enim
3015 5405 3211 5457 vertit:
3244 5404 3423 5461 Omni
3450 5403 3736 5462 reverentia
3755 5411 3854 5465 spo-

2294 5468 2481 5547 liantes
2531 5472 2856 5547 semetipsos,
2896 5475 3083 5547 aiunt:
3115 5472 3221 5547 Nec
3252 5478 3523 5547 aliquam
3567 5474 3716 5529 habet
3749 5483 3853 5547 PCQ‘

2291 5540 2562 5613 primatem
2698 5537 2812 5594 eum
2839 5557 2856 5593 :
2882 5544 2970 5597 sed
2993 5561 3109 5597 cum
3139 5546 3204 5598 sit
3243 5537 3378 5613 ipse
3409 5560 3617 5600 natura
3652 5537 3854 5613 mutabi-

2293 5609 2382 5729 fis,
2420 5611 2568 5733 sciqit
2607 5610 2671 5665 de
2694 5613 2786 5666 illo
2821 5613 2960 5668 Deus
2986 5606 3327 5683 prwscientia
3359 5628 3413 5675 et
3441 5606 3859 5689 rra'contcmpla-

2314 5695 2449 5733 tene.
2475 5696 2504 5733 c
2530 5695 2578 5733 c.

2314 5695 2449 5746 tene,
2475 5695 2578 5735 ctc.
