3980 6318
266 262 360 320 553

322 379 410 436 IV.
442 380 580 452 Περὶ
612 379 709 450 μὲν
731 374 822 436 οῦν
849 380 930 434 ὅτι
956 380 985 432 6
1016 379 1139 445 Υἱὸς
1172 382 1263 436 τοῦ
1294 383 1447 451 Θεοῦ,
1478 384 1597 438 οὔτε
1637 385 1693 453 ἐξ
1722 387 1819 439 οὑκ
1852 391 1894 446 Α

251 474 415 526 όντων
441 472 754 543 γεγένηται,
783 472 905 526 οὕτε
932 468 999 543 ἦν
1030 491 1157 527 ποτε
1186 475 1273 527 ὅτε
1296 475 1395 528 οὐκ
1421 470 1508 543 ἦν,
1540 476 1817 546 αὐτάρκης

252 564 535 619 παιδεῦσαι
575 564 824 636 Ἰωάννης
861 569 890 621 6
931 568 1343 639 εὐαγγελιστὴς,
1374 567 1597 639 γράφων
1644 569 1816 633 οὕτως

249 658 373 728 περὶ
402 656 591 711 αὐτοῦ’
635 658 687 709 '0
714 660 1046 728 μονογενὴς
1074 660 1221 726 Υἱός,
1249 662 1282 714 ὁ
1316 660 1399 713 ὢν
1427 663 1514 727 εὶς
1544 662 1651 715 τόν
1675 664 1814 716 κόλ-

244 763 360 800 πον
385 748 496 802 τοῦ
530 750 775 817 Πατρός.
813 750 1208 821 Πωνοοὺμενος
1243 750 1351 821 γὰρ
1379 752 1407 803 ὁ
1438 754 1577 816 Οεῖος
1602 753 1817 807 δεικνὺ-

244 856 327 891 ναι
375 838 718 903 διδάσκαλος,
750 840 990 910 ἀλλήλων
1036 840 1311 913 ἀχώριστα
1358 843 1657 914 πράγματα
1699 844 1812 907 δύο,

240 932 328 986 τὸν
358 932 583 1005 Πατέρα
615 933 709 985 καὶ
732 933 821 987 τὸν
849 933 995 1000 Υἱὸν,
1030 934 1155 988 ὅντα
1186 935 1345 989 αὑτὸν
1377 937 1434 989 ἐν
1460 942 1569 1000 τοῖς
1597 937 1815 1003 κόλποις

236 1026 333 1077 τοῦ
380 1026 597 1098 Πατρὸς
638 1027 934 1097 ὠνόμασεν.
984 1027 1139 1081 Ἀλλὰ
1186 1029 1295 1100 γὰρ
1338 1030 1431 1083 καὶ
1482 1032 1562 1084 ὅτι
1612 1035 1723 1096 τοῖς
1754 1033 1813 1099 ἐξ

237 1119 339 1171 οὑκ
375 1119 549 1173 ὄντων
592 1120 899 1189 γενομένοις
935 1121 962 1173 6
1002 1121 1173 1189 Λόγος
1202 1122 1294 1175 τοῦ
1332 1122 1466 1176 Θεοῦ
1506 1124 1565 1176 οὑ
1600 1142 1813 1197 συναρι-

237 1210 476 1279 Θμεῖται,
512 1211 708 1264 πάντα
736 1212 807 1264 δι’
844 1212 1029 1265 αὑτοῦ
1072 1215 1374 1282 γεγονέναι
1412 1217 1440 1268 ό
1468 1216 1626 1280 αὑτός
1650 1234 1812 1288 φησιν

245 1302 524 1371 Ἰωάννης.
563 1303 672 1372 Τὴν
702 1302 808 1374 γὰρ
839 1304 1134 1374 ἰδιότροπον
1166 1306 1330 1360 αὑτοῦ
1372 1307 1666 1361 ὑπόστασιν
1691 1310 1811 1381 ἐδή-

230 1392 404 1446 λωσεν
451 1395 642 1449 εἰπών·
683 1396 777 1448 Ἐν
804 1396 962 1466 ἀρχῇ
1002 1394 1080 1466 ἦν
1107 1401 1139 1451 ὁ
1169 1400 1388 1467 Λόγος,
1429 1400 1527 1454 καὶ
1558 1403 1591 1453 ό
1621 1402 1811 1471 Λόγος

230 1481 307 1554 ἦν
331 1485 488 1552 πρὸς
531 1486 636 1540 τὸν
679 1486 843 1551 Θεὸν,
890 1488 986 1541 καὶ
1034 1489 1177 1554 Θεὸς
1206 1486 1283 1558 ἦν
1314 1493 1347 1543 ὀ
1373 1493 1580 1561 Λόγοςο
1614 1493 1810 1547 πάντα

228 1575 305 1629 δι’
334 1576 527 1630 αὑτοῦ
564 1576 820 1645 ἐγένετο,
860 1578 956 1631 καὶ
981 1579 1158 1648 χωρὶς
1186 1580 1369 1633 αὐτοῦ
1400 1581 1633 1651 ἐγένετο
1671 1581 1811 1637 οὐδὲ

225 1666 295 1721 ἐν
319 1667 349 1720 ὂ
382 1667 635 1736 γέγονεν
666 1668 795 1738 (Η).
826 1671 887 1722 Εἰ
917 1669 1024 1741 γὰρ
1059 1672 1233 1725 πάντα
1264 1672 1329 1725 δι’
1376 1673 1537 1725 αὑτοῦ
1572 1673 1807 1742 ἐγένετο,

226 1758 345 1821 πῶς
384 1763 416 1813 6
446 1762 559 1822 τοῖς
591 1760 899 1831 γενομένοις
944 1763 1003 1814 τὸ
1035 1758 1174 1816 εἶναι
1221 1765 1600 1836 χαρισάμενος,
1644 1767 1805 1829 αὑτὸς

402 1853 507 1905 οὑκ
537 1848 634 1923 ip);
664 1856 736 1907 υὺ
777 1856 884 1928 γάρ
912 1876 1028 1921 πως
1066 1861 1093 1912 6
1134 1860 1303 1925 Λόγος
1347 1860 1407 1913 τὸ
1446 1862 1651 1926 ποιοῦν,
1691 1865 1803 1926 τοῖς

224 1943 541 2011 γενομένοις
573 1944 672 2013 τῆς
718 1946 887 2017 αὑτῆς
928 1944 1064 2000 εἶναι
1096 1948 1307 2018 φύσεως
1343 1950 1651 2021 διορίζεταιο
1687 1954 1801 2022 εἴγε

223 2032 388 2095 αὐτὸς
425 2034 525 2103 μὲν
552 2030 620 2105 ἦν
658 2037 715 2089 ὲν
753 2038 917 2109 ἀρχῇ,
961 2040 1135 2093 πάντα
1170 2040 1224 2093 δὲ
1264 2041 1332 2094 δι’
1360 2043 1524 2096 αὑτοῦ
1567 2043 1800 2112 ἐγένετο,

222 2119 316 2170 καὶ
344 2119 404 2185 ἐξ
433 2120 537 2173 οὐκ
566 2121 734 2177 ὄντων
776 2127 1046 2196 ἐποίησεν.
1084 2129 1351 2183 Ἐναντίων
1374 2132 1482 2202 γὰρ
1519 2132 1663 2186 δοκεί
1693 2138 1803 2199 τοῖς

223 2210 275 2275 ἐξ
308 2212 413 2264 οὑκ
449 2212 621 2266 ὄντων
664 2218 972 2287 γενομένοις
1008 2220 1069 2272 τὸ
1110 2221 1190 2285 ὃν,
1218 2224 1311 2275 καὶ
1342 2224 1646 2294 ἀφεστηκὸς
1676 2228 1801 2295 σφό-

221 2301 339 2371 δρα.
375 2304 450 2355 Τὸ
507 2306 607 2375 μὲν
655 2306 795 2377 γὰρ,
843 2310 1046 2379 μεταξὺ
1087 2313 1301 2383 Πατρὺς
1344 2316 1437 2368 καὶ
1482 2316 1610 2370 Υἱοῦ
1649 2318 1801 2372 οὐδὲν

221 2391 493 2447 δείκνυσιν
541 2392 680 2450 εἶναι
727 2399 1026 2471 διάστημα,
1078 2404 1183 2456 οὐδ’
1225 2405 1351 2477 ἄχρι
1404 2408 1544 2471 τινὸς
1592 2410 1801 2475 ἐννοίας

224 2482 375 2535 τοῦτο
424 2488 797 2552 ςεαντασιῶσαι
837 2490 935 2560 τῆς
977 2491 1154 2562 ψυχῆς
1187 2494 1504 2567 δυναμένης.
1541 2500 1613 2551 Τὸ
1651 2500 1708 2553 δὲ
1740 2501 1798 2569 ἐξ

219 2575 317 2628 οὑκ
342 2577 517 2630 ὄντων
543 2578 985 2653 δημιουργεῖσοαι
1018 2587 1107 2639 τὸν
1135 2586 1357 2659 κόσμον,
1388 2592 1656 2663 νεωτέραν
1688 2593 1798 2664 ἔχει

220 2670 313 2739 τῆς
342 2673 698 2738 ὑποστάσεως
728 2678 823 2730 καὶ
846 2679 1155 2749 πρόσφατον
1176 2681 1272 2753 τὴν
1304 2682 1535 2750 γένεσιν,
1571 2684 1673 2736 ὑπὸ
1702 2684 1795 2737 τοῦ

221 2759 432 2831 Πατρὸς
451 2763 545 2816 διὰ
572 2766 666 2818 τοῦ
694 2767 819 2821 Υῐοῦ
855 2771 1069 2824 πάντων
1096 2773 1390 2844 εἰληφότων
1419 2775 1519 2847 τὴν
1544 2775 1795 2849 τοιαύτην

222 2852 496 2907 οὑσίωσιν.
530 2856 751 2929 Μακρὸν
783 2859 911 2928 γοῦν
942 2861 1223 2935 θεωρήσας
1247 2865 1339 2918 τοῦ
1371 2867 1504 2920 Θεοῦ
1533 2869 1714 2940 Λόγου,
1736 2869 1796 2921 τὸ

221 2938 308 3013 ἦν,
336 2948 436 3000 καὶ
465 2948 761 3021 ὑπεραῖρον
792 2956 892 3024 τῆς
927 2957 1034 3009 τῶν
1066 2959 1336 3030 γεννητῶν
1366 2960 1601 3025 διανοίας
1632 2962 1741 3033 (12)
1767 2964 1795 3014 ό

1669 264 2021 320 EPISTOLzE
2032 307 2044 319 .

3381 269 3485 323 55!.

1994 383 2081 439 IV.
2130 382 2322 439 Verum
2355 386 2497 455 quod
2530 385 2697 439 Filius
2731 381 2820 437 Dei
2848 382 3022 438 factus
3051 397 3155 437 non
3190 383 3260 438 sit
3307 400 3372 439 ex
3399 386 3480 438 ni-

1919 474 2050 540 hilo,
2087 484 2141 529 et
2186 475 2330 547 quod
2381 486 2597 546 tempus
2632 489 2739 527 non
2786 472 2946 527 fuerit
2991 489 3112 527 cum
3169 490 3276 527 non
3312 486 3478 539 esset,

1918 566 2131 620 abunde
2166 565 2324 622 docet
2366 566 2606 622 Joannes
2639 566 2969 637 evangelista
3001 564 3067 619 de
3108 565 3199 619 illo
3229 566 3302 619 ita
3348 567 3483 621 scri-

1918 659 2129 715 bens':
2161 658 2468 729 Unigenitus
2520 658 2713 723 Filius,
2748 660 2836 729 qui
2872 669 2947 713 est
2997 659 3051 713 in
3103 659 3220 713 sinu
3276 658 3473 719 Patris.

1916 750 2048 805 Nam
2095 767 2219 805 cum
2266 751 2483 806 divinus
2534 752 2791 821 magister
2823 749 3107 805 ostendere
3158 751 3339 816 vellet,
3386 750 3483 805 Pa-

1914 851 2052 897 trem
2080 858 2143 897 ac
2180 842 2374 896 Filium
2403 841 2539 897 duas
2562 858 2649 897 res
2681 857 2803 897 esse
2832 858 2861 895 a
2894 858 2953 897 se
2982 850 3169 897 mutuo
3191 843 3479 913 insepara-

1916 936 2072 999 biles,
2114 936 2259 990 hunc
2312 936 2366 990 in
2418 937 2539 990 sinu
2593 934 2770 989 Patris
2820 950 2942 990 esse
2992 935 3149 991 dixit.
3190 935 3309 991 Jam
3351 952 3480 991 vero

1914 1025 2059 1096 quod
2094 1024 2328 1082 Verbum
2367 1025 2458 1081 Dei
2510 1027 2652 1080 inter
2688 1042 2777 1081 res
2812 1043 2877 1080 ex
2911 1027 3081 1082 nihilo
3122 1037 3335 1084 creatas
3370 1044 3476 1083 non

1914 1119 2279 1183 contineatur,
2313 1119 2453 1174 idem
2482 1118 2718 1173 Joannes
2763 1127 3011 1185 testatur,
3047 1137 3169 1175 cum
3203 1122 3315 1176 ait:
3352 1121 3477 1176 0m-

1914 1212 2003 1263 nia
2034 1228 2126 1279 per
2151 1213 2320 1279 ipsum
2356 1212 2499 1279 facta
2525 1228 2655 1265 esse.
2686 1210 3133 1281 Proprianrenim
3165 1213 3285 1282 ejus
3312 1214 3479 1285 hypo«

1914 1303 2085 1357 stasin
2138 1303 2437 1357 declaravit
2487 1303 2673 1358 dicens
2699 1304 2758 1356 δε
2794 1302 2858 1356 In
2908 1305 3162 1372 principio
3201 1317 3315 1359 erat
3352 1306 3478 1361 Ver-

1913 1392 2054 1458 bum,
2089 1402 2138 1446 et
2180 1392 2402 1446 Verbum
2426 1403 2536 1446 erat
2570 1393 2708 1462 apud
2734 1393 2921 1457 Deum,
2949 1404 2999 1447 et
3034 1394 3173 1448 Deus
3203 1406 3314 1449 erat
3352 1397 3479 1451 Ver-

1912 1483 2071 1537 bum:
2100 1486 2274 1539 omnia
2310 1502 2401 1553 per
2431 1486 2601 1554 ipsum
2637 1485 2779 1554 facta
2814 1498 2956 1549 sunt,
3009 1496 3058 1540 et
3107 1488 3218 1542 sine
3252 1488 3365 1558 ipso
3394 1491 3478 1559 fa-

1911 1588 2050 1630 ctum
2086 1588 2161 1631 est
2203 1578 2333 1631 nihil
2365 1576 2501 1647 quod
2533 1577 2734 1646 factum
2764 1588 2860 1631 est.
2893 1577 3025 1632 Nam
3078 1579 3122 1633 si
3172 1582 3351 1635 omnia
3382 1598 3477 1651 per

1912 1666 2089 1736 ipsum
2115 1667 2254 1721 facta
2284 1676 2433 1729 sunt,
2469 1667 2739 1737 quomodo
2763 1669 2808 1722 is
2831 1670 2922 1737 qui
2957 1670 3120 1725 rebus
3162 1670 3318 1727 factis
3341 1688 3477 1741 prte-

1910 1758 2049 1811 stitit
2084 1765 2141 1811 ut
2171 1766 2371 1821 essent,
2422 1759 2535 1829 ipse
2582 1759 2876 1829 aliquando
2915 1776 3022 1815 non
3072 1764 3318 1818 exstitit?
3346 1763 3474 1819 Ver-

1909 1848 2035 1903 bum
2059 1850 2202 1903 enim
2225 1851 2369 1921 quod
2404 1851 2551 1913 facit,
2587 1867 2926 1922 nequaquam
2952 1854 3196 1924 ejusdem
3222 1873 3342 1913 esse
3374 1874 3473 1912 na-

1910 1949 2044 1994 turae
2086 1958 2208 1996 cum
2258 1944 2422 1998 rebus
2481 1943 2639 1998 factis
2692 1944 3014 2013 intelligitur
3057 1947 3300 2017 :quippe
3347 1963 3470 2001 cum

1908 2031 2083 2101 ipsum
2112 2032 2329 2101 quidem
2367 2044 2512 2089 esset
2566 2035 2620 2087 in
2654 2035 2923 2106 principio
2949 2054 2962 2103 ;
2987 2045 3181 2091 cuncta
3210 2053 3338 2091 vero
3377 2055 3471 2109 per

1909 2124 2041 2179 illud
2078 2125 2219 2179 facta
2251 2127 2361 2181 sint
2392 2135 2446 2179 et
2475 2142 2539 2179 ex
2570 2126 2740 2181 nihilo
2770 2128 3009 2182 condita.
3045 2127 3216 2183 Porro
3246 2130 3296 2183 id
3324 2132 3468 2200 quod

1905 2226 2010 2281 est,
2033 2221 2367 2273 contrarium
2395 2235 2515 2273 esse
2542 2220 2775 2281 videtur,
2807 2229 2859 2274 et
2899 2221 3056 2290 longe
3095 2222 3369 2277 diversum
3400 2226 3468 2279 ab

1904 2308 2013 2366 illis
2045 2327 2165 2381 quae
2203 2310 2343 2365 facta
2388 2319 2517 2365 sunt
2553 2327 2618 2365 ex
2647 2312 2836 2365 nihilo.
2888 2311 3022 2365 Nam
3078 2313 3209 2367 illud
3250 2314 3466 2383 quidem

1902 2401 2163 2467 declarat,
2198 2404 2405 2457 nullum
2449 2418 2572 2459 esse
2618 2404 2963 2458 intervallum
2996 2404 3136 2459 inter
3163 2404 3379 2460 Patrem
3414 2417 3466 2461 et

1903 2494 2120 2553 Filium.
2162 2508 2284 2547 cum
2332 2494 2547 2548 animus
2596 2510 2664 2548 ne
2716 2493 2947 2563 simplici
2998 2492 3215 2562 quidem
3260 2496 3465 2565 cogita-

1902 2586 2051 2640 tione
2086 2584 2288 2655 ﬁngere
2331 2587 2503 2655 possit
2537 2587 2702 2639 ullam
2743 2587 2884 2640 inter
2926 2595 3217 2657 utrumque
3258 2586 3462 2643 distan-

1901 2677 2054 2730 tiam.
2087 2675 2163 2729 Ex
2198 2676 2368 2729 nihilo
2411 2690 2539 2730 vero
2583 2676 2754 2730 creari
2797 2677 3078 2741 mundum,
3110 2676 3463 2731 recentiorem

1899 2768 2104 2823 indicat
2134 2784 2197 2822 ac
2228 2784 2489 2839 nuperam
2517 2769 2837 2823 substantia:
2865 2770 3153 2839 originem,
3186 2785 3309 2824 cum
3342 2771 3462 2824 uilia

1900 2876 2053 2915 versa
2094 2860 2405 2930 hujnsmodi
2449 2861 2742 2916 essentiam
2786 2878 2814 2913 a
2842 2860 2999 2915 Patre
3029 2862 3335 2930 acceperint
3368 2875 3462 2930 per

1898 2949 2116 3005 Filium.
2156 2952 2293 3005 Cum
2325 2952 2489 3020 igitur
2533 2951 2705 3005 divini
2746 2950 2900 3005 Verbi
2930 2952 3222 3007 essentiam
3253 2950 3458 3020 longis-

218 3037 612 3106 εὑλαϐἐστατος
658 3045 929 3119 Ἰωάννης,
980 3050 1193 3118 γένεσιν
1237 3054 1401 3107 αὑτοῦ
1440 3056 1531 3109 καὶ
1578 3056 1790 3127 ποίησιν

1898 3042 2055 3108 sime,
2087 3050 2141 3096 et
2168 3043 2307 3095 ultra
2338 3057 2551 3097 omnem
2586 3042 2967 3111 cogitationem
2999 3056 3186 3095 eorum
3218 3057 3337 3111 qua:
3362 3057 3455 3111 ge-

217 3128 534 3197 ἀπηξίωσεν
576 3138 784 3199 εἰπεῖν,
826 3141 946 3194 οὐδὲ
974 3145 1093 3206 ταῖς
1126 3146 1459 3217 όμοστοίχοις
1502 3146 1788 3211 συλλαϐαῖς

217 3221 331 3291 (l3)
362 3223 426 3275 τὸ
455 3226 642 3278 ποιοῦν
676 3232 787 3292 τοῖς
826 3233 1165 3303 γιγνομένοις
1210 3237 1470 3306 ὀνομάσαι
1498 3237 1790 3309 τολμήσας.

215 3316 327 3383 υὺχ
377 3316 459 3368 ὅτι
502 3319 793 3389 ἁγέννητος
834 3319 920 3394 ἦν·
957 3325 1016 3377 ἓν
1048 3325 1156 3397 γὰρ
1189 3327 1481 3400 ἀγέννητον
1510 3333 1538 3384 ό
1576 3331 1787 3401 Πατήρ·

214 3404 329 3458 ἀλλ’
369 3409 454 3461 ὅτι
496 3410 593 3478 τῆς
636 3412 929 3487 ἐξεσμένης
971 3416 1077 3470 τῶν
1122 3419 1538 3488 εὑαγγελιστῶν,
1572 3423 1709 3491 τάχα
1733 3422 1789 3475 δὲ

213 3499 309 3551 καὶ
350 3500 601 3568 ἀγγέλων
645 3506 997 3577 καταλήψεως
1049 3511 1375 3583 ὑπερέκεινα
1416 3514 1526 3585 (14)
1570 3515 1716 3567 ἐστιν
1753 3515 1786 3584 ή

211 3590 308 3643 τοῦ
344 3596 666 3663 μονογενοῦς
695 3597 827 3650 θεοῦ
860 3599 1241 3673 ἀνεκδιήγητος
1268 3604 1579 3669 ὑπόστασις.

290 3860 347 3916 V.
387 3861 482 3922 Εἰς
530 3862 765 3925 εὐσεϐεῖς
806 3864 904 3915 οὑκ
953 3860 1099 3934 οἶμαι
1144 3863 1488 3937 λογιζομένου
1533 3868 1641 3938 (15)
1684 3867 1778 3921 τοῦ

283 4013 490 4070 ’Joan.
522 4033 573 4082 ι,
618 4019 697 4073 18.
761 4021 780 4051 ⁵
810 4020 937 4077 ibid.
972 4022 1080 4077 1-3.
1166 4038 1172 4043 ‘

271 4175 382 4245 (Η)
428 4175 697 4243 Ἐγένετο
721 4175 861 4229 οὐδὲ
881 4175 999 4228 ἒνό
1031 4176 1291 4245 γέγονεν.
1330 4177 1457 4231 Duas
1489 4189 1775 4245 postremte

205 4262 367 4316 voces
417 4247 621 4301 desunt
662 4249 712 4301 in
760 4248 996 4300 editione
1043 4247 1263 4301 Itoberti
1306 4246 1587 4316 Stephani,
1630 4256 1685 4302 et
1718 4251 1771 4302 in

206 4315 518 4379 Basiliensi,
556 4327 609 4371 et
654 4319 707 4372 in
758 4318 946 4372 codice
995 4316 1163 4384 Regio
1205 4316 1253 4369 J.
1300 4316 1439 4369 Pini.
1492 4316 1771 4372 IIabentur

208 4394 384 4440 tamen
414 4388 469 4439 in
505 4387 691 4442 codice
720 4388 917 4458 Leonis
949 4388 1150 4451 Allatii,
1177 4398 1229 4441 et
1254 4388 1308 4441 in
1361 4388 1606 4442 versione
1645 4389 1771 4458 Epi-

208 4458 391 4524 phanii
421 4458 771 4513 Scholastici.
803 4456 907 4511 Sed
937 4468 987 4512 et
1029 4458 1558 4527 Christophorsonus
1592 4456 1769 4513 eas—in

209 4528 361 4583 libris
391 4529 512 4583 suis
549 4538 846 4598 repererat,
881 4538 939 4581 ut
966 4544 1032 4583 ex
1064 4529 1511 4595 interpretatione
1537 4531 1656 4598 ejus
1684 4545 1773 4601 ap-

250 4608 377 4654 iret.

418 4672 530 4725 Καὶ
555 4668 875 4737 ὑπεραῖρον
896 4670 1002 4742 τῆς
1030 4669 1146 4725 τῶν
1162 4669 1463 4738 γεννητῶν
1482 4669 1764 4736 διανοίας.

209 4740 567 4795 Scribendum
602 4750 733 4810 puto
764 4740 1002 4810 γενητῶν
1034 4758 1127 4810 per
1162 4742 1388 4809 simplex
1419 4759 1479 4807 v;
1511 4748 1671 4809 atque
1695 4744 1767 4795 ita

208 4814 399 4881 legisse
432 4813 647 4866 videtur
683 4810 1035 4881 Epiphanius,
1077 4811 1169 4879 qui
1204 4811 1284 4865 sic
1308 4813 1503 4864 vertit:
1530 4811 1595 4863 Et
1616 4828 1765 4864 crea-

209 4892 378 4936 turam
446 4886 749 4937 universam
808 4882 1209 4951 intelligentiam
1294 4881 1762 4936 transcendentem.

202 4951 586 5022 Conjecturam
624 4968 798 5007 meam
846 4952 1185 5006 conlirmavit
1215 4952 1345 5005 mihi
1382 4960 1566 5021 postea
1594 4952 1762 5006 codex

206 5025 384 5093 regius
421 5024 472 5077 ι.
509 5022 648 5086 Pini,
687 5024 738 5093 in
786 5039 893 5091 quo
934 5024 1006 5077 ita
1056 5024 1213 5089 plane
1257 5024 1517 5092 scriptum
1556 5023 1758 5093 inveni,

204 5092 662 5164 nt’conjeceram.
714 5092 821 5164 Pro
868 5093 1181 5164 ὑπεραῖρον,
1215 5093 1285 5164 in
1327 5094 1564 5164 editione
1613 5092 1762 5145 Basi-

207 5162 357 5218 Iiensi
390 5164 591 5233 legitur
619 5163 928 5234 ὑπερόριον,
957 5162 1010 5219 et
1038 5162 1094 5217 in
1129 5162 1315 5218 codice
1347 5163 1639 5229 Allatiano,
1677 5178 1761 5217 re-

205 5235 340 5289 ctius
371 5243 431 5288 ut
460 5234 675 5301 Opinor.

268 5309 373 5378 (I3)
408 5300 565 5378 Οὐδὲ
607 5304 735 5378 ταῖς
759 5304 1148 5378 _t5_]1_00’t0_[X0l(_‘
1169 5302 1526 5378 avellerat}.
1555 5300 1612 5378 In
1652 5316 1759 5378 ms.

198 5372 377 5434 codita'a
401 5376 618 5432 Henrici
646 5374 874 5436 Savilhi,
900 5384 953 5429 et
976 5375 1029 5426 in
1055 5374 1289 5427 editione
1325 5372 1603 5427 Basiliensi
1629 5373 1762 5426 scri-

200 5450 339 5503 bitur
387 5449 717 5518 όμοστιχοῖς,
749 5445 1134 5518 minus__recte,
1182 5452 1239 5518 u_t
1279 5444 1525 5518 equidem
1563 5443 1757 5518 sentio.

199 5520 351 5573 Certe
376 5512 746 5579 camera-rius,
768 5516 859 5583 qui
884 5514 1172 5568 editionem
1196 5512 1545 5567 Basilienscm
1573 5512 1762 5567 Latine

204 5590 583 5658 interpretatus
605 5596 703 5647 est,
730 5585 1083 5658 ὁμοστοίχοις,
1111 5586 1253 5658 legit,
1279 5595 1335 5637 ut
1355 5600 1416 5658 ex
1447 5586 1763 5658 interpreta-

207 5652 493 5727 tione-ejus
533 5666 770 5725 apparet.
810 5654 898 5708 Sic
938 5652 1080 5727 enim
1108 5655 1271 5727 vertit
1303 5670 1314 5703 :
1352 5652 1434 5705 Νε
1464 5652 1761 5727 earumdem

202 5724 415 5789 quidem
448 5724 815 5781 elementorum
863 5724 1212 5791 complexione
1250 5728 1304 5778 in
1347 5740 1464 5777 voce
1496 5725 1760 5804 facientis,

439 5806 709 5866 PA'I‘RUL.
754 5810 867 5866 Gn.
914 5805 1119 5864 XVIII.

1898 3134 2012 3188 nita
2044 3140 2171 3187 sunt
2206 3134 2439 3202 positam
2487 3132 2944 3201 contemplaretur
2978 3132 3256 3202 piissimus
3294 3130 3457 3187 Joan—

1892 3241 2014 3289 nes,
2067 3225 2468 3296 generationem
2501 3225 2619 3293 ejus
2652 3232 2704 3278 et
2741 3224 3003 3277 facturam
3037 3224 3216 3278 dicere
3263 3224 3455 3289 noluit,

1894 3317 2153 3371 factorem
2188 3316 2379 3371 iisdem
2410 3317 2591 3370 verbis
2626 3317 2823 3385 quibus
2859 3331 2921 3370 ea
2974 3332 3093 3384 qum
3124 3316 3265 3369 facta
3306 3328 3454 3381 sunt,

1889 3410 2176 3480 designare
2207 3410 2428 3463 minime
2461 3425 2649 3463 ausus.
2682 3407 2799 3461 Non
2829 3408 2973 3477 quod
3006 3407 3239 3462 Verbum
3274 3408 3345 3462 sit
3370 3408 3453 3462 in-

1889 3504 2132 3573 genitum
2165 3522 2177 3557 :
2214 3502 2361 3557 solus
2385 3503 2528 3556 enim
2557 3500 2719 3555 Pater
2754 3500 3025 3570 ingenitus
3057 3508 3176 3556 est:
3208 3502 3301 3555 sed
3325 3500 3451 3570 quia

1891 3594 2302 3649 solertissimam
2360 3592 2845 3663 evangelistarum,
2912 3593 3264 3664 ipsorumque
3317 3593 3450 3649 adeo

1888 3686 2201 3757 angelorum
2232 3686 2777 3755 comprehensionem
2814 3686 3147 3741 transcendit
3185 3687 3449 3758 unigenili

1885 3776 2006 3831 Filii
2044 3778 2443 3848 inexplicabilis
2473 3778 2847 3833 subsistentia.

1953 3868 2020 3925 ν.
2060 3868 2238 3935 Quare
2274 3871 2415 3924 inter
2437 3869 2555 3940 pios
2589 3885 2706 3924 meo
2741 3869 2955 3940 quidem
2982 3870 3189 3940 judicio
3219 3887 3447 3929 censen-

1883 4179 2263 4252 aut‘factorum
2290 4181 2369 4231 uti
2397 4197 2579 4235 ausus.
2605 4182 2662 4234 In
2704 4184 2851 4252 regio
2885 4184 3009 4237 item
3037 4183 3225 4238 codice
3242 4183 3291 4237 J.
3318 4182 3441 4238 Pini

1880 4248 2141 4323 scriptum
2179 4251 2359 4323 inveni
2394 4252 2747 4321 όμοστοίχοις.
2769 4248 2957 4323 ἰΙυῙυε
3003 4262 3180 4308 autem
3220 4255 3320 4307 loci
3352 4270 3441 4309 sa-

1879 4320 1948 4373 tis
1993 4320 2213 4394 obscuri
2258 4321 2512 4394 hic_r_egst_
2536 4338 2753 4377 sensus.
2796 4320 3033 4379 Joannes
3080 4325 3436 4394 evangelista,

1806 4432 1846 4485 υ
1877 4406 1999 4442 cum
2035 4391 2297 4485 originem
2340 4390 2457 4445 Filii
2485 4391 2779 4485 Peifvelletl
2811 4409 3100 4485 exponler‘e,
3136 4390 3253 4485 eam
3286 4409 3314 4446 a
3354 4411 3440 4485 re-

1879 4474 1999 4513 rum
2030 4470 2350 4533 creatarum
2380 4463 2736 4533 productione
2766 4465 2922 4533 longe
2960 4465 3243 4529 distinxit;
3267 4466 3438 4517 cavit-

1877 4546 1983 4598 que
2013 4531 2446 4600 diligentissime,
2480 4548 2546 4584 ne
2586 4532 2640 4585 in
2675 4531 2999 4587 declaranda
3042 4533 3161 4586 Filii
3199 4534 3437 4587 essentia

1879 4601 2068 4654 iisdem
2118 4601 2298 4654 verbis
2348 4608 2610 4662 uteretur,
2655 4602 2853 4670 quibus
2898 4620 3076 4656 rerum
3128 4612 3432 4657 creatarum

1875 4670 2140 4743 originem
2163 4672 2430 4738 exposuit.
2455 4671 2587 4743 Nam
2622 4672 2675 4724 in
2708 4673 3030 4727 declaranda
3065 4674 3278 4743 quidem
3312 4670 3433 4726 Filii

1874 4741 2132 4813 essentia,
2174 4756 2307 4795 usus
2339 4749 2422 4794 est
2454 4741 2616 4794 verbo
2647 4751 2780 4813 erat,
2815 4744 2869 4795 in
2903 4741 3219 4813 exponenda
3250 4751 3431 4795 autem

1874 4810 2090 4881 origine
2113 4824 2292 4881 rerum
2322 4818 2626 4881 creatarum
2649 4812 2787 4865 dixit
2810 4810 3043 4881 ἐγένετο,
3078 4814 3129 4867 id
3170 4820 3255 4866 est
3284 4813 3430 4879 facta

1872 4877 2021 4954 sunt:
2059 4877 2290 4954 Su‘bjieit
2312 4879 2521 4954 deinde
2553 4877 2882 4954 Alexander,
2905 4885 3001 4954 οὑχ
3030 4885 3110 4936 ὅτι
3136 4877 3431 4954 ἀγένν-ηἱος

1870 4944 1937 5023 ἦν
1955 4966 1967 4978 ’
2001 4949 2056 5023 ἓν
2085 4944 2193 5023 γάῤ
2226 4950 2515 5023 ἀγέννητον
2541 4952 2732 5023 ὁΠᾳτή
2743 4971 2795 5023 ρ,
2823 4954 2875 5008 id
2905 4944 3011 5018 est,
3036 4971 3137 5007 non
3166 4944 3303 5023 quod
3324 4944 3429 5001 'Fi-

1870 5019 1972 5090 lius
2008 5019 2103 5073 Dei
2135 5036 2237 5072 non
2268 5021 2334 5072 sit
2375 5019 2599 5090 genitus.
2636 5019 2807 5076 Unum
2834 5025 2971 5078 enim
3012 5033 3090 5078 est
3114 5019 3424 5090 ingenitum,

1871 5088 2032 5144 Pater
2060 5090 2277 5144 scilicet.
2320 5088 2451 5156 Qua:
2484 5093 2701 5161 quidem
2740 5094 3032 5147 Alexandri
3071 5088 3234 5146 verba
3260 5089 3423 5161 heni-

1868 5177 1971 5232 gne
2013 5162 2358 5230 intelligenda
2386 5158 2515 5217 sunt
2559 5164 2659 5218 hoc
2700 5165 2858 5217 modo
2887 5183 2899 5217 :
2930 5163 3046 5217 Non
3081 5161 3223 5232 quod
3256 5158 3426 5232 Filius

1868 5230 1959 5285 Dei
2016 5232 2341 5301 principium
2400 5235 2629 5303 originis
2665 5250 2777 5288 sua:
2821 5250 2929 5288 non
2983 5230 3218 5296 habeat;
3264 5231 3426 5283 habet

1865 5303 2008 5355 enim
2046 5318 2102 5355 re
2131 5318 2255 5355 vera
2303 5304 2626 5373 principium
2668 5305 2915 5374 originis,
2956 5304 3192 5374 Patrem,
3226 5316 3293 5354 ex
3314 5314 3420 5368 quo

1864 5374 2078 5449 genitus
2101 5380 2183 5449 est
2210 5392 2221 5426 :
2255 5374 2349 5426 sed
2375 5376 2500 5449 quia
2533 5376 2739 5449 nullum
2765 5373 2925 5449 habet
2950 5373 3274 5449 principium
3296 5379 3416 5449 tem-

1886 5444 2035 5507 ioris,
2066 5445 2264 5512 quippe
2296 5446 2386 5511 qui
2416 5446 2483 5497 ab
2517 5446 2663 5498 omni
2688 5445 2990 5497 aeternitate
3025 5444 3336 5512 genitussit
3358 5454 3408 5491 et

1886 5459 2035 5507 toris,
2066 5459 2264 5512 quippe
2296 5460 2386 5511 qun
2416 5459 2483 5497 an
2517 5461 2663 5498 omni
2688 5459 2990 5497 mternttate
3025 5459 3238 5511 genitus
3266 5459 3336 5493 su
3358 5459 3398 5491 Cl

1864 5459 2043 5575 i’atre,
2089 5514 2327 5583 ὰχρόνως
2357 5516 2449 5567 καὶ
2482 5514 2875 5584 ἁμεσιτεὺτως,
2911 5522 2969 5567 ut
2997 5512 3169 5566 Graeci
3214 5511 3398 5563 dicunt

1862 5585 1914 5637 id
1948 5586 2167 5653 estsine
2196 5584 2303 5653 ullo
2333 5592 2574 5653 tempore
2608 5599 2670 5637 ac
2711 5586 2908 5637 medio.

1960 5654 2044 5718 M)
2080 5645 2463 5718 Ὑπερέκειναῖ
2496 5656 2779 5707 Ἐπέκεινα
2798 5654 2964 5706 codex
2984 5652 3186 5718 Regius
3209 5645 3422 5718 LPini.

1962 5716 2043 5792 I5)
2092 5716 2375 5789 Εἰνάεϐεῖς
2431 5726 2539 5778 οὐκ
2598 5723 2755 5795 οἶμαι
2813 5716 3216 5793 νῐογιζᾉμέΰ-ου.
3269 5716 3423 5769 Hune

3048 5815 3117 5873 18
