3980 6318
269 234 370 288 557

1697 241 2077 302 EPISTOLAZ.

3421 255 3525 312 538

275 363 422 417 γειν;
466 347 803 420 Ἀδιανὸητον
830 350 940 423 γὰρ
971 352 1081 420 (20)
1114 356 1204 409 καὶ
1238 356 1415 427 πάσης
1451 357 1689 427 ἀμαθίας
1718 361 1844 414 ἀνά-

1958 372 2305 435 tempcstatcs
2355 366 2617 430 condidit,
2674 367 2727 420 in
2780 368 2978 437 quibus
3024 366 3181 436 illud,
3237 385 3338 423 non
3389 380 3521 424 erat.

270 442 470 507 πλεων,
505 442 600 497 τὸν
640 444 811 499 αἴτιον
842 448 1133 518 γενόμενόν
1171 468 1333 516 τινος,
1374 454 1534 507 αὑτὸν
1564 459 1853 526 μεταγενέ-

270 548 461 604 στερον
483 533 666 603 λέγειν
702 536 802 606 τῆς
844 539 1053 593 ἐκείνου
1080 543 1359 611 γενέσεως.
1392 547 1718 619 Προηγείται
1744 550 1851 622 γὰρ

268 626 389 679 κατ’
414 624 617 690 αὐτοὺς
646 627 745 699 τῆς
771 628 839 682 τὰ
868 630 965 684 ὅλα
1003 633 1437 710 δημιουργούσης
1476 639 1570 693 τοῦ
1597 641 1732 695 Θεοῦ
1764 661 1851 696 σο⁹

264 714 395 783 φίας
425 717 609 771 ἐκεῖνο
646 718 707 772 τὸ
733 718 1027 792 διάστημα,
1068 726 1126 778 ὲν
1165 719 1212 793 ᾧ
1239 744 1371 796 φασι
1417 730 1490 802 μὴ
1522 732 1848 803 γεγενῆσθαι

259 809 353 863 τὸν
379 810 515 865 Υίὸν
560 812 664 865 ὑπὸ
713 813 808 868 τοῦ
851 817 1083 889 Πατρός·
1126 820 1461 896 ψευδομένης
1502 830 1620 880 κατ’
1655 829 1849 894 αὑτοὺς

259 902 481 973 καὶτῆς
502 905 883 972 Πρωτότοκον
897 909 1057 964 αὑτὸν
1079 902 1434 985 εἷναδπάσης
1452 920 1701 988 κτίσεως
1721 924 1848 978 ἁνα-

255 992 602 1066 γορευοὺσης
638 995 880 1069 Γραφῆς.
931 1000 1200 1072 Σὺμφωνα
1228 1007 1357 1074 γοῦν
1387 1009 1596 1074 τούτοις
1632 1012 1729 1083 βοᾷ
1756 1017 1848 1068 καὶ

254 1086 286 1140 ὁ
310 1088 834 1157 μεγαλοφωνότατος
855 1093 1084 1159 Παῦλος,
1117 1097 1341 1166 φάσκων
1372 1104 1500 1174 περὶ
1526 1104 1709 1158 αὑτοῦ·
1748 1107 1849 1159 Ὃν

252 1179 442 1248 ἔθηκε
478 1185 861 1255 κληρονόμον
900 1186 1159 1253 πάντων,
1186 1191 1262 1245 δι’
1289 1190 1360 1248 οὗ
1406 1196 1502 1250 καὶ
1542 1197 1683 1264 τοὺς
1715 1199 1846 1253 αἰῶ-

252 1289 368 1339 νας
425 1274 738 1344 ἐποίησεν.
804 1278 962 1333 Ἀλλά
1003 1281 1097 1334 καὶ
1146 1280 1216 1334 ἐν
1265 1284 1426 1350 αὐτῷ
1473 1287 1720 1358 ἐκτίσθη
1777 1292 1847 1344 τὰ

251 1364 481 1432 πάντα,
510 1366 587 1420 τὰ
624 1368 696 1421 ἐν
728 1368 851 1435 τοῖς
878 1371 1155 1438 οἰφανοῖζ·
1187 1374 1283 1427 καὶ
1326 1374 1398 1428 τὰ
1442 1377 1542 1430 ἐπὶ
1573 1379 1683 1448 τῆς
1712 1381 1842 1449 γῆς,

248 1455 325 1509 τὰ
350 1458 549 1524 δρατὰ
585 1459 686 1513 καὶ
717 1461 790 1515 τὰ
828 1461 1068 1529 ἀόρατα,
1111 1464 1231 1518 εἴτε
1278 1466 1487 1535 ἀρχαὶ,
1528 1470 1648 1524 εἴτε
1676 1472 1846 1536 ἐξου-

249 1547 405 1609 σίαι,
442 1548 566 1601 εἴτε
594 1553 973 1619 κυριότητες,
1002 1555 1123 1609 εἴτε
1156 1559 1377 1625 θρόνοι·
1406 1560 1604 1616 πάντα
1634 1564 1707 1617 δι’
1740 1570 1845 1620 αὐ-

1954 456 2243 511 confusum
2282 465 2386 521 est,
2426 462 2603 527 ipsum
2651 459 2945 529 aliquando
2980 475 3088 514 non
3133 462 3413 517 exstitisse
3442 462 3527 515 di-

1954 551 2115 606 cere?
2161 549 2256 606 Est
2286 551 2430 605 enim
2477 551 2714 605 alienum
2753 569 2781 605 a
2805 569 2969 608 sensu
3014 554 3272 624 omnique
3304 557 3524 625 plenum

1954 643 2189 706 inscitia,
2216 658 2338 697 eum
2378 644 2470 711 qui
2512 642 2747 711 alicujus
2778 646 2853 698 rei
2884 653 3075 698 auctor
3118 646 3210 711 sit,
3245 647 3432 702 eadem
3465 663 3527 703 re

1953 736 2311 805 posteriorem
2345 734 2635 789 alllrmare.
2674 733 2883 804 Quippe
2927 735 3082 803 juxta
3132 736 3349 791 illorum
3393 754 3523 793 sen-

1952 828 2201 893 tentiam,
2243 829 2475 899 spatium
2513 830 2776 897 temporis
2805 844 2913 897 quo
2967 829 3156 882 dicunt
3198 827 3396 885 Filium
3427 829 3522 886 Dei

1950 933 2059 973 non
2091 923 2366 974 exstitisse
2411 936 2475 974 ex
2527 918 2707 982 Patre,
2751 921 3030 988 prmcessit
3064 921 3386 989 sapientiam
3427 921 3521 977 Dei

1949 1009 2193 1065 omnium
2235 1026 2418 1065 rerum
2469 1011 2867 1065 conditricem:
2901 1012 3269 1081 mentiturque
3320 1027 3520 1068 secun-

1949 1101 2076 1155 dum
2105 1116 2200 1155 eos
2233 1099 2537 1170 Scriptura,
2564 1116 2683 1170 quae
2723 1100 3135 1171 Primogenitum
3165 1103 3333 1156 omnis
3367 1119 3520 1157 crea-

1950 1203 2083 1246 tura:
2114 1192 2266 1245 illum
2308 1203 2463 1247 vocat
2491 1194 2552 1247 “.
2600 1192 2809 1259 Quibus
2839 1210 3082 1249 consona
3126 1205 3402 1267 suntquae
3434 1214 3521 1275 νοτ

1947 1282 2259 1337 calissimus
2308 1281 2509 1337 Paulus
2537 1281 2604 1338 de
2652 1283 2744 1337 illo
2776 1284 3059 1354 praedicat,
3110 1286 3182 1339 ita
3217 1286 3405 1343 dicens
3433 1290 3514 1344 ¹³;

1950 1373 2113 1440 Quem
2136 1376 2406 1429 constituit
2435 1375 2689 1430 hwredem
2720 1378 3079 1430 universarum
3109 1395 3237 1447 :per
3265 1398 3413 1450 quem
3437 1381 3518 1451 fe-

1948 1466 2016 1517 cit
2049 1474 2097 1517 et
2130 1466 2347 1521 swcula.
2382 1465 2486 1520 Sed
2517 1476 2571 1522 et
2597 1467 2639 1497 ¹⁵
2670 1468 2724 1520 in
2752 1468 2860 1536 ipso
2892 1469 3103 1523 condita
3133 1481 3254 1524 sunt
3277 1475 3518 1529 universa

1947 1556 2002 1608 in
2028 1557 2172 1610 cwlis
2198 1567 2247 1610 et
2281 1558 2336 1610 in
2374 1567 2536 1622 terra,
2574 1557 2805 1611 visibilia
2825 1570 2873 1612 et
2914 1560 3219 1627 inrisibilia,
3244 1565 3348 1617 sive
3371 1567 3519 1633 prin-

136 2725 143 2731 ’
235 2727 447 2797 ζουσα,
496 2732 618 2801 ἐγὼ
664 2733 826 2804 ἤμην
852 2731 893 2808 ᾖ
924 2738 1324 2809 προσέχαιρεν
1346 2761 1358 2773 ·
1396 2745 1428 2816 ἢ
1479 2748 1577 2820 τὴν
1613 2725 1837 2823 δύναμιν

1949 1647 2190 1715 cipatns,
2248 1650 2354 1702 sire
2412 1659 2725 1717 potestates,
2780 1651 2884 1704 sive
2936 1651 3355 1721 dominationes,
3415 1658 3518 1712 sive

1874 1720 1915 1774 Β
1949 1735 2121 1791 throni
2147 1754 2161 1790 :
2191 1740 2369 1793 omnia
2409 1756 2500 1808 per
2544 1740 2710 1807 ipsum
2761 1751 2936 1795 creata
2989 1753 3153 1797 sunt:
3202 1755 3249 1799 et
3294 1748 3401 1816 ipse
3440 1757 3517 1801 est

1946 1840 2066 1884 ante
2092 1833 2289 1885 omnia.

2014 1921 2126 1978 νη.
2149 1922 2386 1979 Proinde
2414 1941 2538 1979 cum
2571 1926 2640 1980 ab
2670 1929 2817 1981 omni
2866 1927 3066 1997 pietate
3125 1929 3513 1985 alienissimam

1943 2032 2067 2073 esse
2087 2026 2348 2088 appareat
2382 2019 2705 2074 sententiam
2737 2020 2884 2072 illam
2907 2019 2974 2074 de
3003 2036 3111 2075 non
3146 2022 3512 2085 exstantibus,

1944 2108 2256 2163 necessario
2280 2109 2569 2164 dicendum
2602 2120 2705 2175 est,
2742 2110 2957 2165 Patrem
2998 2128 3213 2183 semper
3260 2128 3384 2169 esse
3413 2112 3514 2166 Pa-

1943 2207 2101 2254 trem.
2154 2198 2314 2255 Pater
2362 2213 2542 2255 autem
2584 2210 2689 2266 cst,
2721 2209 2987 2272 prmscnte
3017 2220 3230 2273 semper
3254 2203 3410 2271 Filio,
3444 2207 3513 2260 ob

1942 2307 2103 2362 quem
2138 2293 2341 2347 dicitur
2366 2292 2546 2349 Pater.
2593 2293 2863 2360 Quocirca
2899 2312 3022 2350 cum
3058 2312 3270 2367 semper
3299 2301 3350 2352 ei
3380 2314 3512 2367 prie

1943 2400 2070 2440 sens
2101 2385 2172 2440 sit
2198 2384 2392 2451 Filius,
2422 2402 2636 2457 semper
2666 2398 2750 2443 est
2770 2388 3045 2459 perfectus
3074 2388 3256 2456 Pater,
3284 2392 3430 2445 nulla
3454 2409 3511 2447 re

1942 2478 2235 2534 destitutus
2265 2480 2321 2533 in
2340 2482 2622 2551 bonozqui
2641 2498 2750 2536 non
2770 2484 2823 2536 in
2847 2490 3109 2552 tempore,
3141 2500 3319 2554 neque
3340 2501 3403 2541 ex
3425 2486 3509 2539 in-

1942 2573 2420 2645 tervallo,nequee
2448 2591 2555 2629 non
2579 2577 2944 2640 exstantibus.
2966 2578 3183 2632 unicum
3204 2576 3396 2631 Filium
3422 2594 3501 2649 ge-

1942 2663 2079 2719 nuit.
2097 2663 2380 2729 Quomodo
2407 2675 2588 2720 autem
2610 2664 2832 2736 impium
2853 2684 2959 2721 non
2979 2667 3262 2734 sitdicere,
3281 2669 3508 2740 Sapien-

1941 2756 2071 2808 tiam
2088 2754 2183 2811 Dei
2215 2756 2508 2826 aliquando
2534 2773 2641 2811 non
2664 2759 3088 2830 exstitisse,qu;e
3105 2761 3171 2816 de
3205 2777 3263 2816 se
3292 2763 3406 2832 ipsa
3435 2763 3511 2817 ita

235 2823 331 2877 τοῦ
385 2824 531 2885 Θεοῦ
587 2826 662 2897 μὴ
712 2828 976 2901 ὑπάρχειν
1023 2834 1178 2886 ποτέ·
1221 2836 1253 2905 ἢ
1312 2836 1402 2891 τὸν
1452 2840 1624 2909 Λόγον
1674 2843 1836 2898 αὑτοῦ

1947 2844 2182 2915 loquitur
2197 2846 2241 2877 ³⁵
2264 2864 2278 2902 :
2298 2845 2409 2915 Ego
2429 2864 2572 2900 cram
2595 2850 2735 2917 apud
2754 2851 2924 2919 ipsum
2955 2862 3143 2905 cuncta
3163 2869 3472 2922 componens
3488 2871 3510 2909 :

235 2918 696 2990 ὴχρωτηριᾶσθαι
725 2922 888 2975 ποτέ·
929 2923 962 2994 ἢ
987 2923 1054 2977 τὰ
1088 2925 1219 2980 ἄλλα
1245 2926 1304 2993 ἐξ
1326 2923 1399 2983 ὧν
1424 2933 1452 2985 ὁ
1485 2933 1610 2998 Υἱὸς
1638 2938 1838 3009 γνωρί-

1947 2951 2031 3005 ego
2070 2952 2217 2989 eram
2261 2937 2346 2989 cui
2398 2918 2780 3008 adgaudebati'i
2839 2949 2930 2994 aut
2976 2943 3229 2996 virtutem
3268 2918 3362 2997 Dei
3413 2946 3514 2998 ali-

236 3011 423 3076 ζεται,
464 3012 561 3065 καὶ
594 3015 625 3067 ὁ
665 3013 855 3086 Πατὴρ
896 3019 1391 3092 χαρακτηρίζεται;
1416 3024 1488 3077 Τὸ
1514 3027 1620 3100 γὰρ
1654 3030 1835 3086 ἀπαύ-

1947 3027 2159 3097 quando
2186 3042 2292 3082 non
2319 3030 2598 3084 exstitisse
2631 3047 2643 3083 :
2678 3037 2771 3084 aut
2800 3028 3035 3085 Verbum
3066 3032 3183 3101 ejus
3217 3032 3512 3103 aliquando

234 3119 439 3195 γασμα
463 3103 563 3174 τῆς
591 3104 752 3178 δόξης
795 3108 868 3178 μὴ
901 3105 1039 3163 εἶναι
1078 3111 1275 3183 λέγειν,
1306 3123 1617 3190 συναναιρεῖ
1642 3123 1735 3176 καὶ
1771 3123 1832 3176 τὸ

1947 3119 2112 3176 fuisse
2141 3121 2451 3175 mutilatum
2491 3131 2623 3176 :aut
2661 3124 2764 3176 alia
2803 3124 3127 3195 quandoque
3155 3124 3418 3191 defuisse,
3442 3143 3511 3182 ex

234 3194 604 3267 πρωτότυπον
644 3197 779 3267 φῶς,
820 3194 1067 3289 οῦμὲστιν
1089 3205 1451 3280 ἀπαύγασμα.
1480 3212 1543 3265 Ei
1583 3212 1640 3266 δὲ
1673 3217 1767 3269 καὶ
1797 3220 1830 3289 ή

1947 3213 2139 3283 quibus
2180 3212 2353 3269 Filius
2389 3215 2737 3284 cognoscitur
2766 3225 2820 3270 et
2872 3215 3033 3270 Pater
3075 3216 3432 3287 designatur?
3460 3217 3510 3273 Is

232 3285 405 3340 εἰκὼν
430 3286 535 3340 τοῦ
574 3287 709 3342 Θεοῦ
741 3289 841 3342 οὐκ
873 3287 941 3363 ῆν
982 3295 1087 3363 ἀεὶ,
1118 3297 1276 3368 δῆλον
1314 3301 1397 3354 ὃτι
1429 3304 1535 3356 οὐδ’
1576 3300 1637 3360 οὗ
1686 3285 1831 3363 ἐστιν

1947 3306 2082 3361 enim
2114 3308 2207 3377 qui
2238 3313 2401 3377 negat
2444 3306 2791 3377 splendorem
2820 3308 3004 3377 gloriae
3029 3308 3312 3374 exsistere,
3345 3311 3512 3365 simul

231 3378 427 3445 εἰκὼν,
449 3379 603 3433 ἐστιν
625 3383 732 3436 ἀεί.
772 3383 932 3443 Ἀλλὰ
950 3388 1045 3441 καὶ
1068 3388 1146 3461 τῷ
1177 3391 1251 3463 μὴ
1274 3389 1410 3448 εἶναι
1456 3398 1547 3451 τὸν
1574 3401 1672 3470 τῆς
1702 3402 1832 3455 ὑπο-

1947 3398 2080 3453 tollit
2116 3399 2454 3469 primitivum
2492 3400 2673 3454 lumen
2719 3399 2877 3469 cujus
2923 3407 3007 3455 est
3056 3401 3331 3470 splendor.
3367 3401 3432 3455 Et
3462 3404 3509 3457 si

234 3473 490 3537 στάσεως
532 3473 627 3527 τοῦ
664 3474 799 3529 Θεοῦ
831 3480 1172 3552 χαρακτῆρα,
1208 3492 1609 3561 συναναιρεῖται
1639 3496 1829 3546 κακεῖ-

1947 3491 2115 3561 imago
2143 3490 2236 3546 Dei
2261 3508 2485 3561 semper
2514 3508 2624 3547 non
2648 3492 2769 3556 fuit,
2791 3508 2890 3548 nec
2913 3493 3063 3546 illum
3095 3510 3309 3565 semper
3337 3494 3511 3551 fuisse

230 3577 342 3660 νος,
367 3564 668 3660 ὁΔ
692 3569 822 3660 παρτ
860 3568 1023 3623 αὑτοῦ
1056 3577 1609 3650 χαρακτηριζόμενος.
1655 3583 1743 3651 Ἐξ
1763 3580 1829 3657 ἧς

1947 3582 2109 3652 liquet
2149 3584 2308 3653 cujus
2354 3585 2532 3656 imago
2565 3594 2669 3640 est.
2712 3584 2954 3655 Denique
2998 3588 3245 3657 negando
3280 3587 3507 3660 ﬁguram

230 3653 385 3708 ἔστιν
418 3654 553 3708 ἰδεῖν
579 3656 676 3728 τὴν
710 3659 927 3731 υίότητα
954 3663 1064 3716 τοῦ.
1094 3666 1344 3740 Σωτῆρος
1374 3670 1552 3740 ἡμῶν,
1579 3653 1829 3746 οὐδεμίαν

1947 3673 2259 3730 substantiae
2309 3675 2404 3731 Dei
2443 3653 2906 3746 semperJ'uissc,
2943 3653 3106 3732 simul
3162 3653 3371 3734 ιοιιίιιῖι-
3419 3682 3509 3737 ille

228 3742 475 3813 ἔχουσαν
504 3747 788 3802 κοινωνίαν
817 3750 953 3836 πρὸς
971 3752 1069 3824 τὴν
1103 3755 1211 3811 τῶν
1237 3757 1438 3814 λοιπῶν
1469 3763 1709 3834 υἱότητα.
1736 3768 1829 3821 Ὃν

1947 3765 2028 3835 qui
2068 3766 2308 3837 perfecte
2343 3769 2411 3823 ab
2458 3784 2520 3822 eo
2554 3742 2899 3838 exprimitur.
2933 3771 3008 3824 Ex
3049 3788 3157 3843 quo
3202 3774 3325 3828 licet
3356 3790 3508 3845 pers-

229 3837 445 3935 τρόπον
472 3836 585 3935 γὰρ
686 3840 927 3935 ἀρρητος
969 3846 1133 3900 αὑτοῦ
1166 3848 1477 3919 ὑπόστασις,
1514 3856 1828 3931 ἀσυγκρίτῳ

1947 3859 2144 3930 picere,
2178 3858 2493 3916 ﬁliationem
2526 3859 2832 3918 Servatoris
2866 3866 3039 3919 nostri
3099 3866 3234 3918 nihil
3284 3882 3507 3935 prorsus

228 3928 488 4025 ὑπεροχῇ
536 3930 746 4025 ἐδείχθη
795 3935 1161 4013 ὑπερκειμένη
1198 3943 1412 3999 πάντων
1462 3941 1542 4011 οἷς
1576 3928 1739 4012 αὑτὸς
1768 3928 1828 4004 τῦ

1947 3951 2137 4006 nabere
2162 3967 2452 4007 commune
2481 3969 2603 4007 cum
2649 3956 2984 4025 reliquorum
3040 3955 3319 4012 ﬁliatione.
3370 3958 3506 4012 Nam

228 4018 375 4078 εἶναι
402 4024 721 4095 ἐχαρίσατο,
751 4026 924 4094 οὑτως
957 4033 1103 4104 καὶὴ
1136 4035 1319 4108 υἰότης
1350 4038 1515 4092 αὑτοῦ
1554 4041 1694 4095 κατὰ
1723 4043 1805 4111 φύ-

1947 4046 2393 4114 1uemadmodum
2467 4047 2898 4116 inexplicabilem
2954 4048 3074 4118 ejus
3142 4050 3504 4105 substantiam

226 4128 314 4168 σιν
334 4113 692 4185 τυγχάνουσα
711 4117 812 4189 τῆς
842 4122 1113 4197 πατρικῆς
1144 4122 1414 4196 θεότητος,
1432 4128 1641 4201 ἀλέκτῳ
1661 4133 1828 4205 ὑπερ-

1947 4137 2348 4207 incomparabili
2400 4139 2721 4192 excellentia
2780 4148 3043 4208 prmstare
3092 4148 3368 4195 ostensum
3420 4150 3506 4197 es’t

226 4211 328 4280 οχῇ
388 4207 646 4280 διαφέρει
693 4210 800 4265 τῶν
851 4212 918 4266 δι’
966 4215 1134 4269 αὑτοῦ
1182 4216 1327 4271 θέσει
1389 4221 1821 4293 υἱοθετηθέντων.

1947 4228 2161 4299 reliquis
2192 4229 2448 4284 omnibus
2484 4230 2684 4298 quibus
2714 4230 2803 4286 ille
2832 4232 3125 4287 essentiam
3168 4232 3388 4297 tribuit;
3423 4234 3504 4288 sic

239 4301 299 4354 '0
332 4300 444 4373 μὲν
471 4299 586 4372 γὰρ
627 4302 899 4372 ἀτρέπτου
949 4305 1163 4376 φύσεως
1190 4313 1477 4380 τυγχάνει,
1512 4314 1713 4380 τέλειος
1750 4316 1825 4370 ὢν

1947 4332 1987 4379 at
2023 4324 2146 4393 ejus
2183 4324 2393 4387 tiliatio,
2425 4339 2548 4392 quze
2573 4325 2728 4392 juxta
2762 4332 3013 4378 naturam
3044 4332 3129 4379 est
3158 4334 3394 4395 paterna:
3422 4327 3505 4381 di-

227 4395 325 4449 καὶ
357 4394 457 4449 διὰ
494 4395 713 4450 πάντων
737 4399 988 4471 ἀνενδεής
1012 4418 1026 4430 ·
1062 4403 1110 4454 οἱ
1138 4403 1214 4468 δὲ,
1250 4407 1313 4475 τῇ
1339 4406 1420 4468 είς
1449 4407 1684 4481 ἑκάτερα
1703 4428 1826 4483 τρο-

1947 4414 2195 4478 ιίιιίῑοιίε,
2223 4414 2480 4468 inell‘abili
2512 4415 2747 4483 quadam
2774 4419 3089 4485 praestantia
3121 4394 3343 4486 superat
3365 4418 3504 4473 ﬁlia-

226 4488 305 4557 πῇ
335 4486 719 4557 ὑποκείμενοι,
751 4488 851 4558 τῆς
903 4490 1053 4562 παρά
1088 4492 1275 4546 τούτου
1318 4494 1565 4568 βοηθείας
1596 4500 1824 4558 δέονται.

1947 4508 2134 4561 .ionem
2163 4520 2351 4560 eorum
2384 4505 2480 4575 qui
2529 4521 2626 4573 per
2673 4507 2849 4575 ipsum
2905 4508 3145 4576 adoptati
3212 4517 3339 4563 sunt
3385 4511 3499 4565 tllii.

228 4577 294 4630 Τί
331 4577 454 4649 γὰρ
475 4576 546 4631 ἂν
575 4578 670 4631 καὶ
697 4580 967 4650 προκόψαι
998 4582 1110 4655 ἔχοι
1135 4587 1167 4656 ἡ
1198 4586 1291 4640 τοῦ
1322 4588 1457 4642 Θεοῦ
1489 4592 1667 4661 σοφία,
1702 4595 1736 4666 ἢ
1774 4596 1826 4648 τί

1947 4599 2063 4652 liam
2091 4599 2207 4666 ipse
2247 4598 2467 4667 quidem
2520 4599 2877 4654 immutabilis
2922 4608 3006 4655 est
3059 4607 3292 4664 naturae,
3332 4603 3503 4658 unde-

220 4668 574 4761 προσλαῦεῖν
601 4671 659 4761 ῆῌ
675 4669 1054 4761 αὑτοαλήθεια,
1087 4677 1120 4748 ἢ
1159 4678 1189 4729 ὁ
1217 4678 1349 4743 Θεὸς
1373 4681 1578 4752 Λόγος;
1607 4684 1731 4750 Πῶς
1759 4686 1826 4740 ἂν

1947 4704 2143 4757 :unque
2196 4688 2512 4758 perfectus,
2569 4705 2672 4743 nec
2713 4690 2879 4745 ullius
2930 4690 3009 4745 rei
3070 4691 3319 4761 indigens
3368 4712 3382 4748 :
3446 4694 3502 4746 lii

226 4755 346 4827 ἔχοι
397 4754 757 4828 βελτιωθῆναι
806 4761 839 4830 ή
900 4760 1032 4834 ζωὴ,
1062 4765 1124 4818 τὸ
1178 4766 1428 4839 ἀληθινὸν
1484 4773 1627 4843 φῶς,;
1662 4776 1725 4829 Ei
1770 4776 1826 4830 δὲ

1947 4796 2079 4837 ιἐΐο,
2101 4792 2223 4832 cum
2275 4781 2561 4834 mutationi
2600 4782 2657 4835 in
2691 4791 2982 4853 utramque
3014 4798 3225 4852 partem
3264 4785 3377 4839 sint
3404 4788 3500 4843 ob-

221 4851 420 4913 τοῦτο,
450 4847 607 4919 πόσῳ
639 4848 799 4903 πλέον
831 4852 1094 4922 ἀφύσικον
1134 4860 1410 4930 τυγχάνει,
1450 4865 1662 4936 μωρίας
1694 4868 1823 4919 ποτὲ

1947 4870 2101 4936 toxii,
2132 4886 2270 4941 opus
2307 4871 2507 4927 habent
2538 4874 2688 4930 illius
2718 4875 2939 4930 auxilio.
2978 4874 3151 4941 Quem
3198 4877 3342 4931 enim
3375 4894 3497 4948 pro-

220 4939 498 5013 δεκτικὴν
530 4941 782 5011 γενέσθαι
811 4944 910 5017 τὴν
940 4949 1152 5018 σοφίαν,
1184 4952 1217 5023 ἦ
1249 4955 1346 5025 τὴν
1369 4955 1464 5009 τοῦ
1493 4957 1628 5011 Θεοῦ
1663 4959 1821 5013 δύνα-

1947 4962 2134 5017 :‘ectum
2165 4962 2344 5019 facere
2372 4972 2553 5035 potest
2581 4964 2674 5020 Dei
2704 4967 3010 5034 sapientia?
3034 4966 3188 5033 Quod
3239 4984 3497 5039 augmen-

226 5051 333 5126 μιν
354 5034 617 5110 ἀσθενείᾳ
636 5040 1067 5113 προσπλακῆναι,
1089 5045 1122 5117 ἢ
1147 5045 1339 5119 ἀλογίᾳ
1359 5049 1451 5101 τὸν
1472 5049 1628 5119 λόγον
1655 5053 1825 5123 ἀμαυ-

1947 5070 2044 5108 .um
2079 5056 2328 5126 accipere
2358 5063 2541 5126 potest
2576 5057 2696 5126 ipsa
2731 5058 2934 5112 veritas
2964 5067 3019 5113 et
3048 5058 3193 5113 Deus
3226 5059 3497 5115 Verbum?

228 5125 504 5220 ρωὸῆναι,
540 5126 571 5201 ῆ
612 5129 691 5201 τῷ
729 5130 964 5204 ἀληθινῷ
1009 5136 1147 5203 φωτὶ
1200 5139 1552 5212 ὲπιμιχθῆναι
1598 5143 1819 5209 σκότος;

1947 5148 2047 5215 Qua
2086 5149 2297 5205 ratione
2328 5150 2521 5204 melior
2576 5150 2690 5205 ﬁeri
2739 5151 2914 5220 possit
2953 5152 3062 5207 vita
3113 5161 3167 5207 et
3207 5153 3298 5207 lux
3332 5154 3501 5211 vera?

220 5218 327 5272 τοῦ
367 5219 471 5289 μὲν
508 5223 832 5280 ’Δποστόλου
861 5228 1087 5284 αὐτόθεν
1109 5231 1355 5301 λέγοντος
1373 5253 1386 5266 ·
1424 5237 1520 5302 Τίς
1543 5242 1821 5294 κοινωνία

1947 5240 2084 5307 Quod
2120 5241 2166 5294 si
2198 5242 2268 5294 ita
2303 5256 2363 5296 se
2402 5240 2584 5306 habet,
2627 5218 2829 5312 quanto
2879 5242 3172 5298 absurdius
3196 5250 3299 5310 est,
3333 5252 3391 5297 ut
3410 5260 3497 5300 sa-

247 1637 357 1691 τοῦ
402 1638 508 1692 καὶ
551 1642 852 1727 εῑςηαύτὸν
896 1644 1182 1701 ἔκτισται·
1218 1650 1315 1703 καὶ
1351 1654 1532 1719 αὐτός
1570 1655 1699 1710 ἐστι
1730 1660 1840 1726 πρὸ

248 1742 523 1785 παντων.

320 1905 442 1962 νιι.
488 1908 883 1984 ’Δσεὸεστάτης
914 1909 1006 1968 οὖν
1034 1918 1293 1991 φανείσης
1330 1922 1427 1992 τῆς
1449 1921 1507 1989 ἐξ
1550 1924 1650 1978 οὑκ
1674 1926 1841 1980 ὄντων

622 2000 832 2076 ἀνάγκη
872 2004 964 2059 τὸν
1010 2008 1229 2080 Πατέρα
1267 2011 1353 2064 ἀεὶ
1394 2009 1534 2067 εἶναι
1585 2017 1838 2090 Πατέρα·

241 2086 360 2180 ἐστι
392 2089 454 2142 δὲ
480 2090 674 2163 Πατὴρ
706 2093 793 2146 ἀεὶ
825 2096 1088 2168 παρόντος
1114 2098 1209 2152 τοῦ
1242 2100 1400 2166 Υἰοῦ,
1431 2090 1588 2158 δι”ὃν
1627 2086 1842 2180 χρημα-

239 2178 387 2244 τίζει
426 2183 622 2256 Πατήρ
649 2184 785 2258 (21).
829 2188 939 2242 Ἀεὶ
977 2190 1033 2244 δὲ
1085 2194 1350 2265 παρόντος
1388 2196 1535 2267 αὑτῷ
1566 2178 1839 2266 τοῦήῩίοῦ,

241 2273 327 2326 ἀεί
370 2275 578 2329 ἐστινό
632 2276 822 2349 Πατὴρ
862 2280 1087 2347 τέλειος,
1124 2284 1413 2359 ἀνελλιπὴς
1452 2293 1733 2361 τυγχάνων
1781 2298 1840 2348 ὲν

238 2361 317 2432 τῷ
353 2363 515 2434 καλῷ
534 2382 548 2394 ·
584 2365 647 2419 οὑ
678 2368 963 2439 χρονικῶς,
991 2373 1110 2426 οὐδὲ
1138 2376 1203 2429 ὲκ
1230 2376 1611 2450 διαστήματος,
1634 2384 1753 2439 οὑδὲ
1780 2385 1840 2450 ἐξ

239 2454 340 2508 οὐκ
384 2455 564 2510 ὄντων
608 2460 875 2530 γεννήσας
922 2463 1014 2516 τὸν
1065 2469 1325 2540 μονογενῆ
1361 2471 1506 2526 Υίόν.
1539 2474 1603 2526 Τί
1649 2475 1704 2529 δὲ
1740 2478 1838 2531 οὑκ

239 2546 462 2600 ἀνόσιον
507 2547 574 2600 τὸ
615 2548 827 2618 λέγειν,
877 2554 1010 2605 ποτὲ
1057 2555 1130 2627 μὴ
1175 2553 1314 2613 εἶναι
1360 2561 1458 2633 τὴν
1513 2565 1712 2634 Σοφίαν
1744 2569 1836 2621 τοῦ

239 2638 399 2729 Θεοῦ,
433 2639 539 2711 τὴν
584 2640 866 2711 λέγουσαν·
915 2647 1063 2717 Ἐγὼ
1103 2647 1264 2717 ἤμην
1295 2656 1431 2721 παρ’
1467 2657 1627 2724 αὐτῷ
1662 2660 1838 2729 ἁρμό-

343 5381 396 5411 ²¹
428 5378 597 5435 Eccli.
636 5398 797 5449 xxrv,
828 5383 882 5438 5.
963 5387 1008 5419 ¹³
1040 5386 1247 5444 Coloss.
1291 5406 1331 5456 ι,
1366 5392 1451 5459 15;
1475 5389 1635 5449 Hebr.
1656 5398 1764 5460 1,2.
1808 5396 1844 5428 ¹²

1947 5396 2092 5455 νιοδε.
2123 5414 2162 5464 ι,
2197 5396 2285 5462 16,
2324 5398 2411 5451 17.
2493 5398 2534 5429 ¹³
2574 5397 2730 5451 Prov.
2764 5414 2882 5463 vui,
2909 5399 2997 5454 50.

298 5511 428 5593 (ᾷο)
473 5513 859 5584 Ἀδιιινὸητον
900 5523 1030 5592 γάρ.
1079 5520 1136 5576 In
1172 5525 1360 5581 codice
1395 5528 1592 5583 Leonis
1631 5530 1814 5585 Allatii

298 5591 507 5655 rtptum
540 5594 627 5641 est
654 5588 898 5655 ἀνόητον,
927 5595 1071 5655 quod
1110 5598 1283 5655 magis
1308 5600 1498 5655 probo.
1536 5601 1709 5655 Atuue
1738 5605 1813 5655 ita

1994 5532 2105 5655 (212
2139 5534 2201 5585 Δι
2252 5532 2283 5585 ὃ
2313 5534 2648 5601 χρηματίζει
2676 5536 2896 5603 Πατήρ.
2931 5535 2987 5589 ln
3006 5537 3380 5607 manuscripto
3400 5553 3495 5594 co-

1947 5602 2040 5655 lice
2112 5604 2302 5655 lenrici
2348 5604 2535 5655 Savilii
2574 5608 2770 5655 legitur
2799 5607 2864 5655 δι’
2897 5609 2976 5655 ὃν-
3009 5609 3282 5655 nttnmmln
3329 5610 3493 5655 etiam

221 5588 517 5676 scriptun.
540 5594 627 5676 elst
654 5588 1085 5676 divoqtrov,'quod
1110 5598 1503 5676 magisnprobo.
1536 5601 1709 5669 Atque
1736 5605 1813 5676 ita
1920 5588 2040 5676 dice
2082 5588 2535 5676 lleiirici'Ba'ijilii
2574 5588 2770 5674 legitur
2799 5588 3313 5676 Silii),quomodor
3329 5610 3493 5664 etiam

221 5654 391 5752 légit‘
424 5654 785 5752 Epipl'ianins'
817 5654 1229 5748 scholasticus."
1278 5654 1369 5752 Sic
1418 5671 1562 5724 enim
1612 5654 1809 5730 ictui;
1922 5654 2051 5752 legit.
2080 5654 2841 5752 Epiplianinsﬁcliplajsticus.
2880 5677 2937 5734 In
2962 5654 3187 5752 ἴδῃσι.
3222 5678 3341 5735 Pini
3367 5682 3491 5736 cod.

225 5723 483 5780 Statuunt
508 5723 589 5781 est
618 5732 777 5796 enim,
807 5743 855 5787 et
888 5739 1030 5790 omni
1059 5746 1266 5804 peccato
1291 5723 1522 5810 plenum,
1553 5723 1692 5797 etc."
1797 5723 1809 5730 ⁷
2419 5746 2484 5798 δι’
2519 5743 2598 5803 οὗ.
