3980 6318
556 259 659 316 5:9
1404 278 1411 287 -
1682 228 2109 305 s.ALEXANo

2219 246 2395 307 ALEX
2407 248 2683 305 meum
3034 209 3039 215 δ
3631 264 3710 320 ειυ

556 375 764 446 ντειιιίιι
792 367 1082 442 aliquando
1114 337 1371 445 stultitiae;
1398 380 1565 436 capax
1614 362 1798 424 fuerit.
1847 371 1908 419 ut
1955 364 2110 419 virtu:

2231 362 2375 433 gath
2422 363 2570 432 πρὸς
2617 366 2855 432 σκότος,
2907 366 2947 435 ἢ
3002 367 3092 433 τίς
3133 370 3489 441 συμφώνησις
3530 380 3713 451 Χριστῷ

555 465 647 523 Dei
678 462 980 521 inﬁrmitati
1015 458 1312 529 conjuncta
1343 457 1435 522 sit,
1473 463 1566 511 aut
1600 468 1661 511 ut
1691 456 1831 510 ratio
1860 455 2127 511 obscura-

551 567 607 613 ta
639 557 802 615 fuerit
830 552 1107 617 vecordia,
1137 559 1231 606 aut
1260 549 1499 606 tenebrae
1525 563 1651 603 cum
1687 562 1812 602 vera
1842 547 1963 603 luce
2001 561 2129 617 per-

550 630 767 707 mixtae?
786 662 909 703 cum
929 644 1224 716 Apostolus
1253 643 1458 699 diserte
1478 641 1627 695 dicat
1645 641 1689 672 ¹⁶
1717 659 1729 694 :
1752 639 1882 706 Quae
1904 640 2126 695 societas

550 745 657 800 luci
677 754 795 798 cunt
826 740 1068 799 tenebris,
1096 748 1186 791 aut
1214 753 1330 808 qum
1349 734 1617 789 conventio
1640 731 1849 788 Christo
1881 749 1999 787 cum
2026 731 2127 786 Be-

549 838 687 896 lial?
720 844 773 893 et
807 836 1066 889 Salomon
1091 835 1131 868 ‘7
1160 836 1318 899 neget
1346 828 1463 883 ﬁeri
1494 820 1676 897 posse,
1703 834 1759 880 ut
1794 822 2127 897 cogitatione

550 925 1043 1001 comprehendatur
1096 924 1179 1001 via
1239 918 1442 975 colubri
1502 934 1657 987 super
1703 928 1949 987 petram,
2004 932 2126 987 qua:

548 1020 932 1075 Christus-est
988 1015 1146 1085 juxta
1205 1009 1534 1066 sententiam
1596 1008 1833 1062 Pauli".
1863 1006 2124 1062 Homines

549 1128 677 1167 vero
710 1119 765 1165 et
789 1109 989 1180 angeli,
1020 1106 1111 1177 qui
1144 1115 1271 1161 sunt
1304 1103 1426 1172 ejus
1456 1108 1743 1164 creaturae,
1781 1099 2120 1155 benedictio-

549 1221 671 1259 nem
721 1208 1050 1272 acceperunt
1094 1206 1153 1252 ut
1200 1195 1547 1268 proﬁcerent,
1576 1194 1631 1247 in
1668 1194 1888 1249 virtutis
1939 1195 2122 1248 studio

547 1308 599 1353 et
618 1300 672 1353 in
707 1295 979 1352 mandatis
1008 1294 1144 1365 legis
1175 1307 1296 1347 sese
1321 1296 1666 1349 exercentes,
1695 1303 1763 1341 ne
1788 1287 1844 1341 in
1882 1286 2010 1341 vitia
2039 1285 2122 1340 di-

548 1390 821 1444 labantur.
846 1386 1211 1454 Quamobrem
1247 1381 1510 1437 Dominus
1538 1385 1748 1442 noster,
1774 1392 1899 1432 cum
1922 1385 2119 1432 natura

542 1484 618 1537 sit
650 1481 822 1535 Filius
854 1477 1139 1542 Patris,ab
1168 1475 1424 1531 omnibus
1454 1474 1734 1529 adoralur.
1770 1469 1836 1524 Hi
1866 1485 1997 1526 vero
2024 1470 2120 1525 de-

2235 455 2383 522 πρὸς
2430 457 2681 525 Βελίαρ;
2719 456 2815 510 τοῦ
2840 457 2899 512 δὲ
2945 458 3292 531 Σολομῶντος,
3312 464 3387 518 ὅτι
3429 467 3647 525 ἀδύνατον
3667 476 3718 528 ἂν

2233 546 2318 619 εἴη
2366 547 2466 601 κᾶν
2524 548 2686 620 μέχρι
2730 550 2865 621 πρὸς
2915 552 3122 616 ἐννοίας
3154 552 3255 626 (22)
3291 558 3543 632 εὑρεθῆναι
3581 565 3718 633 ὀδοὺς

2236 637 2425 707 ὄφεως
2443 639 2544 693 ἐπὶ
2570 641 2812 710 πέτρας,
2842 643 2964 714 ἥτις
2992 644 3133 699 κατὰ
3164 646 3362 703 Παῦλόν
3392 651 3524 706 ἐστιν
3559 657 3586 708 ὁ
3616 658 3721 728 Χριο

2238 732 2380 797 στός.
2408 734 2470 787 Oi
2495 733 2551 787 δὲ
2569 733 2846 805 κτίσματα
2862 735 3025 790 αὐτοῦ
3051 738 3407 809 τυγχάνοντες,
3427 742 3659 816 ἄνθρωποί
3677 766 3721 802 τε

2234 825 2328 879 καὶ
2346 825 2588 895 ἄγγελοι,
2617 828 2711 881 καὶ
2740 827 2990 897 εὐλογίας
3025 830 3269 902 εἰλήφασι
3298 835 3608 904 προκόπτειν,
3630 840 3728 911 ἀρε-

2232 920 2349 982 ταῖς
2393 918 2718 991 ἀσκούμενοι
2756 922 2852 975 καί⁹
2890 922 3142 994 νομίμοις
3177 924 3400 989 ἐντολαῖς
3421 926 3522 998 (25)
3551 930 3661 1001 πρὸς
3680 932 3726 984 τὸ

2233 1008 2307 1080 μὴ
2332 1011 2684 1083 ἁμαρτάνειν.
2716 1013 2807 1065 Διὸ
2832 1012 2895 1084 δὴ
2924 1015 2953 1067 ὁ
2979 1012 3182 1085 Κύριος
3208 1015 3356 1086 ἡμῶν
3381 1016 3524 1086 φύσει
3546 1018 3627 1072 τοῦ
3649 1021 3729 1075 Πα-

2228 1100 2356 1172 τρὸς
2394 1100 2523 1165 Υἱὸς
2564 1103 2869 1173 τυγχάνων,
2897 1102 3003 1157 ὑπὸ
3037 1104 3250 1159 πάντων
3283 1108 3640 1176 προσκυνεῖται.
3681 1111 3727 1161 Ol

2228 1192 2307 1256 δὲ,
2329 1193 2653 1265 ἀποθέμενοι
2687 1194 2746 1247 τὸ
2777 1194 2994 1265 πνεῦμα
3031 1196 3131 1267 τῆς
3154 1195 3404 1260 δουλείας,
3426 1196 3480 1263 ἐξ
3515 1198 3730 1269 ἀνδραγα-

2229 1284 2486 1356 θημάτων
2516 1288 2609 1341 καὶ
2662 1288 2947 1360 προκοπῆς
2987 1289 3049 1341 τὸ
3097 1289 3197 1359 τῆς
3240 1288 3493 1353 υἱοθεσίας
3530 1289 3731 1353 λαὸόντες

2231 1377 2466 1449 πνεῦμα,
2495 1380 2585 1433 διὰ
2610 1380 2705 1434 τοῦ
2736 1380 2892 1448 φύσει
2933 1381 3063 1435 Υίοῦ
3094 1382 3533 1454 εὐεργετούμενοι,
3568 1383 3735 1452 γίγνον-

2226 1490 2316 1527 ται
2346 1476 2497 1530 αὐτοὶ
2524 1477 2671 1532 θέσει
2705 1478 2829 1532 υίοί.

551 1574 728 1645 posito
761 1571 957 1643 spiritu
1013 1569 1317 1631 servitutis,
1358 1566 1449 1621 ubi
1490 1581 1553 1620 ex
1598 1563 1830 1618 fortibus
1865 1560 2044 1627 factis,
2074 1569 2129 1616 et
2157 1579 2222 1617 ex
2256 1567 2520 1623 continuo
2550 1586 2849 1642 progressu
2900 1571 3155 1642 spiritum
3215 1570 3509 1641 adoptionis
3556 1584 3735 1641 accepe

543 1670 680 1732 rint,
715 1665 979 1723 beneﬁcio
1002 1665 1121 1734 ejus
1159 1660 1252 1733 qui
1279 1668 1474 1715 natura
1507 1666 1591 1713 est
1620 1656 1811 1721 Filius,
1842 1654 1936 1709 ﬁlii
1965 1654 2097 1709 ﬁunt
2130 1655 2386 1726 adoptivi.

617 1762 753 1820 Vlll.
784 1762 864 1818 Ac
895 1774 1211 1833 germanam
1240 1756 1462 1828 quidem
1499 1762 1554 1809 et
1590 1754 1871 1824 propriam
1925 1766 1989 1805 ac
2019 1765 2110 1805 na-

2292 1755 2425 1811 VIII.
2452 1759 2562 1831 Τὴν
2606 1759 2705 1831 μὲν
2747 1755 2840 1813 οὖν
2870 1760 3099 1831 γνησίαν
3144 1759 3308 1813 αὑτοῦ
3348 1759 3439 1812 καὶ
3471 1758 3737 1828 ἰδιότροπον,

545 1858 800 1919 turalem,
824 1854 1189 1921 eximiamque
1218 1850 1338 1921 ejus
1368 1849 1679 1903 liliationem
1702 1845 1908 1900 Paulus
1938 1844 2120 1901 decia-

546 1950 708 2009 ravit.
742 1949 816 2001 ita
847 1947 1035 2002 dicens
1068 1944 1135 2000 de
1167 1942 1278 1998 Deo
1314 1943 1356 1976 ¹⁹
1394 1961 1406 1996 :
1446 1941 1551 2009 Qui
1598 1940 1810 2011 proprio
1846 1936 1989 1992 Filio
2020 1956 2122 1992 non

542 2043 790 2114 pepercit,
849 2037 940 2095 sed
994 2053 1089 2107 pro
1139 2037 1309 2099 nobis,
1354 2050 1462 2090 non
1512 2031 1859 2088 naturalibus
1911 2030 2121 2086 scilicet

545 2136 693 2202 ﬁliis,
725 2133 879 2188 illum
908 2129 1148 2185 tradidit.
1183 2127 1316 2181 Nam
1351 2136 1407 2181 ut
1448 2125 1598 2180 illum
1648 2123 2010 2193 distingueret
2052 2122 2121 2176 ab

544 2229 611 2283 iis
641 2226 735 2298 qui
764 2241 871 2280 non
906 2231 1035 2280 sunt
1066 2221 1284 2292 proprie
1320 2219 1432 2283 lilii,
1451 2219 1723 2287 proprium
1759 2214 1960 2270 Filium
1994 2231 2119 2270 esse

543 2335 666 2373 cum
710 2317 870 2372 dixit.
919 2315 976 2370 In
1026 2312 1321 2383 Evangelio
1366 2326 1495 2365 vero
1543 2310 1806 2381 legitur’o
1846 2328 1859 2363 :
1910 2307 2012 2362 Hic
2043 2320 2119 2364 est

547 2409 723 2462 Filius
750 2423 893 2461 meus
925 2405 1171 2466 dilectus,
1216 2404 1271 2455 in
1312 2418 1413 2473 quo
1454 2401 1584 2454 mihi
1611 2400 1931 2469 complacui.
1975 2398 2119 2455 Prat-

546 2510 693 2556 terea
723 2500 776 2553 in
803 2498 1036 2554 Psalmis
1071 2494 1331 2550 Servator
1361 2493 1438 2546 ait
1456 2492 1499 2524 ¹¹
1540 2511 1553 2545 :
1589 2491 1846 2546 Dominus
1890 2491 2025 2546 dixit
2050 2474 2141 2544 add

542 2604 659 2644 me:
693 2587 867 2643 Filius
897 2603 1041 2641 mens
1075 2602 1130 2640 es
1162 2594 1237 2638 tu.
1268 2582 1373 2638 Ubi
1397 2598 1456 2637 se
1478 2595 1799 2653 germanum
1834 2596 1899 2637 ac
1928 2584 2119 2653 genui-

542 2694 674 2735 num
720 2694 844 2735 esse
893 2676 1296 2737 demonstrans,
1330 2672 1468 2727 alios
1509 2679 1707 2742 praeter
1748 2687 1807 2728 se
1853 2672 2117 2743 genuinos

543 2788 655 2827 non
684 2786 807 2827 esse
838 2768 1131 2841 signiﬁcat.
1165 2766 1284 2821 Jam
1315 2781 1444 2821 vero
1473 2763 1734 2836 quidnam
1759 2762 1893 2817 illud
1927 2770 2012 2817 est
2032 2764 2076 2795 ¹¹
2101 2781 2113 2816 :

544 2863 630 2918 Ea:
665 2873 815 2918 utero
848 2872 969 2918 ante
996 2860 1298 2931 Luciferum
1342 2859 1497 2930 genui
1531 2860 1620 2914 te!
1658 2856 1744 2911 An
1788 2873 1899 2913 non
1934 2869 2117 2929 aperte

543 2955 745 3012 indicat
774 2954 1080 3009 naturalem
1117 2951 1330 3023 paterni
1358 2963 1550 3022 partus
1587 2948 1925 3014 ﬁliationem,
1952 2966 2113 3021 quam

535 3063 652 3102 non
679 3050 934 3101 accurata
966 3058 1181 3099 morum
1209 3042 1591 3109 castigatione,
1625 3055 1735 3095 non
1765 3042 2115 3097 exercitatio-

538 3155 613 3196 ne
650 3138 915 3193 virtutum
970 3150 1035 3190 ac
1076 3134 1343 3206 profectu,
1378 3132 1471 3188 sed
1526 3142 1735 3188 naturae
1784 3134 2114 3204 proprietate

542 3233 769 3288 sortitus
801 3229 923 3286 est?
955 3226 1323 3294 Quamobrem
1359 3223 1675 3296 unigenitus
1699 3223 1921 3295 quidem
1942 3224 2115 3281 Filius

539 3323 716 3381 Patris
748 3322 959 3377 ﬁrmam
997 3334 1062 3375 ac
1092 3318 1341 3374 stabilem
1366 3317 1607 3388 possidet
1639 3316 1954 3373 ﬁliationem
1981 3336 1994 3371 :
2027 3332 2113 3371 ra-

540 3416 824 3473 tionalium
843 3426 974 3468 vero
998 3409 1232 3466 ﬁliorum
1269 3409 1616 3481 adoptionem
1650 3424 1761 3464 non
1784 3416 1978 3464 natura
2005 3409 2112 3466 illis

539 3514 870 3576 competere,
907 3503 1004 3560 sed
1049 3517 1264 3557 morum
1316 3501 1586 3572 probitate
1624 3508 1681 3554 et
1717 3499 1814 3555 Dei
1848 3499 2111 3556 beneﬁcio

540 3597 756 3665 parari,
820 3593 1251 3661 mutabilemque
1305 3605 1449 3653 esse,
1506 3590 1755 3659 agnoscit
1805 3587 2107 3660 Scriptura.

548 3684 790 3740 Videntes
828 3684 967 3737 enim
1017 3683 1120 3752 ﬁlii
1157 3680 1254 3735 Dei
1291 3680 1433 3750 ﬁlias
1472 3679 1770 3745 hominum,
1801 3690 2108 3748 acceperunt

535 3773 640 3829 sibi
665 3789 855 3826 uxores
883 3772 952 3837 ’³,
984 3779 1039 3827 et
1072 3786 1192 3842 qua)
1211 3778 1536 3839 sequuntur.
1568 3767 1634 3822 Et
1670 3769 1799 3824 alibi
1829 3770 1907 3824 ’δε
1932 3768 2105 3825 Filios

534 3867 690 3938 genui
722 3875 771 3921 et
810 3864 1065 3931 exaltari,
1096 3863 1197 3933 ipsi
1229 3870 1404 3916 autem
1455 3871 1755 3930 spreverunt
1782 3878 1903 3926 me;
1933 3859 2103 3917 Deum

533 3975 630 4030 per
662 3957 857 4014 Isaiam
881 3957 1199 4028 prophetam
1232 3953 1438 4010 dixisse
1461 3954 1793 4024 accepimus.

602 4050 695 4106 IX.
719 4050 881 4106 Plura
906 4064 1029 4103 cum
1059 4046 1262 4120 possim
1299 4047 1502 4109 dicere,
1542 4045 1739 4101 fratres
1762 4046 2094 4113 charissimi,

603 4213 646 4243 ¹⁶
679 4209 741 4264 ΙΙ
766 4210 889 4264 Cor.
924 4227 1000 4273 vt,
1028 4209 1112 4271 id,
1148 4207 1232 4261 I5.

2224 1849 2317 1904 καὶ
2348 1849 2604 1923 φυσικὴν,
2634 1852 2729 1905 καὶ
2758 1851 3138 1923 κατεξαίρετον
3179 1853 3400 1923 υίὸτητα
3421 1852 3447 1904 ὁ
3471 1849 3653 1913 Παῦλος
3672 1848 3740 1901 οῦ-

2221 1959 2329 2006 τως
2362 1943 2697 2015 ἀπεφήνατο,
2732 1948 2860 2019 περὶ
2885 1946 3022 2000 Θεοῦ
3054 1944 3224 1999 είπών
3243 1962 3256 1975 ·
3295 1945 3401 2010 Ὃς
3424 1961 3487 2013 γε
3510 1941 3607 1996 τοῦ
3625 1942 3740 1995 ἰδίου

2231 2034 2365 2089 ΥΙοῦ
2404 2038 2520 2102 οὐκ
2551 2037 2853 2106 ἐφείσατο,
2875 2039 3014 2092 ἀλλ’
3042 2035 3197 2105 ὑπὲρ
3216 2035 3404 2105 ἡμῶν,
3433 2033 3646 2106 δηλονὰιι
3660 2031 3742 2085 τῶν

2225 2130 2298 2202 μὴ
2317 2130 2475 2198 φύσει
2506 2130 2659 2195 υἱῶν,
2679 2131 3021 2199 παρέδωκεν
3033 2132 3241 2186 αὐτόν.
3276 2132 3418 2205 Πρὸς
3439 2128 3538 2202 γὰρ
3556 2126 3743 2181 ἀντιδια-

2223 2215 2411 2287 στολὴν
2439 2216 2549 2270 τῶν
2570 2217 2670 2271 οὐκ
2693 2217 2858 2281 ἰδίων,
2886 2219 3045 2273 αὑτὸν
3069 2218 3228 2273 τδιον
3260 2221 3396 2273 Υἱὸν
3417 2218 3598 2288 ἔφησεν
3623 2211 3745 2268 εἶναι.

2235 2308 2319 2361 Ἐν
2346 2309 2402 2363 δὲ
2432 2308 2510 2380 τῷ
2554 2311 2900 2382 Εὑαγγελίῳ·
2933 2308 3123 2376 Οὗτός
3160 2312 3338 2364 ἐστιν
3364 2313 3398 2364 ὀ
3448 2310 3571 2375 Υἱός
3595 2291 3691 2376 μου
3722 2308 3745 2357 ὁ

2218 2400 2547 2471 ἀγαπητὸς,
2593 2403 2664 2457 ἐν
2690 2397 2739 2470 ᾧ
2767 2404 3091 2472 εὐδόκησα.
3136 2405 3227 2457 Ἐν
3271 2402 3518 2472 Ψαλμοῖς
3543 2402 3569 2453 ὁ
3599 2399 3748 2469 Σωτήρ

2220 2512 2381 2566 φησιν
2397 2513 2410 2525 ·
2441 2498 2658 2566 Κύριος
2678 2494 2809 2550 εἶπε
2834 2496 2983 2565 πρὸς
3004 2496 3102 2567 μὲ,
3147 2499 3285 2562 Υἱός
3308 2513 3424 2566 μου
3452 2491 3506 2548 εἷ
3527 2494 3623 2548 σύ·
3646 2507 3748 2561 γνη-

2219 2588 2442 2660 σιότητα
2495 2590 2825 2659 ἐμφανίζων,
2864 2589 3116 2660 σημαίνει
3155 2590 3232 2662 μὴ
3281 2584 3421 2643 εἶναι
3468 2585 3617 2640 αὐτοῦ
3648 2599 3752 2653 γνη-

2220 2679 2365 2744 σίους
2390 2682 2540 2744 υίοὺς
2568 2681 2758 2745 ἄλλους
2797 2681 2948 2746 τινὰς
2992 2684 3125 2753 παρ’
3165 2672 3354 2736 αῦτόν.
3385 2681 3450 2733 Τί
3492 2679 3544 2732 δὲ
3578 2678 3659 2731 καὶ
3688 2672 3752 2736 τδν

2230 2770 2330 2823 Ἐκ
2359 2770 2620 2840 γαστρὸς
2649 2772 2763 2839 πρὸ
2800 2773 3149 2842 Ἑωσφόρου
3190 2770 3496 2843 ἐγέννησά
3536 2784 3633 2831 σεξ
3652 2765 3757 2835 οὐχὶ

2217 2863 2474 2935 ἄντικρυς
2501 2865 2598 2937 τῆς
2627 2865 2902 2938 πατρικῆς
2942 2866 3253 2937 μαιεύσεως
3283 2866 3516 2938 φυσικὴν
3536 2863 3757 2917 ἐνδείκνυ-

2217 2974 2305 3010 ται
2357 2958 2611 3028 υἱότητα,
2672 2959 2732 3012 οὐ
2782 2959 2996 3031 τρόπων
3049 2958 3348 3031 ἐπιμελείᾳ
3394 2958 3485 3011 καὶ
3525 2949 3761 3028 προκοπῆς

2218 3052 2470 3121 ἀσκήσει,
2521 3050 2654 3104 ἀλλὰ
2702 3050 2918 3119 φύσεως
2965 3049 3225 3122 ἰδιώματι
3267 3050 3474 3121 ταύτην
3516 3046 3758 3117 λαχόντοςς

2222 3137 2382 3191 Ὅθεν
2410 3139 2504 3192 καὶ
2529 3140 2918 3210 ἀμετάπτωτον
2936 3141 3048 3211 ἕχει
3072 3142 3177 3212 τὴν
3206 3142 3438 3213 υίότητα
3464 3142 3492 3193 δ
3517 3133 3763 3210 μονογενὴς

2221 3227 2349 3291 ru;
2375 3228 2468 3281 τοῦ
2508 3230 2752 3300 Πατρόςο
2786 3230 2884 3303 τὴν
2914 3232 2970 3285 δὲ
3007 3231 3118 3284 τῶν
3152 3231 3396 3300 λογικῶν
3428 3229 3693 3289 υἱοθεσίαν,
3715 3222 3763 3276 οὐ

2219 3320 2358 3374 κατὰ
2388 3320 2547 3390 φύσιν
2581 3323 2934 3395 ὑπάρχουσαν
2962 3324 3169 3388 αὐτοῖς,
3208 3323 3350 3377 ἀλλὰ
3375 3321 3589 3393 τρόπων
3612 3320 3766 3385 ἐπιτηο

2216 3411 2448 3484 δειότητι
2472 3414 2565 3466 καὶ
2592 3413 2768 3485 δωρεᾷ
2794 3412 2951 3478 Θεοῦ,
2987 3416 3078 3469 καὶ
3107 3413 3482 3485 μεταπτώτην
3510 3408 3638 3465 οἶδεν
3662 3403 3767 3459 ὀλὸο

2216 3518 2330 3569 γος.
2379 3501 2632 3569 Ἰδόντες
2662 3503 2772 3573 γὰρ
2800 3506 2855 3557 οὶ
2883 3504 2999 3557 υἱοί
3030 3504 3139 3558 τοῦ
3170 3505 3329 3559 Θεοῦ
3352 3504 3462 3570 τὰς
3484 3498 3769 3572 θυγῖῑτέρητ

2214 3594 2332 3648 τῶν
2360 3595 2703 3663 ἀνθρώπων,
2729 3596 2947 3651 ἔλαϐον
2983 3597 3229 3664 ἑαυτοῖς
3262 3597 3574 3667 γυναῖκας,
3612 3593 3693 3646 καὶ
3716 3590 3769 3640 τὰ

2212 3685 2357 3757 ἑξῆς·
2389 3687 2500 3752 καὶ,
2534 3687 2706 3753 Υἱοὺς
2742 3686 3043 3758 ἐγέννησα
3083 3689 3187 3743 καὶ
3223 3690 3495 3759 ὕψωσα·
3534 3684 3689 3742 αὐτοὶ
3719 3678 3772 3734 δέ

2206 3795 2284 3845 με
2304 3776 2628 3847 ἠθέτησαν,
2663 3779 2749 3833 διὰ
2784 3779 3007 3834 Ἦσαῖου
3034 3783 3332 3853 εἰρηκέναι
3362 3783 3455 3836 τὸν
3486 3781 3612 3834 Θεὸν
3633 3773 3773 3831 ἐδιδά-

2211 3870 2438 3943 χθημεν-

2279 4045 2366 4099 IX.
2409 4046 2583 4099 Πολλὰ
2624 4046 2799 4115 λέγειν
2843 4044 3000 4117 ἔχων,
3056 4046 3370 4118 ἀγαπητοὶ,
3435 4045 3776 4118 παρέρχομαι,

1311 4208 1352 4238 ¹⁷
1386 4205 1538 4275 Prov.
1570 4222 1696 4270 xxx,
1728 4206 1814 4261 I9.
1885 4206 1927 4236 "‘
1960 4206 1990 4260 Ι
2022 4206 2110 4261 Co:

2215 4210 2290 4272 ,4.
2374 4210 2414 4241 ¹⁹
2449 4208 2595 4265 Rom.
2634 4225 2760 4275 vm,
2789 4207 2877 4263 52.
2956 4209 3000 4241 ²⁰
3029 4207 3233 4265 .llault.
3275 4226 3375 4272 ιιι.
3417 4210 3507 4263 I7.
3584 4200 3774 4257 "Ptol.

530 4296 605 4347 ιι,
637 4282 686 4335 7.
755 4283 800 4313 "
833 4280 983 4335 Psal.
1009 4294 1130 4343 cux,
1163 4279 1215 4332 3.
1291 4278 1337 4308 ’³
1373 4274 1499 4330 Gen.
1530 4293 1616 4341 ιιι,
1647 4276 1703 4332 2.
1780 4276 1825 4307 ²¹⁴
1864 4275 1975 4331 Isa.
2009 4294 2062 4341 ι,
2109 4279 2165 4334 2.

599 4402 709 4473 (22)
732 4400 927 4473 Μέχρι
945 4398 1095 4473 προς
1132 4396 1387 4473 ἐννοίας.
1418 4394 1475 4450 In
1507 4395 1699 4473 codice
1739 4395 1924 4473 Allatii
1953 4396 2101 4473 degi-

2214 4404 2383 4473 tamen
2429 4398 2851 4473 minimeeapax
2878 4394 3335 4473 videtur_e_orum
3388 4390 3781 4473 natura._'l'otos

529 4465 620 4544 tui}
677 4465 875 4544 μέχρίξ
916 4465 1158 4534 ἐννοίας,
1215 4467 1420 4523 omissa
1472 4468 1647 4544 altera
1691 4465 2097 4544 prmpositione.

529 4482 620 4541 tur
677 4482 868 4544 μέχρις
916 4482 1158 4534 εννοιας,
1215 4482 1420 4523 omissa
1472 4482 1643 4522 altera
1691 4482 2097 4591 prmposnuone.

528 4541 825 4612 Utramque
849 4548 1032 4612 tamen
1062 4554 1250 4612 vocem
1280 4538 1527 4612 agnoscit
1548 4536 1689 4612 lijip
1734 4540 1890 4612 anius
1921 4536 2098 4612 Schof

459 4650 466 4658 .
526 4606 772 4676 lasﬁcné,
804 4611 895 4680 qui
931 4611 1011 4665 sic
1033 4610 1194 4665 vertit
1226 4626 1240 4662 :
1275 4606 1608 4680 Intpossibile
1634 4606 1712 4662 est
1741 4608 1819 4662 vel
1844 4623 2005 4678 usque
2028 4608 2096 4661 ad

525 4679 1070 4752 opinionem'invenire
1090 4682 1201 4734 vias
1223 4679 1508 4752 serpentis.

742 4751 863 4832 Kal.
896 4751 1165 4836 γομίμοις
1208 4745 1502 4836 temnere
1551 4748 1611 4803 In
1652 4746 1851 4836 codice
1897 4745 2096 4836 Ifonis

522 4818 705 4877 Allatii
756 4818 1153 4891 scriptu’nrrest
1198 4821 1291 4872 nat
1337 4818 1597 4891 νομίμους
1649 4818 1886 4891 ὲντολάςί
1922 4818 2095 4891 Quam

522 4894 851 4964 scripturam
874 4885 943 4945 "in
994 4890 1247 4964 editione
1280 4905 1381 4943 sua
1403 4885 1712 4964 amplexus
1743 4885 2094 4964 estAJacobus

523 4956 885 5023 Sirmundns.
936 4968 991 5015 et
1045 4963 1189 5013 hunc
1236 4960 1415 5014 locum
1468 4956 1543 5012 ita
1580 4960 1741 5013 vertit
1773 4978 1784 5012 :
1819 4956 1926 5021 Qui
1992 4975 2093 5011 au-

521 5043 623 5088 tem
665 5035 779 5102 ejus
827 5042 947 5085 sunt
982 5040 1260 5093 creatura,
1319 5031 1553 5102 homines
1597 5039 1645 5084 et
1681 5030 1870 5102 angeli,
1916 5038 1967 5082 et
2008 5030 2093 5082 be-

518 5100 862 5159 nedictionem
891 5112 1218 5168 acceperunt,
1248 5108 1304 5153 ut
1338 5101 1645 5168 proﬁcerent
1677 5100 1916 5153 virtutem
1942 5114 2093 5152 exer-

518 5183 710 5238 centes,
768 5183 817 5226 et
863 5172 1237 5227 mandatorum
1291 5170 1423 5241 leges
1482 5187 1544 5223 ne
1589 5180 1877 5240 peccarent.
1915 5168 2091 5241 Atque

519 5246 662 5299 banc
708 5244 1015 5307 lectionem,
1049 5260 1109 5299 re
1142 5239 1403 5296 attentius
1452 5239 1781 5303 examinata,
1824 5239 2089 5293 veriorem

556 5322 669 5370 uto.
693 5313 783 5368 Ait
809 5315 953 5369 enim
979 5314 1302 5374 Alexander,
1334 5310 1500 5366 Deum
1526 5312 1662 5365 duas
1686 5326 1774 5365 res
1801 5309 2091 5364 tradidisse

556 5384 832 5440 ominibus
864 5391 918 5439 et
932 5384 1194 5455 _angelis,
1227 5392 1286 5436 ut
1322 5383 1376 5436 in
1414 5383 1622 5455 virtute
1656 5396 1981 5455 progressus
2008 5380 2087 5433 fa-

514 5471 638 5511 cere
659 5464 902 5527 possent.
930 5453 997 5527 Et
1039 5452 1294 5527 inlaudata
1332 5453 1550 5527 quidem
1583 5454 1715 5523 legis
1744 5452 1815 5527 ad
1837 5452 1937 5527 bac
1963 5465 2092 5520 pro-

515 5522 757 5591 sunt,'ne
784 5526 1014 5580 crimina
1046 5524 1332 5578 admittant
1352 5522 1475 5592 quae
1499 5524 1613 5593 lege
1643 5522 1914 5593 prohibita
1937 5527 2085 5576 sunt.

513 5596 828 5651 Benedictio
849 5609 978 5649 vero
1005 5594 1072 5648 ad
1100 5594 1204 5649 hoc
1228 5594 1468 5662 prodest,
1505 5592 1565 5646 ut
1594 5594 1649 5646 in
1681 5592 1897 5646 virtutis
1929 5607 2089 5646 excr-

513 5665 773 5720 citatione
805 5663 1047 5733 quotidie
1075 5664 1380 5732 proliciant.
1420 5663 1525 5717 Sed
1567 5664 1808 5717 occurrit
1836 5662 1937 5714 hoc
1969 5664 2081 5733 loch

512 5732 1072 5804 diﬁicultasﬁAngelis
1105 5734 1247 5788 enim
1292 5733 1593 5803 profectum
1621 5734 1888 5796 attribuit,
1927 5732 2082 5797 cujus

2203 4468 2344 4524 enim
2375 4485 2495 4524 sese
2528 4463 2801 4539 applicant
2840 4467 3014 4539 angeli
3047 4466 3114 4520 ad
3161 4466 3417 4539 idhquod
3474 4463 3643 4539 semel
3688 4476 3785 4539 am:

2200 4539 2341 4608 plexi
2367 4547 2523 4605 sunt;
2554 4527 2656 4592 nec
2691 4527 2950 4606 paulatim
2996 4527 3451 4608 progrediuntur
3484 4537 3551 4608 ad
3581 4527 3783 4608 idquod

2197 4602 2435 4680 eligunt;
2484 4602 2594 4680 sed
2622 4602 2799 4677 primo
2832 4602 3131 4680 impetuad
3185 4621 3489 4680 summurn
3528 4602 3787 4674 fastigium

2198 4677 2543 4749 perveniunt,
2583 4678 2659 4732 ita
2689 4686 2759 4749 ut
2776 4693 2878 4732 nec
2906 4677 3134 4749 ulterius
3184 4678 3493 4747 progredi,
3536 4691 3638 4731 nec
3665 4681 3788 4729 retro

2198 4747 2393 4805 reverti
2425 4751 2658 4804 valeant.
2713 4747 2949 4803 Materiae
2990 4747 3135 4801 enim
3180 4758 3467 4817 expertes
3509 4754 3659 4817 sunt,
3686 4754 3787 4813 qua:

2197 4820 2568 4875 inﬁrmitatem
2596 4826 2651 4874 et
2682 4819 3104 4874 inconstantiam
3136 4816 3354 4887 gignit.
3392 4816 3700 4874 Dicendum
3720 4822 3790 4865 ta—

2194 4906 2319 4944 men
2349 4899 2454 4955 est,
2487 4890 2709 4959 angelos
2740 4889 2813 4942 ita
2836 4890 3072 4958 primum
3104 4886 3345 4943 creatos
3370 4905 3506 4945 esse
3535 4886 3713 4959 aDeo,
3743 4888 3793 4935 ut

2194 4970 2380 5015 essent
2403 4958 2714 5022 mutabiles,
2748 4969 2802 5015 et
2830 4959 3046 5013 virtutis
3079 4971 3331 5026 capaces
3371 4974 3442 5014 ac
3476 4958 3616 5021 vitii,
3644 4962 3792 5026 utque

2194 5033 2456 5154 plroﬁcere
2497 5038 2721 5102 possent
2763 5030 2818 5084 in
2864 5030 3080 5089 melius,
3119 5023 3223 5083 aut
3263 5029 3327 5084 in
3376 5030 3634 5086 deterius
3677 5023 3791 5079 labi.

2244 5118 2345 5154 anc
2379 5102 2547 5154 fuisse
2587 5100 2909 5154 sententiam
2938 5110 3184 5154 veterum
3229 5102 3662 5154 tlteolouorum.
3695 5106 3791 5149 tum

2244 5118 2345 5156 anc
2379 5100 2547 5157 fuisse
2587 5100 2909 5157 sententiam
2938 5110 3184 5154 veterum
3229 5102 3662 5172 theologorum,
3695 5106 3794 5149 tum

2192 5188 2256 5228 ex
2294 5172 2602 5227 Alexandro
2635 5179 2803 5242 patet,
2837 5178 2960 5242 tuor
2993 5185 3058 5242 ex
3089 5183 3154 5225 eo
3185 5171 3354 5239 quod
3403 5171 3581 5226 Arius
3613 5181 3675 5223 ac
3705 5179 3797 5242 ea-

2194 5244 2296 5297 teri
2322 5238 2659 5308 asserebant,
2697 5240 2893 5295 Filium
2934 5240 3027 5294 Dei
3061 5238 3411 5296 mutabilem
3437 5259 3592 5305 esse,
3621 5248 3676 5294 et
3702 5238 3801 5308 vir-

2193 5316 2325 5369 tutis
2363 5330 2427 5368 ac
2456 5313 2572 5367 vitii
2602 5306 2878 5381 capacem.
2920 5310 3030 5365 Nec
3073 5310 3230 5365 ullus
3266 5310 3700 5369 Catbolicorum
3728 5306 3799 5361 eis

2192 5400 2428 5454 unquam
2460 5384 2681 5451 objecit,
2704 5382 3052 5454 angelosnon
3080 5396 3209 5436 esse
3235 5384 3553 5439 imitabilis
3584 5389 3801 5454 naturae.

2193 5451 2450 5510 Sciebant
2482 5456 2626 5509 enim
2672 5452 2722 5506 id
2758 5451 3205 5522 propriumAesse
3244 5455 3443 5509 solius
3492 5454 3616 5517 Dei,
3637 5452 3725 5522 qui
3755 5451 3804 5501 in

2190 5527 2364 5580 sacris
2416 5525 2613 5579 litteris
2639 5519 2966 5578 diserte—ait
3000 5540 3012 5574 :
3046 5519 3158 5590 Ego
3185 5540 3349 5587 sum,
3379 5536 3435 5578 et
3469 5541 3581 5579 non
3621 5519 3803 5578 uiator.

2188 5596 2376 5665 Angeli
2401 5611 2530 5650 vero
2557 5596 2681 5651 licet
2703 5593 2917 5648 diﬁicile
2940 5599 3258 5659 mutentur,
3290 5596 3615 5651 mutationi
3640 5604 3809 5650 tamen

2188 5668 2409 5721 obnoxii
2439 5672 2584 5721 sunt.
