3980 6318
242 309 327 365 561
1630 307 2005 364 EPISTOLA'J.

3381 323 3483 379 562

239 423 482 496 φορτικὸν
500 418 638 478 εῖναι
665 424 913 496 νομίσας,
935 426 1023 481 διά
1046 424 1302 480 πλειόνων
1316 425 1663 490 διδασκάλους
1681 427 1791 498 όμό

1910 435 2162 486 consulte
2215 440 2499 502 praetereo,
2553 434 2750 504 quippe
2798 435 2891 505 qui
2942 434 3313 507 importunum
3358 459 3480 499 esse

237 532 425 586 ςρονας
449 514 910 587 ὑπομιμνήσκειν.
939 517 1101 570 Αὐτοὶ
1147 515 1260 586 γάρ
1296 513 1623 568 θεοδίδακτοί
1658 515 1803 581 ἐστε,

234 608 321 664 οὐκ
346 606 672 676 ἀγνοοῦντες
686 607 769 661 ὅτι
803 608 836 679 ἡ
874 607 1099 679 ἔναγχος
1129 607 1479 660 ἐπαναστᾶσα
1513 608 1580 677 τῇ
1608 606 1806 678 ἐκκλη-

237 702 477 771 σιαστικῇ
528 698 778 771 εὐσεϐείᾳ
826 699 1172 765 διδασκαλία,
1240 698 1491 763 Ἐὄίωνός
1540 700 1655 753 ἐστι
1712 700 1807 753 καὶ

244 791 493 861 Ἄρτεμῷ
516 791 610 843 καὶ
635 790 796 860 ξὲῖλος
823 789 915 843 τοῦ
938 789 1077 844 κατά
1116 790 1445 859 Ἀντιόχειαν
1468 788 1681 843 Παύλου
1708 788 1803 843 τοῦ

232 881 603 951 Σαμοσατέως,
641 882 842 953 συνόδῳ
875 882 970 937 καὶ
1002 882 1179 955 κρίσει
1208 881 1317 935 τῶν
1350 880 1664 951 ἁπανταχοῦ
1685 883 1805 934 ἐπι-

232 976 441 1030 σκόπων
478 975 959 1046 ἀποκηρυχθέντος
991 976 1092 1047 τῆς
1129 974 1458 1047 Ἐκκλησίας
1478 992 1492 1005 ·
1542 974 1602 1029 ὃν
1631 974 1805 1028 διαδε-

229 1067 450 1138 ξάμενος
478 1066 793 1132 Λουκιανὸς,
821 1068 1246 1137 ἀποσυνάγωγος
1277 1067 1458 1137 ἔμεινε
1492 1065 1658 1138 τριῶν
1685 1066 1805 1119 ὲπι-

230 1161 435 1213 σκόπων
464 1157 581 1229 (24)
624 1158 901 1223 πολυετεῖς
954 1158 1199 1231 χρόνους.
1270 1155 1371 1212 Ὦν
1413 1159 1513 1229 τῆς
1551 1159 1804 1224 ἀσεϐείας

229 1251 311 1323 τὴν
357 1250 545 1323 τρύγα
572 1251 963 1323 ὲρῤοφηκότες,
995 1251 1091 1305 νῦν
1136 1252 1268 1323 ἡμῖν
1295 1254 1343 1305 οί
1386 1250 1446 1316 ἐξ
1490 1252 1589 1305 οὐκ
1635 1251 1803 1305 ὄντων

229 1346 579 1417 ὲπεφύησαν,
623 1344 694 1398 τὰ
732 1345 955 1399 ἐκείνων
1007 1345 1368 1417 κεκρυμμένα
1425 1344 1798 1417 μοσχεύματα,

231 1437 434 1509 Ἀρειός
466 1453 531 1489 τε
572 1436 669 1490 καὶ
705 1436 971 1507 Ἀχιλλᾶς,
1002 1437 1094 1490 καὶ
1205 1436 1314 1490 τῶν
1351 1437 1448 1492 σὺν
1492 1438 1675 1501 αὐτοῖς
1704 1455 1800 1491 πο-

228 1530 598 1602 νηρευομένων
649 1528 883 1593 σύνοδος.
928 1529 1037 1583 Καὶ
1084 1529 1185 1582 οὐκ
1223 1525 1318 1582 οἷδ’
1363 1531 1510 1595 ὅπως
1552 1533 1611 1584 ὲν
1633 1532 1802 1604 Συρίᾳ

228 1622 685 1694 χειροτονηθέντες
728 1620 1017 1674 ἐπίσκοποι
1045 1623 1194 1692 τρεῖς
1216 1620 1329 1693 (25)
1361 1621 1451 1676 διά
1490 1620 1585 1676 τοῦ
1620 1639 1802 1676 συναι-

228 1719 318 1769 νεῖν
348 1716 565 1781 αὐτοῖς,
611 1714 706 1767 ἐπὶ
747 1714 810 1767 τὸ
854 1716 1034 1785 χεῖρον
1065 1713 1422 1768 ὑπεκκαίουσι
1443 1731 1458 1745 ·
1501 1715 1630 1787 περὶ
1663 1708 1738 1769 ὧν
1763 1717 1797 1786 ἠ

1908 521 2128 592 ducam,
2163 524 2419 581 doctores
2448 527 2542 597 qui
2585 528 2873 583 nobiscum
2896 531 3270 599 consentiunt,
3306 535 3480 604 pluri-

1907 615 2011 672 bus
2042 617 2359 683 admonere.
2397 620 2505 690 Ipsi
2561 622 2706 676 enim
2762 636 2792 675 a
2844 621 2953 678 Deo
2985 623 3133 678 docti
3178 627 3347 684 estis:
3382 645 3481 685 nec

1906 707 2194 783 ignoratis,
2230 723 2351 763 eam
2382 710 2691 765 doctrinam
2740 726 2862 781 quae
2911 712 3175 769 adversus
3220 717 3479 773 ecclesia-

1906 799 2101 855 sticam
2136 801 2394 870 pietatem
2436 817 2613 871 nuper
2651 813 2815 873 caput
2842 800 3055 869 extulit,
3089 804 3313 863 Ebionis
3357 824 3480 865 esse

1904 895 1959 944 et
1985 889 2222 946 Artema:
2246 908 2262 945 :
2294 907 2393 947 nec
2416 891 2563 947 aliud
2594 907 2738 959 esse,
2760 909 2923 964 quam
2946 894 3302 951 imitationem
3323 896 3478 953 Pauli

1908 977 2275 1046 Samosateni,
2305 980 2611 1038 Antiochiae
2642 983 2909 1055 episcopi,
2953 987 3046 1055 qui
3081 988 3324 1042 omnium
3358 989 3479 1043 ubi-

1905 1085 2012 1142 que
2046 1072 2432 1144 episeoporum
2483 1075 2719 1130 concilio
2760 1090 2824 1130 ac
2873 1076 3083 1146 judicio
3122 1078 3190 1133 ab
3234 1078 3477 1135 Ecclesia

1903 1172 2152 1220 remotus
2183 1173 2289 1220 εει.
2320 1164 2422 1221 Cui
2458 1167 2759 1224 succedens
2785 1167 3083 1237 Lucianus,
3108 1170 3355 1240 pluribus
3389 1187 3478 1225 an-
3544 1198 3549 1203 ι

1903 1255 1990 1311 nis
2014 1272 2044 1310 a
2073 1258 2458 1312 communione
2480 1259 2645 1312 trium
2669 1259 3048 1329 episcoporum
3066 1277 3188 1317 sese
3205 1262 3473 1333 abjunxit.

1903 1344 2113 1402 Horum
2171 1349 2467 1419 impietatis
2515 1349 2703 1405 faecem
2737 1366 2860 1405 cum
2920 1352 3252 1419 hausissent,
3303 1370 3479 1425 nuper

1902 1439 2064 1495 nobis
2098 1440 2205 1495 orti
2227 1448 2355 1496 sunt
2386 1441 2702 1507 Exucontii,
2721 1444 2936 1498 occulta
2966 1444 3183 1499 illorum
3206 1450 3473 1517 germina,

1901 1533 2068 1590 Arius
2098 1534 2310 1589 scilicet
2339 1542 2392 1589 et
2420 1533 2687 1603 Achillas,
2711 1542 2766 1588 et
2795 1535 3004 1606 reliqua
3035 1537 3325 1607 impiorum
3353 1540 3485 1595 istis

1902 1628 2295 1683 adhaerentium
2344 1628 2522 1684 turba.
2571 1628 2650 1683 Ac
2700 1631 2886 1685 nescio
2910 1647 3020 1701 quo
3047 1632 3211 1687 modo
3241 1633 3474 1687 ordinati

1904 1716 1959 1770 in
1992 1714 2150 1787 Syria
2173 1725 2287 1773 tres
2310 1717 2573 1789 episcopi,
2598 1719 2707 1774 illis
2726 1721 3139 1786 consentiendo,
3162 1737 3259 1778 eos
3286 1722 3354 1777 ad
3384 1740 3486 1794 pe-

230 1809 386 1881 (pisi;
431 1805 821 1859 ὐπανακείσθω
849 1804 1051 1878 (26)τῇ
1102 1804 1343 1877 ὑμετέρᾳ
1387 1805 1701 1877 δοκιμασίᾳ.
1734 1807 1791 1860 Ol

1899 1808 2021 1879 jora
2050 1808 2300 1864 incitant.
2334 1808 2576 1877 Quorum
2604 1810 2872 1881 judicium
2910 1821 3094 1869 vestro
3117 1815 3353 1870 examini
3383 1793 3477 1872 re-

227 1903 305 1967 τάς
334 1902 439 1974 μὲν
477 1900 575 1954 τοῦ
624 1900 895 1972 σωτηρίου
926 1899 1149 1965 πάθους,
1197 1898 1580 1963 ταπεινώσεώς
1612 1917 1672 1953 τε
1701 1901 1797 1954 καὶ

231 1994 501 2058 (ενώσεως
533 1994 628 2048 καὶ
656 1993 756 2065 τῆς
797 1993 1135 2064 καλουμένης
1159 1991 1325 2046 αὐτοῦ
1356 1993 1657 2064 πτωχείας,
1703 1996 1797 2048 καὶ

227 2083 285 2142 IN
310 2087 646 2157 ἐπικτήτους
691 2088 721 2139 6
750 2084 941 2157 Σωτὴρ
974 2083 1042 2138 δι’
1068 2084 1215 2155 ἡμᾶς
1260 2083 1545 2149 ἀνεδέξατο
1589 2084 1792 2154 φωνάς,

224 2179 295 2233 sta:
325 2181 557 2251 μνήμης
603 2177 846 2249 ἔχοντες,
894 2175 1283 2249 παρατίθενται
1316 2176 1407 2229 ἐπὶ
1461 2179 1792 2249 παραγραφῇ

223 2271 304 2342 τῆς
347 2269 620 2325 ἀνωτάτω
656 2269 751 2322 καὶ
799 2268 1036 2340 ἀρχῆθεν
1071 2267 1238 2322 αὐτοῦ
1282 2267 1551 2338 θεότητος.
1589 2268 1709 2322 Τῶν
1738 2269 1792 2322 δὲ

224 2364 303 2434 τῆς
331 2362 580 2433 φυσικῆς
622 2361 786 2415 αὐτοῦ
809 2360 967 2432 δόξης
986 2378 1047 2414 τε
1078 2361 1173 2415 καὶ
1217 2360 1494 2429 εὐγενείας
1522 2360 1616 2415 καὶ
1642 2360 1792 2432 παρά

221 2454 284 2527 τῷ
300 2453 480 2524 Ilath
507 2452 676 2524 μονῆς
702 2451 1049 2523 σημαντικῶν
1066 2450 1239 2520 λόγων
1259 2449 1619 2520 ἐπιλήσμονες
1645 2448 1795 2518 γεγό-

224 2564 388 2602 δασιψ
441 2540 558 2600 οἷόν
595 2544 815 2610 ἔστιτὸ,
856 2544 1004 2615 Ἐγὼ
1045 2544 1143 2598 καὶ
1168 2548 1201 2599 ό
1228 2545 1434 2614 Πατὴρ
1481 2544 1551 2598 ἓν
1581 2545 1787 2614 ἐσμεν.

214 2643 378 2714 Ὅπερ
396 2639 572 2710 φησιν
595 2637 861 2710 ὀΚύριος,
882 2638 944 2691 ού
972 2638 1190 2710 Πατέρα
1206 2638 1396 2692 ἑαυτὸν
1423 2638 1787 2711 ἀναγορεύων,

219 2732 322 2786 ιύδὲ
348 2733 457 2796 τὰς
487 2734 557 2803 τῇ
611 2731 905 2786 ὑποστάσει
956 2730 1049 2783 δύο
1106 2729 1297 2799 φύσεις
1332 2729 1444 2802 (27)
1484 2729 1612 2801 μίαν
1652 2725 1791 2785 εἶναι

216 2824 551 2897 σαφηνεζων·
585 2823 701 2877 ἀλλ’
729 2825 811 2877 ὃτι
856 2824 955 2894 τὴν
986 2821 1254 2894 πατρικὴν
1297 2822 1594 2895 ἐμφέρειαν
1636 2823 1792 2895 ἀκρι-

217 2916 314 2982 ϐῶς
361 2919 582 2988 πέφυκε
642 2915 832 2980 σώζειν
871 2918 899 2969 6
929 2916 1054 2980 Υἱὸς
1096 2915 1191 2969 τοῦ
1235 2915 1471 2988 Πατρδς,
1507 2916 1606 2987 τὴν
1650 2916 1791 2971 κατά

215 3008 383 3062 πάντα
428 3007 731 3079 ὁμοιότητα
774 3005 939 3060 αὐτοῦ
970 3008 1035 3058 ὲκ
1078 3005 1293 3075 φύσεως
1337 3005 1787 3079 ἀπομαξάμενος,

214 3098 302 3151 καὶ
333 3096 755 3168 ἀπαράλλακτος
781 3094 944 3149 εἰκὼν
979 3093 1073 3148 τοῦ
1113 3095 1326 3167 Πατρύς
1358 3097 1661 3166 τυγχάνων,
1698 3098 1790 3151 καὶ

1903 1909 2171 1957 servetur.
2208 1900 2312 1968 Qui
2347 1903 2609 1959 salutaris
2649 1905 2921 1974 passionis
2954 1914 3008 1960 et
3041 1905 3362 1976 abjectionis
3393 1919 3474 1962 at-

1903 2009 2008 2064 que
2025 1993 2414 2051 exinanitionis
2435 2005 2489 2051 et
2508 1997 2842 2067 paupertatis
2860 2013 3019 2067 quam
3043 2008 3259 2064 vocant,
3282 2015 3473 2055 eorum

1902 2083 2137 2155 denique
2168 2086 2415 2141 omnium
2438 2102 2559 2157 quae
2591 2086 2848 2143 Scrvator
2872 2082 3057 2144 noStra
3088 2104 3254 2145 causa
3285 2104 3469 2146 susce-

1902 2176 2002 2245 pit,
2035 2174 2308 2231 ascititias
2338 2191 2501 2233 voces
2529 2179 2790 2233 memoria
2818 2181 3137 2247 retinentes,
3158 2196 3252 2236 eas
3273 2179 3341 2235 ad
3373 2197 3469 2237 su-

1900 2281 2147 2335 premam
2171 2275 2543 2339 aeternamque
2569 2269 2718 2325 illius
2743 2269 3082 2326 divinitatem
3116 2270 3468 2328 refellendam

1902 2357 2156 2415 afferunt.
2203 2358 2404 2415 Eorum
2457 2370 2637 2416 autem
2667 2363 2955 2417 verborum
2995 2378 3118 2433 quae
3168 2365 3473 2419 naturalem

1898 2451 2017 2521 ejus
2040 2451 2267 2522 gloriam
2294 2467 2360 2507 ac
2392 2452 2732 2509 nobilitatem
2772 2462 2827 2509 et
2873 2453 3014 2525 apud
3057 2453 3272 2511 Patrem
3311 2470 3471 2511 man-

1900 2544 2110 2600 sionem
2134 2543 2443 2615 dcsignant,
2461 2560 2689 2614 prorsus
2718 2545 3065 2602 immemores
3095 2554 3241 2603 sunt.
3273 2546 3473 2617 Cujus-

1900 2636 2044 2692 modi
2068 2644 2152 2691 εει
2184 2637 2316 2692 illud
2337 2637 2382 2668 "
2418 2656 2431 2692 :
2467 2636 2579 2708 Ego
2603 2646 2651 2692 et
2689 2636 2871 2702 Pater,
2896 2655 3059 2692 unum
3087 2656 3291 2695 sumus.
3315 2639 3472 2707 Quod

1898 2730 2117 2801 quidem
2168 2729 2432 2787 Dominus
2478 2730 2631 2795 dicit,
2652 2746 2761 2784 non
2815 2747 2926 2801 quo
2955 2748 3014 2787 se
3044 2732 3223 2802 ipsum
3251 2732 3470 2789 Patrem

1898 2821 2193 2887 renuntiet,
2229 2835 2329 2876 nec
2375 2836 2486 2893 quo
2538 2820 2678 2877 duas
2711 2836 2978 2891 personas
3006 2837 3173 2876 unam
3206 2838 3330 2878 esse
3373 2823 3472 2878 de-

1897 2922 2201 2982 monstret;
2251 2914 2347 2969 sed
2397 2913 2653 2983 quoniam
2701 2911 2879 2969 Patris
2935 2911 3106 2970 Filius
3156 2928 3473 2983 expressam

1896 3005 2081 3062 Patris
2111 3005 2529 3063 similitudinem
2554 3005 2904 3061 exactissime
2921 3014 3122 3071 servat,
3150 3006 3352 3076 quippe
3375 3006 3469 3074 qui

1897 3097 2264 3152 omnimodam
2309 3097 2431 3168 ejus
2474 3096 2881 3154 similitudinem
2932 3111 2964 3150 a
3007 3104 3205 3152 natura
3236 3096 3469 3166 impres-

214 3187 297 3241 τοῦ
342 3159 709 3260 πρωτοτύπου
766 3186 998 3251 ἔκτυπος
1046 3159 1351 3258 χαρακτήρ.
1578 3188 1672 3240 καὶ
1713 3187 1791 3259 τῷ

1898 3204 2011 3245 sam
2044 3190 2263 3255 habeat,
2299 3159 2479 3260 sitque
2509 3191 2688 3260 imago
2703 3188 2882 3243 Patris
2914 3187 3064 3242 nulla
3090 3191 3145 3243 in
3175 3203 3237 3244 re
3260 3159 3469 3243 discre—

212 3283 507 3353 τηνικαῦτα
538 3280 790 3335 ποθοῦντι
815 3279 939 3334 ἰδεῖν
968 3278 1220 3349 Φιλίππῳ
1257 3278 1503 3348 ἀφθόνως
1531 3282 1560 3333 ὁ
1590 3280 1792 3352 Κύριος

209 3375 519 3448 ἐμφανίζει,
556 3373 695 3445 πρὸς
738 3372 799 3426 ὃν
830 3372 1054 3440 λέγοντα
1078 3387 1090 3401 ο
1130 3368 1336 3434 Δεῖξον
1376 3371 1521 3439 ἡμῖν
1548 3373 1654 3425 τὸν
1674 3375 1791 3425 11a-

211 3466 358 3534 τέρα,
388 3465 552 3535 λέγει
570 3482 585 3495 ο
627 3466 691 3517 '0
715 3462 985 3532 ἑωρακὼς
1005 3461 1131 3533 ἐμὲ,
1152 3460 1373 3530 ἑώρακε
1390 3461 1499 3516 τὸν
1523 3463 1752 3532 Πατέρα
1771 3482 1784 3495 ·

207 3556 386 3632 ὥσπερ
412 3558 488 3612 δι’
539 3556 805 3628 ἐσόπτρου
839 3552 1172 3627 ἀκηλιδώτου
1210 3552 1302 3606 καὶ
1348 3552 1590 3624 ἐμψύχου
1639 3553 1787 3620 θείας

207 3650 424 3715 εἰκόνος,
461 3647 639 3703 αὐτοῦ
671 3648 1045 3721 θεωρουμένου
1083 3644 1180 3700 τοῦ
1214 3645 1443 3717 Πατρός.
1479 3641 1580 3699 Ὧν
1605 3647 1787 3718 ὅμοιον

206 3743 260 3796 ἐν
287 3743 554 3814 Ψαλμοῖς
589 3743 639 3795 οἱ
675 3741 965 3811 ἁγιώτατοι
1008 3755 1202 3809 φασιν
1251 3739 1354 3792 Ἐν
1381 3735 1460 3802 τῷ
1482 3740 1632 3807 φωτί
1674 3755 1789 3795 σου

305 3901 349 3932 ’³
377 3898 559 3955 Joau.
598 3915 656 3962 ι,
692 3898 781 3954 50.
860 3897 906 3928 ²⁶
927 3896 1091 3951 Joan.
1134 3911 1246 3960 xlv,
1275 3897 1331 3961 8,
1367 3896 1419 3950 9.

264 4078 379 4150 (ει)
427 4077 930 4148 Ἀποσυνάγωγος
968 4078 1162 4148 ἔμεινε
1205 4075 1380 4150 τριῶν
1416 4076 1784 4150 ἐπισκόπων.

202 4146 369 4220 Hujus
390 4151 562 4206 verbi
584 4150 693 4202 vim
718 4146 1238 4220 non'intell'exerunt
1266 4148 1613 4220 interpretes.
1636 4146 1785 4212 Quos

200 4215 420 4277 secutus
452 4219 735 4274 Baronius
766 4217 831 4273 ad
864 4233 1064 4273 annum
1098 4217 1203 4273 518
1242 4218 1451 4279 scribit,
1487 4215 1785 4271 Lucianum

203 4292 435 4361 artribus
470 4291 760 4361 episcopis
791 4289 897 4344 sibi
929 4289 1189 4361 continue
1218 4288 1656 4361 succedentibus,
1681 4286 1784 4339 Ec-

198 4360 361 4415 clesia
392 4357 650 4429 ejectum
674 4357 892 4429 fuisse:
913 4358 1079 4429 Atqui
1109 4374 1219 4413 non
1253 4358 1356 4412 hoc
1383 4358 1520 4429 dicit
1547 4357 1783 4429 Alexan-

199 4430 309 4493 der,
342 4426 447 4488 sed
506 4440 726 4484 tantum
768 4430 845 4483 ait
871 4426 1171 4484 Lucianum
1222 4429 1461 4483 schisma
1501 4426 1692 4482 fecisse
1729 4427 1786 4479 in

198 4500 572 4559 Antiochensi
598 4498 864 4563 Ecclesia,
893 4509 947 4554 et
979 4499 1084 4555 sub
1112 4497 1288 4553 tribus
1312 4498 1583 4567 episcopis
1612 4497 1790 4552 conti-

197 4588 298 4627 nue
317 4574 431 4629 sibi
466 4569 902 4635 succedentibus
922 4569 1180 4632 collectas
1196 4583 1441 4624 seorsum
1459 4568 1784 4635 celebrasse.

198 4639 248 4712 Id
291 4643 448 4697 enim
484 4640 780 4712 signiﬁcat
828 4655 935 4696 vox
977 4638 1420 4712 ἀποσυνάγωγος.
1453 4637 1637 4712 Itaque
1660 4635 1788 4707 Epi-

194 4711 434 4779 pbanius
472 4707 861 4767 Scholasticus
904 4725 1014 4766 non
1056 4712 1196 4765 male
1230 4710 1373 4779 hunc
1403 4708 1578 4779 locum
1620 4707 1789 4762 inter-

193 4775 446 4851 pretatus
505 4791 596 4838 est
645 4781 752 4836 hoc
805 4781 988 4845 modo,
1046 4780 1131 4833 cui
1170 4778 1446 4834 succedens
1496 4775 1783 4851 Luciaitus,

192 4847 340 4907 extra
394 4868 718 4922 synanogas
752 4854 946 4922 mansit
983 4853 1140 4922 trium
1169 4851 1526 4922 episcoporum
1559 4847 1786 4922 plurimo

189 4918 448 4993 tempore:
502 4918 741 4977 Basilius
768 4921 824 4975 in
850 4920 1079 4991 epistola
1109 4918 1282 4991 prima
1327 4920 1400 4993 ad
1434 4918 1785 4993 Amphibolof

190 4988 374 5064 cbium
437 4988 933 5064 παρασυναγωγῆν
985 4988 1219 5064 usurpat
1250 4988 1440 5045 eodem
1471 5004 1658 5052 sensu,
1692 4988 1782 5042 ubi

189 5063 498 5135 distinguit
532 5061 673 5118 inter
704 5063 976 5135 haeresim,
1018 5071 1072 5118 et
1105 5061 1365 5135 schisma,
1400 5066 1454 5114 et
1474 5075 1787 5135 παρασυνα-

190 5130 400 5206 γωγήνὶ
440 5133 937 5206 Παρασυναγωγάς
965 5140 1174 5206 autem
1196 5132 1287 5206 ait
1309 5145 1434 5186 esse
1473 5130 1785 5206 illegitimos

187 5199 666 5275 conventus,’qui
698 5199 932 5275 ﬁunt'ab
963 5199 1785 5275 immorigeris‘presbyterisvel

186 5276 486 5352 episcopis
530 5269 604 5331 εί
638 5274 833 5352 laicis._
851 5272 1014 5352 Verbi
1046 5269 1243 5343 gratia,
1294 5269 1783 5352 si’quis‘criminis

185 5340 524 5409 convictus,
554 5352 610 5401 et
637 5361 669 5399 a
705 5344 1008 5400 ministerio
1030 5340 1189 5398 sacro
1217 5340 1540 5412 suspensus,
1576 5340 1786 5412 judicio

186 5432 293 5471 con
343 5424 580 5485 pareat,
628 5414 725 5471 sed
771 5414 1136 5471 ministerium
1176 5411 1335 5468 suum
1368 5412 1521 5485 obire
1550 5411 1702 5475 velit,
1733 5419 1787 5465 ct

184 5482 468 5559 populum
528 5486 772 5559 colligat.
815 5485 971 5559 lutet:
991 5482 1465 5559 παρασυναγωγῄν
1514 5489 1699 5559 autem
1732 5486 1787 5536 et

186 5549 448 5615 ichisma
490 5549 688 5626 parum
716 5555 902 5626 distat.
937 5549 1110 5626 Ροηρ
1141 5549 1307 5609 causa
1337 5549 1646 5626 seliismatis
1679 5549 1785 5626 Du-

185 5630 348 5685 ciano
387 5622 517 5682 fuit
559 5625 805 5681 doctrina
855 5625 1011 5680 Pauli
1059 5622 1461 5679 Samosatensis
1493 5637 1655 5691 quam
1684 5622 1781 5676 dc-

185 5700 491 5760 fendebat,
532 5706 588 5750 ut
623 5697 783 5751 docet
819 5694 1149 5751 Alexander.
1187 5693 1359 5762 Cujus
1381 5693 1556 5763 gratia
1578 5692 1670 5745 diu
1693 5707 1781 5747 sc-

187 5770 412 5839 paravit
473 5782 545 5823 se
589 5783 621 5823 a
674 5767 848 5824 tribus
889 5763 1182 5838 episcOpis,
1210 5760 1439 5833 Domni),
1475 5760 1691 5834 Tymaeo
1721 5778 1783 5819 ac

1897 3294 2058 3352 pans,
2085 3288 2139 3335 et
2159 3281 2422 3350 primitivi
2452 3280 2783 3349 exemplaris
2812 3294 3069 3350 expressa
3092 3278 3284 3350 ﬁgura.
3312 3276 3470 3334 Unde

1893 3374 2058 3429 etiam
2084 3371 2336 3443 Philippo
2369 3381 2500 3427 tunc
2519 3371 2702 3427 videre
2731 3373 2970 3443 cupienti
3002 3371 3265 3427 Dominus
3295 3371 3468 3425 abun-

1893 3466 1961 3521 de
1989 3471 2404 3521 commonstrat.
2441 3463 2654 3520 Dicenti
2685 3465 2830 3519 enim
2857 3483 2870 3520 :
2919 3462 3145 3519 Ostende
3171 3461 3319 3517 nobis
3349 3463 3463 3516 Pa-

1896 3566 2049 3622 trem,
2088 3554 2383 3625 respondet
2411 3572 2424 3608 :
2473 3554 2577 3619 Qui
2612 3552 2744 3630 vidit.
2769 3570 2869 3620 me,
2901 3553 3026 3607 uidit
3064 3562 3113 3608 et
3146 3552 3361 3607 Patrem
3378 3553 3467 3606 ’δι

1896 3649 2095 3718 quippe
2124 3661 2247 3701 cum
2274 3661 2371 3716 per
2401 3644 2753 3717 purissimum
2774 3652 2827 3700 et
2858 3646 3154 3699 animatum
3186 3643 3467 3715 speculum

1899 3741 2096 3795 divina:
2147 3739 2401 3810 imaginis
2452 3738 2568 3808 ipse
2598 3736 2990 3807 conspiciatur.
3031 3735 3242 3803 Quibus
3288 3736 3470 3793 simile

1890 4072 2114 4145 Cyrillo.
2138 4073 2371 4145 Tantum
2396 4087 2525 4145 vero
2550 4072 2616 4126 ad
2642 4074 2903 4128 unitatem
2929 4072 3182 4145 Ecclesiae
3206 4090 3460 4135 reversus

1891 4141 1995 4207 est,
2041 4155 2100 4197 ut
2145 4159 2209 4197 ex
2255 4141 2566 4197 Alexandro
2601 4144 2897 4213 colligitur.
2934 4143 3117 4213 Neque
3144 4145 3291 4198 enim
3332 4161 3458 4203 eum

1892 4229 2063 4283 usque
2082 4213 2147 4266 ad
2168 4214 2371 4267 exitum
2392 4213 2515 4266 vita:
2535 4214 2588 4267 in
2612 4214 2903 4269 schismate
2937 4213 3205 4269 mansisse
3234 4216 3461 4271 Alexanu

1891 4284 1988 4355 der
2037 4284 2248 4347 scribit,
2282 4283 2375 4339 sed
2408 4290 2619 4355 tantum
2654 4285 2815 4355 longo
2862 4289 3104 4355 tempore
3146 4294 3457 4355 separatum

1891 4354 2078 4410 fuisse.
2119 4355 2384 4408 Caeterum
2412 4352 2554 4408 hanc
2578 4352 2765 4408 vocem
2795 4352 3223 4422 ἀποσυνάγωγος
3242 4363 3460 4410 mutua-

1818 4411 1861 4464 Ῑ)
1892 4434 1979 4480 lus
2008 4433 2092 4480 est
2124 4424 2426 4478 Alexander
2456 4422 2786 4494 eproannis
2820 4411 3147 4494 Evangeiio,’
3188 4411 3309 4494 cap.
3341 4442 3455 4487 xvi,

1892 4496 1987 4550 ubi
2032 4494 2285 4549 Christus
2330 4492 2577 4561 praedicit
2622 4492 2884 4561 apostolis
2928 4494 3065 4556 suis,
3103 4492 3461 4561 quod—Judaei

1893 4566 2042 4634 ipsos
2065 4580 2096 4619 e
2126 4562 2416 4635 synagOgis
2449 4563 2563 4635 suis
2589 4562 2818 4633 eiecturi
2858 4571 3064 4629 essent,
3105 4563 3459 4635 ἀποσυναγώ-

1891 4632 2018 4703 γους
2046 4632 2358 4706 ποιήσουσιν
2386 4632 2550 4706 ὑμᾶς.

1963 4705 2083 4776 (⁸35)
2116 4703 2213 4756 Ἐν
2228 4704 2435 4776 *Σιξρίςι
2475 4720 2622 4776 χειρ.
2653 4703 2969 4776 ἐπίσκοποι
3000 4704 3175 4771 τρεῖς.
3209 4705 3459 4776 intelligit

1891 4772 2195 4844 Eusebium
2216 4773 2477 4844 Caesareae
2509 4772 2811 4828 Palaestina:
2840 4776 3178 4844 episcOpum,
3211 4772 3457 4829 Theodo-

1891 4854 2004 4899 tum
2032 4842 2312 4898 Laodicea:
2338 4850 2394 4897 et
2423 4842 2710 4897 Paulinum
2733 4842 2881 4913 Tyri.
2918 4842 3199 4899 Huseniui
3230 4846 3455 4900 anathe-

1889 4925 2033 4971 mate
2080 4914 2367 4968 damnatos
2414 4914 2581 4969 fuisse
2636 4913 2704 4966 ab
2754 4913 3064 4969 Alexandro
3118 4915 3456 4969 Alexandria:

1889 4986 2165 5055 episcopo,
2196 4990 2431 5038 testatur
2474 4984 2638 5039 Arius
2688 4983 2742 5036 in
2785 4985 3025 5055 epistola,
3054 4985 3121 5037 ad
3163 4982 3453 5055 Eusebium

1890 5053 2357 5125 Nicomediensem
2400 5055 2738 5125 episcopum,
2779 5068 2900 5125 quae
2942 5054 3180 5109 refertur
3217 5069 3246 5108 a
3278 5053 3455 5111 Theo-

1890 5126 2091 5191 dorito,
2127 5124 2270 5185 Hist.
2296 5123 2544 5179 ecctIlib.
2578 5139 2621 5188 ι,
2647 5138 2768 5192 cap.
2806 5123 2857 5176 5.

1960 5198 2073 5267 (26)
2112 5196 2570 5267 ν’Υεζανξικείσθω.
2612 5192 2669 5247 Ιι]
2695 5192 2902 5267 ⁵ςεοιὶἱεε
2930 5193 3132 5267 [leonis
3169 5193 3372 5267 Allatii,
3403 5205 3457 5249 et

1892 5268 1947 5322 in
1970 5262 2159 5336 'Régio
2200 5264 2249 5319 J.
2278 5263 2427 5336 Pini,
2459 5271 2514 5336 et
2544 5265 2601 5320 in
2644 5262 3214 5336 editioneJBasiliensi
3242 5265 3457 5336 legitur

1890 5333 2216 5393 ἀνακείσθω.
2260 5335 2541 5401 Quomodo
2588 5333 2752 5389 etiam
2802 5334 3063 5389 scribitur
3114 5334 3257 5404 apud
3298 5335 3458 5390 Nice—

1928 5410 2142 5463 horum.

1890 5425 2231 5551 ΡυξξῧυῖὰςεΔ
2255 5474 2329 5551 τῇ
2354 5472 2690 5551 ὑποστάσει
2730 5472 2839 5551 δύο
2863 5476 3097 5551 ςξ-ύσεις.
3124 5473 3270 5551 Duas
3294 5482 3461 5551 natu-

1889 5545 1981 5605 ras
2023 5545 2157 5603 dicit
2207 5545 2530 5610 Alexander,
2582 5560 2690 5598 non
2736 5545 3054 5615 simpliciter
3099 5554 3155 5600 et
3205 5546 3455 5601 absolute

1889 5622 2045 5681 duas,
2094 5617 2192 5671 sed
2236 5616 2594 5686 personaliter
2626 5615 2788 5682 duas,
2839 5630 2904 5671 eo
2949 5617 3094 5686 quod
3142 5618 3195 5670 in
3238 5616 3457 5671 duabus

1890 5685 2396 5761 personiseXSislat
2426 5700 2532 5761 una
2575 5693 2788 5739 natura.
2821 5685 2998 5752 Quare
3038 5687 3195 5756 φύσις
3236 5690 3291 5743 ὲν
3322 5688 3454 5741 ὐποη

1891 5758 2075 5817 στάσει
2102 5758 2244 5816 idem
2267 5767 2346 5815 est
2373 5758 2513 5819 quod
2542 5769 2795 5819 persona.
