3980 6318
264 313 355 373 865

1641 304 2027 363 ΕΡΙΞΤΟΙηΕ.

3375 304 3479 362 566

260 426 415 480 ὅντων
441 419 696 499 ἐποίησεν
720 422 750 474 6
780 420 969 493 Πατὴρ
990 421 1085 476 τοῦ
1114 421 1248 476 Θεοῦ
1271 421 1465 490 Λόγου·
1494 417 1528 490 ἢ
1563 418 1624 482 eg
1648 419 1811 473 αὐτοῦ

1930 418 2067 474 nales
2100 431 2263 491 quam
2288 417 2519 473 rationis
2549 425 2822 490 expertes.
2860 416 3001 472 Inter
3032 432 3156 488 quae
3209 417 3316 474 duo
3370 436 3481 475 me-

257 514 340 569 τοῦ
369 513 525 576 ὄντος
554 511 762 583 Πατρὸς
793 513 1134 585 γεγέννηται·
1163 514 1239 577 ὡς
1266 513 1360 567 καὶ
1387 512 1545 576 αὑτός
1577 528 1678 565 που
1706 512 1813 565 διε-

261 606 570 679 μαρτύρατο
592 604 765 673 λέγων
790 606 818 655 6
845 603 1068 677 Κύριος,
1103 605 1155 657 Ὁ
1178 604 1422 674 ἀγαπῶν
1440 602 1546 657 τὸν
1564 602 1810 673 Πατέρα,

257 697 449 773 ἀγαπᾷ
480 696 579 753 καὶ
607 696 714 751 τὸν
748 698 884 750 Υἱὸν
913 697 1020 749 τὸν
1049 695 1481 766 γεγεννημένον
1511 695 1580 759 ἐξ
1605 696 1810 752 αὐτοῦ.

313 966 436 1019 ΧΠ.
479 963 615 1037 Περὶ
637 958 711 1019 ὧν
734 964 890 1037 ἡμεῖς
916 962 1086 1026 οὕτως
1111 962 1454 1033 πιστεύομεν,
1486 960 1560 1023 ὼς
1588 961 1653 1030 τῇ
1684 960 1817 1012 ἀπο-

254 1056 467 1128 στολικῇ
519 1056 811 1129 Ἐκκλησία
851 1055 1012 1109 δοκεῖ·
1054 1056 1148 1118 Εἰς
1195 1053 1351 1125 μόνον
1382 1053 1671 1124 ἀγέννητον
1708 1052 1817 1104 Πα-

249 1149 401 1221 τέρα,
421 1149 616 1203 οὐδένα
639 1147 733 1202 τοῦ
769 1145 904 1201 εἶναι
932 1146 1080 1217 αὐτῷ
1103 1148 1195 1200 τὸν
1219 1147 1388 1200 αῖτιον
1419 1144 1629 1214 ἔχοντα,
1658 1144 1818 1216 ἄτρε-

255 1221 379 1294 πτόν
403 1257 465 1293 τε
485 1241 579 1295 καὶ
599 1240 973 1305 ἀναλλοίωτον,
1000 1240 1085 1292 ἀεὶ
1106 1238 1246 1292 κατὰ
1272 1238 1340 1292 τά
1356 1237 1494 1291 αὐτά
1518 1238 1611 1291 καὶ⁸
1636 1236 1817 1290 ὡσαύ-

250 1349 350 1395 τως
381 1330 598 1403 ἔχοντα,
628 1330 752 1385 οὔτε
778 1331 1075 1404 προκοπὴν,
1099 1328 1224 1383 οὔτε
1254 1328 1479 1400 μείωσιν
1503 1327 1820 1398 ἐπιδεχόμε-

253 1441 347 1479 νον’
380 1425 571 1495 Νόμου
613 1425 706 1478 καὶ
748 1423 1048 1497 Προφητῶν
1081 1424 1175 1477 καὶ
1211 1422 1557 1492 Εὐαγγελίων
1600 1422 1816 1493 δοτῆρα,

254 1514 604 1587 πατριαρχῶν
630 1516 725 1569 καὶ
750 1515 1079 1582 ἀποστόλων,
1109 1514 1203 1569 καὶ
1228 1515 1480 1568 ἀπάντων
1513 1513 1680 1582 ἁγίων
1707 1513 1820 1566 Κύν

256 1625 378 1680 ριον.
419 1608 538 1662 Καὶ
577 1610 657 1672 εἰς
694 1607 789 1662 ἕνα
825 1607 1028 1681 Κύριον
1074 1606 1278 1677 Ἰησοῦν
1303 1605 1557 1678 Χριστὸν,
1584 1606 1673 1659 τὸν
1695 1605 1820 1657 Υἰὸν

252 1699 333 1753 τοῦ
369 1698 515 1753 Θεοῦ
552 1701 646 1754 τὸν
687 1699 970 1771 μονογενῆ,
999 1699 1324 1770 γεννηθέντα
1367 1699 1465 1751 οὐκ
1496 1700 1561 1751 ὲκ
1601 1697 1693 1750 τοῦ
1744 1697 1819 1768 μὴ

1914 512 2063 566 dium
2118 510 2372 565 obtinens
2425 509 2703 581 unigenita
2757 515 2951 563 natura
3014 509 3106 564 Dei
3167 508 3325 566 Verbi
3387 528 3481 581 per

1914 614 2076 671 quam
2111 598 2271 655 Pater
2303 600 2557 655 universa
2605 598 2847 654 condidit
2892 614 2954 653 ex
3008 600 3179 655 nihilo
3204 644 3218 666 ,
3254 617 3319 656 ex
3363 602 3482 672 ipso

1914 706 2046 746 vero
2073 688 2231 746 Patre
2258 691 2540 761 progenita
2569 700 2670 747 est.
2705 690 2857 747 Sicut
2903 692 3020 762 ipse
3045 690 3307 747 Dominus
3344 710 3483 764 quo-

1917 782 2039 836 dam
2066 782 2186 838 loco
2213 789 2443 839 testatus
2474 791 2558 839 est
2584 783 2669 840 his
2698 785 2879 840 verbis
2905 786 2950 817 '9
2982 800 2998 838 :
3034 785 3139 851 Qui
3170 785 3342 857 diligit
3375 786 3483 841 Ρορ

1919 881 2071 934 trem,
2100 872 2277 943 diligit
2308 873 2469 926 etiam
2502 872 2703 927 Filium
2739 875 2827 944 qui
2870 891 2934 929 ex
2961 893 3019 930 eo
3045 877 3247 946 genitus
3276 889 3375 932 est.

1991 964 2105 1019 XII.
2146 962 2223 1020 De
2251 966 2449 1036 quibus
2471 981 2573 1021 nos
2608 966 2683 1019 ita
2707 967 3003 1033 credimus,
3028 969 3483 1040 quemadmodum

1919 1056 2213 1125 apostolica
2250 1058 2416 1112 sentit
2450 1056 2693 1114 Ecclesia
2723 1078 2735 1113 :
2770 1058 2829 1114 in
2866 1077 3031 1115 unum
3062 1064 3357 1134 ingenitum
3381 1062 3485 1118 Pa--

1918 1158 2074 1217 trem,
2108 1150 2201 1220 qui
2230 1166 2259 1203 a
2304 1150 2454 1205 nullo
2485 1166 2707 1206 causam
2734 1153 2893 1208 habet
2922 1155 3172 1210 essentia:
3204 1171 3314 1210 sua:
3342 1174 3354 1209 :
3386 1172 3485 1212 nec

1918 1240 2261 1296 conversioni
2293 1241 2594 1296 obnoxium
2624 1258 2724 1297 nec
2764 1243 3089 1311 mutationi,
3133 1245 3226 1315 qui
3272 1260 3485 1316 semper

1918 1332 2109 1389 eodem
2146 1334 2308 1388 modo
2337 1349 2397 1390 se
2431 1335 2614 1399 habet,
2640 1351 2741 1391 nec
2788 1336 3088 1407 profectum
3124 1354 3223 1394 nec
3250 1340 3486 1395 diminu-

1920 1424 2122 1479 tionem
2157 1425 2428 1481 admittit:
2465 1429 2556 1498 qui
2587 1427 2781 1499 Legem
2811 1436 2865 1484 et
2892 1428 3192 1500 Prophetas
3228 1440 3280 1485 et
3311 1431 3486 1486 Evan-

1919 1514 2057 1584 gelia
2086 1514 2244 1569 nobis
2281 1515 2460 1570 dedit:
2496 1517 2589 1587 qui
2623 1517 2886 1574 Dominus
2935 1528 3017 1575 est
3056 1521 3483 1590 patriarcharum

1921 1614 1974 1662 et
2007 1608 2378 1677 apostolorum
2410 1618 2833 1680 sanctorumque
2856 1612 3120 1684 omnium,
3150 1612 3215 1666 Et
3239 1614 3296 1667 in
3318 1630 3485 1668 unum

1928 1695 2213 1753 Dominum
2248 1696 2433 1754 Jesum
2458 1699 2757 1767 Christum,
2778 1700 2973 1756 Filium
2998 1701 3090 1757 Dei
3121 1700 3488 1774 unigenitum:

252 1790 416 1855 ὄντος,
445 1791 563 1844 ἀλλ’
597 1792 661 1843 ὲκ
680 1792 772 1844 τοῦ
793 1791 943 1855 ὄντος
966 1791 1198 1862 Πατρὸς,
1226 1792 1286 1844 οὐ
1310 1789 1450 1844 κατά
1468 1789 1567 1853 τὰς
1592 1789 1698 1843 τῶν
1723 1806 1818 1842 σωο

1930 1806 2027 1845 rion
2058 1807 2125 1847 ex
2162 1791 2335 1845 nihilo
2364 1794 2604 1863 genitum
2634 1834 2648 1858 ,
2700 1794 2794 1851 sed
2833 1811 2897 1850 ex
2926 1811 2990 1850 eo
3020 1796 3110 1865 qui
3164 1794 3322 1853 Pater
3361 1804 3486 1864 est;

257 1882 435 1954 μάτων
468 1883 815 1953 ὁμοιότητας,
836 1885 957 1945 ταῖς
980 1885 1172 1953 τομαῖς
1203 1882 1236 1953 ἢ
1266 1884 1385 1944 ταῖς
1415 1882 1479 1933 ὲκ
1506 1881 1817 1952 διαιρέσεων

253 1973 588 2046 ὰποῤῥοίαις,
633 1973 819 2042 ὥσπερ
857 1974 1129 2044 Σαϐελλίῳ
1169 1973 1263 2026 καὶ
1309 1973 1605 2043 Βαλεντίνῳ
1652 1972 1814 2026 δοκεῖ·

252 2066 353 2121 ἀλλ’
384 2068 643 2140 ἀρρήτως
676 2070 770 2121 καὶ
809 2068 1232 2139 ἀνεκδιηγήτως,
1267 2066 1405 2120 κατά
1448 2067 1537 2119 τὸν
1575 2066 1818 2131 εἰπόντα,

253 2159 317 2223 ὡς
348 2160 621 2232 ἀνωτέρω
656 2159 1065 2232 παρεθήκαμεν,
1116 2159 1233 2228 Τὴν
1272 2159 1483 2228 γενεὰν
1516 2160 1699 2213 αὐτοῦ
1732 2161 1821 2224 τίς

253 2251 635 2324 muniuerat;
676 2253 789 2323 Τῆς
832 2253 1179 2316 ὑποστάσεως
1220 2251 1382 2307 αὑτοῦ
1423 2252 1571 2324 πάσῃ
1603 2254 1668 2323 τῇ
1700 2268 1822 2320 γεν-

256 2348 375 2417 ini-:15
414 2343 576 2414 φύσει
599 2343 712 2415 (54)
742 2344 1173 2416 ἀπεριεργὸωτου
1211 2341 1600 2414 τυγχανούσης,
1640 2341 1822 2406 καθὼς

254 2438 336 2491 καὶ
378 2438 552 2501 αὐτὸς
592 2439 621 2491 6
667 2438 855 2509 Πατὴρ
896 2438 1324 2511 ἀπεριέργαστός
1363 2441 1497 2504 ἐστι,
1531 2438 1618 2492 διὰ
1653 2439 1714 2491 τὸ
1749 2439 1821 2511 μὴ

258 2532 446 2601 χωρεῖν
474 2530 576 2601 τὴν
598 2530 708 2583 τῶν
741 2529 974 2599 λογικῶν
1004 2532 1184 2601 φύσιν,
1216 2533 1315 2604 τῆς
1344 2532 1617 2603 πατρικῆς
1648 2531 1825 2600 θεογο-

256 2620 358 2684 via;
384 2620 489 2692 τὴν
520 2620 746 2691 εἴδησιν·
780 2620 923 2694 ἅπερ
963 2624 1023 2677 οὐ
1066 2624 1193 2694 παρ’
1222 2623 1355 2694 ἐμοῦ
1384 2623 1462 2677 δεῖ
1507 2623 1696 2694 μαθεῖν
1734 2621 1825 2677 ἄν·

254 2712 373 2784 δρας
424 2712 507 2785 τῷ
541 2713 643 2783 τῆς
678 2713 936 2785 ἀληθείας
974 2715 1244 2786 πνεύματι
1285 2717 1651 2787 κινουμένους,
1682 2717 1824 2787 ὑπη-

256 2800 451 2873 χούσης
483 2804 634 2873 ἡμᾶς
662 2803 754 2857 καὶ¹
778 2803 878 2875 τῆς
906 2803 1189 2876 φθασάσης
1214 2805 1450 2876 Χριστοῦ
1482 2806 1607 2876 περὶ
1636 2805 1824 2859 τούτου

257 2896 433 2966 φωνῆς
483 2897 582 2950 καὶ
635 2896 1012 2969 διδασκούσης·
1063 2898 1273 2965 Οὐδεὶς
1313 2894 1435 2952 οἵδε
1477 2900 1566 2964 τίς
1603 2898 1826 2952 ἐστιν-ό

256 2986 474 3055 Πατὴρ,
514 2989 568 3040 et
597 2988 682 3056 μὴ
717 2990 749 3041 d
788 2988 940 3054 Υἱός·
967 2988 1065 3041 καὶ
1094 2988 1292 3054 οὐδεὶς
1322 2985 1445 3042 οἶδε
1474 2989 1565 3055 τίς
1598 2989 1767 3042 ἐστιν
1795 2992 1827 3041 ὀ

264 3077 415 3143 Υἱὸς,
448 3081 503 3131 εὶ
535 3077 622 3147 μὴ
652 3081 685 3131 ὀ
719 3080 938 3146 Πατήρ.
985 3079 1286 3150 Ἀτρεπτον
1318 3079 1503 3132 τοῦτον
1545 3079 1638 3131 καὶ
1666 3079 1826 3132 ἀναλ-

256 3168 474 3223 λοίωτον
502 3169 578 3233 ὼς
608 3169 700 3222 τὸν
728 3169 970 3241 Πατέρα,
1006 3171 1302 3241 ἀπροσδεῆ,
1333 3173 1425 3224 καὶ
1450 3172 1649 3224 τέλειον
1681 3171 1825 3237 Υἰὸν,

256 3263 463 3335 ἐμφερῆ
502 3261 583 3332 τῷ
610 3262 784 3334 Πατρὶ
820 3261 1237 3334 μεμαθήκαμεν,
1268 3264 1410 3334 μόνῳ
1446 3264 1523 3335 τῷ
1555 3265 1830 3336 ἀγεννήτῳ

258 3354 578 3423 λειπόμενον
604 3352 833 3406 ἐκείνου.
865 3352 1042 3406 Εῐκὼν
1068 3355 1175 3422 γάρ
1204 3356 1348 3407 ἐστιν
1377 3354 1829 3425 ἀπηκριϐωμένη,

260 3444 343 3497 καὶ
369 3443 798 3513 ἀπαράλλακτος
820 3443 913 3497 τοῦ
939 3444 1172 3515 Πατρός.
1203 3443 1426 3498 Πάντων
1450 3445 1557 3516 γὰρ
1578 3440 1830 3516 εἶναιτὴν

258 3538 435 3592 εἰκόνα
460 3538 581 3610 ('55)
607 3537 810 3610 πλήρη,
850 3538 917 3591 δι’
956 3530 1029 3592 ὧν
1065 3540 1099 3609 ἡ
1136 3538 1335 3608 μείζων
1358 3539 1624 3610 ἐμφέρεια
1651 3538 1828 3608 δῆλον,

256 3632 326 3695 ὡς
355 3632 531 3694 αὐτὸς
563 3629 877 3683 ἐπαίδευσεν
909 3633 938 3683 6
970 3631 1192 3703 Κύριος*
1244 3632 1298 3684 '0
1337 3630 1537 3700 Πατήρ
1562 3650 1701 3701 μου,
1747 3631 1832 3684 λέ-

258 3739 382 3790 γων,
412 3722 638 3793 μείζων
668 3741 788 3793 μου
827 3723 976 3777 ἐστι.
1008 3724 1119 3777 Καὶ
1144 3723 1301 3789 κατὰ*
1325 3724 1480 3777 τοῦτο
1519 3724 1610 3777 καὶ
1648 3725 1708 3777 τὸ
1746 3723 1833 3777 ἀεὶ

255 3811 388 3870 εἶναι
414 3816 516 3870 τὸν
546 3816 675 3870 Υἱὸν
707 3818 771 3870 ὲκ
796 3816 888 3871 τοῦ
914 3816 1127 3892 [ἰατρὸς
1159 3815 1505 3888 πιστεύομεν.
1548 3816 1831 3885 Ἀπαύγα-

256 3920 373 3973 qua
414 3906 533 3979 γάρ
571 3907 703 3960 ἐστι
742 3905 851 3976 τῆς
888 3907 1095 3975 δόξης,
1136 3908 1231 3961 καὶ
1262 3907 1566 3977 χαρακτὴρ
1594 3906 1702 3976 τῆς
1730 3924 1833 3961 πα-

259 4000 448 4071 τρικῆς
470 3999 885 4067 ὑποστάσεως.
927 4000 1084 4054 Ἀλλά
1111 4001 1184 4071 μή
1208 4017 1292 4065 τις
1326 4000 1386 4053 τὸ
1418 3999 1509 4055 ἀεὶ
1538 3999 1672 4072 πρὸς
1703 3999 1832 4052 ὑπόσ-

257 4108 403 4146 νοιαν
445 4093 776 4162 Ἀγεννήτου
801 4091 1143 4162 λαμϐανέτω,
1181 4092 1255 4155 ὡς
1275 4090 1474 4145 οἴονται
1494 4093 1541 4144 οἱ
1563 4092 1631 4144 τὰ
1653 4089 1831 4160 ψυχῆς

252 4184 594 4255 αἰσθητήρια
636 4183 1043 4255 πεπηρωμένοι.
1091 4182 1226 4237 Οὔτε
1258 4184 1365 4254 γὰρ
1398 4184 1457 4236 τὸ
1482 4180 1578 4253 ἦν,
1623 4181 1742 4235 οὔτε
1772 4182 1831 4234 τὸ

255 4274 367 4339 ἀεὶ,
391 4276 536 4333 οὔτε
553 4275 614 4328 τὸ
641 4274 752 4342 πρὸ
777 4274 1023 4339 αἰώνων,
1054 4275 1247 4328 ταύτὸν
1267 4277 1381 4328 ἐστι
1404 4275 1480 4346 τῷ
1514 4276 1830 4347 ’Λγεννὴτῳ.

264 4365 403 4418 ’.ἁλλ’
437 4365 556 4419 οὐδ’
597 4365 770 4419 ὁτιοῦν
816 4364 1113 4436 ἀνθρώπων
1167 4366 1337 4419 ἔννοια
1384 4367 1834 4438 ὀνοματοποιῆσαι

1920 1898 2029 1939 non
2056 1898 2345 1953 corporum
2378 1900 2565 1949 more,
2616 1902 2711 1955 per
2758 1887 3051 1944 incisiones
3105 1895 3197 1941 aut
3242 1888 3487 1943 deﬂexus

1920 1975 2272 2039 divisionum,
2307 1977 2763 2045 quemadmodum
2801 1976 3037 2033 Sabellio
3063 1979 3278 2033 videtur
3309 1988 3363 2035 et
3384 1979 3487 2033 Va-

1921 2067 2156 2133 lentino,
2209 2068 2303 2122 sed
2362 2067 2725 2139 inexplicabili
2766 2077 2818 2124 et
2864 2071 3214 2126 inenarrabili
3251 2072 3486 2143 quodam

1921 2160 2103 2228 modo,
2147 2159 2302 2229 juxta
2337 2161 2611 2230 prophetae
2643 2162 2804 2217 verba
2846 2162 2893 2194 ³⁰
2928 2179 3047 2234 quae
3097 2180 3261 2234 supra
3298 2166 3489 2220 retuli-

1922 2267 2089 2307 mus:
2125 2251 2519 2307 Generationem
2577 2254 2688 2322 ejus
2752 2255 2868 2323 quis
2921 2253 3230 2323 enarrabit?
3282 2254 3490 2326 Quippe

1923 2359 2044 2398 cum
2079 2344 2198 2413 ejus
2222 2344 2630 2399 subsistentiam
2670 2344 2817 2397 nulla
2851 2328 3097 2400 mortalis
3126 2353 3321 2399 natura
3365 2361 3487 2416 per-

1923 2435 2191 2506 vestigare
2215 2435 2408 2506 possit,
2435 2435 2577 2491 sicut
2612 2450 2711 2490 nec
2739 2433 2898 2490 Pater
2930 2436 2998 2489 ab
3030 2435 3139 2489 ullo
3179 2434 3489 2507 investigari

1923 2529 2141 2593 potest;
2180 2530 2467 2592 propterea
2523 2524 2668 2594 quod
2715 2524 2996 2579 rationalis
3031 2533 3222 2579 natura
3272 2526 3491 2580 modum

1925 2615 2119 2671 divinae
2150 2616 2296 2671 illius
2321 2632 2387 2671 ex
2408 2616 2568 2672 Patre
2600 2618 2967 2688 generationis
2998 2619 3274 2689 percipere
3314 2617 3493 2675 baud-

1925 2724 2197 2779 quaquam
2233 2709 2393 2765 valet.
2428 2708 2627 2763 Verum
2663 2710 2910 2765 homines
2940 2710 3031 2780 qui
3066 2709 3269 2781 Spiritu
3293 2712 3494 2766 verita-

1927 2803 1998 2856 tis
2030 2812 2345 2868 moventur,
2386 2818 2496 2857 non
2546 2817 2683 2871 opus
2715 2802 2916 2856 habent
2946 2804 3049 2857 ista
3078 2819 3107 2856 a
3138 2820 3223 2859 me
3250 2804 3458 2863 discere
3478 2848 3492 2870 ,

1927 2910 2050 2949 cum
2086 2895 2309 2948 auribus
2354 2894 2559 2949 nostris
2619 2894 2873 2950 insonent
2911 2896 3067 2951 verba
3117 2897 3225 2967 jam
3285 2899 3409 2952 olim
3463 2916 3492 2950 a

1928 2983 2146 3039 Christo
2174 2984 2275 3039 hac
2304 2985 2370 3039 de
2392 3001 2451 3039 re
2487 2986 2720 3055 prolata,
2744 3002 2953 3056 nosque
2982 2987 3056 3040 ita
3082 2989 3308 3042 doceant
3333 3007 3346 3043 :
3385 2986 3495 3041 Ne-

1931 3092 2013 3129 mo
2047 3078 2186 3129 novit
2217 3076 2432 3130 Patrem
2462 3077 2567 3130 nisi
2598 3075 2795 3143 Filius,
2826 3090 2873 3133 et
2901 3095 3047 3133 nemo
3080 3082 3217 3133 novit
3259 3081 3375 3150 quis
3427 3082 3494 3133 sit

1934 3166 2106 3221 Filius
2136 3169 2239 3221 nisi
2275 3167 2433 3220 Pater
2473 3167 2535 3224 3‘.
2572 3166 2729 3223 Hunc
2757 3169 3131 3224 conversionis
3160 3185 3223 3223 ac
3250 3171 3497 3224 mutatio-

1933 3265 2017 3316 nis
2044 3268 2319 3331 expertem
2356 3260 2580 3330 perinde
2607 3275 2669 3314 ac
2708 3260 2945 3326 Patrem,
2978 3263 3181 3317 nullius
3226 3270 3499 3332 egentem,

1931 3363 1983 3406 et
2015 3352 2311 3421 perfectum
2335 3350 2552 3416 Filium,
2578 3350 2861 3421 Patrisque
2892 3353 3119 3409 similem
3146 3368 3267 3409 csse
3294 3354 3487 3408 didicit

1932 3459 2074 3507 mus,
2107 3445 2210 3498 hoc
2243 3445 2358 3500 solo
2383 3444 2695 3499 inferiorem
2717 3443 2896 3510 Patre,
2921 3444 3069 3514 quod
3104 3446 3496 3515 ingenitusnon

1930 3543 2030 3591 est.
2070 3535 2164 3592 Est
2184 3537 2329 3592 enim
2370 3536 2545 3608 imago
2576 3536 2753 3591 Patris
2786 3537 3137 3592 exactissima
3165 3547 3219 3593 et
3259 3538 3312 3592 in
3346 3540 3495 3593 nullo

1932 3628 2267 3700 discrepans.
2297 3630 2507 3700 Quippe
2536 3631 2724 3701 liquet,
2756 3646 2883 3685 eum
2916 3631 3207 3701 imaginem
3229 3647 3350 3687 esse
3382 3631 3491 3702 ple-

1932 3734 2001 3772 ne
2030 3722 2211 3772 omnia
2243 3720 2632 3784 continentem,
2661 3722 2860 3790 quibus
2917 3722 3149 3775 maxima
3203 3721 3500 3777 similitudo

1933 3808 2273 3873 declaratur,
2306 3812 2447 3867 sicut
2491 3814 2605 3881 ipse
2630 3812 2891 3868 Dominus
2939 3812 3159 3878 docuit,
3212 3828 3335 3867 cum
3378 3813 3497 3868 ait:

1936 3902 2098 3956 Pater
2126 3903 2299 3973 major
2331 3920 2409 3957 me
2437 3904 2602 3957 est”.
2654 3902 2719 3957 Et
2770 3906 3067 3960 secundum
3115 3905 3217 3959 hoc
3245 3903 3439 3959 Filium
3471 3921 3502 3959 e

1935 3992 2095 4048 Patre
2121 4010 2335 4064 semper
2364 3996 2631 4052 exsistere
2664 3996 2960 4052 credimus.
2994 3994 3091 4050 Est
3140 3997 3286 4051 enim
3330 3996 3503 4064 splen-

1934 4087 2031 4141 dor
2054 4096 2290 4158 paternm
2318 4089 2520 4160 gloriae,
2549 4101 2598 4144 et
2620 4091 2793 4161 ﬁgura
2819 4090 3129 4145 substantiw
3155 4088 3267 4158 ejus
3293 4089 3358 4142 ³³.
3394 4086 3501 4143 Sed

1938 4196 2096 4234 nemo
2146 4196 2267 4235 eam
2320 4196 2505 4237 vocem
2560 4198 2761 4252 semper
2803 4181 2868 4236 ad
2903 4180 3266 4251 suspicionem
3322 4179 3502 4233 trahat

1936 4270 2188 4341 lugeniti,
2226 4272 2366 4326 sicut
2398 4272 2711 4327 existimant
2752 4273 2789 4326 ii
2843 4273 2935 4341 qui
2978 4286 3175 4327 sensus
3204 4269 3371 4324 animi
3404 4269 3504 4325 ob-

1938 4372 2167 4417 eaecatos
2196 4363 2416 4419 habent.
2455 4362 2589 4417 Nam
2632 4380 2734 4417 nec
2774 4356 2995 4417 verbum
3028 4372 3169 4424 erat,
3232 4375 3330 4415 nec
3362 4376 3504 4415 δεηιιη

255 4459 578 4523 σπουδάσει,
610 4458 758 4528 δηλοῖ
788 4458 849 4511 τὸ
887 4459 1199 4529 ἀγέννητον,
1242 4458 1328 4522 Ὠς
1370 4461 1461 4512 καὶ
1493 4460 1634 4530 ὑμᾶς
1666 4460 1827 4523 οὕτως

1938 4470 2046 4520 per,
2074 4470 2173 4509 nec
2198 4465 2318 4509 ante
2342 4454 2539 4508 swcula
2574 4455 2712 4508 idem
2747 4462 2829 4507 est
2861 4452 3005 4522 quod
3034 4451 3358 4522 lngenitum.
3392 4448 3496 4505 Sed

254 4549 584 4622 ἰδοδέχεσθαι
613 4549 873 4615 πιστεύω,
908 4551 1003 4604 καὶ
1040 4550 1351 4622 τεθάρρηκα
1379 4554 1444 4622 τῇ
1470 4552 1595 4622 περὶ
1618 4552 1835 4605 πάντων

255 4640 406 4710 ὑμῶν
444 4638 586 4712 ὀρθῇ
624 4639 895 4711 προθέσει,
943 4640 1083 4694 κατά
1132 4641 1332 4712 μηδένα
1386 4642 1583 4712 τρόπον
1633 4642 1835 4696 τούτων

256 4729 356 4783 τῶν
404 4730 696 4800 ὀνομάτων
740 4729 801 4783 τὸ
838 4730 1127 4799 ἀγέννητον
1156 4728 1471 4800 δηλούντων.
1515 4731 1696 4783 Ἐοικε
1729 4730 1835 4801 γὰρ

333 4879 753 4946 “Iloan.v,i.

252 5054 525 5118 natpram
554 5046 913 5117 unigenitum,
952 5062 1061 5118 non
1092 5047 1237 5118 quod
1270 5046 1590 5118 Unigenitus
1618 5046 1843 5102 inferior

247 5119 321 5187 sit
339 5115 535 5180 Patre,
558 5115 815 5187 sedquod
835 5132 930 5186 per
947 5115 1306 5187 illum—omnia
1331 5115 1458 5171 facit
1478 5117 1656 5181 Pater,
1691 5125 1749 5171 ut
1767 5119 1841 5170 ait

250 5184 508 5258 {omnes
538 5182 893 5256 evangelista.
942 5186 1097 5243 Unde
1123 5182 1282 5258 δι’ᾼοῦ
1326 5190 1544 5258 proprie
1582 5188 1844 5258 tribuitur

252 5253 425 5317 Filio,
481 5253 944 5325 quemadmodum
1001 5266 1155 5313 notat
1203 5253 1442 5313 Basilius
1488 5258 1543 5311 in
1585 5258 1726 5312 libro
1766 5257 1843 5310 De

250 5324 477 5393 Spiritu
508 5338 711 5382 sancto.

320 5396 453 5464 ('54)
492 5395 665 5465 Πὰσῃ
710 5396 784 5466 τῇ
829 5396 1089 5466 γεννητῇ
1131 5399 1330 5467 φύσει.
1381 5397 1562 5451 Malim
1605 5396 1844 5452 scribere

248 5468 496 5538 γενητῇ,
526 5468 984 5535 quemadmodum
1017 5469 1212 5538 legisse
1236 5469 1448 5522 videtur
1479 5467 1832 5538 Epiphanius.

248 5534 634 5607 Vertit’enim,
657 5540 797 5591 omni
812 5548 1001 5607 creato:
1023 5534 1228 5592 natura:
1248 5534 1709 5607 imperscrutdbili,
1729 5544 1832 5591 etc.

325 5606 454 5677 (55)
498 5605 741 5662 Πάντων
782 5609 891 5677 γὰρ
932 5604 1083 5662 εἶναι
1120 5609 1234 5676 τὴν
1260 5604 1497 5674 ,δὲ’κόνιι.
1546 5608 1601 5662 1n
1651 5607 1837 5662 codice

251 5671 557 5730 Saviliano
587 5686 641 5731 et
676 5679 729 5731 in
769 5671 1006 5734 editione
1040 5671 1327 5734 Basiliensi
1360 5682 1584 5734 verbum
1607 5678 1835 5732 intersc-

251 5746 407 5801 ritur
454 5745 561 5801 hoc
589 5749 768 5813 modo,
820 5750 1032 5803 πάντων
1066 5749 1172 5822 γὰρ
1216 5745 1351 5803 εἶναι
1400 5750 1478 5803 δεῖ
1521 5749 1617 5819 τὴν
1658 5748 1839 5801 εἰκόνα

1942 4562 2115 4615 neque
2149 4544 2293 4599 aliud
2340 4545 2509 4598 ullum
2544 4543 2868 4599 vocabulum
2907 4541 3140 4596 humana
3173 4556 3323 4595 mens
3354 4554 3503 4593 com-

1944 4637 2155 4691 minisci
2194 4644 2369 4705 potest
2394 4636 2539 4706 quod
2568 4636 2837 4706 signiticet
2865 4635 3182 4705 ingenitum.
3228 4634 3403 4703 Atque
3428 4632 3503 4686 ita

1942 4746 2039 4785 vos
2071 4731 2370 4800 intelligere
2402 4730 2602 4794 credo,
2655 4742 2942 4799 vestroque
3011 4729 3065 4782 in
3115 4728 3368 4783 erunibus
3421 4742 3507 4781 re-

841 4884 885 4915 ³⁰
915 4883 1024 4939 Isa.
1052 4886 1242 4948 thl,8.
1320 4888 1359 4917 ³³
1393 4885 1590 4942 Manli.
1624 4904 1697 4949 χι,
1726 4887 1813 4941 27.

1930 4892 1938 4918 ι
1973 4885 2132 4939 Joan.
2162 4898 2269 4950 XIV,
2295 4885 2384 4941 28.
2464 4887 2505 4917 ³³
2542 4884 2698 4941 Hebr.
2738 4902 2776 4949 ι,
2815 4887 2865 4938 5.

1948 5051 2151 5122 πλήρη.
2184 5050 2355 5122 Atque
2386 5051 2457 5103 ita
2489 5051 2680 5120 legisse
2716 5050 2928 5103 videtur
2959 5046 3299 5122 Epiphanius
3335 5045 3505 5100 Scho-

1948 5120 2192 5176 lasticus.
2225 5121 2316 5175 Sic
2340 5122 2482 5175 enim
2516 5122 2696 5182 vertit,
2744 5129 2792 5173 et
2827 5120 3036 5172 omnino
3070 5120 3355 5188 imaginem
3378 5133 3503 5170 cou-

1947 5194 2081 5246 venit
2110 5208 2220 5246 esse
2258 5193 2463 5259 plenam
2499 5207 2701 5257 eorum,
2741 5207 2830 5259 per
2862 5205 2977 5259 qum
3009 5206 3110 5259 non
3132 5187 3281 5259 idesit
3303 5187 3505 5259 aliquid

1949 5262 2013 5315 ab
2053 5256 2353 5332 wqualitate
2378 5262 2492 5332 ejus
2522 5261 2670 5329 cujus
2701 5256 2883 5330 imago
2908 5269 3007 5332 est.
3176 5267 3229 5314 et
3254 5256 3505 5332 Christo-

1948 5329 2256 5402 phorsonus
2294 5330 2537 5402 eamdem
2570 5329 2895 5399 scripturam
2940 5329 2994 5402 in
3030 5330 3183 5385 libris
3212 5329 3507 5402 suisrepe-

1947 5400 2115 5464 rei-at,
2148 5404 2251 5457 nisi
2280 5402 2424 5471 quod
2444 5401 2552 5454 δεῖν
2576 5403 2629 5454 in
2653 5402 2761 5471 illis
2781 5400 3183 5469 exemplaribus
3208 5400 3503 5471 legebatur,

1944 5474 2138 5528 melius
2163 5470 2410 5527 fortasse.
2446 5471 2700 5525 Refertur
2723 5474 2865 5526 enim
2893 5472 2958 5524 ad
2991 5486 3175 5524 vocem
3203 5470 3358 5537 δῆλον
3387 5487 3507 5539 quae

1946 5546 2211 5612 sequitur.
2246 5542 2398 5608 Quod
2435 5545 2479 5598 si
2511 5541 2590 5594 δεῖ
2622 5542 2795 5612 legere
2826 5542 3099 5604 malimus,
3130 5549 3242 5612 tum
3265 5541 3477 5612 scriheu

1944 5610 2072 5666 dum
2111 5615 2215 5668 erit
2239 5612 2511 5683 δηλοῦται,
2547 5623 2602 5666 ut
2627 5610 2821 5682 legitur
2851 5614 2903 5665 in
2927 5612 3113 5667 codice
3142 5610 3339 5667 Leonis
3370 5610 3511 5665 Αιιλη

1947 5685 2026 5747 lii,
2067 5701 2161 5753 pro
2192 5684 2365 5757 δῆλον.
