3980 6318
535 280 638 340 56⁸1

1648 273 1704 328 S.
1743 272 2140 327 ALEXAND“!
2180 271 2642 327 ALEXANDRINI

3674 260 3773 324 563

536 401 624 447 cto
669 391 916 448 consilio‘
948 405 1012 448 ac
1058 388 1339 459 proposito
1391 387 1626 452 confido,
1665 387 2071 458 quandoquidem

2199 387 2360 442 οἱονεὶ
2401 385 2606 457 χρόνων
2644 379 2783 436 εἶναι
2832 384 3166 455 παρέκτασις
3197 381 3369 436 ταῦτα
3409 381 3479 436 τά
3514 382 3771 453 ὀνόματα,

535 491 652 546 haec
672 487 838 543 verba
865 484 1178 539 nullatenus
1204 481 1502 552 ingenitum
1533 481 1857 554 signiﬁcant.
1891 480 2100 536 Etenim

533 581 650 636 haec
675 578 839 633 verba
861 575 999 629 nihil
1026 573 1173 628 aliud
1202 575 1456 630 videntur
1497 589 1621 630 esse
1647 588 1809 644 quam
1842 573 2102 644 temporis
2135 611 2139 618 ς

538 670 820 742 productio
853 689 868 725 :
905 668 1000 725 sed
1033 667 1373 724 divinitatem
1399 707 1414 733 ,
1444 674 1498 722 et
1527 667 1684 738 quasi
1729 667 2100 737 antiquitatem

535 762 805 833 Unigeniti
837 776 936 832 pro
967 759 1230 833 dignitate
1270 759 1576 830 exprimere
1620 773 1729 812 non
1758 769 1988 829 possunt
2019 778 2032 814 :
2068 775 2100 812 a

534 853 734 910 sanctis
769 861 950 908 autem
981 851 1118 909 viris
1148 851 1356 922 prolata
1383 857 1541 915 sunt,
1576 848 1703 904 dum
1750 850 1946 920 singuli
1995 850 2098 905 hoc

532 947 843 1017 mysterium
876 960 975 1016 pro
1001 952 1164 1016 captu
1211 959 1311 999 suo
1341 943 1590 998 nituntur
1632 943 1963 1013 exprimere,
2006 958 2098 998 ve-

531 1038 675 1092 niam
700 1044 945 1107 petentes
981 1036 1049 1091 ab
1075 1034 1439 1098 auditoribus,
1471 1049 1593 1090 cum
1622 1033 1772 1104 justa
1807 1049 1869 1089 ac
1900 1034 2099 1104 proba-

530 1129 621 1183 bili
650 1129 1003 1184 excusatione
1048 1127 1316 1183 dicendo:
1355 1125 1473 1181 Huc
1530 1142 1702 1196 usque
1750 1126 2091 1196 pertigimus.

497 1220 679 1289 \Quod
711 1221 754 1276 si
786 1221 875 1290 qui
928 1229 1085 1282 sunt,
1127 1219 1218 1290 qui
1267 1218 1334 1273 ab
1387 1233 1482 1275 ore
1536 1218 1748 1272 mortali
1778 1233 1964 1273 vocem
1997 1219 2095 1273 ali-

527 1325 687 1382 quam
715 1319 1030 1382 exspectent
1061 1311 1492 1382 praestantiorem
1529 1311 1767 1365 humano
1797 1325 1959 1367 sensu
2001 1326 2094 1367 ca-

527 1410 749 1472 ptuque,
777 1404 976 1458 abolita
1003 1418 1146 1468 esse,
1165 1403 1430 1470 dicentes,
1449 1417 1511 1458 ea
1541 1417 1662 1472 qua:
1689 1401 1824 1472 ipsis
1849 1418 1915 1458 ex
1939 1412 2092 1472 parte

525 1502 653 1548 sunt
682 1496 931 1566 cognita;
980 1497 1139 1567 longe
1201 1495 1444 1566 profecto
1478 1493 1708 1550 inferius
1747 1502 1831 1550 est
1875 1496 2090 1550 illorum

523 1601 619 1655 spe
647 1593 810 1658 atque
837 1589 1242 1658 exspectatione
1283 1587 1506 1642 verbum
1537 1598 1674 1650 erat,
1707 1594 1762 1641 et
1792 1604 2012 1657 semper,
2038 1596 2091 1644 et

523 1687 643 1732 ante
677 1679 890 1734 sarcula.
933 1679 996 1732 Et
1027 1679 1289 1751 quidquid
1317 1678 1532 1735 tandem
1581 1680 1852 1750 prolatum
1881 1677 2086 1746 fuerit,

2204 479 2302 551 τὴν
2333 479 2514 549 μέντοι
2548 478 2666 530 κατ’
2698 476 2854 543 ἀξίαν
2883 474 2976 530 τοῦ
3023 475 3359 544 Μονογενοῦς
3396 474 3648 545 θεότητα,
3683 475 3773 528 καί

2202 564 2312 624 οἷον
2333 570 2662 643 ἀρχαιότητα
2687 569 2969 641 σημαίνειν
2993 567 3066 640 μὴ
3088 569 3377 639 δυνάμεναο
3401 566 3508 620 τῶν
3525 566 3585 620 δὲ
3607 567 3772 634 ἁγίων

2185 662 2409 734 ἀνδρῶν
2449 663 2525 728 ὡς
2555 663 2782 733 δύναμις
2815 661 3029 732 ἑκάστῳ
3064 660 3360 732 ἐμφανίσαι
3386 659 3446 713 τὸ
3477 659 3773 730 μυστήριον

2202 753 2554 825 βιαζομένων,
2609 753 2702 808 καὶ
2749 752 3076 824 συγγνώμην
3125 750 3414 804 αἰτούντων
3462 748 3618 820 παρά
3666 747 3772 800 τῶν

2198 846 2481 918 ἀκροατῶν
2509 847 2576 900 δι’
2606 847 2828 917 εὐλόγου
2854 846 3169 916 ἀπολογίας,
3197 844 3420 916 (56).διά
3443 845 3536 898 τοῦ
3569 843 3766 912 λέγειν·

2197 940 2290 1004 Et;
2325 939 2360 993 ἃ
2393 939 2726 1010 ἐφθάσαμεν.
2764 939 2826 992 Εἰ
2854 939 2912 992 δέ
2941 956 2994 992 τι
3023 937 3174 1010 παρά
3204 939 3266 991 τὸ
3293 935 3656 1008 ἀνθρώπινον,
3683 934 3769 989 διὰ

2196 1031 2418 1103 χειλέων
2453 1032 2674 1104 φθέγμα
2701 1029 2881 1103 μεῖζόν
2909 1049 2960 1085 τι
2991 1029 3361 1105 προσδοκῶσιν
3382 1031 3432 1082 οἰ
3461 1028 3676 1100 ἄνδρες,
3702 1027 3768 1080 τά

2196 1127 2261 1178 ὲκ
2288 1125 2484 1197 μέρους
2513 1125 2696 1188 αὐτοῖς
2725 1123 3090 1196 γνωρισθέντα
3119 1122 3227 1194 (57)
3265 1119 3658 1191 ωταργεῖσθαι
3684 1119 3767 1172 λέ-

2194 1235 2401 1287 γοντες,
2435 1217 2590 1288 δῆλον
2637 1218 2718 1270 ὅτι
2760 1216 2892 1271 πολὺ
2926 1214 3019 1269 τοῦ
3049 1214 3398 1285 ἐλπιζομένου
3429 1211 3682 1266 λείπεται
3708 1211 3767 1265 τὸ

2193 1307 2292 1378 ἦν,
2326 1308 2422 1362 καὶ
2463 1308 2524 1360 τὸ
2555 1307 2666 1373 ἀεὶ,
2701 1308 2796 1362 καὶ
2836 1307 2897 1361 τὸ
2928 1306 3042 1375 πρὸ
3081 1307 3325 1360 αἰώνων·
3357 1305 3492 1375 ὅπερ
3527 1304 3571 1356 δ’
3607 1303 3675 1356 ἂν
3707 1298 3761 1377 ᾗ,

2191 1403 2291 1454 οὐκ
2317 1400 2432 1454 ἐστι
2459 1400 2651 1454 ταύτὸν
2677 1399 2755 1471 τῷ
2798 1401 3119 1471 Ἀγεννήτῳ.
3146 1397 3355 1452 Οὐκοῦν
3379 1395 3457 1467 τῷ
3484 1397 3582 1467 μὲν
3602 1395 3764 1464 ἀγεν-

2191 1495 2334 1565 νήτῳ
2366 1493 2559 1565 Πατρί,
2606 1495 2801 1546 οἰκεῖον
2835 1491 3048 1562 ἀξίωμα
3086 1490 3402 1560 φυλακτέον,
3434 1488 3639 1559 μηδένα
3666 1485 3760 1540 τοῦ

2191 1583 2324 1640 εἶναι
2357 1587 2505 1658 αὐτῷ
2529 1587 2620 1641 τὸν
2649 1585 2819 1639 αἴτιον
2837 1584 3112 1653 λέγοντας·
3139 1583 3217 1654 τῷ
3240 1584 3296 1636 δὲ
3325 1581 3435 1652 Tqu
3455 1581 3554 1654 τὴν
3585 1580 3760 1652 ἁρμό-

2191 1676 2386 1742 ζουσαν
2420 1677 2582 1749 τιμὴν
2611 1676 3000 1747 ἀπονεμητέον,
3040 1674 3135 1746 τὴν
3166 1675 3394 1746 ἄναρχον
3428 1672 3578 1744 αὐτῷ
3607 1671 3760 1746 παρὰ

523 1788 630 1828 non
662 1773 804 1827 idem
851 1782 934 1829 est
975 1789 1099 1829 cum
1152 1773 1418 1845 Ingenito.
1454 1771 1641 1842 Itaque
1687 1771 1834 1827 Patri
1867 1772 2071 1842 quidet!

2189 1767 2279 1822 τοῦ
2325 1768 2534 1841 Πατρὸς
2582 1768 2833 1840 γέννησιν
2867 1766 3235 1830 ἀνατιθέντας,
3266 1766 3359 1819 καί
3394 1764 3471 1828 ὡς
3513 1764 3756 1833 ἐφθάσα-

519 1863 760 1935 ingenito
785 1866 1060 1936 propriam
1097 1864 1416 1936 dignitatem
1447 1879 1665 1921 servare
1697 1873 1930 1934 oportet,
1962 1863 2088 1918 nul-

519 1956 625 2010 lam
650 1972 773 2012 eum
808 1957 1006 2013 habere
1038 1957 1370 2014 exsistentize
1403 1972 1515 2013 sua:
1564 1971 1784 2014 causam
1831 1955 2087 2026 proﬁten-

517 2047 626 2104 do:
661 2047 798 2105 Filio
848 2067 975 2106 vero
1016 2058 1330 2122 competens
1377 2051 1552 2106 honor
1602 2051 1918 2106 tribuendus
1966 2057 2082 2116 est,

515 2140 784 2212 principio
809 2153 1082 2198 carentem
1116 2159 1180 2198 ex
1213 2143 1374 2197 Patre
1415 2143 1819 2214 generationem
1867 2144 1916 2199 ei
1946 2144 2086 2198 assi-

513 2233 750 2301 gnando,
783 2233 1098 2303 cultumque
1154 2234 1226 2297 ei,
1255 2235 1396 2289 sicut
1450 2234 1708 2298 diximus,
1737 2234 2080 2303 exhibendo;

512 2323 585 2377 ita
623 2331 683 2377 ut
710 2323 1085 2379 tantummodo
1107 2333 1242 2388 erat,
1275 2335 1328 2380 et
1355 2340 1574 2394 semper,
1617 2333 1671 2381 et
1701 2335 1822 2380 ante
1854 2327 2079 2396 saecula,

510 2413 598 2484 pie
651 2429 715 2468 ac
759 2414 1011 2484 religiose
1061 2415 1127 2470 de
1165 2415 1258 2470 illo
1309 2415 1704 2486 praedicemus:
1737 2416 2080 2474 divinitatem

508 2505 727 2575 quidem
781 2506 901 2576 ejus
938 2523 1280 2578 nequaquam
1338 2508 1683 2578 rejicientes,
1731 2509 1826 2565 sed
1856 2510 2078 2581 imagini

507 2603 670 2666 atque
713 2599 1008 2670 exemplari
1039 2598 1217 2656 Patris
1259 2600 1674 2672 respondentem
1725 2602 1781 2656 in
1823 2603 2076 2660 omnibus

507 2689 916 2746 similitudinem
944 2693 994 2748 ei
1045 2694 1402 2751 ascribentes.
1465 2692 1650 2750 Solum
1706 2711 1834 2752 vero
1866 2696 2078 2767 ingeni-

505 2790 618 2834 tum
651 2781 828 2840 Patris
855 2785 1134 2854 proprium
1191 2801 1312 2841 esse
1357 2786 1637 2852 dicamus,
1696 2803 1821 2842 cum
1855 2795 1910 2843 et
1961 2790 2076 2859 ipse

508 2870 763 2928 Servator
802 2875 1003 2931 dixerit
1050 2877 1136 2930 διε
1173 2876 1336 2931 Pater
1392 2878 1565 2948 major
1614 2895 1695 2934 me
1724 2889 1821 2934 est.
1871 2879 2074 2937 Praeter

504 2963 645 3018 hanc
678 2974 857 3020 autem
907 2968 1050 3037 piam
1103 2968 1169 3025 de
1210 2968 1370 3024 Patre
1431 2978 1486 3026 et
1534 2969 1671 3026 Filio
1702 2973 2066 3037 sententiam,

505 3071 672 3110 unum
703 3056 926 3128 insuper
955 3056 1214 3129 Spiritum
1250 3070 1498 3116 sanctum
1519 3101 1534 3128 ,
1579 3069 1640 3117 ut
1687 3063 1884 3120 divina:
1917 3063 2066 3120 Scri-

500 3155 673 3218 ptura:
705 3165 804 3206 nos
843 3150 1058 3218 docent,
1084 3153 1444 3223 conﬁtemur;
1475 3156 1568 3226 qui
1617 3165 1670 3210 et
1717 3164 1938 3213 sanctos
1967 3157 2065 3213 ho-

500 3242 676 3297 mines
702 3241 914 3301 Veteris
947 3242 1300 3309 Testamenti,
1336 3253 1389 3300 et
1414 3245 1628 3303 divinos
1648 3245 1897 3305 doctores
1945 3249 2064 3318 ejus

497 3332 643 3401 quod
673 3331 882 3388 Novum
913 3335 1234 3405 appellatur,
1267 3335 1564 3391 innovavit.
1599 3335 1771 3391 Unam
1801 3346 2062 3409 praeterea

497 3436 562 3476 ac
587 3424 759 3478 solam
781 3425 1123 3487 catholicam.
1174 3427 1522 3497 apostolicam
1572 3427 1906 3484 Ecclesiam:
1941 3444 2062 3500 qua:

496 3527 713 3584 semper
738 3515 952 3585 quidem
991 3517 1427 3588 inexpugnabilis
1456 3526 1540 3574 est
1562 3559 1576 3584 ,
1609 3519 1734 3574 licet
1770 3521 2059 3576 universus

494 3603 645 3660 orbis
679 3619 800 3659 eam
826 3616 1136 3678 oppugnet:
1169 3610 1364 3663 victrix
1406 3619 1584 3665 autem
1619 3618 1704 3666 est
1735 3611 1912 3666 omnis
1957 3612 2062 3666 im-

493 3693 598 3762 piae
645 3693 899 3751 factionis
955 3697 1370 3764 haereticorum,
1430 3703 1522 3772 qui
1575 3703 1835 3759 adversus
1888 3704 2060 3774 ipsam

493 3795 850 3856 consurgunt.
881 3789 1090 3860 Quippe
1127 3791 1372 3861 Sponsus
1402 3793 1547 3848 illius
1579 3795 1791 3851 animos
1843 3804 2058 3852 nostros

493 3875 838 3932 conﬁrmavit
855 3879 939 3935 his
951 3881 1131 3937 verbis
1154 3901 1166 3935 :
1194 3881 1472 3952 Conﬁdite,
1488 3904 1579 3957 ego
1605 3889 1704 3941 vici
1724 3889 1972 3943 mundum
1989 3891 2054 3943 ⁸³.

491 3967 574 4024 Ad
633 3969 748 4027 haec
830 3974 1081 4030 novimus
1157 3978 1611 4035 resurrectionem
1685 3989 2060 4051 mortuorum;

490 4059 649 4128 cujus
682 4062 933 4132 primitiae
953 4062 1054 4120 fuit
1085 4065 1345 4124 Dominus
1377 4077 1562 4125 noster
1591 4069 1752 4126 Jesus
1781 4071 2056 4139 Christus,

488 4151 583 4222 qui
612 4167 831 4209 carnem
871 4170 1058 4213 revera
1089 4159 1340 4228 gestavit,
1375 4175 1484 4215 non
1515 4162 1631 4216 sola
1670 4165 1869 4234 specie,
1907 4181 2058 4221 sum-

487 4248 638 4312 ptam
671 4259 734 4300 ex
766 4244 934 4301 Maria
965 4247 1191 4319 Deipara
1219 4270 1232 4305 :
1267 4251 1358 4320 qui
1392 4252 1447 4306 in
1480 4252 1583 4308 line
1609 4255 1954 4322 seculorum,
1998 4268 2057 4313 ut

2191 1877 2309 1932 μεν,
2351 1859 2499 1932 αὐτῷ
2544 1859 2704 1925 σέϐας
2749 1860 3146 1931 ἀπονέμοντες,
3197 1858 3352 1929 μόνον
3383 1857 3622 1921 εὐσεϐῶς
3662 1858 3757 1912 καὶ

2186 1951 2445 2022 εὐφήμως
2470 1949 2533 2003 τὸ
2563 1946 2663 2022 ἦν,
2694 1949 2788 2003 καὶ
2820 1949 2881 2002 τὸ
2908 1947 3020 2013 ἀεὶ,
3045 1948 3139 2002 καὶ
3169 1948 3231 2001 τὸ
3261 1947 3374 2014 πρὸ
3405 1945 3638 2001 αἰώνων
3669 1948 3754 2001 λέ-

2185 2060 2370 2112 γοντες
2395 2044 2480 2097 ἐπ’
2513 2043 2695 2097 αὐτοῦ’
2718 2044 2817 2116 τὴν
2852 2045 3031 2115 μέντοι
3058 2042 3288 2114 θεότητα
3316 2043 3479 2096 αὐτοῦ
3505 2043 3580 2114 μὴ
3611 2060 3754 2115 παρ-

2183 2141 2510 2213 αιτούμενοι,
2553 2140 2688 2194 ἀλλὰ
2725 2143 2790 2212 τῇ
2838 2140 3004 2195 εἰκόνι
3046 2140 3141 2193 καί
3189 2138 3267 2209 τῷ
3303 2140 3608 2211 χαρακτῆρι
3659 2138 3753 2192 τοῦ

2133 2269 2137 2273 ς
2182 2232 2392 2305 Πατρὸς
2419 2231 2882 2305 ἀπηκριϐωμένην
2905 2231 3200 2303 ἐμφέρειαν
3235 2230 3375 2284 κατά
3407 2230 3582 2284 πάντα
3614 2232 3750 2284 ἀνα-

2177 2325 2434 2388 τιθέντες.
2461 2325 2534 2378 Τὸ
2553 2324 2610 2378 δὲ
2629 2325 2921 2395 ἀγέννητον
2947 2323 3024 2394 τῷ
3044 2324 3219 2395 Πατρί
3245 2322 3400 2394 μόνον
3426 2323 3624 2393 ἰδίωμα
3637 2322 3750 2394 (58)

2180 2421 2430 2490 παρεῖναι
2457 2417 2788 2482 δοξάζοντες,
2822 2416 2917 2471 ἀτε
2941 2416 2997 2469 δὲ
3020 2417 3114 2470 καί¹
3133 2415 3295 2470 αὑτοῦ
3323 2417 3624 2486 φάσκοντος
3654 2416 3748 2470 τοῦ

2177 2507 2447 2580 Σωτῆροςο
2489 2508 2552 2561 '0
2581 2506 2782 2575 Πατήρ
2807 2523 2926 2576 μου
2952 2504 3164 2576 μείζων
3188 2523 3309 2575 μου
3339 2506 3487 2562 ἐστι.
3517 2505 3664 2576 Πρὸς
3691 2505 3750 2559 δὲ

2175 2602 2239 2670 τῇ
2271 2599 2482 2652 εὐσεϐεῖ
2504 2601 2675 2672 ταύτῃ
2707 2598 2832 2666 περὶ
2861 2597 3074 2668 Πατρὸς
3107 2598 3201 2650 καὶ
3232 2596 3359 2650 Υἱοῦ
3387 2594 3537 2670 δόξῃ,
3562 2595 3752 2661 καθὼς

2174 2691 2321 2762 ἡμᾶς
2362 2691 2418 2743 αἱ
2447 2691 2584 2744 θεῖαι
2615 2689 2828 2762 Γραφαί
2851 2688 3206 2753 διδάσκουσιν,
3247 2687 3304 2742 ἓν
3334 2687 3558 2760 Πνεῦμα
3590 2688 3752 2756 ἅγιον

2171 2785 2558 2856 ὁμολογοῦμεν,
2591 2785 2652 2839 τὸ
2681 2784 2929 2838 καινίσαν
2959 2781 3072 2854 (59)
3111 2782 3236 2846 τούς
3268 2800 3328 2836 τε
3363 2783 3461 2854 τῆς
3499 2783 3746 2847 Παλαιᾶς

2171 2879 2443 2951 Διαθήκης
2477 2878 2662 2948 ἁγίους
2702 2877 3037 2949 ἀνθρώπους,
3072 2877 3165 2931 καὶ⁴
3195 2876 3320 2939 τοὺς
3348 2876 3448 2946 τῆς
3475 2893 3748 2947 χρηματι-

2173 2969 2372 3042 ζούσης
2415 2972 2623 3042 Καινῆς
2677 2971 2968 3034 παιδευτὰς
3019 2969 3213 3034 θείους.
3248 2970 3391 3024 Μίαν
3443 2969 3536 3023 καὶ
3572 2969 3748 3041 μόνην

2171 3061 2484 3135 καθολικὴν,
2527 3064 2625 3136 τὴν
2667 3061 3026 3133 ἀποστολικὴν
3070 3061 3410 3132 Ἐκκλησίαν·
3445 3061 3747 3132 ἀκαθαίρε-

2168 3173 2258 3210 τον
2295 3155 2394 3227 μὲν
2421 3157 2526 3220 ἀεὶ,
2572 3154 2676 3210 κᾶν
2715 3157 2823 3219 πάς
2859 3155 2888 3208 ό
2919 3154 3121 3225 κόσμος
3148 3154 3282 3225 αὐτῇ
3317 3152 3574 3224 πολεμεῖν
3613 3154 3744 3224 βου-

2169 3245 2531 3317 λεύηται(40)ο
2561 3244 2850 3319 νικηφόρον
2874 3243 2931 3297 δὲ
2953 3244 3131 3316 πάσης
3158 3244 3256 3314 τῆς
3279 3243 3384 3296 τῶν
3413 3243 3748 3314 ἑτεροδόξων

2170 3337 2539 3408 ἀσεϐεστάτης
2585 3337 3021 3402 ἐπαναστάσεως,
3061 3336 3345 3408 εὐθαρσεῖς
3381 3337 3531 3406 ἡμᾶς
3568 3354 3748 3390 κατα-

2168 3429 2530 3494 σκευάσαντος
2555 3429 2665 3503 (41)
2699 3429 2792 3483 τοῦ
2841 3429 3226 3483 Οἰκοδεσπότου
3269 3427 3459 3498 αὐτῆς,
3503 3428 3593 3482 διά
3641 3429 3746 3482 τοῦ

2171 3522 2316 3594 βοᾷν·
2352 3523 2650 3591 Θαρσεῖτε,
2693 3522 2807 3592 ἐγὼ
2834 3521 3118 3588 νενίκηκα
3145 3521 3251 3575 τὸν
3281 3521 3531 3591 κόοτμον.
3576 3521 3746 3576 Μετὰ

2167 3617 2322 3672 τοῦτο
2354 3617 2451 3688 τὴν
2481 3619 2546 3672 ἐκ
2589 3617 2796 3689 νεκρῶν
2826 3618 3116 3672 ἀνάστασιν
3144 3617 3382 3688 οἴδαμεν·
3412 3610 3480 3687 ἦς
3508 3616 3744 3691 ἀπαρχῆ

2166 3711 2386 3780 γέγονεν
2412 3714 2441 3764 ὁ
2477 3711 2680 3783 Κύριος
2709 3711 2864 3783 ἡμῶν
2909 3709 3112 3781 Ἰησοῦς
3138 3708 3391 3780 Χριστὸς,
3429 3708 3591 3780 σῶμα
3634 3728 3739 3780 φο-

2167 3799 2329 3872 ρέσας
2360 3799 2574 3872 ἀληθῶς
2603 3801 2695 3853 καὶ
2722 3802 2781 3854 οὐ
2808 3800 3043 3871 δοκήσει,
3085 3801 3148 3852 ὲκ
3172 3800 3272 3870 τῆς
3303 3798 3566 3852 Θεοτόκου
3613 3802 3744 3855 Ma.

2166 3889 2304 3961 ρίας,
2341 3892 2434 3945 ἐπὶ
2466 3893 2739 3964 συντελείᾳ
2774 3893 2881 3947 τῶν
2919 3891 3128 3947 αἰώνων
3158 3891 3237 3956 εἰς
3265 3893 3522 3963 ἀθέτησιν
3551 3893 3745 3967 ἀμαρ-

2159 3979 2278 4046 τίας
2303 3983 2642 4056 ἐπιδημήσας
2679 3984 2755 4055 τῷ
2792 3985 2936 4054 γένει
2976 3983 3082 4038 τῶν
3115 3983 3436 4056 ἀνθρώπων,
3475 3999 3740 4055 σταυρω-

2158 4074 2271 4139 θεὶς
2313 4077 2406 4130 καὶ
2438 4077 2742 4143 ἀποθανὼν,
2789 4077 2902 4132 ἀλλ’
2935 4078 2996 4131 οὐ
3040 4078 3129 4132 διά
3165 4077 3336 4130 ταῦτα
3379 4077 3479 4147 τῆς
3529 4075 3739 4131 ἑαυτοῦ

2156 4167 2408 4240 θεότητος
2443 4169 2618 4240 ἥττων
2664 4169 3042 4241 γεγενημένοςο
3089 4168 3324 4232 ἀναστὰς
3378 4170 3442 4221 ὲκ
3487 4169 3734 4239 νεκρῶν,

2154 4259 2484 4332 ἀναληφθεὶς
2511 4261 2568 4314 ὲν
2598 4261 2864 4333 οὐρανοῖς,
2893 4260 3197 4332 καθήμενος
3235 4261 3293 4314 ὲν
3318 4258 3467 4330 δεξιᾷ
3487 4259 3587 4329 τῆς
3629 4277 3737 4329 με-

485 4343 768 4405 peccatum
808 4338 1118 4405 tolleretur,
1164 4343 1231 4396 ad
1269 4341 1564 4399 humanum
1597 4363 1766 4417 genus
1797 4349 2048 4416 advenit,
2083 4345 2128 4400 D
2153 4351 2488 4423 γαλωσύνης.

485 4432 745 4504 crucique
778 4434 917 4490 lixus
981 4443 1035 4492 et
1096 4446 1344 4495 mortuus
1370 4449 1485 4497 est:
1525 4458 1624 4499 nec
1667 4451 1847 4500 tamen
1902 4447 2105 4503 idcirco
2137 4447 2436 4510 divinitatis
2470 4464 2582 4504 suae
2626 4448 3007 4506 detrimentum
3052 4448 3269 4506 sensit:
3306 4447 3610 4503 suscitatus
3660 4463 3738 4503 ex

485 4530 736 4596 mortuis,
769 4543 1079 4603 assumptus
1126 4533 1182 4587 in
1217 4537 1438 4601 cmlum,
1472 4539 1771 4610 sedensque
1819 4541 1887 4595 ad
1935 4543 2210 4599 dexteram
2245 4544 2565 4615 majestatis.

555 4684 601 4716 ³⁸
629 4686 792 4746 Joan.
824 4709 933 4758 xiv,
963 4693 1053 4748 28.
1132 4694 1177 4726 ³⁸
1207 4694 1370 4752 Joan.
1400 4713 1512 4762 xw,
1545 4699 1633 4754 55.

483 4867 518 4882 ,⁸
552 4798 666 4872 (56)
693 4805 795 4882 Δίες
817 4806 922 4882 τοῦ
950 4805 1167 4882 λέγειν·
1187 4811 1292 4876 Εἰς
1312 4809 1352 4864 ἁ
1375 4811 1736 4882 ἐφθάσαμεν.
1761 4814 1861 4869 Hic
1890 4817 2042 4873 locus

481 4874 557 4946 ita
580 4885 705 4946 cum
735 4874 1232 4946 ChristOphorsono
1261 4874 1554 4938 dilucidius
1585 4874 1876 4940 vertendus
1904 4887 2046 4942 vide-

480 4945 569 5026 tur
599 4941 876 5026 illatenus
926 4941 989 5026 de
1047 4948 1128 5002 his
1179 4949 1332 5026 rebus
1391 4953 1732 5026 instituimus,
1789 4941 2042 5026 quatenus

476 5020 664 5092 met-{Lis
695 5026 889 5092 nostra:
914 5020 990 5092 vis
1013 5021 1254 5089 consequi
1281 5024 1466 5092 potuit.

546 5081 668 5163 (5571
694 5085 770 5138 Τὰ
788 5087 858 5163 ἐκ
887 5087 1100 5163 μέρους
1131 5081 1334 5163 αὐτοῖς
1359 5092 1771 5163 γνωρισθέντα.
1813 5094 1872 5148 ln
1909 5111 2042 5152 mss.

474 5149 975 5227 codicibusliegio,
1005 5149 1275 5216 Allatiano
1306 5149 1686 5227 et'Saviliano,
1732 5149 1786 5219 et
1829 5166 1881 5218 in
1928 5149 2044 5220 edi;

471 5221 622 5300 tione
660 5221 967 5300 Basilieﬁsi
998 5231 1263 5300 seriptum
1312 5241 1394 5286 est
1437 5221 1766 5300 γνωσθέντα.
1810 5233 2036 5290 Videtur

471 5299 656 5376 autem
697 5294 940 5376 alludere
979 5294 1288 5376 Alexander
1318 5305 1380 5376 ad
1415 5294 1589 5356 locum
1621 5302 1772 5358 Pauli
1803 5307 2033 5376 apostoli

471 5359 526 5445 in
562 5359 803 5445 Epistola
835 5368 1010 5435 prima
1059 5371 1133 5445 ad.
1167 5371 1436 5445 Corinthi,
1478 5388 1541 5425 ex
1579 5386 1727 5442 parte
1765 5359 2034 5445 εοάηοδεὶξ

469 5444 586 5484 mus
629 5444 692 5507 et
716 5451 780 5507 ea;
809 5448 959 5504 parte
985 5440 1369 5507 prop/texamus.
1402 5443 1477 5496 lta
1505 5440 1649 5499 certe
1676 5440 2033 5503 hunc'locum

469 5505 723 5575 expgsuit
751 5505 1087 5575 Epiphanius
1118 5510 1508 5568 Scliolasticus.

695 5571 991 5654 T®:Haz'pl
1027 5583 1219 5654 μόνον
1251 5583 1469 5654 ἰδίωμα.
1515 5581 1572 5636 In
1615 5585 1805 5642 codice
1834 5587 2032 5645 Leonis

366 5706 369 5709 _
467 5638 651 5724 Allatii
696 5638 957 5724 scriptum
997 5638 1081 5705 est
1119 5651 1279 5722 μόνῳ.
1312 5638 1413 5707 Sed
1443 5638 1636 5724 reliqui
1659 5638 2030 5717 cedite—svnt]:

466 5720 645 5778 gatam
681 5715 1007 5786 scripturam
1041 5715 1276 5776 tuentur.

2221 4817 2439 4888 (59),,ch
2486 4819 2786 4872 καινίσαν.
2830 4815 2888 4872 In
2916 4816 3103 4875 codice
3131 4818 3330 4873 Leonis
3359 4817 3544 4874 Allatii
3575 4829 3636 4877 et
3672 4823 3738 4881 in

2147 4887 2390 4962 Belgio}.
2425 4888 2540 4962 Pini
2574 4889 2837 4962 scriptum
2872 4895 2954 4944 est
2971 4889 3230 4962 κινῆσαν,
3267 4905 3428 4962 quam
3468 4891 3737 4962 scriptu-

2144 4958 2415 5033 ram_licet
2440 4959 2632 5029 reliqui
2657 4958 2874 5014 codices
2904 4958 3158 5025 refutent,
3183 4959 3326 5014 haud
3353 4967 3536 5014 tamen
3565 4958 3744 5033 sper-

2139 5027 2374 5084 nendam
2400 5039 2550 5096 puto.

2211 5098 2322 5172 (40)
2354 5097 2521 5172 ᾼὺτῇ
2536 5097 3228 5172 *πολεμεῒηβουλςύηταα
3253 5099 3312 5153 In
3332 5101 3735 5172 manuscripto

2141 5166 2329 5240 codice
2361 5166 2570 5240 Savjlii,
2602 5166 2732 5224 etin
2759 5166 3303 5240 editioneBaSiliensi
3331 5173 3599 5240 scriptum
3623 5166 3736 5229 est

2145 5237 2416 5310 βούληται.
2455 5238 2560 5294 Sed
2592 5247 2671 5310 et,
2683 5240 2738 5310 in
2782 5237 2971 5294 codice
2996 5239 3048 5296 1.
3075 5239 3197 5295 Pini
3225 5237 3488 5310 scriptum
3521 5242 3733 5300 inveni

2141 5309 2392 5381 πολεμεῖν
2419 5310 2552 5381 αὐτῇ
2584 5309 2858 5381 βούληται.

2201 5379 2312 5450 (41)
2341 5379 2670 5453 Εὺᾲθαρσεῖς
2713 5379 2868 5453 ἡμᾶς
2910 5381 3496 5453 κατασκευάσαντος.
3528 5379 3730 5453 Magis

2131 5447 2307 5520 placet
2328 5451 2621 5520 scriptura,
2651 5447 2812 5520 quam
2844 5450 2898 5503 in
2918 5450 3106 5504 codice
3129 5450 3420 5514 Allatiano,
3445 5459 3500 5505 et
3519 5452 3575 5504 in
3599 5447 3732 5508 Πει-

2128 5519 2335 5575 siliensi
2365 5519 2603 5576 editione
2625 5519 2822 5589 reperi,
2859 5521 3370 5585 κατασκευάζοντος.
3398 5519 3734 5580 Ωοηῆτῐηειι

2128 5589 2280 5673 hanc
2318 5590 2604 5646 lectionem
2654 5590 2990 5673 Epiphanius
3040 5590 3573 5673 Schplas.t‘icus,.qui
3624 5597 3733 5652 sic

2126 5661 2560 5731 vertit,_rsecuros
2591 5661 2710 5716 nos
2743 5661 2964 5730 faciente
2992 5661 3380 5730 patrefamilias
3409 5661 3551 5731 ejus,
3587 5673 3722 5722 etc.

2127 5730 2185 5784 ln
2217 5729 2404 5788 codice
2436 5732 2562 5788 item
2590 5729 2806 5796 regio'J.
2846 5731 2966 5788 Pini
2999 5734 3072 5788 ita
3103 5729 3378 5788 seribitur.
