3980 6318
257 274 352 330 569

1637 271 2020 328 EPISTOLxE.

3371 271 3476 325 570

314 385 445 443 Xlll.
487 387 670 442 Ταῦτα
694 389 759 442 ἐκ
783 389 981 460 μέρους
1009 388 1308 462 ὲνεχάραξα
1329 393 1394 463 τῇ
1423 389 1701 460 ἐπιστολῇ,
1734 406 1766 442 τ

1871 441 1874 449 ,
1969 387 2102 442 XIII.
2142 387 2268 446 Haec
2302 404 2366 445 ex
2407 395 2561 461 parte
2606 388 2898 458 perscripsi
2933 387 2987 441 in
3045 387 3148 443 hac
3203 387 3468 459 epistola,

248 481 358 534 καθ’
401 479 632 534 ἕκαστον
671 483 759 534 ἐπ’
800 482 1081 555 ἀκριϐείας
1126 483 1374 554 γράφειν,
1412 482 1686 554 φορτικὸν,
1725 483 1802 546 ὡς

244 575 391 642 ἔφην,
436 568 578 626 εἶναι
623 573 869 644 νομίσας,
913 573 1002 627 διά
1045 574 1106 627 τὸ
1150 575 1284 646 μηδὲ
1327 572 1423 645 τὴν
1463 572 1614 644 ίεράν
1645 573 1800 644 ὑμῶν

243 662 406 716 ταῦτα
433 661 715 732 λεληθέναι
746 661 1000 732 σπουδήν.
1030 661 1214 716 Ταῦτα
1249 660 1588 731 διδάσκομεν,
1628 660 1799 714 ταῦτα

239 756 596 827 κηρύττομεν.
637 753 820 806 Ταῦτα
859 753 959 824 τῆς
1004 753 1326 825 Ἐκκλησίας
1363 753 1432 806 τὰ
1469 752 1800 806 ἀποστολικὰ.

236 849 498 917 δόγματα,
525 847 664 916 ὑπὲρ
686 838 760 898 ὧν
779 845 872 898 καὶ
891 843 1325 916 ἀποθνήσκομεν,
1347 843 1454 898 τῶν
1473 843 1795 914 ἐξόμνυσθαι

236 937 362 990 αὐτὰ
407 936 741 1008 βιαζομένων
787 931 948 1008 ἦττον
997 936 1430 1007 πεφροντικότες,
1479 937 1527 988 εί
1570 935 1662 988 καὶ
1707 935 1797 990 διὰ

236 1029 480 1099 βασάνων
508 1027 893 1096 ἀναγκάζουσι,
921 1027 1016 1098 τὴν
1050 1028 1106 1080 ὲν
1134 1027 1317 1090 αὐτοῖς
1344 1026 1532 1080 ἐλπίδα
1566 1025 1639 1099 μὴ
1663 1027 1797 1080 ἀπο-

235 1121 603 1193 στρεφόμενοι.
664 1115 764 1174 ’Ὦν
817 1121 1044 1175 ἐναντίοι
1095 1120 1373 1192 γενόμενοι
1417 1123 1465 1174 οί
1520 1121 1662 1191 ἀμφὶ
1703 1121 1794 1175 τὸν

235 1217 447 1286 Ἀρειον
474 1215 568 1266 καὶ
608 1212 854 1284 Ἀχιλλᾶν
886 1213 979 1268 καὶ
1003 1215 1050 1266 οἱ
1084 1213 1182 1283 τῆς
1209 1213 1465 1286 ἀληθείας
1495 1217 1590 1267 σὺν
1611 1213 1794 1278 αὐτοῖς

227 1306 493 1378 πολέμιοι,
545 1303 906 1376 ἀπεὼσθησαν
960 1305 1057 1376 τῆς
1124 1306 1467 1377 Ἐκκλησίας,
1525 1305 1792 1377 ἀλλότριοι

226 1399 502 1471 γενόμενοι
540 1398 642 1468 τῆς
671 1397 924 1461 εὐσεϐοῦς
950 1399 1106 1469 ἡμῶν
1137 1398 1499 1462 διδασκαλίας,
1537 1397 1677 1451 κατὰ
1702 1398 1790 1451 τὸν

227 1491 494 1562 μακάριον
521 1489 732 1542 Παῦλον
760 1489 1005 1557 λέγονταο
1033 1489 1108 1542 Εἴ
1129 1507 1220 1556 τις
1244 1487 1399 1558 ὑμᾶς
1427 1487 1792 1558 εὐαγγελίζε-

223 1601 304 1638 ται
337 1584 487 1651 παρ’
514 1582 546 1636 ὃ
576 1581 956 1651 παρελάϐετε,
982 1582 1247 1652 ἀνάθεμα
1274 1581 1449 1647 ἐστω,
1478 1580 1592 1634 κᾶν
1617 1580 1789 1651 ἄγγε-

221 1681 313 1742 λος
341 1676 421 1740 ἐξ
451 1674 714 1744 οὐρανοῦ
749 1675 902 1728 εἶναι
944 1675 1324 1747 προσποιῆται.
1375 1673 1533 1726 Ἀλλά
1563 1674 1676 1737 καὶ,
1715 1673 1789 1726 El

220 1786 298 1834 τις
348 1765 898 1836 ἑτεροδιδασκαλεῖ,
949 1766 1047 1820 καί
1087 1765 1174 1836 μὴ
1224 1765 1612 1833 προσέρχεται
1661 1763 1785 1830 τοῖς

217 1861 553 1931 ὑγιαίνουσι
590 1859 792 1928 λόγοις
830 1857 956 1925 τοῖς
982 1857 1088 1911 τοῦ
1125 1857 1344 1925 Κυρίου
1381 1855 1547 1925 ἡμῶν
1588 1856 1782 1924 Ἰησοῦ

216 1951 493 2022 Χριστοῦ,
530 1951 630 2006 καὶ
656 1950 732 2021 τῇ
759 1952 883 2005 κατ’
916 1950 1229 2005 εὐσέϐειαν
1257 1949 1639 2016 διδασκαλίᾳ,
1686 1966 1780 2002 τε·

214 2046 488 2113 τύφωται,
512 2043 709 2113 μηδὲν
729 2044 1144 2112 ἐπιστάμενος,
1165 2042 1257 2095 καὶ
1285 2042 1350 2095 τά
1378 2041 1522 2111 ἑξῆς.
1549 2041 1782 2105 Τούτους

214 2132 295 2190 οὖν
317 2134 856 2204 ἀναθεματισθέντας
889 2135 1000 2187 ἀπὸ
1031 2134 1130 2204 τῆς
1169 2131 1545 2202 ἀδελφότητος,
1591 2131 1780 2202 μηδεὶς

215 2225 349 2295 ὑμῶν
402 2223 666 2292 δεχέσθω,
726 2223 858 2294 μηδὲ
911 2222 1183 2292 ἀνεχέσθω
1229 2220 1337 2275 τῶν
1383 2219 1685 2291 λεγομένων
1738 2221 1770 2292 ἢ

213 2316 566 2388 γραφομένων
611 2316 700 2369 ὑπ’
747 2316 945 2369 αὐτῶν.
992 2316 1174 2369 Πάντα
1201 2315 1309 2385 γὰρ
1340 2315 1386 2367 οἱ
1419 2314 1611 2384 γόητες
1646 2313 1776 2384 ψεύ-

212 2409 398 2472 δονται,
429 2408 693 2480 ἀλήθειαν
722 2407 782 2459 ού
812 2408 886 2478 μὴ
909 2407 1217 2477 λαλήσουσι.
1255 2404 1634 2477 Περιέρχονται
1664 2403 1772 2476 γάρ

210 2501 298 2565 τὰς
340 2501 562 2564 πόλεις,
619 2499 769 2552 οὐδὲν
816 2498 999 2569 ἕτερον
1053 2497 1520 2569 σπουδάζοντες-,ἢ
1559 2496 1637 2567 τῷ
1673 2499 1772 2567 τῆς

211 2591 370 2659 φιλίας
425 2592 783 2663 προσχήματι
831 2589 927 2642 καὶ
985 2587 1062 2658 τῷ
1119 2589 1220 2659 τῆς
1250 2591 1471 2661 εἰρήνης
1525 2587 1768 2658 ὀνόματι,

210 2680 264 2734 δι’
294 2681 644 2752 ὑποκρίσεως
682 2681 774 2733 καὶ
804 2677 1091 2742 κολακείας
1119 2679 1422 2750 γράμματα
1450 2678 1647 2731 διδόναι
1674 2677 1768 2729 καὶ

208 2771 514 2843 λαμϐάνειν,
547 2771 683 2842 πρὸς
706 2771 766 2824 τὸ
793 2770 1000 2824 πλανᾶν
1037 2770 1125 2823 διὰ
1146 2771 1348 2824 τούτων
1372 2771 1438 2824 τὰ
1471 2771 1561 2823 ὑπ’
1591 2769 1768 2822 αὐτῶν

1905 480 2119 552 singula
2152 487 2406 536 accurate
2436 479 2686 552 persequi
2721 479 3090 550 importunum
3135 480 3432 538 arbitratus
3452 521 3469 549 ,

1901 581 1961 626 ut
1993 579 2150 627 antea
2179 571 2326 637 di'xi,
2363 588 2430 628 eo
2464 571 2608 642 quod
2638 571 2942 642 religiosam
2974 579 3207 627 vestram
3237 573 3470 644 diligen-

1898 661 2028 716 tiam
2059 677 2167 716 non
2201 663 2424 718 lateant.
2480 661 2603 717 Πεεο
2631 662 2914 726 docemus,
2945 662 3058 716 lucc
3086 663 3466 732 praedicamus.

1899 750 2024 806 Hac
2069 761 2196 806 sunt
2253 753 2551 822 apostolica
2588 751 2846 807 Ecclesiae
2893 753 3181 824 dogmata,
3215 770 3314 824 pro
3342 757 3467 826 qui.

1898 841 1999 896 bus
2025 849 2251 896 mortem
2279 857 2496 912 quoque
2526 841 2758 896 libenter
2804 843 3109 912 oppetimus
3130 883 3145 908 ,
3177 846 3330 914 parvi
3386 846 3467 900 fa-

1895 932 2100 988 cientes
2125 949 2219 990 eos
2245 933 2337 1002 qui
2370 948 2468 987 nos
2513 932 2615 986 ista
2647 947 2845 1002 negare
2889 934 3250 1003 compellunt,
3283 952 3464 1005 spem-

1894 1039 2000 1094 que
2025 1023 2079 1076 in
2106 1022 2175 1077 iis
2209 1023 2440 1092 positam
2473 1038 2581 1075 non
2629 1023 2948 1092 abjicientes
2972 1063 2987 1086 ,
3021 1023 3148 1077 licet
3208 1024 3298 1098 isti
3349 1033 3465 1078 tor-

1895 1113 2092 1169 mentis
2119 1113 2378 1169 adhibitis
2426 1113 2535 1167 vim
2577 1112 2824 1168 aderant.
2872 1112 3082 1179 Quibus
3113 1114 3461 1172 adversantes

1890 1208 2055 1263 Arius
2085 1215 2138 1262 et
2159 1207 2418 1268 Achillas.
2450 1217 2502 1261 et
2540 1207 2633 1276 qui
2670 1222 2793 1261 cum
2836 1207 2943 1262 illis
2979 1216 3105 1262 sunt
3153 1207 3336 1264 hostes
3369 1225 3460 1264 ve-
3494 1221 3497 1224 ‘

1889 1300 2088 1363 ritatis,
2116 1299 2358 1356 Ecclesia
2385 1300 2599 1370 expulsi
2625 1307 2773 1361 sunt,
2799 1307 2984 1369 utpote
3008 1300 3166 1354 alieni
3202 1314 3231 1352 a
3273 1311 3458 1356 nostra

1889 1392 1976 1461 pia
2010 1390 2280 1456 doctrina,
2309 1391 2464 1460 juxta
2510 1392 2727 1448 beatum
2769 1391 2995 1446 Paulum
3016 1433 3030 1456 ,
3064 1394 3155 1463 qui
3185 1395 3259 1447 ait
3284 1394 3326 1426 ³⁸
3355 1418 3365 1452 :
3399 1394 3459 1450 Si

1887 1483 2003 1553 quis
2031 1481 2172 1538 vobis
2201 1484 2631 1555 euangelizaverit
2679 1494 2870 1552 prwter
2910 1485 2964 1539 id
2991 1488 3126 1558 quod
3154 1489 3454 1556 accepistis,

1887 1573 2166 1628 anathema
2212 1576 2318 1639 sit;
2369 1575 2491 1633 licet
2532 1575 2770 1645 angelum
2793 1576 2856 1629 de
2871 1577 2994 1630 caelo
3013 1594 3066 1630 se
3085 1595 3193 1632 esse
3217 1577 3453 1633 simulet.

1891 1663 1995 1720 Sed
2028 1676 2099 1728 et,
2137 1664 2199 1720 Si
2237 1667 2353 1736 quis
2392 1666 2539 1720 aliud
2567 1668 2784 1730 doceat,
2816 1678 2864 1721 et
2895 1686 2996 1722 non
3043 1671 3338 1739 acquiescat
3367 1687 3458 1724 sae

1884 1761 1988 1814 cris
2018 1759 2342 1815 sermonibus
2381 1760 2594 1814 Domini
2640 1762 2807 1814 nostri
2855 1759 2983 1815 Iesu
3032 1760 3265 1827 Christi,
3314 1771 3364 1816 et
3407 1763 3454 1816 ei

1883 1865 2000 1920 qua:
2021 1849 2303 1903 secundum
2345 1851 2588 1918 pietatem
2623 1862 2698 1904 est
2731 1850 3025 1914 doctrinm;
3057 1853 3099 1906 is
3126 1853 3347 1920 inflatur
3371 1853 3453 1906 ni-

1884 1939 1959 1992 hil
1990 1941 2155 1994 sciens
2184 1941 2228 1972 ³⁷
2260 1960 2271 1995 :
2306 1950 2360 1995 et
2391 1957 2510 2012 qua:
2549 1949 2871 2010 sequuntur.
2907 1941 3016 1996 llos
3056 1943 3220 2011 igitur
3243 1943 3311 1996 ab
3338 1943 3457 1996 uni-

1882 2033 2055 2086 versis
2125 2032 2387 2089 fratribus
2446 2034 2932 2088 anathematizatos
2994 2050 3153 2090 nemo
3208 2042 3450 2090 vestrum

1883 2123 2167 2193 suscipiat,
2193 2139 2292 2179 nec
2318 2139 2380 2178 ea
2403 2140 2521 2194 quae
2552 2125 2619 2178 ab
2651 2125 2875 2179 illisiaut
2905 2125 3162 2179 dicuntur
3192 2133 3284 2180 aut
3313 2127 3452 2182 scri-

1879 2213 2082 2268 buntur
2135 2214 2402 2268 admittat.
2458 2215 2651 2270 Omnia
2719 2217 2862 2271 enim
2926 2216 3260 2271 mentiuntur
3312 2233 3450 2289 pra:-

1878 2305 2206 2375 stigiatores,
2239 2321 2338 2361 nec
2370 2308 2650 2363 veritatem
2683 2323 2922 2377 unquam
2962 2308 3270 2378 loquentur.
3329 2308 3448 2364 Cir-

1877 2408 2134 2452 cumeunt
2165 2398 2432 2468 siquidem
2460 2399 2731 2464 civitates,
2778 2400 2909 2453 nihil
2947 2399 3092 2454 aliud
3124 2401 3406 2456 molientes
3428 2440 3445 2466 ,

1875 2503 2035 2556 quam
2070 2499 2128 2543 ut
2164 2488 2416 2544 amicitiae
2446 2492 2626 2560 specie
2653 2497 2708 2544 et
2739 2489 2839 2544 sub
2884 2489 3102 2544 nomine
3130 2489 3283 2559 pacis
3305 2529 3320 2555 ,
3351 2506 3448 2560 per

1875 2579 2274 2636 simulationem
2306 2588 2360 2636 et
2388 2580 2683 2637 blanditias
2707 2581 2838 2636 dent
2871 2581 3078 2638 litteras
3105 2590 3268 2652 atque
3298 2585 3444 2638 acci-

1873 2673 2061 2745 piant;
2095 2675 2294 2744 quibus
2336 2675 2674 2728 mulierculas
2705 2691 2906 2744 pauc-as
2936 2676 3000 2729 ab
3039 2676 3168 2745 ipsis
3206 2676 3444 2745 deceptas

1873 2776 1920 2820 et
1952 2767 2178 2834 peccatis
2208 2777 2424 2820 onustas
2459 2767 2513 2820 in
2534 2783 2762 2821 errorem
2786 2767 3037 2821 inducant
3073 2768 3117 2799 ³⁸
3141 2775 3193 2824 et
3223 2777 3440 2824 caetera.

208 2867 548 2937 ήπατημένα
570 2867 745 2935 ὀλίγα
769 2864 1140 2935 γυναικάρια,
1167 2865 1572 2935 σεσορευμένα
1595 2863 1919 2934 ἁμαρτίαις,
1954 2862 2048 2914 καὶ
2075 2861 2143 2914 τά
2170 2861 2313 2932 ἑξῆς.

265 2984 398 3039 XIV.
442 2983 685 3046 Τούτους
714 2978 804 3036 οῦν
829 2984 956 3046 τοὺς
987 2982 1056 3036 τὰ
1085 2981 1321 3037 τοσαῦτα
1352 2981 1494 3036 κατά
1527 2980 1764 3054 Χριστοῦ

203 3075 587 3146 τολμήσαντας,
617 3075 742 3138 τοὺς
776 3074 865 3126 τὸν
899 3073 1321 3145 Χριστιανισμὸν
1349 3073 1506 3127 τοῦτο
1545 3073 1643 3143 μὲν
1670 3072 1763 3129 δη-
1790 3105 1832 3161 C

207 3168 351 3238 μοσία
390 3164 778 3236 διασύραντας,
823 3162 980 3216 τοῦτο
1025 3163 1081 3215 δὲ
1118 3164 1208 3216 ἐπὶ
1245 3163 1606 3234 δικαστηρίων
1641 3163 1760 3215 ὲπι-

203 3257 422 3327 δεικτιᾷν
461 3251 966 3324 φιλοτιμουμένους,
1006 3252 1132 3315 τοὺς
1163 3251 1398 3321 διωγμὸν
1430 3253 1562 3322 ἡμῖν
1597 3252 1654 3303 ὲν
1686 3251 1762 3303 εί-

206 3349 325 3419 ρήνῃ
351 3347 412 3399 τὺ
441 3347 570 3398 ὅσον
606 3343 692 3396 ἐπ’
717 3343 898 3405 αὐτοῖς
924 3343 1334 3414 ἐπεγείραντας,
1361 3342 1487 3405 τοὺς
1507 3342 1566 3395 τὸ
1591 3342 1761 3413 ἄρρη-

201 3455 279 3491 τον
306 3439 608 3509 μυστήριον
641 3437 741 3506 τῆς
771 3434 1002 3506 Χριστοῦ
1029 3435 1295 3504 γενέσεως
1318 3434 1757 3506 ἐκνευρίσαντας,

126 3591 128 3593 ς
201 3529 399 3594 τούτους
428 3527 898 3598 ἀποστραφέντες,
924 3527 1200 3597 ἀγαπητοὶ
1218 3527 1308 3580 καὶ
1323 3526 1582 3597 ὁμόψυχοι
1609 3525 1759 3578 ἀδελ-

201 3623 294 3690 φοὶ,
334 3621 626 3693 σύμψηφοι
659 3617 871 3687 γίνεσθε
917 3618 1057 3671 κατά
1097 3619 1194 3688 τῆς
1245 3617 1542 3689 μανιώδους
1581 3619 1757 3672 αὐτῶν

199 3710 398 3782 τόλμης,
425 3709 557 3763 καθ’
585 3707 876 3779 ὁμοιότητα
899 3707 1006 3761 τῶν
1034 3708 1526 3780 ἀγανακτησάντων
1559 3709 1759 3762 συλλει-

196 3803 420 3872 τουργῶν
470 3802 647 3872 ἡμῶν,
699 3802 792 3855 καὶ
826 3801 1240 3855 ἐπιστειλάντων
1280 3818 1368 3871 μοι
1405 3801 1523 3855 κατ’
1555 3801 1753 3865 αὐτῶν,

194 3893 273 3946 καὶ
297 3893 372 3965 τῷ
392 3893 554 3964 τόμῳ
578 3892 1122 3964 συνυπογραψάντων.
1161 3893 1227 3944 "A
1252 3892 1346 3945 καὶ
1367 3891 1755 3964 διεπεμψάμην

193 3982 303 4052 ὑμῖν
343 3983 434 4037 διὰ
483 3981 580 4034 τοῦ
629 3981 744 4035 υἱοῦ
782 4000 883 4053 μου
930 3983 1188 4046 Ἀπίωνος
1225 3981 1320 4035 τοῦ
1351 3983 1597 4036 διακόνου
1617 3983 1750 4054 (42),

193 4074 326 4129 τοῦτο
357 4075 465 4146 μὲν
495 4074 676 4145 πάσης
713 4073 986 4143 Αἰγύπτου
1035 4074 1129 4127 καὶ
1176 4074 1462 4145 Θηϐαΐδος,
1513 4074 1670 4128 τοῦτο
1695 4075 1752 4128 δὲ

193 4167 375 4238 Λιϐύης
424 4185 493 4221 τε
544 4167 657 4220 καὶ·
686 4166 1088 4229 Πενταπόλεως,
1141 4167 1234 4219 καὶ
1281 4166 1498 4236 Συρίας,
1543 4167 1638 4219 καὶ
1671 4166 1751 4220 ἔτι

190 4258 372 4323 Λυκίας
426 4259 528 4314 καὶ
573 4257 920 4329 Παμφυλίας,
979 4258 1180 4320 Ἀσίας,
1208 4259 1619 4322 Καππαδοκίας,
1655 4257 1750 4310 καὶ

188 4351 278 4401 τῶν
304 4352 485 4406 ἀλλων
515 4350 836 4423 περιχόρων.
875 4344 976 4402 Ὧν
1008 4348 1129 4402 καθ’
1162 4349 1472 4419 ὁμοιότητα,
1498 4349 1590 4402 καὶ
1617 4350 1748 4418 παρ’

1942 2977 2082 3032 XIV.
2132 2976 2242 3034 llos
2272 2994 2402 3049 ergo
2434 2978 2525 3049 qui
2555 2985 2633 3034 tot
2658 2993 2722 3033 ac
2765 2985 2915 3032 tanta
2947 2978 3067 3033 ausi
3096 2985 3225 3034 sunt
3250 2986 3439 3032 contra

1868 3071 2181 3138 Christum;
2214 3073 2307 3141 qui
2337 3072 2704 3129 Christianam
2744 3073 3059 3143 religionem
3091 3071 3286 3142 partim
3319 3072 3442 3126 irri-

1863 3170 2053 3218 serunt
2079 3163 2328 3233 publice,
2363 3163 2559 3233 partim
2592 3165 2646 3218 in
2678 3162 2904 3234 judiciis
2936 3163 3225 3218 traducere
3253 3177 3318 3217 ac
3343 3163 3439 3218 de-

1861 3266 2049 3310 notare
2078 3255 2336 3310 student:
2387 3256 2478 3325 qui
2510 3257 2663 3326 pacis
2708 3264 2951 3326 tempore
3004 3255 3435 3325 persecutionem

1860 3348 2122 3402 adversus
2151 3363 2252 3402 nos
2275 3387 2290 3411 ,
2345 3356 2608 3417 quantum
2641 3349 2694 3402 in
2727 3349 2861 3419 ipsis
2912 3355 3030 3411 est,
3088 3349 3434 3414 excitarunt;

1859 3441 1948 3509 qni
1985 3439 2256 3494 ineffabile
2285 3441 2600 3510 mysterium
2624 3439 2990 3512 generationis
3019 3435 3224 3496 Christi
3277 3456 3435 3496 ener-

1855 3542 2055 3588 varunt
2080 3552 2093 3588 :
2125 3533 2246 3600 hos,
2276 3535 2522 3604 inquam,
2558 3542 2875 3591 aversantes
2900 3576 2915 3600 ,
2945 3534 3436 3605 charissimiatque

1857 3625 2142 3680 unanimes
2179 3624 2404 3688 fratres,
2447 3626 2820 3698 sutl‘ragamini
2866 3627 3026 3682 nobis
3053 3628 3315 3683 adversus
3345 3628 3431 3682 fu-

1855 3717 2056 3772 riosam
2097 3718 2310 3770 illorum
2342 3717 2625 3772 audaciam
2653 3757 2670 3781 ,
2719 3718 2945 3788 perinde
2989 3733 3054 3772 ac
3082 3718 3303 3788 collegae
3331 3733 3431 3773 no-

1856 3808 1978 3874 stri,
2009 3808 2101 3878 qui
2129 3807 2392 3878 indignati
2433 3817 2582 3870 sunt.
2613 3819 2667 3864 et
2707 3809 2866 3864 nobis
2900 3809 3162 3880 epistolas
3193 3811 3429 3880 scripse-

1855 3911 1979 3954 runt
2009 3901 2271 3956 adversus
2303 3901 2446 3965 illos,
2479 3910 2531 3956 et
2555 3908 2703 3956 tomo
2735 3911 2924 3957 nostro
2957 3901 3425 3971 subscripserunt.

1851 3991 1981 4057 Quae
2013 3992 2174 4047 etiam
2211 3992 2277 4046 ad
2309 4008 2406 4048 vos
2434 3992 2558 4046 misi
2599 4009 2694 4062 per
2733 3992 2899 4047 lilium
2935 4007 3114 4047 meum
3162 3991 3426 4063 Apionem

1849 4083 2156 4147 diaconum,
2191 4083 2383 4153 partim
2414 4099 2480 4138 ex
2503 4083 2757 4138 universa
2783 4082 3016 4153 Egypto
3041 4097 3104 4136 ac
3127 4080 3422 4146 Thebaide,

1850 4175 2043 4245 partim
2075 4191 2142 4230 ex
2173 4174 2342 4245 Libya
2368 4190 2431 4229 ac
2460 4174 2739 4246 Pentapoli
2768 4193 2782 4229 :
2819 4175 2947 4229 item
2983 4190 3050 4229 ex
3082 4172 3238 4246 Syria
3259 4216 3274 4240 ,
3314 4172 3422 4245 Ly-

1848 4266 1954 4332 cia,
1991 4265 2327 4338 Pamphylia,
2353 4266 2503 4331 Asia,
2542 4266 2884 4337 Cappadocia
2919 4265 3151 4335 aliisque
3179 4264 3424 4320 ﬁnitimis

1848 4357 2164 4427 provinciis.
2203 4357 2446 4423 Quorum
2478 4357 2728 4426 exemplo
2759 4371 2790 4410 a
2822 4355 2978 4411 vobis
3024 4371 3241 4426 quoque
3282 4356 3423 4411 litte-

189 4440 324 4511 ὑμῶν
365 4443 627 4511 δέξασθαι
671 4441 921 4495 πέποιθα.
957 4440 1170 4494 Πολλῶν
1209 4441 1316 4512 γάρ
1349 4457 1436 4511 μοι
1472 4440 1750 4512 βοηθημά-

1871 4464 1943 4504 'as
1973 4465 2060 4504 me
2089 4457 2438 4518 accepturum
2467 4463 2590 4503 esse
2633 4446 2868 4502 conﬁdo.
2911 4445 3045 4500 Nam
3083 4462 3206 4501 cum
3252 4447 3422 4502 multa

185 4549 278 4586 των
310 4536 450 4607 πρὸς
494 4535 620 4598 τοὺς
653 4533 943 4604 βλαϐέντας
985 4533 1420 4606 πεπορισμένων,
1459 4533 1552 4586 καὶ
1587 4533 1744 4588 τοῦτο

187 4625 386 4698 εῦρεται
419 4628 843 4698 λυσιφάρμακον
882 4625 976 4679 τοῦ
1023 4626 1113 4678 ὑπ’
1153 4625 1329 4678 αὐτῶν
1375 4626 1742 4697 ἀπατηθέντος

183 4716 315 4781 λαοῦ,
349 4719 694 4790 πειθομένων
730 4719 824 4772 καὶ
867 4721 987 4782 ταῖς
1025 4717 1136 4789 (45)
1171 4718 1278 4771 τῶν
1320 4718 1741 4790 συλλειτουργῶν

184 4809 321 4879 ἡμῶν
351 4793 838 4882 συγκαταθέσεων,
873 4812 952 4875 εἰς
994 4810 1280 4882 μετάνοιαν
1306 4810 1394 4864 διά
1424 4811 1611 4865 τούτου
1646 4811 1738 4883 ἔρ-

181 4901 352 4969 χεσθαι
384 4905 819 4969 σπουδαζόντων.
867 4903 1205 4958 Ἀσπάσασθε
1239 4903 1501 4974 ἀλλήλους
1539 4906 1635 4958 σὺν
1671 4907 1736 4976 τῇ

184 4995 298 5062 παρ’
331 4995 492 5066 ὑμῶν
515 4995 837 5066 ἀδελφότητι
867 4993 998 5065 (44).
1037 4993 1343 5067 Ἐῤῥῶσθαι
1367 4995 1512 5065 ὑμᾶς
1537 4997 1594 5049 ὲν
1624 4997 1738 5048 Κυ-

1853 4555 1882 4593 a
1917 4555 2004 4594 me
2025 4538 2277 4609 praesidia
2306 4549 2619 4608 comparata
2655 4537 2767 4592 sint
2795 4536 2863 4590 ad
2903 4536 3178 4592 sanandos
3211 4550 3305 4590 eos
3326 4535 3418 4604 qui

1851 4630 1962 4686 Ιτεεὶ
1992 4637 2142 4692 sunt,
2177 4637 2289 4682 tum
2321 4627 2452 4682 illud
2503 4629 2773 4698 prazcipue
2802 4627 3097 4681 remedium
3145 4626 3422 4697 excogita-

1849 4732 1964 4778 tum
1997 4730 2081 4778 est
2125 4722 2190 4775 ad
2238 4721 2534 4776 curandam
2583 4721 2986 4775 multitudinem
3027 4735 3147 4790 quae
3189 4720 3256 4775 ab
3309 4719 3420 4773 illis

1845 4814 2068 4882 decepta
2095 4818 2198 4876 est,
2226 4819 2284 4865 ut
2305 4811 2634 4881 collegarum
2661 4819 2974 4866 nostrorum
3007 4809 3294 4864 consensui
3319 4809 3418 4862 ob-

1847 4912 2167 4974 temperent,
2198 4910 2250 4958 et
2279 4917 2374 4972 per
2418 4901 2521 4956 hoc
2563 4901 2630 4956 ad
2659 4901 3032 4971 pmnitentiam
3057 4900 3236 4956 redire
3262 4898 3416 4955 festi-

1845 5003 1995 5050 nent.
2026 4992 2279 5049 Salutare
2306 5008 2402 5049 vos
2443 4993 2676 5049 invicem
2709 5007 2819 5047 una
2863 5007 2985 5047 cum
3016 4990 3295 5058 fratribus,
3319 4990 3413 5061 qui

237 5177 278 5208 “
309 5176 493 5233 Galat.
521 5195 558 5242 ι,
587 5179 641 5246 8,
665 5179 720 5234 9.
787 5178 829 5209 ⁸⁷
872 5176 899 5231 Ι
930 5176 1066 5232 Tim.
1104 5193 1177 5244 Vt,
1205 5179 1257 5245 5,
1283 5179 1337 5234 4.
1414 5179 1459 5211 ⁸⁸
1495 5179 1558 5233 II
1589 5179 1724 5234 Tim.
1761 5195 1842 5244 III,
1875 5181 1928 5235 4.

238 5382 352 5450 (Β.)
397 5383 676 5450 Ἀπίωνος
706 5383 813 5437 τοῦ
845 5382 1146 5436 διακόνου.
1179 5381 1239 5436 1η
1268 5383 1391 5437 cod.
1417 5383 1615 5438 Leonis
1655 5381 1742 5438 Al-

177 5447 299 5534 latii,
331 5447 400 5534 et
421 5453 564 5534 apud
592 5447 962 5534 Nicephorum
997 5453 1735 5534 legitur‘toﬁapponatxévou.

175 5519 342 5594 Mque
364 5523 445 5575 ita
461 5519 628 5594 etiam
661 5519 788 5594 legit
811 5519 1144 5594 Epiphanius
1173 5519 1566 5594 ScholaSticus,
1592 5533 1650 5579 ut
1671 5541 1733 5579 ex

177 5591 564 5666 versionefjus
594 5591 836 5666 apparet.
858 5591 1059 5666 ’_Codex
1108 5591 1310 5664 Regius
1351 5593 1401 5649 J.
1444 5595 1562 5649 Pini
1608 5595 1736 5666 legit

175 5660 316 5712 τοῦδε
350 5659 451 5714 τοῦ
476 5659 716 5717 διακόνου
755 5662 1032 5726 Ἀπίωνος.

241 5731 353 5803 (45)
392 5735 760 5803 Πειθοιιέγων
792 5734 887 5788 καὶ
931 5733 1074 5800 ταῖς.
1110 5732 1393 5807 .Particula
1437 5734 1526 5787 καί
1559 5736 1730 5792 alieno

1847 5385 1966 5441 loco
2003 5387 2178 5456 posita
2211 5395 2312 5453 est,
2348 5397 2402 5442 et
2433 5389 2486 5442 in
2523 5405 2680 5443 suum
2716 5387 2892 5442 locum
2933 5387 3009 5441 sic
3046 5387 3403 5450 restituenda,

1843 5457 2176 5529 πειθομένων
2207 5461 2326 5529 ταῖς
2375 5457 2480 5512 τῶν
2528 5456 2949 5529 συλλειτουργῶν
2997 5457 3151 5528 ἡμῶν
3199 5475 3401 5527 συγκα-

1840 5527 2108 5592 ταθέσεσι,
2137 5528 2230 5581 καὶ
2259 5531 2358 5593 εἰς,
2390 5538 2494 5584 ctc.

1908 5598 2019 5667 (44)
2059 5599 2182 5670 Σὺν
2204 5597 2278 5667 τῇ
2302 5601 2435 5669 παρ’
2468 5599 2633 5670 ὑμῶν
2658 5598 3033 5668 ἀδελφότητι.
3063 5596 3397 5670 ΛβιιιΙίΝἰοε-

1836 5666 2068 5791 Ηιιριυῐη
2112 5666 2305 5742 legitur
2350 5666 2675 5744 παρ’ἦμῶν,
2706 5666 2848 5745 quod
2899 5666 3273 5726 rectius—mihi
3315 5669 3397 5724 vi-

1848 5756 1899 5791 'e
1931 5754 2011 5791 ur.

1848 5747 2011 5793 letur.
