3980 6318
264 312 361 366 575

1671 324 2051 383 ΕΡΙδΤΟΙηΕ.

3394 345 3495 401 574

322 429 390 481 ll.
426 428 492 482 Οί
520 428 621 501 μὲν
655 424 748 486 οῦν
781 432 1080 491 ἀποστάται
1112 436 1410 508 γενόμενοι,
1437 438 1573 493 εἰσιν
1596 442 1799 515 ’Ἄρειος

2008 442 2072 499 ll.
2106 444 2363 502 Ecclesia:
2416 456 2597 504 autem
2652 449 2960 508 desertores
3002 453 3057 506 bi
3101 463 3274 509 sunt:
3310 455 3494 521 Arius,

258 521 347 573 καὶ
394 520 673 592 Ἀχιλλεὺς
697 523 832 596 (54),
868 527 963 580 καὶ
1018 528 1314 599 Ἀειθάλης,
1373 530 1465 583 καὶ
1497 533 1827 606 Καρπώνης,

255 609 345 661 καὶ
370 608 558 680 ἕτερος
588 611 824 684 ¹Ἄρειος,
871 616 965 670 καὶ
992 617 1301 690 Σαρμάτης,
1334 621 1391 675 οἴ
1427 639 1556 675 ποτε
1592 625 1829 697 πρεσϐύ-

253 719 396 772 τεροι
446 703 595 773 (55)⁶
651 706 745 759 καὶ
790 707 1044 774 Εὐξώῖος,
1092 712 1184 765 καὶ
1206 712 1452 782 Λούκιος,
1480 717 1574 769 καὶ
1614 718 1828 784 Ἰούλιος

254 791 362 861 (56)
382 832 399 858 ,
442 795 538 847 καὶ
568 796 779 866 Μηνᾶς,
812 800 905 853 καὶ
948 800 1237 867 Ἐλλάδιος,
1271 806 1363 859 καὶ
1391 806 1570 873 Γάϊος,
1603 810 1657 862 οἵ
1697 828 1826 864 ποτε

249 884 504 938 διάκονον
539 889 633 941 καὶ
660 890 757 942 σὺν
804 891 988 955 αὐτοῖς
1026 894 1314 959 Σεκοῦνδος
1341 898 1436 951 καὶ
1489 899 1723 965 Θεωνᾶς,
1776 904 1830 957 οἵ

250 990 377 1026 ποτε
416 974 699 1047 λεχθέντες
724 980 1027 1035 ἐπίσκοποι.
1064 985 1197 1037 Ποῖα
1229 985 1286 1038 δὲ
1327 987 1478 1059 παρά
1526 990 1626 1053 τὰς
1681 993 1824 1063 Γρα-

249 1065 353 1134 φὰς
385 1067 498 1137 (57)
532 1070 855 1142 ἐφευρόντες
885 1073 1156 1142 λαλοῦσιν,
1201 1078 1315 1133 ἐστι
1348 1079 1540 1137 ταῦτα.

314 1157 406 1213 Ill.
441 1162 555 1215 Οὐκ
588 1164 674 1217 ἀεὶ
697 1167 725 1218 6
758 1166 888 1231 Θεὸς
920 1170 1106 1243 Πατὴρ
1139 1167 1227 1244 ἦν,
1257 1174 1371 1228 ἀλλ’
1422 1172 1488 1248 ἦν
1512 1178 1599 1230 ὅτε
1630 1182 1659 1233 6
1691 1180 1822 1247 Θεὸς

248 1250 436 1322 Πατὴρ
466 1253 566 1304 οὐκ
593 1248 681 1324 ἦν·
711 1254 809 1308 οὐκ
842 1257 927 1310 ἀεὶ
949 1253 1017 1329 ἦν
1044 1263 1071 1313 6
1099 1261 1191 1314 τοῦ
1226 1262 1359 1316 Θεοῦ
1405 1264 1595 1333 Λόγος,
1627 1267 1739 1321 ἀλλ’
1764 1270 1822 1335 ἐξ

242 1343 340 1394 οὐκ
383 1343 557 1397 ὄντων
585 1346 826 1415 γέγονεν’
882 1350 912 1403 6
953 1350 1062 1422 γὰρ
1090 1351 1166 1406 ὢν
1194 1354 1325 1419 Θεὸς
1365 1356 1457 1410 τὸν
1494 1358 1567 1430 μὴ
1595 1360 1722 1415 ὄντα
1757 1364 1821 1417 ὲκ

240 1431 333 1484 τοῦ
362 1434 439 1504 μὴ
469 1433 619 1499 ὄντος
640 1437 924 1509 πεποίηκε·
965 1440 1045 1494 διὸ
1080 1444 1174 1496 καὶ
1199 1438 1267 1514 ἦν
1300 1462 1451 1511 ποτε,
1491 1448 1579 1501 ὅτε
1602 1450 1702 1503 οὐκ
1728 1446 1815 1523 ἦν.

240 1524 464 1594 Κτίσμα
495 1526 603 1597 γάρ
646 1529 762 1582 ἐστι
789 1532 883 1585 καὶ
911 1533 1123 1605 ποίημα
1146 1537 1175 1588 6
1208 1534 1356 1601 Υίὸς,
1391 1537 1517 1592 οὔτε
1547 1539 1603 1593 δὲ
1635 1542 1818 1613 ὅμοιος

239 1617 357 1668 κατ’
387 1616 581 1672 οὐσίαν
602 1618 679 1691 τῷ
698 1622 871 1694 Πατρί
900 1626 1065 1679 ἐστιν’
1094 1626 1216 1680 οὔτε
1246 1627 1512 1700 ἀληθινὸς,
1540 1634 1632 1686 καὶ
1661 1636 1818 1704 φύσει

236 1704 326 1759 τοῦ
356 1706 577 1778 Πατρὸς
608 1710 779 1779 Λόγος
809 1713 977 1768 ἐστίν’
1023 1714 1147 1769 οὕτε
1188 1717 1412 1791 ἀληθινὴ
1450 1722 1615 1791 Σοφία
1648 1726 1813 1779 αὑτοῦ

1930 534 2186 600 Achilles,
2206 536 2469 605 Aithales,
2492 539 2792 611 Carpones,
2825 540 2988 599 Arius
3014 544 3174 609 alter,
3196 544 3495 609 Sarmates,

1928 627 2058 681 olim
2107 630 2408 701 presbyteri
2447 650 2459 686 :
2503 630 2761 699 Euzoius,
2790 632 3014 700 Lucius,
3052 632 3252 704 Julius,
3288 637 3492 703 Menas,

1928 716 2206 773 Helladius
2236 727 2290 774 et
2319 719 2512 786 Gaius,
2538 723 2666 775 olim
2697 722 2914 778 diaconi
2947 740 2962 777 :
3000 740 3064 780 ac
3089 742 3214 781 cum
3237 728 3370 798 ipsis
3401 730 3495 784 Se-

1926 811 2138 867 cundus
2173 822 2225 867 et
2251 811 2523 881 Theonas,
2549 817 2675 870 olim
2694 817 2934 889 episcopi
2964 821 3281 891 nuncupati.
3314 820 3493 877 Verba

1925 910 2106 955 autem
2153 902 2220 956 ab
2252 900 2360 956 illis
2406 902 2695 959 adinventa
2746 921 2810 961 ac
2853 914 3050 977 praeter
3081 908 3490 980 Scripturarum

1924 1000 2162 1050 mentem
2196 994 2428 1063 prolata,
2460 995 2575 1052 haec
2603 1006 2751 1053 sunt.

1993 1162 2081 1218 lll.
2119 1164 2234 1220 Non
2265 1182 2479 1239 semper
2504 1167 2648 1227 Deus
2672 1168 2832 1226 Pater
2854 1170 2994 1239 fuit;
3030 1172 3125 1228 sed
3150 1171 3248 1227 fuit
3272 1174 3489 1244 quando

1921 1255 2064 1311 Deus
2098 1255 2258 1312 Pater
2306 1274 2415 1314 non
2448 1268 2585 1315 erat.
2630 1260 2747 1315 Non
2798 1276 3010 1332 semper
3053 1270 3171 1317 erat
3218 1262 3312 1319 Dei
3354 1262 3489 1319 Ver-

1920 1346 2071 1413 bum,
2122 1349 2217 1405 sed
2262 1365 2329 1404 ex
2373 1365 2483 1405 non
2531 1354 2874 1410 exstantibus
2927 1353 3130 1410 laetum
3180 1362 3264 1410 est
3298 1374 3309 1427 ς
3345 1355 3488 1410 Deus

1919 1440 2061 1494 enim
2102 1440 2194 1509 qui
2240 1447 2348 1505 est,
2394 1456 2501 1496 non
2544 1444 2894 1499 exsistentem
2930 1459 2997 1499 ex
3038 1460 3147 1499 non
3191 1446 3488 1502 exsistente

1918 1530 2165 1585 condidit
2224 1551 2237 1585 :
2284 1547 2452 1603 quare
2496 1542 2615 1590 erat
2653 1536 2945 1606 aliquando
2986 1551 3111 1591 cum
3160 1553 3270 1593 non
3317 1548 3484 1594 esset.

1919 1621 2027 1677 Res
2057 1624 2258 1694 quippe
2289 1634 2492 1691 creata,
2526 1642 2725 1697 resque
2775 1627 2917 1683 facta
2953 1637 3037 1684 est
3064 1629 3234 1685 Filius
3266 1648 3278 1683 :
3310 1646 3486 1702 neque

1918 1714 2113 1770 similis
2164 1723 2248 1771 est
2294 1715 2445 1770 Patri
2501 1718 2804 1773 secundum
2853 1722 3219 1776 substantiam
3261 1738 3484 1793 :neque

235 1796 402 1849 ἐστιν·
434 1798 549 1851 ἀλλ’
581 1797 661 1865 εἷς
694 1803 791 1873 μὲν
813 1803 921 1859 τῶν
951 1810 1269 1881 ποιημάτων
1298 1812 1391 1865 καὶ
1416 1815 1658 1885 γενητῶν
1679 1820 1793 1872 ἐστι

1920 1822 2107 1860 verum
2136 1816 2189 1861 et
2224 1808 2475 1863 naturale
2519 1807 2758 1864 Verbum
2790 1819 2873 1867 est
2895 1810 3113 1866 Patris:
3145 1828 3323 1883 neque
3355 1828 3483 1868 vera

236 1890 691 1960 καταχρηστικῶς
710 1892 766 1946 δὲ
797 1892 1014 1963 λέγεται
1046 1899 1217 1968 Λόγος
1246 1900 1341 1955 καὶ⁹
1366 1903 1555 1973 Σοφία,
1588 1908 1816 1978 γενόμε-

231 1995 319 2041 νος
353 1980 452 2033 καὶ
474 1980 639 2046 αὐτὸς
674 1983 783 2056 (58)
815 1987 894 2058 τῷ
930 1989 1043 2075 ίδίῳ
1068 1991 1163 2046 τοῦ
1209 1992 1345 2048 Θεοῦ
1384 1998 1560 2069 Λόγῳ,
1614 2001 1709 2055 καὶ
1746 2006 1812 2075 τῇ

232 2072 286 2123 ὲν
316 2070 399 2141 τῷ
418 2071 540 2144 Θεῷ
590 2074 777 2146 Σοφίᾳ,
826 2079 885 2131 ὲν
974 2082 1067 2134 καὶ
1094 2083 1162 2137 τά
1189 2086 1366 2139 πάντα
1395 2090 1487 2142 καὶ
1522 2090 1683 2145 αὑτὸν
1713 2070 1812 2147 ’πεζ

233 2162 456 2233 mir;er
484 2166 515 2219 6
545 2164 696 2231 Θεόςο
733 2169 813 2223 διὸ
846 2174 939 2226 καὶ
980 2177 1211 2246 τρεπτός
1255 2180 1371 2233 ἐστι
1404 2182 1497 2235 καὶ
1525 2183 1813 2250 ἀλλοιωτὸς

230 2254 325 2326 τὴν
378 2253 567 2325 φύσιν,
630 2260 707 2324 ὡς
748 2263 842 2316 καὶ
888 2265 1062 2319 πάντα
1093 2268 1161 2322 τά
1190 2268 1400 2339 λογικά·
1433 2274 1581 2341 ξένος
1613 2294 1671 2330 τε
1719 2280 1811 2333 καὶ

230 2350 511 2441 ἀλλότριος
533 2354 628 2407 καὶ
654 2356 1132 2431 ἀπεσχοινισμένος
1162 2365 1309 2419 ἐστὶν
1331 2367 1359 2417 6
1387 2368 1558 2437 Λόγος
1585 2370 1683 2441 τῆς
1714 2372 1807 2425 τοῦ

228 2440 356 2494 Θεοῦ
388 2442 601 2507 οὐσίας’
626 2447 720 2499 καὶ
741 2447 975 2521 ἄρρητός
1001 2452 1110 2522 (59)
1140 2455 1284 2508 ἐστιν
1312 2458 1340 2509 6
1361 2457 1548 2529 Πατὴρ
1572 2440 1648 2528 τῷ
1673 2458 1804 2531 Υἰῷο

226 2532 344 2587 οὔτε
373 2534 489 2607 γὰρ
519 2536 735 2603 τελείως
780 2543 873 2596 καὶ
901 2544 1142 2615 ἀκριϐῶς
1173 2547 1430 2617 γινώσκει
1464 2553 1493 2604 6
1518 2551 1690 2620 Λόγος
1717 2553 1806 2606 τὸν

227 2624 469 2696 Πατέρα,
501 2625 639 2696 ξοῦτε
668 2629 885 2695 τελείως
918 2633 1028 2705 (60)
1055 2636 1186 2708 ὁρᾷν
1215 2638 1377 2691 αὑτὸν
1422 2640 1663 2695 δύναται.
1694 2644 1805 2698 Καὶ

227 2716 326 2789 γὰρ
361 2716 463 2771 καὶ
490 2719 685 2774 ἑαυτοῦ
716 2720 812 2792 τὴν
844 2724 1029 2779 οὐσίαν
1054 2727 1154 2780 οὑκ
1188 2724 1326 2781 οἶδεν
1358 2731 1386 2783 6
1416 2731 1544 2794 Υἱὸς
1568 2731 1643 2795 ὡς
1667 2732 1800 2786 ἔστι·

223 2806 286 2860 δι’
323 2810 481 2880 ἡμᾶς
517 2810 627 2882 γὰρ
658 2818 970 2886 τεποίηται,
1004 2817 1090 2872 ἵνα
1132 2821 1283 2890 ἡμᾶς
1311 2821 1378 2874 δι’
1431 2822 1597 2876 αὐτοῦ
1632 2825 1707 2889 ὡς
1734 2826 1802 2879 δι’

224 2899 458 2969 ὀργάνου
503 2903 659 2976 κτίσῃ
701 2908 729 2959 6
756 2906 906 2970 Θεός.
963 2910 1073 2964 Καὶ
1100 2911 1199 2965 οὐκ
1244 2912 1310 2966 ἂν
1352 2914 1580 2987 ὑπέστη,
1632 2918 1680 2969 εί
1726 2918 1800 2990 μὴ

221 2996 373 3065 ἡμᾶς
405 2998 434 3049 6
461 2997 595 3062 Θεὸς
640 3000 870 3073 ἠθέλησε
906 3005 1147 3075 ποιῆσαι.
1212 3008 1487 3083 Ἠρὼτησε
1544 3012 1673 3081 γοῦν
1718 3032 1800 3079 τις

220 3088 444 3152 αὐτοὺς,
471 3090 521 3140 εξ
569 3088 790 3145 δύναται
821 3093 851 3146 6
877 3093 970 3147 τοῦ
996 3095 1130 3150 Θεοῦ
1170 3099 1343 3167 Λόγος
1370 3104 1641 3173 τραπῆναι
1672 3104 1746 3169 ὡς
1774 3107 1801 3158 6
1828 3136 1869 3191 ο

217 3177 471 3243 διάϐολος
524 3180 760 3252 ἐτράπη·
813 3182 906 3235 καὶ
954 3184 1054 3238 οὐκ
1098 3186 1439 3259 ἐφοϐήθησαν
1488 3192 1660 3244 εἰπεῖν
1718 3193 1799 3246 ὅτι

217 3270 441 3325 δύναται
490 3272 629 3341 (6i);
663 3274 897 3345 τρεπτῆς
921 3275 1027 3348 γάρ
1066 3278 1279 3349 φύσεώς
1305 3283 1418 3336 ἐστι
1449 3282 1673 3354 γενητὸς
1707 3285 1800 3338 καὶ

216 3365 435 3430 κτιστὸς
465 3366 745 3438 ὑπάρχων.

278 3607 373 3668 Π.
427 3610 618 3668 Ταῦτα
657 3614 911 3685 λέγοντας
960 3621 1086 3683 τοὺς
1118 3621 1245 3693 περὶ
1290 3624 1524 3695 Ἀρειον,
1568 3627 1661 3680 καὶ
1702 3627 1794 3682 ἐπὶ

211 3704 418 3768 τούτοις
454 3706 978 3777 ἀναισχυντοῦντας,
1027 3710 1224 3776 αὐτούς
1268 3731 1326 3766 τε
1371 3715 1464 3768 καὶ
1504 3718 1629 3780 τοὺς
1674 3736 1794 3771 συν-

211 3798 688 3869 ακολουθήσαντας
732 3803 934 3868 αὐτοῖς,
988 3807 1164 3877 ἡμεῖς]
1195 3807 1292 3878 μὲν
1329 3808 1465 3879 μετὰ
1512 3810 1621 3864 τῶν
1674 3817 1791 3866 κατ’

210 3890 493 3958 Αἴγυπτον
538 3893 631 3945 καὶ
671 3892 770 3957 τὰς
808 3894 1013 3960 Λιϐύας
1040 3899 1349 3961 ἐπισκόπων
1402 3902 1567 3971 ἐγγὺς
1600 3906 1790 3960 ἑκατὸν

206 3982 395 4048 ὄντων,
426 3982 775 4049 συνελθόντες
803 3987 1287 4062 ἀνεθεματίσαμεν.
1318 3994 1380 4046 Οἱ
1404 3994 1460 4047 δὲ
1501 3998 1628 4067 περὶ
1683 4000 1789 4052 E6-

208 4075 383 4127 σέϐιον
414 4075 833 4145 προσεδέξαντο,
880 4079 1267 4145 σπουδάζοντες
1293 4085 1653 4157 ὲγκαταμίξαι
1677 4090 1787 4162 (62)

204 4168 258 4220 τὸ
278 4168 490 4239 ψεῦδος
516 4172 581 4239 τῇ
616 4170 861 4243 ἀληθείᾳ,
895 4172 989 4225 καὶ
1018 4176 1082 4245 τῇ
1117 4175 1368 4248 εὐσεϐείᾳ
1392 4178 1487 4250 τὴν
1513 4181 1785 4235 ἀσέϐειαν·

204 4258 311 4312 ἀλλ’
339 4262 451 4314 οὐκ
477 4262 778 4331 ἰσχύσουσιο
807 4266 932 4334 νικᾷ
959 4264 1066 4335 γάρ
1096 4268 1127 4336 ἡ
1154 4265 1397 4338 ἀλήθεια,
1424 4271 1518 4324 καὶ
1544 4272 1788 4343 οὐδεμία

201 4353 313 4406 ἐστὶ
344 4355 636 4411 κοινωνία
680 4356 824 4424 φωτὶ
851 4355 999 4424 πρὸς
1033 4360 1269 4425 σκότος,
1304 4361 1447 4415 οὐδὲ
1476 4365 1787 4435 συμφώνη-

1915 1898 2035 1967 ejus
2075 1897 2384 1968 Sapientia;
2420 1900 2515 1955 sed
2562 1916 2671 1953 una
2704 1917 2771 1956 ex
2801 1903 2962 1959 rebus
3009 1902 3168 1959 factis
3217 1904 3482 1959 conditis-

1912 2006 2019 2058 que
2052 2006 2064 2042 :
2096 1992 2321 2048 abusive
2354 2001 2537 2049 autem
2575 1994 2811 2050 Verbum
2851 1996 3053 2051 dicitur
3088 2004 3141 2052 et
3183 1996 3477 2067 Sapientia,

1912 2070 2037 2137 cum
2082 2082 2257 2140 factus
2299 2084 2415 2153 ipse
2442 2086 2517 2141 sit
2560 2103 2657 2158 per
2695 2088 2969 2157 proprium
3012 2087 3104 2142 Dei
3134 2086 3395 2156 Verbum,
3427 2098 3481 2146 et

1911 2191 2007 2245 per
2034 2191 2153 2231 eam
2187 2192 2307 2247 quae
2352 2178 2406 2232 in
2433 2177 2542 2234 Deo
2574 2187 2679 2243 est,
2725 2179 3080 2250 Sapientiam,
3121 2182 3178 2236 in
3209 2197 3314 2251 qua
3352 2198 3477 2238 cum

1910 2274 2103 2321 caetera
2133 2268 2337 2332 omnia,
2386 2276 2498 2323 tum
2530 2285 2652 2325 eum
2688 2272 2865 2341 ipsum
2892 2271 3018 2326 fecit
3040 2272 3206 2329 Deus.
3230 2273 3478 2344 Quapro-

1909 2366 2027 2428 pter
2062 2366 2259 2414 natura
2284 2375 2383 2416 sua
2415 2363 2614 2416 mutari
2646 2372 2810 2432 atque
2844 2365 2982 2418 verti
3014 2372 3212 2434 potest,
3254 2367 3480 2437 perinde

1909 2459 2070 2522 atque
2108 2454 2293 2508 omnia
2338 2454 2703 2511 rationabilis.
2741 2454 3071 2511 Estraneum
3109 2465 3311 2523 autem,
3352 2460 3478 2514 alieo

1907 2560 2035 2597 num
2059 2554 2222 2615 atque
2248 2556 2517 2602 semotum
2552 2545 2789 2602 Verbum
2822 2554 2906 2602 est
2949 2563 2979 2602 a
3019 2548 3113 2604 Dei
3147 2550 3467 2606 substantia.

1907 2632 2290 2691 lnenarrabilis
2312 2637 2474 2691 etiam
2496 2646 2579 2693 est
2604 2638 2765 2693 Pater
2793 2637 2930 2693 Filio
2954 2658 2967 2694 :
3001 2656 3125 2694 nam
3151 2657 3326 2712 neque
3346 2659 3474 2712 per-

1906 2725 2062 2792 fecte,
2095 2742 2269 2798 neque
2319 2737 2575 2784 accurate
2612 2728 2830 2785 Patrem
2876 2732 3027 2786 novit
3074 2731 3336 2795 Verbum,
3375 2748 3475 2787 ne-

1903 2834 2007 2887 que
2042 2818 2281 2888 perfecte
2311 2820 2464 2875 illum
2499 2822 2682 2876 videre
2721 2832 2917 2892 potest.
2954 2823 3164 2879 Etenim
3208 2842 3276 2881 ne
3319 2842 3471 2881 suam

1901 2908 2120 2976 quidem
2163 2909 2529 2964 substantiam
2579 2910 2733 2963 novit
2773 2909 2977 2975 Filius,
3025 2913 3189 2967 sicuti
3228 2914 3319 2967 illa
3364 2923 3467 2969 est.

1901 2996 2129 3067 Propter
2161 3014 2261 3053 nos
2284 3000 2483 3069 quippe
2511 2999 2688 3056 factus
2719 3009 2825 3067 est,
2863 3014 2921 3056 ut
2948 3018 3049 3058 nos
3082 3004 3173 3057 illo
3202 3005 3357 3074 quasi
3389 3006 3470 3058 in-

1902 3096 2207 3144 strumento
2255 3098 2468 3145 crearet
2508 3088 2701 3147 Deus:
2752 3108 2928 3162 neque
2979 3095 3301 3159 exstitisset,
3359 3096 3469 3152 nisi

1902 3195 2003 3236 nos
2046 3178 2190 3235 Deus
2234 3180 2471 3237 condere
2509 3182 2792 3239 voluisset.
2834 3182 3163 3240 Sciscitante
3205 3184 3466 3255 quodam,

1900 3289 2029 3326 num
2068 3274 2292 3345 perinde
2312 3274 2513 3329 mutari
2548 3284 2733 3345 posset
2758 3276 2851 3332 Dei
2882 3276 3120 3333 Verbum
3152 3286 3315 3348 atque
3345 3278 3466 3333 dia-

1874 3364 2057 3418 ‘bolus
2096 3372 2338 3421 mutatus
2364 3374 2483 3435 est;
2518 3383 2630 3422 non
2658 3368 2817 3423 veriti
2849 3377 2978 3425 sunt
3004 3369 3082 3423 illi
3114 3370 3463 3440 respondere,

1900 3454 2040 3511 Sane
2063 3464 2239 3526 potest
2267 3474 2279 3509 :
2314 3472 2463 3523 nam,
2497 3468 2684 3529 utpote
2714 3459 2890 3517 factus
2918 3468 2972 3516 et
3010 3468 3248 3527 creatus,
3284 3471 3466 3516 muta-

1898 3548 2022 3602 bilis
2050 3556 2134 3602 est
2164 3557 2389 3604 naturae.

1969 3638 2057 3694 IV.
2085 3638 2211 3695 llaec
2241 3642 2475 3698 Arianos
2502 3643 2810 3713 loquentes.
2846 3644 2958 3697 haec
2990 3643 3465 3714 impudentissime

1896 3734 2247 3799 allirmantes,
2285 3750 2386 3790 nos
2430 3752 2554 3791 cum
2598 3737 2869 3807 episcopis
2916 3736 3133 3808 Aﬁgypti
3178 3747 3232 3792 ct
3266 3738 3463 3810 Libya-

1894 3841 2014 3880 rum
2050 3842 2217 3896 prope
2254 3839 2492 3895 centum,
2532 3834 2586 3884 in
2618 3848 2786 3885 unum
2827 3831 3026 3894 coacti,
3060 3831 3183 3886 illos
3210 3848 3334 3886 cum
3370 3848 3460 3888 se-

1892 3920 2197 3975 ctatoribus
2236 3923 2350 3976 suis
2382 3923 2730 3979 anathemate
2765 3926 3160 3993 percussimus.
3201 3925 3270 3979 At
3298 3925 3461 3981 Euse-

1891 4012 2014 4067 bius
2032 4021 2084 4067 et
2116 4014 2251 4069 socii
2282 4014 2622 4069 admiserunt
2654 4016 2796 4081 illos,
2819 4032 3145 4087 operamque
3168 4028 3459 4082 navarunt,

1894 4112 1952 4157 ut
1980 4106 2190 4159 veritati
2241 4107 2608 4171 mendacium,
2659 4108 2845 4176 pietati
2875 4108 3207 4178 impietatem
3252 4109 3453 4162 admis-

1890 4203 2067 4250 ceant.
2102 4194 2205 4251 Sed
2234 4212 2575 4267 nequaquam
2617 4197 2671 4251 id
2708 4197 2920 4254 eﬂicere
2952 4200 3209 4253 valebunt
3238 4213 3251 4249 :
3286 4199 3456 4253 vincit

1889 4286 2089 4358 quippe
2119 4288 2343 4354 veritas,
2388 4290 2645 4358 nullaque
2688 4291 2910 4345 societas
2946 4290 3051 4343 luci
3092 4290 3160 4344 ad
3189 4290 3450 4353 tenebras,

1888 4378 2032 4431 nulla
2077 4380 2421 4432 consonantia
2472 4378 2673 4433 Christi
2718 4380 2786 4433 ad
2828 4380 3000 4434 Belial
3031 4381 3097 4438 ⁸ο.
3138 4382 3270 4446 Quis
3308 4381 3450 4434 enim

200 4457 294 4510 σις
333 4448 603 4515 Χριστοῦ
636 4447 785 4516 πρὸς
818 4450 1054 4517 Βελίαρ.
1094 4451 1189 4515 Τίς
1212 4452 1320 4525 γὰρ
1348 4455 1543 4525 ἤκουσε
1567 4458 1785 4513 πώποτε

1908 4478 2126 4533 mquam
2172 4465 2301 4518 talia
2347 4465 2551 4518 audivit
2584 4467 2606 4518 ?
2648 4469 2771 4536 quis
2802 4470 2914 4537 jam
2947 4469 3176 4523 audiens
3204 4486 3313 4523 non
3353 4471 3451 4524 0b-

198 4536 458 4604 τοιαῦτα;
515 4538 549 4611 ἢ
597 4540 681 4604 τίς
713 4540 807 4595 νῦν
840 4541 1052 4596 ἀκούων
1087 4544 1147 4596 οὺ
1203 4543 1487 4612 ξενίζεται,
1531 4553 1625 4605 καὶ
1682 4551 1780 4617 τάς

282 4694 327 4725 ⁸⁸
363 4692 434 4747 II
461 4692 591 4748 Cor.
623 4711 699 4761 γι,
735 4695 824 4749 14.

261 4790 377 4861 (54)
424 4789 551 4869 Sic_
571 4789 976 4869 Beg._So_crat.,
998 4797 1233 4869 Ἄρειος,
1268 4796 1532 4869 ’Λχιλλᾶς.
1561 4795 1765 4863 Gelas.,

199 4860 434 4938 Ἄρειος,
449 4860 562 4938 μαι
602 4862 898 4938 Ἀχιλλεῦ-ς,
927 4867 1020 4918 καὶ
1055 4860 1251 4938 Θαλῆς.

259 4932 377 5009 (βὸ)
400 4931 474 5009 QZ
495 4946 642 4985 ποτε
667 4936 1071 5009 πρεσβύτεροι.
1101 4931 1225 5009 Haec
1247 4947 1434 4994 notatu
1452 4939 1772 5009 dignissima

188 5000 365 5080 verba
398 5000 604 5080 desunt
632 5003 776 5080 apud
807 5000 1019 5080 Socrat.
1057 5016 1109 5062 et
1141 5007 1350 5073 Gelas.,
1381 5018 1435 5066 et
1466 5000 1608 5080 apud
1649 5010 1775 5079 Epi-

191 5072 459 5146 phaniam
488 5069 909 5146 Scholasticurm,
931 5078 1025 5146 qui
1044 5080 1227 5133 omnia
1254 5069 1491 5135 miscuit.

256 5142 377 5211 (56)
412 5139 657 5215 Socrat.,
722 5139 1026 5215 Ἰοῦλιανός.
1062 5147 1184 5202 Mox
1218 5150 1373 5215 illud,
1399 5150 1453 5203 οἵ
1493 5166 1624 5203 ποτε
1655 5150 1771 5204 διά-

187 5228 356 5284 πονοι,
392 5211 600 5284 desunt
633 5216 775 5284 apud
809 5214 1022 5271 Socrat.
1055 5228 1109 5272 et
1135 5219 1315 5275 Gelas.

253 5282 385 5363 (57)
403 5281 500 5336 Sie
703 5293 757 5339 et
771 5284 951 5363 Gelas.
969 5288 1216 5363 At_[teg._,
1238 5290 1418 5363 minus
1437 5299 1604 5354 recte,
1620 5292 1771 5363 ποιρά

1886 4562 2187 4623 stupescat,
2230 4570 2502 4625 auresque
2547 4571 2655 4609 non
2680 4558 2950 4624 obstruat,
2983 4566 3039 4612 ut
3066 4574 3132 4614 ne
3170 4559 3444 4629 ejusmmli

1877 4802 1943 4880 τῇ
1971 4801 2062 4880 τοῦ
2102 4801 2238 4880 Θεοῦ
2273 4802 2462 4880 Σοφία.
2492 4802 2654 4880 Juxta
2680 4823 2838 4877 quem
2875 4809 3143 4880 Epiplian.
3175 4813 3444 4871 Scholast.

1878 4873 1978 4947 sic,
2002 4871 2080 4947 _Et
2110 4873 2218 4947 ipse
2245 4884 2293 4927 et
2318 4871 2575 4928 exsistens
2593 4877 2646 4929 in
2661 4871 2872 4947 proprio
2900 4871 2999 4936 Dei
3028 4882 3190 4937 Verbo
3213 4895 3262 4939 et
3280 4886 3332 4939 in
3355 4886 3448 4942 Dei

1881 4939 2177 5010 Sapientia.
2661 4939 2670 4946 ’
2757 4939 2767 4947 ’
3406 4939 3442 4942 ἡ

1884 5078 1917 5096 n
1951 5012 2063 5096 (59)
2119 5012 2555 5096 Cocles-“Leonis
2603 5015 2801 5084 Allat.,
2857 5020 3109 5093 ἀόρατος.
3173 5024 3442 5096 Epiphan.

1884 5078 2092 5147 Schol),
2119 5082 2418 5138 invisibilis.

1952 5152 2063 5222 (60)
2115 5154 2356 5225 Τελείῳς
2401 5154 2552 5210 deest
2590 5157 2733 5225 apud
2767 5157 2947 5217 Gelas.
2996 5161 3118 5218 Mox
3160 5163 3301 5220 idem
3349 5170 3443 5221 καὶ

1876 5223 1990 5293 γὰρ,
2010 5223 2175 5293 αὐτοῦ
2208 5225 2328 5293 τήν.

1946 5291 2059 5362 (61)
2094 5291 2327 5363 Socrat.,
2358 5292 2445 5345 vati.
2470 5293 2709 5350 δύναται.
2740 5297 2946 5363 Gelas.,
2975 5303 3055 5355 ὃτι
3082 5304 3169 5357 ναὶ
3192 5304 3436 5363 δύναται.

183 5352 1551 5450 fi‘f_,':.‘.’°‘.‘?fi‘;’Tﬂiif“15_f°‘?f“::5?l9§-11313:“
1593 5352 1767 5450 sine

1908 5352 2009 5450 bi‘d.
2042 5352 2452 5450 codcx'Letlnis
2494 5364 2679 5429 Allat.,
2730 5352 3437 5450 οἷαἸ

194 5424 419 5503 ’Δρείρυ
458 5439 470 5473 :
507 5439 628 5493 qua:
656 5427 829 5514 verba
860 5441 983 5507 eum
1011 5430 1080 5514 ad
1117 5431 1340 5514 ‘modum
1363 5432 1536 5513 tituli,
1569 5424 1764 5514 velnad

1912 5433 1965 5485 αὶ
2018 5433 2290 5514 γεννητὸς.
2333 5432 2431 5486 Cui
2483 5424 2749 5514 consonat
2797 5424 3084 5514 Epiphan':

182 5496 501 5581 marginem
562 5496 765 5564 scripta
798 5498 1049 5581 fuissent,
1098 5499 1315 5581 demum
1362 5504 1415 5557 in
1450 5512 1763 5581 contextum
1871 5496 2124 5571 tanquam
2152 5496 2345 5581 natura
2372 5506 2723 5581 conpertiQiIis
2746 5496 3435 5581 exsist'ens,trac'tasnaiuni

182 5564 466 5659 tlralnslata
498 5573 624 5659 sulnt
650 5583 664 5619 :
696 5582 928 5659 quqrum
980 5569 1099 5649 loco
1131 5569 1472 5659 Florentin‘us
1521 5575 1691 5659 codex
1729 5590 1759 5629 a
1864 5584 1911 5625 et
1943 5564 2424 5659 carmentilbilisest.
2467 5573 2570 5659 Ubi
2600 5574 2834 5659 Socrat..
2868 5564 3234 5659 estigiis;
3252 5564 3434 5659 ῥπάρί

182 5632 693 5714 Valesioﬂlaudatus
714 5632 895 5714 habet,
908 5709 917 5714 _
929 5638 1053 5714 πῶς
1068 5640 1347 5714 φρονοῦσιν
1396 5646 1452 5695 Ἀ
1461 5644 1681 5714 ρειανοί.

398 5702 642 5799 ξοοξξὶιξ,
679 5708 773 5799 κέαὶ
802 5709 963 5799 agris
1001 5702 1513 5799 6é.'§olg‘lex_Leon'is
1549 5713 1752 5799 Allatii,

181 5775 273 5827 καί
297 5775 480 5837 αξη-ὸς
516 5775 569 5830 δὲ
597 5776 671 5833 ὢν
703 5780 758 5834 ὲν
798 5778 873 5849 τῷ
898 5778 1012 5850 ἰδίῳ
1044 5780 1135 5833 τοῦ
1174 5782 1310 5836 Θεοῦ
1356 5785 1530 5855 Λόγῳ,
1570 5785 1663 5839 καὶ
1697 5775 1753 5840 ἐν

1866 5659 1994 5713 χων.
2026 5640 2129 5697 Sed
2166 5644 2324 5724 longe
2359 5653 2579 5713 praestat
2615 5645 2766 5717 Regii
2794 5640 2915 5707 cod.
2940 5663 2991 5710 et

1864 5728 2021 5783 quam
2053 5729 2349 5782 sequuntur.

3022 5639 3230 5713 (λ’-61³5ίῖ
3247 5639 3431 5726 lectio,

1930 5784 2041 5859 (62)
2078 5784 2265 5839 Socrat
2297 5822 2310 5849 ,
2339 5786 2757 5849 συγκαταμίξαι.

2210 6204 2469 6291 ἐκ.
