3980 6318
566 319 672 375 575

1668 328 1671 329 '
1706 312 1765 367 S.
1803 309 2202 369 ALEXAND!“
2240 309 2704 367 ALEXANDRINI
3643 320 3724 378 ὅτε

563 428 859 486 verborum
907 422 1099 482 sordes
1145 435 1311 480 aures
1360 433 1492 478 suas
1539 421 1951 477 contaminent?
1999 419 2136 489 Quis

2241 421 2406 488 ἀκοὰς
2439 421 2574 494 βύει,
2606 422 2748 493 ὑπὲρ
2776 422 2870 476 τοῦ
2897 423 2973 495 μὴ
3001 423 3093 478 τὸν
3127 425 3288 497 ῥύπον
3324 426 3507 485 τούτων
3541 432 3630 487 τῶν
3652 438 3726 507 ρη-

562 525 682 578 heec
713 517 944 576 Joannis
970 515 1202 575 audiens
1240 533 1255 570 :
1288 513 1355 570 In
1382 514 1644 586 principio
1671 524 1788 568 erat
1829 513 2053 569 Verbum
2068 516 2135 580 εί,

563 612 810 669 homines
829 624 942 665 non
968 608 1318 670 condemnet,
1348 605 1443 677 qui
1466 604 1620 660 aiunt
1645 622 1659 660 :
1696 602 1823 659 Fuit
1847 605 2140 675 aliquando

561 720 689 762 cum
717 718 828 760 non
853 701 1044 758 esset?
1078 699 1214 767 Quis
1248 699 1295 756 si
1346 699 1463 756 haec
1508 697 1789 769 Evangelii
1834 698 2000 755 verba
2043 715 2138 754 au-

561 799 679 855 diat
708 813 725 850 :
768 796 1081 868 Unigenitus
1117 794 1325 861 Filius;
1356 803 1411 852 et
1439 795 1581 850 :Per
1628 795 1800 863 ipsum
1836 794 1982 864 facta
2017 804 2140 850 sunt

561 890 829 957 omnia“,
853 889 978 945 illos
1012 904 1125 945 non
1169 896 1454 945 aversetur
1498 888 1613 943 haec
1660 889 1986 959 loquentes:
2021 887 2140 944 Una

562 986 655 1041 ille
678 991 762 1041 est
789 999 855 1039 ex
884 982 1051 1039 rebus
1085 981 1279 1037 factis?
1307 979 1442 1035 Nam
1468 981 1564 1052 qui
1607 987 1787 1052 potest
1814 997 1922 1037 una
1955 997 2019 1037 ex
2052 998 2140 1038 re-

561 1077 664 1134 bus
694 1092 725 1132 a
774 1091 834 1132 se
867 1074 1025 1131 factis
1064 1088 1208 1138 esse,
1255 1078 1351 1127 aut
1391 1075 1485 1144 qui
1516 1073 1832 1144 unigenitus
1865 1073 1989 1137 crit,
2021 1074 2137 1144 qui,

561 1180 623 1227 ut
655 1171 811 1227 aiunt
839 1171 939 1233 illi,
972 1170 1228 1228 omnibus
1274 1177 1689 1235 annumeratur,
1740 1172 1787 1226 si
1821 1171 2039 1241 quidem
2086 1180 2140 1229 et

560 1262 653 1319 ille
691 1278 782 1318 res
830 1271 914 1318 est
957 1260 1103 1317 facta
1138 1267 1303 1332 atque
1336 1262 1556 1316 creata?
1592 1260 1878 1328 Quomodo
1924 1278 1991 1317 ex
2028 1278 2137 1317 non

559 1355 905 1412 exstantibus
966 1355 1147 1412 factus
1194 1355 1287 1411 ille
1342 1353 1528 1419 fuerit,
1588 1371 1713 1410 cum
1761 1353 1924 1411 Pater
1973 1357 2137 1421 dicat,

564 1448 841 1504 Eructavit
866 1465 957 1503 cor
985 1466 1156 1504 meum
1198 1448 1424 1504 Verbum
1455 1448 1642 1503 bonum
1672 1450 1748 1515 ⁸³;
1778 1460 1851 1517 et,
1884 1448 1966 1503 Ea:
1992 1459 2140 1505 utero

562 1549 684 1594 ante
715 1540 1020 1609 Luciferum
1049 1541 1205 1612 genui
1226 1540 1378 1598 te“?
1415 1542 1522 1596 Aut
1556 1543 1829 1612 quomodo
1872 1541 2139 1598 absimilis

564 1632 886 1687 substantiae
933 1630 1114 1688 Patris
1161 1631 1356 1698 fuerit,
1402 1633 1496 1704 qui
1549 1640 1633 1690 est
1678 1636 1857 1706 imago
1900 1634 2137 1705 perfecta

563 1721 933 1793 splendorque
966 1720 1167 1787 Patris,
1194 1724 1398 1794 quique
1439 1722 1552 1777 ait:
1598 1722 1703 1788 Qui
1732 1724 1864 1779 vidit
1885 1741 1985 1790 me,
2009 1725 2140 1779 vidit

2244 517 2427 589 μάτων
2471 515 2677 593 ψαῦσαι
2715 517 2814 589 τῆς
2844 517 3033 590 ἀκοῆς
3074 517 3170 582 Τις
3198 518 3395 575 ἀκούων
3432 522 3640 580 Ἰωάννου
3659 528 3728 584 λέ-

2239 625 2450 678 γονιιτοςΙ
2513 611 2618 664 Ἐν
2656 608 2814 685 ἀρχῇ
2857 605 2938 680 ἦν
2984 613 3018 664 ό
3053 611 3260 682 Λόγος,
3303 612 3359 666 οὐ
3400 617 3729 685 καταγινώσκει

2238 701 2441 756 τούτων
2462 702 2747 771 λεγόντων,
2773 697 2882 755 Ἦν
2910 719 3039 756 ποτε
3063 703 3150 757 ὅτε
3177 704 3272 758 οὐκ
3290 700 3373 777 ἦν;
3401 708 3554 773 Ἦ.τίς
3566 710 3732 769 ἁκούων

2239 795 2299 848 ὲν
2321 793 2396 865 τῷ
2424 793 2760 866 Εὑαγγελίῳ,
2790 792 3138 867 Μονογενὴς
3183 797 3327 865 Υἱὸς,
3361 799 3463 865 καὶ,
3495 803 3564 854 Δι’
3588 807 3732 861 αὐτοῦ

2238 886 2474 956 ἐγένετο
2524 886 2740 950 πάντα,
2789 889 2851 941 οὐ
2890 889 3114 961 μισήσει
3152 890 3365 955 τούτους
3400 892 3735 966 φθεγγομένους

2238 979 2344 1044 ὅτι,
2376 973 2472 1043 Εἷς
2494 980 2641 1033 ἐστιν
2661 979 2769 1036 τῶν
2792 983 3111 1055 ποιημάτων
3133 983 3274 1055 (65);
3304 984 3420 1049 Πῶς
3444 985 3541 1060 γὰρ
3563 987 3734 1043 δύναται

2240 1065 2320 1135 εἷς
2352 1066 2492 1125 εἶναι
2517 1072 2626 1128 τῶν
2654 1073 2721 1126 δι’
2748 1074 2911 1129 αὐτοῦ
2949 1075 3273 1146 γενομένων,
3300 1076 3332 1147 ἢ
3368 1077 3472 1142 πῶς
3501 1080 3735 1153 μονογενὴς

2238 1164 2268 1216 6
2317 1164 2430 1226 τοῖς
2471 1163 2604 1217 πᾶσι
2634 1164 2752 1216 κατ’
2796 1164 3041 1228 ἐκείνους
3090 1165 3577 1238 συναριθμοῦμενος,
3616 1169 3736 1241 εἴπερ

2242 1254 2334 1308 καὶ
2364 1254 2528 1317 αὐτὸς
2561 1255 2768 1327 κτίσμα
2819 1256 2936 1309 ἐστὶ
2982 1257 3076 1310 καὶ
3117 1258 3323 1329 ποίημα
3340 1258 3477 1329 (64);
3506 1259 3675 1323 Πῶςδὲ
3696 1261 3739 1325 ἐξ

2238 1347 2339 1401 οὐκ
2356 1346 2526 1400 ὄντων
2554 1346 2620 1401 ἂν
2639 1347 2745 1419 εἴη,
2769 1346 2862 1401 τοῦ
2888 1348 3100 1419 Πατρδς
3119 1348 3379 1418 λέγοντος·
3414 1350 3739 1418 Ἐξηρεύξατο

2243 1438 2281 1506 ἡ
2304 1437 2519 1507 καρδία
2539 1456 2658 1507 μου
2678 1439 2872 1508 Λόγον
2897 1439 3138 1510 ἀγαθόν·
3168 1439 3279 1493 καί·
3297 1441 3394 1494 Ἐκ
3422 1440 3642 1510 γαστρὸς
3655 1440 3740 1509 πρὸ

2252 1527 2596 1597 Ἑωσφόρου
2656 1528 2959 1598 ἐγέννησά
3014 1545 3123 1594 σε;
3156 1531 3227 1583 Ἢ
3281 1530 3394 1594 πῶς
3437 1531 3652 1602 ἀνόμοιος
3692 1535 3739 1602 τῇ

2238 1620 2397 1692 οὐσίᾳ
2420 1619 2514 1674 τοῦ
2544 1621 2776 1693 Πατρὸς,
2802 1624 2831 1676 6
2852 1621 2928 1676 ὢν
2958 1615 3120 1677 εἰκὼν
3143 1623 3322 1677 τελεία
3358 1625 3447 1678 καὶ
3469 1624 3741 1694 ἀπαύγασμα

2239 1711 2334 1767 τοῦ
2376 1713 2609 1783 Πατρὸς,
2645 1715 2743 1767 καὶ
2778 1713 2972 1784 λέγων·
3034 1718 3100 1769 '0
3125 1715 3391 1786 ἑωρακὼς
3434 1714 3546 1785 ἐμὲ,
3572 1713 3741 1784 ἑώρακε

559 1822 614 1865 et
645 1810 862 1867 Patrem
882 1812 977 1869 ⁸³1)
1021 1812 1141 1880 Quo
1176 1820 1337 1884 pacto
1370 1814 1418 1870 si
1460 1812 1701 1869 Verbum
1748 1831 1842 1871 seu
1885 1814 2047 1874 Ratio
2088 1827 2139 1873 et

2241 1806 2348 1859 τὸν
2395 1803 2646 1873 Πατέρα;
2695 1804 2821 1869 Πῶς
2868 1804 2925 1859 δὲ
2972 1807 3020 1859 ei
3060 1807 3232 1877 Λόγος
3260 1806 3352 1861 καὶ
3380 1805 3534 1875 Σοφία
3558 1806 3653 1859 ἐστὶ
3674 1805 3740 1857 τοῦ

565 1905 846 1977 Sapientia
863 1906 959 1963 Dei
984 1904 1157 1964 Filius
1175 1915 1281 1974 est,
1304 1907 1406 1964 fuit
1435 1917 1651 1981 tempus
1678 1925 1804 1965 cum
1829 1926 1940 1966 non
1970 1912 2139 1967 esset?

2241 1896 2373 1950 Θεοῦ
2419 1898 2449 1951 6
2504 1896 2652 1962 Υἱὸς,
2671 1888 2741 1965 ἦν
2763 1913 2893 1950 ποτε
2941 1897 3032 1950 ὅτε
3064 1899 3164 1951 οὐκ
3214 1894 3309 1970 ἧνς
3355 1893 3495 1950 Ἷσον
3521 1898 3614 1968 γάρ
3636 1897 3743 1949 ἐστιν

563 1997 797 2054 Perinde
834 2006 920 2054 est
964 1999 1111 2055 enim
1142 2015 1206 2055 ac
1240 2000 1288 2056 si
1316 2001 1561 2058 dicerent
1593 2022 1605 2058 :
1632 2002 1805 2058 Deum
1847 2002 2139 2074 aliquando

2241 1991 2436 2053 αὐτοὺς
2464 1989 2641 2060 λέγειν
2667 1990 2857 2059 ἄλογον
2881 1992 2972 2044 καὶ
2994 1992 3195 2060 ἄσοφόν
3223 2007 3349 2045 ποτε
3375 1990 3462 2044 τὸν
3493 1990 3633 2044 Θεὸν·
3659 1988 3743 2051 πῶς

564 2087 795 2146 [latione
815 2098 869 2146 et
895 2088 1173 2161 Sapientia
1202 2092 1467 2149 caruisse.
1500 2091 1604 2159 Qui
1636 2094 1766 2149 item
1790 2092 1927 2148 verti
1960 2099 2140 2146 muta-—

558 2181 675 2239 ﬁve
703 2189 901 2254 potest,
932 2183 1026 2252 qui
1048 2183 1125 2238 ait
1150 2199 1247 2253 per
1272 2198 1330 2239 se
1361 2184 1579 2255 quidem
1605 2185 1722 2256 ipse
1751 2202 1765 2239 :
1802 2183 1912 2256 Ego
1942 2186 1997 2239 in
2027 2185 2129 2239 Pa-

564 2280 663 2339 tre,
697 2282 748 2327 et
783 2271 949 2328 Pater
974 2274 1026 2327 in
1057 2290 1138 2327 me
1173 2275 1256 2338 ";
1295 2283 1368 2341 et,
1412 2272 1524 2346 Ego
1557 2284 1606 2329 et
1643 2275 1810 2330 Pater
1846 2293 2009 2330 unum
2051 2294 2141 2331 su-

564 2382 682 2420 mus
701 2362 749 2397 ⁸⁷
773 2382 793 2421 :
824 2381 922 2437 per
966 2366 1286 2437 prophetam
1323 2382 1454 2422 vero
1484 2384 1497 2420 :
1542 2366 1722 2424 Videte
1749 2385 1850 2436 me,
1892 2370 2017 2438 quia
2048 2386 2140 2440 ego

561 2474 699 2524 sum,
722 2467 773 2512 et
820 2475 925 2513 non
956 2468 1130 2513 mutor
1148 2458 1237 2515 ⁸⁸2
1261 2457 1394 2513 Nam
1432 2459 1645 2517 etiamsi
1692 2461 1761 2516 ad
1805 2461 2020 2518 Patrem
2060 2462 2142 2516 di-

565 2558 713 2605 ctum
766 2549 901 2605 illud
954 2550 1147 2606 referri
1202 2559 1387 2622 queat,
1424 2552 1605 2622 aptius
1654 2559 1837 2609 tamen
1885 2553 1953 2609 de
2001 2551 2142 2607 Filio

558 2642 672 2712 jam
696 2641 920 2707 dicitur,
949 2642 1077 2712 quia
1109 2658 1232 2697 cum
1267 2642 1446 2699 factus
1478 2643 1641 2699 homo
1674 2646 1767 2707 sit,
1799 2659 2139 2715 nequaquam

567 2739 813 2788 mutatus
844 2739 961 2802 est;
1004 2733 1121 2797 sed,
1164 2742 1223 2788 ut
1265 2734 1340 2788 ait
1369 2734 1664 2806 Apostolus
1681 2738 1765 2790 “:
1800 2734 1958 2791 Iesus
1988 2736 2144 2793 Chri-

566 2834 681 2880 stus
720 2825 830 2881 heri
873 2834 923 2881 et
954 2826 1127 2892 hodie,
1161 2828 1269 2895 ipse
1311 2836 1363 2883 et
1399 2829 1455 2882 in
1484 2829 1705 2885 sazcula.
1755 2827 1888 2895 Quis
1933 2827 2144 2884 induxit

567 2914 691 2971 illos
712 2923 771 2970 ut
785 2915 1053 2981 dicerent,
1082 2926 1306 2988 propter
1328 2933 1430 2973 nos
1456 2919 1609 2973 illum
1632 2919 1833 2974 factum
1854 2935 1995 2984 esse,
2017 2920 2144 2976 licet

2240 2082 2298 2135 δὲ
2331 2080 2562 2154 τρεπτὺς
2619 2081 2712 2135 καὶ
2759 2082 3047 2146 ἁλλοιωτὸς
3082 2083 3111 2135 6
3142 2082 3338 2151 λέγων,
3377 2081 3441 2135 δι’
3471 2080 3635 2135 ἑαυτοῦ
3656 2080 3742 2150 μὲν,

2254 2170 2401 2242 Ἐγὼ
2423 2172 2494 2225 ἐν
2520 2171 2599 2237 τῷ
2620 2172 2822 2241 Πατρὶ,
2848 2174 2945 2228 καὶ
2973 2177 3007 2227 ὁ
3026 2173 3231 2244 Πατὴρ
3256 2174 3325 2229 ἐν
3344 2174 3484 2245 ἐμοί·
3526 2171 3621 2226 καί·
3637 2169 3746 2240 ἐγὼ

2242 2267 2338 2321 καὶ
2373 2270 2407 2321 ὁ
2430 2266 2633 2336 Πατὴρ
2653 2268 2723 2322 ἐν
2745 2268 2948 2337 ἐσμεν·
2974 2267 3063 2321 διὰ
3089 2268 3146 2321 δὲ
3177 2266 3276 2320 τοῦ
3312 2268 3591 2339 προφήτου·
3614 2262 3746 2318 Ἴδετέ

2236 2374 2334 2428 με,
2373 2356 2462 2411 ὅτι
2508 2358 2623 2428 ἐγώ
2663 2360 2800 2429 ειμι,
2832 2357 2931 2412 καὶ
2957 2359 3070 2413 οὐκ
3100 2358 3452 2427 ήλλοίωμιιις
3477 2357 3536 2409 Ei
3567 2351 3748 2426 γὰρκαὶ

2243 2453 2330 2507 ἐπ’
2370 2452 2531 2506 αὐτόν
2556 2468 2641 2514 τις
2687 2451 2779 2505 τὸν
2806 2450 3024 2523 Πατέρα
3047 2450 3273 2505 δύναται
3294 2449 3353 2504 τὸ
3402 2448 3549 2521 ῥητὸν
3591 2444 3747 2515 ἀναφέ-

2245 2557 2380 2617 ρειν·
2423 2540 2561 2595 ἀλλὰ
2589 2538 2989 2612 ἁρμοδιώτερον
3032 2538 3099 2594 ἂν
3130 2540 3217 2609 εἴη
3244 2540 3370 2612 περὶ
3396 2537 3483 2592 τοῦ
3511 2537 3657 2606 Λόγου
3681 2532 3749 2587 νῦν

2243 2636 2552 2707 λεγόμενον,
2581 2634 2664 2687 ὅτι
2698 2633 2794 2686 καὶ
2825 2633 3119 2705 γενόμενος
3160 2632 3446 2706 ἄνθρωπος
3465 2633 3557 2685 οὐκ
3578 2626 3750 2699 ἠλλοίω-

2243 2746 2354 2784 ται·
2388 2727 2503 2782 ἀλλ’
2538 2727 2614 2790 ὡς
2646 2722 2798 2780 εἶπεν
2827 2728 2855 2780 6
2895 2726 3225 2788 Ἀπόστολος
3297 2724 3524 2793 Ἰησοῦς
3555 2716 3752 2791 Χριστός

2246 2821 2388 2893 χθὲς
2416 2820 2514 2875 καὶ
2547 2819 2833 2888 σήμερον,
2863 2821 2898 2873 ό
2928 2818 3114 2885 αὐτὸς
3152 2818 3255 2873 καὶ
3298 2820 3384 2883 εις
3414 2816 3544 2882 τοὺς
3565 2811 3749 2874 αἰῶνας·

2245 2913 2329 2979 τίς
2355 2914 2411 2967 δὲ
2441 2912 2552 2985 (65)
2584 2912 2690 2985 άρα
2739 2913 2913 2964 εἰπεῖν
2942 2911 3139 2975 αὐτοὺς
3172 2909 3410 2973 ἔπεισεν,
3435 2908 3511 2961 ὅτι
3551 2904 3609 2957 δι’
3640 2901 3753 2973 ἡμᾶς

568 3005 773 3064 Paulus
803 3008 953 3064 dicat
973 3010 1018 3041 '°
1057 3030 1070 3066 :
1102 3009 1330 3080 Propter
1369 3027 1521 3079 quem
1566 3012 1765 3079 omnia,
1794 3021 1844 3068 et
1875 3029 1966 3083 per
1994 3029 2139 3083 quem

2246 3007 2461 3076 γέγονε,
2510 3003 2684 3058 καίτοι
2725 3002 2820 3057 τοῦ
2863 3002 3076 3055 Παύλου
3123 3002 3444 3074 γράφοντος·
3496 2997 3567 3052 Δι’
3603 2995 3662 3049 ὃν
3702 2990 3754 3045 τὰ

568 3100 747 3153 omnia
763 3102 789 3156 .’

2247 3098 2464 3165 πάντα,
2498 3098 2595 3153 καὶ
2626 3097 2700 3152 δι’
2722 3094 2793 3153 οὗ
2833 3098 2903 3152 τὰ
2943 3096 3173 3161 πάντα;

638 3191 706 3248 V.
740 3191 899 3259 Quod
952 3201 1164 3265 spectat
1205 3202 1387 3250 autem
1442 3195 1591 3249 illam
1642 3212 1835 3252 eorum
1883 3196 2138 3269 blaSpbe~

2317 3192 2376 3246 ν.
2427 3192 2564 3264 Περὶ
2615 3189 2725 3263 γὰρ
2763 3188 2858 3242 τοῦ
2891 3188 3256 3261 βλασφημεῖν,
3305 3191 3385 3243 ὅτι
3409 3188 3503 3242 οὐκ
3538 3183 3658 3239 οἶδεν
3689 3197 3755 3269 τεξ

569 3282 735 3337 miam
774 3298 882 3354 qua
920 3282 1098 3349 aiunt,
1152 3283 1350 3339 Filium
1382 3299 1493 3339 non
1548 3301 1715 3342 nosse
1771 3268 2139 3357 perfecteiPa-

2246 3280 2404 3345 λείως
2434 3282 2465 3333 6
2504 3279 2633 3345 Υἱὸς
2679 3280 2770 3334 τὸν
2813 3279 3053 3351 Πατέρα,
3101 3280 3162 3333 οὑ
3183 3280 3269 3334 δεῖ
3311 3277 3608 3350 θαυμάζειν·
3646 3268 3757 3334 ἅπαξ

568 3378 736 3443 trem;
790 3387 1133 3444 nequaquam
1179 3373 1491 3428 mirandum
1526 3390 1693 3430 :cum
1734 3376 1879 3430 enim
1935 3376 1992 3430 in
2024 3377 2139 3430 ani-

2248 3374 2355 3445 γὰρ
2381 3373 2701 3446 προθέμενοι
2717 3374 3122 3445 χριστομαχεῖν,
3148 3372 3574 3445 παρακρούονται
3597 3364 3758 3424 καὶτὰς

571 3479 720 3520 mum
748 3465 1063 3520 induxerint
1092 3464 1312 3521 Christo
1341 3466 1542 3521 bellum
1572 3465 1796 3531 inferre,
1830 3477 2139 3537 oppugnant

2249 3465 2429 3537 φωνὰς
2449 3464 2612 3519 αὐτοῦ
2631 3463 2895 3533 λέγοντος·
2921 3463 3123 3530 Καθὼς
3146 3464 3424 3534 γινώσκει
3434 3480 3507 3532 με
3528 3465 3557 3516 ό
3584 3455 3758 3524 Πατὴρ.

572 3555 703 3612 item
720 3556 837 3612 haec
864 3557 1010 3613 illius
1037 3558 1202 3613 verba
1236 3573 1250 3610 :
1282 3557 1437 3612 Sicut
1469 3560 1609 3613 novit
1650 3575 1730 3614 me
1760 3558 1943 3623 Pater,
1968 3571 2019 3614 et
2051 3577 2139 3629 ego

2249 3557 2410 3629 κάγὼ
2440 3556 2710 3629 γινώσκω
2734 3556 2842 3611 τὸν
2866 3556 3112 3625 Πατέρα.
3145 3558 3209 3610 Εἰ
3249 3559 3348 3630 μὲν
3369 3554 3458 3611 οὖν
3476 3558 3536 3609 ἐκ
3566 3551 3759 3626 μέρουςὸ

573 3662 797 3713 agnosco
826 3647 1047 3702 Patrem
1074 3651 1143 3704 ⁸³.
1171 3648 1406 3706 Proinde
1436 3650 1482 3704 si
1521 3666 1586 3706 ex
1621 3659 1776 3721 parte
1820 3659 2029 3706 tantum
2056 3649 2139 3704 Fi-

2249 3651 2439 3724 Πατήρ
2483 3649 2740 3720 γινώσκει
2782 3649 2874 3703 τὸν
2919 3647 3065 3714 Υἱδν,
3104 3649 3265 3720 δῆλον
3296 3651 3376 3704 ὅτι
3408 3650 3496 3704 καὶ
3518 3650 3544 3702 6
3574 3643 3682 3707 Υἱὸς
3708 3639 3760 3711 μὴ

574 3738 707 3792 lium
743 3740 895 3794 novit
923 3738 1104 3806 Pater,
1151 3748 1373 3797 constat
1405 3740 1605 3796 Filium
1638 3758 1747 3798 non
1780 3742 2021 3813 perfecte
2050 3757 2139 3797 co-

2248 3742 2467 3808 τελείως
2485 3743 2798 3813 γινωσκέτω
2817 3739 2927 3813 (66)
2942 3739 3033 3793 τὸν
3049 3742 3292 3814 Πατέρα.
3317 3743 3378 3797 Εἰ
3391 3742 3447 3795 δὲ
3467 3739 3611 3794 τοῦτο
3629 3735 3762 3802 λέγειν

575 3844 839 3901 gnoscere
866 3828 1105 3886 Patrem.
1132 3830 1289 3898 Quod
1334 3832 1382 3888 si
1414 3834 1568 3889 nefas
1596 3834 1663 3890 sit
1694 3835 1769 3889 ita
1816 3835 1984 3906 loqui,
2017 3844 2072 3891 et
2098 3836 2139 3890 si

2249 3836 2309 3889 οὐ
2344 3835 2522 3908 θέμις,
2566 3831 2674 3888 οἵδε
2720 3834 2779 3888 δὲ
2813 3833 3033 3898 τελείως
3057 3835 3087 3886 6
3126 3834 3320 3908 Πατὴρ
3352 3835 3441 3888 τὸν
3473 3832 3607 3895 Υἰὸν,
3642 3826 3761 3897 δῆλον

575 3922 737 3977 Pater
764 3921 1001 3992 perfecte
1049 3923 1201 3978 novit
1230 3921 1458 3993 Filium;
1492 3925 1715 3995 planum
1746 3934 1832 3982 est
1871 3928 2015 3983 sicut
2042 3927 2139 3981 Pa-

2249 3928 2330 3980 ὄτι
2354 3925 2536 3991 καθὼς
2557 3926 2814 3997 γινώσκει
2837 3929 2866 3982 6
2893 3928 3083 3999 Πατὴρ
3101 3927 3193 3981 τὸν
3218 3927 3410 3982 ἑαυτοῦ
3434 3927 3611 3995 Λόγον,
3635 3922 3764 3981 οὕτως

574 4024 661 4071 ter
705 4013 943 4072 Verbum
988 4017 1139 4072 novit
1196 4017 1379 4082 suum,
1432 4015 1658 4087 perinde
1685 4016 1946 4085 Verbum,
1986 4035 2145 4075 suum

576 4119 740 4162 nosse
758 4103 997 4170 Patrem,
1022 4105 1181 4176 cujus
1210 4102 1388 4175 ipsum
1416 4104 1654 4161 Verbum
1682 4116 1786 4164 est.
2250 4112 2440 4182 Λόγος.

646 4194 734 4251 Vl.
772 4195 900 4252 Haec
935 4197 1191 4262 dicendo,
1231 4205 1397 4269 atque
1441 4197 1657 4255 divinas
1690 4197 2010 4272 Scripturas
2052 4218 2139 4257 ex-

2323 4202 2412 4258 γι.
2448 4202 2631 4255 Ταῦτα
2653 4201 2903 4271 λέγοντες
2931 4201 3025 4255 καὶ
3052 4201 3493 4265 ἀναπτύσσοντες
3530 4199 3622 4262 τὰς
3653 4192 3765 4253 Θείας

578 4288 882 4360 planando,
942 4303 1317 4359 sarpenumero
1369 4288 1492 4346 illos
1541 4290 1895 4346 convicimus.
1944 4290 2139 4349 Verum

2252 4293 2476 4367 Γραφὰς
2501 4292 2761 4357 πολλάκις
2783 4292 3146 4365 ένετρέψαμεν
3178 4290 3395 4356 αὐτούς.
3428 4290 3534 4345 Kal.
3558 4286 3695 4341 πάλιν
3714 4281 3769 4337 ὡς

577 4382 855 4455 illi,quasi
884 4382 1326 4448 chamaeleontes,
1359 4390 1567 4438 mutata
1593 4383 1823 4440 subinde
1853 4387 2139 4453 sententia,

2255 4387 2639 4461 χαμαιλέοντες
2694 4385 3071 4459 μετεϐάλοντο,
3122 4384 3549 4455 φιλονεικοῦντες
3593 4373 3773 4432 ἑαυτοὺς

577 4475 785 4532 dictum
817 4476 950 4531 illud
983 4475 1085 4533 sibi
1133 4475 1414 4532 vindicare
1468 4476 1718 4532 nituntur
1747 4498 1760 4534 :
1798 4479 2000 4550 Impius
2030 4498 2139 4536 cum

2254 4480 2547 4552 έφελκύσαι
2573 4480 2633 4534 τὸ
2661 4479 3062 4552 γεγραμμένον·
3121 4478 3244 4531 Ὅτ’
3301 4476 3379 4530 ἂν
3410 4476 3551 4542 ἔλθῃ
3590 4462 3766 4532 ἀσεϐὴς

579 4568 634 4621 in
688 4569 1008 4640 profundum
1064 4569 1291 4635 venerit,
1326 4558 1716 4626 contemnit”.
1774 4574 1958 4628 Multa:
2014 4590 2139 4632 sane

2248 4576 2335 4640 εἰς
2357 4570 2547 4638 ,ϐάθος
2576 4568 2794 4635 κακῶν,
2825 4566 3195 4638 καταφρονεῖ,
3228 4566 3425 4621 Πολλαὶ
3439 4563 3563 4634 γοῦν
3578 4558 3774 4629 αἱρέσεις

578 4667 705 4717 ante
734 4661 856 4718 illos
885 4662 1146 4718 exstitere
1195 4664 1454 4730 haereses,
1486 4679 1627 4734 quae,
1663 4665 1786 4736 plus
1837 4682 2001 4737 quam
2048 4683 2139 4739 par

2248 4661 2355 4734 πρὸ
2421 4660 2598 4715 αὐτῶν
2642 4659 2947 4730 γεγόνασιν,
2984 4659 3185 4722 αἵτινες
3238 4657 3400 4712 πλέον
3462 4652 3552 4709 τοῦ
3606 4648 3774 4739 δέοντος

579 4759 719 4818 erat,
755 4768 923 4822 ausae,
954 4754 1012 4809 in
1044 4753 1371 4809 dementiam
1401 4732 1939 4826 collapsm'sunt.—At
1968 4758 2024 4813 hi
2050 4732 2139 4829 qui

2249 4732 2605 4827 τολμήσασαι,
2633 4753 2985 4807 πεπτώκασιν
3007 4754 3086 4814 εἰς
3110 4750 3443 4822 ἀφροσύνην.
3475 4739 3622 4800 Οὗτοι
3643 4738 3693 4792 δὲ
3709 4732 3769 4829 διὸ

581 4845 790 4901 voculis
821 4846 938 4903 suis
969 4847 1227 4905 omnibus
1279 4849 1334 4903 id
1363 4849 1685 4913 moliuntur,
1722 4858 1784 4904 ut
1814 4849 1978 4906 Verbi
2009 4850 2139 4905 divi-

2254 4823 2470 4902 πάντων
2518 4844 2726 4900 έαυτῶν
2777 4844 2886 4898 τῶν
2935 4843 3218 4915 ῥηματίων
3260 4838 3689 4911 ἐπιχειρήσαντες
3714 4823 3774 4877 εἷς

583 4938 806 4994 nitatem
847 4939 1064 5007 tollant,
1098 4941 1152 4997 id
1183 4941 1430 5007 elfecere,
1464 4949 1525 4997 ut
1552 4942 1957 5012 quodammodo
1986 4944 2139 5014 iustae

2251 4940 2535 5011 ἁναίρησιν
2570 4938 2689 5010 (67)
2720 4935 2934 5009 τῆςτοῦ
2964 4934 3142 5004 Λόγου
3192 4932 3465 5002 Θεότητος,
3500 4920 3774 4982 ἐδικαίωσαν

582 5030 898 5087 viderentur
929 5031 1054 5099 illae,
1088 5049 1211 5089 cum
1244 5034 1469 5105 propius
1503 5032 1608 5104 ipsi
1648 5035 1717 5090 ad
1745 5034 2139 5091 Antichristum

2251 5036 2310 5101 ἐξ
2326 5032 2532 5088 έαυτῶν
2551 5032 2762 5097 ὲκείνας
2790 5031 2865 5095 ὡς
2896 5027 3180 5099 έγγὺτεροι
3207 5024 3300 5079 τοῦ
3335 5018 3682 5092 Ἀντιχρίστου
3703 5021 3767 5076 γε·

2252 4020 2347 4073 καὶ
2374 4020 2403 4073 ὁ
2428 4019 2600 4090 Λόγος
2622 4017 2879 4089 γινώσκει
2903 4019 2994 4074 τὸν
3016 4018 3212 4074 ἑαυτοῦ
3241 4021 3482 4093 Πατέρα,
3510 4010 3566 4072 οὗ
3588 4014 3665 4070 καί
3680 4014 3767 4064 ἐστι

701 5189 932 5260 “Joan.
968 5206 1009 5254 t,
1048 5192 1099 5246 1.
1195 5191 1241 5222 ’⁵³
1268 5189 1430 5248 Joan.
1458 5206 1513 5260 I,
1554 5190 1641 5255 18,
1670 5190 1729 5249 5,
1811 5195 1858 5228 ⁸³
1885 5194 2038 5249 Ρεαι,
2075 5212 2139 5250 χι,

2255 5195 2305 5250 l.
2414 5193 2460 5225 “
2490 5191 2644 5249 Psal.
2676 5208 2799 5259 cu,
2838 5190 2905 5255 ὃς
2939 5189 3098 5245 Hebr.
3123 5185 3241 5260 ινδ]
3354 5183 3586 5260 δξζοαη.
3609 5167 3771 5260 mini}

586 5256 632 5289 “
666 5240 932 5317 ibidlvlwtiv.‘
968 5240 1513 5327 "‘rJoansxv,“
1555 5240 1911 5321 Vinium/cf

584 5328 632 5361 ⁸⁸
656 5328 816 5387 Prov.
847 5347 1003 5387 xvut.
1028 5332 1080 5386 3.

2241 5240 2455 5320 “ullebr.
2490 5240 3262 5330 infe."'u'iléii'ufto.
3369 5257 3412 5287 "
3443 5256 3597 5310 Joau.
3629 5263 3675 5312 Χ,
3703 5240 3771 5294 15.

2331 5464 2444 5536 (65)
2484 5462 2641 5519 Socr.
2672 5475 2725 5521 et
2760 5466 2966 5532 Gelas.,
3021 5465 3073 5518 τι
3106 5463 3184 5520 δέ,
3220 5462 3416 5535 Epiph.
3458 5456 3653 5523 Sebol.,
3681 5467 3770 5524 qm

2260 5552 2433 5605 causa,
2456 5545 2633 5605 putas,
2667 5546 2772 5592 etc.

2329 5603 2465 5679 (βξ)
2481 5603 2701 5679 _Socrat.
2731 5616 2783 5679 et
2818 5605 3025 5679 Gelas.,
3049 5605 3324 5679 γινώσκει.

2316 5672 2436 5763 (67‘)
2477 5674 2656 5763 Secta,
2702 5678 2877 5732 αὐτῶν
2910 5678 3017 5731 τῶν
3061 5672 3324 5750 ’ῥημάτων
3372 5672 3771 5745 ἐπιχειρήσαντες

2252 5765 2363 5813 ταῖς
2399 5764 2645 5818 αναιρῖαε
2655 5763 2723 5801 σι.

807 5470 1021 5545 ξοοιᾞι.
1052 5480 1187 5545 (post
1217 5472 1537 5545 ποιημάτων
1567 5471 1730 5545 habet
1759 5472 1788 5525 6
1825 5470 1971 5532 Υἱός.
2002 5468 2150 5524 Ideni

589 5539 886 5607 ἱὺίὶιηπῶς
920 5543 978 5596 δὲ
1004 5539 1223 5599 δύναται
1253 5539 1369 5606 ἶσος
1404 5539 1562 5605 εἶναι,
1593 5543 1776 5596 minus
1808 5549 1976 5596 recte.

660 5614 771 5684 (64)
802 5613 947 5684 Haec,
967 5616 1122 5684 εἴπερ
1145 5616 1238 5668 καὶ
1260 5614 1420 5677 αὐτὸς
1445 5612 1647 5684 κτίσμα
1667 5612 1785 5665 ἐπὶ
1799 5610 1894 5684 καὶ.
1916 5610 2145 5684 ποίημα,

588 5679 785 5752 desunt
832 5684 886 5736 in
915 5679 1153 5747 Socrai.,
1193 5683 1371 5740 Getas.
1412 5691 1463 5738 ct
1508 5679 1770 5752 Epiplian.
1805 5679 2143 5750 Srhol.,’st:d

590 5756 644 5810 in
674 5751 805 5826 Reg.
841 5752 1109 5821 leguntur.
