3980 6318
240 273 344 329 577

1627 266 2021 321 ΕΡΙΒἸῸΙ..ᾸΞ.¹

3371 271 3476 329 573

231 395 459 462 ιόμενοι.
482 390 572 445 Διὸ
601 389 694 444 καὶ⁵
708 389 1169 462 ἀπεκηρύχθησαν
1197 387 1288 444 καὶ
1309 386 1791 458 ἀνεθεματίσθησαε

1913 386 2192 441 accedant.
2253 382 2640 452 Quamobrem'
2680 387 2968 457 proscripti
3017 396 3070 442 et
3133 389 3478 450 anathemate

221 490 327 541 ἀπὸ
360 487 462 557 τῆς
504 483 850 555 Ἐκκλησίας.
889 483 1217 554 Λυπούμεθα
1242 483 1338 553 μὲν
1361 478 1452 536 οὖν
1478 483 1571 534 ἐπὶ
1600 483 1665 552 τῇ
1699 481 1801 533 ἀπ-

226 579 392 650 ωλείᾳ
432 577 658 631 τούτων·
695 576 789 628 καὶ
822 574 1055 644 μάλιστα
1086 575 1166 626 ὅτι
1216 574 1476 644 μαθόντες
1531 574 1662 627 ποτὲ
1708 577 1800 629 κα)⁵

227 670 377 722 αὐτοὶ
412 667 480 720 τὰ
509 667 612 735 τῆς
651 663 997 733 Ἐκκλησίας,
1029 661 1124 714 νῦν
1156 662 1530 732 ἀπεπήδησαν·
1565 661 1624 714 ού
1658 660 1798 725 ξενι-

227 758 429 829 ζόμεθα
461 758 540 811 δέ·
573 755 732 809 τοῦτο
769 754 874 826 γὰρ
935 756 1029 808 καὶ
1099 754 1382 824 Ύμεναῖος
1426 753 1521 806 καὶ
1574 753 1798 824 Φιλητὺς

226 851 545 912 πεπόνθασι,
583 850 676 903 καὶ
709 849 814 921 πρὸ
847 849 1025 902 αὐτῶν
1052 848 1296 912 Ἰούδαςὸ
1325 847 1695 920 ἀκολουθήσας
1722 847 1800 919 τῷ

225 945 456 1014 Σωτῆρι,
485 940 830 1013 ὕστερονγὰρ
858 939 1120 1010 προδότης
1136 940 1228 992 καὶ
1252 938 1562 1008 ἀποστάτης
1588 937 1794 1006 γέγονε.

225 1038 331 1090 Καὶ
374 1037 501 1106 περὶ
535 1033 738 1087 τούτων
765 1035 820 1087 δὲ
849 1033 1048 1096 αὐτῶν,
1083 1033 1181 1085 οὐκ
1211 1031 1484 1085 ἀδίδακτοι
1516 1033 1798 1102 μεμνὴκα-

224 1146 342 1200 μεν·
385 1127 500 1180 ἀλλ’
529 1130 558 1180 ὁ
591 1127 687 1197 μὲν
716 1125 920 1197 Κύριος
948 1124 1260 1195 προείρηκε·
1307 1123 1566 1177 Βλέπετε
1594 1121 1678 1190 μή
1708 1140 1798 1187 τις

222 1219 374 1290 ὑμᾶς
403 1217 724 1286 πλανήσῃ·
781 1218 995 1272 πολλοὶ
1029 1217 1140 1287 γὰρ
1168 1217 1519 1270 ἐλεύσονται
1577 1215 1671 1267 ἐπὶ
1718 1214 1798 1280 τῷ

221 1315 469 1381 ὀνόματί
489 1330 609 1380 μου
637 1311 936 1380 λέγοντες,
969 1311 1055 1363 ὅτι
1086 1311 1198 1378 ἐγώ
1229 1311 1365 1378 εῘμι,
1401 1308 1494 1362 καὶ
1528 1311 1559 1360 ό
1593 1307 1797 1376 καιρὸς

223 1407 445 1476 ἦγγικε.
484 1407 583 1459 καὶ
617 1405 886 1470 πολλοὺς
913 1403 1298 1470 πλανήσοινσι
1320 1421 1333 1432 ο
1350 1402 1436 1470 μὴ
1467 1401 1795 1470 πορευθῆτε

218 1498 411 1550 tissime
429 1496 651 1550 αὐτῶν.
697 1497 754 1548 '0
785 1489 841 1547 δὲ
875 1493 1085 1555 Παῦλος
1113 1492 1299 1562 μαθὼν
1325 1491 1496 1544 ταῦτα
1527 1489 1674 1563 παρά
1698 1489 1791 1542 τοῦ

220 1588 470 1658 Σωτῆρος
507 1585 760 1656 ἔγραψεν·
797 1586 923 1638 Ὅτι
959 1585 1028 1636 ἐν
1057 1582 1332 1650 ὑστέροις
1373 1579 1596 1650 καιροῖς
1637 1578 1746 1649 (68)
1776 1618 1790 1642 ,

215 1679 678 1746 ἀποστήσονται
725 1695 883 1742 τινες
905 1676 1014 1745 τῆς
1065 1676 1456 1746 ὑγιαινούσης
1507 1675 1786 1736 πίστεως,

217 1772 626 1840 προσέχοντες
646 1770 944 1837 πνεύμασι
965 1766 1236 1831 πλανοῖς,
1254 1766 1348 1818 καί
1383 1764 1795 1831 διδασκαλίοις

215 1862 539 1930 δαιμονίων
568 1859 1111 1928 ἀποστρεφομένων
1133 1856 1245 1925 τὴν
1274 1856 1582 1924 ἀλήθειαν.

285 1955 397 2011 VII.
432 1954 541 2009 Τοῦ
578 1954 754 2007 τοίνυν
781 1953 988 2024 Κυρίου
1021 1951 1116 2006 καὶ
1147 1951 1394 2022 Σωτῆρος
1418 1949 1574 2021 ἡμῶν
1618 1948 1794 2020 Ἰησοῦ

216 2043 476 2118 Χριστοῦ,
511 2043 600 2097 διά
627 2060 685 2097 τε
718 2040 905 2095 ἑαυτοῦ
937 2039 1420 2112 παραγγείλαντος,
1455 2039 1548 2092 καὶ
1578 2038 1664 2091 διὰ
1703 2037 1795 2091 τοῦ

228 2137 553 2190 Ἀποστόλου
587 2135 938 2206 σημαίνοντος
972 2132 1101 2204 περὶ
1136 2131 1242 2184 τῶν
1266 2131 1540 2194 τοιούτων,
1572 2129 1796 2183 ἀκολού-

216 2232 320 2294 θως
358 2233 525 2301 ἡμεῖς
561 2229 818 2300 αὐτήκοοι
840 2227 938 2296 τῆς
986 2225 1237 2290 ἀσεϐείας
1284 2223 1462 2278 αὐτῶν
1492 2222 1792 2293 γενόμενοι,

217 2321 710 2393 ἀνεθεματίσαμεν,
746 2319 888 2372 καθὰ
919 2318 1270 2390 προείπομεν,
1313 2317 1438 2378 τοὺς
1501 2313 1792 2377 τοιούτους,

217 2412 597 2479 ἀποδείξαντες
649 2429 708 2464 τε
765 2411 960 2472 αὐτοὺς
1003 2409 1311 2481 ἀλλοτρίους
1360 2407 1457 2478 τῆς
1503 2405 1796 2474 καθολικῆς

229 2505 557 2575 Ἐκκλησίας
614 2519 671 2555 τε
719 2502 812 2554 καὶ
853 2502 1118 2564 πίστεως’
1175 2497 1520 2569 ἐδηλώσαμεν
1576 2494 1669 2549 καὶ
1726 2495 1792 2563 τῇ

221 2595 458 2665 ὑμετέρᾳ
511 2592 825 2663 θεοσεϐείᾳ,
880 2590 1149 2661 ἀγαπητοὶ
1185 2589 1278 2642 καὶ
1308 2584 1626 2657 τιμιώτατοι
1669 2583 1794 2636 συλ-

219 2688 536 2757 λειτουργοὶ,
591 2685 679 2739 ἵνα
732 2686 866 2755 μήτε
915 2683 1066 2744 τινὰς
1133 2681 1190 2747 ἐξ
1244 2678 1421 2732 αὐτῶν
1475 2679 1522 2731 εἰ
1583 2693 1791 2748 προπε-

217 2779 496 2832 τεύσαιντο
549 2777 685 2848 πρὸς
729 2777 870 2846 ὑμᾶς
919 2773 1112 2836 ὲλθεῖν,
1191 2769 1572 2842 προσδέξησθε,
1656 2770 1792 2839 μήτε

219 2870 462 2941 Εύσεϐίῳ
497 2871 529 2940 ἦ
561 2869 730 2940 ὲτέρῳ
750 2867 854 2921 τινὶ
880 2867 1140 2938 γράφοντι
1167 2865 1286 2935 περ)
1311 2861 1486 2916 αὐτῶν
1516 2858 1788 2929 πεισθῆτε.

218 2965 425 3038 Πρέπει
465 2963 574 3033 γὰρ
618 2963 765 3033 ἡμᾶς
803 2958 912 3030 (69)
961 2957 1317 3030 Χριστιανοὺς
1355 2954 1539 3016 ὄντας,
1584 2952 1792 3013 πάντας

216 3060 341 3122 τοὺς
387 3057 523 3111 κατὰ
557 3054 794 3127 Χριστοῦ
830 3053 1087 3121 λέγοντάς
1114 3068 1171 3102 τε
1200 3050 1293 3102 καὶ
1327 3046 1677 3118 φρονοῦντας,
1715 3044 1792 3108 ὡς

215 3147 516 3217 θεομάχους
563 3145 658 3197 καὶ
691 3143 921 3213 φθορέας
962 3141 1068 3194 τῶν
1099 3139 1283 3210 ψυχῶν
1331 3134 1785 3207 ἀποστρέφεσθαι,

216 3242 299 3294 καὶ
335 3239 476 3310 μηδὲ
507 3237 609 3292 κᾶν
641 3238 864 3308 Χαίρειν
914 3239 1024 3298 τοῖς
1055 3234 1314 3295 τοιούτοις
1355 3231 1551 3300 λέγειν·
1591 3231 1678 3283 ἴνα
1714 3229 1786 3299 μή

215 3349 334 3386 ποτε
373 3331 469 3385 καὶ
491 3333 609 3394 ταῖς
661 3328 954 3400 ἁμαρτίαις
1005 3325 1182 3380 αὐτῶν
1214 3321 1454 3378 κοινωνοὶ
1484 3319 1785 3391 γενώμεθα,

212 3423 280 3486 ὡς
301 3421 680 3494 παρήγγειλεν
714 3422 742 3473 ὁ
781 3419 1045 3491 μακάριος
1110 3416 1380 3486 Ἰωάννης.
1447 3413 1785 3485 Προσείπατε

213 3517 326 3579 τοὺς
357 3515 489 3587 παρ’
511 3515 641 3584 ὑμῖν
674 3511 951 3580 ἀδελφούςο
988 3511 1131 3580 ὑμᾶς
1158 3510 1205 3562 οἱ
1238 3507 1332 3559 σὺν
1369 3505 1489 3576 ἐμοὶ
1518 3520 1788 3576 προσαγοο

216 3607 370 3676 ρεύου
381 3623 488 3658 σιν.

490 3717 942 3785 Ἀλεξανδρείας
971 3714 1354 3782 πρεσϐύτεροι
1380 3710 1512 3781 (70).

269 3812 584 3875 Κόλλουθος
617 3811 986 3882 πρεσϐύτερος
1031 3804 1315 3876 σύμψηφος
1363 3805 1477 3873 εἰμι
1526 3803 1636 3863 τοῖς
1696 3817 1786 3868 γε-

206 3908 570 3980 γραμμένοις,
600 3906 695 3958 καὶ
720 3907 786 3975 τῇ
822 3902 1133 3972 καθαιρέσει
1181 3899 1390 3969 Ἀρείου
1427 3895 1522 3950 καὶ
1552 3895 1658 3948 τῶν
1687 3895 1783 3947 σὺν

204 4001 344 4072 αὐτῷ
369 4000 790 4069 ἀσεϐησάντων.

219 4093 565 4162 Ἀλέξανδρος
591 4087 977 4162 πρεσϐύτερος,
1000 4085 1217 4155 ὁμοίως.

205 4187 495 4258 Διόσκορος
527 4181 915 4254 πρεσϐύτερος,
944 4177 1162 4248 ὁμοίως.

205 4281 475 4344 Διονύσιος
511 4275 900 4349 πρεσϐύτερος,
928 4271 1148 4342 ὁμοίως.

205 4374 456 4435 Εύσέϐιος
481 4368 874 4442 πρεσϐύτερος,
908 4365 1127 4436 ὁμοίως.

205 4465 548 4537 Ἀλέξανδρος
588 4461 976 4535 πρεσϐύτερος,
1008 4455 1232 4527 ὁμοίιος.

201 4559 469 4630 Νειλαρᾶς
502 4557 613 4628 (Ἠ)
647 4552 1032 4626 πρεσϐύτερος,
1068 4548 1288 4619 ὁμοίως.

200 4648 613 4721 Ἁρποκρατίων
642 4643 1031 4716 πρεσϐύτερος,
1060 4639 1280 4712 ὁμοίως.

197 4740 427 4808 Ἀγαθὸς
459 4737 732 4810 πρεσϐύτε
743 4752 849 4805 ρος.

197 4831 462 4902 Νεμέσιος
491 4827 881 4902 πρεσϐύτερος.

195 4922 395 4989 Λόγγος
428 4918 820 4992 πρεσϐύτερος.

194 5007 448 5072 Σιλϐανὸς
477 5005 742 5078 πρεσϐύτε
752 5022 859 5074 ρος.

195 5101 258 5152 Πε
268 5102 415 5172 ρώΰς
454 5101 564 5173 (72)
601 5098 990 5170 πρεσϐύτερος.

291 5256 338 5287 ⁵³
366 5255 439 5309 ΙΙ
466 5255 597 5310 Tim.
631 5271 704 5320 ιι,
738 5255 822 5308 17.
873 5255 918 5286 ⁵³
947 5253 1072 5308 an.
1105 5269 1218 5316 χχι,
1249 5254 1302 5308 8.
1381 5252 1425 5282 ³⁸
1456 5247 1485 5303 Ι
1520 5247 1656 5302 Tim.
1685 5261 1759 5312 Iv,
1794 5248 1843 5304 l.

258 5369 372 5434 (68)
417 5371 647 5440 Καιροίς
675 5371 826 5425 deest
853 5369 992 5440 apud
1027 5369 1206 5440 Gelas.

256 5440 371 5509 (69)
418 5435 769 5495 Sic'Socrat.
825 5435 901 5495 ρι’
940 5440 1119 5494 Gclas.
1172 5438 1330 5509 lleg.,
1374 5439 1539 5509 ὑμᾶς,
1587 5435 1766 5490 minus

192 5521 374 5650 ﬁt???)
420 5577 520 5631 lla:
568 5579 1000 5649 subscriptiones
1056 5581 1326 5634 habentur
1376 5585 1584 5650 tantum
1620 5575 1760 5647 apud

191 5648 478 5771 Erlasium
525 5648 868 5721 Cyziccnum,
907 5650 1000 5705 sed
1049 5652 1244 5705 mirum
1295 5650 1348 5702 in
1393 5649 1612 5703 modum
1643 5664 1761 5701 mu-

194 5730 227 5771 ιι
247 5737 311 5773 :e.

1907 478 2154 549 percussi
2189 487 2317 534 sunt
2349 479 2416 533 ab
2464 477 2727 534 Ecclesia.
2763 478 2828 532 Et
2858 479 3102 550 quidem,
3159 483 3375 539 tametsi
3410 484 3477 540 de

1905 570 2120 625 illorum
2155 569 2322 625 exitio
2371 569 2641 635 dolemus,
2676 585 2800 624 cum
2843 572 3144 640 prmsertim
3180 573 3279 638 illi,
3325 584 3478 646 post-

1903 677 2066 732 quam
2096 661 2354 718 Ecclesiae
2402 661 2706 717 doctrinam
2737 661 3076 728 didicissent,
3129 663 3199 718 ab
3230 664 3322 719 illa
3362 666 3474 736 jam

1902 752 2263 820 desciverint;
2323 768 2663 824 nequaquam
2707 761 2886 808 tamen
2937 769 3264 825 magnopere
3310 757 3474 812 mira-

1903 861 2025 899 mur
2057 865 2069 898 :
2106 843 2159 897 id
2193 845 2371 914 ipsum
2408 845 2554 900 enim
2598 843 2890 916 Hymenaeo
2919 845 3146 916 contigit
3187 855 3241 902 et
3294 845 3475 903 Phile-

1900 941 1955 986 to
1979 933 2048 997 ",
2079 943 2131 988 et
2162 946 2286 989 ante
2314 936 2438 990 illos
2481 934 2653 999 Iudae,
2681 936 2777 1006 qui
2823 952 2946 993 cum
3003 936 3338 995 Salvatorcm
3387 956 3474 996 se-

1899 1035 2059 1082 cutus
2099 1034 2266 1090 esset,
2313 1035 2500 1097 postca
2539 1027 2788 1098 proditor
2842 1029 2945 1084 fuit
3000 1039 3162 1102 atque
3205 1033 3472 1090 desertor.

1900 1117 2072 1171 Porro
2119 1119 2186 1173 dc
2223 1119 2308 1174 his
2352 1120 2508 1188 ipsis,
2557 1135 2900 1190 nequaquam
2935 1121 3093 1176 nobis
3119 1123 3319 1193 praevia
3351 1139 3472 1180 mo-

1905 1211 2015 1265 nita
2049 1210 2301 1277 defuere;
2336 1211 2416 1266 sic
2441 1211 2587 1266 enim
2622 1211 2882 1282 praefatus
2912 1211 3176 1269 Dominus
3208 1223 3294 1271 est
3322 1235 3336 1272 :
3375 1216 3470 1272 Vi-

1897 1308 2012 1363 dete
2054 1325 2115 1362 ne
2143 1308 2261 1377 quis
2302 1324 2388 1362 vos
2413 1307 2661 1372 seducat;
2702 1308 2861 1361 multi
2888 1309 3026 1363 enim
3053 1311 3253 1364 venient
3285 1312 3340 1365 in
3376 1329 3473 1366 no-

1898 1402 2033 1453 mine
2058 1418 2193 1462 meo,
2225 1401 2474 1463 dicentes,
2503 1401 2626 1470 quia
2649 1417 2740 1470 ego
2772 1417 2887 1454 sum
2920 1417 2938 1454 :
2964 1411 3014 1454 et
3048 1410 3244 1472 tempus
3276 1419 3471 1472 appro-

1897 1494 2189 1563 pinquavit,
2231 1503 2280 1547 et
2309 1495 2502 1548 multos
2542 1493 2786 1548 seducent
2823 1508 2842 1546 :
2874 1493 3035 1549 nolite
3073 1512 3194 1565 ergo
3226 1497 3302 1550 ire
3347 1507 3468 1566 post

1894 1599 1980 1637 eos
1999 1584 2064 1637 “.
2099 1583 2304 1640 Paulus
2330 1593 2510 1639 autem
2542 1585 2655 1639 haec
2684 1599 2714 1638 a
2745 1583 3023 1641 Salvatore
3049 1587 3296 1649 edoctus,
3332 1585 3470 1641 serio

1897 1677 2005 1747 psit
2043 1676 2223 1742 :Quia
2251 1678 2306 1730 in
2349 1677 2642 1732 novissimis
2686 1679 3004 1746 temporibus
3049 1678 3314 1732 discedent
3349 1679 3469 1748 qui-

1827 1747 1867 1800 B
1901 1766 2024 1817 dam
2052 1782 2083 1818 a
2106 1783 2239 1820 sana
2263 1767 2383 1835 ﬁde,
2405 1767 2726 1821 attendentes
2753 1767 3024 1836 spiritibus
3051 1769 3270 1832 erroris,
3304 1747 3470 1824 elido-

1900 1859 2084 1912 ctrinis
2111 1858 2488 1912 da’moniorum
2519 1861 2787 1914 veritatem
2816 1861 3170 1915 aversantium
3203 1861 3270 1914 ⁸⁵.

1968 1949 2080 2004 VII.
2123 1950 2258 2005 Cum
2285 1951 2468 2022 itaque
2518 1951 2785 2007 Dominus
2807 1960 2862 2008 et
2892 1950 3141 2006 Salvator
3171 1961 3358 2006 noster
3375 1948 3466 2007 Je-

1898 2063 1992 2102 sus
2017 2046 2272 2101 Christus
2301 2062 2397 2117 per
2424 2062 2482 2102 se
2509 2047 2623 2116 ipse
2651 2047 2725 2100 ita
2756 2045 3092 2116 praeceperit,
3125 2053 3178 2100 ct
3200 2060 3298 2114 per
3320 2042 3467 2114 Apo-

1897 2137 2096 2192 stolum
2119 2153 2207 2192 res
2228 2139 2384 2193 nobis
2413 2137 2724 2208 liujusmodi
2743 2136 3163 2208 significaverit;
3189 2137 3313 2207 jure
3338 2150 3462 2201 nos,

1895 2232 1988 2302 qui
2018 2229 2350 2299 impietatem
2387 2230 2600 2284 illorum
2641 2229 2745 2300 ipsi
2776 2244 2960 2284 coram
3003 2228 3331 2293 audivimus,
3361 2228 3463 2283 ho-

1897 2323 2093 2386 mines,
2125 2323 2202 2378 uti
2233 2338 2396 2393 supra
2428 2322 2632 2377 dictum
2657 2331 2762 2388 cst,
2809 2323 3149 2378 anathemate
3182 2323 3464 2379 damnavi--

1897 2429 2038 2476 mus,
2067 2413 2324 2482 ipsosque
2369 2428 2399 2466 a
2441 2412 2707 2466 catholica
2743 2411 2985 2468 Ecclesia
3019 2419 3073 2466 et
3105 2412 3208 2468 ﬁde
3258 2413 3464 2469 alienos

1894 2505 2332 2560 declaravimus:
2369 2520 2613 2576 remque,
2662 2503 2973 2558 cbarissimi
3016 2511 3180 2575 atque
3231 2505 3464 2560 honora-

1894 2595 2092 2650 tiésimi
2128 2595 2513 2660 comministri,
2554 2603 2747 2651 vestra:
2775 2594 3024 2665 religioni
3064 2595 3462 2665 indicavimus;

1895 2696 1953 2741 ut
1978 2704 2046 2743 ne
2074 2687 2339 2758 quosdam
2370 2703 2436 2742 ex
2467 2688 2596 2752 illis,
2633 2690 2676 2742 si
2711 2689 3020 2758 petulanter
3047 2704 3144 2744 vos
3171 2689 3320 2745 adire
3345 2689 3465 2746 ausi

1895 2780 2117 2846 fuerint,
2144 2781 2420 2850 recipiatis
2461 2800 2474 2835 :
2511 2795 2646 2835 neve
2698 2779 2934 2834 Eusebio
2973 2780 3058 2835 vel
3102 2780 3192 2834 alii
3227 2781 3462 2850 cuipiam

1896 2871 1962 2926 de
1990 2873 2098 2926 illis
2130 2872 2196 2925 ad
2226 2887 2324 2926 vos
2355 2871 2638 2935 scribenti,
2684 2870 2840 2925 fidem
2877 2872 3146 2927 habeatis.
3176 2872 3289 2926 Nos
3316 2873 3462 2927 enim

1896 2975 2082 3038 utpote
2112 2965 2455 3020 Christianos
2483 2966 2659 3029 decet,
2709 2979 2901 3020 omnes
2934 2965 3026 3035 qui
3063 2971 3255 3019 contra
3304 2963 3459 3020 Chri-

1894 3074 2036 3118 stum
2065 3062 2364 3132 loquuntur
2391 3069 2484 3114 aut
2517 3061 2777 3124 sentiunt,
2800 3060 2946 3114 velut
2986 3058 3076 3112 Dei
3109 3059 3296 3114 hostes
3337 3058 3458 3112 ani-

1891 3168 2212 3223 marumque
2237 3161 2588 3221 corruptores
2617 3149 2880 3214 aversari,
2913 3165 2975 3203 ac
3003 3164 3073 3203 ne
3101 3149 3318 3218 quidem
3345 3149 3458 3203 Aie

1892 3248 2000 3303 illis
2020 3246 2242 3301 dicere:
2273 3260 2342 3300 nc
2379 3243 2596 3314 quando
2639 3242 2906 3297 scelerum
2955 3240 3196 3310 ipsorum
3231 3241 3457 3310 partici-

1891 3354 1984 3409 pes
2014 3338 2208 3401 simus,
2244 3344 2303 3392 ut
2330 3334 2572 3406 praecipit
2614 3334 2808 3389 beatus
2845 3331 3178 3388 Joannes“.
3213 3331 3457 3388 Salutate

1891 3429 2087 3484 fratres
2123 3428 2219 3498 qui
2261 3427 2538 3482 vobiscum
2576 3431 2703 3480 sunt
2735 3443 2750 3480 :
2777 3437 2875 3479 vos
2924 3424 3017 3494 qui
3068 3438 3280 3478 mecum
3329 3428 3456 3478 sunt

1889 3520 2144 3574 salutant.

2318 3693 2654 3749 Alexandria:
2686 3694 2992 3764 presbyteri.

1956 3790 2242 3846 Collutbus
2274 3789 2557 3858 presbyter
2585 3787 2734 3842 hisce
2769 3786 2987 3858 scriptis
3034 3785 3319 3856 sullragor,
3352 3798 3452 3840 nec

1887 3900 1996 3940 non
2025 3882 2351 3954 depositioni
2379 3881 2516 3946 Arii,
2550 3895 2850 3951 eorumque
2888 3879 2982 3951 qui
3015 3879 3136 3950 ejus
3161 3876 3452 3948 impietatis

1885 3985 2182 4035 εεοιειιοιεε
2209 3981 2355 4030 sunt.

1886 4068 2186 4125 Alexander
2209 4067 2517 4137 presbyter,
2551 4064 2823 4120 similiter.

1887 4163 2184 4218 Dioscorus
2205 4160 2514 4231 presbyter,
2546 4157 2818 4215 similiter.

1884 4255 2176 4326 Dionysius
2205 4253 2509 4324 presbyter,
2549 4253 2824 4308 similiter.

1884 4347 2154 4402 Eusebius
2181 4345 2485 4416 presbyter,
2511 4345 2782 4399 similiter.

1812 4440 1856 4494 D
1886 4440 2192 4495 Alexander
2217 4438 2519 4508 presbyter,
2548 4435 2817 4490 similiter.

1879 4535 2092 4590 Nilaras
2114 4531 2419 4602 presbyter,
2454 4528 2726 4584 similiter.

1879 4625 2243 4698 Arpocration
2270 4621 2575 4692 presbyter,
2615 4616 2882 4674 similiter.

1881 4719 2125 4790 Agathus
2149 4715 2450 4786 presbyter.

1880 4811 2170 4866 Ncmcsius
2200 4807 2505 4878 presbyter.

1879 4904 2096 4974 Longus
2119 4901 2424 4972 presbyter.

1883 4998 2140 5052 Silvanus
2171 4995 2474 5066 presbyter.

1880 5091 2084 5144 Pcrous
2119 5087 2422 5158 presbyter.

1923 5248 1970 5278 ⁵⁸
2003 5245 2069 5300 II
2091 5246 2254 5301 Joan.
2296 5244 2384 5298 10.

1949 5363 2062 5429 (7|)
2102 5361 2307 5421 Gelas.,
2333 5358 2510 5420 Σίλας.
2543 5354 2703 5429 ῐίος..
2739 5355 3038 5429 Νειλαρὲἰς,
3059 5353 3204 5429 quod
3235 5367 3437 5429 nomen

1875 5421 2148 5504 reperitur
2190 5432 2315 5486 item
2354 5430 2428 5504 in‘
2463 5421 3083 5504 sulisci-iptmnibus._ad
3112 5422 3328 5504 .apolog.
3356 5421 3434 5504 .S.

1871 5490 2153 5560 Athanasii
2190 5511 2358 5555 contr.
2402 5499 2612 5558 Arium,
2647 5490 2766 5566 pag.
2804 5497 2926 5549 190.
2970 5490 3202 5566 Ὁμοίως
3232 5490 3298 5546 ad
3327 5490 3434 5548 Liu-

1869 5577 1991 5646 gula
2024 5574 2242 5646 nomina
2271 5571 2468 5646 legitur
2495 5568 2635 5646 apud
2671 5567 2969 5621 Gelasium.

1941 5646 2050 5716 (7‘2)
2088 5645 2293 5709 Gelas.,
2327 5637 2599 5711 Πιρωούς.
