4018 6326
78 5006 199 5395 ἐ

192 5420 199 5511 ἑ

224 341 335 395 585
1284 328 1518 387 SERMO
1556 329 1643 383 DE
1681 328 1811 384 AN]!

1862 330 1894 383 Α
1935 328 2021 383 ΕΤ
2058 328 2401 386 CORPORE.
3346 332 3449 389 886

221 452 502 508 ctionibus.
544 449 612 504 Ut
633 465 748 504 vero
776 448 1091 509 existimem.
1115 448 1589 518 interpretationem
1616 444 1897 498 Arabicam
1945 460 2009 497 ex
2042 444 2268 499 secunda
2303 442 2523 514 Syriaca
2552 461 2662 499 esse
2690 418 3154 511 derivatamﬁutor
3178 447 3273 501 hoc
3309 448 3453 500 indi-

220 548 322 607 cio,
353 543 496 613 quod
524 542 811 596 Arabicum
842 538 1038 593 codicis
1080 539 1175 593 101
1223 539 1574 608 fragmentum
1601 553 1719 590 cum
1750 536 1842 589 illo
1880 537 2165 605 posteriore
2194 534 2415 606 Syriaco
2458 536 2622 605 magis
2652 536 2889 605 congruit
2931 550 3086 605 quam
3115 553 3232 590 cum
3256 538 3450 605 priore.

225 632 417 703 Itaque
440 631 654 687 etiamsi
683 630 1010 684 decreveram
1033 628 1446 682 additamentum
1479 626 1612 681 illud
1642 628 1899 689 omittere,
1924 628 2048 696 quia
2079 627 2227 681 valde
2260 627 2428 681 simile
2460 629 2686 681 sermoni
2722 630 2920 698 integro
2972 629 3269 698 videbatur,
3305 639 3450 683 atta-

223 742 338 779 men
362 725 487 795 quia
515 733 697 793 postea
724 722 952 790 comperi
979 730 1177 788 partem
1206 718 1487 774 Arabicam
1522 735 1639 773 cum
1694 717 1792 771 hac
1830 721 2002 787 potius
2031 727 2178 786 parte
2202 716 2426 787 Syriaca
2455 717 2773 785 conspirare,
2805 736 2868 772 ne
2901 720 3000 772 mei
3024 719 3322 788 argumenti
3350 720 3453 772 vim

222 817 492 870 ullatenus
518 816 868 884 infirmarem,
899 812 1035 865 hanc
1055 828 1251 882 quoque
1281 810 1557 881 Syriacam
1584 810 1935 878 repetitionem
1961 810 2249 863 minoribus
2277 813 2463 863 saltem
2508 809 2694 878 formis
2719 811 3115 878 imprimendam
3146 811 3346 866 curavi.

292 910 404 979 Age
434 925 557 963 vero
585 905 771 960 edendi
800 906 1056 959 sermonis
1090 904 1245 973 hujus
1273 911 1425 972 grata
1457 902 1816 971 opportunitas
1846 899 2015 965 adest,
2049 901 2170 971 quia
2198 900 2293 954 hoc
2332 909 2559 969 tempore
2601 916 2665 952 ex
2716 900 3002 970 Anglorum
3030 903 3165 971 typis
3194 900 3453 970 prodeunt

226 1002 405 1071 magni
436 1000 717 1054 Athanasii
748 997 959 1067 festales
995 997 1226 1065 epistoltv
1252 1012 1339 1049 seu
1365 996 1624 1048 orationes
1656 991 1854 1064 (Greece
1882 991 2184 1061 deperdita)
2218 993 2267 1045 in
2302 990 2521 1061 Syriaco
2549 992 2750 1061 pariter
2772 990 2945 1046 codice
2978 991 3197 1045 invean
3218 1008 3236 1045 :
3268 993 3453 1063 quibus

228 1092 309 1145 hic
326 1092 453 1161 jure
480 1091 764 1159 meritoque
800 1106 971 1143 comes
1001 1089 1088 1158 ﬁet
1118 1086 1407 1141 Alexandri
1434 1103 1623 1141 sermo.
1658 1084 1783 1139 Fuit
1811 1086 1993 1155 quippe
2028 1084 2325 1139 Alexander
2356 1085 2639 1138 Athanasii
2669 1101 2699 1136 a
2742 1085 2916 1151 pueris
2969 1084 3222 1138 educator
3243 1126 3257 1151 ,
3301 1104 3454 1158 quem

224 1183 551 1255 familiarem
584 1196 803 1247 semper,
836 1181 1213 1235 adolescentem
1241 1195 1415 1243 senex,
1446 1188 1493 1232 et
1513 1180 1880 1233 charissimam
1907 1178 2109 1241 habuit,
2138 1194 2325 1231 mensa’
2346 1178 2504 1230 etiam
2533 1176 2853 1247 quotidiana:
2884 1178 3211 1247 participem,
3241 1191 3290 1233 et
3317 1181 3452 1249 [ide-

222 1293 322 1330 ιεπι
354 1275 633 1327 librarium
664 1287 683 1324 :
728 1272 965 1327 eumdem
994 1273 1105 1341 ipse
1132 1271 1408 1325 diaconum
1438 1270 1717 1335 ordinavit,
1751 1285 2022 1339 secumque
2051 1268 2117 1322 ad
2152 1267 2429 1322 Nicaznum
2479 1268 2754 1322 concilium
2787 1268 2968 1333 duxit,
3000 1280 3056 1323 ut
3090 1271 3199 1324 illic
3235 1289 3453 1341 operam
3500 1270 3501 1273 “

221 1368 320 1423 sibi
348 1376 588 1428 navaret.
635 1366 1131 1436 συναγωνιζόμενον
1163 1363 1308 1434 αὐτῷ
1335 1366 1483 1429 ἐκεῖ,
1512 1372 1567 1415 ut
1596 1362 1788 1416 diserte

1862 1363 1898 1415 it
1932 1360 2175 1416 Socrates
2218 1360 2356 1417 Ilist.
2392 1362 2483 1417 lib.
2510 1378 2564 1427 l,
2615 1362 2709 1429 15;
2739 1378 2890 1432 quem
2945 1362 3164 1432 denique
3216 1366 3443 1419 moriens

217 1478 358 1529 sepe
382 1461 595 1514 nomine
625 1458 976 1529 compellavit,
998 1467 1150 1527 atque
1185 1466 1239 1509 ut
1267 1454 1366 1509 sibi
1384 1471 1651 1509 successor
1673 1456 1838 1525 fieret,
1858 1453 2273 1507 Alexandrinum
2308 1453 2503 1507 clerum
2532 1455 2684 1508 enixe
2713 1455 2939 1525 rogavit,
2969 1455 3108 1525 quod
3133 1472 3313 1524 reapse
3332 1473 3449 1509 cum

218 1558 433 1625 infinita
467 1556 542 1609 rei
573 1553 891 1609 Christiana:
913 1553 1141 1605 utilitate
1165 1552 1379 1621 contigit
1405 1566 1425 1604 :
1461 1552 1535 1603 ita
1561 1548 1977 1602 utAthanasium
2002 1549 2156 1602 talem
2182 1557 2483 1616 tantumque
2512 1548 2840 1615 episcopum,
2866 1548 3159 1602 Alexandri
3191 1551 3331 1603 curis
3361 1567 3452 1604 ac-

213 1658 425 1717 ceptum
456 1646 769 1715 referamus.
802 1643 927 1697 Jam
957 1652 1011 1695 ut
1036 1642 1329 1697 Alexander
1349 1641 1699 1694 Athanasium
1732 1639 2106 1695 adolescentem
2129 1640 2269 1692 omni
2302 1640 2463 1708 ofﬁcio
2500 1641 2797 1707 complexus
2824 1650 2920 1705 est,
2948 1643 3023 1695 ita
3054 1639 3188 1694 idem
3211 1642 3451 1696 Alexan-

212 1740 313 1793 der
346 1748 503 1793 antea
522 1738 732 1807 juvenis
766 1734 925 1789 Petro
954 1737 1191 1805 episcopo
1243 1733 1467 1804 martyri
1519 1732 1803 1801 familiaris
1833 1733 2065 1801 apprime
2100 1732 2273 1800 fuerat
2300 1771 2312 1792 ,
2360 1740 2511 1800 atque
2542 1732 2606 1783 ab
2655 1748 2715 1785 eo
2745 1748 3013 1786 successor
3042 1743 3158 1801 post
3188 1734 3451 1789 Achillam

204 1831 454 1900 ejusdem
485 1831 705 1900 fratrem
727 1828 1047 1898 designatus.
1076 1825 1336 1894 Namque,
1370 1833 1423 1877 ut
1447 1824 1632 1894 legitur
1659 1826 1710 1877 in
1746 1823 1888 1877 Petri
1926 1822 2044 1875 Vita
2067 1822 2141 1893 (α)
2172 1839 2204 1875 a
2234 1821 2381 1875 nobis
2409 1821 2549 1876 edita
2582 1822 2769 1893 Spicil.
2794 1834 2831 1879 t.
2863 1822 2981 1888 III,
3005 1839 3057 1894 p.
3087 1825 3211 1891 632,
3242 1835 3449 1896 martyr

210 1924 451 1993 inclytus
488 1924 540 1976 in
574 1937 780 1975 carcere
805 1920 1024 1988 positus,
1054 1927 1101 1971 et
1117 1917 1233 1986 jam
1264 1932 1358 1985 pro
1387 1918 1491 1985 ﬁde
1523 1914 1841 1984 plectendas,
1874 1914 2052 1969 ambos
2086 1914 2204 1968 illos
2234 1915 2603 1971 Alexandrina:
2633 1917 2744 1970 sedi
2777 1926 2893 1987 post
2924 1934 2978 1971 se
3012 1916 3290 1973 destinavit
3339 1922 3450 1987 epi-

207 2029 431 2082 scopos,
466 2012 641 2066 dicens
666 2026 684 2065 :
718 2029 736 2062 (
763 2009 833 2065 Te
862 2008 1067 2081 quidem
1091 2009 1350 2063 Achillam
1380 2008 1628 2075 primunt,
1651 2006 2011 2059 Alexandrum
2037 2022 2152 2060 vero
2176 2007 2479 2061 secundum.
2514 2008 2580 2061 Et
2614 2026 2734 2063 mox
2763 2026 2774 2039 ’
2807 2008 3119 2065 Osculantes
3143 2011 3289 2066 Petri
3332 2028 3450 2065 ma-

206 2124 317 2159 nus
350 2123 413 2158 ac
445 2103 596 2172 pedes
629 2102 866 2156 Achillas
886 2111 1038 2171 atque
1066 2098 1388 2163 Alexander,
1425 2097 1659 2151 conversi
1686 2098 1739 2150 in
1767 2096 2029 2167 lacrymas
2061 2098 2295 2168 singultu
2339 2100 2677 2154 amarissimo
2710 2100 3100 2171 quatiebantur.
3144 2120 3165 2154 ι

289 2194 566 2266 Quidquid
597 2194 847 2248 hactenus
880 2193 1192 2260 scriptorum
1216 2191 1509 2245 Alexandri
1532 2189 1792 2253 exstabat,
1824 2188 1887 2241 ab
1919 2188 2181 2242 historicis
2204 2189 2575 2244 ecclesiasticis
2604 2202 2986 2258 conservatum,
3018 2193 3073 2244 id
3101 2193 3287 2245 Arium
3308 2192 3453 2262 ejus-

209 2304 318 2359 que
344 2287 587 2340 alumnos
618 2292 912 2354 oppugnat;
941 2282 1075 2336 duas
1117 2282 1346 2352 intellige
1365 2278 1639 2349 epistolas,
1671 2294 1892 2349 quarum
1930 2279 2077 2347 prior
2105 2295 2319 2347 prorsus
2348 2281 2565 2350 insignis
2585 2321 2599 2346 ,
2637 2291 2893 2336 tractatus
2944 2283 3233 2351 plenissimi
3279 2284 3453 2338 instar

213 2388 322 2442 est,
356 2388 406 2432 et
436 2378 579 2432 omni
606 2377 763 2429 laude
787 2373 974 2442 major.
1007 2374 1167 2444 Atqui
1199 2374 1277 2428 ha:
1304 2374 1423 2426 duce
1448 2387 1515 2426 ex
1541 2372 1870 2442 septuaginta
1896 2383 2197 2441 supersunt;
2260 2382 2334 2429 tot
2365 2376 2503 2430 enim
2531 2375 2595 2428 ab
2614 2392 2675 2429 eo
2716 2378 2938 2445 scriptas
2968 2388 3191 2431 testatur
3216 2377 3452 2449 Epipha-

213 2474 342 2526 nius
375 2472 504 2524 [ιιι-τ.
537 2484 683 2531 Lxlx,
716 2468 786 2521 ιε
822 2487 841 2519 ι
890 2466 1233 2539 Ἀλέξανδρος
1264 2468 1556 2531 ἐπίσκοπος
1583 2466 1781 2537 γράφει
1826 2467 2110 2532 ἐπιστολὰς
2140 2469 2477 2537 ἐγκυκλίους,
2509 2469 2708 2533 αἵτινες
2738 2471 2887 2544 παρὰ
2916 2472 3219 2542 φιλοκάλοις
3246 2474 3325 2528 ἔτι
3349 2474 3453 2528 σώ-

212 2563 430 2628 ζονται,
452 2562 527 2626 ὡς
550 2562 640 2614 τὸν
673 2559 902 2631 ἀριθμὸν
931 2559 1315 2630 ἑϐδομήκοντα.
1353 2559 1649 2613 Alexander
1677 2559 1799 2627 epist

1841 2576 1943 2629 ipus
1973 2561 2155 2614 scribit
2190 2562 2438 2631 epistolas
2480 2564 2789 2631 encyclicas,
2828 2580 2943 2633 qua:
2973 2564 3142 2618 adhuc
3172 2564 3310 2635 apud
3336 2576 3428 2620 stus

208 2657 404 2712 diosos
437 2665 731 2716 servantur,
760 2669 971 2706 numero
1010 2653 1115 2722 fere
1162 2654 1508 2724 septuaginta.
1546 2672 1566 2706 ι
1604 2650 1767 2708 Unius
1796 2669 1860 2708 ex
1900 2655 1979 2731 his
2026 2655 2319 2726 fragmenta
2343 2658 2516 2711 tenuia
2539 2660 2768 2712 citantur
2796 2676 2827 2713 a
2857 2658 3094 2712 Maximo
3119 2675 3240 2730 opp.
3284 2668 3322 2711 ι.
3359 2656 3447 2722 ll,

216 2769 273 2824 p.
309 2752 440 2813 {52,
475 2750 598 2804 155.
634 2746 844 2800 Utinam
874 2748 954 2799 ha:
983 2748 1036 2799 in
1078 2745 1338 2801 codicibus
1381 2747 1566 2801 saltem
1599 2747 1837 2818 Syriacis
1883 2747 2275 2816 conspiciendas
2305 2765 2359 2805 se
2386 2747 2594 2813 darent,
2625 2750 2762 2820 quod
2787 2767 2947 2820 nuper
2978 2752 3279 2822 felicissime
3307 2753 3452 2806 acci-

212 2846 297 2898 dit
323 2837 743 2897 Athanasianis!
769 2835 926 2888 Nunc
958 2835 1011 2888 in
1053 2845 1197 2889 tanto
1226 2837 1538 2905 scriptorum
1566 2838 1854 2894 Alexandri
1882 2840 2182 2909 naufragio,
2205 2855 2491 2894 sermonem
2520 2841 2706 2894 saltem
2734 2857 2893 2896 unum
2918 2844 2973 2896 in
3000 2845 3178 2911 populi
3203 2851 3448 2901 concione
3486 2880 3489 2881 ν

212 2938 465 2992 habitum
490 2935 672 2988 libenti
702 2934 879 2987 animo
900 2932 1243 3001 excipiamus,
1268 2932 1323 2987 in
1348 2951 1469 3005 quo,
1504 2947 1693 3003 prieter
1734 2946 1925 2990 ca’tera
1960 2936 2133 2998 utilia,
2161 2933 2362 2991 Christi
2389 2936 2633 2989 divinitas
2653 2938 2851 3005 passim
2881 2938 3221 3006 prwdicatur.
3267 2943 3449 3018 Neque

209 3032 373 3087 abest
398 3028 690 3100 eloquentia
721 3027 895 3096 (quam
924 3026 971 3078 ei
995 3025 1155 3078 tribui
1182 3043 1214 3079 a
1249 3024 1458 3081 Gelasio
1490 3028 1765 3097 diximus),
1797 3030 1963 3082 nitida
1991 3029 2206 3092 scilicet,
2232 3028 2521 3095 popularis,
2551 3039 2599 3083 et
2627 3047 2713 3083 ore
2740 3030 3021 3099 episcopali
3041 3032 3221 3103 digna.

292 3121 603 3179 Sermonem
624 3119 757 3172 hunc
772 3116 1060 3171 Alexandri
1081 3118 1425 3185 suppeditavit
1445 3120 1601 3173 :odex
1618 3119 1869 3190 Syriacus
1893 3118 2035 3183 Vat.,
2058 3120 2440 3183 membraneus,
2466 3128 2629 3182 vetus,
2651 3118 2954 3174 Chaldaicis
2984 3122 3171 3177 litteris
3185 3126 3382 3195 duplici
3395 3131 3449 3183 in

222 3214 489 3272 laterculo
514 3223 783 3266 exoratus.
813 3210 1016 3264 Habuit
1044 3211 1089 3263 is
1125 3211 1399 3281 sexaginta
1417 3211 1660 3265 homilias
1682 3210 1923 3282 (quarum
1951 3228 2085 3266 nunc
2106 3228 2303 3277 novem,
2325 3210 2387 3266 ob
2404 3212 2600 3266 amissa
2618 3211 2992 3283 folia,desunt)
3013 3213 3235 3269 Patrum
3269 3219 3449 3273 ortho-

214 3309 482 3360 doxorum
501 3301 651 3371 Greg.
670 3300 917 3369 Nysseni,
933 3298 1085 3369 Greg.
1106 3299 1370 3371 Theologi,
1385 3300 1593 3365 Basilii,
1613 3301 1982 3371 Amphilochii,
1996 3303 2154 3357 Joan.
2171 3301 2551 3375 Chrysostomi,
2568 3302 2765 3365 Procli,
2788 3302 2966 3357 Isaaci
2983 3306 3162 3375 (unum
3179 3310 3335 3362 etiam
3352 3311 3453 3363 Eu-

218 3397 349 3453 sebii
370 3396 550 3457 Alex.,
578 3408 699 3445 nam
727 3390 969 3443 mendum
986 3398 1064 3442 est
1084 3390 1136 3442 in
1153 3391 1413 3462 catalogo,
1439 3391 1545 3445 alio
1564 3393 1770 3447 nomine
1789 3393 2092 3458 substituto,
2112 3394 2186 3450 De
2210 3395 2298 3450 die
2322 3394 2643 3461 Dominica).
2674 3393 2821 3448 Inter
2837 3396 2928 3451 hos
2954 3398 3247 3454 vicesimum
3276 3403 3449 3457 [Otum

221 3497 361 3545 tenet
392 3484 682 3540 Alexandri
713 3484 799 3535 hic
827 3496 1034 3542 sermo;
1059 3497 1208 3550 quem
1246 3494 1431 3539 auctor
1459 3483 1635 3540 Gra'ce
1664 3488 1965 3555 scripserat,
1993 3487 2119 3558 Syri
2156 3499 2207 3543 et
2239 3488 2462 3552 Arabes,
2500 3497 2555 3541 ut
2581 3487 2955 3557 demonstravi,
2987 3492 3040 3545 in
3091 3493 3294 3564 linguas
3325 3513 3448 3551 snas

221 3578 640 3641 transtulerunt;
669 3576 732 3631 de
754 3574 907 3645 cujus
938 3575 1238 3632 sinceritate
1263 3580 1559 3634 testimonia
1586 3580 1843 3649 pra'dicta
1863 3580 2096 3635 codicum
2128 3594 2176 3636 et
2205 3593 2478 3636 auctorum
2506 3582 2749 3637 dubitare
2773 3599 2866 3637 nos
2896 3584 3041 3638 nullo
3062 3587 3215 3641 modo
3245 3590 3447 3647 sinunt.

210 3710 213 3712 -
290 3672 369 3742 (α)
407 3669 543 3724 Vide
578 3685 761 3739 supra,
792 3669 897 3724 col.
930 3667 1062 3722 458.

237 3793 3434 3834 m

283 3939 702 4085 ἔριζςὶ
779 3913 2543 4085 ίῒΑζᾴιξωρὲμέρέἲῲῖὲλ
2652 3954 3012 4085 Ax:
3118 3945 3421 4085 ιέκις

1445 3967 2074 4129 κωθῧτιέιεὺλ
2131 3967 2543 4098 Ι-Ᾰ-ἶὸλ
3118 3967 3433 4113 limi;

1284 4169 1397 4226 γρ
1680 4170 1802 4223 φν
1939 4173 1987 4221 ν
2164 4172 2202 4229 ρ
2316 4185 2363 4231 ν

1234 4247 1472 4376 ρμη
1574 4206 2445 4376 ἢΔυἚῢοὴῆἓο

905 4526 991 4642 8.
1066 4522 1588 4644 ALEXAND!“
1658 4520 2073 4641 EPiSCOPl
2126 4516 2237 4589 (³⁵)
2276 4531 2492 4658 ALEX

1300 4522 1588 4642 ANB!“
1658 4520 2073 4641 EPiSCOPl
2126 4516 2237 4589 (³⁵)
2276 4531 2887 4658 ALEXANDRl/E

1642 4741 2040 4835 SERMO

615 4914 733 4975 DE
788 4916 1074 4976 ANIMA
1141 4917 1247 4976 ET
1313 4916 1749 4980 CORPORE
1812 4918 2121 4993 DEQUE
2188 4928 2641 4996 PASSIONE
2698 4938 3058 5007 DOMINI.

772 5140 983 5217 πίῃ
1068 5164 1138 5217 ,9
1194 5172 1243 5208 r

790 5180 907 5351 7'"
1068 5180 1138 5217 ,γ
1194 5180 1241 5208 Γ

1208 5253 1268 5285 Ὃ

1340 5142 1414 5305 ὗε
1455 5176 1554 5322 ἑ
2011 5179 2065 5239 Α
2170 5207 2226 5272 1.
2260 5212 2566 5294 Verbum,
2598 5220 2771 5300 quod
2802 5222 2944 5286 sine
2972 5225 3214 5290 invidia
3231 5229 3309 5291 de
3342 5248 3463 5295 cce-

1320 5193 1414 5305 υς

1335 5354 1346 5376 .
1423 5363 1472 5430 ζ
1514 5425 1528 5430 Δ
1631 5338 1801 5430 ,ξῄζ
1922 5376 1965 5411 η,
2095 5329 2557 5415 Iodemittitur,
2593 5343 2893 5407 cordibus
2920 5348 3154 5411 nostris
3182 5349 3460 5430 irrigan-

1423 5387 1444 5399 ,
1675 5399 1690 5416 ,
1752 5387 1777 5403 ,
1922 5387 1965 5411 η,
2096 5387 2147 5391 κν
2182 5387 2557 5415 η---η-ω,
2594 5387 2937 5407 summus.

1351 5402 1587 5588 ¹⁶θ⁴ῗ
1628 5387 1989 5582 Ιηξῖδο
2091 5452 2193 5516 dis
2222 5453 2529 5521 idoneum
2559 5467 2680 5537 est,
2713 5465 2768 5528 si
2813 5483 2931 5529 nos

1922 5387 1965 5411 ιη
2096 5387 2147 5391 κν
2182 5387 2557 5415 --ψ---ι-νιν
2594 5387 2893 5407 νυιιιιυιιο
2922 5387 3082 5410 uuau
3100 5387 3154 5411 ιο
3183 5387 3460 5430 unguu-

1880 5431 1989 5580 ζ»
2091 5452 2193 5516 dis
2222 5453 2529 5521 idoneum
2559 5467 2680 5537 est,
2713 5465 2768 5528 si
2813 5483 2931 5529 nos
2950 5469 3167 5531 virtuti
3195 5470 3335 5551 ejus
3365 5489 3467 5551 pa-

1470 5552 1632 5701 g“
1674 5540 1828 5684 ε,ξὲ
1864 5540 1991 5666 ἑο,
2092 5574 2567 5660 ratiiuerimus,
2606 5602 2739 5652 non
2782 5589 3055 5655 dicendo
3083 5601 3469 5658 tantummo-

1535 5764 1549 5792 η
1586 5748 2198 5833 magnuejus‘epistola
2239 5750 2565 5833 dogmatics,
2611 5769 2722 5833 non
2753 5756 3151 5833 archiepiscopi,
3192 5767 3251 5814 ut
3273 5756 3470 5815 deinde

1583 5823 1755 5873 socius
1787 5819 1876 5876 hic
1899 5820 2091 5877 titulus
2120 5836 2223 5892 pro
2245 5819 2398 5880 libito
2427 5828 2597 5881 variat
2630 5827 2683 5880 in
2712 5828 2867 5882 codd.

3078 5921 3151 5981 19
