4080 6334
298 214 398 273 581

941 340 1225 395 Διάκονοι.

288 444 579 515 Σαραπίων
612 446 873 513 διάκονος,
907 450 1129 520 ὁμοίως.

299 538 529 603 Ἰοῦστος
565 540 830 607 διάκονος,
854 544 1075 614 ὁμοίως.

283 630 513 701 Δίδυμος
545 633 810 698 διάκονος.

283 722 593 792 Δημήτριος
624 723 891 788 διάκονος.

280 813 404 866 Μαῦ
413 831 506 885 ρος
539 814 805 882 διάκονος.

292 905 643 977 Ἀλέξανδρος
677 909 937 973 διάκονος.

276 998 508 1068 Μάρκος
533 999 801 1065 διάκονος.

276 1091 481 1161 Κόμων
505 1092 769 1159 διάκονος.

275 1182 512 1254 Τρύφων
542 1186 805 1251 διάκονος.

286 1276 601 1346 Ἀμμώνιος
626 1279 891 1346 διάκονος.

270 1369 504 1439 Δίδυμος
537 1372 798 1437 διάκονος.

273 1462 623 1535 Πτολλαρίων
650 1465 912 1531 διάκονος.

272 1555 443 1626 Σερὰς
474 1557 743 1623 διάκονος.

270 1648 426 1711 Γάϊος
453 1649 721 1714 διάκονος.

280 1739 450 1810 Ἱέραξ
473 1741 740 1806 διάκονος.

266 1831 488 1901 Μάρκος
523 1833 786 1896 διάκονος.

266 1922 374 1990 (89)
405 1924 621 1990 Θεωνᾶς
648 1928 907 1991 διάκονος.

264 2015 563 2086 Σαρμάτων
603 2019 863 2086 διάκονος.

261 2107 503 2177 Κάρπων
523 2110 787 2178 διάκονος.

262 2196 455 2264 Ζώῖλος
488 2202 755 2274 διάκονος,
782 2207 997 2276 ὁμοίως.

1717 231 2097 291 ΕΡῐδΤΟιᾸΞ.

1899 356 1946 412 Α

1878 1715 1920 1768 Β

1862 2383 1923 2394 .0

3436 275 3544 331 582

2630 357 2870 416 Diaconi.

1970 459 2234 533 Sarapion
2263 465 2549 535 diaconus,
2582 471 2855 529 similiter.

1966 549 2155 610 Justus
2183 556 2471 626 diaconus,
2499 562 2773 620 similiter.

1968 642 2228 716 Didymus
2256 648 2542 707 diaconus.

1967 736 2274 795 Demetrius
2299 740 2585 803 diaconus.

1965 826 2187 884 Maurus
2216 830 2502 891 diaconus.

1962 916 2271 975 Alexander
2294 922 2577 981 diaconus.

1964 1008 2180 1068 Marcus
2210 1012 2496 1071 diaconus.

1960 1098 2168 1155 Comon
2198 1102 2482 1161 diaconus.

1960 1189 2216 1262 Tryphon
2243 1194 2529 1255 diaconus.

1958 1285 2279 1343 Ammonius
2306 1288 2587 1349 diaconus.

1960 1372 2219 1447 Didymus
2245 1378 2529 1439 diaconus.

1954 1463 2252 1524 Plollarion
2281 1470 2565 1532 diaconus.

1956 1555 2119 1615 Seras
2148 1561 2429 1621 diaconus.

1953 1649 2121 1707 Gaius
2148 1654 2435 1715 diaconus.

1954 1739 2151 1797 Hierax
2181 1746 2467 1807 diaconus.

1953 1833 2170 1892 Marcus
2191 1839 2473 1900 diaconus.

1953 1926 2203 1987 Theonas
2228 1933 2508 1994 diaconus.

1952 2021 2240 2081 Sarmaton
2267 2029 2552 2090 diaconus.

1949 2112 2164 2186 Carpon
2199 2119 2483 2179 diaconus.

1948 2204 2133 2265 Zoilus
2163 2210 2450 2282 diaconus,
2484 2217 2754 2278 similiter.

1837 2488 1926 2544 Ill.

1236 2620 1390 2691 Apud
1416 2625 1655 2681 eumdem
1685 2627 2043 2685 Athanasium
2084 2629 2217 2685 ibid.
2249 2646 2371 2701 pag.
2405 2629 2533 2688 596.

700 2749 1106 2804 ΚΔΘΑΙΡΕΣΙΣ
1132 2752 1386 2811 ΑΡΕῘΟΥ

256 2863 356 2916 καὶ
402 2863 515 2917 τῶν
558 2864 679 2917 σὺν
719 2866 898 2945 autcf),
943 2869 1064 2945 32:er
1090 2869 1506 2945 ῌἈλ-εξᾴνδρου
1558 2875 1825 2945 ἀρχιεπι-

665 2939 899 2990 σκόπου
943 2939 1408 3009 Ἀλεξανδρείαςζ

2455 2762 2816 2819 DEPOSlTlO
2853 2766 2995 2845 Anu

1930 2884 1978 2929 et
2005 2875 2267 2930 sociorum
2292 2876 2356 2929 ab
2382 2875 2685 2932 Alexandro
2716 2878 3058 2937 Alexandria:
3097 2888 3503 2961 archiepiscopo.

339 3027 695 3099 Ἀλέξανδρος,
732 3029 1119 3103 πρεσϐυτέροις
1162 3034 1253 3086 καὶ
1281 3036 1543 3099 διακόνοις
1587 3037 1811 3102 Ἀλεξαν-

2000 3035 2329 3101 Alexander,
2379 3037 2715 3108 presbyteris
2758 3039 3115 3113 diaconisque
3158 3047 3504 3107 Alexandriae

253 3120 438 3189 δρείας
467 3121 557 3172 καὶ
583 3122 903 3191 Μαρεώτου,
934 3124 1120 3195 παρὼν
1155 3126 1418 3198 παροῦσιν
1442 3128 1577 3199 (81),
1610 3130 1811 3201 ἀγαπη-

1928 3138 1981 3184 et
2000 3128 2270 3194 Mareotze,
2301 3144 2541 3200 praesens
2564 3132 2942 3201 praesentibus,
2965 3136 3178 3194 dilectis
3198 3138 3252 3193 in
3275 3138 3505 3197 Domino

251 3215 360 3277 τοῖς
387 3214 637 3282 ἀδελφοῖς
664 3216 720 3267 ὲν
744 3215 928 3287 Κυρίῳ
962 3218 1191 3289 χαίρειν.

315 3305 381 3357 Εἰ
415 3305 511 3358 καὶ
544 3304 845 3371 φθάσαντες
882 3307 1231 3379 ὑπεγράψατε
1264 3303 1346 3372 οἷς
1388 3310 1671 3367 ἐπέστειλα
1713 3316 1823 3379 τοῖς

250 3398 373 3465 περὶ
408 3399 659 3468 Ἀρειον,
715 3398 1032 3469 προτρέπων
1074 3400 1290 3465 αὐτοῖς,
1333 3404 1667 3475 ἀρνήσασθαι
1726 3408 1822 3478 μὲν

250 3489 341 3559 τὴν
371 3490 649 3553 ἀσέϐειαν,
680 3492 961 3563 πεισθῆναι
998 3492 1054 3545 δὲ
1085 3496 1148 3564 τῇ
1184 3494 1499 3570 ὑγιαινούσῃ
1528 3498 1621 3551 καὶ
1660 3499 1821 3553 καθο-

249 3580 362 3651 λικῇ
394 3582 607 3633 πίστει·
647 3584 739 3636 καὶ
773 3584 1005 3649 ἐδείξατε
1052 3586 1258 3640 ἑαυτῶν
1298 3587 1463 3659 ὀρθὴν
1491 3589 1591 3661 τὴν
1624 3594 1819 3663 προαί-

249 3687 413 3740 ρεσιν,
453 3674 548 3725 καὶ
577 3672 674 3743 τὴν
722 3678 778 3728 ὲν
807 3679 917 3739 τοῖς
948 3676 1180 3746 δόγμασι
1231 3681 1547 3750 συμφωνίαν
1591 3683 1690 3753 τῆς
1722 3702 1819 3737 κα-

246 3759 460 3834 Θολικῆς
484 3765 809 3835 Ἑκκλησίας
824 3783 837 3796 ·
855 3768 1003 3837 ὅμως
1024 3768 1207 3840 ἐπειδὴ
1234 3770 1327 3823 καὶ
1349 3772 1486 3842 πρὸς
1505 3774 1630 3837 τοὺς
1655 3776 1819 3829 ἀπαν-

241 3854 401 3924 ταχοῦ
467 3855 910 3928 συλλειτουργοὺς
980 3861 1265 3917 ἐπέστειλα
1326 3865 1453 3935 περὶ
1512 3867 1621 3920 τῶν
1689 3871 1818 3940 περὶ

246 3946 480 4020 Ἀρειον,
526 3949 816 4017 ἀναγκαῖον
855 3953 1165 4025 ἡγησάμην,
1208 3957 1351 4027 ὑμᾶς
1394 3959 1512 4029 μὲν,
1547 3962 1672 4025 τοὺς
1718 3964 1816 4034 τῆς

244 4040 449 4102 πόλεως
474 4040 768 4111 κληρικοὺς
792 4049 1115 4113 συναγαγεῖν
1139 4063 1152 4077 ο
1181 4048 1323 4118 ὑμᾶς
1346 4049 1423 4114 δὲ,
1447 4052 1574 4115 τοὺς
1594 4053 1699 4106 ἀπὸ
1720 4054 1813 4107 τοῦ

241 4131 537 4202 Μαρεώτου
596 4135 1076 4205 μεταπέμψασθαι·
1122 4140 1352 4209 μάλιστα
1402 4143 1484 4196 ὅτι
1532 4145 1624 4214 ἀφ’
1662 4146 1813 4216 ὑμῶν

239 4222 421 4297 Χάρης
455 4227 550 4280 καὶ
593 4228 789 4291 Πιστὸς
816 4228 923 4299 (82)
954 4230 1334 4303 πρεσὸύτεροι,
1372 4234 1467 4288 καὶ
1501 4238 1809 4307 Σαραπίων,

238 4318 318 4369 καὶ
336 4319 688 4390 Παράμμων,
717 4322 808 4375 καὶ
829 4321 1094 4393 Ζώσιμος,
1124 4324 1219 4377 καὶ
1242 4326 1526 4397 Εἰρηναῖος
1553 4328 1807 4394 διάκονοι,

1927 3221 2210 3287 fratribus,
2242 3223 2494 3278 salutem.

1994 3313 2148 3370 Licet
2174 3314 2286 3385 jam
2322 3315 2758 3385 subscripseritis
2794 3318 2992 3375 litteris
3018 3322 3153 3378 meis
3196 3324 3264 3378 ad
3309 3326 3501 3383 Arium

1924 3420 2164 3476 suosque
2196 3407 2399 3472 missis,
2434 3407 2636 3477 quibus
2674 3409 2933 3464 hortabar
2975 3413 3118 3477 illos,
3152 3422 3211 3469 ut
3237 3417 3501 3489 abnegata

1924 3495 2219 3566 impietate,
2253 3514 2400 3553 sanw
2438 3508 2492 3554 et
2520 3500 2805 3555 catholicae
2832 3501 2955 3556 ﬁdei
3011 3504 3451 3576 obtemperarent
3482 3530 3497 3565 :

1922 3601 2093 3657 eaque
2149 3588 2206 3641 in
2251 3603 2311 3642 re
2356 3597 2567 3643 rectum
2605 3592 2945 3661 propositum
2975 3603 3240 3662 vestrum,
3284 3615 3500 3657 necnon

1922 3676 2180 3735 Ecclesia:
2223 3680 2505 3735 catholicae
2550 3681 2698 3735 circa
2749 3681 3001 3754 dogmata
3055 3692 3496 3757 consonantiam,

1921 3770 2097 3838 palam
2129 3770 2400 3840 feceritis;
2443 3781 2683 3826 attamen
2728 3773 2856 3843 quia
2887 3776 3142 3834 omnibus
3181 3781 3345 3834 etiam
3378 3783 3499 3839 ubi-

1920 3878 2026 3932 que
2058 3870 2325 3917 tcrrarum
2351 3866 2784 3946 _comministris,
2811 3884 2932 3939 quae
2966 3870 3158 3925 Arium
3207 3875 3498 3946 sociosque

1917 3956 2037 4024 ejus
2066 3966 2313 4026 spectant
2343 3938 2541 4014 litteris
2571 3960 2873 4031 signiﬁcavi
2896 3981 2910 4030 ;
2938 3979 3167 4021 necesse
3190 3967 3343 4032 duxi,
3371 3985 3493 4033 vos,

1918 4046 2071 4100 urbis
2097 4047 2352 4113 clericos,
2385 4062 2713 4117 convocare,
2750 4068 2848 4107 vos
2884 4053 3013 4109 item
3045 4053 3371 4110 Mareoticos
3404 4072 3497 4111 ar-

1916 4151 2131 4193 cessere
2157 4156 2169 4191 :
2200 4141 2500 4208 praisertim
2544 4156 2669 4196 cum
2703 4158 2770 4198 ex
2802 4144 2960 4199 vobis
2992 4144 3198 4202 Chares
3224 4157 3277 4201 et
3308 4145 3495 4205 Pistus

1916 4232 2254 4304 presbyteri:
2309 4234 2599 4305 Sarapion,
2630 4235 2979 4301 Parammon,
3014 4239 3264 4296 Zosimus
3305 4248 3359 4297 et
3383 4239 3494 4298 Ire-

1918 4342 2069 4381 naeus
2097 4327 2336 4393 diaconi,
2371 4329 2438 4383 ad
2471 4328 2586 4382 Arii
2617 4337 2801 4398 partes
2833 4331 3173 4399 transierint,
3205 4340 3368 4402 atque
3394 4349 3492 4389 νοτ

234 4406 675 4479 ἐπηκολούθησαν
702 4414 814 4475 τοῖς
843 4412 969 4483 περὶ
996 4415 1230 4484 Ἀρειον,
1266 4417 1360 4469 καὶ
1386 4417 1679 4489 ἠγάπησαν
1712 4422 1807 4474 σὺν

1914 4420 2114 4475 luerint
2162 4422 2359 4492 deponi
2410 4436 2533 4477 cum
2576 4392 2714 4489 illis;
2762 4430 2820 4477 ut
2852 4431 2981 4479 nota
3024 4425 3135 4480 sint
3186 4426 3339 4482 vobis
3370 4443 3491 4497 qua:

234 4498 405 4561 αὐτοῖς
456 4499 879 4572 καθαιρεθῆναι·
937 4503 1020 4556 ἵνα
1081 4505 1173 4557 καὶ
1226 4505 1293 4559 τὰ
1343 4505 1436 4561 νῦν
1484 4510 1804 4581 γραφόμενα

232 4589 420 4654 γνῶτε,
451 4591 554 4659 τήν
581 4608 643 4643 τε
680 4592 738 4645 ἐν
779 4595 988 4657 τούτοις
1024 4598 1339 4665 συμφωνίαν
1368 4598 1574 4653 ἑαυτῶν
1603 4602 1805 4656 ἐπιδεί-

230 4680 405 4752 ξησθε,
448 4684 542 4737 καὶ
570 4687 638 4755 τῇ
669 4684 982 4757 καθαιρέσει
1012 4686 1119 4741 τῶν
1167 4689 1295 4760 περὶ
1322 4691 1538 4761 Ἀρειον
1568 4693 1662 4746 καὶ
1694 4694 1803 4750 τῶν

230 4775 345 4845 περὶ
374 4775 584 4830 Πιστὸν
610 4775 890 4847 σύμψηφοι
920 4778 1172 4850 γένησθε.
1212 4781 1418 4851 Πρέπει
1447 4784 1554 4855 γὰρ
1580 4782 1649 4838 τὰ
1672 4787 1802 4858 παρ’

225 4864 350 4933 ἐμοῦ
395 4868 723 4939 γραφόμενα
766 4869 1048 4938 γινώσκειν
1091 4873 1253 4943 ὑμᾶς,
1298 4876 1391 4928 καὶ
1433 4875 1679 4942 ἕκαστον,
1726 4879 1802 4942 ὡς

227 4960 344 5030 παρ’
380 4959 553 5014 αὑτοῦ
587 4963 929 5034 γραφόμενα,
957 4966 1012 5017 ἐν
1034 4967 1110 5037 τῇ
1129 4966 1323 5039 καρδίᾳ
1356 4969 1625 5040 κατέχειν.

290 5186 737 5266 (80)_Hi_quatuor
756 5189 1283 5266 postremi,_6ewv_5iq,
1303 5191 1625 5263 Σαρμάτων,
1644 5192 1796 5266 Κάρ-

224 5273 352 5321 πων,
376 5259 600 5322 Ζώῑλος,
634 5260 831 5314 desunt
860 5260 1001 5329 apud
1029 5260 1328 5317 Galasium.

288 5330 402 5406 (_8l)
438 5330 650 5399 Hapcbr
678 5330 998 5398 παροῦσιν.
1034 5332 1340 5402 Singularis
1384 5332 1637 5406 loquendi
1684 5334 1796 5390 for-

224 5401 400 5542 ωιίίςέ)
442 5468 595 5528 l‘lunc
622 5469 831 5528 Pistum
877 5487 1000 5530 esse
1043 5481 1296 5544 putamus
1326 5462 1420 5547 qui
1451 5474 1792 5535 Alexandria:

1906 4513 2017 4582 jam
2062 4515 2267 4586 scripta
2296 4524 2443 4579 sunt,
2480 4524 2646 4585 utque
2687 4524 2926 4572 vestram
2958 4518 3013 4571 in
3055 4519 3206 4575 hisce
3259 4536 3490 4576 concor-

1909 4607 2053 4661 diam
2101 4608 2409 4676 declaretis,
2456 4623 2521 4663 ac
2571 4608 2899 4679 depositioni
2946 4611 3082 4675 Arii,
3133 4611 3267 4667 Pisti
3311 4615 3488 4670 socio-

1907 4715 2138 4772 rumque
2173 4699 2491 4773 suﬂragium
2514 4701 2729 4758 addatis
2757 4710 3025 4760 vestrum.
3052 4703 3157 4758 Par
3180 4706 3379 4777 quippe
3402 4717 3485 4764 est

1906 4801 2181 4860 comperta
2214 4792 2368 4848 vobis
2406 4807 2529 4848 esse
2561 4808 2682 4863 qua:
2705 4808 2737 4848 a
2765 4808 2851 4850 me
2875 4795 3184 4866 conscripta
3211 4804 3361 4861 sunt,
3393 4811 3485 4853 ea-

1903 4899 2011 4954 que
2047 4884 2316 4954 singulos,
2365 4887 2525 4956 quasi
2571 4886 2805 4958 quisque
2850 4894 3093 4943 vestrum
3147 4888 3482 4959 scripsisset,

1906 4976 2070 5033 corde
2101 4980 2410 5050 complecti.

1901 5202 2192 5273 episcopus
2245 5203 2314 5257 ab
2365 5203 2588 5260 Arianis
2641 5204 2926 5261 ordinatus
2979 5210 3084 5270 est,
3127 5202 3330 5273 quippe
3375 5201 3480 5256 sub

1900 5272 2081 5343 ipsum
2116 5274 2403 5330 Arianismi
2456 5275 2670 5330 initium
2719 5277 2860 5332 inter
2907 5272 3292 5345 antesignanos
3330 5286 3480 5345 com;

1898 5339 2308 5418 putabatur,ﬁut
2343 5345 2505 5418 paulo
2539 5346 2681 5403 infra
2715 5354 2818 5417 est,
2844 5346 2950 5401 τῶν
2979 5339 3112 5418 περῖ
3142 5347 3356 5416 Ἀρειον
3382 5339 3479 5396 καὶ

1896 5414 2004 5469 τῶν
2033 5416 2160 5489 περὶ
2188 5414 2405 5484 Πιστόν,
2433 5426 2560 5491 εἰς..
