4080 6334
637 242 742 303 53:,
1694 288 1701 293 .
1764 243 1821 301 ε.
1864 239 2259 299 ALEXANDRI
2300 241 2772 301 unumunum
3474 222 3487 243 '
3704 259 3784 315 sit

2218 380 2311 439 Ν.

757 493 1132 570 Fragmenta
1165 489 1298 554 duo
1328 509 1407 554 ex
1438 491 1708 574 epistola
1742 494 1819 556 ad
1850 495 2184 575 ZEglonem
2216 497 2753 580 Cynopolitanum
2784 495 3179 576 episcopum,
3211 502 3410 559 contra
3440 496 3690 560 Arianos.

738 633 896 704 Apud
948 631 1007 688 S.
1046 633 1341 692 Maximum
1393 639 1623 709 confess.
1664 641 1802 697 inter
1842 658 2022 713 cpusc.
2043 643 2419 771 Pthe'ologicqts
2446 645 2662 716 polem.,
2711 644 2843 713 Opp.
2890 653 3018 698 tam.
3050 640 3117 707 ll,
3159 657 3306 712 pagg.
3338 640 3572 705 152455,
3601 641 3705 695 edit.

2093 732 2224 771 arts.
2424 755 2438 769 .

2093 732 2224 772 arts.
2281 732 2304 771 ι
2313 732 2438 771 υϊὶ).

634 933 1139 1011 Sancti-Alexandri
1177 950 1329 1011 papae
1373 936 1742 1011 Alexandrini,
1791 954 1857 994 ex
1885 938 2108 1008 epistola
2139 941 2208 994 ad
2236 986 2245 1005 Α

2181 941 2208 994 d
2236 951 2283 1007 Α
2316 941 2428 997 Τοῦ
2457 940 2628 1011 ἁγίου
2668 933 3063 1011 Ἀλεξάνδρας
3091 932 3260 987 ardua
3299 930 3717 1011 ’AlefanQpelaq,
3740 934 3792 1011 te

703 1004 987 1077 [Eglonem
1013 1002 1459 1077 Cynopolitanum
1479 1010 1799 1079 episcopum,
1823 1002 2012 1065 contra
2045 1011 2207 1066 Aria-
2236 1002 2283 1007 ﬁ

2187 1039 2207 1054 .
2236 1002 2283 1007 "
2378 1002 2654 1082 τῆςνξπρὸς
2674 1002 3289 1082 Αζτλωναέὲίτισκοπον
3307 1002 3661 1069 Κυνοπόλεως
3684 1005 3798 1060 κατὰ

703 1075 821 1133 nos.
1061 1075 1074 1077 “
1162 1075 1169 1077 ”
1508 1075 1517 1078 ’
1653 1075 1663 1079 ⁷
1786 1075 1790 1076 ⁷
2390 1075 2697 1152 Apaturii}?
2725 1075 3075 1145 ἐπιστολῆς.

699 1182 971 1241 Voluntas
1012 1185 1301 1251 naturalis,
1350 1185 1706 1258 intelligenlis
1766 1188 1948 1245 omnis
1997 1196 2210 1246 natum

2183 1205 2210 1246 Β
2374 1196 2602 1268 Θέλησίς
2643 1196 2758 1247 ἐστι
2811 1190 3033 1262 φυσικὴ,
3078 1187 3275 1251 παντὸς
3320 1183 3494 1257 νοεροῢ
3540 1182 3794 1256 αὐθαίρετος

628 1274 804 1332 libera
834 1276 1065 1334 facultas
1093 1280 1339 1348 exsistit;
1371 1289 1430 1335 ut
1456 1296 1578 1351 quae
1607 1280 1745 1335 nihil
1776 1281 2205 1338 involuntarium

2183 1298 2205 1338 ﬂ
2304 1288 2550 1361 δύναμις,
2577 1285 2841 1359 ὼςμηδὲν
2865 1281 3005 1340 κατὰ
3024 1282 3122 1355 τὴν
3147 1280 3330 1336 οὐσίαν
3360 1277 3593 1351 ἀκρύσιον
3612 1277 3794 1348 ἔχοντος.

628 1368 845 1436 habeat,
870 1371 1016 1442 quod
1043 1386 1109 1427 ex
1138 1374 1389 1429 essentia:
1410 1375 1620 1431 ratione
1645 1375 1719 1429 tit.

2222 1492 2291 1550 ll.

697 1598 953 1670 Operatio
1007 1598 1296 1665 naturalis,
1354 1599 1574 1655 innatus
1618 1607 1703 1656 est
1752 1598 2025 1672 cujusque
2066 1602 2201 1660 sub-

2187 1633 2201 1646 -
2384 1601 2665 1673 Ἒνὲργεια
2698 1599 2898 1669 φυσική
2932 1597 3099 1661 ἐστιν,
3125 1595 3160 1665 ἠ
3191 1592 3367 1664 πάσης
3411 1588 3581 1652 οὐσίας
3612 1587 3798 1660 ἔμφυτος

628 1693 845 1749 stantia:
869 1701 1069 1748 motus.
1102 1691 1357 1762 Operatio
1385 1692 1673 1760 naturalis,
1706 1701 1915 1748 natura:
1952 1693 2199 1765 cujusvis

2188 1711 2199 1751 ι
2301 1692 2534 1765 κίνησις.
2577 1690 2856 1763 Ἐνέργειά
2879 1691 2998 1743 ἐστι
3024 1686 3250 1758 φυσικὴ,
3282 1686 3310 1739 ὁ
3334 1683 3503 1754 πάσης
3526 1682 3710 1751 φύσεως
3734 1679 3799 1731 ob-

627 1782 1003 1838 substantialis
1035 1797 1100 1838 ac
1149 1782 1437 1839 notiﬁcans
1467 1781 1608 1837 ratio
1647 1789 1752 1838 est.
1802 1780 2060 1854 Operatio
2100 1798 2201 1838 na-

2186 1813 2201 1827 -
2302 1783 2500 1855 σιώδης
2526 1784 2622 1838 καὶ
2643 1782 2942 1853 γνωστικὸς
2966 1779 3141 1849 λόγος.
3187 1775 3465 1848 Ἐνέργειά
3491 1776 3596 1828 ἐστι
3624 1773 3797 1842 φυσικὴ,

624 1876 840 1944 turalis,
871 1876 1190 1933 substantiae
1226 1875 1472 1946 cujusvis
1501 1875 1789 1932 notiticans
1812 1875 1990 1933 virtus
2019 1884 2125 1933 est.

1711 1891 1789 1932 ms
1812 1875 1990 1933 virtus
2019 1884 2125 1933 est.
2301 1880 2337 1950 ἡ
2368 1876 2637 1950 δηλωτικὴ
2664 1877 2845 1947 πάσης
2867 1875 3054 1939 οὐσίας
3076 1874 3322 1945 δύναμις.

2579 2058 3792 2093 zm‘

952 2239 1536 2334 MONITUM
1621 2240 1745 2330 IN
1823 2241 2798 2347 SUBSEQUENTEM
2873 2241 3530 2336 SERMONEM

1691 2429 1828 2491 (MAI,
1854 2426 2148 2481 Bibliotheca
2170 2442 2292 2480 nova
2323 2431 2548 2491 Patrum,
2573 2430 2638 2493 II,
2663 2431 2799 2496 529.)

689 2656 818 2711 Dixi
854 2657 909 2710 in
953 2653 1243 2726 Spicilegio
1271 2650 1539 2716 Romam),
1571 2659 1610 2709 t.
1637 2649 1756 2716 Ill,
1779 2667 1833 2722 p.
1858 2650 1983 2715 694,
2016 2666 2082 2706 ex
2105 2651 2467 2708 orientalibus
2500 2652 2826 2709 bibliotheca:
2861 2653 3133 2709 Vaticana:
3154 2652 3425 2709 codicibus
3460 2651 3614 2707 multa
3631 2646 3808 2703 excitari

618 2750 820 2821 scripta
851 2759 1078 2803 veterum
1111 2762 1286 2817 posse,
1316 2763 1434 2817 qua:
1466 2747 1681 2802 omnino
1713 2743 2099 2800 desideramus.
2133 2744 2203 2798 Et
2224 2747 2433 2817 quidem
2458 2755 2651 2816 prwter
2674 2746 2827 2801 lauta
2850 2746 2947 2801 illa
2975 2764 3092 2819 qua:
3125 2747 3241 2801 loco
3268 2747 3435 2802 citato
3465 2743 3595 2800 edidi
3632 2742 3810 2797 Patrum

618 2844 932 2916 fragmenta,
958 2841 1168 2910 majora
1198 2840 1427 2895 indidem
1446 2840 1567 2911 jam
1598 2848 1756 2893 antea
1785 2836 2099 2905 extuleram,
2128 2837 2407 2895 Zachariae
2438 2839 2674 2895 videlicet
2712 2839 3068 2895 Melitenensis
3102 2842 3286 2910 capita
3311 2839 3578 2903 historica,
3602 2833 3809 2891 Ebedicsn

614 2946 667 2994 et
694 2935 1081 3008 Abulpharagii
1105 2942 1363 2989 tractatus
1393 2932 1695 2997 canonicos,
1720 2930 2088 2986 Armeniorum
2127 2933 2288 2989 etiam
2319 2949 2565 2996 canones,
2589 2931 2765 2988 Severi
2799 2932 3108 2988 Antiocheni
3131 2949 3402 2989 sermones
3444 2931 3648 3003 aliquot,
3676 2936 3717 2982 et
3738 2942 3814 2980 nu-

614 3048 706 3102 per
726 3033 897 3087 sancti
926 3030 1118 3102 Cyrilli
1147 3037 1334 3084 contra
1373 3027 1719 3100 Synusiastas
1739 3037 1792 3083 et
1820 3028 2117 3084 Diodorum
2144 3045 2206 3083 ac
2246 3027 2575 3083 Theodorum
2610 3027 2880 3099 reliquias.
2909 3025 3036 3081 Jam
3066 3044 3184 3081 vero
3216 3028 3361 3082 inter
3390 3027 3558 3096 prima
3592 3021 3675 3076 illa
3693 3060 3706 3084 ,
3726 3031 3815 3090 qm

614 3127 919 3190 memoravi,
948 3124 1112 3179 codex
1152 3123 1437 3179 Vaticanus
1459 3119 1720 3178 Arabicus
1758 3122 1853 3177 101
1890 3120 2082 3177 bonam
2114 3123 2244 3177 mihi
2277 3121 2597 3193 particulam
2624 3120 3045 3189 suppeditaverat
3088 3121 3354 3177 sermonis
3381 3118 3548 3175 sancti
3580 3109 3821 3171 Alexandri

612 3219 930 3289 patriarcha:
959 3216 1311 3272 Alexandrini
1338 3216 1450 3287 (l);
1489 3231 1639 3286 quem
1662 3230 1953 3270 sermonem
1971 3212 2159 3269 deinde
2184 3214 2443 3283 integrum
2464 3214 2518 3267 in
2551 3211 2776 3283 Syriaco
2803 3221 2910 3266 vat.
2946 3211 3123 3268 codice
3148 3212 3262 3269 568
3291 3224 3479 3270 nactus
3503 3229 3629 3274 sum.
3653 3210 3699 3265 id
3712 3204 3819 3278 quod

612 3315 740 3371 olim
771 3314 826 3370 in
858 3312 1199 3384 Scriptorum
1227 3320 1335 3367 vet.
1366 3321 1493 3367 tam.
1531 3310 1605 3375 V,
1635 3326 1688 3380 p.
1721 3310 1811 3374 42,
1840 3308 2157 3381 signiﬁcavi.
2188 3306 2347 3362 Nunc
2373 3323 2490 3362 ecce
2513 3317 2631 3376 post
2657 3306 3008 3362 Alexandrini
3040 3305 3242 3378 Cyrilli
3288 3308 3478 3366 Graeca
3510 3308 3708 3377 scripta,
3735 3317 3820 3357 ser-

613 3427 815 3470 monem
838 3410 974 3464 hunc
994 3407 1343 3463 Alexandrini
1368 3405 1586 3478 Syriace
1615 3405 1776 3459 simul
1801 3415 1956 3477 atque
1982 3403 2172 3458 Latine
2204 3400 2644 3473 (quandoquidem
2676 3402 2862 3459 Graeca
2889 3403 3045 3460 verba
3067 3404 3485 3473 desideramus),
3510 3417 3702 3473 operam
3720 3396 3817 3451 mihi

610 3521 765 3560 suam
787 3501 1240 3557 commodantibus
1279 3496 1534 3552 Hattlueo
1572 3496 1875 3553 Sciahuano
1902 3504 1955 3552 et
1983 3493 2273 3563 Francisco
2305 3490 2609 3561 Meltasebo,
2632 3492 2918 3551 Maronitis
2943 3495 3358 3551 litteratissimis
3388 3535 3405 3563 ,
3448 3495 3506 3551 in
3543 3494 3692 3549 lucem
3714 3488 3822 3547 exite

611 3597 784 3664 iubeo,
816 3610 879 3648 ne
902 3602 1065 3647 tanta
1094 3592 1450 3661 antiquitatis,
1482 3589 1822 3644 auctoritatis
1849 3589 2107 3658 famaeque
2135 3586 2364 3655 episcopi
2385 3586 2589 3643 diutius
2621 3604 2680 3642 os
2709 3589 3045 3642 canticescat.

689 3686 856 3740 Porro
881 3685 957 3739 rei
989 3700 1122 3738 certe
1152 3684 1452 3738 testimonia
1477 3692 1637 3750 sunt,
1680 3682 1851 3751 primo
1897 3680 2104 3751 quidem
2153 3678 2453 3750 fragmenta
2480 3679 2579 3734 illa
2602 3695 2669 3735 ex
2693 3680 2872 3736 codice
2903 3679 3154 3746 Arabico,
3188 3698 3314 3754 qua:
3346 3679 3636 3737 Alexandri
3664 3673 3824 3732 archie-

609 3780 811 3852 piscopi
830 3777 1180 3834 Alexandrini
1214 3792 1401 3830 nomen
1429 3786 1616 3847 gerunt
1639 3774 1854 3847 (Spicil.
1888 3774 2074 3841 Rom.,
2106 3785 2147 3828 t.
2189 3773 2310 3839 III,
2338 3791 2392 3841 p.
2425 3775 2575 3847 699),
2606 3792 2822 3847 quaeque
2859 3775 2914 3830 in
2941 3775 3142 3847 integro
3169 3791 3419 3831 sermone
3459 3774 3622 3830 eidem
3664 3760 3825 3824 auctori

611 3873 888 3943 inscripto,
920 3887 1057 3927 nunc
1088 3870 1199 3924 suis
1230 3869 1451 3923 recitata
1481 3867 1609 3922 locis
1638 3867 1875 3923 seriatim
1905 3874 2177 3935 apparent.
2219 3866 2421 3924 Deinde
2450 3867 2769 3924 Sabariesus
2802 3866 2970 3938 Syrus
2995 3876 3180 3923 auctor
3201 3869 3351 3939 apud
3372 3870 3708 3925 Assemanum
3733 3858 3825 3916 Βίιο

612 3982 693 4021 or.
725 3973 765 4019 t.
796 3962 859 4019 11
866 3963 917 4030 1,
941 3978 994 4034 p.
1017 3963 1143 4028 545,
1166 3962 1356 4017 recitat
1397 3976 1462 4015 ex
1491 3958 1761 4030 Maca/fici
1789 3958 2036 4013 chronica
2065 3960 2315 4027 Arabico,
2339 3961 2636 4017 Alexandri
2657 3963 2832 4019 nostri
2862 3962 3217 4034 fragmentum
3235 4003 3250 4028 ,
3290 3962 3436 4034 quod
3459 3961 3654 4033 pariter
3678 3954 3828 4026 (inira-

613 4058 714 4114 bile
740 4059 944 4132 dictu!)
973 4060 1029 4114 in
1054 4074 1292 4115 sermone
1322 4055 1522 4126 integro
1552 4063 1733 4108 nostro
1774 4069 1828 4108 n.
1862 4053 1898 4108 5
1946 4055 2195 4110 occurrit.
2256 4054 2573 4128 Quanquam
2620 4074 2740 4113 vero
2780 4056 3092 4129 Maca/ficus
3124 4057 3506 4112 Alexandrum
3529 4054 3650 4109 dicit
3674 4059 3829 4121 ραρουι

608 4148 939 4220 Romanum,
973 4151 1018 4204 is
1062 4148 1272 4221 quidem
1302 4144 1616 4216 manifestus
1638 4160 1788 4199 error
1816 4142 1881 4198 ab
1901 4142 2196 4199 Assemano
2217 4146 2272 4200 in
2294 4146 2468 4202 indice
2504 4163 2559 4218 ι).
2595 4147 2701 4204 658
2729 4158 2866 4204 recte
2904 4150 3209 4219 corrigitur,
3242 4149 3339 4219 qui
3390 4146 3659 4218 legendum
3681 4136 3831 4196 suade!

510 4223 518 4231 ⁸
608 4244 1060 4302 Alexandrinum.
1090 4239 1291 4297 Deinde
1325 4237 1697 4311 (prwterquam
1728 4235 1867 4308 quod
1902 4235 2250 4293 scribentibus
2275 4238 2465 4293 menda
2498 4239 2669 4294 multa
2692 4239 2935 4311 obrepere
2962 4242 3153 4310 solent)
3178 4242 3255 4296 rei
3295 4238 3578 4293 veritatem
3606 4248 3729 4291 nunc
3752 4228 3833 4299 Sy-

609 4341 787 4395 riacus
820 4336 985 4393 codex
1012 4352 1107 4392 nos
1137 4334 1320 4399 docet,
1365 4333 1455 4405 qui
1485 4329 1792 4386 Alexandro
1818 4332 2198 4389 Alexandrina:
2227 4333 2374 4391 urbis
2422 4336 2653 4391 antistiti
2679 4336 2819 4390 hunc
2849 4352 3139 4391 sermonem
3164 4336 3440 4392 inscribit.
3477 4336 3608 4391 Tum
3633 4329 3749 4387 satis
3771 4330 3832 4379 est

611 4432 910 4503 exploratus
941 4444 1054 4482 mos
1087 4422 1442 4482 Orientalium
1471 4420 1739 4477 Romanos
1773 4423 2086 4479 nominandi
2118 4434 2370 4497 quotquot
2393 4427 2611 4496 imperio
2643 4423 2880 4480 Romano
2915 4424 3198 4490 suberant,
3230 4436 3283 4480 et
3305 4426 3524 4492 Graeca,
3558 4423 3731 4480 nedum
3752 4415 3835 4470 La-

611 4529 743 4591 tina,
777 4524 957 4594 lingua
985 4520 1290 4575 utebantur.
1326 4517 1467 4584 Quin
1499 4524 1549 4571 et
1578 4516 1751 4584 ipsum
1780 4514 2137 4586 Byzantinum
2168 4520 2447 4589 imperium
2473 4530 2778 4576 constanter
2798 4520 3099 4575 Romanum
3131 4519 3433 4589 appellant,
3458 4530 3519 4574 ut
3547 4518 3646 4589 ipsi
3671 4525 3836 4586 quoque

608 4616 897 4690 Byzantini
925 4612 1164 4669 historici
1191 4611 1378 4676 solent,
1409 4609 1501 4681 qui
1527 4610 1603 4663 ita
1632 4609 1687 4663 in
1717 4608 1867 4664 libris
1898 4609 2009 4664 suis
2044 4610 2323 4667 ambitiose
2345 4612 2655 4683 loquuntur,
2680 4623 2961 4685 postquam
2996 4613 3500 4682 Constantinopolis
3522 4627 3663 4668 nocte
3690 4607 3836 4663 Roma’

606 4727 796 4767 nomen
817 4709 1030 4764 invasit.
1054 4706 1224 4761 Locus
1247 4704 1409 4775 igitur
1437 4720 1469 4758 a
1495 4703 1773 4775 Maca/Two
1796 4704 1994 4759 relatus
2016 4706 2095 4760 ita
2118 4722 2174 4761 se
2200 4705 2395 4763 habet:
2433 4728 2453 4760 ί
2488 4708 2789 4764 Alexander
2809 4710 3079 4765 Romanus
3107 4710 3429 4779 patriarcha
3451 4709 3623 4781 inquit
3643 4701 3837 4759 :Hatm

605 4821 723 4875 quae
752 4804 1017 4858 Adamum
1049 4800 1267 4863 creavit,
1300 4799 1418 4868 ipsa
1453 4800 1618 4855 clavis
1655 4803 1709 4856 in
1738 4819 1891 4858 cruce
1927 4800 2200 4871 perforata
2232 4812 2329 4857 est.
2367 4802 2441 4858 0s
2471 4804 2609 4874 quod
2639 4805 2693 4859 in
2736 4803 3002 4859 Adamum
3040 4804 3377 4875 spiraculum
3413 4805 3538 4859 uitta
3565 4791 3837 4870 inspiravit.

606 4906 812 4951 acetum
833 4894 980 4949 bibit.
1006 4893 1109 4950 Pes
1132 4895 1222 4965 qui
1250 4895 1413 4949 claris
1444 4892 1684 4963 conﬁxus
1720 4893 1843 4962 fuit,
1870 4903 2066 4949 terram
2097 4893 2358 4963 fundavit.
2391 4912 2411 4945 ι
2448 4892 2598 4960 ch,
2625 4896 2845 4968 inquam
2869 4898 3031 4967 paulo
3059 4898 3266 4969 quidem
3300 4898 3556 4959 liberius.
3579 4898 3688 4951 sine
3710 4886 3841 4943 dubio

606 4996 782 5041 tamen
813 5003 879 5043 ex
912 4987 1008 5043 hoc
1034 5002 1213 5045 nostra
1239 5009 1476 5049 sermone
1505 5011 1560 5049 n.
1590 4994 1625 5049 5
1656 5002 1864 5063 sumpta
1890 4993 2052 5050 vides.
2092 4992 2463 5048 Verumtamen
2494 4994 2585 5064 qui
2606 4994 2799 5049 ibidem
2823 4996 2991 5051 multo
3023 4995 3235 5050 uberior
3263 4996 3421 5051 locus
3451 4989 3718 5066 prcecedit,
3747 4993 3791 5041 et
3809 4998 3833 5035 ο

607 5078 755 5134 nobis
781 5081 998 5153 virgulis
1032 5083 1313 5140 distinctus
1336 5086 1460 5157 fuit,
1500 5087 1547 5142 is
1577 5104 1695 5142 cum
1717 5087 1953 5143 Arabica
1987 5090 2245 5144 sermonis
2272 5090 2721 5159 interpretatione,
2752 5090 2808 5144 in
2834 5088 3127 5162 Spicilegio
3149 5098 3334 5145 nostra
3368 5090 3521 5145 edita
3542 5128 3558 5153 ,
3590 5077 3844 5141 evidentius

609 5170 781 5225 adhuc
818 5184 973 5244 atque
1000 5177 1330 5235 adamussim
1369 5182 1633 5251 congruit.
1667 5180 1965 5254 Caeteroqui
1996 5201 2101 5239 non
2128 5193 2208 5240 est
2240 5184 2578 5251 mirandum,
2623 5185 2670 5240 si
2696 5184 2787 5255 qui
2834 5200 3005 5240 sermo
3033 5201 3099 5241 ex
3130 5182 3316 5240 Graeco
3354 5184 3417 5238 in
3460 5182 3768 5254 Syriacum,
3793 5180 3845 5224 ιε

606 5262 704 5319 hoc
732 5265 789 5320 in
818 5267 1107 5325 Arabicunt
1154 5270 1355 5327 idioma
1401 5272 1635 5337 transiit,
1666 5289 1866 5343 paucas
1898 5274 2100 5346 aliquot
2146 5276 2427 5332 varietates
2456 5277 2510 5332 in
2544 5277 2624 5333 his
2672 5277 3121 5348 transfusionibus
3177 5295 3378 5348 passus
3435 5281 3530 5333 sit.
3566 5275 3704 5343 Quin
3739 5264 3847 5321 ad”

607 5361 866 5415 sermonis
892 5359 1049 5431 hujus
1087 5363 1207 5418 duae
1231 5362 1472 5419 videntur
1503 5367 1767 5422 exstitisse
1799 5366 1939 5437 apud
1959 5367 2372 5437 Alexandrinos,
2394 5371 2501 5426 sive
2519 5370 2661 5441 apud
2686 5369 3007 5438 Orientales,
3034 5372 3284 5428 editiones
3302 5388 3329 5436 ;
3366 5365 3784 5444 quandoquidem
3804 5358 3848 5411 ἱιι

607 5453 783 5509 codice
806 5453 928 5527 Syr.
968 5456 1112 5523 Vat.,
1142 5468 1259 5527 post
1291 5461 1551 5530 integrum
1575 5477 1896 5528 sermonem,
1920 5461 2069 5515 aliud
2107 5464 2363 5519 attexitur
2393 5464 2629 5534 ejusdem
2660 5466 3015 5536 fragmentum
3040 5505 3057 5532 ,
3092 5483 3196 5523 non
3235 5468 3354 5524 sine
3381 5465 3577 5538 paucis
3606 5458 3758 5518 variis
3783 5453 3847 5507 lt-

679 5626 757 5707 (5)
777 5627 941 5711 idem
972 5629 1250 5711 bic'cpdex
1270 5630 1444 5711 _lt_a_bet
1467 5631 1891 5711 fragmentaASS.
1919 5632 2131 5711 J_ulii__et
2162 5634 2407 5693 Silvestri
2432 5637 2750 5710 pontiﬁcum
2773 5636 3168 5707 Romanorum,
3199 5652 3323 5711 qua:
3354 5653 3463 5710 ego
3486 5634 3677 5693 Graece
3704 5624 3852 5691 edidi:

610 5692 809 5767 Script.
840 5708 938 5754 vet.
970 5707 1011 5754 t.
1042 5697 1151 5767 VII,
1176 5716 1232 5770 p.
1263 5702 1366 5756 154
1394 5708 1446 5758 et
1479 5692 1600 5770 169,
1633 5705 1737 5759 col.
1769 5703 1824 5771 2,
1855 5720 1908 5760 v.
1938 5705 2089 5761 1-15.
