4080 6334
108 5528 131 5609 δί

180 5178 183 5227 ι

132 5236 185 5527 ί

312 343 401 408 613

1164 350 1259 408 DE
1283 351 1877 410 ENGASTRIMYTHO
1907 351 2193 409 CONTRA
2231 352 2607 412 ORIGENEH.

3402 352 3509 411 οη

317 543 3487 584 Μ

726 745 1423 863 ORIGENES
1501 744 1682 859 DE
1765 748 3038 864 ENGASTRIMYTHO.

1548 955 1658 1052 ’,(1
1694 971 1850 1050 Reg.
1880 968 2206 1052 XXVIII.)

833 1140 998 1203 ’Vide
1030 1139 1299 1221 hujusce
1329 1139 1711 1219 Patrologia:
1739 1140 2238 1203 Graeco-Latinae
2268 1147 2417 1204 tom.
2450 1144 2596 1217 XII,
2631 1139 2750 1205 col.
2794 1144 2967 1205 1011.

902 1534 1247 1669 ΤΟΥ
1320 1528 1836 1667 ΑΓΙΟΥ
1931 1530 2891 1668 ΕΥΣΤΑΘΙΟΥ

762 1794 2040 1913 ΑΡΧΙΕΠΙΣΚΟΠΟΥ
2102 1797 3035 1914 ΑΝΤΙΟΧΕΙΑΣ

1609 2039 1796 2092 ΚΑΤΑ
1828 2039 2207 2094 ΩΡΙΓΕΝΟΥΣ

296 2226 458 2313 ΕΙΣ
528 2228 676 2311 ΤΟ
770 2226 983 2311 ΤΗΣ
1072 2219 1993 2312 ΕΓΓΑΣΤΡΙΜΥΘΟΥ
2067 2221 2598 2313 ΘΕΩΡΗΜΑ
2672 2222 3499 2313 ΔΙΑΓΝΩΣΤΙΚΟΣ.

1037 2570 1702 2686 sanun
1785 2501 2778 2690 nusrn'rnn

1420 2780 1938 2840 ARCHIEPISCOPI
1972 2783 2388 2841 ANTIOCHENI

741 2943 1070 3008 CONTRA
1099 2944 1567 3011 ORIGENEM
1586 2947 1701 3009 DE
1730 2948 2457 3014 ENGASTRIMYTHO
2488 2949 3046 3011 DISSERTATIO

1554 3109 1720 3179 Leone
1738 3111 1920 3161 Allatio
1945 3113 2261 3176 interprete.j

365 3376 407 3429 ῐ.
452 3374 559 3430 ’Δεὶ
598 3373 696 3446 μὲν
723 3374 932 3445 ἄγαμαι
958 3374 1047 3429 τὸν
1077 3374 1337 3447 ἀξιοφανῆ
1366 3376 1462 3446 τῆς
1497 3375 1682 3430 ἐνθέου
1708 3377 1857 3431 πολι-

2024 3378 2068 3432 1.
2122 3375 2346 3446 Semper
2368 3373 2617 3444 equidem
2650 3373 2844 3427 divinae
2877 3370 3089 3427 vivendi
3136 3370 3362 3428 rationis
3405 3381 3517 3430 tua!

295 3462 445 3528 τείας
488 3481 578 3517 σου
622 3464 801 3534 ζῆλον,
847 3457 891 3516 ὧ
938 3464 1368 3535 διαπρεπέστατε
1411 3464 1511 3534 τῆς
1551 3464 1855 3536 όρθοδοξίας

300 3555 582 3628 ἱεροκήρυξ
614 3556 902 3628 Εὑτρόπιε·
945 3557 1005 3609 τὸ
1039 3556 1097 3609 δὲ
1136 3557 1234 3628 τῆς
1269 3556 1548 3622 εὐσεϐείας
1589 3575 1680 3611 σου
1720 3558 1858 3627 γνώ-

304 3661 469 3716 ρισμα
490 3646 765 3717 πολλαχῶς
799 3646 1229 3719 ἐκπληττόμενος
1262 3647 1361 3718 οὐχ
1383 3647 1580 3716 ἥκιστα
1607 3649 1700 3701 καὶ
1731 3650 1858 3719 περὶ

300 3738 413 3790 τόδε
463 3739 692 3809 μάλιστα
731 3737 1051 3809 τεθαύμακα
1079 3738 1139 3791 τὸ
1170 3739 1353 3809 μέρος·
1395 3739 1475 3791 ὅτι
1499 3739 1681 3808 σαφῶς
1703 3742 1858 3815 ἀκρι-

303 3826 469 3882 ϐῶσαι
496 3829 671 3900 βούλει
694 3829 812 3894 πῶς
846 3830 910 3884 ἂν
936 3830 1113 3901 ἔχοιμι
1138 3829 1359 3902 γνώμης
1388 3829 1547 3884 ἓνεκα
1572 3832 1669 3903 τῆς
1696 3834 1860 3902 ἐγγα-

306 3922 587 3992 στριμύθου
626 3923 724 3993 τῆς
753 3923 811 3977 ὲν
851 3923 917 3993 τῇ
953 3920 1143 3995 πρώτῃ
1167 3921 1273 3974 τῶν
1299 3921 1589 3977 Βασιλειῶν
1621 3924 1859 3995 ἱστορου-

307 4012 487 4084 μένης·
515 4016 573 4067 οὐ
606 4014 715 4086 γὰρ
742 4013 1069 4085 ἀρέσκεσθαι
1100 4015 1204 4084 φῂς
1230 4007 1311 4076 οἷς
1348 4012 1609 4078 ἐξέδωκεν
1651 4015 1858 4087 Ὠριγέ-

306 4120 395 4173 νης
419 4108 495 4168 εἰς
519 4105 674 4176 τήνδε
706 4106 803 4177 τὴν
838 4102 1109 4159 ὑπόθεσιν.
1152 4105 1226 4158 Οὐ
1264 4105 1367 4175 μὴν
1404 4105 1538 4159 ἀλλὰ
1560 4105 1732 4174 ἔγωγε
1764 4106 1857 4159 καὶ

308 4194 484 4261 ἄλλους
509 4193 622 4252 οἶδα
649 4197 727 4251 ἔτι
761 4198 1137 4270 μεμφομένους
1165 4198 1265 4251 οὐκ
1288 4198 1494 4267 ὀλίγους
1519 4199 1600 4267 ἐφ’
1629 4192 1708 4262 οἷς
1730 4198 1859 4271 ὠρί-

308 4301 430 4339 σατο
465 4292 783 4361 προχείρως,
810 4291 945 4343 ἀλλὰ
970 4291 1151 4360 συχνοὶ
1178 4290 1274 4360 μέν
1305 4292 1439 4343 εἰσιν
1462 4292 1510 4343 οἱ
1543 4290 1855 4360 δακνόμενοι

306 4376 397 4441 τὰς
424 4380 593 4451 ψυχὰς
620 4382 973 4453 ἀσχάλλοντες
997 4384 1056 4434 οὐ
1094 4382 1342 4453 μετρίως·
1374 4381 1484 4436 ἐσθ’
1509 4384 1596 4436 ὅτε
1633 4383 1687 4435 δέ
1717 4400 1857 4447 τινες

305 4462 381 4530 οἷς
424 4471 652 4543 ἔγραψεν
702 4476 905 4537 ἐκεῖνος
938 4473 1264 4542 ὑπάγονται,
1306 4476 1372 4545 τῇ
1405 4472 1747 4547 προλαϐούσῃ
1774 4475 1857 4527 δο-

306 4558 516 4634 ξοκοπίςι
548 4566 678 4635 ῥᾷον
700 4564 1097 4635 ἀνατιθέμενοι,
1132 4566 1353 4629 καὶτοῖς
1380 4566 1602 4637 ὀνόμασι
1640 4566 1853 4636 μᾶλλον,

437 4657 493 4708 οὑ
519 4660 628 4720 τοῖς
656 4657 942 4729 πράγμασι
971 4658 1340 4730 προσέχοντες,
1366 4659 1438 4723 ὡς
1463 4660 1601 4713 δέον.
1639 4661 1734 4712 "lv‘
1763 4655 1854 4714 οὖν

1956 3470 2152 3531 zelum,
2188 3467 2409 3537 dignum
2442 3466 2533 3535 qui
2558 3475 2610 3521 et
2635 3465 2757 3521 aliis
2782 3465 3109 3531 innotescat,
3139 3479 3171 3519 ο
3200 3473 3360 3520 rectae
3386 3465 3515 3523 ﬁdei

1955 3559 2305 3616 celeberrime
2330 3565 2384 3613 et
2414 3572 2568 3612 sacer
2596 3556 2917 3627 praedicator
2944 3555 3166 3626 Eutropi
3186 3596 3200 3621 ,
3235 3571 3511 3612 commen-

1954 3650 2024 3705 do
2050 3668 2062 3705 :
2092 3660 2279 3704 verum
2311 3656 2417 3702 tua:
2438 3648 2668 3719 insignis
2692 3648 2908 3717 pietatis
2932 3647 3129 3717 saepius
3155 3647 3513 3704 admiratione

1954 3753 2280 3805 commotus,
2314 3756 2422 3796 non
2454 3741 2633 3795 minus
2662 3740 2918 3811 atqueilli
2953 3740 3224 3811 praecipue
3244 3755 3363 3795 eam
3387 3740 3511 3798 lau-

1954 3835 2096 3891 davi.
2137 3832 2235 3889 Vis
2254 3834 2450 3903 quippe
2476 3839 2533 3887 ut
2563 3832 2886 3887 sententiam
2922 3846 3096 3886 meam
3131 3832 3198 3886 de
3231 3830 3513 3904 Engastri-

1954 3929 2139 4000 mytho
2159 3969 2173 3991 ,
2207 3927 2365 3995 cujus
2398 3925 2574 3996 primo
2600 3922 2806 3995 Regum
2832 3923 3056 3979 historia
3087 3923 3303 3993 legitur,
3330 3924 3515 3979 decla-

1953 4037 2067 4077 rem
2127 4019 2471 4088 dilucideque
2526 4022 2785 4087 aperiam.
2843 4014 3052 4071 Etenim
3104 4030 3225 4085 quae
3283 4017 3351 4071 de
3411 4018 3514 4071 hac

1956 4111 2182 4167 materia
2211 4109 2448 4180 vulgavit
2472 4105 2764 4178 Origenes,
2808 4107 2908 4162 tibi
2936 4122 3111 4178 neque
3142 4115 3294 4178 grata
3336 4124 3513 4179 neque

1954 4210 2175 4273 accepta
2199 4209 2346 4258 sunt.
2383 4198 2517 4255 Novi
2551 4198 2797 4269 equidem
2821 4198 2976 4262 alios,
3010 4212 3213 4268 eosque
3243 4214 3348 4255 non
3378 4214 3514 4271 pau-

1955 4311 2071 4361 cos,
2103 4304 2327 4365 questus
2347 4292 2413 4346 de
2443 4291 2508 4345 iis
2535 4306 2655 4360 quae
2678 4300 2876 4345 temere
2904 4290 2970 4342 ab
2998 4289 3089 4344 illo
3114 4291 3320 4358 prolata
3352 4298 3510 4355 sunt,

1955 4384 2328 4455 plurimosque
2370 4381 2537 4435 fuisse
2560 4380 2651 4450 qui
2687 4387 2968 4449 propterea
3010 4378 3191 4433 animo
3226 4380 3512 4435 vehemen-

1957 4474 2163 4530 tissime
2191 4472 2597 4529 excruciantur.
2621 4468 2877 4522 Nonnulli
2910 4468 3037 4524 item
3062 4470 3207 4523 illius
3237 4485 3514 4524 commen-

1956 4566 2253 4621 tatiouibus
2313 4564 2703 4634 acquiescunt,
2762 4576 3073 4631 novumque
3128 4560 3322 4632 dogma
3373 4562 3517 4616 male

1957 4656 2229 4711 intrusum
2255 4655 2411 4709 facile
2438 4653 2870 4723 amplectuntur,
2905 4660 2958 4707 et
2988 4652 3303 4707 nominibus
3334 4652 3519 4723 potius

312 4745 378 4814 μὴ
407 4747 611 4819 δόξαιμι
659 4749 780 4802 κατ’
809 4749 1042 4819 ἐμαυτὸν
1077 4752 1259 4819 ἀγῶνα
1296 4751 1565 4805 δικανικὸν
1596 4752 1849 4822 εἰσάγειν,

1955 4764 2119 4820 quam
2144 4747 2325 4809 rebus,
2360 4746 2503 4815 quod
2536 4744 2677 4799 facto
2699 4760 2837 4815 opus
2868 4751 3031 4809 esset,
3059 4744 3302 4798 animum
3328 4743 3515 4798 adver-

307 4836 397 4889 ῦῦκ
425 4842 679 4894 ἀνοίκειον
708 4840 945 4912 ἡγοῦμαι
978 4844 1154 4895 πᾶσαν
1195 4843 1289 4914 μὲν
1318 4842 1449 4913 όμοῦ
1480 4842 1730 4909 συζεῦξαι
1760 4842 1855 4915 τὴν

1954 4847 2095 4894 tunt.
2130 4838 2207 4892 Ne
2252 4836 2417 4907 igitur
2454 4844 2645 4907 sponte
2688 4837 2903 4891 forense
2942 4851 3005 4891 ac
3058 4834 3515 4892 concertatorium

305 4926 549 5002 ἐξήγησιν
594 4930 760 4985 αὐτοῦ
805 4932 933 5003 τῇδε
974 4933 1065 4986 τοῦ
1111 4934 1432 5005 γράμματος
1467 4932 1759 5005 ὑπαγορίᾳν
1788 4933 1856 4986 δι’

1954 4929 2210 5001 iudiciale
2232 4943 2403 4999 genus
2435 4928 2669 4982 subiisse
2703 4927 2922 4991 videar,
2960 4940 3137 4995 opem
3168 4922 3518 4996 pretiumfe-

309 5018 552 5092 ἑκατέρου
603 5023 660 5076 δὲ
702 5023 974 5095 τρανῶσαι
1006 5023 1067 5077 τὸ
1108 5025 1294 5093 σαφέςο
1337 5024 1411 5088 ὡς
1444 5024 1510 5079 ἂν
1544 5026 1678 5096 μήτε
1714 5024 1857 5088 τινὲς

1955 5023 2122 5078 cerim
2158 5020 2205 5077 si
2236 5036 2448 5074 omnem
2480 5020 2628 5073 illius
2668 5018 3061 5091 expositionem
3091 5032 3200 5071 una
3244 5032 3368 5071 cum
3411 5015 3511 5071 hac

308 5108 483 5161 οἶοιντο
504 5115 854 5181 συκοφαντεῖν
879 5114 1025 5184 ἡμᾶς
1049 5114 1193 5176 ὅπως
1218 5113 1415 5185 δήποτε
1444 5113 1662 5178 δοξάσαι
1691 5130 1860 5187 προσ-

303 5200 587 5269 αχθέντας,
647 5204 771 5275 μήτ’
812 5199 878 5258 αὖ
940 5203 1101 5260 πάλιν
1159 5205 1530 5278 ἀμφηρίστους
1575 5200 1712 5258 εἶναι
1740 5203 1862 5274 ,τὰς

302 5290 449 5357 δόξας
498 5297 799 5368 ἑκατέρωνο
848 5296 1049 5351 οἴονται
1097 5296 1205 5369 γὰρ
1254 5299 1318 5350 ὲκ
1364 5298 1463 5369 τῆς
1520 5297 1860 5369 παραλλήλου

297 5385 629 5456 συγκρίσεως
658 5386 995 5451 ὰνεξετάζειν
1027 5388 1122 5459 μὲν
1149 5388 1294 5451 ὅπως
1322 5386 1421 5459 ἔχῃ
1441 5388 1595 5461 δόξης
1629 5388 1860 5457 ἑκάτερα

290 5477 359 5529 τὰ
386 5478 552 5548 μέρη,
591 5480 691 5551 τὴν
720 5480 978 5550 ἀμείνονα
1011 5481 1063 5533 δὲ
1094 5480 1316 5551 γνώμην
1362 5481 1420 5547 ἐξ
1452 5482 1649 5552 ἀμφοῖν
1682 5484 1857 5554 αἱρεῖ-

286 5568 414 5623 σθαι
462 5572 587 5634 τοὺς
626 5572 956 5641 φιλολόγους.
996 5559 1141 5626 Οὔτε
1179 5572 1310 5641 γοῦν
1355 5574 1519 5637 ἵππος
1558 5574 1857 5645 ἀγωνιστὴς

278 5655 426 5715 εἶναι
478 5661 724 5735 κρίνεται
778 5663 995 5734 δόκιμος
1046 5664 1258 5735 ἑαυτῷ,
1300 5665 1512 5736 τρέχων
1561 5665 1849 5730 εὐσκελῶς,

275 5756 395 5811 οὐδ’
428 5758 480 5810 εί
508 5757 713 5831 σφόδρα
757 5756 955 5827 κοῦφος
998 5756 1072 5810 ὢν
1098 5755 1284 5827 ὥσπερ
1313 5756 1614 5829 ὑπόπτερος
1655 5757 1852 5811 ἐπιδεί-

1955 5129 2074 5169 mea
2138 5112 2430 5183 scriptione
2480 5110 2842 5184 conjungam,
2902 5117 2955 5165 et
3014 5110 3271 5181 utrinque
3319 5124 3509 5164 verum

1934 5206 2195 5279 ,aperiam
2223 5223 2235 5260 :
2262 5220 2330 5259 ne
2360 5204 2457 5258 ulli
2487 5203 2747 5274 opinandi
2778 5203 2850 5257 sit
2880 5202 3032 5258 locus
3061 5217 3163 5257 nos
3200 5209 3384 5273 aperte
3414 5216 3511 5255 ca~

1956 5296 2245 5361 lumniari,
2294 5295 2454 5368 quasi
2501 5294 2706 5351 homini
2746 5309 2937 5365 parum
2982 5294 3213 5364 ingenue
3242 5296 3518 5364 imposue-

1953 5388 2164 5457 rimus;
2204 5388 2437 5459 ideoque
2474 5386 2757 5459 utriusque
2798 5386 3100 5442 sententias
3144 5385 3340 5441 dubias
3371 5400 3513 5441 esse.

1954 5479 2261 5551 Opinantur
2288 5481 2434 5535 enim
2473 5479 2760 5549 utriusque
2789 5478 3196 5546 comparatione
3229 5477 3517 5545 utriusque

1954 5572 2127 5641 partis
2154 5572 2479 5628 sententiam
2524 5570 2716 5625 melius
2746 5568 3019 5634 discerni,
3056 5568 3310 5636 deinceps
3333 5565 3514 5637 philu-

1958 5667 2108 5736 logos
2133 5664 2200 5720 ad
2242 5663 2520 5720 meliorem
2555 5678 2675 5719 sese
2727 5663 3017 5733 applicare.
3052 5659 3174 5715 Non
3212 5660 3395 5730 itaque
3425 5658 3516 5714 ille

1955 5772 2131 5828 equus
2164 5762 2509 5813 concertator
2536 5770 2660 5813 esse
2694 5754 2922 5811 aliorum
2951 5751 3161 5826 judicio
3191 5748 3513 5821 comproba-
