4080 6334
604 331 707 388 615

1471 321 1530 378 5.
1564 319 1931 379 EUS’I‘ATHII
1960 318 2476 377 ABCBIEPISCOPI
2507 316 2923 378 ΔΝΤΙΟΕΗΕΝΙ

602 456 693 502 tur
744 447 836 519 qul
899 446 1221 503 festinanter
1263 444 1430 499 citato
1487 442 1656 515 gradu
1690 447 1983 515 properat,
2032 439 2151 495 licet

2257 455 2442 493 κνυται
2483 439 2580 504 τὰς
2631 440 2891 511 κινήσειςσ
2941 436 3052 493 οὔτ’
3097 433 3252 505 αὖθις
3296 437 3543 512 ἀθλητῶν
3574 436 3811 494 ὠκύτατα

601 537 904 592 incredibili
934 536 1242 598 celeritate,
1282 534 1442 607 quasi
1471 536 1573 592 alis
1604 535 1886 597 niteretur.
1914 531 2159 603 miraque

601 627 922 685 incitatione
975 629 1261 685 confestim
1320 629 1551 684 advolet.
1594 627 1780 698 Neque
1833 626 2157 681 athletarum

598 721 688 776 ille
715 721 954 791 Optimus
988 730 1068 776 est
1100 720 1191 792 qui
1241 721 1383 775 inter
1425 718 1744 775 certandum
1778 720 1934 775 ocius
1967 717 2158 791 pedem

596 812 847 867 conferre
881 820 1091 883 potest.
1142 828 1243 867 nec
1295 811 1582 882 quisquam
1628 810 1803 875 alius,
1852 811 1967 865 sive
2013 810 2158 865 lucta

597 902 810 971 agiliter
830 902 1139 965 contendat,
1171 902 1284 958 sive
1306 900 1603 956 durissimo
1630 902 1909 972 pancratio
1937 899 2158 955 vulnera

596 993 856 1061 patiatur,
893 994 1007 1049 sive
1027 1002 1195 1048 caestu
1228 1006 1462 1063 pugnam
1495 992 1831 1054 committat,
1868 990 1950 1046 vel
1978 1006 2155 1046 aerem

596 1083 743 1139 inani
772 1086 1117 1141 brachiorum
1138 1085 1435 1156 jactatione
1465 1083 1762 1139 everberet.
1793 1081 1899 1138 Eos
1924 1097 2159 1153 namque

596 1177 690 1246 qui
721 1186 998 1232 certamen
1041 1179 1264 1242 ineunt,
1316 1175 1564 1231 cominus
1598 1160 1721 1230 cum
1757 1175 2007 1229 hostibus
2056 1190 2158 1244 pu-

2262 532 2475 602 τρέχειν
2526 534 2585 585 ἐν
2638 530 2833 602 σταδίῳ
2890 529 3183 606 δυνάμενος
3202 572 3217 595 ,
3266 531 3393 587 οὔτε
3436 531 3592 597 ἄλλος
3628 531 3809 598 ούδεὶς,

2260 622 2384 678 οὕτε
2430 622 2673 677 παλαίων
2721 622 2922 695 ὑγρῶς,
2965 620 3088 676 οὔτε
3132 623 3439 695 τραχύτατα
3490 623 3813 696 παγκρατιά-

2263 714 2390 780 ζων,
2428 715 2461 786 ἢ
2506 714 2829 785 πυγμαχῶν,
2874 712 2907 785 ἢ
2951 713 3044 769 τὸν
3083 715 3221 787 ἀέρα
3263 716 3435 787 δέρων
3468 715 3814 789 ἐωρογοπίαις

2208 814 2213 819 ‘
2264 805 2659 878 ὑποκειμένοις
2686 804 2818 859 ἀλλὰ
2858 804 3115 860 συσταδὸν
3143 806 3402 879 ἁρμόττει
3438 805 3506 860 τά
3544 806 3815 878 μαχόμενα

2261 902 2372 963 τοῖς
2403 898 2662 963 ἐναντὼις
2686 900 3035 953 άντιστατείν·
3071 899 3137 953 ἵν’
3180 898 3237 964 ἓξ
3278 899 3394 964 ἐνὸς
3427 899 3682 969 ὁποτέρου
3710 899 3816 951 δια-

2262 989 2593 1062 γινώσκηται
2640 990 2701 1043 τὸ
2747 987 3002 1063 προῦχον.
3051 991 3209 1044 Ὥστε
3256 990 3327 1044 τά
3374 990 3469 1063 μὲν
3526 989 3814 1061 Ὦριγένεια

2263 1083 2594 1156 προτακτέον
2628 1083 2684 1135 ἐν
2733 1081 2990 1155 πρώτοις,
3022 1083 3125 1154 ἰδίᾳ
3152 1081 3210 1137 δὲ
3237 1082 3386 1149 τάξει
3415 1082 3507 1136 καὶ
3544 1080 3636 1137 τὸν
3677 1083 3812 1137 ἀντιο

2262 1174 2524 1228 πίπτοντα
2553 1175 2676 1228 νοῦν
2697 1175 2919 1239 ἐκείνοις
2948 1176 3194 1240 ἐξετάσαι
3228 1174 3604 1229 σπουδαστέον.

593 1286 765 1343 gnare
812 1280 1110 1341 contraque.
1163 1272 1380 1327 obstare
1443 1272 1628 1333 decet,
1676 1281 1735 1324 ut
1767 1269 1890 1341 quis
1928 1268 2119 1323 melior
2161 1268 2232 1324 sit
2293 1268 2535 1340 dignosci
2586 1269 2745 1326 facile
2790 1271 2980 1341 possit.
3021 1272 3199 1336 Quare
3254 1271 3309 1324 in
3366 1270 3556 1341 primis
3600 1267 3812 1341 quidem

594 1370 725 1418 ante
777 1364 883 1417 alia
963 1363 1212 1435 Origenis
1276 1364 1423 1418 dicta
1492 1376 1897 1434 proponemus,
1963 1359 2158 1416 deinde
2207 1361 2536 1416 contrariam
2603 1361 2712 1416 illis
2770 1362 3097 1417 sententiam
3178 1360 3600 1429 subnectemus,
3656 1376 3814 1437 quam

597 1456 801 1526 ingenii
830 1458 1095 1512 industria
1139 1465 1302 1526 atque
1346 1457 1623 1527 diligentia
1667 1455 1941 1510 discutere
1983 1469 2163 1525 Opera:
2196 1456 2428 1525 pretium
2463 1456 2587 1509 erit.

666 1548 731 1602 ll.
763 1548 873 1619 Age
906 1548 1068 1619 igitur
1111 1548 1351 1603 historiae
1380 1549 1574 1603 seriem
1598 1587 1612 1611 ,
1651 1546 1831 1618 quoad
1870 1547 1992 1616 ejus
2042 1546 2158 1601 lieri

592 1641 796 1713 poterit
824 1641 1089 1710 nobisque
1113 1639 1341 1695 facultas
1367 1637 1606 1702 dabitur,
1638 1636 2002 1707 speculemur,
2033 1634 2159 1689 inde

2332 1547 2398 1600 ΙΙ.
2428 1547 2563 1619 Φέρε
2586 1543 2683 1601 οὖν
2714 1546 2844 1602 αύτδ
2870 1546 2929 1601 τὸ
2958 1546 3058 1618 τῆς
3091 1547 3329 1620 ίστορῑας
3353 1547 3585 1621 γράμμα
3612 1547 3815 1624 θεωρή-

2264 1657 2443 1710 σωμεν
2494 1640 2569 1703 ὡς
2609 1633 2718 1693 οἶόν
2770 1657 2830 1693 τε
2884 1640 3024 1694 κατά
3068 1639 3129 1694 τὸ
3172 1639 3390 1711 ἐφικτὸν
3418 1638 3625 1694 ἐνθένδε
3658 1642 3815 1698 πόθεν

594 1732 738 1786 unde
760 1746 857 1801 par
888 1738 974 1785 est
994 1738 1212 1801 sumpto
1236 1728 1564 1784 initio.Cum
1595 1726 1724 1781 Saul
1747 1726 1946 1796 optime
1970 1724 2151 1795 populi

2262 1730 2508 1802 ἀρκτέον.
2551 1731 2813 1802 Ὀπηνίκα
2858 1732 2954 1802 μὲν
3006 1731 3036 1783 ὁ
3074 1731 3248 1785 Σαοὺλ
3289 1731 3485 1804 ἄριστα
3527 1733 3813 1804 προῖστατο

593 1827 857 1891 praeesset
900 1818 1275 1882 multitudini,
1324 1834 1533 1883 omnes,
1564 1817 1741 1888 inquit
1774 1816 1828 1882 ⁸,
1891 1815 2148 1886 engastri-

593 1912 799 1983 mythas
836 1911 1018 1981 ejecit,
1070 1925 1368 1982 omnesque
1407 1910 1646 1980 reliquos
1683 1915 1899 1980 gnosius
1946 1906 2167 1973 dictos,’

591 2004 761 2058 veluti
797 2002 1290 2072 perniciosissimas
1322 2010 1524 2073 pestes,
1559 2001 1652 2071 qui
1684 2001 1758 2053 ita
1791 1998 2150 2061 vocabantur,

591 2096 797 2150 ariolos
828 2095 1050 2165 depulit.
1088 2092 1286 2149 Verum
1323 2093 1410 2147 ubi
1447 2092 1609 2147 rebus
1636 2090 1887 2162 pessimis
1911 2087 2151 2143 animum

592 2187 843 2246 advertit.
874 2194 903 2239 a
934 2184 1268 2256 nequissimo
1296 2183 1539 2239 daemone
1559 2184 1699 2238 male
1735 2190 1995 2246 vexatus,
2032 2196 2154 2234 rur-

592 2290 712 2331 sum
753 2274 912 2330 alfata
963 2272 1306 2328 fatidicorum
1348 2288 1412 2327 ac
1442 2279 1627 2327 vatum
1659 2270 1945 2326 ambitiose
1985 2269 2152 2324 nimis

591 2367 962 2438 amplectitur,
996 2365 1159 2437 paulo
1188 2372 1314 2419 ante
1346 2365 1610 2420 dissoluta
1644 2379 1997 2434 componens,
2028 2377 2154 2433 pro-

589 2469 884 2533 ptereaque
933 2459 1284 2530 semetipsum
1332 2458 1516 2511 violati
1574 2455 1812 2511 mandati
1866 2469 2020 2511 reum
2063 2470 2151 2508 ar-

586 2567 784 2624 guens.
841 2549 1049 2622 Quippe
1112 2566 1236 2605 cum
1307 2542 1472 2605 vicini
1540 2548 1845 2619 alienigena:
1906 2545 2149 2602 unanimi

586 2659 863 2699 consensu
896 2643 1093 2700 bellum
1121 2642 1421 2697 indicerent
1442 2642 1559 2706 ’,ει
1591 2640 1805 2695 collatis
1828 2638 2016 2711 signis,
2049 2655 2151 2692 nu-

588 2752 805 2794 merosa
839 2738 1165 2809 phalangum
1194 2735 1350 2807 capia
1372 2749 1523 2790 arma
1552 2739 1934 2797 consererent,
1964 2747 2152 2787 exser-

586 2830 768 2901 tisque
813 2831 1006 2901 gladiis
1052 2842 1263 2885 summa
1310 2826 1475 2881 animi
1525 2826 1869 2881 contentione
1917 2839 2149 2896 pugnant

586 2923 978 2993 deposcerent;
1013 2921 1258 2976 misellus
1302 2916 1432 2973 Saul
1460 2917 1801 2973 tabernaculi
1841 2932 2146 2989 propugna-

582 3017 772 3069 culum
800 3023 855 3070 et
882 3015 1088 3085 reliqua
1119 3014 1320 3074 omnia.
1350 3018 1409 3065 ut
1437 3011 1512 3064 ita
1543 3009 1720 3065 dicam
1741 3052 1757 3078 ,
1796 3010 2015 3065 oculata
2045 3008 2148 3063 lide

2254 1823 2352 1894 τῆς
2377 1822 2470 1877 τοῦ
2500 1822 2628 1878 λαοῦ
2670 1822 3027 1894 πολυανδρίας
3046 1865 3060 1889 ,
3100 1823 3258 1896 ἐξῆρε
3289 1823 3518 1891 πάντας
3548 1825 3690 1892 τοὺς
3718 1826 3812 1897 ἐτ-

2253 1917 2706 1986 γαστριμύθους,
2736 1915 2859 1988 ἔφη,
2889 1917 2983 1970 καὶ
3009 1916 3135 1979 τοὺς
3154 1916 3292 1970 οὓτω
3313 1916 3679 1988 καλουμένους
3703 1918 3812 1974 ὀνό-

2258 2023 2383 2079 ματι
2421 2006 2709 2078 γνώστας,
2746 2009 2841 2063 ἆτε
2872 2008 2937 2080 δὴ
2981 2007 3265 2079 λυμεῶνας
3311 2008 3709 2080 ὲμφοχεύοντας
3735 2009 3811 2082 (Ι)

2253 2096 2544 2167 ἐχθίστους.
2589 2098 2804 2170 Ἐπειδὴ
2831 2098 2887 2152 δὲ
2926 2099 3154 2170 τραπεὶς
3181 2099 3272 2152 ἐπὶ
3303 2098 3371 2152 τά
3406 2099 3653 2171 χείριστα
3681 2101 3814 2173 πρὸς

2250 2188 2344 2242 τοῦ
2398 2189 2674 2262 ἀλιτηρίου
2728 2190 2940 2264 πικρῶς
2970 2190 3252 2263 -ηλαύνετο
3307 2190 3591 2263 δαίμονος,
3647 2190 3822 2264 ᾤχετο

2255 2280 2413 2335 πάλιν
2441 2283 2532 2335 ἐπὶ
2573 2282 2643 2335 τά
2675 2284 2934 2355 φάσματα
2974 2285 3075 2355 τῆς
3107 2283 3359 2356 μαντείας
3387 2283 3587 2348 αὐτῶν,
3618 2285 3821 2339 οἰκοδο-

2254 2370 2519 2441 μούμενος
2551 2370 2587 2425 ἃ
2618 2371 2906 2425 κατέλυσεν
2937 2372 3100 2443 ὀλίγῳ
3127 2372 3383 2445 πρόσθεν,
3415 2374 3607 2427 ἐαυτὸν
3635 2373 3695 2427 δὲ
3724 2375 3820 2427 καὶ

2249 2461 2337 2517 διὰ
2375 2461 2531 2517 τοῦτο
2577 2464 2893 2536 παραϐάτην
2946 2463 3209 2537 ἐλέγχωνο
3265 2464 3341 2528 ὡς
3392 2465 3500 2538 γὰρ
3546 2466 3596 2520 οἱ
3655 2465 3821 2537 πέριξ

2250 2553 2597 2625 ἀλλογενεῖς
2620 2554 2877 2626 ὁμοθύμῳ
2905 2556 3105 2627 σπουδῇ
3131 2554 3364 2627 πολέμου
3390 2556 3601 2625 γένεσιν
3628 2556 3822 2628 ἀνεκή-

2255 2662 2459 2716 ρυττον,
2500 2644 2872 2717 ἀθροισθέντες
2919 2646 3015 2716 μὲν
3051 2645 3127 2711 ῶς
3167 2647 3245 2701 ξνι.
3290 2647 3523 2719 μάλιστα
3551 2646 3819 2719 παμπληο

2252 2735 2335 2790 Oet
2362 2736 2460 2800 τὰς
2505 2736 2790 2806 φάλαγγας
2835 2737 3312 2810 ἀντιπαρέταττον,
3346 2738 3485 2792 ὅπλα
3519 2735 3576 2791 δὲ
3607 2739 3823 2809 γυμνά-

2254 2849 2440 2897 σαντες
2464 2835 2543 2897 είς
2578 2833 2754 2905 μάχην
2782 2833 2992 2899 ἐξίεσαν
3026 2832 3327 2907 εὐρώστως·
3355 2836 3384 2889 ὁ
3415 2835 3661 2906 μέντοιγε
3694 2835 3827 2907 σχέ-

2249 2923 2393 2990 τλιος
2435 2926 2626 2991 Σαοὺλ,
2655 2925 2788 2981 αὐτὸ
2828 2926 2891 2980 τὸ
2928 2926 3027 2998 τῆς
3077 2926 3424 2999 παρεμϐολῆς
3468 2926 3825 2998 ἐπιτείχισμα

2253 3019 2632 3090 πεφραγμένον
2681 3016 2803 3072 ἰδὼν
2835 3018 3088 3089 αύτοψεὶ,
3118 3019 3214 3073 καὶ
3232 3057 3247 3082 ,
3275 3018 3337 3071 τὸ
3370 3018 3589 3090 σύμπαν
3618 3020 3821 3085 εἰπεῖν,

580 3106 824 3164 hostium
849 3106 1016 3162 armis
1040 3105 1261 3161 occlusa
1293 3104 1568 3158 contuitus
1586 3143 1601 3168 ,
1628 3117 1657 3156 a
1682 3117 1741 3160 se
1764 3102 1878 3173 ipse
1897 3100 2149 3157 discessit

2253 3107 2453 3182 ἐξέστη
2484 3110 2882 3179 καταπλαγεὶς,
2914 3109 3050 3182 ῶςὴ
3097 3110 3215 3164 θεία
3259 3110 3557 3182 διαγορεύει
3598 3110 3819 3185 Γραφή·

577 3200 883 3260 attonitus,
940 3205 1000 3253 ut
1056 3196 1252 3250 divina:
1296 3202 1566 3250 testantur
1618 3192 1854 3249 Litterae.
1887 3191 2149 3261 Deinceps

585 3291 795 3353 addunt
813 3331 826 3353 ,
852 3287 1156 3343 consulebat
1186 3286 1470 3340 Dominum
1495 3285 1517 3317 ³
1541 3325 1556 3351 ,
1603 3291 1863 3356 appetens
1901 3284 2150 3340 videlicet

585 3385 728 3440 scire
758 3383 887 3455 quid
917 3398 1053 3452 opus
1083 3380 1228 3435 factu
1283 3385 1460 3445 esset;
1490 3387 1539 3433 et
1576 3378 1787 3432 omuino
1818 3393 1921 3431 non
1945 3391 2151 3445 respon-

575 3476 661 3530 dit
692 3477 739 3531 ei
768 3476 1023 3530 Dominus
1057 3473 1108 3527 in
1140 3472 1382 3536 somniis,
1413 3472 1464 3526 in
1485 3468 1998 3540 manifestationibus
2019 3478 2069 3523 et
2093 3470 2147 3523 in

579 3567 867 3639 prophetis.
905 3565 1147 3623 Sceleste
1183 3581 1417 3637 namque
1456 3565 1728 3636 impieque
1766 3563 1945 3634 agenti
1995 3561 2148 3617 Sauli

585 3648 798 3715 Numen
828 3674 1091 3728 responsa
1122 3675 1227 3713 non
1252 3660 1365 3714 dat.
1404 3656 1549 3725 Quid
1588 3672 1718 3713 vero
1754 3656 1938 3711 divino
1974 3655 2144 3710 desti-

582 3760 738 3807 tutus
769 3751 970 3806 auxilio
990 3750 1216 3821 posthac
1243 3748 1620 3814 machinatur?
1638 3748 1754 3804 Non
1778 3749 1955 3820 placat
1979 3746 2145 3803 Deum

584 3844 841 3915 precibus
879 3843 1091 3899 iteratis
1127 3842 1460 3914 assiduoque
1506 3842 1672 3897 animi
1725 3843 1911 3906 cultu,
1953 3842 1977 3873 ⁸
2012 3841 2144 3912 quin

582 3934 879 3991 contrariis
914 3949 979 3990 ac
1021 3934 1390 4006 pugnantibus
1436 3934 1635 3990 studiis
1679 3935 1929 3989 resiliens
1973 3934 2145 4005 magis

576 4043 647 4083 ac
678 4028 851 4097 magis
868 4026 991 4097 jura
1028 4028 1214 4082 violat.
1247 4026 1437 4083 Pueris
1464 4027 1579 4082 suis
1618 4026 1846 4096 imperat
1875 4024 2143 4079 mulierem

574 4119 1053 4192 cngastrimythum
1080 4135 1331 4190 qumrere,
1365 4127 1422 4173 ut
1457 4117 1525 4172 ad
1558 4134 1675 4172 eam
1708 4116 1955 4171 accedens
1984 4115 2146 4170 veluti

573 4227 647 4267 ex
668 4211 883 4266 oraculo
910 4211 1291 4265 sciscitaretur.
1322 4208 1367 4263 Λ
1390 4207 1657 4263 ministris
1685 4215 1864 4260 autem
1890 4205 2142 4278 pessimis

574 4307 730 4363 illico
773 4304 1006 4362 fanatica
1054 4304 1304 4376 prodita,
1347 4300 1476 4357 Saul
1510 4308 1756 4372 prompte
1806 4298 1996 4356 habitu
2040 4314 2142 4355 suo

574 4404 831 4464 mutato,
888 4390 1221 4467 indutusque
1276 4395 1400 4450 aliis
1455 4392 1839 4458 vestimentis,
1895 4390 2144 4451 velocia:

2253 3203 2391 3273 μετὰ
2417 3202 2473 3256 δὲ
2514 3205 2670 3258 τοῦτό
2711 3219 2892 3275 φησιν,
2921 3202 3115 3271 ἠρώτα
3138 3203 3236 3258 διὰ
3267 3203 3370 3258 τοῦ
3397 3204 3643 3272 Κυρίου,
3676 3204 3813 3274 γνῶ-

2249 3311 2336 3347 ναι
2363 3294 2561 3366 δηλαδὴ
2585 3294 2649 3349 τά
2679 3294 2922 3367 πρακτέα
2949 3293 3280 3365 γλιχόμενος·
3315 3298 3347 3349 o'
3368 3294 3435 3348 δὲ
3461 3295 3681 3362 Κύριος
3708 3296 3820 3349 οὐκ

2247 3387 2604 3455 ἁπεκρίνατο
2630 3386 2695 3440 τὸ
2733 3386 3015 3455 παράπαν
3054 3372 3213 3454 αὐτῷ
3242 3386 3328 3442 διὰ
3354 3386 3452 3451 τὰς
3480 3387 3579 3458 τῆς
3607 3385 3820 3450 ἀδικίας

2248 3476 2583 3551 ὑπερϐολάς,
2632 3478 2766 3533 οὔτε
2810 3478 2881 3532 ἐν
2910 3478 3243 3545 ἐνυπνίοις,
3293 3480 3432 3533 οὔτε
3475 3480 3546 3534 ἐν
3581 3478 3821 3547 Bitiam.

2247 3570 2390 3623 οὔτε
2418 3569 2488 3623 ἐν
2531 3567 2656 3636 τοῖς
2692 3569 3045 3639 προφήταις.
3100 3568 3260 3623 Ἀλλὰ
3296 3569 3402 3642 μὴν
3430 3569 3628 3641 ἐκείνῳ
3667 3585 3737 3639 γε
3763 3571 3823 3626 τ)

2246 3660 2396 3715 Θεῖον
2436 3661 2534 3715 οὐκ
2573 3660 2934 3734 ἐχρημάτιζεν
2965 3661 3213 3733 οὐδαμῶς
3259 3661 3488 3732 ἀθέμιτα
3533 3661 3821 3735 δράσαντι.

2246 3752 2389 3807 Τίδέ
2435 3752 2572 3825 μετὰ
2600 3753 2769 3807 ταῦτα
2813 3753 3039 3826 πράττει
3066 3754 3164 3825 τῆς
3197 3753 3454 3808 ἀνωτάτω
3483 3755 3822 3827 γυμνασθεὶς

2246 3844 2321 3915 (2)
2357 3845 2705 3916 ἐπικουρίας;
2747 3845 2867 3898 ἀντὶ
2910 3843 3005 3898 τοῦ
3056 3844 3253 3917 μᾶλλον
3297 3845 3687 3912 ἐξιλειῖκῐασθαι
3724 3864 3821 3900 συ-

2245 3936 2471 4009 χνοτέρᾳ
2519 3936 2700 4009 δεήσει
2745 3937 2838 3990 καὶ
2893 3939 3134 4010 καρτερᾷ
3176 3937 3561 4012 ψυχολατρείᾳ,
3588 3940 3823 3995 τούναν-

2243 4027 2354 4081 τίον
2382 4027 2741 4101 ἀποπηδήσας
2776 4027 2929 4096 αὖξει
2966 4028 3065 4101 μὲν
3096 4029 3164 4082 τὰ
3205 4030 3307 4101 τῆς
3330 4030 3671 4096 άποστασίας
3698 4032 3826 4085 ἐπι·-

2240 4121 2570 4193 τηδεύματα.
2615 4121 2737 4186 Τοῖς
2781 4120 2838 4174 δὲ
2890 4119 3074 4174 παισὶν
3122 4121 3285 4174 αὑτοῦ
3332 4122 3664 4193 προσέταττε
3712 4141 3825 4193 τυ-

2242 4212 2417 4267 ναῖκα
2442 4211 2722 4280 ζητήσειν⁴
2742 4212 3232 4284 ἐγγαστρίμυθον,
3250 4214 3351 4267 ἵνα
3369 4214 3644 4284 ἀφίκοιτο
3666 4215 3828 4283 πρές

2240 4307 2432 4374 αὐτὴν
2484 4307 2855 4375 πευσόμενος
2902 4307 2983 4375 ὡς
3029 4308 3100 4362 ἐν
3141 4307 3417 4377 μαντείῳ.
3470 4306 3595 4361 Τῶν
3645 4306 3706 4361 δὲ
3750 4307 3826 4380 δὴ

2241 4398 2525 4469 χειρίστων
2560 4397 2847 4471 ὑπηρετῶν
2875 4398 3070 4453 αὐτίκα
3113 4399 3177 4471 δὴ
3218 4398 3360 4471 μάλα
3390 4399 3826 4471 καταμηνυσάνο

571 4492 821 4548 exercitu
849 4490 1077 4546 dimisso
1102 4486 1421 4561 pervolavit.
1458 4485 1561 4542 Ubi
1591 4484 1660 4539 ad
1699 4484 1871 4556 ipsam
1905 4484 2138 4540 accessit

2249 4507 2368 4552 των,
2403 4489 2500 4562 τὴν
2533 4489 2862 4563 ἔμπληκτον,
2884 4493 2913 4546 ὁ
2950 4491 3046 4563 μὲν
3080 4491 3251 4546 Σαοὺλ
3278 4490 3509 4562 ἀμελητὶ
3539 4507 3827 4563 μετασχη-

571 4599 701 4640 cum
736 4583 951 4639 duobus
978 4582 1108 4635 viris
1139 4589 1330 4641 nocte,
1363 4586 1493 4631 tunc
1542 4576 1772 4647 supplex
1823 4576 1970 4631 illam
2007 4576 2143 4632 allo-

2249 4581 2474 4653 ματίσας
2505 4582 2717 4647 ἑαυτὸν,
2753 4583 2849 4637 καὶ
2888 4583 2957 4637 τά
3000 4585 3099 4656 τῆς
3142 4583 3366 4654 ἐσθῆτος
3395 4583 3637 4654 ἀμείψας
3665 4581 3831 4637 sva-.3-

575 4676 877 4747 quebatur:
914 4673 1211 4728 Vaticinare
1237 4669 1383 4734 mihi,
1400 4669 1608 4733 dicens,
1630 4670 1683 4723 in
1704 4669 2138 4740 engaslrimytho,

2249 4692 2408 4747 ματα,
2435 4674 2688 4747 δρομαῖος
2716 4673 2910 4746 ᾤχετο,
2941 4676 3040 4749 τὴν
3075 4675 3330 4748 στρατιάν
3358 4673 3618 4729 ἐκλιπών·
3650 4674 3726 4738 ὡς
3755 4673 3827 4728 δι

568 4779 627 4823 et
657 4767 743 4837 {ac
764 4765 894 4820 mihi
917 4763 1194 4819 ascendere
1213 4775 1363 4831 quem
1387 4758 1571 4816 dixero
1591 4758 1706 4814 tibi.
1739 4758 1909 4832 Igitur
1937 4761 1983 4816 si
2009 4757 2140 4816 Saul

2249 4766 2489 4835 ἀφίκοιτο
2537 4766 2674 4840 πρὸς
2721 4765 2890 4837 αὐτὴν
2936 4767 3053 4839 ἅμα
3099 4767 3250 4821 δυσὶν
3299 4766 3524 4840 ἀνδράσι
3572 4765 3825 4836 νύκτωρ,

571 4876 674 4932 per
699 4858 1188 4932 engastrimythum
1218 4864 1279 4911 ut
1315 4852 1421 4910 sibi
1468 4853 1806 4910 divinaretur
1832 4854 2097 4909 exorabat
2119 4895 2139 4922 ,

2249 4859 2477 4927 ἀξιώσας
2516 4859 2654 4932 αὐτῇ
2704 4860 3066 4933 προσεφέρετο
3099 4858 3430 4931 τηνικαῦτα,
3465 4858 3831 4913 Μάντευσαι

569 4966 734 5009 veras
766 4949 1037 5021 quispiam
1075 4946 1246 5005 fuisse
1285 4946 1405 5017 ejus
1433 4959 1594 5001 voces
1631 4944 2004 5001 asseverabit?
2034 4945 2138 5002 Ve-

2249 4950 2316 5019 δή
2348 4969 2483 5022 μοι,
2532 4950 2742 5021 λέγων,
2787 4950 2858 5004 ἐν
2904 4950 2984 5017 τῷ
3031 4951 3501 5022 ἐγηηαστριμύθςω
3551 4946 3832 5018 ἀνάταγέ

570 5056 694 5099 rum
742 5041 868 5114 quis
920 5041 1072 5096 illum
1110 5040 1164 5094 in
1209 5040 1520 5111 deploratas
1554 5052 1881 5093 conversum
1925 5038 2135 5093 divina-

2249 5060 2368 5111 μοι.
2415 5043 2606 5114 φησὶν,
2642 5041 2716 5097 ὃν
2762 5042 2841 5097 ἂν
2891 5042 3036 5097 εἴπω
3079 5058 3199 5097 σοι.
3248 5041 3553 5113 Τοιγαροῦν
3596 5040 3756 5109 εἴπερ
3795 5038 3834 5092 6

565 5136 751 5193 tiones
777 5143 833 5192 et
860 5136 1159 5191 diabolicae
1190 5134 1495 5190 fabularum
1524 5132 1875 5204 operationes
1907 5131 2130 5187 immani

2249 5134 2410 5190 Σαοὺλ
2438 5134 2606 5189 ἐδεῖτο
2644 5135 2733 5190 διά
2762 5135 2861 5208 τῆς
2897 5133 3334 5207 ἐγγαστριμύθου
3369 5129 3782 5207 μαντεύσασθαι
3809 5170 3833 5194 .

567 5226 758 5284 lurore
788 5242 819 5282 a
852 5228 1096 5284 daemone
1140 5234 1397 5281 vexatum
1443 5224 1612 5281 fuisse
1663 5221 1910 5295 ignorat?
1942 5220 2134 5278 Nonne

2249 5225 2372 5297 φαίη
2408 5242 2494 5289 τις
2524 5224 2590 5279 ἂν
2631 5224 2849 5296 ἀληθεῖς
2877 5220 3017 5279 εἶναι
3044 5223 3142 5289 τὰς
3171 5223 3382 5278 ἐκείνου
3415 5223 3625 5293 φωνάς;
3662 5214 3837 5272 Ἀλλ’

2240 5318 2357 5372 ἐστι.
2382 5335 2463 5382 τις
2490 5311 2699 5386 ἀγνοῶν
2725 5317 2802 5382 ὡς
2828 5319 3035 5381 ἐκεῖνος
3061 5315 3167 5370 ὑπὸ
3200 5316 3294 5370 τοῦ
3322 5316 3570 5388 δαίμονος
3592 5309 3841 5383 ἀγρίοις

568 5316 739 5386 Deus,
768 5319 862 5391 qui
904 5320 959 5375 in
983 5336 1046 5375 os
1070 5318 1310 5373 Balaatni
1344 5332 1626 5374 sermones
1652 5314 1913 5386 imposuit
1935 5353 1951 5379 ,
1985 5313 2135 5388 Moy-

2243 5409 2493 5463 ἐλαύνετο
2517 5408 2707 5480 θυμοῖς
2743 5410 2824 5474 είς
2860 5407 3193 5481 ἀνηκέστους
3220 5404 3515 5480 ἐκτραπεὶς
3550 5401 3841 5478 μαντείας

565 5410 727 5483 sique
748 5422 810 5467 ut
836 5426 1096 5483 expresse
1128 5412 1182 5465 in
1224 5408 1476 5467 Numeris
1511 5409 1779 5465 scriberet
1809 5409 2096 5480 imperavit
2116 5449 2132 5474 ,

640 5593 664 5626 ‘
696 5591 727 5648 1
754 5593 880 5664 Reg.
920 5608 1114 5658 xxvm,
1153 5594 1207 5648 3.
1283 5591 1304 5623 ⁸
1331 5589 1461 5645 ibid.
1496 5590 1553 5647 ι.
1627 5586 1800 5648 ‘ibid.
1838 5589 1893 5648 6.
1968 5588 1991 5623 ⁸
2017 5586 2147 5644 ibid.
2180 5588 2229 5643 'l.

639 5764 1210 5847 (ιγεμφοχσύοντας,
1263 5770 1717 5843 Ἐμφωλεύοντας.
2320 5767 2398 5843 (2)
2424 5767 2820 5839 Γυμνασθσίς.
2850 5768 3178 5842 Γυμνωθιις.
