4080 6334
270 308 355 365 617
1121 310 1209 365 DE
1250 304 1837 364 ENGASTRIMYTIIO
1875 302 2155 360 CONTRA
2194 300 2571 360 ORIGENEM.
3360 301 3463 357 6ίὸ

266 433 341 486 καὶ
362 430 667 495 διαϐολικάς
700 432 880 503 μύθων
912 434 1217 505 ἐνεργείας;
1251 434 1316 486 Τί
1358 434 1503 504 γάρ;
1533 433 1635 485 οὐκ
1666 430 1807 498 eate-
1836 435 1877 493 Α

1852 435 1881 493 ι
1910 426 2012 482 fide
2034 427 2247 499 dignior
2276 427 2403 482 est?
2432 424 2555 479 Non
2589 428 2723 478 enim
2765 431 2842 478 est
2887 423 3163 491 auguratio
3184 422 3236 479 in
3262 419 3428 478 Iacob
3449 465 3463 489 ,

264 538 425 585 πιστος
461 521 659 592 μᾶλλόν
687 524 830 574 ἐστιν
858 524 885 574 6
905 520 1055 585 Θεὸς,
1083 523 1111 573 6
1134 523 1258 585 τοὺς
1286 521 1381 591 μὲν
1412 521 1597 587 λόγους
1630 520 1708 581 εἰς
1741 520 1801 572 τὸ

1908 537 2065 591 neque
2101 519 2355 574 divinatio
2400 521 2457 573 in
2510 517 2681 575 Israel
2713 516 2754 571 '.
2796 517 2982 586 Itaque
3039 517 3085 571 si
3130 517 3244 575 han:
3298 518 3464 573 veluti

265 611 413 676 στόμα
465 611 561 664 τοῦ
612 610 838 680 Βαλαὰμ
870 610 1147 683 ἐμϐαλὼν,
1191 610 1484 680 ἐπιτρέψας
1522 611 1578 664 δὲ
1618 611 1805 664 Μωσεί

1909 611 2243 667 exsecranda
2298 610 2725 680 detestandaque
2780 610 2986 664 scelera
3027 610 3466 683 odiosissimique

262 704 442 774 γράψαι
472 706 651 774 ῥητῶς
680 706 736 757 ἐν
764 708 874 768 τοῖς
922 705 1209 777 Ἀριθμοῖς⁸
1240 708 1321 759 Οὐ
1344 704 1455 773 γάρ
1480 706 1649 757 ἐστιν
1677 707 1802 756 olm-

1910 704 2175 758 idolorum
2200 704 2379 760 cultus
2408 704 2876 775 causzeprohibita
2906 710 3063 769 sunt,
3096 687 3367 774 quomodo
3400 706 3464 759 ad

260 798 454 866 νισμὸς
496 797 566 849 ἐν
607 796 822 862 Ἰακὼϐ,
866 797 1005 849 οὐδὲ
1039 800 1287 866 μαντεία
1328 797 1397 850 ἐν
1433 796 1706 864 Ἰσραήλ;
1743 797 1804 848 ΕΞ

1911 794 2192 850 ferendum
2243 796 2612 852 testimonium
2659 797 2707 852 is
2741 797 2835 867 qui
2870 796 3193 867 impiissime
3231 798 3339 854 illis
3390 801 3466 853 uti

259 888 418 941 τοίνυν
453 890 832 960 ἀπαγορευτέα
871 888 1045 941 τοιάδε
1084 890 1436 961 καθέστηκεν,
1471 884 1556 941 οἷα
1601 887 1664 958 δὴ
1693 886 1809 956 βδε-

1911 894 2140 943 conatus
2172 895 2289 953 est,
2328 888 2557 945 idoneus
2585 888 2732 943 erit?
2768 887 2872 943 Sed
2897 890 3010 944 hzec
3042 890 3204 961 paulo
3242 890 3470 951 inferius

262 980 490 1051 λύγματα
538 982 754 1053 μυσαρά
800 981 891 1035 καὶ
938 983 1033 1052 τῆς
1076 981 1327 1053 ἐχθίστης
1370 980 1810 1051 είδωλολατρείας

1912 979 2107 1034 iterum
2164 988 2383 1051 arrepto
2441 996 2693 1037 sermone
2742 981 3037 1051 perfectius
3088 985 3466 1043 tractabimus.

260 1074 409 1135 αἴτια,
433 1072 548 1136 πῶς
574 1073 639 1126 ἀν
664 1075 747 1144 εἴη
779 1074 1073 1144 φερέγγυος
1099 1077 1127 1127 6
1173 1075 1379 1144 μάρτυς
1413 1075 1441 1126 6
1478 1073 1686 1134 τούτοις
1713 1072 1807 1125 ἀν-

1478 1073 1686 1134 τούτοις
1713 1072 1807 1125 ἀν-
1911 1069 2093 1136 Quare
2126 1072 2193 1125 ad
2225 1072 2462 1127 historiae
2496 1075 2690 1129 seriem
2723 1084 3081 1133 revertamur.

257 1168 508 1223 οσιώτατα
553 1169 854 1241 χρήσασθαι
900 1169 1215 1241 πειραθείς;
1264 1168 1421 1222 Ἀλλά
1450 1167 1621 1221 ταῦτα
1676 1167 1772 1237 μέν
1805 1163 1985 1234 ὀλίγον
2035 1165 2255 1238 ὕστερον
2301 1168 2727 1233 ἐπαναλαϐόντες
2781 1172 3151 1245 ἐντελέστερον
3205 1174 3465 1247 ἐροῦμεν⁵

258 1266 518 1318 ἐπανιτέον
566 1265 621 1318 δέ
676 1266 835 1319 πάλιν
887 1266 965 1329 είς
1012 1266 1109 1337 τὴν
1152 1264 1243 1318 τοῦ
1290 1264 1609 1336 γράμματος
1636 1262 1891 1335 ἱστορίαν.

315 1358 400 1409 Ill.
441 1358 528 1421 Ὠς
554 1353 646 1411 οὖν
678 1360 712 1428 ἡ
741 1358 875 1428 γυνὴ
912 1357 1004 1410 τὸν
1034 1358 1272 1430 ἔκφρονα
1304 1358 1474 1411 Σαοὺλ
1516 1356 1802 1422 ἐθεάσατο,

1985 1352 2069 1408 ΙΙΙ.
2098 1353 2289 1410 Mulier
2321 1355 2484 1425 igitur
2515 1362 2782 1411 amentem
2811 1357 3027 1414 Saulem
3054 1360 3270 1427 intuita,
3299 1364 3469 1419 simn-

254 1448 579 1520 πλαττομένη
625 1450 697 1522 μὴ
744 1449 939 1503 εἰδέναι
987 1450 1077 1503 τὸν
1121 1449 1404 1521 δυνάστην,
1440 1450 1809 1522 ἀνθυπέςρερεν

1914 1443 2033 1496 lans
2078 1460 2137 1499 se
2183 1444 2402 1499 minitne
2441 1445 2739 1514 principem
2790 1461 3152 1517 cognoscere,
3191 1456 3471 1522 respondit

252 1540 318 1605 ὡς
335 1542 492 1606 αὐτὸς
513 1542 732 1613 ἄμεινον
753 1543 818 1597 ἂν
841 1544 923 1613 εἴη
946 1542 1245 1611 γινώσκων,
1275 1544 1373 1595 ὅσα
1396 1543 1679 1612 πεποιήκει
1700 1544 1811 1605 τοῖς

1915 1534 2065 1589 illum
2107 1534 2297 1591 u'elius
2356 1535 2526 1591 scisse
2580 1553 2700 1607 quae
2751 1538 3015 1597 adversus
3068 1543 3255 1597 talium
3289 1562 3466 1604 rerum

254 1636 367 1702 περὶ
398 1633 569 1686 ταῦτα
609 1634 796 1697 δεινοῖς
824 1636 851 1687 6
888 1634 1078 1697 Σαοὺλ,
1111 1635 1191 1700 ὡς
1229 1634 1633 1701 ἐξωλόθρευσε
1665 1634 1804 1699 τοὺς

1915 1627 2116 1694 peritos
2143 1625 2269 1679 Saul
2298 1634 2603 1695 [intraverat
2643 1647 2656 1694 ;
2689 1630 2946 1698 quomodo
2983 1636 3346 1691 exterminavit
3378 1654 3471 1693 en-

254 1727 759 1796 ὲγγτιστριμύθους,
789 1728 913 1799 ἔφη,
942 1727 1037 1781 καὶ
1078 1727 1217 1794 τοὺς
1255 1728 1669 1797 ἑκφωνοῦντας
1693 1728 1809 1782 ἀπὸ
1842 1749 1865 1807 ι

1857 1750 1884 1806 Β
1910 1717 2280 1787 gastrimyt/tos
2308 1728 2354 1772 et
2380 1720 2773 1788 manifestantes
2794 1723 2856 1777 de
2880 1734 3040 1778 terra.
3072 1725 3197 1781 Ideo
3224 1728 3468 1794 laqueum

255 1818 350 1884 τῆς
382 1818 513 1889 γῆς·
547 1818 723 1873 ἕνεκα
774 1819 843 1872 δὲ
890 1822 1102 1875 τούτου
1151 1820 1621 1889 παγιδεύσασθαι
1659 1820 1809 1889 πρὸς

1911 1811 2029 1863 vita:
2058 1810 2201 1863 illius
2226 1810 2741 1879 intenderedicebat,
2773 1826 2827 1868 ut
2855 1817 3169 1874 occideret‘.
3204 1818 3307 1875 Ubi
3342 1838 3469 1879 vero

252 1911 424 1966 αὑτοῦ
489 1912 568 1981 (3)
625 1911 739 1979 τὴν
798 1912 1010 1981 ψυχὴν
1068 1913 1337 1982 ἔφασκεν
1389 1917 1475 1980 εὶς
1531 1915 1805 1969 θάνατον.

1912 1901 2041 1956 Saul
2081 1902 2439 1972 jurejurando
2492 1905 2650 1962 fidem
2679 1908 2953 1979 alligasset
3008 1927 3198 1977 suam,
3259 1916 3466 1973 nullum

264 2003 469 2073 Ἐπιδὴ
497 2005 555 2056 δὲ
589 2005 996 2075 πιστωσάμενος
1023 2006 1169 2076 ὅρκῳ
1198 2006 1611 2059 διεϐεϐαιώσατο
1647 2006 1809 2077 μηδὲν

1911 1994 2082 2065 ipsam
2117 1996 2420 2052 subituram
2464 1999 2703 2065 malum;
2744 2002 2939 2057 mulier
2971 2003 3197 2060 firmatis
3224 2009 3467 2078 nequitia

252 2097 409 2165 αὐτὴν
462 2095 761 2164 ὑποστῆναι
814 2096 1031 2161 σκαιὸν,
1082 2096 1235 2161 αὖθις
1286 2098 1682 2169 ἐπιρῤωσθείσα
1743 2102 1807 2172 τῇ

1910 2088 2117 2143 viribus
2144 2089 2369 2145 liberius
2395 2090 2579 2161 utique
2603 2092 2778 2147 reddit
2810 2110 3103 2165 responsa:
3140 2098 3325 2164 Quem,
3364 2102 3466 2166 ait,

254 2186 428 2257 κακία,
464 2187 926 2258 παρῤησιέστερον
970 2187 1319 2259 ἀποκρίνεται
1361 2186 1621 2258 δήπουθεν
1653 2190 1685 2259 ἡ
1712 2207 1809 2258 γυ-

1907 2181 2126 2235 evocabo
2153 2182 2315 2236 tibi'?
2350 2182 2480 2249 Qua:
2508 2186 2790 2255 qualisque
2814 2196 2931 2242 erat
2955 2188 3066 2244 baac
3091 2190 3247 2247 furiis
3268 2193 3469 2264 agitata

253 2280 337 2348 νή·
371 2280 529 2340 Τίνα,
568 2278 751 2348 φησιν,
797 2277 993 2348 ἀγάγω
1025 2295 1155 2341 σοι;
1196 2278 1418 2350 Ποταπὴ
1452 2282 1545 2333 καὶ
1590 2280 1809 2351 ὀποίαή

1910 2286 2077 2336 anus,
2114 2284 2171 2326 ut
2203 2271 2507 2329 Samuelem
2540 2291 2569 2330 a
2598 2276 2826 2331 mortuis
2866 2287 3207 2337 evocaturam
3242 2285 3438 2351 promit

253 2371 590 2441 κακοδαίμων
634 2370 923 2440 ἐτύγχανεν
969 2370 1104 2441 αὕτη
1137 2372 1336 2442 γραῦς,
1384 2372 1469 2425 ἵνα
1512 2372 1809 2443 ὑπόσχηται

1910 2367 2083 2421 teret?
2114 2365 2176 2419 Et
2207 2382 2360 2433 sane,
2384 2367 2664 2438 dignitatis
2689 2369 2993 2440 insignibus
3022 2374 3264 2441 omissis,
3296 2375 3470 2433 fatenv

250 2464 333 2516 τὸν
362 2462 614 2534 Σαμουὴλ
644 2465 706 2516 ἐκ
732 2464 938 2535 νεκρῶν
971 2462 1193 2529 ἀνάξαι;
1226 2466 1335 2518 Καὶ
1372 2465 1475 2535 μὴν
1500 2465 1611 2534 εἴγε
1643 2465 1723 2517 δεῖ
1752 2466 1811 2518 τὸ

1910 2458 2038 2512 dum
2090 2466 2175 2515 est
2212 2475 2329 2515 eam
2372 2477 2480 2516 non
2512 2463 2756 2531 potuisse
2805 2464 3176 2533 propheticam
3230 2469 3465 2524 animam

251 2556 344 2625 τῆς
385 2556 533 2623 ἀξίας
578 2555 974 2627 ὑπερθεμένους
1006 2558 1197 2621 εἰπεῖν,
1228 2557 1325 2627 οὐχ
1369 2558 1514 2621 ὅπως
1554 2557 1651 2610 οὐκ
1683 2556 1809 2627 ἡδύ-

1909 2564 2159 2615 evocare,
2188 2552 2284 2606 sed
2313 2568 2415 2607 nec
2437 2554 2823 2609 alteriusillius
2852 2555 3211 2621 omnino,nec
3228 2557 3469 2618 formica!

251 2666 368 2701 νατο
396 2649 737 2719 προφητικὴν
765 2646 955 2711 ἁνάξαι
979 2648 1175 2719 ψυχὴν,
1202 2648 1314 2702 ἀλλ’
1350 2649 1468 2702 οὐδὲ
1501 2650 1607 2701 τῶν
1628 2651 1811 2702 ἐπιτυ-

1911 2641 2147 2711 quidem,
2182 2658 2282 2698 nec
2304 2644 2519 2713 pulicis.
2546 2642 2755 2714 Quippe
2785 2644 2840 2698 in
2866 2652 3132 2714 potestate
3165 2647 3466 2713 daemonum

252 2739 439 2809 χόντων
467 2740 678 2801 οὐδενὸς
702 2741 946 2805 οὐδόλως,
991 2739 1103 2793 ἀλλ’
1142 2740 1260 2794 οὐδὲ
1295 2740 1579 2812 μύρμηκος
1615 2740 1647 2811 ἢ
1677 2741 1810 2811 ψύλ-

1911 2746 2020 2786 non
2053 2740 2180 2786 sunt
2210 2733 2323 2788 sive
2356 2734 2583 2804 Spiritus
2626 2735 2739 2790 sive
2788 2737 3016 2803 animae,
3060 2740 3156 2795 sed
3204 2741 3258 2801 in
3298 2744 3469 2799 solius

251 2832 354 2901 λης·
390 2833 450 2885 οὐ
481 2832 591 2903 γὰρ
620 2834 667 2884 οί
704 2832 955 2903 δαίμονες
987 2832 1233 2899 ἐξουσίαν
1275 2831 1455 2903 ἔχουσι
1489 2836 1810 2904 πνευμάτων

1912 2823 2007 2879 Dei
2048 2841 2243 2892 manu,
2284 2826 2375 2897 qui
2412 2828 2654 2881 omnium
2700 2838 2881 2884 rector
2926 2834 3178 2889 omnibus
3216 2837 3466 2905 imperat.

251 2944 302 2979 τε
332 2926 426 2979 καὶ
466 2926 673 2998 ψυχῶν,
723 2927 835 2980 ἀλλ’
868 2930 895 2981 6
934 2928 1149 2981 πάντων
1188 2926 1321 2997 ὁμοῦ
1362 2926 1632 2991 δεσπόζων
1659 2928 1806 2993 Θεός’

1913 2914 2091 2982 Quare
2120 2918 2187 2974 ab
2227 2918 2416 2974 inferis
2455 2921 2664 2976 animas
2707 2924 2995 2977 revocandi
3049 2926 3470 2999 accersenditu

249 3018 382 3073 ὥστε
428 3023 495 3090 τῇ
545 3021 664 3091 θείᾳ
694 3021 871 3074 δοτέον
901 3020 1054 3089 φύσει
1099 3020 1230 3091 μόνῃ
1272 3020 1329 3087 ἐξ
1374 3021 1498 3092 ᾇδου
1538 3023 1812 3092 μεταπέμ-

1915 3007 2144 3063 facultas
2169 3010 2269 3064 soli
2305 3009 2503 3065 divinae
2528 3019 2735 3065 natura:
2771 3013 3055 3069 tribuenda
3088 3024 3192 3072 est.
3242 3016 3348 3071 Sed
3382 3020 3467 3073 in-

251 3114 441 3167 πεσθαι
475 3115 567 3167 καὶ
602 3113 761 3167 πάλιν
794 3112 1175 3167 ἀνακαλεῖσθαι
1207 3112 1400 3182 ψυχάς.
1447 3113 1584 3169 Ἀλλ’
1616 3114 1643 3166 6
1675 3131 1807 3183 κομ-
1836 3096 1862 3153 ί

1854 3096 2155 3156 Idustrius
2211 3115 2342 3156 sane
2400 3101 2658 3173 Origenes
2724 3104 3042 3160 idololatriae
3103 3107 3465 3167 instrumenta

250 3204 341 3271 ψδς
378 3206 673 3275 Ὠριγένης,
707 3205 1140 3276 εἰδωλολατρείας
1160 3205 1363 3276 δργανα
1394 3205 1485 3257 καὶ
1516 3222 1808 3276 νεκυομαν-

1910 3193 2421 3264 vaticiniorumque,
2442 3210 2628 3249 eorum
2654 3197 2923 3267 praecipue
2948 3214 3066 3268 qua:
3084 3198 3218 3253 fiunt
3239 3203 3468 3261 mortuis

247 3297 387 3359 τείας
412 3298 692 3370 εὑρήματα
723 3296 800 3367 τῷ
824 3298 922 3365 τῆς
964 3298 1287 3367 Ἐκκλησίας
1319 3296 1485 3350 θέλων
1513 3300 1806 3369 ἐπισκυλῆ-

1909 3285 2180 3350 evocatis,
2215 3295 2362 3341 artes
2393 3287 2447 3340 in
2480 3288 2913 3344 ecclesiasticum
2944 3290 3169 3344 chorum
3207 3307 3331 3346 cum
3370 3294 3468 3348 ha-

253 3402 334 3438 σαι
375 3388 476 3456 (5‘)
505 3387 671 3457 χορῷ,
720 3388 813 3440 τοῦ
844 3388 983 3441 θείου
1020 3386 1412 3456 καταψεύδεται
1461 3388 1802 3459 γράμματος.

1909 3376 2062 3429 heret
2124 3377 2175 3430 in
2223 3378 2404 3432 animo
2447 3380 2774 3445 obtrudere,
2839 3382 2895 3435 in
2942 3397 3150 3437 sacram
3209 3385 3469 3443 mentitur

249 3478 418 3549 Αὐτῆς
454 3481 642 3549 γάρτοι
684 3481 781 3551 τῆς
820 3480 1037 3551 Γραφῆς
1082 3479 1381 3549 ἀναφανδὸν
1422 3479 1698 3550 ἐκῦοὼσης
1734 3481 1808 3543 ὼς

1912 3465 2271 3538 Scripturam.
2313 3470 2520 3541 Quippe
2547 3470 2825 3543 Scriptura
2855 3488 3037 3544 aperte
3070 3476 3355 3549 palamque
3383 3479 3468 3534 di-

248 3564 389 3622 εἷπεν
423 3572 456 3640 ἡ
503 3572 671 3641 γυνή’
721 3571 858 3625 Τίνα
909 3570 1105 3641 ἀγάγω
1150 3587 1283 3633 σου
1328 3571 1631 3624 τούναντίον
1664 3572 1808 3624 ἀντι-

1909 3569 2069 3615 cente
2136 3562 2418 3618 mulierem
2487 3564 2690 3619 dixisse
2754 3584 2766 3620 :
2827 3566 2991 3632 Quem
3055 3570 3276 3626 evocabo
3334 3572 3470 3627 tibi.’

248 3662 480 3731 στρέψας
521 3656 702 3725 οὗτος,
737 3664 794 3716 τὸ
841 3663 1126 3734 πρόσωπον
1170 3663 1270 3734 ἔφη
1316 3664 1485 3718 ταῦτα
1534 3664 1808 3735 εἰρηκέναι

1910 3652 2199 3707 consilium
2227 3651 2518 3723 Scriptura?
2550 3655 2602 3708 in
2624 3658 2951 3711 contrariam
2984 3666 3190 3729 partem
3216 3660 3464 3728 efferens,

242 3750 336 3802 τοῦ
379 3752 534 3819 ἁγίου
570 3753 901 3823 Πνεύματος.
946 3748 1077 3806 Εἶτα
1116 3753 1363 3806 τοσοῦτον
1393 3754 1661 3825 ἐξετράπη
1708 3771 1809 3806 πα-

1910 3756 2199 3811 personam
2226 3742 2299 3796 ait
2325 3744 2436 3799 haec
2465 3744 2669 3801 dixisse
2699 3744 2934 3817 Spiritus
2969 3751 3164 3804 sancti.
3202 3750 3469 3826 Deinceps

245 3843 518 3911 ρασυρεὶς,
566 3841 704 3894 ὥστε
749 3843 851 3896 οὐκ
896 3840 1123 3913 ἐρυθριᾷ
1166 3842 1243 3912 τῷ
1292 3843 1428 3915 ἁγίῳ
1476 3842 1807 3913 περιτιθέναι

1912 3832 2108 3901 raptim
2130 3848 2301 3902 usque
2325 3850 2389 3888 eo
2422 3848 2452 3887 a
2484 3835 2714 3890 veritate
2746 3836 2959 3892 deﬂexit
2990 3846 3049 3892 ut
3072 3838 3319 3896 fanatica:
3348 3858 3468 3898 mu-

244 3927 519 4001 Πνεύματι
549 3932 618 3985 τὰ
650 3933 749 4002 τῆς
778 3933 1068 4004 ὲπιλήπτου
1105 3934 1349 4005 ῥήματαο
1381 3934 1604 3987 τοιαῦτα
1631 3934 1688 3989 δὲ
1717 3951 1809 4001 γυ-

1911 3923 2061 3979 lieris
2092 3925 2251 3981 verba
2280 3925 2502 3995 Spiritui
2527 3937 2716 3986 sancto
2744 3944 2850 3983 non
2877 3938 3121 3985 vereatur
3146 3932 3465 4005 impingere.

245 4024 483 4096 μνοτέρᾳ
525 4029 590 4096 τῇ
635 4024 845 4097 γλώττῃ
878 4024 1228 4097 βλασφημῶν,
1276 4028 1356 4090 είς
1391 4026 1451 4080 τὸ
1494 4025 1717 4097 Πνεῦμα
1750 4027 1810 4079 τὸ

1910 4014 2036 4075 Haec
2061 4032 2182 4073 cum
2211 4015 2587 4075 disertissimis
2614 4020 2793 4075 verbis
2828 4020 2992 4093 impie
3022 4021 3228 4079 eil‘utiat
3248 4066 3262 4091 ,
3292 4031 3464 4080 totum

242 4121 396 4188 ἅγιον
441 4117 699 4188 ἀναφέρει
741 4116 802 4168 τὸ
849 4117 978 4179 πᾶν,
1014 4115 1305 4187 ἀξιοπίστῳ
1344 4118 1467 4181 τοὺς
1513 4118 1811 4187 αὐτηκόους

1909 4109 2075 4165 refert
2124 4109 2178 4163 in
2225 4106 2484 4179 Spiritum
2515 4122 2763 4167 sanctum
2798 4114 3094 4180 auditores,
3125 4118 3339 4172 nomine
3363 4116 3465 4173 ﬁde

240 4213 464 4283 ὀνόματι
491 4210 802 4265 καταιδέσαι
835 4208 1186 4279 πειρώμενος.
1226 4210 1425 4281 Ἥρετο
1456 4209 1553 4279 μὲν
1591 4205 1701 4273 οὖν,
1736 4210 1812 4272 ὡς

1911 4200 2076 4271 digno
2104 4201 2431 4269 persuadere
2459 4212 2705 4259 conatus.
2734 4203 2993 4269 Quaesivit
3018 4206 3199 4277 itaque
3220 4247 3234 4272 ,
3270 4217 3327 4262 ut
3353 4208 3462 4277 jam

239 4303 401 4374 ἔφην,
427 4304 648 4374 ὴγυνὴ,
681 4303 773 4355 καὶ
798 4301 1045 4371 καθάπερ
1071 4300 1314 4365 ἐξουσίαν
1353 4300 1547 4371 ἔχουσα
1580 4300 1672 4353 τοῦ
1712 4319 1808 4371 με-

1910 4290 2043 4354 dixi,
2075 4291 2289 4356 mulier,
2321 4298 2374 4346 et
2403 4293 2560 4362 quasi
2593 4299 2837 4349 mortuos
2867 4297 3125 4349 evocandi
3153 4295 3461 4355 facultatem

236 4396 627 4467 ’διαπέμπεσθαι
676 4398 799 4459 τοὺς
847 4396 1099 4468 νεκροὺς,
1161 4396 1332 4461 Τίνα,
1374 4396 1569 4466 φησὶν,
1610 4392 1847 4500 ἀνάγει)1

1857 4446 1882 4500 )
1912 4382 2165 4447 haberet,
2191 4384 2388 4451 Quem,
2423 4385 2529 4449 ait,
2564 4384 2784 4439 evocabo
2825 4386 2955 4443 tibi?
2982 4385 3182 4441 Verum
3220 4388 3311 4465 qui
3342 4403 3468 4443 ora-

1913 4477 2026 4500 ,,,.,
2086 4478 2397 4500 ,,-,,,.,.,,.
2576 4476 2789 4500 αμα.
2833 4479 3147 4500 -_.__--_-._-_
3210 4490 3420 4500 _-.-_-_

236 4504 371 4553 σου
408 4489 501 4542 τοῦ
549 4488 604 4543 δὲ
654 4489 1047 4559 μαντευομένου
1090 4489 1356 4558 φήσαντος
1389 4486 1684 4557 ἀναχθῆναι
1716 4486 1804 4539 τὸν
1840 4476 1847 4500 ¹

1852 4476 1882 4500 υ
1909 4477 2029 4531 cula
2082 4478 2433 4541 consulebat,
2472 4487 2529 4530 ut
2576 4476 2790 4531 Samuel
2827 4479 3168 4544 educeretur,
3210 4490 3463 4550 petente,

238 4580 516 4651 Σαμουὴλ,
567 4577 722 4644 αὖθις
764 4582 1030 4651 ἐπιφέρειο
1080 4581 1185 4635 Καὶ
1220 4575 1379 4632 εἶδεν
1421 4580 1459 4646 ἡ
1504 4578 1656 4649 γυνὴ
1702 4576 1809 4631 τὸν

1907 4567 2127 4624 subdit:
2164 4567 2230 4620 Et
2261 4567 2388 4621 vidit
2416 4569 2603 4621 mulier
2624 4567 2952 4633 Samuelem;
2992 4578 3046 4629 et
3082 4572 3292 4627 sublata
3334 4588 3466 4631 voce

232 4673 543 4741 Σαμουὴλ,
574 4672 697 4743 ἔφη,
733 4674 825 4725 καὶ
861 4673 1049 4743 ἐϐόησε
1092 4674 1247 4742 φωνῇ
1278 4670 1507 4743 μεγάλῃ,
1551 4672 1643 4723 καὶ
1688 4665 1807 4722 εἷπε

1908 4658 2180 4721 clamavit,
2201 4658 2443 4727 dixitque
2470 4660 2702 4728 principi
2738 4677 2750 4713 :
2782 4660 2892 4715 Cur
2918 4661 3153 4731 fefellisti
3183 4679 3261 4717 me
3281 4663 3306 4715 ?
3336 4672 3385 4717 et
3410 4672 3464 4715 tu

230 4763 311 4834 τῷ
361 4765 621 4838 δυνάστῃο
670 4765 828 4818 Διατί
882 4765 1253 4833 παρελογίσω
1310 4780 1385 4832 με
1403 4779 1421 4827 ;
1475 4762 1569 4816 καὶ
1621 4761 1702 4815 σὺ
1755 4756 1815 4814 εἴ

1907 4766 1961 4804 es
1994 4749 2147 4804 Saul.
2175 4749 2469 4819 Postquam
2510 4766 2603 4804 rex
2625 4752 2853 4807 dixisset
2913 4773 2925 4809 :
2987 4751 3068 4809 Ne
3115 4756 3300 4809 timeas
3326 4794 3340 4821 ,
3390 4762 3464 4819 et,

232 4856 463 4907 Σαούλ.
509 4855 595 4917 Ὦς
626 4855 681 4908 δὲ
706 4855 734 4907 6
762 4854 1011 4924 βασιλεὺς
1038 4854 1234 4925 ἔφησεν
1265 4854 1422 4926 αὐτῇ,
1461 4852 1558 4921 Μὴ
1598 4850 1806 4920 φοϐοῦ,

1910 4839 2050 4905 Quid
2080 4839 2301 4909 vidisti?
2343 4856 2559 4897 rursum
2592 4842 2883 4911 pythonem
2921 4843 3124 4898 habens
3158 4845 3354 4901 mulier
3383 4845 3467 4899 in-

230 4947 325 4998 καὶ
354 4946 446 5009 τὸ,
485 4945 552 4999 Τί
582 4946 872 5015 sapam,-
906 4947 1112 5014 ἐπάγει*
1141 4944 1295 5008 αὖθις
1332 4941 1804 5011 ἀνθυπενεγκοῠσα

1911 4932 2014 4987 fert
2051 4951 2063 4985 :
2097 4931 2235 4987 Deos
2286 4933 2390 4993 vidi
2432 4934 2763 4989 ascendentes
2809 4936 2872 4992 de
2927 4947 3086 4991 terra.
3148 4938 3285 4992 Cum
3335 4952 3465 4997 vero

231 5037 406 5090 πάλιν
450 5040 487 5108 ἡ
537 5038 870 5108 πυθόμαντις
913 5038 1047 5109 ἔφη·
1088 5037 1269 5103 Θεοὺς
1309 5035 1536 5105 ἑώρακα
1562 5033 1804 5089 ἀναϐαί-

1911 5026 2128 5081 tandem
2180 5027 2433 5099 princeps
2478 5028 2865 5099 interrogasset
2904 5048 2917 5083 :
2956 5030 3142 5096 Qualis
3180 5040 3256 5085 est
3294 5030 3466 5099 forma

228 5143 459 5196 νοντας
488 5130 556 5181 ἐκ
599 5128 729 5198 γῆς.
774 5128 986 5201 Ἐπειδὴ
1015 5128 1071 5181 δὲ
1103 5128 1192 5180 καὶ
1222 5127 1282 5179 τὸ
1324 5126 1624 5181 τελευταῖον
1660 5127 1688 5178 6
1719 5124 1807 5176 δυο

1910 5119 2065 5188 ejus?
2095 5119 2162 5173 ad
2192 5120 2411 5175 verbum
2433 5121 2505 5174 ita
2538 5121 2696 5177 allata
2727 5130 2845 5178 est:
2877 5122 3116 5183 Hominis
3136 5124 3261 5178 recti
3293 5128 3468 5179 ascen-

226 5224 444 5295 νάπης
476 5226 656 5296 ἤρετο,
692 5226 753 5280 Τί
779 5225 998 5295 errem;
1023 5226 1219 5280 αὐτίκα
1246 5224 1404 5277 πάλιν
1435 5222 1804 5292 ἀνθυπήνεγκε

1911 5212 2080 5266 dentis
2116 5212 2179 5267 de
2209 5222 2382 5274 terra;
2426 5222 2477 5272 et
2509 5215 2613 5283 ipse
2653 5218 2875 5273 amictus
2919 5224 2996 5269 est
3045 5215 3292 5285 diploide.
3327 5216 3465 5283 Quid

227 5314 376 5384 πρὸς
401 5316 555 5379 ἔπος
586 5314 796 5383 Ἄνδρα
818 5315 1012 5383 ὄρθιον
1034 5315 1428 5370 ἀναϐαίνοντα
1450 5314 1519 5366 ἐκ
1544 5311 1651 5380 τῆς
1674 5310 1803 5381 γῆς·

1913 5313 2360 5374 praeterea-sacra
2384 5306 2663 5377 Scriptura
2688 5310 2888 5364 tradit?
2919 5309 2983 5365 Et
3009 5312 3147 5364 novit
3179 5309 3311 5364 Saul
3330 5309 3465 5381 quod

222 5408 323 5459 καὶ
385 5404 573 5474 οὗτος
617 5408 1089 5477 ἀναϐεϐλημένος
1131 5407 1423 5462 διπλοΐδα.
1475 5406 1539 5463 Τί
1584 5400 1675 5457 οὖν
1716 5402 1807 5455 ἐπὶ

1914 5394 2128 5450 Samuel
2158 5405 2288 5449 esset
2314 5395 2425 5459 hic,
2456 5406 2503 5450 et
2527 5397 2795 5451 inclinavit
2827 5415 2881 5453 se
2916 5414 3069 5467 super
3094 5398 3283 5467 faciem
3316 5414 3464 5450 suam

292 5519 320 5551 '
347 5520 711 5586 Numet,
754 5521 844 5577 ‘25.
917 5521 939 5552 ⁸
969 5520 997 5575 1
1027 5520 1149 5592 Reg.
1202 5535 1393 5583 xsvm,
1434 5518 1485 5573 9.
1566 5520 1584 5549 ⁷
1617 5514 1827 5571 ibid.“

292 5635 387 5705 (5)
439 5636 655 5689 Δὺτοῦ.
688 5636 845 5691 Forte
865 5636 1095 5706 αὐτῆςμ
1331 5703 1342 5706 _
1401 5702 1410 5706 Α
1524 5702 1539 5706 _
1587 5704 1596 5706 _

1912 5621 2041 5706 quin
2071 5623 2351 5706 legendum
2380 5624 2450 5679 sit
2488 5622 2864 5706 ἐπικυκλῆσαιι.3
2898 5622 2994 5706 vel
3016 5616 3460 5706 ἐπεισκυξλῆξὲές

292 5684 419 5775 23‘;
439 5684 927 5773 ‘-i:;£.e'.;.:z}i.;5;
948 5684 1101 5771 nam
1124 5704 1226 5760 sibi
1255 5703 1371 5775 wn
1398 5702 1545 5775 istud,
1583 5704 1803 5775 ἐπισκυ-

1909 5684 2093 5775 έοάςιη
2118 5684 2231 5750 fere
2265 5703 2430 5754 sensu
2460 5710 2567 5768 quo
2600 5684 2944 5764 ἐπιτειχίζειν
2981 5693 3177 5763 legitur
3202 5687 3311 5745 col.
3333 5684 3463 5749 ⁷625.

212 5762 429 5845 λῆσαί,
473 5778 612 5846 quod
642 5762 1118 5846 nihihsiguificare
1157 5773 1366 5844 potest?
1398 5772 1552 5833 Haud
1582 5772 1801 5831 dubium

556 5778 612 5831 od
642 5762 1118 5846 nihil‘signilicare
1157 5773 1366 5844 potest?
1398 5772 1552 5833 Haud
1582 5772 1801 5831 dubium
1909 5762 1973 5819 A.
2015 5762 2167 5823 EDIT.

577 5813 1331 5936 ἓὶέἰὶὶ›ιῖ’⁶ἑίἷῖ“ἇξνῖιὶἶ”
1518 5813 1552 5833 “
1582 5813 1612 5831 “

1544 5813 1552 5829 ι
1582 5813 1801 5831 uani-usu
1909 5813 1973 5819 ννν
2015 5813 2168 5823 υ---ν-
2710 5813 2727 5833 ο

3081 5852 3155 5918 '20
