4080 6334
636 264 756 321 »629

1610 256 1668 314 s.
1703 255 2076 315 EUS’I‘ATHII
2102 254 2421 315 EPISCOPI
2467 254 2883 315 annosum
3701 270 3780 329 ea.

650 388 708 443 in
736 394 879 439 terra
898 419 913 445 ,
952 386 1002 435 et
1025 375 1265 432 adoravit
1296 391 1413 430 eum
1432 375 1474 430 ⁸.
1509 373 1853 433 Manifestum
1886 378 2071 446 itaque
2099 383 2211 440 est,

2315 374 2523 440 τούτοις
2547 375 2850 449 διαγορεύει
2875 376 2908 447 ἡ
2939 373 3058 429 θεία
3084 375 3296 449 Γραφής
3325 379 3424 434 Kal
3456 380 3590 451 ἔγνω
3609 389 3779 455 Σαοὺλ,

650 473 843 535 nullibi
886 470 1111 527 Omnino
1144 482 1423 524 sacrarum
1470 467 1773 523 litterarum
1821 466 2016 523 seriem
2066 467 2210 522 adir-

650 583 832 627 masse
858 580 956 637 per
980 563 1261 618 mulierem
1288 561 1435 616 illam
1464 560 1955 632 engastrimythum
1985 558 2215 615 Samue-

653 658 779 719 lem'
806 663 1090 715 evocatum
1147 654 1337 709 fuisse.
1379 651 1487 708 Sed
1535 652 1625 707 illa
1675 650 1894 722 quidem
1939 651 1995 706 in
2027 652 2213 722 primis

655 767 752 824 per
797 748 1115 805 incitantem
1154 745 1345 818 ipsam
1376 743 1676 800 daemonem
1721 742 1855 799 dicit
1899 743 2051 799 illum
2093 757 2216 799 evo-

632 843 927 910 .candum;
964 839 1161 897 deinde
1188 844 1264 894 .et
1298 837 1430 893 deos
1483 834 1840 895 ascendentes
1886 836 2069 892 videre
2099 836 2214 906 glo-

655 938 826 1001 riata,
864 931 1241 990 fraudulenter
1281 928 1438 999 signa
1459 928 1701 1004 hominis
1732 927 2016 993 tradebat,
2060 937 2120 983 ut
2147 941 2215 983 ex

656 1026 872 1086 insidiis
898 1032 1208 1096 occuparet.
1241 1021 1308 1075 Et
1330 1021 1555 1077 demens
1580 1018 1711 1074 Saul
1745 1035 1812 1076 ex
1848 1020 1935 1076 bis
1964 1034 2085 1092 qua:
2111 1035 2213 1075 au-

655 1122 857 1191 dierat,
893 1119 1159 1175 intellexit
1180 1114 1323 1187 quod
1350 1114 1441 1169 ille
1462 1113 1579 1185 ipse
1607 1119 1752 1169 esset
1784 1110 2022 1168 Samuel.

729 1387 817 1445 IV.
847 1388 931 1443 An
980 1403 1109 1459 ergo
1147 1386 1281 1442 lides
1329 1383 1632 1441 adhibenda
1664 1383 1738 1441 sit
1770 1383 1855 1440 vel
1902 1397 1934 1437 a
1975 1382 2218 1438 daemone

654 1490 850 1539 vexato
877 1480 1048 1546 Sauli,
1084 1479 1239 1550 quasi
1264 1492 1444 1533 veram
1474 1484 1830 1551 exactamque
1853 1474 2216 1546 cognitionem

657 1573 914 1638 haberet,
956 1570 1043 1625 vel
1099 1567 1329 1624 dzemoni
1364 1568 1433 1622 de
1488 1570 1658 1621 semet
1703 1563 1939 1635 gloriose
1979 1562 2217 1632 loquenti

650 1665 1103 1738 promittentique
1123 1663 1193 1718 ab
1222 1659 1705 1729 inferisjustorum
1744 1656 1957 1712 animas
1985 1653 2218 1711 eductu-

2313 465 2401 519 ὅτι
2428 464 2706 537 Σαμουὴλ
2733 467 2900 522 ἐστιν
2925 462 3120 534 οὗτος,
3145 467 3239 521 καὶ
3261 469 3475 540 ἔκυψεν
3500 475 3584 528 ἐπὶ
3605 482 3785 547 πρόσω.

2315 571 2432 613 πον
2457 559 2640 614 αὑτοῦ
2667 560 2765 613 ἐπὶ
2795 559 2909 629 τὴν
2930 559 3066 631 γῆν,
3094 562 3191 614 καὶ
3217 565 3628 635 προσεκύνησεν
3646 573 3782 640 αὐτῷ.

2314 649 2563 703 Φαίνεται
2593 649 2769 704 τοίνυν
2801 652 2877 714 ὡς
2907 650 3143 722 οὐδαμοῦ
3176 652 3236 706 τὸ
3264 653 3555 728 παράπανή
3581 660 3660 713 τοῦ
3678 661 3787 717 θείου

2314 740 2636 813 γράμματος
2663 741 2861 814 ἔφησεν
2897 741 3091 814 ἐκδοχὴ
3130 743 3220 797 τὸν
3251 744 3484 817 Σαμουὴλ
3509 749 3703 821 ἀνῆχθαι
3723 753 3789 807 διὰ

2312 835 2411 906 τῆς
2447 835 2898 907 ἐγγαστριμύθου·
2929 835 3044 890 ἀλλ’
3067 836 3202 908 αὐτὴ
3231 837 3325 908 μὲν
3345 843 3791 913 προηγουμένωςδιὰ

2314 925 2406 981 τοῦ
2425 928 2845 1001 ὲκὸακχεύοντος
2860 928 2997 1001 αὐτῇ
3016 927 3082 1000 [Ῑ.
3105 930 3291 998 αὑτήν,
3308 947 3352 984 υ.
3367 933 3421 984 ὲν
3439 932 3582 1005 αὐτῇ]
3595 934 3790 1006 δαίμονος

2313 1019 2713 1089 ἀποφθέγγεται
2748 1020 2858 1075 δεῖν
2917 1021 3138 1091 ἀνάγειν
3162 1023 3338 1077 αὐτόν·
3400 1019 3509 1078 εἶτα
3555 1029 3638 1080 καὶ
3676 1028 3793 1092 θεοὺς

2226 1114 2231 1119 ’
2313 1112 2560 1176 ἀνιόντας
2581 1113 2958 1185 ὲπικομποῦσα
2986 1114 3229 1188 θεωρεῖν,
3257 1116 3431 1188 ἀπάτῃ
3468 1116 3556 1189 μὲν
3574 1118 3714 1173 ἐδίδου
3741 1121 3792 1174 τὰ

2316 1205 2515 1273 σημεῖα
2563 1202 2785 1275 τάνδρὸς
2825 1206 2904 1268 είς
2955 1204 3194 1277 ἐνέδραν·
3239 1207 3268 1259 ὁ
3300 1206 3356 1260 δὲ
3391 1207 3661 1280 παράφρων
3691 1210 3796 1280 ἱγνω

2315 1293 2487 1347 Σαοὺλ
2522 1292 2582 1359 ὲξ
2618 1288 2693 1349 ὧν
2716 1295 2950 1366 ἀκήκοεν
2982 1295 3059 1360 ὡς
3087 1296 3247 1361 αὐτὸς
3277 1292 3423 1363 οὗτός
3448 1300 3553 1352 ἐστι
3580 1301 3794 1374 Σαμουὴλ,

2384 1382 2471 1437 1V.
2503 1384 2567 1437 Εί
2591 1383 2649 1437 δὲ
2676 1384 2758 1438 δεῖ
2783 1384 3054 1439 πιστεύειν
3081 1383 3213 1457 ἢτῷ
3240 1386 3635 1461 δαιμονιζομένῳ
3650 1390 3797 1454 Σαοὺλ,

2313 1474 2388 1539 ὡς
2419 1474 2592 1547 ἀληθῆ
2626 1475 2875 1545 γνώσεως
2899 1477 3227 1550 ὴκριὸωκότι
3254 1479 3556 1552 κατάληψιν,
3583 1480 3611 1551 ἢ
3638 1481 3798 1553 δαίμονι

2315 1567 2646 1639 καυχωμένῳ
2670 1567 2763 1621 καὶ
2788 1567 2964 1640 ψυχάς
2985 1569 3392 1642 ὑπισχνουμένῳ
3422 1569 3623 1625 δικαίων
3639 1571 3689 1637 ἐξ
3707 1570 3799 1642 ᾆδον

2318 1657 2792 1729 μεταπέμπεσθαι,
2820 1659 3092 1731 κρίνωμεν
3125 1661 3254 1731 παρ’
3290 1661 3493 1725 ἑαυτοῖς
3526 1662 3642 1732 ὅσης
3665 1661 3717 1716 ἀν
3740 1662 3800 1732 είη

650 1775 803 1824 rum,
837 1760 980 1814 inter
1002 1771 1103 1813 nos
1125 1756 1273 1827 ipsos
1301 1751 1698 1825 dijudicemus,
1732 1749 2215 1817 discernamusque

2315 1766 2375 1819 γε
2417 1748 2724 1821 δυσφημίας
2755 1750 3018 1814 ἀνάπλεα,
3053 1751 3224 1806 ταῦτα
3252 1752 3345 1807 καὶ
3369 1753 3435 1807 τά
3459 1751 3659 1806 τοιαῦτα
3683 1755 3799 1815 νοεῖν.

652 1854 775 1908 llaec
802 1858 855 1907 et
889 1849 1088 1907 similia
1119 1848 1221 1904 hoc
1250 1844 1411 1902 modo
1443 1842 1776 1914 intelligere,
1824 1855 1986 1911 quam
2015 1853 2214 1894 vanum

652 1946 994 2016 impiumque
1024 1941 1116 2006 sit,
1150 1955 1185 1994 ο
1214 1939 1415 2009 optime
1440 1935 1721 1991 hominum
1755 1931 2002 2002 Eutropi.
2021 1929 2215 1984 Mirum

657 2037 804 2093 enim
850 2039 1114 2106 quantum
1168 2046 1198 2085 a
1245 2030 1506 2091 veritate,
1559 2034 1620 2081 ut
1669 2024 1903 2089 videtur,
1958 2021 2217 2093 Origenes

656 2126 1016 2185 aberraverit.
1048 2123 1114 2178 Et
1153 2124 1200 2179 si
1236 2120 1498 2177 Dominus
1527 2124 1714 2174 noster
1757 2113 1916 2171 Iesus
1963 2112 2216 2169 Christus

659 2222 729 2279 de
754 2213 1380 2284 diabolodicat'-‘°:Ipse
1416 2207 1680 2264 homicida
1713 2215 1828 2262 erat
1857 2205 1922 2259 ab
1948 2205 2129 2271 initio,
2167 2214 2217 2259 et

658 2316 716 2370 in
739 2314 955 2370 ueritate
995 2327 1098 2366 mm
1145 2307 1318 2371 stetit;
1361 2305 1610 2377 quoniam
1647 2301 1840 2356 veritas
1882 2299 1936 2353 in
1973 2301 2086 2367 ipso
2114 2315 2216 2353 non

653 2413 795 2461 erat.
827 2403 960 2460 Cum
985 2401 1216 2471 loquitur
1245 2395 1596 2458 mendacium,
1629 2409 1693 2448 ea:
1718 2391 1943 2461 propriis
1966 2389 2213 2460 loquitur,

659 2497 906 2567 quoniam
940 2490 1163 2548 mendax
1188 2497 1264 2543 est
1282 2528 1297 2553 ,
1326 2496 1374 2542 et
1396 2495 1546 2558 pater
1583 2484 1784 2555 ipsius:
1817 2483 1946 2554 quid
1970 2482 2080 2547 hic,
2100 2481 2179 2537 ais
2201 2520 2216 2546 ,

660 2584 958 2657 Origenes?
992 2582 1152 2638 Prius
1177 2581 1322 2637 enim
1352 2577 1767 2649 interrogandus
1810 2592 1871 2633 es
1902 2594 1914 2630 :
1950 2575 2073 2630 Hzec
2097 2590 2219 2645 qua:

660 2676 912 2741 Salvator
939 2675 1076 2732 dixit
1100 2687 1227 2729 vera
1256 2680 1405 2735 sunt,
1425 2685 1495 2725 an
1519 2669 1857 2740 respondens
1880 2667 2216 2723 contrarium

661 2767 850 2824 dices?
877 2767 1063 2835 Itaque
1098 2763 1144 2818 si
1168 2761 1331 2816 verba
1366 2758 1580 2813 Domini
1609 2757 1677 2813 de
1718 2772 1869 2812 more
1898 2769 2023 2811 vera
2055 2761 2214 2821 sunt,

660 2872 791 2930 ergo
839 2856 1050 2912 daemon
1106 2851 1365 2907 audacter
1415 2849 1753 2906 insolescens
1798 2846 2057 2902 mentitus
2111 2852 2214 2901 est.

660 2949 862 3008 Verum
891 2948 939 3005 si
973 2944 1235 3001 daemonis
1275 2956 1554 3001 sermones
1586 2941 1799 2998 veritati
1831 2955 1942 2996 non
1982 2939 2218 2995 absonos

661 3040 877 3106 deﬁnis,
905 3036 1226 3093 mendacem
1257 3035 1543 3091 Dominum
1569 3033 1755 3103 utique
1784 3030 1954 3086 audes
1996 3029 2220 3086 demon-

663 3141 856 3189 strare.
901 3127 1134 3186 Videsne
1171 3141 1334 3199 quam
1385 3125 1630 3180 inculcas
1696 3122 2054 3185 sententiam,
2098 3112 2285 3191 quiec

663 3222 900 3280 absurda
933 3215 1549 3290 ineptaquecontineat?
1575 3213 1909 3283 Quandoque
1938 3212 2081 3267 enim
2112 3211 2219 3266 da:-

663 3328 851 3372 mones
881 3312 948 3367 ad
985 3309 1270 3366 veritatem
1298 3305 1583 3362 dicendam
1606 3307 1659 3360 vi
1697 3303 2097 3374 compelluntur
2123 3303 2222 3358 do-

664 3405 872 3460 loribus
893 3402 1022 3457 torti
1057 3420 1070 3456 :
1101 3406 1472 3455 verumtamen
1502 3396 1639 3452 nihil
1667 3408 1896 3466 usquam
1918 3394 2222 3450 voluntarie

665 3497 783 3554 sine
812 3494 1095 3551 mendacio
1136 3489 1391 3547 dixerint.
1426 3487 1642 3544 Tamen
1682 3488 1729 3544 si
1764 3486 1889 3558 quis
1924 3487 2220 3542 daemonem

660 3588 843 3656 justos
876 3584 944 3639 ab
973 3581 1162 3637 inferis
1192 3594 1421 3636 evocare
1448 3578 1769 3643 aﬂirmabit,
1814 3577 2084 3648 quomodo
2107 3591 2224 3631 ma-

667 3676 925 3731 nifestum
953 3689 1065 3728 non
1108 3672 1247 3736 erit,
1288 3670 1477 3727 fraude
1511 3671 1853 3727 mendacium
1895 3668 2219 3734 obtrudere,

668 3767 760 3822 illo
778 3766 958 3821 animo
980 3776 1038 3819 ut
1059 3765 1289 3834 aliquem
1314 3762 1646 3833 praecipitem
1668 3771 1848 3816 actum
1871 3760 2225 3817 consternat?

664 3860 746 3915 Ita
771 3865 883 3925 est,
916 3858 990 3912 ait
1017 3877 1030 3913 :
1056 3856 1122 3912 At
1156 3857 1247 3911 illa
1274 3856 1485 3911 daemon
1528 3855 1710 3910 nullus
1744 3855 1945 3911 etl‘atus
1973 3866 2090 3923 est,
2127 3854 2223 3911 sed

657 3966 899 4027 narrans
926 3949 1210 4022 scriptoris
1241 3963 1377 4016 vox;
1406 3963 1724 4005 sermonum
1748 3963 1877 4005 vero
1900 3947 2223 4018 scriptorem

666 4061 789 4104 esse
815 4044 1074 4116 Spiritum
1103 4050 1348 4099 sanctum
1365 4081 1381 4106 ,
1415 4048 1470 4097 et
1490 4056 1601 4098 non
1629 4040 1902 4097 hominem
1925 4040 2220 4096 credimus.

667 4139 831 4197 Forte
863 4138 1023 4196 seriei
1068 4136 1396 4193 narrationis
1440 4136 1737 4209 pugnantia
1762 4136 1824 4192 .in
1866 4135 2103 4191 medium
2141 4134 2225 4190 af-

660 4233 813 4291 ferre
852 4247 963 4287 non
1013 4231 1168 4301 plane
1214 4229 1506 4303 intelligis?
1569 4227 1791 4284 Rectius
1846 4227 2070 4299 itaque,
2128 4227 2223 4297 qui

659 4324 929 4396 paulatim
972 4322 1041 4378 ad
1072 4321 1390 4378 omnifarios
1425 4336 1704 4378 sermones
1755 4320 1997 4376 animum
2044 4321 2225 4375 inten-

669 4419 799 4473 dere
848 4422 1153 4482 noverunt,
1197 4412 1491 4469 tradidisse
1553 4412 1886 4468 narrativam
1939 4410 2223 4482 scriptoris

669 4509 1033 4574 locutionem,
1072 4520 1191 4577 quae
1226 4504 1509 4562 videbatur
1552 4504 1731 4560 facere
1767 4504 1852 4560 vel
1889 4502 2072 4560 dicere
2102 4518 2227 4559 ora-

670 4598 1041 4670 cnlahpetenti
1071 4596 1221 4653 Sauli
1252 4595 1715 4668 engastrimythus
1738 4635 1752 4660 ,
1784 4595 1852 4651 de
1886 4609 1950 4651 ea
1978 4594 2227 4651 videlicet

671 4696 862 4744 auctor
881 4701 1120 4747 narrans
1151 4685 1377 4757 ejusque
1427 4685 1492 4739 ad
1540 4685 1764 4742 verbum
1801 4700 2083 4742 sermones
2124 4701 2224 4742 ex-

672 4796 915 4854 ponens,
953 4779 1129 4851 inquit
1195 4798 1208 4834 :
1254 4776 1322 4832 Et
1356 4778 1492 4833 dixit
1529 4777 1718 4832 mulier
1744 4796 1762 4832 :
1798 4777 1964 4845 Quem
2004 4776 2222 4834 evocabo

672 4874 810 4930 tibi?
838 4871 972 4941 Quis
990 4873 1069 4927 ita
1096 4886 1289 4927 vecors
1317 4877 1371 4926 et
1401 4868 1631 4926 stolidus
1658 4869 1784 4934 erit,
1819 4877 1879 4924 ut
1917 4870 2133 4927 simulet
2164 4885 2225 4926 se

646 5030 647 5035 η
672 4965 895 5022 minir’ne
927 4979 1150 5037 capere,
1180 4978 1342 5019 voces
1380 4962 1478 5017 bas
1508 4962 1791 5033 scriptoris
1823 4961 2046 5019 minime
2068 4975 2222 5026 esse,

672 5056 769 5115 sed
820 5056 1063 5113 mulieris
1102 5071 1134 5111 a
1162 5055 1405 5112 daemone
1433 5055 1671 5111 vexatae?
1713 5054 1873 5112 Certe
1901 5056 1950 5111 si
1997 5056 2128 5127 quid
2166 5055 2223 5110 in

673 5148 777 5203 hac
796 5162 857 5204 re
877 5162 1064 5204 verum
1095 5148 1473 5218 sincerumque
1491 5148 1581 5213 sit,
1609 5148 1916 5220 perspicere
1941 5146 2223 5214 debemus,

673 5237 915 5293 narratio
936 5236 1070 5292 illud
1106 5245 1311 5292 tantum
1342 5237 1532 5293 habuit
1566 5258 1580 5294 :
1624 5237 1767 5294 Vidit
1790 5237 1979 5294 mulier
2002 5236 2224 5293 Samue-

672 5331 796 5387 lem.
855 5327 982 5385 Haec
1040 5345 1203 5402 porro
1249 5330 1323 5384 ita
1370 5338 1701 5402 prosecutus
1754 5339 1839 5387 est
1897 5328 2222 5401 scriptione,

670 5421 831 5494 quasi
861 5422 931 5479 ad
962 5422 1184 5479 minime
1205 5422 1420 5495 ignaros
1443 5422 1509 5479 de
1532 5423 1865 5481 daemoniaca
1890 5424 2221 5495 loqueretur.

670 5510 861 5587 Neque
882 5515 1027 5570 enim
1056 5514 1279 5572 dubium
1302 5531 1425 5575 esse
1446 5516 1603 5574 debet
1620 5556 1636 5583 ,
1663 5516 1963 5574 daemonem
1996 5516 2090 5589 qui
2103 5517 2231 5589 ,pio-

776 5692 854 5750 ⁴Ῑ
882 5692 1002 5763 Reg.
1030 5710 1219 5766 nvm,
1251 5695 1432 5795 12-14..
1500 5698 1596 5735 ὀίο
1629 5665 1790 5757 dedit.
1818 5714 1937 5771 vni,
1959 5699 2047 5755 it.

2314 1836 2359 1896 ὦ
2401 1842 2655 1913 κράτιστε
2687 1842 2895 1915 ἀνδρῶν
2926 1843 3189 1916 Εύτρόπιε
3210 1861 3226 1875 ·
3255 1844 3386 1899 πολὺ
3418 1843 3541 1916 γὰρ,
3572 1844 3639 1907 ὡς
3656 1844 3801 1911 ἔοικεν,

2326 1936 2604 2009 Ὠριγένης
2621 1938 2721 2008 τῆς
2752 1936 3006 2008 ἀληθείας
3027 1936 3258 2010 ὲσφάλη·
3293 1937 3460 1991 καίτοι
3493 1936 3581 1991 τοῦ
3593 1936 3802 1990 Δεσπότον

2313 2029 2345 2099 η
2353 2028 2470 2097 μῶν
2507 2026 2678 2098 Ἰησοῦ
2725 2027 2959 2098 Χριστοῦ
3010 2030 3139 2101 περ)¹
3180 2029 3277 2083 τοῦ
3316 2030 3550 2084 διαϐόλου
3574 2030 3806 2102 διαρῤήδην

2313 2118 2610 2190 είρηκότος·
2643 2118 2903 2185 Ἐκεῖνος
2927 2119 3418 2189 ἀνθρωποκτόνος
3440 2117 3515 2193 ἦν
3537 2122 3628 2175 ἀπ’
3644 2119 3804 2189 ἀρχῆς,

2313 2207 2411 2261 καὶ
2436 2207 2507 2261 ἐν
2534 2206 2610 2276 τῇ
2640 2208 2893 2278 ἀληθείᾳ
2916 2210 3026 2280 οὐχ
3068 2210 3350 2279 ἕστηκεν,
3380 2211 3466 2265 ὅτι
3490 2211 3707 2279 ἀλήθεια
3728 2210 3808 2263 οὐκ

2313 2295 2486 2349 ἔστιν
2527 2295 2597 2350 ἐν
2622 2295 2799 2362 αὐτῷ.
2840 2298 3014 2351 Ὅταν
3055 2298 3221 2369 λαλῇ
3272 2301 3337 2355 τό
3387 2301 3597 2371 ψεῦδος
3639 2301 3696 2356 ἐκ
3724 2296 3808 2351 τῶν

2315 2392 2477 2447 ἰδίων
2500 2393 2693 2459 λαλεῖ,
2729 2393 2816 2447 ὅτι
2851 2394 3120 2463 ψεύστης
3158 2397 3296 2451 ἐστὶ
3340 2398 3439 2451 καὶ
3480 2400 3511 2453 ό
3547 2396 3714 2465 πατὴρ
3738 2399 3812 2452 αὑ-

2314 2485 2439 2540 τοῦ.
2472 2486 2537 2539 Τί
2566 2486 2741 2541 τοίνυν
2768 2487 2891 2558 φῂς,
2926 2481 2971 2540 ὧ
3018 2487 3328 2559 Ὠρίγενες;
3362 2490 3562 2559 ἀνάγκη
3597 2488 3689 2560 γὰρ
3726 2487 3811 2557 ἐρέ-

2317 2576 2439 2631 σθαι
2485 2595 2542 2630 σε
2590 2578 2834 2651 πότερον,
2871 2579 3043 2651 ἀληθῆ
3089 2580 3266 2636 ταῦτά
3307 2583 3453 2636 εστιν
3479 2582 3608 2655 ἆπερ
3636 2580 3814 2653 ἔφρασεν

2315 2672 2343 2723 ὁ
2374 2670 2582 2741 Σωτὴρ,
2612 2670 2644 2741 ἢ
2676 2670 2983 2725 τούναντίον
3026 2671 3418 2746 ἀνθυποφέρων
3460 2676 3625 2745 ὲρεῖς;
3663 2674 3715 2727 El
3745 2671 3815 2743 μὲν

2316 2757 2406 2815 οὖν
2439 2761 2658 2833 ἀληθεῖς
2685 2764 2733 2816 οί
2764 2762 2858 2816 τοῦ
2894 2764 3096 2836 Κυρίου
3133 2767 3467 2837 τυγχάνουσι
3496 2767 3658 2836 λόγοι,
3682 2762 3819 2819 εἰωθόι

2316 2871 2442 2919 τως,
2473 2854 2578 2926 ἄρα
2623 2857 2652 2908 ὁ
2695 2854 2903 2926 δαίμων
2952 2855 3222 2927 ἐψεύσατο
3271 2857 3676 2933 θρασυνόμενοςι
3702 2859 3742 2909 εἰ
3775 2854 3819 2908 δὲ

2317 2945 2518 3018 ἀψευδῆ
2545 2945 2612 3000 τά
2641 2947 2733 3000 τοῦ
2761 2946 3011 3019 δαίμονος
3039 2950 3200 3023 ὁρίζῃ
3226 2952 3470 3024 ῥήματα,
3497 2950 3703 3022 ψεύστην
3718 2949 3822 3003 ἀπο-

2321 3040 2481 3111 φῆναι
2509 3038 2598 3093 τὸν
2629 3038 2831 3111 Κύριον
2857 3042 3141 3112 ὲγχειρεῖς·
3167 3045 3308 3116 ὁρᾷς
3343 3046 3425 3110 είς
3454 3047 3581 3115 ὅσην
3602 3041 3824 3096 ἐκπέπτω-

2318 3149 2412 3186 κεν
2443 3130 2666 3186 ἀτοπίαν
2696 3133 2725 3185 ὁ
2754 3131 2902 3205 παρὰ
2926 3132 3009 3186 σοὶ
3033 3133 3497 3209 δογματιζόμενος
3515 3137 3657 3209 ὅρος;
3681 3135 3826 3187 ’Διον-

2317 3241 2407 3290 τες
2435 3225 2533 3296 μὲν
2556 3226 2664 3297 γάρ
2685 3226 2793 3280 ἐσθ’
2821 3228 2910 3281 ὅτε
2934 3227 3140 3300 τάληθῆ
3164 3229 3351 3300 λέγειν
3374 3232 3424 3285 οί
3450 3230 3682 3301 δαίμονες
3704 3228 3826 3292 ἀναγ-

2318 3316 2572 3381 κάζονται
2613 3318 3020 3391 στρεϐλούμενοι
3050 3324 3163 3385 τοῖς
3196 3324 3409 3388 πόνοις,
3455 3325 3515 3377 οὐ
3546 3322 3643 3393 μὴν
3666 3318 3828 3378 ἑκόντες

2319 3407 2564 3479 acaum;
2600 3411 2804 3464 εἴποιεν
2844 3410 2910 3465 ἂν
2933 3409 3128 3466 ὁτιοῦν.
3162 3412 3230 3466 Εί
3253 3412 3314 3466 δὲ
3346 3413 3431 3467 δεῖ
3464 3413 3524 3485 (f.
3555 3412 3613 3483 δὴ
3645 3409 3709 3465 vel
3730 3406 3827 3475 δεῖν)

2322 3503 2417 3556 καὶ
2447 3501 2686 3566 δικαίους
2720 3502 2939 3571 ἀνάγειν
2960 3500 3020 3568 ἐξ
3047 3502 3170 3575 ᾅδου
3182 3505 3379 3560 τοῦτον
3405 3504 3624 3580 ὁριεῖταί
3639 3518 3709 3566 τις
3731 3500 3834 3570 ἀμε-

2320 3590 2462 3663 λητὶ,
2496 3591 2613 3657 πῶς
2643 3593 2744 3647 οὐκ
2785 3593 2851 3648 ἂν
2884 3593 2969 3664 εἴη
3000 3610 3062 3662 γε
3096 3596 3271 3666 σαφὲς
3299 3598 3380 3662 ὡς
3405 3599 3586 3670 ἀπάτῃ
3611 3595 3665 3648 τὸ
3689 3589 3833 3663 ψεῦδος

2322 3683 2659 3753 ἀντεισάγει,
2706 3684 3022 3757 βουλόμενος
3068 3688 3507 3761 ὲκτραχηλιάσαι
3550 3685 3690 3750 uva;
3730 3680 3833 3740 Ναὶν

2323 3777 2506 3848 φησὶν,
2539 3776 2652 3831 ἀλλ’
2684 3778 2782 3849 οὐχ
2812 3779 2841 3830 ὁ
2883 3778 3091 3850 δαίμων
3136 3780 3317 3837 ταῦτα
3347 3783 3587 3855 εἴρηκεν,
3615 3776 3712 3832 ἀλλ’
3738 3772 3837 3845 #51-

2322 3869 2636 3942 ηγηματικὴ
2680 3870 2772 3923 τοῦ
2805 3872 3157 3943 συγγραφέως
3218 3876 3412 3946 φωνή·
3463 3868 3770 3944 συγγραφεὺς
3796 3862 3838 3917 δι

2321 3959 2430 4014 τῶν
2462 3960 2632 4031 λόγων
2663 3957 2799 4017 εἶναι
2835 3964 3188 4019 πεπίστευται
3228 3966 3294 4020 τὸ
3345 3967 3574 4037 Πνεῦμα
3610 3963 3666 4017 τὸ
3708 3961 3838 4027 ἄτιον,

2321 4052 2435 4107 ἀλλ’
2467 4054 2567 4107 οὐκ
2591 4053 2891 4126 ἄνθρωπος.
2939 4052 3050 4111 Εἶτ’
3087 4057 3149 4110 ού
3184 4061 3300 4113 νοεῖ
3332 4058 3455 4124 πῶς
3480 4057 3686 4114 ἐναντία
3708 4050 3843 4125 φαίνει

2322 4148 2388 4217 τῇ
2415 4144 2509 4199 τοῦ
2555 4146 2887 4219 διηγήματος
2932 4150 3160 4221 ὲκδοχῇς
3214 4150 3462 4206 Κάλλιον
3513 4148 3605 4205 οὖν
3641 4150 3785 4202 ῖσαοιν
3808 4143 3844 4194 οἱ

2324 4236 2593 4301 παντοίοις
2632 4238 2998 4311 σχολαιὸτερον
3052 4240 3426 4313 ὁμιλήσαντες
3485 4243 3676 4311 λόγοις,
3718 4236 3778 4300 ὡς
3819 4233 3844 4300 ἢ

2321 4327 2689 4401 διηγηματικὴ
2716 4329 2810 4384 τοῦ
2855 4332 3211 4403 συγγραφέως
3243 4334 3563 4407 ὁμιλήσασα
3586 4331 3738 4387 ταῦτα
3763 4323 3850 4389 ἐξέ-

2326 4419 2516 4486 δωκεν,
2546 4420 2692 4493 άπερ
2730 4421 2903 4476 ἐδόκει
2946 4424 3203 4495 πράττειν
3246 4426 3281 4498 ἦ
3315 4425 3504 4495 λέγειν
3532 4424 3609 4496 τῷ
3645 4431 3852 4494 μαντευο-

2329 4508 2476 4581 μένῳ
2510 4510 2681 4565 Σαοὺλ
2727 4513 2761 4583 ἡ
2794 4512 3249 4587 ὲγγαστρίμυθος·
3285 4516 3489 4586 ἀμέλει
3530 4515 3654 4586 περὶ
3685 4507 3854 4576 ἐκείνης

2326 4600 2741 4673 ἐκδιηγούμενος
2773 4604 2802 4657 ὁ
2836 4605 3200 4676 συγγραφεὺς,
3236 4608 3339 4660 καὶ
3365 4609 3500 4672 τοὺς
3525 4607 3706 4675 λόγους
3725 4596 3853 4665 αὐτῆς

2312 4691 2418 4745 ἐπὶ
2460 4690 2655 4758 λέξεως
2697 4686 3060 4766 ἐκτιθέμενος,
3113 4695 3239 4770 ἔφη’
3280 4699 3398 4752 Καὶ
3442 4696 3613 4753 εἶπεν
3647 4696 3685 4764 ἠ

2339 4782 2477 4840 Τίνα
2503 4784 2775 4856 ἀναγὰτω
2798 4802 2931 4851 σοι;
2963 4787 3059 4852 Τίς
3090 4787 3147 4841 δὲ
3178 4787 3365 4855 οὕτως
3404 4790 3611 4863 εὐήθης
3661 4780 3858 4841 ἐστινὼς

2320 4874 2669 4947 ,ὑποκρίνεται
2695 4876 2761 4950 [ί.
2788 4878 3195 4953 ὑποκρίνεσθαι]
3212 4882 3293 4955 μὴ
3327 4888 3498 4949 νοεῖν,
3528 4886 3611 4938 ὅτι
3635 4873 3862 4947 αὗταιμὲν

2329 4966 2422 5020 τοῦ
2449 4968 2804 5041 συγγραφέως
2823 4968 2923 5025 οὔκ
2933 4971 3037 5024 είσι
3051 4973 3246 5041 φωναὶ,
3263 4974 3372 5045 τῆς
3385 4960 3865 5047 δὲδαιμονώσηςεῖτὴ

2330 5060 2583 5129 γυναικός
2603 5078 2619 5127 ;
2645 5060 2803 5115 Ἀλλά
2818 5061 2922 5134 μὴν
2950 5061 3065 5132 εἴγε
3078 5063 3159 5119 δεῖ
3173 5065 3505 5140 φιλαλήθως
3527 5069 3713 5126 εἰπεῖν,
3733 5064 3761 5131 ἡ
3779 5058 3869 5126 διη·

2326 5151 2606 5225 ,γηματικὴ
2627 5151 2814 5207 τοῦτον
2833 5153 2896 5224 (Ῑ.
2926 5153 3106 5227 τοῦτο)
3130 5156 3307 5229 ἔφησε
3334 5160 3526 5232 μόνον,
3551 5159 3648 5223 ὡς,
3673 5150 3821 5208 Εἷδεν
3837 5144 3868 5213 ii

2329 5244 2483 5316 γυνὴ
2497 5245 2602 5299 τὸν
2627 5245 2929 5315 Σαμουήλ·
2947 5246 3117 5313 οὕτως
3133 5248 3191 5303 δὲ
3216 5249 3405 5305 ταῦτα
3420 5251 3660 5325 ἔγραψεν
3673 5248 3742 5311 ὡς
3763 5239 3870 5315 πρὸς

2321 5333 2534 5398 ,είδὸτας
2558 5334 2683 5406 περὶ
2707 5334 3044 5409 δαιμονώσης
3059 5338 3286 5408 ὁμιλῶν.
3304 5342 3386 5395 Οὐ
3401 5342 3516 5414 γάρ
3541 5345 3683 5396 ὲστιν
3704 5339 3854 5407 ἀμφισ

2330 5424 2530 5497 ὁητεῖν,
2549 5428 2629 5481 δτι
2651 5426 2858 5500 δαίμων
2875 5428 2973 5483 οὐκ
3002 5430 3188 5500 ἀνάγει
3210 5430 3413 5507 ψυχὴν
3434 5432 3673 5498 οὐδενὸς,
3697 5429 3770 5492 ὃς,
3790 5418 3877 5476 δπδ

2328 5516 2439 5573 τῶν
2453 5516 2688 5576 εὐσεϐῶν
2702 5518 3011 5593 ὁριζόμενος
3033 5522 3130 5579 ἀνθ
3134 5523 3365 5595 ρώπων,
3385 5524 3691 5589 ἐλαύνεται,
3706 5510 3876 5592 πυροῦ-
