4080 6334
288 317 383 374 621

1167 327 1256 382 DE
1294 327 1878 390 ENGASTRIMYTHO
1911 333 2190 390 CONTRA
2226 335 2598 398 ORIGENEM.

3409 359 3515 415 622

283 450 388 495 ται,
429 430 771 501 μαστίζεται,
804 435 896 488 καὶ
928 437 1115 506 φεύγει
1154 439 1214 492 τὸ
1253 442 1513 513 σκήνωμα
1548 439 1815 516 προλιπώεΙ

1915 493 1921 507 ,
1949 460 2071 500 rum
2103 445 2382 504 hominum
2422 451 2649 522 imperio
2682 457 2903 525 subest,
2949 459 3198 531 ejicitur,
3236 465 3360 538 igne
3389 484 3507 525 crc-

279 525 390 580 ἀλλ⁹
411 521 556 580 εἶδεν
582 528 614 598 ἡ
643 528 934 600 παραπλὴξ
952 530 1027 594 ὡς
1052 531 1286 603 ἔπρεπεν
1305 536 1439 607 αὐτῇ
1461 536 1520 589 τὸ
1545 537 1726 608 σχῆμα
1753 538 1851 611 τῆς

279 621 938 693 πεφαντασιοκοπημένης
983 623 1173 693 ὅψεως.
1214 626 1378 679 Εἴωθε
1410 627 1538 695 γοῦν
1572 631 1600 682 6
1639 628 1742 701 θὴρ
1770 633 1849 692 είς

279 707 745 778 πολυπροσώπους
785 713 972 767 ἑαυτὸν
1027 713 1363 778 ἐξαλλάττειν
1419 718 1561 782 ἰδέας
1582 735 1596 749 ο
1650 720 1735 773 ἵνα
1788 721 1845 774 δὲ

277 803 417 855 κατά
447 803 543 856 τὸν
591 805 859 877 ἀγιοφανῆ
888 807 1098 861 Παῦλον
1136 809 1610 882 ἀποφθεγξάμενος
1641 813 1844 886 εἴποιμ’

275 894 359 948 ἀν·
401 895 599 962 Αὐτὸς
642 896 754 967 γὰρ
784 901 816 952 d
849 898 1117 966 Σατανᾶς
1157 904 1717 972 μετασχηματίζεται
1757 909 1844 973 εἰς

280 990 535 1056 ἄγγελον
565 991 778 1058 φωτός·
807 991 866 1043 οὐ
895 991 1034 1062 μέγα
1060 993 1187 1061 γοῦν
1209 995 1258 1047 εί
1287 995 1661 1067 διαλεγόμενος
1687 998 1842 1065 ἔταξε

280 1079 377 1149 μὲν
413 1081 510 1134 καὶ
538 1081 658 1135 τόδε
707 1082 768 1136 τὸ
814 1084 1030 1156 χωρίον,
1074 1086 1318 1157 οἰόμενος
1354 1088 1418 1142 ἐκ
1461 1089 1647 1143 τούτου
1689 1108 1842 1164 περι-

274 1170 504 1240 γράφειν
543 1174 671 1237 τοὺς
715 1174 813 1245 τὴν
858 1175 1112 1246 ἀλήθειαν
1145 1176 1577 1245 ἀντεισάγοντας,
1619 1181 1839 1254 ἀτεχνία⁴

273 1259 328 1313 δὲ
363 1261 563 1332 μᾶλλον
596 1263 629 1334 ἢ
657 1265 821 1337 τέχνῃ
862 1266 1031 1322 δοκῶν
1079 1267 1466 1332 ἀνασκευάζειν
1492 1270 1640 1341 αὐτῷ
1674 1289 1838 1344 προσ-

273 1352 450 1425 ετέθη.

339 1533 401 1588 ν.
448 1536 562 1588 Καὶ
586 1535 747 1601 διατί,
778 1537 960 1608 φησὶν,
1013 1541 1112 1594 οὐκ
1140 1541 1380 1612 εἴρηται,
1411 1543 1585 1598 Εῐδεν
1611 1547 1648 1613 ’ἡ
1680 1547 1834 1617 γυνὴ

269 1625 578 1696 δαιμόνιον
622 1629 653 1682 ὃ
698 1633 1107 1698 προσεποιεῖτο
1160 1631 1309 1688 εἶναι
1360 1637 1662 1707 Σαμουὴλ,
1702 1639 1836 1694 ἀλλὰ.

268 1719 576 1789 γεγράφθαι
625 1722 761 1792 πρὸς
787 1724 880 1776 ἐπὶ
910 1724 1117 1789 τούτοις
1149 1725 1366 1796 ἔφησεν,
1406 1729 1592 1798 Ἔγνω
1610 1731 1830 1797 Σαοὺλ,

268 1808 352 1861 ὅτι
380 1809 664 1879 Sapo-mil
704 1812 907 1878 ἐστιν;
945 1810 1077 1868 Εἶτα
1110 1815 1268 1870 πάλιν
1300 1817 1544 1890 ἐπιφέρει
1593 1821 1827 1892 προϊών*

264 1899 326 1951 Εἰ
367 1899 442 1970 μὴ
485 1895 555 1970 ἦν
598 1903 882 1974 Σαμουὴλ,
929 1903 1033 1956 ἔδει
1073 1906 1401 1977 γεγράφθαιο
1457 1912 1565 1965 Καὶ
1607 1912 1832 1982 ἐνόμιζε

263 1992 457 2046 Σαοὺλ
494 1990 645 2048 εἶναι
691 1997 874 2050 αὐτὸν
912 1999 1191 2068 Σαμουὴλ
1211 2018 1224 2030 ·
1266 2000 1359 2054 νῦν
1399 2003 1453 2056 δὲ
1500 2004 1825 2076 γέγραπται·

266 2083 450 2152 Ἔγνω
481 2087 707 2140 Σαούλ·
740 2087 912 2152 οὐδεὶς
936 2089 991 2142 δὲ
1024 2089 1162 2159 ἔγνω
1191 2091 1252 2145 τὸ
1284 2093 1357 2164 μὴ
1398 2093 1476 2146 ὃν·
1503 2096 1687 2166 Ἔγνω
1716 2093 1831 2152 οὖν

262 2176 479 2238 Σαοὺλ,
516 2177 605 2230 ὅτι
644 2179 926 2248 Σαμουὴλ
965 2181 1421 2239 ἐστιν.Ἕπεσεν
1462 2188 1558 2243 ἐπὶ
1599 2192 1828 2259 πρόσω-

258 2281 375 2320 πον
402 2268 501 2320 ἐπὶ
538 2268 655 2337 τὴν
684 2269 816 2339 γῆν,
847 2274 941 2326 καὶ
971 2275 1425 2344 προσεκύνησεν
1448 2280 1748 2347 αὺτῷ.”ῐνα
1769 2283 1826 2338 δὲ

259 2356 332 2427 μὴ
362 2357 646 2427 παρεκόἀς
686 2359 770 2428 ἐφ’
800 2359 962 2432 ἕτερα
1003 2361 1108 2416 τῶν
1137 2365 1611 2439 παραδειγμάτων,
1642 2370 1700 2438 ἐξ
1731 2373 1826 2425 αύ-

255 2445 362 2498 τῶν
403 2441 478 2500 ὧν
521 2447 782 2520 ἔγραφεν,
813 2451 1039 2506 ἐνταῦθα
1066 2456 1362 2526 ποιήσομαι
1393 2458 1490 2530 τὴν
1523 2459 1819 2533 ἐρώτησινο

255 2529 546 2600 εἷθόὖτως
595 2539 686 2590 ἐπὶ
739 2539 806 2592 τὰ
851 2539 1010 2595 λοιπά
1063 2544 1344 2617 βαδιοῦμαι
1386 2529 1817 2623 παραδείγματα.

252 2625 362 2678 Καί
391 2644 480 2697 μοι
511 2627 636 2696 λέγε
675 2628 810 2701 πρὸς
835 2631 967 2685 Θεοῦ
991 2650 1002 2663 ·
1035 2634 1100 2685 Τί
1139 2637 1260 2707 φῂς,
1300 2633 1345 2690 ὦ
1382 2640 1678 2712 Ὠρίγενεςς
1726 2646 1818 2698 πό-

249 2735 400 2789 τερον
427 2722 462 2790 ἡ
497 2721 632 2793 γυνὴ
659 2723 749 2775 τὸν
778 2723 1028 2795 Σαμουὴλ
1057 2726 1325 2798 ἀνήγαγεν
1347 2730 1493 2801 αὐτῷ
1523 2730 1752 2804 σώματι,
1785 2735 1817 2807 ἢ

249 2811 322 2881 τῷ
360 2830 426 2881 γε
477 2816 718 2885 σχήματι
763 2819 1119 2888 σκιογραφίας
1157 2821 1285 2875 εἴδει
1320 2825 1814 2898 περιϐεϐλημένοεκ

245 2901 308 2955 ΕΞ
357 2905 461 2974 μὲν
505 2901 599 2958 οὖν
629 2905 914 2977 ἀσώματον
943 2909 1213 2980 ἀνήγαγεν
1253 2913 1432 2978 αὐτὸν,
1464 2917 1562 2969 οὐκ
1593 2917 1700 2988 ἄρα
1728 2918 1816 2974 τὸν

246 2992 501 3064 Σαμουὴλ
523 2994 835 3068 ἀνέστησεν,
865 2997 997 3051 ἀλλά
1029 2999 1337 3071 πνεύματος
1363 3004 1534 3059 ἰδέαν·
1565 3008 1593 3059 6
1623 3007 1729 3082 γὰρ
1751 3010 1816 3063 ἐκ

1951 545 2150 604 matur,
2188 538 2370 611 flagris
2389 544 2618 600 caeditur
2631 555 2686 601 et
2711 547 2868 622 fugit,
2888 551 3222 612 habitatione
3238 561 3507 631 neglecta.

1951 628 2112 685 ullius
2141 631 2377 687 animam
2411 650 2663 696 evocare.
2689 639 2792 695 Sed
2820 643 2953 698 vidit
2975 662 3197 715 vesana,
3232 660 3291 706 ut
3313 656 3510 726 aptiori

1948 720 2118 792 ﬁgura
2149 740 2263 780 rem
2291 742 2456 797 quam
2491 730 2878 803 imaginatione
2913 739 3019 795 sibi
3054 743 3339 802 conﬁctam
3380 765 3511 806 con-

1945 823 2182 885 ceperat,
2211 830 2644 888 repraesentaret.
2670 825 2856 884 Bellua
2887 845 3122 905 namque
3141 851 3200 892 se
3227 839 3283 894 in
3307 843 3508 899 multas

1944 907 2231 980 variasque
2281 911 2486 972 formas
2525 925 2740 977 mutare
2801 929 3119 994 consuevit,
3166 937 3226 986 ut
3268 947 3392 990 cum
3427 936 3509 992 di-

1942 998 2070 1054 vino
2098 1001 2265 1058 Paulo
2303 1005 2480 1063 dicam
2511 1031 2524 1065 :
2559 1009 2679 1079 Ipse
2703 1015 2841 1070 enim
2870 1016 3099 1077 Satanas
3118 1032 3509 1087 transmutatur

1941 1086 1998 1141 in
2025 1092 2264 1161 angelum
2300 1095 2431 1152 lucis
2469 1098 2531 1154 “.
2573 1097 2720 1158 Nihil
2748 1105 2946 1162 mirum
2992 1109 3175 1184 itaque
3203 1115 3250 1170 si
3283 1117 3330 1172 is
3363 1086 3506 1176 inter

1940 1178 2336 1255 disserendum,
2364 1190 2542 1247 locum
2569 1193 2714 1252 hunc
2740 1196 3036 1270 Scripturae
3056 1178 3324 1277 apposuit,
3348 1221 3502 1271 ratus

1939 1273 2206 1342 exquisite
2234 1278 2544 1340 describere
2585 1302 2680 1343 eos
2715 1291 2806 1360 qui
2851 1293 3132 1352 veritatem
3159 1313 3498 1375 assererent,

1939 1363 2029 1416 cui
2063 1365 2116 1419 id
2141 1368 2375 1437 addidit,
2401 1384 2460 1428 ut
2489 1380 2763 1450 propriam
2781 1385 3128 1445 conﬁrmaret
3153 1398 3498 1467 sententiam,

1937 1458 2041 1512 etsi
2072 1461 2218 1517 nulla
2260 1473 2396 1522 arte.

2007 1549 2070 1604 V.
2113 1553 2180 1608 Et
2209 1572 2397 1626 quare,
2431 1562 2627 1633 inquit,
2673 1583 2781 1624 non
2822 1571 3025 1629 dictum
3058 1587 3177 1632 est:
3207 1580 3348 1637 Vidit
3377 1601 3497 1640 mu-

1937 1639 2034 1694 lier
2055 1642 2391 1715 amazoniam,
2422 1657 2560 1722 quod
2587 1658 2813 1728 ﬁngebat
2840 1681 2894 1717 se
2921 1681 3028 1721 esse
3050 1667 3342 1728 Samuelem
3360 1692 3379 1738 ;
3400 1679 3496 1733 sed

1936 1734 2202 1803 scriptum
2238 1755 2359 1795 esse
2388 1742 2512 1800 dein
2543 1747 2716 1804 dicit:
2754 1751 3025 1811 Intellexit
3051 1758 3188 1816 Saut
3214 1734 3370 1834 quod,
3393 1767 3496 1823 Sa--

1933 1826 2073 1879 mue!
2100 1839 2236 1884 esset
2255 1832 2336 1886 1'?
2364 1833 2576 1901 Quibus
2608 1845 2797 1911 paucis
2848 1847 3150 1920 interjectis
3180 1826 3364 1914 subdit
3396 1881 3408 1915 ε
3435 1859 3493 1916 Si

1933 1914 2150 1973 Samuel
2181 1935 2291 1975 non
2323 1935 2459 1990 erat,
2497 1931 2844 1990 scribendum
2872 1940 3094 1998 omnino
3125 1954 3275 2002 erat:
3306 1948 3374 2003 Et
3392 1967 3493 2021 pu-

1931 2005 2077 2061 tabat
2120 2008 2254 2064 Saul
2287 2014 2438 2070 illum
2478 2036 2588 2074 esse
2622 2022 2940 2087 Samuelem.
2981 2030 3139 2089 Nunc
3183 2054 3309 2095 vero
3350 2005 3488 2099 scri-

1927 2105 2078 2166 ptum
2103 2110 2184 2157 est
2212 2122 2226 2158 :
2261 2103 2512 2177 Cognovit
2541 2111 2694 2171 Saul.
2734 2116 2904 2175 Nemo
2933 2132 3110 2180 autem
3144 2134 3397 2202 cognovit
3432 2136 3486 2191 id

1927 2191 2068 2258 quod
2110 2207 2218 2249 non
2252 2205 2357 2252 est.
2390 2199 2661 2259 Intellexit
2704 2209 2879 2281 itaque
2910 2212 3064 2283 Saul,
3091 2191 3240 2287 quod
3271 2221 3488 2282 Samuel

1924 2289 2078 2334 esset.
2108 2283 2348 2342 Procidit
2379 2306 2575 2359 pronus
2604 2299 2658 2352 in
2691 2309 2910 2368 terram,
2949 2317 3001 2361 et
3035 2283 3275 2368 adoravit
3309 2317 3484 2375 illum.

1924 2369 2040 2426 Non
2069 2375 2286 2434 aliunde
2316 2383 2501 2452 petitis
2533 2393 2816 2462 exemplis,
2850 2399 2944 2453 sed
2995 2401 3065 2457 ab
3093 2403 3161 2459 iis
3198 2369 3486 2481 ipsis

1924 2467 2148 2536 scriptis
2183 2473 2480 2541 mandavit,
2521 2479 2626 2536 hoc
2678 2484 2737 2540 in
2779 2487 2900 2545 loco
2937 2467 3484 2568 interrogatione‘in-

1899 2559 2101 2615 stabo.
2151 2560 2388 2621 Tandem
2443 2579 2497 2625 et
2543 2575 2764 2646 reliquis
2810 2589 2931 2636 utar
2977 2559 3257 2659 exemplis.
3308 2591 3485 2651 Effare

1921 2664 2047 2721 ergo
2078 2653 2211 2708 mihi
2259 2673 2354 2728 per
2384 2659 2573 2729 Deum,
2610 2667 2749 2736 Quid
2784 2670 2872 2727 hic
2905 2675 3007 2742 ais,
3041 2677 3335 2752 Origenes?
3364 2685 3484 2741 Mu-

1920 2736 2020 2792 lier
2053 2747 2367 2802 evocavitne
2414 2750 2718 2812 Samuelem
2779 2776 2886 2817 una
2935 2781 3058 2822 cum
3108 2785 3356 2843 corpore,
3411 2793 3482 2832 an

1919 2831 2089 2900 ﬁgura
2124 2837 2331 2894 umbrae
2375 2850 2587 2900 tantum
2626 2849 2861 2923 imagine
2905 2831 3260 2920 obvolutum?
3291 2865 3348 2921 Si
3394 2871 3478 2924 in-

1917 2935 2238 2993 corporeum
2296 2931 2446 2987 illum
2495 2942 2762 3007 evocavit,
2808 2960 2918 3001 non
2963 2965 3092 3023 ergo
3146 2954 3474 3028 Samuelem,

1917 3013 2011 3068 sed
2042 3017 2270 3086 spiritus
2306 3022 2536 3082 formam
2575 3035 2859 3092 suscitavit
2893 3060 2905 3095 :
2938 3057 3003 3096 ex
3039 3047 3217 3102 anima
3247 3051 3392 3105 enim
3423 3064 3477 3109 et

244 3081 422 3154 ψυχῆς
455 3086 550 3138 καὶ
580 3084 828 3157 σώματος
849 3091 1190 3161 ἡρμοσμένος
1219 3086 1372 3158 οὗτός
1418 3098 1534 3149 ἐστι
1562 3081 1814 3171 Σαμουὴλ

246 3177 273 3206 λ
299 3178 583 3206 1-:n-.._.-
631 3182 655 3206 Χ
685 3183 877 3206 -.-ξ-η.
905 3183 977 3206 ι.-
995 3201 1037 3206 --.
1065 3185 1118 3206 ιρ-
1149 3187 1191 3206 2,,
1291 3190 1313 3204 ο
1381 3189 1393 3206 r
1451 3189 1491 3206 μ
1717 3195 1730 3206 θ
1761 3193 1802 3206 ιιι

2072 3081 2086 3086 _
2491 3081 2536 3082 ηε
2575 3081 2859 3092 ,κ-,.-....-
2893 3083 2905 3095 ι
2939 3081 3003 3096 ua
3039 3081 3217 3102 ιιιιιιιηι
3247 3081 3392 3105 CIIII"
3423 3081 3474 3109 Cl

1919 3119 2149 3176 corpore
2195 3117 2532 3185 compositas
2575 3123 2690 3195 ipse
2742 3137 2826 3182 est
2883 3131 3138 3206 Samuel;
3196 3141 3356 3198 homo
3406 3161 3474 3202 ex

243 3177 274 3230 6
295 3178 604 3250 ἄνθρωπος,
629 3182 657 3232 6
685 3183 877 3252 κρᾶσιν
901 3183 1038 3256 ἔχων
1062 3185 1119 3252 ἐξ
1141 3187 1341 3258 ἀμφοῖν
1370 3189 1654 3259 ἀνάλογον·
1684 3195 1731 3246 εί
1757 3193 1813 3246 δὲ

245 3267 515 3340 ὁλόσωμον
559 3272 718 3326 αὐτὸν
766 3274 1005 3344 ἀνήγαγε
1034 3276 1122 3331 τὸν
1155 3278 1342 3350 ἄνδρα,
1374 3280 1489 3344 πῶς
1516 3282 1613 3354 οὐχ
1643 3282 1815 3354 ἑώρα-

245 3377 334 3415 κεν
358 3364 525 3417 αὐτὸν
554 3365 583 3416 6
609 3365 812 3432 Σαούλ;
842 3370 888 3421 εί
909 3369 1015 3441 γὰρ
1033 3365 1100 3440 ἦν
1125 3371 1346 3441 αὐτοψεὶ
1367 3373 1696 3446 θεασάμενος
1717 3378 1807 3430 αὐ-

243 3455 347 3521 τὸν,
376 3459 480 3511 οὐκ
517 3458 584 3513 ἂν
625 3460 700 3524 ὡς
732 3462 1011 3518 ἀσλεπτῶν
1038 3465 1265 3538 ἐξήταζε
1290 3467 1385 3540 τὴν
1417 3472 1666 3536 γυναῖκα,
1703 3472 1808 3540 φά-

244 3562 381 3601 σκων
412 3551 690 3616 αὐτολεξεὶ
737 3553 816 3617 τό,
851 3557 910 3609 Tt'
938 3555 1230 3625 ἑώρακας
1270 3559 1476 3614 Οὐκοῦν
1508 3563 1555 3615 εί
1591 3563 1686 3632 μὲν
1719 3564 1810 3617 ἀό-

245 3653 398 3708 ρατος
430 3635 520 3711 ἦν,
551 3642 930 3712 ἀναμφιλόγως
957 3646 1244 3717 ἀσώματος
1272 3644 1340 3720 ἦν
1360 3667 1375 3681 ο
1409 3651 1457 3703 εἰ
1487 3651 1543 3705 δὲ
1579 3651 1806 3724 ἀσώμα-

241 3747 326 3794 τος
345 3734 586 3804 σχήματι
608 3735 927 3805 διεφαίνετο,
955 3739 1007 3792 τί
1026 3739 1222 3812 δήποτε
1244 3743 1551 3798 τούναντίον
1572 3743 1804 3818 ἔφραζεν

241 3821 274 3890 ἡ
301 3822 655 3895 πυθόμαντις,
671 3827 968 3898 ἑωρακέναι
997 3829 1095 3900 μὲν
1116 3831 1281 3903 ἄνδρα
1301 3833 1479 3905 ὄρθιον
1495 3835 1559 3889 ἐκ
1583 3836 1681 3907 τῆς
1700 3838 1803 3909 γῆς

240 3910 611 3982 ἀναϐαίνοντα,
669 3917 910 3974 διπλοΐδα
957 3921 1034 3987 δὲ,
1090 3923 1228 3977 κατὰ
1271 3925 1332 3979 τὸ
1381 3927 1611 3998 πρόσθεν
1659 3927 1798 3996 ἔθος,

239 4004 702 4077 ἀναϐεϐλημένως
741 4010 882 4082 Ἀρα
907 4008 999 4066 οὖν
1027 4012 1166 4067 αὐτὰ
1205 4013 1273 4068 τά
1308 4016 1605 4088 πράγματα
1634 4019 1799 4091 μάχε-

237 4095 321 4150 ταί
353 4114 446 4150 σου
479 4101 593 4161 τοῖς
609 4099 803 4169 λόγοις,
833 4095 877 4154 ὦ
910 4102 1209 4174 Ὠρίγενες’
1240 4108 1269 4159 6
1295 4107 1394 4179 μέν
1422 4126 1485 4178 γε
1509 4111 1678 4166 Σαοὺλ
1710 4113 1800 4166 ού-

235 4184 318 4239 6'?)
337 4187 476 4252 ὅλως
500 4190 757 4260 ἑωρακὼς
779 4191 852 4256 ὡς
875 4194 1000 4266 περὶ
1029 4197 1409 4268 φαντάσματος
1431 4200 1660 4272 ἀοράτου
1683 4203 1797 4259 δια-

234 4275 520 4350 λεγόμενος
545 4282 890 4349 ἐπυνθάνετο,
915 4286 994 4349 τὸ,
1040 4288 1101 4341 Τί
1125 4287 1418 4358 ἐώρακας;
1450 4293 1618 4347 είπών
1637 4312 1650 4325 ·
1681 4298 1714 4368 ή
1737 4296 1793 4350 δὲ

234 4373 536 4426 τούναντίον
554 4373 630 4438 ώς
650 4374 809 4428 αὑτὸν
833 4375 1112 4448 ἄνθρωπον
1136 4378 1314 4434 ἰδοῦσα
1338 4381 1606 4454 κέκραγεν
1625 4402 1638 4414 ·
1667 4387 1794 4439 Ἄν-

231 4457 336 4527 δρα
367 4461 568 4529 ὄρθιον
592 4461 982 4521 ἀναϐαίνοντα
1021 4468 1089 4521 ea
1131 4469 1240 4538 τῆς
1270 4470 1382 4540 γῆς
1401 4489 1413 4502 °
1443 4473 1582 4546 ὑπὲρ
1613 4475 1668 4529 δὲ
1697 4477 1789 4530 τοῦ
1823 4467 1868 4522 Ῑ)

230 4554 412 4606 πεῖσαι
463 4553 538 4617 ὡς
590 4555 747 4620 αὐτὸς
790 4556 1071 4635 ἄνθρωπός,
1113 4561 1246 4627 ἐστι,
1275 4563 1484 4619 δίδωσιν
1522 4567 1670 4639 αὑτῷ
1696 4570 1788 4623 καὶ

228 4647 454 4714 σημεῖον
479 4645 913 4720 ἐπιφθεγξαμένη
932 4667 945 4679 ·
977 4651 1084 4704 Καὶ
1112 4649 1288 4720 οὗτος
1313 4657 1788 4730 ἀναϐεϐλημένος

223 4733 520 4792 διπλοΐδα.
557 4738 624 4790 Τί
651 4737 764 4804 οὖν,
796 4733 842 4792 ὦ
869 4742 963 4812 τῆς
995 4743 1250 4815 ἀθεμίτου
1283 4751 1537 4818 μαντείας
1583 4754 1786 4826 ὑποθή-

224 4841 368 4894 μων,
393 4827 549 4900 εἴπερ
579 4829 869 4900 ἐτύγχανεν
896 4832 1052 4905 ἀνὴρ,
1073 4837 1172 4890 οὐκ
1192 4835 1328 4894 εἶδεν
1354 4841 1514 4896 αὐτὸν
1535 4847 1563 4898 6
1584 4846 1752 4900 Σαούλ
1772 4866 1786 4916 ;

223 4917 384 4982 ἐκτὸς
408 4922 456 4972 si
489 4921 648 4992 μήτοι
682 4923 776 4975 καὶ
800 4923 860 4976 τὸ
892 4926 1143 4999 αίσθητὸν
1167 4931 1321 5003 ὄμμα
1347 4934 1670 5003 τυφλώττειν
1693 4940 1790 4993 αύ-

220 5009 310 5064 τδν
339 5003 540 5078 εἴποις,
575 5015 854 5089 ώσπεροῦν
881 5019 1070 5090 ἀμέλει
1110 5025 1202 5078 καὶ
1223 5025 1283 5079 τὸ
1302 5026 1403 5091 τῆς
1425 5029 1629 5096 ἐννοίας
1655 5033 1787 5087 αὐτὸ

221 5100 276 5154 τὸ
307 5104 522 5176 νοητόν.

291 5283 380 5339 VI.
435 5288 574 5340 Ἀλλ’
607 5289 735 5355 ἴσως
780 5295 924 5364 ἐρεῖς
949 5296 1296 5372 ἁλισκόμενος
1339 5305 1597 5372 εὐπετῶς·
1644 5310 1784 5364 Αὐτὸ

213 5373 275 5428 τὺ
302 5378 408 5448 τῆς
439 5379 620 5450 ψυχῆς
649 5382 874 5455 ὄργανον
907 5389 1360 5468 ἀνθρωπόμορφον
1393 5399 1786 5472 ὲσχηματίζετο

213 5471 354 5524 κατὰ
384 5472 482 5543 τὴν
514 5473 682 5546 ὥραν,
709 5477 795 5530 ἵνα
823 5481 1082 5550 ἐπιφανὲν
1121 5485 1308 5559 ἐξείπῃ
1338 5496 1659 5567 προφητικῷ
1689 5515 1787 5569 μη-

211 5559 413 5631 νύματι
443 5563 755 5636 τὸμέλλον·
791 5564 877 5623 οἷα
920 5571 982 5643 δὴ
1031 5575 1167 5629 κατά
1209 5581 1335 5644 τοὺς
1374 5559 1572 5650 ’ύπνους
1613 5559 1784 5644 ἐνίοτε

1916 3201 2161 3273 utrisque
2193 3211 2541 3278 proportione
2573 3217 2805 3286 quadam
2846 3235 3078 3282 constat.
3114 3201 3170 3284 Si
3210 3249 3339 3290 vero
3362 3253 3474 3293 una

1914 3307 2038 3348 cum
2069 3303 2184 3352 toto
2235 3315 2464 3372 corpore
2520 3307 2697 3363 virum
2738 3317 3004 3383 evocavit,
3053 3309 3325 3391 quomodo
3364 3346 3474 3386 non

1912 3385 2046 3442 vidit
2077 3389 2228 3446 illum
2267 3393 2436 3450 Saul?
2468 3399 2668 3472 quippe
2697 3404 2743 3459 si
2770 3407 3022 3467 oculatus
3053 3385 3210 3472 testis
3239 3419 3357 3489 ipse
3390 3424 3473 3478 vi-

1910 3479 2103 3548 disset,
2145 3501 2254 3541 non
2285 3487 2676 3563 interrogasset
2711 3500 3014 3568 mulierem,
3061 3522 3124 3562 ac
3166 3511 3210 3566 si
3243 3527 3351 3569 non
3388 3517 3469 3570 νίς-

1909 3571 2082 3635 deret,
2123 3577 2216 3632 illa
2264 3579 2382 3649 ipsa
2423 3585 2588 3639 verba
2627 3592 2960 3650 enuntians:
2995 3597 3136 3665 Quid
3179 3604 3360 3662 vidisti
3380 3608 3469 3665 "7

1908 3663 2094 3734 Itaque
2133 3668 2178 3721 si
2202 3671 2484 3725 oculorum
2526 3673 2712 3748 eﬁ‘ugit
2756 3663 3029 3750 obtutum,
3062 3687 3269 3761 absque
3299 3663 3466 3752 dubio

1905 3763 1960 3809 et
2001 3762 2249 3830 corporis
2279 3778 2472 3834 expers
2499 3778 2638 3824 erat.
2687 3769 2746 3826 Si
2785 3778 3034 3846 corporis
3064 3795 3260 3853 expers
3292 3786 3465 3861 ﬁgura

1903 3850 2213 3919 apparebat,
2266 3861 2327 3908 ut
2372 3858 2502 3926 quid
2551 3861 2922 3932 pythomantis
2977 3850 3284 3944 oppositum
3317 3850 3467 3937 ilice-

1900 3938 1993 3995 bat
2015 3941 2096 3996 ’δε
2132 3943 2339 4002 Vidisse
2377 3949 2596 4021 quidem
2632 3953 2893 4013 hominem
2932 3938 3130 4021 rectam
3162 3978 3350 4027 eterra
3380 3991 3463 4031 sa-

1895 4310 2217 4379 aspexisset,
2253 4320 2514 4387 tanquam
2536 4319 2604 4377 de
2632 4323 3012 4394 phantasmate
3039 4329 3300 4391 invisibili
3333 4353 3454 4394 ser-

1897 4413 2112 4455 monem
2139 4403 2367 4475 habens,
2405 4409 2794 4486 interrogabat,
2838 4419 3130 4490 inquiens:
3158 4425 3302 4493 Quid
3327 4432 3456 4488 vidi-

1896 4490 2005 4544 sti?
2041 4489 2134 4546 llla
2165 4509 2330 4563 porro
2372 4513 2435 4552 ac
2466 4500 2513 4555 si
2541 4501 2815 4559 hominem
2845 4489 3042 4564 intuita
3082 4489 3298 4584 fuisset,
3341 4519 3454 4574 cla-

1891 4584 2060 4639 mavit
2096 4605 2108 4640 :
2160 4587 2342 4643 Virum
2377 4601 2602 4648 stantem
2650 4600 3010 4658 ascendentem
3062 4606 3126 4660 de
3171 4615 3312 4664 terra
3341 4626 3362 4667 :
3391 4622 3452 4668 ut

1890 4683 2071 4732 autem
2121 4679 2198 4733 illi
2254 4683 2506 4740 suaderet
2553 4687 2827 4746 hominem
2877 4710 3032 4762 esse,
3095 4709 3254 4757 notas
3303 4703 3452 4762 illius

1887 4779 2126 4835 enarrat,
2164 4773 2403 4832 subdens
2427 4797 2439 4832 :
2474 4778 2542 4833 Et
2569 4781 2652 4835 hic
2679 4785 2843 4854 pallio
2872 4789 3114 4846 amictus.
3143 4793 3322 4860 Quare
3347 4798 3450 4870 igi-

1887 4865 1996 4926 tur,
2050 4878 2084 4918 o
2120 4867 2398 4940 sacrilegae
2436 4873 2845 4935 vaticinationis
2894 4894 3211 4955 praeceptor,
3264 4889 3310 4943 si
3361 4891 3448 4946 vir

1885 4961 2022 5020 erat,
2055 4969 2167 5009 non
2191 4961 2405 5029 aspexit
2438 4962 2590 5019 illum
2625 4965 2790 5022 Saul?
2818 4971 2925 5027 nisi
2958 4973 3035 5028 illi
3063 4977 3224 5034 etiam
3256 4980 3445 5040 oculos

1883 5041 1978 5113 qui
2001 5046 2186 5103 sensui
2214 5050 2467 5118 subsunt,
2497 5057 2751 5115 caicutire
2779 5061 2916 5119 velis
2938 5063 3224 5135 afﬁrmare,
3256 5087 3445 5147 quenh

1883 5131 2177 5192 admodum
2207 5138 2472 5199 duntaxat
2507 5152 2562 5201 et
2603 5146 2914 5211 intellectus
2952 5169 3014 5211 ea
3052 5174 3181 5229 pars
3206 5131 3326 5233 quae
3360 5164 3442 5222 im

1884 5225 2183 5296 telligibile.
2686 5244 2698 5256 °

1957 5315 2045 5370 Vl.
2089 5318 2196 5375 Sed
2243 5336 2366 5378 cum
2419 5325 2565 5385 facili
2617 5336 2834 5406 negotio
2878 5340 3168 5412 refellaris,
3207 5345 3439 5406 fortasse

1882 5408 2055 5476 dicas,
2089 5421 2219 5472 tunc
2248 5432 2510 5490 organum
2559 5430 2752 5487 anima:
2773 5432 2828 5489 in
2881 5437 3115 5512 speciem
3148 5440 3433 5500 humanam

1883 5501 2224 5563 eﬁ‘ormatum
2249 5509 2439 5583 fuisse,
2483 5526 2542 5574 ut
2591 5537 2860 5594 apparens
2900 5501 3216 5602 prophetico
3244 5535 3429 5591 vatici-

1882 5593 1975 5650 nio
2001 5593 2184 5653 futura
2227 5605 2545 5673 praediceret
2579 5633 2590 5670 :
2624 5593 3077 5690 quemadmodum
3105 5625 3161 5682 in
3205 5627 3432 5691 somniis

249 5746 288 5778 η
332 5745 398 5801 ιι
424 5745 554 5806 Cor.
591 5754 775 5819 “.14.
854 5757 895 5791 “
919 5757 1103 5834 Iﬂeg.
1132 5777 1326 5838 .xxvul,
1346 5767 1474 5863 14η
1513 5770 1561 5864 ξ
1585 5770 1734 5866 ibid:

1930 5781 2126 5872 'fibid.
2164 5786 2276 5862 it,
2335 5747 2342 5754 ’

1513 5853 1561 5864 ν
