4080 6334
572 342 583 351 '
616 322 723 380 625

1626 324 1684 383 S.
1726 322 2095 380 EUSTA'I‘HII
2119 322 2424 381 EPISCOPI
2460 324 2882 382 ANTIOCHENI

3751 326 3868 388 εει

616 442 945 517 quandoque
1000 448 1055 500 et
1111 442 1341 514 spiritus
1394 450 1449 497 et
1499 443 1694 500 animae
1745 444 2003 501 omnibus
2064 446 2166 501 suis

2284 444 2567 519 πνεύματα
2602 445 2695 501 καὶ
2714 445 2883 517 ψυχαὶ
2908 446 3020 511 τοῖς
3049 443 3355 518 ἀνθρώποις
3374 442 3691 515 ἐφίστανται
3715 465 3874 520 παμ-

618 533 879 593 membris
913 533 1198 599 absoluta,
1233 534 1613 604 humanasque
1642 535 1845 595 formas
1876 553 1986 609 pne
2021 552 2078 593 se
2109 538 2184 594 fe-

618 633 822 692 rentes,
850 624 1178 694 adveniunt;
1239 626 1295 683 in
1341 627 1544 698 quibus
1578 643 1684 683 non
1717 642 1846 697 una,
1898 629 1992 685 sed
2034 632 2183 686 varia

619 718 934 775 indumenta
983 718 1311 789 conspicics,
1349 736 1451 776 nec
1499 736 1608 775 non
1642 721 1985 787 cicatricum,
2027 734 2181 795 typo-

616 824 734 863 rum
776 807 1144 879 vibicumque,
1179 808 1310 879 quin
1346 818 1399 863 et
1436 809 1714 880 plagarum
1757 818 1811 865 et
1853 812 2183 867 vulneratio-

614 916 747 956 num
794 908 953 957 notas
1006 901 1323 972 impressas.
1376 900 1433 956 Si
1476 903 1644 973 igitur
1699 903 1934 958 animam
1970 910 2179 960 tantum

611 1002 927 1061 evocatam,
982 1010 1087 1049 nou
1137 999 1259 1067 ipso
1300 1010 1528 1066 corpore
1574 994 1846 1051 hominem
1896 996 2177 1065 decernis;

612 1080 759 1156 quod
790 1088 954 1142 etiam
989 1087 1034 1143 si
1069 1089 1327 1153 volueris,
1367 1088 1665 1160 Scriptura:
1698 1089 1871 1146 series
1902 1106 2009 1145 non
2047 1106 2179 1148 eon-

613 1181 804 1248 cedet;
860 1182 1072 1236 tibimet
1111 1183 1211 1253 ipsi
1249 1184 1547 1254 pugnantia
1599 1186 1986 1259 contrariaque
2030 1188 2176 1259 loqui

611 1290 721 1331 non
754 1276 992 1347 percipis
1011 1273 1270 1346 ?Hocque
1294 1276 1389 1331 tibi
1415 1276 1615 1347 aliquis
1643 1291 1940 1349 opponeret
1964 1298 1974 1333 :
1998 1281 2178 1349 Quare

609 1381 719 1420 non
770 1366 906 1420 dixit
950 1366 1186 1419 mulier:
1218 1363 1582 1435 Proplteticam
1629 1370 1863 1423 animam
1914 1369 2040 1437 vidi,
2081 1372 2174 1427 sed

610 1458 943 1530 oppositum,
991 1459 1158 1512 virum
1195 1461 1467 1515 erectum?
1508 1467 1561 1515 et
1589 1461 1858 1528 eamdem,
1895 1479 2057 1533 quam
2094 1463 2177 1519 in-

610 1552 737 1607 nuis
772 1551 1062 1616 rationem,
1097 1567 1267 1621 quare
1301 1549 1583 1623 Scriptura
1606 1566 1727 1609 'non
1761 1553 1836 1609 ita
1858 1554 2019 1610 effata
2047 1564 2172 1611 est:

618 1640 766 1697 Vidit
797 1642 985 1697 mulier
1010 1642 1350 1709 dwmom’um,
1382 1642 1520 1713 quod
1552 1645 1783 1716 ﬁngebat
1826 1662 1880 1701 se
1926 1664 2039 1701 esse
2072 1647 2174 1703 Sa-

609 1736 869 1794 muelem.’
900 1734 1012 1791 Hac
1045 1735 1234 1807 utique
1264 1735 1475 1791 ratione
1515 1753 1615 1809 ego
1636 1738 1732 1794 tibi
1771 1754 2052 1811 opponens
2077 1740 2176 1798 ob-

2295 539 2464 611 μελεὶ,
2488 539 2614 603 τοὺς
2633 537 2998 611 ἀνθρωπείους
3029 537 3461 609 ἐπιδεικνύμεναι
3492 540 3871 612 χαρακτῆραςο

2289 633 2350 686 ού
2387 632 2493 705 μὴν
2524 631 2659 687 ἀλλά
2694 649 2756 701 γε
2785 632 2879 685 καὶ
2908 631 3137 701 διάφορα
3182 630 3275 683 καὶ
3308 630 3529 685 ποικίλα
3575 631 3873 704 φοροῦντες

2290 725 2592 797 ἐσθήματα,
2622 724 2715 778 καί¹
2743 725 3016 797 σημασίας
3046 721 3237 788 οὐλῶν,
3273 722 3306 795 ἢ
3342 724 3637 796 κτύπων,ῆ
3673 723 3874 796 μωλώ-

2289 835 2405 871 πων
2450 817 2856 889 ἐπιφερόμενοι,
2890 815 2983 870 καὶ
3012 814 3253 887 πληγῶν,
3284 814 3319 887 ἢ
3350 813 3627 886 τρώσεων.
3657 815 3721 869 Et
3752 816 3873 869 τοί-

2279 922 2382 964 ’νυν
2413 907 2570 982 όρίξῃ
2605 908 2780 981 ψυχὴν
2811 907 3041 979 ἀνῆχθαι
3078 908 3257 979 μόνον,
3290 906 3405 960 ἀλλ’
3431 907 3532 961 ούκ
3578 906 3873 979 ἄνθρωπον

2285 1000 2433 1073 αὐτῷ
2458 1000 2669 1073 σώματι
2716 1000 2857 1071 (οὐδὲ
2880 999 2989 1070 γὰρ
3009 1002 3057 1053 εί
3080 997 3259 1070 βούλει
3284 998 3466 1052 δίδωσί
3494 1015 3575 1053 σοι
3599 998 3662 1052 τὸ
3687 1000 3871 1071 γράμο

2289 1095 2419 1168 μα),
2470 1094 2749 1166 μαχόμενα
2797 1093 2895 1165 μὲν
2947 1092 3125 1164 ἐαυτῷ
3158 1091 3428 1156 θεσπίζων
3456 1092 3553 1145 ούκ
3584 1091 3866 1167 alaeam;

2285 1186 2619 1261 Σαυτὺν(5“)
2635 1187 2691 1241 δὲ
2715 1186 2872 1240 τοῦτό
2896 1204 2979 1251 τις
2996 1184 3386 1257 ἀνθυποφέρων
3404 1188 3521 1257 ἐρεῖ
3540 1202 3622 1238 σοι
3637 1202 3651 1215 ·
3681 1185 3749 1237 Τί
3778 1184 3870 1257 δή-

2285 1300 2414 1335 ποτε
2445 1282 2545 1335 οὐκ
2572 1276 2723 1335 εἶπεν
2752 1282 2784 1352 ἡ
2812 1279 2970 1352 γυνὴ,
3006 1278 3389 1347 Προφητικὴν
3420 1275 3584 1332 εἶδον
3620 1278 3864 1348 ψυχὴν,

2283 1373 2416 1429 ἀλλὰ
2431 1372 2756 1436 τούναντίον,
2777 1368 2964 1438 ἄνδρα
2987 1369 3185 1438 ὄρθιον
3196 1384 3215 1432 ;
3234 1361 3277 1436 ᾧ
3292 1367 3401 1440 γὰρ
3414 1366 3624 1439 ἔφησθα
3644 1368 3861 1440 τρόπῳ,

2283 1465 2376 1520 καὶ
2402 1464 2543 1518 διατί
2581 1462 2755 1533 λέγων
2779 1462 2879 1515 ούκ
2912 1462 3152 1533 είρηται’
3182 1456 3362 1515 Εἶδον
3388 1462 3426 1529 ἡ
3451 1459 3606 1530 γυνὴ
3630 1459 3863 1531 ⁴δαιμό-

2281 1575 2413 1613 νιον
2468 1556 2500 1610 ὃ
2554 1552 2966 1625 προσεποιεῖτο
3010 1549 3160 1610 εἶναι
3212 1552 3531 1623 rapam”;
3559 1552 3752 1624 Τούτῳ
3780 1552 3864 1625 τῷ

2279 1648 2423 1720 λόγῳ
2470 1647 2635 1719 φαίην
2680 1645 2747 1701 ἂν
2790 1644 3194 1714 ἀνθυπενέγκας
3243 1643 3418 1713 ἔγωγε
3437 1661 3451 1674 ⁸
3483 1644 3643 1708 Τίνος
3667 1644 3859 1712 ἕνεκα,

2279 1739 2455 1811 ψυχῆς
2499 1738 2839 1811 ἀναχθείσης,
2890 1737 2988 1791 οὐκ
3037 1738 3256 1810 εῖρηκεν
3302 1736 3604 1808 ἑωρακέναι
3654 1736 3857 1809 ψυχὴν,

531 1887 535 1893 ,
604 1828 830 1899 jicerem
853 1826 1064 1895 :Quare
1085 1836 1308 1884 evocata
1335 1830 1517 1884 anima
1548 1846 1656 1885 non
1682 1831 1819 1886 dixit
1845 1834 2083 1888 animam
2112 1850 2166 1891 se

2271 1833 2427 1905 εἴπερ
2453 1831 2622 1896 οὕτως
2654 1827 2818 1902 εῖχεν,
2876 1830 2989 1885 ἀλλ’
3011 1831 3075 1883 ἐκ
3102 1829 3210 1883 τῶν
3234 1829 3490 1884 ἐναντίων
3516 1829 3731 1898 ἄνδρα,
3763 1831 3859 1885 καὶ

605 1919 829 1987 vidisse,
878 1920 925 1976 si
989 1937 1078 1978 res
1118 1922 1192 1976 ita
1238 1937 1298 1977 se
1348 1922 1591 1988 haberet,
1631 1923 1764 1995 quin
1809 1926 2166 1993 contrarium,

604 2013 861 2068 hominem
888 2020 942 2069 et
970 2012 1116 2067 hunc
1143 2022 1396 2078 erectum,
1434 2013 1582 2085 quod
1610 2015 1947 2072 habitudinis
1977 2032 2171 2089 corpo-

603 2119 731 2172 reae,
786 2105 1042 2177 illiusque
1091 2114 1254 2161 certae
1303 2105 1487 2177 figura:
1531 2108 1748 2179 signum
1802 2111 1928 2165 est?
1960 2110 2170 2183 Quippe

603 2211 807 2253 maenas
856 2198 946 2253 illa
1010 2198 1232 2253 minime
1280 2214 1339 2255 se
1381 2198 1587 2255 vidisse
1632 2199 1934 2256 afﬁrmabat
1983 2219 2168 2260 senem

602 2290 912 2359 gibbosum,
958 2291 1267 2358 incurvum,
1311 2291 1407 2348 sed
1445 2299 1704 2361 stantem,
1739 2293 2039 2358 intensum,
2084 2295 2170 2351 di-

600 2391 832 2451 rectum,
863 2384 1090 2455 juvenili
1125 2381 1318 2439 ardore
1348 2382 1546 2439 bellum
1580 2385 1929 2453 ambientem,
1969 2388 2035 2442 ad
2081 2404 2169 2445 ne-

600 2473 805 2546 quitias
844 2484 1178 2547 promptum,
1220 2491 1423 2532 vesano
1458 2476 1608 2532 Sauli
1646 2476 1893 2535 fraudem
1924 2479 2164 2549 faciens;

602 2575 764 2637 atque
790 2566 923 2621 illud
962 2568 1224 2623 suadebat
1266 2566 1609 2640 argumento,
1654 2570 1801 2641 quod
1831 2569 1994 2626 homo
2022 2581 2168 2629 esset

600 2660 696 2731 qui
729 2661 1057 2718 ascendebat
1086 2679 1117 2717 e
1164 2669 1333 2728 terra,
1368 2680 1603 2737 eumque
1628 2665 1867 2737 diploide
1905 2668 2166 2724 amictum

600 2749 892 2808 fatebatur.
924 2751 1066 2821 Quid
1096 2753 1260 2826 igitur
1300 2755 1571 2826 quispiam
1604 2756 1693 2812 hic
1728 2756 1912 2815 dicere
1943 2763 2168 2830 posset?

600 2843 649 2900 si
684 2844 769 2900 vir
794 2845 883 2901 ille
905 2847 1182 2919 prodiens,
1212 2848 1331 2919 ipso
1359 2858 1663 2922 emergeret
1693 2865 1949 2924 corpore,
1982 2868 2166 2910 nonne

598 2950 723 2991 eum
774 2934 905 2992 Saul
938 2938 1183 3004 vidisset,
1228 2955 1403 3011 neque
1461 2943 1530 2998 ab
1582 2943 1691 2998 alio
1736 2945 1863 3015 quis
1901 2945 1952 3001 is
1994 2955 2160 3009 esset,

598 3029 757 3100 quasi
807 3031 1051 3087 caecitate
1099 3033 1410 3105 perculsus,
1470 3043 1765 3092 conaretur
1814 3036 2163 3108 perdiscere?

599 3118 769 3194 Igitur
816 3138 903 3180 res
934 3123 1053 3195 ipsa
1101 3125 1301 3180 clamat
1341 3142 1466 3182 eum
1520 3127 1794 3184 hominem
1826 3145 1936 3185 non
1970 3129 2160 3198 fuisse,
2190 3164 2233 3222 ο

598 3214 696 3271 sed
742 3214 1011 3280 umbram,
1061 3225 1121 3270 ut
1172 3215 1402 3283 videtur,
1445 3220 1737 3275 obscuram
1786 3228 1840 3276 et
1889 3221 2157 3288 fallacem,

596 3317 775 3375 neque
806 3306 952 3360 enim
995 3305 1185 3362 oculos
1215 3305 1463 3379 fugisset.
1507 3308 1573 3364 Et
1602 3310 1649 3366 si
1682 3311 1947 3381 opinaris,
1971 3310 2163 3383 Orige-

597 3413 719 3462 nes,
752 3400 989 3454 animam
1040 3398 1311 3457 Samuelis
1358 3402 1470 3457 illic
1517 3401 1706 3468 fuisse,
1757 3420 1927 3475 quare
1962 3406 2163 3461 umbra

600 3491 692 3546 illa
729 3492 985 3548 obvoluta
1013 3492 1249 3563 diploide
1275 3495 1609 3566 apparebat?
1640 3495 1985 3553 Manifestum
2008 3498 2163 3569 equi-

599 3581 724 3637 dem
754 3592 836 3638 est
859 3590 1058 3649 vestes,
1090 3584 1427 3651 indumenta,
1458 3600 1559 3641 nec
1594 3601 1699 3641 non
1731 3587 2009 3643 involucra
2039 3603 2163 3643 cor-

598 3673 825 3745 poribus
856 3674 1061 3745 potius,
1096 3690 1261 3747 quam
1292 3678 1577 3733 animabus
1607 3678 1918 3733 convenire.
1949 3676 2161 3733 Etenim

597 3778 709 3821 non
751 3764 1003 3821 existimo
1052 3773 1107 3821 te
1151 3768 1356 3823 urbane
1401 3767 1682 3839 faceteque
1741 3768 2161 3840 respondentem

598 3857 764 3915 etiam
792 3872 891 3930 per
917 3858 1317 3916 simulationem
1349 3860 1644 3927 dicturum,
1675 3861 1969 3933 diploidem
2008 3863 2158 3918 illam

598 3960 681 4010 tot
724 3953 883 4010 annis
922 3954 977 4008 in
1008 3954 1260 4026 sepulcro
1288 3953 1357 4009 ad
1390 3953 1537 4009 illam
1564 3944 1721 4010 diem'
1753 3964 2156 4023 conservatam,

600 4052 661 4101 ut
687 4046 965 4116 prophetae
985 4046 1168 4103 anima
1199 4047 1516 4111 vestiretur,
1562 4062 1661 4101 nec
1695 4048 1841 4104 nuda
1872 4049 1999 4106 hinc
2032 4052 2159 4108 inde

601 4137 860 4193 aberrans
887 4137 1126 4210 degeret.
1157 4136 1223 4192 Et
1254 4154 1386 4194 sane
1416 4137 1621 4194 diceret
1650 4138 1923 4210 quispiam
1948 4142 2158 4197 nullum

600 4232 868 4304 ignorare,
919 4230 1125 4288 sanctis
1153 4246 1184 4287 e
1230 4232 1371 4287 caelo
1415 4231 1731 4287 indumenta
1772 4233 1976 4304 parari,
2022 4235 2159 4290 nulli

598 4322 939 4394 corruptioni
984 4323 1239 4388 obnoxia,
1291 4324 1454 4379 claris
1491 4322 1793 4380 luminibus
1823 4324 1932 4379 late
1977 4325 2159 4395 splen-

598 4415 804 4481 dentia,
836 4431 947 4471 non
976 4416 1117 4472 male
1142 4416 1370 4472 textoris
1403 4414 1613 4487 pectine
1641 4430 1922 4486 percussa.
1955 4414 2158 4473 Verum

2271 1926 2456 1981 τοῦτον
2516 1925 2736 1995 ὄρθιον,
2764 1926 2899 1997 ὅπερ
2927 1925 3043 1977 ἐστὶ
3096 1922 3381 1993 γνώρισμα
3409 1926 3732 1996 σωματικῆς
3764 1924 3855 1977 εύ-

2270 2017 2451 2085 εξίαςς
2487 2019 2548 2071 ού
2572 2018 2679 2089 γὰρ
2730 2016 3092 2089 ἀμφίκυρτον,
3140 2014 3259 2068 οὐδὲ
3304 2014 3576 2084 κεκυφότα
3624 2015 3860 2087 γέροντα

2271 2110 2493 2182 θεωρεῖν
2530 2108 2762 2179 ἔφασκεν
2788 2109 2822 2180 ἡ
2851 2107 3066 2180 μαινὰς,
3097 2108 3211 2163 ἀλλ’
3236 2106 3440 2178 ϐρθιον,
3477 2108 3856 2179 ἐντεταμένον,

2271 2200 2671 2273 ἀπηυθυμένον,
2702 2203 2781 2266 είς
2800 2200 3033 2272 πόλεμον
3052 2201 3139 2254 ἀεὶ
3162 2200 3440 2265 νεάζοντα,
3477 2201 3607 2272 περὶ
3630 2200 3733 2264 τὰς
3756 2200 3857 2271 τῆς

2271 2297 2469 2361 κακίας
2492 2296 2787 2359 ἀναδόσεις
2816 2296 3001 2369 ἀπάτῃ
3029 2296 3086 2350 δέ
3116 2295 3206 2351 τὸν
3238 2294 3474 2367 ἔκφρονα
3498 2292 3854 2363 δελεάζουσα,

2271 2389 2481 2461 σημείῳ
2541 2388 2639 2459 μὲν
2693 2376 2905 2442 ἔπειθεν
2949 2386 3142 2453 αὑτὸν,
3175 2387 3252 2451 ὡς
3296 2386 3580 2458 ἄνθρωπός
3632 2389 3785 2441 ἐστιν
3823 2387 3856 2440 ό

2269 2479 2432 2535 ἀνιὼν
2464 2482 2529 2534 ἐκ
2553 2483 2652 2552 τῆς
2677 2481 2779 2551 γῆς
2804 2519 2820 2544 ,
2853 2478 3253 2551 ἀναϐεϐλῆσθαι
3278 2479 3337 2534 δὲ
3366 2479 3529 2533 αύτδν
3558 2479 3750 2549 ἔφαινε
3775 2478 3827 2533 δι

2269 2567 2476 2623 πλοῖδα.
2507 2568 2571 2621 Τί
2593 2563 2687 2622 οὖν
2714 2567 2878 2640 (εἴποι
2892 2585 2973 2632 τις
2992 2567 3102 2640 iv);
3120 2562 3276 2641 εἴπερ
3304 2567 3450 2641 αύτῷ
3476 2568 3689 2641 σώματι
3720 2585 3855 2643 προ-

2268 2659 2488 2715 κύπτων
2540 2662 2834 2732 ἐτύγχανεν
2880 2660 3039 2740 ἀνὴρ,
3069 2661 3172 2715 οὐκ
3220 2660 3287 2716 ἂν
3341 2661 3587 2735 ἑώρακεν
3632 2664 3799 2718 αὑτὸν
3824 2667 3855 2719 ό

2266 2752 2474 2818 Σαοὺλ,
2532 2753 2668 2808 ἀλλά
2718 2754 2847 2825 παρ’
2878 2752 3067 2825 ἐτέρου
3125 2752 3370 2825 βούλεται
3432 2754 3623 2826 μαθεῖν
3666 2754 3857 2821 όποίός

2267 2848 2433 2911 ἐστιν,
2463 2845 2538 2911 ὡς
2575 2846 2809 2919 ἀορασίᾳ
2855 2846 3119 2918 πληγείς;
3165 2846 3370 2901 Ούκοῦν
3403 2847 3542 2902 αύτά
3591 2848 3663 2901 τά
3710 2849 3855 2920 πρά-

2266 2955 2449 3009 γματα
2483 2936 2772 3011 κέκραγεν,
2790 2936 2865 3000 ὼς
2890 2934 3173 3008 ἄνθρωπος
3203 2937 3301 3007 μὲν
3325 2936 3425 2989 οὐκ
3446 2931 3536 3008 ἦν,
3558 2935 3690 2991 ἀλλά
3714 2938 3852 2990 σκιά

2264 3048 2368 3096 τις,
2400 3030 2475 3095 ὡς
2507 3029 2702 3093 ἔοικεν,
2734 3028 2948 3099 ἀφανής
2967 3044 2981 3057 ⁸
3012 3029 3074 3081 ού
3100 3028 3209 3099 γὰρ
3233 3027 3299 3082 ἂν
3330 3027 3559 3099 ἀόρατος
3582 3022 3669 3100 ἦν.
3698 3027 3764 3081 Et
3788 3027 3851 3082 δὲ

2266 3121 2523 3196 νομίζεις,
2541 3122 2829 3195 Ὧρίγενες,
2872 3122 2953 3175 ὅτι
2977 3121 3123 3194 ψυχὴ
3148 3120 3242 3174 τοῦ
3284 3120 3536 3192 Σαμουὴλ
3556 3120 3853 3191 ἐτύγχανεν

2264 3214 2471 3280 αὐτόθι,
2528 3213 2670 3267 διατί
2717 3212 2960 3268 διπλοΐδα
3005 3211 3467 3285 περιϐεϐλημένον
3518 3213 3735 3284 ἑωρᾶτο
3786 3210 3850 3265 τδ

2264 3306 2487 3377 φάσμα;
2536 3303 2793 3376 Προδήλῳ
2854 3302 2983 3373 γοῦν
3057 3303 3374 3372 ἐκφαίνεται
3427 3302 3717 3376 σημασία,
3771 3301 3849 3368 ὡς

2263 3398 2478 3452 ᾶπαντα
2505 3394 2574 3449 τά
2603 3395 2702 3467 τῆς
2748 3394 2973 3466 ἐσθῆτος
3019 3394 3290 3466 ἐνδύματα
3334 3395 3429 3449 καὶ
3479 3396 3846 3466 σκεπάσματα

2266 3486 2481 3561 σώμασι
2498 3487 2680 3554 πλέον,
2708 3487 2822 3541 ἀλλ’
2840 3488 2901 3541 ού
2918 3486 3115 3558 ψυχαῖς
3132 3487 3413 3559 ἁρμόττει·
3438 3487 3500 3540 ού
3527 3488 3638 3560 γὰρ
3661 3489 3844 3559 οἴομαί

2264 3600 2323 3637 σε
2354 3582 2523 3654 φῆσαι
2552 3581 2613 3653 (ί.
2650 3582 2869 3653 φήσειν)
2902 3580 3020 3652 μεθ’
3048 3580 3388 3651 ὑποκρίσεως
3436 3580 3841 3654 ἀστεϊζόμενον,

2260 3675 2342 3730 ὅτι
2361 3674 2668 3746 μεμένηκεν
2689 3673 2722 3744 ἡ
2741 3670 2944 3735 διπλοῖς
2966 3670 3058 3724 ἐπὶ
3075 3668 3170 3724 τοῦ
3188 3670 3360 3741 τάφου
3374 3671 3649 3734 τοσούτοις
3662 3671 3844 3725 ἐτεσιν

2262 3759 2391 3833 ἄχρι
2437 3758 2599 3830 τῆσδε
2644 3759 2743 3829 τῆς
2771 3758 3005 3830 ἡμέρας,
3042 3758 3128 3811 ἵνα
3169 3759 3202 3829 ἡ
3240 3757 3386 3832 ψυχὴ
3413 3758 3506 3812 τοῦ
3556 3761 3841 3833 προφῆτιν

2262 3854 2437 3925 φορῇ,
2474 3852 2547 3924 μή
2583 3868 2659 3922 πη
2683 3850 2793 3923 ἄρα
2821 3850 3001 3922 γυμνὴ
3036 3848 3323 3920 βαδίζουσα
3351 3851 3545 3920 διάγοι·
3581 3856 3842 3923 καίτοιγε

2263 3944 2396 4017 φαίη
2450 3961 2533 4009 τις
2561 3943 2649 4011 ἂν,
2671 3942 2746 4008 ὡς
2767 3941 2941 4007 οὐδεὶς
2968 3942 3140 3996 ἐοικεν
3159 3944 3396 4011 ἀγνοεῖν,
3420 3944 3501 3997 ὃτι
3528 3945 3641 4008 τοῖς
3663 3944 3843 4013 ἁγίοις

2264 4036 2560 4109 ἁδιάφθορα
2591 4034 2850 4108 πάρεστιν
2880 4033 3167 4105 οὐρανόθεν
3193 4033 3462 4105 ἐνδύματα
3486 4033 3842 4103 φεγγοϐόλοις

2261 4129 2607 4201 ἐκλάμποντα
2635 4129 3044 4201 μαρμαρυγαῖς,
3074 4126 3187 4181 ἀλλ’
3215 4128 3315 4181 οὐκ
3336 4126 3562 4197 ἐσθῆτος
3585 4127 3841 4199 ὑφάσμα-

2261 4240 2327 4277 τα
2357 4220 2618 4285 ποικίλοις
2647 4219 2961 4291 εύδιάφορα.
2988 4214 3053 4273 Εἰ
3084 4218 3142 4271 δὲ
3167 4217 3266 4291 τὴν
3298 4217 3390 4273 τοῦ
3425 4217 3681 4291 Σαμουὴλ
3725 4220 3841 4290 ὁρί-

2263 4313 2331 4386 ζῃ
2353 4310 2528 4382 ψυχὴν
2563 4311 2660 4383 μὲν
2691 4305 2829 4364 εἶναι
2852 4309 2950 4382 τὴν
2976 4308 3252 4379 ὀφθεῖσαν,
3285 4309 3497 4381 ἱμάτιον
3521 4308 3708 4381 μέντοι
3732 4311 3840 4382 φῂς

2262 4405 2533 4476 ἑωρᾶσθαι
2563 4403 2683 4458 κατ’
2717 4402 2944 4466 ἔννοιαν,
2974 4401 3039 4455 ἵν’
3070 4404 3099 4455 ό
3134 4402 3237 4472 τῆς
3278 4402 3588 4476 ἱερουργίας
3612 4401 3837 4474 ἔκδηλος

598 4506 648 4565 si
675 4505 943 4562 Samuelis
984 4498 1220 4560 an'imam
1252 4514 1527 4577 spectrum
1562 4504 1694 4560 illud
1727 4502 1898 4562 fuisse
1939 4506 2157 4577 statuis,

2270 4495 2348 4568 εἴη
2396 4496 2597 4569 τρόπος
2640 4494 2959 4567 (ἀμφότερα
3005 4494 3061 4549 δὲ
3105 4493 3279 4548 ταῦτα
3312 4494 3514 4566 νοητῶν
3543 4496 3661 4549 ἐστι
3696 4512 3859 4569 πρα-.

598 4596 908 4669 asserisque
952 4604 1155 4652 vestem
1193 4602 1404 4649 tantum
1444 4594 1722 4650 intellectu
1761 4593 2152 4665 deprehensam

598 4687 789 4752 fuisse,
828 4697 887 4742 ut
929 4684 1075 4741 illius
1113 4683 1446 4740 cteremoniae
1490 4683 1628 4738 ratio
1667 4681 2151 4751 manifestaretur;

596 4783 829 4848 utraque
884 4790 1013 4832 vero
1056 4775 1170 4829 haec
1224 4772 1644 4846 intelligibilium
1701 4788 1883 4828 rerum
1936 4774 2155 4845 propria

595 4875 725 4925 sunt
747 4887 761 4924 :
786 4867 1128 4925 convincitur
1149 4865 1283 4921 nihil
1312 4879 1503 4921 sanum
1530 4879 1827 4936 verumque
1857 4864 2153 4921 mamadem

593 4961 743 5018 illam
791 4959 1073 5017 eﬂ'utiisse.
1128 4955 1238 5014 Res
1290 4956 1435 5011 enim
1477 4954 1638 5011 aliter
1668 4970 1732 5010 ac
1782 4968 1843 5011 se
1883 4954 2157 5012 habebant

591 5050 935 5116 enuntiabat,
965 5063 1152 5105 eorum
1190 5046 1413 5103 nomina
1457 5061 1578 5117 qua:
1626 5045 1730 5102 sub
1759 5060 1923 5101 sensu
1953 5045 2156 5103 cadunt

593 5142 888 5207 invertens,
911 5149 965 5200 et
990 5139 1380 5203 intellectualia
1409 5138 1791 5195 manifestans.
1836 5137 2018 5193 Virum
2048 5140 2155 5196 ita-

2262 4589 2487 4661 γμάτων
2519 4587 2671 4658 ἴδια),
2708 4587 3029 4660 συνέστηκεν
3063 4590 3138 4650 ὡς
3166 4587 3317 4641 οὐδὲν
3346 4587 3513 4655 ὑγιὲς,
3548 4587 3674 4641 οὐδὲ
3705 4587 3840 4661 ἀλη-

2262 4682 2371 4747 θῶς
2418 4680 2746 4754 ἀπήγγειλεν
2790 4682 2823 4753 ἡ
2884 4680 3114 4752 μαινάς⁸
3159 4678 3323 4752 ἐτερα
3350 4680 3458 4751 γὰρ
3491 4679 3647 4750 ἔλεγε
3685 4679 3837 4753 παρά

2261 4775 2330 4831 τὰ
2376 4774 2523 4840 ὅντα,
2558 4773 2629 4827 τά
2677 4773 2785 4829 τῶν
2832 4772 3103 4845 αίσθητῶν
3152 4772 3391 4844 ὀνόματα
3419 4773 3834 4846 παραφέρουσα,

2262 4869 2357 4923 καὶ
2384 4868 2453 4922 τά
2479 4867 2643 4938 νοητά
2683 4864 3089 4920 διαδεικνύουσα
3125 4863 3669 4937 πράγματα.Ἅνδρα
3703 4863 3835 4933 γοῦν

2263 4959 2463 5028 ὄρθιον
2490 4957 2848 5030 ὀνομάζουσα,
2885 4956 2977 5011 καὶ
3022 4955 3311 5028 περιϐολῆς
3354 4953 3590 5025 ύφαντδν
3618 4954 3836 5027 ἒσθημα

2261 5053 2659 5124 χειρότευκτον,
2713 5051 2964 5123 ἀόρατον,
3024 5052 3086 5104 ἐκ
3144 5048 3252 5103 τῶν
3302 5050 3557 5104 ἐναντίων
3613 5049 3834 5121 εἰσῆγεν

2262 5143 2477 5215 πνεῦμα
2511 5143 2894 5214 φαντασιῶδες.

590 5253 701 5310 que
744 5248 971 5296 erectum
1016 5239 1315 5310 appellans,
1366 5242 1420 5292 et
1480 5236 1668 5292 textile
1726 5235 1998 5291 involucri
2046 5235 2427 5296 indumentum
2473 5254 2639 5294 manu
2694 5238 2918 5303 factum,
2977 5238 3125 5310 quod
3182 5252 3292 5293 non
3344 5219 3678 5304 videbatur,
3758 5253 3826 5294 ex

593 5330 887 5389 contrariis
942 5330 1194 5402 spiritum
1258 5329 1644 5402 imaginatione
1693 5336 1903 5384 tantum
1961 5338 2276 5404 perceptum
2306 5332 2594 5389 inferebat.

659 5420 775 5479 VII.
815 5421 915 5479 Eia
959 5423 1048 5479 die
1083 5439 1235 5496 ergo,
1289 5437 1323 5478 o
1373 5422 1576 5493 optime
1618 5421 1965 5494 dogmatista,
2012 5438 2151 5494 quo-

594 5516 756 5572 modo
771 5516 1022 5587 cognovit
1046 5515 1176 5572 Saul
1203 5516 1356 5570 illum
1387 5514 1557 5571 fuisse
1580 5512 1909 5580 Samuelem,
1934 5515 2154 5586 quando

599 5622 701 5663 nec
760 5610 964 5664 umbra:
1017 5609 1239 5679 quidem
1306 5606 1582 5662 minimam
1634 5614 1879 5677 partem,
1939 5615 2150 5662 tantum

2332 5423 2443 5479 VII.
2483 5425 2617 5480 Είπὲ
2668 5425 2865 5492 τοίνυν,
2920 5418 2966 5479 ὧ
3008 5424 3244 5495 βέλτιστε
3297 5423 3665 5495 δογματιστά,
3714 5424 3835 5492 πῶς

2261 5515 2399 5585 ἔγνω
2424 5516 2612 5580 Σαοὺλ,
2634 5516 2708 5580 ὡς
2741 5515 2900 5580 αὐτὸς
2929 5508 3082 5581 οὗτος
3105 5514 3364 5587 ἐτύγχανε
3394 5515 3671 5589 Σαμουὴλ,
3698 5518 3832 5589 6m;-

2260 5609 2383 5663 νίκα
2415 5608 2551 5680 μηδὲ
2587 5608 2743 5672 σκιᾶς
2767 5603 2872 5660 εἶδε
2898 5607 3108 5680 μόριον,
3136 5609 3234 5680 ούχ
3261 5609 3406 5671 ὅπως
3427 5608 3624 5681 ἀνδρὸς
3650 5608 3834 5681 mitti;

666 5760 1045 5833 (3")Savtdr.
1089 5762 1186 5821 Sic
1220 5765 1409 5840 impr.,
1439 5778 1624 5840 prave.
1667 5763 1977 5838 Legendum
2006 5777 2166 5836 prors

2270 5763 2473 5821 videtur
2498 5763 2716 5834 ταυτόν,
2749 5773 2808 5821 ιιι
2829 5779 2951 5833 pag.
2986 5763 3113 5831 644,
3147 5764 3211 5820 Β.
3241 5762 3392 5824 Enn.
