4080 6334
273 249 383 307 625

1159 253 1248 311 DE
1270 251 1880 310 .ENGASTRIMYTHO
1908 248 2187 310 CONTRA
2220 253 2595 314 ORIGENEM.

3270 278 3287 295 ο
3386 261 3504 319 6ἓῦ

281 364 417 418 Ἀλλ’
447 361 551 416 οὐκ
599 361 854 434 ἐρυθριᾷς
885 362 1147 436 εἰρηκὼς,
1185 366 1330 421 Ἔδει
1369 366 1705 439 γεγράφθαι,
1731 370 1811 420 Ka

1913 420 1914 425 η
1948 368 2103 425 abest
2130 378 2187 423 ut
2218 369 2445 426 formam
2487 370 2722 428 hominis
2750 375 3052 444 aspexerit?
3074 375 3184 434 Nec
3216 378 3495 437 erubescis

265 453 497 523 ἐνόμιζε
541 454 743 509 Σαοὺλ
789 450 942 510 εἶναι
988 458 1172 512 αὑτὸν
1195 455 1472 529 Σαμουὴλ
1491 499 1505 523 ,
1542 459 1635 512 νῦν
1665 459 1721 512 δὲ
1748 459 1839 528 γέ-

266 560 550 618 γραπται,
583 548 772 615 Ἔγνω
804 549 1034 610 Euam;
1067 545 1195 602 Εἶτα
1229 549 1310 603 ὅτι
1353 549 1450 620 μὲν
1482 551 1510 603 ὁ
1538 550 1830 621 δαιμονιζό-

270 655 429 709 μενος
460 638 604 706 ἔγνω
638 639 789 712 παρὰ
820 639 1157 712 δαιμονὼσης
1187 640 1443 706 ἀκούσας,
1470 642 1582 696 ἄνω
1616 644 1708 697 καὶ
1741 644 1838 697 κά-

266 747 342 783 τω
370 729 586 798 λέγεις’
623 731 705 784 ὅτι
727 729 783 783 δὲ
812 730 964 784 οὐδὲν
994 731 1114 783 οὐδὲ
1145 732 1277 797 ὅλως
1314 731 1592 799 ἐθεάσατο,
1624 738 1747 807 σιγῇ
1777 735 1837 789 τὸ

268 818 503 890 γράμμα
536 819 800 896 κρύπτεις
819 836 833 848 ·
862 819 1094 891 οὐδαμοῦ
1116 820 1172 875 δὲ
1197 820 1260 893 δὴ
1286 822 1623 894 παραφέρεις
1649 824 1706 877 ἐν
1743 822 1837 896 μέ-

269 928 344 982 σῳ
391 911 485 965 τὸν
528 911 767 982 ἔλεγχον,
795 912 1008 981 ἀφελεῖς
1040 913 1138 985 μὲν
1174 915 1413 985 οἰόμενος
1444 916 1718 988 ἐξαπατᾷν
1745 919 1835 970 άν-

268 999 540 1072 θρώπους,
569 1000 787 1074 εὕρημα
834 1003 891 1057 δὲ
942 1004 1198 1074 μαντείας
1242 1006 1586 1077 ἐπιτειχίζειν
1631 1008 1833 1062 ἅπασιν

268 1092 528 1155 ἀσεϐοῦς·
565 1096 598 1162 ἡ
633 1094 823 1165 γάρτοι
868 1095 959 1148 τοῦ
986 1094 1427 1167 δαιμονιζομένου
1481 1098 1679 1166 γνῶσις
1708 1099 1833 1164 ἀξία

237 1168 357 1236 ’τοῦ
390 1182 749 1255 κηρύγματος
778 1184 1078 1265 ἐτύγχανεν.
1101 1187 1315 1256 ἐκείνης
1347 1188 1444 1257 τῆς
1475 1188 1566 1242 καὶ
1592 1190 1715 1253 τοὺς
1743 1189 1831 1242 λό-

266 1295 393 1348 γους
434 1279 587 1350 αὐτῷ
631 1279 1002 1351 διακονούσης.
1022 1279 1160 1332 Ἀλλ’
1192 1281 1465 1355 ἐπιστήμῃ
1494 1282 1587 1335 καὶ
1622 1284 1829 1336 συνέσει

267 1371 428 1443 φαίης
460 1371 529 1425 ἂν
575 1368 648 1436 ὡς
693 1371 833 1441 ἔγνω
886 1372 960 1443 μὴ
994 1371 1346 1443 θεασάμενος,
1380 1374 1492 1427 ἀλλ’
1529 1378 1627 1427 οὐκ
1651 1375 1827 1446 ἐνόμι-

264 1480 355 1519 σεν
373 1480 386 1491 ·
434 1464 665 1527 ἕκαστος
718 1464 847 1533 γοῦν
893 1464 1191 1535 ἀνθρώπων
1244 1467 1376 1537 ἀκοῇ
1424 1466 1619 1537 μᾶλλον
1647 1468 1679 1540 ἢ
1710 1468 1827 1539 ὄψει

262 1557 493 1628 πρᾶγμα
520 1549 849 1627 παραλαϐὼν
880 1556 1046 1610 οῐεται
1075 1559 1168 1611 καὶ
1195 1557 1420 1629 νομίζει,
1454 1558 1513 1610 τὸ
1545 1559 1712 1627 σαφὲς
1729 1560 1826 1613 οὐκ

260 1647 441 1712 εἰδὼς,
473 1647 649 1710 ἄλλως
679 1664 737 1700 τε
774 1646 873 1701 κᾶν
903 1648 1005 1701 ὑπὸ
1032 1647 1384 1718 δαιμονῶντος
1412 1647 1584 1722 ἀκούῃ
1610 1650 1822 1721 προσὼ-

260 1755 392 1792 ποιν
450 1740 589 1810 μόνα
631 1738 739 1810 γὰρ
783 1738 852 1791 τὰ
902 1738 994 1792 τοῦ
1044 1740 1177 1794 Θεοῦ
1222 1738 1557 1811 βεϐαιοῦνται
1604 1741 1821 1812 ῥήματα

257 1832 389 1902 πρὸς
413 1830 618 1903 ἀκριϐῆ
651 1831 952 1902 κατάληψιν
981 1834 1075 1886 καὶ
1107 1831 1337 1897 πίστεως
1366 1833 1687 1905 ὀχυρότητα.
1712 1836 1821 1886 Καὶ

259 1922 360 1994 μὴν
405 1925 456 1976 εί
505 1924 634 1995 περὶ
675 1924 783 1977 τῶν
826 1923 1125 1995 ἀνθρώπων
1166 1926 1364 1994 ἔφησεν
1401 1926 1430 1978 ὁ
1463 1924 1818 1998 μελογράφος,

267 2014 403 2084 Ἐγὼ
440 2009 585 2068 εἶπα
618 2015 688 2069 ἐν
707 2014 782 2085 τῇ
820 2015 1099 2070 ἐκστάσει
1142 2034 1261 2085 μου
1281 2033 1293 2046 ·
1349 2016 1472 2082 Πᾶς
1515 2015 1820 2084 ἅνθρωπος

252 2108 559 2176 ψεύστης,
612 2107 762 2178 πόσῳ
807 2107 937 2177 γοῦν
982 2108 1046 2179 δὴ
1094 2108 1292 2180 μᾶλλον
1331 2110 1379 2161 εί
1411 2108 1537 2178 περὶ
1568 2109 1818 2176 γυναικὸς

250 2199 572 2270 ἐκδιηγῆται
622 2216 707 2264 τις
760 2200 1054 2272 ἐκφρονοςς
1106 2196 1238 2255 Εἶτα
1286 2200 1483 2269 λέγεις,
1526 2201 1601 2253 ὅτι
1647 2200 1816 2266 οὐδεὶς

251 2291 388 2359 ἔγνω
411 2290 474 2343 τὺ
509 2290 586 2362 μὴ
614 2291 697 2357 ὃν,
727 2286 813 2346 οἷα
850 2292 1154 2365 μειρακίοις
1173 2292 1427 2364 ἄντικρυς
1448 2294 1665 2364 ὁμιλῶν.
1684 2294 1817 2347 Είπὲ

250 2383 443 2447 τοίνυν,
478 2381 597 2446 πῶς
642 2382 783 2451 ἔγνω
818 2384 877 2436 τὸ
903 2383 981 2444 ὃν,
1016 2383 1171 2455 εἴπερ
1214 2384 1375 2447 αὐτὸς
1422 2384 1519 2438 οὐκ
1561 2384 1817 2439 ἐθεάσατο

252 2472 671 2544 πυνθανόμενος,
698 2475 758 2527 οὐ
788 2474 879 2527 τὸν
907 2475 1074 2546 ἄνδρα
1103 2474 1193 2527 τὸν
1222 2473 1421 2545 ὄρθιον,
1449 2475 1508 2527 οὐ
1533 2474 1593 2528 τὸ
1627 2475 1815 2544 Ἐφοὺδ

246 2563 277 2616 ὃ
300 2570 595 2636 περιεῖχεν,
636 2566 698 2619 οὐ
741 2564 802 2618 τὸ
833 2566 1210 2637 ἁρχιερατικὺν
1259 2565 1489 2637 ἱμάτιον,
1526 2566 1636 2620 ἀλλ’
1666 2565 1814 2619 οὐδὲν

247 2657 537 2729 οὐδαμόθεν
548 2658 692 2730 ὀρῶν
712 2658 989 2722 ὐποκένοις
1001 2657 1377 2729 ἀνερριπίζετο
1395 2657 1588 2726 λόγοις,
1606 2657 1815 2729 ὡσπερ-

248 2750 335 2804 οῦν
359 2752 553 2822 ἀμέλει
580 2752 674 2805 καὶ
696 2754 760 2806 σὺ
784 2751 1108 2823 κουφολογίᾳ
1133 2750 1258 2815 τοὺς
1288 2750 1554 2814 ἁστάτους
1579 2751 1812 2804 άναπτευ

252 2846 355 2914 Pd;
372 2863 389 2911 ἓ
415 2844 557 2898 Ἀλλ’
586 2846 617 2897 ὁ
646 2843 743 2915 μὲν
770 2845 1175 2917 ἱστοριογράφος
1202 2844 1369 2915 ὄνομα
1400 2841 1618 2915 προθεὶς
1648 2845 1811 2914 ἐγγα-

248 2936 559 3007 στριμύθου,
583 2936 796 3007 πρῶτον
813 2936 1047 3007 ἐδήλωσε
1059 2935 1118 2990 τὸ
1133 2935 1439 3006 πρόσωπον,
1457 2934 1633 2988 ὁποῖόν
1644 2936 1807 2997 ἐστιν,

1940 474 2063 514 cum
2096 460 2234 517 dicis
2255 462 2599 519 scribendum
2631 464 2801 523 fuisse
2837 486 2850 521 ε
2885 464 2953 520 Et
2980 467 3199 536 putabat
3244 456 3379 528 sati:
3425 473 3494 527 u-

1940 549 2049 603 lum
2092 568 2204 607 esse
2255 553 2590 622 Samuelem;
2630 572 2751 611 cum
2799 558 3060 629 scriptum
3107 560 3218 617 sit:
3250 560 3497 634 Cognovit

1940 642 2114 701 Saul?
2153 645 2263 700 Sub
2299 646 2442 713 haec,
2471 650 2614 720 quod
2650 665 2681 704 a
2707 650 2952 707 daemone
2980 662 3205 711 vexatus
3230 670 3262 709 a
3294 656 3495 711 daemo-

1938 737 2093 791 niaca
2129 738 2355 794 audiens
2399 743 2734 812 cognoverit,
2773 744 2974 815 ubique
3018 745 3309 815 decantas;
3347 751 3494 821 quod

1935 844 2062 884 vero
2092 828 2227 883 nihil
2271 831 2492 886 omnino
2520 833 2731 903 uspiam
2769 834 2987 900 viderit,
3018 837 3236 894 silentio
3272 848 3494 910 praeter-

1936 919 2003 984 is,
2033 934 2207 989 neque
2233 922 2712 991 reprehensionem
2751 926 2915 980 ullam
2949 926 3002 981 in
3046 928 3284 985 medium
3307 931 3487 1000 aﬁ‘ers,

1935 1005 1987 1059 id
2038 1007 2092 1061 in
2138 1008 2321 1064 animo
2366 1009 2572 1068 habens
2617 1020 2674 1066 ut
2707 1013 2982 1086 simplices
3021 1017 3269 1077 homines
3307 1020 3485 1088 fallas,

1931 1098 2294 1169 omnibusque
2322 1117 2514 1156 novam
2542 1104 2866 1176 impiamque
2898 1108 3285 1168 divinationem
3321 1114 3487 1170 incul-

1931 1190 2043 1245 ces.
2078 1189 2403 1248 Παιωοηίοοί
2432 1195 2628 1265 quippe
2649 1199 2886 1267 cognitio
2917 1198 3062 1257 illius
3089 1217 3209 1273 quae
3239 1210 3295 1257 et
3323 1204 3489 1260 verba

1933 1281 2034 1351 ipsi
2064 1282 2512 1341 subministrabat
2547 1289 2819 1357 praeconio
2865 1289 3025 1361 digna
3069 1302 3205 1351 erat.
3237 1293 3394 1352 Dices
3431 1296 3488 1351 il-

1930 1373 2041 1428 lum
2076 1377 2303 1431 scientia
2335 1378 2568 1448 quadam
2608 1381 3001 1454 prudentiaque
3022 1386 3167 1456 quod
3196 1402 3303 1442 non
3334 1387 3485 1444 vide-

1929 1475 2013 1520 rat
2045 1469 2389 1539 cognovisse,
2426 1470 2520 1525 sed
2557 1486 2666 1526 non
2699 1472 2870 1529 fuisse
2908 1477 3207 1547 Opinatum.
3238 1477 3484 1551 Namque

1928 1557 2154 1627 quilibet
2193 1558 2357 1613 homo
2400 1560 2493 1629 qui
2524 1560 2708 1616 auditu
2758 1565 2938 1635 potius
2967 1582 3126 1636 quam
3160 1568 3335 1624 oculis
3367 1586 3480 1626 rem

1927 1646 2162 1716 aliquam
2196 1650 2486 1718 acceperit,
2516 1664 2640 1703 cum
2680 1666 2865 1705 verum
2889 1668 2995 1707 non
3027 1666 3338 1727 cognoscat,
3363 1660 3481 1728 opi-

1926 1744 2087 1790 natur
2116 1746 2169 1791 et
2211 1739 2407 1806 credit,
2440 1747 2603 1809 atque
2655 1744 2943 1814 praecipue,
2993 1745 3038 1799 si
3085 1762 3114 1799 a
3149 1746 3478 1806 daemoniaca

1924 1844 2154 1898 persona
2191 1830 2337 1884 illam
2386 1831 2654 1888 hauserit.
2688 1833 2817 1889 Sola
2859 1837 3060 1891 etenim
3100 1837 3282 1894 divina
3311 1842 3478 1899 verba

1923 1920 1991 1975 ad
2019 1922 2343 1991 exquisitam
2373 1924 2913 1995 comprehensionem
2935 1935 2989 1980 et
3022 1926 3140 1982 ﬁdei
3166 1931 3475 1987 munimen-

1921 2016 2033 2063 tum
2066 2010 2371 2066 ﬁrmitatem
2414 2010 2632 2067 habent.
2670 2012 2803 2068 Nam
2832 2015 2877 2071 si
2910 2014 2977 2072 de
3018 2016 3329 2075 hominibus
3356 2035 3478 2075 car-

1920 2103 2127 2156 minum
2183 2102 2419 2173 scriptor
2460 2106 2681 2174 scripsit
2705 2106 2745 2137 ’⁵
2782 2125 2793 2158 :
2835 2105 2947 2178 Ego
2993 2107 3107 2162 dixi
3161 2109 3216 2162 in
3263 2124 3477 2165 excessu

1919 2210 2031 2247 meo
2055 2208 2073 2247 :
2103 2192 2285 2250 Omnis
2306 2195 2459 2249 homo
2483 2196 2725 2263 mendax,
2745 2196 2811 2253 de
2832 2197 3060 2254 muliere
3078 2198 3327 2257 demente
3345 2216 3478 2260 sane

1918 2287 2085 2341 multo
2116 2289 2295 2357 aptius
2330 2289 2436 2343 dici
2473 2289 2687 2359 poterit.
2729 2289 2875 2345 Dicis
2908 2298 3169 2361 praeterea
3202 2292 3476 2349 neminem

1916 2391 2078 2432 nosse
2098 2378 2243 2448 quod
2268 2394 2378 2433 non
2407 2386 2519 2445 est;
2556 2379 2710 2449 quasi
2737 2394 2858 2433 cum
2891 2378 3133 2451 puerulis
3164 2395 3472 2438 sermonem

1916 2486 2253 2529 consereres.
2296 2472 2394 2528 Dic
2431 2475 2596 2545 igitur
2641 2474 2915 2545 quomodo
2947 2475 3203 2547 cognovit
3244 2475 3299 2531 id
3329 2479 3475 2548 quod

1914 2571 2051 2627 erat,
2104 2564 2150 2619 si
2184 2564 2301 2635 ipse
2344 2564 2838 2645 jaminterrogans
2871 2581 2978 2622 non
3025 2566 3254 2634 viderat,
3299 2583 3475 2641 neque

1914 2656 2187 2711 hominem
2219 2665 2485 2723 erectum,
2518 2673 2693 2729 neque
2723 2657 2915 2729 Ephod
2941 2658 3087 2730 quod
3134 2661 3470 2726 continebat,

1912 2764 2021 2803 non
2057 2764 2393 2804 summorum
2440 2750 2783 2806 sacerdotum
2812 2758 3040 2814 vestem,
3085 2751 3180 2806 sed
3213 2751 3348 2805 nihil
3376 2767 3471 2807 us-

1911 2853 2077 2908 quam
2131 2839 2480 2909 conspiciens
2541 2841 2694 2897 vanis
2750 2841 3094 2896 sermonibus
3131 2841 3469 2912 jactahatur,

1909 2928 2369 2998 quemadmodum
2397 2937 2451 2984 et
2477 2936 2533 2984 tu
2568 2945 2678 2985 non
2710 2930 2909 2985 minori
2938 2931 3205 2987 orationis
3233 2932 3473 2989 vanitate

245 3024 1346 3098 ἐμμανὲςεῖθόῦτωςαύτῷυ.αύτὸ]τὴν
1366 3024 1878 3098 ὀπτασίανέωραοα
1912 3034 2104 3091 parum
2155 3019 2341 3076 ﬁrmos
2399 3036 2727 3079 commoves.
2799 3021 2905 3078 Sed
2964 3023 3206 3080 historiae
3251 3024 3469 3095 quidem

244 3115 396 3169 κέναι
414 3115 718 3187 διέγραφεν,
737 3115 813 3181 ὡς
850 3116 1045 3189 πρέπει
1072 3119 1181 3181 τοῖς
1202 3112 1258 3170 εὖ
1287 3115 1538 3188 φρονοῦσι
1559 3117 1686 3188 περὶ
1711 3116 1805 3171 τοῦ

1913 3112 2166 3184 scriptor,
2202 3111 2627 3185 Engastrimythi
2662 3115 2882 3170 nomine
2928 3116 3199 3187 apposito,
3233 3117 3468 3188 primum

244 3208 772 3282 παραπεπληγμένου
807 3210 976 3260 νοεῖν·
1009 3206 1181 3271 οὐδεὶς
1235 3208 1343 3279 γάρ
1372 3206 1436 3260 ἂν
1475 3207 1717 3281 ὑπολάϐῃ
1740 3207 1802 3278 (Ι.

1913 3221 2199 3276 personam
2249 3207 2428 3277 qualis
2480 3217 2646 3275 esset,
2688 3208 2848 3265 furiis
2897 3211 3148 3267 videlicet
3189 3213 3466 3283 agitatam,

241 3300 514 3372 ὑπολάϐοι)
532 3298 872 3371 φρενοῦλαϐἧ
895 3316 1034 3363 τινα,
1058 3299 1127 3352 τὰ
1147 3298 1330 3352 δέοντα
1350 3297 1589 3370 θεωρεῖν.
1608 3300 1804 3373 Ὀμοίῳ

1913 3298 2255 3370 signiﬁcavit.
2300 3297 2561 3371 Deinceps
2603 3300 2705 3371 ipsi
2756 3312 3031 3373 spectrum
3072 3303 3216 3375 quod
3260 3305 3470 3361 viderat

239 3393 293 3447 δὲ
305 3393 492 3467 τρόπῳ
510 3392 708 3447 καὶτὸν
723 3391 959 3461 ἔκφρονα
974 3389 1143 3444 Σαοὺλ
1157 3389 1352 3461 ἔφησεν
1367 3390 1660 3459 ἐγνωκέναι
1677 3409 1805 3462 μαν-

1913 3392 2158 3462 exposuit
2181 3406 2245 3447 ea
2268 3379 2498 3459 ratione,
2526 3408 2632 3464 qua
2663 3394 2860 3449 mentis
2883 3408 3161 3466 compotes
3182 3398 3249 3454 de
3271 3414 3468 3454 excor-

239 3486 506 3557 τευομένῳ
554 3482 622 3556 [Ι.
659 3479 1095 3554 μαντευόμενον],
1148 3480 1222 3543 ὡς
1274 3478 1419 3544 ἄξιον
1445 3480 1510 3535 ἂν
1541 3481 1626 3554 εἴη
1674 3484 1802 3554 περὶ

1913 3483 2066 3539 dibus
2095 3483 2294 3542 debent
2320 3483 2568 3554 judicare
2594 3504 2606 3540 :
2630 3501 2790 3542 nemo
2837 3487 2982 3545 enim
3015 3488 3328 3547 existimem
3364 3505 3464 3562 po-

240 3578 438 3631 ἐκείνου
475 3577 688 3651 νοῆσαι,
723 3574 817 3629 τοῦ
852 3574 1136 3639 τοσαύταις
1164 3574 1297 3629 ἐτῶν
1339 3574 1601 3645 περιόδοις
1640 3575 1798 3630 ἐλαυο

1913 3583 2011 3632 test
2048 3577 2281 3647 aliquem
2337 3583 2516 3632 mente
2560 3585 2779 3648 captum
2817 3578 3001 3634 videre
3042 3595 3104 3635 ea
3149 3596 3271 3652 quae
3301 3597 3466 3653 opor-

237 3671 455 3741 νομένου
484 3669 696 3742 πικρῶς
715 3670 819 3723 ὑπὸ
837 3668 930 3722 τοῦ
946 3668 1217 3739 δαίμονος.

1913 3674 2033 3724 teat.
2056 3665 2314 3722 Similiter
2339 3675 2392 3722 et
2411 3666 2713 3723 dementem
2737 3666 2978 3735 Saulem,
3004 3669 3131 3725 dum
3147 3671 3463 3727 vaticinium

237 3768 456 3828 peteret,
496 3760 708 3816 dixerat
734 3760 1082 3832 cognovisse;
1130 3758 1581 3829 quemadmodum
1611 3759 1678 3816 de
1710 3774 1775 3816 eo
1800 3759 1892 3831 qui
1938 3765 2015 3814 tot
2053 3757 2356 3813 animorum
2389 3759 2838 3816 conversionibus
2890 3775 2920 3814 a
2952 3761 3190 3831 pessimo
3220 3761 3463 3818 daemone

235 3859 514 3921 correptus
546 3850 868 3922 agitabatur,
908 3867 1120 3921 aequum
1149 3860 1267 3907 erat
1295 3853 1619 3908 discernere.
2824 3864 2827 3871 '

300 3940 435 3994 Vill.
491 3941 649 3994 Ἀλλὰ
675 3941 782 4013 μὴν
807 3942 888 3995 ὅτι
911 3959 973 4011 γε
1000 3942 1172 3996 ταῦτα
1202 3942 1388 3997 τοῦτον
1428 3942 1539 4014 ἔχει
1567 3942 1657 3996 τὸν
1682 3943 1803 4015 τρό-

1971 3940 2102 3995 νιιι.
2138 3940 2203 3994 Ει
2237 3941 2350 3997 haec
2379 3942 2435 3996 in
2466 3958 2524 3998 se
2556 3942 2754 3998 habere
2784 3958 2874 4000 res
2899 3945 3029 4015 ipsae
3072 3945 3311 4002 clamant
3345 3950 3460 4005 cla-

238 4050 349 4097 πον,
376 4032 517 4087 αὐτὰ
558 4031 631 4085 τὰ
674 4032 970 4105 πράγματα
1004 4033 1130 4105 βοάς
1154 4034 1376 4107 ἀφίησιν
1404 4034 1793 4105 ἐναργεῖς.”Ινα

1913 4025 2115 4080 ~issima
2149 4039 2299 4081 voce.
2329 4024 2528 4081 Verum
2570 4034 2628 4080 ut
2661 4034 2713 4081 et
2762 4026 2870 4081 alio
2910 4027 3157 4097 exemplo
3186 4044 3298 4084 rem
3354 4033 3460 4105 mi:

232 4123 281 4177 ἃ
310 4124 405 4178 καὶ
432 4125 527 4193 ἀφ’
553 4124 742 4196 ἐτέρου
780 4124 849 4177 τὰ
886 4125 1045 4195 ὃμοια
1075 4129 1397 4199 συστήσαιμι
1424 4125 1791 4198 παραδείγμα-

1913 4116 1953 4170 ll
1986 4116 2319 4188 propositam
2356 4117 2694 4183 conﬁrmem,
2733 4130 2831 4189 age
2873 4116 3002 4172 Elia:
3040 4119 3314 4190 prophetat
3370 4121 3455 4176 hi-

233 4230 333 4282 τος,
357 4216 495 4288 φέρε
536 4216 634 4289 τὴν
679 4217 773 4269 ἐπὶ
810 4216 985 4271 Ἠλίου
1031 4217 1124 4271 τοῦ
1162 4219 1438 4291 προφήτου
1464 4219 1789 4290 προάγωμεν

1913 4209 2118 4263 storiam
2150 4209 2207 4263 in
2235 4208 2472 4263 medium
2526 4207 2816 4265 aﬁ‘eramus
2840 4208 2905 4275 “,
2938 4224 3063 4265 cum
3109 4211 3309 4268 vellent
3353 4228 3460 4268 nu-

235 4308 490 4381 ίστορίαν,
518 4309 754 4382 ὁπηνίκα
783 4310 873 4363 τὸν
913 4309 1141 4382 ἀριθμὸν
1171 4309 1352 4381 ἠξίουν
1395 4310 1491 4381 μὲν
1536 4312 1593 4364 ἐν
1630 4309 1788 4381 θυσίᾳ

1913 4313 2045 4354 uero
2089 4300 2145 4355 in
2200 4299 2470 4356 sacriﬁcio
2520 4300 2693 4371 partis
2746 4300 3036 4373 utriusque
3083 4306 3454 4374 praestantiam

230 4399 319 4471 τὴν
361 4401 636 4471 ἑκατέρων
683 4399 1092 4468 ἁνεξετάζεσθαι
1134 4399 1305 4465 τάξιν,
1332 4400 1534 4473 μηδένα
1576 4400 1631 4453 δὲ
1678 4398 1789 4469 πῦρ

1913 4391 2216 4463 lijudicare,
2254 4393 2574 4464 nullumque
2597 4394 2801 4449 audere
2840 4395 3016 4466 ignem
3054 4396 3301 4467 injicere,
3354 4398 3449 4453 sed

229 4491 472 4561 ἐπάγειν,
507 4492 623 4545 ἀλλ’
652 4493 836 4563 εὐχαῖς
866 4491 1163 4561 ἐπάγεσθαι
1189 4491 1361 4564 πυρὸς
1390 4491 1672 4563 ἐπιφορὰν,
1702 4491 1789 4543 ἵνα

1913 4484 2150 4538 πεοίὺιιε
2207 4484 2359 4538 illum
2390 4484 2445 4538 in
2497 4485 2636 4539 caelo
2678 4492 3002 4555 conceptum
3057 4486 3348 4556 subjicere,
3392 4496 3451 4543 ut

228 4581 287 4636 ἐκ
304 4581 407 4637 τοῦ
437 4584 991 4655 κατακομπαζομένου
1028 4583 1300 4656 μετεώρου
1328 4584 1614 4656 οὐρανόθεν
1641 4582 1791 4654 ἐκδη-

228 4673 308 4740 λος
342 4676 447 4746 μὲν
474 4676 543 4729 ἄν
574 4676 660 4745 εἴη
696 4678 857 4730 πᾶσιν
892 4674 1188 4729 ἐπακοῦσαι
1220 4675 1512 4746 δυνάμενος
1544 4676 1601 4728 ἐν
1631 4673 1789 4743 φλογὶ

227 4768 331 4839 πῦρ
378 4767 731 4822 ἀποστέλλειν
776 4768 927 4833 Θεὸς,
952 4770 1017 4822 ἐκ
1058 4766 1115 4819 δὲ
1157 4766 1342 4820 τούτου
1376 4764 1789 4837 διαγινώσκηται

226 4859 301 4925 τίς
326 4862 363 4932 ἡ
396 4858 498 4915 τοῦ
525 4860 828 4930 κρείττονος
872 4858 1103 4925 ἐξουσία,
1134 4859 1225 4911 καὶ
1276 4859 1407 4911 πᾶσι
1453 4857 1682 4929 φανερὸν
1722 4857 1788 4911 ἂν

224 4950 303 5022 ειη
333 4968 398 5019 γε
428 4950 496 5005 τὸ
522 4950 865 5021 dueum/0;
900 4948 992 5004 οὖν
1030 4950 1287 5003 ἐπέταττε
1331 4947 1565 5021 πρώτοις
1606 4952 1785 5004 ἐπιτε-

223 5039 327 5095 λεῖν
371 5041 626 5105 ἐκείνοις,
655 5042 706 5096 οἱ
754 5042 850 5112 μὲν
888 5041 1258 5114 ἐπιλεξάμενοι
1301 5041 1491 5113 βοΐδιον
1536 5042 1783 5113 ἐμέλιζον

220 5132 504 5197 εἰωθότως,
528 5133 944 5205 ἐπικαλούμενοι
968 5133 1024 5187 δὲ
1050 5133 1114 5204 δὴ
1141 5133 1201 5187 τὸ
1220 5132 1590 5206 τετράμορφον
1610 5135 1782 5205 ἐμμε-

221 5220 428 5295 λιτημα
451 5222 549 5276 τοῦ
582 5222 909 5295 καλουμένου
936 5224 1099 5289 Βάαλ,
1135 5224 1284 5279 οὐδὲν
1310 5219 1469 5299 ἦττον
1491 5223 1778 5297 ἔπραττον,

216 5313 367 5369 οὐδὲν
388 5313 641 5384 οὐδαμῶς
657 5331 670 5345 ’
699 5315 835 5370 ἀλλά
864 5333 927 5386 γε
955 5317 1053 5370 καὶ
1085 5317 1506 5386 κατετέμνοντο
1539 5316 1688 5371 κατὰ
1713 5315 1779 5371 τὸ

217 5404 349 5470 ἔθος
380 5404 581 5460 αὐτῶν
597 5408 932 5476 μαχαίραις,
949 5412 1072 5479 ἔφη,
1100 5410 1201 5463 καὶ
1228 5408 1645 5479 σειρομάσταις
1666 5409 1779 5476 ἓως

215 5495 516 5566 ὲκχύσεως
546 5498 783 5567 αἵματος
805 5515 819 5530 ⁸
850 5495 965 5554 εἶτα
995 5500 1086 5553 ἐπὶ
1110 5501 1318 5566 τούτοις
1344 5503 1378 5574 ὴ
1410 5501 1773 5574 διηγηματικὴ

217 5587 305 5641 τοῦ
350 5590 713 5661 συγγραφέως
755 5590 998 5663 ἐπιφέρει
1041 5590 1171 5664 βοή·
1220 5592 1331 5647 Καὶ
1371 5594 1774 5664 προεφήτευον

1889 4573 2013 4629 inde
2036 4572 2274 4629 demisso
2295 4573 2510 4629 caelitus
2540 4573 2714 4645 signo,
2739 4588 2849 4645 quo
2873 4574 3059 4629 liceret
3080 4575 3322 4645 gloriari,
3354 4592 3449 4646 pa-

1888 4672 2025 4720 teret
2054 4664 2308 4720 omnihus
2331 4663 2496 4732 Deus,
2523 4667 2616 4737 qui
2644 4672 2829 4736 posset
2849 4673 2905 4721 et
2926 4666 3184 4722 exaudire
3213 4677 3268 4723 et
3295 4668 3447 4741 ignes

1885 4757 2178 4813 suscitatos
2210 4756 2501 4828 depellere,
2530 4774 2594 4814 ex
2626 4775 2736 4830 quo
2762 4760 2992 4829 potioris
3038 4761 3275 4832 dignitas
3331 4764 3447 4818 elu-

1887 4859 2144 4914 cesceret,
2184 4858 2237 4905 et
2282 4850 2426 4921 quod
2476 4852 2671 4906 melius
2699 4862 2817 4907 erat
2856 4861 3160 4927 appareret.
3184 4853 3285 4911 Ubi
3316 4872 3445 4912 vero

1890 4940 2121 5012 primum
2151 4942 2259 4998 illis
2289 4951 2348 4997 ut
2373 4958 2511 5013 opus
2541 4943 2863 5015 perlicerent
2912 4947 3219 5018 imperavit,
3256 4948 3333 5003 illi
3357 4965 3444 5005 se-

1887 5035 2084 5090 lectam
2112 5035 2361 5091 buculam
2396 5051 2545 5091 more
2586 5052 2687 5092 suo
2719 5037 3103 5109 discerpebant
3154 5041 3209 5095 in
3236 5052 3439 5112 partes,

1883 5134 1939 5183 et
1986 5129 2238 5184 invocato
2293 5144 2400 5183 non
2455 5114 2804 5201 indiligenter
2852 5132 3221 5202 quadriforme
3260 5134 3440 5192 Baalis

1882 5221 2125 5291 numine,
2178 5222 2315 5276 nihil
2352 5222 2534 5279 minus
2579 5224 2969 5295 operabantur,
3015 5226 3152 5281 nihil
3193 5227 3434 5283 omnino.

1881 5313 2045 5369 Addit
2074 5315 2115 5347 "
2142 5333 2155 5370 :
2181 5318 2249 5369 Et
2272 5314 2637 5369 incidebantse
2655 5331 2720 5370 ea:
2747 5332 2889 5370 more
2915 5315 3107 5386 gladiis
3126 5324 3176 5371 et
3210 5299 3474 5373 siroma-I'
3494 5348 3502 5357 α

1879 5406 2047 5460 slibus
2077 5404 2146 5460 ad
2188 5406 2489 5475 effusionem
2515 5422 2674 5477 usque
2694 5410 2986 5478 sanguinis.
3017 5406 3211 5463 Subdit
3240 5408 3324 5465 his
3347 5424 3431 5463 au-

1880 5504 1999 5552 ctor
2026 5497 2172 5552 illius
2198 5496 2527 5554 narrationis
2559 5499 2602 5530 ¹⁸
2636 5517 2647 5551 :
2682 5497 2752 5552 Et
2768 5499 3145 5570 prophetabant
3172 5516 3437 5573 quousque

1878 5590 2128 5660 praleriit
2161 5606 2390 5660 vespera.
2414 5590 2550 5648 Cum
2580 5592 2759 5674 itaque
2784 5590 3065 5673 Scriptura
3117 5608 3228 5675 non
3258 5608 3435 5669 expo-

319 5704 365 5738 ¹⁸
393 5703 544 5761 Psal.
582 5721 703 5766 ειν.
732 5708 816 5763 ll.
893 5710 935 5741 ¹⁶
962 5708 1056 5766 ΙΙΙ
1087 5709 1213 5774 Req.
1246 5728 1398 5781 xvtn,
1428 5710 1593 5769 l9-‘2li
1652 5709 1694 5743 ¹⁷
1724 5712 1811 5768 ibit

1913 5717 1973 5775 Β.
2037 5717 2076 5751 ⁸⁸
2103 5719 2210 5778 ibid
2234 5720 2323 5779 29.
