4080 6334
289 247 390 306 629

1159 257 1248 313 DE
1277 259 1859 320 ENGASTRIMYTHO
1893 265 2171 323 CONTRA
2209 268 2581 328 OBIGENEM.

3391 271 3496 329 630

285 363 515 434 πληγαῖς
557 366 636 429 εἰς
684 368 906 438 αἵματος
951 371 1092 427 ἰδέαν
1140 375 1420 445 ἀμείϐουσι
1467 380 1589 443 τοὺς
1627 378 1830 451 ὀχετοὺς

1943 393 2156 441 vertunt
2200 401 2262 442 ea
2301 402 2428 442 cura
2460 394 2513 444 et
2561 387 2740 442 studio
2795 397 2852 442 ut
2911 386 3272 443 calamitatem
3328 389 3495 445 adau-

283 456 563 524 ὡσαύτως,
587 458 767 526 αὔξειν
787 462 1204 536 ὲπιτεχνώμενοι
1229 469 1286 522 τὸ
1309 471 1494 535 πάθος,
1522 472 1678 526 ἕνεκα
1704 474 1844 538 τίνος

282 548 490 612 ἀξιοῦσι
507 553 602 604 καὶ
628 552 861 622 δέονται,
878 558 1182 628 πιεζόμενοι
1199 565 1260 632 τῇ
1285 563 1430 636 δίψῃ,
1453 566 1845 640 καθαρισθῆναι

282 639 347 691 τὰ
365 640 508 692 κατὰ
528 643 710 696 πᾶσαν·
721 644 992 713 Αἴγυπτον
1008 649 1173 704 ὕδατα
1188 652 1285 721 τῆς
1301 655 1597 728 αἱμοφόρου
1617 639 1812 728 μίξεως
1826 679 1842 728 ;

283 731 345 782 El
394 732 457 799 (Γ.
487 734 558 797 οἳ)
601 729 666 787 αὖ
709 736 869 790 πάλιν
896 738 1311 812 άπειροπληθεὶς
1339 743 1489 812 ἄφνω
1525 746 1844 818 θεασάμενοι

285 819 607 892 βατράχους,
639 825 691 877 τί
723 825 920 896 δήποτε
947 831 1362 900 παραιτούμενοι
1391 835 1514 898 τοὺς
1537 835 1724 906 ὄχλους
1749 842 1844 894 αὑ-

283 911 413 979 τῶν,
449 910 608 978 αὖθις
650 915 905 972 ἔπλαττον
929 920 1137 986 ἄλλους,
1173 925 1220 976 εί
1249 924 1321 994 μὴ
1366 926 1472 981 τῶν
1505 929 1601 997 μὲν
1636 931 1692 984 ὲν
1718 935 1844 1005 σκιᾷ

285 1005 378 1057 καὶ
425 1010 728 1074 φαντασίας
778 1013 904 1065 εῖδει
955 1015 1288 1086 φαινομένων
1312 1021 1410 1074 οὑκ
1441 1023 1840 1096 ὲπεφρόντιζον,

287 1095 388 1148 ὑπὸ
413 1097 470 1150 δὲ
501 1099 608 1151 τῶν
643 1101 815 1155 ἄλλων
843 1103 987 1175 ἔργῳ
1009 1105 1366 1180 δεικνυμένων
1392 1095 1722 1186 ἐλυμήναντο
1748 1120 1844 1172 δει-

287 1186 423 1253 vc‘og;
451 1190 637 1255 υὺδεὶς
668 1193 776 1264 γάρ
804 1193 867 1248 ἂν
879 1196 1047 1251 ἕλοιτο
1066 1199 1141 1270 τῷ
1172 1201 1410 1274 πολεμίῳ
1440 1206 1627 1279 πλήθει
1659 1209 1841 1284 ἕτερον

285 1282 625 1352 προστιθέναι
649 1284 848 1358 πλῆθος
866 1290 1247 1364 ἀναρίθμητον,
1277 1297 1396 1350 ἀντὶ
1417 1299 1509 1352 τοῦ
1536 1282 1841 1369 νεολέκτους

284 1373 654 1444 στρατολογεῖν
680 1379 758 1441 εἰς
791 1382 1098 1452 συμμαχίαν
1130 1385 1472 1459 δορυφόρουςο
1493 1391 1609 1446 οὐδὲ
1633 1397 1840 1464 ἐπεγεῖ-

285 1481 372 1534 ραι
401 1466 620 1536 πυρετῷ
649 1470 898 1538 πυρετὸν,
918 1473 1290 1546 ἀπαλλαγῆναι
1317 1478 1406 1530 τοῦ
1425 1477 1637 1551 πρώτου
1661 1484 1839 1556 γλιχό-

283 1571 460 1642 μενος,
497 1557 617 1610 οὑδὲ
644 1558 866 1630 πληγῶν
891 1563 1174 1636 ἀφορήτων
1200 1565 1289 1638 βίᾳ
1316 1571 1724 1642 μαστιζόμενος,
1751 1576 1844 1634 ἅλ-

280 1641 373 1705 λας
405 1646 585 1716 ἑαυτῷ
622 1653 1011 1725 προσεπιφέρει
1061 1653 1290 1726 πληγάς,
1342 1661 1593 1733 ἀνεθῆναι
1637 1641 1839 1721 τούτων

1945 483 2124 546 geant,
2181 492 2410 547 quanam
2459 477 2526 533 de
2581 492 2744 534 causa
2803 478 3076 549 supplices
3131 487 3362 534 etorant
3405 479 3492 534 siti

1946 568 2119 638 pressi
2175 584 2268 638 per
2338 569 2644 624 universam
2700 568 2989 641 [Egyptum
3051 570 3494 642 sanguinolentas

1944 673 2112 728 aquas
2142 659 2464 730 expurgari?
2493 659 2587 715 Vel
2636 675 2848 716 rursum
2906 661 3132 716 infinitis
3175 677 3242 717 ex
3292 661 3494 731 impro--

1941 751 2058 806 viso
2097 751 2246 806 ranis
2288 753 2614 822 conspectis,
2655 752 2868 822 utquid,
2898 767 3022 808 cum
3056 754 3274 810 illarum
3313 755 3494 809 multi-

1945 841 2129 898 tudine
2156 843 2586 908 molestarentur,
2637 844 2770 900 alias
2816 843 3320 916 effingebant;.nisi
3348 847 3492 916 quod

1941 933 2009 988 de
2042 934 2148 990 illis
2178 950 2297 1004 quae
2321 936 2375 989 in
2404 935 2594 990 umbra
2631 944 2684 991 et
2725 937 2921 1006 spectri
2956 945 3162 991 tantum
3197 937 3368 992 forma
3397 953 3493 1008 ap—

1941 1025 2201 1094 parebant
2226 1041 2335 1081 non
2356 1027 2640 1092 curabant,
2669 1045 2854 1083 verum
2895 1029 2965 1084 ab
3003 1029 3125 1085 aliis
3147 1044 3268 1100 qua:
3288 1044 3348 1086 re
3375 1028 3500 1101 ipsa

1940 1128 2093 1174 erant
2129 1127 2183 1174 et
2216 1119 2558 1186 videbantur,
2585 1123 2779 1176 mirum
2813 1124 2866 1176 in
2897 1122 3115 1177 modum
3153 1123 3266 1179 laesi
3296 1123 3490 1192 perde-

1940 1210 2172 1264 bantur?
2197 1208 2366 1265 Nemo
2394 1212 2535 1266 enim
2577 1213 2906 1268 multitudini
2955 1214 3190 1269 hostium
3241 1213 3488 1270 multitu-

1939 1299 2120 1353 dinem
2163 1298 2322 1353 aliam
2370 1300 2707 1358 inimicorum
2765 1304 3101 1360 innumeram
3148 1305 3330 1370 addit,.
3363 1321 3496 1360 cum.

1940 1404 2108 1445 novos
2137 1391 2412 1448 ministros
2433 1409 2495 1448 ac
2518 1396 2773 1453 satellites
2807 1397 2874 1452 ad
2910 1397 2994 1452 sui
3025 1397 3245 1451 tutelam
3270 1396 3488 1453 deberet

1939 1485 2275 1554 conducere;
2336 1501 2508 1557 neque
2561 1487 2750 1543 febrim
2818 1504 2925 1560 qua
2977 1488 3195 1544 liberari
3237 1496 3359 1543 avet
3406 1487 3486 1544 fe-

1938 1574 2023 1628 bri
2078 1578 2315 1632 excitare
2372 1578 2604 1647 majori;
2643 1595 2816 1650 neque
2854 1581 2945 1650 qui
2977 1581 3149 1652 plagis
3193 1579 3486 1636 intoleran-

1937 1663 2022 1719 dis
2055 1666 2359 1736 vipetitur,
2406 1669 2508 1722 alia
2541 1669 2758 1725 sibimet
2789 1671 2892 1742 ipsi
2935 1670 3155 1738 inﬂigit,
3178 1669 3306 1726 dum
3350 1686 3488 1742 puro

278 1734 457 1803 ἐφέσει
485 1738 702 1811 καθαρᾷ
723 1743 814 1794 καὶ
835 1745 1097 1817 πρεσϐεία
1122 1748 1214 1801 καὶ
1229 1749 1407 1822 δεήσει
1432 1754 1830 1828 προσλιπαρῶν

1935 1756 2115 1811 cordis
2137 1734 2335 1813 aﬂ‘ectu
2364 1757 2433 1815 et
2453 1761 2701 1830 precibus
2735 1769 2789 1818 et
2811 1734 3079 1818 'oratione
3123 1772 3240 1818 orat
3267 1771 3326 1818 ut
3353 1764 3488 1820 libe—

275 1827 386 1879 ἀλλ’
413 1829 533 1882 οὑδὲ
565 1830 673 1884 τῶν
722 1833 857 1887 οἴκοι
887 1840 1299 1910 πιμπραμένων,
1333 1844 1452 1898 ἀντί¹
1484 1847 1576 1899 τοῦ
1618 1848 1839 1920 σϐεστή-

279 1935 365 1988 ρια
387 1920 787 1990 καταψεκάζειν
809 1926 1032 1998 ὄργανα,
1057 1931 1359 1987 τούναντίον
1388 1935 1563 1990 ἔλαιον
1590 1939 1621 2009 ἢ
1649 1940 1838 1994 πίτταν

274 2010 528 2080 ἐπιχέων,
583 2015 662 2078 είς
708 2016 940 2089 ἄμετρον
975 2019 1072 2090 μὲν
1117 2023 1246 2093 ὕψος
1286 2027 1484 2099 ἐγείρει
1516 2028 1612 2100 τὴν
1647 2031 1835 2101 φλόγα,

273 2102 581 2175 φλεγομένη
617 2106 673 2159 δὲ
703 2110 884 2179 μεῖζον
923 2113 982 2166 τὸ
1008 2115 1174 2179 πάθος
1211 2117 1381 2184 αὔξει,
1413 2125 1506 2176 καὶ
1544 2123 1654 2193 πῦρ
1688 2126 1838 2198 ἄρδει

271 2193 412 2285 κατὰ
444 2195 619 2267 πυρὸς
640 2198 1028 2270 ἀπειροκάλως.
1058 2205 1242 2273 Οὕτως
1262 2208 1387 2282 ἄρα,
1411 2213 1477 2266 δι’
1508 2207 1581 2270 ὧν
1605 2193 1836 2285 ἐφιλοτι-

282 2283 477 2352 μοῦντο
509 2288 769 2358 πράττειν
800 2294 848 2345 oi
881 2299 1176 2367 φαρμακοὶ,
1212 2299 1297 2354 διὰ
1345 2303 1546 2360 τούτων
1591 2283 1834 2379 ἐναργεῖς

276 2375 534 2472 ἐξέφερον
559 2380 829 2452 ἐλέγχους,
859 2386 934 2449 ὡς
960 2390 1266 2465 οίησικοπίᾳ
1291 2397 1641 2464 φαντασιώδει
1663 2375 1834 2472 ψυχα-

275 2473 470 2536 γωγεῖν
503 2470 673 2541 ᾤοντο
699 2475 807 2528 δεῖν
834 2479 1236 2544 έαυτούς.Ἔστι
1263 2488 1390 2554 γοῦν
1409 2491 1628 2546 αὐτόθεν
1658 2493 1717 2545 οὑ
1746 2511 1836 2563 χα-

277 2554 448 2620 λεπῶς
481 2559 634 2625 ίδεῖν,
668 2563 750 2615 ὅτι
791 2565 883 2618 καὶ
908 2571 1023 2622 νυνὶ⁵
1049 2571 1225 2644 πολλῷ
1253 2575 1470 2633 πλείονα
1497 2582 1589 2634 καὶ
1616 2554 1834 2652 μείζονα

273 2647 470 2703 τούτων
503 2653 562 2703 ἐν
596 2655 709 2716 τοῖς
738 2655 982 2729 θεάτροις
1005 2663 1052 2713 οἱ
1081 2661 1451 2734 ψηφοπαῖκται
1484 2671 1680 2742 δρῶσιν
1723 2678 1838 2729 εἰωο

279 2738 438 2806 θότως
459 2759 471 2770 ·
505 2743 623 2796 ἀλλ’
656 2746 805 2815 ὅμως
850 2751 1189 2824 αὐτοσχεδίῳ,
1210 2757 1434 2830 δυνάμει
1466 2738 1665 2818 τούτων
1691 2766 1834 2820 ἄντι-

278 2847 403 2902 κρυς
432 2835 804 2908 ἁλισκομένων
828 2842 1026 2896 ἑάλωνο
1055 2846 1204 2900 οὐδὲν
1222 2844 1380 2920 ἦττον
1409 2853 1440 2923 ή
1467 2853 1832 2930 διηγηματικὴ

277 2925 580 2996 προγράφει
624 2931 772 3002 φωνή
795 2948 806 2961 ·
853 2933 960 2987 Kal
1001 2935 1296 3006 ἐποίησαν
1329 2945 1381 2996 οί
1421 2925 1684 3000 exactae!
1718 2925 1834 3002 τῶνἰ

273 3015 607 3083 Αἰγυπτίων
652 3022 781 3088 ταῖς
839 3032 1220 3097 φαρμακείαις
1275 3035 1472 3089 αὐτῶν
1530 3039 1828 3107 ὡσαύτως.

1937 1856 2106 1902 retur.
2145 1848 2234 1905 Sic
2260 1851 2420 1905 etiam
2454 1853 2538 1908 his
2558 1854 2649 1922 qui
2679 1853 2823 1908 domi
2866 1862 3187 1923 exuruntur,
3232 1872 3329 1928 pro
3372 1872 3488 1912 ma-

1938 1939 2114 1994 chinis
2148 1941 2214 1995 ad
2242 1943 2418 2012 ignem
2441 1945 2894 2017 exstinguendum
2931 1948 3270 2019 adaptandis,
3308 1947 3486 2005 oleum

1936 2037 1994 2085 et
2013 2030 2185 2100 picem
2221 2033 2265 2085 si
2291 2033 2414 2102 quis
2447 2035 2878 2104 superinfundct,
2903 2037 2957 2091 in
2985 2038 3304 2094 immensum
3334 2037 3487 2095 ﬂam-

1935 2136 2054 2177 mas
2095 2123 2370 2192 excitabit,
2404 2141 2522 2195 quae
2576 2127 2666 2182 ubi
2711 2129 3006 2194 invaluere,
3060 2131 3259 2186 malum
3306 2132 3485 2202 majus

1936 2212 2198 2279 exoritur,
2225 2215 2470 2286 ignisque
2502 2217 2680 2289 inepte
2719 2229 2907 2275 contra
2937 2221 3114 2292 ignem
3147 2223 3488 2282 accenditur.

1939 2303 2029 2356 Sic
2062 2304 2224 2375 igitur
2260 2308 2401 2378 magi
2437 2323 2532 2378 per
2580 2325 2644 2364 ea
2685 2326 2804 2381 qua:
2856 2312 3140 2368 ambitiose
3183 2314 3485 2380 tentabant,

1937 2397 2218 2453 manifeste
2251 2398 2810 2469 deprehendebantur,
2870 2412 3077 2459 tantum
3135 2405 3302 2460 animi
3347 2422 3481 2461 con-

1935 2497 2090 2558 ceptu
2123 2499 2282 2560 atque
2309 2491 2580 2561 opinione,
2613 2505 2672 2548 ut
2715 2496 2817 2551 sibi
2851 2497 3192 2562 videbantur,
3244 2497 3483 2564 animum

1935 2579 2253 2638 obiectasse.
2291 2581 2524 2654 Indeque
2551 2586 2617 2641 ad
2643 2586 2757 2642 haec
2792 2594 3031 2658 tempora
3066 2588 3231 2660 (quod
3267 2604 3377 2645 non
3399 2598 3482 2646 est

1934 2671 2151 2729 difficile
2179 2674 2439 2749 cogitatu)
2477 2677 2583 2732 illis
2615 2679 2782 2734 multo
2826 2681 3030 2751 majora
3083 2682 3380 2753 maiorique
3425 2683 3480 2738 in

1935 2761 2088 2830 cepia
2122 2763 2175 2817 in
2222 2763 2446 2820 theatris
2493 2767 2778 2822 saccularii
2827 2769 2895 2824 de
2941 2785 3092 2827 more
3137 2771 3349 2828 ludunt.
3378 2773 3482 2838 Qui

1935 2860 2112 2908 tamen
2142 2853 2400 2911 facultate
2441 2873 2472 2912 e
2501 2873 2561 2913 re
2597 2866 2722 2913 nata
2748 2864 2870 2916 vani
2923 2863 3171 2934 irritique
3203 2866 3362 2935 plane
3385 2866 3481 2921 de—

1934 2943 2185 3014 prehensi
2214 2946 2559 3014 ceciderunt;
2588 2956 2642 3004 et
2663 2950 3013 3009 nihilominus
3039 2951 3318 3024 Scriptura
3353 2971 3481 3010 nar-

1933 3045 2017 3090 rat
2049 3056 2061 3092 :
2088 3037 2155 3090 Et
2206 3038 2438 3106 fecerunt
2488 3038 2856 3110 Egypliorum
2897 3044 3248 3101 incantatores
3277 3063 3368 3116 per
3397 3049 3482 3103 in-

277 3105 419 3158 Ἐδει
450 3109 648 3175 τοίνυν,
675 3113 750 3176 ὡς
787 3115 814 3166 ὁ
838 3115 1193 3193 δογματιστὴς
1220 3123 1600 3200 ἐνομοθέτησεν
1632 3105 1830 3202 Ὠριγέ-

1931 3105 2254 3182 cantationes
2278 3145 2458 3183 eorum
2500 3131 2761 3186 similiter.
2792 3133 3082 3190 Dicendum
3131 3139 3313 3210 itaque
3341 3149 3477 3206 erat,

273 3215 385 3268 νης,
415 3202 593 3255 εἰπεῖν
612 3221 624 3233 ·
679 3206 996 3275 Ἐποίησαν
1021 3212 1088 3267 δὲ
1119 3215 1190 3269 τὰ
1212 3220 1602 3287 παραπλήσια
1635 3225 1715 3290 τῷ
1740 3225 1829 3279 δο-

270 3289 396 3344 νεῖν
420 3297 475 3347 οἱ
501 3295 768 3352 ἑπαοιὸοὶ
800 3300 916 3354 τῶν
951 3307 1284 3375 Αἰγυπτίων
1309 3326 1324 3341 θ
1358 3311 1492 3366 ἀλλὰ
1524 3316 1595 3385 μὴ
1631 3316 1825 3385 λέγειν,

268 3381 565 3451 ὡσαύτως,
597 3388 682 3442 ἱνα
730 3393 802 3462 μή
849 3410 992 3460 τινες
1025 3398 1337 3454 ὑπολάϐοιεν
1366 3402 1432 3458 ἂν
1457 3381 1535 3470 ὡς
1554 3408 1612 3473 ἐξ
1640 3410 1828 3478 ὁμοίας

268 3471 501 3541 ὁρμᾶται
541 3475 852 3564 δυνάμεως·
883 3485 930 3537 εί
961 3485 1066 3557 γάρ
1104 3489 1260 3559 ὅμοια
1299 3496 1409 3556 τοῖς
1438 3471 1607 3564 ἀμφι
1627 3471 1827 3553 Μωσέα

267 3564 522 3632 πράττειν
544 3561 722 3623 οἷοίτε
750 3567 907 3642 ἦσαν,
932 3577 1124 3632 οὑκοῦν
1147 3581 1404 3650 ὡσαύτως
1427 3585 1683 3656 ἠδύναντο
1703 3591 1826 3655 τοὺς

265 3653 538 3719 ἐναντίους
578 3659 884 3728 ἀμύνασθαι
923 3668 1032 3732 τοῖς
1073 3670 1222 3735 ἴσοις,
1256 3671 1394 3726 ὥστε
1441 3675 1566 3740 τοὺς
1612 3678 1827 3747 ἀγῶνας

263 3745 603 3818 ἑκατέρωθεν
627 3751 888 3824 ὑπάρχειν
919 3757 1238 3827 ἀντιπάλους
1256 3781 1269 3794 ο
1307 3767 1355 3818 εί
1383 3767 1426 3819 δ’
1445 3769 1634 3823 οὐδένα
1662 3745 1729 3825 δι’
1751 3767 1824 3828 ὧν

261 3841 628 3911 ἐσχημάτιζον
661 3843 939 3914 ἔϐλαπτον,
963 3853 1332 3928 ἀποκέχρηται
1366 3859 1460 3929 μὲν
1492 3861 1597 3933 ἄρα
1626 3864 1702 3935 τῷ
1732 3867 1826 3938 ῥή-

262 3948 419 4000 ματι,
449 3935 689 4006 πρόδηλα
716 3937 772 3990 δὲ
793 3939 860 3992 τὰ
898 3942 996 4013 τῆς
1019 3944 1223 4016 ἀψύχου
1255 3952 1547 4018 φαντασίας
1579 3935 1825 4010 ἐκτυπώ-

259 4041 435 4092 ματα.
471 4021 571 4081 Οἴα
593 4027 655 4100 δὴ
676 4029 947 4086 κάνταῦθα
973 4035 1031 4088 τὸ
1055 4038 1164 4090 τῶν
1192 4039 1482 4097 ἐπαοιδῶν
1501 4045 1665 4117 ὄνομα
1690 4066 1824 4120 προσ

255 4115 430 4211 τάξας
464 4118 494 4169 ὁ
526 4123 891 4211 συγγραφεὺς,
926 4129 1020 4180 καὶ
1051 4127 1118 4180 τὰ
1142 4131 1239 4201 τῆς
1267 4115 1608 4204 φαρμακείας
1635 4115 1824 4211 ἐπιτη-

253 4204 525 4277 δεύματα,
564 4208 814 4277 διέδειξεν
852 4214 928 4280 ὡς
972 4218 1030 4270 οὑ
1064 4221 1236 4292 χρεὼν
1267 4225 1332 4278 ἂν
1358 4228 1442 4299 εἴη
1473 4229 1534 4282 τὸ
1568 4233 1824 4303 παράπαν

253 4300 644 4372 ἀμφισϐητεῖν,
671 4307 751 4358 ὅτι
796 4311 907 4372 τοῖς
955 4311 1147 4381 μάγοις
1173 4316 1375 4371 ἕκαστα
1408 4300 1720 4398 περιεργείᾳ
1743 4327 1823 4381 δι-

1930 3227 1988 3273 ιιι
2021 3219 2330 3290 dogmatum
2365 3221 2504 3276 lator
2549 3221 2809 3294 Origenes
2862 3229 3021 3298 quasi
3059 3230 3176 3301 lege
3229 3231 3479 3296 sancivit,

1928 3309 2188 3366 Fecerunt
2251 3321 2425 3366 autem
2471 3314 2670 3368 similia
2732 3318 3057 3386 apparitione
3125 3319 3490 3378 incantatores.

1927 3402 2321 3473 ZEgypliorum,
2361 3413 2414 3459 et
2441 3418 2552 3459 non
2601 3407 2876 3472 similiter;
2906 3423 2974 3464 ne
3003 3409 3124 3478 quis
3172 3412 3485 3482 suspicare.-

1929 3500 2016 3546 tur
2043 3509 2106 3547 ex
2135 3493 2321 3548 eadem
2377 3501 2643 3564 potestate
2692 3497 2939 3568 produci.
2998 3497 3153 3552 Nam
3184 3499 3228 3556 si
3283 3503 3487 3560 similia-

1925 3580 2178 3640 Mosaicis
2219 3585 2326 3641 illis
2377 3587 2698 3644 conficiendi
2745 3589 2973 3645 facultas
3019 3589 3232 3660 fuisset,
3287 3593 3484 3653 fuisset

1925 3675 2112 3745 utique
2163 3675 2350 3733 eadem
2402 3681 2613 3735 ratione
2666 3681 2850 3736 hostes
2915 3681 3250 3749 ulciscendi,
3292 3685 3364 3738 ita
3420 3695 3480 3741 ut

1926 3766 2179 3838 utrinque
2203 3784 2357 3838 atquo
2399 3768 2566 3825 Marte
2594 3771 2912 3826 certandum
2940 3771 3097 3828 foret.
3126 3772 3183 3827 Si
3207 3789 3335 3830 vero
3368 3776 3482 3831 nul-

1933 3853 2016 3914 lus
2041 3873 2135 3928 per
2167 3875 2286 3929 qua:
2307 3859 2664 3917 eﬂ‘ormabant
2691 3861 3005 3934 laedebatur,
3055 3863 3297 3920 abutitur
3340 3881 3477 3938 ergo

1925 3964 2194 4017 sermone,
2235 3952 2642 4024 manifestaque
2674 3953 2810 4009 fiunt
2859 3956 3166 4012 inanimatae
3217 3958 3478 4029 imagina-

1923 4042 2088 4098 tionis
2135 4044 2365 4114 species.
2423 4047 2885 4114 Quemadmodum
2935 4056 2988 4104 et
3043 4049 3132 4104 hic
3178 4049 3476 4109 incantata-

1924 4149 2040 4186 rum
2070 4134 2291 4191 nomine
2312 4143 2366 4191 et
2402 4141 2591 4210 magiae
2612 4139 2808 4198 studiis
2830 4154 2893 4195 ac
2923 4141 3133 4197 artibus
3170 4141 3483 4212 praepositis

1923 4223 2333 4294 demonstravit,
2366 4231 2588 4286 omnino
2629 4231 2984 4287 dubitandum
3008 4247 3117 4287 non
3145 4248 3267 4290 esse
3293 4235 3475 4290 omnia

1922 4313 2014 4368 illa
2038 4332 2068 4370 a
2094 4319 2266 4390 magis
2291 4323 2667 4392 superstitiosa
2700 4326 3014 4381 curiositate
3045 4326 3282 4398 perfecta
3306 4325 3477 4387 fuisse

252 4392 558 4462 επράττετο
597 4392 666 4447 τά
693 4395 888 4469 γοώδηο
915 4401 1135 4455 τοιαῦτα
1174 4405 1266 4458 καὶ
1295 4406 1360 4460 τὰ
1390 4392 1662 4484 τῆσδε
1688 4392 1822 4470 lato-

255 4481 374 4510 λι..-
401 4483 778 4510 λ...,,.έ..---..-
825 4485 1062 4510 β-ι.--μ-η
1087 4507 1097 4510 _
1136 4493 1184 4510 ην
1234 4493 1244 4510 ε
1363 4498 1372 4510 .
1455 4502 1466 4510 .
1697 4504 1708 4510 -

1930 4404 2142 4473 similia,
2184 4419 2238 4466 et
2279 4410 2774 4481 hujusce‘historiaa
2799 4423 2950 4486 gesta
2991 4424 3479 4488 repraesentantur.

252 4481 374 4551 ρίας
399 4483 782 4554 άπογράφεται
822 4485 1067 4558 δράματα
1086 4507 1098 4520 ·
1126 4493 1291 4565 αὑτὴν
1315 4498 1422 4570 γάρ
1450 4481 1816 4576 ἐγγαστρίμυ-

247 4575 336 4630 θον
365 4579 670 4649 ὀνομάσας,
699 4579 814 4636 εἶτα
840 4587 930 4639 καὶ
953 4590 1213 4660 μαντικῆς
1234 4591 1516 4663 εὑρήματα
1535 4575 1816 4669 διελέγχων

245 4667 445 4741 ἀσεϐῆ,
473 4671 918 4745 δαιμονιζομένου
953 4696 1014 4731 τε
1039 4681 1099 4734 τὸ
1129 4682 1415 4752 πρόσωπον
1439 4667 1818 4754 ἀποδείξας-εῖ-

241 4775 327 4810 ναι
369 4760 438 4812 τὸ
489 4763 905 4834 μαντευόμενον,
941 4767 1238 4835 αὐτοτελῶς
1271 4771 1544 4845 ἐξέφηνεν,
1578 4777 1658 4832 ὅτι
1685 4797 1815 4849 φαν-

240 4853 631 4918 τασιοκοπίαις
668 4855 874 4910 ἕκαστα
921 4858 1294 4932 διαπράττοιτο
1338 4866 1624 4940 κιϐδήλοις.
1658 4872 1813 4929 Ἀλλά

236 4944 416 4999 ταῦτα
456 4946 558 5016 μὲν
587 4949 718 5018 ἡμῖν
745 4949 884 5004 οὑτω
903 4955 1140 5024 νοητέον.

307 5036 382 5090 X.
410 5039 618 5109 Ἴωμεν
645 5040 701 5094 δὲ
735 5042 891 5096 πάλιν
919 5045 1271 5114 ἐξελίττοντες
1303 5051 1394 5104 ἐπὶ
1425 5053 1490 5105 τὰ
1514 5053 1621 5107 τῶν
1640 5054 1810 5124 λόγων

234 5129 380 5201 ἴχνη.
422 5129 493 5182 Τί
525 5131 618 5187 οὑν
638 5173 653 5200 ,
683 5133 757 5198 ὡς
789 5136 950 5205 ἤρετο
978 5137 1076 5208 τὴν
1106 5141 1532 5215 ἐγγαστρίμυθον
1563 5147 1591 5198 ό
1617 5147 1808 5216 Σαοὺλ,

240 5221 300 5272 π
327 5219 640 5290 ἑώρακαςξ
673 5225 870 5294 simini;
908 5229 994 5283 Ἐν
1022 5229 1314 5304 πρώτοιςὴ
1357 5234 1649 5307 παραπλὴξ
1687 5237 1782 5292 ἀνθ
1795 5266 1811 5275 -~

233 5312 604 5380 υπνέγκασα
633 5315 730 5387 βοᾷ
749 5335 762 5346 ·
790 5319 900 5373 Καὶ
943 5323 1115 5388 θεοὺς
1137 5321 1361 5391 ἑώρακα
1383 5326 1812 5395 ἀναϐαίνοντας

229 5403 296 5456 ἐκ
351 5403 478 5472 τῆς
522 5403 666 5475 γῆς’
721 5409 903 5484 ἐπειδὴ
959 5413 1068 5485 γὰρ
1127 5415 1370 5470 ἐϐούλετο
1425 5419 1810 5490 ἐκτραχηλίσαι

233 5495 526 5558 παντοίως
561 5497 648 5552 τὸν
691 5499 856 5571 ἄνδρα
897 5505 1246 5577 συναρπάσας
1291 5511 1318 5562 ὁ
1360 5508 1617 5576 διάϐολος,
1665 5512 1811 5566 ἐπει-

305 5679 348 5708 ἐ
394 5675 431 5729 1
499 5673 618 5748 Reg.
653 5694 845 5746 nvm,
902 5683 985 5736 l3.

1920 4496 2053 4554 Nam
2109 4505 2536 4575 engastrimytho
2584 4506 2827 4575 inducta,
2866 4507 3120 4580 deinceps
3156 4509 3344 4582 magiae
3387 4526 3476 4566 ar-

1920 4591 2067 4647 tibus
2099 4593 2280 4663 impiis
2318 4594 2689 4666 deprehensis,
2711 4607 2762 4654 et
2791 4615 3024 4670 persona
3057 4617 3179 4672 quae
3219 4601 3474 4660 vaticinia

1919 4685 2134 4754 petebat
2165 4687 2495 4743 daemoniaca
2540 4689 2945 4761 demonstrata;
2981 4693 3216 4764 perfecte
3245 4696 3474 4752 demon-

1919 4779 2112 4835 stravit
2179 4780 2660 4852 imaginationibus
2717 4785 2892 4856 iisque
2959 4788 3233 4845 ementitis
3291 4789 3473 4844 omnia

1917 4869 2086 4952 fuisse
2143 4881 2380 4942 peracta.
2454 4873 2558 4931 Sed
2618 4876 2732 4931 haec
2790 4877 2864 4932 ita
2909 4879 3068 4936 nobis
3128 4879 3471 4952 intelligenda

1916 4947 2062 5021 sunt.

1994 5055 2061 5112 X.
2088 5055 2258 5113 Porro
2302 5057 2497 5113 iterum
2531 5057 2575 5116 si
2603 5075 2723 5129 qua:
2768 5068 2896 5116 sunt
2922 5062 3210 5120 verborum
3249 5062 3468 5132 indicia,

1914 5149 2338 5205 consideremus.
2409 5149 2550 5216 Quid
2611 5150 2812 5222 igitur?
2864 5162 2924 5207 ut
2984 5154 3466 5230 engastrimythum

1914 5237 2041 5294 Saul
2063 5240 2411 5312 interrogavit
2435 5261 2449 5296 :
2475 5241 2614 5308 Quid
2641 5242 2855 5299 vidisti?
2880 5245 3218 5315 inquiens“,
3234 5246 3467 5315 primum

1910 5331 2132 5388 demens
2181 5333 2270 5387 illa
2320 5335 2515 5389 mulier
2570 5334 2907 5406 respondens
2958 5337 3196 5391 clamat:
3245 5335 3314 5391 Et
3343 5336 3465 5392 deos

1909 5423 2014 5477 vidi
2041 5423 2371 5479 ascendentes
2403 5441 2430 5478 ε
2463 5435 2625 5481 terra.
2660 5424 2796 5482 Cum
2837 5426 2982 5483 enim
3018 5427 3194 5484 modis
3215 5427 3466 5484 omnibus

1910 5515 2083 5570 virum
2103 5516 2435 5589 praecipitem
2457 5533 2612 5590 agere
2639 5517 2695 5576 in
2722 5519 2902 5576 animo
2944 5517 3166 5578 haberet
3193 5518 3464 5583 diabolus.
