4080 6334
227 331 332 386 633

1113 323 1200 383 DE
1233 323 1823 384 ENGASTRIMYTIIO
1863 321 2141 384 CONTRA
2180 325 2550 387 ORIGENEM.‘

3326 325 3429 381 654

224 447 340 501 τότε
368 443 446 515 μὴ
469 446 850 516 προσκυνήσας
872 445 946 509 ὡς
977 444 1188 517 ἰδιώτης
1213 446 1453 516 ἄρχοντι,
1473 444 1565 498 νῦν
1581 445 1644 497 ἐγ
1669 444 1776 496 τῶν

1886 445 2102 513 adorat;
2132 463 2255 502 cum
2285 465 2413 504 vero
2441 449 2609 504 virum
2641 456 2835 500 rectum
2875 442 3126 512 intelligit
3150 441 3430 499 ascenden-

225 534 479 590 ἐναντίων
509 537 538 589 ὁ
568 535 816 606 βασιλεὺς
866 537 1186 590 ἰδιωτεύοντι
1224 537 1542 606 προσκυνεῖ;
1585 535 1778 604 Τρίτον

223 629 311 682 ἐπὶ
337 627 547 690 τούτοις
574 627 682 698 ἐχω
709 627 907 697 λέγειν,
936 629 989 681 τί
1017 629 1209 698 δήποτε
1237 626 1408 692 θεοὺς
1431 627 1780 680 ἀναϐαίνον-

222 735 324 784 τας
373 718 633 782 ἀκούσας,
673 719 844 772 οὐδενί
883 719 1084 772 τούτων
1134 718 1565 789 προσεκύνησεν·
1607 718 1695 770 ὅτε
1723 716 1778 769 δὲ

221 810 324 862 τὸν·
347 807 540 877 ἄνδρα
565 808 764 876 ὄρθιον
787 808 1018 879 ἀκήκοεν
1041 808 1463 874 ἁναϐεϐηκότα,
1484 805 1778 877 τηνικαῦτα

221 901 604 970 προσκυνήσας
635 896 903 967 ὑπέκυψε;
940 898 1049 950 Καὶ
1085 896 1210 967 μὴν,
1245 895 1321 958 ὼς
1373 893 1646 965 Ὠριγένης
1677 894 1780 946 ἀπ-

219 992 459 1060 εφήνατο
484 989 790 1061 τολμηρῶς,
821 988 978 1059 εἴπερ
1000 987 1214 1056 ἄγγελοί
1242 1003 1384 1050 τινες
1409 981 1546 1056 ἦσαν
1575 986 1637 1037 ἐκ
1655 984 1780 1037 τού-

219 1095 327 1136 ¹των
368 1081 403 1152 ἢ
441 1080 595 1153 χοροὶ
629 1081 938 1153 προφητῶν,
985 1081 1088 1133 ἔδει
1133 1082 1243 1143 τοῖς
1292 1078 1596 1150 κρείττοσιν
1650 1079 1780 1130 ὑπο-

223 1175 412 1244 κύψαι.
464 1173 673 1229 Οὐκοῦν
711 1177 776 1228 ἐκ
805 1175 1016 1228 πάντων
1050 1171 1185 1245 ὁμοῦ
1207 1171 1314 1225 τῶν
1343 1171 1518 1242 ἔργων
1543 1168 1781 1240 εὐχερῶς

223 1267 366 1320 ἐστιν
420 1263 568 1329 ἰδεῖν,
603 1266 684 1319 ὅτι
719 1266 810 1320 τὸν
835 1264 1071 1336 ἡγεμόνα
1109 1263 1206 1334 μὲν
1243 1261 1365 1316 νοῦν
1397 1261 1728 1330 ὲτύφλωττεν
1754 1262 1782 1312 ὁ

224 1357 414 1423 Σαοὺλ,
434 1359 540 1412 ὑπὸ
558 1357 653 1411 τοῦ
675 1358 920 1428 δαίμονος
943 1355 1309 1427 ἐλαυνόμενος·
1331 1357 1358 1408 ὁ
1377 1354 1434 1408 δὲ
1451 1353 1690 1416 διάϐολος
1703 1353 1782 1416 εἰς

221 1450 508 1520 διαφόρους
534 1447 851 1518 ἐξήλλαττεν
879 1447 1065 1500 ἐαυτὸν
1085 1446 1246 1520 ἰδέας,
1277 1443 1380 1497 ὑπὸ
1399 1443 1493 1496 τοῦ
1521 1442 1782 1496 δυνάστου

222 1518 662 1611 προσκυνηθῆναι
726 1518 1258 1609 πραγματευόμενος,
1327 1536 1413 1588 ἴνα
1478 1538 1544 1588 ἐκ
1597 1532 1782 1588 τούτου

221 1632 499 1694 πλείστους
514 1632 672 1694 ὅσους
692 1630 1002 1702 ἐξαπατήσῃ
1019 1628 1314 1698 λεληθότως
1329 1627 1797 1696 ὑποκύπτιον(5’“)

222 1723 384 1792 αὐτῷ.
409 1721 606 1776 Καίτοι
635 1737 698 1788 γε
725 1721 780 1772 δὲ
815 1720 876 1790 [Γ.
900 1720 984 1791 δὴ]
1009 1720 1068 1772 ού
1095 1719 1244 1784 ξένον
1267 1720 1412 1771 ἐστὶν
1441 1720 1630 1781 εἰπεῖν,
1654 1717 1786 1769 ὅπου

1881 546 2002 600 lem,
2033 545 2163 593 tunc
2195 553 2261 593 eo
2282 539 2507 595 adorato
2528 538 2679 593 humi
2710 554 2768 594 se
2795 536 3026 591 stravit?
3051 534 3116 588 Et
3144 542 3348 600 tamen,
3375 550 3434 592 ut

1879 623 2140 696 Origenes
2201 628 2366 683 nimis
2419 628 2679 684 audacter
2735 625 3138 690 determinavit,
3185 627 3231 681 si
3258 629 3432 697 angeli

1881 715 1954 769 illi
1981 717 2065 771 vel
2093 717 2245 772 chori
2297 719 2684 788 praphetarum
2719 716 2972 780 fuissent,
3017 715 3122 785 ipsi
3177 723 3434 785 tanquam

1879 809 2283 876 praestantiores
2307 817 2463 863 erant
2503 808 2785 864 adorandi.
2835 807 3001 877 Igitur
3028 807 3112 862 his
3137 806 3299 863 rebus
3323 822 3435 862 om-

1880 896 2040 952 nibus
2093 898 2256 953 simul
2307 899 2705 961 consideratis,
2751 898 2908 953 facile
2964 904 3049 952 est
3100 896 3435 966 intelligere,

1883 987 2061 1044 Saulis
2089 1005 2119 1043 a
2157 989 2400 1047 daemone
2447 991 2620 1046 vexati
2653 989 2953 1060 principem
2999 988 3191 1042 anima:
3226 995 3436 1058 partem

1882 1081 2219 1147 czeeutiisse;
2265 1081 2541 1136 diabolum
2583 1097 2713 1135 vero
2739 1082 2792 1134 in
2828 1081 3006 1134 varias
3036 1078 3236 1134 formas
3267 1089 3442 1132 muta-

1885 1181 1995 1225 tum
2021 1212 2035 1232 ,
2086 1172 2213 1226 dum
2249 1187 2277 1226 a
2309 1189 2433 1244 rege
2466 1172 2678 1228 adorari
2707 1171 2896 1235 ambit,
2931 1179 2986 1224 ut
3018 1169 3442 1241 quamplurimas

1886 1261 2116 1327 falleret,
2171 1264 2540 1320 adorationem
2573 1265 2676 1320 sibi
2711 1267 2996 1319 adstruere
3037 1263 3294 1319 voluisse.
3327 1262 3440 1319 lioc

1884 1370 2014 1409 sane
2040 1356 2263 1412 minime
2315 1359 2511 1412 mirum
2544 1365 2649 1421 est,
2702 1373 2802 1412 nec
2858 1364 3054 1426 praeter
3087 1357 3444 1425 exspectatio-

1885 1461 2048 1500 nem:
2103 1463 2228 1502 nam
2280 1450 2384 1504 etsi
2417 1449 2622 1505 Christi
2670 1463 2902 1519 persona
2932 1457 3243 1518 conspecta,
3281 1463 3442 1518 quem

1885 1537 2031 1592 intus
2054 1554 2110 1593 re
2131 1546 2184 1592 et
2213 1540 2532 1609 operatione
2564 1540 2730 1596 Deum
2758 1543 2825 1607 ’³,
2863 1547 3168 1610 naturaque
3199 1538 3290 1594 Dei
3323 1538 3444 1609 legi-

1886 1627 2077 1681 timum
2113 1627 2309 1684 Filium
2365 1631 2602 1697 videbat,
2655 1631 2873 1686 homine
2909 1646 3067 1700 puro,
3102 1631 3442 1700 incorrupto,

1888 1717 2053 1772 nullis
2108 1720 2362 1775 sordibus
2407 1721 2803 1775 commaculato
2845 1721 3264 1786 circumdatum,
3294 1730 3445 1776 extra

219 1827 280 1881 γε
307 1814 403 1866 καὶ
448 1811 509 1864 τὸ
541 1811 634 1864 τοῦ
665 1810 900 1882 Χριστοῦ
935 1809 1224 1882 πρόσωπον
1252 1807 1481 1871 εἰσιδὼν,
1515 1807 1658 1879 ἔργῳ
1697 1808 1784 1878 μὲι

1895 1825 2020 1865 vero
2043 1813 2299 1881 templum
2333 1813 2776 1882 pulcherrimum,
2803 1821 3197 1878 consecratum,
3227 1814 3449 1868 inviola-

218 1904 422 1957 ἔνδοθεν
445 1894 592 1974 ἐώρα
619 1903 711 1956 καὶ
731 1902 919 1972 πράξει
940 1902 1088 1966 Θεὸν,
1112 1901 1206 1953 καὶ
1231 1900 1385 1969 φύσει
1408 1899 1542 1952 Θεοῦ
1561 1901 1781 1970 γνήσιον

218 1993 362 2056 Υἰὺν,
397 1990 691 2062 ἄνθρωπον
724 1991 778 2044 δὲ
808 1985 1078 2062 καθαρὸν.
1117 1991 1413 2060 ἄχραντον,
1456 1989 1782 2061 ἀκηλίδωτον

216 2084 466 2150 ἐξωτάτω
522 2066 901 2155 περικείμενον
935 2080 1269 2146 ἐποπτεύων,
1297 2080 1412 2147 ⁸καὶ
1439 2080 1568 2134 ναοῦ
1597 2079 1782 2150 χρῆμα

221 2174 578 2247 περικαλλὲς,
631 2173 1036 2244 ἀφιερωμένον,
1088 2171 1378 2241 ἀσύλητον,
1427 2171 1577 2225 οὐδὲν
1623 2167 1783 2242 ἦττον

215 2266 561 2338 ἐκπειράζων
586 2265 744 2318 αὑτὸν
769 2262 998 2336 ἀμελητὶ
1028 2264 1250 2335 προσείη
1271 2266 1330 2335 (ί.
1356 2264 1628 2334 προσῄει),
1663 2262 1780 2315 θεο-

220 2357 403 2429 μαχῶν
420 2356 706 2418 εἰωθότως·
727 2356 802 2420 ὼς
821 2355 897 2422 δέ,
919 2356 984 2409 τὰ
1007 2355 1196 2426 πρῶτα
1218 2357 1310 2410 καὶ
1332 2356 1398 2410 τὰ
1413 2355 1638 2427 δεύτερα
1662 2356 1780 2410 καθ’

217 2449 406 2502 ἐαυτοῦ
435 2446 932 2519 προκαλεσάμενος,
962 2447 1167 2518 ἡττήθη
1194 2448 1396 2519 ραγείς,
1427 2447 1606 2509 ἄθλιος
1629 2444 1782 2512 αὖθις

218 2544 295 2605 εἰς
335 2541 463 2594 ἀλλο
503 2538 844 2608 μεταλλάξας
879 2534 1012 2609 ἦθος
1035 2577 1049 2603 ,
1085 2538 1458 2592 ὑποδεικνύναι
1496 2539 1594 2609 μὲν
1636 2539 1783 2609 αύτῴ

219 2635 396 2688 πᾶσαν
423 2632 525 2702 τὴν
555 2630 708 2685 τοῦδε
736 2629 830 2684 τοῦ
862 2631 1064 2701 κόσμου
1092 2630 1432 2702 περιγραφὴν
1461 2631 1780 2702 ἐπεχείρησε

223 2725 310 2782 καὶ
354 2723 457 2786 τάς
501 2720 778 2792 βασιλείας
819 2721 1016 2791 αὑτῆς,
1063 2723 1288 2792 ἀπονοίᾳ
1341 2721 1396 2775 δὲ
1441 2723 1534 2776 καὶ
1580 2722 1782 2794 ψευδη-

223 2814 377 2886 γορίᾳ
413 2811 814 2884 θρασυνόμενος
853 2811 1162 2882 ἐκόμπαζε·
1225 2811 1410 2866 Ταῦτα
1450 2812 1644 2868 πάντα
1683 2830 1780 2868 σοι

220 2905 417 2966 δώσω.
461 2905 570 2960 ἐὰν
610 2902 816 2956 πεσὼν
862 2904 1295 2973 προσκυνήσῃς
1341 2925 1464 2976 μοι.
1518 2909 1782 2973 Τοιαύτας

223 2996 315 3067 μὲν
361 2992 459 3050 οῦν
502 2997 532 3049 ό
573 2995 776 3066 ἀσεϐὴς
827 2995 1023 3068 ἔρρηξε
1077 2996 1234 3068 δεῦρο
1281 2998 1489 3067 φωνὰς,
1541 3001 1782 3070 οἰόμενος

220 3091 295 3152 εἰς
346 3087 520 3160 ὀργὴν
572 3087 969 3142 ἐκκαλέσασθαι
1011 3088 1081 3141 τά
1119 3088 1218 3159 τῆς
1257 3089 1605 3156 ἀνεξικακίας
1653 3093 1778 3165 ἧθη,

1888 1907 2036 1968 tum;
2101 1903 2454 1959 nihilominus
2509 1904 2576 1958 ad
2644 1905 2792 1958 illum
2853 1903 3117 1960 accedens
3163 1918 3444 1974 perperam

1890 1992 2151 2053 tentabat,
2210 2006 2312 2045 suo
2367 1993 2527 2048 modo
2559 2001 2612 2048 et
2661 2009 2812 2048 more
2842 2009 3074 2064 pugnam
3103 1993 3213 2048 Deo
3269 1995 3448 2048 inten-
3503 2016 3511 2026 -

1888 2085 2046 2140 dens.
2083 2082 2186 2136 Ubi
2215 2098 2343 2137 vero
2378 2083 2572 2138 iterum
2629 2093 2791 2155 atque
2834 2086 3028 2139 iterum
3075 2091 3264 2139 contra
3289 2100 3347 2140 se
3379 2084 3446 2138 ad

1889 2184 2118 2246 pugnam
2150 2190 2450 2244 provocans
2481 2175 2726 2232 devictus
2782 2183 2886 2242 est,
2914 2176 3110 2230 misere
3143 2177 3445 2247 disruptus,

1889 2283 2025 2320 nova
2055 2267 2157 2321 sibi
2185 2266 2362 2335 specie
2388 2267 2580 2330 ascita,
2614 2269 2927 2322 universum
2977 2277 3242 2322 terrarum
3275 2269 3450 2322 ambi-

1889 2367 2002 2411 tum
2023 2365 2077 2411 et
2105 2371 2266 2426 regna
2293 2364 2572 2411 ostentare
2607 2372 2775 2411 ausus
2799 2374 2812 2422 ;
2844 2356 3078 2410 amentia
3123 2355 3448 2411 mendaciis-

1887 2463 1992 2516 que
2016 2445 2338 2515 superbiens
2383 2445 2621 2513 jactahat
2658 2464 2669 2497 :
2711 2443 2835 2497 Ilarc
2865 2446 3042 2498 omnia
3088 2444 3184 2497 tibi
3214 2443 3371 2506 dabo,
3402 2446 3450 2498 si

1887 2538 2076 2592 cadens
2119 2537 2418 2591 adoraveris
2443 2554 2522 2592 me
2553 2538 2616 2590 ³ο.
2652 2535 2868 2592 Similes
2910 2537 2996 2591 hic
3060 2537 3257 2606 impius
3287 2552 3450 2593 voces

1886 2631 2085 2694 emisit,
2138 2646 2203 2685 eo
2254 2630 2436 2684 animo
2491 2637 2547 2685 ut
2594 2632 2647 2683 in
2685 2631 2819 2683 iram
2875 2630 3218 2684 clementiam
3268 2630 3442 2700 ipsam

1889 2729 2248 2791 provocaret;
2286 2738 2394 2791 quo
2416 2721 2690 2776 videretur
2716 2721 2932 2790 aggredi
2966 2721 3311 2791 imparatum.
3349 2718 3451 2776 Ve-

1889 2831 2007 2869 rum
2041 2815 2328 2871 tolerantia
2356 2814 2604 2868 malefico
2647 2813 2900 2877 damioni,
2934 2824 2992 2867 ut
3022 2814 3130 2870 Deo
3160 2815 3451 2871 convenieo

1887 2909 1999 2969 bat,
2035 2906 2306 2962 silentimn
2335 2906 2612 2972 imposuit.
2667 2903 2849 2959 Solius
2878 2906 3076 2976 quippe
3131 2905 3223 2960 Dei
3247 2913 3332 2961 est
3368 2915 3451 2960 to~

1889 2999 2126 3053 leranter
2179 2998 2361 3051 omnia
2427 2998 2584 3052 ferre.
2619 2995 2677 3050 Si
2736 2997 2900 3066 igitur
2925 2997 3026 3066 ipsi
3064 2996 3289 3051 Domino
3318 2996 3450 3051 talia

1887 3089 2035 3146 effari
2071 3104 2261 3160 parum
2320 3088 2394 3141 illi
2428 3104 2570 3142 cura:
2623 3089 2739 3154 fuit,
2769 3087 3044 3158 quomodo
3101 3086 3448 3142 manifestum

222 3179 308 3232 καὶ
335 3177 425 3230 διὰ
454 3179 542 3230 τοῦ
583 3177 789 3231 τοιοῦδε
830 3177 1004 3231 δοκεῖν
1045 3179 1524 3249 ἐπιλαμϐάνεσθαι·
1587 3200 1784 3255 μακρο-

1890 3200 1998 3240 non
2025 3183 2127 3238 erit
2150 3198 2257 3236 non
2289 3181 2472 3236 minus
2504 3181 2624 3250 ipso
2655 3179 2762 3236 Deo
2793 3181 3164 3236 adorationem
3197 3180 3450 3236 ambien-

222 3271 386 3342 θυμία
433 3271 488 3324 δὲ
534 3271 859 3337 κατεσίγασε
916 3270 1006 3323 τὸν
1055 3271 1333 3344 ἀλάστορα
1408 3273 1725 3345 θεοπρεπῶς
1755 3280 1784 3330 ό

221 3359 440 3433 Κύριος·
490 3363 620 3417 ἴδιον
672 3363 779 3433 γὰρ
820 3363 884 3416 ἂν
943 3363 1026 3432 εἴη
1065 3363 1184 3434 Θεῷ
1229 3365 1403 3418 πάντα
1449 3367 1782 3432 ἀνεξικάκως

223 3455 421 3526 φέρειν.
477 3456 539 3508 Εἰ
584 3455 762 3508 τοίνυν
813 3456 960 3526 αὑτῷ
1003 3456 1078 3528 τῷ
1121 3457 1310 3527 Κυρίῳ
1351 3459 1572 3512 τοιαῦτα
1615 3477 1779 3530 προσ-

221 3548 358 3598 οίσαι
405 3548 625 3617 ῥήματα
675 3548 803 3617 παρ’
835 3547 985 3600 οὐδὲν
1019 3549 1292 3618 ἡγήσατο,
1366 3548 1482 3611 πῶς
1523 3550 1621 3603 οὑκ
1660 3550 1773 3603 ἐστι

1888 3283 1994 3331 tem
2035 3276 2125 3329 illa
2180 3274 2462 3329 tentasse?
2489 3272 2601 3327 Hoc
2647 3273 2738 3342 qui
2770 3287 2917 3327 sana:
2948 3271 3144 3325 mentis
3177 3279 3305 3324 sunt
3342 3286 3454 3325 om-

1888 3383 1984 3422 nes
2021 3366 2178 3420 facile
2209 3365 2530 3434 intelligunt,
2559 3376 2588 3417 a
2617 3364 2858 3418 daemone
2890 3377 2984 3432 per
3011 3362 3268 3417 furiosam
3304 3362 3453 3416 illam

1885 3458 2163 3512 mulierem
2210 3457 2513 3510 dementem
2557 3469 2736 3524 regem
2782 3452 3068 3522 deceptum
3123 3461 3318 3522 praeter
3361 3453 3455 3523 jus

1881 3566 2000 3605 sese
2029 3549 2343 3604 inclinasse.

225 3641 409 3709 σαφὲς,
442 3643 522 3694 ὅτι
557 3641 972 3713 προσκυνεῖσθαι
1005 3642 1324 3713 βουλόμενος
1379 3643 1466 3696 ἴσα
1493 3644 1609 3715 Θεῷ
1653 3645 1823 3699 ταῦτα
1854 3645 2230 3716 διεπράττετο;
2256 3641 2423 3695 Τοῦτο
2449 3640 2564 3712 μὲν,
2589 3635 2760 3709 οἶμαι,
2789 3639 2899 3700 τοῖς
2920 3632 2979 3690 εὑ
3000 3635 3252 3706 φρονοῦσι
3284 3635 3453 3692 κατά-

223 3753 398 3806 φωρον
420 3738 652 3808 ὑπάρχει
669 3739 850 3798 πᾶσιν,
868 3737 1050 3792 ὅτιδιά
1065 3741 1317 3808 γυναικὸς
1334 3741 1610 3812 ἐμμανοῦς
1634 3741 1882 3813 ὴπάτησε
1911 3739 2002 3793 τὸν
2024 3738 2258 3809 ἔκφρονα
2289 3734 2555 3805 δυνάστην
2581 3730 2855 3801 ὑποκῦψαι
2884 3729 3030 3801 αὑτῷ
3054 3731 3202 3803 παρά
3229 3731 3288 3784 τὸ
3314 3732 3452 3786 δέον.

285 3852 381 3908 XI.
421 3853 541 3906 Ἔτι
574 3854 629 3906 δὲ
670 3853 989 3923 διαληπτέον
1026 3854 1166 3909 αὑτὰ
1207 3855 1276 3908 τὰ
1315 3856 1523 3922 τούτοις
1564 3858 1780 3910 ὑποκεί-

225 3964 363 4015 μενα
405 3943 657 4014 καθεξῆς.
713 3945 798 4008 Ὠς
844 3939 936 3998 οὖν
974 3946 1002 3997 ὁ
1033 3946 1202 3998 Σαοὺλ
1233 3947 1526 4019 ὑπεκλίνθη
1576 3949 1652 4016 τῷ
1680 3949 1781 4017 φά-

223 4053 390 4107 σματι
433 4037 833 4108 προσκυνήσας,
871 4031 1026 4100 αὖθις
1071 4037 1416 4109 ὑποκρίνεται
1463 4039 1783 4093 πεπονθέναι

223 4129 334 4199 βίαν
409 4133 436 4184 ό
486 4131 820 4200 δολομήτης,
889 4133 970 4195 εἰς
1021 4130 1079 4183 τὸ
1135 4133 1316 4202 σχῆμα
1381 4131 1475 4184 τοῦ
1536 4132 1785 4203 Σαμουὴλ

221 4223 460 4293 ἀμεῖψας
508 4221 722 4275 ἐαυτόν·
773 4216 890 4275 εῐτα
935 4222 1072 4293 μετά
1113 4223 1390 4294 εἰρωνείας
1433 4225 1784 4296 ἀποκρίνεται

225 4315 703 4387 σκυθρωπότερον·
762 4313 944 4368 Ἰνατί
1004 4314 1484 4384 παρηνώχλησιὶς
1522 4335 1618 4385 με,
1674 4315 1783 4385 φά-

223 4423 381 4460 σκων
436 4406 771 4472 ἁναόῆναι;
811 4406 994 4461 Ταῦτα
1038 4407 1094 4460 δέ
1130 4407 1491 4478 πλαττόμενος
1538 4411 1785 4480 ἀπαρεμ-

223 4496 400 4564 φάτως
463 4495 717 4549 ἐϐούλετο
777 4496 1096 4566 σημαίνειν,
1157 4497 1237 4550 ὅτι
1299 4497 1390 4550 καὶ
1445 4496 1643 4551 ἄκοντα
1694 4498 1784 4550 τὸν

1953 3853 2042 3910 XI.
2100 3849 2471 3908 Examinanda
2531 3848 2657 3902 item
2712 3855 2840 3901 sunt
2878 3861 2997 3916 qua:
3045 3845 3208 3900 dictis
3262 3847 3455 3904 ordine

1881 3948 2200 4001 continuato
2259 3942 2583 3997 subduntur.
2637 3936 2705 3992 Ut
2761 3935 2891 3990 Saul
2952 3937 3100 3990 humi
3163 3938 3454 4006 procubuit

1885 4038 2110 4092 adorato
2135 4043 2370 4106 spectro,
2389 4034 2568 4088 denuo
2596 4030 2818 4085 dolosus
2839 4029 2949 4095 ille,
2981 4027 3250 4082 Samuelis
3281 4027 3452 4084 forma
3533 4020 3536 4023 ’

1886 4137 2186 4199 assumpta,
2217 4129 2323 4182 vim
2353 4126 2556 4197 perpeti
2588 4123 2768 4194 ﬁngit;
2821 4128 3006 4191 postea
3031 4136 3124 4190 per
3145 4120 3457 4176 dissimula-

1891 4221 2092 4276 tionem
2110 4219 2375 4288 vultuque
2391 4214 2652 4271 mmstiori
2672 4211 2964 4282 respondet
2985 4230 2997 4265 :
3037 4209 3230 4280 thuid
3249 4219 3453 4280 pertur-

1889 4310 2028 4365 basti
2086 4328 2188 4374 me,
2225 4309 2436 4370 dicens,
2490 4303 2730 4375 faciendo
2783 4318 2862 4355 me
2890 4301 3166 4355 ascendere
3198 4301 3282 4354 ³¹⁴ί
3331 4299 3455 4354 Haec

1889 4400 2017 4455 dum
2055 4400 2292 4463 simulat,
2329 4399 2553 4452 innuere
2603 4395 2772 4451 voluit
2805 4392 3103 4456 indefinite,
3154 4392 3451 4446 daamonem

1889 4503 2051 4558 posse
2108 4487 2422 4558 prophetam
2466 4486 2591 4539 licet
2641 4485 2871 4538 invitum
2927 4498 3176 4546 evocare,
3215 4490 3454 4554 potesta-

222 4590 506 4660 προφήτην
554 4588 583 4639 ό
622 4587 829 4657 δαίμων
886 4588 1110 4658 ἠδύνατο
1159 4589 1635 4660 μεταπέμπεσθαι,
1693 4590 1784 4643 καὶ

1891 4589 2104 4649 temque
2133 4580 2333 4634 incum
2381 4577 2602 4630 habere.
2658 4574 2723 4629 Et
2757 4575 2918 4630 modo
2949 4575 3023 4627 ita
3072 4572 3318 4627 nonnulli
3351 4588 3456 4626 ca:-

223 4681 336 4733 κατ⁹
371 4677 544 4733 αὑτοῦ
590 4678 845 4749 τοιαύτην
886 4678 1027 4750 ἐχειν
1066 4677 1333 4743 ἐξουσίαν.
1365 4675 1497 4732 Εἶτα
1536 4679 1784 4733 τοσοῦτον

220 4769 616 4840 ἀμϐλυωποῦσί
659 4787 832 4834 τινες,
869 4771 943 4834 ὡς
981 4771 1042 4825 οὐ
1070 4771 1324 4826 δύνασθαι
1357 4774 1516 4834 νοεῖν,
1547 4771 1626 4823 ὃτι
1662 4772 1784 4833 τοὺς

220 4860 478 4931 δαίμονας
520 4863 579 4914 ἐν
615 4861 692 4931 τῷ
727 4861 855 4932 θείῳ
895 4862 1283 4931 φυγαδεύουσιν
1324 4861 1546 4933 ὀνόματι
1589 4861 1786 4924 πάντες

219 4956 263 5007 of
296 4955 368 5008 τὰ
409 4955 505 5007 τοῦ
545 4952 782 5026 Χριστοῦ
827 4954 1144 5026 φρονοῦντες
1192 4955 1527 5026 εἰλικρινῶς,
1567 4953 1685 5024 οὑχ).
1728 4953 1784 5006 δὲ

219 5046 533 5101 τούναντίον
567 5046 643 5109 ὠς
679 5046 1026 5116 ὑποκείμενοι
1062 5045 1266 5110 τούτοις
1307 5047 1527 5108 ἄκοντες
1564 5045 1786 5098 ἀναϐαί-

220 5154 403 5190 νουσιν
449 5137 508 5201 ἐξ
545 5137 691 5207 ᾅδου,
720 5138 1196 5208 μεταπεμπόμενοι
1221 5139 1358 5210 πρὸς
1393 5137 1590 5190 αὐτῶν.
1633 5138 1694 5190 Εἰ
1727 5133 1783 5187 δέ

218 5245 296 5293 τις
351 5229 531 5282 οἴεται
583 5227 643 5281 τὸ
683 5229 781 5298 τῆς
830 5229 1264 5302 ἐγγαστριμύθου
1319 5229 1591 5300 δαιμόνιον
1641 5226 1788 5279 οὑδε-

219 5320 446 5374 πιίιποτε
487 5318 917 5388 φυγαδεύεσθαι,
960 5316 1192 5390 προῦχον
1224 5322 1477 5375 ἀπάντων
1509 5318 1643 5390 ὁμοῦ
1681 5317 1787 5370 τῶν

219 5413 428 5473 ἀλλων,
487 5411 842 5482 ἀναδραμέτω
900 5413 994 5482 μὲν
1045 5414 1123 5475 εἰς
1174 5413 1273 5475 τάς
1317 5413 1423 5465 τῶν
1477 5411 1784 5464 ἀποστόλων

218 5501 482 5572 Ιῐράξεις,
547 5504 631 5555 ἐπ’
678 5502 855 5556 αὐτῶν
911 5503 968 5554 δὲ
1008 5503 1114 5555 τῶν
1162 5503 1371 5574 χωρίων
1427 5500 1785 5572 ἐμϐατεύσας,

219 5593 376 5646 ἰδέτω
425 5591 542 5655 πῶς
574 5594 603 5646 ὁ
631 5592 954 5662 περιοδεύων
1001 5594 1284 5665 ἱεροκήρυξ
1328 5592 1552 5662 ἀφίκετο
1585 5592 1791 5655 Παῦλος

1888 4672 2122 4734 cutiunt,
2155 4678 2215 4724 ut
2257 4669 2559 4739 intelligere
2588 4675 2877 4738 nequeant,
2925 4681 3116 4721 omnes
3159 4665 3249 4736 qui
3275 4664 3456 4718 animo

1881 4779 2018 4834 puro
2043 4764 2369 4833 sinceroque
2390 4775 2452 4816 ea
2485 4773 2605 4829 quae
2628 4757 2834 4813 Christi
2867 4767 2993 4813 sunt
3024 4753 3364 4826 profitentur,
3399 4755 3455 4807 in

1881 4858 2063 4914 divino
2092 4857 2310 4911 nomine
2332 4854 2599 4910 dannonia
2625 4852 2855 4922 ejicere;
2898 4858 2952 4905 at
2981 4865 3090 4906 non
3146 4865 3213 4904 ex
3236 4860 3456 4904 contra.-

1881 4952 1962 5005 rio
1985 4949 2054 5004 ab
2081 4947 2190 5002 illis
2214 4947 2416 5002 invitos
2439 4945 2629 5016 jussos
2672 4941 2967 4998 ascendere
2990 4940 3058 4996 ab
3080 4937 3288 5004 inferis,
3314 4951 3379 4991 ac
3406 4936 3452 4991 si

1881 5041 1962 5095 eis
1987 5037 2221 5108 subjecti
2253 5045 2459 5093 essent.
2510 5033 2713 5090 Verum
2774 5033 2819 5087 si
2851 5031 2976 5102 quis
3015 5029 3293 5086 existimat
3349 5027 3460 5081 da:-

1884 5133 2126 5186 monium
2166 5127 2610 5202 engastrimylhi,
2637 5141 2760 5180 cum
2794 5123 3006 5180 caeteris
3035 5122 3157 5177 aliis
3205 5119 3457 5190 superius

1886 5225 1979 5290 sit,
2011 5240 2117 5280 non
2171 5237 2333 5296 posse
2362 5221 2497 5277 verti
2530 5221 2586 5275 in
2621 5219 2823 5290 fugam,
2876 5221 3128 5272 recurrat
3167 5213 3234 5268 ad
3285 5211 3458 5267 Actus

1885 5317 2292 5386 apostolorum;
2317 5323 2371 5370 et
2395 5313 2487 5368 ubi
2543 5313 2608 5368 ad
2664 5313 2781 5366 loca
2814 5307 3138 5380 pervenerit,
3188 5304 3458 5360 examinet

1893 5419 1951 5463 ut
1992 5426 2145 5466 sacer
2189 5425 2366 5480 przeco
2400 5407 2602 5462 Paulus
2633 5404 2976 5462 errabundus
3002 5400 3280 5471 Philippos
3303 5397 3461 5452 deve-

1894 5503 1973 5556 nit
2010 5523 2021 5556 :
2060 5511 2119 5556 ut
2144 5520 2268 5558 vero
2292 5503 2572 5556 mulierem
2622 5499 2840 5555 nomine
2868 5495 3088 5568 Lydiam
3120 5491 3336 5564 pietatis
3367 5503 3456 5544 co-

1904 5595 2144 5664 gnitione
2210 5596 2556 5658 illuminavit,
2609 5593 2739 5649 abiit
2764 5600 2821 5646 ut
2851 5605 3038 5661 preces
3062 5587 3189 5659 _Deo
3219 5583 3458 5641 effunde-

287 5705 332 5736 ²⁹
368 5703 574 5771 Philip.
593 5719 656 5770 ll,
809 5704 852 5736 ³⁰
877 5703 1066 5758 Matth.
1093 5720 1166 5770 tv,
1193 5705 1244 5758 9.
1323 5704 1361 5735 ³¹
1389 5703 1415 5756 1
1436 5702 1556 5772 Reg.
1593 5719 1782 5769 xum,
1807 5704 1888 5758 15.

289 5795 856 5868 (5”⁹)Ὑποκύπτων.
901 5796 1058 5853 Forte
1102 5795 1384 5869 legendum
1432 5791 1784 5866 ὑποκύπτειν,

1910 5795 2176 5852 referatur
2203 5796 2268 5852 ad
2302 5797 2580 5860 πλείστους
2613 5796 2786 5858 ὅσους.
2817 5791 2972 5847 Eon.
