4080 6334
665 264 770 321 635

1634 262 1693 317 S.
1734 261 2104 319 EUSTATHII
2145 260 2454 319 EPISCOPI
2494 260 2916 320 ANTIOCHENI
3698 272 3781 332 ϐω

664 386 768 433 rel.
827 373 1030 432 Accidit
1066 382 1242 429 autem
1288 382 1346 428 ut
1380 374 1556 443 puella
1588 373 1851 444 qta'dant,
1882 375 1977 442 ait,
2031 375 2222 431 habens

2278 392 2295 438 ι
2323 377 2399 439 είς
2433 377 2759 440 Φιλίππους·
2799 374 2876 438 ὡς
2921 372 2977 428 δὲ
3011 371 3107 444 τὴν
3137 372 3451 447 καλουμένην
3487 377 3679 448 έφιῖηιοε
3700 384 3784 439 Δυ-

665 467 908 537 spiritum
939 463 1191 533 Pythonis
1213 476 1525 530 occurreret,
1556 482 1671 536 qua:
1697 475 1953 536 quaestum
1978 483 2221 537 magnum

665 555 953 629 praestabat
975 554 1203 610 dominis
1228 558 1341 611 suis
1370 556 1674 612 divinando.
1706 558 1879 627 Igitur
1903 556 2013 612 haec
2043 557 2222 613 subse-

666 657 789 702 cuta
813 645 1042 699 Paulum
1063 654 1112 700 et
1143 662 1257 717 nos,
1298 646 1584 710 clamabat,
1632 646 1807 701 dicens
1830 648 1941 702 sic:
1990 647 2092 702 Isti
2129 648 2223 702 ho-

666 739 829 794 mines
848 739 982 794 servi
1000 737 1099 792 Dei
1110 737 1453 795 excelsissimi
1467 748 1607 805 sunt,
1629 739 1717 807 qui
1738 731 2055 794 annuntiant
2075 740 2222 796 nobis

666 830 804 885 uiam
839 829 1051 886 salutis.
1078 827 1147 882 Et
1176 829 1271 883 hoc
1299 829 1521 897 faciebat
1540 829 1836 899 permultos
1875 830 1985 886 dies
2017 832 2081 884 ³².
2110 830 2223 888 Sed

666 924 875 978 daemon
901 921 1261 979 invisibilibus
1294 921 1476 993 ﬂagris
1505 938 1680 979 caesus
1699 924 1886 979 nolens
1910 923 1960 977 vi
1988 923 2224 994 pelleba-

667 1023 757 1068 tur
781 1022 838 1067 ut
866 1014 989 1069 illas
1017 1015 1200 1071 ederet
1222 1031 1402 1071 voces.
1436 1014 1631 1070 Verum
1660 1014 1860 1070 Paulus
1891 1014 2035 1071 illius
2067 1018 2225 1072 testi-

667 1109 852 1161 monio
884 1105 1043 1162 ﬁdem
1079 1121 1187 1164 non
1207 1121 1329 1162 esse
1360 1106 1717 1161 adhibendam
1774 1107 2113 1172 existimans,
2142 1107 2225 1163 id-

667 1213 773 1268 que
799 1199 1121 1261 rectissime,
1146 1214 1286 1269 aegre
1315 1198 1493 1255 ferens
1524 1199 1660 1253 dixit
1682 1199 1895 1268 spiritui
1922 1219 1935 1255 :
1968 1199 2224 1269 Ρταιεὶρίο

669 1289 763 1343 tibi
819 1291 873 1343 in
926 1291 1132 1345 nomine
1185 1289 1313 1346 Iesu
1348 1290 1544 1346 Christi
1574 1301 1631 1344 ut
1654 1306 1812 1346 exeas
1857 1291 1921 1345 ab
1972 1308 2056 1348 ea.
2091 1291 2226 1347 Rem

669 1390 872 1449 gestam
904 1393 1093 1436 auctor
1128 1396 1357 1437 narrans
1376 1382 1561 1438 subdit
1588 1402 1599 1437 :
1624 1381 1691 1437 Et
1720 1384 1846 1439 exiit
1866 1383 2045 1440 eadem
2072 1385 2223 1440 liora.

672 1471 806 1526 Cum
833 1474 1080 1528 vidissent
1109 1491 1231 1544 ergo
1280 1474 1481 1529 domini
1504 1475 1715 1530 ancilla:
1743 1475 1881 1546 quod
1933 1494 2047 1547 spes
2080 1492 2226 1547 qua:-

670 1572 786 1618 stus
810 1563 1024 1618 illorum
1049 1566 1290 1633 funditus
1318 1567 1626 1629 evanuisset,
1670 1567 2042 1637 apprehensum
2080 1566 2229 1621 Pau-

671 1653 780 1707 lum
810 1664 860 1709 et
879 1654 1047 1710 Silam
1068 1664 1345 1710 traxerunt
1372 1658 1426 1711 in
1453 1657 1626 1727 forum
1646 1658 1715 1712 ad
1745 1661 2001 1729 principes
2021 1660 2099 1729 ²³;
2132 1660 2227 1731 qui

671 1745 887 1842 illorum
910 1747 1198 1803 calumniis
1247 1749 1512 1804 seditione
1546 1758 1663 1804 orta
1694 1750 1910 1842 iniuriis
1958 1752 2098 1807 male
2128 1752 2227 1806 ha-
2258 1787 2300 1842 Β

671 1833 769 1889 biti
797 1836 1077 1908 plagisque
1103 1839 1225 1894 caesi
1266 1847 1413 1896 sunt.
1453 1839 1623 1911 Igitur
1673 1840 1719 1896 si
1752 1840 1953 1899 Paulus
1974 1843 2225 1912 spiritum

672 1926 958 1997 increpans
992 1931 1137 1986 illico
1194 1930 1491 2003 Pythonem
1520 1931 1727 2003 depulit
1756 1934 1873 2005 ipso
1926 1936 2033 1989 ictu
2061 1935 2227 2000 oculi,

668 2026 724 2073 et
755 2019 979 2090 spiritus
1003 2028 1270 2091 potestate
1298 2023 1448 2078 verbi
1479 2023 1710 2095 aufugit,
1738 2040 1860 2080 cum
1911 2026 2109 2097 linguae
2141 2043 2231 2083 so-

669 2123 798 2162 num
823 2123 932 2163 non
960 2111 1227 2179 potuisset
1248 2112 1519 2179 sustinere
1541 2155 1555 2178 ,
1596 2112 1744 2168 dicat
1772 2113 1827 2168 in
1856 2124 2120 2184 apertum'
2139 2130 2231 2171 ve-

668 2200 828 2256 niens
854 2201 948 2269 qui
983 2202 1129 2255 illam
1176 2202 1500 2258 sententiam
1545 2203 1758 2274 probat,
1796 2219 1905 2275 qua
1948 2207 2231 2277 potestatis

668 2289 722 2343 vi
754 2304 861 2344 una
887 2306 1009 2346 cum
1063 2290 1230 2348 Paulo
1278 2293 1601 2349 sentientem
1626 2293 1945 2364 .Samuelem
1999 2297 2229 2353 invitum

668 2381 878 2437 daemon
904 2399 1139 2441 evocans
1172 2386 1240 2441 ab
1266 2386 1453 2442 inferis
1474 2387 1657 2443 eduxit
1682 2389 1706 2443 ‘i
1730 2388 1836 2445 Sed
1869 2390 2004 2444 nihil
2035 2392 2230 2447 horum

669 2474 813 2543 quod
841 2490 1027 2530 verum
1051 2476 1121 2530 sit
1151 2478 1345 2546 poterit
1373 2477 1765 2536 demonstrare.
1792 2479 1866 2535 Ita
1897 2490 1955 2535 ut
1976 2482 2064 2537 hic
2092 2498 2228 2553 quo-

668 2580 775 2635 que
803 2564 945 2620 facili
968 2567 1184 2645 negotio
1214 2568 1510 2639 intelligere
1537 2571 1811 2640 possimus
1829 2571 2229 2628 fraudulentum

671 2658 843 2722 illum,
872 2659 1003 2716 dum
1028 2660 1231 2717 diceret
1268 2682 1283 2719 :
1311 2662 1503 2735 Ulquid
1531 2666 1849 2734 perturbasti
1881 2684 1961 2722 me
1990 2668 2074 2722 ³δῖ
2094 2667 2232 2724 San-

670 2747 775 2803 lem
807 2757 1014 2804 mutata
1045 2750 1216 2806 forma
1246 2754 1538 2809 allocutum
1555 2755 1746 2813 fuisse.
1778 2757 2043 2813 Innuebat
2072 2759 2232 2829 quip-

670 2855 739 2910 pe
768 2857 827 2897 se
862 2858 972 2898 non
1003 2859 1103 2898 sua
1130 2845 1431 2911 voluntate,
1471 2847 1567 2903 sed
1622 2848 1849 2903 invitum
1897 2851 2227 2918 ascendisse,

672 2933 978 3000 nolentem,
1026 2936 1347 2993 necessitate
1405 2946 1460 2993 et
1506 2938 1558 2992 vi
1617 2939 1783 2994 veluti
1839 2943 2231 3011 praestantioris

673 3026 897 3095 imperio
921 3035 1169 3082 coactum
1225 3028 1454 3084 missum
1486 3030 1673 3086 fuisse.
1730 3030 1845 3087 Rex
1870 3048 2001 3089 vero
2034 3033 2112 3088 illi
2144 3050 2231 3090 re-

670 3116 891 3184 spondit
939 3136 952 3173 :

671 3224 751 3261 me
767 3225 787 3273 ;
807 3219 856 3263 et
883 3209 1047 3275 Deus,
1079 3212 1175 3276 ait,
1203 3213 1440 3269 discessit
1468 3232 1499 3268 a
1526 3232 1627 3281 me,
1658 3225 1705 3270 et
1734 3233 1837 3271 non
1867 3217 2130 3272 exaudivit
2146 3235 2225 3273 me

670 3298 836 3364 ultra,
862 3302 1020 3356 etiam
1050 3304 1105 3357 in
1135 3321 1294 3360 manu
1328 3306 1697 3375 prophetarum
1722 3316 1771 3361 et
1821 3309 1876 3361 in
1905 3310 2227 3371 somniis;et

673 3406 811 3443 nunc
839 3394 1016 3446 vocavi
1049 3403 1096 3448 te
1124 3394 1193 3447 ad
1227 3394 1606 3465 notiﬁcandum
1629 3396 1756 3451 mihi
1783 3397 1907 3467 quid
1938 3398 2135 3467 faciam
2158 3399 2224 3453 ⁸³.

674 3480 870 3537 lterum
900 3485 1064 3555 igitur
1115 3487 1551 3556 respondendum
1605 3496 1689 3544 est
1721 3509 1733 3543 :
1776 3488 1986 3555 Nonne,
2021 3490 2067 3545 si
2102 3505 2227 3560 spe-

672 3572 888 3627 ctabilis
922 3574 1010 3629 ille
1035 3573 1250 3631 Samuel
1280 3578 1539 3649 psopbeta
1571 3578 1784 3639 fuisset,
1816 3581 1990 3636 virum
2024 3581 2080 3636 in
2115 3596 2229 3636 me-

673 3660 864 3715 liorem
887 3659 1096 3732 frugem
1127 3663 1242 3720 suis
1270 3665 1489 3721 monitis
1538 3667 1883 3723 reduxisset?
1914 3666 2103 3723 Nonne
2152 3667 2228 3721 illi

671 3751 906 3822 primum
938 3751 1164 3807 dixisset
1192 3773 1207 3809 :
1231 3753 1326 3810 Dic
1355 3756 1510 3820 mihi,
1543 3758 1784 3812 omnium
1813 3758 2092 3814 hominum
2122 3760 2227 3813 mi-

674 3840 921 3907 serrime,
974 3842 1022 3898 si
1065 3844 1379 3914 alienigena:
1403 3846 1669 3901 instructa
1704 3850 1822 3903 acie
1849 3850 2099 3906 cominus
2132 3851 2230 3905 ob-

672 3934 873 3988 vallant
895 3950 1076 4006 pugna
1102 3935 1454 4000 decertaturi,
1488 3938 1533 3993 si
1583 3938 1725 3995 Deus
1753 3940 2007 3996 discessit
2036 3957 2067 3995 a
2096 3951 2148 3997 te
2175 3950 2230 3998 et

670 4024 887 4096 penitus
907 4042 1016 4081 non
1044 4026 1307 4094 exaudiit,
1353 4045 1529 4099 neque
1555 4030 1848 4102 prophetae,
1880 4032 2009 4087 dum
2057 4049 2156 4103 pro
2176 4042 2231 4092 te

673 4113 992 4185 legationem
1042 4117 1295 4185 subeunt,
1327 4118 1620 4191 quidquam
1667 4122 1997 4192 percipiunt,
2055 4140 2232 4196 neque

674 4206 816 4262 inter
839 4207 1214 4265 dormiendum
1236 4225 1415 4283 neque
1466 4213 1604 4269 inter
1632 4213 1967 4286 vigilandum
1998 4218 2126 4286 quid
2150 4219 2231 4273 fa-

673 4307 760 4353 cto
783 4313 921 4369 opus
953 4300 1024 4356 sit
1044 4300 1386 4370 admoneris;
1416 4319 1594 4361 nonne
1616 4304 1687 4359 ibi
1713 4306 1895 4376 potius
1923 4314 2083 4363 terra:
2113 4325 2231 4379 pro-

672 4389 935 4447 cumbens
961 4390 1128 4447 Deum
1160 4393 1256 4448 tibi
1289 4395 1577 4465 propitium
1606 4396 1830 4452 reddere
1860 4397 2148 4466 debueras,
2176 4409 2231 4457 et

672 4480 1029 4555 eleemosynis
1062 4485 1119 4540 in
1146 4500 1410 4557 pauperes
1431 4490 1669 4560 erogatis
1716 4498 2063 4559 peccatorum
2095 4508 2230 4548 cau-

672 4586 764 4629 sas
791 4574 1028 4641 abluere,
1053 4584 1106 4632 et
1124 4594 1234 4633 non
1262 4578 1327 4633 ad
1359 4588 1533 4635 vatem
1568 4583 2056 4655 engastrimytbum
2090 4601 2226 4641 con-

672 4662 880 4736 fugere,
909 4676 962 4721 et
988 4682 1088 4736 pro
1130 4666 1337 4724 furiosa
1365 4669 1699 4728 divinatione
1733 4673 1949 4742 pietatis
1990 4675 2228 4747 insignia

671 4767 1025 4823 commutare,
1062 4776 1237 4830 neque
1287 4777 1395 4816 non
1433 4763 1600 4818 semel
1644 4764 1951 4822 calamitate
2000 4769 2227 4825 auctiori

671 4847 1019 4919 opprimere?
1046 4848 1128 4905 An
1159 4859 1210 4907 te
1244 4850 1384 4922 fugit
1408 4854 1739 4909 exsecranda
1767 4855 1883 4910 haec
1910 4854 2078 4912 Deum
2132 4875 2229 4915 ex—

672 4940 878 5011 pressis
908 4942 1091 4998 verbis
1123 4958 1219 5013 per
1244 4943 1464 5015 Moysen
1494 4944 1545 4998 in
1579 4943 1819 5001 Levitico
1845 4947 2231 5018 prohibuisse?

675 5028 799 5084 Non
853 5033 1137 5102 sequemini
1186 5033 1643 5104 engastrimythos,
1701 5045 1750 5090 et
1807 5037 2228 5093 incantatoribus

673 5135 778 5174 non
808 5120 1158 5190 adhwrebitis,
1220 5134 1277 5178 ut
1325 5126 1667 5194 inquinemini
1706 5128 1760 5183 in
1810 5130 1908 5187 eis.
1945 5129 2057 5200 Ego
2112 5147 2229 5184 sum

676 5208 929 5267 Dominus
980 5212 1120 5271 Deus
1144 5225 1309 5270 vester
1332 5216 1396 5271 ".
1426 5216 1615 5273 Nonne
1667 5221 1874 5277 scelera
1919 5222 2034 5278 haec
2064 5222 2229 5293 impia

674 5309 835 5375 putas
866 5303 974 5360 Deo
1008 5306 1301 5364 adversari.
1334 5316 1387 5364 et
1405 5309 1635 5366 similem
1669 5310 1904 5368 fabulam
1934 5328 2091 5384 agere
2132 5329 2230 5367 an-

663 5390 797 5449 des?
817 5395 954 5452 Audi
978 5414 1099 5470 quae
1124 5414 1443 5475 sequuntur,
1470 5404 1580 5461 Deo
1608 5406 1726 5477 ipso
1764 5409 1970 5465 oraculi
2002 5409 2107 5463 ritu
2145 5424 2238 5464 su-

663 5497 757 5551 per
783 5486 885 5542 hoc
919 5488 1161 5549 facinore
1199 5495 1514 5551 enuntiante
1551 5515 1563 5550 :
1604 5496 1668 5550 Et
1700 5500 1899 5565 animo,
1927 5499 2100 5568 inquit
2137 5500 2226 5566 ³⁸⁵,

766 5589 1084 5669 animum,
1120 5595 1295 5652 1618.
1409 5598 1452 5629 ³³
1474 5598 1596 5653 ibid.
1634 5603 1820 5669 18,19-

680 5658 743 5693 ⁸⁸⁵
778 5658 900 5716 Lev.
930 5679 1016 5723 xx,
1045 5664 1095 5716 6.

1922 5613 1962 5645 "
2001 5614 2030 5669 I
2062 5616 2183 5689 Reg.
2211 5634 2399 5690 xxvm,
2434 5619 2519 5675 15.

2324 464 2439 519 δίαν
2460 466 2749 536 ξεύσεϐείας
2778 462 3095 533 ἐπιγνώσει,
3124 463 3406 535 τηνικαῦτα
3436 463 3524 536 μὲν
3548 465 3688 537 ᾤχετο
3708 472 3786 537 τὰς

2320 556 2485 627 εὐχάς
2514 557 2773 611 ἀνοίσωνυ
2823 555 3092 627 Ἐγένετο
3134 555 3202 608 δὲ
3238 555 3540 625 παιδίσκην
3576 560 3786 633 dami-

2321 649 2426 703 σαί
2448 666 2600 712 τινα,
2631 649 2815 720 φησὶν,
2847 647 3115 716 ἔχουσαν
3144 646 3369 716 πνεῦμα
3391 648 3654 732 Πύθωνος..
3665 650 3795 728 ω

2321 741 2604 812 ἐργασίαν
2659 738 2900 809 πολλὴν
2952 739 3214 816 πρέσχε
3257 739 3374 806 τοῖς
3408 740 3608 808 κυρίοις
3641 744 3789 812 αὐτῆς

2317 833 2746 904 μαντευομένη.
2779 832 3101 913 Τοιγαροῦν,
3121 833 3266 901 αὕτη
3294 832 3792 900 κατακολουθήσασα

2323 923 2402 990 τῷ
2423 925 2639 992 Παύλῳ
2674 923 2770 977 καὶ
2793 922 2936 993 ἡμῖν
2961 918 3161 990 ἕκραζε
3186 918 3437 991 λέγουσα
3457 920 3637 986 οὕτως.
3657 917 3791 977 οὗτοι

2324 1019 2378 1069 οἱ
2410 1016 2705 1085 ἄνθρωποι
2750 1014 2959 1069 δοῦλοι
2992 1012 3100 1066 τοῦ
3139 1011 3282 1066 Θεοῦ
3305 1010 3404 1065 τοῦ
3434 1012 3665 1080 ὑψίστου
3686 1012 3791 1076 elui,

2325 1105 2541 1173 οἵτινες
2602 1103 3111 1175 καταγγέλλουσιν
3164 1101 3304 1171 ἡμῖν
3356 1100 3489 1155 ὁδὸν
3541 1100 3791 1169 σωτηρίας.

2326 1197 2435 1251 Καὶ
2471 1196 2628 1250 τοῦτο
2655 1196 2747 1249 ἐπὶ
2773 1195 2971 1259 πολλάς
3003 1194 3262 1265 ἔπραττεν
3298 1192 3494 1264 ἡμέρας
3513 1209 3525 1222 ·
3555 1191 3651 1246 ἀλλ’
3676 1194 3700 1245 6
3722 1192 3795 1263 ph

2325 1287 2532 1359 δαίμων
2565 1289 2780 1360 ἀοράτῳ
2818 1287 3039 1357 μάστιγι
3074 1285 3498 1356 στρεϐλούμενος,
3520 1285 3648 1339 ἄκων
3667 1286 3794 1354 hm-

2326 1379 2520 1445 χάζετο
2563 1380 2814 1444 τοιαύτας
2854 1380 3068 1451 ἀφιέναι
3115 1378 3325 1449 φωνάς·
3369 1379 3395 1430 6
3432 1376 3484 1429 δὲ
3511 1374 3690 1440 Παῦλος
3722 1375 3798 1429 οὐκ

2327 1470 2634 1536 ἀξιόπιστον
2679 1466 2818 1525 εἷναι
2860 1470 2957 1541 τὴν
3001 1467 3205 1523 ἐκείνου
3259 1466 3542 1538 μαρτυρίαν
3578 1466 3795 1535 ἐννοήσας,

2328 1564 2607 1635 ὀρθότατα,
2652 1561 2991 1634 διαπονηθεὶς
3041 1559 3143 1631 ἔφη
3180 1558 3258 1629 τῷ
3297 1556 3573 1627 πνεύματι,
3625 1558 3800 1624 Παρατ-

2328 1652 2521 1724 τέλλω
2558 1668 2656 1707 σοι
2675 1693 2691 1717 ,
2747 1652 2940 1722 λέγων,
2988 1652 3058 1704 ἐν
3098 1650 3336 1719 ὀνόματι
3387 1646 3563 1716 Ἰησοῦ
3601 1643 3797 1714 Χριστοῦ

2329 1743 2593 1808 ἐξελθεῖν
2623 1743 2723 1797 ἀπ’
2755 1741 2966 1811 αὐτῆς.
3013 1735 3145 1795 Εἶτα
3184 1740 3245 1793 τὸ
3276 1741 3491 1811 πρᾶγμα
3518 1736 3801 1808 διηγούμενος

2330 1838 2359 1890 6
2399 1837 2742 1908 συγγραφεὺς
2793 1834 3040 1907 ἐπιφέρει
3071 1850 3085 1864 ο
3143 1833 3251 1888 Καὶ
3307 1827 3559 1899 ἐξῆλθεν’
3584 1827 3711 1897 αὐτῇ
3746 1825 3798 1895 τῇ

2326 1926 2463 1996 ὥρᾳ.
2501 1921 3005 2004 Θεασάμενοε-ρὲν
3034 1927 3089 1978 οἱ
3116 1924 3307 1992 κύριοι
3333 1917 3803 1998 mw

2324 2020 2405 2098 ρξ’
2431 2017 2701 2072 ἐκποδὼν
2723 2017 2908 2098 ᾤχετο
2936 2015 3045 2085 τῆς
3070 2014 3353 2084 ἐργασίας
3387 2011 3568 2067 αὐτῶν
3597 2013 3630 2081 ἠ
3652 2009 3802 2076 ἐλπίς,

2326 2110 2735 2179 ἐπιλαϐόμενοι
2778 2107 2884 2162 τὸν
2909 2108 3153 2161 Παῦλον
3191 2108 3291 2159 καὶ
3332 2105 3434 2159 τὸν
3466 2105 3632 2159 Σίλαν
3655 2104 3804 2157 εἵλκυ-

2327 2215 2447 2255 σαν
2485 2201 2573 2266 είς
2605 2198 2719 2268 τὴν
2756 2198 2976 2268 ἀγορὰν
3005 2197 3103 2252 ἐπὶ
3146 2196 3292 2263 τοὺς
3329 2196 3627 2263 ἄρχοντας·
3663 2192 3803 2262 ὕϐρεσι

2326 2291 2383 2345 δὲ
2419 2291 2513 2345 καί
2549 2290 2780 2361 πληγαῖς
2826 2290 2984 2343 αἴτιοι
3027 2288 3302 2358 γεγόνασι,
3334 2284 3637 2356 συκοφαντίᾳ
3666 2283 3804 2336 στάσιν

2326 2384 2721 2456 ἐπεγείροντες.
2765 2383 2829 2435 El
2871 2380 3049 2435 τοίνυν
3087 2381 3117 2433 6
3158 2379 3402 2443 Παῦλος,
3441 2376 3725 2448 ἐπιτιμήσας
3752 2372 3805 2445 τῷ

2329 2480 2628 2548 πνεύματι,
2679 2476 2770 2528 τὸν
2823 2474 2922 2545 μὲν
2972 2474 3308 2545 πυθόμαντιν
3361 2472 3557 2545 ἀθρόως
3607 2468 3805 2539 ἐξήλασεν

2330 2570 2386 2622 ὲν
2425 2569 2560 2640 αὐτῇ
2598 2570 2664 2639 τῇ
2708 2569 2881 2639 ῥοπῇ,
2924 2567 2984 2619 τὸ
3023 2566 3079 2619 δὲ
3130 2565 3350 2637 πνεῦμα
3394 2567 3460 2636 τῇ
3500 2561 3584 2617 τοῦ
3624 2562 3806 2633 ῥήματος

2330 2660 2629 2732 ἀπέδρασεν
2677 2657 2923 2729 ἐξουσίᾳ,
2986 2656 3061 2728 μὴ
3112 2656 3408 2727 δυνάμενον
3456 2652 3710 2722 ὑποστῆναι
3741 2647 3807 2700 τὸν

2328 2752 2428 2821 τῆς
2471 2749 2720 2819 γλώσσης
2752 2744 2913 2820 ῆχονυ
2962 2749 3168 2803 εἰπάτω
3204 2747 3413 2820 παριὼν
3466 2748 3539 2810 εἰς
3570 2738 3809 2813 τούμφανὲς

2330 2844 2358 2896 6
2393 2842 2471 2913 τῷ
2503 2842 2688 2913 τοιῷδε
2743 2841 3127 2912 συνιστάμενος
3167 2842 3303 2913 ὅρῳ,
3351 2840 3563 2909 Ποταπῇ
3592 2834 3809 2903 δυνάμεως

2331 2935 2498 3008 ἀρετῇ
2553 2933 2646 2987 τὸν
2700 2932 2949 3004 ὁμόδοξον
2998 2932 3075 3004 τῷ
3127 2932 3331 3003 Παύλῳ
3387 2926 3616 3001 Σαμουὴλ
3658 2922 3814 2979 ἄκοντα

2336 3026 2804 3099 μετακαλούμενος
2852 3027 2880 3079 6
2915 3024 3122 3096 δαίμων
3165 3024 3439 3096 ἀνήγαγεν
3475 3020 3529 3087 ἐξ
3563 3018 3694 3090 ᾇδου;
3725 3012 3812 3067 ἀλλ’

3538 1985 3725 1997 ο--ρσ-υ

2504 1993 2823 2008 m

1016 3118 1261 3174 Tribulor
1304 3119 1471 3186 valde,
1502 3130 1552 3176 et
1578 3121 1881 3194 alienigena?
1926 3124 2121 3179 bellant
2168 3126 2223 3179 in

2278 3131 2293 3186 ι
2326 3122 2426 3175 οὐκ
2463 3120 2527 3174 ἂν
2565 3119 2677 3191 ἔχοι
2718 3118 2986 3173 δεικνύναι
3029 3116 3236 3171 τούτων
3280 3117 3428 3170 οὐδὲν
3470 3111 3658 3185 ἀληθές.
3693 3106 3813 3160 Ὥστε

2329 3213 2419 3266 καὶ
2458 3209 2547 3265 διὰ
2585 3210 2752 3285 τῶνδε
2802 3210 2943 3281 μάλα
2990 3208 3187 3280 ῥᾳδίως
3227 3208 3375 3262 ἐστὶν
3416 3206 3551 3269 ἰδεῖν,
3585 3204 3657 3256 ὅτι
3693 3212 3815 3270 μετα-

2331 3302 2755 3375 μορφωσάμενος
2784 3302 3008 3373 ἠγόρευε
3033 3298 3108 3369 τῷ
3133 3298 3309 3352 Σαοὺλ
3328 3300 3357 3351 6
3377 3295 3671 3367 δολομήτης·
3705 3287 3816 3342 Ἰνω-

2326 3396 2384 3449 τί
2420 3391 2902 3463 παμινὼχλησὰς
2950 3407 3061 3460 με;
3108 3391 3311 3462 φήσας.
3362 3386 3675 3459 Ἐπηνίττετο
3720 3377 3814 3449 γὰρ,

2326 3488 2408 3540 ὅτι
2434 3485 2585 3555 παρά
2619 3484 2868 3556 βούλησιν
2900 3483 3045 3537 ἄκων
3087 3479 3395 3544 ἀνέϐαινεν,
3427 3478 3485 3531 οὐ
3524 3474 3688 3537 θέλων,
3718 3463 3819 3523 ἀλλὰ

2328 3576 2540 3649 ἀνάγκῃ
2578 3576 2672 3628 καὶ
2704 3574 2813 3647 βίᾳ,
2842 3573 3089 3645 καθάπερ
3119 3571 3213 3625 ὑπ’
3243 3570 3406 3625 αὑτοῦ
3437 3560 3818 3641 μεταπεμφθῆναι

2328 3668 2421 3723 τοῦ
2476 3669 2782 3741 κρείττονος
2845 3665 3177 3737 ὲπιταχθείς.
3248 3666 3307 3718 '0
3350 3664 3407 3717 δὲ
3457 3661 3692 3728 δυνάστης
3727 3649 3819 3741 ἀνθῇ

2334 3740 2639 3830 υπενέγκας
2685 3760 2819 3831 ἔφη·
2872 3760 3152 3828 Θλίϐομαι
3194 3756 3463 3827 σφόδρα,
3506 3752 3594 3807 καί
3618 3752 3664 3803 οι
3689 3740 3819 3801 ἁλλό-

2329 3857 2509 3922 φυλοι
2536 3850 2905 3921 πολεμοῦσιν
2928 3851 2997 3903 ἐν
3027 3850 3178 3919 ἐμοὶ,
3204 3850 3301 3903 καὶ
3338 3852 3371 3903 ὁ
3399 3846 3537 3912 Θεὸς
3561 3839 3817 3912 ἀφέστηκεν

2331 3944 2511 4014 φησὶν,
2547 3943 2646 3998 ἀπ’
2676 3942 2843 4012 ἐμοῦ,
2875 3941 2969 3995 καὶ
3001 3943 3111 3995 οὐκ
3149 3939 3376 4008 ἀκήκοέ
3392 3954 3508 4009 μου
3537 3935 3633 3998 ἔτι,
3653 3926 3750 3983 οὔτ’
3770 3923 3820 3975 ἐν·

2278 4105 2284 4112 ,
2330 4013 2479 4105 κέιρὶ
2512 4033 2630 4088 τῶν
2659 4032 2997 4103 προφητῶν,
3024 4032 3146 4087 οὔτ’
3179 4033 3251 4086 ἐν
3274 4029 3601 4093 ἐνυπνίοις·
3632 4019 3715 4075 και
3736 4013 3819 4112 νεῖν

2331 4102 2599 4195 ueremini
2634 4102 2709 4179 σε
2748 4102 3033 4195 γνωρίσαι
3066 4140 3168 4193 μοι
3208 4124 3268 4177 τί
3303 4119 3546 4197 ποιήσω.
3587 4114 3729 4170 Πάλιν
3752 4102 3822 4161 οὖν

2331 4217 2650 4291 ἀποκριτέον
2675 4235 2688 4248 ·
2747 4219 2811 4271 Εἰ
2859 4216 3107 4288 Σαμουὴλ
3150 4217 3179 4270 6
3221 4214 3571 4286 περίϐλεπτος
3618 4205 3823 4274 ἐτύγχανε

2332 4311 2630 4383 προφήτης,
2666 4311 2765 4364 οὐκ
2805 4309 2871 4363 ἂν
2903 4308 3232 4380 ἐσωφρόνισε
3266 4307 3358 4361 τὸν
3396 4305 3558 4378 ἄνδρα
3592 4292 3822 4383 νουθεςῷνς

2332 4402 2431 4454 οὐκ
2461 4400 2527 4455 ἂν
2561 4397 2713 4453 εἶπεν
2754 4399 2902 4470 αὐτῷ
2938 4399 2999 4453 τὸ
3039 4397 3287 4468 πρῶτον;
3330 4395 3465 4451 Εἰπέ
3510 4412 3614 4467 μοι,
3663 4382 3824 4459 σχέτλιε

2333 4493 2546 4547 πάντων
2582 4490 2902 4563 ἀνθρώπων,
2942 4493 2991 4545 εί
3042 4490 3406 4561 περιέστηκαν
3462 4488 3509 4542 οἱ
3558 4477 3855 4549 ἀλλογενεῐςν⁴

2333 4582 2413 4645 είς
2460 4582 2692 4652 πόλεμον
2747 4580 3335 4653 ἀντιπαραταττόμενοι
3395 4573 3659 4636 συσταδδν.
3709 4567 3827 4635 εἶαρ

2331 4675 2360 4727 6
2393 4673 2523 4737 Θεὸς
2573 4673 2879 4744 ἀφέστηκεν
2928 4672 3036 4726 ἀπὸ
3091 4672 3184 4726 σοῦ
3236 4672 3332 4725 καὶ
3382 4671 3441 4724 τὸ
3490 4665 3722 4738 παράπαν
3755 4657 3828 4711 οὐκ

2333 4766 2608 4838 ὲπακήκοέ
2641 4783 2754 4831 σου,
2780 4764 2903 4820 οὗτε
2934 4765 2990 4818 δὲ
3018 4764 3290 4837 προφῆται
3331 4759 3697 4834 πρεσϐεύοντες
3723 4748 3826 4838 ὑπὲρ

2336 4854 2429 4909 σοῦ
2470 4836 2814 4926 κατῇδεισαν,
2848 4854 2971 4908 οὔτε
3003 4836 3154 4925 ὄναρ,
3199 4853 3322 4908 οὔτε
3355 4851 3503 4924 ὕπαρ
3531 4836 3827 4910 ἀπεκαλύφθη

2337 4969 2417 5005 σοι
2450 4949 2510 5003 τὸ
2546 4949 2681 5014 δέον,
2719 4950 2779 5002 οὐ
2812 4948 2986 5021 ταύτῃ
3027 4949 3222 5019 μᾶλλον
3268 4946 3474 5018 ὤφελες
3522 4938 3829 5033 ὲξιλεοὺμενξς

2336 5040 2579 5111 κλιθῆναι
2618 5035 2756 5108 Θεῷ,
2797 5038 2892 5092 καὶ
2929 5039 3175 5111 πενήτων
3230 5034 3614 5109 ὲλεημοσύναις
3657 5024 3830 5111 ἀπωλοᾷ-

2338 5109 2530 5183 σασθαι
2581 5126 2649 5182 τὰ
2704 5127 2811 5181 τῶν
2872 5109 3227 5200 ἐγκλημάτων
3285 5128 3469 5192 αῐτια,
3527 5124 3645 5217 μήτι
3687 5133 3739 5187 γε
3779 5109 3831 5217 ξὴ

2337 5222 2698 5291 καταφεύγειν
2730 5221 2823 5274 ἐπὶ
2859 5220 3050 5293 μάντιν
3081 5218 3533 5293 ὲγγαστρίμυθον,
3560 5213 3646 5269 καὶ
3676 5213 3830 5281 Mli"

2333 5312 2412 5366 δει
2461 5316 2691 5385 μαντικῇ
2736 5313 2803 5366 τὰ
2844 5313 2946 5383 τῆς
2990 5311 3271 5376 εὐσεϐείας
3312 5294 3830 5395 ἀντικαταλλάττεσθαι

2338 5401 2597 5474 σύμϐολα,
2632 5404 2726 5457 καὶ
2752 5401 2871 5457 καθ’
2896 5399 3087 5455 ἑαυτοῦ
3114 5400 3174 5455 τὸ
3200 5398 3373 5464 πάθος
3397 5397 3619 5469 αὐξῆσαι
3645 5391 3829 5474 διττῶςῖ

2333 5494 2369 5570 ἦ
2393 5500 2499 5572 γὰρ
2527 5500 2587 5553 οὐ
2617 5497 2943 5571 διανοητέον,
2969 5497 3050 5550 ὅτι
3076 5495 3146 5549 τὰ
3170 5493 3346 5548 τοιάδε
3389 5493 3655 5564 μιάσματα
3691 5473 3832 5554 ῥητῶς

2628 5620 2669 5651 ³⁵
2690 5616 2817 5673 ibid.
2923 5615 2965 5647 "
2989 5611 3107 5668 Lev.
3136 5626 3224 5677 xx,
3257 5608 3366 5676 27;
3430 5606 3577 5661 Deut.
3607 5610 3741 5665 xvnt,
3760 5587 3830 5648 li-
