4080 6334
258 280 368 335 657

1171 283 1256 341 DE
1290 281 1879 341 ENGASTRIMYTHO
1917 282 2196 342 CONTRA
2234 284 2606 343 ORIGENEM.

3363 299 3467 357 638

253 397 632 468 ἀπηγόρευσεν
673 395 704 448 6
738 395 866 460 Θεὸς
913 396 971 450 ὲν
1013 395 1089 469 τῷ
1129 397 1394 470 Λευῖτικῷ
1436 398 1524 453 διὰ
1570 399 1811 473 Μωσέως

1912 415 2026 473 qua:
2080 400 2356 456 subsecuta
2392 402 2563 471 (ueri!
2591 406 3030 479 cngastrimgthos
3078 418 3127 463 et
3169 409 3469 469 incantato-

254 486 423 543 elmiw
438 505 451 516 '
471 488 596 542 Οὐκ
624 485 1139 555 ἐπακολόυθήσετε
1163 488 1284 555 τοῖς
1309 489 1808 565 ἐγγαστριμύθοιςζ,

252 577 350 632 καί
387 576 518 643 τοῖς
550 575 848 642 ἐπαοιδαῖς
888 579 959 631 οὐ
989 578 1617 646 προσκολληθήσεσθε,
1637 595 1811 649 μιαν-

253 667 426 737 θῆναι
449 668 523 723 ἐν
548 665 771 735 αὐτοῖς.
825 668 968 739 Ἐγώ
992 670 1107 737 ειμι
1136 668 1350 737 Κύριος
1384 672 1418 723 ό
1447 668 1591 736 Θεὸς
1617 670 1807 740 ὑμῶν.

252 760 363 814 ἀλλ’
390 761 494 813 οὐκ
518 758 689 831 ἀσεϐῆ
715 759 840 813 τάδε
869 759 938 812 τὰ
967 758 1304 830 βδελύγματα
1333 760 1569 832 νομίζεις
1599 761 1813 815 ἐναντία

249 851 326 923 τῷ
364 850 507 923 Θεῷ,
540 851 966 923 δραματουργεῖν
1005 851 1298 923 ὲγχειρῶν;
1336 852 1531 906 ΙἌκουε
1572 853 1664 906 καὶ
1695 852 1812 925 μεθ’

250 942 416 1016 ἕτερα
459 942 559 996 τοῦ
599 940 733 995 Θεοῦ
779 940 1223 1013 χρησμῳδοῦντος
1257 943 1346 996 ἐπὶ
1375 942 1452 1014 τῷ
1482 943 1667 1015 τοιῷδε
1697 944 1814 997 τολ-

254 1037 503 1106 μήματι⁸
557 1032 668 1088 Καὶ
712 1032 915 1103 ψυχὴ,
976 1032 1158 1103 φησὶν,
1214 1033 1346 1102 ἣτις
1378 1034 1455 1088 ἂν
1485 1035 1813 1106 ὲπακολουτ

465 1125 592 1192 τοῖς
645 1124 1132 1196 ἐγγαστριμύθοις
1188 1124 1225 1194 ἢ
1273 1124 1571 1192 ἐπαοιδαῖς
1589 1165 1605 1191 ,
1661 1104 1813 1181 ὥστὲ

249 1218 651 1289 ἐκπορνεῦσαι
694 1219 884 1273 ὀπίσω
923 1217 1140 1273 αὐτῶν.
1180 1219 1369 1272 Ὀποῖα
1415 1219 1509 1271 καὶ
1541 1219 1663 1273 τίνα
1698 1219 1814 1273 πεί-

251 1328 405 1366 σεται
449 1309 707 1382 προσθεὶς
743 1309 1021 1381 ἀπέφρασε
1070 1307 1294 1382 προῖὼν,
1368 1308 1707 1377 Ἐπιστήσω
1748 1310 1812 1364 τὸ

250 1405 578 1473 πρόσωπόν
598 1420 742 1473 μου,
771 1402 1028 1474 φάμενος,
1055 1401 1156 1457 ἐπὶ
1177 1400 1291 1471 τὴν
1318 1400 1529 1471 ψυχὴν
1553 1402 1811 1470 ἐκείνην,

1911 508 2013 560 res,
2042 492 2409 561 ut'fornicetur
2433 504 2549 563 post
2577 511 2664 550 eos
2696 516 2716 550 .-
2749 511 2869 567 quae
2892 505 2947 554 et
2973 500 3154 570 qualia
3195 511 3336 559 .sunt
3380 506 3469 562 illa

1911 599 2031 654 qua:
2063 583 2315 654 patietur,
2350 585 2542 654 paucis
2577 587 2804 644 annexis
2843 590 3065 660 exponit
3099 592 3472 653 :Constituam

1911 675 2099 746 faciem
2131 692 2301 729 meam
2323 677 2377 730 in
2401 678 2633 732 animam
2672 678 2844 746 illam,
2873 690 2923 735 et
2969 682 3186 752 perdam
3226 684 3382 759 illam
3407 688 3471 743 de

1909 769 2096 838 populo
2126 767 2295 825 illius.
2349 769 2537 841 Itaque
2566 784 2692 826 cum
2743 774 2979 843 primum
3030 774 3173 833 Deus
3215 779 3362 852 leges
3390 779 3471 838 fe-

1911 875 2059 927 rens,
2095 862 2299 916 severis
2329 862 2613 932 praaceptis
2664 864 3221 926 ab'incantationibus
3258 877 3313 926 et
3339 871 3473 928 divi-

1912 950 2226 1007 nationibus
2274 952 2543 1018 inhibuit,
2595 954 2907 1011 miseranda
2940 973 3071 1014 vero
3126 961 3472 1034 obscuraque

1913 1048 2304 1097 tormentorum
2335 1042 2451 1098 loca
2477 1049 2668 1098 contra
2696 1059 2793 1100 eos
2814 1047 2906 1116 qui
2933 1047 3123 1104 talium
3144 1065 3325 1106 rerum
3345 1068 3473 1109 con-

1914 1133 2036 1189 victi
2068 1132 2272 1190 fuerint
2306 1135 2561 1191 terribilis
2592 1136 2869 1203 minatur;
2900 1154 3080 1196 nonne
3106 1142 3199 1212 qui
3246 1158 3278 1197 a
3322 1152 3472 1203 tene-

1912 1225 2011 1292 ris,
2048 1226 2298 1291 utaiunt,
2344 1226 2651 1297 unguiculis
2705 1226 2816 1284 Deo
2870 1237 2988 1285 erat
3033 1242 3389 1292 consecratus
3417 1243 3473 1293 et

1913 1324 2171 1373 constans
2200 1318 2380 1389 legum
2434 1318 2749 1375 observator
2780 1319 2894 1376 haec
2956 1321 3009 1377 in
3045 1323 3247 1393 'primis
3278 1325 3474 1385 debue-

1913 1418 1998 1463 rat
2025 1410 2319 1466 accusare?
2347 1407 2455 1466 Sed
2481 1418 2537 1466 et
2558 1411 2651 1481 qui
2698 1410 2813 1482 jam
2841 1428 2871 1467 a
2900 1429 3067 1484 puero
3118 1416 3327 1487 legibus
3355 1424 3475 1473 erat

248 1497 346 1550 καὶ
394 1492 607 1550 ἀπολῶ
655 1493 848 1561 αὐτὴν
885 1493 953 1547 ἐκ
997 1492 1104 1547 τοῦ
1147 1493 1299 1548 λαοῦ
1344 1491 1553 1562 αὐτῆς.
1598 1493 1660 1545 El
1722 1488 1814 1547 οὖν

246 1583 488 1657 ἀρχῆθεν
538 1580 910 1654 νομοθετήσας
956 1584 984 1635 6
1025 1580 1158 1646 Θεὸς
1198 1581 1489 1653 αὐστηροῖς
1533 1580 1812 1635 ἀπέστειλε

1912 1604 2065 1644 scere
2123 1600 2355 1661 poterat,
2402 1607 2670 1663 nusquam
2722 1609 2963 1651 errorem
3008 1598 3346 1669 requisisset,
3404 1615 3475 1657 ne

249 1675 654 1748 προγράμμασι
690 1674 817 1737 τοὺς
869 1671 1143 1735 τοιαύταις
1178 1672 1686 1743 ὲγχαλινευομένους
1720 1674 1812 1726 ἐπ-

1913 1683 2109 1739 misere
2140 1682 2329 1739 fraude
2380 1685 2591 1758 decepti
2620 1688 2675 1743 in
2719 1688 2956 1745 furiosas
2980 1690 3231 1745 nonnulli
3260 1691 3472 1747 divina-

246 1764 503 1837 αοιδαῖςῆ
539 1763 838 1837 μαντείαις,
868 1764 1081 1818 ἀπειλεῖ
1105 1763 1162 1817 δὲ
1180 1762 1474 1834 σκυθρωπά
1501 1763 1593 1817 καὶ
1616 1762 1812 1834 σκιώδη

1915 1771 2089 1827 tiones
2137 1783 2471 1844 raperentur.
2523 1776 2626 1833 Sed
2661 1777 2853 1834 borum
2912 1779 3049 1835 nihil
3104 1781 3188 1837 vel
3217 1780 3353 1836 dixit
3390 1782 3474 1839 vel

246 1858 586 1930 κολαστήρια
642 1855 782 1910 κατὰ
832 1854 939 1908 τῶν
996 1854 1361 1926 ἁλισκομένων
1413 1853 1504 1906 ἐπὶ
1567 1850 1626 1920 τῇ
1690 1853 1812 1926 δίκῃ

1912 1860 2243 1931 eﬂlagitavit.
2274 1860 2459 1934 Neque
2486 1866 2632 1921 enim
2663 1865 2881 1925 Samuel
2919 1876 3037 1924 erat
3071 1889 3085 1924 :
3122 1870 3217 1926 sed
3242 1870 3336 1941 qui
3359 1870 3475 1927 haec

245 1948 526 2021 φοϐερῶς,
583 1947 644 2001 ού
690 1947 779 2002 τὸν
818 1947 1175 2018 ἀνακείμενον
1223 1944 1283 2010 ἐξ
1327 1944 1548 2000 ἁπαλῶν
1607 1945 1812 2016 ὀνύχων

1912 1950 2093 2004 omnia
2115 1967 2151 2004 Aa
2175 1951 2348 2021 prima
2379 1954 2465 2007 sui
2497 1954 2706 2026 origine
2747 1958 3184 2025 machinabatur,
3215 1959 3331 2015 haec
3355 1975 3476 2031 pro-

243 2044 321 2114 τῷ
349 2044 473 2116 Θεῷ
517 2043 613 2097 καὶ
658 2041 1008 2114 νομοφύλακα
1054 2041 1267 2113 βεξαιον
1312 2040 1414 2095 ἔδει
1454 2041 1582 2113 περὶ
1610 2040 1812 2095 τούτων

1912 2038 2085 2108 phetae
2113 2041 2346 2111 speciem
2374 2057 2483 2112 prae
2514 2059 2573 2100 se
2606 2043 2786 2101 ferens
2815 2048 3093 2118 respondit
3123 2050 3167 2081 "'
3201 2068 3215 2105 :
3257 2048 3471 2121 thuid,

246 2131 544 2202 ἐγκαλέσαι
572 2131 820 2203 πρῶτον;
852 2130 988 2183 Ἀλλ’
1015 2133 1043 2184 ὁ
1075 2129 1386 2202 νομομαθὴς
1416 2132 1478 2183 ἐκ
1509 2131 1811 2202 μειρακίου,

1912 2131 2119 2209 dicens,
2146 2135 2438 2205 interrogas
2468 2152 2569 2200 me,
2622 2146 2672 2191 et
2708 2137 2959 2194 Dominus
3008 2140 3251 2196 discessit
3279 2158 3311 2196 a
3334 2151 3403 2208 te,
3424 2153 3475 2197 et

247 2225 337 2277 καὶ
370 2223 475 2286 τάς
512 2222 747 2293 νομικὰς
786 2220 1089 2293 ἁκριϐὦσαι
1124 2219 1385 2293 γραμμὰς
1420 2221 1695 2293 ἀκρότατα
1730 2221 1812 2275 δυ-

1912 2222 2083 2293 factus
2109 2233 2185 2277 est
2212 2241 2331 2279 cum
2363 2231 2603 2297 proximo
2639 2232 2767 2285 tuo?
2797 2229 2867 2285 Et
2897 2231 3021 2301 fecit
3054 2232 3150 2287 tibi
3191 2233 3472 2299 Dominus,

246 2315 449 2387 νηθεὶς,
478 2314 582 2368 ούκ
632 2314 699 2369 ἂν
740 2313 1041 2385 ἐπεζήτησε
1081 2314 1141 2367 τὸ
1185 2316 1458 2386 πταῖσμα,
1510 2314 1663 2386 μήπη
1708 2314 1812 2386 ἄρα

1916 2314 2051 2367 sicut
2078 2313 2281 2370 locutus
2303 2326 2379 2371 est
2409 2317 2463 2371 in
2481 2335 2639 2373 manu
2668 2337 2802 2375 mea.
2837 2321 2964 2378 Haec
2991 2324 3157 2395 igitur
3196 2325 3341 2380 velut
3373 2324 3475 2380 ho-

247 2404 330 2458 διὰ
355 2405 550 2459 τούτου
582 2404 727 2468 τινὲς
760 2406 840 2468 εἰς
865 2405 1094 2476 μανικὰς
1133 2403 1491 2470 ἐξελκυσθῶσι
1533 2404 1811 2475 μαντείας,

1918 2406 2037 2470 stis,
2061 2406 2222 2461 simul
2241 2414 2295 2463 et
2317 2407 2599 2466 decessum
2630 2412 2919 2479 simulans,
2946 2415 3121 2482 aﬂ‘ert,
3144 2416 3353 2472 libellos
3381 2429 3476 2472 ac-

249 2497 430 2569 ἀπάτῃ
502 2495 898 2569 συλληφθέντες
963 2496 1181 2561 ἀθλίως.
1250 2496 1407 2550 Ἀλλά
1460 2496 1663 2550 τούτων
1714 2498 1811 2568 μὲν

1916 2498 2216 2555 cusationis
2235 2502 2605 2572 prosequitur.

248 2593 398 2649 οὐδὲν
428 2593 555 2647 οὒτε
596 2587 746 2646 εἶπεν
794 2590 916 2645 οὔτε
955 2592 1249 2663 ἐζήτησεν⁹
1294 2592 1352 2645 ού
1382 2591 1490 2664 γὰρ
1527 2587 1594 2664 ἦν
1646 2592 1675 2645 6
1714 2590 1996 2664 Σαμουὴλ,
2027 2592 2141 2647 ἀλλ’
2189 2596 2218 2648 6
2268 2594 2339 2648 τὰ
2364 2597 2541 2650 τοιάδε
2599 2598 2850 2670 δράματα
2902 2600 3144 2672 τυρεύων
3191 2599 3476 2656 ἀνέκαθεν.

259 2686 380 2742 Ἐπὶ
428 2686 488 2740 δὲ
546 2685 755 2750 τούτοις
800 2685 1178 2758 ἀποκρίνεται,
1229 2687 1290 2741 τὸ
1333 2686 1617 2759 πρόσωπον
1654 2686 1747 2740 τοῦ
1797 2689 2073 2759 προφήτου
2130 2690 2348 2757 ὑποδὺς,
2412 2692 2611 2758 Ἰνατί,
2663 2693 2853 2763 λέγων,
2908 2695 3201 2765 ἐπερωτᾷς
3237 2713 3331 2767 με,
3376 2696 3477 2751 καὶ

250 2785 280 2836 ὁ
300 2785 521 2850 Κύριος
562 2780 907 2851 ἀφέστηκεν
941 2779 1060 2835 ἀπὸ
1115 2780 1262 2846 σοῦ,
1311 2782 1410 2835 καὶ
1451 2781 1659 2853 γέγονε
1697 2783 1847 2852 μετὰ
1894 2783 2002 2838 τοῦ
2057 2786 2322 2854 πλησίον
2373 2802 2533 2852 σου;
2590 2790 2699 2843 Kal
2758 2791 3048 2861 πεποίηκέ
3101 2808 3200 2846 σοι
3250 2792 3467 2860 Κύριος

250 2875 398 2933 καθὰ
438 2874 749 2944 ἐλάλησεν
810 2874 880 2928 ἐν
937 2874 1086 2946 χειρί
1122 2892 1263 2945 μου.
1311 2874 1496 2929 Ταῦτα
1543 2876 1638 2945 μὲν
1670 2871 1762 2929 οὖν
1795 2875 1870 2940 ὡς
1907 2876 2098 2949 ἐχθρὸς
2148 2879 2265 2949 ἅμα
2315 2881 2409 2933 καὶ
2450 2881 2715 2953 ἐκδημίαν
2758 2884 3196 2956 ὑποτυπούμενος
3246 2884 3476 2954 εἰσάγει,

250 2968 611 3039 ἀναγινώσκει
636 2967 706 3022 τά
735 2967 832 3039 τῆς
866 2966 1193 3040 κατηγορίας
1224 2969 1610 3040 ὑπομνήματα.

1912 1498 2229 1563 instructus,
2262 1500 2459 1571 quippe
2484 1500 2685 1572 legales
2703 1501 2870 1559 libros
2891 1505 3239 1563 exactissime
3266 1522 3473 1580 cogno-

315 3081 440 3137 ΧΠ.
474 3080 788 3154 Θεωρητέον
808 3078 865 3134 δὲ
888 3079 1004 3144 πῶς
1030 3078 1168 3133 αύτά
1192 3079 1260 3134 τὰ
1293 3080 1580 3135 συνεκτικά
1611 3081 1807 3151 παρεὶς

1978 3076 2103 3133 Xll.
2135 3076 2601 3135 Considerandum
2635 3082 2822 3151 utique
2854 3088 2938 3136 est
2978 3096 3211 3150 quanam
3253 3085 3466 3143 ratione

250 3175 412 3247 ἑγκλή
422 3192 588 3246 ματα,
606 3173 895 3228 πλάττεται
914 3175 1010 3245 μὲν
1021 3170 1302 3244 ὑποκρίσει
1314 3172 1695 3245 δεικτικωτέρα
1713 3173 1777 3246 (4
1791 3174 1810 3245 )

252 3266 618 3338 φθέγγεσθαιο
684 3266 846 3339 μηδὲν
895 3265 953 3319 δὲ
1005 3264 1363 3338 προγνώσεως
1428 3266 1574 3332 ἄξιον
1624 3265 1810 3331 εἰπὼν,

251 3361 432 3415 ἐκεῖνα
457 3360 703 3431 δευτεροϊ
725 3357 1120 3428 τεχνωμένως,
1143 3358 1246 3411 ὅσα
1278 3357 1480 3429 περιὼν
1505 3360 1533 3412 6
1563 3358 1813 3429 Σαμουὴλ

252 3454 327 3508 ἔτι
356 3451 633 3525 προύλεγε
668 3449 1044 3521 συνενεχθῆναι
1074 3448 1152 3521 τῷ
1180 3448 1370 3513 Σαοὺλ,
1414 3447 1557 3521 ἅπερ
1596 3450 1671 3513 ὡς
1710 3450 1810 3522 ἤδη

252 3545 515 3615 γεγονότα
561 3539 928 3615 προανεφώνει
978 3540 1351 3612 προφητεύων.
1399 3540 1558 3595 Ἀλλά
1604 3557 1667 3609 γε
1711 3539 1813 3612 μὴν

249 3637 280 3689 ὅ
305 3654 367 3706 γε
410 3637 596 3707 φήσας
626 3632 790 3704 αὐτῷ,
828 3633 888 3688 Τί
906 3649 981 3702 με
1006 3630 1336 3701 ἐπερωτᾷς;
1363 3631 1657 3703 διαρρήδην
1682 3634 1811 3703 ὁμο-

251 3727 399 3797 λογεῖ
423 3726 604 3781 ταῦτα
643 3726 678 3781 ἀ
705 3728 798 3781 καὶ
825 3727 1086 3800 πρότερον
1122 3726 1329 3798 εἰρήκει
1349 3742 1362 3758 ο
1392 3721 1811 3793 διαυτολογεῖ(4“)

249 3818 304 3872 δὲ
321 3819 385 3891 δὴ
421 3819 494 3872 τά
518 3817 831 3890 πρῶτα,ξδιά
861 3818 968 3872 τῶν
993 3818 1180 3871 ἔπειτα
1202 3814 1430 3888 βεϐαιῶν
1453 3816 1546 3869 ἐπὶ
1574 3814 1812 3887 προσχή-

252 3927 379 3981 ματι
440 3907 661 3980 γοωδῶς
684 3925 698 3940 ·
763 3910 1043 3981 Ὠριγένης
1090 3908 1147 3962 δὲ
1200 3905 1501 3962 τούναντίον
1557 3904 1695 3959 αὐτὰ.
1746 3904 1814 3957 τὰ

252 4002 415 4057 πάλαι
450 4000 531 4072 τῷ
559 4003 808 4072 προφήτῃ
837 3999 1364 4072 προαναφωνηθέντα
1393 3999 1610 4070 ῥήματα
1634 4014 1812 4068 παρα-

248 4092 432 4146 λαϐὼν
460 4091 557 4145 ἐπὶ
585 4091 815 4157 λέξεως,
848 4091 924 4155 ὡς
956 4090 1116 4162 ἄρτια
1148 4092 1242 4144 καὶ
1285 4092 1444 4144 καινά
1485 4088 1814 4161 προφητείας

248 4186 654 4258 ἀποφθέγματα
664 4183 971 4259 διορίζεται⁵
993 4184 1081 4238 διά
1102 4201 1181 4237 τοι
1208 4182 1274 4254 [Ῑ.
1291 4181 1376 4254 τε]
1395 4182 1552 4236 τοῦτο
1572 4181 1813 4253 βούλεται

249 4278 333 4332 τὸν
373 4277 642 4349 Σαμουὴλ
684 4277 945 4348 ἀνῆχθαι,
982 4276 1160 4330 καίτοι
1191 4276 1287 4346 τῆς
1312 4275 1532 4346 Γραφῆς
1558 4275 1812 4346 ἄντικρυς

248 4373 581 4446 ἐλεγχούσης
621 4371 800 4437 αὐτὸν,
841 4371 914 4435 ὥς
951 4387 1014 4438 γε
1050 4369 1395 4440 συνομολογεῖ
1431 4370 1524 4423 καὶ
1563 4367 1723 4432 αὐτὸς
1755 4370 1811 4422 ὲν

1911 3171 2095 3227 causis
2124 3171 2182 3226 in
2209 3187 2269 3228 se
2298 3186 2513 3228 errores
2543 3171 2925 3228 cohibentibus
2953 3173 3204 3239 omissis,
3236 3174 3388 3247 tingit
3414 3195 3475 3236 se

1911 3262 2256 3319 simulatione
2291 3262 2463 3335 magis
2504 3267 2719 3333 patente
2761 3262 2974 3330 dicere,
3007 3278 3129 3324 cum
3161 3264 3299 3319 nihil
3326 3268 3474 3336 quod

1910 3356 2240 3427 praenotione
2278 3354 2503 3425 dignum
2550 3354 2621 3409 sit
2657 3352 2877 3420 aﬂ‘erat;
2910 3353 2999 3408 illa
3044 3368 3113 3408 ex
3148 3361 3265 3410 arte
3311 3356 3475 3413 iterat

1910 3464 2031 3519 quae
2060 3447 2313 3511 Samuel,
2341 3447 2469 3501 dum
2494 3446 2671 3502 adhuc
2699 3446 2756 3501 in
2779 3445 2917 3503 vivis
2945 3453 3122 3513 esset,
3149 3446 3475 3518 praedicebat

1914 3538 2063 3593 Sauli
2088 3538 2415 3608 contigisse,
2451 3537 2540 3591 illa
2572 3552 2636 3592 ac
2666 3537 2715 3593 si
2746 3536 2887 3591 facta
2916 3545 3102 3593 essent
3128 3539 3474 3597 vaticinando

1911 3627 2323 3697 przenuntiabat.
2378 3624 2483 3682 Sed
2512 3637 2658 3683 certe
2704 3628 2797 3698 qui
2846 3627 2953 3698 ipsi
2998 3626 3244 3684 dixerat:
3278 3628 3474 3701 thuid

1912 3738 1993 3777 me
2036 3720 2361 3790 interrogas?
2408 3720 2543 3774 satis
2572 3728 2757 3790 aperte
2807 3735 2929 3790 quae
2969 3727 3024 3775 et
3070 3720 3223 3790 prius
3259 3719 3475 3779 dixerat

1912 3811 2128 3867 fatetur.
2152 3810 2336 3864 Prima
2357 3825 2487 3865 vero
2508 3811 2597 3865 illa
2620 3826 2714 3879 per
2733 3825 2795 3867 ea
2818 3826 2939 3880 qua:
2959 3818 3148 3881 postea
3170 3813 3469 3883 contigere,
3575 3862 3578 3866 Α

1914 3918 1976 3958 ac
2008 3903 2054 3959 si
2082 3902 2493 3968 vaticinaretur,
2525 3903 2719 3958 iterum
2747 3904 2958 3959 recitat.
2988 3900 3248 3973 Origenes
3276 3919 3308 3960 e
3337 3919 3447 3962 con.
3470 3930 3483 3945 ι

1911 3994 2082 4049 trario
2118 3993 2395 4065 prophetae
2439 3995 2600 4050 verba
2649 4011 2769 4065 qua:
2801 3996 2915 4066 jam
2949 3997 3077 4051 olim
3115 3995 3470 4068 praedixerat,

1911 4086 1979 4141 ad
2009 4085 2230 4141 verbum
2264 4089 2507 4156 exposita
2527 4126 2543 4153 ,
2572 4087 2739 4143 veluti
2769 4087 3004 4159 perfecta
3034 4094 3089 4143 et
3118 4102 3258 4142 nova
3288 4086 3472 4143 vatici-

1911 4180 2147 4235 nationis
2168 4180 2390 4234 oracula
2420 4179 2712 4248 discernit;
2744 4188 3137 4251 proptereaque
3164 4179 3471 4236 Samuelem

1911 4279 2195 4327 evocatum
2232 4270 2401 4326 fuisse
2429 4271 2578 4336 vult,
2629 4271 2732 4327 etsi
2768 4272 2919 4327 illum
2971 4270 3251 4342 Scriptura
3293 4271 3471 4342 palam

1912 4362 2304 4434 reprehendat,
2353 4370 2413 4417 ut
2470 4362 2587 4434 ipse
2632 4364 2793 4419 etiam
2849 4362 3048 4419 fatetur
3092 4363 3367 4420 nonnullis
3413 4363 3473 4418 in

250 4465 401 4539 μέρει
438 4463 696 4529 τοπικῶς.
735 4461 893 4516 Ἀλλά
926 4462 978 4516 τί
1014 4460 1149 4533 μετά
1196 4458 1366 4515 ταῦτα
1412 4460 1666 4531 προετίθη
1709 4460 1812 4515 πά-

1915 4454 2068 4510 locis.
2100 4453 2269 4511 Porro
2299 4452 2427 4523 quid
2456 4460 2644 4524 postea
2663 4491 2679 4517 ,
2708 4467 2833 4506 cum
2871 4467 3051 4524 regem
3082 4454 3470 4524 alloqueretur,

245 4555 347 4619 λιν,
398 4553 649 4627 ὁπηνίκα
708 4552 784 4624 τῷ
838 4552 1070 4622 δυνάστῃ
1132 4550 1401 4620 διελέγετο
1466 4549 1525 4603 τὸ
1590 4548 1812 4620 φάσμα;

247 4646 564 4717 Διαρῤήξει
591 4642 799 4713 Κύριος
844 4643 958 4712 τὴν
978 4642 1301 4707 βασιλείαν
1339 4641 1407 4694 ἐκ
1444 4641 1641 4708 χειρός
1678 4654 1812 4704 σου,

248 4740 345 4793 καὶ
396 4738 585 4792 δώσει
642 4733 834 4804 αὐτὴν
886 4733 966 4800 τῷ
1016 4733 1280 4801 πλησίον
1337 4746 1452 4785 σου
1499 4730 1579 4798 τῷ
1614 4729 1812 4795 Δαυϊδ,

248 4828 396 4882 διότι
439 4830 561 4882 οὐκ
604 4825 873 4894 ἤκουσας
913 4824 1024 4894 τῆς
1051 4822 1255 4894 φωνῆς
1281 4822 1522 4891 Κυρίου,
1566 4822 1663 4876 καὶ
1704 4824 1816 4876 οὐκ

248 4920 536 4987 ἔπλησας
580 4916 770 4986 θυμὸν
811 4915 991 4986 ὀργῆς
1033 4913 1216 4970 αὐτοῦ
1258 4914 1329 4968 ἐν
1381 4912 1661 4983 Ἀμαλήκ.
1715 4913 1816 4967 Διὰ

247 5011 312 5062 τὸ
341 5011 521 5081 ῥῆμα
571 5009 746 5063 τοῦτο
794 5009 1041 5075 ἐποίησε
1100 5007 1314 5074 Κύριος
1368 5004 1546 5059 τοῦτό
1591 5018 1688 5058 σοι
1741 5002 1817 5072 τῇ

248 5100 446 5171 ἡμέρᾳ
507 5101 694 5169 ταύτῃ
720 5114 736 5126 ο
781 5099 879 5153 καὶ
934 5097 1111 5154 δώσει
1145 5098 1360 5165 Κύριος
1412 5095 1520 5150 τὸν
1575 5095 1818 5164 Ἰσραὴλ

243 5193 397 5260 μετὰ
438 5192 559 5247 σοῦ
596 5194 683 5257 είς
711 5190 907 5261 χεῖρας
942 5190 1324 5258 ἀλλοφύλων.
1358 5189 1421 5242 Ei
1453 5187 1512 5241 δέ
1542 5204 1625 5252 τις
1658 5187 1815 5259 ἀκρι-

248 5285 431 5339 ϐὦσαι
465 5283 704 5355 βούλοιτο
743 5281 803 5336 τὸ
844 5282 1044 5352 σαφὲς,
1083 5282 1317 5335 ἐπανίτω
1358 5280 1455 5352 μὲν
1483 5280 1574 5333 ἐπὶ
1601 5278 1699 5351 τὴν
1723 5276 1816 5331 τοῦ

248 5376 592 5448 Γράμματος
652 5372 910 5444 ἱστορίαν,
959 5370 1122 5442 ὀλίγῳ
1172 5371 1403 5444 πρόσθεν
1461 5369 1810 5445 ἀναδραμὼν·

248 5468 385 5521 αὐτὸ
445 5465 505 5519 δὲ
547 5465 610 5519 τὺ
652 5464 846 5537 χωρίον
885 5461 1213 5528 ἀναπτύξας,
1270 5462 1397 5517 ἔνθα
1440 5462 1530 5516 τὸν
1572 5461 1812 5538 Ἀμαλήκ

248 5558 502 5629 ἡττήσας
552 5555 931 5627 ἐσφετερίσατο
992 5554 1061 5608 τά
1114 5554 1374 5624 κράτιστα
1431 5552 1536 5606 τῶν
1585 5551 1810 5616 σκύλων,

318 5650 365 5682 ³⁷
399 5648 434 5703 1
488 5647 609 5719 Reg.
639 5665 834 5712 xxvm,
870 5649 957 5715 16,
989 5648 1075 5704 l7.
1149 5647 1192 5679 ³⁸
1231 5646 1359 5703 ibid.
1408 5646 1593 5701 17—19.

323 5739 431 5813 (ὦ)
477 5738 899 5810 Δεικτικωτέρᾳ.
936 5739 1096 5797 Forte
1122 5739 1524 5814 δεικτικὼτερα.
1552 5740 1707 5797 Eutr.

1909 4540 2136 4611 phasma
2190 4540 2453 4596 addebat?
2513 4538 2787 4595 Abscindet
2835 4540 3088 4596 Dominus
3140 4558 3357 4613 regnum
3407 4541 3473 4599 de

1912 4650 2072 4688 manu
2116 4642 2226 4698 tua,
2255 4642 2303 4687 et
2329 4631 2477 4687 dabit
2522 4632 2656 4687 illud
2685 4635 2926 4702 proximo
2955 4643 3043 4688 tuo
3075 4633 3246 4689 David
3280 4650 3300 4690 :
3333 4634 3471 4706 quod

1912 4741 2013 4778 non
2042 4723 2271 4778 audieris
2298 4738 2471 4778 uocem
2507 4722 2736 4791 Domini,
2765 4734 2814 4779 et
2843 4741 2946 4779 non
2972 4724 3196 4794 implesti
3224 4724 3471 4796 indigna-

1913 4816 2104 4871 tionem
2134 4817 2228 4870 irte
2247 4832 2357 4871 sua:
2381 4817 2436 4870 in
2466 4816 2698 4872 Amalec.
2735 4816 2959 4887 Propter
2985 4818 3080 4873 hoc
3110 4817 3318 4873 verbum
3348 4817 3469 4880 fecit

1912 4906 2165 4962 Dominus
2186 4907 2280 4961 hoc
2301 4908 2395 4962 tibi
2414 4908 2466 4962 in
2500 4909 2585 4963 die
2598 4908 2729 4972 hac;
2755 4916 2804 4962 et
2827 4908 2996 4964 tradet
3019 4908 3275 4964 Dominus
3299 4905 3471 4964 Israel

1913 5004 2079 5052 tecum
2126 4999 2181 5052 in
2229 5015 2414 5053 manus
2466 4999 2873 5070 alienigenarum
2924 4999 2991 5055 ³⁸.
3033 4998 3093 5055 Si
3134 4999 3259 5071 quis
3305 4998 3471 5070 hujus

1911 5092 2191 5147 veritatem
2232 5090 2503 5161 erpiscari
2546 5091 2731 5161 cupit,
2766 5091 2937 5160 ipsius
2964 5088 3258 5162 Scriptum
3293 5089 3470 5146 histo-

1911 5184 2048 5240 riam
2068 5199 2177 5240 non
2207 5185 2375 5239 multo
2405 5191 2561 5240 antea
2590 5191 2975 5256 pertractatam
3003 5184 3162 5241 adeat
3191 5204 3205 5241 :
3235 5185 3311 5240 ibi
3334 5200 3471 5243 enu-

1914 5275 2086 5332 cleate
2126 5275 2503 5343 considerato,
2536 5277 2625 5332 ubi
2666 5276 2883 5333 devicto
2909 5277 3129 5333 Amalec
3172 5278 3468 5349 spoliorum

1916 5369 2198 5440 potissima
2223 5376 2580 5440 usurpaverat
2598 5408 2613 5433 ,
2644 5369 2879 5440 indeque
2917 5380 3173 5440 tanquam
3197 5368 3470 5441 primitias

1916 5461 2233 5518 holocausta
2266 5461 2538 5518 offerenda
2580 5476 2702 5520 esse
2734 5460 3186 5539 existimabat;et
3224 5459 3468 5531 exquisi-

1914 5554 2035 5609 tiori
2064 5553 2337 5625 diligentia
2370 5556 2604 5613 scienter
2632 5559 2686 5612 et
2716 5554 2885 5626 perite
2916 5569 2975 5611 re
3009 5554 3311 5612 examinata
3354 5554 3469 5611 hac

1995 5740 2095 5815 (ι’)
2113 5743 2503 5814 Διαυτολογεῒ.
2533 5743 2693 5803 Forte
2717 5742 3036 5814 ταυτολογεῐ.
