4080 6334
655 342 761 400 639

1633 343 1693 398 S.
1736 341 2105 398 EUS'I‘ATHII
2144 344 2449 402 EPISCOPI
2489 340 2906 399 ANTIOCHENI
3709 357 3789 414 σιθ

657 458 839 518 omnia
876 458 1035 513 verba
1081 463 1209 512 tunc
1254 456 1513 526 temporis
1557 456 1625 511 ad
1649 458 1873 512 verbum
1921 459 2268 522 Samuelem,

2178 474 2226 512 m
2258 468 2300 522 Α
2328 461 2421 513 καὶ
2450 426 2548 522 τὰς
2574 462 2637 514 ἐκ
2664 459 2863 513 τούτων
2888 457 3024 527 ᾤετο
3053 454 3160 511 δεῖν
3183 458 3451 531 ἀναφέρειν
3474 461 3789 530 ὁλοκαυτώσεις

658 551 1053 625 ριίοιιιιηιίιιεεο
1099 548 1414 619 comperiet.
1464 548 1609 603 Dixit
1650 550 1794 603 enim
1833 568 1844 602 :
1884 548 1950 602 Et
1998 550 2222 605 abscidit

662 645 917 699 Dominus
949 640 1013 696 de
1053 657 1211 694 manu
1239 640 1351 711 ejus
1386 657 1598 710 regnum
1629 640 1706 709 ³⁹;
1735 648 1863 696 tunc
1894 656 2015 696 cum
2045 657 2074 695 a
2100 656 2224 712 rege

656 734 1046 805 apprehensam
1072 732 1219 802 pallii
1246 724 1499 786 laciniam
1531 730 1707 786 scidit.
1740 731 1819 785 Ad
1848 731 1960 787 haec
1989 733 2220 789 ulterius

658 823 985 898 praedicebat
1006 839 1231 895 regnum
1256 824 1402 878 illius
1433 822 1789 878 Scindendum
1815 823 1949 889 fore,
1985 825 2221 880 dandum

659 917 904 989 proximo
937 930 1038 970 suo
1066 914 1157 985 qui
1192 928 1257 970 eo
1295 914 1487 970 melior
1533 923 1667 969 erat.
1710 912 2055 985 PrOpbetavit
2087 932 2221 985 pra:-

656 1017 807 1064 terea
846 1022 955 1078 qua
1005 1007 1217 1062 ratione
1258 1004 1425 1074 Israel
1467 1014 1688 1077 propter
1739 1006 1843 1061 hoc
1896 1007 2224 1064 scindendus

657 1105 773 1154 erat
792 1139 807 1162 ,
837 1112 938 1153 nec
967 1096 1200 1166 amplius
1227 1111 1567 1152 reversurus.
1598 1094 1695 1151 His
1720 1098 2036 1162 enuntiatis,
2061 1099 2220 1153 verba

654 1206 821 1262 opere
851 1190 971 1260 ipso
1014 1187 1391 1244 conﬁrmabat.
1434 1185 1553 1242 Non
1594 1188 1688 1244 diu
1713 1190 1855 1243 enim
1889 1196 2011 1258 post
2038 1189 2223 1245 divino

655 1281 861 1352 judicio
900 1280 1055 1334 unxit
1082 1294 1257 1349 regem
1306 1276 1469 1333 David
1486 1278 1553 1333 ⁸⁸.
1598 1276 1782 1350 Itaque
1818 1279 1910 1350 qui
1942 1295 2037 1349 per
2060 1295 2224 1351 enga-

659 1371 1009 1443 strimythum
1049 1370 1251 1425 dicitur
1288 1376 1545 1424 evocatus
1588 1370 1720 1425 nihil
1760 1370 1828 1426 de
1856 1386 1995 1426 novo
2021 1371 2220 1434 attulit,

661 1462 755 1519 sed
777 1478 896 1533 qua:
925 1460 1139 1517 Samuel
1167 1460 1319 1531 prius
1343 1461 1554 1517 dixerat
1575 1462 1741 1517 veluti
1768 1464 1985 1535 propria
2012 1463 2225 1518 affecta-

659 1555 753 1610 bat
774 1594 789 1620 ,
821 1553 1012 1608 fraude
1033 1567 1097 1608 ac
1117 1553 1242 1608 dolo
1263 1568 1548 1623 personam
1578 1568 1863 1610 assumens
1881 1595 1896 1620 ,
1918 1563 1972 1609 et
1993 1553 2223 1610 artiﬁcio

658 1644 922 1717 probabili
953 1644 1146 1699 iterum
1176 1655 1428 1714 repetens
1468 1645 1856 1714 prophetarum
1887 1660 2056 1708 more,
2084 1647 2221 1702 vati-

658 1735 831 1790 cinari
848 1735 1159 1790 simulabat.
1187 1734 1292 1790 Sed
1315 1741 1372 1789 ut
1398 1736 1820 1807 prwstigiatores
1838 1734 2061 1790 divitum
2077 1737 2220 1792 aedes

2326 553 2400 615 ὡς
2454 552 2742 623 ἀπαρχάς.
2808 549 3157 622 ἀκριϐολογίᾳ
3210 550 3264 603 δέ
3317 554 3599 627 τρανωτέρᾳ
3656 558 3792 629 ζητῶν

2322 643 2711 713 ἐπιστημόνως,
2763 643 3040 713 εὐρήσειεν
3080 640 3166 706 ἂν,
3201 642 3273 705 ὡς
3309 643 3500 698 ἅπαντα
3536 647 3595 699 τὰ
3627 650 3795 720 ῥήματα

2321 733 2489 787 ταῦτα
2539 735 2657 787 κατ’
2708 736 2883 787 ἐκεῖνο
2929 731 3121 804 καιροῦ
3169 736 3416 805 προεῖπεν
3460 736 3542 788 ἐπὶ
3587 738 3794 805 λέξεωςὸ

2323 825 2603 897 Σαμουήλ·
2658 825 2759 896 ἐφη
2799 822 2909 895 γὰρ
2952 824 3059 877 ὅτι·
3100 823 3207 878 Kal
3248 823 3501 893 διέρῤηξε
3541 831 3717 898 Κύριος
3745 833 3795 886 ἐκ

2322 915 2520 984 χειρὸς
2564 915 2748 971 αὑτοῦ
2793 914 2907 983 τὴν
2944 914 3299 980 βασιλείαν·
3345 918 3491 971 ὁπότε
3536 921 3618 973 καὶ
3649 922 3794 976 τὸτοῦ

2321 1008 2607 1062 διπλοῖδίου
2653 1007 2942 1080 πτερύγιον
2982 1006 3364 1078 ἐπιλαϐόμενος
3408 1009 3435 1061 ό
3462 1008 3689 1083 δυνάστης
3720 1014 3797 1067 ἐδί-

2322 1116 2452 1169 χασε
2478 1116 2490 1129 ·
2535 1096 2797 1171 προῦλεγε
2825 1098 2881 1151 δέ
2916 1096 3063 1168 αὐτῷ
3113 1097 3244 1167 πρὸς
3291 1099 3379 1150 ἐπὶ
3400 1098 3586 1163 τούτοις
3617 1101 3714 1172 μὲν,
3741 1102 3796 1167 ὡς

2322 1189 2551 1261 ἤμελλεν
2600 1192 2633 1262 ή
2676 1188 2917 1260 βασιλεία
2973 1188 3290 1260 δοθήσεσθαι
3327 1189 3401 1261 τῷ
3441 1191 3638 1261 πλησίον
3672 1195 3796 1248 αὑτοῦ

2321 1279 2397 1349 τῷ
2436 1280 2632 1350 μᾶλλον
2675 1279 2815 1351 ὑπὲρ
2850 1279 3010 1333 αὐτὸν
3050 1279 3257 1351 ἀγαθῷ,
3312 1280 3616 1352 προεφήτευε
3654 1282 3701 1336 δέ
3732 1286 3798 1337 καὶ

2320 1371 2439 1424 τίνα
2474 1372 2671 1442 τρόπον
2704 1371 2809 1424 ἔδει
2837 1370 2927 1424 τὸν
2972 1371 3183 1441 Ἰσραὴλ
3231 1371 3386 1424 ἕνεκα
3434 1372 3602 1425 τούτου
3644 1373 3798 1444 διασχι-

2324 1461 2611 1533 σθήσεσθαι
2645 1463 2737 1515 καὶ
2769 1459 2962 1532 μηκέτι
3001 1461 3340 1532 ἐπιστρέψαι.
3386 1462 3555 1515 Ταῦτα
3580 1463 3628 1516 δὲ
3648 1463 3797 1535 φήσας.

2321 1555 2455 1627 ὁμοῦ
2496 1557 2608 1618 τοῖς
2645 1554 2825 1624 ἔργοις
2864 1551 3108 1606 ἐϐεϐαίου
3154 1552 3221 1607 τὰ
3258 1553 3471 1607 λεκτέαο
3508 1557 3608 1625 μετ’
3631 1556 3681 1607 οὐ
3703 1556 3796 1607 πολὺ

2322 1644 2430 1715 γὰρ
2464 1646 2527 1697 ἐκ
2558 1644 2708 1707 θείας
2733 1641 3054 1705 ἀποσταλεὶς
3094 1644 3414 1713 ἐπικρίσεως
3443 1644 3604 1716 ἔχρισε
3634 1644 3799 1714 βασιλέα

2321 1738 2411 1789 τὸν
2460 1736 2641 1790 Δαυῖὄ.
2687 1736 2807 1808 ’Ἆρ’
2863 1731 2955 1789 οὖν
2995 1735 3146 1789 οὐδὲν
3191 1736 3482 1807 ἀπήγγειλε
3527 1733 3654 1799 ξένον
3690 1734 3798 1788 ὀδιά

659 1827 936 1897 pulsantes
962 1826 1392 1896 uniuscujusque
1419 1842 1507 1882 res
1543 1827 1673 1881 olim
1700 1835 1881 1899 gestas
1915 1826 2101 1882 sedula
2131 1828 2218 1882 in-
2250 1808 2270 1862 ί

2187 1854 2218 1868 ο
2250 1808 2290 1862 Β
2319 1826 2754 1898 ἐγγαστριμύθου
2799 1826 3086 1897 λεγόμενος
3124 1827 3375 1898 ἀνῆχθαι,
3422 1826 3485 1879 τά
3534 1827 3583 1880 δὲ
3616 1826 3701 1880 ὑπὸ
3732 1826 3797 1879 τοῦ

657 1918 949 1988 quisitione
994 1918 1303 1973 clanculum
1357 1917 1675 1985 odorantur,
1724 1933 1955 1988 moxque
1998 1917 2215 1974 easdem

656 2007 810 2078 quasi
862 2022 927 2063 ex
970 2008 1266 2079 improviso
1312 2015 1569 2064 canentes
1613 2007 1898 2064 confestim
1944 2008 2216 2065 auditores

658 2100 709 2153 in
755 2107 1031 2169 stuporem
1073 2101 1327 2171 rapiunt,
1363 2099 1540 2169 iisque
1576 2100 1630 2154 in
1668 2099 1874 2156 futilem
1910 2102 2216 2171 opinionem

656 2190 922 2256 inductis,
965 2190 1033 2245 de
1080 2190 1280 2246 futuris
1335 2204 1432 2260 pro
1479 2189 1706 2246 libidine
1744 2190 2109 2259 mentiuntur;
2138 2190 2219 2245 sic

654 2290 710 2338 et
752 2282 1162 2353 engastrimytbi
1210 2290 1482 2353 spectrum
1529 2297 1668 2337 nova
1716 2282 1889 2337 forma
1937 2282 2217 2337 inductum

655 2370 969 2442 prophetica
1033 2369 1303 2426 Samuelis
1357 2371 1604 2426 enuntiat
1647 2372 1904 2435 oracula.
1965 2371 2220 2441 opinione

653 2475 784 2518 vero
823 2461 1132 2527 vaticinari,
1162 2476 1287 2516 cum
1329 2461 1465 2516 nihil
1518 2477 1615 2532 pro
1649 2469 1925 2533 comperto
1966 2462 2215 2527 haberet,

663 2552 981 2615 videbatur,
1032 2552 1225 2608 alienis
1267 2552 1433 2607 veluti
1477 2554 1714 2624 prapriis
1757 2552 2062 2624 praepositis
2099 2554 2219 2607 exi-

664 2644 861 2699 tiosum
909 2642 1057 2697 illum
1103 2643 1466 2712 perterrebat,
1516 2644 1624 2698 illis
1682 2643 1942 2698 facillimo
1999 2645 2221 2715 negotio

654 2733 775 2803 ejus
817 2740 1051 2790 mentem
1100 2743 1369 2804 arreptam
1418 2735 1847 2804 depraedabatur.
1878 2735 2019 2803 Quid
2050 2736 2215 2808 igitur

656 2823 802 2878 aliud
854 2825 939 2880 his
991 2841 1261 2880 annexum
1311 2826 1427 2880 est?
1478 2824 1543 2879 Et
1582 2835 1674 2891 ιιι,
1713 2826 1926 2897 inquit,
1971 2844 2126 2891 cras,
2171 2837 2222 2881 et

656 2916 800 2984 [ilius
830 2926 951 2971 tuus
993 2915 1262 2973 Jonathau
1293 2934 1511 2973 mecum.
1549 2915 1617 2970 Et
1647 2926 1824 2973 castra
1862 2917 2035 2973 Israel
2075 2918 2222 2974 dabit

656 3005 914 3061 Dominus
947 3008 998 3061 in
1031 3025 1217 3063 manus
1247 3008 1661 3079 alienigenarum
1692 3009 1755 3065 “.
1784 3007 1890 3065 Sed
1918 3010 2033 3065 haec
2058 3025 2223 3081 porro

655 3096 863 3153 dromon
894 3113 958 3152 ac
984 3100 1028 3155 si
1054 3101 1269 3170 prapria
1297 3109 1481 3155 essent
1508 3101 1806 3156 asserebat.

2317 1919 2570 1990 Σαμουὴλ
2611 1918 2874 1991 εἰρημένα
2914 1918 3196 1990 πρότερον,
3245 1918 3319 1983 ὡς
3363 1918 3463 1972 ἴδια
3496 1920 3583 1989 μὲν
3620 1918 3801 1989 ἐσχημά-

2317 2011 2429 2075 τιςε
2457 2010 2882 2082 προσωποποιῶν
2913 2010 3117 2081 ἀπάτῃ,
3132 2009 3329 2082 πιθανῇ
3344 2010 3397 2063 δέ
3412 2009 3678 2081 τεχνοποιίᾳ
3700 2024 3797 2060 ταυο

2317 2100 2572 2169 τολογῶν,
2605 2100 2930 2171 ὑπεκρίνατο
2969 2100 3033 2171 δὴ
3085 2100 3429 2172 προφητικῶς
3474 2099 3669 2169 ὁμιλεῖν.
3698 2095 3788 2149 Ἀλλ

2319 2187 2503 2262 ὥσπερ
2550 2190 2783 2261 ἀγύρται
2827 2188 3049 2260 μάντεις
3092 2190 3183 2243 ἐπὶ
3232 2189 3492 2242 πλουσίων
3533 2189 3648 2242 ἱέναι
3676 2185 3800 2258 θύρας

2320 2280 2681 2350 ἐπειγόμενοι,
2739 2279 2807 2333 τὰ
2860 2280 2959 2350 μὲν
3009 2279 3110 2351 ήδη
3167 2279 3559 2352 παροδεύσαντα
3613 2276 3691 2330 τοῦ
3717 2276 3800 2346 βίον

2320 2369 2616 2439 πράγματα
2658 2367 3151 2431 πολυπευστούντες
3195 2367 3522 2438 ἀνιχνεύουσι
3552 2365 3801 2436 λεληθότως,

2320 2462 2459 2515 αύτά
2493 2462 2551 2515 δὲ
2578 2462 2643 2514 τά
2673 2460 2776 2533 πρὸ
2805 2459 2998 2513 πολλοῦ
3025 2460 3287 2530 γεγονότα
3314 2461 3483 2530 λέγειν
3522 2456 3802 2528 αὐτοσχεδίως

2322 2552 2726 2624 ύπονοούμενοι,
2778 2553 3119 2624 παραχρῆμα
3183 2553 3282 2623 μὲν
3343 2552 3663 2621 ἐκπλήττουσι
3712 2547 3802 2607 τοὺς

2322 2648 2635 2717 αύτηκόους,
2669 2649 2752 2708 είς
2790 2646 2953 2719 εὐήθη
2991 2645 3048 2699 δέ
3082 2646 3265 2700 πίστιν
3302 2647 3489 2709 αὐτοὺς
3521 2643 3800 2713 ἀπαγόμενοι,

2322 2740 2447 2811 περὶ
2472 2738 2576 2791 τῶν
2596 2738 2892 2809 μελλόντων
2915 2737 3057 2810 ἅπερ
3094 2738 3337 2792 ἐθέλουσι
3357 2738 3660 2793 πλάττουσιν
3677 2731 3804 2791 οὕτως

2322 2830 2428 2903 ἀρα
2470 2830 2563 2883 καὶ
2609 2830 2669 2882 τὸ
2709 2828 2810 2897 τῆς
2853 2828 3295 2900 ἐγγαστριμύθου
3361 2830 3540 2899 φάσμα
3593 2838 3805 2897 μεταμορο

2324 2921 2608 2992 φούμενον,
2662 2918 2802 2973 αύτά
2855 2920 2952 2990 μὲν
2999 2918 3294 2992 ἐξηγόρευε
3344 2921 3410 2973 τὰ
3456 2913 3712 2992 προφητικά
3730 2908 3804 2964 τοῦ

2324 3010 2575 3082 Σαμουὴλ
2613 3008 3044 3080 ἀποφθέγματα,
3093 3008 3171 3080 τῷ
3207 3010 3265 3064 δὲ
3305 3011 3476 3064 δοκεῖν
3502 3006 3618 3079 ῷετο
3647 3016 3807 3074 προφη-

2323 3102 2519 3164 τεύειν,
2536 3099 2683 3153 οὐδὲν
2700 3098 3061 3170 ἐπιστάμενος
3078 3096 3219 3172 (υ)-
3240 3100 3373 3154 ἀλλά
3401 3099 3467 3153 τά
3509 3098 3594 3170 μὲν
3609 3091 3806 3161 ἀλλότρια

657 3186 989 3260 προῦταττεν
1026 3192 1101 3256 ὠς
1140 3193 1275 3257 ῐδια,
1310 3192 1403 3245 καὶ
1442 3192 1777 3263 κατέπληττε
1805 3192 1894 3246 τὸν
1919 3193 2209 3265 ἀλάστορα,
2255 3193 2342 3246 διά
2375 3192 2432 3245 δὲ
2466 3192 2669 3248 τούτων
2699 3189 2936 3263 εὐχερῶς
2974 3189 3220 3245 ὑπεσύλα
3263 3196 3356 3248 καὶ
3392 3194 3477 3248 τὸν
3535 3188 3643 3245 νοῦν
3691 3183 3806 3238 ἐκλε-

660 3297 791 3335 πτεν
835 3280 1060 3336 ἐκείνου.
1108 3283 1172 3335 Τί
1214 3278 1305 3337 οὖν
1340 3282 1467 3336 ἀλλο
1509 3283 1648 3354 μετά
1683 3283 1856 3339 ταῦτα
1887 3285 2219 3356 προσετέθη;
2258 3285 2369 3339 Καὶ
2402 3286 2505 3353 σὺ,
2540 3285 2725 3357 φησὶν,
2781 3284 3008 3353 αὔριον,
3043 3286 3139 3338 καί
3182 3288 3218 3339 ό
3272 3287 3400 3352 υἱός
3442 3301 3549 3339 σου
3596 3275 3807 3334 Ἰωνάθην

659 3372 785 3443 μετ’
816 3373 962 3443 ἐμοῦ
999 3391 1013 3406 °
1072 3375 1171 3429 καὶ
1211 3377 1324 3444 τὴν
1370 3376 1751 3446 παρεμϐολὴν
1810 3376 2048 3447 Ἰσραὴλ
2093 3376 2273 3433 δώσει
2324 3381 2542 3448 Κύριος
2582 3382 2669 3445 είς
2701 3378 2902 3448 χεῇοας
2938 3376 3323 3444 ἀλλοφύλων.
3381 3374 3532 3430 una
3566 3370 3710 3426 ταῦτα
3739 3366 3811 3436 μὲν

660 3466 823 3535 ἐῴκει
855 3465 1033 3533 λέγειν
1063 3466 1092 3518 ὁ
1121 3466 1328 3536 δαίμων
1360 3467 1436 3530 ὡς
1466 3467 1593 3521 ίδια.

741 3552 877 3612 XIII.
928 3555 1087 3613 Prius
1135 3565 1313 3614 autem
1356 3559 1488 3613 illud
1525 3558 1962 3615 discutiendum:
1993 3573 2218 3625 verane,
2246 3563 2293 3626 ο

2201 3598 2218 3625 ,
2246 3563 2293 3626 c
2390 3556 2529 3609 XIII.
2571 3554 2841 3626 Ζητητέον
2885 3553 2943 3607 δέ
2992 3552 3215 3624 πότερον
3250 3551 3419 3623 ἀληθῆ
3462 3544 3810 3622 προῦλεγεν,ὼς

660 3648 739 3702 uti
769 3649 885 3717 ipse
912 3647 1279 3712 existimabat,
1313 3649 1672 3719 praedicebat;
1696 3657 1750 3706 et
1785 3659 1970 3705 utrum
1994 3650 2219 3706 consul-

664 3752 737 3803 te.
777 3757 846 3795 au
876 3756 1005 3795 vero
1045 3756 1176 3796 casu
1215 3752 1267 3798 et
1300 3744 1525 3799 fortuito
1557 3745 1911 3812 enuntiabat;
1940 3752 2220 3814 praeterea,

664 3848 734 3888 an
768 3831 1055 3903 praesagire
1081 3832 1261 3903 aliqua
1302 3836 1495 3904 possit.
1541 3834 1781 3890 Primum
1820 3836 2060 3905 quidem,
2087 3833 2227 3889 Sau-

660 3922 767 3981 Iem
821 3923 906 3979 die
953 3925 1201 3994 sequenti
1251 3935 1585 3996 peremptum
1631 3924 1821 3993 fuisse,
1852 3933 1914 3980 ut
1947 3934 2223 3996 spectrum

663 4016 990 4082 allirmabat,
1019 4032 1130 4071 non
1159 4024 1402 4088 apparet.
1433 4015 1641 4086 Quippe
1686 4017 1732 4073 si
1777 4032 2029 4073 sermone
2060 4033 2220 4073 exce-

664 4116 782 4180 pto,
813 4122 1048 4164 maerore
1080 4109 1478 4176 invalescente,
1512 4123 1623 4164 non
1649 4109 1884 4163 comedit
1916 4123 2107 4179 panem
2141 4117 2218 4164 to-

661 4208 720 4255 to
737 4201 825 4256 die
852 4209 906 4255 et
925 4207 1039 4255 tota
1063 4210 1223 4256 nocte
1249 4202 1339 4255 illa
1357 4242 1371 4265 ,
1390 4210 1449 4256 ut
1477 4200 1674 4255 divinze
1702 4207 1974 4256 testantur
2003 4200 2218 4269 litterae;

662 4299 785 4363 post
816 4292 929 4347 huic
963 4292 1156 4347 iterum
1195 4293 1392 4348 mulier
1428 4290 1745 4347 adhortatur
1772 4291 2131 4363 admonetque
2162 4298 2223 4346 ut

662 4383 841 4439 cibum
877 4391 1250 4455 praegustaret,
1273 4396 1397 4437 cum
1425 4384 1529 4437 iter
1543 4382 1761 4455 aggredi
1782 4382 2002 4438 deberet
2019 4400 2034 4450 ;
2052 4383 2223 4437 mani-

664 4473 861 4528 festum
891 4480 997 4538 est,
1027 4473 1197 4531 altera
1237 4472 1447 4527 scilicet
1475 4471 1561 4528 die
1609 4480 1733 4543 post
1781 4471 2041 4527 diurnum
2088 4471 2220 4526 illud

663 4573 1103 4634 nocturnumque
1131 4571 1452 4634 perpetuum
1478 4562 1892 4633 jejunium,ipsi
1923 4563 2070 4618 humi
2094 4578 2222 4633 pro-

661 4659 832 4707 strato
862 4652 1202 4723 persuasisse
1252 4659 1313 4705 ut
1343 4652 1593 4721 expedite
1645 4659 1974 4723 assurgeret,
2019 4652 2219 4708 decen-

660 4742 880 4811 tiusque
924 4743 1137 4799 sederet
1189 4743 1243 4796 in
1286 4758 1512 4798 scamno
1547 4762 1559 4799 :
1605 4745 1835 4799 vitulum
1890 4759 2018 4800 vero
2057 4760 2217 4816 quem

663 4834 901 4892 habebat
918 4837 1235 4891 subrumum
1266 4843 1511 4907 prompte
1531 4842 1806 4906 arreptum
1833 4837 2221 4902 occidit,obso-

2322 3646 2487 3718 ᾤετο·
2529 3646 2622 3699 καὶ
2669 3645 2893 3716 πότερον
2945 3644 3053 3698 ἀπὸ
3100 3644 3291 3715 στόχου
3332 3644 3405 3714 (5)
3439 3643 3530 3697 καί
3578 3636 3810 3709 συγκυρίας

2323 3736 2653 3807 ἀπήγγειλεν
2673 3753 2686 3766 ·
2723 3737 2814 3789 καὶ
2844 3735 2977 3807 πρὸς
3019 3737 3110 3789 ἐπὶ
3136 3736 3347 3800 τούτοις
3396 3738 3443 3789 εί
3482 3731 3811 3806 προεγνωκέναι

2323 3830 2553 3899 ήδύνατό
2583 3846 2722 3883 τινα.
2753 3827 2972 3900 Πρῶτον
3017 3827 3115 3898 μέν
3148 3824 3244 3882 οὖν
3280 3828 3339 3881 ού
3380 3826 3610 3897 φαίνεται
3640 3826 3694 3893 τῇ
3720 3819 3812 3887 ἑξῆς

2322 3921 2503 3992 ἡμέρᾳ
2549 3920 2860 3990 διαφθαρεὶς
2898 3919 2928 3970 ὁ
2961 3918 3164 3981 Σαοὺλ,
3208 3919 3288 3982 ὡς
3337 3918 3533 3986 ἔφασκε
3570 3914 3626 3967 τὸ
3669 3911 3814 3982 φάσμα

2323 4012 2686 4082 φθεγγόμενον
2705 4029 2718 4041 ·
2768 4014 2816 4065 εί
2864 4011 2971 4082 γὰρ
3001 4009 3238 4074 ἀκούσας
3277 4010 3383 4064 τῶν
3431 4008 3610 4077 λόγων,
3654 4007 3707 4057 ἐκ
3741 3999 3813 4068 τῆς

2321 4104 2460 4172 ἀγαν
2485 4102 2721 4173 ἀθυμίας
2744 4103 2843 4155 οὐκ
2864 4101 3062 4171 ἔφαγεν
3088 4101 3251 4173 ἄρτον
3275 4100 3401 4171 ὃλην
3427 4100 3522 4169 τὴν
3546 4095 3725 4168 ἡμέραν
3747 4087 3814 4143 καὶ

2321 4194 2446 4264 ὃλην
2497 4194 2593 4265 τὴν
2621 4192 2812 4256 νύκτα,
2863 4194 3045 4265 φησὶν,
3092 4191 3339 4262 ἐκείνην,
3375 4191 3509 4261 ὠςή
3551 4186 3653 4241 θεία
3680 4184 3816 4248 διαγο-

2323 4285 2471 4360 ρεύει
2516 4286 2555 4337 Γ
2560 4283 2726 4357 ραφὴ,
2792 4282 2929 4357 μετά
2968 4282 3023 4336 δέ
3063 4282 3220 4335 τοῦτο
3266 4279 3591 4354 παραινοῦσα
3619 4273 3749 4330 πάλιν
3776 4269 3814 4360 *ἡ

2320 4356 2456 4446 γυνὴ
2478 4356 2816 4446 προύτρεπεν
2843 4374 3040 4443 ἐδωδῆς
3065 4371 3325 4441 ἀψασθαι,
3356 4366 3690 4443 προκειμένης
3708 4356 3811 4414 ὁδοῦ⁵

2323 4467 2605 4540 πρόδηλον,
2642 4468 2725 4520 ὃτι
2756 4470 2820 4539 τῇ
2848 4465 3075 4536 δευτέρᾳ
3094 4464 3359 4535 δήπουθεν
3384 4463 3576 4534 ἡμέρᾳ,
3606 4454 3722 4530 μετὰ
3743 4450 3816 4519 τὴν

2322 4558 2620 4613 πάννυκτον
2641 4559 2734 4613 καὶ
2759 4559 3074 4630 πανήμερον
3100 4556 3314 4624 ἐκείνην
3329 4553 3551 4616 ἀσιτίαν,
3574 4550 3728 4602 ἔπεισε
3745 4541 3818 4613 μὲν

2321 4649 2502 4712 αὐτὸν,
2533 4651 2613 4714 είς
2653 4648 2909 4718 τοῦδαφος
2946 4646 3273 4719 ἐρριμμένον
3304 4645 3554 4708 ἐκλύτως,
3576 4634 3816 4705 ἀναστῆναι

2322 4742 2413 4794 καὶ
2442 4740 2766 4810 καθεσθῆναι
2799 4737 3165 4809 κοσμιώτερον
3210 4736 3302 4791 ἐπὶ
3333 4735 3426 4790 τοῦ
3462 4735 3656 4805 δίφρου·
3696 4725 3746 4780 τὸ
3776 4721 3818 4775 δὲ

2324 4835 2643 4907 μοσχάριον,
2676 4834 2811 4906 ὅπερ
2851 4829 2962 4903 εἶχε
3003 4831 3327 4903 γαλαθηνὸν,
3366 4827 3587 4902 ἀμελητὶ
3626 4815 3815 4876 λαϐοῦσα

665 4926 756 4981 nia
794 4926 922 4982 item
953 4927 1233 4983 instruens
1260 4935 1312 4982 et
1346 4942 1571 4998 azymos
1599 4928 1855 4999 subigens
1871 4928 2053 4983 edulia
2082 4943 2221 4998 prae—
2251 4914 2276 4970 ί

2200 4959 2221 4971 -
2251 4914 2295 4970 Ι)
2323 4925 2547 4995 σφάττει
2568 4941 2581 4956 ο
2613 4924 2937 4995 ὀψοποιοῦσα
2960 4924 3017 4977 δέ
3041 4923 3134 4978 καὶ
3158 4923 3427 4977 πέττουσα
3461 4921 3579 4982 τοὺς
3601 4914 3811 4999 ἀζήμονςμι

659 5018 893 5090 paravit,
928 5034 1047 5089 quae
1084 5018 1179 5075 ubi
1220 5018 1312 5072 illa
1356 5018 1560 5089 optime
1590 5019 1809 5076 condita
1837 5021 2218 5091 instructaque

661 5110 775 5182 regi
803 5118 859 5166 et
894 5110 1014 5180 ejus
1049 5110 1316 5168 ministris
1346 5112 1665 5177 obtulisset,
1700 5127 1796 5168 rex
1837 5111 2217 5168 admonitioni—

666 5200 769 5256 bus
793 5199 1049 5256 delinitus
1075 5199 1259 5256 cibum
1282 5202 1515 5271 sumpsit
1543 5221 1556 5257 :
1594 5216 1819 5258 necesse
1855 5209 1941 5257 est
1964 5201 2136 5264 illum,
2171 5201 2219 5257 si

665 5297 827 5347 nocte
854 5292 1002 5347 illinc
1036 5308 1096 5349 se
1129 5292 1277 5348 foras
1317 5295 1607 5365 proripuit,
1653 5293 1778 5349 aliis
1812 5293 2092 5349 nocturnis
2117 5293 2222 5347 bo-

664 5384 743 5439 ris
761 5384 819 5438 in
842 5399 995 5439 suam
1020 5399 1080 5441 se
1110 5385 1403 5441 stationem
1434 5386 1724 5457 recepisse.
1762 5384 1838 5440 Ita
1873 5393 1932 5440 ut
1959 5384 2073 5455 jam
2102 5400 2218 5438 ma-

2322 4994 2901 5089 ηύτρέπιζενέδωδάς’
2935 5016 3122 5088 ἐπειδὴ
3156 5014 3211 5068 δὲ
3250 5013 3572 5087 προσέφερεν
3594 5003 3721 5074 αὐτῷ
3742 4994 3813 5089 καὶ

2320 5113 2434 5173 τοῖς
2474 5110 2620 5184 ἀμφ’
2652 5110 2812 5164 αὐτὸν
2853 5109 3315 5181 ἀριστοποιήσασα
3349 5101 3654 5162 σπουδαίως,
3687 5095 3712 5147 ὁ

2322 5200 2507 5254 αὐτόθι
2540 5181 2719 5255 σιτίων
2748 5200 2967 5254 ἐλάϐετο
2997 5197 3358 5270 προτραπείς·
3391 5195 3590 5262 ἀνάγκη
3614 5188 3663 5241 δὲ
3692 5181 3816 5238 voti“:

2321 5292 2397 5355 ὡς
2426 5293 2505 5354 είς
2534 5290 2698 5354 ἀλλας
2724 5290 2948 5361 ἀφίκετο
2979 5288 3286 5361 νυκτερίους
3313 5284 3458 5358 ὥρας
3477 5323 3492 5348 ,
3519 5282 3663 5350 ειπερ
3686 5272 3820 5343 ᾤχετο

2323 5379 2513 5443 νυκτὸς
2539 5380 2742 5434 ἐκεῖθεν
2784 5378 3104 5451 ἐξορμήσας.
3151 5376 3310 5428 Ὥστε
3338 5370 3489 5428 τοῦτο
3520 5368 3612 5440 μὲν
3646 5362 3820 5416 αὑταιί·

740 5501 785 5532 η
818 5500 850 5556 1
876 5502 997 5573 Reg.
1042 5519 1133 5567 xv,
1161 5503 1250 5558 28.
1330 5501 1412 5555 ⁸⁸1
1441 5501 1698 5572 Reg.xv1,
1735 5503 1820 5558 15.
1898 5504 1940 5535 ⁸³
1978 5500 2006 5556 Ι
2045 5500 2168 5573 Reg.
2199 5517 2389 5565 xxvm,
2429 5502 2513 5557 I9.

735 5586 864 5668 (ς’)Δ
885 5596 1347 5668 ’Earza'tdpsroc;
1353 5595 1515 5653 Forte
1551 5598 1923 5668 ἐπιστάμενον.
1956 5596 2114 5668 Eutr.

668 5661 815 5786 "35)
853 5665 990 5717 Ἀπὸ
1035 5661 1288 5734 στόχου(
1311 5666 1468 5722 Forte
1526 5668 1633 5720 ἀπὸ
1681 5661 2001 5738 στοχασμοῦ.
2058 5664 2222 5736 (Ἀπὸ

763 5748 855 5786 you
906 5734 996 5786 καὶ
1053 5737 1365 5786 συγκυοίαε.
1396 5736 1692 5786 coniectura
1739 5749 1786 5786 et
1822 5754 1948 5786 casu
1981 5737 2214 5786 fortuito.

763 5748 855 5804 κου
890 5734 996 5817 καὶ
1053 5737 1365 5808 συγκυρίας,
1396 5736 1692 5806 conjectura
1739 5734 1948 5793 el'ca'su
1979 5734 2214 5808 fortuito.

2337 5595 2527 5668 Στόχος
2569 5588 2888 5668 vocabulum
2925 5590 3194 5664 poeticum
3249 5593 3365 5653 est;
3426 5580 3563 5638 unde
3590 5574 3816 5637 εὔστοχος,

2324 5665 2562 5737 ἄστοχος.
2591 5665 2745 5721 Eutr.
2767 5675 2788 5744 )
3202 5692 3207 5698 ·
