  <div class='ocr_page' id='page_1' title='image "/cluster/home/n/w/nwhite01/storage/ocr_20150623/18/hvd.32044073501215/330.png"; bbox 0 0 4080 6334; ppageno 0'>
   <div class='ocr_carea' id='block_1_1' title="bbox 285 299 380 354">
    <p class='ocr_par' dir='ltr' id='par_1_1' title="bbox 285 299 380 354">
     <span class='ocr_line' id='line_1_1' title="bbox 285 299 380 354; baseline -0.021 0"><span class='ocrx_word' id='word_1_1' title='bbox 285 299 380 354; x_wconf 69' lang='grc'><strong>641</strong></span> 
     </span>
    </p>
   </div>
   <div class='ocr_carea' id='block_1_2' title="bbox 1162 295 2586 358">
    <p class='ocr_par' dir='ltr' id='par_1_2' title="bbox 1162 295 2586 358">
     <span class='ocr_line' id='line_1_2' title="bbox 1162 295 2586 358; baseline 0 -1"><span class='ocrx_word' id='word_1_2' title='bbox 1162 303 1246 357; x_wconf 86' lang='lat' dir='ltr'><strong>DE</strong></span> <span class='ocrx_word' id='word_1_3' title='bbox 1274 295 1860 357; x_wconf 74' lang='lat' dir='ltr'><strong>ENGASTRIMYTHO</strong></span> <span class='ocrx_word' id='word_1_4' title='bbox 1900 298 2176 355; x_wconf 75' lang='lat' dir='ltr'><strong>CONTRA</strong></span> <span class='ocrx_word' id='word_1_5' title='bbox 2215 299 2586 358; x_wconf 77' lang='lat' dir='ltr'><strong>ORIGENEM.</strong></span> 
     </span>
    </p>
   </div>
   <div class='ocr_carea' id='block_1_3' title="bbox 3399 311 3505 367">
    <p class='ocr_par' dir='ltr' id='par_1_3' title="bbox 3399 311 3505 367">
     <span class='ocr_line' id='line_1_3' title="bbox 3399 311 3505 367; baseline 0.009 -1"><span class='ocrx_word' id='word_1_6' title='bbox 3399 311 3505 367; x_wconf 56' lang='lat'><strong>632</strong></span> 
     </span>
    </p>
   </div>
   <div class='ocr_carea' id='block_1_4' title="bbox 276 416 1833 494">
    <p class='ocr_par' dir='ltr' id='par_1_4' title="bbox 276 416 1833 493">
     <span class='ocr_line' id='line_1_4' title="bbox 276 416 1833 493; baseline 0.007 -24"><span class='ocrx_word' id='word_1_7' title='bbox 276 417 385 480; x_wconf 83' lang='grc' dir='ltr'>λῶς</span> <span class='ocrx_word' id='word_1_8' title='bbox 437 416 720 488; x_wconf 73' lang='grc' dir='ltr'><strong>ἐλέγχεται</strong></span> <span class='ocrx_word' id='word_1_9' title='bbox 765 416 1102 491; x_wconf 75' lang='grc' dir='ltr'>ψευσάμενος</span> <span class='ocrx_word' id='word_1_10' title='bbox 1153 423 1181 473; x_wconf 99' lang='lat'><strong>6</strong></span> <span class='ocrx_word' id='word_1_11' title='bbox 1240 422 1473 493; x_wconf 87' lang='grc' dir='ltr'>δαίμων·</span> <span class='ocrx_word' id='word_1_12' title='bbox 1522 423 1580 475; x_wconf 85' lang='grc' dir='ltr'><strong>ού</strong></span> <span class='ocrx_word' id='word_1_13' title='bbox 1622 419 1727 491; x_wconf 78' lang='grc' dir='ltr'>γὰρ</span> <span class='ocrx_word' id='word_1_14' title='bbox 1776 418 1833 480; x_wconf 70' lang='grc' dir='ltr'><strong>ὡς</strong></span> 
     </span>
    </p>
   </div>
   <div class='ocr_carea' id='block_1_5' title="bbox 1938 416 3506 494">
    <p class='ocr_par' dir='ltr' id='par_1_5' title="bbox 1954 417 3506 494">
     <span class='ocr_line' id='line_1_5' title="bbox 1954 417 3506 494; baseline 0.008 -24"><span class='ocrx_word' id='word_1_15' title='bbox 1954 417 2148 474; x_wconf 84' lang='lat' dir='ltr'><strong>nil&#39;esto</strong></span> <span class='ocrx_word' id='word_1_16' title='bbox 2173 420 2334 475; x_wconf 90' lang='lat' dir='ltr'><strong>modo</strong></span> <span class='ocrx_word' id='word_1_17' title='bbox 2359 419 2626 474; x_wconf 81' lang='lat' dir='ltr'><strong>mendacii</strong></span> <span class='ocrx_word' id='word_1_18' title='bbox 2656 419 2864 477; x_wconf 60' lang='lat' dir='ltr'><strong>damon</strong></span> <span class='ocrx_word' id='word_1_19' title='bbox 2913 423 3368 494; x_wconf 74' lang='lat' dir='ltr'><strong>deprehendatur.</strong></span> <span class='ocrx_word' id='word_1_20' title='bbox 3401 426 3506 483; x_wconf 82' lang='lat' dir='ltr'><strong>Ne-</strong></span> 
     </span>
    </p>
   </div>
   <div class='ocr_carea' id='block_1_6' title="bbox 277 505 1842 583">
    <p class='ocr_par' dir='ltr' id='par_1_6' title="bbox 277 505 1842 583">
     <span class='ocr_line' id='line_1_6' title="bbox 277 505 1842 583; baseline 0.002 -20"><span class='ocrx_word' id='word_1_21' title='bbox 277 505 450 572; x_wconf 76' lang='grc' dir='ltr'>εῖπεν,</span> <span class='ocrx_word' id='word_1_22' title='bbox 490 510 709 577; x_wconf 77' lang='grc' dir='ltr'>Αὔριον</span> <span class='ocrx_word' id='word_1_23' title='bbox 753 511 869 577; x_wconf 77' lang='grc' dir='ltr'><strong>ἔσῃ</strong></span> <span class='ocrx_word' id='word_1_24' title='bbox 915 511 994 564; x_wconf 85' lang='grc' dir='ltr'>σὺ</span> <span class='ocrx_word' id='word_1_25' title='bbox 1031 515 1156 581; x_wconf 77' lang='grc' dir='ltr'>μετ’</span> <span class='ocrx_word' id='word_1_26' title='bbox 1195 513 1368 582; x_wconf 80' lang='grc' dir='ltr'>ἐμοῦ,</span> <span class='ocrx_word' id='word_1_27' title='bbox 1399 515 1618 583; x_wconf 87' lang='grc' dir='ltr'>γέγονεν</span> <span class='ocrx_word' id='word_1_28' title='bbox 1651 513 1842 578; x_wconf 81' lang='grc' dir='ltr'>οὕτως,</span> 
     </span>
    </p>
   </div>
   <div class='ocr_carea' id='block_1_7' title="bbox 275 601 1840 677">
    <p class='ocr_par' dir='ltr' id='par_1_7' title="bbox 275 601 1840 677">
     <span class='ocr_line' id='line_1_7' title="bbox 275 601 1840 677; baseline 0.001 -20"><span class='ocrx_word' id='word_1_29' title='bbox 275 602 517 672; x_wconf 81' lang='grc' dir='ltr'>ὁπηνίκα</span> <span class='ocrx_word' id='word_1_30' title='bbox 539 602 634 672; x_wconf 83' lang='grc' dir='ltr'>τὴν</span> <span class='ocrx_word' id='word_1_31' title='bbox 673 601 800 672; x_wconf 79' lang='grc' dir='ltr'><strong>ἑξῆς</strong></span> <span class='ocrx_word' id='word_1_32' title='bbox 831 604 1024 657; x_wconf 71' lang='grc' dir='ltr'>αὐτόσε</span> <span class='ocrx_word' id='word_1_33' title='bbox 1068 604 1333 674; x_wconf 65' lang='grc' dir='ltr'>διέτριψεν</span> <span class='ocrx_word' id='word_1_34' title='bbox 1374 605 1582 677; x_wconf 76' lang='grc' dir='ltr'>ἡμέραν</span> <span class='ocrx_word' id='word_1_35' title='bbox 1628 607 1840 671; x_wconf 78' lang='grc' dir='ltr'>ἄσιτος·</span> 
     </span>
    </p>
   </div>
   <div class='ocr_carea' id='block_1_8' title="bbox 277 689 1844 765">
    <p class='ocr_par' dir='ltr' id='par_1_8' title="bbox 277 689 1844 765">
     <span class='ocr_line' id='line_1_8' title="bbox 277 689 1844 765; baseline 0.003 -20"><span class='ocrx_word' id='word_1_36' title='bbox 277 689 393 746; x_wconf 79' lang='grc' dir='ltr'>εἶτα</span> <span class='ocrx_word' id='word_1_37' title='bbox 421 695 487 762; x_wconf 79' lang='grc' dir='ltr'>τῇ</span> <span class='ocrx_word' id='word_1_38' title='bbox 515 692 741 764; x_wconf 67' lang='grc' dir='ltr'>δευτέρα</span> <span class='ocrx_word' id='word_1_39' title='bbox 767 693 864 763; x_wconf 79' lang='grc' dir='ltr'>τῆς</span> <span class='ocrx_word' id='word_1_40' title='bbox 889 693 1084 764; x_wconf 78' lang='grc' dir='ltr'><em>ἐδωδῆς</em></span> <span class='ocrx_word' id='word_1_41' title='bbox 1110 695 1378 765; x_wconf 69' lang='grc' dir='ltr'>ἁψάμενος</span> <span class='ocrx_word' id='word_1_42' title='bbox 1409 694 1649 759; x_wconf 77' lang='grc' dir='ltr'>ἐϐάδιζεν</span> <span class='ocrx_word' id='word_1_43' title='bbox 1680 698 1757 758; x_wconf 83' lang='grc' dir='ltr'><strong>είς</strong></span> <span class='ocrx_word' id='word_1_44' title='bbox 1784 697 1844 749; x_wconf 80' lang='grc' dir='ltr'>τὸ</span> 
     </span>
    </p>
   </div>
   <div class='ocr_carea' id='block_1_9' title="bbox 278 783 1844 859">
    <p class='ocr_par' dir='ltr' id='par_1_9' title="bbox 278 783 1844 859">
     <span class='ocr_line' id='line_1_9' title="bbox 278 783 1844 859; baseline 0.002 -22"><span class='ocrx_word' id='word_1_45' title='bbox 278 783 661 854; x_wconf 87' lang='grc' dir='ltr'>στρατόπεδον.</span> <span class='ocrx_word' id='word_1_46' title='bbox 693 783 826 852; x_wconf 72' lang='grc' dir='ltr'><strong>Οὐχὶ</strong></span> <span class='ocrx_word' id='word_1_47' title='bbox 857 783 912 836; x_wconf 80' lang='grc' dir='ltr'>δὲ</span> <span class='ocrx_word' id='word_1_48' title='bbox 938 784 1092 836; x_wconf 85' lang='grc' dir='ltr'>τοῦτο</span> <span class='ocrx_word' id='word_1_49' title='bbox 1127 785 1280 856; x_wconf 81' lang='grc' dir='ltr'>μόνον</span> <span class='ocrx_word' id='word_1_50' title='bbox 1307 787 1582 841; x_wconf 73' lang='grc' dir='ltr'><strong>ἁλίσκεται</strong></span> <span class='ocrx_word' id='word_1_51' title='bbox 1612 788 1758 859; x_wconf 87' lang='grc' dir='ltr'><strong>παρά</strong></span> <span class='ocrx_word' id='word_1_52' title='bbox 1783 789 1844 841; x_wconf 84' lang='grc' dir='ltr'>τὸ</span> 
     </span>
    </p>
   </div>
   <div class='ocr_carea' id='block_1_10' title="bbox 275 876 1841 952">
    <p class='ocr_par' dir='ltr' id='par_1_10' title="bbox 275 876 1841 952">
     <span class='ocr_line' id='line_1_10' title="bbox 275 876 1841 952; baseline 0.003 -23"><span class='ocrx_word' id='word_1_53' title='bbox 275 876 501 946; x_wconf 73' lang='grc' dir='ltr'>γεγονὸς</span> <span class='ocrx_word' id='word_1_54' title='bbox 537 876 793 948; x_wconf 79' lang='grc' dir='ltr'>εἰρηκὼς,</span> <span class='ocrx_word' id='word_1_55' title='bbox 827 877 961 932; x_wconf 86' lang='grc' dir='ltr'><strong>ἀλλά</strong></span> <span class='ocrx_word' id='word_1_56' title='bbox 988 879 1080 930; x_wconf 70' lang='grc' dir='ltr'><strong>καὶ</strong></span> <span class='ocrx_word' id='word_1_57' title='bbox 1119 880 1207 931; x_wconf 78' lang='grc' dir='ltr'>τὸν</span> <span class='ocrx_word' id='word_1_58' title='bbox 1251 881 1498 934; x_wconf 82' lang='grc' dir='ltr'>Ἰωνάθαν</span> <span class='ocrx_word' id='word_1_59' title='bbox 1529 881 1630 951; x_wconf 77' lang='grc' dir='ltr'>ἔφη</span> <span class='ocrx_word' id='word_1_60' title='bbox 1669 882 1841 952; x_wconf 81' lang='grc' dir='ltr'>μονώ-</span> 
     </span>
    </p>
   </div>
   <div class='ocr_carea' id='block_1_11' title="bbox 277 967 1841 1041">
    <p class='ocr_par' dir='ltr' id='par_1_11' title="bbox 277 967 1841 1041">
     <span class='ocr_line' id='line_1_11' title="bbox 277 967 1841 1041; baseline 0.003 -20"><span class='ocrx_word' id='word_1_61' title='bbox 277 984 442 1021; x_wconf 84' lang='grc' dir='ltr'>τατον</span> <span class='ocrx_word' id='word_1_62' title='bbox 470 967 605 1037; x_wconf 84' lang='grc' dir='ltr'>ὁμοῦ</span> <span class='ocrx_word' id='word_1_63' title='bbox 645 967 722 1037; x_wconf 80' lang='grc' dir='ltr'><strong>τῷ</strong></span> <span class='ocrx_word' id='word_1_64' title='bbox 754 969 919 1040; x_wconf 74' lang='grc' dir='ltr'>πατρὶ</span> <span class='ocrx_word' id='word_1_65' title='bbox 961 969 1256 1040; x_wconf 75' lang='grc' dir='ltr'><strong>καταλῆξαι</strong></span> <span class='ocrx_word' id='word_1_66' title='bbox 1285 972 1419 1041; x_wconf 79' lang='grc' dir='ltr'>πρὸς</span> <span class='ocrx_word' id='word_1_67' title='bbox 1451 972 1607 1024; x_wconf 80' lang='grc' dir='ltr'>αὐτόν</span> <span class='ocrx_word' id='word_1_68' title='bbox 1627 991 1638 1001; x_wconf 92' lang='grc'><strong>·</strong></span> <span class='ocrx_word' id='word_1_69' title='bbox 1683 976 1744 1026; x_wconf 81' lang='grc' dir='ltr'>ὲκ</span> <span class='ocrx_word' id='word_1_70' title='bbox 1785 973 1841 1026; x_wconf 82' lang='grc' dir='ltr'>δὲ</span> 
     </span>
    </p>
   </div>
   <div class='ocr_carea' id='block_1_12' title="bbox 277 1058 1840 1132">
    <p class='ocr_par' dir='ltr' id='par_1_12' title="bbox 277 1058 1840 1132">
     <span class='ocr_line' id='line_1_12' title="bbox 277 1058 1840 1132; baseline 0.003 -21"><span class='ocrx_word' id='word_1_71' title='bbox 277 1058 388 1111; x_wconf 83' lang='grc' dir='ltr'>τῶν</span> <span class='ocrx_word' id='word_1_72' title='bbox 421 1058 679 1112; x_wconf 77' lang='grc' dir='ltr'><strong>ἐναντίων</strong></span> <span class='ocrx_word' id='word_1_73' title='bbox 710 1059 742 1129; x_wconf 90' lang='grc' dir='ltr'><strong>ή</strong></span> <span class='ocrx_word' id='word_1_74' title='bbox 776 1059 1140 1131; x_wconf 81' lang='grc' dir='ltr'>διηγηματικὴ</span> <span class='ocrx_word' id='word_1_75' title='bbox 1173 1059 1262 1112; x_wconf 88' lang='grc' dir='ltr'><strong>τοῦ</strong></span> <span class='ocrx_word' id='word_1_76' title='bbox 1304 1061 1635 1132; x_wconf 86' lang='grc' dir='ltr'>Γράμματος</span> <span class='ocrx_word' id='word_1_77' title='bbox 1661 1063 1840 1131; x_wconf 86' lang='grc' dir='ltr'>διαγο-</span> 
     </span>
    </p>
   </div>
   <div class='ocr_carea' id='block_1_13' title="bbox 282 1149 1839 1223">
    <p class='ocr_par' dir='ltr' id='par_1_13' title="bbox 282 1149 1839 1223">
     <span class='ocr_line' id='line_1_13' title="bbox 282 1149 1839 1223; baseline 0.002 -21"><span class='ocrx_word' id='word_1_78' title='bbox 282 1149 431 1222; x_wconf 86' lang='grc' dir='ltr'>ρεύει</span> <span class='ocrx_word' id='word_1_79' title='bbox 466 1151 640 1220; x_wconf 79' lang='grc' dir='ltr'>φωνὴ,</span> <span class='ocrx_word' id='word_1_80' title='bbox 672 1150 762 1202; x_wconf 83' lang='grc' dir='ltr'><strong>τὸν</strong></span> <span class='ocrx_word' id='word_1_81' title='bbox 793 1151 960 1202; x_wconf 77' lang='grc' dir='ltr'>Σαοὺλ</span> <span class='ocrx_word' id='word_1_82' title='bbox 992 1150 1106 1220; x_wconf 75' lang='grc' dir='ltr'>ἅμα</span> <span class='ocrx_word' id='word_1_83' title='bbox 1135 1153 1308 1223; x_wconf 67' lang='grc' dir='ltr'>τρισὶν</span> <span class='ocrx_word' id='word_1_84' title='bbox 1338 1151 1682 1223; x_wconf 71' lang='grc' dir='ltr'><strong>ἀπεσφάχθαι</strong></span> <span class='ocrx_word' id='word_1_85' title='bbox 1714 1171 1839 1205; x_wconf 86' lang='grc' dir='ltr'>παι-</span> 
     </span>
    </p>
   </div>
   <div class='ocr_carea' id='block_1_14' title="bbox 280 1231 1840 1314">
    <p class='ocr_par' dir='ltr' id='par_1_14' title="bbox 280 1231 1840 1314">
     <span class='ocr_line' id='line_1_14' title="bbox 280 1231 1840 1314; baseline 0.002 -19"><span class='ocrx_word' id='word_1_86' title='bbox 280 1243 385 1303; x_wconf 80' lang='grc' dir='ltr'>σὶν,</span> <span class='ocrx_word' id='word_1_87' title='bbox 436 1241 552 1295; x_wconf 82' lang='grc' dir='ltr'>ἀλλ’</span> <span class='ocrx_word' id='word_1_88' title='bbox 596 1243 693 1312; x_wconf 80' lang='grc' dir='ltr'><strong>οὐχ</strong></span> <span class='ocrx_word' id='word_1_89' title='bbox 726 1243 804 1294; x_wconf 72' lang='grc' dir='ltr'><strong>ἐνὶ</strong></span> <span class='ocrx_word' id='word_1_90' title='bbox 837 1231 1000 1313; x_wconf 69' lang='grc' dir='ltr'>μόνω,</span> <span class='ocrx_word' id='word_1_91' title='bbox 1035 1243 1110 1306; x_wconf 82' lang='grc' dir='ltr'>ὡς</span> <span class='ocrx_word' id='word_1_92' title='bbox 1137 1243 1333 1314; x_wconf 78' lang='grc' dir='ltr'>ἔφησεν</span> <span class='ocrx_word' id='word_1_93' title='bbox 1380 1247 1598 1308; x_wconf 75' lang='grc' dir='ltr'>ἐκεῖνος.</span> <span class='ocrx_word' id='word_1_94' title='bbox 1635 1246 1840 1298; x_wconf 81' lang='grc' dir='ltr'>Οὐκοῦν</span> 
     </span>
    </p>
   </div>
   <div class='ocr_carea' id='block_1_15' title="bbox 275 1333 1834 1408">
    <p class='ocr_par' dir='ltr' id='par_1_15' title="bbox 275 1333 1834 1408">
     <span class='ocr_line' id='line_1_15' title="bbox 275 1333 1834 1408; baseline 0 -20"><span class='ocrx_word' id='word_1_95' title='bbox 275 1333 483 1406; x_wconf 75' lang='grc' dir='ltr'>ἀπορίᾳ</span> <span class='ocrx_word' id='word_1_96' title='bbox 519 1333 875 1405; x_wconf 81' lang='grc' dir='ltr'>προγνώσεως</span> <span class='ocrx_word' id='word_1_97' title='bbox 903 1335 1051 1388; x_wconf 77' lang='grc' dir='ltr'>οὐδὲν</span> <span class='ocrx_word' id='word_1_98' title='bbox 1085 1335 1278 1407; x_wconf 86' lang='grc' dir='ltr'>ἀληθὲς</span> <span class='ocrx_word' id='word_1_99' title='bbox 1311 1337 1517 1400; x_wconf 82' lang='grc' dir='ltr'>ἐξεῖπεν</span> <span class='ocrx_word' id='word_1_100' title='bbox 1543 1339 1570 1390; x_wconf 89' lang='lat'><strong>6</strong></span> <span class='ocrx_word' id='word_1_101' title='bbox 1598 1337 1802 1408; x_wconf 86' lang='grc' dir='ltr'>δαίμων</span> <span class='ocrx_word' id='word_1_102' title='bbox 1822 1355 1834 1367; x_wconf 98' lang='grc'><strong>·</strong></span> 
     </span>
    </p>
   </div>
   <div class='ocr_carea' id='block_1_16' title="bbox 273 1425 1840 1500">
    <p class='ocr_par' dir='ltr' id='par_1_16' title="bbox 273 1425 1840 1500">
     <span class='ocr_line' id='line_1_16' title="bbox 273 1425 1840 1500; baseline 0.001 -22"><span class='ocrx_word' id='word_1_103' title='bbox 273 1425 336 1478; x_wconf 82' lang='grc' dir='ltr'>οὐ</span> <span class='ocrx_word' id='word_1_104' title='bbox 360 1425 472 1495; x_wconf 82' lang='grc' dir='ltr'><strong>γὰρ</strong></span> <span class='ocrx_word' id='word_1_105' title='bbox 509 1425 574 1478; x_wconf 84' lang='grc' dir='ltr'>ἂν</span> <span class='ocrx_word' id='word_1_106' title='bbox 605 1425 816 1478; x_wconf 80' lang='grc' dir='ltr'>ἐναντία</span> <span class='ocrx_word' id='word_1_107' title='bbox 849 1425 955 1477; x_wconf 82' lang='grc' dir='ltr'>τῶν</span> <span class='ocrx_word' id='word_1_108' title='bbox 984 1427 1280 1494; x_wconf 84' lang='grc' dir='ltr'>γεγονότων</span> <span class='ocrx_word' id='word_1_109' title='bbox 1309 1427 1665 1500; x_wconf 81' lang='grc' dir='ltr'>ἀπήγγειλεν·</span> <span class='ocrx_word' id='word_1_110' title='bbox 1706 1427 1840 1481; x_wconf 89' lang='grc' dir='ltr'><strong>ἀλλά</strong></span> 
     </span>
    </p>
   </div>
   <div class='ocr_carea' id='block_1_17' title="bbox 273 1515 1836 1590">
    <p class='ocr_par' dir='ltr' id='par_1_17' title="bbox 273 1515 1836 1590">
     <span class='ocr_line' id='line_1_17' title="bbox 273 1515 1836 1590; baseline 0.002 -21"><span class='ocrx_word' id='word_1_111' title='bbox 273 1515 342 1569; x_wconf 87' lang='grc' dir='ltr'><strong>τά</strong></span> <span class='ocrx_word' id='word_1_112' title='bbox 369 1516 449 1587; x_wconf 80' lang='grc' dir='ltr'><strong>τῷ</strong></span> <span class='ocrx_word' id='word_1_113' title='bbox 491 1515 745 1588; x_wconf 76' lang='grc' dir='ltr'>Σαμουὴλ</span> <span class='ocrx_word' id='word_1_114' title='bbox 784 1518 1045 1587; x_wconf 77' lang='grc' dir='ltr'>εἰρημένα</span> <span class='ocrx_word' id='word_1_115' title='bbox 1082 1517 1362 1590; x_wconf 83' lang='grc' dir='ltr'>πρότερον,</span> <span class='ocrx_word' id='word_1_116' title='bbox 1412 1519 1486 1582; x_wconf 87' lang='grc' dir='ltr'>ὼς</span> <span class='ocrx_word' id='word_1_117' title='bbox 1520 1519 1674 1589; x_wconf 79' lang='grc' dir='ltr'>ἔφην,</span> <span class='ocrx_word' id='word_1_118' title='bbox 1705 1520 1836 1572; x_wconf 83' lang='grc' dir='ltr'>ὑπο-</span> 
     </span>
    </p>
   </div>
   <div class='ocr_carea' id='block_1_18' title="bbox 273 1605 1837 1678">
    <p class='ocr_par' dir='ltr' id='par_1_18' title="bbox 273 1605 1837 1678">
     <span class='ocr_line' id='line_1_18' title="bbox 273 1605 1837 1678; baseline 0.003 -19"><span class='ocrx_word' id='word_1_119' title='bbox 273 1605 504 1674; x_wconf 75' lang='grc' dir='ltr'>κλέψας,</span> <span class='ocrx_word' id='word_1_120' title='bbox 535 1605 687 1674; x_wconf 79' lang='grc' dir='ltr'>ὀλίγα</span> <span class='ocrx_word' id='word_1_121' title='bbox 713 1607 848 1660; x_wconf 77' lang='grc' dir='ltr'>ἄττα</span> <span class='ocrx_word' id='word_1_122' title='bbox 879 1607 1168 1678; x_wconf 84' lang='grc' dir='ltr'>προσετίθη</span> <span class='ocrx_word' id='word_1_123' title='bbox 1203 1609 1429 1672; x_wconf 83' lang='grc' dir='ltr'>τούτοις,</span> <span class='ocrx_word' id='word_1_124' title='bbox 1467 1611 1530 1662; x_wconf 82' lang='grc' dir='ltr'>ἐκ</span> <span class='ocrx_word' id='word_1_125' title='bbox 1562 1610 1668 1662; x_wconf 81' lang='grc' dir='ltr'>τῶν</span> <span class='ocrx_word' id='word_1_126' title='bbox 1697 1611 1837 1663; x_wconf 78' lang='grc' dir='ltr'>εικό-</span> 
     </span>
    </p>
   </div>
   <div class='ocr_carea' id='block_1_19' title="bbox 272 1696 1834 1772">
    <p class='ocr_par' dir='ltr' id='par_1_19' title="bbox 272 1696 1834 1772">
     <span class='ocr_line' id='line_1_19' title="bbox 272 1696 1834 1772; baseline 0.004 -23"><span class='ocrx_word' id='word_1_127' title='bbox 272 1713 379 1749; x_wconf 90' lang='grc' dir='ltr'><strong>των</strong></span> <span class='ocrx_word' id='word_1_128' title='bbox 410 1697 743 1767; x_wconf 76' lang='grc' dir='ltr'>ὁμοιότροπα</span> <span class='ocrx_word' id='word_1_129' title='bbox 774 1696 1108 1768; x_wconf 76' lang='grc' dir='ltr'><strong>συμπλέξας·</strong></span> <span class='ocrx_word' id='word_1_130' title='bbox 1145 1697 1314 1763; x_wconf 84' lang='grc' dir='ltr'>οὕτως</span> <span class='ocrx_word' id='word_1_131' title='bbox 1342 1701 1447 1772; x_wconf 82' lang='grc' dir='ltr'><strong>ἀρα</strong></span> <span class='ocrx_word' id='word_1_132' title='bbox 1477 1703 1569 1754; x_wconf 62' lang='grc' dir='ltr'><strong>καὶ⁸</strong></span> <span class='ocrx_word' id='word_1_133' title='bbox 1611 1701 1834 1756; x_wconf 78' lang='grc' dir='ltr'>θάνατον</span> 
     </span>
    </p>
   </div>
   <div class='ocr_carea' id='block_1_20' title="bbox 271 1785 1835 1862">
    <p class='ocr_par' dir='ltr' id='par_1_20' title="bbox 271 1785 1835 1862">
     <span class='ocr_line' id='line_1_20' title="bbox 271 1785 1835 1862; baseline 0.004 -24"><span class='ocrx_word' id='word_1_134' title='bbox 271 1786 486 1856; x_wconf 72' lang='grc' dir='ltr'>ἠπείλει</span> <span class='ocrx_word' id='word_1_135' title='bbox 519 1785 599 1857; x_wconf 81' lang='grc' dir='ltr'>τῷ</span> <span class='ocrx_word' id='word_1_136' title='bbox 621 1787 874 1861; x_wconf 80' lang='grc' dir='ltr'>δυνάστῃ,</span> <span class='ocrx_word' id='word_1_137' title='bbox 906 1792 1022 1850; x_wconf 86' lang='grc' dir='ltr'>ταῖς</span> <span class='ocrx_word' id='word_1_138' title='bbox 1046 1790 1250 1844; x_wconf 80' lang='grc' dir='ltr'>ἐκείνου</span> <span class='ocrx_word' id='word_1_139' title='bbox 1279 1793 1479 1860; x_wconf 79' lang='grc' dir='ltr'>φωναῖς</span> <span class='ocrx_word' id='word_1_140' title='bbox 1513 1791 1835 1862; x_wconf 80' lang='grc' dir='ltr'>ἀποχρώμε-</span> 
     </span>
    </p>
   </div>
   <div class='ocr_carea' id='block_1_21' title="bbox 271 1879 1838 1956">
    <p class='ocr_par' dir='ltr' id='par_1_21' title="bbox 271 1879 1838 1956">
     <span class='ocr_line' id='line_1_21' title="bbox 271 1879 1838 1956; baseline 0.004 -26"><span class='ocrx_word' id='word_1_141' title='bbox 271 1895 391 1942; x_wconf 85' lang='grc' dir='ltr'>νος·</span> <span class='ocrx_word' id='word_1_142' title='bbox 430 1879 550 1932; x_wconf 84' lang='grc' dir='ltr'>ἀλλ’</span> <span class='ocrx_word' id='word_1_143' title='bbox 590 1880 670 1932; x_wconf 81' lang='grc' dir='ltr'>ἔτι</span> <span class='ocrx_word' id='word_1_144' title='bbox 699 1897 762 1949; x_wconf 87' lang='grc' dir='ltr'><strong>γε</strong></span> <span class='ocrx_word' id='word_1_145' title='bbox 807 1883 900 1935; x_wconf 79' lang='grc' dir='ltr'>καὶ</span> <span class='ocrx_word' id='word_1_146' title='bbox 929 1882 1026 1954; x_wconf 81' lang='grc' dir='ltr'>τὴν</span> <span class='ocrx_word' id='word_1_147' title='bbox 1068 1883 1160 1936; x_wconf 89' lang='grc' dir='ltr'><strong>τοῦ</strong></span> <span class='ocrx_word' id='word_1_148' title='bbox 1201 1883 1410 1956; x_wconf 79' lang='grc' dir='ltr'>Ἰσραὴλ</span> <span class='ocrx_word' id='word_1_149' title='bbox 1454 1883 1695 1937; x_wconf 76' lang='grc' dir='ltr'>ἐκδοῦναι</span> <span class='ocrx_word' id='word_1_150' title='bbox 1742 1903 1838 1938; x_wconf 65' lang='grc' dir='ltr'>παι</span> 
     </span>
    </p>
   </div>
   <div class='ocr_carea' id='block_1_22' title="bbox 271 1971 1836 2050">
    <p class='ocr_par' dir='ltr' id='par_1_22' title="bbox 271 1971 1836 2050">
     <span class='ocr_line' id='line_1_22' title="bbox 271 1971 1836 2050; baseline 0.005 -26"><span class='ocrx_word' id='word_1_151' title='bbox 271 1971 547 2044; x_wconf 77' lang='grc' dir='ltr'>ρεμὸολὴν</span> <span class='ocrx_word' id='word_1_152' title='bbox 569 1973 896 2044; x_wconf 82' lang='grc' dir='ltr'>ὑπισχνεῖτο,</span> <span class='ocrx_word' id='word_1_153' title='bbox 928 1976 1002 2046; x_wconf 81' lang='grc' dir='ltr'><strong>τῷ</strong></span> <span class='ocrx_word' id='word_1_154' title='bbox 1026 1977 1116 2029; x_wconf 80' lang='grc' dir='ltr'>τὸν</span> <span class='ocrx_word' id='word_1_155' title='bbox 1149 1979 1427 2049; x_wconf 83' lang='grc' dir='ltr'>προφήτην</span> <span class='ocrx_word' id='word_1_156' title='bbox 1463 1977 1734 2050; x_wconf 73' lang='grc' dir='ltr'>ὲμὸριθῶς</span> <span class='ocrx_word' id='word_1_157' title='bbox 1762 1981 1836 2032; x_wconf 80' lang='grc' dir='ltr'>εί-</span> 
     </span>
    </p>
   </div>
   <div class='ocr_carea' id='block_1_23' title="bbox 272 2063 1834 2142">
    <p class='ocr_par' dir='ltr' id='par_1_23' title="bbox 272 2063 1834 2142">
     <span class='ocr_line' id='line_1_23' title="bbox 272 2063 1834 2142; baseline 0.007 -27"><span class='ocrx_word' id='word_1_158' title='bbox 272 2064 497 2134; x_wconf 84' lang='grc' dir='ltr'>ρηκέναι</span> <span class='ocrx_word' id='word_1_159' title='bbox 546 2063 1083 2134; x_wconf 77' lang='grc' dir='ltr'>διασχισθήσεσθαι</span> <span class='ocrx_word' id='word_1_160' title='bbox 1128 2067 1232 2121; x_wconf 80' lang='grc' dir='ltr'><strong>τὸν</strong></span> <span class='ocrx_word' id='word_1_161' title='bbox 1277 2071 1450 2122; x_wconf 76' lang='grc' dir='ltr'>λαόν.</span> <span class='ocrx_word' id='word_1_162' title='bbox 1519 2071 1691 2142; x_wconf 84' lang='grc' dir='ltr'>Ὁρῶν</span> <span class='ocrx_word' id='word_1_163' title='bbox 1743 2069 1834 2126; x_wconf 78' lang='grc' dir='ltr'>οὖν</span> 
     </span>
    </p>
   </div>
   <div class='ocr_carea' id='block_1_24' title="bbox 267 2157 1832 2232">
    <p class='ocr_par' dir='ltr' id='par_1_24' title="bbox 267 2157 1832 2232">
     <span class='ocr_line' id='line_1_24' title="bbox 267 2157 1832 2232; baseline 0.006 -23"><span class='ocrx_word' id='word_1_164' title='bbox 267 2157 748 2226; x_wconf 81' lang='grc' dir='ltr'>ὲπιτετειχισμένα</span> <span class='ocrx_word' id='word_1_165' title='bbox 778 2159 1012 2229; x_wconf 86' lang='grc' dir='ltr'>πολέμου</span> <span class='ocrx_word' id='word_1_166' title='bbox 1055 2162 1444 2232; x_wconf 86' lang='grc' dir='ltr'>μηχανήματα,</span> <span class='ocrx_word' id='word_1_167' title='bbox 1485 2165 1579 2218; x_wconf 69' lang='grc' dir='ltr'>καὶ</span> <span class='ocrx_word' id='word_1_168' title='bbox 1617 2165 1708 2218; x_wconf 73' lang='grc' dir='ltr'><strong>τὸν</strong></span> <span class='ocrx_word' id='word_1_169' title='bbox 1739 2165 1832 2218; x_wconf 88' lang='grc' dir='ltr'><strong>τοῦ</strong></span> 
     </span>
    </p>
   </div>
   <div class='ocr_carea' id='block_1_25' title="bbox 268 2247 1836 2325">
    <p class='ocr_par' dir='ltr' id='par_1_25' title="bbox 268 2247 1836 2325">
     <span class='ocr_line' id='line_1_25' title="bbox 268 2247 1836 2325; baseline 0.007 -26"><span class='ocrx_word' id='word_1_170' title='bbox 268 2247 397 2300; x_wconf 82' lang='grc' dir='ltr'>λαοῦ</span> <span class='ocrx_word' id='word_1_171' title='bbox 435 2249 760 2319; x_wconf 58' lang='grc' dir='ltr'>πφεστῶτα</span> <span class='ocrx_word' id='word_1_172' title='bbox 806 2252 1046 2322; x_wconf 85' lang='grc' dir='ltr'>περιδεῆ,</span> <span class='ocrx_word' id='word_1_173' title='bbox 1092 2255 1310 2325; x_wconf 82' lang='grc' dir='ltr'>προσέτι</span> <span class='ocrx_word' id='word_1_174' title='bbox 1347 2256 1402 2309; x_wconf 80' lang='grc' dir='ltr'>δὲ</span> <span class='ocrx_word' id='word_1_175' title='bbox 1457 2257 1549 2309; x_wconf 77' lang='grc' dir='ltr'>καὶ</span> <span class='ocrx_word' id='word_1_176' title='bbox 1600 2257 1836 2310; x_wconf 89' lang='grc' dir='ltr'>καταλει-</span> 
     </span>
    </p>
   </div>
   <div class='ocr_carea' id='block_1_26' title="bbox 269 2340 1837 2422">
    <p class='ocr_par' dir='ltr' id='par_1_26' title="bbox 269 2340 1837 2422">
     <span class='ocr_line' id='line_1_26' title="bbox 269 2340 1837 2422; baseline 0.008 -31"><span class='ocrx_word' id='word_1_177' title='bbox 269 2340 472 2408; x_wconf 77' lang='grc' dir='ltr'>φθέντα</span> <span class='ocrx_word' id='word_1_178' title='bbox 525 2341 663 2412; x_wconf 75' lang='grc' dir='ltr'>πρὸς</span> <span class='ocrx_word' id='word_1_179' title='bbox 715 2343 878 2395; x_wconf 78' lang='grc' dir='ltr'>αὐτοῦ</span> <span class='ocrx_word' id='word_1_180' title='bbox 930 2344 1020 2396; x_wconf 90' lang='grc' dir='ltr'><strong>τοῦ</strong></span> <span class='ocrx_word' id='word_1_181' title='bbox 1066 2345 1198 2398; x_wconf 88' lang='grc' dir='ltr'>Θεοῦ</span> <span class='ocrx_word' id='word_1_182' title='bbox 1252 2347 1347 2418; x_wconf 87' lang='grc' dir='ltr'>(δι’</span> <span class='ocrx_word' id='word_1_183' title='bbox 1382 2343 1456 2402; x_wconf 80' lang='grc' dir='ltr'>ὧν</span> <span class='ocrx_word' id='word_1_184' title='bbox 1496 2350 1524 2401; x_wconf 94' lang='lat'><strong>6</strong></span> <span class='ocrx_word' id='word_1_185' title='bbox 1571 2351 1837 2422; x_wconf 74' lang='grc' dir='ltr'>δυνάστης</span> 
     </span>
    </p>
   </div>
   <div class='ocr_carea' id='block_1_27' title="bbox 265 2430 1833 2511">
    <p class='ocr_par' dir='ltr' id='par_1_27' title="bbox 265 2430 1833 2511">
     <span class='ocr_line' id='line_1_27' title="bbox 265 2430 1833 2511; baseline 0.008 -27"><span class='ocrx_word' id='word_1_186' title='bbox 265 2430 539 2501; x_wconf 75' lang='grc' dir='ltr'>ὡμολόγει</span> <span class='ocrx_word' id='word_1_187' title='bbox 570 2434 976 2504; x_wconf 81' lang='grc' dir='ltr'>στοχαζόμενος,</span> <span class='ocrx_word' id='word_1_188' title='bbox 1003 2437 1083 2490; x_wconf 84' lang='grc' dir='ltr'>ὅτι</span> <span class='ocrx_word' id='word_1_189' title='bbox 1109 2437 1265 2510; x_wconf 90' lang='grc' dir='ltr'>δεῦρο</span> <span class='ocrx_word' id='word_1_190' title='bbox 1299 2441 1614 2511; x_wconf 80' lang='grc' dir='ltr'>περαιοῦται</span> <span class='ocrx_word' id='word_1_191' title='bbox 1647 2442 1705 2495; x_wconf 82' lang='grc' dir='ltr'>τὸ</span> <span class='ocrx_word' id='word_1_192' title='bbox 1741 2442 1833 2495; x_wconf 87' lang='grc' dir='ltr'><strong>τοῦ</strong></span> 
     </span>
    </p>
   </div>
   <div class='ocr_carea' id='block_1_28' title="bbox 271 2525 1804 2605">
    <p class='ocr_par' dir='ltr' id='par_1_28' title="bbox 271 2525 1804 2605">
     <span class='ocr_line' id='line_1_28' title="bbox 271 2525 1804 2605; baseline 0.008 -31"><span class='ocrx_word' id='word_1_193' title='bbox 271 2525 554 2594; x_wconf 77' lang='grc' dir='ltr'>προφήτου</span> <span class='ocrx_word' id='word_1_194' title='bbox 595 2526 914 2596; x_wconf 81' lang='grc' dir='ltr'>κήρυγμα),</span> <span class='ocrx_word' id='word_1_195' title='bbox 953 2529 1087 2598; x_wconf 82' lang='grc' dir='ltr'>πρὸς</span> <span class='ocrx_word' id='word_1_196' title='bbox 1137 2529 1233 2594; x_wconf 72' lang='grc' dir='ltr'>τὰς</span> <span class='ocrx_word' id='word_1_197' title='bbox 1263 2530 1562 2596; x_wconf 77' lang='grc' dir='ltr'>ὲνεστώσας</span> <span class='ocrx_word' id='word_1_198' title='bbox 1605 2536 1804 2605; x_wconf 87' lang='grc' dir='ltr'>ὑπεκρί</span> 
     </span>
    </p>
   </div>
   <div class='ocr_carea' id='block_1_29' title="bbox 269 2619 1832 2697">
    <p class='ocr_par' dir='ltr' id='par_1_29' title="bbox 269 2619 1832 2697">
     <span class='ocr_line' id='line_1_29' title="bbox 269 2619 1832 2697; baseline 0.006 -27"><span class='ocrx_word' id='word_1_199' title='bbox 269 2633 397 2670; x_wconf 86' lang='grc' dir='ltr'>νατο</span> <span class='ocrx_word' id='word_1_200' title='bbox 457 2619 701 2688; x_wconf 76' lang='grc' dir='ltr'>κινήσεις</span> <span class='ocrx_word' id='word_1_201' title='bbox 748 2621 1078 2688; x_wconf 72' lang='grc' dir='ltr'>ἀναφωνεῖν·</span> <span class='ocrx_word' id='word_1_202' title='bbox 1123 2622 1220 2674; x_wconf 86' lang='grc' dir='ltr'>ὅσα</span> <span class='ocrx_word' id='word_1_203' title='bbox 1272 2623 1451 2694; x_wconf 88' lang='grc' dir='ltr'>μέντοι</span> <span class='ocrx_word' id='word_1_204' title='bbox 1502 2626 1832 2697; x_wconf 80' lang='grc' dir='ltr'>προσέθηκεν</span> 
     </span>
    </p>
   </div>
   <div class='ocr_carea' id='block_1_30' title="bbox 269 2705 1832 2789">
    <p class='ocr_par' dir='ltr' id='par_1_30' title="bbox 269 2705 1832 2789">
     <span class='ocr_line' id='line_1_30' title="bbox 269 2705 1832 2789; baseline 0.008 -31"><span class='ocrx_word' id='word_1_205' title='bbox 269 2705 374 2758; x_wconf 77' lang='grc' dir='ltr'>εδια</span> <span class='ocrx_word' id='word_1_206' title='bbox 403 2706 528 2759; x_wconf 82' lang='grc' dir='ltr'>καθ’</span> <span class='ocrx_word' id='word_1_207' title='bbox 549 2707 738 2770; x_wconf 78' lang='grc' dir='ltr'>ἑαυτά,</span> <span class='ocrx_word' id='word_1_208' title='bbox 766 2709 1010 2779; x_wconf 76' lang='grc' dir='ltr'>φανερῶς</span> <span class='ocrx_word' id='word_1_209' title='bbox 1032 2709 1170 2763; x_wconf 82' lang='grc' dir='ltr'>ἑάλω</span> <span class='ocrx_word' id='word_1_210' title='bbox 1193 2711 1548 2783; x_wconf 75' lang='grc' dir='ltr'>ψευσάμενος·</span> <span class='ocrx_word' id='word_1_211' title='bbox 1579 2715 1697 2769; x_wconf 74' lang='grc' dir='ltr'>οὔτε</span> <span class='ocrx_word' id='word_1_212' title='bbox 1726 2718 1832 2789; x_wconf 78' lang='grc' dir='ltr'><strong>γὰρ</strong></span> 
     </span>
    </p>
   </div>
   <div class='ocr_carea' id='block_1_31' title="bbox 268 2797 1832 2878">
    <p class='ocr_par' dir='ltr' id='par_1_31' title="bbox 268 2797 1832 2878">
     <span class='ocr_line' id='line_1_31' title="bbox 268 2797 1832 2878; baseline 0.008 -29"><span class='ocrx_word' id='word_1_213' title='bbox 268 2798 366 2870; x_wconf 70' lang='grc' dir='ltr'><strong>τήν</strong></span> <span class='ocrx_word' id='word_1_214' title='bbox 417 2797 515 2850; x_wconf 88' lang='grc' dir='ltr'><strong>τοῦ</strong></span> <span class='ocrx_word' id='word_1_215' title='bbox 564 2797 795 2851; x_wconf 80' lang='grc' dir='ltr'>Θανάτου</span> <span class='ocrx_word' id='word_1_216' title='bbox 834 2799 1061 2867; x_wconf 69' lang='grc' dir='ltr'>ἠδύνατο</span> <span class='ocrx_word' id='word_1_217' title='bbox 1105 2809 1380 2873; x_wconf 87' lang='grc' dir='ltr'>προειπεῖν</span> <span class='ocrx_word' id='word_1_218' title='bbox 1425 2807 1651 2878; x_wconf 84' lang='grc' dir='ltr'>ἡμέραν,</span> <span class='ocrx_word' id='word_1_219' title='bbox 1711 2808 1832 2862; x_wconf 86' lang='grc' dir='ltr'>οῦτε</span> 
     </span>
    </p>
   </div>
   <div class='ocr_carea' id='block_1_32' title="bbox 267 2889 1830 2970">
    <p class='ocr_par' dir='ltr' id='par_1_32' title="bbox 267 2889 1830 2970">
     <span class='ocr_line' id='line_1_32' title="bbox 267 2889 1830 2970; baseline 0.008 -29"><span class='ocrx_word' id='word_1_220' title='bbox 267 2889 368 2952; x_wconf 69' lang='grc' dir='ltr'>τὰς</span> <span class='ocrx_word' id='word_1_221' title='bbox 401 2889 511 2942; x_wconf 83' lang='grc' dir='ltr'>τῶν</span> <span class='ocrx_word' id='word_1_222' title='bbox 540 2889 700 2941; x_wconf 82' lang='grc' dir='ltr'>υἱέων</span> <span class='ocrx_word' id='word_1_223' title='bbox 724 2889 817 2942; x_wconf 87' lang='grc' dir='ltr'><strong>τοῦ</strong></span> <span class='ocrx_word' id='word_1_224' title='bbox 857 2892 1026 2944; x_wconf 82' lang='grc' dir='ltr'>Σαοὺλ</span> <span class='ocrx_word' id='word_1_225' title='bbox 1055 2894 1376 2966; x_wconf 82' lang='grc' dir='ltr'>ἀναιρέσεις,</span> <span class='ocrx_word' id='word_1_226' title='bbox 1408 2891 1482 2950; x_wconf 82' lang='grc' dir='ltr'>ὧν</span> <span class='ocrx_word' id='word_1_227' title='bbox 1516 2900 1606 2952; x_wconf 79' lang='grc' dir='ltr'><strong>ἐπὶ</strong></span> <span class='ocrx_word' id='word_1_228' title='bbox 1637 2900 1830 2970; x_wconf 82' lang='grc' dir='ltr'>ὀνόμα-</span> 
     </span>
    </p>
   </div>
   <div class='ocr_carea' id='block_1_33' title="bbox 269 2981 1832 3063">
    <p class='ocr_par' dir='ltr' id='par_1_33' title="bbox 269 2981 1832 3063">
     <span class='ocr_line' id='line_1_33' title="bbox 269 2981 1832 3063; baseline 0.009 -31"><span class='ocrx_word' id='word_1_229' title='bbox 269 2998 361 3044; x_wconf 82' lang='grc' dir='ltr'><strong>τος</strong></span> <span class='ocrx_word' id='word_1_230' title='bbox 390 2981 794 3052; x_wconf 71' lang='grc' dir='ltr'>ἐμνημόνευσεν</span> <span class='ocrx_word' id='word_1_231' title='bbox 822 2985 853 3053; x_wconf 92' lang='grc' dir='ltr'><strong>ή</strong></span> <span class='ocrx_word' id='word_1_232' title='bbox 894 2985 1100 3058; x_wconf 78' lang='grc' dir='ltr'>Γραφή.</span> <span class='ocrx_word' id='word_1_233' title='bbox 1144 2987 1235 3041; x_wconf 86' lang='grc' dir='ltr'>Ἐκ</span> <span class='ocrx_word' id='word_1_234' title='bbox 1267 2989 1321 3041; x_wconf 81' lang='grc' dir='ltr'>δὲ</span> <span class='ocrx_word' id='word_1_235' title='bbox 1355 2990 1554 3043; x_wconf 88' lang='grc' dir='ltr'>τούτων</span> <span class='ocrx_word' id='word_1_236' title='bbox 1584 2992 1643 3044; x_wconf 86' lang='grc' dir='ltr'>οὐ</span> <span class='ocrx_word' id='word_1_237' title='bbox 1677 2993 1832 3063; x_wconf 90' lang='grc' dir='ltr'>χαλε-</span> 
     </span>
    </p>
   </div>
   <div class='ocr_carea' id='block_1_34' title="bbox 265 3073 1901 3170">
    <p class='ocr_par' dir='ltr' id='par_1_34' title="bbox 265 3073 1901 3170">
     <span class='ocr_line' id='line_1_34' title="bbox 265 3073 1901 3170; baseline 0.007 -44"><span class='ocrx_word' id='word_1_238' title='bbox 265 3074 389 3138; x_wconf 75' lang='grc' dir='ltr'><strong>πῶς</strong></span> <span class='ocrx_word' id='word_1_239' title='bbox 412 3073 596 3170; x_wconf 16' lang='grc' dir='ltr'>ἆνᾲείη</span> <span class='ocrx_word' id='word_1_240' title='bbox 627 3078 784 3170; x_wconf 76' lang='grc' dir='ltr'>νοεῖν,</span> <span class='ocrx_word' id='word_1_241' title='bbox 813 3077 887 3140; x_wconf 87' lang='grc' dir='ltr'>ὠς</span> <span class='ocrx_word' id='word_1_242' title='bbox 925 3078 1074 3130; x_wconf 78' lang='grc' dir='ltr'>οὐδὲν</span> <span class='ocrx_word' id='word_1_243' title='bbox 1107 3079 1232 3133; x_wconf 76' lang='grc' dir='ltr'>ἴδιον</span> <span class='ocrx_word' id='word_1_244' title='bbox 1263 3081 1380 3134; x_wconf 78' lang='grc' dir='ltr'>οὐδὲ</span> <span class='ocrx_word' id='word_1_245' title='bbox 1420 3082 1615 3152; x_wconf 84' lang='grc' dir='ltr'>ἀληθὲς</span> <span class='ocrx_word' id='word_1_246' title='bbox 1654 3085 1832 3154; x_wconf 86' lang='grc' dir='ltr'>ἀπήγ-</span> <span class='ocrx_word' id='word_1_247' title='bbox 1860 3112 1901 3170; x_wconf 76' lang='lat' dir='ltr'><strong><em>C</em></strong></span> 
     </span>
    </p>
   </div>
   <div class='ocr_carea' id='block_1_35' title="bbox 272 3168 1830 3245">
    <p class='ocr_par' dir='ltr' id='par_1_35' title="bbox 272 3168 1830 3245">
     <span class='ocr_line' id='line_1_35' title="bbox 272 3168 1830 3245; baseline 0.008 -26"><span class='ocrx_word' id='word_1_248' title='bbox 272 3169 416 3236; x_wconf 74' lang='grc' dir='ltr'>τειλε</span> <span class='ocrx_word' id='word_1_249' title='bbox 449 3168 512 3222; x_wconf 75' lang='grc' dir='ltr'>τὸ</span> <span class='ocrx_word' id='word_1_250' title='bbox 556 3168 797 3240; x_wconf 88' lang='grc' dir='ltr'>πνεῦμα·</span> <span class='ocrx_word' id='word_1_251' title='bbox 835 3171 921 3223; x_wconf 81' lang='grc' dir='ltr'>ὅτε</span> <span class='ocrx_word' id='word_1_252' title='bbox 959 3171 1015 3224; x_wconf 85' lang='grc' dir='ltr'>δὲ</span> <span class='ocrx_word' id='word_1_253' title='bbox 1049 3173 1141 3226; x_wconf 91' lang='grc' dir='ltr'><strong>τοῦ</strong></span> <span class='ocrx_word' id='word_1_254' title='bbox 1183 3175 1431 3245; x_wconf 80' lang='grc' dir='ltr'>Σαμουὴλ</span> <span class='ocrx_word' id='word_1_255' title='bbox 1471 3176 1830 3240; x_wconf 80' lang='grc' dir='ltr'>ύπεξέκλεπτε</span> 
     </span>
    </p>
   </div>
   <div class='ocr_carea' id='block_1_36' title="bbox 269 3257 1830 3336">
    <p class='ocr_par' dir='ltr' id='par_1_36' title="bbox 269 3257 1830 3336">
     <span class='ocr_line' id='line_1_36' title="bbox 269 3257 1830 3336; baseline 0.007 -26"><span class='ocrx_word' id='word_1_256' title='bbox 269 3259 514 3329; x_wconf 73' lang='grc' dir='ltr'>ῥήματα,</span> <span class='ocrx_word' id='word_1_257' title='bbox 571 3257 742 3312; x_wconf 86' lang='grc' dir='ltr'>ταῦτα</span> <span class='ocrx_word' id='word_1_258' title='bbox 788 3261 1233 3333; x_wconf 75' lang='grc' dir='ltr'>σφετεριζόμενον</span> <span class='ocrx_word' id='word_1_259' title='bbox 1277 3263 1411 3334; x_wconf 74' lang='grc' dir='ltr'>ᾤετο</span> <span class='ocrx_word' id='word_1_260' title='bbox 1455 3267 1830 3336; x_wconf 79' lang='grc' dir='ltr'>προφητεύειν.</span> 
     </span>
    </p>
   </div>
   <div class='ocr_carea' id='block_1_37' title="bbox 278 3349 1834 3430">
    <p class='ocr_par' dir='ltr' id='par_1_37' title="bbox 278 3349 1834 3430">
     <span class='ocr_line' id='line_1_37' title="bbox 278 3349 1834 3430; baseline 0.004 -26"><span class='ocrx_word' id='word_1_261' title='bbox 278 3349 440 3404; x_wconf 71' lang='grc' dir='ltr'>Ἀλλὰ</span> <span class='ocrx_word' id='word_1_262' title='bbox 465 3349 700 3421; x_wconf 74' lang='grc' dir='ltr'>μάλιστα</span> <span class='ocrx_word' id='word_1_263' title='bbox 729 3351 824 3421; x_wconf 80' lang='grc' dir='ltr'>μὲν</span> <span class='ocrx_word' id='word_1_264' title='bbox 854 3353 951 3405; x_wconf 80' lang='grc' dir='ltr'><strong>οὐκ</strong></span> <span class='ocrx_word' id='word_1_265' title='bbox 982 3352 1122 3405; x_wconf 78' lang='grc' dir='ltr'>ἐστιν</span> <span class='ocrx_word' id='word_1_266' title='bbox 1145 3355 1336 3418; x_wconf 82' lang='grc' dir='ltr'>εἰπεῖν,</span> <span class='ocrx_word' id='word_1_267' title='bbox 1379 3356 1459 3408; x_wconf 80' lang='grc' dir='ltr'>ὅτι</span> <span class='ocrx_word' id='word_1_268' title='bbox 1485 3356 1640 3410; x_wconf 90' lang='grc' dir='ltr'>τοῦτο</span> <span class='ocrx_word' id='word_1_269' title='bbox 1669 3359 1834 3430; x_wconf 83' lang='grc' dir='ltr'><strong>προὺ-</strong></span> 
     </span>
    </p>
   </div>
   <div class='ocr_carea' id='block_1_38' title="bbox 265 3443 1833 3518">
    <p class='ocr_par' dir='ltr' id='par_1_38' title="bbox 265 3443 1833 3518">
     <span class='ocr_line' id='line_1_38' title="bbox 265 3443 1833 3518; baseline 0.005 -22"><span class='ocrx_word' id='word_1_270' title='bbox 265 3445 502 3515; x_wconf 76' lang='grc' dir='ltr'>φήτευεν</span> <span class='ocrx_word' id='word_1_271' title='bbox 549 3443 822 3514; x_wconf 76' lang='grc' dir='ltr'>ἀψευδῶς·</span> <span class='ocrx_word' id='word_1_272' title='bbox 873 3447 920 3498; x_wconf 86' lang='grc' dir='ltr'><strong>εί</strong></span> <span class='ocrx_word' id='word_1_273' title='bbox 963 3445 1007 3498; x_wconf 81' lang='grc' dir='ltr'>δ’</span> <span class='ocrx_word' id='word_1_274' title='bbox 1051 3445 1158 3517; x_wconf 79' lang='grc' dir='ltr'>ἄρα</span> <span class='ocrx_word' id='word_1_275' title='bbox 1208 3449 1300 3500; x_wconf 76' lang='grc' dir='ltr'><strong>καὶ</strong></span> <span class='ocrx_word' id='word_1_276' title='bbox 1345 3447 1578 3518; x_wconf 83' lang='grc' dir='ltr'>πολέμου</span> <span class='ocrx_word' id='word_1_277' title='bbox 1623 3449 1833 3518; x_wconf 89' lang='grc' dir='ltr'>γένεσιν</span> 
     </span>
    </p>
   </div>
   <div class='ocr_carea' id='block_1_39' title="bbox 265 3536 1828 3612">
    <p class='ocr_par' dir='ltr' id='par_1_39' title="bbox 265 3536 1828 3612">
     <span class='ocr_line' id='line_1_39' title="bbox 265 3536 1828 3612; baseline 0.004 -23"><span class='ocrx_word' id='word_1_278' title='bbox 265 3537 635 3609; x_wconf 69' lang='grc' dir='ltr'>ἀνεκήρυττεν</span> <span class='ocrx_word' id='word_1_279' title='bbox 662 3536 727 3589; x_wconf 79' lang='grc' dir='ltr'><strong>τὰ</strong></span> <span class='ocrx_word' id='word_1_280' title='bbox 743 3538 839 3607; x_wconf 78' lang='grc' dir='ltr'>τῆς</span> <span class='ocrx_word' id='word_1_281' title='bbox 866 3539 1253 3609; x_wconf 82' lang='grc' dir='ltr'>αἱματοχυσίας</span> <span class='ocrx_word' id='word_1_282' title='bbox 1272 3541 1538 3610; x_wconf 80' lang='grc' dir='ltr'>ἀνήκεστα</span> <span class='ocrx_word' id='word_1_283' title='bbox 1567 3542 1828 3612; x_wconf 79' lang='grc' dir='ltr'>ῥεύματα,</span> 
     </span>
    </p>
   </div>
   <div class='ocr_carea' id='block_1_40' title="bbox 265 3625 1831 3700">
    <p class='ocr_par' dir='ltr' id='par_1_40' title="bbox 265 3625 1831 3700">
     <span class='ocr_line' id='line_1_40' title="bbox 265 3625 1831 3700; baseline 0.004 -22"><span class='ocrx_word' id='word_1_284' title='bbox 265 3625 348 3689; x_wconf 82' lang='grc' dir='ltr'><strong>τίς</strong></span> <span class='ocrx_word' id='word_1_285' title='bbox 383 3629 412 3678; x_wconf 87' lang='lat'><strong>6</strong></span> <span class='ocrx_word' id='word_1_286' title='bbox 446 3625 559 3678; x_wconf 86' lang='grc' dir='ltr'><strong>τῶν</strong></span> <span class='ocrx_word' id='word_1_287' title='bbox 593 3625 844 3678; x_wconf 83' lang='grc' dir='ltr'>ἁπάντων</span> <span class='ocrx_word' id='word_1_288' title='bbox 872 3625 1040 3689; x_wconf 80' lang='grc' dir='ltr'>αἴτιός</span> <span class='ocrx_word' id='word_1_289' title='bbox 1082 3629 1194 3680; x_wconf 80' lang='grc' dir='ltr'>ἐστι</span> <span class='ocrx_word' id='word_1_290' title='bbox 1225 3628 1504 3698; x_wconf 78' lang='grc' dir='ltr'>πολέμωνς</span> <span class='ocrx_word' id='word_1_291' title='bbox 1533 3631 1628 3700; x_wconf 87' lang='grc' dir='ltr'><strong>ούχ</strong></span> <span class='ocrx_word' id='word_1_292' title='bbox 1660 3632 1688 3684; x_wconf 81' lang='lat'><strong>6</strong></span> <span class='ocrx_word' id='word_1_293' title='bbox 1718 3631 1831 3686; x_wconf 87' lang='grc' dir='ltr'>διά-</span> 
     </span>
    </p>
   </div>
   <div class='ocr_carea' id='block_1_41' title="bbox 266 3715 1829 3790">
    <p class='ocr_par' dir='ltr' id='par_1_41' title="bbox 266 3715 1829 3790">
     <span class='ocr_line' id='line_1_41' title="bbox 266 3715 1829 3790; baseline 0.005 -22"><span class='ocrx_word' id='word_1_294' title='bbox 266 3715 450 3780; x_wconf 74' lang='grc' dir='ltr'>εολοςς</span> <span class='ocrx_word' id='word_1_295' title='bbox 513 3717 628 3770; x_wconf 84' lang='grc' dir='ltr'><strong>Ούκ</strong></span> <span class='ocrx_word' id='word_1_296' title='bbox 676 3717 835 3780; x_wconf 73' lang='grc' dir='ltr'>αὐτὸς</span> <span class='ocrx_word' id='word_1_297' title='bbox 889 3717 1184 3790; x_wconf 79' lang='grc' dir='ltr'>ἐξῃτήσατο</span> <span class='ocrx_word' id='word_1_298' title='bbox 1237 3721 1326 3772; x_wconf 76' lang='grc' dir='ltr'>τὸν</span> <span class='ocrx_word' id='word_1_299' title='bbox 1391 3719 1543 3785; x_wconf 84' lang='grc' dir='ltr'><strong>’1ώ6;</strong></span> <span class='ocrx_word' id='word_1_300' title='bbox 1597 3723 1695 3776; x_wconf 80' lang='grc' dir='ltr'>οὐκ</span> <span class='ocrx_word' id='word_1_301' title='bbox 1734 3725 1829 3776; x_wconf 81' lang='grc' dir='ltr'><strong>ἐπ-</strong></span> 
     </span>
    </p>
   </div>
   <div class='ocr_carea' id='block_1_42' title="bbox 1945 510 3508 580">
    <p class='ocr_par' dir='ltr' id='par_1_42' title="bbox 1945 510 3508 580">
     <span class='ocr_line' id='line_1_42' title="bbox 1945 510 3508 580; baseline 0.006 -18"><span class='ocrx_word' id='word_1_302' title='bbox 1945 526 2050 579; x_wconf 92' lang='lat' dir='ltr'><strong>que</strong></span> <span class='ocrx_word' id='word_1_303' title='bbox 2069 511 2237 575; x_wconf 87' lang='lat' dir='ltr'><strong>enim,</strong></span> <span class='ocrx_word' id='word_1_304' title='bbox 2269 518 2327 564; x_wconf 85' lang='grc' dir='ltr'><strong>ιιι</strong></span> <span class='ocrx_word' id='word_1_305' title='bbox 2382 510 2473 564; x_wconf 88' lang='lat' dir='ltr'><strong>ille</strong></span> <span class='ocrx_word' id='word_1_306' title='bbox 2502 510 2734 574; x_wconf 74' lang='lat' dir='ltr'><strong>dixerat,</strong></span> <span class='ocrx_word' id='word_1_307' title='bbox 2766 512 2900 566; x_wconf 78' lang='lat' dir='ltr'><strong>Cras</strong></span> <span class='ocrx_word' id='word_1_308' title='bbox 2933 513 3036 566; x_wconf 85' lang='lat' dir='ltr'><strong>eris</strong></span> <span class='ocrx_word' id='word_1_309' title='bbox 3069 523 3122 566; x_wconf 90' lang='lat' dir='ltr'><strong>tu</strong></span> <span class='ocrx_word' id='word_1_310' title='bbox 3155 531 3508 580; x_wconf 86' lang='lat' dir='ltr'><strong>mecum,eve-</strong></span> 
     </span>
    </p>
   </div>
   <div class='ocr_carea' id='block_1_43' title="bbox 1945 604 3507 677">
    <p class='ocr_par' dir='ltr' id='par_1_43' title="bbox 1945 604 3507 677">
     <span class='ocr_line' id='line_1_43' title="bbox 1945 604 3507 677; baseline 0.004 -20"><span class='ocrx_word' id='word_1_311' title='bbox 1945 604 2046 666; x_wconf 91' lang='lat' dir='ltr'><strong>nit,</strong></span> <span class='ocrx_word' id='word_1_312' title='bbox 2087 619 2210 658; x_wconf 92' lang='lat' dir='ltr'><strong>cum</strong></span> <span class='ocrx_word' id='word_1_313' title='bbox 2245 605 2318 659; x_wconf 90' lang='lat' dir='ltr'><strong>ibi</strong></span> <span class='ocrx_word' id='word_1_314' title='bbox 2353 605 2440 660; x_wconf 90' lang='lat' dir='ltr'><strong>die</strong></span> <span class='ocrx_word' id='word_1_315' title='bbox 2475 605 2720 677; x_wconf 91' lang='lat' dir='ltr'><strong>sequenti</strong></span> <span class='ocrx_word' id='word_1_316' title='bbox 2749 605 2970 675; x_wconf 83' lang='lat' dir='ltr'><strong>jejunus</strong></span> <span class='ocrx_word' id='word_1_317' title='bbox 2998 615 3366 663; x_wconf 78' lang='lat' dir='ltr'><strong>commoratus</strong></span> <span class='ocrx_word' id='word_1_318' title='bbox 3391 607 3507 664; x_wconf 78' lang='lat' dir='ltr'><strong>fue-</strong></span> 
     </span>
    </p>
   </div>
   <div class='ocr_carea' id='block_1_44' title="bbox 1949 697 3509 772">
    <p class='ocr_par' dir='ltr' id='par_1_44' title="bbox 1949 697 3509 772">
     <span class='ocr_line' id='line_1_44' title="bbox 1949 697 3509 772; baseline 0.003 -22"><span class='ocrx_word' id='word_1_319' title='bbox 1949 697 2049 764; x_wconf 89' lang='lat' dir='ltr'><strong>rit;</strong></span> <span class='ocrx_word' id='word_1_320' title='bbox 2077 697 2333 769; x_wconf 87' lang='lat' dir='ltr'><strong>deinceps</strong></span> <span class='ocrx_word' id='word_1_321' title='bbox 2354 699 2544 762; x_wconf 85' lang='lat' dir='ltr'><strong>altera,</strong></span> <span class='ocrx_word' id='word_1_322' title='bbox 2569 699 2691 753; x_wconf 90' lang='lat' dir='ltr'><strong>cibo</strong></span> <span class='ocrx_word' id='word_1_323' title='bbox 2709 699 3015 769; x_wconf 81' lang='lat' dir='ltr'><strong>degustato,</strong></span> <span class='ocrx_word' id='word_1_324' title='bbox 3035 701 3330 754; x_wconf 78' lang='lat' dir='ltr'><strong>exercitum</strong></span> <span class='ocrx_word' id='word_1_325' title='bbox 3354 716 3509 772; x_wconf 51' lang='lat' dir='ltr'><strong>repet.</strong></span> 
     </span>
    </p>
   </div>
   <div class='ocr_carea' id='block_1_45' title="bbox 1945 789 3507 859">
    <p class='ocr_par' dir='ltr' id='par_1_45' title="bbox 1945 789 3507 859">
     <span class='ocr_line' id='line_1_45' title="bbox 1945 789 3507 859; baseline 0.004 -18"><span class='ocrx_word' id='word_1_326' title='bbox 1945 789 2112 844; x_wconf 91' lang='lat' dir='ltr'><strong>tierit.</strong></span> <span class='ocrx_word' id='word_1_327' title='bbox 2149 789 2333 859; x_wconf 84' lang='lat' dir='ltr'><strong>Neque</strong></span> <span class='ocrx_word' id='word_1_328' title='bbox 2381 797 2590 844; x_wconf 90' lang='lat' dir='ltr'><strong>tantum</strong></span> <span class='ocrx_word' id='word_1_329' title='bbox 2637 791 2739 845; x_wconf 89' lang='lat' dir='ltr'><strong>hoc</strong></span> <span class='ocrx_word' id='word_1_330' title='bbox 2789 791 2940 844; x_wconf 88' lang='lat' dir='ltr'><strong>illum</strong></span> <span class='ocrx_word' id='word_1_331' title='bbox 2975 793 3292 847; x_wconf 87' lang='lat' dir='ltr'><strong>ementitum</strong></span> <span class='ocrx_word' id='word_1_332' title='bbox 3336 792 3507 848; x_wconf 79' lang='lat' dir='ltr'><strong>fuisse</strong></span> 
     </span>
    </p>
   </div>
   <div class='ocr_carea' id='block_1_46' title="bbox 1945 882 3504 952">
    <p class='ocr_par' dir='ltr' id='par_1_46' title="bbox 1945 882 3504 952">
     <span class='ocr_line' id='line_1_46' title="bbox 1945 882 3504 952; baseline 0.004 -20"><span class='ocrx_word' id='word_1_333' title='bbox 1945 895 2008 935; x_wconf 90' lang='lat' dir='ltr'><strong>ac</strong></span> <span class='ocrx_word' id='word_1_334' title='bbox 2039 882 2198 936; x_wconf 84' lang='lat' dir='ltr'><strong>aliter</strong></span> <span class='ocrx_word' id='word_1_335' title='bbox 2228 898 2388 952; x_wconf 87' lang='lat' dir='ltr'><strong>quam</strong></span> <span class='ocrx_word' id='word_1_336' title='bbox 2419 883 2660 937; x_wconf 84' lang='lat' dir='ltr'><strong>evenerit</strong></span> <span class='ocrx_word' id='word_1_337' title='bbox 2707 883 3090 952; x_wconf 80' lang='lat' dir='ltr'><strong>pronuntiasse</strong></span> <span class='ocrx_word' id='word_1_338' title='bbox 3123 884 3504 952; x_wconf 89' lang='lat' dir='ltr'><strong>convincitur;</strong></span> 
     </span>
    </p>
   </div>
   <div class='ocr_carea' id='block_1_47' title="bbox 1943 971 3506 1044">
    <p class='ocr_par' dir='ltr' id='par_1_47' title="bbox 1943 971 3506 1044">
     <span class='ocr_line' id='line_1_47' title="bbox 1943 971 3506 1044; baseline 0.001 -16"><span class='ocrx_word' id='word_1_339' title='bbox 1943 974 2036 1028; x_wconf 92' lang='lat' dir='ltr'><strong>sed</strong></span> <span class='ocrx_word' id='word_1_340' title='bbox 2067 971 2354 1028; x_wconf 84' lang='lat' dir='ltr'><strong>Jonatham</strong></span> <span class='ocrx_word' id='word_1_341' title='bbox 2409 975 2583 1029; x_wconf 85' lang='lat' dir='ltr'><strong>solum</strong></span> <span class='ocrx_word' id='word_1_342' title='bbox 2621 990 2729 1027; x_wconf 88' lang='lat' dir='ltr'><strong>una</strong></span> <span class='ocrx_word' id='word_1_343' title='bbox 2765 987 2887 1026; x_wconf 85' lang='lat' dir='ltr'><strong>cum</strong></span> <span class='ocrx_word' id='word_1_344' title='bbox 2918 981 3070 1044; x_wconf 87' lang='lat' dir='ltr'><strong>patre</strong></span> <span class='ocrx_word' id='word_1_345' title='bbox 3099 973 3165 1028; x_wconf 92' lang='lat' dir='ltr'><strong>ad</strong></span> <span class='ocrx_word' id='word_1_346' title='bbox 3217 975 3394 1044; x_wconf 90' lang='lat' dir='ltr'><strong>ipsum</strong></span> <span class='ocrx_word' id='word_1_347' title='bbox 3424 976 3506 1030; x_wconf 92' lang='lat' dir='ltr'><strong>di-</strong></span> 
     </span>
    </p>
   </div>
   <div class='ocr_carea' id='block_1_48' title="bbox 1941 1065 3506 1122">
    <p class='ocr_par' dir='ltr' id='par_1_48' title="bbox 1941 1065 3506 1122">
     <span class='ocr_line' id='line_1_48' title="bbox 1941 1065 3506 1122; baseline 0.002 -6"><span class='ocrx_word' id='word_1_348' title='bbox 1941 1081 2226 1120; x_wconf 85' lang='lat' dir='ltr'><strong>versurum</strong></span> <span class='ocrx_word' id='word_1_349' title='bbox 2259 1066 2393 1120; x_wconf 80' lang='lat' dir='ltr'><strong>dixit</strong></span> <span class='ocrx_word' id='word_1_350' title='bbox 2427 1084 2440 1119; x_wconf 91' lang='lat'>:</span> <span class='ocrx_word' id='word_1_351' title='bbox 2475 1082 2659 1120; x_wconf 89' lang='lat' dir='ltr'><strong>verum</strong></span> <span class='ocrx_word' id='word_1_352' title='bbox 2696 1065 3025 1119; x_wconf 88' lang='lat' dir='ltr'><strong>narrationis</strong></span> <span class='ocrx_word' id='word_1_353' title='bbox 3071 1067 3242 1122; x_wconf 90' lang='lat' dir='ltr'><strong>series</strong></span> <span class='ocrx_word' id='word_1_354' title='bbox 3288 1066 3506 1121; x_wconf 91' lang='lat' dir='ltr'><strong>Saulem</strong></span> 
     </span>
    </p>
   </div>
   <div class='ocr_carea' id='block_1_49' title="bbox 1941 1156 3509 1221">
    <p class='ocr_par' dir='ltr' id='par_1_49' title="bbox 1941 1156 3509 1221">
     <span class='ocr_line' id='line_1_49' title="bbox 1941 1156 3509 1221; baseline 0.001 -11"><span class='ocrx_word' id='word_1_355' title='bbox 1941 1171 2063 1210; x_wconf 89' lang='lat' dir='ltr'><strong>cum</strong></span> <span class='ocrx_word' id='word_1_356' title='bbox 2097 1157 2272 1211; x_wconf 88' lang='lat' dir='ltr'><strong>tribus</strong></span> <span class='ocrx_word' id='word_1_357' title='bbox 2331 1156 2474 1221; x_wconf 88' lang='lat' dir='ltr'><strong>liliis,</strong></span> <span class='ocrx_word' id='word_1_358' title='bbox 2514 1164 2568 1209; x_wconf 89' lang='lat' dir='ltr'><strong>et</strong></span> <span class='ocrx_word' id='word_1_359' title='bbox 2623 1171 2727 1208; x_wconf 92' lang='lat' dir='ltr'><strong>non</strong></span> <span class='ocrx_word' id='word_1_360' title='bbox 2789 1169 2898 1207; x_wconf 91' lang='lat' dir='ltr'><strong>uno</strong></span> <span class='ocrx_word' id='word_1_361' title='bbox 2953 1156 3098 1218; x_wconf 89' lang='lat' dir='ltr'><strong>solo,</strong></span> <span class='ocrx_word' id='word_1_362' title='bbox 3143 1165 3202 1210; x_wconf 93' lang='lat' dir='ltr'><strong>ut</strong></span> <span class='ocrx_word' id='word_1_363' title='bbox 3233 1157 3322 1212; x_wconf 89' lang='lat' dir='ltr'><strong>ille</strong></span> <span class='ocrx_word' id='word_1_364' title='bbox 3358 1157 3509 1211; x_wconf 81' lang='lat' dir='ltr'><strong>dise-</strong></span> 
     </span>
    </p>
   </div>
   <div class='ocr_carea' id='block_1_50' title="bbox 1940 1244 3508 1316">
    <p class='ocr_par' dir='ltr' id='par_1_50' title="bbox 1940 1244 3508 1316">
     <span class='ocr_line' id='line_1_50' title="bbox 1940 1244 3508 1316; baseline 0.001 -15"><span class='ocrx_word' id='word_1_365' title='bbox 1940 1253 2044 1309; x_wconf 93' lang='lat' dir='ltr'><strong>rat,</strong></span> <span class='ocrx_word' id='word_1_366' title='bbox 2069 1255 2362 1300; x_wconf 92' lang='lat' dir='ltr'><strong>mactatum</strong></span> <span class='ocrx_word' id='word_1_367' title='bbox 2391 1245 2559 1301; x_wconf 82' lang='lat' dir='ltr'><strong>fuisse</strong></span> <span class='ocrx_word' id='word_1_368' title='bbox 2589 1247 2804 1300; x_wconf 86' lang='lat' dir='ltr'><strong>asserit.</strong></span> <span class='ocrx_word' id='word_1_369' title='bbox 2833 1244 3004 1316; x_wconf 87' lang='lat' dir='ltr'><strong>Igitur</strong></span> <span class='ocrx_word' id='word_1_370' title='bbox 3036 1246 3390 1316; x_wconf 67' lang='lat' dir='ltr'><strong>prmnotionis</strong></span> <span class='ocrx_word' id='word_1_371' title='bbox 3418 1247 3508 1302; x_wconf 89' lang='lat' dir='ltr'><strong>de-</strong></span> 
     </span>
    </p>
   </div>
   <div class='ocr_carea' id='block_1_51' title="bbox 1942 1337 3508 1408">
    <p class='ocr_par' dir='ltr' id='par_1_51' title="bbox 1942 1337 3508 1408">
     <span class='ocr_line' id='line_1_51' title="bbox 1942 1337 3508 1408; baseline 0.002 -17"><span class='ocrx_word' id='word_1_372' title='bbox 1942 1339 2083 1393; x_wconf 81' lang='lat' dir='ltr'><strong>fectu</strong></span> <span class='ocrx_word' id='word_1_373' title='bbox 2113 1338 2247 1392; x_wconf 82' lang='lat' dir='ltr'><strong>nihil</strong></span> <span class='ocrx_word' id='word_1_374' title='bbox 2279 1337 2388 1392; x_wconf 88' lang='lat' dir='ltr'><strong>veri</strong></span> <span class='ocrx_word' id='word_1_375' title='bbox 2418 1337 2626 1392; x_wconf 75' lang='lat' dir='ltr'><strong>daunon</strong></span> <span class='ocrx_word' id='word_1_376' title='bbox 2671 1338 2855 1392; x_wconf 88' lang='lat' dir='ltr'><strong>retulit</strong></span> <span class='ocrx_word' id='word_1_377' title='bbox 2886 1356 2899 1392; x_wconf 91' lang='lat'><strong>:</strong></span> <span class='ocrx_word' id='word_1_378' title='bbox 2931 1353 3106 1408; x_wconf 88' lang='lat' dir='ltr'><strong>neque</strong></span> <span class='ocrx_word' id='word_1_379' title='bbox 3153 1338 3298 1392; x_wconf 90' lang='lat' dir='ltr'><strong>enim</strong></span> <span class='ocrx_word' id='word_1_380' title='bbox 3347 1337 3508 1394; x_wconf 78' lang='lat' dir='ltr'><strong>factis</strong></span> 
     </span>
    </p>
   </div>
   <div class='ocr_carea' id='block_1_52' title="bbox 1939 1427 3506 1500">
    <p class='ocr_par' dir='ltr' id='par_1_52' title="bbox 1939 1427 3506 1500">
     <span class='ocr_line' id='line_1_52' title="bbox 1939 1427 3506 1500; baseline 0.001 -18"><span class='ocrx_word' id='word_1_381' title='bbox 1939 1429 2073 1500; x_wconf 81' lang='lat' dir='ltr'><strong>ipsis</strong></span> <span class='ocrx_word' id='word_1_382' title='bbox 2103 1427 2401 1498; x_wconf 79' lang='lat' dir='ltr'><strong>pugnantia</strong></span> <span class='ocrx_word' id='word_1_383' title='bbox 2451 1429 2791 1483; x_wconf 88' lang='lat' dir='ltr'><strong>enuntiasset</strong></span> <span class='ocrx_word' id='word_1_384' title='bbox 2824 1446 2837 1480; x_wconf 90' lang='lat'><strong>:</strong></span> <span class='ocrx_word' id='word_1_385' title='bbox 2874 1427 2968 1482; x_wconf 87' lang='lat' dir='ltr'><strong>sed</strong></span> <span class='ocrx_word' id='word_1_386' title='bbox 2994 1443 3022 1482; x_wconf 90' lang='lat' dir='ltr'><strong>a</strong></span> <span class='ocrx_word' id='word_1_387' title='bbox 3071 1427 3324 1483; x_wconf 84' lang='lat' dir='ltr'><strong>Samuele</strong></span> <span class='ocrx_word' id='word_1_388' title='bbox 3352 1430 3506 1499; x_wconf 80' lang='lat' dir='ltr'><strong>prius</strong></span> 
     </span>
    </p>
   </div>
   <div class='ocr_carea' id='block_1_53' title="bbox 1938 1520 3505 1590">
    <p class='ocr_par' dir='ltr' id='par_1_53' title="bbox 1938 1520 3505 1590">
     <span class='ocr_line' id='line_1_53' title="bbox 1938 1520 3505 1590; baseline 0.001 -17"><span class='ocrx_word' id='word_1_389' title='bbox 1938 1521 2251 1575; x_wconf 88' lang='lat' dir='ltr'><strong>memoratis</strong></span> <span class='ocrx_word' id='word_1_390' title='bbox 2280 1521 2566 1590; x_wconf 90' lang='lat' dir='ltr'><strong>surreptis,</strong></span> <span class='ocrx_word' id='word_1_391' title='bbox 2600 1521 2788 1590; x_wconf 90' lang='lat' dir='ltr'><strong>paucis</strong></span> <span class='ocrx_word' id='word_1_392' title='bbox 2818 1520 3118 1582; x_wconf 89' lang='lat' dir='ltr'><strong>nonnullis,</strong></span> <span class='ocrx_word' id='word_1_393' title='bbox 3154 1521 3330 1590; x_wconf 86' lang='lat' dir='ltr'><strong>iisque</strong></span> <span class='ocrx_word' id='word_1_394' title='bbox 3359 1523 3505 1576; x_wconf 84' lang='lat' dir='ltr'><strong>veri-</strong></span> 
     </span>
    </p>
   </div>
   <div class='ocr_carea' id='block_1_54' title="bbox 1937 1607 3502 1678">
    <p class='ocr_par' dir='ltr' id='par_1_54' title="bbox 1937 1607 3502 1678">
     <span class='ocr_line' id='line_1_54' title="bbox 1937 1607 3502 1678; baseline -0.001 -14"><span class='ocrx_word' id='word_1_395' title='bbox 1937 1609 2225 1672; x_wconf 83' lang='lat' dir='ltr'><strong>similibus,</strong></span> <span class='ocrx_word' id='word_1_396' title='bbox 2275 1611 2522 1667; x_wconf 80' lang='lat' dir='ltr'><strong>annexis,</strong></span> <span class='ocrx_word' id='word_1_397' title='bbox 2566 1616 2793 1662; x_wconf 88' lang='lat' dir='ltr'><strong>mortem</strong></span> <span class='ocrx_word' id='word_1_398' title='bbox 2827 1607 2937 1677; x_wconf 91' lang='lat' dir='ltr'><strong>regi</strong></span> <span class='ocrx_word' id='word_1_399' title='bbox 2972 1608 3318 1678; x_wconf 63' lang='lat' dir='ltr'><strong>praenuntiat,</strong></span> <span class='ocrx_word' id='word_1_400' title='bbox 3355 1608 3502 1662; x_wconf 90' lang='lat' dir='ltr'><strong>illius</strong></span> 
     </span>
    </p>
   </div>
   <div class='ocr_carea' id='block_1_55' title="bbox 1938 1699 3503 1770">
    <p class='ocr_par' dir='ltr' id='par_1_55' title="bbox 1938 1699 3503 1770">
     <span class='ocr_line' id='line_1_55' title="bbox 1938 1699 3503 1770; baseline -0.003 -14"><span class='ocrx_word' id='word_1_401' title='bbox 1938 1703 2162 1756; x_wconf 85' lang='lat' dir='ltr'><strong>vocibus</strong></span> <span class='ocrx_word' id='word_1_402' title='bbox 2192 1702 2415 1757; x_wconf 91' lang='lat' dir='ltr'><strong>abusus.</strong></span> <span class='ocrx_word' id='word_1_403' title='bbox 2453 1700 2707 1766; x_wconf 81' lang='lat' dir='ltr'><strong>Quiniino</strong></span> <span class='ocrx_word' id='word_1_404' title='bbox 2729 1715 2850 1754; x_wconf 90' lang='lat' dir='ltr'><strong>cum</strong></span> <span class='ocrx_word' id='word_1_405' title='bbox 2883 1699 3144 1770; x_wconf 86' lang='lat' dir='ltr'><strong>propheta</strong></span> <span class='ocrx_word' id='word_1_406' title='bbox 3192 1699 3325 1754; x_wconf 85' lang='lat' dir='ltr'><strong>satis</strong></span> <span class='ocrx_word' id='word_1_407' title='bbox 3349 1715 3503 1769; x_wconf 90' lang='lat' dir='ltr'><strong>aper-</strong></span> 
     </span>
    </p>
   </div>
   <div class='ocr_carea' id='block_1_56' title="bbox 1941 1789 3507 1860">
    <p class='ocr_par' dir='ltr' id='par_1_56' title="bbox 1941 1789 3507 1860">
     <span class='ocr_line' id='line_1_56' title="bbox 1941 1789 3507 1860; baseline 0 -14"><span class='ocrx_word' id='word_1_408' title='bbox 1941 1800 1994 1846; x_wconf 87' lang='lat' dir='ltr'><strong>te</strong></span> <span class='ocrx_word' id='word_1_409' title='bbox 2017 1791 2355 1846; x_wconf 76' lang='lat' dir='ltr'><strong>scindendum</strong></span> <span class='ocrx_word' id='word_1_410' title='bbox 2396 1791 2641 1860; x_wconf 82' lang='lat' dir='ltr'><strong>populum</strong></span> <span class='ocrx_word' id='word_1_411' title='bbox 2675 1789 2925 1854; x_wconf 82' lang='lat' dir='ltr'><strong>dixisset,</strong></span> <span class='ocrx_word' id='word_1_412' title='bbox 2961 1791 3076 1860; x_wconf 89' lang='lat' dir='ltr'><strong>ipse</strong></span> <span class='ocrx_word' id='word_1_413' title='bbox 3122 1800 3299 1844; x_wconf 87' lang='lat' dir='ltr'><strong>castra</strong></span> <span class='ocrx_word' id='word_1_414' title='bbox 3335 1790 3507 1846; x_wconf 74' lang='lat' dir='ltr'><strong>Israel</strong></span> 
     </span>
    </p>
   </div>
   <div class='ocr_carea' id='block_1_57' title="bbox 1943 1880 3504 1954">
    <p class='ocr_par' dir='ltr' id='par_1_57' title="bbox 1943 1880 3504 1954">
     <span class='ocr_line' id='line_1_57' title="bbox 1943 1880 3504 1954; baseline -0.001 -17"><span class='ocrx_word' id='word_1_415' title='bbox 1943 1883 2199 1938; x_wconf 86' lang='lat' dir='ltr'><strong>tradenda</strong></span> <span class='ocrx_word' id='word_1_416' title='bbox 2227 1885 2599 1954; x_wconf 85' lang='lat' dir='ltr'><strong>pollicebatur.</strong></span> <span class='ocrx_word' id='word_1_417' title='bbox 2639 1880 2824 1952; x_wconf 86' lang='lat' dir='ltr'><strong>Itaque</strong></span> <span class='ocrx_word' id='word_1_418' title='bbox 2855 1898 2978 1937; x_wconf 88' lang='lat' dir='ltr'><strong>cum</strong></span> <span class='ocrx_word' id='word_1_419' title='bbox 3019 1884 3356 1952; x_wconf 88' lang='lat' dir='ltr'><strong>conspiceret</strong></span> <span class='ocrx_word' id='word_1_420' title='bbox 3407 1899 3504 1953; x_wconf 90' lang='lat' dir='ltr'><strong>pa-</strong></span> 
     </span>
    </p>
   </div>
   <div class='ocr_carea' id='block_1_58' title="bbox 1941 1975 3506 2046">
    <p class='ocr_par' dir='ltr' id='par_1_58' title="bbox 1941 1975 3506 2046">
     <span class='ocr_line' id='line_1_58' title="bbox 1941 1975 3506 2046; baseline 0 -17"><span class='ocrx_word' id='word_1_421' title='bbox 1941 1984 2090 2031; x_wconf 89' lang='lat' dir='ltr'><strong>ratas</strong></span> <span class='ocrx_word' id='word_1_422' title='bbox 2121 1976 2245 2032; x_wconf 90' lang='lat' dir='ltr'><strong>belli</strong></span> <span class='ocrx_word' id='word_1_423' title='bbox 2278 1977 2561 2029; x_wconf 83' lang='lat' dir='ltr'><strong>machinas</strong></span> <span class='ocrx_word' id='word_1_424' title='bbox 2582 2015 2596 2037; x_wconf 92' lang='lat'><strong>,</strong></span> <span class='ocrx_word' id='word_1_425' title='bbox 2623 1975 2814 2030; x_wconf 91' lang='lat' dir='ltr'><strong>ducem</strong></span> <span class='ocrx_word' id='word_1_426' title='bbox 2849 1975 3032 2045; x_wconf 88' lang='lat' dir='ltr'><strong>populi</strong></span> <span class='ocrx_word' id='word_1_427' title='bbox 3067 1975 3262 2030; x_wconf 91' lang='lat' dir='ltr'><strong>timore</strong></span> <span class='ocrx_word' id='word_1_428' title='bbox 3298 1984 3506 2046; x_wconf 83' lang='lat' dir='ltr'><strong>perter-</strong></span> 
     </span>
    </p>
   </div>
   <div class='ocr_carea' id='block_1_59' title="bbox 1940 2070 3504 2141">
    <p class='ocr_par' dir='ltr' id='par_1_59' title="bbox 1940 2070 3504 2141">
     <span class='ocr_line' id='line_1_59' title="bbox 1940 2070 3504 2141; baseline -0.001 -14"><span class='ocrx_word' id='word_1_429' title='bbox 1940 2075 2130 2136; x_wconf 89' lang='lat' dir='ltr'><strong>ritum,</strong></span> <span class='ocrx_word' id='word_1_430' title='bbox 2162 2072 2692 2133; x_wconf 90' lang='lat' dir='ltr'><strong>contremiscentem,</strong></span> <span class='ocrx_word' id='word_1_431' title='bbox 2731 2071 2795 2124; x_wconf 88' lang='lat' dir='ltr'><strong>ad</strong></span> <span class='ocrx_word' id='word_1_432' title='bbox 2844 2072 2956 2125; x_wconf 75' lang='lat' dir='ltr'><strong>haec</strong></span> <span class='ocrx_word' id='word_1_433' title='bbox 2992 2071 3060 2125; x_wconf 92' lang='lat' dir='ltr'><strong>ab</strong></span> <span class='ocrx_word' id='word_1_434' title='bbox 3101 2071 3219 2141; x_wconf 88' lang='lat' dir='ltr'><strong>ipso</strong></span> <span class='ocrx_word' id='word_1_435' title='bbox 3259 2070 3367 2125; x_wconf 60' lang='lat' dir='ltr'><strong>Dro</strong></span> <span class='ocrx_word' id='word_1_436' title='bbox 3409 2071 3504 2125; x_wconf 86' lang='lat' dir='ltr'><strong>de-</strong></span> 
     </span>
    </p>
   </div>
   <div class='ocr_carea' id='block_1_60' title="bbox 1941 2162 3500 2234">
    <p class='ocr_par' dir='ltr' id='par_1_60' title="bbox 1941 2162 3500 2234">
     <span class='ocr_line' id='line_1_60' title="bbox 1941 2162 3500 2234; baseline -0.001 -16"><span class='ocrx_word' id='word_1_437' title='bbox 1941 2164 2188 2218; x_wconf 87' lang='lat' dir='ltr'><strong>relictum</strong></span> <span class='ocrx_word' id='word_1_438' title='bbox 2225 2162 2444 2234; x_wconf 88' lang='lat' dir='ltr'><strong>(quibus</strong></span> <span class='ocrx_word' id='word_1_439' title='bbox 2479 2163 2732 2231; x_wconf 89' lang='lat' dir='ltr'><strong>princeps</strong></span> <span class='ocrx_word' id='word_1_440' title='bbox 2775 2162 3086 2231; x_wconf 87' lang='lat' dir='ltr'><strong>conjectura</strong></span> <span class='ocrx_word' id='word_1_441' title='bbox 3132 2177 3240 2216; x_wconf 94' lang='lat' dir='ltr'><strong>non</strong></span> <span class='ocrx_word' id='word_1_442' title='bbox 3275 2163 3376 2216; x_wconf 87' lang='lat' dir='ltr'><strong>levi</strong></span> <span class='ocrx_word' id='word_1_443' title='bbox 3409 2177 3500 2216; x_wconf 89' lang='lat' dir='ltr'><strong>as-</strong></span> 
     </span>
    </p>
   </div>
   <div class='ocr_carea' id='block_1_61' title="bbox 1941 2251 3502 2323">
    <p class='ocr_par' dir='ltr' id='par_1_61' title="bbox 1941 2251 3502 2323">
     <span class='ocr_line' id='line_1_61' title="bbox 1941 2251 3502 2323; baseline -0.002 -13"><span class='ocrx_word' id='word_1_444' title='bbox 1941 2261 2160 2310; x_wconf 89' lang='lat' dir='ltr'><strong>secutus</strong></span> <span class='ocrx_word' id='word_1_445' title='bbox 2199 2252 2500 2323; x_wconf 89' lang='lat' dir='ltr'><strong>pr0phetiei</strong></span> <span class='ocrx_word' id='word_1_446' title='bbox 2534 2252 2742 2306; x_wconf 90' lang='lat' dir='ltr'><strong>oraculi</strong></span> <span class='ocrx_word' id='word_1_447' title='bbox 2786 2251 2897 2320; x_wconf 91' lang='lat' dir='ltr'><strong>jam</strong></span> <span class='ocrx_word' id='word_1_448' title='bbox 2930 2254 3089 2307; x_wconf 78' lang='lat' dir='ltr'><strong>finem</strong></span> <span class='ocrx_word' id='word_1_449' title='bbox 3117 2269 3239 2307; x_wconf 91' lang='lat' dir='ltr'><strong>esse</strong></span> <span class='ocrx_word' id='word_1_450' title='bbox 3263 2269 3502 2308; x_wconf 90' lang='lat' dir='ltr'><strong>comme-</strong></span> 
     </span>
    </p>
   </div>
   <div class='ocr_carea' id='block_1_62' title="bbox 1939 2343 3494 2415">
    <p class='ocr_par' dir='ltr' id='par_1_62' title="bbox 1939 2343 3494 2415">
     <span class='ocr_line' id='line_1_62' title="bbox 1939 2343 3494 2415; baseline -0.001 -17"><span class='ocrx_word' id='word_1_451' title='bbox 1939 2344 2227 2415; x_wconf 79' lang='lat' dir='ltr'><strong>morabat),</strong></span> <span class='ocrx_word' id='word_1_452' title='bbox 2261 2343 2327 2396; x_wconf 92' lang='lat' dir='ltr'><strong>ad</strong></span> <span class='ocrx_word' id='word_1_453' title='bbox 2367 2349 2664 2412; x_wconf 60' lang='lat' dir='ltr'><strong>prasentes</strong></span> <span class='ocrx_word' id='word_1_454' title='bbox 2698 2349 2879 2398; x_wconf 87' lang='lat' dir='ltr'><strong>motus</strong></span> <span class='ocrx_word' id='word_1_455' title='bbox 2908 2345 3210 2397; x_wconf 90' lang='lat' dir='ltr'><strong>orationem</strong></span> <span class='ocrx_word' id='word_1_456' title='bbox 3265 2358 3494 2398; x_wconf 88' lang='lat' dir='ltr'><strong>conver-</strong></span> 
     </span>
    </p>
   </div>
   <div class='ocr_carea' id='block_1_63' title="bbox 1940 2433 3499 2504">
    <p class='ocr_par' dir='ltr' id='par_1_63' title="bbox 1940 2433 3499 2504">
     <span class='ocr_line' id='line_1_63' title="bbox 1940 2433 3499 2504; baseline -0.001 -15"><span class='ocrx_word' id='word_1_457' title='bbox 1940 2444 2054 2490; x_wconf 87' lang='lat' dir='ltr'><strong>tere</strong></span> <span class='ocrx_word' id='word_1_458' title='bbox 2078 2436 2372 2489; x_wconf 87' lang='lat' dir='ltr'><strong>simulavit.</strong></span> <span class='ocrx_word' id='word_1_459' title='bbox 2415 2434 2760 2503; x_wconf 68' lang='lat' dir='ltr'><strong>Quascunque</strong></span> <span class='ocrx_word' id='word_1_460' title='bbox 2810 2433 2992 2504; x_wconf 84' lang='lat' dir='ltr'><strong>itaque</strong></span> <span class='ocrx_word' id='word_1_461' title='bbox 3039 2435 3106 2489; x_wconf 91' lang='lat' dir='ltr'><strong>de</strong></span> <span class='ocrx_word' id='word_1_462' title='bbox 3140 2449 3240 2489; x_wconf 91' lang='lat' dir='ltr'><strong>suo</strong></span> <span class='ocrx_word' id='word_1_463' title='bbox 3275 2434 3499 2501; x_wconf 89' lang='lat' dir='ltr'><strong>addidit,</strong></span> 
     </span>
    </p>
   </div>
   <div class='ocr_carea' id='block_1_64' title="bbox 1939 2524 3497 2595">
    <p class='ocr_par' dir='ltr' id='par_1_64' title="bbox 1939 2524 3497 2595">
     <span class='ocr_line' id='line_1_64' title="bbox 1939 2524 3497 2595; baseline -0.003 -15"><span class='ocrx_word' id='word_1_464' title='bbox 1939 2526 2046 2580; x_wconf 91' lang='lat' dir='ltr'><strong>illis</strong></span> <span class='ocrx_word' id='word_1_465' title='bbox 2072 2535 2253 2595; x_wconf 88' lang='lat' dir='ltr'><strong>aperte</strong></span> <span class='ocrx_word' id='word_1_466' title='bbox 2283 2525 2540 2580; x_wconf 83' lang='lat' dir='ltr'><strong>mentitus</strong></span> <span class='ocrx_word' id='word_1_467' title='bbox 2556 2533 2637 2580; x_wconf 91' lang='lat' dir='ltr'><strong>est</strong></span> <span class='ocrx_word' id='word_1_468' title='bbox 2661 2543 2674 2578; x_wconf 78' lang='grc' dir='ltr'><strong>ι</strong></span> <span class='ocrx_word' id='word_1_469' title='bbox 2699 2525 2898 2595; x_wconf 90' lang='lat' dir='ltr'><strong>quippe</strong></span> <span class='ocrx_word' id='word_1_470' title='bbox 2927 2540 3102 2594; x_wconf 89' lang='lat' dir='ltr'><strong>neque</strong></span> <span class='ocrx_word' id='word_1_471' title='bbox 3125 2526 3312 2580; x_wconf 88' lang='lat' dir='ltr'><strong>mortis</strong></span> <span class='ocrx_word' id='word_1_472' title='bbox 3334 2524 3497 2588; x_wconf 87' lang='lat' dir='ltr'><strong>diem,</strong></span> 
     </span>
    </p>
   </div>
   <div class='ocr_carea' id='block_1_65' title="bbox 1938 2605 3499 2689">
    <p class='ocr_par' dir='ltr' id='par_1_65' title="bbox 1938 2605 3499 2689">
     <span class='ocr_line' id='line_1_65' title="bbox 1938 2605 3499 2689; baseline -0.004 -15"><span class='ocrx_word' id='word_1_473' title='bbox 1938 2635 2115 2689; x_wconf 88' lang='lat' dir='ltr'><strong>neque</strong></span> <span class='ocrx_word' id='word_1_474' title='bbox 2161 2619 2388 2671; x_wconf 83' lang='lat' dir='ltr'><strong>ﬁliorum</strong></span> <span class='ocrx_word' id='word_1_475' title='bbox 2446 2614 2626 2671; x_wconf 90' lang='lat' dir='ltr'><strong>Saulis</strong></span> <span class='ocrx_word' id='word_1_476' title='bbox 2666 2631 2895 2686; x_wconf 82' lang='lat' dir='ltr'><strong>quorum</strong></span> <span class='ocrx_word' id='word_1_477' title='bbox 2951 2605 3238 2686; x_wconf 88' lang='lat' dir='ltr'><strong>Scriptura</strong></span> <span class='ocrx_word' id='word_1_478' title='bbox 3281 2615 3499 2669; x_wconf 88' lang='lat' dir='ltr'><strong>nomina</strong></span> 
     </span>
    </p>
   </div>
   <div class='ocr_carea' id='block_1_66' title="bbox 1939 2705 3500 2778">
    <p class='ocr_par' dir='ltr' id='par_1_66' title="bbox 1939 2705 3500 2778">
     <span class='ocr_line' id='line_1_66' title="bbox 1939 2705 3500 2778; baseline -0.003 -14"><span class='ocrx_word' id='word_1_479' title='bbox 1939 2711 2094 2772; x_wconf 84' lang='lat' dir='ltr'><strong>dixit,</strong></span> <span class='ocrx_word' id='word_1_480' title='bbox 2129 2709 2305 2778; x_wconf 85' lang='lat' dir='ltr'><strong>potuit</strong></span> <span class='ocrx_word' id='word_1_481' title='bbox 2340 2708 2649 2777; x_wconf 62' lang='lat' dir='ltr'><strong>praesagire.</strong></span> <span class='ocrx_word' id='word_1_482' title='bbox 2681 2706 2775 2762; x_wconf 84' lang='lat' dir='ltr'><strong>His</strong></span> <span class='ocrx_word' id='word_1_483' title='bbox 2817 2705 2974 2761; x_wconf 86' lang='lat' dir='ltr'><strong>facile</strong></span> <span class='ocrx_word' id='word_1_484' title='bbox 3007 2723 3298 2776; x_wconf 90' lang='lat' dir='ltr'><strong>possumus</strong></span> <span class='ocrx_word' id='word_1_485' title='bbox 3327 2721 3500 2777; x_wconf 81' lang='lat' dir='ltr'><strong>agno-</strong></span> 
     </span>
    </p>
   </div>
   <div class='ocr_carea' id='block_1_67' title="bbox 1939 2798 3501 2868">
    <p class='ocr_par' dir='ltr' id='par_1_67' title="bbox 1939 2798 3501 2868">
     <span class='ocr_line' id='line_1_67' title="bbox 1939 2798 3501 2868; baseline -0.004 -11"><span class='ocrx_word' id='word_1_486' title='bbox 1939 2818 2110 2864; x_wconf 89' lang='lat' dir='ltr'><strong>scere,</strong></span> <span class='ocrx_word' id='word_1_487' title='bbox 2156 2800 2289 2854; x_wconf 91' lang='lat' dir='ltr'><strong>nihil</strong></span> <span class='ocrx_word' id='word_1_488' title='bbox 2321 2798 2620 2868; x_wconf 89' lang='lat' dir='ltr'><strong>proprium,</strong></span> <span class='ocrx_word' id='word_1_489' title='bbox 2660 2799 2793 2852; x_wconf 91' lang='lat' dir='ltr'><strong>nihil</strong></span> <span class='ocrx_word' id='word_1_490' title='bbox 2826 2814 3011 2853; x_wconf 78' lang='lat' dir='ltr'><strong>verum</strong></span> <span class='ocrx_word' id='word_1_491' title='bbox 3064 2798 3311 2868; x_wconf 88' lang='lat' dir='ltr'><strong>spiritum</strong></span> <span class='ocrx_word' id='word_1_492' title='bbox 3361 2813 3501 2868; x_wconf 56' lang='lat' dir='ltr'><strong>praea-</strong></span> 
     </span>
    </p>
   </div>
   <div class='ocr_carea' id='block_1_68' title="bbox 1939 2889 3500 2959">
    <p class='ocr_par' dir='ltr' id='par_1_68' title="bbox 1939 2889 3500 2959">
     <span class='ocr_line' id='line_1_68' title="bbox 1939 2889 3500 2959; baseline -0.005 -9"><span class='ocrx_word' id='word_1_493' title='bbox 1939 2895 2240 2959; x_wconf 90' lang='lat' dir='ltr'><strong>nuntiasse,</strong></span> <span class='ocrx_word' id='word_1_494' title='bbox 2261 2893 2356 2947; x_wconf 89' lang='lat' dir='ltr'><strong>sed</strong></span> <span class='ocrx_word' id='word_1_495' title='bbox 2389 2889 2655 2946; x_wconf 87' lang='lat' dir='ltr'><strong>Samuelis</strong></span> <span class='ocrx_word' id='word_1_496' title='bbox 2677 2891 2838 2946; x_wconf 86' lang='lat' dir='ltr'><strong>verba</strong></span> <span class='ocrx_word' id='word_1_497' title='bbox 2864 2890 3184 2946; x_wconf 81' lang='lat' dir='ltr'><strong>suﬂ&#39;uratum</strong></span> <span class='ocrx_word' id='word_1_498' title='bbox 3207 2900 3261 2944; x_wconf 93' lang='lat' dir='ltr'><strong>et</strong></span> <span class='ocrx_word' id='word_1_499' title='bbox 3293 2899 3349 2943; x_wconf 94' lang='lat' dir='ltr'><strong>ut</strong></span> <span class='ocrx_word' id='word_1_500' title='bbox 3381 2906 3500 2959; x_wconf 84' lang='lat' dir='ltr'><strong>pro-</strong></span> 
     </span>
    </p>
   </div>
   <div class='ocr_carea' id='block_1_69' title="bbox 1939 2984 3494 3062">
    <p class='ocr_par' dir='ltr' id='par_1_69' title="bbox 1939 2984 3494 3062">
     <span class='ocr_line' id='line_1_69' title="bbox 1939 2984 3494 3062; baseline -0.004 -22"><span class='ocrx_word' id='word_1_501' title='bbox 1939 2987 2056 3059; x_wconf 90' lang='lat' dir='ltr'><strong>pria</strong></span> <span class='ocrx_word' id='word_1_502' title='bbox 2096 2987 2461 3041; x_wconf 82' lang='lat' dir='ltr'><strong>venditantem</strong></span> <span class='ocrx_word' id='word_1_503' title='bbox 2515 2985 2861 3042; x_wconf 77' lang='lat' dir='ltr'><strong>existimasse</strong></span> <span class='ocrx_word' id='word_1_504' title='bbox 2921 2999 2980 3038; x_wconf 90' lang='lat' dir='ltr'><strong>se</strong></span> <span class='ocrx_word' id='word_1_505' title='bbox 3029 2984 3374 3062; x_wconf 80' lang='lat' dir='ltr'><strong>prophetare,</strong></span> <span class='ocrx_word' id='word_1_506' title='bbox 3419 2993 3494 3047; x_wconf 89' lang='lat' dir='ltr'><strong>et,</strong></span> 
     </span>
    </p>
   </div>
   <div class='ocr_carea' id='block_1_70' title="bbox 1939 3073 3498 3149">
    <p class='ocr_par' dir='ltr' id='par_1_70' title="bbox 1939 3073 3498 3149">
     <span class='ocr_line' id='line_1_70' title="bbox 1939 3073 3498 3149; baseline -0.004 -15"><span class='ocrx_word' id='word_1_507' title='bbox 1939 3078 2079 3149; x_wconf 86' lang='lat' dir='ltr'><strong>quod</strong></span> <span class='ocrx_word' id='word_1_508' title='bbox 2102 3079 2430 3148; x_wconf 76' lang='lat' dir='ltr'><strong>praecipuum</strong></span> <span class='ocrx_word' id='word_1_509' title='bbox 2462 3085 2564 3141; x_wconf 87' lang='lat' dir='ltr'><strong>est,</strong></span> <span class='ocrx_word' id='word_1_510' title='bbox 2586 3093 2760 3148; x_wconf 83' lang='lat' dir='ltr'><strong>neque</strong></span> <span class='ocrx_word' id='word_1_511' title='bbox 2780 3092 2842 3134; x_wconf 89' lang='lat' dir='ltr'><strong>ea</strong></span> <span class='ocrx_word' id='word_1_512' title='bbox 2872 3075 3077 3144; x_wconf 88' lang='lat' dir='ltr'><strong>absque</strong></span> <span class='ocrx_word' id='word_1_513' title='bbox 3112 3073 3391 3128; x_wconf 86' lang='lat' dir='ltr'><strong>mendacio</strong></span> <span class='ocrx_word' id='word_1_514' title='bbox 3415 3073 3498 3128; x_wconf 92' lang='lat' dir='ltr'><strong>di-</strong></span> 
     </span>
    </p>
   </div>
   <div class='ocr_carea' id='block_1_71' title="bbox 1935 3167 3499 3242">
    <p class='ocr_par' dir='ltr' id='par_1_71' title="bbox 1935 3167 3499 3242">
     <span class='ocr_line' id='line_1_71' title="bbox 1935 3167 3499 3242; baseline -0.003 -16"><span class='ocrx_word' id='word_1_515' title='bbox 1935 3172 2170 3227; x_wconf 88' lang='lat' dir='ltr'><strong>vinasse.</strong></span> <span class='ocrx_word' id='word_1_516' title='bbox 2207 3170 2263 3226; x_wconf 91' lang='lat' dir='ltr'><strong>Si</strong></span> <span class='ocrx_word' id='word_1_517' title='bbox 2295 3187 2422 3242; x_wconf 90' lang='lat' dir='ltr'><strong>ergo</strong></span> <span class='ocrx_word' id='word_1_518' title='bbox 2453 3179 2506 3225; x_wconf 90' lang='lat' dir='ltr'><strong>et</strong></span> <span class='ocrx_word' id='word_1_519' title='bbox 2552 3171 2816 3225; x_wconf 89' lang='lat' dir='ltr'><strong>bellorum</strong></span> <span class='ocrx_word' id='word_1_520' title='bbox 2866 3180 3029 3224; x_wconf 74' lang='lat' dir='ltr'><strong>:rstus</strong></span> <span class='ocrx_word' id='word_1_521' title='bbox 3053 3167 3499 3237; x_wconf 72' lang='lat' dir='ltr'><strong>eﬂ‘usionumque</strong></span> 
     </span>
    </p>
   </div>
   <div class='ocr_carea' id='block_1_72' title="bbox 1936 3259 3498 3334">
    <p class='ocr_par' dir='ltr' id='par_1_72' title="bbox 1936 3259 3498 3334">
     <span class='ocr_line' id='line_1_72' title="bbox 1936 3259 3498 3334; baseline -0.005 -13"><span class='ocrx_word' id='word_1_522' title='bbox 1936 3264 2222 3334; x_wconf 75' lang='lat' dir='ltr'><strong>sanguinis</strong></span> <span class='ocrx_word' id='word_1_523' title='bbox 2250 3264 2449 3318; x_wconf 85' lang='lat' dir='ltr'><strong>ﬂuenta</strong></span> <span class='ocrx_word' id='word_1_524' title='bbox 2481 3261 2856 3317; x_wconf 88' lang='lat' dir='ltr'><strong>crudelissima</strong></span> <span class='ocrx_word' id='word_1_525' title='bbox 2882 3261 3216 3330; x_wconf 77' lang='lat' dir='ltr'><strong>przecineret,</strong></span> <span class='ocrx_word' id='word_1_526' title='bbox 3241 3259 3365 3328; x_wconf 90' lang='lat' dir='ltr'><strong>quis</strong></span> <span class='ocrx_word' id='word_1_527' title='bbox 3380 3273 3498 3313; x_wconf 89' lang='lat' dir='ltr'><strong>om-</strong></span> 
     </span>
    </p>
   </div>
   <div class='ocr_carea' id='block_1_73' title="bbox 1935 3351 3499 3426">
    <p class='ocr_par' dir='ltr' id='par_1_73' title="bbox 1935 3351 3499 3426">
     <span class='ocr_line' id='line_1_73' title="bbox 1935 3351 3499 3426; baseline -0.003 -16"><span class='ocrx_word' id='word_1_528' title='bbox 1935 3357 2083 3411; x_wconf 90' lang='lat' dir='ltr'><strong>nium</strong></span> <span class='ocrx_word' id='word_1_529' title='bbox 2133 3363 2219 3411; x_wconf 89' lang='lat' dir='ltr'><strong>est</strong></span> <span class='ocrx_word' id='word_1_530' title='bbox 2269 3356 2423 3426; x_wconf 80' lang='lat' dir='ltr'><strong>origo</strong></span> <span class='ocrx_word' id='word_1_531' title='bbox 2470 3355 2772 3409; x_wconf 79' lang='lat' dir='ltr'><strong>bellorum?</strong></span> <span class='ocrx_word' id='word_1_532' title='bbox 2822 3368 3001 3406; x_wconf 90' lang='lat' dir='ltr'><strong>nonne</strong></span> <span class='ocrx_word' id='word_1_533' title='bbox 3053 3353 3166 3421; x_wconf 89' lang='lat' dir='ltr'><strong>ipse</strong></span> <span class='ocrx_word' id='word_1_534' title='bbox 3213 3351 3499 3406; x_wconf 86' lang='lat' dir='ltr'><strong>diabolus?</strong></span> 
     </span>
    </p>
   </div>
   <div class='ocr_carea' id='block_1_74' title="bbox 1934 3442 3496 3516">
    <p class='ocr_par' dir='ltr' id='par_1_74' title="bbox 1934 3442 3496 3516">
     <span class='ocr_line' id='line_1_74' title="bbox 1934 3442 3496 3516; baseline -0.004 -14"><span class='ocrx_word' id='word_1_535' title='bbox 1934 3449 2123 3502; x_wconf 82' lang='lat' dir='ltr'><strong>Nonne</strong></span> <span class='ocrx_word' id='word_1_536' title='bbox 2174 3446 2368 3501; x_wconf 80' lang='lat' dir='ltr'><strong>Jobum</strong></span> <span class='ocrx_word' id='word_1_537' title='bbox 2424 3447 2538 3516; x_wconf 90' lang='lat' dir='ltr'><strong>ipse</strong></span> <span class='ocrx_word' id='word_1_538' title='bbox 2584 3444 2862 3514; x_wconf 89' lang='lat' dir='ltr'><strong>deposcit?</strong></span> <span class='ocrx_word' id='word_1_539' title='bbox 2908 3459 3085 3498; x_wconf 87' lang='lat' dir='ltr'><strong>nonne</strong></span> <span class='ocrx_word' id='word_1_540' title='bbox 3130 3443 3231 3512; x_wconf 92' lang='lat' dir='ltr'><strong>ipsi</strong></span> <span class='ocrx_word' id='word_1_541' title='bbox 3294 3442 3496 3496; x_wconf 86' lang='lat' dir='ltr'><strong>bellum</strong></span> 
     </span>
    </p>
   </div>
   <div class='ocr_carea' id='block_1_75' title="bbox 1938 3533 3495 3606">
    <p class='ocr_par' dir='ltr' id='par_1_75' title="bbox 1938 3533 3495 3606">
     <span class='ocr_line' id='line_1_75' title="bbox 1938 3533 3495 3606; baseline -0.006 -10"><span class='ocrx_word' id='word_1_542' title='bbox 1938 3541 2270 3596; x_wconf 77' lang='lat' dir='ltr'><strong>inexorabile</strong></span> <span class='ocrx_word' id='word_1_543' title='bbox 2308 3538 2604 3594; x_wconf 79' lang='lat' dir='ltr'><strong>excitavit?</strong></span> <span class='ocrx_word' id='word_1_544' title='bbox 2637 3552 2818 3592; x_wconf 90' lang='lat' dir='ltr'><strong>nonne</strong></span> <span class='ocrx_word' id='word_1_545' title='bbox 2850 3536 3046 3606; x_wconf 64' lang='lat' dir='ltr'><strong>saepius</strong></span> <span class='ocrx_word' id='word_1_546' title='bbox 3072 3538 3126 3588; x_wconf 93' lang='lat' dir='ltr'><strong>in</strong></span> <span class='ocrx_word' id='word_1_547' title='bbox 3161 3534 3341 3590; x_wconf 85' lang='lat' dir='ltr'><strong>varias</strong></span> <span class='ocrx_word' id='word_1_548' title='bbox 3380 3533 3495 3588; x_wconf 81' lang='lat' dir='ltr'><strong>for—</strong></span> 
     </span>
    </p>
   </div>
   <div class='ocr_carea' id='block_1_76' title="bbox 1937 3626 3496 3701">
    <p class='ocr_par' dir='ltr' id='par_1_76' title="bbox 1937 3626 3496 3701">
     <span class='ocr_line' id='line_1_76' title="bbox 1937 3626 3496 3701; baseline -0.005 -13"><span class='ocrx_word' id='word_1_549' title='bbox 1937 3649 2054 3688; x_wconf 89' lang='lat' dir='ltr'><strong>mas</strong></span> <span class='ocrx_word' id='word_1_550' title='bbox 2079 3640 2317 3686; x_wconf 90' lang='lat' dir='ltr'><strong>mutatus</strong></span> <span class='ocrx_word' id='word_1_551' title='bbox 2352 3632 2467 3701; x_wconf 90' lang='lat' dir='ltr'><strong>ipse</strong></span> <span class='ocrx_word' id='word_1_552' title='bbox 2499 3629 2722 3685; x_wconf 88' lang='lat' dir='ltr'><strong>nuntius</strong></span> <span class='ocrx_word' id='word_1_553' title='bbox 2754 3629 2914 3683; x_wconf 89' lang='lat' dir='ltr'><strong>simul</strong></span> <span class='ocrx_word' id='word_1_554' title='bbox 2946 3637 3000 3682; x_wconf 88' lang='lat' dir='ltr'><strong>et</strong></span> <span class='ocrx_word' id='word_1_555' title='bbox 3029 3627 3206 3689; x_wconf 90' lang='lat' dir='ltr'><strong>testis,</strong></span> <span class='ocrx_word' id='word_1_556' title='bbox 3235 3633 3288 3680; x_wconf 89' lang='lat' dir='ltr'><strong>et</strong></span> <span class='ocrx_word' id='word_1_557' title='bbox 3321 3626 3496 3680; x_wconf 85' lang='lat' dir='ltr'><strong>tribu—-</strong></span> 
     </span>
    </p>
   </div>
   <div class='ocr_carea' id='block_1_77' title="bbox 1939 3718 3495 3789">
    <p class='ocr_par' dir='ltr' id='par_1_77' title="bbox 1939 3718 3495 3789">
     <span class='ocr_line' id='line_1_77' title="bbox 1939 3718 3495 3789; baseline -0.007 -9"><span class='ocrx_word' id='word_1_558' title='bbox 1939 3743 2043 3782; x_wconf 89' lang='lat' dir='ltr'><strong>nus</strong></span> <span class='ocrx_word' id='word_1_559' title='bbox 2063 3725 2318 3788; x_wconf 89' lang='lat' dir='ltr'><strong>militum,</strong></span> <span class='ocrx_word' id='word_1_560' title='bbox 2338 3724 2393 3776; x_wconf 93' lang='lat' dir='ltr'><strong>in</strong></span> <span class='ocrx_word' id='word_1_561' title='bbox 2411 3723 2688 3777; x_wconf 90' lang='lat' dir='ltr'><strong>hominum</strong></span> <span class='ocrx_word' id='word_1_562' title='bbox 2713 3722 2919 3776; x_wconf 89' lang='lat' dir='ltr'><strong>viscera</strong></span> <span class='ocrx_word' id='word_1_563' title='bbox 2942 3727 3232 3789; x_wconf 85' lang='lat' dir='ltr'><strong>penetrans</strong></span> <span class='ocrx_word' id='word_1_564' title='bbox 3249 3718 3495 3775; x_wconf 76' lang='lat' dir='ltr'><strong>exstitit?</strong></span> 
     </span>
    </p>
   </div>
   <div class='ocr_carea' id='block_1_78' title="bbox 265 3809 3496 3892">
    <p class='ocr_par' dir='ltr' id='par_1_78' title="bbox 265 3809 3496 3892">
     <span class='ocr_line' id='line_1_78' title="bbox 265 3809 3496 3892; baseline 0.001 -28"><span class='ocrx_word' id='word_1_565' title='bbox 265 3813 486 3881; x_wconf 70' lang='grc' dir='ltr'>ἡγειρεν</span> <span class='ocrx_word' id='word_1_566' title='bbox 521 3809 669 3880; x_wconf 74' lang='grc' dir='ltr'>αὐτῷ</span> <span class='ocrx_word' id='word_1_567' title='bbox 691 3811 922 3881; x_wconf 84' lang='grc' dir='ltr'>πόλεμον</span> <span class='ocrx_word' id='word_1_568' title='bbox 953 3812 1206 3884; x_wconf 76' lang='grc' dir='ltr'>ἐξαίφνης</span> <span class='ocrx_word' id='word_1_569' title='bbox 1232 3813 1335 3883; x_wconf 83' lang='grc' dir='ltr'>ἁκή</span> <span class='ocrx_word' id='word_1_570' title='bbox 1347 3831 1556 3892; x_wconf 82' lang='grc' dir='ltr'>ρυκτον,</span> <span class='ocrx_word' id='word_1_571' title='bbox 1592 3817 1650 3869; x_wconf 83' lang='grc' dir='ltr'>οὐ</span> <span class='ocrx_word' id='word_1_572' title='bbox 1681 3820 2188 3892; x_wconf 80' lang='grc' dir='ltr'>μεταμορφούμενος</span> <span class='ocrx_word' id='word_1_573' title='bbox 2231 3819 2410 3872; x_wconf 80' lang='grc' dir='ltr'>ἄλλοθι</span> <span class='ocrx_word' id='word_1_574' title='bbox 2437 3816 2628 3882; x_wconf 78' lang='grc' dir='ltr'>ἄλλως,</span> <span class='ocrx_word' id='word_1_575' title='bbox 2661 3813 2989 3884; x_wconf 77' lang='grc' dir='ltr'>αὐτάγγελος</span> <span class='ocrx_word' id='word_1_576' title='bbox 3024 3813 3138 3883; x_wconf 73' lang='grc' dir='ltr'>ἅμα</span> <span class='ocrx_word' id='word_1_577' title='bbox 3169 3813 3260 3866; x_wconf 84' lang='grc' dir='ltr'>καὶ</span> <span class='ocrx_word' id='word_1_578' title='bbox 3291 3813 3496 3886; x_wconf 68' lang='grc' dir='ltr'>μάρτυς</span> 
     </span>
    </p>
   </div>
   <div class='ocr_carea' id='block_1_79' title="bbox 265 3902 2408 3981">
    <p class='ocr_par' dir='ltr' id='par_1_79' title="bbox 265 3902 2408 3981">
     <span class='ocr_line' id='line_1_79' title="bbox 265 3902 2408 3981; baseline 0.003 -23"><span class='ocrx_word' id='word_1_579' title='bbox 265 3904 517 3971; x_wconf 74' lang='grc' dir='ltr'>ιγίγνετο</span> <span class='ocrx_word' id='word_1_580' title='bbox 556 3903 650 3955; x_wconf 74' lang='grc' dir='ltr'>καὶ</span> <span class='ocrx_word' id='word_1_581' title='bbox 698 3902 1054 3974; x_wconf 83' lang='grc' dir='ltr'>πολέμαρχος,</span> <span class='ocrx_word' id='word_1_582' title='bbox 1100 3905 1178 3966; x_wconf 83' lang='grc' dir='ltr'><strong>είς</strong></span> <span class='ocrx_word' id='word_1_583' title='bbox 1230 3903 1296 3957; x_wconf 77' lang='grc' dir='ltr'><strong>τά</strong></span> <span class='ocrx_word' id='word_1_584' title='bbox 1340 3904 1444 3958; x_wconf 86' lang='grc' dir='ltr'>τῶν</span> <span class='ocrx_word' id='word_1_585' title='bbox 1479 3907 1776 3979; x_wconf 84' lang='grc' dir='ltr'>ἀνθρώπων</span> <span class='ocrx_word' id='word_1_586' title='bbox 1809 3912 2052 3966; x_wconf 83' lang='grc' dir='ltr'>ὲντόσθια</span> <span class='ocrx_word' id='word_1_587' title='bbox 2080 3911 2408 3981; x_wconf 87' lang='grc' dir='ltr'>παρεισδύς;</span> 
     </span>
    </p>
   </div>
   <div class='ocr_carea' id='block_1_80' title="bbox 329 3991 1836 4070">
    <p class='ocr_par' dir='ltr' id='par_1_80' title="bbox 329 3991 1836 4070">
     <span class='ocr_line' id='line_1_80' title="bbox 329 3991 1836 4070; baseline 0.002 -18"><span class='ocrx_word' id='word_1_588' title='bbox 329 3997 479 4052; x_wconf 79' lang='lat' dir='ltr'><strong>XIV.</strong></span> <span class='ocrx_word' id='word_1_589' title='bbox 532 3995 692 4048; x_wconf 82' lang='grc' dir='ltr'>Ἀλλά</span> <span class='ocrx_word' id='word_1_590' title='bbox 714 3995 918 4064; x_wconf 82' lang='grc' dir='ltr'>ἀσαφὲς</span> <span class='ocrx_word' id='word_1_591' title='bbox 943 3991 1157 4050; x_wconf 75' lang='grc' dir='ltr'>εἶναιτὸ</span> <span class='ocrx_word' id='word_1_592' title='bbox 1190 3997 1371 4068; x_wconf 83' lang='grc' dir='ltr'>σχῆμα</span> <span class='ocrx_word' id='word_1_593' title='bbox 1402 4000 1706 4070; x_wconf 89' lang='grc' dir='ltr'>νενόμισται</span> <span class='ocrx_word' id='word_1_594' title='bbox 1725 4005 1836 4066; x_wconf 87' lang='grc' dir='ltr'>τοῖς</span> 
     </span>
    </p>
   </div>
   <div class='ocr_carea' id='block_1_81' title="bbox 264 4083 1830 4162">
    <p class='ocr_par' dir='ltr' id='par_1_81' title="bbox 264 4083 1830 4162">
     <span class='ocr_line' id='line_1_81' title="bbox 264 4083 1830 4162; baseline 0.003 -23"><span class='ocrx_word' id='word_1_595' title='bbox 264 4087 480 4150; x_wconf 71' lang='grc' dir='ltr'>πολλοῖς</span> <span class='ocrx_word' id='word_1_596' title='bbox 499 4103 511 4115; x_wconf 92' lang='grc'><strong>·</strong></span> <span class='ocrx_word' id='word_1_597' title='bbox 567 4086 704 4138; x_wconf 85' lang='grc' dir='ltr'>ίτέον</span> <span class='ocrx_word' id='word_1_598' title='bbox 742 4083 833 4137; x_wconf 83' lang='grc' dir='ltr'><strong>οῦν</strong></span> <span class='ocrx_word' id='word_1_599' title='bbox 860 4085 1161 4149; x_wconf 77' lang='grc' dir='ltr'>ἀκολούθως</span> <span class='ocrx_word' id='word_1_600' title='bbox 1188 4089 1266 4150; x_wconf 77' lang='grc' dir='ltr'>εἰς</span> <span class='ocrx_word' id='word_1_601' title='bbox 1290 4089 1355 4141; x_wconf 81' lang='grc' dir='ltr'><strong>τά</strong></span> <span class='ocrx_word' id='word_1_602' title='bbox 1383 4089 1479 4160; x_wconf 80' lang='grc' dir='ltr'>τῆς</span> <span class='ocrx_word' id='word_1_603' title='bbox 1508 4092 1695 4162; x_wconf 86' lang='grc' dir='ltr'>τρίτης</span> <span class='ocrx_word' id='word_1_604' title='bbox 1724 4091 1830 4144; x_wconf 79' lang='grc' dir='ltr'>τῶν</span> 
     </span>
    </p>
   </div>
   <div class='ocr_carea' id='block_1_82' title="bbox 267 4178 1830 4256">
    <p class='ocr_par' dir='ltr' id='par_1_82' title="bbox 267 4178 1830 4256">
     <span class='ocr_line' id='line_1_82' title="bbox 267 4178 1830 4256; baseline 0.003 -24"><span class='ocrx_word' id='word_1_605' title='bbox 267 4178 570 4234; x_wconf 81' lang='grc' dir='ltr'>Βασιλειῶν</span> <span class='ocrx_word' id='word_1_606' title='bbox 608 4179 746 4248; x_wconf 76' lang='grc' dir='ltr'>ἴχνη.</span> <span class='ocrx_word' id='word_1_607' title='bbox 796 4179 1046 4232; x_wconf 84' lang='grc' dir='ltr'>Φαίνεται</span> <span class='ocrx_word' id='word_1_608' title='bbox 1083 4179 1258 4232; x_wconf 87' lang='grc' dir='ltr'>τοίνυν</span> <span class='ocrx_word' id='word_1_609' title='bbox 1302 4182 1449 4244; x_wconf 83' lang='grc' dir='ltr'>ὅπως</span> <span class='ocrx_word' id='word_1_610' title='bbox 1489 4183 1518 4234; x_wconf 86' lang='lat'><strong>6</strong></span> <span class='ocrx_word' id='word_1_611' title='bbox 1549 4185 1830 4256; x_wconf 82' lang='grc' dir='ltr'>προφήτης</span> 
     </span>
    </p>
   </div>
   <div class='ocr_carea' id='block_1_83' title="bbox 268 4271 1829 4348">
    <p class='ocr_par' dir='ltr' id='par_1_83' title="bbox 268 4271 1829 4348">
     <span class='ocr_line' id='line_1_83' title="bbox 268 4271 1829 4348; baseline 0.001 -21"><span class='ocrx_word' id='word_1_612' title='bbox 268 4275 616 4344; x_wconf 81' lang='grc' dir='ltr'>ὲπερωτᾶται</span> <span class='ocrx_word' id='word_1_613' title='bbox 639 4272 873 4340; x_wconf 85' lang='grc' dir='ltr'>Μιχαίας</span> <span class='ocrx_word' id='word_1_614' title='bbox 899 4271 1000 4324; x_wconf 81' lang='grc' dir='ltr'><strong>ὑπὸ</strong></span> <span class='ocrx_word' id='word_1_615' title='bbox 1022 4272 1114 4326; x_wconf 81' lang='grc' dir='ltr'><strong>τοῦ</strong></span> <span class='ocrx_word' id='word_1_616' title='bbox 1145 4272 1365 4344; x_wconf 79' lang='grc' dir='ltr'>Ἀχαάδ·</span> <span class='ocrx_word' id='word_1_617' title='bbox 1400 4274 1512 4327; x_wconf 86' lang='grc' dir='ltr'>ἀλλ’</span> <span class='ocrx_word' id='word_1_618' title='bbox 1534 4276 1829 4348; x_wconf 81' lang='grc' dir='ltr'>ἐπειδήπερ</span> 
     </span>
    </p>
   </div>
   <div class='ocr_carea' id='block_1_84' title="bbox 266 4363 1827 4436">
    <p class='ocr_par' dir='ltr' id='par_1_84' title="bbox 266 4363 1827 4436">
     <span class='ocr_line' id='line_1_84' title="bbox 266 4363 1827 4436; baseline 0 -17"><span class='ocrx_word' id='word_1_619' title='bbox 266 4363 612 4435; x_wconf 70' lang='grc' dir='ltr'>ἠναγκάζετο</span> <span class='ocrx_word' id='word_1_620' title='bbox 657 4363 858 4433; x_wconf 82' lang='grc' dir='ltr'>τάληθῆ</span> <span class='ocrx_word' id='word_1_621' title='bbox 901 4363 1076 4431; x_wconf 86' lang='grc' dir='ltr'>λέγειν</span> <span class='ocrx_word' id='word_1_622' title='bbox 1120 4363 1610 4434; x_wconf 88' lang='grc' dir='ltr'>ἀπαρακαλύπτως,</span> <span class='ocrx_word' id='word_1_623' title='bbox 1651 4368 1827 4436; x_wconf 84' lang='grc' dir='ltr'>ἑωρα-</span> 
     </span>
    </p>
   </div>
   <div class='ocr_carea' id='block_1_85' title="bbox 2013 3997 3498 4070">
    <p class='ocr_par' dir='ltr' id='par_1_85' title="bbox 2013 3997 3498 4070">
     <span class='ocr_line' id='line_1_85' title="bbox 2013 3997 3498 4070; baseline -0.002 -12"><span class='ocrx_word' id='word_1_624' title='bbox 2013 4003 2153 4058; x_wconf 77' lang='lat' dir='ltr'><strong>XIV.</strong></span> <span class='ocrx_word' id='word_1_625' title='bbox 2189 4003 2292 4058; x_wconf 90' lang='lat' dir='ltr'><strong>Sed</strong></span> <span class='ocrx_word' id='word_1_626' title='bbox 2323 4003 2439 4058; x_wconf 58' lang='lat' dir='ltr'><strong>hac</strong></span> <span class='ocrx_word' id='word_1_627' title='bbox 2480 4001 2652 4056; x_wconf 78' lang='lat' dir='ltr'><strong>forma</strong></span> <span class='ocrx_word' id='word_1_628' title='bbox 2688 4009 2850 4070; x_wconf 88' lang='lat' dir='ltr'><strong>atque</strong></span> <span class='ocrx_word' id='word_1_629' title='bbox 2889 3997 3055 4068; x_wconf 86' lang='lat' dir='ltr'><strong>ligura</strong></span> <span class='ocrx_word' id='word_1_630' title='bbox 3086 3997 3498 4068; x_wconf 76' lang='lat' dir='ltr'><strong>quamplurimit&#39;</strong></span> 
     </span>
    </p>
   </div>
   <div class='ocr_carea' id='block_1_86' title="bbox 1936 4085 3498 4164">
    <p class='ocr_par' dir='ltr' id='par_1_86' title="bbox 1936 4085 3498 4164">
     <span class='ocr_line' id='line_1_86' title="bbox 1936 4085 3498 4164; baseline -0.006 -13"><span class='ocrx_word' id='word_1_631' title='bbox 1936 4097 2168 4151; x_wconf 90' lang='lat' dir='ltr'><strong>obseura</strong></span> <span class='ocrx_word' id='word_1_632' title='bbox 2199 4097 2444 4150; x_wconf 88' lang='lat' dir='ltr'><strong>videtur:</strong></span> <span class='ocrx_word' id='word_1_633' title='bbox 2481 4092 2858 4164; x_wconf 88' lang='lat' dir='ltr'><strong>itaqueordine</strong></span> <span class='ocrx_word' id='word_1_634' title='bbox 2882 4104 2992 4144; x_wconf 88' lang='lat' dir='ltr'><strong>non</strong></span> <span class='ocrx_word' id='word_1_635' title='bbox 3020 4089 3237 4142; x_wconf 87' lang='lat' dir='ltr'><strong>inverso</strong></span> <span class='ocrx_word' id='word_1_636' title='bbox 3261 4087 3376 4157; x_wconf 87' lang='lat' dir='ltr'><strong>ipsa</strong></span> <span class='ocrx_word' id='word_1_637' title='bbox 3391 4085 3498 4142; x_wconf 76' lang='lat' dir='ltr'><strong>Re.-</strong></span> 
     </span>
    </p>
   </div>
   <div class='ocr_carea' id='block_1_87' title="bbox 1937 4176 3492 4260">
    <p class='ocr_par' dir='ltr' id='par_1_87' title="bbox 1937 4176 3492 4260">
     <span class='ocr_line' id='line_1_87' title="bbox 1937 4176 3492 4260; baseline -0.006 -18"><span class='ocrx_word' id='word_1_638' title='bbox 1937 4204 2162 4260; x_wconf 89' lang='lat' dir='ltr'><strong>gnorum</strong></span> <span class='ocrx_word' id='word_1_639' title='bbox 2209 4187 2436 4243; x_wconf 91' lang='lat' dir='ltr'><strong>historia</strong></span> <span class='ocrx_word' id='word_1_640' title='bbox 2488 4185 2610 4239; x_wconf 92' lang='lat' dir='ltr'><strong>libri</strong></span> <span class='ocrx_word' id='word_1_641' title='bbox 2657 4183 2800 4238; x_wconf 91' lang='lat' dir='ltr'><strong>tertii</strong></span> <span class='ocrx_word' id='word_1_642' title='bbox 2854 4179 3223 4250; x_wconf 86' lang='lat' dir='ltr'><strong>investiganda</strong></span> <span class='ocrx_word' id='word_1_643' title='bbox 3269 4186 3369 4234; x_wconf 87' lang='lat' dir='ltr'><strong>est.</strong></span> <span class='ocrx_word' id='word_1_644' title='bbox 3418 4176 3492 4234; x_wconf 88' lang='lat' dir='ltr'><strong>lbi</strong></span> 
     </span>
    </p>
   </div>
   <div class='ocr_carea' id='block_1_88' title="bbox 1936 4270 3496 4353">
    <p class='ocr_par' dir='ltr' id='par_1_88' title="bbox 1936 4270 3496 4353">
     <span class='ocr_line' id='line_1_88' title="bbox 1936 4270 3496 4353; baseline -0.006 -18"><span class='ocrx_word' id='word_1_645' title='bbox 1936 4282 2211 4353; x_wconf 77' lang='lat' dir='ltr'><strong>quippe&quot;,</strong></span> <span class='ocrx_word' id='word_1_646' title='bbox 2243 4291 2300 4336; x_wconf 92' lang='grc' dir='ltr'><strong>ιιι</strong></span> <span class='ocrx_word' id='word_1_647' title='bbox 2331 4287 2571 4352; x_wconf 88' lang='lat' dir='ltr'><strong>apparet,</strong></span> <span class='ocrx_word' id='word_1_648' title='bbox 2611 4276 2860 4330; x_wconf 73' lang='lat' dir='ltr'><strong>Michzeas</strong></span> <span class='ocrx_word' id='word_1_649' title='bbox 2909 4273 3168 4344; x_wconf 90' lang='lat' dir='ltr'><strong>propheta</strong></span> <span class='ocrx_word' id='word_1_650' title='bbox 3199 4272 3268 4326; x_wconf 91' lang='lat' dir='ltr'><strong>ab</strong></span> <span class='ocrx_word' id='word_1_651' title='bbox 3312 4270 3496 4325; x_wconf 84' lang='lat' dir='ltr'><strong>Achab</strong></span> 
     </span>
    </p>
   </div>
   <div class='ocr_carea' id='block_1_89' title="bbox 1935 4363 3493 4445">
    <p class='ocr_par' dir='ltr' id='par_1_89' title="bbox 1935 4363 3493 4445">
     <span class='ocr_line' id='line_1_89' title="bbox 1935 4363 3493 4445; baseline -0.008 -17"><span class='ocrx_word' id='word_1_652' title='bbox 1935 4376 2303 4445; x_wconf 89' lang='lat' dir='ltr'><strong>interrogatur</strong></span> <span class='ocrx_word' id='word_1_653' title='bbox 2331 4393 2342 4427; x_wconf 92' lang='lat'><strong>:</strong></span> <span class='ocrx_word' id='word_1_654' title='bbox 2378 4373 2468 4426; x_wconf 87' lang='lat' dir='ltr'><strong>sed</strong></span> <span class='ocrx_word' id='word_1_655' title='bbox 2496 4385 2619 4425; x_wconf 91' lang='lat' dir='ltr'><strong>cum</strong></span> <span class='ocrx_word' id='word_1_656' title='bbox 2646 4383 2772 4422; x_wconf 86' lang='lat' dir='ltr'><strong>vera</strong></span> <span class='ocrx_word' id='word_1_657' title='bbox 2797 4366 2953 4420; x_wconf 82' lang='lat' dir='ltr'><strong>fateri</strong></span> <span class='ocrx_word' id='word_1_658' title='bbox 2984 4372 3288 4434; x_wconf 84' lang='lat' dir='ltr'><strong>cogeretur,</strong></span> <span class='ocrx_word' id='word_1_659' title='bbox 3319 4363 3493 4432; x_wconf 90' lang='lat' dir='ltr'><strong>palam</strong></span> 
     </span>
    </p>
   </div>
   <div class='ocr_carea' id='block_1_90' title="bbox 265 4455 1833 4529">
    <p class='ocr_par' dir='ltr' id='par_1_90' title="bbox 265 4455 1832 4529">
     <span class='ocr_line' id='line_1_90' title="bbox 265 4455 1832 4529; baseline 0.001 -18"><span class='ocrx_word' id='word_1_660' title='bbox 265 4459 436 4512; x_wconf 79' lang='grc' dir='ltr'>κέναι</span> <span class='ocrx_word' id='word_1_661' title='bbox 468 4458 569 4527; x_wconf 83' lang='grc' dir='ltr'>μὲν</span> <span class='ocrx_word' id='word_1_662' title='bbox 603 4455 803 4524; x_wconf 78' lang='grc' dir='ltr'>ἔφασκε</span> <span class='ocrx_word' id='word_1_663' title='bbox 836 4456 942 4509; x_wconf 79' lang='grc' dir='ltr'><strong>τὸν</strong></span> <span class='ocrx_word' id='word_1_664' title='bbox 972 4459 1188 4524; x_wconf 73' lang='grc' dir='ltr'>Κύριον</span> <span class='ocrx_word' id='word_1_665' title='bbox 1209 4457 1305 4510; x_wconf 76' lang='grc' dir='ltr'><strong>ἐπὶ</strong></span> <span class='ocrx_word' id='word_1_666' title='bbox 1337 4459 1549 4525; x_wconf 79' lang='grc' dir='ltr'>θρόνου</span> <span class='ocrx_word' id='word_1_667' title='bbox 1582 4459 1832 4529; x_wconf 56' lang='lat' dir='ltr'><strong>amomis-</strong></span> 
     </span>
    </p>
   </div>
   <div class='ocr_carea' id='block_1_91' title="bbox 1938 4455 3491 4529">
    <p class='ocr_par' dir='ltr' id='par_1_91' title="bbox 1938 4455 3491 4525">
     <span class='ocr_line' id='line_1_91' title="bbox 1938 4455 3491 4525; baseline -0.01 -3"><span class='ocrx_word' id='word_1_668' title='bbox 1938 4483 1993 4523; x_wconf 88' lang='lat' dir='ltr'><strong>se</strong></span> <span class='ocrx_word' id='word_1_669' title='bbox 2031 4467 2310 4519; x_wconf 88' lang='lat' dir='ltr'><strong>Dominum</strong></span> <span class='ocrx_word' id='word_1_670' title='bbox 2358 4463 2578 4523; x_wconf 73' lang='lat' dir='ltr'><strong>vidisse,</strong></span> <span class='ocrx_word' id='word_1_671' title='bbox 2636 4461 2744 4525; x_wconf 91' lang='lat' dir='ltr'><strong>ait,</strong></span> <span class='ocrx_word' id='word_1_672' title='bbox 2798 4457 3053 4512; x_wconf 83' lang='lat' dir='ltr'><strong>sedentem</strong></span> <span class='ocrx_word' id='word_1_673' title='bbox 3103 4471 3255 4523; x_wconf 85' lang='lat' dir='ltr'><strong>super</strong></span> <span class='ocrx_word' id='word_1_674' title='bbox 3303 4455 3491 4508; x_wconf 80' lang='lat' dir='ltr'><strong>solium</strong></span> 
     </span>
    </p>
   </div>
   <div class='ocr_carea' id='block_1_92' title="bbox 262 4546 1830 4619">
    <p class='ocr_par' dir='ltr' id='par_1_92' title="bbox 262 4546 1830 4619">
     <span class='ocr_line' id='line_1_92' title="bbox 262 4546 1830 4619; baseline 0.001 -16"><span class='ocrx_word' id='word_1_675' title='bbox 262 4567 392 4615; x_wconf 77' lang='lat' dir='ltr'><strong>rer,</strong></span> <span class='ocrx_word' id='word_1_676' title='bbox 421 4546 551 4603; x_wconf 81' lang='grc' dir='ltr'>εἶτα</span> <span class='ocrx_word' id='word_1_677' title='bbox 585 4549 682 4601; x_wconf 77' lang='grc' dir='ltr'>καὶ</span> <span class='ocrx_word' id='word_1_678' title='bbox 717 4549 994 4615; x_wconf 69' lang='grc' dir='ltr'>στρατιὰς</span> <span class='ocrx_word' id='word_1_679' title='bbox 1024 4548 1267 4601; x_wconf 81' lang='grc' dir='ltr'>ἑστάναι</span> <span class='ocrx_word' id='word_1_680' title='bbox 1295 4549 1424 4616; x_wconf 82' lang='grc' dir='ltr'>περὶ</span> <span class='ocrx_word' id='word_1_681' title='bbox 1451 4549 1634 4603; x_wconf 79' lang='grc' dir='ltr'>αὑτὸν</span> <span class='ocrx_word' id='word_1_682' title='bbox 1659 4552 1830 4619; x_wconf 56' lang='lat' dir='ltr'><strong>obpa-</strong></span> 
     </span>
    </p>
   </div>
   <div class='ocr_carea' id='block_1_93' title="bbox 264 4633 1826 4715">
    <p class='ocr_par' dir='ltr' id='par_1_93' title="bbox 264 4633 1826 4715">
     <span class='ocr_line' id='line_1_93' title="bbox 264 4633 1826 4715; baseline 0.003 -23"><span class='ocrx_word' id='word_1_683' title='bbox 264 4643 439 4706; x_wconf 74' lang='grc' dir='ltr'>νίους</span> <span class='ocrx_word' id='word_1_684' title='bbox 462 4642 532 4694; x_wconf 79' lang='grc' dir='ltr'>ἐκ</span> <span class='ocrx_word' id='word_1_685' title='bbox 558 4657 622 4692; x_wconf 85' lang='grc' dir='ltr'><strong>τε</strong></span> <span class='ocrx_word' id='word_1_686' title='bbox 645 4639 856 4704; x_wconf 73' lang='grc' dir='ltr'>δεξιῶν</span> <span class='ocrx_word' id='word_1_687' title='bbox 883 4633 1000 4710; x_wconf 61' lang='grc' dir='ltr'>ἄξια</span> <span class='ocrx_word' id='word_1_688' title='bbox 1027 4641 1120 4694; x_wconf 77' lang='grc' dir='ltr'>καὶ</span> <span class='ocrx_word' id='word_1_689' title='bbox 1151 4642 1464 4710; x_wconf 76' lang='grc' dir='ltr'>εὐωνύμων</span> <span class='ocrx_word' id='word_1_690' title='bbox 1481 4658 1492 4670; x_wconf 98' lang='grc'><strong>·</strong></span> <span class='ocrx_word' id='word_1_691' title='bbox 1517 4641 1649 4712; x_wconf 80' lang='grc' dir='ltr'>ὁμοῦ</span> <span class='ocrx_word' id='word_1_692' title='bbox 1681 4643 1735 4695; x_wconf 86' lang='grc' dir='ltr'>δὲ</span> <span class='ocrx_word' id='word_1_693' title='bbox 1762 4646 1826 4715; x_wconf 79' lang='grc' dir='ltr'>τῇ</span> 
     </span>
    </p>
   </div>
   <div class='ocr_carea' id='block_1_94' title="bbox 264 4732 1830 4805">
    <p class='ocr_par' dir='ltr' id='par_1_94' title="bbox 264 4732 1830 4805">
     <span class='ocr_line' id='line_1_94' title="bbox 264 4732 1830 4805; baseline 0.001 -19"><span class='ocrx_word' id='word_1_694' title='bbox 264 4734 359 4805; x_wconf 80' lang='grc' dir='ltr'>τῆς</span> <span class='ocrx_word' id='word_1_695' title='bbox 393 4733 574 4802; x_wconf 75' lang='grc' dir='ltr'>ὂψεως</span> <span class='ocrx_word' id='word_1_696' title='bbox 632 4733 858 4804; x_wconf 74' lang='grc' dir='ltr'>ἱστορία,</span> <span class='ocrx_word' id='word_1_697' title='bbox 908 4733 1000 4786; x_wconf 58' lang='grc' dir='ltr'><strong>καὶ⁹</strong></span> <span class='ocrx_word' id='word_1_698' title='bbox 1049 4734 1229 4803; x_wconf 74' lang='grc' dir='ltr'>φωνῆς</span> <span class='ocrx_word' id='word_1_699' title='bbox 1288 4732 1482 4802; x_wconf 78' lang='grc' dir='ltr'>ἔφησεν</span> <span class='ocrx_word' id='word_1_700' title='bbox 1540 4735 1830 4805; x_wconf 85' lang='grc' dir='ltr'>ἀκηκοέναι</span> 
     </span>
    </p>
   </div>
   <div class='ocr_carea' id='block_1_95' title="bbox 265 4825 1828 4894">
    <p class='ocr_par' dir='ltr' id='par_1_95' title="bbox 265 4825 1828 4894">
     <span class='ocr_line' id='line_1_95' title="bbox 265 4825 1828 4894; baseline -0.001 -14"><span class='ocrx_word' id='word_1_701' title='bbox 265 4827 484 4880; x_wconf 79' lang='grc' dir='ltr'>τοιᾶσδέ</span> <span class='ocrx_word' id='word_1_702' title='bbox 515 4843 686 4888; x_wconf 88' lang='grc' dir='ltr'>τινος·</span> <span class='ocrx_word' id='word_1_703' title='bbox 719 4827 811 4891; x_wconf 85' lang='grc' dir='ltr'>Τίς</span> <span class='ocrx_word' id='word_1_704' title='bbox 834 4825 1127 4891; x_wconf 80' lang='grc' dir='ltr'>ἀπατήσει</span> <span class='ocrx_word' id='word_1_705' title='bbox 1151 4825 1256 4878; x_wconf 83' lang='grc' dir='ltr'><strong>τὸν</strong></span> <span class='ocrx_word' id='word_1_706' title='bbox 1293 4825 1516 4894; x_wconf 81' lang='grc' dir='ltr'>Ἆχαὰό,</span> <span class='ocrx_word' id='word_1_707' title='bbox 1562 4827 1657 4880; x_wconf 82' lang='grc' dir='ltr'>καὶ</span> <span class='ocrx_word' id='word_1_708' title='bbox 1686 4828 1828 4881; x_wconf 79' lang='grc' dir='ltr'><strong>ἁνα-</strong></span> 
     </span>
    </p>
   </div>
   <div class='ocr_carea' id='block_1_96' title="bbox 264 4916 1830 4988">
    <p class='ocr_par' dir='ltr' id='par_1_96' title="bbox 264 4916 1830 4988">
     <span class='ocr_line' id='line_1_96' title="bbox 264 4916 1830 4988; baseline -0.003 -13"><span class='ocrx_word' id='word_1_709' title='bbox 264 4921 516 4988; x_wconf 80' lang='grc' dir='ltr'>σήσεται</span> <span class='ocrx_word' id='word_1_710' title='bbox 547 4919 635 4983; x_wconf 78' lang='grc' dir='ltr'><strong>είς</strong></span> <span class='ocrx_word' id='word_1_711' title='bbox 679 4916 932 4987; x_wconf 81' lang='grc' dir='ltr'>Ῥεμμὼδ</span> <span class='ocrx_word' id='word_1_712' title='bbox 958 4917 1219 4982; x_wconf 76' lang='grc' dir='ltr'>Γαλαὰδ,</span> <span class='ocrx_word' id='word_1_713' title='bbox 1250 4917 1346 4971; x_wconf 77' lang='grc' dir='ltr'>καὶ</span> <span class='ocrx_word' id='word_1_714' title='bbox 1373 4917 1636 4972; x_wconf 85' lang='grc' dir='ltr'>πεσεῖται</span> <span class='ocrx_word' id='word_1_715' title='bbox 1673 4918 1830 4981; x_wconf 82' lang='grc' dir='ltr'>ἐκεῒ;</span> 
     </span>
    </p>
   </div>
   <div class='ocr_carea' id='block_1_97' title="bbox 262 5009 1832 5083">
    <p class='ocr_par' dir='ltr' id='par_1_97' title="bbox 262 5009 1832 5083">
     <span class='ocr_line' id='line_1_97' title="bbox 262 5009 1832 5083; baseline -0.001 -20"><span class='ocrx_word' id='word_1_716' title='bbox 262 5011 570 5083; x_wconf 83' lang='grc' dir='ltr'>τηνικαῦτα</span> <span class='ocrx_word' id='word_1_717' title='bbox 595 5011 652 5063; x_wconf 86' lang='grc' dir='ltr'><strong>δέ</strong></span> <span class='ocrx_word' id='word_1_718' title='bbox 676 5026 859 5082; x_wconf 84' lang='grc' dir='ltr'>φησιν,</span> <span class='ocrx_word' id='word_1_719' title='bbox 890 5009 998 5081; x_wconf 78' lang='grc' dir='ltr'>[ἵνα</span> <span class='ocrx_word' id='word_1_720' title='bbox 1018 5009 1086 5064; x_wconf 82' lang='grc' dir='ltr'>τὰ</span> <span class='ocrx_word' id='word_1_721' title='bbox 1115 5012 1170 5064; x_wconf 77' lang='grc' dir='ltr'>ἐν</span> <span class='ocrx_word' id='word_1_722' title='bbox 1195 5011 1343 5080; x_wconf 86' lang='grc' dir='ltr'>μέσῳ</span> <span class='ocrx_word' id='word_1_723' title='bbox 1371 5009 1699 5081; x_wconf 72' lang='grc' dir='ltr'>παραλείψας</span> <span class='ocrx_word' id='word_1_724' title='bbox 1723 5011 1832 5082; x_wconf 75' lang='grc' dir='ltr'><strong>ἐρῶ</strong></span> 
     </span>
    </p>
   </div>
   <div class='ocr_carea' id='block_1_98' title="bbox 265 5101 1824 5174">
    <p class='ocr_par' dir='ltr' id='par_1_98' title="bbox 265 5101 1824 5174">
     <span class='ocr_line' id='line_1_98' title="bbox 265 5101 1824 5174; baseline -0.003 -16"><span class='ocrx_word' id='word_1_725' title='bbox 265 5103 325 5158; x_wconf 78' lang='grc' dir='ltr'>τὸ</span> <span class='ocrx_word' id='word_1_726' title='bbox 363 5101 757 5174; x_wconf 83' lang='grc' dir='ltr'>ζητούμενον·]</span> <span class='ocrx_word' id='word_1_727' title='bbox 803 5101 1054 5169; x_wconf 71' lang='grc' dir='ltr'>Ἐξῆλθε</span> <span class='ocrx_word' id='word_1_728' title='bbox 1099 5103 1350 5171; x_wconf 79' lang='grc' dir='ltr'>πνεῦμα,</span> <span class='ocrx_word' id='word_1_729' title='bbox 1405 5101 1504 5155; x_wconf 79' lang='grc' dir='ltr'>καὶ</span> <span class='ocrx_word' id='word_1_730' title='bbox 1543 5101 1688 5169; x_wconf 77' lang='grc' dir='ltr'>ἔστη</span> <span class='ocrx_word' id='word_1_731' title='bbox 1730 5101 1824 5154; x_wconf 80' lang='grc' dir='ltr'><strong>ἐν·</strong></span> 
     </span>
    </p>
   </div>
   <div class='ocr_carea' id='block_1_99' title="bbox 261 5191 1824 5264">
    <p class='ocr_par' dir='ltr' id='par_1_99' title="bbox 261 5191 1824 5264">
     <span class='ocr_line' id='line_1_99' title="bbox 261 5191 1824 5264; baseline -0.003 -15"><span class='ocrx_word' id='word_1_732' title='bbox 261 5195 459 5249; x_wconf 62' lang='lat' dir='ltr'><strong>diutor</strong></span> <span class='ocrx_word' id='word_1_733' title='bbox 495 5195 734 5263; x_wconf 82' lang='grc' dir='ltr'>Κυρίου,</span> <span class='ocrx_word' id='word_1_734' title='bbox 776 5196 868 5248; x_wconf 72' lang='grc' dir='ltr'>καὶ</span> <span class='ocrx_word' id='word_1_735' title='bbox 901 5191 1085 5248; x_wconf 74' lang='grc' dir='ltr'>εἶπεν·</span> <span class='ocrx_word' id='word_1_736' title='bbox 1125 5195 1270 5264; x_wconf 73' lang='grc' dir='ltr'><strong>Ἐγὼ</strong></span> <span class='ocrx_word' id='word_1_737' title='bbox 1300 5193 1584 5261; x_wconf 78' lang='grc' dir='ltr'>ἀπατήσω</span> <span class='ocrx_word' id='word_1_738' title='bbox 1614 5195 1824 5247; x_wconf 81' lang='grc' dir='ltr'>αὐτόν·</span> 
     </span>
    </p>
   </div>
   <div class='ocr_carea' id='block_1_100' title="bbox 259 5285 1831 5360">
    <p class='ocr_par' dir='ltr' id='par_1_100' title="bbox 259 5285 1831 5360">
     <span class='ocr_line' id='line_1_100' title="bbox 259 5285 1831 5360; baseline -0.004 -17"><span class='ocrx_word' id='word_1_739' title='bbox 259 5290 337 5354; x_wconf 81' lang='grc' dir='ltr'><strong>ὡς</strong></span> <span class='ocrx_word' id='word_1_740' title='bbox 377 5291 439 5342; x_wconf 77' lang='grc' dir='ltr'>δὲ</span> <span class='ocrx_word' id='word_1_741' title='bbox 485 5292 514 5342; x_wconf 90' lang='lat'><strong>6</strong></span> <span class='ocrx_word' id='word_1_742' title='bbox 554 5288 755 5360; x_wconf 83' lang='grc' dir='ltr'>Κύριος</span> <span class='ocrx_word' id='word_1_743' title='bbox 787 5288 1190 5354; x_wconf 82' lang='grc' dir='ltr'>ἀνθυπενέγκας</span> <span class='ocrx_word' id='word_1_744' title='bbox 1237 5286 1496 5356; x_wconf 79' lang='grc' dir='ltr'>ἔφρασεν,</span> <span class='ocrx_word' id='word_1_745' title='bbox 1556 5287 1650 5338; x_wconf 77' lang='grc' dir='ltr'><strong>Ἐν</strong></span> <span class='ocrx_word' id='word_1_746' title='bbox 1678 5285 1831 5349; x_wconf 82' lang='grc' dir='ltr'>τίνι;</span> 
     </span>
    </p>
   </div>
   <div class='ocr_carea' id='block_1_101' title="bbox 262 5379 1830 5453">
    <p class='ocr_par' dir='ltr' id='par_1_101' title="bbox 262 5379 1830 5453">
     <span class='ocr_line' id='line_1_101' title="bbox 262 5379 1830 5453; baseline -0.002 -20"><span class='ocrx_word' id='word_1_747' title='bbox 262 5381 641 5453; x_wconf 77' lang='grc' dir='ltr'>ἀνθυποφέρει</span> <span class='ocrx_word' id='word_1_748' title='bbox 693 5379 884 5434; x_wconf 85' lang='grc' dir='ltr'>πάλιν·</span> <span class='ocrx_word' id='word_1_749' title='bbox 963 5379 1409 5447; x_wconf 74' lang='grc' dir='ltr'>Ἐξελεύσομαι,</span> <span class='ocrx_word' id='word_1_750' title='bbox 1465 5379 1558 5431; x_wconf 76' lang='grc' dir='ltr'>καὶ</span> <span class='ocrx_word' id='word_1_751' title='bbox 1621 5380 1830 5446; x_wconf 77' lang='grc' dir='ltr'>ἔσομαι</span> 
     </span>
    </p>
   </div>
   <div class='ocr_carea' id='block_1_102' title="bbox 263 5470 1828 5540">
    <p class='ocr_par' dir='ltr' id='par_1_102' title="bbox 263 5470 1828 5540">
     <span class='ocr_line' id='line_1_102' title="bbox 263 5470 1828 5540; baseline 0 -18"><span class='ocrx_word' id='word_1_752' title='bbox 263 5471 508 5540; x_wconf 74' lang='grc' dir='ltr'>πνεῦμα</span> <span class='ocrx_word' id='word_1_753' title='bbox 544 5470 765 5539; x_wconf 69' lang='grc' dir='ltr'>ψευδὲς</span> <span class='ocrx_word' id='word_1_754' title='bbox 797 5471 866 5524; x_wconf 75' lang='grc' dir='ltr'><strong>ἐν</strong></span> <span class='ocrx_word' id='word_1_755' title='bbox 901 5473 1154 5540; x_wconf 83' lang='grc' dir='ltr'>στόματι</span> <span class='ocrx_word' id='word_1_756' title='bbox 1185 5470 1422 5524; x_wconf 77' lang='grc' dir='ltr'>πάντων</span> <span class='ocrx_word' id='word_1_757' title='bbox 1455 5471 1570 5526; x_wconf 79' lang='grc' dir='ltr'><strong>τῶν</strong></span> <span class='ocrx_word' id='word_1_758' title='bbox 1604 5487 1828 5539; x_wconf 58' lang='grc' dir='ltr'>προεξη-</span> 
     </span>
    </p>
   </div>
   <div class='ocr_carea' id='block_1_103' title="bbox 265 5559 1826 5636">
    <p class='ocr_par' dir='ltr' id='par_1_103' title="bbox 265 5559 1826 5636">
     <span class='ocr_line' id='line_1_103' title="bbox 265 5559 1826 5636; baseline 0.004 -22"><span class='ocrx_word' id='word_1_759' title='bbox 265 5563 391 5617; x_wconf 74' lang='grc' dir='ltr'><strong>τῶν</strong></span> <span class='ocrx_word' id='word_1_760' title='bbox 419 5562 623 5616; x_wconf 85' lang='grc' dir='ltr'>αὐτοῦ.</span> <span class='ocrx_word' id='word_1_761' title='bbox 653 5562 795 5632; x_wconf 85' lang='grc' dir='ltr'>Πρὸς</span> <span class='ocrx_word' id='word_1_762' title='bbox 821 5561 988 5616; x_wconf 86' lang='grc' dir='ltr'>ταῦτα</span> <span class='ocrx_word' id='word_1_763' title='bbox 1016 5563 1114 5632; x_wconf 82' lang='grc' dir='ltr'>μὲν</span> <span class='ocrx_word' id='word_1_764' title='bbox 1135 5559 1225 5617; x_wconf 76' lang='grc' dir='ltr'>οὖν</span> <span class='ocrx_word' id='word_1_765' title='bbox 1251 5563 1467 5636; x_wconf 72' lang='grc' dir='ltr'>εἴρηκεν</span> <span class='ocrx_word' id='word_1_766' title='bbox 1494 5566 1522 5618; x_wconf 91' lang='lat'><strong>6</strong></span> <span class='ocrx_word' id='word_1_767' title='bbox 1552 5564 1826 5634; x_wconf 85' lang='grc' dir='ltr'>κρείττων·</span> 
     </span>
    </p>
   </div>
   <div class='ocr_carea' id='block_1_104' title="bbox 342 5713 1163 5786">
    <p class='ocr_par' dir='ltr' id='par_1_104' title="bbox 342 5713 1163 5786">
     <span class='ocr_line' id='line_1_104' title="bbox 342 5713 1163 5786; baseline 0.034 -24"><span class='ocrx_word' id='word_1_768' title='bbox 342 5718 388 5747; x_wconf 70' lang='grc' dir='ltr'>ι’</span> <span class='ocrx_word' id='word_1_769' title='bbox 426 5713 518 5768; x_wconf 83' lang='lat' dir='ltr'><strong><em>III</em></strong></span> <span class='ocrx_word' id='word_1_770' title='bbox 548 5713 670 5785; x_wconf 83' lang='lat' dir='ltr'><strong>Reg.</strong></span> <span class='ocrx_word' id='word_1_771' title='bbox 694 5731 827 5782; x_wconf 69' lang='lat' dir='ltr'><strong>uti,</strong></span> <span class='ocrx_word' id='word_1_772' title='bbox 865 5716 932 5772; x_wconf 77' lang='lat' dir='ltr'><strong>i9</strong></span> <span class='ocrx_word' id='word_1_773' title='bbox 961 5723 1015 5772; x_wconf 87' lang='lat' dir='ltr'><strong>et</strong></span> <span class='ocrx_word' id='word_1_774' title='bbox 1046 5731 1163 5786; x_wconf 74' lang='lat' dir='ltr'><strong>sq‘i-</strong></span> 
     </span>
    </p>
   </div>
   <div class='ocr_carea' id='block_1_105' title="bbox 1936 4548 3494 4624">
    <p class='ocr_par' dir='ltr' id='par_1_105' title="bbox 1936 4548 3494 4624">
     <span class='ocr_line' id='line_1_105' title="bbox 1936 4548 3494 4624; baseline -0.008 -12"><span class='ocrx_word' id='word_1_775' title='bbox 1936 4574 2126 4620; x_wconf 86' lang='lat' dir='ltr'><strong>suum;</strong></span> <span class='ocrx_word' id='word_1_776' title='bbox 2154 4557 2390 4624; x_wconf 82' lang='lat' dir='ltr'><strong>deinceps</strong></span> <span class='ocrx_word' id='word_1_777' title='bbox 2420 4554 2676 4608; x_wconf 74' lang='lat' dir='ltr'><strong>exercitus</strong></span> <span class='ocrx_word' id='word_1_778' title='bbox 2707 4551 2954 4605; x_wconf 81' lang='lat' dir='ltr'><strong>assistere</strong></span> <span class='ocrx_word' id='word_1_779' title='bbox 2975 4551 3022 4603; x_wconf 87' lang='lat' dir='ltr'><strong>ei</strong></span> <span class='ocrx_word' id='word_1_780' title='bbox 3055 4548 3281 4602; x_wconf 79' lang='lat' dir='ltr'><strong>caelestes</strong></span> <span class='ocrx_word' id='word_1_781' title='bbox 3320 4557 3428 4599; x_wconf 86' lang='lat' dir='ltr'><strong>tum</strong></span> <span class='ocrx_word' id='word_1_782' title='bbox 3463 4565 3494 4600; x_wconf 88' lang='lat' dir='ltr'><strong>a</strong></span> 
     </span>
    </p>
   </div>
   <div class='ocr_carea' id='block_1_106' title="bbox 1935 4635 3492 4702">
    <p class='ocr_par' dir='ltr' id='par_1_106' title="bbox 1935 4635 3492 4702">
     <span class='ocr_line' id='line_1_106' title="bbox 1935 4635 3492 4702; baseline -0.012 -1"><span class='ocrx_word' id='word_1_783' title='bbox 1935 4647 2134 4701; x_wconf 72' lang='lat' dir='ltr'><strong>dextris</strong></span> <span class='ocrx_word' id='word_1_784' title='bbox 2179 4655 2286 4698; x_wconf 85' lang='lat' dir='ltr'><strong>tum</strong></span> <span class='ocrx_word' id='word_1_785' title='bbox 2335 4662 2366 4696; x_wconf 88' lang='lat' dir='ltr'><strong>a</strong></span> <span class='ocrx_word' id='word_1_786' title='bbox 2400 4642 2663 4702; x_wconf 82' lang='lat' dir='ltr'><strong>sinistris;</strong></span> <span class='ocrx_word' id='word_1_787' title='bbox 2708 4653 2831 4691; x_wconf 92' lang='lat' dir='ltr'><strong>cum</strong></span> <span class='ocrx_word' id='word_1_788' title='bbox 2866 4637 2966 4690; x_wconf 88' lang='lat' dir='ltr'><strong>hac</strong></span> <span class='ocrx_word' id='word_1_789' title='bbox 2995 4635 3199 4690; x_wconf 89' lang='lat' dir='ltr'><strong>visione</strong></span> <span class='ocrx_word' id='word_1_790' title='bbox 3228 4640 3282 4688; x_wconf 90' lang='lat' dir='ltr'><strong>et</strong></span> <span class='ocrx_word' id='word_1_791' title='bbox 3309 4646 3492 4687; x_wconf 92' lang='lat' dir='ltr'><strong>vocem</strong></span> 
     </span>
    </p>
   </div>
   <div class='ocr_carea' id='block_1_107' title="bbox 1938 4721 3492 4802">
    <p class='ocr_par' dir='ltr' id='par_1_107' title="bbox 1938 4721 3492 4802">
     <span class='ocr_line' id='line_1_107' title="bbox 1938 4721 3492 4802; baseline -0.012 -10"><span class='ocrx_word' id='word_1_792' title='bbox 1938 4738 2153 4793; x_wconf 90' lang='lat' dir='ltr'><strong>audisse</strong></span> <span class='ocrx_word' id='word_1_793' title='bbox 2188 4735 2354 4790; x_wconf 91' lang='lat' dir='ltr'><strong>tradit</strong></span> <span class='ocrx_word' id='word_1_794' title='bbox 2392 4728 2767 4802; x_wconf 89' lang='lat' dir='ltr'><strong>hujuscemodi</strong></span> <span class='ocrx_word' id='word_1_795' title='bbox 2796 4749 2807 4782; x_wconf 95' lang='lat'>:</span> <span class='ocrx_word' id='word_1_796' title='bbox 2843 4729 2972 4794; x_wconf 85' lang='lat' dir='ltr'><strong>Quis</strong></span> <span class='ocrx_word' id='word_1_797' title='bbox 3023 4726 3240 4793; x_wconf 81' lang='lat' dir='ltr'><strong>decipiet</strong></span> <span class='ocrx_word' id='word_1_798' title='bbox 3293 4721 3492 4783; x_wconf 80' lang='lat' dir='ltr'><strong>Achab,</strong></span> 
     </span>
    </p>
   </div>
   <div class='ocr_carea' id='block_1_108' title="bbox 1937 4817 3493 4885">
    <p class='ocr_par' dir='ltr' id='par_1_108' title="bbox 1937 4817 3493 4885">
     <span class='ocr_line' id='line_1_108' title="bbox 1937 4817 3493 4885; baseline -0.008 -2"><span class='ocrx_word' id='word_1_799' title='bbox 1937 4839 1984 4883; x_wconf 89' lang='lat' dir='ltr'><strong>et</strong></span> <span class='ocrx_word' id='word_1_800' title='bbox 2029 4829 2269 4883; x_wconf 79' lang='lat' dir='ltr'><strong>ascendet</strong></span> <span class='ocrx_word' id='word_1_801' title='bbox 2313 4828 2367 4881; x_wconf 83' lang='lat' dir='ltr'><strong>in</strong></span> <span class='ocrx_word' id='word_1_802' title='bbox 2403 4823 2647 4880; x_wconf 83' lang='lat' dir='ltr'><strong>Remmod</strong></span> <span class='ocrx_word' id='word_1_803' title='bbox 2689 4818 2924 4885; x_wconf 82' lang='lat' dir='ltr'><strong>Calaad,</strong></span> <span class='ocrx_word' id='word_1_804' title='bbox 2955 4830 3002 4873; x_wconf 86' lang='lat' dir='ltr'><strong>et</strong></span> <span class='ocrx_word' id='word_1_805' title='bbox 3047 4817 3192 4872; x_wconf 84' lang='lat' dir='ltr'><strong>cadet</strong></span> <span class='ocrx_word' id='word_1_806' title='bbox 3227 4817 3493 4872; x_wconf 84' lang='lat' dir='ltr'><strong>ibi?tuno</strong></span> 
     </span>
    </p>
   </div>
   <div class='ocr_carea' id='block_1_109' title="bbox 1939 4909 3495 4982">
    <p class='ocr_par' dir='ltr' id='par_1_109' title="bbox 1939 4909 3495 4982">
     <span class='ocr_line' id='line_1_109' title="bbox 1939 4909 3495 4982; baseline -0.01 -5"><span class='ocrx_word' id='word_1_807' title='bbox 1939 4919 2142 4982; x_wconf 89' lang='lat' dir='ltr'><strong>subdit,</strong></span> <span class='ocrx_word' id='word_1_808' title='bbox 2173 4927 2233 4973; x_wconf 86' lang='lat' dir='ltr'><strong>ut</strong></span> <span class='ocrx_word' id='word_1_809' title='bbox 2265 4918 2458 4973; x_wconf 90' lang='lat' dir='ltr'><strong>mediis</strong></span> <span class='ocrx_word' id='word_1_810' title='bbox 2492 4916 2708 4970; x_wconf 86' lang='lat' dir='ltr'><strong>silentio</strong></span> <span class='ocrx_word' id='word_1_811' title='bbox 2730 4912 2999 4967; x_wconf 88' lang='lat' dir='ltr'><strong>obvolutis</strong></span> <span class='ocrx_word' id='word_1_812' title='bbox 3027 4909 3376 4980; x_wconf 74' lang='lat' dir='ltr'><strong>quaestionem</strong></span> <span class='ocrx_word' id='word_1_813' title='bbox 3399 4924 3495 4963; x_wconf 80' lang='lat' dir='ltr'><strong>ex-</strong></span> 
     </span>
    </p>
   </div>
   <div class='ocr_carea' id='block_1_110' title="bbox 1938 4999 3495 5082">
    <p class='ocr_par' dir='ltr' id='par_1_110' title="bbox 1938 4999 3495 5082">
     <span class='ocr_line' id='line_1_110' title="bbox 1938 4999 3495 5082; baseline -0.01 -14"><span class='ocrx_word' id='word_1_814' title='bbox 1938 5014 2126 5068; x_wconf 91' lang='lat' dir='ltr'><strong>tricem</strong></span> <span class='ocrx_word' id='word_1_815' title='bbox 2165 5032 2177 5067; x_wconf 96' lang='lat'>:</span> <span class='ocrx_word' id='word_1_816' title='bbox 2216 5011 2468 5082; x_wconf 84' lang='lat' dir='ltr'><strong>Egressus</strong></span> <span class='ocrx_word' id='word_1_817' title='bbox 2511 5018 2587 5064; x_wconf 88' lang='lat' dir='ltr'><strong>est</strong></span> <span class='ocrx_word' id='word_1_818' title='bbox 2616 5008 2854 5077; x_wconf 84' lang='lat' dir='ltr'><strong>spiritus,</strong></span> <span class='ocrx_word' id='word_1_819' title='bbox 2883 5014 2930 5059; x_wconf 88' lang='lat' dir='ltr'><strong>et</strong></span> <span class='ocrx_word' id='word_1_820' title='bbox 2964 5005 3104 5059; x_wconf 86' lang='lat' dir='ltr'><strong>stetit</strong></span> <span class='ocrx_word' id='word_1_821' title='bbox 3161 5018 3337 5056; x_wconf 87' lang='lat' dir='ltr'><strong>coram</strong></span> <span class='ocrx_word' id='word_1_822' title='bbox 3388 4999 3495 5054; x_wconf 86' lang='lat' dir='ltr'><strong>Do-</strong></span> 
     </span>
    </p>
   </div>
   <div class='ocr_carea' id='block_1_111' title="bbox 1941 5097 3494 5174">
    <p class='ocr_par' dir='ltr' id='par_1_111' title="bbox 1941 5097 3494 5174">
     <span class='ocr_line' id='line_1_111' title="bbox 1941 5097 3494 5174; baseline -0.01 -13"><span class='ocrx_word' id='word_1_823' title='bbox 1941 5110 2102 5167; x_wconf 83' lang='lat' dir='ltr'><strong>mino,</strong></span> <span class='ocrx_word' id='word_1_824' title='bbox 2138 5114 2186 5159; x_wconf 86' lang='lat' dir='ltr'><strong>et</strong></span> <span class='ocrx_word' id='word_1_825' title='bbox 2217 5107 2291 5159; x_wconf 88' lang='lat' dir='ltr'><strong>ait</strong></span> <span class='ocrx_word' id='word_1_826' title='bbox 2323 5122 2340 5158; x_wconf 95' lang='lat'><em>:</em></span> <span class='ocrx_word' id='word_1_827' title='bbox 2388 5103 2499 5174; x_wconf 64' lang='lat' dir='ltr'><strong>Ia&#39;ga</strong></span> <span class='ocrx_word' id='word_1_828' title='bbox 2531 5101 2781 5169; x_wconf 76' lang='lat' dir='ltr'><strong>decipiam</strong></span> <span class='ocrx_word' id='word_1_829' title='bbox 2818 5097 3006 5159; x_wconf 86' lang='lat' dir='ltr'><strong>illum;</strong></span> <span class='ocrx_word' id='word_1_830' title='bbox 3035 5111 3066 5149; x_wconf 89' lang='lat' dir='ltr'><strong>a</strong></span> <span class='ocrx_word' id='word_1_831' title='bbox 3099 5108 3208 5164; x_wconf 90' lang='lat' dir='ltr'><strong>quo</strong></span> <span class='ocrx_word' id='word_1_832' title='bbox 3247 5109 3368 5148; x_wconf 91' lang='lat' dir='ltr'><strong>cum</strong></span> <span class='ocrx_word' id='word_1_833' title='bbox 3403 5109 3494 5163; x_wconf 84' lang='lat' dir='ltr'><strong>pe-</strong></span> 
     </span>
    </p>
   </div>
   <div class='ocr_carea' id='block_1_112' title="bbox 1935 5180 3493 5262">
    <p class='ocr_par' dir='ltr' id='par_1_112' title="bbox 1935 5180 3493 5262">
     <span class='ocr_line' id='line_1_112' title="bbox 1935 5180 3493 5262; baseline -0.009 -12"><span class='ocrx_word' id='word_1_834' title='bbox 1935 5203 2069 5251; x_wconf 91' lang='lat' dir='ltr'><strong>teret</strong></span> <span class='ocrx_word' id='word_1_835' title='bbox 2093 5195 2352 5249; x_wconf 91' lang='lat' dir='ltr'><strong>Dominus</strong></span> <span class='ocrx_word' id='word_1_836' title='bbox 2386 5212 2399 5248; x_wconf 93' lang='lat'><strong>:</strong></span> <span class='ocrx_word' id='word_1_837' title='bbox 2437 5191 2503 5246; x_wconf 84' lang='lat' dir='ltr'><strong>In</strong></span> <span class='ocrx_word' id='word_1_838' title='bbox 2537 5193 2686 5262; x_wconf 85' lang='lat' dir='ltr'><strong>quo?</strong></span> <span class='ocrx_word' id='word_1_839' title='bbox 2721 5203 2937 5244; x_wconf 90' lang='lat' dir='ltr'><strong>rursum</strong></span> <span class='ocrx_word' id='word_1_840' title='bbox 2953 5183 3241 5256; x_wconf 89' lang='lat' dir='ltr'><strong>respondet</strong></span> <span class='ocrx_word' id='word_1_841' title='bbox 3279 5201 3291 5236; x_wconf 88' lang='lat'><strong>:</strong></span> <span class='ocrx_word' id='word_1_842' title='bbox 3327 5180 3493 5252; x_wconf 79' lang='lat' dir='ltr'><strong>Egre-</strong></span> 
     </span>
    </p>
   </div>
   <div class='ocr_carea' id='block_1_113' title="bbox 1935 5276 3493 5356">
    <p class='ocr_par' dir='ltr' id='par_1_113' title="bbox 1935 5276 3493 5356">
     <span class='ocr_line' id='line_1_113' title="bbox 1935 5276 3493 5356; baseline -0.01 -13"><span class='ocrx_word' id='word_1_843' title='bbox 1935 5290 2078 5352; x_wconf 87' lang='lat' dir='ltr'><strong>diar,</strong></span> <span class='ocrx_word' id='word_1_844' title='bbox 2109 5299 2155 5342; x_wconf 86' lang='lat' dir='ltr'><strong>et</strong></span> <span class='ocrx_word' id='word_1_845' title='bbox 2183 5305 2271 5342; x_wconf 87' lang='lat' dir='ltr'><strong>ero</strong></span> <span class='ocrx_word' id='word_1_846' title='bbox 2315 5286 2530 5356; x_wconf 84' lang='lat' dir='ltr'><strong>spiritus</strong></span> <span class='ocrx_word' id='word_1_847' title='bbox 2577 5281 2801 5338; x_wconf 71' lang='lat' dir='ltr'><strong>mendax</strong></span> <span class='ocrx_word' id='word_1_848' title='bbox 2850 5281 2904 5334; x_wconf 87' lang='lat' dir='ltr'><strong>in</strong></span> <span class='ocrx_word' id='word_1_849' title='bbox 2955 5295 3043 5332; x_wconf 88' lang='lat' dir='ltr'><strong>ore</strong></span> <span class='ocrx_word' id='word_1_850' title='bbox 3090 5276 3322 5330; x_wconf 79' lang='lat' dir='ltr'><strong>omnium</strong></span> <span class='ocrx_word' id='word_1_851' title='bbox 3370 5291 3493 5342; x_wconf 81' lang='lat' dir='ltr'><strong>pro-</strong></span> 
     </span>
    </p>
   </div>
   <div class='ocr_carea' id='block_1_114' title="bbox 1934 5368 3492 5450">
    <p class='ocr_par' dir='ltr' id='par_1_114' title="bbox 1934 5368 3492 5450">
     <span class='ocr_line' id='line_1_114' title="bbox 1934 5368 3492 5450; baseline -0.01 -17"><span class='ocrx_word' id='word_1_852' title='bbox 1934 5381 2205 5450; x_wconf 87' lang='lat' dir='ltr'><strong>phetarum</strong></span> <span class='ocrx_word' id='word_1_853' title='bbox 2239 5378 2405 5432; x_wconf 84' lang='lat' dir='ltr'><strong>illius.</strong></span> <span class='ocrx_word' id='word_1_854' title='bbox 2449 5375 2544 5432; x_wconf 82' lang='lat' dir='ltr'><strong>His</strong></span> <span class='ocrx_word' id='word_1_855' title='bbox 2582 5376 2760 5446; x_wconf 88' lang='lat' dir='ltr'><strong>potior</strong></span> <span class='ocrx_word' id='word_1_856' title='bbox 2800 5371 2934 5425; x_wconf 84' lang='lat' dir='ltr'><strong>dixit</strong></span> <span class='ocrx_word' id='word_1_857' title='bbox 2968 5389 2980 5424; x_wconf 87' lang='lat'>:</span> <span class='ocrx_word' id='word_1_858' title='bbox 3026 5368 3254 5434; x_wconf 84' lang='lat' dir='ltr'><strong>Decipies</strong></span> <span class='ocrx_word' id='word_1_859' title='bbox 3279 5377 3324 5420; x_wconf 93' lang='lat' dir='ltr'><strong>et</strong></span> <span class='ocrx_word' id='word_1_860' title='bbox 3356 5380 3492 5434; x_wconf 75' lang='lat' dir='ltr'><strong>prte-</strong></span> 
     </span>
    </p>
   </div>
   <div class='ocr_carea' id='block_1_115' title="bbox 1934 5459 3488 5536">
    <p class='ocr_par' dir='ltr' id='par_1_115' title="bbox 1934 5459 3488 5536">
     <span class='ocr_line' id='line_1_115' title="bbox 1934 5459 3488 5536; baseline -0.011 -10"><span class='ocrx_word' id='word_1_861' title='bbox 1934 5471 2149 5527; x_wconf 83' lang='lat' dir='ltr'><strong>valebis.</strong></span> <span class='ocrx_word' id='word_1_862' title='bbox 2205 5470 2269 5523; x_wconf 89' lang='lat' dir='ltr'><strong>Et</strong></span> <span class='ocrx_word' id='word_1_863' title='bbox 2318 5484 2454 5522; x_wconf 85' lang='lat' dir='ltr'><strong>nunc</strong></span> <span class='ocrx_word' id='word_1_864' title='bbox 2499 5467 2637 5536; x_wconf 89' lang='lat' dir='ltr'><strong>jam,</strong></span> <span class='ocrx_word' id='word_1_865' title='bbox 2694 5467 2786 5528; x_wconf 89' lang='lat' dir='ltr'><strong>ait,</strong></span> <span class='ocrx_word' id='word_1_866' title='bbox 2849 5461 3110 5533; x_wconf 86' lang='lat' dir='ltr'><strong>egredere,</strong></span> <span class='ocrx_word' id='word_1_867' title='bbox 3164 5468 3213 5514; x_wconf 91' lang='lat' dir='ltr'><strong>et</strong></span> <span class='ocrx_word' id='word_1_868' title='bbox 3270 5459 3354 5528; x_wconf 81' lang='lat' dir='ltr'><strong>fac</strong></span> <span class='ocrx_word' id='word_1_869' title='bbox 3392 5459 3488 5510; x_wconf 86' lang='lat' dir='ltr'><strong>ita.</strong></span> 
     </span>
    </p>
   </div>
   <div class='ocr_carea' id='block_1_116' title="bbox 1941 5548 3500 5634">
    <p class='ocr_par' dir='ltr' id='par_1_116' title="bbox 1941 5548 3500 5634">
     <span class='ocr_line' id='line_1_116' title="bbox 1941 5548 3500 5634; baseline -0.011 -14"><span class='ocrx_word' id='word_1_870' title='bbox 1941 5563 2069 5630; x_wconf 75' lang='lat' dir='ltr'><strong>Qus:</strong></span> <span class='ocrx_word' id='word_1_871' title='bbox 2089 5578 2209 5618; x_wconf 90' lang='lat' dir='ltr'><strong>eum</strong></span> <span class='ocrx_word' id='word_1_872' title='bbox 2240 5560 2500 5634; x_wconf 87' lang='lat' dir='ltr'><strong>propheta</strong></span> <span class='ocrx_word' id='word_1_873' title='bbox 2529 5557 2643 5630; x_wconf 86' lang='lat' dir='ltr'><strong>regi</strong></span> <span class='ocrx_word' id='word_1_874' title='bbox 2676 5562 2968 5621; x_wconf 86' lang='lat' dir='ltr'><strong>narrasset,</strong></span> <span class='ocrx_word' id='word_1_875' title='bbox 2987 5553 3132 5609; x_wconf 87' lang='lat' dir='ltr'><strong>illico</strong></span> <span class='ocrx_word' id='word_1_876' title='bbox 3148 5551 3328 5610; x_wconf 86' lang='lat' dir='ltr'><strong>subdit</strong></span> <span class='ocrx_word' id='word_1_877' title='bbox 3354 5572 3362 5581; x_wconf 88' lang='lat'><strong>-</strong></span> <span class='ocrx_word' id='word_1_878' title='bbox 3390 5548 3500 5604; x_wconf 74' lang='lat' dir='ltr'><strong>Do-</strong></span> 
     </span>
    </p>
   </div>
  </div>
