4080 6334
663 293 768 350 645
1609 286 1669 344 S.
1710 278 2079 343 EUSTATHII
2108 274 2413 334 EPISCOPI
2453 273 2867 333 ANTIOCHENI
3028 314 3037 321 .
3708 267 3798 335 ω’

661 405 744 461 dit
767 405 1021 461 Dominus
1059 402 1273 473 spiritus
1319 401 1577 457 mendacii
1614 402 1670 456 in
1709 416 1797 456 ore
1829 400 2057 454 omnium
2107 398 2272 466 pro-ﬁ

2178 412 2223 450 οο
2247 398 2296 455 Α
2334 392 2695 461 Ἀπατήσεις,
2724 392 2825 447 καί
2848 407 2914 463 γε
2948 389 3210 460 δυνήσῃ.
3233 388 3340 444 Καὶ
3363 389 3473 445 νῦν
3494 390 3622 457 ἰδοὺ,
3645 395 3789 465 φησιν,

661 499 937 572 piratarum
968 506 1177 550 tuorum
1227 494 1316 565 qui
1353 494 1436 547 hic
1470 501 1616 558 sunt,
1652 501 1702 547 et
1732 491 1987 546 Dominus
2018 489 2221 543 locutus

2197 504 2221 542 s
2320 485 2546 550 ἔξελθε,
2581 486 2677 539 καὶ
2706 485 2967 553 ποίησον
2993 482 3197 549 οὕτως.
3241 481 3296 534 '0
3334 482 3388 534 δὲ
3419 483 3664 554 προφήτης
3687 486 3806 541 αὐτὼ

661 571 742 648 est
767 597 953 644 contra
981 596 1029 641 te
1057 586 1221 640 mala.
1256 585 1395 657 Ergo
1425 586 1469 641 si
1503 584 1753 655 spiritum
1779 583 1922 641 hunc
1946 580 2039 652 qui
2070 595 2222 635 men-

2184 598 2222 634 ι-
2320 575 2488 629 ταῦτα
2514 574 2591 647 τῷ
2625 574 2831 646 βασιλεῖ
2856 572 3203 645 διηγούμενος
3232 571 3421 636 εὐθέως
3449 573 3693 646 ἐπιφέρει·
3720 577 3795 631 Δέ-

662 681 805 736 dacii
829 679 931 734 fuit
960 688 1172 742 auctor,
1204 677 1428 732 minime
1450 678 1651 732 bonum
1673 673 1769 730 sed
1802 688 2025 745 pravum
2056 671 2225 727 fuisse

2187 687 2225 727 ιθ
2319 665 2508 720 δωκεν
2529 669 2562 720 ό
2597 666 2739 732 Θεὸς
2766 664 3002 734 πνεῦμα
3024 662 3246 732 ψευδὲς
3269 664 3335 716 ἐν
3360 664 3585 733 στόματι
3612 664 3798 721 πάντων

661 774 966 844 intelligere
993 785 1218 826 necesse
1236 769 1328 831 sit,
1361 768 1625 838 sequitur,
1657 765 1805 821 hunc
1834 766 1963 820 item
1992 763 2221 820 creden-

2189 792 2221 816 _-
2320 757 2439 813 τῶν
2466 758 2780 828 προφητῶν
2803 773 2918 811 σου
2946 757 3188 819 τούτων,
3230 755 3326 808 καὶ
3357 755 3600 824 ἐλάλησε
3631 759 3800 827 Κύριος

661 865 792 919 dum
844 864 1014 921 fuisse
1056 860 1258 917 diaboli
1290 861 1727 914 instrumentum.
1775 855 1908 911 Cum
1956 864 2135 910 autem
2167 868 2227 908 re

2189 868 2227 908 ιε
2319 849 2417 902 ἐπὶ
2465 847 2539 902 σὲ
2579 848 2751 902 κακά.
2797 846 3092 919 Τοιγαροῦν
3138 845 3290 922 εἴπερ
3324 845 3530 917 ⁸ἀνάγκη
3573 851 3691 903 νοεῖν
3726 849 3800 904 οὐκ

663 956 781 1026 ipsa
824 957 901 1011 illi
952 952 1249 1024 contigisse
1292 957 1492 1021 pateat,
1510 964 1640 1020 ergo
1665 949 1818 1020 prius
1846 947 2090 1002 audierat
2116 959 2224 1017 quo

2192 959 2224 1000 ο
2321 941 2540 1011 ἀγαθὸν,
2568 940 2703 997 ἀλλὰ
2729 940 2961 1009 πονηρὸν
2991 935 3127 994 εἶναι
3151 939 3304 993 τοῦτο
3328 940 3386 993 τὸ
3412 940 3622 1011 πνεῦμα,
3653 941 3702 995 τὸ
3727 943 3800 1014 τῆς

662 1051 824 1114 pacto
850 1042 1272 1100 scelestissimus
1289 1039 1476 1094 Achab
1491 1038 1560 1093 ad
1591 1038 1791 1093 bellum
1822 1036 2120 1108 procedens
2132 1050 2226 1091 oc-

2191 1053 2226 1090 :-
2321 1034 2680 1104 ψευδηγορίας
2732 1034 2923 1099 αἴτιον,
2974 1031 3259 1087 ἀκόλουθον
3312 1031 3669 1103 ὑπολαμϐάνειν
3705 1035 3802 1089 αὐτὸ

663 1136 951 1190 cubiturus
992 1140 1158 1189 esset.
1207 1129 1356 1185 Nam
1389 1129 1479 1184 ille
1510 1129 1852 1183 mendacium
1880 1142 1978 1199 pro
1999 1128 2228 1183 veritate

2191 1142 2228 1182 .e
2323 1124 2479 1179 τοῦτο
2502 1125 2562 1178 τὸ
2591 1123 2889 1179 διαδολικὸν
2920 1124 3146 1195 ὄργανον
3180 1123 3455 1195 ὑπάρχειν.
3484 1125 3542 1177 Ei
3564 1124 3614 1177 δὲ
3648 1125 3802 1197 κυρίως

664 1222 957 1279 obtrudere
1014 1222 1203 1285 voluit,
1252 1228 1313 1274 ut
1352 1219 1478 1274 belli
1531 1234 1753 1274 causam
1809 1218 2093 1273 moliretur
2120 1218 2226 1272 im-

2199 1247 2226 1260 -
2324 1216 2702 1270 ἀποδείκνυται
2754 1216 2910 1270 τοῦτο
2978 1211 3141 1279 εἶναι,
3197 1216 3522 1287 προακήκοεν
3578 1213 3669 1286 ἄρα
3717 1214 3804 1279 πῶς

664 1316 926 1386 piumque
958 1312 1207 1383 perderet
1242 1310 1477 1380 turpius.
1513 1307 1591 1363 lta
1614 1318 1673 1364 ut
1704 1310 1853 1365 hisce
1886 1309 2075 1373 rebus,
2110 1323 2228 1362 ma-

2192 1330 2228 1362 l-
2325 1309 2551 1381 ἤμελλεν
2599 1311 2627 1363 6
2658 1309 2850 1380 μιαρὸς
2912 1307 3115 1379 Ἀχαάϐ
3158 1309 3238 1371 είς
3273 1305 3494 1377 πόλεμον
3520 1306 3672 1359 ἀπιὼν
3707 1307 3803 1361 ἀπυ-

663 1407 719 1461 la
749 1419 869 1475 quae
897 1402 1145 1459 scelestis
1190 1400 1501 1458 inferuntur
1539 1401 1815 1457 diabolum
1865 1400 2224 1472 przescivisse,

2195 1417 2224 1463 ι,
2327 1401 2574 1473 θνήσκειν
2592 1417 2606 1432 ⁸
2647 1400 2776 1454 αὐτὸ
2811 1398 2918 1471 γὰρ
2949 1399 3147 1470 ἠξίωσε
3174 1398 3234 1451 τὸ
3257 1396 3441 1468 ψεῦδος
3476 1396 3585 1451 ἀντὶ
3611 1397 3695 1468 τῆς
3713 1397 3806 1469 ἀλη-

664 1495 1018 1551 manifestum
1060 1496 1151 1561 sit,
1187 1508 1310 1549 cum
1343 1494 1703 1565 pessimorum
1735 1492 1977 1547 omnium
2006 1493 2122 1564 ipse
2157 1492 2230 1548 sit

2195 1492 2230 1547 it
2328 1493 2477 1557 θείας
2505 1492 2803 1556 ἐκϐάλλειν,
2832 1491 2919 1545 ἴνα
2939 1491 3171 1562 πολέμου
3197 1490 3404 1560 γένεσιν
3425 1489 3722 1563 αύτουργήσῃ
3740 1492 3806 1544 καὶ

664 1588 865 1661 opifex.
894 1588 952 1642 In
976 1587 1139 1643 Saule
1157 1601 1287 1642 vero
1307 1585 1569 1656 quidquid
1591 1600 1622 1640 e
1648 1600 1707 1640 re
1719 1584 1935 1655 propria
1960 1583 2227 1641 Samuelis

2200 1600 2227 1641 s
2326 1582 2606 1654 διαφθείρῃ
2631 1581 2721 1635 τὸν
2758 1581 2939 1635 ἄδικον
2975 1580 3218 1650 αίσχίως.
3258 1579 3414 1632 Ὥστε
3447 1579 3535 1633 καὶ
3558 1578 3634 1632 διὰ
3656 1579 3805 1655 τούιων

669 1680 909 1737 oraculis
925 1680 1130 1736 addens
1160 1679 1475 1742 immiscuit,
1505 1693 1618 1733 non
1647 1684 1854 1731 tantum
1880 1677 2229 1749 probabiliter
2260 1746 2280 1749 _

2195 1693 2229 1731 :r
2260 1746 2280 1749 _
2328 1675 2703 1729 ἀποδείκνυται
2737 1673 2844 1726 τῶν
2872 1672 3067 1746 ἔργων,
3113 1673 3196 1725 ὅτι
3244 1669 3311 1725 τά
3353 1671 3491 1724 κακὰ
3518 1674 3617 1734 τοῖς
3655 1671 3806 1734 ἀδίκοις

668 1773 949 1837 mentitus,
977 1772 1072 1828 sed
1103 1771 1266 1843 impie
1305 1768 1713 1851 irreligioseque
1741 1746 1957 1826 locutus
2006 1776 2113 1826 est.
2158 1768 2229 1824 At
2258 1746 2279 1805 Ῑ

2195 1778 2229 1824 ιι
2258 1746 2301 1805 Β
2329 1766 2698 1838 ἐπιφερόμενα
2728 1766 3150 1839 προμεμάθηκεν
3195 1767 3224 1819 6
3259 1762 3511 1831 διάϐολος,
3549 1763 3704 1834 ἐπειδὴ
3732 1763 3806 1817 τῶν

670 1865 904 1935 primum
935 1865 1081 1920 illius
1109 1863 1331 1933 impium
1357 1861 1561 1916 dictum
1586 1862 1672 1917 vel
1710 1860 1837 1917 inde
1873 1860 2224 1932 deprehendi-

2194 1861 2224 1915 ἱ-
2330 1857 2588 1929 ἐχθίστων
2610 1861 2639 1912 6
2661 1859 3070 1931 δραματουργὸς
3103 1857 3267 1921 αὐτός
3288 1858 3429 1911 ἐστιν
3448 1857 3687 1911 ἁπάντων.
3719 1856 3805 1909 Ἐπὶ

670 1964 794 2012 tur:
823 1957 1054 2026 primum
1086 1955 1302 2026 quidem
1335 1953 1509 2024 quod,
1541 1952 1997 2024 quemadmodum
2045 1951 2230 2008 Domi-

2195 1954 2230 2007 i-
2332 1945 2511 2017 μέντοι
2534 1946 2626 1999 τοῦ
2650 1947 2839 2012 Σαοὺλ,
2869 1949 2967 2000 ὅσα
2999 1944 3256 2018 προσθεὶς
3277 1945 3366 2017 ἀφ’
3389 1943 3566 1999 ἐαυτοῦ
3590 1942 3806 2009 συνέζευξε

668 2063 774 2104 nus
800 2047 1127 2116 latroni,qui
1156 2047 1306 2115 regni
1340 2045 1460 2116 ejus
1490 2046 1785 2116 potentiam
1801 2043 2089 2100 confessus
2112 2042 2231 2100 fue-

2197 2064 2231 2096 ι-
2328 2042 2440 2103 τοῖς
2478 2038 2567 2091 τοῦ
2596 2037 2845 2109 Σαμουὴλ
2884 2037 3317 2110 ἀποφθέγμασιν,
3351 2036 3410 2092 ού
3443 2037 3585 2108 μόνον
3608 2033 3808 2104 ἐψεύσατο

667 2147 789 2203 rat,
823 2139 960 2193 dixit
998 2139 1044 2170 "
1081 2158 1093 2193 :
1126 2137 1296 2192 Hodie
1342 2154 1540 2192 mecum
1581 2139 1685 2192 eris
1733 2138 1789 2191 in
1835 2136 2120 2206 paradiso;
2157 2136 2229 2191 ita

2200 2152 2229 2190 a
2331 2130 2587 2194 πιθανῶς,
2631 2129 2764 2185 ἀλλά
2796 2131 2889 2184 καὶ
2926 2130 3345 2204 ἐϐλασφήμησεν
3378 2127 3589 2192 ἀσεϐῶς.
3629 2124 3807 2179 Ἐνθένδε

666 2240 723 2288 et
753 2231 842 2286 hic
890 2231 1107 2285 illorum
1158 2230 1433 2292 imitator,
1488 2228 1637 2283 Sauli
1686 2229 1911 2299 magicis
1957 2229 2230 2286 vaticiniis

2204 2246 2230 2286 ε
2331 2221 2493 2275 ποθὲν
2522 2220 2849 2293 διελέγχεται
2877 2225 2908 2293 ἡ
2937 2221 3125 2294 πρώτη
3169 2221 3475 2294 δυσφημία·
3506 2220 3693 2291 Πρῶτον
3723 2216 3808 2288 μὲν,

667 2323 915 2393 expletis,
960 2322 1182 2377 dolosus
1229 2320 1425 2374 artifex
1472 2320 1816 2375 enuntiavit:
1849 2319 1983 2374 Cras
2033 2321 2136 2375 eris
2173 2329 2227 2374 tu

2198 2337 2227 2374 ιι
2330 2314 2411 2365 ὅτι
2440 2311 2576 2368 κατά
2598 2314 2844 2386 μίμησιν,
2865 2314 2940 2377 ὡς
2960 2315 2989 2366 6
3012 2314 3215 2385 Κύεριος
3239 2314 3342 2395 ἔφη
3362 2312 3438 2384 τῷ
3456 2312 3628 2385 λῃστῇ,
3652 2309 3701 2362 τὸ
3719 2307 3809 2380 κρά-

668 2430 889 2476 mecum,
919 2424 965 2467 et
989 2413 1261 2466 Jonathan
1287 2412 1433 2482 ﬁlius
1458 2421 1577 2465 tuus
1608 2411 1674 2465 “.
1721 2409 1992 2476 Secundo,
2020 2412 2227 2482 justum

2207 2428 2227 2465 ι
2329 2419 2420 2465 τος
2443 2402 2832 2474 ὁμολογήσαντι
2856 2404 2954 2474 τῆς
2979 2402 3256 2473 βασιλείας
3286 2402 3467 2465 αὐτοῦ,
3486 2401 3715 2470 Σήμερον
3721 2398 3818 2475 £93

666 2505 740 2561 ab
769 2505 971 2575 injusto
1011 2504 1143 2558 nihil
1176 2504 1369 2559 abesse
1397 2512 1630 2558 conatur
1662 2503 1911 2573 probare,
1939 2512 1998 2557 ut
2038 2502 2230 2557 callide

2202 2520 2230 2557 ε
2332 2493 2453 2571 μετ’
2493 2494 2666 2564 ἐμοῦ,
2701 2495 2894 2563 λέγων,
2928 2496 2998 2548 ἐν
3046 2494 3127 2559 τῷ
3179 2495 3530 2565 παραδείσῳ,
3570 2493 3730 2546 ταυτὸν
3765 2486 3810 2558 δὴ

669 2597 885 2668 piorum
921 2604 1153 2650 conatus
1200 2603 1363 2667 atque
1402 2595 1636 2665 impetus
1667 2595 2007 2664 comprimat.
2041 2593 2229 2661 Nemo,

2199 2611 2229 2661 ι,
2331 2586 2486 2640 τοῦτο
2518 2588 2611 2641 καὶ
2636 2587 2710 2659 τῷ
2739 2586 2910 2641 Σαοὺλ
2937 2586 3351 2660 ἐκπληρώσαντι
3372 2590 3468 2652 τὰς
3498 2583 3719 2658 μαντικὰς
3741 2582 3810 2636 αύ-

666 2693 730 2740 ut
749 2684 984 2747 videtur,
1019 2684 1174 2754 plane
1215 2700 1325 2739 non
1357 2684 1529 2748 novit,
1569 2683 1771 2738 nullam
1824 2683 1990 2751 inter,
2020 2683 2229 2739 fidelem

2200 2699 2229 2736 η
2332 2679 2424 2731 τοῦ
2469 2678 2722 2749 μαντείας
2760 2678 2957 2750 ἔφησεν
2999 2681 3027 2732 6
3054 2679 3374 2751 δολομήτης·
3406 2678 3602 2746 Αὕριον
3633 2674 3724 2741 ἔσῃ
3751 2671 3811 2726 σὺ

666 2781 724 2833 et
775 2775 1051 2831 infidelem
1095 2775 1535 2830 communionem
1594 2774 1977 2830 intercedere:
2021 2791 2232 2830 necnon

2203 2791 2232 2829 [ι
2327 2769 2453 2839 μετ’
2503 2769 2670 2839 ἐμοῦ,
2718 2770 2819 2825 καὶ
2878 2770 3161 2826 Ἰωνὰθαν
3202 2773 3237 2824 ὁ
3288 2772 3417 2837 υἱός
3446 2785 3571 2823 σου.
3615 2764 3814 2836 Δεύτερον

669 2881 886 2931 rursus,
920 2881 1030 2937 quo
1083 2875 1242 2936 pacto
1291 2868 1383 2937 qui
1441 2868 1753 2923 divitiarum
1785 2869 1941 2940 copia
1993 2867 2232 2939 profusis

2205 2885 2232 2924 s
2336 2862 2578 2933 βούλεται
2612 2862 2881 2917 δεικνύναι
2915 2863 3003 2918 διὰ
3043 2856 3268 2929 τούτων,
3304 2863 3385 2917 ὃτι
3425 2860 3625 2933 μηδὲνό
3657 2859 3814 2920 δίκαιος

666 2962 977 3011 marcuerat
1005 2955 1202 3024 epulis,
1235 2955 1392 3026 longe
1426 2971 1457 3010 a
1502 2955 1693 3010 Lazari
1729 2958 2089 3013 contubernio
2146 2974 2234 3014 se-

2208 2990 2234 3000 -
2334 2950 2514 3004 ἀδίκου
2562 2949 2825 3023 διαφέρει,
2867 2950 2966 3015 τάς
3001 2950 3110 3005 τῶν
3152 2950 3392 3007 εὐσεϐῶν
3431 2948 3633 3019 ἐκκόψαι
3663 2946 3817 3019 προθυ-

662 3045 892 3119 Ῑιιιιοιυε
922 3054 1275 3117 secretasque
1306 3046 1468 3102 fuerit
1490 3048 1558 3112 ⁸³,
1579 3049 1829 3118 quamvis
1858 3049 2064 3104 nihilin
2084 3050 2230 3104 illum
2260 3083 2273 3135 ε

2205 3066 2230 3104 η
2260 3080 2303 3137 C
2340 3042 2465 3113 μίας
2501 3042 2946 3115 ἐπιτεχνώμενος.
2990 3043 3175 3108 Οὐδεὶς
3206 3036 3384 3099 ἔοικεν
3421 3045 3630 3113 ἀγνοεῖν,
3654 3042 3719 3095 ὅτι
3743 3055 3816 3137 p.11:

669 3153 857 3196 ausus.
892 3137 1034 3195 Sane
1064 3139 1200 3194 nihil
1229 3140 1440 3211 uspiam
1465 3141 1815 3211 reliquiarum
1846 3150 1939 3197 aut
1971 3142 2233 3197 micarum
2264 3127 2280 3137 ’

2205 3160 2233 3197 ιι
2264 3127 2303 3137 “
2337 3133 2494 3205 δεμία
2531 3134 2860 3206 συνυπάρχει
2894 3134 3151 3190 κοινωνία
3177 3134 3355 3207 πιστῷ
3397 3135 3526 3207 μετά
3561 3134 3763 3199 ἀπίστου,
3791 3127 3816 3201 ἢ

668 3229 727 3284 in
756 3229 1125 3300 pavimentum
1160 3230 1470 3285 cadentium
1498 3232 1777 3297 exhibuit,
1810 3232 1903 3289 sed
1938 3248 2037 3288 nec
2067 3234 2237 3304 plagis

2211 3249 2237 3287 ε
2337 3223 2402 3280 αὖ
2436 3226 2615 3291 πάλιν,
2658 3228 2802 3293 ὅπως
2844 3231 2872 3282 ὁ
2905 3227 3116 3299 πλούτῳ
3150 3220 3563 3302 κατατρύφήσας
3601 3226 3817 3296 ἀπλήστῳ.

667 3320 847 3377 virum
879 3320 1167 3387 amixerat,
1222 3336 1323 3377 nec
1373 3321 1556 3393 ﬂagris
1606 3338 1804 3379 caesum
1866 3324 1973 3378 alio
2026 3325 2238 3394 longius

2212 3341 2238 3380 s
2337 3318 2523 3388 πόρρω
2546 3319 2646 3389 τῆς
2680 3318 2929 3392 Λαζάρου
2961 3319 3170 3390 διαίτης
3202 3320 3494 3393 ἀπεκρίθη,
3523 3317 3674 3372 καίτοι
3700 3313 3818 3386 μηδὲν

669 3411 1010 3468 amandarat.
1036 3410 1239 3467 Verum
1261 3427 1387 3468 cum
1420 3414 1583 3469 ambo
1608 3415 1733 3469 hinc
1755 3415 2056 3486 migrantes
2072 3416 2236 3470 vitam

2207 3431 2236 3469 n
2336 3410 2516 3479 ὅμοιον
2541 3405 3061 3481 ἐκείνῳωηδράσας.
3079 3409 3218 3464 Ἀλλ’
3233 3403 3387 3477 οὗτος
3408 3412 3501 3483 μὲν
3514 3409 3644 3465 οὐδὲν
3655 3406 3818 3461 πώποτε

668 3508 1101 3556 commutassent
1117 3517 1240 3556 cum
1272 3510 1466 3567 morte,
1487 3503 1577 3559 hic
1594 3503 1814 3575 quidem
1839 3506 1894 3559 in
1927 3506 2049 3560 sinu
2073 3504 2239 3560 Abra-

2208 3520 2239 3559 ιο
2341 3499 2606 3570 μετέδωκε
2639 3499 2715 3572 τῷ
2743 3502 3039 3573 πενομένῳ,
3068 3502 3129 3556 τὸ
3155 3506 3417 3575 παράπαν
3444 3502 3602 3565 οὐδὲν,
3625 3498 3725 3553 οὔτε
3748 3512 3819 3549 πε·

671 3590 756 3645 ba:
773 3593 989 3662 generis
1005 3593 1248 3650 auctoris
1279 3595 1502 3663 quievit,
1531 3597 1621 3649 ille
1658 3598 1989 3666 perennibus
2006 3596 2238 3654 flammis

2212 3614 2238 3654 s
2339 3594 2725 3665 ριττευμάτων,
2743 3593 2863 3647 οὔτε
2890 3593 3062 3666 ψιχῶν
3088 3597 3167 3659 εἰς
3192 3596 3452 3666 τοῦδαφος
3472 3590 3817 3667 ἐκριπτομένωνο

670 3687 836 3753 atque
864 3683 1398 3755 inexstinguibilibus
1427 3696 1716 3758 correptus
1749 3697 1830 3745 est
1863 3709 1874 3743 :
1911 3691 1998 3745 hic
2023 3690 2151 3745 dum
2181 3691 2238 3745 in

2209 3708 2238 3745 n
2337 3671 2588 3739 ἀλλ”οὐδ’
2623 3685 2923 3759 ἐλυμήνατο
2960 3687 3047 3741 τὸν
3079 3687 3250 3760 ἄνδρα
3277 3688 3523 3759 πληγαῖς,
3550 3687 3604 3740 ού
3632 3680 3820 3757 μάστιξιν

669 3772 865 3830 inferis
886 3781 1065 3830 tortus
1094 3779 1508 3846 cremaretur“,
1546 3780 1692 3835 videt
1725 3798 1754 3835 a
1796 3783 1955 3852 longe
1987 3784 2238 3854 progeni-

2208 3812 2238 3836 ιο
2336 3779 2686 3850 αἰκισάμενος
2724 3777 2908 3844 ἐδίωξε
2939 3778 3247 3850 περαιτέρω
3292 3796 3394 3834 που
3420 3779 3549 3849 γῆς·
3593 3775 3689 3830 ἀλλ’
3716 3774 3819 3831 ὅπως

670 3871 1097 3932 torem,necnon
1119 3877 1173 3923 et
1188 3866 1453 3923 Lazarum
1482 3871 1538 3926 in
1570 3870 1694 3927 sinu
1718 3872 1837 3941 ejus
1864 3892 1876 3927 :
1900 3880 1953 3927 at
1972 3874 2091 3945 igne
2113 3890 2236 3930 cum

2210 3890 2236 3928 η
2336 3867 2520 3939 ἐπειδὴ
2574 3867 2910 3939 μετήλλαξαν
2964 3868 3129 3937 ἄμφω
3184 3868 3513 3941 μετάραντες
3550 3859 3821 3945 ἐντεῦθεν,ῥ

673 3952 915 4019 arderet,
949 3970 1014 4010 ex
1052 3957 1236 4012 animo
1266 3957 1540 4013 Abraham
1572 3961 1803 4033 rogabat
1834 3970 1892 4017 ut
1917 3964 1983 4019 ad
1999 3943 2065 4020 se
2085 3980 2238 4021 men-

2212 3995 2238 4006 —
2339 3956 2435 4028 μὲν
2473 3957 2555 4020 είς
2597 3956 2826 4020 κόλπους
2861 3954 3015 4027 ἔληξε
3056 3955 3146 4009 τοῦ
3180 3955 3522 4027 προπάτορος
3568 3943 3821 4033 Ἀϐραὰμ-ὀ

671 4043 854 4100 dicum
899 4047 1139 4103 mitteret
1170 4060 1184 4103 :
1217 4050 1417 4121 quippe
1458 4030 1663 4108 obnixe
1691 4053 2016 4122 precabatur
2040 4062 2101 4111 ut
2128 4055 2236 4110 La-

2210 4087 2236 4097 -
2334 4049 2390 4101 δὲ
2423 4051 2544 4112 ταῖς
2577 4049 2889 4120 ἀκοιμήτοις
2921 4047 3072 4118 ἐδόθη
3122 4047 3278 4118 φλοξὶ
3317 4048 3412 4104 τοῦ
3445 4047 3632 4120 πυρός’
3662 4041 3723 4104 ὡς
3755 4030 3821 4090 οἷον

673 4152 836 4194 zarus
866 4140 931 4194 ad
952 4155 1076 4195 eum
1096 4142 1321 4198 veniens
1346 4150 1647 4199 extremum
1673 4145 1827 4218 digiti
1850 4148 1934 4202 sui
1961 4148 2014 4204 in
2042 4165 2235 4219 aquam

2211 4166 2235 4204 η
2335 4139 2392 4193 ἐν
2424 4137 2503 4210 τῷ
2551 4134 2649 4211 ᾄδῃ
2698 4139 3111 4210 βασανιζόμενος
3143 4140 3430 4209 ἐφλέγετο,
3474 4133 3719 4209 πόρρωθεν

673 4230 990 4303 intingeret,
1047 4234 1236 4305 sicque
1283 4235 1523 4308 linguam
1560 4252 1712 4292 suam
1744 4217 1886 4295 roris
1916 4217 2237 4298 humiditate

2211 4257 2237 4298 ε
2334 4230 2437 4303 ὁρᾷ
2475 4230 2563 4284 τὸν
2600 4230 2937 4303 προπάτορα,
2978 4230 3169 4301 θεωρεῖ
3204 4230 3262 4283 δὲ
3302 4232 3396 4285 καὶ
3430 4230 3517 4283 τὸν
3553 4224 3760 4294 Λάζαρον
3782 4217 3822 4267 ἐν

673 4331 1063 4380 contrectatam
1104 4326 1492 4398 refrigeraret:
1532 4330 1715 4400 itaque
1754 4330 1940 4402 ignitis
1978 4332 2235 4388 cruciati-

2213 4362 2235 4373 ..
2336 4326 2448 4388 τοῖς
2481 4323 2701 4387 κόλποις
2731 4322 2895 4377 αὐτοῦ
2915 4340 2928 4353 ·
2958 4326 3023 4395 τῇ
3058 4324 3115 4378 δέ
3146 4324 3210 4397 δὴ
3257 4325 3415 4394 φλογὶ
3443 4320 3737 4394 πυρούμενος
3759 4315 3824 4366 ἐκ·

672 4416 778 4471 bus
805 4415 947 4471 male
970 4424 1197 4473 vexatus
1223 4418 1450 4489 supplex
1480 4419 1594 4474 haec
1622 4420 1787 4476 miser
1802 4423 2079 4479 exorabat.
2096 4424 2232 4479 Cum
2266 4424 2283 4478 1

2214 4441 2232 4479 ι
2266 4424 2309 4478 D
2339 4416 2522 4488 θύμως
2546 4416 2696 4489 ἠξίου
2727 4417 2817 4471 τὸν
2857 4417 3104 4490 Ἀϐραὰμ
3121 4419 3269 4482 ὅπως
3297 4416 3545 4488 ἐκπέμψῃ
3569 4413 3650 4466 τὸν
3670 4409 3825 4476 πένητα

671 4519 838 4575 porro
869 4507 1186 4578 progenitor
1217 4508 1284 4563 ad
1310 4511 1589 4580 postulata
1617 4511 2009 4583 respondisset,
2039 4530 2234 4584 quem-

2213 4544 2234 4556 -
2336 4509 2471 4581 πρὸς
2504 4510 2690 4563 αὐτόν·
2735 4510 2902 4564 ἐδεῖτο
2940 4510 3048 4582 γὰρ
3095 4511 3160 4564 ἵν’
3209 4509 3532 4581 ἀφικόμενος
3560 4508 3586 4561 6
3612 4502 3824 4584 Λάζαρος)

672 4595 805 4650 libet
852 4597 908 4650 in
939 4596 1180 4666 qualibet
1224 4607 1380 4669 parte
1426 4599 1605 4670 justas
1635 4581 1907 4672 recepisse
1957 4581 2235 4660 mercedes

2214 4620 2235 4660 s
2334 4601 2396 4655 τὸ
2429 4600 2526 4672 μὲν
2556 4601 2721 4672 ἄκρον
2753 4599 2904 4655 ὕδατι
2926 4601 3071 4675 βάψῃ
3092 4600 3184 4655 τοῦ
3204 4600 3486 4662 δακτύλου,
3524 4581 3825 4675 καταψύξῃξὲ

673 4685 883 4757 praemii
905 4687 1047 4753 loco,
1082 4695 1215 4743 tunc
1243 4691 1506 4762 temporis
1529 4670 1779 4749 subdidit
1802 4713 1815 4748 :
1841 4692 1911 4747 Et
1937 4694 1994 4748 in
2016 4694 2096 4748 his
2125 4712 2237 4749 om-

2216 4724 2237 4735 -
2335 4670 2440 4763 τὴν
2465 4670 2704 4760 γλῶτταν
2715 4690 2899 4756 αὐτοῦ,
3143 4690 3556 4764 ἐπαφησάμενος
3582 4682 3691 4755 (5")
3712 4670 3827 4746 ἰκμάι

674 4776 827 4833 nibus
855 4778 991 4833 inter
1014 4795 1108 4833 nos
1140 4787 1197 4836 et
1247 4798 1333 4835 ros
1357 4782 1515 4837 chaos
1555 4800 1800 4856 magnum
1830 4787 2101 4856 ﬁrmatum
2136 4796 2234 4855 cst,

2219 4829 2234 4855 9
2335 4783 2419 4835 δα’
2451 4781 2770 4853 πυροφόροις
2810 4777 2903 4835 οὖν
2937 4782 3298 4852 ἀλγυνόμενος
3332 4780 3557 4842 ὀδύναις,
3589 4766 3825 4845 ἐπρέσϐευε

671 4878 734 4924 ιιι
781 4869 834 4924 Ιιί
868 4871 958 4941 qui
992 4870 1167 4926 volunt
1202 4871 1321 4927 hinc
1363 4876 1591 4930 transire
1619 4875 1689 4930 ad
1731 4893 1820 4932 vos
1861 4894 1965 4933 non
2008 4880 2234 4949 possint,

2218 4919 2234 4944 ,
2339 4874 2561 4929 τοιαῦτα
2593 4874 2710 4945 μεθ’
2745 4875 2977 4939 ἱκετείας
2998 4877 3031 4947 6
3057 4874 3244 4939 τάλας.
3285 4873 3497 4944 Ἐπειδὴ
3518 4871 3571 4925 δὲ
3596 4865 3711 4939 πρὸς
3734 4859 3826 4949 ἕπῑξς

675 4977 836 5034 neque
859 4961 979 5018 inde
1007 4961 1077 5017 ad
1116 4981 1209 5018 nos
1250 4973 1572 5022 transmeare
1593 4968 1657 5020 ‘7.
1685 4966 1743 5021 Si
1771 4967 1954 5039 itaque
1984 4946 2236 5040 magnum

2218 4984 2236 5023 ι
2339 4969 2768 5041 ἀποκρινάμενος
2797 4970 2826 5022 ὁ
2858 4946 3173 5040 προπάτωρ,
3206 4968 3434 5021 ’ἑκαστον
3465 4966 3520 5017 ἐν
3550 4960 3732 5025 ἑκάστῳ
3759 4946 3829 5020 μέ·

674 5052 843 5108 chaos
875 5054 1125 5126 estquod
1154 5055 1336 5126 justos
1355 5056 1425 5111 ab
1443 5057 1665 5128 injustis
1689 5059 1954 5133 seiungit,
1972 5061 2044 5116 ita
2068 5061 2233 5131 utqui

2219 5061 2233 5116 i
2342 5078 2423 5133 ρει
2454 5040 2551 5124 τάς
2588 5060 2740 5127 ἀξίας
2768 5059 2981 5131 ἔφαινεν
3008 5058 3239 5130 ἀμοιϐὰς
3281 5058 3510 5112 ἐπάθλου
3552 5053 3694 5126 χάριν

676 5141 788 5197 illic
820 5152 949 5199 sunt
974 5161 1085 5201 non
1116 5146 1327 5216 possint
1349 5146 1455 5202 huc
1499 5127 1800 5214 transvehi,
1834 5127 2012 5221 neque
2028 5151 2122 5220 qui
2145 5127 2234 5205 hic

2214 5165 2234 5205 [³
2340 5127 2517 5225 ἑθένων
2566 5127 2862 5224 τηνικαῦτα
2912 5127 3168 5224 προσθεὶς
3207 5148 3602 5219 ἐπεφθέγξατο’
3633 5136 3722 5195 Kal
3754 5127 3825 5184 ἐπὶ

675 5244 1085 5291 commorantur
1111 5236 1240 5292 illuc
1270 5236 1504 5305 adduci;
1527 5245 1677 5310 patet
1703 5239 1991 5296 manifeste
2015 5239 2229 5296 Saulem

2216 5256 2229 5294 I
2338 5247 2487 5302 πᾶσι
2510 5246 2740 5311 τούτοις
2760 5242 2985 5314 μεταξὺ
3016 5240 3183 5314 ὑμῶν
3215 5241 3314 5297 καὶ
3342 5240 3506 5310 ἡμῶν
3534 5233 3729 5306 χάσμαν
3750 5238 3827 5292 φη-

678 5321 773 5394 qui
801 5323 1038 5394 injustus
1064 5333 1202 5393 erat,
1231 5342 1341 5382 una
1381 5343 1506 5384 cum
1532 5331 1794 5402 propheta
1840 5330 2089 5388 Samuele
2124 5348 2230 5389 non

2215 5348 2230 5386 ι
2340 5339 2441 5405 civ,
2468 5335 2806 5406 ἐστήρικται
2832 5335 3002 5406 μέγα,
3042 5333 3200 5401 ὅπως
3226 5336 3277 5388 οἱ
3306 5332 3574 5394 θέλοντες
3607 5316 3826 5384 διαϐῆναί

678 5414 892 5488 degere.
911 5415 1043 5472 Nam
1076 5419 1124 5475 si
1163 5420 1317 5476 dives
1355 5428 1410 5477 et
1439 5437 1647 5495 pauper
1673 5439 1783 5480 non
1806 5433 2035 5496 possunt
2068 5426 2230 5483 simul

2216 5427 2230 5481 Ι
2327 5426 2511 5497 ἐξερλεί
2554 5426 2703 5496 πρὸς
2734 5424 2889 5497 ὑμᾶς
2917 5424 3002 5495 μὴ
3037 5423 3348 5487 δύνωνται,
3383 5418 3532 5492 μηδὲ
3569 5418 3619 5472 οι
3646 5406 3827 5467 ἐκεῖθεν

751 5529 798 5562 ⁴³
841 5529 968 5586 Luc.
1017 5546 1175 5597 xxm,
1210 5534 1299 5589 ιε.
1372 5535 1417 5568 ⁸⁵
1450 5534 1480 5590 1
1516 5535 1639 5609 Reg.
1676 5555 1869 5606 xxvm,
1912 5542 2001 5600 i9.
2079 5541 2123 5573 ⁸⁸
2163 5540 2294 5598 Luc.
2328 5558 2362 5597 x

1918 5542 2001 5600 l9.
2079 5541 2123 5573 ⁸⁸
2163 5540 2294 5598 Luc.
2328 5556 2442 5606 xvt,
2502 5538 2568 5595 19
2596 5553 2715 5610 sqq.
2793 5537 2839 5571 “
2883 5537 3012 5595 ibid.
3042 5538 3131 5595 25.
3215 5538 3258 5571 "
3287 5537 3417 5592 ibid.
3446 5532 3529 5590 26.

748 5618 849 5707 ςός)
887 5622 1145 5707 ’βκςίηῳε
1172 5621 1390 5683 Scilicet
1407 5625 1751 5707 rqf‘tma'cq);
1784 5635 1868 5707 sin
1888 5641 2077 5707 autem
2096 5634 2235 5691 refe-
2337 5634 2359 5689 ὃ

1519 5629 1751 5707 ima-rip;
1784 5635 1868 5707 s_in
1888 5634 2235 5707 autemgrefe-
2337 5634 2536 5707 ὃμοιοκ.
2569 5632 2727 5707 Εέητ-
2867 5701 2879 5707 _

748 5646 803 5688 ψ
835 5646 849 5688 ι
905 5646 1145 5692 ωιεινῳ,
1173 5646 1437 5683 acumen
1491 5646 1751 5703 amcam;
1784 5649 1868 5688 sm
1888 5646 2066 5703 autem
2096 5646 2235 5691 rele-

675 5701 769 5742 ras
800 5690 987 5762 ὲκείιῳ
1007 5692 1088 5761 |ad
1119 5693 1405 5765 Lazarum,
1441 5646 1584 5756 (fime
1628 5700 1915 5769 legendum
1964 5705 2112 5772 ὠμόν
2136 5720 2233 5772 pro

2214 5666 2235 5762 Ξ
2568 5646 2844 5772 ῗσέἷιὲρησ
2844 5701 3080 5773 άμενος.
3105 5696 3264 5762 Forte
3276 5697 3686 5771 ἐπαφυσάμενος.
3703 5685 3825 5742 EW-
