4080 6334
282 323 383 379 643

1161 328 1247 384 DE
1284 328 1869 386 ENGASTRIMYTHO
1904 328 2179 386 CONTRA
2219 327 2593 385 ORIGENEM.

3394 338 3499 391 ϋιο

277 438 424 506 πρὸς
464 440 625 507 ἡμᾶς
664 438 1045 509 διαπερῶσιν.
1094 444 1156 496 Εἰ
1201 445 1377 497 τοίνυν
1415 444 1532 497 ἐστὶ
1574 444 1847 515 χάσματος

1947 459 2090 508 esse,
2122 444 2270 497 nulla
2318 441 2439 497 licet
2471 456 2756 512 pauperem
2804 443 3001 514 injuria
3025 446 3295 513 aﬂ‘eeerit,
3328 464 3505 520 neque

277 529 419 582 εἰδέα
447 529 761 602 διείργουσα
806 532 1011 601 μεταξὺ
1040 533 1258 586 δικαίων
1288 534 1367 603 ἠδ’
1396 534 1613 599 ἀδίκων,
1658 534 1734 597 ὡς
1779 534 1851 605 μὴ

275 620 537 675 δύνασθαι
587 624 713 685 τοὺς
765 622 917 676 ἔνθεν
972 626 1145 677 ἐκεῖσε
1200 624 1661 695 διαπορθμεῦσαι,
1717 629 1851 696 μήτε

276 711 439 781 δεῦρο
459 714 584 775 τοὺς
611 712 819 767 ἐκεῖθεν
844 714 1153 781 ἀφικέσθαι·
1186 714 1509 785 συνέστηκεν
1536 717 1609 778 ώς
1632 716 1659 767 6
1682 716 1852 769 Σαοὺλ

278 803 462 865 ἄδικος
492 804 571 857 ὣν
602 805 703 857 οὐκ
744 805 857 858 ἐστι
900 806 1034 875 μετά
1058 804 1150 858 τοῦ
1190 798 1467 876 προφήτου
1509 806 1774 877 Σαμουήλ’
1804 808 1849 859 εί

1952 534 2209 605 abegerit,
2243 542 2454 587 tantum
2498 549 2605 587 non
2648 534 2723 589 illi
2754 546 3000 606 prompte
3033 555 3152 608 quae
3192 540 3308 610 ipse
3338 540 3507 599 habe-

1950 625 2041 678 bat
2067 641 2131 680 ex
2162 633 2315 695 parte
2348 628 2655 684 distributis
2680 647 2692 681 :
2714 637 2917 698 quanto
2942 631 3113 701 magis
3149 633 3414 689 scelestus
3444 650 3503 691 ac

1950 725 2240 771 contumax
2268 719 2430 774 homo
2460 720 2715 790 indignus
2754 731 2856 785 est,
2888 723 2980 792 qui
3013 732 3324 780 sanctorum
3352 741 3506 781 com-

1950 808 2261 863 munionem
2287 810 2607 880 participct?

278 898 385 970 γὰρ
416 902 445 952 6
473 900 729 965 πλούσιος
759 902 819 955 οὐ
853 901 1073 954 δύναται
1121 902 1256 970 μετά
1288 901 1381 954 τοῦ
1417 902 1644 974 πένητος
1686 898 1844 966 εἶναι,
1877 902 1971 954 καὶ
2000 903 2168 955 ταῦτα
2196 905 2360 975 μηδὲν
2396 906 2656 975 ἀδικήσας
2705 906 2837 976 μηδὲ
2898 906 3089 973 διώξας
3147 908 3326 974 αὑτὸν,
3374 909 3505 963 ἀλλὰ

280 993 354 1062 μὴ
388 992 651 1062 μεταδοὺς
694 994 839 1063 αύτῷ
872 997 1173 1067 προχείρως
1208 995 1265 1061 eg
1308 993 1383 1051 ὧν
1420 995 1551 1067 εἶχε,
1590 997 1737 1066 πόσῳ
1776 994 1839 1065 δὴ
1862 995 2059 1065 μᾶλλον
2097 998 2124 1048 ὁ
2182 995 2420 1065 σχέτλιος
2449 998 2587 1069 ἀνὴρ
2620 996 2835 1063 ἀνάξιός
2870 1002 2985 1052 ἐστι
3028 1001 3126 1071 τῆς
3178 1002 3281 1055 τῶν
3338 1000 3506 1069 ἁγίων

277 1084 583 1138 ἀπολαῦσαι
625 1088 904 1151 κοινωνίας
921 1105 934 1153 ;

352 1170 469 1226 XV.
515 1172 653 1225 Ἀλλ’
686 1174 746 1225 ού
794 1174 1095 1247 διανοητέον
1120 1180 1267 1244 ὅπως
1306 1176 1530 1249 αἰσχροῦ
1562 1176 1658 1248 μὲν
1682 1176 1845 1230 ἓνεκα

279 1266 504 1335 κέρδους
523 1267 776 1321 ἀθετεῖτὸ
800 1268 938 1321 θεῖον
958 1270 1253 1341 ἐπίταγμα,
1287 1273 1498 1344 δαίμονι
1531 1273 1585 1326 δὲ
1618 1271 1845 1342 πληγεὶς

276 1346 537 1422 ἀνιάτως,
570 1359 851 1413 ἐλαύνεται
884 1361 1148 1435 βασκανίᾳ
1179 1364 1390 1417 διώκειν
1417 1342 1505 1417 τὸν
1536 1363 1844 1434 άγιοπρεπῆ

276 1448 442 1502 Δαυῒδ
471 1450 648 1502 οὐδενὶ
691 1451 877 1522 κόσμῳ
902 1455 1180 1525 πρέποντι,
1212 1455 1385 1509 καίτοι
1411 1453 1695 1525 ψαλμῳδία
1716 1471 1845 1525 προ-

274 1543 481 1611 φητικῇ
537 1540 637 1610 τὴν
682 1542 976 1612 ἀγριότητα
1012 1544 1105 1597 τοῦ
1140 1543 1560 1614 ἐκϐακχεύοντος
1601 1546 1658 1595 ἐν
1696 1542 1843 1612 αύτῷ

271 1632 527 1703 δαίμονος
559 1633 862 1705 ήμεροῦντα
880 1652 894 1666 ·
922 1637 1046 1699 τοὺς
1070 1638 1233 1707 ἱερεῖς
1253 1637 1582 1706 ἀποσφάττει
1607 1634 1699 1687 τοῦ
1730 1636 1841 1686 Κυ-

274 1725 393 1795 ρίου
453 1726 799 1795 τριακοσίους
850 1725 1008 1790 ὄντας
1043 1728 1178 1797 πρὸς
1227 1731 1341 1791 τοῖς
1384 1727 1715 1797 πεντήκοντα
1753 1725 1844 1778 τὸν

273 1818 510 1888 ἀριθμόν
536 1836 548 1847 ·
584 1819 869 1887 ἀφίσταται
894 1821 985 1873 τοῦ
1020 1821 1151 1874 Θεοῦ
1201 1821 1587 1893 μαντευόμενος
1614 1820 1839 1884 ἀσεϐῶς.
1875 1852 1917 1907 Β

274 1911 339 1962 Et
367 1910 427 1962 δὲ
460 1910 633 1964 ταῦτα
661 1911 753 1963 καὶ
781 1912 848 1965 τὰ
879 1911 1084 1977 τούτοις
1117 1913 1319 1983 ἀδελφά
1356 1914 1700 1985 διεπράξατο,
1728 1911 1844 1974 πῶς

266 1996 386 2054 οἷὸν
429 2019 490 2054 τε
547 2000 805 2069 νομίζειν,
842 2004 920 2057 ὅτι
965 2005 1098 2074 μετὰ
1124 2004 1214 2058 τοῦ
1263 2004 1670 2076 θαυματουργοῦ
1718 2021 1847 2058 κατ-

270 2092 437 2165 έληξε
467 2094 739 2164 Σαμουὴλ,
757 2095 815 2158 ὃς
847 2097 903 2147 ἐν
932 2095 1048 2166 ὥρᾳ
1069 2095 1256 2167 θέρους
1288 2096 1439 2149 ὑετὸν
1468 2095 1665 2166 ὴξίωσε
1700 2097 1846 2165 γενέ-

276 2186 423 2248 σθαι,
445 2186 543 2239 καὶ
570 2188 697 2256 παρ’
723 2186 869 2256 αὐτῷ
901 2186 1045 2257 (5·“)
1068 2187 1467 2258 κατεσκεδάσθη
1487 2187 1685 2257 πλῆθος
1713 2188 1847 2257 ἀμέ-

266 2293 475 2348 τρητον
510 2277 754 2342 ὑδάτων;
788 2279 852 2331 Εἰ
878 2278 933 2331 δὲ
958 2278 1057 2331 ούκ
1102 2278 1246 2331 ἔστιν
1306 2281 1498 2344 εἰπεῖν,
1550 2281 1630 2332 ὅτι
1676 2279 1845 2333 Σαούλ

272 2370 393 2420 ἐστι
432 2370 549 2437 μετ’
581 2366 744 2420 αὐτοῦ
780 2368 855 2437 (6)
900 2369 1169 2440 Σαμουὴλ,
1206 2368 1467 2438 ἐψεύσατο
1502 2371 1598 2441 μὲν
1625 2371 1653 2422 6
1675 2371 1846 2439 λέγων

278 2460 429 2530 αὐτῷ
448 2478 460 2490 ·
492 2460 715 2527 Αὔριον
740 2461 852 2529 ἔσῃ
884 2463 963 2514 σὺ
981 2463 1105 2529 μετ’
1130 2462 1291 2529 ἐμοῦ.
1320 2463 1616 2533 Τοιγαροῦν
1650 2466 1695 2516 εί
1718 2464 1847 2533 ψεύ-

282 2569 415 2621 στης
447 2554 475 2604 6
506 2550 676 2604 ταῦτα
726 2552 960 2622 εἰρηκὼς
1015 2554 1270 2624 ὑπάρχει,
1320 2554 1603 2625 πρόδηλον,
1637 2555 1712 2618 ώς
1749 2557 1847 2609 ούκ

278 2644 425 2695 ἐστιν
456 2644 484 2695 6
526 2643 777 2714 Σαμουὴλ
811 2640 993 2707 οὗτος·
1031 2646 1089 2697 οὐ
1142 2645 1249 2715 γὰρ
1297 2645 1360 2699 ἀν
1399 2646 1569 2711 οὕτως
1606 2648 1847 2720 ἀχρὸνως

274 2735 306 2786 6
336 2734 431 2787 τοῦ
462 2734 669 2803 Κυρίου
711 2735 966 2803 ψεύσαιτο
999 2737 1280 2807 προφήτης
1301 2754 1313 2765 ·
1346 2737 1482 2789 ὥστε
1516 2739 1737 2792 τοιαῦτα
1768 2739 1845 2808 (7)

272 2824 398 2893 δίχα
430 2824 763 2894 πτισσόμενα
786 2826 1021 2896 ῥήματα,
1054 2826 1255 2895 γυμνὸν
1286 2827 1725 2883 ύποδεικνύειτὸν
1754 2847 1850 2881 7:0-

278 2915 639 2986 λυπρόσωπον
700 2916 962 2969 ἐνδοτάτω
1028 2918 1166 2986 θῆρα
1228 2920 1613 2989 κρυπτόμενον.
1681 2920 1848 2983 Αὐτὸς

272 3004 409 3071 γοῦν
441 3006 586 3056 ἐστιν
620 3006 649 3057 6
689 3006 1041 3068 κατασπάσας
1093 3007 1171 3069 εἰς
1210 3007 1269 3059 τὸ
1304 3006 1396 3059 τοῦ
1437 3009 1709 3079 ταρτάρου
1753 3009 1848 3077 χά-

270 3113 396 3165 σμα
443 3096 538 3148 καὶ
584 3096 674 3149 τὸν
734 3097 952 3167 ἐμμανῆ
1012 3097 1211 3152 Σαούλ·
1268 3097 1386 3151 ὅθεν
1439 3099 1650 3162 οἰκείως
1702 3098 1848 3169 αὐτῷ

2022 1166 2137 1219 XV.
2182 1166 2287 1221 Sed
2338 1168 2559 1224 minime
2613 1170 2955 1240 cogitandum
3002 1182 3083 1229 est
3134 1176 3351 1236 infamis
3378 1198 3502 1238 eum

1950 1258 2086 1313 lucri
2117 1274 2283 1313 causa
2312 1268 2636 1330 praeceptum
2664 1247 2899 1319 violasse
2941 1265 3182 1322 divinum
3210 1270 3257 1301 ⁵⁸
3289 1290 3301 1325 :
3339 1289 3369 1327 a
3398 1275 3505 1330 dte-

1952 1365 2111 1405 mone
2140 1366 2268 1405 vero
2298 1352 2584 1407 insanabili
2618 1353 2801 1410 furore
2840 1358 3076 1425 percitus
3098 1399 3111 1422 ,
3151 1361 3350 1417 invidia
3378 1380 3506 1421 san-

1948 1443 2289 1507 ctissimum,
2340 1445 2488 1498 nullo
2534 1445 2748 1501 decoris
2796 1454 2959 1518 atque
2995 1449 3209 1507 honesti
3258 1468 3503 1525 respectu

1949 1530 2165 1596 habito,
2199 1544 2516 1602 persecutus
2562 1544 2644 1589 est
2697 1534 2862 1592 David
2918 1539 2985 1603 ⁸⁸,
3041 1542 3134 1612 qui
3177 1546 3505 1615 propheticis

1949 1620 2285 1677 Psalmorum
2328 1626 2682 1682 concentibus
2722 1628 3054 1685 ferocitatem
3102 1634 3155 1688 in
3192 1637 3284 1691 illo
3310 1640 3505 1695 debac-

1949 1713 2165 1769 chantis
2205 1716 2467 1771 daemonis
2513 1717 2865 1775 demulcebat.
2924 1721 3243 1781 Sacerdotes
3292 1728 3506 1784 Domini

1951 1814 2219 1862 trecentos
2252 1816 2305 1863 et
2344 1810 2734 1881 quinquaginta
2784 1829 3009 1871 numero
3051 1819 3325 1876 occisione
3361 1823 3507 1876 occi-

1945 1896 2024 1950 dit
2054 1898 2099 1928 ³⁰
2131 1898 2365 1953 :defecit
2396 1916 2426 1953 a
2470 1900 2605 1966 Deo,
2633 1902 3043 1962 vaticinationes
3067 1922 3128 1961 ac
3159 1916 3336 1964 vatum
3366 1927 3505 1981 prae-

1947 1988 2093 2057 sagia
2124 1988 2287 2059 impie
2321 2006 2637 2061 exposcens.
2678 1993 2801 2048 llazc
2836 2003 2889 2050 et
2926 1997 3011 2054 his
3044 1999 3238 2054 similia
3283 2002 3329 2056 si
3372 2018 3504 2058 eon-

1946 2080 2071 2151 fecit
2091 2122 2105 2146 ,
2134 2097 2238 2151 qua
2270 2085 2479 2138 ratione
2512 2086 2730 2142 credere
2758 2103 3049 2157 possumus
3078 2107 3200 2146 eum
3232 2094 3505 2163 quievisse

1946 2190 2056 2228 una
2088 2191 2208 2230 cum
2238 2176 2623 2231 miraculorum
2655 2180 2905 2235 effectore
2937 2181 3186 2240 Samuele
3210 2225 3223 2249 ,
3259 2187 3351 2256 qui
3389 2203 3505 2241 ma-

1946 2268 2091 2321 ximo
2118 2268 2171 2321 in
2192 2275 2323 2323 aestu
2354 2270 2550 2325 nubem
2573 2270 2877 2342 impetravit
2903 2275 2972 2338 δι,
2997 2275 3131 2331 adeo
3160 2285 3216 2331 ut
3244 2278 3502 2337 immensa

1946 2373 2206 2428 aquarum
2238 2363 2391 2431 copia
2442 2362 2584 2415 circa
2618 2363 2791 2433 ipsum
2832 2368 3120 2421 exundarit
3160 2370 3182 2423 ?
3222 2370 3417 2426 Verum
3459 2375 3503 2426 si

1947 2452 2298 2507 asserendum
2332 2470 2437 2507 non
2471 2462 2553 2509 est
2580 2454 2795 2510 Saulcm
2832 2471 2954 2510 cum
2992 2458 3238 2515 Samuele
3275 2462 3466 2533 degere
3489 2503 3503 2525 ,

1947 2543 2165 2595 omnino
2208 2544 2463 2598 mentitus
2514 2554 2598 2599 est
2646 2547 2737 2615 qui
2780 2548 2854 2600 illi
2898 2547 3033 2602 dixit
3078 2566 3096 2602 :
3143 2550 3275 2605 Cras
3312 2554 3415 2607 eris
3450 2564 3506 2607 tu

1948 2650 2143 2688 mecum
2192 2636 2260 2689 ⁸⁸.
2307 2634 2473 2703 Igitur
2521 2637 2565 2691 si
2610 2638 2700 2707 qui
2746 2638 2859 2692 haze
2899 2638 3093 2695 effatur
3121 2642 3348 2697 mendax
3389 2652 3503 2706 est.

1948 2724 2313 2789 manifestum,
2343 2726 2482 2779 hunc
2510 2726 2814 2782 Samuelem
2838 2744 2944 2783 non
2967 2746 3123 2796 esse;
3159 2748 3332 2803 neque
3360 2735 3506 2791 enim

1948 2818 2025 2873 sic
2043 2819 2187 2872 circa
2212 2826 2451 2889 tempora
2471 2820 2730 2889 pr0pheta
2758 2820 2967 2876 Domini
2990 2825 3251 2880 mentitus
3274 2824 3469 2884 fuisset
3489 2846 3502 2882 :

1948 2912 2020 2964 ita
2052 2920 2109 2964 ut
2146 2927 2210 2966 ex
2244 2912 2330 2968 his
2366 2912 2444 2967 sic
2472 2913 2731 2983 expositis
2774 2915 3121 2971 multiformis
3153 2917 3295 2972 intra
3329 2918 3504 2988 ipsqu

1947 3004 2147 3074 degens
2172 3005 2347 3059 bellua
2372 3013 2643 3073 appareat.
2670 3003 2905 3077 Hicergo
2924 3016 3026 3071 est,
3050 3009 3139 3077 qui
3165 3017 3218 3063 et
3240 3009 3503 3066 furiosum

1952 3094 2166 3150 Saulem
2200 3096 2254 3149 in
2295 3096 2509 3150 Tartari
2540 3095 2724 3152 fauces
2773 3098 3021 3153 detrusit.
3070 3100 3245 3164 Quare
3276 3116 3385 3156 non
3422 3102 3511 3157 in-‘

275 3187 719 3258 προσεφθέγγετο
756 3190 1052 3261 κρατήσας·
1086 3190 1303 3257 Αὔριον
1330 3189 1412 3242 σὺ
1445 3191 1542 3242 καὶ
1575 3190 1847 3245 Ἰωνάθαν

1948 3204 2185 3259 congrue
2202 3188 2294 3243 illo
2316 3190 2416 3244 sibi
2438 3191 2742 3260 mancipato
2766 3189 2964 3245 fatetur
2984 3208 2999 3246 :
3016 3190 3149 3245 Cras
3164 3192 3265 3246 eris
3284 3209 3501 3259 mecum,

268 3284 309 3333 ό
341 3280 478 3343 υἱός
516 3295 633 3334 σου
660 3282 785 3349 μετ’
810 3282 976 3350 ἐμοῦ.
1010 3282 1180 3350 Διττῷ
1211 3283 1267 3335 δὲ
1288 3284 1547 3354 συστῆσαι
1577 3281 1847 3354 προσώπῳ

279 3374 641 3444 τειρώμενος,
662 3374 737 3436 ὡς
756 3373 1003 3426 οὐδέποτε
1024 3373 1227 3439 δίκαιος
1253 3375 1436 3429 ἀδίκου
1459 3375 1721 3445 διαφέρει,
1756 3376 1847 3427 καὶ

266 3464 365 3517 τὸν
413 3464 669 3517 Ἰωνάθαν
691 3466 803 3535 ἅμα
830 3465 905 3535 τῷ
938 3467 1102 3537 πατρῖ¹
1124 3467 1213 3519 τὸν
1247 3467 1407 3519 αὐτὸν
1434 3466 1623 3537 ἐκείνῳ
1651 3468 1847 3538 κλῆρον

270 3554 684 3622 ἀπνέγκασθαι
730 3555 1120 3626 συνωμολόγει,
1154 3557 1327 3610 καίτοι
1360 3558 1432 3627 μὴ
1471 3556 1847 3627 συνενεχθέντα

274 3643 338 3711 τῇ
386 3640 581 3694 τούτου
627 3642 887 3712 ὠμότητι.
935 3644 1030 3707 Τίς
1065 3645 1121 3697 δὲ
1160 3645 1268 3697 τῶν
1299 3645 1463 3698 ὄντων
1502 3647 1846 3717 ὑποκρίνεται

278 3732 350 3803 μὴ
404 3737 570 3798 νοεῖν,
627 3734 707 3786 δτι
758 3735 1020 3804 κράτιστα
1077 3735 1277 3804 βιώσας
1333 3740 1361 3790 6
1410 3738 1501 3791 τοῦ
1568 3739 1844 3809 προφήτου

272 3823 439 3877 Δαυῒδ
479 3824 734 3896 ἐραστὴς,
795 3826 928 3880 ἀλλά
983 3829 1055 3899 μὴ
1079 3828 1262 3895 διῶξαι
1296 3829 1499 3883 δίκαιον
1540 3829 1735 3892 ἀδίκως
1764 3831 1848 3899 ὲγ-

275 3916 549 3987 χειρίσας,
576 3918 639 3969 ού
666 3919 761 3989 τὴν
779 3918 944 3989 αὐτὴν
965 3920 1281 3992 ἐπιφέρεται
1306 3920 1371 3992 li.
1392 3920 1749 3994 ἀποφέρεται]
1770 3922 1845 3993 τῷ

271 4006 527 4072 διώξαντι
555 4008 905 4081 μισθοφορίαν
921 4027 935 4076 ;
954 4013 1013 4063 οὐ
1030 4010 1136 4083 γὰρ
1159 4012 1527 4077 ἀποθανεῖται,
1554 4014 1613 4066 τὸ
1631 4013 1845 4084 ξύμπαν

271 4101 485 4163 εἰπεῖν,
532 4102 647 4163 υἱὸς
683 4102 821 4172 ὑπὲρ
852 4102 1035 4155 ἀδίκου
1077 4104 1299 4175 πατρός.
1343 4105 1501 4159 Ἀλλά
1548 4106 1652 4178 μὴν
1698 4106 1847 4175 ἐλέγ-

272 4189 431 4258 χεταί
478 4206 545 4257 γε
612 4190 705 4243 καὶ
741 4190 825 4243 διὰ
864 4191 1012 4244 τοῦδε
1055 4191 1147 4244 τοῦ
1189 4191 1500 4264 μηνύματος
1547 4194 1574 4246 6
1623 4193 1846 4265 ψευδορο

278 4282 470 4349 Piscos-

350 4373 489 4428 XVI.
541 4374 938 4446 ’Λπαραλήπτῳ
990 4376 1051 4445 (f.
1096 4376 1509 4448 ἀπαραλείπτῳ)
1547 4378 1602 4431 δὲ
1643 4378 1845 4444 τάξεως

272 4466 589 4537 ἀκολουθίᾳ,
627 4468 878 4537 προσθεὶς
915 4467 1113 4538 ἔφησεν
1147 4468 1175 4518 ὁ
1207 4470 1569 4539 συγγραφεὺς,
1603 4470 1704 4535 ὅτι,
1734 4472 1842 4524 Καὶ

271 4558 548 4612 ἔσπευσε
576 4559 793 4623 Σαοὺλ,
825 4559 920 4612 καὶ
950 4558 1168 4612 ἔπεσεν
1182 4559 1448 4627 ἑστηκὼς
1462 4561 1557 4614 ἐπὶ
1573 4562 1685 4629 τὴν
1704 4561 1835 4631 γῆν,
1876 4543 1916 4597 Ῑ)

274 4652 371 4705 καὶ
406 4651 668 4720 ἐφοϐήθη
692 4652 942 4720 σφόδρα,
977 4652 1167 4721 λέγων,
1203 4652 1319 4706 ἀπὸ
1354 4654 1471 4706 τῶν
1500 4656 1695 4723 λόγων
1726 4658 1833 4707 Σα-

268 4743 495 4812 μουήλ·
533 4744 769 4807 ἐκείνους
803 4745 909 4815 γὰρ
924 4740 1028 4797 οἶδε
1055 4744 1147 4797 τοῦ
1174 4743 1423 4815 Σαμουὴλ
1446 4740 1723 4807 εἶναιτοὺς
1744 4746 1831 4798 λό-

275 4854 431 4903 γους,
453 4836 547 4898 οὓς
575 4838 944 4907 προεφήτευσε
973 4837 1067 4906 μὲν
1093 4836 1238 4906 αὐτῷ
1268 4836 1479 4905 σώματι
1510 4836 1602 4888 καὶ
1628 4835 1839 4906 γλώττῃ

276 4928 490 5000 παρών
510 4928 570 4981 τὸ
594 4928 649 4981 δὲ
676 4929 863 4999 φάσμα
884 4927 1101 4990 τούτους
1130 4927 1473 4994 ἀνεξελέξατο
1498 4930 1641 4991 τοὺς.
1677 4966 1690 4980 .
1728 4967 1740 4981 .
1774 4969 1787 4983 .
1825 4970 1837 4982 .

271 5021 369 5073 καὶ
434 5019 739 5091 προύφερεν
789 5020 863 5082 ὡς
899 5020 1057 5083 ἰδίους
1080 5037 1092 5050 ·
1129 5014 1202 5073 ὧν
1234 5021 1261 5072 6
1292 5020 1556 5090 δυνάστης
1596 5020 1838 5089 ὑπομνη-

274 5112 450 5173 σθεὶς,
512 5112 606 5164 καὶ
636 5111 703 5163 τὰ
764 5110 856 5163 τοῦ
912 5110 1146 5182 πολέμου
1175 5111 1415 5181 σύμϐολα
1457 5110 1671 5183 θεωρῶν
1696 5112 1838 5164 ἀντι-

269 5221 419 5274 κρυς
454 5202 730 5273 ἱδρυμένα,
778 5202 1027 5273 περιδεὴς
1058 5204 1315 5271 ἐγεγόνει,
1359 5203 1421 5255 τὸ
1450 5202 1619 5273 πέρας
1660 5202 1837 5255 αὐτῶν

270 5294 495 5347 ἐννοῶν.
548 5293 684 5345 Ἀλλ’
743 5294 1019 5364 Ὢριγένης
1078 5294 1254 5364 ἐαυτῷ
1294 5294 1535 5364 δόγματα
1573 5294 1837 5355 πλάττων,

268 5386 455 5451 εἰδὼς,
506 5389 585 5441 ὅτι
640 5387 877 5439 πλεῖστοι
924 5386 1019 5456 μὲν
1062 5387 1173 5438 ὅσοι
1215 5388 1565 5457 τυγχάνουσιν
1596 5389 1643 5441 οί
1670 5386 1838 5439 ταῦτα

346 5501 407 5573 ⁸⁸,
434 5501 467 5573 Vl
510 5501 633 5572 Reg.
664 5520 757 5565 xv,“
785 5503 838 5556 9.
871 5503 911 5533 ‘9
946 5502 973 5554 Ι
1032 5501 1154 5573 Reg.
1199 5518 1313 5568 xix,
1346 5503 1399 5557 9.

277 5572 326 5604 ¹⁴³
362 5571 497 5624 ibid.
527 5574 617 5626 ΞΟ.

350 5665 502 5732 (5”⁶)
541 5666 681 5732 Πιφ’
708 5664 884 5730 αὐτῷ.
909 5663 1069 5717 Forte
1099 5662 1224 5731 παρ’
1243 5660 1393 5729 αὐτό,
1420 5661 1503 5719 vel
1526 5661 1651 5731 παρ’
1673 5659 1826 5715 αυτά.

274 5734 446 5877 ait;
463 5809 597 5862 Μετ’
623 5804 827 5860 αὑτοῦ.
855 5801 1012 5859 Forte
1039 5802 1175 5875 μετά
1190 5801 1303 5855 τοῦ.

1949 3290 2002 3335 ιιι
2029 3293 2076 3335 et
2110 3281 2250 3351 ﬁlius
2281 3292 2399 3334 tuus
2439 3280 2727 3335 Jonatltan.
2762 3280 2969 3350 Duplici
3010 3296 3240 3352 persona
3270 3298 3506 3341 comme-

1946 3382 2153 3427 morata
2206 3375 2526 3427 continuare
2584 3374 2794 3436 nititur,
2850 3389 3127 3444 nunquam
3182 3375 3391 3445 justum
3437 3378 3505 3432 ab

1946 3465 2148 3534 injusto
2196 3465 2440 3531 differre;
2492 3465 2760 3521 Jonathan
2825 3481 2947 3520 cum
3004 3474 3155 3537 patre
3211 3484 3382 3523 unum
3446 3478 3502 3525 et

1945 3556 2191 3611 eumdem
2220 3556 2377 3611 ﬁnem
2400 3565 2453 3611 et
2479 3565 2678 3611 sortem
2705 3556 3036 3621 habiturum,
3060 3556 3185 3613 licet
3209 3557 3353 3614 illius
3378 3576 3505 3615 cru-

1946 3647 2150 3702 delitati
2195 3648 2417 3703 minime
2465 3648 2838 3709 consenserit,
2872 3648 3161 3704 fatebatur.
3197 3649 3330 3715 Quis
3375 3666 3504 3707 vero

1947 3738 2253 3792 mortalium
2282 3754 2341 3795 se
2362 3754 2469 3793 non
2496 3755 2690 3809 capere
2719 3739 3015 3807 simulabit,
3035 3756 3156 3795 eum
3186 3741 3277 3811 qui
3303 3742 3504 3812 optime

1944 3828 2171 3895 vixerit,
2203 3831 2478 3900 prophetze
2513 3828 2680 3884 David
2710 3839 3037 3892 amatorem,
3083 3838 3137 3884 et
3168 3832 3260 3902 qui
3294 3846 3503 3904 nequa-

1945 3936 2106 3988 quam
2134 3922 2341 3989 justum
2372 3922 2572 3991 injuste
2606 3922 2857 3991 persequi
2888 3938 3055 3978 ausus
3098 3922 3323 3989 fuisset,
3354 3939 3503 3980 eam-

1946 4012 2066 4067 dem
2109 4029 2230 4068 cum
2283 4022 2628 4085 persecutore
2669 4015 2968 4070 mercedem
3023 4015 3309 4084 accipere?
3350 4014 3502 4070 Nun-

1944 4120 2105 4176 quam
2136 4105 2312 4172 enim,
2348 4116 2408 4160 ut
2436 4106 2601 4161 verbo
2633 4107 2905 4177 expleam,
2953 4122 3052 4177 pro
3102 4106 3305 4176 injusto
3347 4115 3499 4176 patre

1947 4208 2173 4253 mortem
2227 4200 2396 4253 obibit
2452 4200 2611 4255 ﬁlius.
2659 4198 2891 4270 Ideoque
2941 4199 3043 4254 hoc
3090 4200 3251 4255 etiam
3300 4200 3498 4255 indicio

1946 4290 2353 4344 mendaciorum
2386 4290 2566 4360 opifex
2594 4289 3034 4359 deprehenditur.

2017 4379 2154 4434 XVI.
2182 4379 2378 4434 Rerum
2408 4396 2568 4449 porro
2596 4388 2867 4452 gestarum
2895 4380 3035 4435 serie
3065 4395 3173 4434 non
3200 4380 3496 4449 interrupta

1947 4478 2137 4525 auctor
2164 4471 2375 4526 subdit:
2401 4470 2469 4524 Et
2492 4472 2755 4541 festinavit
2780 4470 2931 4535 Saul,
2959 4480 3007 4525 et
3029 4471 3211 4525 cecidit
3230 4481 3494 4540 porrectus

1944 4577 2100 4629 super
2123 4570 2316 4613 terram
2339 4601 2351 4623 ,
2388 4569 2435 4614 et
2474 4562 2647 4614 timuit
2688 4561 2835 4614 ualde
2861 4578 2892 4613 a
2920 4562 3239 4615 sermonibus
3277 4560 3497 4616 Samue—

1944 4652 2008 4705 lis
2034 4652 2099 4705 ⁵³.
2131 4650 2236 4705 Eos
2265 4652 2406 4705 enim
2439 4667 2716 4707 sermones
2748 4652 3015 4707 Samuelis
3039 4667 3160 4707 esse
3185 4662 3493 4734 agnoverat,

1944 4758 2081 4813 quos
2106 4758 2227 4796 cum
2250 4742 2426 4797 adhuc
2459 4752 2601 4799 esset
2634 4748 2687 4797 in
2718 4743 2855 4798 vivis
2880 4751 2933 4797 et
2968 4758 3193 4814 corpore
3232 4751 3285 4799 et
3314 4744 3495 4816 lingua

1945 4836 2378 4906 prophetaverat.
2411 4835 2535 4891 Ilaec
2566 4852 2595 4889 a
2624 4845 2838 4906 spectro
2864 4837 3068 4892 delecta
3098 4837 3251 4906 quasi
3279 4838 3495 4907 propria

1948 4925 2377 4995 proferebantur.
2439 4925 2677 4993 Quorum
2722 4942 2845 4981 cum
2890 4928 3222 4983 meminisset
3275 4943 3399 4994 rex,
3443 4935 3496 4981 et

1945 5016 2317 5085 conspexisset
2360 5017 2490 5072 satis
2536 5026 2714 5087 aperte
2752 5016 2878 5071 belli
2908 5016 3060 5086 signa
3095 5022 3307 5080 erecta,
3336 5013 3495 5069 finem

1947 5107 2314 5161 imminentem
2347 5108 2777 5162 animadvertens
2807 5114 2954 5161 metu
2986 5088 3188 5162 fractus
3220 5121 3283 5161 ac
3307 5106 3496 5161 debili-

1946 5207 2090 5253 tatus
2107 5208 2209 5253 est.
2226 5201 2293 5252 At
2308 5198 2587 5270 Origenes,
2606 5200 2819 5254 sibimet
2833 5200 2932 5269 ipsi
2950 5199 3199 5271 dogmata
3214 5196 3493 5268 effingens.

1946 5292 2124 5348 sciens
2150 5291 2411 5361 plurimos
2436 5306 2556 5349 esse
2585 5292 2676 5360 qui
2707 5291 2821 5346 haec
2863 5292 3223 5347 determinant
3242 5330 3257 5354 ,
3302 5289 3368 5345 ad
3398 5304 3495 5344 sua

1947 5383 2089 5437 dicta
2144 5389 2517 5452 oppugnantes
2567 5381 2811 5435 oratione
2855 5394 3115 5436 conversa
3167 5378 3388 5434 minime
3442 5376 3493 5430 id

1486 5502 1530 5533 ⁸ο
1570 5500 1595 5554 1
1630 5500 1752 5570 Reg.
1820 5516 1847 5553 κ

1947 5538 1954 5562 ,
2002 5498 2086 5551 18.
2168 5498 2209 5527 ⁸¹
2262 5495 2292 5549 I
2342 5495 2465 5566 Reg.
2520 5511 2615 5560 xu,
2669 5494 2753 5548 18.
2836 5495 2879 5525 ⁸²
2932 5492 2977 5546 ·1
3012 5490 3139 5563 Reg.
3178 5489 3491 5554 xxvm,59.

2008 5658 2084 5730 (7)
2123 5660 2381 5714 Τοιαῦτα.
2414 5656 2784 5730 Εοιτιοταῦτιι.
2818 5656 3021 5728 (Ταῦτα
3047 5657 3259 5728 ῥήματα
3286 5670 3487 5717 nonest

1945 5728 2131 5786 Graeca
2170 5730 2389 5788 locutio.
2419 5729 2614 5800 Enn.)
