4080 6334
675 264 782 322 σιτ

1654 266 1713 323 ὃ.
1748 262 2120 321 EUS'I‘ATHII
2158 262 2466 322 EPISCOPI
2505 263 2919 323 ANTIOCHENI

674 394 822 436 cura:
872 378 1059 436 habuit
1109 386 1167 432 ut
1215 378 1398 433 debito
1428 385 1676 449 respectu
1723 378 1776 432 id
1829 378 1972 448 quod
2022 392 2218 447 aequun

2267 383 2311 440 Α
2336 374 2713 450 ψηφιζόμενοι,
2744 378 2878 450 πρὸς
2915 376 3040 440 τοὺς
3073 377 3426 447 ἀντιλέγοντας
3449 382 3576 455 αὐτῷ
3601 387 3785 462 διαλεγό-

677 485 795 533 erat
814 472 1190 543 conquireret,
1240 470 1336 526 sed
1368 470 1521 542 prius
1542 469 1953 541 engastrimythi
1998 468 2236 524 fabulam

676 572 749 628 ad
789 584 979 627 omnes
1018 569 1293 638 pertinere
1343 568 1558 630 fassus,
1594 567 1820 622 veritate
1864 566 1932 620 ad
1985 581 2236 623 necessa-

656 664 810 718 .riam
836 662 1292 719 examinationem
1330 662 1581 715 invoca'a
1624 658 1901 713 veritatem
1934 658 2106 731 ipsam
2142 673 2237 729 pa-

671 755 779 808 lam
815 762 1109 823 oppugnat.
1159 751 1427 821 Deinceps
1457 749 1728 804 Samuelis
1771 749 2027 806 laudibus
2058 765 2123 805 ex
2153 748 2237 803 di-

671 844 812 897 vinis
840 842 1036 897 litteris
1065 842 1194 897 hinc
1228 841 1354 896 inde
1384 840 1635 896 deductis
1663 848 1719 895 et
1757 840 2072 909 recensitis,
2107 849 2237 896 tunc

675 932 870 988 iterum
903 932 1005 989 sub
1040 939 1303 1004 potestate
1339 931 1602 987 daemonis
1636 930 1788 987 illum
1815 946 2053 1002 ponens,
2087 932 2236 987 hisce

671 1027 853 1083 verbis
902 1026 1230 1098 syllabisque
1277 1040 1389 1080 rem
1425 1025 1534 1095 agit
1582 1042 1594 1078 :
1646 1022 1896 1079 Fortasse
1940 1035 2117 1078 tantus
2158 1026 2237 1079 vir

676 1121 770 1177 sub
820 1129 962 1175 terra
1023 1122 1179 1175 erat?
1224 1127 1274 1197 et
1323 1118 1504 1172 eduxit
1560 1116 1712 1171 illum
1752 1118 2236 1189 engastrimythus!

675 1212 911 1267 Habetue
941 1211 1246 1281 facultatem
1284 1209 1491 1264 daemon
1515 1210 1568 1263 in
1592 1210 1824 1264 animum
1842 1209 2191 1279 propheticum
2210 1214 2236 1268 7

671 1303 775 1361 Sed
817 1304 931 1359 haec
962 1304 1117 1373 quasi
1147 1301 1402 1356 haesitans
1435 1301 1519 1356 vel
1551 1301 1786 1357 fortasse
1809 1302 1973 1356 etiam
2000 1302 2234 1358 interro-

668 1412 803 1468 gans
825 1395 1040 1451 videtur
1077 1395 1181 1450 sibi
1213 1394 1355 1465 apud
1393 1394 1683 1450 nonnullos
1713 1394 2006 1464 aliquando
2031 1393 2231 1451 dicere.

668 1486 868 1544 Verum
900 1494 958 1541 ut
1003 1500 1101 1556 per
1136 1483 1532 1554 subsequentes
1576 1486 1950 1556 perorationes
1997 1484 2112 1539 haec
2160 1483 2232 1537 ita

667 1597 729 1637 se
752 1581 951 1636 habere
978 1578 1344 1640 conﬁrmaret,
1376 1578 1607 1634 clariore
1640 1579 1826 1634 nescio
1855 1591 1965 1648 quo
1993 1577 2232 1631 clamore

666 1675 981 1743 obstrepens
994 1680 1047 1728 et
1059 1671 1385 1738 elocutione,
1403 1671 1520 1740 subj
1530 1672 1679 1744 ungit
1696 1691 1710 1726 :
1727 1670 1939 1741 Scripta
1959 1680 2081 1726 sunt
2096 1671 2234 1727 ha’c?

667 1765 775 1819 ait:
797 1779 980 1818 verane
1005 1773 1125 1818 sunt
1150 1764 1259 1818 hwc
1276 1781 1342 1819 an
1361 1766 1492 1819 non?
1509 1762 1619 1818 Illa
1644 1780 1745 1818 non
1776 1780 1889 1818 esse
1916 1779 2037 1817 vera
2064 1762 2225 1832 afﬁr-

669 1873 813 1910 mare
835 1857 889 1910 in
915 1856 1275 1924 inﬁdelitatem
1293 1854 1473 1920 ducit,
1498 1871 1615 1925 qua:
1637 1856 1693 1910 in
1719 1854 2005 1909 dicentium
2026 1855 2223 1923 capita,

666 1957 727 2003 ut
766 1936 884 2019 ipse.
919 1946 1086 2015 dicit,
1120 1948 1305 2002 veniet.
1340 1946 1399 2003 Si
1444 1964 1565 2002 vera
1610 1956 1769 2014 sunt,
1808 1947 2144 2017 quwstionem
2175 1956 2224 2000 et

665 2042 1042 2096 dubitationem
1087 2041 1238 2096 nobis
1271 2024 1530 2095 exhibent.
1558 2039 1637 2094 Ad
1670 2040 1784 2094 hinc
1817 2054 2007 2094 rursus
2033 2054 2223 2108 parum

665 2141 824 2190 caute
867 2150 987 2207 qua:
1030 2133 1133 2189 fert
1179 2133 1495 2197 stabiliens,
1521 2142 1575 2188 et
1612 2132 1947 2187 contrarium
1988 2130 2225 2187 sentien-

666 2227 800 2281 tium
825 2227 1175 2296 opinionibus
1202 2227 1467 2295 expositis
1487 2268 1502 2291 ,
1543 2225 1727 2281 subdit
1761 2244 1774 2280 :
1810 2223 1879 2279 Et
1919 2233 2091 2279 tamen
2119 2225 2224 2280 sci-

665 2334 781 2371 mus
819 2318 1099 2372 nonnullos
1134 2332 1198 2372 ea:
1242 2318 1437 2371 nostris
1480 2316 1739 2385 fratribus
1783 2316 2005 2371 adverso
2047 2316 2222 2371 animo

666 2405 995 2476 Scripturam
1057 2408 1315 2461 contuitos
1347 2407 1516 2461 dicere
1555 2424 1573 2461 :
1616 2406 1736 2461 Non
1782 2407 1932 2462 credo
1966 2409 2223 2478 engastri-

663 2497 860 2570 mytho.
888 2497 1346 2569 Engastrimythus
1367 2498 1495 2552 dicit
1520 2497 1815 2554 Samuelem
1838 2499 2026 2554 uidisse
2039 2516 2060 2566 ;
2077 2516 2221 2555 men-

664 2591 815 2645 titur.
859 2588 1019 2644 Plura
1047 2590 1151 2643 alia
1179 2598 1438 2660 prazterea
1461 2591 1740 2648 interserit
1760 2631 1775 2655 ,
1806 2591 2004 2662 quibus
2038 2600 2222 2663 aperte

662 2680 907 2751 increpat
956 2695 1146 2755 omnes
1203 2682 1299 2752 qui
1347 2682 1758 2739 vaticinationes
1809 2684 2221 2758 engastrimythi

662 2767 830 2825 falsas
860 2784 980 2826 esse
1011 2770 1385 2841 pronuntiant,
1412 2781 1466 2826 et
1506 2771 1788 2828 maledicta
1822 2774 1874 2828 in
1904 2774 2082 2845 capita
2110 2790 2220 2831 non

659 2860 993 2916 credentium
1048 2861 1125 2917 illi
1178 2860 1454 2931 congerit;
1505 2868 1560 2918 et
1605 2864 1756 2919 nullo
1803 2865 2018 2936 negotio
2063 2865 2219 2922 facile

660 2952 856 3008 animis
892 2952 1182 3009 mobilibus
1213 2969 1272 3009 se
1300 2968 1687 3024 persuasurum
1727 2961 1910 3021 ratus,
1942 2956 2045 3027 ipsi
2074 2955 2220 3013 Scri-

2341 487 2516 541 μενος,
2570 471 2669 525 οὐκ
2718 469 3013 523 ἐσπούδασε
3057 469 3192 541 μετά
3233 471 3324 542 τῆς
3355 474 3659 550 ὀφειλομένης
3673 483 3791 540 εὺλα.

2337 564 2485 626 ϐείας
2517 561 2818 636 ἀκριϐῶσαι
2852 562 2915 616 τὺ
2961 562 3099 627 δέον,
3126 562 3256 619 ἀλλά
3280 581 3339 633 γε
3363 565 3420 619 τὸ
3448 567 3538 639 τῆς
3567 570 3791 646 ἐγγαστρι.

2338 654 2505 729 μύθου
2549 655 2732 727 δρᾶμα
2780 654 2996 708 πάντων
3045 653 3305 709 ἅπτεσθαι
3342 658 3606 729 προλέγων,
3629 664 3792 738 καὶτὴν

2336 747 2588 820 ἀλήθειαν
2642 749 2722 811 εἰς
2770 746 2868 818 τὴν
2913 745 3156 812 ἐξέτασιν
3183 748 3448 819 ἀνειμαίαν
3476 752 3545 822 (8)
3571 755 3794 811 ἐπικιλού-

2338 856 2515 910 μενος,
2546 838 2681 911 αὐτῇ
2709 841 2774 910 τῇ
2802 837 3027 909 ἀληθείᾳ
3055 838 3279 909 μάχεται
3300 843 3575 912 προφανῶς.
3602 840 3708 900 Εἶτα
3726 848 3795 902 τοῦ

2336 928 2585 1001 Σαμουὴλ
2607 928 2854 999 ἐγκώμια
2897 927 3125 995 διεξιὼν,
3151 929 3250 983 ὅσα
3280 931 3400 1002 περὶ
3425 932 3569 991 αὑτοῦ
3585 934 3795 992 διαλαλοῦ-

2336 1038 2419 1076 σιν
2471 1023 2527 1075 αἱ
2579 1021 2718 1075 θεῖαι
2750 1021 2984 1094 Γραφαὶ,
3020 1019 3313 1093 τηνικαῦτα
3346 1023 3493 1078 πάλιν
3525 1024 3617 1077 ὑπὸ
3637 1026 3796 1098 τὴντοῦ

2306 1166 2307 1171 η
2332 1112 2579 1185 δαίμονος
2622 1112 2866 1179 ἐξουσίαν
2923 1112 3235 1182 ἀποφαίνων
3266 1113 3437 1179 αὐτὸν,
3466 1113 3624 1179 αὐτοῖς
3642 1118 3795 1189 ῥήμασι

2334 1206 2429 1261 καὶ
2484 1206 2672 1269 αὐταῖς
2721 1203 2995 1276 ἐπέφραξε
3020 1204 3306 1270 συλλαϐαῖς
3328 1222 3341 1236 ⁸
3364 1201 3474 1275 Ἆρ’
3503 1202 3601 1262 οὖν
3630 1212 3658 1263 ό
3680 1214 3797 1278 mu.

2334 1299 2548 1366 κοῦτος
2573 1299 2693 1353 ὑπὸ
2716 1298 2830 1367 τὴν
2855 1297 2971 1368 γῆν
2996 1294 3107 1369 ἦν;
3148 1298 3244 1352 καί
3282 1298 3560 1368 ἀνήγαγεν
3596 1299 3744 1355 αὑτὸν
3769 1304 3796 1369 ἠ

2331 1390 2827 1461 ἑγγαστρίμυθοςς
2872 1388 3186 1454 Ἐξουσίαν
3207 1389 3329 1459 ἔχει
3354 1388 3628 1459 δαιμόνων
3648 1388 3800 1461 ψυχῆς

2332 1481 2700 1554 πωφητικῆς
2720 1499 2740 1548 ;
2784 1482 2943 1539 Ἀλλά
3007 1480 3180 1537 ταῦτα
3240 1483 3337 1555 μὲν
3377 1483 3448 1547 ὡς
3487 1482 3797 1558 ὲπατυοριῖιν,ῆ

2331 1577 2472 1647 τάχα
2521 1576 2649 1639 ἴσως
2693 1578 2948 1649 ἐρόμενος
2992 1576 3293 1631 ὑπονοεῖται
3324 1576 3490 1644 λέγειν
3516 1574 3800 1646 ἐνίοτε-παρὰ

2332 1687 2489 1724 τισιν.
2521 1670 2636 1723 Ἵνα
2685 1670 2743 1723 δέ
2778 1669 2866 1725 διά
2892 1668 3003 1722 τῶν
3033 1668 3223 1723 ἔπειτα
3258 1669 3550 1739 συστήσειεν
3581 1666 3797 1735 ἐπιλόγων,

2267 1718 2307 1772 Β
2331 1765 2411 1817 ότι
2449 1762 2620 1817 ταῦτα
2666 1761 2839 1826 οὕτως
2875 1762 3008 1834 ἔχει,
3057 1761 3350 1834 λευκοτέρᾳ
3391 1718 3652 1833 προσετίθη
3687 1718 3799 1829 eam

2329 1874 2381 1909 τι
2434 1855 2844 1927 ὑποκεκραγὼς,
2912 1853 3334 1925 Ἔτι-γέγραπται
3391 1851 3595 1914 ταῦτα;
3649 1851 3796 1921 φησίν*

2329 1944 2524 2014 ἀληθῆ
2562 1946 2750 2011 ἐστιν,
2796 1946 2836 2015 ἢ
2875 1948 2987 2001 οὐκ
3034 1946 3204 2000 ἐστιν
3241 1943 3431 2014 ἀληθῆ
3452 1960 3470 2008 ;
3507 1944 3569 1999 Τὸ
3600 1942 3671 2013 μὴ
3695 1938 3800 1996 εἶναι

2328 2036 2520 2105 ἀληθῆ
2556 2037 2757 2107 λέγειν
2792 2040 2879 2104 εἰς
2919 2037 3208 2093 ἀπιστίαν
3249 2034 3572 2105 προτρέπεν
3610 2031 3802 2102 χωρήσει

2328 2129 2428 2182 ἐπὶ
2455 2130 2741 2199 κεφαλὰς,
2777 2130 3033 2201 φάμενος,
3064 2127 3184 2182 τῶν
3207 2130 3525 2198 λεγόντων·
3552 2125 3611 2179 τὸ
3628 2124 3682 2178 δὲ
3695 2124 3803 2178 εἶναι

2326 2218 2521 2290 ἀληθῆ
2582 2220 2826 2290 ζήτησιν
2878 2222 2973 2276 καὶ
3012 2220 3392 2289 ἐπηπόρησιν
3433 2217 3563 2288 ἡμῖν
3602 2214 3799 2285 παρέχει.

2329 2310 2477 2366 Μετά
2524 2312 2579 2365 δέ
2620 2312 2797 2379 τοῦτο,
2831 2312 2991 2367 πάλιν
3041 2310 3274 2381 βεϐαιῶν
3303 2309 3672 2370 ἀνεπισκέπτως
3702 2305 3803 2374 άπερ

2326 2401 2683 2472 εἰσαγγέλλει,
2728 2402 2820 2456 καὶ
2857 2401 2955 2464 τάς
2995 2400 3103 2455 τῶν
3135 2400 3537 2467 ἀντιδοξούντων
3563 2395 3685 2466 αὐτῷ
3712 2392 3804 2462 γνὼυ

2328 2506 2435 2561 μας
2465 2489 2804 2560 ἐκτιθέμενος
2834 2489 3114 2561 ἐπιφέρει·
3167 2490 3281 2546 Καὶ
3342 2489 3464 2560 μὴν
3498 2488 3651 2556 ἴσμεν
3684 2480 3803 2551 τινὸς

2324 2579 2442 2634 τῶν
2459 2579 2755 2649 ἡμετέρων
2771 2579 3049 2650 ἀδελφῶν
3061 2581 3532 2651 ἀναϐλέψαντας
3554 2579 3617 2648 τῇ
3629 2574 3804 2647 Γραφῇ,

2324 2671 2422 2727 καὶ
2481 2670 2770 2739 λέγοντας
2787 2687 2800 2700 ·
2854 2672 2935 2725 Οὐ
2993 2672 3258 2726 πιστεύω
3298 2670 3373 2740 τῇ
3424 2668 3802 2741 ἐγγαστριμύθφ.

2323 2763 2491 2832 Λέγει
2520 2763 2560 2831 ἠ
2588 2762 3049 2833 ἐγγαστρίμυθος
3083 2762 3407 2831 ἑωρακέναι
3433 2764 3532 2816 τὸν
3560 2756 3805 2831 Σαμουὴλ·

2321 2848 2621 2919 ψεύδεται.
2668 2850 2777 2904 Καὶ
2835 2850 3006 2906 πολλά
3047 2869 3111 2923 γε
3154 2854 3296 2926 πρὸς
3337 2855 3429 2907 ἐπὶ
3450 2852 3631 2914 τούτοις
3651 2849 3779 2919 ἕτερα
3794 2859 3806 2876 '

2320 2944 2410 2998 διὰ
2439 2945 2495 2999 δὲ
2526 2944 2726 3000 τούτων
2756 2945 3235 3019 ἀπαρακαλύπτως
3263 2949 3487 3020 ἐπιτιμᾷ
3512 2948 3606 3009 τοῖς
3626 2941 3810 3011 hmani.

657 3052 829 3115 pturaa
876 3044 1533 3116 narrationemimpiugit
1583 3066 1595 3101 :
1650 3045 1860 3114 Scripta
1908 3049 2017 3104 hinc
2062 3059 2217 3114 sunt,

2267 3080 2289 3136 2
2323 3053 2470 3091 νουσι
2502 3037 2667 3110 ψευδῆ
2698 3038 2767 3092 τὰ
2794 3040 2890 3110 τῆς
2921 3040 3363 3113 ἐγγαστριμύθου
3397 3036 3718 3112 μαντεύματα,
3741 3034 3810 3086 καὶ

656 3135 879 3201 dicens,
917 3153 986 3191 an
1015 3153 1121 3192 non
1153 3137 1352 3206 scripta
1394 3141 1560 3194 sunt?
1603 3137 1667 3191 Et
1698 3139 2131 3198 ratiocinationis
2168 3142 2219 3198 vi

659 3228 774 3285 haec
807 3228 996 3285 eadem
1029 3239 1280 3299 repetens
1325 3229 1490 3287 infert
1519 3246 1531 3282 :
1580 3230 1780 3286 Verane
1823 3241 1943 3286 sunt
1984 3231 2126 3299 haec,
2151 3250 2221 3289 an

656 3336 760 3375 non
785 3329 904 3375 sunt
929 3326 1088 3378 vera?
1112 3322 1305 3377 Tamen
1342 3323 1605 3392 propheta:
1632 3323 1863 3378 animam
1895 3340 2219 3395 nequaquam

658 3410 820 3466 fuisse
858 3421 1126 3467 evocatam
1172 3412 1549 3469 dubitationem
1593 3412 1778 3479 nobis,
1827 3423 1877 3469 et
1914 3417 2218 3487 scrupulum

653 3502 847 3572 injicit.
902 3503 975 3558 At
1026 3505 1225 3561 similia
1268 3506 1500 3563 daemoni
1545 3506 1870 3571 concedere,
1925 3510 2069 3579 quod
2116 3511 2218 3566 erit

656 3592 787 3647 illud
819 3594 1037 3649 scelus?
1074 3612 1195 3666 qua:
1223 3596 1519 3667 impietas?
1556 3595 1805 3654 Nondum
1842 3597 2086 3664 batsitat,
2119 3616 2215 3656 ne-

656 3698 764 3753 que
813 3699 948 3752 pura
992 3701 1056 3740 ac
1098 3702 1247 3743 mera
1289 3689 1562 3744 dementia
1605 3688 1930 3759 depravatus
1975 3693 2213 3748 animum

654 3772 908 3829 advertit.
970 3775 1179 3846 Quippe
1222 3777 1596 3847 hujuscemodi
1664 3781 1974 3839 facultatem
2024 3792 2215 3854 praeter

653 3862 822 3920 Deum
870 3867 1081 3923 animas
1132 3869 1200 3925 ab
1255 3870 1444 3927 inferis
1497 3874 1789 3928 revocandi
1842 3876 2215 3949 educendique

651 3971 815 4012 nemo
858 3958 999 4015 alius
1027 3960 1207 4017 habet.
1236 3962 1421 4032 itaque
1447 3963 1626 4019 denuo
1652 3964 1743 4020 hic
1776 3968 2209 4038 respondendum

649 4055 765 4114 est,
793 4049 907 4106 haec
937 4051 1156 4122 quidem
1188 4053 1242 4108 in
1284 4055 1456 4111 sacris
1494 4053 1793 4125 Scripturis
1825 4060 2089 4116 contineri
2111 4100 2127 4124 ,
2157 4070 2212 4116 at

651 4155 761 4195 non
803 4157 869 4196 ex
908 4158 1140 4213 persona
1184 4144 1405 4216 propria
1435 4147 1487 4202 id
1520 4155 1700 4202 actum
1735 4147 1903 4205 fuisse
1929 4159 2208 4208 auctorem

651 4233 962 4304 praedicere.
992 4234 1177 4307 Neque
1209 4237 1355 4292 enim
1393 4237 1532 4293 liber
1564 4238 1894 4309 propheticis
1939 4244 2207 4297 sermoni-

648 4325 751 4381 bus
783 4328 1078 4399 pugnantia
1126 4329 1297 4383 multa
1341 4329 1503 4384 simul
1547 4330 1603 4384 in
1647 4345 1814 4386 unum
1860 4341 2204 4403 congereret,

2323 3128 2705 3202 καταρώμενος
2761 3129 2834 3200 (9)
2867 3131 2961 3185 ἐπὶ
3002 3131 3249 3202 κεφαλὰς
3294 3132 3545 3205 ἀναφέρει
3592 3127 3684 3183 τῶν
3714 3126 3810 3180 ἀπι-

2323 3222 2585 3279 στούντων
2609 3224 2767 3295 αὐτῇ.
2829 3225 3028 3296 Ῥᾷστα
3059 3225 3246 3297 μέντοι
3267 3230 3449 3280 πεῖσαι
3477 3224 3591 3287 τοὺς
3626 3219 3811 3292 εὐχερεῖς

2320 3314 2540 3380 ἐθέλων,
2573 3315 2707 3387 αὐτῇ
2754 3316 3041 3387 περιάπτει
3073 3318 3139 3388 τῇ
3176 3317 3368 3390 Γραφῇ
3405 3317 3466 3371 τὸ
3496 3317 3720 3386 διήγημα,
3741 3311 3776 3365 Γ
3777 3307 3811 3362 έ·

2318 3420 2567 3478 γραπται
2593 3405 2797 3474 ταῦτα,
2826 3407 3017 3477 λέγων,
3064 3407 3103 3477 ἢ
3143 3412 3217 3464 οὐ
3248 3409 3585 3481 renouarat;
3619 3403 3812 3467 Συλλογι·

2318 3503 2474 3572 στικῇ
2488 3500 2545 3555 δὲ
2565 3500 2825 3572 δεινότητι
2848 3502 3124 3574 χρώμενος
3142 3499 3624 3575 ἐπάγειδευτερῶν,
3653 3490 3811 3562 Ἀληθῆ

2316 3592 2501 3648 ταῦτά
2529 3594 2720 3659 ἐστιν,
2766 3594 2805 3663 ἢ
2849 3596 2959 3648 οὐκ
2997 3594 3168 3649 ἐστιν
3192 3596 3436 3665 ἀληθῆ]
3458 3596 3641 3651 Καίτοι
3665 3588 3717 3642 τὸ
3730 3584 3813 3655 μὲν

2316 3687 2426 3741 οὐκ
2445 3685 2702 3755 ἀνῆχθαι
2719 3685 2834 3755 τὴν
2854 3686 2960 3741 τοῦ
2987 3689 3301 3757 προφήτου
3328 3686 3556 3760 ψυχὴν,
3577 3679 3814 3747 cautim-

2315 3794 2419 3833 σιν
2432 3778 2595 3851 ἡμῖν,
2625 3777 2751 3850 ἔφη,
2776 3779 3020 3848 παρέχει
3047 3779 3145 3833 καὶ
3172 3779 3426 3849 ζήτησιν
3444 3795 3459 3810 ⁸
3486 3775 3608 3832 αὐτὸ
3630 3773 3679 3826 δὲ
3700 3769 3748 3822 τὸ
3765 3766 3813 3821 τὰ

2314 3869 2537 3924 τοιαῦτα
2587 3868 2785 3923 διδόναι
2811 3869 2891 3941 τῷ
2936 3869 3183 3942 δαίμονι,
3241 3874 3418 3942 πόσης
3465 3865 3696 3927 ἀσεϐείας
3731 3857 3816 3914 ἐστὶ

2316 3961 2540 4032 μεστόν;
2576 3962 2770 4018 Οὐκέτι
2801 3962 2947 4032 λέγει
2982 3962 3178 4035 ζητῶν,
3205 3963 3333 4023 οὐδὲ
3367 3962 3611 4034 προσέχει
3632 3947 3816 4010 emo

2311 4056 2535 4127 ἀκράτῳ
2569 4056 2795 4129 πληγεὶς
2834 4057 3109 4128 ἀσυνεσίᾳ.
3144 4057 3267 4130 Θεῷ
3317 4057 3428 4131 γὰρ
3467 4056 3681 4126 ὑπάρχει
3711 4043 3819 4118 μόνῳ

2309 4145 2527 4221 τοιαύτῃ
2549 4149 2763 4221 ἐξουσίᾳ
2797 4148 3128 4213 ἐπιτάσσειν,
3151 4148 3296 4203 ὥστε
3336 4148 3513 4220 ψυχάς
3540 4146 3595 4210 ἐξ
3615 4143 3721 4219 ᾆδον
3748 4150 3820 4207 με’

2309 4239 2689 4310 ταπέμπεσθαι
2736 4242 2828 4295 καὶ
2879 4241 3080 4297 καλεῖν.
3152 4238 3599 4301 Ἀνθυπενεκτέον
3651 4227 3727 4287 οὖν
3762 4228 3820 4281 ἓν·

2308 4330 2479 4385 ταῦοα
2530 4331 2688 4389 πάλιν
2710 4349 2724 4363 '
2761 4334 2849 4386 Ἐν
2881 4333 2978 4404 μὲν
3007 4336 3127 4397 ταῖς
3160 4334 3338 4406 ἱεραῖς
3370 4332 3671 4403 ἀνείληπται
3689 4319 3820 4377 ταῦτα

648 4425 709 4472 υι
744 4427 799 4474 et
838 4419 992 4489 prius
1035 4419 1408 4487 ostendimus,
1444 4431 1502 4478 et
1537 4422 1700 4492 paulo
1743 4421 1886 4478 infra
1925 4423 2197 4492 dicemus;

2267 4426 2563 4497 ὶΓραφαίς,
2594 4426 2657 4481 οὐ
2684 4427 2788 4499 μὴν
2831 4428 2890 4495 ἐξ
2933 4428 3058 4481 ἰδίου
3096 4427 3395 4499 προσώπου
3439 4427 3500 4481 τὸ
3526 4423 3712 4479 τοιοῦτο
3734 4415 3820 4471 δισ-

646 4509 740 4580 qui
778 4512 1191 4584 eugastrimythi
1221 4514 1384 4569 verba
1405 4553 1419 4577 ,
1450 4522 1505 4569 et
1537 4513 1797 4570 furiosam
1829 4515 1975 4586 regis
2008 4517 2189 4588 cogni-

645 4605 848 4659 tionem
888 4604 1142 4675 operibus
1188 4606 1507 4677 ignorantiaa
1551 4607 1763 4677 plenam
1810 4606 2200 4678 deprehensam

644 4695 982 4767 designabat.
1017 4696 1151 4751 Nam
1204 4715 1381 4769 neque
1431 4709 1617 4770 aptum
1672 4715 1849 4770 neque
1899 4716 2199 4774 congruum

642 4787 750 4842 erit
788 4787 863 4841 ita
910 4788 1124 4846 divinas
1159 4789 1365 4848 litteras
1416 4802 1767 4862 pertractare.
1815 4793 2024 4865 Quippe
2075 4812 2197 4850 cum

645 4880 776 4950 ipsae
803 4879 1072 4937 fateantur
1099 4881 1370 4937 diabolum
1408 4894 1577 4940 semet
1615 4886 1791 4957 ipsum
1820 4886 1990 4942 Deum
2022 4899 2202 4958 aperte

644 4972 1032 5042 pronuntiare;
1070 4973 1190 5029 ideo
1235 4989 1303 5029 ne
1338 4975 1453 5031 sola
1505 4978 1836 5034 narrationis
1877 4978 2022 5034 illius
2063 4979 2202 5035 serie

647 5061 724 5117 illi
772 5064 1099 5119 credendum
1146 5064 1282 5132 erit,
1321 5082 1384 5121 ac
1424 5068 1606 5122 omnia
1659 5069 1738 5123 illi
1788 5069 2110 5135 deferenda,
2141 5079 2201 5125 ut

646 5150 762 5221 ipse
800 5152 1060 5227 Origenes
1114 5160 1346 5215 asserit?
1392 5161 1445 5215 id
1493 5162 1636 5217 enim
1689 5162 1744 5218 in
1792 5163 1962 5218 sacris
2010 5163 2202 5219 litteris

644 5239 903 5310 scriptum
920 5243 1167 5300 habetur.
1183 5244 1281 5303 Vel
1309 5262 1547 5314 rursum,
1597 5263 1722 5306 cum
1768 5247 2054 5307 immodica
2089 5253 2199 5305 ela-

642 5339 734 5389 tus
759 5335 1011 5405 superbia
1040 5351 1253 5394 omnem
1284 5340 1445 5397 simul
1472 5343 1658 5398 mundi
1694 5344 1856 5413 hujus
1890 5347 2196 5404 machEnam

712 5624 788 5706 (β)
830 5626 1172 5706 Ἀγειμαίαν.
1220 5631 1364 5706 _Leg.
1412 5634 1728 5703 ἀναγκαίαν.
1774 5663 1845 5678 σι·-
1883 5633 2190 5706 Legendum

642 5697 839 5767 potius,
872 5697 1183 5776 ἀνειμένως.
1219 5697 1371 5757 Ebur.

2312 4518 2621 4589 πεπρᾶχθαι
2659 4520 2889 4592 γράμμα
2919 4519 3028 4591 (10)
3063 4519 3365 4592 προῦλεγεν
3422 4520 3451 4572 ὁ
3495 4506 3818 4585 συγγραφεύς·

2306 4611 2366 4664 οὐ
2398 4610 2505 4682 γάρ
2541 4610 2607 4664 ἂν
2652 4612 3007 4684 ἐκκλησίαζεν
3048 4616 3080 4685 ἡ
3114 4612 3316 4684 βίϐλος,
3352 4610 3570 4670 ἐναντία
3597 4606 3701 4666 ταῖς
3724 4613 3821 4668 πί³¹²⁴

2308 4689 2560 4772 φητικαῖς
2598 4702 2902 4759 άντιϐοῶσα
2946 4707 3178 4773 φωναῖς,
3240 4703 3319 4768 ὥς
3366 4720 3433 4771 γε
3488 4700 3581 4757 καὶ
3636 4686 3822 4766 πρόσθεν

2302 4793 2599 4866 ἐδείξαμεν,
2634 4795 2726 4850 καὶ
2758 4796 2948 4868 μικρὸν
2990 4795 3211 4868 ὕστερον
3253 4795 3518 4868 ἐροῦμεν·
3551 4786 3676 4846 ἀλλὰ
3697 4781 3751 4854 δὴ
3773 4776 3822 4831 τὰ

2302 4884 2401 4955 τῆς
2432 4884 2864 4958 ὲγγιπιστριμιῦθον
2910 4886 3225 4959 διεχάραττε
3255 4888 3503 4958 ῥήματα,
3544 4880 3634 4935 καὶ
3657 4875 3738 4945 τὴν
3755 4872 3825 4940 ἐμ-

2306 4979 2443 5048 μανῆ
2482 4978 2577 5031 τοῦ
2613 4978 2868 5034 δυνάστου
2903 4979 3102 5048 γνῶσιν
3150 4978 3334 5051 ἔργοις
3372 4972 3644 5045 ἀγνωσίας
3666 4960 3823 5021 ἀποδε-

2299 5068 2584 5142 δειγμένην
2636 5071 2918 5127 ἀνάπλεον.
2972 5073 3034 5125 Ei
3090 5070 3198 5143 γάρ
3246 5070 3429 5134 οὕτως
3486 5064 3701 5139 ἁρμόσει
3732 5052 3826 5112 ταῖς

2301 5161 2481 5232 ἁγίαις
2505 5162 2807 5235 ἐπισκῆψαι
2828 5164 3092 5236 Γραφαῖς,
3138 5162 3337 5216 οὐκοῦν
3364 5158 3553 5229 ἐπειδή
3583 5164 3744 5224 φασιν,
3760 5143 3825 5236 ait

2299 5255 2391 5306 καὶ
2412 5252 2542 5307 Θεὸν
2578 5234 2835 5325 ἄντικρυς
2874 5234 2911 5307 τό
2948 5253 3188 5316 διάϐολος
3220 5252 3417 5307 ἐαυτὸν
3449 5241 3761 5316 ἀναγορεύει,
3786 5234 3826 5286 ti

2297 5344 2445 5417 παρὰ
2480 5345 2632 5401 τοῦτο
2671 5347 2853 5420 δεήσει
2871 5346 3159 5406 ιπιστεύειν
3189 5345 3361 5418 αὐτῷ,
3388 5346 3457 5416 τῇ
3501 5325 3825 5411 διηγηματικῇ

2368 5636 2450 5710 (49)-
2466 5639 2911 5710 Κατᾳρὼμειτρς.
2947 5638 3126 5700 Forte,
3141 5638 3405 5710 κατάρας.

2371 5707 2480 5780 (10)
2508 5707 2770 5781 Γρὰμμα.
2803 5708 2968 5769 Fdrte
3004 5711 3249 5783 πρᾶγμα.
