4080 6334
253 305 353 362 649

1123 308 1209 362 DE
1245 305 1826 363 ENGASTBIMYTHO
1865 303 2146 359 CONTRA
2185 305 2558 362 ORIGENEM.

3380 314 3486 368 650

248 424 338 480 τοῦ
375 423 702 497 γράμματος
740 425 932 497 ἐκδοχῇ
969 426 1030 480 τδ
1064 431 1170 481 πᾶν
1194 425 1648 490 ἀνατιθέντας,ὼς
1683 425 1816 494 Ὠρι-

1924 425 2007 478 vel
2040 440 2206 495 regna
2256 426 2401 480 illius
2447 441 2544 482 sua
2596 441 2717 481 esse
2765 427 2909 482 dicat
2940 429 3006 493 ",
3047 429 3236 484 ideone
3281 430 3487 486 diceret

247 517 409 587 γένης
456 518 796 587 είσηγεῖταις
846 522 939 573 καὶ
988 519 1141 573 τοῦτο
1187 519 1293 590 γὰρ
1329 520 1407 582 εἰς
1429 518 1598 580 αὐτὰς
1627 516 1820 584 ἀναγέ-

245 625 482 679 γραπται
511 609 612 672 τὰς
633 609 881 681 Γραφάς·
912 611 944 682 ἢ
991 607 1057 665 αὖ
1106 611 1263 665 πάλιν
1293 611 1506 664 ἐπειδὰν
1538 612 1820 682 ὑπερηφα-

243 701 329 772 νίᾳ
384 701 669 773 χρώμενος
720 703 941 775 ἀμέτρῳ
988 707 1164 758 πᾶσαν
1205 704 1339 774 ὁμοῦ
1400 704 1496 776 τὴν
1537 703 1687 758 τοῦδε
1724 699 1817 754 τοῦ

244 793 449 863 κόσμου
505 794 852 867 περιγραφὴν
897 794 1016 865 ἦτοι
1067 794 1286 859 καὶτὰς
1336 794 1607 865 βασιλείας
1648 791 1820 862 αὐτῆς

244 886 378 950 ἰδίας
430 883 568 940 εἶναι
621 887 788 957 λέγοι,
824 887 974 959 παρὰ
1025 887 1181 942 τοῦτο
1209 888 1341 959 φαίη
1371 905 1452 948 τις
1476 885 1561 950 ἂν,
1595 884 1670 948 ὡς
1708 885 1815 954 ἄρα

247 981 519 1050 προσήκει
549 983 708 1044 νοεῖν,
757 982 839 1035 ὅτι
880 981 1207 1054 δημιουργὸς
1245 979 1406 1044 αὐτός
1474 980 1620 1031 ἐστιν
1645 975 1815 1030 ἀπάν-

241 1088 378 1136 των;
421 1070 716 1143 Οὔμενουν,
747 1072 888 1126 εἴποι
915 1091 998 1137 τις
1021 1073 1112 1128 ἄν·
1149 1074 1182 1144 ἠ
1211 1071 1318 1144 γάρ
1340 1088 1420 1124 τοι
1446 1066 1815 1139 διηγηματικὴ

239 1162 524 1234 δωχάραξε
564 1164 716 1236 φωνὴ
758 1165 855 1229 τὰς
893 1164 1100 1219 ἐκείνου
1149 1161 1568 1236 μεγαληγορίας,
1603 1159 1664 1212 ού
1709 1157 1815 1228 μὴν

1923 514 2194 584 quispiam
2243 515 2572 571 credendum
2626 532 2748 572 esse
2803 519 2954 573 illum
3008 536 3186 574 rerum
3244 522 3482 576 omnium

1923 607 2172 676 opiﬁcem
2222 607 2387 664 esse?
2422 609 2491 662 At
2528 624 2689 664 nemo
2733 624 2867 666 sane
2910 610 2963 665 id
3012 611 3227 666 dixerit.
3277 611 3486 685 Quippe

1919 697 1965 753 si
1998 699 2328 756 narrationis
2366 700 2503 755 ordo
2559 701 2730 757 futilis
2778 703 2925 760 illius
2960 703 3274 774 iactationis
3320 708 3485 761 verba

1920 792 2209 861 expressit,
2236 803 2289 847 at
2308 807 2414 848 non
2437 810 2564 849 vera
2595 795 2684 849 illa
2716 794 2886 853 fuisse
2909 796 3235 853 determinat
3266 818 3279 854 :
3310 815 3487 870 neque

1921 883 1975 940 id
2030 888 2174 942 ullus
2223 889 2432 959 uspiam
2465 889 2697 958 probare
2751 892 2968 960 poterit.
3005 892 3112 950 Sed
3159 894 3355 950 similia
3400 895 3486 952 his

1921 975 2135 1030 infinita
2175 983 2302 1032 sunt
2333 979 2386 1033 in
2427 986 2714 1049 promptu,
2759 995 2880 1050 qua:
2910 981 2964 1036 in
3015 983 3252 1038 medium
3293 982 3487 1039 aﬁ‘erre

1920 1068 2145 1125 minime
2177 1070 2329 1133 libet,
2360 1087 2428 1127 ne
2456 1073 2744 1128 verborum
2778 1074 2940 1144 longo
2967 1074 3198 1129 circuitu
3233 1075 3488 1147 quaestio-

1921 1160 2008 1213 nis
2034 1159 2235 1216 nodum
2265 1160 2502 1232 cﬂugere
2533 1164 2833 1220 videamur.

241 1259 460 1331 ἀληθεῖς
492 1262 781 1331 ἀποφαίνει
809 1260 1009 1324 αὑτάς·
1046 1259 1151 1314 οὐδ’
1179 1259 1294 1312 ἐστὶ
1322 1259 1397 1320 δὲ,
1448 1257 1527 1308 ὅτι
1559 1253 1715 1307 τοῦτο
1764 1251 1930 1319 δεῖξαι
1965 1253 2259 1328 δυνάμενος
2283 1258 2459 1322 οὐδεὶς
2484 1260 2751 1333 οὐδαμῶς.
2817 1261 2976 1316 Ἀλλά
3037 1265 3205 1334 μυρία
3238 1266 3334 1336 μὲν
3371 1267 3485 1320 ἐστι

240 1353 462 1411 τοιαῦτα
495 1354 632 1424 πρὸς
661 1355 754 1408 ἐπὶ
784 1354 989 1418 τούτοις
1023 1354 1172 1414 ἰδεῖν,
1196 1352 1295 1423 ούχ
1328 1347 1436 1404 οἷόν
1469 1367 1528 1403 τε
1577 1347 1633 1400 δὲ
1660 1347 1836 1400 πάντα
1876 1351 2165 1423 παράγειν,
2204 1352 2292 1406 ἵνα
2339 1353 2416 1425 μὴ
2451 1356 2800 1428 μακρηγορία
2842 1355 3081 1429 δόξωμεν
3133 1361 3488 1432 ἐκκρούεσθαι

239 1444 330 1499 τοῦ
359 1445 693 1517 ζητήματος.

305 1537 474 1592 XVII.
490 1539 580 1602 Ὠς
599 1535 692 1592 οὖν
708 1535 876 1623 ἐδόκει
899 1541 1008 1602 τοῖς
1034 1537 1297 1623 ὀρθότατα
1319 1533 1602 1606 φρονοῦσιν
1624 1532 1685 1585 οὐ
1699 1547 1809 1623 με·

237 1627 403 1698 τρίως
422 1629 703 1700 ἐπιτιμᾷν,
716 1621 872 1692 αὖθις
889 1621 1238 1697 ὑπεκκλέψας
1253 1627 1337 1678 ἐπ’
1355 1624 1517 1694 ἄλλην
1533 1621 1810 1692 ἀπεπήδη-

1987 1525 2148 1581 ΧῊΙ.
2189 1525 2390 1583 Verum
2425 1538 2710 1602 postquam
2763 1533 3072 1591 rectissime
3119 1537 3484 1597 sentientibus

1916 1633 2026 1672 non
2069 1621 2418 1678 mediocriter
2464 1623 2759 1681 insultasse
2796 1627 2947 1682 visus
2975 1636 3089 1693 est,
3126 1631 3319 1685 iterum
3376 1648 3484 1688 non

240 1734 327 1770 σεν
355 1717 587 1779 ἔννοιαν,
619 1718 929 1772 ἐδεινοποίει
949 1718 1005 1770 δέ
1026 1715 1389 1788 δημαγωγῶν,
1427 1716 1508 1768 ὅτι
1544 1713 1810 1783 φάσκουσι

1917 1709 2150 1766 obscure
2179 1711 2530 1770 dissimulans
2561 1714 2616 1769 in
2646 1716 2805 1771 aliam
2836 1719 3094 1773 transiliit
3133 1723 3480 1786 sententiam,

239 1809 373 1879 πρὸς
401 1811 516 1872 τοῖς
545 1809 746 1874 ἀλλοις,
777 1809 850 1873 ὡς
886 1809 972 1879 εἴη
992 1807 1258 1879 φρικῶδες
1289 1805 1668 1869 ὑπολαϐεῖν,ἐν
1685 1802 1810 1874 ᾅδου

241 1901 522 1971 γεγονέναι
543 1901 635 1954 τὸν
651 1901 844 1970 εὐκλεῆ
866 1899 1137 1972 Σαμουὴλ,
1157 1899 1216 1962 ὃς
1231 1898 1467 1970 ἐκκρίτῳ
1483 1893 1814 1969 προφητείας

275 1995 363 2066 ξία
391 1995 702 2065 τετίμηται.
723 1991 893 2047 Τοῦτο
925 1994 1020 2064 μὲν
1041 1988 1133 2046 οὖν
1152 1993 1263 2046 ἀνω
1279 1990 1440 2045 δὲκαὶ
1459 1991 1607 2043 κάτω
1621 2005 1812 2042 ταυτο-

241 2086 386 2154 λογεί
435 2085 720 2157 γραωδῶς,
769 2085 827 2150 ἐξ
859 2083 1032 2138 ἄλλων
1065 2085 1144 2147 είς
1184 2081 1316 2137 ἄλλα
1345 2077 1812 2154 μεταχειρίζεσθαι

239 2178 361 2243 τοὺς
411 2179 716 2248 αὑτηκόους
776 2178 960 2249 ἀπάτῃ
982 2175 1336 2247 τεχνώμενος.
1374 2172 1563 2242 Ἡμεῖς
1591 2172 1648 2224 δέ
1685 2170 1813 2242 περὶ

239 2270 442 2324 τούτων
473 2269 536 2322 οὐ
567 2268 933 2339 διαφερόμεθα
957 2269 1083 2339 περὶ
1099 2261 1172 2321 ὧν
1197 2267 1368 2320 ἀπασι
1387 2263 1813 2334 συνομολογητέα

241 2361 614 2431 καθέστηκεν,
683 2360 798 2414 ἀλλ’
841 2353 916 2414 ὧν
968 2360 1128 2412 ἕνεκα
1187 2357 1392 2428 κυρίως
1452 2356 1814 2426 ἀμφισϐητεῖν

240 2453 592 2524 ἐγνώκαμεν
627 2453 689 2506 ού
723 2452 833 2525 γὰρ
861 2455 908 2505 εἰ
930 2450 1180 2523 Σαμουὴλ
1203 2451 1392 2518 γέγονε
1419 2447 1674 2519 ζητητέα,
1697 2446 1812 2500 ἀλλ’

241 2549 289 2599 εί
314 2547 573 2617 τοιαύτην
606 2545 718 2616 ἔχει
742 2545 948 2616 δαίμων
977 2543 1244 2608 ἐξουσίαν,
1270 2540 1410 2594 ὥστε
1440 2539 1662 2593 δικαίων
1687 2539 1816 2592 ἀνα-

241 2638 522 2694 καλεῖσθαι
575 2637 754 2709 ψυχὰς
816 2637 876 2702 ἐξ
920 2636 1068 2708 ᾅδου,
1099 2636 1191 2689 καὶ
1236 2634 1395 2687 πάλιν
1442 2631 1809 2702 ἀποπέμπειν.

253 2731 405 2785 Ἐπεὶ
433 2731 615 2784 τοίνυν
647 2728 1019 2800 ἐπαυτοφώρῳ
1049 2727 1272 2799 ληφθεὶς
1299 2725 1440 2780 ἑάλω
1469 2723 1815 2795 βλασφημίας

242 2823 546 2887 ἐπαντλῶν,
592 2822 727 2877 ἀλλά
757 2822 856 2886 τὰς
892 2821 1000 2875 τῶν
1041 2818 1326 2892 ἀκροατῶν
1359 2819 1528 2881 ἀκοὰς
1561 2815 1814 2888 ἀπατηλῇ

245 2916 340 2985 μὲν
373 2915 692 2968 ὑπεκκλίνει
743 2915 928 2987 τέχνῃ,
971 2911 1300 2982 καταφεύγει
1327 2911 1382 2964 δὲ
1404 2909 1562 2982 δῆθεν
1600 2909 1693 2961 ἐπὶ
1723 2905 1814 2961 τοῦ

1914 1803 2323 1875 orationemque
2371 1809 2609 1865 oratorie
2647 1824 2883 1881 augens,
2939 1812 3080 1868 inter
3109 1813 3212 1868 alia
3242 1831 3361 1884 quae
3394 1814 3480 1871 (Ιί-

1913 1902 2074 1958 cunt,
2118 1896 2448 1952 horrendum
2490 1916 2623 1956 sane
2654 1901 2709 1955 id
2740 1917 2862 1958 esse
2891 1904 3198 1970 intellectu,
3234 1907 3479 1965 indutum

1916 1987 2222 2046 Samuelem
2280 1992 2553 2063 prazcipua
2608 1995 2852 2050 vaticinii
2911 1996 3171 2067 dignitate
3214 1999 3480 2054 illustrem

1914 2078 2086 2136 fuisse
2120 2082 2264 2152 apud
2299 2082 2526 2138 inferos.
2568 2083 2682 2140 Hoc
2726 2087 2907 2154 itaque
2947 2090 3082 2144 satis
3125 2091 3339 2145 aniliter
3379 2108 3482 2147 sa:-

1912 2169 2036 2239 pius
2087 2172 2247 2227 iterat
2289 2174 2612 2244 repetendo,
2663 2191 2731 2230 ex
2764 2176 2884 2230 aliis
2930 2178 2986 2232 in
3041 2180 3148 2233 alia
3203 2181 3479 2238 auditores

1915 2261 2234 2333 impellens,
2279 2265 2424 2336 quod
2474 2266 2664 2322 fraude
2702 2267 2956 2339 deceptos
3013 2273 3269 2328 adversos
3321 2289 3480 2344 agere

1914 2362 2165 2410 conatur.
2216 2354 2323 2410 Sed
2369 2371 2470 2412 nos
2519 2358 2586 2413 de
2632 2358 2717 2414 his
2763 2375 2884 2430 qua:
2933 2376 3043 2416 uno
3075 2363 3257 2417 animo
3290 2380 3479 2422 omnes

1914 2445 2182 2515 recipiunt
2212 2461 2323 2501 non
2349 2446 2712 2512 dissidemus,
2747 2466 2933 2506 verum
2965 2453 3032 2508 de
3073 2452 3159 2509 his
3202 2471 3322 2524 quae
3354 2472 3481 2526 pro-

1913 2539 2030 2608 prie
2062 2538 2116 2593 in
2153 2539 2378 2596 dubium
2408 2543 2545 2598 verti
2573 2558 2735 2614 posse
2775 2545 3179 2614 cognoscimus.
3209 2545 3341 2601 Nam
3375 2549 3481 2602 mi-

1915 2633 2060 2688 nime
2077 2632 2464 2704 disputandum
2494 2651 2563 2691 an
2601 2633 2818 2692 Samuel
2845 2636 3025 2702 fuerit,
3051 2639 3146 2694 sed
3178 2654 3246 2694 an
3269 2640 3478 2696 daemon

1915 2724 2078 2780 talem
2111 2725 2307 2782 habeat
2336 2734 2683 2797 potestatem,
2719 2728 2994 2798 justorum
3021 2730 3232 2786 scilicet
3270 2733 3481 2789 animas

1917 2816 1986 2871 ab
2027 2817 2218 2876 inferis
2260 2818 2556 2885 evocandi,
2589 2835 2890 2892 rursusque
2923 2822 3341 2878 transmittendi.
3375 2823 3482 2879 Ita-

1917 2923 2022 2978 que
2061 2924 2120 2964 re
2169 2909 2458 2965 manifesta
2491 2909 2863 2981 deprehensus
2907 2913 3269 2984 blasphemias
3301 2914 3482 2969 fundi-

242 3006 484 3078 Χριστοῦ
511 3007 818 3078 πρόσωπον,
862 3005 927 3058 ἵν’
966 3003 1324 3069 ἀντεξετάσας
1354 3002 1483 3057 αὐτὸ
1503 3003 1614 3064 τοῖς
1646 2999 1816 3068 ἁγίοις

1920 3009 2055 3065 tare,
2085 2998 2420 3054 audientium
2451 3015 2612 3058 aures
2643 3000 2870 3056 subdola
2900 3010 3015 3058 arte
3046 3003 3302 3068 declinat,
3334 3010 3387 3060 et
3411 3005 3480 3060 ad

240 3077 524 3170 ἀνδράσιν,
559 3077 914 3162 ἀποδείξειεν,
970 3099 1050 3150 ὅτι
1084 3097 1175 3148 καὶ
1223 3096 1382 3158 αὐτὸς
1411 3097 1489 3158 εἰς
1522 3092 1644 3166 ᾂδου
1685 3107 1816 3145 κατ-

1918 3088 2123 3147 Christi
2156 3090 2421 3146 duntaxat
2475 3106 2762 3162 personam
2810 3092 3080 3164 confugit,
3126 3101 3185 3148 ut
3242 3109 3306 3149 ea
3353 3109 3477 3150 cum

240 3189 410 3261 ἦλθεν
443 3192 473 3242 ό
501 3188 728 3260 Χριστὸς
759 3185 894 3258 ὁμοῦ
933 3189 1043 3248 τοῖς
1069 3185 1245 3248 ἄλλοις
1269 3183 1468 3236 ἅπασιν
1487 3199 1500 3212 ο
1538 3179 1671 3235 ἀλλά
1704 3177 1810 3250 γὰρ

242 3282 319 3345 ὡς
345 3280 670 3334 ἀπεδείκνυε
713 3277 891 3341 τοῦτο,
921 3277 1013 3329 καὶ
1030 3273 1093 3346 δὴ
1121 3275 1214 3328 καὶ
1245 3273 1304 3326 τὸ
1332 3272 1453 3326 κατ’
1478 3271 1645 3344 ἄνδρα
1682 3287 1814 3342 παρ-

244 3374 412 3428 αινῶν
472 3372 861 3443 ἐπεφθέγγετο,
921 3370 982 3423 Τί
1019 3365 1193 3438 φοϐῇ,
1226 3367 1418 3434 λέγων,
1465 3365 1672 3432 εἰπεῖν,
1723 3363 1811 3417 ὅτι

243 3465 366 3532 πᾶς
389 3462 586 3534 χρῄᾰει
622 3464 804 3530 τόπος
831 3461 1015 3516 αὑτοῦ
1053 3478 1115 3515 τε
1153 3459 1258 3514 τοῦ
1286 3455 1541 3528 Χριστοῦ
1567 3453 1664 3510 καὶ
1697 3453 1815 3509 τῶν

241 3556 606 3627 προφητῶνη
633 3556 788 3624 ὀλίγα
835 3555 970 3608 ἄττα
1029 3553 1119 3606 διὰ
1166 3553 1330 3623 μέσου
1368 3549 1596 3612 τάττων,
1648 3546 1812 3618 ἄλλην

244 3656 533 3710 ἐπιπλέκει
571 3654 898 3726 δυσφημίαν,
947 3652 1234 3722 ἐκφαίνων,
1273 3651 1353 3704 ὃτι
1376 3649 1473 3702 καί
1510 3645 1665 3701 κάτω
1685 3650 1822 3714 cur?

243 3745 449 3816 κόνων
467 3749 498 3799 ό
519 3744 793 3814 Χριστὸς,
811 3746 876 3797 ἵν’
899 3743 1070 3806 οὕτως
1094 3743 1249 3805 εἴπω,
1273 3739 1536 3810 φησὶν,ὲν
1555 3732 1638 3800 τῷ
1658 3736 1813 3790 κάτω

243 3839 409 3900 τόπῳ
428 3836 533 3900 ὢν,
564 3835 639 3904 τῇ
683 3834 1019 3904 προαιρέσει
1055 3834 1175 3887 ἀνω
1200 3829 1278 3903 ἦν
1297 3848 1310 3862 ·
1352 3831 1428 3893 ὡς
1446 3829 1571 3900 περὶ
1601 3826 1811 3898 ἀνθρώ-

246 3946 355 3983 που
382 3929 436 3982 δὲ
471 3930 630 3999 μόνου
659 3928 1018 4000 προσομιλῶν,
1060 3926 1171 3980 ἀλλ’
1196 3925 1380 3979 οὐκέτι
1405 3922 1505 3992 τῆς
1546 3922 1693 3985 θείας
1724 3920 1813 3972 αύ-

241 4020 340 4074 τοῦ
374 4019 762 4092 στοχαζόμενος
795 4020 1026 4089 φύσεως,
1049 4021 1108 4072 ἐν
1138 4020 1248 4081 τοῖς
1277 4016 1571 4070 κατωτάτω
1594 4013 1692 4084 μὲν
1716 4012 1813 4064 αύ-

243 4116 338 4170 τδν
396 4116 632 4184 ἔφασκεν
689 4112 937 4184 ἀφῖχθαι,
965 4110 1280 4186 προαιρέσει
1323 4108 1380 4161 δέ
1411 4105 1674 4178 δήπουθεν
1701 4105 1813 4158 ἀνω

246 4214 559 4284 βεϐηκέναι,
594 4210 841 4282 καθάπερ
874 4205 966 4262 οὖν
1017 4205 1205 4278 ἀμέλει
1231 4205 1324 4257 καὶ
1354 4203 1477 4264 τοὺς
1504 4197 1696 4263 ἄλλους
1728 4199 1813 4251 ἀνι

245 4307 520 4380 θρώπους.
578 4305 741 4359 Οὕτω
781 4303 922 4373 γὰρ,
969 4300 1092 4370 ἔφη,
1143 4298 1238 4352 καὶ
1278 4298 1331 4348 oi
1375 4290 1670 4361 προφῆται
1713 4289 1809 4342 καί
1843 4317 1854 4328 ο

1917 3183 2125 3240 sanctis
2152 3182 2286 3240 viris
2313 3183 2532 3247 collata,
2563 3199 2671 3239 una
2703 3199 2826 3239 cum
2870 3185 2992 3241 aliis
3040 3185 3292 3242 omnibus
3321 3186 3481 3242 Chri-

1917 3287 2060 3333 stum
2086 3277 2266 3347 ipsum
2298 3277 2363 3331 ad
2391 3275 2596 3332 inferos
2617 3276 2966 3332 descendisse
2989 3277 3343 3334 demonstret.
3373 3280 3478 3336 Sed

1916 3371 2010 3426 ubi
2056 3369 2188 3425 illud
2234 3370 2518 3442 probavit,
2550 3371 2618 3425 ad
2658 3369 2933 3425 hominem
2976 3370 3283 3426 hortatione
3313 3388 3479 3444 agens

1916 3463 2107 3520 scribit
2141 3482 2154 3518 :
2194 3462 2334 3530 Quid
2377 3463 2556 3518 horres
2577 3502 2595 3528 ,
2624 3461 2876 3533 inquiens
2899 3501 2915 3526 ,
2946 3461 3116 3517 dicere
3150 3480 3354 3518 omnem
3399 3466 3481 3521 lo-

1916 3572 2034 3609 cum
2055 3556 2219 3624 ipsius
2237 3553 2434 3610 Christi
2459 3563 2508 3609 et
2522 3555 2892 3625 prophetarum
2920 3554 3178 3625 indigere?
3199 3555 3264 3612 Et
3290 3559 3479 3628 paucis

1917 3645 2218 3714 interjectis
2263 3660 2464 3700 novum
2496 3643 2826 3701 horrendum
2868 3645 3015 3702 dictu
3047 3649 3356 3714 connectit,
3386 3649 3480 3705 de-

1916 3740 2157 3803 clarans,
2192 3737 2314 3793 licet
2358 3737 2595 3794 Christus
2627 3738 2843 3807 inferius
2875 3749 3042 3803 esset,
3078 3746 3136 3793 ut
3167 3739 3238 3794 ita
3267 3741 3476 3807 dicam,

1915 3839 1964 3883 et
1995 3828 2235 3898 inferiori
2276 3828 2418 3892 loco,
2448 3829 2694 3882 electione
2723 3838 2894 3883 tamen
2920 3839 2968 3883 et
2998 3829 3264 3886 voluntate
3300 3832 3352 3886 in
3384 3849 3479 3888 su-

1916 3921 2113 3990 periori
2141 3931 2275 3974 erat.
2313 3918 2390 3974 De
2418 3936 2527 3990 quo
2554 3921 2711 3990 quasi
2742 3920 2810 3976 de
2837 3921 2953 3976 solo
2983 3921 3202 3976 homine
3233 3923 3484 3992 loquere-

1916 4018 2027 4074 tur,
2062 4011 2212 4065 nulla
2242 4011 2390 4066 illius
2437 4010 2633 4065 divina:
2674 4019 2884 4066 naturae
2925 4011 3134 4067 ratione
3180 4011 3394 4078 habita,
3422 4013 3479 4067 in

1918 4101 2103 4157 intima
2143 4103 2293 4159 illum
2335 4102 2472 4158 dixit
2498 4104 2813 4168 devenisse,
2843 4113 2897 4159 et
2925 4104 2972 4159 si
2999 4104 3276 4160 voluntate
3313 4119 3478 4174 supra

1917 4195 2285 4262 ascendisset,
2312 4211 2378 4254 eo
2413 4196 2531 4267 ipso
2585 4196 2746 4251 modo
2792 4195 3001 4252 scilicet
3054 4211 3164 4268 quo
3204 4205 3258 4252 et
3298 4196 3480 4253 caeteri

1918 4290 2192 4346 homines.
2219 4290 2310 4346 Sic
2337 4291 2474 4343 enim
2494 4330 2509 4356 ,
2547 4289 2755 4359 inquit,
2787 4298 2834 4344 et
2866 4289 3128 4359 propheta:
3157 4300 3206 4344 et
3227 4289 3444 4345 Samuel
3461 4332 3477 4356 ,

241 4398 550 4468 Σαμουὴλ,
577 4398 692 4451 κᾶν
740 4393 1072 4450 καταϐῶσιν
1101 4392 1252 4444 ὅπου
1291 4390 1350 4442 αἱ
1382 4384 1596 4486 ψυχαὶ,
1627 4382 1809 4486 φησὶν,

1919 4385 2130 4439 tametsi
2161 4383 2224 4440 eo
2253 4383 2567 4439 descendant
2599 4383 2687 4436 ubi
2728 4381 2919 4453 degunt
2959 4383 3153 4436 anime
3189 4399 3304 4453 qua
3347 4384 3482 4454 infc-

243 4495 308 4544 αὶ
343 4489 512 4552 κάτω,
543 4490 613 4542 ἐν
655 4486 733 4554 τῷ
772 4485 927 4540 κάτω
967 4482 1082 4554 μὲν
1117 4482 1398 4536 δύνανται
1443 4473 1594 4531 εἶναι
1630 4475 1810 4540 τόπῳ,

241 4586 324 4639 οὐ
351 4583 499 4636 κάτω
523 4582 592 4637 δέ
622 4584 740 4636 είσι
783 4580 859 4649 τῇ
899 4578 1254 4650 προαιρέσει.
1295 4572 1636 4644 Κουφολογίᾳ
1672 4570 1728 4624 δὲ
1752 4569 1815 4642 δὴ

244 4678 590 4747 περιηχήσας
636 4672 1025 4746 ἀπειροπληθεῖ
1071 4670 1162 4724 τὸν
1205 4668 1428 4738 κόσμον,
1489 4665 1611 4719 ούδέ
1659 4662 1816 4716 τοῦτο

244 4765 511 4836 ξυνίησιν,
543 4768 626 4820 ὅτι
651 4766 757 4827 πᾶς
783 4761 1026 4818 ὁστισοῦν
1071 4758 1390 4831 ἀνθρώπων,
1412 4757 1461 4809 εί
1490 4756 1583 4808 καὶ
1615 4754 1818 4825 σφόδρα

247 4857 490 4927 σχέτλιός
515 4860 686 4920 ἐστιν,
725 4859 782 4909 ἐν
834 4855 962 4927 ᾅδου
990 4847 1285 4915 κατελθὼν,
1320 4851 1432 4934 ἀνω
1462 4850 1528 4919 τῇ
1561 4846 1817 4918 προαιρέ-

245 4967 340 5002 σει
396 4950 727 5020 καθέστηκεν
744 4965 758 4978 °
788 4947 961 5010 οὐδεὶς
989 4945 1119 5014 γοῦν
1152 4944 1214 4998 ἂν
1261 4942 1347 5013 εἴη
1369 4959 1433 5010 γε
1458 4941 1681 4994 δικαίων
1709 4940 1816 4994 οὐδ’

244 5043 452 5096 ἀδίκων
478 5044 536 5107 ὃς
562 5043 623 5096 οὐ
643 5041 884 5112 γλίχεται
926 5036 1184 5092 ἀνωτάτω
1219 5036 1314 5106 μὲν
1337 5033 1593 5088 ἑκάστοτε
1624 5030 1821 5102 διατρί-
1848 5040 1859 5052 ·’

245 5134 371 5188 ϐων
397 5137 629 5207 ἔχεσθαι,
655 5135 763 5188 τῶν
783 5133 838 5186 δὲ
865 5129 1228 5202 καταχθονίων
1251 5126 1590 5199 ἀπηλλάχθαι
1617 5125 1814 5178 τόπων.

247 5228 319 5280 Εἰ
359 5230 542 5283 τοίνυν
560 5230 794 5291 ἅπαντες
824 5225 958 5297 ὁμοῦ
986 5227 1033 5279 οἱ
1067 5221 1424 5293 καταχθέντες
1449 5223 1528 5285 είς
1556 5220 1680 5292 ᾅδου
1713 5216 1819 5272 τῶν

244 5321 377 5375 ἀνω
399 5320 575 5392 φορῶν
606 5319 716 5392 (ii)
749 5319 912 5390 ἐρῶσι
966 5317 1303 5389 προαιρέσει,
1358 5315 1451 5369 καὶ
1487 5315 1548 5367 ού
1585 5314 1720 5368 πάνυ
1749 5314 1820 5367 δι-

248 5410 420 5463 καίου
449 5411 589 5475 τινὲς
615 5410 1020 5481 ἐπεμελήσαντο
1045 5408 1178 5478 βίου,
1215 5405 1451 5460 ποταπὸν
1479 5405 1696 5476 ἀξίωμα
1725 5402 1818 5458 τοῦ

246 5501 597 5570 προφητικοῦ
617 5501 859 5569 διεσάφει
888 5497 1047 5570 χοροῦ
1076 5513 1090 5563 ;
1118 5496 1169 5549 τί
1202 5496 1259 5549 δὲ
1284 5495 1344 5548 τὸ
1376 5497 1625 5568 περιττὸν
1648 5496 1821 5567 ἀπήγ-

248 5589 412 5656 γειλε
457 5590 548 5644 τοῦ
600 5592 825 5664 Κυρίου,
857 5593 1019 5643 πᾶσιν
1057 5590 1238 5660 ὅμοιον
1283 5589 1596 5658 ἀποφαίνων
1618 5589 1818 5656 adadv;

334 5680 389 5714 “
414 5681 601 5740 Matth.
633 5702 704 5748 tv,
737 5685 790 5745 8,
822 5684 872 5738 9.

338 5775 448 5846 lii)
475 5776 695 5842 Φορῶν.
723 5774 882 5830 Forte
913 5776 1104 5848 χορῶν.

579 5871 850 5932 Panos.
899 5869 1015 5936 Gn.
1063 5867 1282 5931 XVIII.

1918 4478 2028 4533 rius
2067 4487 2220 4544 sunt,
2251 4486 2466 4547 possunt
2495 4476 2701 4546 quidem
2732 4478 2785 4529 in
2823 4475 2916 4530 illo
2947 4475 3184 4546 inferiori
3216 4477 3328 4532 loco
3364 4495 3482 4548 per-

1919 4585 2149 4634 manere,
2180 4576 2236 4622 at
2253 4567 2472 4636 inferius
2501 4567 2764 4620 voluntate
2794 4582 2899 4620 non
2928 4574 3072 4622 sunt.
3101 4565 3152 4624 ls
3177 4566 3325 4622 inani
3359 4584 3482 4624 ver-

1917 4663 2113 4720 borum
2158 4659 2316 4731 copia
2368 4657 2625 4729 profusa,
2676 4673 2909 4728 quorum
2946 4673 3048 4714 nec
3098 4659 3292 4717 modus
3337 4661 3483 4720 ullus

1918 4769 2020 4811 nec
2067 4752 2194 4808 ﬁnis
2242 4751 2473 4806 inveniri
2513 4758 2722 4821 potest,
2767 4749 2912 4805 haud
2956 4750 3218 4806 intellexit
3262 4767 3480 4808 onmem

1918 4843 2230 4911 hominem,
2267 4841 2394 4897 licet
2427 4839 2485 4895 in
2528 4840 2751 4895 miseria
2798 4841 2934 4897 alios
2975 4839 3236 4907 excedat,
3273 4842 3363 4897 ubi
3409 4843 3478 4897 ad

1920 4935 2124 4991 inferos
2160 4933 2434 5006 migravit,
2467 4933 2719 5004 superius
2746 4931 2942 5004 degere
2969 4933 3264 4990 voluntate.
3297 4933 3481 5006 Itaque

1919 5030 2136 5094 nullus,
2169 5028 2283 5084 sive
2325 5027 2508 5099 justus
2555 5029 2669 5083 sive
2717 5027 2952 5098 injustus
2975 5067 2990 5092 ,
3031 5028 3240 5096 uspiam
3272 5037 3355 5082 est
3387 5025 3480 5097 qui

1920 5137 2028 5178 non
2062 5122 2323 5177 continuo
2376 5135 2590 5190 semper
2619 5127 2868 5175 teneatur
2898 5117 3168 5175 desiderio
3201 5134 3231 5172 a
3265 5106 3492 5175 subter:

1918 5215 2102 5272 raneis
2129 5215 2196 5270 ad
2239 5227 2495 5286 suprema
2535 5213 2656 5268 loca
2685 5211 2967 5268 redeundi.
3001 5209 3187 5283 Itaque
3217 5213 3262 5266 si
3291 5226 3481 5266 omnes

1921 5308 2085 5364 simul
2126 5307 2194 5362 ad
2237 5307 2444 5363 inferos
2480 5305 2721 5370 devecti,
2763 5305 2891 5361 licet
2945 5305 3111 5359 vitam
3165 5313 3366 5360 rectam
3417 5318 3482 5357 ac

1920 5403 2186 5473 integram
2218 5401 2440 5457 minime
2467 5400 2639 5458 secuti
2667 5398 2807 5465 sint,
2844 5413 3112 5468 supernas
3139 5412 3353 5470 semper
3381 5412 3479 5467 ap-

1922 5503 2111 5567 petunt
2163 5494 2427 5550 stationes
2465 5493 2744 5548 voluntate
2767 5531 2782 5555 ,
2808 5505 2972 5561 quam
3019 5490 3137 5559 ipse
3179 5487 3485 5560 prophetici

1921 5587 2075 5644 chori
2113 5585 2521 5658 praerogativam
2569 5585 2851 5657 agnoscit?
2891 5597 3053 5655 quam
3088 5581 3301 5639 Domini
3347 5581 3486 5640 emi-6

3045 5854 3119 5915 21

2245 5933 2411 6023 Γ
