4080 6334
594 308 691 364 651

1564 311 1622 367 S.
1666 310 2032 366 EUSTA'I'IIII
2070 311 2375 369 EPISCOPI
2412 312 2825 371 ANTIOCIIENI

3708 316 3820 372 652

582 426 835 480 nentiam
882 423 1222 489 manifestat,
1252 440 1376 480 cum
1422 428 1677 483 omnibus
1731 429 1960 483 Similem
1999 430 2132 483 illun

2266 431 2403 484 Ἀλλ’
2427 432 2599 497 οὕτως
2642 432 2868 505 ἀμαθῶς
2904 434 3133 506 ἐξήχησε
3161 434 3258 507 τὴν
3289 435 3492 507 φωνὴν,
3522 435 3619 490 οὐκ
3639 438 3818 510 ἐννοής

592 516 880 571 enuntiat?
913 514 1002 570 Sic
1031 516 1277 587 imperite
1303 532 1491 573 vocem
1532 520 1748 585 emisit,
1795 535 1903 574 non
1956 520 2154 575 intelli-

2257 541 2375 587 σας,
2430 525 2510 578 ὅτι
2551 525 2683 589 Θεὸς
2722 521 2791 598 ἦν
2830 527 2860 578 6
2904 526 3108 595 Λόγος·
3148 527 3208 580 οὐ
3243 530 3559 601 προαιρέσει
3592 530 3815 600 μᾶλλον,

592 626 723 680 gens
746 607 983 664 Verbum
1013 623 1136 665 esse
1178 615 1232 663 et
1262 608 1450 673 Deum,
1470 611 1561 680 qui
1601 626 1707 666 non
1734 620 1844 666 tam
1880 613 2132 666 voluntati

2252 616 2544 690 ἀλλ’ἀρετῇ
2564 619 2666 688 τῆς
2689 619 2939 691 θεότητος
2959 619 3266 691 ἁπανταχοῦ
3293 621 3551 693 πάρεστιν
3580 623 3813 694 ἀθρόως.

591 715 754 770 quam
797 699 1098 755 divinitatis
1137 699 1190 753 vi
1242 701 1423 755 omnia
1470 702 1632 757 simul
1684 711 1950 773 penetrat.
1998 704 2061 758 Et
2104 705 2149 761 si

590 800 717 846 ante
747 790 930 845 omnia
969 790 1264 860 spectabile
1297 806 1457 847 suum
1493 793 1752 862 templum
1790 801 1847 847 ut
1888 793 2150 851 dissolve-

569 886 742 938 ‘retur
784 882 1065 953 permisit,
1108 894 1231 953 post
1279 883 1500 939 tertium
1551 883 1690 943 diem
1737 900 1876 940 nova
1916 885 2147 957 quadam

580 974 800 1030 ratione
846 974 1028 1030 statim
1085 990 1149 1030 ac
1192 976 1387 1030 iterum
1432 976 1687 1032 excitavit
1729 997 1741 1033 :
1790 979 1966 1034 anima
2018 996 2148 1035 vero

570 1054 735 1120 illius
776 1064 1026 1120 humanae
1056 1064 1406 1121 habitationis
1441 1066 1499 1120 in
1527 1066 1739 1124 intimas
1772 1075 1930 1124 terra:
1965 1078 2146 1141 partes

584 1157 938 1227 perveniens,
976 1166 1162 1226 portas
1187 1173 1308 1228 quae
1336 1157 1411 1213 ibi
1441 1167 1596 1213 erant
1623 1159 1825 1230 impetu
1855 1161 2000 1216 facto
2027 1178 2148 1233 ape-

566 1250 714 1317 'ruit,
735 1253 1049 1323 animasque
1068 1251 1141 1307 ibi
1157 1252 1403 1309 detentas
1414 1253 1664 1309 extraxit:
1682 1256 1762 1310 sic
1775 1264 1950 1310 autem
1963 1255 2143 1310 divina

583 1345 942 1400 corroborata
964 1344 1065 1399 fuit
1077 1345 1278 1400 virtute
1299 1351 1521 1416 propter
1537 1345 1630 1401 Dei
1643 1355 1697 1402 et
1713 1345 1875 1403 Verbi
1907 1363 2121 1403 commu

583 1436 825 1501 nionem,
843 1442 902 1490 ut
926 1450 1139 1490 omnem
1163 1437 1218 1489 in
1243 1437 1536 1493 seomnino
1559 1445 1876 1507 potestatem
1898 1440 2138 1496 haberet.

650 1512 836 1580 XVIII.
876 1523 989 1597 Ego
1030 1540 1160 1581 vero
1211 1523 1375 1579 credo
1420 1525 1582 1596 hujus
1624 1525 1991 1597 conjecturam
2022 1545 2144 1585 esse

583 1618 806 1674 minime
849 1619 1041 1674 levem.
1082 1616 1217 1673 Cum
1250 1619 1394 1674 enim
1447 1618 1504 1675 in
1554 1620 1939 1679 subterraneos
1992 1623 2140 1680 locos

583 1714 854 1785 pervenit,
887 1712 1013 1768 inde
1044 1713 1271 1769 latronis
1293 1714 1529 1769 animam
1558 1716 1745 1771 eodem
1778 1716 1866 1771 die
1892 1717 1948 1771 in
1982 1732 2140 1788 para-

581 1805 758 1860 disum
784 1804 1108 1861 introduxit.
1142 1805 1276 1860 Nam
1317 1807 1363 1861 si
1399 1821 1496 1876 per
1517 1823 1682 1862 unum
1713 1809 1979 1864 hominem
2011 1810 2134 1865 uni—

582 1897 759 1951 versis
800 1896 1135 1952 mortalibus
1180 1896 1328 1952 salus
1367 1896 1618 1962 advenit,
1649 1898 1993 1955 manifestum
2041 1901 2132 1966 lit,

581 1989 817 2042 animam
852 1989 1062 2044 animas
1090 2004 1211 2058 quae
1246 1988 1491 2059 ejusdem
1528 1997 1657 2046 sunt
1684 1991 1899 2061 generis
1928 1991 2135 2047 redem-

580 2085 701 2145 ptas
750 2077 1050 2143 liberasse,
1103 2087 1215 2131 tum
1263 2077 1320 2133 in
1373 2076 1849 2135 subterranearum
1899 2081 2134 2151 partium

579 2167 746 2223 chaos
782 2174 1003 2223 accessu
1024 2207 1039 2230 ,
1084 2173 1196 2221 tum
1225 2166 1280 2221 in
1309 2167 1739 2238 antiquissimam
1761 2170 1995 2240 paradisi
2024 2178 2133 2226 sta-

577 2257 780 2311 tionem
813 2255 1172 2322 restitutione,
1217 2257 1367 2327 regni
1418 2259 1799 2329 insuperabilis
1848 2268 2131 2331 potestate.

580 2349 679 2406 Bis
702 2366 942 2407 consona
970 2349 1064 2406 Dei
1092 2350 1264 2405 Filius
1302 2357 1587 2423 antequam
1624 2353 1737 2409 haec
1772 2362 1955 2410 essent
1995 2372 2135 2427 prae-

580 2441 795 2498 dicebat
822 2460 836 2497 :
872 2440 1040 2496 Nemo
1073 2440 1303 2496 ascendit
1328 2443 1387 2496 'in
1415 2443 1598 2499 caelum
1618 2485 1633 2508 ,
1674 2446 1779 2500 nisi
1808 2447 1897 2517 qui
1923 2445 1986 2500 de
2008 2447 2134 2502 caelo

582 2530 865 2595 descendit,
891 2530 1064 2586 Filius
1098 2531 1323 2586 hominis
1360 2535 1448 2603 qui
1481 2534 1537 2588 in
1576 2536 1716 2591 caelis
1745 2545 1821 2590 est
1847 2538 1913 2593 ".
1949 2537 2136 2607 Itaque

582 2624 630 2680 si
657 2623 928 2680 fatebatur
954 2640 1079 2680 eum
1116 2627 1209 2696 qui
1238 2643 1303 2683 ex
1331 2626 1569 2682 humano
1603 2636 1800 2699 genere
1824 2638 2002 2685 ortum
2033 2630 2134 2686 du-

582 2721 750 2779 ceret,
770 2714 944 2770 solum
967 2730 1031 2770 ex
1055 2716 1307 2772 omnibus
1335 2717 1393 2772 in
1418 2717 1614 2774 caelum
1637 2718 1968 2781 ascendisse.
1984 2719 2135 2776 inde-

562 2817 683 2872 ’συθ
720 2820 936 2862 rursum
968 2806 1075 2861 huc
1104 2806 1482 2875 descendisse,
1515 2808 1710 2880 hicque
1741 2818 2132 2866 commoratum

573 2896 634 2953 in
665 2899 862 2954 caelum
894 2898 1148 2964 tendere,
1183 2906 1328 2969 patet
1358 2899 1554 2955 animae
1586 2900 1637 2955 vi
1667 2916 1732 2956 ac
1760 2901 1991 2973 quadam
2033 2919 2132 2959 ex-

498 3033 501 3037 .
575 2989 823 3046 cellentia
850 2989 940 3045 illa
968 2991 1287 3047 absolvisse.
1319 2991 1517 3047 Sancta
1544 2992 1687 3049 enim
1723 2992 1925 3049 Christi
1954 2995 2132 3050 anima

2250 711 2314 764 Εί
2341 710 2399 764 δέ
2430 710 2524 765 καὶ
2546 708 2604 764 τὸ
2640 711 2873 782 μάλιστα
2901 706 2991 765 τὸν
3026 711 3272 784 ἔκκριτον
3302 713 3495 767 ἐαυτοῦ
3528 715 3655 769 ναὸν
3681 714 3812 769 ἐπέ-

2248 804 2411 875 τρεψε
2443 804 2684 875 λυθῆναι,
2713 806 3003 877 τριήμερον
3031 804 3128 876 μέν
3153 806 3347 860 αὐτίκα
3372 806 3532 860 πάλιν
3552 809 3810 880 ἀνήγειρε

2249 897 2659 969 καινοπρεπῶς·
2691 896 2796 967 ἠδὲ
2819 896 2960 968 ψυχὴ
2993 897 3145 951 τοῦδε
3177 897 3268 952 τοῦ
3303 897 3638 969 ἀνθρωπείου
3670 916 3810 972 σκη-

2247 989 2494 1061 νώματος
2522 992 2601 1054 είς
2641 989 2709 1044 τά
2734 990 3017 1044 κατώτατα
3038 991 3367 1045 κατελθοῦσα
3388 985 3526 1064 μέρη
3554 993 3653 1065 τῆς
3680 993 3808 1065 γῆς,

2245 1081 2545 1136 ἀνεπέτασε
2598 1080 2695 1145 τὰς
2755 1083 2931 1135 ἐκεῖσε
2989 1082 3161 1147 πύλας
3198 1083 3369 1156 ἀθρόᾳ
3405 1086 3564 1155 ῥοπῇ,
3596 1085 3810 1150 καὶτὰς

2245 1173 2430 1228 αὐτόθι
2458 1172 2852 1245 καθειργμένας
2879 1174 3044 1245 ἀνῆκε
3077 1175 3281 1245 ψυχάς*
3310 1173 3450 1228 οὕτω
3469 1172 3811 1248 δὲΐὸεσπεσίᾳ

2244 1264 2643 1337 κεκραταίωται
2690 1266 2914 1336 δυνάμει
2966 1264 3055 1318 διὰ
3102 1263 3200 1335 τὴν
3219 1264 3312 1320 τοῦ
3343 1264 3477 1319 Θεοῦ
3512 1268 3605 1321 καὶ
3629 1267 3807 1336 Λόγου

2246 1352 2549 1424 συνουσίαν,
2575 1358 2712 1411 ὥστε
2746 1358 2841 1412 καὶ
2870 1358 3199 1429 παντέφορον
3227 1358 3368 1430 ἔχειν
3396 1360 3661 1427 ἐξουσίαν.

2310 1513 2497 1567 XVIII.
2554 1512 2712 1568 Ἀλλά
2774 1513 2879 1586 μὴν
2928 1513 3101 1582 ἔγωγε
3160 1512 3411 1585 πείθομαι
3464 1516 3555 1568 καὶ
3610 1515 3806 1570 τούτου

2240 1607 2534 1680 τεκμήριον
2565 1602 2699 1659 εἶναι
2734 1606 2928 1674 σαφές·
2962 1606 3195 1677 ὁπηνίκα
3241 1606 3340 1677 μὲν
3370 1608 3449 1671 είς
3478 1607 3602 1670 τοὺς
3636 1624 3809 1662 κατα-

2237 1696 2478 1768 χθονίους
2505 1697 2781 1766 ἀφικνεῖτο
2804 1697 3020 1761 τόπους,
3051 1698 3109 1750 ἐν
3147 1697 3327 1768 ταυτῴ
3355 1697 3412 1751 δὲ
3449 1698 3542 1751 καὶ
3578 1698 3678 1768 τὴν
3707 1698 3806 1753 τοῦ

2169 1769 2210 1823 Β
2238 1787 2433 1859 λῃστοῦ
2458 1788 2633 1860 ψυχὴν
2662 1789 2965 1861 αὺθήμερον
2988 1789 3204 1859 εἰσῆγεν
3235 1790 3314 1852 είς
3339 1788 3428 1842 τὸν
3456 1790 3803 1860 παράδεισον.

2234 1881 2297 1936 Εί
2321 1880 2428 1954 γὰρ
2461 1881 2527 1935 δι’
2574 1881 2692 1945 ἐνὸς
2734 1880 3017 1953 ἀνθρώπου
3047 1883 3161 1946 τοῖς
3205 1882 3405 1936 ἅπασιν
3439 1882 3677 1955 ὑπῆρξεν
3704 1884 3802 1936 ἀν-

2235 1971 2470 2044 θρώποις
2496 1973 2530 2044 ή
2563 1971 2823 2044 σωτηρία,
2855 1971 3136 2044 πρόδηλον,
3178 1973 3256 2037 ὡς
3288 1976 3322 2044 ἠ
3367 1972 3511 2045 ψυχὴ
3539 1972 3636 2038 τὰς
3664 1974 3800 2045 ὁμο-

2234 2066 2410 2133 γενεῐς
2438 2062 2825 2134 ἀναλυτροῦται
2864 2063 3060 2135 ψυχὰς,
3105 2065 3221 2136 ἅμα
3256 2065 3362 2137 ,μὲν
3402 2068 3482 2130 είς
3519 2066 3589 2119 τὰ
3630 2083 3802 2120 κατα-

2232 2158 2418 2229 χθόνια
2453 2156 2712 2211 κατιοῦσα
2736 2156 2876 2229 μέρη
2913 2156 3009 2210 τοῦ
3036 2158 3219 2228 χάους,
3248 2157 3364 2228 ἅμα
3388 2157 3446 2211 δὲ
3482 2158 3577 2211 καὶ
3602 2161 3669 2230 τῇ
3695 2159 3803 2230 ἀρ-

2234 2247 2488 2319 χαιοτάτῃ
2520 2245 2613 2301 τοῦ
2644 2247 2964 2320 παραδείσου
3011 2247 3170 2303 πάλιν
3214 2248 3631 2303 ἀποκαθιστῶσα
3660 2253 3800 2322 νομῇ

2232 2341 2323 2395 τὸν
2352 2339 2736 2395 ῦπεισδύνοντα
2759 2340 2838 2412 τῷ
2864 2340 3051 2412 κράτει
3079 2341 3177 2411 τῆς
3205 2341 3467 2414 ἀηττήτου
3499 2340 3798 2411 βασιλείας.

2246 2433 2536 2488 Ἀκόλουθα
2552 2433 2608 2487 δὲ
2631 2433 2724 2487 καὶ
2743 2434 2846 2506 πρὸ
2869 2432 3070 2488 τούτων
3088 2435 3117 2487 6
3132 2431 3225 2486 τοῦ
3242 2432 3376 2486 Θεοῦ
3397 2434 3532 2496 Παῖς
3560 2433 3803 2507 ἐμαρτύ»

2237 2536 2377 2596 ρετο,
2396 2523 2694 2595 προλέγων,
2725 2524 2806 2579 ὃτι
2840 2525 2931 2578 καὶ
2952 2524 3157 2591 Οὐδεὶς
3188 2524 3551 2593 ἀναϐέϐηκεν
3575 2528 3662 2594 εις
3687 2526 3800 2582 τὸν

2233 2616 2510 2686 οὐρανὸν,
2529 2619 2581 2672 ει
2610 2616 2692 2687 μὴ
2724 2620 2758 2671 ό
2788 2617 2855 2671 ἐκ
2886 2617 2992 2672 τοῦ
3024 2617 3281 2686 οὐρανοῦ
3312 2618 3588 2685 καταϐὰς,
3620 2621 3798 2688 ὁΥὶὸς

2232 2709 2340 2765 τοῦ
2354 2708 2686 2779 ἀνθρώπου,
2706 2708 3295 2785 male
3319 2711 3615 2783 Τοιγαροῦν
3636 2713 3799 2783 εἴπερ

2232 2802 2436 2873 ἔφασκε
2462 2802 2551 2855 τὸν
2580 2801 2644 2854 ἐκ
2675 2800 2766 2855 τοῦ
2796 2800 3127 2872 ἀνθρωπείου
3157 2801 3346 2871 γένους
3375 2801 3690 2875 ὁρμώμενον
3716 2806 3800 2867 είς

2232 2893 2456 2967 οὐρανὸν
2496 2894 2594 2951 μὲν
2618 2892 3006 2964 ἀναϐεϐηκέναι
3039 2892 3339 2964 μονώτατον
3371 2896 3433 2947 ἐκ
3465 2894 3702 2957 πάντων,
3732 2895 3799 2948 ἐκ

2706 2772 2893 2785 *-

2222 2987 2291 3041 δέ
2309 2987 2415 3042 τῶν
2443 2987 2619 3040 ἐκεῖσε
2651 2986 2809 3040 πάλιν
2836 2985 3262 3057 καταϐεϐηκέναι
3294 2985 3494 3041 ἐνθάδε.

565 3091 700 3136 cum
723 3079 838 3136 Deo
863 3088 917 3136 et
958 3080 1134 3137 Verbo
1162 3083 1481 3148 convivens,
1513 3084 1695 3139 omnia
1723 3085 1938 3155 quidem
1968 3086 2129 3141 simul

2235 3080 2823 3165 ρεΰηκότα
2846 3078 3078 3164 Marii),
3112 3079 3465 3150 συνέστηκεν,
3499 3079 3585 3134 ὅτι
3617 3077 3800 3149 ψυχῆς

564 3172 792 3237 “lustrat,
828 3171 882 3227 in
914 3173 1089 3243 ipsum
1121 3189 1432 3244 supremum
1463 3176 1661 3232 caelum
1695 3176 1973 3243 ascendit,
2021 3192 2131 3248 quo

576 3279 735 3320 nemo
756 3262 1036 3320 hominum
1058 3265 1323 3335 pervenit.
1355 3263 1564 3336 Quippe
1593 3269 1656 3320 ad
1691 3266 1803 3321 haec
1825 3267 2029 3323 elevata
2047 3275 2131 3324 est

572 3363 629 3411 et
658 3354 1097 3411 humana'l‘orma
1123 3395 1138 3418 ,
1187 3372 1348 3427 quam
1380 3356 1521 3412 Deus
1548 3367 1603 3414 et
1627 3353 1864 3414 Verbum
1906 3368 2129 3415 susten-

558 3446 727 3501 tavit.
760 3446 959 3503 Verum
992 3446 1086 3502 Dei
1115 3445 1308 3503 Filium
1346 3448 1544 3520 ubique
1589 3456 1641 3505 et
1682 3458 1902 3521 repente
1940 3451 2130 3509 adesse

556 3540 690 3611 ipse
720 3540 881 3595 etiam
921 3538 1157 3597 Joannes
1185 3549 1419 3597 testatus
1464 3550 1577 3607 est,
1624 3543 1717 3613 qui
1745 3543 2021 3599 Christum
2048 3545 2131 3616 ip-

554 3640 695 3686 "sum
723 3630 961 3697 audivit,
1006 3632 1316 3704 ingentique
1368 3647 1500 3689 voce
1532 3634 1731 3689 clamat
1755 3635 1822 3691 ad
1855 3637 2074 3692 verbum
2111 3657 2125 3693 :

571 3719 739 3775 Deum
763 3736 909 3775 nemo
936 3721 1063 3775 vidit
1092 3736 1319 3792 unquam
1343 3740 1363 3778 ‘:
1397 3725 1688 3796 unigenitus
1730 3724 1906 3781 Filius
1935 3728 2024 3798 qui
2050 3737 2128 3782 est

564 3808 628 3865 in
655 3813 773 3866 sinu
800 3810 1002 3876 Patris,
1038 3813 1125 3868 ille
1151 3816 1388 3883 exposuit
1419 3816 1484 3872 ⁸⁸.
1510 3815 1576 3870 Et
1604 3824 1782 3873 tamen
1815 3833 1941 3873 eum
1969 3817 2130 3874 Chri-

560 3910 690 3976 ‘stu‘s
716 3903 805 3959 hic
825 3904 1071 3975 degeret,
1108 3919 1335 3975 corpore
1364 3906 1695 3972 ambulabat,
1724 3909 1853 3964 dum
1884 3910 1986 3967 hos
2005 3927 2127 3968 ser-

558 4006 758 4051 ‘mones
795 3994 1029 4052 Joannes
1058 3995 1343 4066 cﬂ‘ere‘hat;
1376 3998 1499 4069 qui,
1555 3999 1703 4055 illius
1750 4000 1933 4057 verbis
1971 4017 2128 4060 exce-

567 4089 695 4159 ptis,
717 4089 1067 4158 praedicabat,
1091 4090 1243 4145 illum
1280 4091 1497 4162 quidem
1524 4092 1582 4148 in
1605 4092 1729 4148 sinu
1758 4091 1936 4150 Patris
1966 4109 2088 4152 esse
2106 4135 2122 4160 .

568 4182 660 4251 qui
699 4196 863 4252 super
890 4192 1030 4237 terra
1063 4198 1168 4237 una
1197 4197 1319 4238 cum
1351 4183 1471 4254 ipso
1499 4198 1726 4254 corpore
1762 4186 2123 4256 convivebat;

568 4274 837 4344 quomodo
871 4291 980 4330 non
1009 4275 1414 4346 intelligendum
1461 4284 1545 4332 est
1576 4282 1707 4331 tunc
1753 4278 1915 4332 etiam
1958 4279 2127 4336 caelos

565 4364 881 4437 ascendere,
915 4372 969 4421 et
992 4365 1122 4421 dum
1161 4365 1217 4419 in
1263 4366 1386 4422 sinu
1414 4364 1593 4422 Patris
1623 4366 1863 4438 degeret,
1893 4368 1949 4423 in
1979 4377 2125 4425 terra

2231 3172 2400 3242 ἀρετῇ
2431 3169 2601 3223 ταῦτα
2626 3169 2888 3240 ἔπραττεν
2918 3171 2945 3222 6
2981 3168 3262 3239 ἄνθρωπος
3292 3167 3581 3241 ἐκκρίτως·
3617 3169 3648 3238 ἠ
3686 3168 3801 3239 γὰρ

2229 3260 2359 3330 ἁγία
2380 3259 2474 3313 τοῦ
2497 3259 2731 3331 Χριστοῦ
2750 3259 2892 3331 ψυχὴ
2915 3258 2993 3329 τῷ
3009 3258 3126 3329 Θεῷ
3153 3258 3571 3330 συνδιαιτωμένη
3589 3258 3682 3312 καὶ
3703 3258 3801 3312 A6-

2229 3371 2330 3424 γῳ,
2349 3354 2521 3408 πάντα
2546 3354 2641 3424 μὲν
2664 3351 3009 3424 ἐκπεριπολεῖ
3024 3350 3337 3422 συλλήϐδην,
3355 3352 3436 3416 εἰς
3453 3351 3613 3404 αὑτὸν
3631 3350 3688 3403 δέ
3718 3349 3801 3420 βέ-

2229 3444 2366 3516 ϐηκε
2405 3444 2496 3498 τὸν
2529 3441 2798 3498 ἀνώτατον
2840 3442 3084 3515 οὐρανὸν,
3118 3444 3197 3505 είς
3225 3442 3283 3495 ὃν
3315 3442 3488 3505 οὐδεὶς
3518 3440 3675 3505 ἄλλος
3703 3442 3801 3494 ἀν-

2228 3535 2357 3608 ῆλθε
2383 3535 2492 3590 τῶν
2515 3535 2810 3607 ἀνθρώπων
2825 3551 2839 3565 ’
2867 3534 3001 3588 ἀλλά
3018 3534 3186 3588 ταῦτα
3208 3535 3287 3597 είς
3310 3534 3479 3607 αὐτὴν
3500 3534 3800 3605 ἀνήρτηται

2228 3628 2327 3700 τὴν
2356 3627 2694 3700 ἀνθρωπείαν
2713 3627 2904 3694 είδέαν,
2928 3627 2996 3698 ἢν
3015 3628 3043 3680 6
3065 3626 3196 3690 θεὸς
3223 3627 3447 3698 ἐφόρεσε
3470 3628 3563 3680 καὶ
3591 3626 3797 3694 Λόγοςο

2227 3722 2309 3776 ὅτι
2339 3721 2395 3777 δὲ
2429 3719 2698 3791 πανταχοῦ
2736 3720 2992 3791 πάρεστιν
3032 3717 3241 3790 ἀθρόως
3276 3720 3304 3772 6
3337 3718 3431 3772 τοῦ
3460 3718 3594 3772 Θεοῦ
3636 3719 3797 3785 Παῖς,

2226 3818 2325 3889 οὐχ
2351 3816 2548 3886 ἣκιστα
2566 3814 2658 3868 καὶ
2685 3814 2811 3887 περὶ
2832 3810 3019 3865 τούτου
3042 3811 3249 3883 μάρτυς
3269 3804 3495 3881 ἕστηκεν
3522 3810 3797 3882 Ἰωάννης,

2228 3910 2490 3981 αὐτήκοος
2537 3909 2633 3979 μὲν
2676 3905 2935 3978 ὑπάρχων
2964 3902 3125 3958 αὑτοῦ
3154 3901 3246 3956 τοῦ
3294 3902 3559 3974 Χριστοῦ,
3600 3902 3699 3973 βοᾷ
3739 3902 3799 3955 δὲ

2227 3999 2538 4071 γεγωνότως
2563 3995 2833 4063 αὐτολεξεί
2849 4013 2864 4027 °
2896 3994 3043 4050 Θεὸν
3066 3992 3263 4060 οὐδεὶς
3288 3992 3504 4061 ἑώρακε
3526 3991 3796 4045 admors-

2227 4098 2261 4150 ό
2302 4091 2634 4163 μονογενὴς
2678 4089 2810 4155 Υἱὸς
2836 4091 2869 4143 ό
2897 4086 2983 4142 ὢν
3005 4089 3091 4153 εὶς
3128 4087 3236 4139 τὸν
3260 4087 3489 4140 κόλπον
3528 4082 3632 4138 τοῦ
3676 4087 3798 4138 Hc-

2226 4185 2364 4255 τρὸς
2390 4184 2617 4250 ἐκεῖνος
2646 4181 3005 4251 ἐξηγήσατο.
3034 4179 3144 4233 Καὶ
3167 4179 3272 4250 μὴν
3303 4179 3352 4232 εί
3399 4177 3554 4250 δεῦρο
3605 4176 3798 4250 παρὼν

2226 4277 2481 4349 ἐπεφοίτα
2528 4273 2850 4347 σωματικῶς
2903 4276 2931 4328 6
2982 4271 3242 4344 Χριστὸς,
3294 4271 3525 4343 ὁπηνίκα
3550 4264 3795 4334 ’τούτους

2227 4367 2554 4441 ἀπήγγειλεν
2594 4366 2845 4437 Ἰωάννης
2873 4366 2996 4428 τοὺς
3040 4364 3248 4432 λόγους,
3288 4365 3319 4416 6
3353 4362 3411 4415 δὲ
3457 4361 3554 4426 τὰς
3598 4362 3795 4417 τούτου

566 4458 1017 4528 quemadmodum
1046 4456 1217 4513 Deum
1249 4458 1474 4513 decebat
1496 4457 1893 4529 deambulasse,
1923 4468 1979 4517 et
2002 4477 2122 4517 om-

2231 4464 2411 4537 ρήσεις
2439 4460 2827 4534 ὑποδεξάμενος
2854 4460 3110 4532 ἐκήρυττε
3139 4457 3235 4530 μὲν
3265 4457 3422 4511 αὑτὸν
3445 4458 3502 4509 ἐν
3526 4459 3640 4521 τοῖς
3666 4456 3793 4509 κόλ-

564 4550 726 4605 nibus
754 4549 936 4616 simul,
971 4548 1137 4604 veluti
1161 4547 1331 4604 Deum
1365 4547 1644 4605 adfuisse?

2230 4573 2351 4620 ποις
2372 4550 2507 4609 εἶναι
2531 4553 2626 4607 τοῦ
2650 4551 2880 4625 Πατρὸς,
2910 4550 3231 4621 ἐστιῶμενον
3264 4550 3355 4603 ἐπὶ
3378 4549 3480 4617 γῆς
3507 4547 3656 4619 αὐτῷ
3688 4546 3791 4601 σώ-

566 4661 726 4714 ματι·
761 4643 877 4708 πῶς
902 4643 1002 4728 οῦκ
1028 4642 1321 4715 ἐννοητέον,
1348 4643 1430 4697 ὅτι
1456 4643 1549 4697 καὶ
1584 4642 1691 4698 τῶν
1748 4645 1989 4718 οὐρανῶν
2020 4648 2341 4723 ἐπεϐεϐήκει
2366 4649 2472 4704 τῶν
2501 4649 2658 4702 τοῦτο
2714 4646 2825 4719 (12)
2867 4646 2960 4701 καὶ
3010 4646 3085 4709 ὡς
3127 4643 3340 4698 κόλπων
3399 4643 3529 4697 εἴσω
3573 4641 3789 4696 διαιτώ-

567 4755 725 4809 μενος
774 4739 868 4792 καὶ
911 4740 977 4809 τῇ
1026 4740 1097 4810 γῇ
1147 4737 1463 4810 θεοπρεπῶς
1500 4739 1759 4812 ἐπεδήμει
1781 4782 1796 4807 ,
1845 4743 1940 4796 καὶ
1981 4745 2144 4799 πᾶσιν
2168 4747 2302 4819 ὁμοῦ
2336 4747 2537 4820 παρῆν,
2560 4740 2648 4800 οἷα
2679 4743 2845 4808 Θεὸς;

633 4831 776 4888 XIX.
818 4829 877 4888 Si
923 4832 1046 4903 quis
1079 4838 1257 4888 autem
1298 4829 1524 4887 Iudaica
1559 4832 1818 4895 laborans
1840 4837 2116 4899 caecitate.

562 4924 902 4996 evangelieas
926 4938 1088 4980 voces
1116 4938 1225 4979 non
1255 4923 1482 4992 recipit,
1527 4924 1632 4993 ipsi
1666 4922 1973 4983 Salomonis
1996 4943 2121 4984 ora-

506 5051 515 5061 -
562 5019 683 5074 cula
712 5010 1081 5081 adducemus,
1130 5024 1185 5072 et
1234 5016 1315 5072 sic
1363 5017 1663 5073 orationem
1720 5017 2117 5079 formabimus:

565 5110 763 5181 Quippe
801 5126 918 5164 cum
947 5110 1175 5180 quietum
1219 5108 1485 5163 silentium
1517 5110 1801 5165 contineret
1823 5115 2001 5167 omnia
2026 5154 2040 5177 ,
2072 5124 2122 5169 et

565 5219 667 5257 nos:
698 5203 751 5255 iu
785 5219 881 5256 suo
909 5218 1065 5256 cursu
1103 5201 1329 5255 medium
1365 5203 1465 5256 iter
1504 5200 1744 5267 haberet,
1796 5203 2121 5274 amnipotens

565 5303 710 5347 tuum
744 5294 966 5348 Verbum
992 5310 1021 5348 e
1053 5293 1178 5348 caelo
1207 5311 1240 5348 a
1266 5293 1527 5364 regalibus
1561 5295 1759 5350 thronis
1785 5311 1958 5351 ensem
1987 5314 2115 5350 acu-

563 5397 694 5452 tam,
725 5389 982 5443 sincerum
1005 5388 1201 5443 scilicet
1235 5387 1540 5442 mandatum
1572 5399 1720 5444 tuum
1744 5390 1934 5461 ferens,
1967 5400 2114 5447 stans

642 5547 689 5579 ⁸⁸
712 5544 876 5601 Joan.
930 5560 1010 5608 ιιι,
1061 5545 1148 5601 15.
1224 5546 1270 5578 ⁵⁸
1300 5546 1463 5602 Joan.
1499 5563 1539 5613 ι,
1571 5547 1661 5603 18.

632 5706 747 5780 (12)
786 5706 906 5763 Τῶν
935 5708 1125 5763 τοῦτο.
1159 5705 1316 5765 Forte
1342 5707 1448 5761 τῶν
1482 5707 1696 5780 τρίτων.

2293 4839 2433 4895 XIX.
2463 4841 2527 4893 Εἰ
2550 4839 2605 4892 δέ
2625 4855 2707 4902 τις
2741 4835 3031 4907 Ἰουδαῖκὴν
3055 4831 3348 4906 ἀρρωστῶν
3393 4828 3652 4899 ἀῦλεψίαν
3687 4829 3790 4894 τὰς

2225 4931 2580 5002 εὐαγγελικάς
2603 4930 2663 4982 οὐ
2695 4927 2971 5001 προσίεται
3016 4927 3217 4997 φωνὰς,
3256 4925 3519 4980 ἐπακτέον
3542 4923 3689 4997 αὐτῷ
3717 4922 3791 4978 τὰ

2227 5026 2321 5080 τοῦ
2349 5023 2687 5095 Σολομῶντος
2715 5020 3129 5092 ἀποφθέγματα,
3162 5019 3255 5073 καὶ
3286 5019 3472 5089 ῥητέον
3500 5011 3604 5072 ὧδέ
3638 5034 3787 5081 nu;-

2230 5119 2495 5188 Ἦσύχου
2526 5115 2634 5186 γὰρ
2675 5112 2850 5185 σιγῆς
2890 5112 3282 5182 περιεχούσης
3328 5111 3401 5164 τὰ
3438 5109 3654 5171 πάντα,
3688 5108 3790 5162 καὶ

2224 5207 2445 5274 νυκτὸς
2476 5208 2545 5261 ἐν
2574 5206 2700 5271 ἰδίῳ
2736 5205 2895 5274 τάχει
2925 5202 3321 5273 μεσαζούσης,
3352 5206 3386 5256 ό
3415 5198 3789 5255 παντοδύνα-

2217 5300 2334 5368 μός
2362 5314 2477 5353 σου
2503 5299 2688 5366 Λόγος
2714 5298 2814 5353 ἀπ’
2837 5294 3092 5364 οὐρανοῦ
3120 5295 3189 5348 ἐκ
3208 5295 3432 5362 θρόνων
3447 5287 3793 5357 ,βασιλικῶν

2222 5391 2395 5461 ξίφος
2414 5390 2522 5457 ὀξὺ
2550 5389 2663 5460 τὴν
2691 5391 3087 5460 ἀνυπόκριτον
3108 5384 3393 5454 ἐπιταγήν
3422 5399 3538 5440 σου
3568 5383 3788 5452 φάμαν,
