4080 6334
287 326 393 383 655

1162 325 1249 379 DE
1289 324 1876 381 ENGDSTRIMYTIIO
1913 324 2189 380 CONTRA
2235 323 2611 382 ORIGENEM.

3423 332 3528 385 655

277 466 426 514 στας
456 447 773 516 ἐπλήρωσε
806 444 1063 500 θανάτου
1109 450 1180 502 τὰ
1215 457 1439 503 πάντα·
1475 451 1571 504 καί
1602 450 1844 519 οὐρανοηὶ

1962 461 2126 506 morte
2149 452 2325 505 omnia
2346 452 2591 519 replevit;
2618 461 2667 504 et
2700 448 2884 502 coelum
2912 444 3117 515 quidem
3144 440 3406 513 tangebat,
3435 459 3528 513 pe-

275 543 394 615 μὲν
420 541 657 608 ἥπτετο,
680 541 925 606 βεϐήκει
953 541 1020 594 δὲ
1052 544 1149 596 ἐπὶ
1183 543 1312 613 τῆς.
1354 545 1415 598 Εἰ
1451 547 1625 599 τοίνυν
1647 549 1675 600 ό
1704 564 1859 617 μονο-

278 634 443 704 γενὴς
490 634 614 696 Υἱὸς
644 632 807 685 αὐτοῦ
839 633 930 687 τοῦ
975 634 1109 687 Θεοῦ
1149 637 1319 704 Λόγος
1351 640 1737 710 ἀναγορεύεται
1768 643 1861 694 καὶ

277 726 410 788 Θεὸς
434 722 671 795 ὁμοδόξῳ
707 724 938 794 συνοδίᾳ,
972 726 1039 778 δι’
1077 722 1138 780 οὗ
1180 729 1464 795 γεγόνασιν
1492 732 1730 800 ἄγγελοι,
1768 734 1856 786 ού-

278 820 454 889 ρανοὶ,
493 818 583 871 καὶ
618 819 710 887 γῆ,
734 821 826 873 καὶ
847 818 1101 883 θάλαττα,
1135 822 1226 873 καὶ
1256 820 1427 890 βυθοὶ,
1456 825 1548 876 καὶ
1576 826 1860 897 φωστῆρες

275 911 679 981 οὐρανοδρὸμοι,
718 913 810 964 καὶ
840 912 1136 984 συλλήϐδην
1172 915 1344 968 εἰπεῖν
1383 916 1569 970 ἅπασα
1601 918 1707 971 τῶν
1738 936 1860 987 γεν-

275 1003 455 1074 νητῶν
492 1006 523 1071 ἡ
557 1004 843 1067 σύστασις·
886 999 1038 1065 οὗτος
1069 1005 1124 1058 δὲ
1162 1007 1343 1079 δικαία
1373 1010 1549 1081 κρίσει
1600 1012 1860 1082 σωφρονί-

276 1095 386 1158 ζων
416 1095 661 1157 ἅπαντας
691 1096 875 1166 θρόνου
907 1098 1003 1167 μὲν
1030 1099 1319 1168 οὐρανόθεν
1350 1101 1530 1171 ἔχεται
1560 1104 1658 1173 τῆς
1688 1104 1855 1157 ἀϊδίου

277 1187 577 1271 βασιλείας,
615 1188 764 1260 ὀξείᾳ
812 1190 867 1243 δὲ
907 1195 1223 1260 τιμωρεῖται
1276 1192 1400 1265 δίκῃ
1442 1196 1566 1258 τοὺς
1611 1195 1853 1261 ἀδίκους’

274 1280 412 1333 ἀλλά
448 1281 553 1351 μὴν
585 1280 730 1350 ἔργῳ
774 1283 867 1335 καὶ
894 1284 1085 1354 πράξει
1109 1285 1511 1356 παντοδύναμος
1541 1286 1634 1351 ῶν,
1668 1288 1761 1340 ἆτε
1794 1287 1855 1359 δὴ

272 1370 406 1435 Θεὸς
447 1373 538 1425 καὶ
588 1374 723 1428 Θεοῦ
764 1374 961 1444 Λόγος,
1011 1376 1240 1443 ούρανοῦ
1284 1378 1379 1448 μὲν
1425 1380 1643 1448 ἥπτετο,
1694 1381 1853 1453 βεϐή-

272 1481 359 1518 κει
397 1464 454 1517 δὲ
493 1464 584 1517 ἐπὶ
614 1465 717 1535 γῆς
761 1467 817 1518 ὲν
857 1469 1067 1541 ταυτῷ·
1118 1468 1368 1539 θεότητος
1404 1472 1570 1541 ἀρετῇ
1616 1472 1853 1541 δηλονότι

273 1556 453 1610 πάντα
499 1556 697 1627 πληροῖ
742 1556 1045 1628 πανταχῶς.
1073 1559 1279 1612 Οὐκοῦν
1320 1562 1369 1613 εἰ
1410 1562 1664 1633 τοιαύτης
1703 1564 1851 1616 ὲπεί-

272 1646 474 1718 ληπται
519 1647 753 1715 φύσεως,
788 1647 1041 1700 ἀσεϐοῦσι
1078 1648 1175 1718 μὲν
1205 1651 1252 1701 οἱ
1288 1650 1592 1720 νομίζοντες
1628 1654 1854 1726 ἀϐουλία

271 1740 422 1810 τόπῳ
475 1739 569 1792 καὶ
624 1738 770 1810 ρητῷ
813 1756 918 1793 τινι
956 1741 1155 1810 χωρίου
1196 1744 1368 1812 μορίῳ
1417 1745 1851 1815 περιγράφεσθαι

1960 542 2113 595 dibus
2143 560 2260 596 vero
2292 542 2532 595 calcabat
2565 551 2759 594 terram
2803 539 2869 590 ⁸⁷.
2912 535 2969 590 Si
3000 536 3183 604 itaque
3218 535 3530 603 unigenitus

1960 637 2130 691 Filius
2162 636 2253 691 Dei
2286 636 2557 706 coaequale
2592 633 2766 705 ipsius
2804 630 3073 695 Verbum,
3115 644 3213 699 per
3240 628 3387 700 quod
3433 644 3529 685 an-

1958 727 2061 796 geli
2092 726 2219 781 facti
2248 736 2396 789 sunt,
2429 734 2483 782 et
2525 726 2646 781 coeli
2668 766 2683 789 ,
2717 732 2768 779 et
2802 730 2980 784 terra,
3007 727 3062 775 et
3099 736 3281 785 mare,
3314 728 3367 776 et
3404 735 3530 791 pro-

1960 818 2274 885 funditates,
2304 826 2357 874 et
2395 819 2682 873 luminaria
2716 833 2812 889 per
2840 815 3038 870 cmlum
3068 815 3327 881 errantia,
3359 823 3434 877 et,
3471 824 3530 870 ut

1961 928 2068 966 uno
2092 914 2258 967 verbo
2284 912 2483 976 dicam,
2517 927 2699 968 rerum
2722 909 2963 965 omnium
2992 914 3295 963 creatarum
3323 907 3529 964 consti-

1959 1005 2117 1067 tutio,
2155 1004 2296 1061 Deus
2330 1004 2683 1061 denuntiatur
2716 1024 2727 1057 :
2766 1003 2855 1057 hic
2884 1004 3035 1073 justo
3074 1001 3282 1073 judicio
3313 1002 3529 1057 coalitus

1958 1098 2211 1153 omnibus
2241 1106 2476 1155 mentem
2512 1100 2649 1154 dans
2680 1098 2958 1153 meliorem
2989 1098 3243 1151 thronum
3284 1094 3528 1165 perpetui

1958 1190 2109 1259 regni
2156 1190 2366 1245 obtinet
2394 1232 2407 1253 ,
2452 1200 2504 1245 et
2553 1189 2715 1246 celeri
2760 1189 3029 1245 sententia
3082 1190 3238 1259 punit
3270 1188 3523 1257 iiijustos.

1957 1281 2098 1347 Quin
2141 1297 2305 1351 opera
2361 1291 2415 1338 et
2459 1284 2710 1349 actione,
2753 1298 2876 1337 cum
2914 1284 2985 1336 sit
3036 1282 3377 1352 omnipotens
3403 1320 3419 1347 ,
3468 1290 3528 1335 ut

1957 1373 2097 1428 Deus
2126 1380 2179 1427 et
2211 1372 2304 1429 Dei
2345 1370 2606 1435 Verbum,
2640 1374 2839 1429 caelum
2888 1375 3179 1445 tangebat,
3230 1373 3527 1443 eodemque

1955 1476 2198 1535 tempore
2253 1467 2563 1521 ambulabat
2613 1467 2672 1521 in
2722 1467 2915 1533 terris,
2965 1466 3267 1522 divinitatis
3318 1466 3527 1521 scilicet

1955 1559 2195 1627 potentia
2246 1560 2428 1614 omnia
2484 1561 2717 1631 replens.
2756 1559 2897 1630 Ergo
2936 1561 2983 1617 si
3018 1562 3178 1616 talem
3211 1562 3408 1615 retinet
3435 1575 3526 1613 na-

1956 1655 2157 1713 turam,
2192 1650 2339 1719 impii
2371 1650 2589 1720 quidem
2626 1658 2753 1706 sunt
2783 1651 2875 1720 qui
2913 1649 3525 1707 inconsiderate'existi-

1954 1745 2106 1792 mant
2133 1738 2251 1793 loco
2282 1738 2495 1809 locique
2541 1740 2721 1810 aliqua
2766 1748 2918 1810 parte
2943 1739 3299 1795 determinata
3325 1738 3523 1795 divini-

273 1831 333 1883 τὺ
386 1830 559 1884 θεῖον⁸
617 1831 824 1902 ἀμαθίᾳ
879 1832 935 1883 δὲ
986 1831 1181 1901 μᾶλλον
1244 1834 1277 1904 ἢ
1325 1813 1598 1908 φρονήσει
1650 1813 1844 1911 κοσμία

1954 1834 2117 1884 tatem
2176 1830 2571 1886 circumscribi.
2635 1830 2700 1885 Et
2758 1832 3065 1904 ignorantia
3121 1833 3302 1902 potius
3358 1825 3521 1903 quam

272 1924 569 1994 φθέγγεται
595 1923 898 1995 προχείρως
936 1924 1232 1997 Ὠριγένης,
1265 1927 1345 1979 ὅτι
1380 1928 1652 1983 κατελθὼν
1678 1933 1758 1995 είς
1782 1932 1849 1985 τά

274 2016 559 2070 κατώτατα
602 2016 742 2086 μέρη
770 2016 865 2085 τῆς
902 2015 1003 2086 γῆς
1045 2019 1073 2069 ὁ
1104 2018 1351 2088 Χριστὸς,
1392 2019 1503 2074 ἀνω
1545 2025 1609 2091 τῇ
1660 2041 1849 2094 προαι-

275 2109 419 2179 ρέσει
451 2107 744 2178 διέτριϐενο
792 2107 852 2159 οὐ
886 2106 991 2179 γὰρ
1026 2106 1266 2178 ἐνόησεν,
1300 2110 1380 2163 ὃτι
1414 2111 1543 2176 Θεὸς
1571 2113 1646 2167 ὢν
1672 2111 1844 2181 οὗτος,

272 2202 409 2255 οὕτω
437 2201 554 2273 (15)
588 2200 865 2271 προθυμίᾳ
894 2199 1114 2272 γνώμης
1141 2202 1252 2255 ἀνω
1282 2203 1358 2274 τῷ
1381 2204 1553 2260 δοκεῖν
1582 2208 1846 2283 ἐπιθυμίᾳ

272 2294 473 2365 παρῆν,
523 2294 632 2363 ὅσῳ
679 2292 945 2362 θειότητος
979 2293 1224 2365 ἐνεργείᾳ
1276 2298 1387 2361 τοῖς
1423 2297 1622 2353 ἅπασιν
1657 2302 1731 2366 ὡς
1768 2304 1844 2359 ἔνι

273 2390 507 2461 μάλιστα
535 2390 713 2444 πάντα
744 2390 939 2462 πληροῖ
966 2390 1269 2461 πανταχῶς.

339 2594 456 2648 XX.
498 2596 656 2650 Ἀλλὰ
678 2596 900 2652 τοιαῦτα
925 2600 1021 2670 μὲν
1055 2601 1310 2673 ἁρμόττει
1342 2604 1467 2675 περὶ
1494 2605 1586 2659 τοῦ
1612 2604 1842 2679 Χριστοῦ

269 2685 508 2752 ὼξάζειν
534 2690 758 2753 ἐκεῖνον,
778 2690 835 2753 ὃς
858 2692 961 2745 ὑπὸ
982 2693 1230 2764 δαίμονος
1261 2694 1497 2767 ὁρίζεται
1516 2697 1691 2768 ψυχὰς
1717 2700 1845 2753 ἀνά-

269 2782 459 2851 γεσθαι
498 2784 856 2854 προφητικάςο
906 2785 939 2855 ἡ
978 2784 1033 2837 δὲ
1084 2785 1417 2857 πυθόμαντις
1460 2788 1535 2853 ὡς
1588 2790 1845 2845 ἐθεάσατο

268 2875 392 2937 τοὺς
416 2872 810 2946 ὁμογαστρίους
840 2876 975 2947 αὐτῇ
1008 2876 1281 2947 δαίμονας,
1311 2874 1397 2932 οία
1432 2880 1493 2952 δή
1537 2898 1688 2947 τινας
1712 2884 1842 2953 ὁμο-

268 2964 497 3028 κοιλίους
549 2964 807 3033 ἀδελφοὺς
859 2966 1155 3037 ὲτταίρουσα
1210 2968 1279 3020 τὰ
1333 2971 1641 3043 όμομήτρια
1689 2974 1841 3045 γένη,

268 3051 370 3123 βοᾷ
425 3052 599 3117 θεοὺς
639 3053 954 3121 ἑωρακέναι
1001 3055 1430 3125 ἀναϐαίνοντας
1462 3060 1530 3113 ἐκ
1572 3062 1680 3130 τῆς
1707 3061 1836 3133 γῆς.

1949 1929 2129 1977 mente
2176 1923 2451 1978 moderata
2483 1924 2882 1981 inconsiderate
2920 1924 3181 1996 Origenes
3237 1924 3479 1996 loquitur
3502 1966 3517 1990 ,

1947 2014 2136 2069 dicens
2165 2014 2463 2081 Christum,
2496 2017 2627 2072 dum
2656 2018 2723 2073 ad
2764 2018 2978 2075 inﬁmas
3004 2028 3163 2075 terrae
3190 2029 3372 2091 partes
3399 2036 3520 2090 per-

1947 2105 2203 2169 venisset,
2240 2107 2519 2162 voluntate
2570 2108 2823 2177 superius
2879 2118 3269 2165 commoratum
3324 2110 3514 2166 fuisse.

1945 2194 2064 2251 Non
2094 2197 2238 2252 enim
2269 2198 2531 2254 intellexit
2558 2200 2701 2270 quod
2724 2242 2738 2266 ,
2792 2216 2916 2256 cum
2972 2202 3019 2257 is
3057 2211 3199 2258 esset
3230 2202 3372 2258 Deus
3392 2246 3406 2267 ,
3438 2202 3518 2257 sic

1945 2289 2238 2344 voluntatis
2265 2288 2480 2355 aﬂ’ectu,
2512 2300 2569 2345 ut
2601 2291 2906 2357 videbatur,
2935 2302 2989 2347 et
3037 2294 3306 2349 desiderio
3352 2293 3518 2350 fuerit

1946 2382 2219 2451 superius,
2250 2384 2344 2453 qui
2377 2383 2681 2439 divinitatis
2710 2385 3024 2454 operatione
3056 2386 3310 2442 omnibus
3335 2385 3517 2441 omnia

1946 2473 2146 2543 ubique
2175 2484 2437 2545 quantum
2471 2475 2583 2531 ﬁeri
2608 2484 2787 2547 potest
2811 2478 3128 2549 compleret.

2017 2587 2131 2643 XX.
2154 2585 2258 2643 Sed
2283 2588 2646 2645 concedamus
2662 2588 2777 2645 hzee
2796 2590 2862 2646 de
2873 2590 3095 2648 Christo
3116 2592 3266 2646 illum
3288 2592 3514 2655 sentire,

1943 2681 2035 2752 qui
2052 2681 2435 2752 pr0phetarum
2459 2682 2667 2739 animas
2695 2698 2727 2737 a
2755 2683 2998 2741 daemone
3016 2686 3231 2741 evocari
3249 2685 3514 2742 decernit.

1943 2771 2319 2843 Pythomantis
2343 2780 2403 2827 ut
2434 2773 2537 2830 sibi
2567 2774 2775 2829 similes
2797 2785 2985 2831 ventre
3023 2776 3297 2832 daemones
3318 2778 3517 2831 intuita

1941 2872 2046 2928 est,
2078 2865 2243 2919 veluti
2277 2864 2544 2937 quosdam
2583 2882 2649 2921 ex
2681 2866 2869 2923 eodem
2899 2876 3089 2925 ventre
3119 2869 3318 2924 fratres
3340 2870 3515 2924 extol-

1942 2957 2059 3013 lens
2088 2958 2182 3029 qui
2227 2957 2297 3011 ab
2337 2956 2525 3012 eadem
2564 2965 2693 3013 sunt
2734 2959 2846 3012 nati
2875 2967 3080 3026 matre,
3124 2962 3354 3027 clamat,
3388 2961 3513 3015 deos

1942 3051 2269 3120 comperisse
2312 3051 2644 3105 ascendentes
2685 3068 2712 3103 ε
2746 3060 2887 3105 terra
2913 3052 2981 3106 ⁵⁸.
3019 3052 3091 3107 At
3120 3053 3530 3125 grandiloquum

279 3143 421 3195 Ἀλλ’
443 3146 471 3196 ό
502 3143 867 3216 μεγαληγόρος
890 3144 987 3197 οὐκ
1021 3145 1216 3201 ἔδεισεν
1247 3148 1521 3221 Ὠριγένης
1550 3152 1742 3215 εἰπεῖν,
1765 3154 1844 3207 ὅτι

1946 3144 2064 3214 ipse
2110 3140 2371 3213 Origenes
2412 3158 2522 3197 non
2572 3142 2842 3198 dubitavit
2890 3144 3073 3199 dicere
3111 3162 3125 3200 ι
3174 3143 3513 3202 Dazmonium

265 3235 325 3287 τὸ
351 3236 625 3305 δαιμόνιον
646 3236 766 3307 οὐχ).
781 3236 877 3308 τὴν
906 3236 998 3290 τοῦ
1020 3242 1295 3312 προφήτου
1316 3242 1474 3311 μόνον
1494 3244 1732 3314 ἀνήγαγε
1747 3245 1842 3315 ψυ-

266 3328 386 3401 χὴν,
422 3325 806 3402 ἀλλά-Μήτιγε
847 3330 944 3384 καὶ
978 3331 1130 3386 ἄλλαι
1176 3334 1689 3408 συναναδεὸήκασιν,
1714 3338 1839 3411 ἔφη.

266 3421 433 3492 ψυχαὶ
470 3423 761 3494 προφητῶν
788 3424 966 3493 amt;
1003 3425 1094 3496 Μὴ
1144 3425 1417 3497 κορεσθεὶς
1447 3428 1501 3481 δὲ
1528 3431 1591 3499 τῇ
1620 3430 1840 3502 τοιαύτῃ

266 3513 557 3584 παρανοίᾳ,
572 3515 803 3578 καὶτοὺς
825 3516 1086 3584 ἀγγέλους
1098 3517 1334 3589 ὡρίσατο
1351 3520 1840 3591 συναναϐεϐηκέναι

266 3609 377 3669 τοῖς
406 3605 708 3677 πνεύμασιν
742 3606 918 3660 αύτῶν
936 3625 949 3638 ·
979 3608 1165 3679 εἴρηκε
1197 3609 1324 3681 γὰρ,
1359 3611 1439 3663 ὃτι
1464 3612 1565 3683 τῆς
1592 3614 1697 3667 τῶν
1726 3614 1838 3668 δεο-

268 3698 445 3770 μένων
474 3700 633 3753 ἕνεκα
658 3701 927 3773 σωτηρίας
954 3702 1173 3755 ἀνίεσαν
1202 3702 1411 3757 ἐνθάδε·
1442 3706 1697 3775 μεγίστας
1724 3704 1836 3775 οὖν,

263 3790 337 3855 ὡς
359 3790 552 3855 ἔοικεν,
585 3792 857 3865 Ὠριγένης
880 3794 1099 3858 ἐλπίδας
1128 3794 1435 3849 ὑποτίθεται
1460 3800 1570 3861 τοῖς
1592 3799 1839 3867 ἀγγέλοις

265 3885 358 3940 καὶ
406 3887 727 3956 προφήταις,
766 3886 883 3957 ἢτοι
923 3887 1013 3939 καὶ
1038 3889 1200 3941 παντὶ
1240 3888 1316 3958 τῷ
1346 3888 1452 3942 τῶν
1484 3890 1653 3958 ἁγίων
1677 3893 1838 3962 ὁμόσε

266 3976 436 4050 χορῷ·
468 3974 679 4047 πρῶτον
702 3977 797 4047 μὲν
821 3979 1055 4047 εἰσάγων
1084 3980 1157 4043 ὡς
1185 3980 1288 4032 ύπὺ
1309 3980 1559 4050 δαίμονος
1593 3982 1838 4047 ἐξουσίαν

266 4067 418 4130 εἰσὶν,
456 4066 642 4120 ἔπειτα
669 4067 723 4120 δὲ
758 4068 996 4139 μηνύων,
1026 4070 1105 4122 ὅτι
1134 4069 1220 4122 διὰ
1254 4071 1505 4140 μαινάδος
1530 4073 1837 4144 ἀνήχθησαν

264 4159 494 4213 ἐνταῦθα
520 4159 772 4229 γυναικὸς
808 4161 1087 4233 ἰατρεῦσαι
1130 4163 1252 4225 τοὺς
1294 4164 1616 4233 πάσχοντας,
1648 4160 1733 4218 οἷα
1761 4166 1839 4219 δε-

266 4253 476 4323 σμῶται
509 4250 900 4322 προαχθέντες·
930 4252 1044 4305 οὔτι
1070 4252 1131 4321 γέ
1160 4270 1248 4324 μοι
1277 4254 1424 4308 δοκεῖ
1457 4259 1602 4326 μεῖον
1625 4258 1835 4329 ἐκείνης

263 4341 700 4413 ἀποφθέγγεσθαι
737 4344 1132 4415 φρενοϐλαϐῶς.
1172 4348 1350 4399 Ἔστω
1378 4348 1484 4419 γὰρ
1527 4348 1726 4414 οὕτως·
1761 4354 1836 4403 οἰ-

262 4438 440 4510 κτρῶς
473 4436 790 4506 ἕξεφαύλισε
834 4438 959 4501 τοὺς
1008 4438 1194 4506 ἁγίους
1234 4439 1448 4510 ἄνδρας,
1480 4441 1600 4494 οὐδὲ
1637 4442 1697 4495 τὸ
1727 4441 1833 4495 τῶν

262 4532 319 4583 οὐ
329 4530 635 4601 ρανοπετῶν
654 4529 897 4599 ἀγγέλων
918 4529 1156 4602 ⁴ᾐσχύνθη
1180 4532 1362 4603 τάγμα
1382 4532 1680 4587 διαλλαὸεῖν
1695 4534 1826 4602 (14)·
1861 4516 1906 4570 D

261 4622 292 4689 ἢ
327 4621 589 4675 δεικνύτω
617 4621 825 4693 τρανῶς
866 4623 893 4675 ό
930 4621 1005 4692 τῷ
1041 4622 1262 4693 τοιούτῳ
1299 4625 1680 4695 συνιστάμενος
1723 4627 1833 4698 ὅρῳ

263 4712 422 4765 πόθεν
450 4711 629 4765 λαὸὼν
660 4714 722 4764 ὲκ
749 4712 847 4783 τῆς
881 4711 982 4781 γῆς
1015 4712 1214 4782 ἔφησεν
1247 4713 1451 4766 ἀνιέναι
1476 4717 1600 4778 τοὺς
1638 4718 1694 4769 ὲν
1722 4718 1833 4781 τοῖς

262 4804 503 4875 οὐρανοῖς
537 4805 893 4875 ἑστιωμένους
922 4805 1209 4873 ἀγγέλους’
1247 4806 1306 4858 ού
1353 4806 1459 4879 γὰρ
1490 4801 1631 4860 οῦτοι
1673 4824 1832 4861 κατε-

262 4894 550 4967 ληλύθασιν
580 4898 659 4960 εἰς
688 4897 811 4969 ᾅδου
840 4897 1120 4969 λυτηρίους
1151 4898 1476 4969 ἐπαγόμενοι
1500 4903 1611 4962 τοῖς
1635 4902 1830 4971 αἰχμα-

262 4983 447 5051 λώτοις
482 4987 717 5056 ἀφέσεις,
742 4988 855 5042 ἀλλ’
876 4990 905 5041 ό
926 4989 1174 5060 Χριστὸς,
1204 4990 1389 5062 ἐπειδὴ
1419 4992 1511 5044 καὶ
1539 4994 1829 5064 νικηφόρον

263 5074 408 5142 οὗτος
452 5079 631 5150 ἵδρυσε
678 5080 817 5133 κατὰ
860 5081 952 5133 τοῦ
995 5081 1247 5153 πολεμίου
1292 5084 1568 5153 τρόπαιον,
1610 5083 1829 5147 καὶτὰς

262 5173 364 5227 τῶν
391 5171 749 5243 αἰχμαλώτων
777 5174 1095 5237 ἀποσπάσας
1121 5174 1267 5239 λείας
1297 5175 1442 5246 αὐτῷ
1467 5174 1674 5246 σώματι
1704 5194 1831 5247 μετ-

264 5265 461 5337 αρσίως
502 5263 727 5335 ἀνῆλθεν
773 5267 851 5329 είς
891 5266 1177 5337 οὐρανούς*
1231 5268 1448 5336 ἄγγελοι
1492 5268 1547 5321 δὲ
1592 5269 1669 5339 τῷ
1712 5268 1830 5340 Θεῷ

262 5356 603 5429 παρεστῶσιν
630 5358 905 5422 ἑκάστοτε,
931 5358 1028 5422 τὰς
1063 5359 1409 5430 ὀφειλομένας
1437 5360 1669 5414 ἐκτελεῖν
1692 5362 1833 5415 ἐπει-

263 5448 476 5518 γόμενοι
500 5449 769 5520 λατρείας,
804 5450 917 5505 ἀλλ’
933 5452 1051 5522 ούχὶ
1082 5450 1171 5505 τὸν
1196 5451 1327 5523 ᾅδην
1354 5453 1609 5508 οἰκοῦσιν.

362 5634 407 5665 ⁸⁷
443 5640 575 5704 sap.
616 5650 773 5700 xvm,
815 5633 1001 5690 14-16.
1055 5634 1101 5667 ⁸⁸
1128 5632 1159 5689 Ι
1187 5633 1311 5706 Reg.
1345 5650 1542 5703 xxvm,
1569 5634 1655 5691 15.

333 5824 439 5891 (l3)
474 5823 656 5879 Οὕτω.
687 5822 768 5878 An
805 5821 1078 5889 τοσούτῳς

1944 3251 2051 3291 non
2080 3244 2298 3290 tantum
2342 3236 2618 3306 propheta:
2648 3236 2880 3289 animam
2903 3235 3110 3302 eduxit,
3143 3236 3237 3293 sed
3260 3236 3430 3293 :Num
3458 3249 3514 3295 et

1943 3329 2061 3382 alia:
2086 3342 2190 3382 una
2220 3328 2381 3381 simul
2408 3326 2772 3382 ascenderunt
2813 3328 3009 3383 animae
3050 3337 3249 3384 sanctae
3275 3332 3512 3401 prophe-

1942 3424 2155 3477 tarum?
2180 3420 2351 3476 Porro
2375 3436 2497 3475 cum
2522 3421 2597 3474 illi
2639 3428 2787 3475 tanta
2811 3420 3081 3475 dementia
3111 3438 3218 3476 non
3248 3433 3394 3479 esset
3422 3438 3511 3499 sa-

1940 3517 2032 3580 tis,
2063 3515 2281 3586 angelos
2312 3514 2438 3569 item
2472 3512 2680 3568 deﬁniit
2708 3512 2869 3566 simul
2904 3515 3215 3570 ascendisse
3237 3530 3360 3569 cum
3391 3515 3511 3570 illo-

1940 3622 2061 3661 rum
2087 3607 2370 3678 spiritibus
2402 3622 2415 3660 :
2448 3604 2587 3661 dixit
2605 3604 2803 3675 quippe
2824 3606 3096 3676 egentium
3117 3607 3312 3663 salutis
3343 3622 3510 3664 causa

1940 3700 2069 3755 illuc
2114 3700 2416 3756 advenisse.
2464 3697 2671 3767 Itaque,
2706 3704 2766 3752 ut
2811 3706 3065 3767 apparet,
3119 3699 3354 3753 maxima
3412 3713 3511 3770 spe

1940 3793 2160 3863 angelos
2193 3801 2248 3848 et
2276 3792 2593 3863 prophetas,
2624 3799 2800 3845 totum
2825 3788 3060 3860 denique
3092 3800 3409 3846 sanctorum
3432 3792 3509 3848 si-

1938 3887 2051 3939 mul
2083 3886 2348 3950 chorum,
2383 3884 2613 3950 excitat;
2648 3884 2822 3954 primo
2871 3881 3005 3936 illud
3031 3882 3331 3937 decernens
3355 3924 3371 3949 ,
3412 3898 3509 3939 eos

1939 3979 2040 4033 sub
2093 3985 2354 4048 potestate
2403 3977 2667 4032 daemonis
2715 3992 2873 4044 esse;
2930 3975 3170 4031 secundo
3228 3990 3507 4046 exponens

1937 4070 2197 4124 maenadis
2232 4070 2476 4125 mulieris
2510 4083 2673 4139 opera
2705 4068 2835 4122 illuc
2860 4067 3106 4131 eductos,
3140 4067 3304 4122 veluti
3327 4068 3503 4137 capti-

1936 4176 2033 4216 vos
2063 4161 2386 4224 conductos,
2420 4172 2477 4215 ut
2521 4160 2895 4215 laborantibus
2928 4158 3294 4214 mederentur.
3325 4157 3506 4225 Quare

1935 4268 2045 4307 non
2068 4252 2247 4306 minus
2276 4267 2437 4321 quam
2469 4251 2556 4305 illa
2586 4260 2765 4306 mente
2810 4251 2971 4305 laesus
3024 4250 3311 4305 enuntiare
3350 4250 3503 4305 vlde-

1935 4352 2045 4399 tur.
2085 4342 2174 4398 Sic
2200 4345 2341 4397 enim
2372 4360 2429 4399 se
2479 4343 2675 4397 habet:
2711 4342 2911 4397 misere
2938 4341 3145 4397 sanctis
3190 4340 3503 4396 hominibus

1936 4436 2249 4502 insultavit;
2285 4434 2596 4505 angelorum
2631 4434 2758 4489 item
2783 4432 3029 4488 ordinem
3065 4432 3158 4502 qui
3188 4447 3284 4502 per
3304 4432 3502 4487 caelum

1933 4530 2151 4592 volant,
2204 4529 2344 4582 male
2378 4536 2610 4582 tractare
2649 4543 2756 4582 non
2799 4534 2883 4581 est
2910 4526 3137 4581 veritus.
3170 4524 3266 4580 Vel
3307 4525 3503 4581 saltem

1935 4630 2118 4691 aperte
2148 4621 2294 4675 dicat
2334 4622 2427 4691 qui
2474 4620 2796 4675 sententiam
2832 4618 2972 4674 hanc
3001 4618 3271 4684 defendit,
3326 4618 3502 4673 unde-

1934 4731 2058 4769 nam
2095 4715 2302 4776 habuit,
2345 4728 2376 4768 e
2411 4721 2556 4768 terra
2585 4714 2804 4784 angelos
2834 4712 2890 4767 in
2920 4713 3073 4769 caelis
3098 4719 3499 4770 commorantes

1933 4808 2246 4864 ascendere.
2271 4806 2454 4878 Neque
2483 4808 2626 4862 enim
2652 4807 2707 4861 hi
2724 4806 3121 4863 descenderunt
3149 4807 3202 4860 in
3225 4805 3498 4861 infernum

1934 4918 2117 4958 secum
2140 4901 2479 4958 liberatrices
2500 4900 2733 4957 ferentes
2771 4901 3003 4971 captivis
3023 4899 3373 4966 emissiones;
3400 4899 3498 4954 sed

1931 4996 2206 5060 Christus,
2237 4996 2331 5064 qui
2377 5011 2443 5050 ex
2501 4996 2658 5050 hoste
2708 5004 2923 5064 raptum
2953 4992 3127 5071 victor
3176 4991 3280 5046 sibi
3324 4989 3498 5046 erexit

1932 5096 2216 5160 tropaeum,
2247 5096 2299 5143 et
2333 5088 2668 5157 captivorum
2706 5086 2887 5157 praeda
2930 5094 3082 5156 parta
3108 5100 3337 5156 corpore
3378 5085 3496 5154 ipso

1934 5180 2002 5235 ad
2030 5179 2199 5235 cmlos
2232 5178 2481 5235 sublimis
2514 5179 2778 5234 ascendit.
2822 5177 3021 5233 Verum
3051 5178 3228 5249 angeli
3265 5176 3374 5233 Deo
3404 5177 3497 5248 ju-

1933 5269 2073 5339 giter
2104 5278 2397 5340 prmsentes
2429 5268 2607 5325 cultus
2636 5268 2849 5325 debitos
2876 5268 3184 5339 persolvere
3205 5274 3497 5334 conantur.

1933 5378 2035 5418 nec
2058 5362 2262 5418 inferos
2282 5361 2549 5416 habitant.

1998 5816 2111 5888 (14)
2144 5817 2509 5875 Διαλλαϐεῖν.
2538 5814 2701 5876 Forte
2728 5814 3051 5875 διαϐάλλειν.
