4080 6334
573 299 682 359 655
1175 260 1184 271 ἢ
1546 289 1603 343 S.
1648 288 2014 344 EUSTATHII
2054 287 2359 346 EPISCOPI
2396 288 2808 346 ANTIOCHENI
3709 302 3816 359 εδδ

649 414 790 474 X-Xl.
833 412 936 469 Sed
969 410 1250 483 Origenes,
1289 421 1348 467 ut
1373 412 1604 476 videtur,
1640 412 1752 466 haec
1789 427 1846 467 se
1877 427 1982 466 non
2022 427 2144 482 per-
2173 429 2214 486 Α

2205 459 2214 486 γ
2317 413 2454 468 XXI.
2485 413 2641 477 Ἀλλ’,
2683 415 2758 477 ὡς
2798 413 2990 481 ἔοικεν,
3032 414 3307 488 Ὠριγένης
3351 418 3696 490 ὑποκρίνεται
3737 423 3816 494 μὴ

573 515 754 581 cipere
811 507 1062 570 simulat,
1116 512 1176 559 ut
1224 506 1631 575 superstitiosas
1663 506 1895 561 inculcet
1929 505 2140 576 praesti-

2243 506 2399 568 νοεῖν,
2431 505 2517 557 ῖνα
2547 504 2909 576 δεισιδαίμονα
2949 509 3340 584 παρασκευάσῃ
3378 513 3667 581 μαντείαν·
3696 511 3817 569 εἶτα

571 606 707 675 gius.
739 599 1025 662 Praeterea,
1061 597 1152 667 qui
1185 596 1367 651 omnia
1418 595 1712 666 Scripturae
1748 597 1911 652 verba
1943 597 2142 666 allego-

2241 597 2420 660 πάσας
2448 598 2811 670 ἀλληγορῆσαι
2840 599 2935 662 τὰς
2967 600 3185 670 Γραφάς
3207 602 3535 674 ἐγχειρίσας,
3560 606 3656 658 οὐκ
3689 609 3817 678 ἐρυ-

573 697 670 749 riis
695 705 963 762 exponere
991 705 1157 745 ausus
1186 698 1290 754 est,
1327 689 1430 744 hoc
1468 689 1646 744 solum
1677 687 2000 744 ad'litteram
2025 699 2137 743 tra-

2241 690 2364 764 θριᾷ
2397 690 2550 744 τοῦτο
2573 692 2730 762 μόνον
2761 694 2852 746 ἐπὶ
2890 692 2982 748 τοῦ
3005 694 3326 767 γράμματος
3351 696 3683 766 ἐκδέχεσθαι,
3727 699 3817 753 θε-

571 785 699 840 dere
732 799 840 838 non
872 782 1146 837 erubescit
1169 821 1184 846 ,
1219 796 1316 851 per
1345 780 1746 836 simulationem
1796 791 1850 836 et
1883 781 2047 836 veluti
2075 797 2139 836 ex

2240 783 2445 848 σπίζων
2493 784 2794 856 ὑποκρίσει,
2823 786 2998 840 καίτοι
3045 787 3166 859 μηδ’
3201 787 3348 858 αὐτῷ
3394 789 3605 860 σώματι
3645 808 3813 863 προσ-

571 877 794 932 oraculo
823 873 1214 937 determinans,
1241 887 1339 928 nec
1373 873 1535 928 etiam
1565 872 1630 928 de
1654 874 1773 944 ipso
1794 888 2021 944 corpore
2056 890 2139 929 re-

2238 875 2376 948 έχων
2406 877 2788 948 εὐγνωμόνως·
2816 878 2954 932 ἀλλὰ
2982 878 3044 950 δὴ
3079 880 3206 951 περ)⁸
3233 880 3322 933 τοῦ
3353 882 3680 951 παραδείσου
3705 885 3810 938 διαν

571 981 656 1028 cte
683 969 957 1040 judicans.
987 964 1242 1032 Quinimo
1288 963 1356 1019 de
1399 965 1653 1036 paradiso
1707 981 1866 1036 quem
1911 966 2052 1022 Deus
2083 971 2137 1023 in

2237 968 2524 1040 λεγόμενος
2561 969 2620 1023 ὃν
2658 970 2948 1040 ἐφύτευσεν
2997 972 3025 1023 ὁ
3065 971 3196 1035 Θεὸς
3241 973 3298 1026 ἐν
3336 973 3521 1043 Ἐδέμ,
3555 969 3672 1027 εἶτα
3717 977 3811 1029 καὶ

569 1062 739 1117 Edem
770 1062 1109 1132 plantaverat
1130 1059 1175 1090 ⁵⁸
1201 1057 1365 1113 verba
1389 1057 1616 1123 faciens,
1639 1073 1740 1114 nec
1771 1074 1879 1113 non
1911 1073 2016 1129 qua
2050 1074 2137 1112 ra-

2242 1061 2355 1115 τίνα
2375 1061 2571 1133 τρόπον
2597 1061 2894 1127 ἐξανέτειλε
2921 1063 2990 1116 τὰ
3015 1064 3337 1136 καρποφόρα
3363 1064 3492 1129 ξύλα
3511 1065 3812 1136 διηγεῖσθαι
3843 1124 3853 1132 _

565 1157 717 1212 tione
747 1157 891 1227 ligna
925 1151 1204 1208 fructifera
1227 1152 1596 1223 germinarunt
1617 1167 1871 1208 enarrare
1898 1162 2132 1218 tentans,

2238 1153 2574 1225 βουλόμενος,
2609 1155 2843 1228 ἐπέφερε
2869 1155 3004 1228 πρὸς
3041 1159 3152 1220 τοῖς
3198 1157 3374 1221 ἄλλοις
3395 1174 3408 1187 ·
3456 1159 3628 1212 Ὅταν
3663 1159 3812 1214 ἀνα-

568 1257 711 1305 inter
738 1249 841 1303 alia
884 1247 1068 1304 subdit
1096 1265 1108 1299 :
1141 1244 1273 1300 Cum
1319 1245 1574 1316 legentes,
1603 1246 1818 1317 inquit,
1862 1263 1894 1301 a
1941 1247 2135 1316 fabulis

2235 1246 2628 1316 γινώσκοντες
2672 1249 3066 1317 ἀναϐαίνομεν
3103 1249 3221 1304 ἀπὸ
3257 1249 3375 1304 τῶν
3406 1252 3628 1320 μύθων,
3678 1251 3806 1324 ἐφη,

567 1343 798 1412 serieque
851 1355 968 1410 quae
1025 1336 1308 1393 secundum
1365 1338 1597 1393 litteram
1647 1349 1723 1394 est
1770 1339 1939 1409 gradu
1993 1340 2135 1409 facto

2235 1336 2468 1405 καὶτῆς
2505 1338 2654 1392 κατὰ
2693 1339 2758 1392 τὸ
2803 1337 3033 1408 γράμμα
3069 1339 3344 1409 ἐκδοχῆς,
3381 1340 3636 1411 ζητῶμεν
3672 1344 3809 1397 τινα

569 1434 922 1498 ascendimus,
954 1449 1195 1504 quaenam
1247 1432 1345 1486 illa
1392 1432 1534 1502 ligna
1561 1433 1664 1486 sint
1693 1449 1811 1503 quia
1841 1432 1980 1486 Deus
2010 1435 2133 1488 colit

2233 1428 2306 1482 τὰ
2337 1428 2510 1494 ξύλα,
2546 1429 2726 1501 φησὶν,
2779 1430 2950 1484 ἐστὶν
2978 1431 3176 1485 ἐκεῖνα
3215 1431 3254 1486 ἂ
3294 1435 3327 1486 ό
3361 1431 3504 1500 Θεὸς
3530 1433 3805 1505 γεωργεῖ·

566 1528 886 1599 quwrimus:
915 1525 1134 1580 dicimus
1157 1525 1212 1579 in
1243 1541 1302 1580 eo
1332 1523 1444 1579 loco
1478 1525 1618 1595 ligna
1643 1541 1758 1596 qua?
1785 1541 1939 1580 sensu
1968 1527 2133 1595 accipi

2232 1520 2506 1590 λέγομεν,
2533 1521 2622 1575 ὅτι
2643 1524 2754 1576 οὐκ
2792 1523 2884 1577 ἔνι
2929 1525 3187 1592 αἰσθητὰ
3219 1525 3375 1590 ξύλα
3403 1527 3472 1580 ὲν
3511 1526 3590 1593 τῷ
3621 1529 3805 1598 τόπῳ.

566 1630 803 1690 possunt,
840 1636 943 1674 non
972 1619 1208 1688 reperiri.
1262 1616 1388 1673 Haec
1440 1633 1563 1673 cum
1598 1633 1694 1688 per
1725 1619 2132 1674 translationem

2234 1615 2415 1670 Ταῦτα
2450 1616 2505 1669 δὲ
2541 1616 2604 1688 δὴ
2650 1617 2988 1688 τροπολογῶν
3015 1618 3074 1672 οὐ
3110 1620 3319 1690 φρίττει
3351 1622 3578 1690 μύθους
3605 1623 3807 1694 ὀνομά-

567 1722 822 1784 exponat,
853 1727 963 1768 non
1023 1712 1207 1766 horret
1261 1710 1473 1780 fabulas
1516 1710 1785 1780 appellare
1825 1726 1946 1780 qua:
1989 1709 2131 1766 Deus

2233 1706 2344 1772 ζειν
2376 1709 2474 1763 ὅσα
2504 1709 3022 1783 δεδημιουργηκὲναι
3055 1712 3151 1783 μὲν
3187 1714 3477 1784 ἱστορεῖται
3507 1714 3659 1782 Θεὸς,
3689 1721 3717 1770 ὁ
3749 1719 3806 1772 δὲ

566 1816 751 1864 creata
781 1806 1075 1878 perfecisse
1093 1805 1346 1871 traditur,
1371 1803 1777 1874 fidissimusque
1792 1804 1912 1874 ejus
1943 1819 2132 1860 servus
2166 1791 2177 1846 ¹

2195 1794 2206 1845 ἶ
2235 1800 2547 1864 πιστότατος
2578 1801 2669 1856 τοῦ
2701 1802 2834 1856 Θεοῦ
2870 1803 3120 1876 θεράπων
3155 1804 3360 1878 ἔγραψε
3387 1808 3626 1878 Μωῦσῆς
3645 1827 3659 1839 ο
3688 1810 3806 1863 ἀλλ’

568 1897 779 1970 Moyses
829 1898 1048 1968 scriptis
1099 1895 1461 1966 consignavit.
1508 1893 1575 1948 Et
1623 1911 1690 1950 ex
1730 1897 2013 1966 opposito,
2067 1912 2132 1952 ea

2235 1895 2298 1946 ἐκ
2324 1892 2431 1947 τῶν
2457 1895 2729 1959 ἐναντίων,
2761 1896 2902 1969 άπερ
2929 1899 2957 1950 ὁ
2991 1897 3157 1968 μῦθος
3189 1901 3246 1952 ἐν
3277 1901 3470 1972 γαστρὶ
3509 1900 3809 1972 πλαττόμε-

567 2005 688 2060 qua:
725 1988 904 2043 fabula
933 1989 987 2042 in
1019 1995 1206 2043 ventre
1223 1986 1430 2056 efﬁngit
1459 1995 1512 2040 et
1535 1986 1766 2041 obscure
1799 1988 2037 2052 insonat,
2069 2003 2132 2042 ac

2233 2002 2322 2049 νος
2354 1986 2572 2055 ἀφανῶς
2612 1989 2829 2059 ὑπηχεῖ,
2873 1988 3045 2044 ταῦτα
3084 1991 3395 2064 δογματικῷ
3437 1993 3641 2063 βεϐαιοῖ
3671 2015 3809 2068 προ-

565 2086 612 2139 si
640 2083 893 2154 dogmata
925 2089 1142 2148 essent,
1175 2088 1572 2151 programmate
1604 2080 1833 2145 stabilit,
1862 2095 1990 2136 vera
2013 2095 2134 2137 esse

2233 2077 2538 2149 γράμματι,
2565 2079 2819 2134 δεικνύων
2845 2081 3037 2153 ἀληθῆ.
3070 2083 3150 2137 Τὰ
3178 2083 3277 2155 μέν
3309 2102 3371 2153 γε
3392 2086 3492 2156 τῆς
3517 2090 3807 2160 ἐγγαστρι-

566 2175 970 2232 demonstrans.
1025 2172 1092 2227 Et
1155 2172 1317 2227 verba
1365 2169 1788 2243 Engastrimythi
1838 2187 1869 2226 a
1927 2170 2132 2244 Spiritu

2237 2170 2403 2241 μύθου
2435 2174 2652 2243 ῥήματα
2671 2172 2759 2226 διὰ
2786 2173 2878 2226 τοῦ
2903 2174 3057 2243 ἁγίου
3079 2177 3392 2248 Πνεῦματος
3416 2181 3665 2251 εἰρῆσθαι
3691 2199 3809 2236 συν-

565 2278 756 2326 sancto
773 2268 974 2324 dictata
1002 2265 1359 2325 contendens,
1381 2278 1464 2329 ea,
1491 2271 1550 2317 ut
1579 2263 1681 2319 sibi
1708 2265 1941 2330 videtur,
1965 2265 2133 2322 ascri-

2237 2263 2416 2328 ιστῶν,
2471 2264 2740 2318 ἀσάλευτα
2787 2267 2964 2336 μένειν
3008 2267 3147 2333 ἀξιοί
3186 2273 3253 2342 τῇ
3301 2271 3488 2344 Γραφῇ
3524 2273 3586 2326 τὸ
3629 2274 3804 2328 δοκεῖν

565 2358 702 2416 bens
719 2362 1023 2429 scriptum,
1046 2358 1159 2412 vult
1183 2357 1403 2410 immota
1424 2371 1769 2426 permanere;
1787 2357 1988 2413 divinis
2003 2373 2132 2414 vero

2233 2354 2450 2418 ἀναθείς
2464 2373 2477 2386 °
2507 2355 2644 2410 αὐτὰ
2665 2357 2720 2410 δέ
2743 2358 2809 2410 τὰ
2829 2357 2923 2412 τοῦ
2950 2359 3083 2413 Θεοῦ
3113 2360 3202 2415 διὰ
3223 2363 3497 2428 Μωῦσέως
3517 2365 3802 2420 ἐκδοθέντα

567 2452 806 2507 oraculis
827 2467 856 2504 a
875 2449 1056 2521 Moyse
1073 2448 1283 2503 traditis
1299 2446 1599 2517 fabularum
1617 2448 1837 2504 nomine
1860 2449 2131 2522 insignitis

2235 2446 2372 2518 μηνύ
2381 2465 2522 2518 ματα
2530 2449 2758 2517 μύθους
2775 2451 3063 2522 ὀνομάσας,
3083 2453 3436 2508 ἐνδιαλλάττει
3457 2457 3552 2527 τὴν
3574 2458 3799 2523 ἔννοιαν,

565 2561 786 2602 sensum
813 2541 1064 2607 invertit,
1106 2541 1405 2611 litteraeque
1453 2541 1735 2597 traditioni
1778 2558 1890 2599 non
1930 2545 2044 2600 vult
2073 2553 2131 2599 ut

2229 2539 2289 2590 οὐ
2323 2537 2542 2593 δικαιῶν
2574 2538 2829 2610 ἐμμένειν
2859 2545 2922 2612 τῇ
2946 2542 3039 2595 τοῦ
3069 2544 3392 2615 γράμματος
3418 2547 3628 2619 ἐκδοχῇ.
3661 2549 3800 2602 Ἀλλ’

564 2639 687 2708 quis
721 2638 959 2692 animum
1009 2633 1271 2689 intendat.
1311 2631 1502 2689 Nonne
1559 2633 1688 2690 item
1737 2635 1804 2690 ab
1855 2636 2128 2691 Abraham

2229 2629 2348 2700 οὐχὶ
2385 2627 2454 2681 τὰ
2495 2629 2602 2682 ὑπὸ
2637 2629 2728 2683 τοῦ
2765 2630 3014 2704 Ἀϐραὰμ
3049 2634 3404 2708 ὀρωρυγμένα
3447 2639 3675 2710 φρέατα,
3706 2643 3801 2694 καὶ¹

564 2740 758 2804 puteos
783 2730 1011 2786 effossos
1027 2730 1093 2794 ⁸ο,
1113 2730 1326 2801 aliaque
1355 2729 1422 2784 ad
1451 2743 1546 2785 eos
1567 2730 1909 2800 pertinentia,
1928 2730 2129 2800 allego-

2227 2723 2335 2776 τῶν
2362 2721 2470 2796 (i5)
2497 2724 2634 2795 ἀμφ’
2657 2725 2836 2778 αὐτῶν
2868 2726 3185 2800 ἀλληγορεῖ,
3239 2733 3332 2784 καὶ
3368 2733 3614 2786 τοσοῦτον
3660 2735 3800 2787 ἀπο-

563 2826 663 2882 riis
691 2825 933 2895 exponit,
975 2830 1233 2893 tantaque
1272 2837 1585 2878 sermonum
1620 2821 1775 2892 copia
1815 2822 1872 2875 in
1902 2822 2129 2877 immen-

2229 2811 2406 2876 τείνας
2437 2812 2590 2882 λόγου
2629 2812 2815 2883 ἐσμὸν,
2850 2815 3065 2870 ἅπασαν
3104 2817 3239 2889 ὁμοῦ
3281 2819 3378 2892 τήν
3421 2822 3800 2892 πραγματείαν

564 2932 684 2974 sum
710 2921 981 2985 protracta
1012 2929 1174 2968 omne
1217 2913 1284 2969 de
1315 2913 1424 2968 illis
1470 2914 1744 2982 negotium
1788 2910 2128 2965 disterminat

2228 2907 2403 2961 αὐτῶν
2428 2908 2658 2979 ἀναιρεῖ,
2692 2909 2941 2980 μεταθεὶς
2967 2913 3046 2975 εἰς
3091 2913 3274 2984 ἕτερον
3303 2914 3445 2979 νοῦν,
3483 2916 3658 2968 καίτοι
3686 2916 3800 2971 τῶν

563 3009 620 3064 in
646 3009 806 3064 aliam
831 3006 1154 3063 sententiam
1183 3005 1528 3069 translatum,
1563 3003 1689 3060 licet
1721 3003 1785 3057 ad
1814 3003 1927 3057 haec
1959 3017 2128 3074 usque

2229 2999 2474 3071 φρεάτων
2515 2999 2606 3054 ἐπὶ
2648 2999 2829 3073 χώρας
2869 3001 2949 3056 ἔτι
2989 3002 3084 3057 καὶ
3129 3002 3222 3058 νῦν
3260 3005 3378 3075 ὄψει
3424 3008 3798 3078 φαινομένωνς

561 3109 809 3172 tempora
842 3099 898 3154 in
928 3099 1149 3171 regione
1169 3099 1260 3152 illa
1289 3099 1462 3154 oculis
1487 3096 1664 3152 adhuc
1683 3095 2128 3168 conspiciantur?
2152 3148 2172 3206 (

2187 3149 2193 3169 ,
2229 3093 2363 3162 Οὐχὶ
2393 3092 2462 3147 τὰ
2486 3091 2579 3146 τοῦ
2621 3092 2805 3147 Ἰσαὰκ
2835 3095 2929 3148 καὶ
2961 3095 3026 3148 τὰ
3052 3095 3150 3166 τῆς
3187 3097 3476 3162 Ῥεϐέκκας
3508 3101 3798 3172 ἐτροπολό-

561 3193 751 3249 Nonne
795 3191 946 3248 Isaac
988 3199 1043 3246 et
1071 3189 1328 3246 Rebeccae
1359 3206 1448 3246 res
1481 3197 1662 3261 gestas
1689 3189 1731 3220 “
1782 3189 2087 3244 immutavit
2107 3231 2122 3256 ,
2153 3186 2172 3206 ‘

2187 3186 2194 3205 '
2226 3202 2360 3256 γησε
2389 3186 2706 3258 πράγματα,
2742 3186 2811 3239 τὰ
2851 3187 2951 3257 μὲν
2981 3186 3172 3241 ἐνώτια
3219 3189 3314 3242 καὶ
3357 3189 3549 3260 ψέλλια
3575 3193 3798 3262 λόγους

562 3289 782 3342 inaures
808 3293 860 3340 et
893 3283 1130 3338 armillas
1165 3299 1425 3336 sermones
1456 3296 1577 3336 esse
1603 3296 1789 3334 aureos
1813 3279 2000 3336 dicens
2019 3319 2034 3345 ,
2071 3287 2125 3336 et

2223 3275 2362 3332 εἶναι
2387 3279 2654 3348 χρυσοῦς
2681 3277 2935 3352 εἰρηκὼς,
2965 3280 3178 3334 ἃπασαν
3211 3281 3268 3335 δέ
3296 3281 3396 3353 τὴν
3423 3283 3678 3339 ὑπόθεσιν
3707 3288 3798 3340 ἐκ-

545 3378 878 3433 .universum
915 3374 1148 3445 denique
1197 3380 1573 3445 argumentum
1633 3388 1730 3443 per
1773 3373 1882 3429 vim
1924 3372 2126 3428 distor-

2224 3369 2567 3441 6ιασάμενος,
2599 3369 2812 3440 ἐκείνην
2839 3368 2931 3422 ἐπὶ
2957 3368 3050 3422 τοῦ
3090 3369 3279 3441 νοητοῦ
3309 3373 3639 3443 παραλαϐὼν
3669 3378 3794 3428 ἐσυ-

561 3478 699 3536 tum,
733 3470 800 3524 ad
825 3485 888 3524 ea
926 3483 1046 3538 qua:
1071 3469 1252 3522 animo
1282 3477 1581 3521 cernuntur
1605 3475 1657 3522 et
1685 3466 1897 3521 ratione
1931 3465 2124 3522 intelli-

2223 3460 2563 3531 κοφάντησε;
2607 3458 2741 3532 Περὶ
2781 3458 2837 3513 δέ
2872 3476 2934 3528 γε
2972 3459 3064 3512 τοῦ
3113 3460 3348 3514 πολύτλα
3390 3463 3794 3536 προσομιλήσας

561 3574 763 3636 guntur
783 3562 1113 3626 traductum,
1139 3560 1574 3616 cavillationibus
1593 3559 1930 3630 deturpavit?
1954 3557 2121 3615 Porro

2235 3551 2375 3619 Ἰὼϐ,
2417 3553 2538 3607 ἀντὶ
2583 3549 2676 3604 τοῦ
2721 3550 2994 3623 θαυμάσαι
3033 3551 3132 3622 τὴν
3174 3553 3467 3625 ὑπομονὴν,
3513 3555 3793 3611 ἐπαινέσαι

560 3655 628 3709 de
679 3653 781 3708 Job
822 3652 914 3722 qui
971 3653 1143 3706 multa
1201 3667 1399 3723 passus
1455 3659 1540 3708 est
1596 3652 1640 3684 ⁶¹
1704 3652 2121 3708 commentarios

2221 3643 2345 3708 τοὺς
2377 3643 2588 3709 πόνους,
2623 3643 2939 3716 εὐφημῆσαι
2971 3643 3068 3715 τὴν
3103 3645 3399 3715 ἀριστείαν,
3435 3647 3792 3715 ἀποδέξασθαι

559 3747 759 3809 edens,
810 3761 918 3800 non
980 3745 1280 3799 admiratur
1324 3745 1696 3811 tolerantiam,
1758 3761 1863 3800 non
1913 3744 2122 3800 extollit

2220 3735 2316 3808 τὴν
2342 3735 2543 3801 πίστιν,
2574 3736 2842 3806 ἐκφράσαι
2886 3734 2954 3790 τὰ
2981 3737 3078 3809 τῆς
3114 3738 3546 3810 καρτερσψυχίας
3575 3741 3793 3796 ὑποδεί-

559 3837 796 3900 labores,
827 3851 936 3891 non
965 3835 1309 3890 commendat
1337 3836 1628 3900 virtutem,
1668 3851 1777 3891 non
1824 3838 2016 3906 probat
2055 3836 2120 3890 ti-

2219 3845 2423 3898 γματα,
2458 3827 2861 3900 προτρέψασθαι
2886 3826 2974 3881 διὰ
3003 3828 3189 3883 τούτου
3217 3831 3339 3894 τοὺς
3374 3831 3686 3896 νεολέκτους
3713 3837 3791 3898 εἰς

559 3927 702 3993 dem,
727 3943 836 3983 non
867 3926 1200 3982 fortitudinis
1229 3927 1393 3980 animi
1427 3929 1669 3998 exempla
1693 3928 1972 3990 describit,
2009 3943 2116 3981 non

2219 3917 2418 3990 ἀρετὴν
2445 3917 2671 3988 εὐψυχίᾳ
2709 3917 2803 3970 καὶ
2849 3915 3009 3992 ῥώμῃ
3050 3921 3381 3993 φρονήσεως,
3417 3922 3634 3977 ὁπλίσαι
3663 3927 3793 3990 τοὺς

558 4023 766 4077 tirones
797 4021 996 4076 milites
1037 4019 1410 4091 magnitudine
1451 4021 1618 4076 animi
1665 4021 1955 4092 vigoreque
1989 4037 2120 4090 pru-

2218 4010 2518 4078 ἀγωνιστάς
2550 4010 2807 4082 ἀνδρείως
2834 4010 2974 4084 ὑπὲρ
2999 4012 3099 4084 τῆς
3126 4013 3403 4081 εὐσεϐείας
3433 4017 3632 4083 ἀθλεῖν,
3659 4019 3794 4089 ἀφέρ

559 4111 753 4165 dentiaa
777 4110 844 4165 ad
870 4110 1120 4165 virtutem
1154 4107 1431 4176 hortatur,
1479 4123 1588 4164 non
1620 4119 1794 4163 armat
1823 4117 2117 4166 certatores

2219 4118 2376 4173 μενος
2409 4101 2636 4168 ἐκείνου,
2665 4101 2952 4175 μετεώρως
2988 4106 3067 4168 εἰς
3112 4106 3181 4160 τά
3214 4104 3320 4161 τῶν
3360 4107 3670 4182 θυγατέρων
3697 4113 3792 4184 όρ-

533 4210 618 4272 ιιῑ
660 4200 872 4256 fortiter
921 4215 1020 4272 pro
1072 4201 1268 4270 pietate
1307 4209 1575 4274 pugnent;
1636 4203 1728 4257 sed
1775 4201 1887 4257 haec
1933 4204 2116 4258 omnia

2220 4194 2396 4265 μήσας
2427 4193 2663 4265 ὀνόματα
2713 4195 3002 4267 κατετρίὸη
3046 4196 3326 4268 γραιωδῶς.
3365 4199 3501 4253 Ἀλλ’
3554 4195 3642 4256 οἷα
3690 4205 3790 4274 μὲν

558 4302 974 4362 praetergressus
995 4291 1211 4348 sublimi
1240 4292 1452 4348 dicendi
1485 4293 1644 4348 modo
1678 4293 1906 4347 filiarum
1940 4294 2116 4349 nomi-

2216 4286 2552 4359 ἐφλυάρησεν
2585 4288 2664 4350 είς
2693 4287 2754 4341 τὸ
2781 4287 2892 4356 τῆς
2919 4287 3160 4358 Ἡμέρας
3191 4289 3358 4361 ὄνομα
3381 4292 3645 4366 ὁρμήσας,
3694 4298 3788 4350 καὶ

558 4385 720 4440 nibus
750 4385 1086 4455 exponendis
1123 4385 1339 4440 aniliter
1385 4387 1551 4440 multa
1584 4401 1716 4441 sane
1756 4387 2111 4455 consumpsit.

2213 4379 2488 4444 Κασσίας
2517 4379 2656 4450 ήτοι,
2705 4381 2798 4434 καὶ
2835 4379 2898 4434 τὸ
2930 4380 3040 4450 τῆς
3074 4382 3408 4452 Ἀμαλθείας
3439 4384 3634 4454 κέρας,
3664 4391 3786 4444 οὐδὲ

555 4474 754 4530 Verum
785 4491 904 4547 qua:
922 4478 988 4533 de
1014 4475 1133 4532 Diei
1159 4477 1397 4541 nomine,
1423 4485 1477 4532 et
1501 4477 1702 4532 Cassia:
1729 4483 1890 4547 atque
1909 4476 2116 4532 Cornu~
2147 4493 2166 4548 ι

2170 4467 2391 4546 )λέγειν
2420 4465 2529 4524 οἶόν
2561 4487 2649 4522 τεο
2686 4470 2881 4543 χλεύης
2917 4471 3025 4544 γάρ
3065 4473 3179 4526 ἐστι
3220 4477 3480 4540 παντοίας
3518 4481 3781 4538 ἀνάπλεα.

555 4567 716 4638 capite
753 4576 985 4640 nugatus
1037 4577 1142 4634 est,
1175 4569 1264 4624 hic
1291 4585 1714 4626 commemorare
1742 4569 1959 4626 difficile
1987 4579 2072 4627 est
2097 4587 2112 4636 ;

2216 4563 2350 4635 Περὶ
2373 4562 2430 4616 δέ
2459 4562 2552 4616 τοῦ
2576 4561 2827 4634 Λαζάρου
2863 4564 3056 4636 γράφω
3086 4565 3217 4637 (16).
3257 4566 3399 4624 Ἀντὶ
3443 4572 3537 4625 τοῦ
3565 4573 3784 4639 δοξάσαι

556 4659 842 4728 multiplici
873 4675 1108 4730 namque
1139 4669 1350 4717 scatent
1372 4661 1640 4716 futilitate.
1671 4661 1752 4716 Ad
1771 4660 2036 4716 Lazarum
2070 4661 2116 4693 ⁸⁸

2213 4656 2312 4728 τὴν
2341 4655 2435 4710 τοῦ
2466 4655 2700 4729 Χριστοῦ
2741 4657 3136 4730 μεγαλουργίαν
3169 4660 3261 4714 καὶ
3289 4661 3374 4716 διὰ
3403 4664 3607 4720 τούτων
3653 4668 3784 4722 ἀπο-

555 4753 777 4808 accedo.
805 4753 942 4807 Cum
971 4753 1247 4811 debuisset
1275 4753 1476 4810 Christi
1507 4753 1697 4825 ingens
1739 4769 1876 4825 opus
1907 4755 2115 4826 magni-

2211 4748 2380 4816 δεῖξαι
2410 4750 2615 4818 σαφῶς,
2637 4749 2719 4804 ὃτι
2742 4749 2873 4815 Θεός
2896 4753 3059 4816 ἐστιν,
3080 4753 3110 4804 ό
3135 4753 3225 4807 τὸν
3255 4753 3481 4810 ὀδωδότα
3506 4760 3697 4830 νεκρὸν
3720 4762 3783 4814 ἐκ

553 4843 733 4901 facere
752 4885 767 4910 ,
802 4844 1002 4916 illoque
1031 4845 1207 4916 palam
1237 4846 1612 4902 demonstrare
1655 4845 1821 4902 Deum
1849 4861 1990 4909 esse,
2020 4846 2115 4916 qui

2212 4839 2320 4894 τῶν
2352 4842 2645 4914 μνημάτων
2672 4841 2886 4914 ἐξουσίᾳ
2920 4844 3428 4916 μεταπεμψάμενος,
3466 4851 3560 4904 καὶ
3593 4856 3660 4925 τῇ
3691 4853 3781 4907 τοῦ

551 4944 828 4991 mortuum
853 4936 966 5007 jam
1001 4935 1255 4993 fetentem
1305 4951 1335 4992 e
1383 4943 1732 4992 monumento
1790 4937 2114 4994 auctoritate

2223 4935 2464 5004 ῥήματος
2511 4935 2700 5006 ἀφέσει
2747 4934 2815 4990 τὰ
2865 4935 3159 5008 διῳδηκότα
3211 4937 3436 5010 σώματα
3481 4942 3742 5016 ψυχώσας
3767 4988 3781 5010 ,

553 5033 911 5095 evocaverat,
954 5033 1008 5082 et
1051 5027 1202 5083 verbi
1234 5025 1525 5082 emissione
1561 5041 1786 5097 corpora
1820 5024 2112 5081 tumefacta

2218 5027 2368 5081 οὐδὲν
2401 5027 2500 5097 μὲν
2543 5028 2702 5082 ἕνεκα
2747 5028 2935 5083 τούτου
2968 5029 3160 5098 λέγων,
3195 5031 3439 5104 Λάζαρον
3470 5035 3529 5087 δέ
3571 5037 3664 5090 τὸν
3689 5038 3781 5092 τοῦ

554 5119 1008 5186 animaverat,his
1030 5121 1283 5177 omnibus
1308 5120 1526 5176 silentio
1555 5118 2110 5185 involutis,Lazarum

2217 5119 2422 5191 Κυρίου
2456 5119 2626 5189 φίλον,
2664 5120 2722 5172 ὃν
2757 5121 2856 5174 οὑκ
2901 5122 3203 5186 ἀπεικότως
3229 5123 3417 5194 ἠγάπα
3453 5126 3517 5180 δι’
3561 5130 3779 5203 ἀρετήν,

554 5210 788 5265 amicum
816 5210 1050 5278 Domini,
1079 5227 1239 5284 quem
1275 5227 1381 5267 non
1404 5211 1500 5268 abs
1525 5225 1585 5267 re
1604 5217 1822 5282 pr0pter
1853 5209 2108 5266 virtutem

2216 5212 2296 5274 είς
2345 5209 2436 5264 τὸν
2478 5209 2801 5264 ἀσθενοῦντα
2850 5213 2942 5267 καὶ
2980 5214 3269 5270 τεθνειῶτα
3315 5220 3436 5279 ταῖς
3487 5219 3783 5292 ἁμαρτίαις

553 5299 828 5373 diligebat,
851 5303 904 5358 in
933 5305 1169 5374 peccatis
1199 5304 1532 5359 laborantem
1552 5311 1606 5359 et
1633 5310 1905 5359 mortuum
1929 5311 2106 5358 trans-

2215 5302 2508 5374 ἀνήγαγεν.
2549 5301 2735 5367 οὐδεὶς
2771 5302 2826 5356 δὲ
2869 5304 3009 5359 κατά
3033 5304 3127 5359 τοῦ
3163 5307 3366 5362 δικαίου
3397 5309 3574 5366 ταῦτα
3607 5308 3777 5376 εἶπεν,

621 5464 668 5496 ⁸⁸
693 5460 822 5520 Gen.
855 5480 915 5528 ιι,
949 5464 1036 5518 ει.
1113 5465 1156 5497 ⁸⁹
1188 5464 1313 5520 Gen.
1349 5481 1464 5530 ut,
1505 5465 1594 5519 25.
1671 5466 1714 5497 “
1746 5464 1871 5520 Gen.
1897 5481 2045 5530 χειν,
2079 5463 2169 5518 22.

1671 5466 1714 5497 ⁶¹
1746 5464 1871 5520 Gen.
1897 5481 2045 5530 χειν,
2079 5463 2169 5518 22.
2243 5463 2287 5494 ⁶²
2314 5461 2415 5516 Job
2438 5478 2570 5530 mi,
2604 5462 2690 5517 Η.
2769 5463 2814 5495 ⁸³
2842 5461 3002 5518 Joan.
3051 5480 3105 5520 ιι
3137 5504 3152 5526 .
3182 5465 3267 5519 45.

625 5620 1030 5698 Οὓέῖηῖκόη
1065 5625 1162 5698 τέω
1244 5693 1294 5698 μ,
1521 5693 1532 5698 ,
1669 5693 1713 5698 --
1810 5693 1820 5698 -
1919 5694 1928 5698 -
2217 5638 2236 5676 ε

2217 5621 2408 5698 scribit
2437 5620 2768 5698 γράφων,ρε
2785 5620 3016 5698 Drigene
3044 5635 3266 5675 vernum
3294 5623 3438 5698 istud
3467 5627 3775 5698 accipiens;

585 5751 595 5769 ἑ
621 5683 665 5745 fl
678 5683 729 5772 6)
764 5692 903 5758 Περὶ
919 5691 995 5772 es
1021 5683 1407 5772 τοῦ-Ᾰατᾴρου
1428 5693 1644 5772 πράξω.
1669 5693 1892 5772 Huetius
1918 5694 1970 5747 in
2007 5707 2106 5746 no-

2215 5694 2401 5772 sicque
2424 5683 2599 5772 reddit
2627 5710 2640 5746 :
2672 5683 2753 5772 De
2784 5683 2990 5747 Laz'aro
3028 5702 3200 5745 autem
3237 5695 3465 5750 scribens
3491 5683 3776 5772 Origene—3;

557 5762 630 5817 tis
660 5765 724 5816 ad
753 5763 1025 5830 cxcgetica
1057 5762 1322 5830 Origcnis,
1347 5762 1476 5831 pag.
1517 5763 1638 5830 122,
1673 5781 1768 5830 pro
1797 5764 1988 5830 γράφω
2023 5779 2107 5818 re-
2212 5780 2327 5818 cum
2357 5763 2633 5848 debuisset,
2661 5771 2763 5819 etc.
