4080 6334
327 287 427 342 657

1205 288 1291 343 DE
1329 285 1912 344 ENGASTRIMYTIIO
1952 281 2228 341 CONTRA
2270 277 2644 336 ORIGENEM.

3455 268 3559 325 658

317 401 428 458 οὔτ’
461 401 725 473 ἔγραψεν·
756 403 815 455 οὑ
858 404 965 477 γὰρ
1008 404 1075 458 ἂν
1105 404 1272 468 οὕτως
1310 405 1545 476 ἀκρίτως
1574 404 1684 475 (17)
1713 404 1872 475 ἐστερ

1998 401 2140 456 tulit.
2175 399 2305 467 Quae
2338 412 2495 453 nemo
2524 396 2591 451 de
2615 395 2766 465 justo
2793 401 2884 448 aut
2911 391 3068 453 dixit,
3114 397 3207 445 aut
3244 389 3385 445 dicta
3421 390 3559 444 scri-

318 511 412 549 γεν
435 497 464 545 6
484 493 688 565 Κύριος
703 493 884 557 αὑτὸν,
910 496 959 547 εί
982 494 1056 567 μὴ
1080 494 1365 559 θεσπεσίας
1384 496 1584 567 ἐξῆπτο
1602 494 1888 558 πολιτείας.

317 588 432 642 υὺκ
460 586 680 639 ἔλαττον
703 584 759 638 δέ
786 586 880 640 καὶ
908 587 967 639 τὸ
992 589 1090 658 τῆς
1121 587 1415 651 λιθοϐολίας
1445 588 1626 659 δρᾶμα
1654 586 1890 658 θεωρῶν,

318 678 503 750 ἐπειδὴ
543 679 636 732 καὶ¹
674 678 827 733 τοῦτο
868 682 1119 752 πειρᾶται
1159 682 1571 754 τροπολογῆσαι,
1607 680 1699 733 τοῦ
1734 682 1893 749 εὐαγ-

316 771 535 839 γελικοῦ
567 772 955 843 καταψεύδεται
984 776 1335 846 γράμματος·
1374 778 1455 829 Οὐ
1501 774 1661 830 πάνυ
1693 792 1768 837 τι,
1802 774 1889 827 λέ-

314 878 447 930 γων,
472 862 741 932 εὕρομεν,
765 861 1120 932 ζητήσαντες
1147 867 1215 919 ἐν
1244 864 1366 932 τοῖς
1395 865 1509 933 πρὸ
1542 866 1774 931 τούτου,
1802 866 1889 919 ὅτι
1960 930 1965 937 ,

312 952 658 1007 ἐϐάστασαν
685 958 740 1009 οι
780 955 1041 1010 Ἰουδαῖοι
1065 961 1273 1022 λίθους
1296 958 1394 1010 ἵνα
1424 956 1755 1011 λιθάσωσιν
1779 960 1888 1012 αὐ-

316 1046 448 1097 τόν’
481 1039 598 1098 εἶτα
634 1047 750 1116 μετ’
777 1046 931 1116 ὀλίγα
955 1046 1115 1118 φησίν
1134 1064 1147 1078 ’
1176 1049 1242 1101 Ei
1278 1047 1387 1119 γὰρ
1417 1048 1603 1103 πάλιν
1636 1047 1887 1103 ἐϐάστα-

314 1152 454 1201 σαν,
492 1137 782 1206 πρότερον
810 1138 1169 1194 ἐϐάστασαν·
1205 1142 1315 1195 ἄνω
1338 1141 1393 1195 δὲ
1418 1141 1509 1195 καὶ
1530 1142 1677 1194 κάτω
1707 1141 1889 1211 βούλε-

312 1246 399 1282 ται
427 1229 833 1284 κατασκεύασαι
864 1230 938 1302 μὴ
980 1233 1335 1305 προηγεῖσθαι
1376 1234 1469 1286 καὶ
1498 1233 1661 1305 ἀλλην
1688 1234 1887 1304 ὁμοίως

312 1321 561 1391 ἐκδοχὴν,
586 1322 672 1379 ἴνα
699 1323 1036 1391 συστήσειεν,
1058 1326 1139 1378 ὅτι
1162 1324 1371 1394 λόγους,
1398 1324 1509 1378 ἀλλ’
1538 1326 1656 1395 οὑχὶ
1685 1325 1889 1391 λίθους,

312 1412 617 1467 ἐϐάστασαν
646 1414 873 1485 ἀμελητὶ
913 1416 1033 1469 κατ’
1080 1416 1274 1469 αὑτοῦο
1318 1417 1492 1471 καίτοι
1533 1417 1625 1470 τοῦ
1658 1418 1886 1487 εὐαγγε-

311 1503 491 1558 λιστοῦ
545 1506 777 1577 πρόσθεν
818 1507 1127 1579 εἰρηκότοςο
1161 1504 1344 1576 Ἦραν
1389 1504 1501 1564 οὖν
1534 1510 1741 1576 λίθους
1784 1510 1889 1563 ἵνα

304 1595 583 1662 ,ϐάλωσιν
604 1599 697 1651 ἐπ’
729 1600 932 1654 αὐτόν.
965 1600 1049 1663 Ὠς
1074 1601 1129 1653 δέ
1154 1600 1326 1654 ταῦτα
1356 1600 1700 1673 προῦγραφεν
1725 1605 1780 1655 ἐν
1805 1602 1882 1673 τῷ

311 1690 510 1761 μεταξὺ
541 1690 698 1744 πέντε
724 1709 825 1745 που
851 1691 942 1745 καὶ
962 1693 1252 1766 τριάκοντα
1276 1695 1409 1766 πρὸς
1428 1697 1536 1758 τοῖς
1562 1694 1751 1748 ἑκατὸν
1778 1695 1881 1748 στί.

307 1799 435 1852 χους
472 1781 735 1851 ὑπερϐὰς,
783 1783 1031 1854 ἐπιφέρει
1070 1784 1322 1852 προσθείς
1341 1801 1353 1813 ³
1374 1783 1743 1837 Ἐϐάστασαν
1768 1779 1880 1839 οὖν

305 1879 359 1929 οἱ
395 1874 660 1929 Ἰουδαῖοι
702 1876 910 1941 λίθους
951 1877 1050 1929 ἵνα
1101 1876 1432 1930 λιθάσωσιν
1475 1878 1676 1930 αὐτόν.
1722 1876 1880 1931 Ἀλλά

302 1965 474 2019 ταῦτα
507 1967 606 2038 μὲν
637 1965 833 2029 διττοίς
874 1966 1285 2037 ἀναγέγραπται
1325 1968 1561 2039 χωρίοις,
1606 1969 1662 2020 ἐν
1698 1968 1879 2038 διαφό-

304 2074 417 2129 ροις
443 2058 498 2111 δὲ
529 2058 772 2127 φαίνεται
798 2058 1158 2129 πεπραγμένα
1184 2061 1392 2130 καιροῖς
1429 2060 1535 2113 ἀπὸ
1558 2058 1651 2112 τοῦ
1681 2059 1757 2131 μὴ
1781 2060 1877 2123 τὰς

302 2150 471 2213 αὑτὰς
503 2149 648 2220 ἔχειν
692 2150 799 2203 τῶν
847 2150 1103 2221 ῥημάτων
1153 2150 1449 2213 ἐπιπλοκὰς
1502 2150 1535 2222 ἢ
1586 2150 1872 2219 συζυγίας·

300 2241 411 2295 ἀλλ’
447 2242 747 2312 Ὡριγένης.
793 2245 821 2295 6
864 2243 1040 2305 πάσας
1083 2242 1325 2313 οἰόμενος
1366 2242 1563 2296 εἰδέναι
1600 2242 1699 2306 τὰς
1739 2242 1878 2315 Γρα-

301 2333 426 2401 φάς,
454 2334 553 2386 οὑκ
595 2334 800 2400 ἀνέγνω
832 2333 987 2386 τοῦτο
1020 2333 1114 2385 καὶ
1154 2332 1327 2387 ταῦτα
1366 2334 1591 2405 γράφων
1639 2332 1713 2397 ὡς
1758 2332 1875 2387 ὂλον

299 2426 434 2496 ὁμοῦ
462 2426 524 2479 τὸ
550 2426 875 2495 Εὑαγγέλιον
904 2427 996 2480 ἐπὶ
1028 2426 1242 2491 λέξεως.

366 2603 529 2660 XXII.
566 2605 628 2659 Ei
654 2606 710 2659 δέ
740 2624 821 2670 τις
843 2604 1208 2677 ὑπολαμϐάνει
1231 2604 1404 2659 ταῦτα
1429 2603 1681 2658 πλάττειν
1702 2604 1868 2676 ἡμᾶς,

298 2700 484 2763 αὑταῖς
498 2703 619 2763 ταῖς
640 2699 1020 2769 εὑαγγελικαῖς
1044 2699 1279 2770 ἐντυχὼν
1307 2699 1629 2769 ἀποφάσεσι,
1648 2697 1741 2751 καὶ
1763 2700 1873 2761 τοῖς

297 2793 674 2863 ἐμπονηθεῖσιν
695 2792 842 2863 αὑτῷ
866 2794 992 2864 περὶ
1014 2791 1170 2847 τοῦτο
1197 2792 1620 2863 σπουδάσμασιν,
1651 2792 1871 2863 εὑρήσει

298 2884 459 2955 μηδὲν
479 2886 627 2956 ἡμᾶς
651 2884 928 2956 εἰρηκέναι
950 2884 1163 2955 ψευδές.
1198 2884 1358 2939 Ἀλλά
1381 2904 1432 2939 τι
1452 2886 1531 2939 δεῖ
1563 2884 1871 2959 περαιτέρω

294 2976 505 3045 λέγειν;
545 2978 795 3030 Ἀπαντα
820 2977 939 3048 μὲν,
972 2976 1047 3040 ὡς
1070 2976 1198 3042 ἔπος
1226 2980 1418 3044 εἰπεῖν,
1449 2980 1512 3032 ἐκ
1534 2976 1641 3031 τῶν
1670 2977 1869 3048 ὀνομά-

291 3084 400 3122 των
430 3068 763 3163 ἀλληγοριῖνι,
790 3070 1003 3141 ἀναιρεῖ
1037 3070 1135 3135 τάς
1158 3073 1266 3124 τῶν
1305 3070 1642 3141 πραγμάτων
1679 3070 1871 3124 ὑποθέ-
1897 3104 1941 3163 C

293 3179 427 3225 σεις,
460 3161 583 3214 οὑδέ
619 3161 773 3215 τοῦτο
810 3161 1027 3226 ἐννοῶν,
1059 3164 1140 3216 ὅτι
1172 3163 1363 3218 πολλαὶ
1411 3164 1509 3233 μέν
1548 3166 1683 3217 εἰσιν
1725 3165 1869 3234 ὁμω-

292 3254 476 3324 νυμίαι
509 3254 731 3308 δικαίων
764 3254 843 3325 ἠδ’
875 3255 1094 3320 ἀδίκων,
1129 3257 1229 3316 οὑχ
1270 3254 1380 3310 οἷόν
1420 3274 1479 3309 τε
1510 3256 1578 3327 gas
1612 3257 1708 3321 τὰς
1743 3258 1867 3310 ἀνοι-

294 3347 476 3419 μοίους
505 3346 600 3400 τοῦ
627 3346 743 3417 βίου
790 3348 1061 3412 πολιτείας
1099 3349 1166 3402 ἐκ
1190 3347 1282 3401 τοῦ
1323 3348 1440 3412 ἐνὸς
1461 3348 1721 3412 ὡσαύτως
1753 3349 1867 3403 6V6-

294 3456 459 3508 ματος
494 3438 799 3509 κρίνεσθαι·
843 3438 959 3492 ἔστι
992 3438 1123 3507 γοῦν
1172 3438 1368 3503 Ἰούδας
1400 3442 1429 3493 6
1459 3440 1742 3511 προδότης,
1772 3440 1866 3495 καὶ

290 3530 514 3602 θάτερος
552 3530 749 3595 Ἰούδας
787 3532 1108 3596 ἀπόστολος·
1168 3532 1199 3603 ἢ
1250 3526 1316 3586 αὖ
1379 3533 1538 3587 πάλιν
1597 3534 1866 3605 Ζαχαρίας

290 3620 621 3683 ἀδικώτατος
669 3621 939 3691 βασιλεὺς,
984 3624 1077 3676 καὶ
1122 3622 1399 3694 Ζαχαρίας
1433 3623 1619 3695 ἕτερος
1657 3625 1686 3676 6
1732 3642 1864 3696 προ-

291 3714 483 3783 φήτης.
527 3713 600 3765 Οὑ
630 3713 732 3784 μὴν
757 3713 889 3767 ἀλλὰ
921 3716 1012 3768 καὶ
1043 3716 1072 3768 6
1102 3714 1315 3785 βληθεὶς
1347 3716 1403 3768 ἐν
1431 3719 1495 3787 τῇ
1535 3716 1747 3788 καμίνῳ
1771 3718 1863 3771 τοῦ

289 3805 457 3876 πυρὸς
494 3805 736 3869 Ἀνανίας
756 3823 768 3835 ·
798 3806 913 3858 ἐστι
933 3806 991 3859 δὲ
1037 3806 1186 3878 παρά
1210 3805 1395 3859 τοῦτον
1430 3805 1586 3869 ἀλλος
1619 3807 1864 3871 Ἀνανίας

286 3899 314 3951 6
346 3895 558 3951 διώκων
606 3899 701 3969 μὲν
744 3897 841 3969 τὴν
886 3898 1209 3970 Ἐκκλησίαν
1251 3898 1370 3951 ἀντὶ
1421 3897 1514 3951 τοῦ
1553 3897 1861 3963 διώκεσθαι,

288 3988 637 4059 προστάττων
692 3987 749 4040 δὲ
790 3987 1087 4041 τύπτεσθαι
1138 3988 1229 4043 τὸν
1269 3988 1621 4055 Ἀπόστολον,
1678 3984 1722 4058 ᾧ
1773 3992 1864 4045 καὶ

288 4080 615 4151 καταντικρὺ
645 4081 779 4151 πρὸς
804 4080 933 4144 ἔπος
970 4081 998 4132 ὁ
1046 4080 1256 4144 Παῦλος
1290 4082 1685 4150 ἀντεφθέγξατο
1705 4099 1717 4111 ·
1761 4086 1803 4135 Τ
1802 4084 1863 4135 ὐ-

286 4187 456 4227 πτειν
492 4189 566 4227 σε
588 4172 797 4243 μέλλει
841 4176 874 4226 ὁ
908 4172 1073 4240 Θεὸς,
1105 4174 1265 4242 τοῖχε
1311 4175 1725 4244 κεκονιαμένε·
1766 4176 1861 4230 καί

285 4263 364 4316 σὺ
391 4262 545 4333 κάθῃ
574 4263 771 4337 Μ
795 4282 873 4334 με
904 4267 1053 4341 ιεξρ
1088 4264 1195 4318 τὸν
1233 4268 1442 4335 νόμον,
1474 4267 1573 4320 καὶ
1601 4282 1860 4336 παρανο-

285 4354 409 4424 μῶν
428 4356 798 4437 ιιε-ρλεύεις
824 4357 1185 4420 τύπτεσθαι;
1216 4356 1513 4428 Τοιγαροῦν
1554 4357 1711 4430 εἴπερ
1747 4358 1861 4411 ὀνό-

290 4464 412 4518 ματι
464 4448 531 4503 τά
583 4448 881 4520 πράγματα
929 4450 1201 4521 κρίνεται,
1265 4448 1571 4518 λεγέτωσαν
1638 4453 1687 4507 οἱ
1740 4455 1858 4515 ταῖς

284 4539 554 4604 τοιαύταις
592 4541 987 4613 ἐπερειδόμενοι
1025 4540 1430 4614 τροπολογίαις,
1455 4543 1612 4614 ὁποίᾳ
1650 4542 1854 4615 μεθόδῳ

284 4631 378 4695 τὰς
402 4631 687 4703 ἀνομοίους
719 4634 1026 4705 ἐπιστήμας
1062 4633 1094 4705 ἢ
1140 4633 1422 4687 πολιτειῶν
1469 4635 1758 4703 ἀναγωγάς
1790 4636 1854 4689 ἐκ

285 4723 380 4794 τῆς
408 4725 725 4797 ὁμωνυμίας
757 4725 996 4791 ἀξιοῦσιν
1035 4725 1375 4798 ἑρμηνεύειν.
1418 4726 1629 4797 Ἀμέλει
1670 4726 1852 4781 πολλοὶ

286 4816 380 4885 μὲν
400 4817 483 4871 ἔτι
510 4819 607 4871 καὶ
634 4820 868 4891 τήμερον
901 4819 1135 4874 Ἰουδαῖοι
1173 4820 1527 4893 προπατόρων
1571 4820 1604 4891 ἦ
1641 4837 1851 4891 προφη.

284 4905 385 4960 τῶν
415 4908 655 4977 ὀνόματα
698 4908 1009 4979 βαλλόμενοι
1041 4910 1238 4982 δρῶσιν
1275 4910 1534 4975 ἀθέμιτα’
1586 4911 1768 4964 πολλοὶ
1794 4912 1848 4965 δέ

285 4997 371 5049 καὶ
392 5002 519 5071 παρ’
548 5000 770 5070 Ἕλλησι
790 5002 985 5073 Πέτροι
1018 5004 1111 5057 καὶ
1132 5003 1329 5057 Παῦλοι
1350 5003 1666 5074 καλούμενοι
1686 5004 1850 5074 πράτο

283 5105 459 5145 τουσιν
497 5094 790 5163 ἀνήκεστα.
830 5095 910 5148 Τά
954 5096 1054 5166 μὲν
1077 5098 1252 5150 τοίνυν
1283 5098 1519 5151 ὑπόκενα
1542 5096 1649 5149 τῶν
1676 5096 1848 5163 λόγων

295 5176 594 5249 Ὤριγένους
626 5182 721 5251 οὑχ
754 5181 951 5253 ἣκιστα
986 5185 1075 5238 καὶ
1109 5187 1195 5241 διὰ
1229 5186 1329 5257 τῆς
1355 5186 1608 5258 τοιαύτης
1637 5185 1849 5240 ἁλίσκε-

284 5282 368 5318 ται
401 5270 755 5338 κουφολογίας
776 5290 788 5301 ·
834 5274 933 5327 ὃσα
968 5274 1023 5327 δὲ
1053 5276 1149 5346 τῆς
1180 5278 1525 5343 ἀναστάσεως
1560 5279 1723 5333 ἕνεκα
1749 5297 1846 5332 κα-

285 5358 505 5425 κοδόξως
544 5362 861 5433 εἰσηγεῖται,
890 5366 1123 5437 δηλῶσαι
1172 5369 1270 5439 μὲν
1313 5371 1405 5424 ἐπὶ
1450 5370 1541 5425 τοῦ
1582 5373 1844 5441 παρόντος

357 5538 398 5567 ⁸⁸
422 5537 583 5592 Ιοαη.
613 5557 729 5605 vttt,
757 5542 845 5596 59.

351 5719 396 5788 (ι
408 5720 456 5788 7)
497 5722 785 5789 Ἀκρίτως,
799 5722 956 5777 Forte
990 5727 1268 5793 ἐκκρίτως.

931 5544 975 5575 ⁸⁸
1007 5543 1165 5599 Joan.
1202 5564 1253 5609 ι,
1288 5549 1375 5603 51.
1449 5551 1491 5581 ⁶⁶
1514 5550 1632 5605 Act.
1668 5567 1827 5617 mn,
1860 5552 1913 5607 5.

1998 494 2104 563 ptis
2135 490 2443 558 mandavit;
2478 503 2653 558 neque
2682 487 2824 541 enim
2854 500 2975 540 eum
3008 492 3117 537 tam
3167 481 3346 536 valido
3373 496 3558 538 amore

1996 583 2255 640 Dominus
2288 590 2610 655 prosecutus
2656 580 2886 643 fuisset,
2938 577 3045 633 nisi
3075 576 3197 630 vitae
3228 575 3365 629 ratio
3393 590 3556 645 quam

1994 676 2348 747 profitebatur
2377 676 2558 731 divina
2590 673 2801 729 fuisset.
2833 670 3018 740 Neque
3047 670 3228 725 minus
3268 670 3385 734 his,
3426 670 3555 725 dum

1992 768 2337 840 lapidationis
2384 767 2586 822 factum
2624 766 2974 837 speculatur,
3022 763 3153 818 illud
3191 763 3353 819 etiam
3398 778 3461 817 ac
3505 762 3551 818 si

1991 876 2086 931 per
2110 869 2296 930 tropos
2325 858 2525 913 factum
2560 858 2614 911 in
2642 858 2800 911 aliam
2831 857 3151 911 sententiam
3200 855 3430 910 educere
3457 856 3555 909 oh-

1990 954 2189 1018 nitens,
2223 952 2276 1006 in
2306 949 2629 1021 evangelicis
2671 949 2850 1003 verbis
2884 948 3019 1003 mire
3054 946 3352 1002 mentitur:
3387 945 3550 1009 Licet,

1988 1044 2203 1115 inquit,
2243 1042 2465 1096 multum
2498 1043 2813 1110 perscrutati
2846 1041 3119 1109 fuerimus,
3152 1037 3379 1092 nondum
3409 1039 3555 1091 inve.

1989 1136 2162 1189 nimus
2192 1134 2245 1188 in
2284 1134 2362 1188 his
2392 1150 2507 1202 quw
2532 1134 2727 1201 scripta
2751 1144 2894 1194 sunt,
2918 1131 3135 1186 Judazos
3163 1132 3448 1198 arripuisse
3466 1130 3550 1183 la-

1986 1226 2130 1297 pides
2163 1236 2219 1279 ut
2248 1227 2302 1281 in
2334 1224 2484 1277 illum
2515 1224 2806 1293 injicerent.
2840 1223 2905 1277 Et
2930 1224 3116 1293 paucis
3141 1224 3375 1278 additis:
3410 1222 3553 1277 Nam

1986 1322 2033 1375 si
2063 1322 2251 1375 iterum
2277 1327 2668 1386 assumpserunt
2694 1357 2709 1379 ,
2764 1318 2912 1385 prius
2967 1326 3383 1386 assumpserunt.
3427 1315 3555 1371 Vult

1985 1422 2164 1470 autem
2194 1423 2304 1468 tum
2334 1413 2387 1466 in
2419 1410 2790 1481 superioribus
2835 1417 2948 1462 tum
2992 1410 3046 1464 in
3094 1409 3444 1467 inferioribus
3476 1412 3553 1467 nil

1983 1506 2092 1561 tale
2108 1502 2472 1575 praecessisse,
2492 1510 2549 1555 ut
2566 1501 2753 1571 probet
2766 1515 2857 1555 eos
2876 1498 3060 1563 verba,
3084 1498 3177 1553 sed
3193 1514 3301 1554 non
3320 1499 3548 1569 lapides,

1984 1593 2347 1663 assumpsisse
2385 1606 2669 1662 perperam
2719 1591 2773 1644 in
2808 1589 2990 1655 illum;
3027 1597 3083 1644 et
3109 1599 3290 1644 tamen
3320 1605 3551 1660 evange-

1984 1685 2107 1740 lista
2147 1684 2301 1755 prius
2337 1682 2502 1737 dixit:
2532 1680 2782 1734 Tulerunt
2807 1682 2970 1750 igitur
2999 1679 3198 1748 lapides
3234 1688 3289 1732 ut
3313 1679 3553 1747 jacerent

1981 1775 2035 1828 in
2063 1774 2212 1828 illum
2239 1773 2301 1825 “.
2362 1771 2492 1839 Quae
2520 1772 2609 1826 ubi
2645 1772 2974 1842 scripsisset,
3008 1780 3223 1826 centum
3247 1779 3302 1826 et
3331 1772 3551 1841 triginta

1981 1868 2219 1938 quinque
2251 1865 2535 1921 versiculis
2561 1865 2892 1934 interjectis,
2940 1864 3121 1918 subdit
3154 1881 3167 1919 :
3209 1862 3550 1919 Sustulerunt

1979 1963 2154 2032 itaque
2200 1958 2379 2014 Juda'i
2429 1958 2625 2027 lapides
2675 1969 2730 2010 ut
2762 1956 3056 2026 lapidarent
3089 1958 3260 2026 ipsum
3306 1957 3371 2012 ".
3424 1956 3548 2011 Hice

1978 2051 2195 2123 quidem
2225 2050 2425 2119 duplici
2450 2051 2568 2105 loco
2591 2049 2860 2120 descripta
2878 2057 3029 2114 sunt,
3050 2049 3389 2119 diversiSQue
3410 2056 3547 2103 tem-

1978 2145 2201 2215 poribus
2235 2152 2384 2216 gesta
2415 2152 2694 2214 apparent,
2720 2142 2865 2213 quod
2896 2158 3017 2196 non
3050 2143 3286 2198 habeant
3319 2142 3539 2196 eosdem

1979 2237 2266 2293 verborum
2320 2252 2491 2292 nexus
2546 2235 2630 2289 vel
2662 2235 3094 2304 conjunctiones.
3129 2234 3233 2290 Sed
3280 2232 3543 2306 Origenes

1976 2331 2116 2400 ipse,
2136 2329 2229 2400 qui
2265 2344 2323 2384 se
2348 2326 2661 2397 Scripturas
2683 2342 2871 2381 omnes
2897 2334 3083 2382 tenere
3111 2328 3405 2391 existimat,
3431 2329 3542 2382 lucc

1975 2423 2245 2486 scribens,
2276 2438 2385 2476 non
2407 2421 2659 2492 cognovit
2681 2428 2851 2473 totum
2886 2417 2939 2472 id
2974 2419 3248 2491 Evangelii
3280 2422 3541 2489 scriptum

1975 2515 2039 2569 ad
2070 2514 2325 2567 litteram.

2044 2603 2207 2659 XXII.
2250 2602 2419 2659 Porro
2452 2604 2497 2658 si
2528 2603 2650 2674 quis
2678 2603 2790 2657 haec
2819 2619 2918 2659 nos
2951 2603 3207 2675 efﬁngere
3225 2603 3538 2665 existimat,

1974 2697 2259 2754 sententiis
2317 2695 2647 2767 evangelicis
2706 2696 2996 2766 perlectis,
3050 2697 3305 2767 illiusque
3356 2696 3409 2749 in
3448 2709 3545 2749 eas

1972 2790 2408 2853 commentariis,
2440 2789 2509 2843 ab
2556 2787 2705 2843 omni
2741 2802 2840 2842 nos
2880 2787 3210 2844 abstinuisse
3260 2785 3541 2841 mendacio

1972 2882 2286 2952 comperiet.
2316 2880 2456 2946 Quid
2486 2879 2610 2934 inde
2638 2895 2775 2950 opus
2797 2888 2881 2937 est
2913 2880 3055 2933 ultra
3088 2878 3383 2951 progredi?
3411 2876 3541 2932 Om-

1972 2972 2081 3034 nia,
2109 2979 2168 3025 ut
2214 2970 2381 3025 verbo
2420 2968 2737 3039 expediam,
2796 2970 3067 3039 allegoriis
3104 2986 3169 3023 ex
3223 2967 3538 3023 nominibus

1972 3062 2271 3132 desumptis
2299 3061 2541 3131 exponit,
2573 3076 2754 3115 rerum
2789 3070 3105 3132 argumenta
3137 3061 3203 3114 de
3227 3060 3404 3114 medio
3431 3060 3537 3113 toi-

1970 3155 2061 3223 lit;
2110 3169 2287 3224 neque
2328 3153 2459 3208 illud
2498 3153 2824 3223 percipiens,
2858 3154 3058 3207 multas
3097 3168 3219 3208 esse
3262 3153 3536 3222 justorum

1968 3254 2021 3301 et
2056 3247 2384 3317 injustorum
2412 3244 2631 3301 easdem
2664 3245 3134 3300 deuominationes
3155 3285 3168 3310 ,
3210 3260 3387 3315 neque
3420 3245 3536 3301 fieri

1968 3355 2128 3409 posse
2158 3348 2218 3394 ut
2236 3340 2461 3394 diversae
2485 3343 2607 3393 vitae
2638 3339 2878 3394 rationes
2910 3338 2976 3392 ab
3004 3353 3111 3392 uno
3142 3338 3361 3393 nomine
3382 3338 3536 3393 simi-

1967 3433 2092 3487 liter
2115 3431 2500 3503 dijudicentur.
2524 3430 2615 3486 Est
2642 3431 2822 3501 itaque
2837 3428 3005 3485 Judas
3022 3430 3286 3500 proditor,
3319 3440 3373 3485 et
3399 3432 3535 3485 alter

1966 3522 2135 3580 Judas
2164 3508 2472 3594 apostdlus;
2511 3522 2595 3577 vel
2634 3538 2874 3589 rursum,
2911 3520 3201 3577 Zacharias
3232 3537 3327 3576 rex
3390 3521 3534 3590 inju-

1968 3616 2261 3681 stissimus,
2294 3623 2347 3671 et
2382 3613 2674 3670 Zacharias
2717 3614 2853 3668 alter
2894 3613 3174 3684 propheta.
3224 3611 3291 3666 Et
3340 3614 3431 3683 qui
3477 3612 3532 3667 in

1967 3711 2239 3766 fornacem
2291 3708 2432 3778 ignis
2477 3708 2711 3776 injectus
2741 3714 2860 3769 est,
2904 3706 3147 3760 Auanias
3196 3707 3529 3773 vocabatur;

1965 3802 2100 3856 alter
2128 3808 2305 3854 autem
2335 3806 2418 3853 est
2444 3806 2639 3869 prteter
2667 3797 2811 3851 hunc
2842 3795 3081 3851 Ananias
3106 3797 3200 3866 qui
3231 3794 3531 3850 Ecclesiam

1965 3891 2410 3962 persequebatur,
2434 3904 2556 3944 cum
2591 3888 2707 3961 ipse
2741 3889 2921 3959 potius
2949 3889 3383 3958 persecutionem
3418 3888 3529 3958 pati

1964 3983 2263 4049 debuisset,
2301 3982 2706 4053 imperabatque
2739 3991 2797 4036 ut
2832 3981 3015 4050 ﬂagris
3044 3980 3340 4035 caaderetur
3382 3982 3529 4050 Apo-

1965 4078 2158 4141 stolus,
2195 4077 2282 4131 cui
2315 4076 2367 4129 in
2391 4074 2583 4130 faciem
2618 4074 2684 4129 ad
2712 4074 2938 4128 verbum
2964 4071 3166 4127 Paulus
3195 4073 3274 4127 sic
3300 4088 3529 4139 respon-

1963 4167 2040 4221 dit
2076 4186 2088 4220 :
2122 4164 2479 4219 Percussurus
2512 4174 2587 4219 est
2623 4174 2670 4217 te
2704 4162 2862 4227 Deus,
2898 4178 3047 4216 mure
3079 4162 3339 4216 dealbate.
3371 4160 3440 4214 Et
3472 4171 3527 4214 tu

1963 4260 2108 4315 sedes
2131 4270 2178 4314 et
2197 4258 2414 4330 judicas
2442 4275 2521 4313 me
2550 4258 2833 4313 secundum
2863 4259 3045 4329 legem,
3081 4264 3130 4311 et
3168 4265 3349 4310 contra
3394 4257 3526 4327 leges

1961 4370 2041 4407 me
2057 4352 2211 4423 jubes
2234 4353 2434 4423 percuti
2468 4354 2553 4407 ⁸⁶⁶ἒ
2585 4351 2753 4423 Igitur
2781 4353 2825 4408 si
2854 4352 3074 4407 nomine
3122 4367 3212 4407 res
3260 4351 3386 4420 ipsa:
3414 4350 3528 4405 dis-

1890 4450 1935 4509 D
1962 4455 2281 4511 cernuntur,
2316 4447 2407 4516 qui
2429 4447 2699 4502 similibus
2728 4438 3045 4517 tropologiis
3072 4446 3412 4507 incumbunt,
3442 4444 3526 4498 di-

1960 4545 2085 4592 cant
2110 4553 2214 4608 qua
2254 4536 2507 4593 methodo
2536 4536 2780 4593 diversas
2803 4538 3060 4592 scientias
3084 4545 3176 4590 aut
3206 4536 3328 4590 vita:
3361 4536 3527 4590 ratio-

1960 4644 2057 4684 nes
2084 4644 2147 4684 ex
2190 4629 2378 4685 eodem
2408 4630 2629 4685 nomine
2668 4632 2957 4701 explicant.
3008 4630 3157 4684 Multi
3206 4629 3414 4685 scilicet
3469 4629 3525 4683 in

1959 4722 2103 4776 hunc
2130 4722 2270 4777 diem
2306 4722 2709 4793 progenitorum
2747 4730 2839 4777 aut
2869 4723 3254 4794 prophetarum
3287 4720 3525 4774 nomini-

1958 4813 2061 4869 bus
2115 4815 2358 4886 insigniti
2399 4814 2570 4871 Judtei
2613 4816 2704 4885 jus
2748 4817 2951 4871 violant
2996 4825 3049 4871 et
3107 4816 3269 4885 impie
3298 4815 3520 4879 vivunt;

1956 4906 2111 4961 multi
2138 4909 2263 4962 item
2294 4916 2347 4963 et
2376 4910 2515 4980 apud
2536 4917 2725 4979 gentes
2752 4907 2896 4963 Petri
2928 4917 2981 4964 et
3011 4907 3162 4962 Pauli
3202 4905 3519 4975 nuncupati,

1954 5000 2160 5057 nefarie
2188 5017 2298 5057 rem
2328 5017 2480 5057 suam
2513 5010 2725 5073 gerunt.
2752 5001 2935 5072 Itaque
2964 5001 3188 5056 futilitas
3222 4998 3521 5066 levitasque

1958 5109 2270 5150 sermonum
2287 5091 2535 5164 Origenis
2558 5109 2663 5147 non
2687 5093 2868 5148 minus
2890 5108 2985 5163 per
3010 5093 3149 5145 hanc
3169 5090 3520 5159 vaniloquen-

1956 5185 2084 5240 tiam
2109 5184 2548 5255 deprehenditur.
2573 5184 2702 5251 Qua:
2734 5200 2896 5254 porro
2920 5184 3336 5240 resurrectionis
3355 5195 3518 5237 causa

1956 5280 2097 5336 male
2120 5280 2361 5335 sentiens
2396 5279 2642 5341 intrudit,
2668 5275 2946 5349 publicare
2970 5296 3076 5334 non
3115 5286 3198 5333 est
3240 5280 3520 5347 prtesentis

1951 5374 2176 5445 negotii.
2219 5360 2535 5432 Methodius
2564 5374 2710 5431 enim
2742 5382 2944 5431 sanctae
2994 5374 3266 5429 memoria:
3300 5374 3352 5426 in
3386 5369 3520 5426 illud
