4080 6334
474 354 579 412 659

478 470 764 544 quasitum
801 465 935 521 satis
964 459 1178 517 abunde
1224 455 1464 528 scripsit,
1490 433 1780 528 aperteque
1804 449 2041 507 ostendit
2068 461 2114 517 Α
2139 445 2238 514 ούχ
2260 437 2370 494 οἶόν

479 542 624 636 quod
649 557 893 615 haeresim
924 551 1301 609 affectantibus
1336 562 1524 602 ansam
1573 543 1862 616 praebuerit
1902 542 2042 595 male

481 651 768 714 sentiendi,
801 648 855 702 in
883 644 1085 717 specie,
1112 657 1221 697 non
1266 641 1386 714 ipso
1426 652 1654 710 corpore
1688 633 2045 690 resurrectio-

481 764 602 804 nem
633 744 748 799 fieri
787 738 1174 796 determinans.
1197 735 1379 804 Ipsum
1410 745 1538 786 vero
1566 726 1841 798 allegoriis
1865 724 2046 780 omnia

481 837 770 894 invertisse
789 873 805 898 ,
856 845 1141 902 pravaeque
1193 823 1465 898 opinionis
1495 822 1695 892 ubique
1725 820 1933 874 semina
1963 816 2047 872 in-

483 931 738 1004 gessisse,
772 925 931 981 facile
959 920 1183 992 cognitu
1238 925 1354 983 est;
1405 913 1709 984 saepiusque
1751 911 1878 965 hinc
1922 907 2048 963 inde

482 1022 669 1080 eadem
701 1018 1066 1074 revolventem
1100 1026 1164 1066 ac
1215 1015 1548 1079 repetentem
1572 1045 1588 1071 ,
1641 1011 1815 1058 totum
1861 1001 2046 1057 orbem

483 1112 772 1173 immodica
803 1121 1048 1178 vanaque
1099 1101 1379 1174 loquentia
1411 1097 1685 1169 implesse.
1746 1094 1857 1149 l-lac
1906 1094 2048 1148 dun-

484 1215 630 1264 taxat
655 1200 913 1260 methodo
940 1213 1002 1253 ex
1038 1211 1188 1254 more
1221 1192 1403 1247 omnia
1435 1190 1636 1259 ubique
1663 1185 1934 1257 allegoriis
1964 1185 2051 1239 in-

431 1315 445 1321 -
485 1296 741 1359 farciens,
767 1298 976 1346 tantum
997 1281 1420 1357 Engastrimytbi
1453 1281 1613 1335 verba
1640 1278 1867 1349 figurate
1893 1275 2054 1331 extri-

485 1403 611 1442 care
636 1401 743 1440 non
771 1382 966 1453 potuit,
998 1393 1175 1449 neque
1203 1376 1319 1447 ipsa
1342 1388 1524 1428 rerum
1557 1378 1832 1442 gestarum
1861 1383 2054 1423 conse-

484 1478 708 1549 quentia
738 1476 794 1530 in
825 1475 1001 1528 lucem
1029 1468 1274 1525 veritatis
1309 1465 1573 1540 proferre.

555 1566 744 1622 XXIII.
785 1564 926 1632 Quid
976 1570 1235 1636 prmterea
1267 1558 1445 1612 attulit
1485 1555 1745 1625 religione
1777 1554 1882 1608 sibi
1927 1552 2056 1608 sub-

487 1660 719 1733 terfugia
750 1655 1000 1728 ﬁngens?
1030 1653 1165 1710 Cum
1191 1658 1465 1722 spectrum
1499 1647 1649 1702 Sauli
1670 1646 1876 1701 dixisse
1905 1643 2058 1698 vide-

491 1731 683 1808 retur:
718 1743 1002 1806 Abscindet
1027 1742 1282 1797 Dominus
1310 1753 1521 1808 regnum
1547 1735 1612 1789 de
1647 1750 1808 1790 manu
1857 1742 1947 1786 tua
1971 1731 2012 1761 ⁸⁷
2040 1746 2055 1794 ;

1423 337 1480 392 S.
1524 330 1890 392 EUSTATIIII
1931 323 2234 383 EPISCOPI
2269 316 2680 377 ANTIOCHENI

3601 297 3713 354 660

2401 457 2479 491 τε.
2507 435 2757 496 Μεθόδιος
2790 428 2895 501 γὰρ
2935 429 2962 480 6
2994 427 3093 496 τῆς
3120 423 3278 493 ἁγίας
3309 421 3456 486 ἄξιος
3495 413 3715 486 μνήμης

2142 506 2372 606 ἔγραψεν
2401 529 2761 599 ἀποχρώντως
2791 524 2869 585 εἰς
2898 520 3012 574 τόδε
3053 518 3114 570 τὺ
3158 515 3441 586 θεώρημα,
3482 509 3576 562 καὶ
3613 506 3719 560 διέ-

2140 597 2369 691 δὲίξέγε
2399 597 2614 690 φανδδν,
2645 617 2725 670 ὅτι
2763 615 2875 676 τοῖς
2914 607 3258 680 αίρεσιώταις
3294 603 3461 656 ἔδωκε
3483 597 3718 670 πάροδον

2143 689 2381 778 ἀϐούλως
2409 689 2500 767 έπὶ
2523 710 2714 772 εἴδους,
2755 704 2868 760 ἀλλ’
2895 704 2995 756 οὒκ
3030 701 3122 754 ἐπὶ
3151 696 3395 768 σώματος
3423 689 3583 746 αὐτοῦ
3617 689 3718 760 τὴν

2144 807 2434 862 ἀνάστασιν
2476 799 2816 873 ὁρισάμενος.
2845 791 2990 846 Ἀλλ’
3026 791 3107 842 ὃτι
3149 788 3244 858 μὲν
3280 785 3491 838 ἅπαντα
3522 795 3722 851 τροπο-

2145 899 2352 967 λογίαις
2395 891 2693 964 ἀνέτρεψε,
2735 884 2919 940 καὶτὰ
2964 882 3062 952 τῆς
3102 876 3415 943 κακοδοξίας
3469 873 3721 941 ἔσπειρεν

2148 961 2448 1058 ἑκασταχοῦ
2484 961 2792 1054 σπέρματα,
2828 975 2955 1047 ῥᾷόν
2992 974 3137 1025 ἐστιν
3185 970 3340 1023 ἰδεῖνο
3383 967 3492 1021 ἄνω
3531 964 3589 1017 δὲ
3625 961 3724 1015 καὶ

2149 1083 2298 1136 κάτω
2326 1074 2658 1144 ταυτολογῶν
2690 1071 2972 1142 ἐπλήρωσε
3017 1066 3114 1138 τὴν
3145 1061 3463 1132 οἰκουμένην
3498 1059 3726 1128 ἀμέτρῳ

2151 1172 2406 1245 φλυαρίᾳ.
2469 1166 2703 1236 Τοιαύτη
2757 1163 2814 1216 δὲ
2870 1159 3074 1232 μεθόδῳ
3125 1154 3363 1226 συνήθως
3413 1147 3728 1220 ἀλληγορῶν

2153 1242 2370 1321 ἅπαντα
2397 1257 2700 1328 πανταχῶς,
2729 1256 2826 1325 οὐχ
2856 1248 2964 1316 οἷός
2994 1267 3055 1304 τε
3087 1247 3301 1317 ἐγένετο
3337 1244 3402 1296 τὰ
3438 1243 3535 1312 τῆς
3566 1242 3733 1309 ἐγγα-

2155 1355 2448 1429 στριμύθου
2503 1348 2899 1423 τροπολογῆσαι
2949 1345 3165 1416 ῥήματα
3220 1337 3400 1408 μόνον,
3449 1333 3556 1387 οὐδ’
3593 1329 3732 1385 αύτδ

2156 1424 2340 1515 acted);
2363 1442 2421 1510 te
2449 1440 2618 1510 αὐτῆς
2646 1436 2925 1510 ἱστορῆσαι
2952 1433 3049 1502 τῆς
3078 1424 3410 1487 ἀκολουθίας.

2223 1559 2411 1617 XXIII.
2444 1557 2602 1611 Ἀλλά
2639 1554 2690 1608 τί
2735 1552 2870 1624 πρὸς
2901 1548 2992 1602 ἐπὶ
3031 1546 3238 1606 τούτοις
3269 1541 3555 1610 εἰσήγαγεν
3594 1534 3734 1602 ἀφο-

2157 1655 2340 1710 σιώσει
2372 1649 2733 1719 πλαττόμενος
2763 1622 3080 1710 ἀποφυγάς;
3123 1632 3445 1701 Ἐπειδήπερ
3473 1627 3646 1680 ἐδόκει
3670 1622 3738 1677 τὺ

2159 1745 2352 1816 φάσμα
2373 1740 2452 1812 τῷ
2480 1714 2648 1792 Σαοὺλ
2681 1732 2975 1805 εἰρηκέναι’
3015 1723 3322 1794 Διαρῤήξει
3365 1721 3576 1787 Κύριος
3618 1714 3739 1783 τὴν

491 1844 579 1899 bis
603 1839 952 1912 probabiliter
981 1836 1171 1896 dicens
1229 1805 1551 1893 subintulit,
1604 1843 1718 1882 non
1757 1841 1893 1896 opus
1933 1840 2058 1881 esse

2174 1805 2477 1891 ὲαοίιλείάν
2501 1831 2569 1884 ἐκ
2603 1827 2799 1899 χειρός
2831 1839 2968 1885 σου,
2997 1820 3132 1892 πρὸς
3166 1816 3338 1869 ταῦτα
3369 1805 3739 1875 πιθανολογῶν

493 1933 798 2002 intelligere
827 1928 1151 1984 daemonium
1183 1924 1251 1979 de
1286 1937 1450 1997 regno
1473 1919 1835 1978 lsraelitarum
1868 1914 2062 1970 vatici—

494 2034 684 2084 natum
707 2023 895 2079 fuisse.
925 2020 1046 2079 Jam
1069 2017 1321 2090 superius
1343 2014 1657 2069 dicebamus
1682 2011 1845 2065 verba
1871 2009 1940 2063 ab
1966 2005 2065 2062 Sa-

496 2118 672 2176 muele
729 2116 938 2185 prolata
998 2112 1295 2168 daemonem
1351 2104 1672 2161 sulfuratum
1732 2101 1936 2162 fuisse,
2007 2105 2065 2153 ut

498 2216 711 2272 amante
738 2207 899 2263 Saule
929 2205 1152 2274 decepto
1177 2217 1243 2256 ex
1281 2195 1511 2272 propriis
1541 2208 1849 2252 sermonem
1880 2199 2065 2246 texere

500 2302 794 2358 videretur.
844 2296 914 2350 At
954 2294 1043 2348 hic
1089 2290 1308 2347 simulat
1337 2287 1541 2342 similes
1590 2284 1791 2340 diaboli
1835 2291 2065 2336 conatus

500 2409 614 2453 non
646 2391 848 2445 habere
876 2394 1201 2455 compertos.
1233 2379 1302 2435 Ut
1329 2394 1457 2450 ergo
1480 2377 1760 2431 vaticinari
1783 2373 2066 2430 videbatur

503 2479 774 2536 dementis
805 2490 1019 2545 regnum
1046 2468 1479 2532 abscindendum,
1504 2476 1634 2520 tunc
1675 2464 1920 2534 adjunxit
1951 2482 1964 2516 :
1998 2461 2066 2515 Et

501 2574 652 2634 dabit
682 2570 815 2626 illud
845 2569 1083 2640 proximo
1122 2576 1208 2620 tuo
1239 2562 1426 2618 David.
1455 2561 1523 2614 At
1549 2559 1850 2630 polyhistor
1881 2556 2071 2628 Orige-
2096 2571 2100 2574 ‘

503 2683 605 2728 nes
633 2666 722 2720 hic
750 2672 930 2720 motus
952 2661 1089 2717 dixit
1125 2678 1138 2714 :
1167 2655 1500 2711 Dazmoninm
1532 2668 1636 2707 non
1679 2657 1854 2722 potest
1904 2665 2071 2718 agno-

507 2774 661 2821 scere
713 2770 941 2827 regnum
971 2751 1138 2807 David
1167 2749 1354 2804 divino
1401 2744 1658 2814 suffragio
1714 2743 2069 2798 destinatum.

507 2852 638 2912 Mihi
670 2863 796 2906 vero
824 2849 912 2907 hic
951 2846 1140 2902 subest
1170 2840 1476 2907 admiratio,
1511 2851 1744 2908 quonam
1795 2835 1885 2889 hic
1914 2839 2071 2903 pacto

509 2941 652 3016 apud
687 2944 871 3013 plures
901 2938 1023 2996 sani
1049 2933 1264 2993 consilii
1294 2931 1541 3004 gloriam,
1568 2945 1632 2984 ac
1661 2928 1705 2984 si
1730 2926 1969 2998 prudens
1997 2924 2071 2980 si-

510 3035 622 3088 mul
641 3040 698 3088 et
727 3033 783 3087 in
824 3029 1104 3086 sententiis
1127 3023 1363 3082 ferendis
1398 3021 1637 3099 optimus
1660 3025 1824 3082 esset.
1851 3031 2072 3071 assecu-

509 3133 600 3184 tus
633 3125 722 3185 sit.
764 3121 932 3193 Igitur
983 3119 1030 3177 si
1078 3105 1300 3190 regnum
1351 3120 1494 3170 esset
1520 3113 1846 3175 obscurum,
1893 3108 2073 3162 forsan

512 3231 622 3279 non
655 3214 954 3284 incongrue
1001 3225 1061 3267 se
1089 3207 1223 3263 illud
1271 3207 1452 3278 aliquo
1480 3203 1640 3262 modo
1671 3200 1886 3258 nescire
1914 3199 2077 3255 dissi-

513 3309 811 3368 mulasset:
845 3320 968 3359 cum
999 3317 1127 3360 vero
1166 3302 1234 3360 de
1266 3300 1358 3356 illo
1396 3286 1626 3354 testatus
1659 3295 1732 3350 sit
1758 3293 1929 3355 Deus,
1971 3290 2078 3346 Da-

512 3401 712 3474 vidque
740 3414 771 3452 a
809 3395 1060 3454 Samuele
1097 3401 1292 3452 unctus
1317 3431 1333 3458 ,
1367 3399 1421 3446 et
1469 3401 1682 3468 semper
1705 3387 1761 3441 in
1790 3385 1932 3441 bello
1967 3383 2078 3460 pri—

514 3511 632 3550 mas
656 3494 858 3561 ferens,
890 3491 1034 3562 regis
1062 3505 1226 3561 gener
1252 3489 1324 3545 sit
1347 3487 1594 3549 eli‘octus,
1623 3483 1701 3538 ita
1722 3489 1780 3535 ut
1803 3480 1933 3533 huic
1958 3479 2080 3548 qui-

514 3589 636 3642 dem
672 3586 1028 3656 tripudiantes
1063 3580 1359 3654 myriadas,
1389 3577 1540 3632 Sauli
1584 3572 1847 3636 chiliadas
1880 3572 2080 3627 decan-

512 3677 715 3742 tarint;
765 3676 812 3730 si
844 3676 957 3736 ba'c
990 3681 1043 3729 et
1088 3673 1171 3733 his
1213 3670 1412 3726 similia
1459 3667 1903 3728 manifestarant,
1948 3661 2079 3732 quid

516 3770 712 3822 mirum
742 3775 833 3821 aut
861 3774 1055 3836 praeter
1083 3764 1544 3834 exspectationem
1576 3760 1711 3823 erit,
1757 3759 1804 3814 si
1853 3770 2080 3827 regnum

517 3860 703 3919 divino
762 3830 1017 3929 suffragio
1072 3830 1526 3927 per-prOphetam
1566 3851 1834 3905 munitum
1869 3830 2080 3904 daemon

518 3951 876 4024 agnosceret?
903 3949 1036 4003 Nam
1082 3948 1128 4003 si
1160 3961 1347 4002 verum
1380 3944 1560 3998 dicere
1581 3943 1832 4006 velimus,
1861 3957 1970 3995 non
1999 3941 2081 3994 in-

518 4042 865 4114 telligendum
931 4040 1081 4097 illum
1149 4039 1324 4095 solum
1398 4051 1658 4114 corporea
1713 4048 2075 4104 cognoscere,

521 4133 974 4206 quemadmodum
1005 4132 1107 4187 olei
1138 4146 1292 4195 usus,
1313 4129 1470 4200 cujus
1499 4129 1692 4185 eliusio
1711 4135 1889 4183 tactus
1919 4141 2081 4181 sensu

521 4227 836 4305 percipitur.
872 4224 977 4280 Sed
1008 4225 1190 4282 nullus
1214 4223 1446 4294 ambiget
1483 4222 1596 4276 haec
1629 4220 1882 4276 omnibus
1911 4218 2084 4277 mani-

523 4320 660 4374 feste
691 4319 1051 4374 innotescere.
1076 4315 1281 4371 Addam
1313 4329 1440 4373 vero
1462 4314 1607 4384 quod
1629 4313 1840 4369 excedit
1865 4319 2077 4370 extera.

526 4411 586 4466 Si
607 4413 722 4468 haec
753 4409 1038 4468 manifesta
1067 4426 1176 4464 non
1210 4414 1412 4469 essent,
1447 4406 1720 4480 quodnam
1763 4406 1940 4480 majus
1969 4413 2081 4468 est,

525 4513 586 4558 ut
622 4506 784 4560 simul
813 4502 1189 4568 conferamus,
1233 4515 1456 4575 regnum
1488 4498 1658 4552 David
1708 4514 1803 4570 per
1851 4498 1955 4552 olei
1984 4513 2084 4551 un-
2115 4532 2165 4590 Β

526 4594 762 4650 ctionem
792 4608 1107 4664 agnoscere,
1140 4606 1208 4644 an
1248 4589 1633 4660 prophetarum
1665 4589 1870 4644 animas
1904 4590 1971 4643 ab
2001 4588 2088 4644 in-

530 4685 661 4747 feris
691 4685 985 4741 eduxisse?
1030 4683 1095 4736 Et
1125 4691 1304 4738 tamen
1352 4665 1482 4735 illud
1522 4681 1587 4735 de
1623 4681 1818 4752 potiori
1860 4694 2090 4756 persona

530 4785 1013 4836 commonstratum
1039 4783 1141 4831 est.
1182 4773 1314 4827 Nam
1339 4788 1367 4825 a
1393 4771 1610 4827 Christo
1637 4773 1908 4828 daemones
1941 4773 2088 4837 torti,

531 4872 687 4926 inviti
731 4871 965 4928 clamant
1002 4868 1086 4927 his
1116 4867 1295 4924 verbis
1325 4884 1339 4918 ε
1375 4863 1513 4929 Quid
1539 4863 1684 4918 nobis
1733 4875 1782 4918 et
1810 4864 1936 4932 tibi,
1979 4863 2091 4918 Fili

529 4963 672 5020 Dei?
718 4963 918 5022 Venisti
948 4971 1067 5017 ante
1097 4971 1296 5027 tempus
1333 4958 1503 5012 delere
1533 4975 1625 5011 nos
1657 4957 1737 5010 ‘3?
1771 4957 1840 5010 At
1885 4957 2094 5018 animas

534 5055 604 5110 ab
633 5054 823 5112 inferis
845 5052 1129 5116 evocandi,
1143 5058 1197 5107 ct
1224 5059 1400 5106 cattus
1420 5049 1733 5120 angelorum
1757 5050 1846 5117 qui
1871 5064 1966 5118 per
1987 5063 2097 5102 coa-

531 5145 646 5200 lum
682 5146 867 5199 volant
906 5147 1154 5200 eumdem
1197 5145 1251 5198 in
1296 5143 1473 5198 locum
1505 5140 1859 5202 convocandi,
1899 5155 1954 5194 re
1982 5140 2098 5209 ipsa

535 5244 744 5291 tantum
777 5238 919 5293 Deus
963 5246 1018 5292 et
1063 5238 1435 5292 divinissimus
1481 5235 1600 5302 ejus
1645 5232 1815 5286 Filius
1864 5239 2102 5301 potesta-

537 5339 644 5384 tem
678 5330 857 5393 habet,
890 5337 1191 5401 praeterque
1218 5345 1311 5386 eos
1341 5330 1524 5384 nullus
1560 5325 1803 5386 omnino.
1837 5324 1892 5378 Si
1915 5323 2098 5392 itaque

537 5422 810 5480 invisibile
859 5421 951 5477 Dei
1000 5437 1225 5493 regnum
1280 5434 1344 5474 ac
1389 5425 1576 5474 sancto
1617 5416 1820 5488 Spiritu
1877 5422 2096 5471 unctum

614 5582 660 5615 "
689 5577 714 5631 ι
744 5577 867 5649 Reg.
903 5591 1095 5640 xxvtn,
1130 5577 1214 5630 l7.
1304 5577 1348 5608 ⁸⁸
1380 5573 1574 5630 Matth.
1614 5571 1818 5640 un,”

616 5757 726 5832 (l8)
767 5756 1028 5813 Τοιαῦτα.
1059 5755 1217 5812 Forte
1248 5754 1434 5808 ταῦτα.

2102 3168 2144 3226 C

2163 1899 2554 1994 ἀνθυπέφερεν,
2589 1920 2664 1984 ὡς
2702 1919 2762 1972 ού
2809 1913 2982 1988 χρεὼν
3018 1910 3104 1980 εἴη
3148 1909 3308 1970 νοεῖν,
3344 1906 3424 1958 ὃτι
3465 1899 3740 1970 δαιμόνιον

2165 1989 2494 2090 προφητεύει
2543 2011 2671 2084 περὶ
2719 2005 2992 2079 βασιλείας
3034 1996 3444 2074 Ἰσραηλιτικῆς.
3488 1990 3624 2061 Ἤδη
3677 1989 3741 2042 δὲ

2164 2082 2259 2166 καὶ
2286 2082 2520 2180 πρόσθεν
2550 2082 2755 2174 ἔφαμεν
2800 2101 2881 2153 ὃτι
2921 2095 3092 2150 ταῦτα
3135 2091 3204 2144 τὰ
3247 2090 3467 2159 ῥήματα
3509 2082 3586 2153 τῷ
3629 2083 3743 2134 Σαυ

2170 2173 2348 2275 μουὴλπ
2379 2197 2640 2272 εἰρημένα
2664 2173 2913 2264 πρόσθεν
2952 2186 3172 2254 ἔκλεψεν
3213 2185 3241 2236 6
3272 2179 3498 2249 δαίμων,
3542 2176 3627 2229 ἵνα
3673 2173 3743 2242 δὴ

2165 2266 2255 2349 τὸν
2296 2266 2543 2363 ἐκφρυῴ
2588 2285 2760 2340 Σαοὺλ
2820 2277 3165 2348 ἐξαπατήσας
3213 2272 3319 2325 ῐδια
3359 2269 3482 2339 δόξῃ
3539 2266 3742 2332 λέγειν.

2180 2386 2316 2440 Ἀλλ’
2344 2356 2494 2446 ούτος
2533 2381 2594 2433 ού
2622 2374 2994 2449 προσποιεῖται
3037 2368 3106 2421 τά
3147 2365 3322 2420 τοιάδε
3361 2360 3454 2415 τοῦ
3494 2356 3744 2412 διαϐόλου

2167 2479 2418 2552 δράματα
2465 2471 2779 2543 γινώσκεινο
2839 2467 2914 2529 ὼς
2961 2461 3054 2516 οὖν
3100 2459 3270 2513 ἐδόκει
3315 2454 3617 2527 προλέγειν,
3659 2449 3746 2502 ὅτι

2168 2546 2554 2640 δψιαρῥαγήσοι
2591 2562 2683 2617 τοῦ
2743 2556 3098 2630 παραπλῆγος
3142 2553 3181 2620 ἡ
3229 2546 3513 2614 ,βασιλεία
3532 2585 3545 2607 ,
3595 2558 3747 2612 τηνι-

2171 2633 2345 2716 καύτα
2384 2633 2716 2730 προσετίθει·
2745 2652 2852 2706 Καὶ
2880 2649 3056 2703 δώσει
3081 2642 3293 2710 -αῠτὴν
3348 2639 3425 2704 τῷ
3475 2633 3749 2702 πλησίον

2171 2772 2287 2810 σου
2331 2752 2412 2818 τῷ
2437 2727 2656 2804 Ἀαυΐδ.
2702 2747 2757 2799 Ὁ
2809 2744 3051 2815 μέντοιγε
3105 2735 3407 2802 πολυῖστωρ
3464 2727 3750 2818 Ὤριγένης

2172 2813 2404 2901 ἐνταῦθα
2456 2840 2692 2912 κινηθεὶς
2725 2813 2859 2906 ἔφη·
2915 2830 3194 2902 Δαιμόνιον
3226 2827 3282 2880 δὲ
3327 2823 3520 2892 λέγων,
3553 2818 3611 2872 ού
3655 2813 3751 2870 δύ-

2173 2956 2329 2994 ναται
2357 2935 2549 2990 εἰδέναι
2573 2932 2671 3002 τὴν
2703 2925 2974 2999 βασιλείαν
3005 2919 3166 2976 Δαυῖδ
3197 2917 3302 2971 ὑπὸ
3330 2913 3532 2986 Κυρίου
3561 2925 3745 2981 χειρο-

2172 3029 2517 3101 τωηθείσαν·
2577 3023 2692 3077 ἀλλ’
2747 3019 2935 3091 ἔμοιγε
2991 3009 3286 3084 θαυμάζειν
3337 3009 3543 3061 ἔπεισιν
3597 3005 3751 3064 ὅπως

2177 3092 2329 3186 οὗτος
2351 3118 2680 3189 ἀποφέρεται
2705 3109 2860 3175 δόξαν
2893 3109 2979 3161 ἐπ’
3011 3102 3261 3174 εὐϐουλίᾳ
3292 3099 3440 3171 παρά
3474 3099 3584 3156 τοῖς
3615 3092 3751 3146 πολ-

2178 3218 2309 3279 λοῖς,
2341 3214 2416 3277 ὡς
2458 3188 2680 3281 ἔμφρων
2722 3206 2837 3275 ἆμα
2874 3202 2966 3255 καὶ
2998 3197 3221 3268 γνώμης
3262 3196 3497 3266 ἄριστος.
3541 3190 3604 3242 Ei
3653 3188 3756 3258 μὲν

2180 3304 2272 3361 οὖν
2305 3305 2494 3376 ἄδηλος
2515 3298 2583 3373 ἦν
2616 3302 2650 3370 ἡ
2679 3294 2941 3368 βασιλεία,
2970 3291 3096 3362 ἐξῆν
3122 3289 3185 3343 ἂν
3213 3288 3341 3348 ἴσως
3372 3285 3590 3351 ἄγνοιαν
3619 3280 3756 3332 ὑπο-

2182 3370 2457 3468 κρίνεσθαί
2484 3370 2606 3445 τινα
2630 3385 3032 3457 σκηπτόμενονο
3065 3381 3114 3434 εἰ
3147 3379 3205 3433 δὲ
3241 3373 3626 3449 μεμαρτύρητο
3655 3370 3758 3439 μὲν

2185 3489 2288 3542 ὑπὸ
2318 3486 2410 3539 τοῦ
2441 3481 2596 3546 Θεοῦ,
2630 3480 2883 3550 κέχριστο
2914 3474 2957 3528 δ’
2991 3471 3084 3526 ἐπὶ
3123 3468 3331 3529 τούτοις
3365 3465 3470 3518 ὑπὸ
3513 3461 3606 3515 τοῦ
3652 3461 3759 3511 Xa-

2187 3577 2374 3652 μουὴλ,
2413 3575 2468 3628 έν
2513 3591 2572 3625 τε
2616 3573 2726 3634 τοῖς
2763 3567 3013 3636 πολέμοις
3051 3562 3350 3635 ἀριστεύων
3392 3556 3477 3610 ἀεὶ
3508 3551 3760 3624 γαμϐρὸς

2185 3647 2521 3734 ἀναδ-ἐδεικτο
2542 3665 2633 3718 τοῦ
2662 3661 2941 3736 βασιλέως,
2970 3657 3108 3712 ὥστε
3127 3652 3300 3722 τούτῳ
3329 3650 3425 3722 μὲν
3450 3647 3546 3710 τὰς
3573 3661 3764 3716 χορευ-

2185 3763 2346 3826 ούσας
2365 3759 2627 3830 ἀναϐῆναι
2650 3756 2746 3819 τὰς
2778 3749 3058 3824 μυριάδας,
3087 3743 3164 3815 τῷ
3190 3744 3246 3799 δὲ
3275 3740 3444 3794 Σαοὺλ
3468 3735 3762 3791 ἀποδοῦναι

2183 3854 2281 3918 τάς
2303 3853 2540 3925 χιλιάδας
2559 3867 2573 3880 ’
2617 3850 2665 3902 εἰ
2697 3847 2752 3901 δὲ
2772 3843 2940 3899 ταῦτα
2961 3840 3054 3895 καὶ
3083 3837 3152 3892 τὰ
3185 3834 3406 3890 τοιαῦτα
3433 3829 3760 3899 καθεστήκει

2188 3919 2354 4016 σαφῆ,
2375 3943 2428 3997 τί
2460 3942 2604 4008 ξένον
2631 3939 2736 4012 ἢτί
2768 3933 3067 4011 παράδοξον
3093 3926 3180 4001 ἦν,
3203 3929 3252 3980 εἰ
3282 3925 3378 3996 τὴν
3396 3919 3560 3977 οὖσαν
3579 3935 3760 3988 κεχει-

2191 4011 2545 4112 ροτονημένην
2569 4011 2673 4088 ύπδ
2698 4030 2790 4084 τοῦ
2817 4026 3019 4100 Κυρίου
3057 4022 3144 4076 διὰ
3175 4019 3265 4074 τοῦ
3291 4018 3566 4091 προφήτου
3602 4011 3760 4082 βασι-

2186 4105 2332 4186 λείαν
2364 4105 2729 4197 ξπεγίνωσκεν
2769 4124 2798 4177 6
2835 4123 3071 4192 δαίμωνς
3102 4118 3166 4170 Et
3196 4113 3302 4184 γὰρ
3333 4112 3394 4165 οὐ
3427 4105 3760 4177 διανοητέον,

2188 4224 2301 4291 εἴγε
2327 4223 2408 4275 δεῖ
2429 4220 2604 4288 λέγειν
2633 4217 2692 4280 eg
2714 4213 3037 4286 ὑπερϐολῆς,
3067 4211 3146 4263 δτι
3187 4207 3256 4259 τά
3284 4199 3566 4275 σωματικά
3600 4197 3765 4269 μόνον

2188 4289 2347 4377 εἶδεν,
2375 4312 2449 4375 ὡς
2549 4307 2642 4362 τοῦ
2673 4306 2849 4360 ὲλαίου
2883 4304 3075 4375 χρῆσις
3101 4297 3360 4368 αἰσθητὴν
3393 4295 3504 4365 ἔχει
3531 4291 3628 4362 τὴν
3661 4289 3766 4358 τῆς

2190 4407 2331 4477 ἁφῆς
2381 4401 2672 4472 ὲπιφοράψ
2722 4396 2855 4451 ἀλλὰ
2896 4385 3068 4447 ταῦτα
3120 4393 3216 4462 μὲν
3260 4389 3432 4452 οὐδεὶς
3479 4381 3765 4454 ἀμφιλέξει

2191 4470 2428 4566 πρόδηλα
2469 4470 2790 4544 καθεστάναι
2839 4487 3034 4540 πᾶσιν·
3092 4484 3177 4537 ἵνα
3219 4480 3276 4533 δὲ
3319 4478 3379 4530 τὸ
3428 4470 3768 4545 ὑπερϐάλλον

2191 4565 2299 4660 ὲρῶ
2323 4585 2594 4658 προσθείς.
2629 4585 2690 4637 Εἰ
2711 4581 2817 4651 γὰρ
2851 4579 2944 4632 καὶ
2977 4576 3048 4648 μὴ
3071 4572 3290 4628 τοιαῦτα
3319 4568 3427 4641 (18)
3456 4565 3768 4632 καθέστηκε

2192 4653 2610 4752 σαφῆξπότερον
2645 4676 2709 4730 ἂν
2735 4674 2816 4745 εἴη
2851 4661 3016 4744 μείζω
3045 4667 3178 4740 πρὸς
3211 4664 3492 4733 σύγκρισιν
3529 4657 3589 4709 τὸ
3621 4653 3766 4724 γνῶ-

2190 4789 2276 4824 ναι
2302 4758 2399 4841 τὴν
2425 4768 2514 4822 τοῦ
2545 4767 2704 4821 Δαυτδ
2733 4763 3024 4836 βασιλείαν,
3051 4757 3278 4830 ἢψυχὰς
3313 4753 3369 4821 ἐξ
3400 4753 3524 4825 ᾆδον
3555 4763 3768 4820 προφη-

2190 4861 2346 4926 τικάς
2384 4859 2610 4927 ἀνάξαι;
2647 4859 2836 4912 Καίτοι
2870 4855 3026 4910 τοῦτο
3070 4852 3162 4906 καὶ
3198 4849 3291 4902 ἐπὶ
3323 4846 3416 4900 τού
3461 4841 3769 4916 κρείττονος

2197 4956 2568 5010 ἀποδέδεικται
2590 4953 2876 5026 προσώπου
2897 4968 2908 4984 υ
2937 4949 3030 5002 καὶ
3053 4945 3161 5018 γὰρ
3187 4944 3278 4998 καὶ
3304 4941 3395 4994 ἐπὶ
3415 4939 3507 4992 τοῦ
3529 4930 3768 5008 Χριστοῦ

2199 5048 2608 5118 στρεϐλούμενοι
2632 5045 2724 5098 καὶ
2751 5045 2971 5105 ἄκοντες
2995 5037 3254 5093 ὲκϐοῶσιν
3275 5036 3324 5088 οἱ
3348 5032 3596 5101 δαίμονες
3617 5027 3769 5079 αύτο-

2198 5115 2362 5205 λεξεὶ,
2394 5139 2454 5194 Τί
2464 5115 2624 5206 ’ἡμῖν
2645 5135 2744 5189 καὶ
2767 5134 2886 5197 σοὶ,
2927 5129 3276 5202 κεκραγότες,
3314 5123 3407 5178 Υἱὲ
3439 5120 3543 5175 τοῦ
3587 5115 3770 5179 θεοῦ;

2191 5227 2408 5296 “masc
2439 5228 2549 5297 πρὸ
2589 5225 2794 5294 καιροῦ
2828 5224 3126 5298 ἐξελέξω
3156 5216 3348 5292 ἡμᾶς
3376 5213 3448 5265 Τδ
3495 5210 3553 5263 δὲ
3589 5206 3768 5277 ψυχὰς

2195 5321 2254 5388 ἐξ
2284 5321 2406 5392 ᾅδου
2438 5315 2905 5391 μεταπέμπεσθαι,
2937 5313 3032 5367 καὶ
3055 5310 3245 5382 χοροὺς
3272 5301 3517 5372 ἀγγέλων
3545 5298 3768 5371 ούρανο-

2198 5387 2380 5474 πετεῖς
2407 5387 2465 5465 έν
2503 5387 2662 5484 αύτῷὝ
2685 5405 3119 5482 μετακαλεῖσθαι,
3172 5401 3327 5474 μόνος
3373 5391 3613 5462 ἐξουσίαν
3653 5387 3770 5458 ἔχει
