4080 6334
317 287 413 343 651

1229 286 1316 341 DE
1353 281 1948 342 ENGASTRIMYTHO
1981 279 2262 338 CONTRA
2293 276 2672 337 ORIGENEM.

3454 275 3564 331 662

311 401 736 473 διαπράττεσθαι
756 404 885 468 Θεὺς
913 407 1003 460 καὶ
1030 409 1058 460 6
1086 407 1352 470 θειότατος
1377 404 1540 460 αὐτοῦ
1561 407 1715 468 Παῖς,
1737 403 1866 457 ἄλλο

1995 422 2355 485 agnoverunt,
2377 427 2556 468 nonne
2589 410 2760 465 multo
2791 408 2964 480 magis
3006 407 3146 462 scire
3177 414 3427 478 poterant
3474 423 3562 462 re-

307 493 362 547 δὲ
407 495 597 548 καὶτὸ
632 497 886 568 παράπαν
932 499 1124 564 οὐδείς.
1156 500 1218 552 Et
1252 495 1342 552 οὖν
1383 498 1479 568 τὴν
1524 496 1751 568 ἀόρατον
1789 495 1883 548 τοῦ

307 583 439 637 Θεοῦ
471 585 746 654 βασιλείαν
788 587 1031 657 ἔγνωσαν
1065 589 1202 662 ἁγίῳ
1245 587 1518 659 Πνεύματι
1550 587 1882 658 χρισθεῖσαν,

305 675 365 731 οὐ
408 676 588 748 πολλῷ
623 678 782 732 πλέον
812 680 1102 748 ἐπιγνῶναι
1146 681 1242 753 τὴν
1286 679 1379 734 τοῦ
1424 678 1608 734 Δαυῖδ.
1636 678 1885 732 ἐδύναντο

302 768 389 822 διὰ
440 770 742 840 χρίσματος
796 771 1052 844 αἰσθητοῦ
1101 773 1192 826 καὶ
1253 771 1595 835 καταλύσεως
1644 770 1880 842 opas-71;;

316 859 454 913 Ἀλλ’
482 861 581 914 οὐκ
609 862 724 933 ⁴ρῇδει
761 862 829 915 τὰ
857 863 1216 934 πεπραγμένα
1267 863 1358 917 καὶ
1394 863 1636 934 Γραφαῖς
1666 861 1883 916 ἀνακεί-

305 970 444 1023 μενα
475 954 604 1022 περὶ
634 954 726 1007 τοῦ
757 955 915 1009 Δαυῖδ
942 957 970 1009 6
999 956 1289 1028 ἀλιτήριος,
1316 957 1343 1009 ὅ
1371 973 1432 1025 γε
1464 957 1558 1009 καὶ
1593 953 1669 1024 τῷ
1694 952 1883 1024 Κυρίῳ

300 1043 746 1117 πὲριϐαλλομένῳ
772 1047 830 1100 τὸ
851 1047 1008 1118 σῶμα
1027 1047 1334 1115 προσελθὼν
1362 1047 1464 1117 ἔφη
1487 1045 1788 1118 τολμηρῶς·
1812 1047 1883 1098 Et

310 1136 444 1203 Υἱὸς
473 1132 533 1190 εἷ
557 1137 661 1191 τοῦ
687 1138 851 1204 Θεοῦ,
865 1137 1062 1208 ,βω
1084 1140 1341 1194 σεαυτὸν
1361 1138 1534 1192 κάτω·
1564 1137 1882 1208 γέγραπται

301 1229 432 1296 γὰρ,
467 1227 557 1280 ὅτι
590 1227 713 1294 τοῖς
752 1229 1027 1300 ἀγγέλοις
1068 1229 1276 1295 αὑτοῦ,
1319 1230 1482 1301 φησὶν
1505 1271 1519 1295 ,
1557 1227 1880 1282 ἐντελεῖται

299 1319 433 1386 περὶ
461 1318 598 1385 σοῦ,
622 1319 717 1373 καὶ
742 1319 840 1372 ἐπὶ
863 1319 1073 1390 χειρῶν
1090 1321 1307 1390 ἀροῦσί
1335 1339 1427 1386 σε,
1447 1320 1678 1390 μήποτε
1702 1335 1880 1387 προσ-

298 1413 500 1480 κόψῃς
536 1411 687 1480 πρὸς
713 1415 888 1467 λίθον
910 1414 1016 1468 τὸν
1042 1415 1198 1468 πόδα
1228 1431 1364 1470 σου,
1393 1414 1601 1469 Οὐκοῦν
1632 1414 1790 1483 εἴπερ
1815 1413 1878 1465 ἐκ

297 1503 406 1556 τῶν
441 1505 610 1572 ἁγίων
651 1505 1015 1560 ὑποτυποῦται
1061 1506 1292 1579 Γραφῶν
1334 1507 1559 1578 ὁμιλεῖν,
1592 1500 1731 1567 οἶδεν
1770 1503 1876 1574 ἄρα

297 1595 365 1649 τὰ
388 1596 747 1667 γεγραμμένα
785 1599 1140 1670 κακομαθιῖκ·
1178 1601 1226 1653 εί
1265 1600 1322 1653 δὲ
1362 1598 1565 1660 τούτων
1599 1598 1655 1650 ἐν
1679 1594 1874 1665 γνώσει

297 1687 652 1759 καθέστηκεν,
673 1689 774 1743 οὐκ
798 1690 905 1761 ἄρα
929 1690 1026 1763 τὴν
1051 1690 1146 1745 τοῦ
1175 1691 1337 1745 Δαυῖδ
1363 1691 1546 1761 ὴγνόει
1580 1687 1873 1759 βασιλείαν,

869 1204 1065 1217 ..ι-..-

1989 536 2155 590 gnum
2178 519 2348 575 David
2379 535 2475 590 per
2505 515 2774 572 visibilem
2824 515 3137 568 unctionem
3182 512 3560 584 visibilemque

1989 611 2516 667 commutationem?
2548 607 2747 664 Verum
2768 622 2856 662 res
2892 614 3072 676 gestas
3097 612 3148 658 et
3178 605 3230 658 in
3264 603 3562 674 Scripturis

1987 705 2288 775 descriptas
2336 705 2404 758 de
2455 703 2652 756 Davide
2673 700 3075 772 perditissimus
3118 714 3228 752 non
3270 698 3426 761 vidit,
3465 696 3559 768 qui

1987 795 2274 851 Dominum
2304 808 2534 863 corpore
2558 790 2958 847 circumdatum
2988 803 3278 859 aggressus
3299 787 3560 843 audacter

1985 888 2160 944 dixit:
2190 887 2250 943 Si
2277 885 2325 939 F
2328 886 2451 940 ilius
2485 885 2580 940 Dei
2615 901 2689 950 es,
2723 883 2869 937 mitte
2895 892 2942 936 te
2972 880 3254 944 deorsum;
3305 882 3558 949 scriptum

1983 999 2061 1045 est
2087 991 2224 1045 enim
2247 1006 2265 1043 :
2287 989 2498 1058 Angelis
2531 988 2640 1041 suis
2668 985 2938 1039 mandavit
2961 984 3023 1038 de
3053 995 3132 1048 te;
3166 993 3213 1036 et
3234 984 3286 1036 in
3317 983 3557 1036 manibus

1985 1084 2226 1138 attollent
2278 1092 2362 1148 te,
2411 1098 2474 1136 ne
2517 1081 2650 1151 forte
2703 1079 2937 1148 oﬂendas
2986 1077 3055 1130 ad
3098 1075 3324 1146 lapidem
3379 1079 3557 1144 pedem

1985 1200 2134 1244 tuum
2165 1191 2228 1244 ⁸⁸.
2267 1187 2436 1260 Igitur
2488 1188 2533 1243 si
2584 1203 2652 1242 ex
2697 1185 2896 1240 divinis
2928 1183 3121 1238 litteris
3144 1182 3412 1251 colloquia
3464 1197 3554 1234 ne-

1983 1291 2129 1338 ctere
2155 1282 2338 1353 fingit,
2373 1282 2478 1338 scit
2516 1295 2637 1351 quze
2673 1278 2876 1347 scripta
2911 1285 3060 1340 sunt,
3097 1275 3312 1329 tametsi
3361 1290 3554 1343 prave;

1979 1392 2101 1447 quae
2125 1377 2172 1433 si
2200 1375 2473 1447 cognovit,
2505 1371 2750 1443 profectu
2789 1384 3017 1440 regnum
3047 1367 3215 1422 David
3257 1384 3364 1421 non
3396 1367 3553 1437 igno-

1980 1479 2152 1542 rabat,
2177 1479 2322 1550 quod
2366 1477 2565 1533 divinis
2592 1475 2790 1532 litteris
2821 1483 2940 1532 erat
2971 1475 3231 1544 scriptum
3257 1493 3270 1538 ;
3303 1475 3375 1527 ita
3411 1483 3466 1526 ut
3492 1490 3552 1525 ca

1978 1595 2097 1651 quae
2124 1580 2329 1650 scripta
2349 1585 2477 1633 sunt
2516 1577 2728 1632 daemon
2752 1575 3114 1646 pronuntians
3159 1575 3291 1629 nihil
3335 1578 3556 1628 omnino

1976 1685 2304 1741 vaticinatus
2331 1684 2418 1740 sit.

299 1786 333 1852 ἢ
357 1786 466 1848 τοῖς
501 1785 666 1857 ἱεροῖς
694 1785 1096 1859 ἐγκεχάρακται
1150 1789 1470 1860 γράμμασιν
1515 1803 1530 1816 ·
1571 1784 1709 1846 ὥστε
1744 1781 1811 1836 τὰ
1872 1781 2231 1853 γεγραμμένα
2275 1779 2444 1848 λέγων
2479 1780 2507 1832 6
2566 1779 2796 1856 δαίμων,
2834 1776 2982 1836 οὐδὲν
3025 1777 3427 1847 προεφίττευσεν
3466 1775 3555 1826 οὐ-

297 1875 358 1929 5a
367 1875 504 1947 μῶς.

366 1988 556 2043 XXIV.
611 1991 750 2044 Ἀλλ’
783 1993 812 2046 ὁ
856 1990 1171 2064 πολύφημος
1216 1974 1514 2066 Ὦριγένης,
1545 1990 1654 2044 οὐδ’
1687 1987 1864 2042 ὁτιοῦν

2051 1976 2237 2031 XXIV.
2283 1977 2385 2032 Sed
2437 1977 2592 2031 multi
2633 1974 2870 2031 nominis
2931 1972 3215 2044 Origenes,
3257 1991 3378 2028 cum
3440 1991 3550 2028 non

300 2082 565 2154 εὑρίσκων
589 2085 782 2150 εἰπεῖν,
809 2085 890 2148 εἰς
915 2084 1072 2139 τοῦτο
1099 2084 1372 2155 κατέφυγε
1401 2081 1863 2154 τετεχνασμένως,

290 2173 520 2244 ἑτέρωθι
554 2175 691 2248 πρὸς
719 2178 811 2230 ἐπὶ
849 2179 1057 2242 τούτοις
1087 2175 1412 2247 ἐπαγαγών
1459 2175 1600 2246 Ἐγὼ
1633 2173 1721 2237 δὲ’
1762 2190 1867 2244 φη²

297 2262 399 2326 σὶν,
428 2266 500 2318 οὐ
530 2263 782 2335 δύναμαι
811 2266 1036 2321 διδόναι
1062 2267 1342 2336 δαιμονίῳ
1363 2266 1730 2334 τηλικαύτην
1759 2262 1864 2316 δύο

291 2370 492 2423 ναμιν,
527 2355 627 2408 ἵνα
663 2359 1006 2427 προφητεύῃ
1042 2359 1176 2427 περὶ
1206 2359 1406 2413 Σαοὺλ
1445 2358 1544 2411 καὶ
1576 2356 1681 2411 τοῦ
1709 2353 1863 2412 λαοῦ

292 2445 398 2500 τοῦ
435 2446 604 2510 Θεοῦ,
639 2447 735 2500 καὶ
770 2450 1112 2518 προφητεύῃ
1148 2450 1281 2518 περὶ
1302 2449 1625 2515 βασιλείας
1662 2445 1861 2512 Δαυῒδ,

293 2535 384 2590 ὅτι
419 2535 631 2605 μέλλει
657 2538 1034 2602 βασιλεύειν.
1073 2535 1200 2592 Εἶτα
1233 2538 1364 2609 φαίη
1396 2555 1478 2602 τις
1499 2538 1584 2592 ἄν·
1616 2537 1681 2589 Ὢ
1705 2537 1866 2608 ἀνοη-

290 2625 479 2678 τότατε
513 2627 742 2699 ἀνδρῶν,
765 2629 824 2681 οὐ
847 2628 1002 2693 δίδως
1031 2630 1128 2700 μὲν
1149 2629 1298 2700 αὐτῷ
1326 2629 1711 2702 προφητεύειν,
1745 2630 1866 2680 ἐπι-

290 2718 512 2789 τρέπεις
562 2720 620 2772 δὲ
667 2720 816 2791 αὐτῴ
861 2723 1144 2793 προφήτας
1192 2723 1412 2791 ἀνάγειν
1464 2723 1523 2789 ἐξ
1571 2721 1721 2792 ᾅδου,
1768 2721 1864 2775 καὶ

291 2807 615 2875 ἀγγελικοὺς
645 2810 799 2878 ἄφνω
833 2811 1281 2881 μεταστέλλεσθαι
1314 2813 1527 2884 χοροὺς,
1561 2813 1700 2883 ὅπερ
1745 2811 1864 2864 ἐστὶ

293 2900 479 2968 μεῖζον
510 2901 603 2954 καὶ
631 2899 864 2973 προῦχον
887 2903 980 2956 καὶ
1008 2903 1281 2974 θειοτέρας
1301 2903 1557 2974 ἐχόμενον
1581 2901 1860 2970 ἐξουσίας;

291 2988 403 3063 ἆρά
431 3007 497 3059 γε
526 2991 609 3054 τίς
630 2991 798 3056 οὓτως
822 2995 1038 3065 ἐνόησεν
1061 2993 1299 3059 ἀσθενῶς
1328 2995 1360 3066 ἥ
1397 2993 1662 3065 πτωχῶς;
1704 2993 1865 3048 Ἀλλά

291 3083 532 3154 μάλιστα
561 3084 659 3154 μὲν
689 3085 860 3154 ἔγωγε
891 3087 1056 3159 φαίην
1088 3087 1153 3146 ἂν
1186 3088 1613 3156 ἀνθυπενέγκας,
1641 3087 1723 3145 ὅτι
1755 3104 1863 3157 μη-

285 3174 376 3226 δέν
407 3177 810 3247 προεφήτευσεν
838 3181 866 3232 6
888 3178 1116 3250 δαίμων,
1152 3178 1227 3243 ὥς
1249 3197 1312 3249 γε
1345 3181 1438 3233 καὶ
1467 3178 1863 3251 πρόσθενέδείνο

288 3265 496 3337 ξαμεν·
547 3270 592 3320 εί
631 3269 676 3321 δ’
721 3269 829 3342 ἄρα
868 3271 962 3324 καὶ⁸
1010 3272 1344 3343 προφητείας
1391 3271 1518 3338 ἄξια
1558 3269 1861 3341 διαλεχθεὶς

286 3358 611 3429 ἐτύγχανεν,
629 3359 735 3413 οὐδ’
763 3360 934 3426 οὕτως
961 3363 1125 3434 ἐχρῆν
1150 3361 1566 3434 ὑπολαμϐάνειν,
1589 3364 1670 3416 ὅτι
1699 3359 1861 3415 πνεύ-
1887 3345 1930 3403 C

291 3470 439 3522 ματα
472 3453 567 3506 καὶ
593 3451 768 3523 ψυχὰς
797 3453 1017 3508 δικαίων
1039 3458 1067 3507 6
1091 3455 1298 3526 δαίμων
1327 3457 1598 3528 ἀνήγαγεν
1623 3455 1683 3520 ἐξ
1708 3455 1854 3526 ᾅδου⁸

289 3547 382 3599 καὶ
416 3545 526 3618 γὰρ
558 3549 587 3599 6
613 3547 865 3617 Καϊάφας
896 3548 989 3601 ἐπὶ
1011 3551 1078 3620 τῇ
1108 3549 1249 3603 κατά
1273 3549 1366 3602 τοῦ
1391 3548 1625 3621 Χριστοῦ
1660 3549 1858 3602 συστά-

289 3653 370 3688 σει
409 3637 834 3709 προεφήτευσεν,
861 3637 1117 3709 είρηκὼς,
1145 3639 1226 3692 ὅτι
1260 3640 1556 3709 Συμφέρει
1585 3639 1730 3710 ἡμῖν
1757 3641 1858 3695 ἵνα

288 3725 368 3795 εἷς
425 3729 733 3798 ἅνθρωπος
771 3731 1040 3800 ἀποθάνῃ
1086 3731 1238 3800 ὑπὲρ
1276 3733 1380 3787 τοῦ
1419 3732 1594 3797 λαοῦ,
1643 3733 1741 3786 καὶ
1768 3733 1855 3802 μὴ

290 3820 444 3875 ὅλον
492 3821 556 3874 τὸ
601 3822 772 3888 ἔθνος
811 3823 1124 3893 ἀπόληται.
1167 3825 1358 3882 Ταῦτα
1395 3826 1512 3894 μὲν
1537 3829 1647 3881 οὐκ
1689 3826 1857 3881 εἶπεν

1567 3707 1726 3720 ις’-ρ’

287 3912 391 3982 ἀφ’
424 3913 664 3967 ἑαυτοῦ
698 3914 946 3986 καθάπερ
969 3918 998 3969 6
1030 3915 1336 3985 σοφώτατος
1367 3916 1625 3984 ἐξέδωκεν
1676 3918 1857 3972 Ἰωάν-

286 4023 386 4076 νης
408 4021 421 4033 ’
457 4005 766 4073 ἀρχιερεὺς
792 4005 859 4058 δὲ
905 4005 1214 4076 τυγχάνων
1249 4008 1484 4062 ἐκείνου
1515 4008 1620 4062 τοῦ
1657 4008 1853 4075 ἐτους,

287 4097 760 4166 προεφήτευσεν.
796 4098 858 4150 Εἰ
884 4090 1122 4164 sset-.0;
1149 4099 1178 4150 6
1215 4098 1357 4152 κοιτά
1389 4099 1483 4152 τοῦ
1505 4098 1709 4169 Κυρίου
1743 4097 1855 4168 βουο

285 4190 381 4254 h;
415 4190 632 4253 ἀδίκους
659 4191 950 4262 ἀράμενος,
981 4193 1128 4264 ὅμως
1167 4193 1266 4246 οὐκ
1296 4193 1388 4262 ἀφ’
1421 4191 1614 4245 ἑαυτοῦ
1646 4210 1856 4264 προφη-

283 4286 452 4346 τεύει,
484 4282 797 4353 κινούμενος
822 4285 878 4337 δὲ
906 4285 1168 4356 δήπουθεν
1193 4286 1281 4352 ὑφ’
1303 4286 1491 4356 ἐτέρου
1519 4285 1638 4339 καθ’
1662 4285 1854 4339 ἑαυτοῦ

285 4380 518 4429 ποιεῖται
557 4374 648 4428 τὸν
680 4374 920 4446 ἕλεγχον’
953 4377 1073 4430 οὐδὲ
1113 4378 1271 4442 εἴτις
1317 4377 1472 4441 ἄλλος
1506 4378 1616 4452 ἄρα
1645 4377 1855 4433 τοιοῦτό

286 4486 334 4520 τι
377 4469 504 4539 δρᾷ,
549 4468 894 4539 προσεκτέον,
926 4470 1008 4522 ὅτι
1044 4470 1192 4542 παρά
1222 4468 1378 4524 τοῦτο
1420 4470 1696 4543 θειοτέρας
1729 4470 1854 4543 ἐξῆ-

286 4578 418 4614 πται
457 4561 756 4631 δυνάμεως.
807 4561 939 4615 Οὐδὲ
989 4563 1332 4634 ἀνασχετέον,
1385 4565 1434 4618 εί
1479 4563 1727 4634 λέγοντες
1771 4566 1852 4619 ὅτι

286 4652 516 4724 μαντείᾳ
541 4651 879 4724 δαιμονιώὸει
919 4653 1095 4724 ψυχὰς
1127 4655 1345 4726 ἀνάγειν
1399 4657 1572 4712 έοικεν
1617 4657 1675 4725 ἐξ
1724 4658 1852 4731 ᾅδου

1892 4708 1934 4763 D

1967 2071 2192 2127 haberet
2239 2071 2367 2142 quid
2417 2071 2643 2135 diceret,
2672 2070 2741 2125 ad
2781 2070 2884 2124 hoc
2919 2068 3211 2122 artiﬁciose
3266 2068 3546 2138 confugit,

1966 2165 2188 2221 aliunde
2235 2165 2575 2235 argumentis
2605 2163 2928 2234 excogitatis
2961 2181 2972 2216 :
3017 2161 3126 2232 Ego
3160 2178 3308 2224 sane,
3343 2159 3540 2230 inquit,

1967 2256 2100 2311 tales
2133 2257 2363 2311 dwmoni
2412 2257 2545 2310 vires
2607 2253 2888 2309 concedere
2945 2271 3159 2324 nequeo,
3193 2263 3249 2307 ut
3280 2254 3343 2307 de
3381 2251 3544 2308 Saule

1964 2360 2016 2404 et
2046 2350 2237 2420 populo
2266 2349 2483 2402 Domini
2523 2347 2776 2406 vaticinia
2805 2345 2958 2414 edat,
2997 2348 3121 2401 item
3151 2346 3214 2400 de
3243 2363 3400 2416 regno
3431 2345 3542 2399 Da.—

1965 2443 2072 2507 uid,
2101 2443 2253 2498 illum
2303 2442 2505 2496 scilicet
2535 2457 2691 2512 regno
2730 2440 3045 2507 potiturum.
3085 2437 3191 2494 Sed
3224 2437 3372 2494 dicet
3391 2438 3541 2507 quis.-

1967 2535 2110 2608 piam
2148 2554 2164 2591 :
2223 2532 2268 2591 0
2322 2534 2566 2591 omnium
2613 2533 2997 2588 stolidissime!
3036 2531 3115 2587 illi
3154 2532 3412 2586 vaticinia
3445 2548 3542 2587 ne-

1964 2645 2082 2700 gas,
2141 2637 2196 2686 et
2251 2629 2543 2699 prophetas
2586 2627 2656 2682 ab
2708 2625 2898 2680 inl‘eris
2944 2624 3197 2689 educere,
3256 2632 3540 2694 cmtusque

1966 2719 2258 2788 derepente
2285 2719 2623 2787 angelorum,
2653 2714 2798 2787 quod
2826 2713 3005 2782 maius
3034 2722 3121 2768 est
3149 2712 3542 2783 diviniorisque

1964 2813 2222 2884 potentiae
2264 2818 2666 2881 argumentum,
2692 2808 2994 2869 concedis?
3019 2806 3154 2872 Quis
3199 2806 3273 2860 ita
3327 2805 3541 2860 inﬁrme

1965 2911 2059 2959 aut
2085 2903 2299 2959 exiliter
2328 2918 2443 2957 rem
2477 2901 2783 2961 intellexit?
2812 2900 2904 2956 Na:
2947 2916 3046 2970 ego
3073 2899 3418 2968 potissimum
3453 2915 3539 2952 re-

1964 2994 2310 3067 sponderem,
2357 2992 2678 3056 daemonem,
2741 2999 2800 3046 ut
2841 2999 2906 3049 et.
2947 2999 3106 3046 antea
3139 2989 3537 3044 demonstravi-

1963 3085 2278 3154 mus,nih_il
2324 3084 2682 3146 vaticinatum
2722 3081 2928 3150 fuisse;
2961 3083 3055 3153 qui
3094 3082 3220 3136 licet
3250 3081 3533 3151 prophetia

1962 3194 2081 3238 non,
2127 3177 2352 3248 indigna
2394 3176 2702 3231 collocutus
2747 3172 2960 3241 fuisset,
3014 3188 3126 3228 non
3180 3171 3301 3228 ideo
3355 3182 3535 3226 tamen

1962 3268 2386 3326 existimandum
2439 3276 2576 3330 erat,
2609 3265 2836 3336 spiritus
2889 3274 2944 3321 et
2995 3265 3270 3336 justorum
3323 3264 3537 3326 animas

1966 3378 2090 3418 eum
2123 3363 2190 3416 ab
2224 3360 2414 3416 inferis
2454 3375 2735 3414 evocasse.
2771 3358 2985 3413 Etenim
3026 3364 3080 3412 et
3136 3356 3372 3427 Caiphas
3409 3372 3532 3412 cum

1965 3455 2032 3510 de
2061 3453 2282 3508 Christo
2330 3451 2734 3522 prophetasset,
2782 3449 2967 3504 dixit:
3003 3446 3225 3518 Expedit
3283 3447 3429 3501 nobis
3476 3458 3535 3502 ut

1964 3565 2099 3603 unus
2131 3547 2284 3600 homo
2313 3545 2573 3598 moriatur
2591 3559 2686 3612 pro
2701 3543 2914 3612 populo,
2937 3551 2984 3596 et
3007 3558 3110 3596 non
3142 3549 3252 3595 tota
3269 3557 3391 3611 gens
3413 3556 3534 3609 per-

1963 3650 2048 3694 eat
2073 3640 2140 3692 "°.
2197 3637 2326 3691 Ηιεε
2365 3645 2539 3690 autent
2571 3652 2674 3688 non
2718 3634 2853 3688 dixit
2899 3649 2964 3688 ex
3003 3634 3296 3701 semetipso,
3335 3640 3393 3686 ut
3425 3632 3533 3687 sci-

1963 3731 2210 3786 tissimus
2254 3728 2478 3782 tradidit
2511 3725 2781 3793 Joannes;
2823 3726 2913 3780 sed
2945 3741 3065 3779 cum
3116 3738 3244 3778 esset
3296 3725 3533 3794 pontifex

1964 3824 2091 3878 anni
2117 3823 2262 3876 illius
2291 3820 2639 3891 prophetarit.
2669 3817 2726 3873 Si
2760 3819 2869 3883 hic,
2899 3819 2993 3888 qui
3025 3827 3216 3872 contra
3239 3817 3532 3872 Dominum

1964 3915 2292 3972 sententiam
2323 3911 2586 3982 injustam
2631 3911 2773 3976 tulit,
2812 3918 2992 3965 tamen
3026 3925 3136 3974 non
3166 3925 3198 3965 a
3233 3910 3528 3980 semetipso

1962 4006 2315 4072 vaticinatur,
2350 4003 2450 4061 sed
2497 4011 2678 4057 motus
2710 4002 2976 4057 duntaxat
3016 4002 3086 4057 ab
3141 4002 3248 4063 alio
3279 4002 3531 4073 coargui-

1963 4105 2082 4166 tur;
2110 4113 2288 4169 neque
2317 4113 2448 4169 ergo
2501 4096 2549 4152 si
2578 4096 2708 4166 quis
2751 4095 2892 4150 alius
2933 4094 3078 4149 idem
3117 4092 3378 4158 ellecerit,
3413 4094 3532 4148 ideo

1962 4198 2250 4262 propterea
2297 4188 2584 4249 divinioris
2629 4203 2754 4244 eum
2779 4203 2900 4244 esse
2930 4195 3140 4250 natura:
3177 4184 3527 4241 censendum.

1961 4284 2146 4355 Neque
2169 4284 2548 4342 sustinendum
2578 4293 2660 4338 est
2695 4283 2743 4338 si
2796 4283 2981 4337 dicant
3031 4280 3321 4355 pragstigiis
3343 4279 3532 4333 diabo-

1962 4378 2086 4432 licis
2113 4377 2326 4442 animas
2375 4376 2443 4430 ab
2480 4374 2670 4430 inferis
2695 4357 3073 4443 exercitusque
3102 4371 3437 4441 angelorum,
3472 4379 3531 4424 ut

1961 4463 2198 4529 videtur,
2233 4463 2397 4518 veluti
2419 4461 2608 4525 Deum,
2645 4459 2920 4516 eduxisse.
2961 4456 3303 4516 Attendeuda
3332 4458 3529 4528 quippe

1961 4563 2098 4614 sunt
2122 4571 2243 4626 quae
2286 4555 2354 4609 de
2396 4555 2481 4609 his
2537 4552 2817 4632 prephetis
2867 4551 3186 4622 praecipiens
3237 4552 3448 4622 Moyses
3474 4552 3528 4604 in

1961 4647 2383 4716 Deuteronomio
2428 4644 2622 4700 ellatur
2656 4665 2670 4700 :
2711 4643 2772 4712 Si
2825 4645 3110 4698 surrexerit
3146 4645 3199 4697 in
3232 4643 3398 4698 medio
3453 4644 3530 4696 tui

286 4747 379 4800 καὶ
422 4746 679 4818 στρατιὰς
716 4747 980 4817 ἀγγέλων,
1025 4744 1112 4802 οἷα
1147 4749 1308 4814 Θεός·
1352 4751 1716 4806 ἐπακουστέον
1743 4751 1854 4824 γὰρ

1966 4743 2231 4813 propheta,
2282 4758 2375 4806 seu
2429 4736 2687 4799 somnium
2736 4740 3029 4806 somnians,
3082 4748 3131 4793 et
3177 4738 3379 4793 dederit
3433 4737 3529 4792 tibi

283 4833 370 4892 οἶα
403 4839 530 4909 περὶ
566 4838 676 4891 τῶν
715 4839 967 4894 τοιούτων
1008 4838 1318 4912 ἐξαγορεύει
1349 4843 1640 4914 προφητῶν
1673 4845 1730 4897 ἐν
1771 4843 1849 4916 τῷ

1966 4835 2165 4905 signum
2200 4834 2276 4888 vel
2319 4833 2638 4905 prodigium,
2666 4842 2716 4902 et
2752 4835 2974 4901 evenerit
3026 4833 3230 4903 signant
3269 4833 3374 4886 sive
3404 4847 3528 4900 pro-

283 4930 687 5002 Δευτερονομίῳ
716 4931 984 4996 θεσπίζων
1003 4933 1032 4984 6
1053 4934 1312 5003 Μωῦσῆς⁶
1349 4934 1484 4995 Ἐὰν
1504 4934 1571 4990 δὲ
1589 4934 1848 5006 ἀναστῇ,

283 5023 529 5091 φάσκων,
569 5024 640 5076 ἐν
671 5024 771 5077 σοὶ
814 5025 1142 5093 προφήτης,
1184 5027 1222 5094 ἢ
1262 5026 1756 5097 ἐνυπνιαζόμενος
1779 5029 1848 5082 τὸ

281 5114 592 5179 ἐνύπνιον,
610 5115 708 5168 καὶ
725 5115 808 5180 δῷ
824 5132 922 5170 σοι
951 5117 1200 5186 σημεῖον
1217 5117 1254 5186 ἢ
1278 5117 1469 5186 τέρας,
1490 5120 1588 5172 καὶ
1611 5121 1758 5190 ἔλθῃ
1783 5120 1849 5175 τὸ

282 5208 535 5276 σημεῖον
565 5207 604 5276 ἢ
638 5207 704 5261 τὸ
735 5209 907 5276 τέρας
939 5207 970 5262 ὅ
1002 5208 1271 5279 ἑλάλησε
1310 5211 1460 5278 πρὸς
1492 5211 1587 5275 σὲ,
1634 5211 1844 5282 λέγων’

282 5296 690 5367 Πορευθῶμεν,
719 5298 818 5351 καὶ
846 5299 1266 5369 λατρεύσωμεν
1290 5302 1446 5368 θεοῖς
1474 5301 1717 5370 ἑτέροις,
1746 5303 1853 5369 οὓς

284 5392 399 5442 οὐκ
433 5390 661 5454 οἴδατε,
702 5391 811 5444 οὐκ
860 5391 1197 5446 ἀκούσεσθε
1238 5390 1356 5446 τῶν
1382 5395 1578 5463 λόγων
1617 5395 1850 5449 ἐκείνου

284 5480 394 5534 τοῦ
438 5482 763 5551 προφήτου,
795 5485 978 5555 φησιν,
1017 5483 1058 5552 ἢ
1105 5484 1213 5538 τοῦ
1239 5484 1743 5556 ἐνυπνιαζομένου
1783 5487 1849 5541 τὸ

284 5573 572 5629 ἐνύπνιον
588 5576 800 5649 ἐκεῖνο,
831 5577 917 5634 ὅτι
937 5575 1188 5646 πειράζει
1213 5578 1424 5646 Κύριος
1448 5581 1480 5631 ό
1503 5579 1646 5645 Θεὸς
1673 5577 1845 5649 ὑμᾶς,

1348 5664 1450 5718 «57.

1954 4927 2156 4999 digium
2179 4927 2316 4998 quod
2348 4928 2553 4982 locutus
2582 4937 2658 4980 est
2680 4928 2749 4980 ad
2779 4927 3056 4994 te,,dicens
3082 4942 3099 4979 :
3124 4923 3325 4978 Eamus
3360 4933 3408 4978 et
3443 4939 3526 4977 co-

1956 5023 2128 5076 lamus
2153 5022 2274 5087 deos
2299 5022 2496 5076 alienos
2516 5036 2644 5090 quos
2667 5018 2959 5090 ignoratis;
2985 5035 3086 5071 non
3115 5016 3342 5070 audietis
3371 5013 3525 5068 verba

1953 5114 2218 5191 propheta:
2247 5114 2413 5182 illius,
2446 5114 2541 5177 ait,
2567 5121 2659 5166 aut
2698 5111 3012 5176 somniantis
3051 5110 3313 5164 somnium
3366 5107 3522 5169 illud,

1955 5195 2267 5278 quia'tentat
2308 5223 2394 5260 vos
2429 5204 2685 5266 Dominus
2720 5203 2879 5268 Deus,
2911 5212 2968 5254 ut
3003 5205 3182 5271 palam
3207 5201 3300 5269 fiat
3340 5209 3523 5252 utrum

1951 5298 2190 5370 diligatis
2245 5297 2529 5366 Dominum
2583 5298 2751 5351 Deum
2808 5306 3036 5350 vestrum
3077 5297 3141 5350 7'.
3189 5293 3384 5348 Verum
3436 5291 3525 5344 hic

1950 5394 2268 5448 dualitatem
2300 5389 2481 5454 Patris
2507 5400 2559 5446 et
2598 5391 2717 5460 ejus
2748 5389 3014 5460 unigeniti
3057 5386 3178 5440 Filii
3224 5401 3523 5456 reprmsen-

1948 5489 2094 5550 tans',
2127 5486 2358 5541 alterum
2409 5485 2628 5556 quidem
2667 5484 2956 5538 Dominum
2997 5489 3294 5537 tentantem
3344 5481 3499 5550 appel

1949 5581 2042 5644 lat,
2073 5583 2304 5636 alterum
2329 5595 2450 5636 esse
2483 5577 2772 5634 Dominum
2806 5577 2932 5633 item
2971 5583 3026 5631 et
3050 5573 3214 5630 Deum
3239 5574 3540 5642 dilectum,

362 5733 404 5762 ”
424 5732 612 5787 Matth.
659 5751 732 5802 ιν,
775 5736 827 5793 6.
894 5739 936 5768 ⁷ο
965 5733 1123 5789 Joun.
1167 5752 1239 5804 XI,
1266 5738 1376 5807 50,,
1437 5740 1472 5768 "
1509 5739 1663 5793 Deut.
1696 5756 1815 5807 xm,
1850 5741 1954 5798 1-5.

1320 5779 1398 5839 9A
