4080 6334
493 317 601 370 663

1480 321 1538 376 S.
1580 320 1951 376 EUSTATllll
1992 321 2297 380 EPISCOPI
2335 325 2750 384 ANTIOCHENI

3623 333 3725 389 σοι

496 446 558 492 ut
587 445 690 494 hoc
727 452 953 492 numero
1005 438 1217 492 binario
1265 454 1426 494 unam
1480 439 1743 497 Dcitatem
1789 442 2062 512 probaret,

2175 446 2272 501 τοῦ
2315 448 2461 501 ἰδεῖν
2500 450 2552 502 εἱ
2603 448 2870 518 ἀγαπᾶτε
2922 449 3141 518 Κύριον
3187 449 3295 504 τὸν
3347 450 3497 505 Θεὸν
3539 451 3724 520 ὑμῶν,

495 548 791 604 veramque
846 530 938 586 Dei
992 533 1419 601 generationem.
1472 534 1530 588 Si
1585 544 1763 589 autem
1797 537 2061 606 propheta

497 625 589 680 ille
635 625 728 694 qui
767 624 980 694 signum
1043 630 1136 676 aut
1170 633 1481 694 portentum
1535 626 1822 683 ostendere
1859 628 2063 697 promi-

497 724 666 775 serat.
688 714 941 770 omnibus
972 714 1147 770 modis
1177 716 1522 785 abjiciendus
1539 726 1642 782 est,
1659 717 1783 773 ideo
1805 719 1948 789 quod
1968 736 2064 775 ne-

497 805 692 863 farium
747 808 1014 862 idolorum
1071 809 1276 863 cultum
1329 810 1718 874 introduceret,
1753 811 1880 866 licet
1918 811 2061 882 signi

497 901 736 971 potentia
770 901 1129 970 pmcesserit,
1147 911 1354 972 quanto
1378 905 1552 974 magis
1583 904 1836 970 dmmoni,
1870 906 1960 976 qui
1995 905 2064 961 ab

497 989 687 1045 inferis
718 989 946 1060 spiritus
993 990 1270 1060 justorum
1304 1008 1534 1050 evocare
1574 995 1882 1065 pollicetur,
1915 997 2064 1052 nulla

497 1083 631 1138 ﬁdes
659 1090 744 1138 est
789 1083 1132 1139 adhibenda?
1168 1083 1338 1140 Nemo
1370 1095 1630 1156 prieterea
1682 1087 1932 1158 quamvis
1963 1087 2064 1142 im-

495 1177 619 1245 pius
655 1175 878 1237 diceret,
905 1177 1012 1233 illis
1037 1178 1257 1232 oracula
1283 1180 1716 1245 consulentibus,
1748 1179 1917 1237 Deum
1947 1188 2066 1237 ten-

499 1276 700 1323 tantem
748 1269 998 1338 impium,
1048 1269 1366 1336 suscitasse,
1396 1269 1731 1340 Samuelem;
1767 1281 1824 1328 ut
1864 1273 2066 1328 factum

497 1368 685 1430 postea
742 1361 1094 1417 subsecutum
1127 1362 1389 1419 daemonis
1416 1365 1767 1435 promissioni
1825 1367 2067 1422 ascribe-

497 1458 668 1512 retur,
695 1467 867 1521 eoque
915 1455 1134 1510 nomine
1189 1470 1285 1524 per
1313 1455 1556 1512 fraudem
1599 1457 1802 1514 deleret
1828 1459 2062 1529 aliquos.

497 1544 629 1598 Nam
663 1547 884 1602 omnino
932 1547 1234 1603 cavendum
1269 1556 1408 1614 erat,
1433 1558 1493 1604 ut
1522 1551 1698 1622 legum
1748 1551 1887 1605 lator
1913 1567 2069 1608 man-

496 1636 740 1701 daverat,
798 1654 828 1692 a
859 1638 1102 1694 vaticinii
1166 1640 1388 1695 scelere.
1423 1639 1505 1694 An
1565 1657 1670 1695 non
1717 1643 1943 1714 auguria
1975 1658 2070 1698 eo-

498 1742 728 1797 rumque
785 1744 980 1784 causas
1011 1731 1375 1786 exsccrandas
1421 1732 1613 1800 putas?
1643 1747 1823 1788 nonne
1871 1736 2062 1790 vatici-

498 1819 747 1874 nationes
790 1821 1203 1892 engastrimytbi
1247 1833 1300 1876 et
1337 1822 1567 1876 sortium
1613 1824 1898 1894 symbola?
1927 1827 2069 1882 Audi

498 1925 617 1979 quae
639 1910 798 1979 paulo
820 1922 940 1980 post
964 1911 1158 1965 iterum
1179 1913 1437 1982 praecepit
1457 1931 1471 1967 :
1495 1912 1555 1967 Si
1580 1914 1843 1969 introieris
1874 1917 1927 1969 in
1966 1925 2070 1972 ter-

497 2019 612 2056 ram
646 2019 801 2073 quam
828 2003 1084 2057 Dominus
1105 2002 1244 2057 Deus
1267 2013 1386 2058 tuus
1410 2003 1502 2057 dat
1535 2007 1650 2070 tibi,
1671 2023 1773 2061 non
1795 2007 1962 2062 disces
1985 2009 2070 2076 fa-

497 2105 606 2144 cere
625 2091 908 2145 secundum
927 2092 1340 2147 abominationes
1359 2095 1575 2148 illarum
1593 2098 1843 2166 gentium.
1862 2096 1911 2150 Ν
1918 2115 1983 2152 οη
1997 2101 2072 2152 in-

497 2183 733 2237 ueniatur
755 2185 809 2237 in
829 2193 878 2237 te
898 2186 987 2254 qui
1006 2185 1188 2239 lustret
1206 2185 1376 2255 ﬁlium
1397 2203 1549 2240 suum
1568 2189 1646 2243 vel
1659 2188 1825 2256 ﬁliam
1848 2205 2000 2243 suam
2017 2191 2071 2244 in

498 2277 634 2344 igne,
651 2287 699 2330 et
724 2278 1017 2332 vaticinans
1039 2279 1310 2342 vaticinia,
1329 2288 1379 2333 et
1401 2281 1610 2334 mittens
1627 2289 1814 2345 sortes,
1832 2291 1880 2334 et
1903 2298 2071 2350 augu-

497 2384 623 2422 rans
655 2370 1106 2424 incantationibus
1149 2371 1584 2438 incantationem,
1617 2375 1990 2445 ventriloquus,
2020 2384 2070 2428 et

497 2472 857 2529 portentorum
896 2464 1176 2533 inspector,
1217 2474 1266 2519 et
1298 2467 1628 2538 interrogans
1685 2478 1916 2523 mortuos
1947 2485 1965 2522 .'
1994 2477 2070 2523 est

497 2555 636 2608 cnim
693 2555 1014 2610 abominatio
1065 2556 1292 2613 Domino
1342 2561 1510 2613 omnis
1555 2561 1642 2631 qui
1683 2561 1812 2629 facit
1852 2560 1962 2615 ha'c
1997 2563 2065 2615 τ’.

499 2645 628 2702 Post
658 2648 772 2703 hac
801 2650 1034 2705 innuens
1062 2651 1226 2706 etiam
1251 2651 1572 2722 alienigenis
1613 2661 1896 2723 propterea
1931 2669 2073 2709 mor-

499 2745 607 2793 tem
666 2747 719 2793 et
777 2739 1200 2796 internecionem
1261 2741 1478 2806 minari,
1541 2743 1724 2797 statim
1779 2743 2067 2799 subdidit:

503 2831 725 2900 Propter
748 2834 887 2886 enim
917 2834 1050 2888 tales
1093 2834 1508 2889 abominationes
1538 2834 1794 2890 Dominus
1832 2838 2074 2891 extermi-

499 2923 647 2978 nabit
680 2925 805 2979 illos
838 2943 869 2979 a
906 2934 972 2980 te.
1021 2925 1370 2981 Manifestum
1423 2927 1606 2998 itaque
1650 2935 1764 2990 est,
1802 2929 2072 3000 engastri-

499 3014 670 3085 mytbi
693 3016 1138 3073 vaticinationem
1179 3033 1303 3072 cum
1350 3018 1563 3073 caeteris
1605 3017 1925 3074 idololatria:
1953 3036 2075 3074 cau-

499 3107 578 3162 sis
621 3107 973 3176 conjunctam
1003 3125 1143 3167 esse.
1179 3108 1256 3164 Ita
1289 3111 1430 3164 enim
1468 3109 1522 3163 in
1557 3108 1800 3167 febribus
1843 3111 2073 3168 interna:

500 3200 689 3255 sordes
737 3200 990 3255 morbum
1049 3202 1366 3263 incendunt,
1421 3201 1755 3273 vitiososque
1815 3207 2071 3262 humores

501 3300 797 3357 exacuunt,
845 3292 980 3348 adeo
1014 3302 1072 3348 ut
1110 3310 1175 3350 ex
1211 3301 1425 3349 tumore
1480 3307 1534 3352 et
1585 3297 1936 3366 corruptione
1963 3300 2073 3368 ple-

500 3402 732 3457 rumque
767 3394 972 3456 pestem
1003 3385 1260 3442 inferant.
1300 3385 1364 3440 Et
1415 3386 1542 3442 dum
1593 3396 1963 3458 portentorum
1997 3391 2074 3444 in-

503 3479 814 3548 spectiones
856 3479 1044 3534 tristes
1077 3479 1318 3535 visiones
1348 3480 1584 3543 vocavit,
1619 3497 1739 3550 quin
1783 3497 1878 3550 per
1906 3481 2073 3550 Euga-

503 3569 824 3641 strimythos
878 3570 1033 3624 facta:
1081 3569 1310 3625 historia
1367 3571 1680 3635 traduntur,
1712 3571 1962 3640 probavit
2019 3574 2072 3626 in

505 3663 612 3716 illis
640 3661 777 3714 nihil
815 3661 927 3715 veri
970 3662 1260 3718 contineri.
1292 3661 1436 3728 Ideo,
1483 3671 1542 3717 ut
1567 3663 1844 3726 existimo,
1882 3679 2074 3719 rursus

503 3755 557 3808 in
580 3753 823 3809 Levitico
859 3755 1186 3809 atrociorem
1223 3763 1412 3810 contra
1434 3771 1528 3811 eos
1555 3756 1880 3812 sententiam
1912 3757 2072 3821 dixit,

504 3845 592 3900 his
649 3845 784 3915 ipsis
832 3845 1016 3900 verbis
1067 3854 1343 3915 peractam
1378 3866 1392 3901 :
1422 3846 1492 3900 Et
1537 3848 1616 3900 vir
1661 3857 1755 3900 aut
1785 3847 1992 3910 mulier,
2029 3849 2074 3900 si

505 3939 636 4006 facti
677 3939 875 4007 fuerint
920 3938 1226 4008 ventriloqui
1262 3940 1339 3993 vel
1385 3941 1747 3995 incantatores
1789 3941 1927 4008 apud
1964 3957 2074 4002 vos,

507 4041 673 4084 morte
740 4032 1087 4094 moriantur;
1159 4031 1421 4100 lapidibus
1483 4032 1606 4086 illos
1674 4032 1877 4086 obruite
1935 4048 1952 4085 :
2003 4033 2077 4085 rei

505 4134 626 4177 sunt
665 4124 734 4177 ⁷³.

2175 539 2312 592 Ἀλλ’
2357 538 2590 595 ἐνταῦθα
2639 541 2735 611 μὲν
2778 541 2874 610 τὴν
2922 540 3088 596 δυάδα
3129 541 3339 614 Πατρός
3383 559 3442 595 τε
3494 543 3586 601 καί
3625 543 3723 596 τοῦ

2166 630 2484 700 μονογενοῦς
2517 630 2647 683 Υἱοῦ
2677 630 2979 702 παριστῶν,
3011 630 3168 684 ἀλλον
3216 633 3313 703 μὲν
3349 633 3440 685 τὸν
3493 631 3722 702 κπειράο

2163 717 2322 783 ζοντα
2355 718 2557 789 Κύριον
2599 720 2872 790 ὀνομάζει,
2909 719 3066 774 ἄλλον
3100 719 3155 772 δὲ
3187 719 3336 791 παρά
3375 718 3559 772 τοῦτον
3586 715 3726 778 εἶναι

2162 807 2252 861 τὸν
2279 807 2638 880 ἀγαπώμενον
2675 810 2874 881 Κύριὸν
2904 828 2964 863 τε
3003 812 3096 864 καὶ
3124 811 3274 875 Θεὸν,
3310 811 3397 864 ἴνα
3439 811 3503 863 ἐκ
3537 809 3723 875 δυάδος

2162 902 2259 973 τὴν
2287 901 2416 972 μίαν
2438 901 2689 973 ἀποδείξῃ
2724 902 2950 973 θεότητα
2977 903 3069 955 καὶ
3091 902 3190 972 τὴν
3223 901 3394 973 ἀληθῆ
3428 899 3724 969 Θεογονίαν.

2163 995 2227 1048 Ei
2263 995 2319 1048 δὲ
2347 998 2375 1049 ὁ
2403 996 2687 1066 προφήτης
2717 995 2920 1059 ἐκεῖνος
2946 996 2975 1048 ὁ
3002 995 3062 1048 τὸ
3100 996 3324 1066 σημεῖον
3361 993 3724 1064 ὑποσχόμενος

2164 1087 2290 1158 ἦτδ
2327 1086 2492 1158 τέρας
2520 1082 2794 1150 ὑποδεῖξαι
2836 1084 3181 1140 παντάπασιν
3222 1085 3545 1157 ἀποκριτέος
3586 1087 3726 1149 ἐστὶ,

2163 1177 2242 1249 τῷ
2288 1177 2386 1250 τὴν
2418 1176 2673 1248 ἀθέμιτον
2700 1176 3137 1247 εἰδωλολατρείαν
3166 1177 3519 1247 εἰσηγεῖσθαι,
3559 1176 3664 1230 κάν
3692 1180 3728 1248 ἡ

2165 1268 2258 1324 τοῦ
2287 1269 2512 1342 σημείου
2541 1269 2767 1340 δύναμις
2807 1267 3102 1340 ἐνεργοῦσα
3133 1269 3407 1340 προτρέχῃ
3427 1285 3441 1298 ·
3485 1267 3636 1338 πόσῳ
3663 1267 3731 1338 δὴ

2171 1359 2368 1431 μᾶλλον
2419 1361 2480 1414 ού
2523 1361 2629 1434 χρὴ
2675 1360 2885 1431 δαίμονι
2949 1358 3218 1412 πιστεύειν
3279 1358 3732 1429 ἐπαγγελλομένῳ

2165 1453 2342 1524 ψυχὰς
2392 1451 2452 1520 ἐξ
2499 1453 2626 1525 ᾅδου
2679 1452 3130 1524 μεταπέμπεσθαι
3177 1454 3268 1506 καὶ
3317 1453 3599 1523 πνεύματα
3649 1452 3733 1506 δι-

2168 1545 2366 1608 καίων;
2414 1544 2551 1598 Ἀλλ’
2583 1544 2704 1598 οὐδέ
2732 1545 2864 1615 φαίη
2897 1562 2980 1608 τις
3008 1544 3072 1598 ἂν
3097 1545 3330 1609 ἀσεϐῶν,
3359 1545 3439 1598 ὅτι
3467 1562 3733 1616 μαντευο-

2172 1638 2346 1708 μένων
2377 1637 2598 1691 ἐκείνων
2623 1641 2652 1691 ὁ
2679 1638 2810 1702 Θεὸς
2843 1638 3108 1709 ἀνέστησε
3139 1639 3230 1692 τὸν
3259 1640 3508 1711 Σαμουὴλ
3539 1641 3733 1694 ἐκπει-

2171 1730 2332 1802 ράσαι
2363 1730 2452 1784 τὸν
2481 1731 2664 1785 ἄδικον
2711 1730 2933 1794 ἐθέλων,
2973 1731 3058 1784 ἵνα
3092 1732 3370 1804 ἐπιγράψῃ
3396 1736 3462 1804 τῇ
3494 1732 3587 1786 τοῦ
3616 1733 3735 1786 δαί-

2099 1801 2142 1855 Β
2173 1801 2331 1893 μονος
2361 1822 2660 1893 ἐπαγγελίᾳ
2689 1822 2748 1875 τὸ
2787 1821 2988 1894 δρᾶμα,
3023 1823 3116 1877 καὶ
3145 1801 3235 1876 διά
3262 1801 3418 1895 τῆσδε
3437 1801 3549 1894 *τῆς
3593 1843 3734 1896 προ-

2171 1915 2384 1984 φάσεως
2448 1916 2630 1986 ἀπάτῃ
2702 1913 2898 1994 φθεοίρῃ
2976 1914 3156 1977 τινάς·
3219 1915 3427 1986 ἀνάγκη
3503 1915 3614 1988 γὰρ
3671 1917 3736 1981 ἐξ

2171 2007 2407 2069 ἅπαντος
2456 2005 2813 2076 φυλάττεσθαι
2850 2006 2911 2059 τὸ
2952 2006 3051 2076 τῆς
3098 2007 3351 2077 μαντείας
3397 2006 3549 2076 ἀγος,
3595 2007 3672 2071 ὡς
3703 2011 3734 2064 6

2170 2097 2463 2170 νομοθέτης
2491 2097 2792 2151 ἐθέσπισενο
2822 2096 2932 2150 ἀλλ’
2966 2097 3027 2149 ού
3060 2098 3279 2169 μυσαρά
3309 2115 3391 2162 τις
3418 2100 3630 2168 ἡγεῖται
3663 2100 3736 2152 τὰ

2169 2188 2271 2260 τῆς
2309 2187 2694 2250 οίωνοσκοπίας
2735 2187 2900 2249 αἴτια,
2931 2188 3030 2241 καὶ
3056 2187 3125 2242 τὰ
3154 2189 3254 2258 τῆς
3294 2190 3733 2261 ἐγγαστριμύθοι)

2175 2283 2401 2351 μαντεῖα
2427 2281 2521 2333 καὶ
2545 2279 2785 2350 σύμϐολα
2817 2282 3111 2354 κλῃδόνων;
3149 2281 3418 2335 Ἀκουέτω
3438 2283 3553 2346 πῶς
3575 2283 3738 2351 ὀλίγα.

2173 2371 2408 2444 πρόσθεν
2432 2371 2675 2442 ὑπερϐὰς
2698 2373 3015 2442 ἐδογμάτισε
3041 2373 3226 2427 πάλινο
3268 2373 3400 2426 Ἐὰν
3422 2372 3509 2436 δὲ,
3541 2375 3734 2442 φησὶν,

2171 2466 2451 2534 εὶσέλθῃς
2480 2468 2566 2532 είς
2597 2465 2712 2534 τὴν
2748 2465 2865 2536 γῆν
2894 2465 2974 2534 ἢν
3021 2469 3233 2535 Κύριος
3260 2469 3292 2520 ό
3327 2467 3469 2533 Θεός
3499 2482 3613 2521 σου
3652 2467 3738 2520 δί-

2171 2557 2321 2611 δωσί
2344 2573 2461 2621 σοι,
2491 2559 2561 2610 οὐ
2591 2555 2837 2626 μαθήσῃ
2859 2556 3053 2610 ποιεῖν
3073 2557 3220 2611 κατὰ
3249 2558 3318 2611 τὰ
3343 2557 3737 2628 βδελύῃματα

2173 2649 2288 2704 τῶν
2333 2651 2522 2708 ἐθνῶν
2567 2649 2844 2704 ἐκείνωνο
2909 2652 3017 2718 οὐχ
3073 2649 3451 2719 εὑρεθήσεται
3507 2653 3578 2704 ἐν
3630 2653 3732 2705 σοι

2173 2741 2600 2810 περικαθαίρων
2635 2739 2742 2793 τὸν
2783 2738 2917 2795 υἱὸν
2953 2741 3138 2795 αὐτοῦ
3172 2741 3270 2794 καὶ
3295 2740 3407 2808 τὴν
3443 2741 3736 2810 θυγατέρα

2173 2833 2358 2888 αὐτοῦ
2393 2833 2462 2887 ἐν
2506 2833 2671 2902 πυρὶ,
2709 2833 2806 2886 καὶ
2840 2833 3279 2902 μαντευόμενος
3297 2833 3595 2901 μαντείαν,
3632 2831 3740 2886 καὶ

2175 2921 2687 2992 κλῃδονιζόμενος,
2773 2921 2871 2976 καὶ
2940 2920 3337 2991 οἰωνιζόμενος
3397 2922 3734 2990 φαρμάκοις

2173 3013 2481 3082 ἐπαοιδὴν,
2513 3014 2996 3085 ἐγηηαστρίμυθος,
3031 3016 3484 3081 τερατοσκόπος,
3515 3013 3740 3082 ἐπερω-

2175 3107 2293 3161 τῶν
2319 3107 2460 3173 τοὺς
2479 3109 2748 3176 νεκρούς·
2776 3107 2908 3160 ἔστι
2935 3108 3041 3176 γὰρ
3063 3105 3376 3176 βδέλυγμα
3399 3107 3588 3173 Κιιρίῳ
3619 3105 3741 3173 πᾶς

2177 3206 2209 3256 ό
2254 3201 2438 3255 ποιῶν
2478 3202 2683 3256 ταῦτα.
2729 3200 2883 3254 Μετά
2920 3200 3076 3254 τοῦτο
3123 3197 3358 3271 μηνύων,
3392 3201 3473 3252 ὅτι
3505 3200 3740 3264 καὶτοῖς

2177 3294 2488 3364 ἀλλογενέσι
2531 3293 2618 3346 διὰ
2662 3291 2834 3347 ταῦτα
2875 3291 3105 3346 θανάτου
3146 3291 3356 3360 γένεσιν
3395 3291 3606 3345 ἀπειλεῖ
3645 3292 3742 3346 καὶ

2180 3387 2414 3457 φθορὰν,
2462 3387 2738 3456 ἐπήγαγεν
2778 3384 2977 3447 εὐθέως
3003 3402 3016 3415 ο
3051 3385 3271 3439 ’Ἑνεκα
3303 3384 3410 3452 γὰρ
3446 3382 3564 3436 τῶν
3593 3382 3743 3446 βδε-

2177 3482 2215 3532 .1
2225 3476 2492 3547 υτμὰτων
2509 3476 2732 3530 τούτων
2741 3476 2950 3544 Κύριος
2964 3475 3373 3542 ἐξολοθρεύσει
3391 3475 3606 3540 αὐτοὺς
3621 3475 3745 3528 ἀπὸ

2180 3571 2314 3624 σοῦ.
2348 3569 2597 3622 Φαίνεται
2641 3567 2838 3630 τοίνυν,
2881 3567 2956 3630 ὡς
2989 3569 3022 3638 η
3060 3567 3284 3638 μαντεία
3324 3568 3420 3638 τῆς
3450 3568 3744 3636 ἐγγαστρι-

2185 3660 2352 3731 μύθου
2395 3658 2742 3724 συνέζευκται
2779 3657 2916 3728 μετὰ
2963 3657 3177 3710 πάντων
3205 3656 3339 3724 ὁμοῦ
3375 3657 3480 3711 τῶν
3529 3657 3626 3726 τῆς
3663 3658 3746 3708 εί-

2179 3751 2569 3822 δωλολατρείας
2615 3748 2835 3803 αἰτιῶν·
2885 3747 3072 3818 ὥσπερ
3107 3748 3166 3802 ἐν
3205 3749 3421 3819 πυρετῷ
3463 3747 3747 3801 auﬁdium:

2180 3844 2387 3898 ἔνδοθεν
2452 3844 2825 3915 ὑποκειμένων
2892 3842 3187 3914 ἐγερτικῶν
3256 3842 3352 3912 μὲν
3408 3840 3743 3912 ἀρρωστίας,

2181 3936 2618 4008 ὑπεκκαυμάτων
2649 3937 2706 3989 δὲ
2741 3936 3045 4007 μοχθηρῶν,
3082 3934 3280 4005 οίδήσει
3314 3934 3406 3986 καὶ
3439 3932 3612 4002 φθορᾷ
3641 3932 3744 4000 τὴν

2182 4029 2398 4100 λυμώδη
2440 4029 2590 4083 νόσον
2633 4028 2890 4082 ἀποκύειν
2922 4025 3208 4080 εἰωθότων.
3244 4026 3306 4078 Εἰ
3337 4025 3393 4078 δὲ
3423 4025 3486 4094 δὴ
3518 4025 3610 4077 καὶ
3652 4040 3746 4075 τε-

2186 4123 2550 4194 ρατοσκοπίας
2600 4122 2843 4192 ὠνόμασε
2886 4120 2984 4184 τὰς
3023 4119 3261 4189 ἀμειδεῖς
3301 4117 3584 4180 ὀπτασίας,
3616 4117 3745 4168 ὅσαι

505 4217 591 4270 διὰ
619 4217 725 4270 τῶν
755 4219 1208 4290 ἐγγαστριμύθων
1236 4220 1589 4292 ἱστοροῦνται,
1624 4220 1966 4290 συνέστησεν,
1991 4220 2070 4273 ὃτι
2105 4219 2268 4291 μηδέν
2291 4219 2438 4272 ἐστιν
2461 4217 2655 4289 ἀληθὲς
2683 4217 2739 4269 ἐν
2763 4217 2944 4280 αὐτοῖς
2993 4232 3006 4247 °
3039 4214 3302 4278 ἐντεῦθεν,
3361 4210 3530 4282 οἶμαι,
3581 4211 3749 4264 πάλιν

508 4315 564 4366 ἐν
596 4313 674 4385 τῷ
706 4314 974 4385 Λευῖτικῷ
1015 4315 1469 4388 σκυθρωποτέραν
1507 4317 1778 4384 ἀπόφασιν
1835 4317 2090 4388 ἐξήνεγκε
2149 4318 2266 4371 κατ’
2300 4315 2496 4379 αὐτῶν,
2533 4311 2826 4382 ἐπαγαγὼν
2867 4313 3045 4374 αὐτοῖς
3080 4312 3304 4382 ῥήμασισ
3359 4309 3467 4363 Καὶ
3511 4307 3671 4376 ἀνὴρ
3703 4309 3746 4376 ἦ

507 4409 682 4480 γυνὴ,
712 4409 970 4481 φάμενος,
998 4410 1075 4465 ἂν
1101 4410 1338 4481 γένηται
1369 4414 1833 4484 ἐγγαστρίμυθος
1861 4415 1898 4483 ἣ
1925 4412 2196 4476 ἐπαοιδός
2248 4413 2319 4467 ὲν
2365 4412 2526 4483 ὑμῖν,
2577 4409 2805 4472 θανάτῳ
2858 4407 3377 4468 θανατούσθωσαν,
3415 4404 3604 4468 λίθοις
3661 4404 3729 4455 ,ιι

509 4509 860 4562 θοϐολίσατε
889 4510 1110 4576 αὐτούς
1128 4527 1140 4540 ο
1175 4509 1378 4580 ἔνοχοί
1403 4512 1585 4565 εἰσιν.

579 4597 749 4654 XXV.
790 4598 931 4665 Quid
959 4599 1050 4655 hic
1107 4601 1274 4673 igitur
1326 4602 1510 4658 dicent
1557 4603 1648 4673 qui
1689 4618 1860 4658 novas
1899 4602 2073 4674 Orige-

2251 4597 2418 4653 XXV.
2459 4596 2523 4648 Τί
2576 4595 2754 4648 τοίνυν
2801 4594 2960 4661 φασιν
2995 4591 3044 4644 oi
3072 4588 3170 4652 τὰς
3222 4585 3525 4658 Ὧριγένους
3566 4585 3753 4640 ἀσπα-

511 4693 599 4750 nis
666 4693 967 4749 sententias
1043 4693 1449 4764 amplectendas
1522 4711 1644 4751 esse
1713 4695 2083 4751 contendunt?

512 4781 710 4839 Utrum
735 4780 903 4835 veluti
928 4779 1292 4850 pessimarum
1333 4784 1531 4838 artium
1561 4794 1876 4854 operatores
1905 4784 2084 4857 Enga—

514 4873 836 4945 strimythos
869 4872 1026 4943 jubet
1076 4875 1274 4939 occidi,
1309 4875 1393 4931 vel
1434 4892 1465 4929 e
1502 4877 1779 4930 contrario
1819 4878 2086 4932 bonorum

514 4984 740 5039 operum
773 4967 1173 5038 praeceptores?
1215 4966 1350 5022 Nam
1413 4967 1460 5022 si
1507 4967 1798 5038 impiorum
1838 4978 1965 5023 sunt
1987 4985 2087 5024 au-

516 5069 697 5118 ctores
721 5061 1050 5125 facinorum,
1068 5060 1192 5130 jure
1217 5060 1394 5131 legum
1432 5060 1572 5115 lator
1592 5059 1964 5124 dctestandos,
1995 5061 2090 5131 qui

519 5154 656 5210 nihil
703 5154 815 5209 veri
869 5153 1248 5225 pronuntiant,
1294 5152 1579 5219 eliminat;
1633 5153 1717 5207 sin
1761 5153 2088 5224 optimarum

520 5246 796 5303 actionum
847 5246 1093 5319 magistri
1132 5252 1280 5309 sunt,
1316 5245 1519 5299 frustra
1570 5244 1625 5298 in
1671 5261 1768 5301 eos
1800 5246 1881 5300 lex
1922 5245 2086 5298 anim-

524 5338 774 5392 advertit.
830 5338 1040 5409 Quippe
1092 5338 1137 5393 si
1185 5339 1253 5393 ab
1316 5338 1508 5393 inferis
1580 5337 1791 5392 animas
1852 5337 2090 5392 educunt

521 5447 644 5501 qua;
671 5446 794 5485 cum
837 5431 944 5484 huc
974 5430 1294 5486 advenerim
1327 5430 1509 5486 futura
1539 5429 1860 5500 praedicant,
1906 5445 2092 5485 neces-

525 5525 670 5578 saria
703 5507 1070 5592 indigentibus
1114 5523 1319 5578 utiliter
1359 5531 1693 5594 suggerunt;
1729 5522 1931 5592 injuste
1960 5537 2089 5592 ergo

523 5617 799 5688 lapidibus
831 5614 989 5669 obrui
1018 5615 1394 5671 benefactores
1418 5617 1596 5685 legum
1621 5615 1760 5670 lator
1792 5617 2045 5685 prmcepit
2075 5634 2086 5667 :

598 5799 645 5834 "
669 5798 826 5856 Deut.
853 5814 1008 5866 xvm,
1048 5798 1191 5855 9-1‘2.
1256 5798 1300 5831 ⁷³
1319 5797 1486 5854 Leuit.
1527 5813 1619 5863 xx,
1651 5797 1739 5853 27.

2190 4693 2350 4755 στέας
2379 4689 2517 4744 εἶναι
2549 4687 2820 4759 τιθέμενοι
2853 4682 3199 4750 δοξοκοπίαςς
3232 4680 3463 4753 Πότερον
3491 4677 3565 4742 ὼς
3607 4679 3753 4749 ἐχθί-

2190 4804 2328 4841 στων
2363 4782 2807 4854 ἐπιτηδευμάτων
2835 4777 3039 4839 αἰτίους
3069 4772 3406 4846 ἀναιρεῖσθαι
3430 4771 3754 4842 προστάττει

2190 4870 2316 4942 τοὺς
2350 4873 2839 4948 ἐγγαστριμύθους,
2877 4871 2910 4943 ἢ
2935 4867 3239 4923 τούναντίον
3267 4865 3342 4929 ὡς
3371 4863 3592 4933 ἀγαθῶν
3624 4863 3754 4916 ὐπο-

2191 4970 2430 5042 θήμονας
2461 4969 2675 5040 ἐργωνς
2707 4967 2768 5019 Ei
2805 4963 2902 5034 μὲν
2940 4957 3031 5014 οὖν
3071 4956 3282 5014 ἀσεϐῶν
3316 4955 3422 5010 είσὶ
3462 4953 3756 5026 δραμάτων

2190 5061 2502 5133 αὐτουργοὶ,
2533 5057 2752 5119 δικαίως
2779 5059 2807 5108 ὁ
2834 5052 3127 5125 νομοθέτης
3155 5048 3451 5105 ἀπελαύνει
3473 5057 3599 5110 τους
3626 5049 3754 5099 ἐνα-

2193 5159 2331 5224 γεῖς,
2363 5152 2512 5206 οὑδὲν
2545 5146 2991 5216 είσαγγέλλοντας
3028 5141 3252 5213 ἀληθέςο
3297 5142 3345 5193 εί
3373 5139 3430 5192 δὲ
3458 5137 3755 5192 καλλίστων

2195 5245 2414 5316 είιρεταὶ
2449 5239 2697 5312 πράξεών
2740 5240 2864 5300 εἱσι,
2895 5234 3162 5306 περιττῶς
3203 5236 3232 5288 ὁ
3258 5231 3420 5302 νόμος
3456 5229 3755 5301 ἐψηφίσατο

2197 5337 2314 5390 κατ’
2349 5333 2544 5387 αὐτῶν.
2574 5333 2637 5384 El
2677 5329 2786 5401 γάρ
2815 5328 3072 5397 ἀνάγουσι
3104 5326 3202 5397 μὲν
3243 5323 3302 5390 ἐξ
3328 5323 3451 5395 ᾷδου
3476 5320 3670 5392 ψυχὰς,
3697 5318 3754 5373 al

2195 5428 2250 5480 δὲ
2273 5424 2659 5496 ἀφικνούμεναι
2690 5423 2847 5496 δεῦρο
2875 5421 3196 5492 κηρύττουσι
3224 5418 3286 5470 τὸ
3315 5417 3522 5487 μέλλον,
3547 5409 3732 5482 ἐφοδιά

2198 5521 2349 5586 ζουσι
2407 5518 2532 5581 τοὺς
2579 5517 2862 5588 δεομένους
2914 5512 3229 5582 ἐπωφελῶς,
3271 5511 3332 5563 οὐ
3381 5506 3602 5570 δικαίως
3648 5503 3754 5572 ἄρα

2196 5610 2582 5666 λιθοϐολείσθαι
2611 5613 2733 5675 τοὺς
2757 5609 3047 5680 εὐεργέτας
3073 5605 3355 5660 ἐθέσπισεν
3386 5605 3413 5656 ὁ
3443 5599 3752 5674 νομοθέτης·
