4080 6334
314 332 415 387 665

1227 329 1315 383 DE
1347 326 1935 385 ENGASTRIMYTHO
1958 327 2235 385 CONTRA
2265 326 2635 383 ORIGENEM.

3448 325 3555 384 666

310 453 446 508 ὥστε
470 453 617 506 δυοῖν
650 454 862 523 ἀνάγκη
894 453 1139 523 θάτερον,
1167 454 1197 524 ἢ
1234 453 1435 515 ταύτας
1467 451 1763 523 ἀχρειῶσαι
1784 451 1849 504 τά

1955 506 1957 512 λ
1987 454 2059 504 ita
2095 458 2153 503 ut
2185 466 2352 505 unum
2394 466 2461 504 ex
2504 449 2718 504 duobus
2767 462 2989 504 necesse
3019 446 3165 502 iactu
3203 446 3297 511 sit,
3325 455 3419 501 aut
3452 448 3552 505 has

308 545 511 616 φωνὰς,
549 547 581 616 ἢ
618 546 686 598 τά
730 546 826 616 τῆς
875 545 1310 616 ἐγγαστριμύθου
1358 546 1577 615 ῥήματα
1612 542 1879 596 διαϐαλεῖν

307 638 381 702 ὡς
410 638 553 691 ἐωλα
592 640 685 692 καὶ
719 637 911 708 ψευδῆ.
959 637 1115 691 Ἀλλά
1145 638 1196 689 τί
1224 636 1445 707 φῶμεν;
1492 635 1879 702 Ἀντιδοξοῦσιν

307 730 527 793 ἑαυταῖς
556 732 613 784 αἱ
644 730 783 785 θεῖαι
814 730 1023 801 Γραφαί
1049 747 1062 795 ;
1090 733 1207 793 ταῖς
1237 730 1291 782 δέ
1326 728 1543 792 πολλαῖς
1572 730 1605 799 η
1647 728 1742 799 μία
1776 727 1878 799 μά-

306 838 459 892 χεται
501 822 718 893 ψῆφος
763 822 826 875 Ei
872 822 915 875 δ’
962 822 1069 893 ἄρα
1109 822 1203 874 καὶ
1248 821 1393 892 μάχη
1434 821 1517 883 τίς
1557 821 1724 882 ἐστιν,
1758 820 1878 871 ἐπι-

302 912 570 985 κρατοῦσι
622 912 831 967 πολλαί.
873 912 983 967 Καὶ
1036 913 1141 983 μὴν
1181 914 1245 964 ἐκ
1276 912 1383 964 τῶν
1417 910 1674 963 ἐναντίων
1704 908 1875 972 οὕτως

298 1004 568 1076 ὁμοφώνῳ
612 1004 827 1075 συνοδίᾳ
857 1004 1323 1075 καταψηφίζονται
1354 1004 1460 1057 τῶν
1504 1001 1873 1073 ἐγγαστριμύ-

300 1097 409 1152 θων
440 1099 514 1163 ὠς
544 1099 730 1152 ἀνόσια
760 1098 1021 1170 δρῶνται·
1067 1099 1218 1153 οὐδὲν
1245 1095 1405 1171 ἧττον
1442 1098 1520 1151 ἔτι
1554 1100 1656 1152 κάν
1690 1102 1753 1170 τῇ
1783 1116 1871 1151 τε-

295 1191 471 1263 τάρτῃ
516 1190 623 1243 τῶν
650 1190 948 1244 Βασιλειῶν
986 1192 1380 1263 ἀνειλημμένον
1417 1193 1589 1256 ἐστὶν,
1638 1192 1719 1245 ὅτι
1749 1194 1873 1245 Μα-

293 1282 502 1353 νασσῆς
535 1281 632 1351 μὲν
667 1282 921 1345 ἀσεὸείας
954 1281 1223 1354 ὑπερϐολῇ
1253 1283 1387 1354 πρὸς
1420 1278 1503 1347 οἷς
1544 1282 1871 1336 ἐδικαιοκτό-

294 1389 398 1436 νει,
444 1373 538 1427 καὶ
569 1373 827 1437 παντοίας
856 1373 1188 1445 ἐθρήσκευεν
1233 1374 1667 1446 εῖδωλομόριρους
1715 1373 1866 1437 ὔλαςο

301 1461 623 1527 Ἐποίησεν
678 1462 889 1528 ἐαυτῷ,
954 1464 1138 1533 φησὶν,
1196 1463 1703 1533 ἐγγαστριμύθους
1770 1463 1869 1518 καὶ

287 1553 594 1623 τνὼσταςο
643 1555 1012 1626 ἀντιστρόφως
1052 1554 1099 1607 δ’
1149 1550 1214 1609 αὖ
1241 1554 1411 1622 ⁸’πάλιν
1456 1558 1484 1608 6
1524 1554 1868 1625 δικαιοσύνης

285 1647 458 1717 ἀρετῇ
506 1646 814 1717 διαπρέψας
872 1647 1079 1710 Ἰωσίας
1124 1649 1154 1699 6
1206 1646 1457 1717 βασιλεὺς
1506 1647 1720 1700 ἅπαντα
1767 1645 1865 1715 μὲν

282 1736 421 1807 ὁμοῦ
466 1737 535 1790 τά
574 1739 925 1810 χειρότευκτα
959 1738 1205 1793 καθεῖλεν
1237 1737 1606 1809 ἀφιδρύματα,
1650 1738 1781 1809 πυρὶ
1806 1737 1863 1790 δὲ

1983 558 2145 597 voces
2181 550 2442 613 tanquam
2474 542 2696 596 inutiles
2736 540 2995 610 abjicere,
3023 540 3105 596 vel
3134 541 3550 612 cngastrimythi

1982 636 2146 689 verba
2202 642 2461 706 tanquam
2513 634 2647 689 falsa
2702 641 2863 704 atque
2918 648 3059 688 vana
3099 633 3402 689 criminari.
3442 633 3547 689 Sed

1979 729 2109 799 quid
2157 728 2443 783 dicemus?
2474 727 2794 799 Pugnantne
2840 728 2982 782 inter
3011 743 3070 784 se
3107 742 3275 782 sacra:
3321 726 3553 783 litterae?

1978 832 2047 870 an
2088 833 2195 871 una
2226 818 2495 872 sententia
2533 818 2721 872 multis
2752 816 3111 872 adversatur?
3141 816 3197 871 Si
3226 832 3346 886 qua:
3367 825 3548 873 tamen

1977 910 2121 965 inter
2164 925 2258 965 eas
2318 909 2689 964 controversia
2736 916 2853 973 est,
2902 908 3101 978 potiori
3159 924 3348 965 eorum
3404 911 3547 980 parti

1976 1004 2155 1074 palma
2196 1002 2375 1056 danda
2430 1009 2533 1057 est.
2597 999 2663 1054 Et
2708 1008 2888 1055 tamen
2953 1002 3241 1054 contraria:
3293 1002 3547 1057 omnibus

1975 1093 2262 1150 sententiis
2337 1094 2393 1147 in
2454 1092 3008 1163 engastrimytborum
3071 1093 3542 1158 condemnationc,

1972 1195 2231 1257 tanquam
2262 1200 2452 1241 eorum
2491 1185 2585 1255 qui
2629 1185 2796 1254 impie
2826 1191 3012 1254 agunt,
3047 1197 3399 1241 concurrunt.
3433 1186 3545 1243 Nec

1973 1277 2154 1332 minus
2186 1286 2445 1347 praeterea
2477 1277 2531 1330 in
2558 1287 2757 1347 quarto
2784 1276 2988 1349 Regum
3025 1278 3252 1333 relatum
3290 1288 3395 1344 est,
3430 1280 3545 1334 Ma-

1972 1383 2189 1423 nassem
2221 1368 2517 1438 impietatis
2545 1384 2796 1432 excessu,
2836 1377 3030 1439 praeter
3056 1369 3328 1439 justorum
3356 1388 3540 1439 neces,

1969 1458 2224 1512 omnibus
2271 1460 2435 1513 rebus
2478 1473 2596 1528 quae
2629 1458 2771 1512 idola
2806 1475 2917 1529 pra:
2976 1476 3034 1516 se
3074 1460 3321 1515 ferebant
3367 1463 3539 1517 servi-

1969 1546 2113 1605 visse
2148 1568 2159 1603 :
2199 1548 2347 1603 Fecit
2379 1549 2481 1604 sibi
2516 1552 2638 1619 ipsi,
2674 1551 2748 1603 ait
2771 1550 2836 1615 7",
2869 1552 3314 1621 engastrimgthos
3341 1561 3389 1606 et
3411 1569 3541 1623 gno-

1968 1651 2103 1696 stas.
2143 1640 2218 1695 Ex
2254 1643 2426 1697 altera
2479 1658 2607 1697 vero
2653 1651 2830 1713 parte,
2880 1642 2974 1712 qui
3014 1642 3241 1712 iustitia:
3282 1644 3442 1700 laude
3474 1646 3539 1698 il-

1968 1731 2126 1795 luxit,
2160 1730 2339 1787 Josias
2376 1748 2469 1787 rex
2513 1747 2703 1787 omnes
2749 1732 2910 1786 simul
2947 1731 3289 1788 manufactas
3329 1742 3537 1788 statuas

283 1798 606 1899 τεφρώσας..
630 1798 921 1899 ὴιράνισενο
965 1830 1024 1883 οὐ
1078 1830 1183 1901 μὴν
1214 1798 1351 1884 ἀλλά
1372 1798 1455 1898 ’γὲ
1490 1798 1625 1901 πρὸς
1652 1798 1849 1892 τούτοις

1966 1824 2229 1892 dejectas,
2266 1826 2390 1894 igne
2423 1835 2776 1895 consumptas
2809 1825 3029 1880 delevit.
3071 1822 3217 1880 Inter
3243 1831 3439 1881 caetera
3481 1834 3537 1881 et

280 1919 553 1990 ἀφεῖλεν,
606 1920 746 1993 ἔφη,
805 1922 944 1989 τοὺς
986 1922 1529 1992 ἐγγαστριμύθους,
1576 1921 1672 1975 καὶ
1717 1920 1859 1987 τοὺς

280 2014 576 2081 τνώστας,
622 2015 722 2068 καὶ
780 2015 852 2069 τὰ
883 2014 1151 2084 θεραφὶμ,
1201 2014 1298 2068 καὶ
1348 2014 1419 2068 τὰ
1469 2013 1709 2077 εἴδωλα,
1760 2015 1857 2069 καὶ

278 2104 350 2158 τὰ
400 2107 751 2173 καρασαείν·
813 2102 932 2160 εἶτα
991 2105 1083 2159 καὶ
1150 2107 1266 2177 μετ’
1334 2105 1490 2173 ὀλίγα
1536 2105 1719 2175 φησὶν,
1774 2107 1856 2160 ὅτι

276 2194 368 2246 καὶ
394 2195 779 2264 ἐνεπύρισεν,
808 2196 883 2261 ὡς
918 2196 1150 2267 ἀθέμιτα
1195 2194 1414 2266 δηλαδή.
1448 2195 1747 2263 Τοιγαροῦν
1780 2196 1857 2249 εί-

278 2304 383 2356 περ
416 2289 446 2340 ὀ
493 2289 658 2353 αὐτός
702 2291 817 2342 ἐστι
850 2290 1199 2361 συγγραφεὺς
1243 2288 1502 2359 ἐκατέρου
1552 2288 1643 2342 τοῦ
1677 2290 1858 2360 γράμ-

278 2396 468 2449 ματος,
515 2382 748 2435 ἐνταῦθα
788 2382 844 2435 δὲ
876 2381 969 2434 δύο
1000 2382 1265 2454 πρόσωπα
1300 2379 1529 2449 βιολογεῖ
1572 2380 1849 2450 βασιλέων,

274 2467 393 2526 εἶτα
437 2473 649 2526 τούτοιν
674 2474 733 2527 τὸ
766 2474 862 2544 μὲν
891 2474 1073 2528 ἄδικον
1102 2475 1309 2543 εἰσάγει
1340 2474 1444 2549 [ὃτι
1487 2476 1646 2549 πρὸς]
1673 2477 1851 2542 ἄλλοις

274 2566 449 2619 εἵλετο
476 2567 571 2618 καὶ
605 2564 711 2619 τῶν
736 2565 1208 2637 ἐγγαστριμύθων,
1238 2567 1298 2621 τὸ
1322 2568 1377 2621 δέ
1402 2569 1545 2641 ζήλῳ
1565 2570 1849 2639 διεγηγερ-

277 2661 439 2729 μένον
474 2660 707 2721 ἐπαινεῖ,
743 2657 821 2728 τῷ
858 2659 950 2712 καὶ
987 2661 1113 2723 τοὺς
1152 2661 1620 2731 ἐγγαστριμύθους
1661 2660 1848 2729 ἐξᾶραι

274 2752 410 2822 πρὸς
450 2750 624 2804 ἅπασι
662 2753 774 2813 τοῖς
817 2750 1050 2821 ἐχθροῖς.
1083 2752 1146 2805 Ei
1190 2752 1246 2805 δὲ
1280 2751 1454 2806 ταῦτα
1497 2752 1667 2816 οὕτως
1714 2752 1845 2822 ἔχει,

273 2842 625 2911 συνέστηκεν,
665 2842 746 2894 ὅτι
777 2843 875 2912 οὐχ
914 2842 1090 2913 ἐαυτῷ
1126 2844 1435 2914 μαχομένας
1466 2841 1693 2908 ἐξεδίδου
1738 2861 1847 2912 φω-

270 2933 383 2997 νάς.
429 2932 556 2984 Οὐδ’
592 2928 658 2985 αὖ
693 2932 754 2984 τὸ
782 2930 1005 3003 Πνεῦμα
1035 2934 1096 2987 τὸ
1124 2934 1276 3002 ἇγιον
1314 2933 1551 3003 ἔφασκεν
1580 2934 1847 3005 ἀναϐεϐη-

269 3025 427 3078 κέναι
471 3024 564 3077 τὸν
610 3023 880 3095 Σαμουὴλ,
925 3024 1059 3078 ἀλλά
1096 3027 1224 3089 τοὺς
1271 3026 1367 3096 τῆς
1407 3027 1844 3097 ἐγγαστριμύθου

266 3118 508 3191 διηγεῖτο
535 3117 744 3186 λόγους,
779 3118 854 3181 ὡς
896 3116 1033 3188 ᾤετο
1068 3118 1161 3171 καὶ
1205 3119 1263 3171 τὸ
1312 3119 1487 3172 δοκεῖν
1535 3121 1845 3191 ἐκόμπαζεν

268 3212 455 3282 ἐκείνη
500 3211 980 3280 φαντασιοκοπίαις
1032 3212 1411 3284 ἀναπτεροῦσα
1458 3213 1548 3265 τὸν
1582 3213 1847 3285 δυνάστην

267 3304 502 3374 ἀδήλοις·
556 3304 616 3355 οὐ
651 3303 759 3374 γάρ
802 3302 867 3355 ἂν
906 3300 1082 3373 ἐαυτῷ
1116 3305 1207 3355 καὶ
1234 3305 1351 3367 ταῖς
1392 3304 1577 3367 ἄλλαις
1608 3306 1845 3371 άπάσαις

267 3396 503 3465 ἐμάχετό
533 3412 648 3458 πως
678 3395 937 3466 Γραφαῖς.
980 3393 1117 3446 Ἀλλ’
1148 3395 1267 3464 οὐχ).
1305 3395 1463 3465 μόνον
1494 3391 1652 3450 αὗται
1678 3396 1846 3451 ταῦτα

266 3486 636 3555 διελέγχουσιν
679 3486 735 3535 αἱ
781 3485 986 3555 ῥήσεις,
1034 3483 1150 3536 ἀλλ’
1180 3483 1259 3536 ἐτι
1290 3500 1353 3552 γε
1398 3484 1607 3548 τούτοις
1648 3487 1845 3557 ἐπιψη-

267 3574 487 3645 φίζεται
536 3575 629 3627 καί
680 3573 887 3644 μάρτυς
929 3572 1085 3636 ἄλλος
1132 3572 1445 3642 ἀξιοιρανὴς,
1492 3575 1520 3626 ὁ
1563 3576 1843 3646 προφήτης

272 3668 528 3731 Ἡσαΐας,
564 3669 641 3739 πὴ
673 3668 770 3734 μὲν
804 3666 1161 3738 ἀπαγορεύων
1205 3668 1273 3720 τὰ
1320 3667 1495 3720 τοιάδε
1552 3668 1719 3739 μύση,
1767 3670 1842 3741 πὴ

260 3760 315 3815 δὲ
347 3760 635 3833 παραινῶν
672 3760 934 3831 ὀρθότατα
974 3762 1085 3823 τοῖς
1127 3760 1386 3831 ὑπηκόοις
1426 3761 1576 3832 αὐτῷ
1605 3762 1837 3816 κελαδεῖ·

264 3852 370 3905 Kal
407 3850 519 3904 ἐὰν
554 3850 765 3903 εἴπωσι
814 3849 963 3918 πρὸς
1003 3849 1175 3920 ὑμᾶς·
1217 3850 1527 3919 Ζητήσατε
1568 3852 1709 3921 τοὺς
1748 3856 1842 3923 ἐγ-

263 3946 724 4015 γαστριμύθους,
752 3941 846 3996 καὶ
872 3942 1014 4007 τοὺς
1044 3943 1162 3996 ἀπὸ
1192 3942 1303 4012 τῆς
1333 3943 1447 4012 γῆς
1471 3946 1837 4013 φωνοῦντας,

261 4038 407 4102 τοὺς
425 4034 922 4104 κενολογοῦντας,
950 4034 1006 4087 οἳ
1027 4034 1095 4087 ἐκ
1126 4033 1233 4102 τῆς
1258 4036 1487 4101 κοιλίας
1511 4037 1835 4104 φωνοῦσινο

261 4131 400 4199 οὐχὶ
427 4131 604 4196 ἔθνος
628 4129 775 4197 πρὸς
800 4128 965 4182 Θεόν.
998 4122 1130 4181 Εἷτά
1152 4146 1201 4180 τι
1229 4128 1366 4198 μετά
1386 4129 1559 4183 ταῦτα
1585 4131 1840 4203 προσθεὶς

260 4224 539 4295 ἐπιφέρει·
593 4224 652 4276 Τί
710 4221 1080 4290 ἐκζητοῦσιν,
1125 4221 1248 4293 ἔφη,
1287 4222 1417 4290 περὶ
1464 4221 1581 4275 τῶν
1613 4222 1840 4283 ζώντων

262 4320 409 4385 τοὺς
458 4317 746 4385 νεκρούςς
785 4318 987 4386 Νόμον
1016 4315 1127 4385 γὰρ
1158 4317 1243 4381 εὶς
1274 4315 1562 4383 ,ϐοήθειαν
1596 4316 1836 4385 ἔδωκεν,

260 4411 361 4466 ἵνα
393 4411 649 4465 εἴπωσιν
680 4411 791 4477 οὐχ
821 4409 900 4473 ὡς
932 4406 997 4460 τὸ
1019 4406 1184 4476 ῥῆμα
1215 4406 1410 4469 τοῦτο,
1445 4407 1579 4475 περὶ
1618 4403 1689 4463 οὗ
1728 4410 1838 4461 οὐκ

1966 1915 2020 1969 id
2050 1926 2349 1970 memoratu
2381 1917 2601 1987 dignum
2646 1918 2757 1988 egit
2785 1936 2798 1969 :
2834 1918 3087 1982 Sustulit,
3113 1917 3288 1988 inquit
3310 1919 3377 1985 ⁷⁸,
3422 1934 3537 1973 ven-

1966 2008 2243 2079 triloquos,
2275 2018 2324 2063 et
2352 2018 2588 2079 gnostas,
2623 2020 2671 2064 et
2696 2011 3011 2079 theraphim,
3032 2018 3081 2064 et
3113 2010 3279 2075 idola,
3299 2019 3349 2063 et
3380 2027 3534 2063 cara-

1963 2101 2099 2154 saim
2129 2116 2149 2154 :
2177 2108 2231 2156 et
2262 2102 2454 2172 paucis
2481 2101 2808 2172 interjectis,
2832 2120 2893 2158 ea
2915 2104 3218 2167 combussit,
3246 2102 3341 2167 ait,
3364 2102 3532 2157 veluti

1961 2191 2187 2247 nefaria.
2246 2191 2431 2263 Itaque
2474 2194 2521 2250 si
2555 2195 2841 2265 utriusque
2891 2196 3207 2265 scriptionis
3250 2209 3394 2249 unus
3447 2202 3533 2249 est

1960 2292 2171 2351 auctor,
2220 2285 2275 2340 in
2325 2286 2525 2356 quibus
2570 2288 2803 2341 duorum
2863 2303 3051 2358 regum
3099 2288 3239 2343 vitas
3286 2286 3528 2357 scripsit,

1959 2374 2153 2430 horum
2196 2378 2429 2432 alterum
2466 2378 2730 2449 injustum
2769 2377 2942 2434 fuisse
2997 2378 3093 2442 ait,
3144 2378 3288 2449 quod
3332 2386 3531 2447 praeter

1958 2468 2063 2522 alia
2086 2470 2458 2541 ventriloquos
2488 2472 2786 2537 induxerit,
2824 2474 3052 2527 alterum
3076 2471 3327 2526 laudibus
3362 2470 3531 2525 extol-

1956 2561 2018 2615 lit
2048 2562 2193 2632 quod
2222 2563 2409 2619 divino
2434 2566 2551 2620 zelo
2579 2566 2850 2620 excitatus
2874 2566 3241 2634 ventriloquos
3282 2578 3391 2633 pra:
3418 2577 3531 2617 om-

1955 2653 2118 2709 nibus
2168 2655 2407 2713 inimicis
2434 2657 2715 2712 deleverit.
2751 2656 2875 2711 llazc
2906 2658 2951 2712 si
2996 2657 3069 2710 ita
3099 2672 3156 2711 se
3180 2656 3399 2718 habent,
3432 2669 3529 2724 pa-

1955 2752 2031 2800 tet
2085 2762 2197 2802 non
2242 2749 2344 2805 sibi
2396 2750 2753 2805 adversantes
2797 2765 2958 2803 voces
3009 2749 3281 2804 emisisse.
3340 2746 3525 2818 Neque

1955 2839 2193 2911 Spiitus
2214 2851 2438 2899 sanctus
2468 2843 2695 2900 dixisset
2717 2843 3024 2900 Samuelem
3067 2843 3401 2907 ascendisse,
3430 2843 3523 2896 sed

1952 2935 2363 3005 engastrimytbi
2412 2934 2681 2991 referebat
2736 2950 3039 2999 sermones,
3089 2936 3259 3000 illam,
3312 2934 3388 2987 uti
3422 2934 3525 2990 sibi

1954 3026 2237 3081 videbatur
2270 3038 2433 3098 atque
2465 3028 2811 3097 opinabatur,
2859 3029 3144 3097 magniﬁce
3176 3043 3234 3082 se
3262 3027 3522 3096 jactasse,

1951 3119 2183 3188 speetris
2218 3133 2339 3187 quae
2374 3126 2585 3172 tantum
2626 3119 3015 3190 imaginatione
3048 3118 3283 3174 obscure
3325 3118 3522 3191 deprc-

1952 3210 2350 3275 hendebantur,
2396 3226 2578 3281 regem
2627 3227 2723 3282 spe
2777 3212 2918 3267 bona
2972 3213 3289 3268 extollendi.
3340 3213 3526 3286 Neque

1951 3304 2098 3357 enim
2128 3302 2345 3357 sibimet
2390 3302 2494 3373 ipsi
2524 3303 2754 3372 aliisque
2787 3302 3087 3373 Scripturis
3144 3306 3397 3361 omnibus
3426 3306 3523 3360 ad-

1952 3402 2280 3449 versaretur.
2339 3392 2525 3464 Neque
2581 3403 2789 3448 tantum
2854 3396 2937 3449 hac
2991 3396 3350 3453 auctoritates
3416 3398 3519 3453 ista

1951 3484 2232 3549 damnant,
2264 3486 2356 3541 sed
2388 3496 2585 3557 praeter
2626 3487 2725 3541 has
2760 3487 2901 3542 alius
2936 3488 3062 3542 item
3117 3488 3277 3543 testis
3309 3489 3410 3544 [ide
3439 3490 3521 3545 di-

1950 3593 2089 3648 gnus
2119 3576 2287 3632 Isaias
2326 3575 2611 3647 propheta,
2645 3577 2914 3632 calculum
2950 3578 3118 3631 addit.
3161 3577 3263 3633 Hic
3303 3580 3519 3650 quidem

1950 3668 2156 3724 similes
2205 3668 2639 3724 abominationes
2693 3677 3011 3725 exsecratus
3064 3669 3177 3724 haec
3224 3670 3426 3735 subdit,
3462 3679 3522 3725 ut

1949 3760 2023 3815 ita
2064 3762 2323 3826 sentiant,
2354 3762 2659 3817 rectissime
2712 3762 3030 3818 adhortatus
3068 3782 3080 3817 :
3120 3762 3187 3815 Et
3219 3765 3265 3816 si
3289 3764 3520 3817 dixerint

1947 3850 2089 3905 vobis
2113 3868 2131 3906 :
2156 3852 2389 3918 Quwrite
2437 3854 2808 3924 ventriloquos,
2832 3865 2882 3909 et
2917 3874 3003 3911 eos
3033 3860 3123 3929 qui
3170 3876 3202 3912 a
3230 3869 3371 3915 terra
3416 3862 3522 3915 cla-

1948 3956 2114 4013 mant,
2145 3947 2234 4016 qui
2270 3964 2399 4001 vane
2434 3948 2739 4018 loquuntur,
2788 3951 2868 4004 vel
2900 3970 2926 4005 e
2958 3962 3131 4006 ventre
3171 3954 3386 4007 dicunt:
3418 3972 3520 4009 non

1945 4051 2023 4094 est
2081 4057 2205 4110 gens
2245 4041 2314 4093 ad
2361 4040 2549 4097 Deum.
2602 4041 2807 4097 Deinde
2859 4046 3048 4114 paucis
3108 4047 3343 4101 additis:
3379 4048 3517 4113 Quid

1945 4142 2187 4203 quierunt
2213 4132 2277 4187 de
2326 4135 2451 4188 vivis
2492 4137 2769 4189 mortuos?
2798 4135 2979 4206 Legem
3020 4139 3202 4207 quippe
3252 4140 3307 4192 in
3364 4142 3518 4193 auxi-

1945 4224 2076 4277 lium
2132 4224 2295 4291 dedit,
2342 4234 2399 4278 ut
2428 4224 2630 4289 dicant,
2664 4243 2765 4280 non
2822 4229 2898 4281 sic
2930 4238 2984 4280 ut
3022 4228 3233 4282 verbum
3274 4220 3389 4295 ltoc,
3419 4247 3515 4299 pro

1944 4334 2045 4386 quo
2068 4327 2272 4372 nonest
2306 4317 2433 4371 dare
2474 4335 2694 4371 munera
2722 4334 2816 4387 pro
2855 4336 2913 4373 eo
2940 4322 3006 4385 ⁷⁵,
3040 4321 3185 4374 clara
3219 4332 3517 4392 sanctaque

1944 4424 2077 4464 voce
2137 4425 2308 4479 genus
2365 4426 2526 4464 oume
2583 4412 3052 4479 ventriloquorum
3083 4413 3335 4482 explosit.
3372 4414 3515 4470 Etsi

257 4504 395 4560 ἔστι
433 4500 593 4568 δῶρα
640 4500 867 4554 δοῦναι·
906 4498 1155 4570 προδήλῳ
1195 4498 1291 4569 μὲν
1324 4498 1613 4569 ἱεροφωνίᾳ
1644 4498 1703 4551 τὸ
1732 4499 1837 4552 τῶν

1955 4502 2358 4573 vaniloquorum
2411 4504 2642 4558 similem
2689 4518 3010 4559 consessum
3041 4505 3358 4574 declaravit,
3394 4509 3515 4564 sine

259 4594 721 4665 ἐγγαστριμύθων
767 4592 1080 4665 ἀπεκήρυξε
1120 4591 1293 4660 γένος.
1335 4592 1397 4644 Εἰ
1439 4591 1493 4645 δέ
1542 4592 1836 4660 κενολόγων

256 4687 512 4756 ἀπέφηνε
542 4685 603 4738 τὸ
630 4686 837 4739 τοιοῦτο
878 4684 1171 4755 συνέδριον,
1212 4682 1593 4753 ἀναμφιλόγως
1625 4681 1836 4735 ἀπέδει-

258 4775 369 4843 ξεν,
412 4779 496 4831 ὅτι
540 4778 743 4831 τούτων
784 4777 933 4831 οὐδὲν
972 4776 1145 4840 οὐδεὶς
1196 4774 1537 4828 οὐδεπώποτε
1581 4772 1728 4842 λέγει
1774 4774 1835 4827 τὸ

255 4870 526 4943 παράπαν
589 4869 806 4941 ἀληθὲς,
859 4868 993 4923 ἀλλά
1051 4866 1385 4940 ψευδηγορίᾳ
1445 4867 1541 4937 μέν
1589 4866 1836 4935 ὐποκένῳ

256 4960 556 5014 πλάττουσι
599 4960 696 5031 τὴν
737 4961 971 5031 ἀπάτην,
1015 4959 1166 5030 ἐώλῳ
1201 4960 1258 5013 δὲ
1299 4957 1577 5028 κενολογία
1611 4958 1833 5027 φενακί-

254 5051 414 5116 ζουσι
464 5053 593 5116 τοὺς
636 5052 885 5125 ἀμαθεῖς.
930 5052 1092 5106 Ὅθεν
1131 5051 1437 5113 ἀκολούθως
1479 5050 1833 5103 ἐπέσκωπτεν

254 5146 489 5210 ἐκείνοις
524 5147 636 5198 ὅσοι
658 5145 909 5217 περὶτῶν
932 5144 1145 5209 ζώντων
1171 5143 1411 5216 ἐρωτῶσι
1435 5144 1557 5207 τοὺς
1586 5143 1830 5212 νεκρούς·

254 5236 415 5289 αὐτοὶ
445 5238 578 5309 γάρ,
608 5237 716 5290 ὅλοι
748 5237 931 5309 νεκροὶ
956 5236 1047 5289 καὶ
1078 5237 1242 5308 πηροὶ
1264 5235 1637 5305 τυγχάνοντες,
1660 5235 1711 5285 οἱ
1740 5251 1832 5287 κε-

254 5328 469 5397 νολόγοι
501 5329 599 5392 τάς
646 5328 753 5382 τῶν
782 5328 989 5400 νεκρῶν
1036 5326 1435 5380 ὑποτυποῦνται
1473 5326 1831 5379 διακονεῖσθαι

256 5422 447 5491 φωνάς
466 5438 479 5451 ⁸
502 5421 602 5475 όδέ
627 5424 905 5495 προφήτης
936 5419 1345 5493 ἐπεμαρτύρετο
1379 5404 1537 5490 βοῶν,
1562 5421 1642 5473 ὅτι
1671 5420 1831 5491 νόμος

254 5509 511 5581 ἀρραγὴς
540 5510 783 5564 ἔκκειται
803 5512 929 5582 περὶ
946 5512 1167 5573 τούτων,
1188 5512 1272 5565 ἵνα
1303 5512 1376 5582 μὴ
1403 5511 1541 5566 κατὰ
1553 5512 1676 5576 τοὺς
1698 5512 1829 5566 ἀπο-

256 5601 665 5674 φθεγγομένους
695 5604 977 5676 ὑπαχθῶσι
1014 5606 1388 5675 κουφολογίαις
1420 5601 1603 5668 ἐώλοις
1624 5624 1635 5634 ³
1665 5607 1826 5677 ἀκρο-

248 5800 257 5825 ,
330 5757 378 5787 ⁷⁵
413 5756 494 5812 ιν
518 5757 644 5824 Reg.
673 5775 784 5823 nt,
819 5760 869 5816 6.
946 5763 989 5794 "
1023 5760 1107 5817 IV
1139 5760 1259 5825 Req.
1288 5777 1442 5821 χχιιι.
1476 5761 1567 5815 2i.

1942 4594 2107 4648 dubio
2134 4596 2527 4649 demonstravit
2552 4596 2745 4650 horum
2775 4599 3046 4652 neminem
3079 4600 3240 4652 ullam
3271 4618 3512 4673 unquam

1941 4686 2164 4739 omnino
2206 4685 2451 4757 proferre
2490 4688 2795 4754 veritatem,
2824 4689 2918 4745 sed
2970 4691 3290 4757 mendaciis,
3338 4696 3513 4766 iisque

1943 4777 2220 4841 inanibus,
2255 4779 2483 4850 ingestis
2537 4780 2756 4837 fraudes
2804 4796 3150 4853 componere,
3206 4786 3418 4856 levique
3446 4804 3511 4843 ac

1943 4869 2136 4925 frivolo
2169 4885 2422 4928 sermone
2468 4873 2705 4933 indoctis
2735 4874 3032 4946 imponere.
3073 4876 3249 4943 Quare
3285 4895 3394 4933 non
3435 4881 3512 4936 in-

1942 4976 2182 5027 congrue
2209 4964 2316 5019 illis
2347 4966 2711 5036 exprobrabat
2744 4969 2837 5039 qui
2868 4967 2935 5024 de
2964 4970 3105 5025 vivis
3145 4980 3389 5028 mortuos
3422 4974 3509 5027 in-

1942 5061 2240 5125 terrogant.
2273 5056 2377 5127 Ipsi
2409 5060 2554 5113 enim
2582 5059 2883 5129 vaniloqui,
2923 5077 3046 5114 cum
3089 5064 3287 5118 mortui
3318 5066 3425 5119 sint
3455 5074 3509 5119 et

1939 5147 2092 5210 caeci,
2116 5156 2451 5203 mortuorum
2481 5166 2640 5207 voces
2663 5154 2875 5208 deferre
2906 5170 2963 5210 se
2990 5155 3269 5209 simulant.
3304 5158 3508 5213 Contra

1938 5251 2076 5305 quos
2104 5239 2471 5295 testimonium
2496 5242 3003 5315 dicebatpmpbeta
3032 5247 3295 5311 clamans,
3334 5249 3504 5319 legem

1933 5329 2047 5398 jam
2083 5331 2149 5385 de
2172 5331 2257 5385 his
2288 5331 2456 5387 fuisse
2486 5334 2670 5399 latam,
2708 5352 2775 5390 ne.
2820 5336 2969 5390 inani
3002 5338 3273 5395 sermonis
3301 5339 3505 5395 dicaci-

1938 5428 2047 5474 tate
2078 5422 2473 5489 subducantur,
2504 5427 2957 5495 quemadmodum
2988 5436 3041 5484 et
3088 5430 3141 5483 bi
3187 5431 3281 5500 qui
3317 5432 3504 5486 talium

1934 5530 2116 5569 rerum
2162 5525 2290 5571 sunt
2335 5526 2607 5576 auctores.
2671 5520 2766 5576 Est
2815 5522 2958 5577 enim
3013 5524 3324 5581 ﬁrmissima
3371 5527 3506 5598 legis

1933 5605 2201 5667 custodia.
2240 5609 2459 5666 coilcste
2481 5612 2741 5667 auxilium
2783 5614 3094 5685 implorare,
3125 5625 3177 5671 et
3213 5633 3320 5675 non
3352 5636 3382 5675 e
3422 5636 3506 5676 re—

1643 5765 1686 5791 "
1731 5762 1843 5819 lsa.
1874 5779 1988 5825 vm.
2027 5764 2113 5825 l9,
2146 5765 2229 5823 20.
