4080 6334
511 262 620 327 067

1481 259 1541 318 S.
1581 252 1954 317 LUSTA’I‘HII
1993 249 2299 310 EPISCOPI
2336 241 2749 304 ANTIOCHENI

3644 170 3754 286 eos

515 387 620 444 bus
644 383 896 452 terrenis,
925 384 985 440 in
1013 383 1147 455 ipsis
1173 381 1545 440 subterraneis
1562 381 1804 435 animum
1834 377 2078 449 ﬁgentes,
2111 416 2118 435 ε

2218 369 2316 440 ἀτη
2340 368 2469 438 γὰρ,
2502 360 2677 435 οἶμαι,
2710 356 2925 431 φυλακὴ
2950 356 3112 428 νόμου
3143 352 3495 455 καθέστηκεν,
3526 345 3756 455 impavi-

515 495 675 552 opem
697 478 1067 549 emendicare.

587 742 778 799 XXVI.
822 741 928 798 Sed
959 740 1054 812 qui
1086 755 1278 797 omnes
1298 740 1414 811 jam
1467 736 1782 810 Scripturas
1822 737 2090 808 interpre-

517 842 771 892 tatumse
799 848 922 893 esse
966 833 1245 891 existimat
1287 831 1570 905 Origenes,
1616 832 1732 889 huic
1779 830 2091 891 testimonia

516 926 770 997 ignorare
800 922 1042 990 simulat,
1070 938 1249 994 neque
1276 923 1356 986 uti
1379 922 1535 983 decet
1566 932 1812 993 usurpat,
1854 921 1948 979 sed
1971 936 2093 993 qua:

520 1016 589 1071 ad
619 1015 959 1088 propositum
999 1014 1222 1073 minime
1255 1014 1463 1071 faciunt
1486 1014 1726 1080 infarcit,
1754 1014 1822 1070 iis
1871 1022 2093 1085 praeter-

520 1108 611 1167 itis
636 1123 757 1181 quae
785 1117 980 1171 natura
1017 1124 1115 1165 sua
1143 1108 1533 1181 congruebant.
1567 1105 1723 1183 Quod
1765 1106 1811 1161 si
1839 1107 2094 1178 ignoran-

520 1202 621 1269 tia,
651 1199 848 1258 stolide
888 1200 1128 1271 quidem,
1165 1207 1225 1255 ut
1274 1199 1508 1266 videtur,
1538 1198 1748 1266 ell‘ecit;
1771 1198 1819 1253 si
1851 1197 2097 1269 maligni-

522 1301 654 1359 tate,
708 1292 985 1364 negotium
1050 1291 1315 1347 audacter
1364 1290 1557 1347 obivit.
1590 1289 1733 1357 Quin
1764 1305 1889 1344 cum
1922 1289 2096 1355 ambi-

524 1403 672 1457 guus.
693 1394 749 1442 et
778 1401 980 1457 anceps
1009 1385 1243 1450 dixisset
1270 1403 1283 1438 :
1308 1383 1451 1449 Quid
1480 1384 1647 1455 igitur
1677 1383 1760 1437 hic
1797 1383 1929 1452 facit
1972 1399 2094 1447 ven-

527 1477 800 1552 triloqua?
825 1477 965 1544 Quid
992 1478 1156 1548 igitur
1200 1477 1332 1547 facit
1370 1476 1696 1546 ventriloqua
1735 1475 1877 1528 circa
1906 1475 2096 1537 animi:

526 1570 658 1640 iusti
714 1569 1078 1625 eductionem?
1132 1566 1405 1624 sermonis
1455 1565 1732 1625 dubietate
1789 1565 2097 1621 sublimiter

2186 463 2277 514 θεν
2307 438 2678 513 ἐπικαλεῖσθαι
2700 453 2798 525 τὴν
2826 450 3097 523 βοήθειαν,
3124 446 3258 501 ἀλλὰ
3289 444 3367 517 μὴ
3392 445 3459 497 ἐκ
3487 440 3595 494 τῶν
3625 438 3759 511 γητ-

2185 570 2290 608 νων
2321 549 2664 624 ἐρανίζεσθαι
2691 545 2788 618 τὴν
2827 541 3167 612 ἐπικουρίαν,
3199 540 3279 602 εἰς
3317 533 3458 589 αύτά
3491 531 3559 586 τά
3588 547 3762 585 κατα-

2187 643 2374 715 χθόνιει⁴
2400 640 2712 712 βλέποντας.

2261 729 2449 786 XXVI.
2504 729 2643 796 Ἀλλ’
2673 728 2701 780 6
2725 724 2904 787 πάσας
2931 718 3265 805 ἑρμηνεῦσαι
3284 716 3383 781 τὰς
3407 712 3628 788 Γραφὰς
3650 714 3765 805 οἰη-

2190 826 2303 889 θεὶς
2347 822 2625 896 Ὠριγένης
2654 820 2715 873 οὐ
2767 802 3152 890 προσποιεῖται,
3176 810 3378 873 ταύτας
3418 806 3616 861 εἰδέναι
3655 801 3765 896 τὰς

2195 894 2516 989 μαρτυρίας,
2560 912 2682 966 οὐδὲ
2721 909 2933 981 τίθησιν
2961 904 3153 968 αὐτὰς,
3188 902 3264 967 ὡς
3303 900 3443 965 δέον,
3477 894 3769 989 ἀλλ’ᾼέπεὶ

2194 985 2453 1076 συγκαλεῖ
2480 1004 2577 1076 μὲν
2618 1002 2829 1064 ὲκείνας
2871 1000 2994 1054 ὅσαι
3041 995 3205 1074 μηδὲν
3238 995 3297 1047 ὲν
3338 988 3524 1063 μηδενὶ
3553 986 3632 1059 τῷ
3663 985 3770 1058 ζη-

2191 1099 2403 1168 τήματικ
2423 1094 2788 1166 διαφέρουσιν,
2835 1087 3150 1160 ὑπερϐαίνει
3186 1084 3244 1138 δὲ
3290 1081 3390 1145 τὰς
3417 1081 3553 1151 αὐτῇ
3601 1076 3771 1148 φύσει

2195 1184 2607 1260 προσηκούσας·
2643 1184 2761 1255 ἦτοι
2787 1179 2896 1253 γὰρ
2925 1178 3135 1252 ἀμαθίᾳ
3169 1174 3327 1230 τοῦτο
3368 1172 3624 1246 πράττειν
3652 1170 3768 1226 ἑοι-

2194 1300 2291 1336 κεν
2317 1274 2593 1353 ἀφρόνως,
2633 1277 2668 1348 ἢ
2703 1273 2992 1345 κακοθελία
3036 1266 3519 1344 πραγματεύεσθαι
3561 1263 3772 1353 τολμη-

2199 1372 2306 1445 ρῶς
2324 1389 2337 1402 ·
2388 1352 2524 1425 ἀλλά
2572 1367 2667 1423 καὶ
2721 1364 2971 1435 καθάπερ
3008 1357 3460 1443 ὲπαμφοτερίζων
3502 1352 3770 1445 sipario},

2196 1439 2298 1531 δτι,
2339 1464 2398 1518 Ti
2422 1459 2537 1518 οὖν
2572 1458 2734 1515 ποιεῖ
2766 1456 3237 1527 ἐγγαστρίμυθος
3275 1440 3518 1511 ἐνθάδε
3547 1446 3607 1501 Τί
3652 1439 3775 1498 οὖν

2198 1555 2357 1611 ποιεῖ
2373 1552 2843 1626 ἐγγαστρίμυθος
2867 1547 3001 1616 περὶ
3026 1564 3059 1600 τ
3062 1544 3141 1614 ὴν
3167 1539 3486 1612 ἀναγωγὴν
3506 1535 3625 1609 τῆς.
3647 1537 3775 1626 μ’

527 1622 737 1732 cllugit,
771 1661 916 1731 quod
940 1661 1056 1730 ipse
1086 1659 1290 1715 fecerat
1314 1659 1437 1714 aliis
1459 1658 1671 1724 donans
1708 1677 1721 1712 :
1756 1665 1929 1712 totum
1967 1672 2099 1713 vero

2218 1649 2316 1719 τῆς
2345 1622 2460 1702 τοί)-
2488 1644 2722 1701 δικαίου
2743 1657 2762 1706 ;
2786 1639 2945 1709 λόγου
2971 1637 3066 1709 μὲν
3089 1633 3292 1716 ἀπορίᾳ
3317 1627 3605 1732 μετεώρως

532 1717 829 1823 Scriptura:
866 1717 1192 1818 attribuens,
1254 1750 1562 1807 Samuelem
1612 1750 1871 1806 eductum
1929 1748 2101 1805 fuisse

2218 1717 2389 1808 ρυήγενο
2426 1734 2538 1790 ἀλλ’
2575 1735 2603 1786 6
2627 1731 2785 1785 τοῦτο
2818 1727 3137 1801 ἐπιγράφων
3168 1727 3305 1807 ὅπερ
3336 1722 3555 1794 ἔδρασεν
3587 1717 3775 1823 αὒτὸξ.

533 1800 828 1823 τητωω
866 1800 1192 1818 ---η---πη
1254 1800 1562 1807 π--------
1618 1800 1871 1806 ---ηεῄ
1930 1800 2097 1805 _-___-

531 1846 866 1904 conﬁdenter
895 1856 1193 1911 asseverat,
1242 1854 1298 1901 at
1341 1861 1451 1901 non
1483 1845 1725 1901 secundo
1754 1845 1923 1901 audet
1948 1858 2102 1915 repe-

2218 1800 2337 1900 ιύτῇ
2374 1826 2431 1883 δὲ
2464 1828 2530 1896 τῇ
2561 1824 2752 1895 Γραφῇ
2784 1819 2847 1873 τὸ
2890 1820 3000 1873 πᾶν
3031 1816 3270 1881 ἀναθεὶς,
3299 1800 3657 1893 ἰσχυρίζεται.
3675 1811 3779 1894 μὲν

534 1949 687 1997 tere:
720 1940 851 2007 Quis
897 1941 1069 2010 ipsum
1105 1939 1325 1995 eduxit?
1367 1938 1481 2012 Ego
1522 1954 1688 2010 porro
1722 1938 1979 1994 existimo
2004 1950 2102 2007 pro

533 2033 710 2104 prima
748 2033 1200 2103 interpretatione
1232 2048 1262 2087 a
1295 2033 1599 2088 rectissime
1628 2046 1844 2101 semper
1866 2030 2105 2091 sentien-

535 2123 683 2187 tibus
720 2124 1134 2192 reprebensum,
1184 2122 1424 2179 secunda
1479 2124 1819 2194 expositione
1860 2136 1984 2177 cum
2015 2135 2105 2177 re-

535 2213 871 2284 sponderet,
908 2215 1115 2272 dixisse
1170 2214 1518 2269 observatum
1562 2210 1975 2283 engastrimythi
2024 2211 2107 2268 l0:-

536 2320 693 2370 eum.
733 2303 996 2374 Deinceps
1042 2303 1226 2361 subdit
1271 2305 1536 2375 scriptum
1565 2322 1580 2358 :
1613 2302 2107 2375 Engastrimythum

537 2391 765 2462 aliquem
792 2392 1037 2447 eduxisse
1051 2409 1079 2458 ;_
1099 2392 1359 2463 itemque,
1391 2390 1609 2455 Saulem
1631 2390 1868 2447 Samueli
1888 2392 2106 2459 dixisse,

538 2480 756 2541 Litteris
780 2483 1053 2554 proditum
1079 2499 1222 2540 esse.
1265 2482 1358 2540 (iis
1403 2484 1601 2548 similia
1649 2485 1929 2557 complura
1959 2483 2109 2539 inani

541 2573 833 2631 verborum
876 2574 1083 2631 ambitu
1106 2575 1302 2631 iterum
1330 2581 1493 2645 atque
1523 2576 1719 2635 iterum
1755 2577 1967 2645 repetit,
1993 2581 2110 2628 tum

540 2663 722 2722 denuo
746 2666 863 2721 inﬁt
898 2686 911 2721 :
948 2666 1072 2722 Non
1104 2677 1282 2722 autem
1304 2668 1618 2734 enuntiavit,
1638 2669 1686 2722 si
1722 2652 1897 2722 volens
1926 2683 2110 2722 ascert-

540 2757 640 2811 dit.
674 2756 799 2813 Non
831 2760 970 2814 enim
1006 2760 1183 2826 habes,
1207 2760 1404 2832 inquit,
1432 2769 1651 2826 textum,
1677 2761 1725 2814 si
1757 2759 1936 2815 eduxit
1959 2759 2112 2814 illum

538 2850 1004 2925 engastrimythus.
1052 2850 1113 2906 Si
1162 2852 1366 2917 minus,
1419 2848 1755 2922 Scripturam
1804 2864 2113 2921 percurrens

542 2940 740 3012 aliquis
770 2958 851 2998 me
874 2942 1238 3011 reprehendat.
1272 2943 1443 3014 igitur
1464 2960 1531 2998 ex
1563 2943 1793 3000 adverso
1822 2942 2116 3015 reprehen-

2200 1919 2432 1992 ἀνῆχθαι
2469 1918 2559 1970 τὸν
2605 1912 2877 1987 Σαμουὴλ,
2908 1912 3010 1966 οὐκ
3042 1908 3122 1963 ἔτι
3151 1908 3209 1962 δὲ
3240 1906 3414 1991 τολμᾷ
3443 1904 3781 1976 δευτερῶσαι

2200 2012 2280 2066 τό·
2320 2012 2414 2077 ΤΙς
2441 2006 2743 2078 ἀνήγαγεν
2778 1994 2997 2068 αὖτόν;
3032 1996 3199 2072 Οῐμαι
3240 1999 3320 2065 δὲ,
3364 1999 3446 2052 ότι
3487 1994 3783 2078 καὶῗμετέδ

2204 2116 2365 2154 πειτα
2396 2077 2802 2171 διελεγχόμενος
2848 2091 2953 2147 ὑπὸ
2982 2090 3088 2145 τῶν
3132 2088 3396 2161 ὀρθότατα
3437 2077 3783 2159 φρονοῦντων

2203 2191 2310 2255 ἀεὶ,
2355 2191 2582 2262 δευτέρᾳ
2623 2187 2784 2242 πάλιν
2825 2183 3253 2255 ἀπολογούμενος
3292 2181 3572 2254 ἐξηγήσει,
3615 2198 3782 2263 τετηέ

2207 2282 2400 2357 ρῆσθαι
2436 2283 2534 2353 μὲν
2567 2268 2669 2352 ἔφη
2704 2278 2795 2334 τὸν
2826 2277 2928 2359 τῆς
2958 2274 3398 2347 ὲγγαστριμύθου
3427 2274 3626 2328 τόπον·
3657 2270 3782 2328 εἶτα

2205 2375 2473 2445 λέγεικαὶ
2509 2376 2590 2428 ὅτι
2626 2373 2725 2445 μὲν
2764 2374 2804 2441 ἡ
2844 2368 3316 2441 ἐγγαστρίμυθός
3348 2384 3482 2421 τινα
3512 2365 3785 2437 ἀνήγαγε

2207 2471 2512 2544 γέγραπται
2536 2486 2549 2499 ’
2584 2467 2679 2525 καὶ
2699 2464 2785 2531 ὅτι
2815 2462 3014 2519 Σαοὺλ
3046 2457 3176 2515 εἷπε
3204 2458 3286 2525 τῷ
3318 2460 3603 2529 Σαμουὴλ
3649 2448 3787 2512 ἀνα-

2208 2564 2538 2634 γέγραπται.
2584 2557 2829 2631 Φλυαρίᾳ.
2870 2555 2927 2609 δὲ
2971 2553 3141 2625 πολλῇ
3183 2551 3408 2617 τοιαῦτα
3445 2549 3614 2621 συχνὰ
3654 2566 3784 2605 τινα

2208 2655 2627 2730 ταυτολογήσαςι,
2654 2651 2902 2721 ἐπιφέρει
2922 2647 3102 2702 πάλιν·
3131 2647 3254 2715 οὐχ
3268 2645 3469 2714 εἴρηκε
3484 2643 3784 2715 δὲιφητὶν,

2210 2753 2261 2806 εὶ
2292 2748 2582 2813 ἑκουσίως
2609 2743 3009 2811 ἀναϐέϐηκεν⁴
3043 2742 3116 2794 οὺ
3142 2739 3252 2809 γὰρ
3283 2738 3462 2817 ἔχεις,
3499 2737 3622 2809 ἔφη,
3673 2737 3792 2790 κεί-

2206 2858 2395 2912 μενον
2418 2842 2471 2895 εί
2498 2837 2799 2908 ἀνήγαγεν
2830 2833 3016 2889 αὐτὸν
3047 2834 3088 2902 ἡ
3120 2832 3609 2908 ἐγγαστρίμυθος·
3651 2829 3790 2889 ἐπεὶ

2212 2931 2512 3003 ἐλεγξάτω
2542 2929 2619 3001 μέ
2649 2946 2743 2995 τις
2773 2925 3077 2996 ἀναγνοὺς
3117 2922 3233 2992 τὴν
3262 2920 3531 3003 Γραφήν.
3576 2920 3793 2977 Οὐκοῦν

542 3048 639 3090 sus
660 3042 846 3104 aperte
877 3036 1094 3107 negavit
1121 3051 1243 3107 qua:
1274 3037 1427 3108 prius
1467 3039 1639 3096 sensit
1684 3013 2109 3093 inconsiderate.

2218 3024 2641 3098 ἀντιπροσώπως
2687 3021 3045 3091 ἐλεγχόμενος
3090 3018 3366 3101 ἠρνήσατο
3406 3013 3614 3083 λευκῶς
3644 3015 3793 3087 ἅπερ

2228 3118 2291 3133 -Δ
2352 3117 2371 3133 κ
2391 3118 2404 3133 ι
2559 3115 2574 3133 1
2594 3114 2640 3133 ,n
2678 3130 2703 3133 ,.
2739 3111 3015 3133 191P_.___.-
3050 3108 3164 3133 μην
3192 3108 3299 3133 -.ΣΑ
3350 3107 3515 3133 ...’._.L..
3542 3106 3783 3133 ...ΑΙ-..-Α

542 3122 621 3180 hii
650 3125 796 3181 enim
834 3126 1219 3184 determinavit
1272 3126 1613 3199 Scripturam
1659 3129 1845 3200 potius
1883 3128 2112 3195 dixisse,

543 3232 656 3275 non
677 3217 963 3274 mulierem
990 3239 1002 3275 :
1034 3219 1202 3288 Quem
1236 3220 1456 3277 evocabo
1493 3220 1628 3276 tibi?
1659 3220 1759 3279 Hic
1777 3237 1910 3277 vero
1936 3218 2115 3274 mani-

544 3308 684 3366 feste
710 3310 995 3367 convictus
1023 3313 1297 3369 oblivione
1338 3315 1743 3370 accusationem
1784 3314 1962 3376 vitare
2000 3318 2117 3367 stu-

545 3400 685 3459 duit.
723 3403 815 3460 Sic
846 3408 1050 3478 ubique
1092 3407 1199 3462 sibi
1229 3408 1584 3464 adversantes
1631 3405 1924 3477 opiniones
1951 3418 2119 3474 expo-

546 3494 650 3560 nit,
673 3497 1127 3565 quemadmodum
1153 3506 1208 3555 et
1258 3499 1348 3556 hic
1380 3512 1663 3570 perperam
1714 3497 1856 3557 inter
1908 3495 2120 3566 opinio-

547 3601 679 3641 num
714 3604 925 3659 pugnas
968 3605 1032 3644 ac
1076 3592 1267 3647 turbas
1315 3592 1562 3655 criminis
1597 3592 1867 3647 actionem
1896 3600 2121 3647 coactus

550 3679 653 3735 fuit
695 3679 952 3751 eﬂ‘ugere.
981 3682 1211 3748 Quando
1270 3685 1435 3757 igitur
1466 3686 1520 3741 vi
1570 3683 1806 3754 quadam
1854 3684 2123 3740 adductus

552 3769 838 3825 mulierem
871 3773 1149 3843 prophetae
1195 3776 1439 3831 animum
1471 3790 1585 3832 non
1632 3789 1893 3832 evocasse
1942 3774 2123 3838 fassus

551 3868 658 3924 est,
688 3862 833 3918 dicat
856 3866 980 3935 quis
997 3880 1117 3921 eam
1155 3866 1364 3921 eduxit.
1394 3867 1514 3938 Ipse
1545 3867 1689 3923 enim
1716 3868 1775 3923 in
1804 3883 1870 3923 eo
1900 3865 2127 3925 ﬁrmiter

550 3959 723 4043 stetit,
745 3969 1025 4016 evocatam
1072 3970 1282 4018 tantum
1314 3976 1434 4017 eam
1482 3961 1726 4019 tradens.
1779 3960 1900 4033 lpsa
1945 3960 2126 4031 itaque

556 4050 670 4105 sola
713 4055 1080 4123 pythomantis
1127 4062 1265 4121 erat,
1309 4064 1364 4112 et
1406 4053 1537 4112 Saul
1568 4063 1823 4112 exorator
1858 4055 2029 4119 illius,
2060 4062 2123 4109 ut

557 4143 875 4211 prOpIiotam
898 4146 1173 4204 educeret.
1214 4147 1282 4201 At
1308 4148 1398 4205 hic
1427 4162 1772 4221 nequaquam
1803 4147 1967 4202 fuerit
2021 4162 2120 4201 au-

557 4239 677 4286 ctor
708 4232 903 4291 tabulae
933 4255 945 4291 :
970 4253 1145 4308 neque
1186 4239 1330 4295 enim
1354 4249 1520 4296 noctu
1547 4240 1616 4295 ad
1646 4241 1793 4294 illam
1824 4238 2117 4295 deveniens

556 4328 1046 4400 engastrimytlium
1083 4339 1419 4400 precaretur.
1460 4330 1517 4387 Si
1545 4347 1676 4387 vero
1701 4329 1903 4385 factum
1943 4330 2132 4391 subse-

2217 3117 2442 3190 ἀ6ουλίᾳ
2471 3114 2704 3189 πρόσθεν
2736 3111 3015 3179 ἐδόξασενο
3047 3108 3164 3163 ἐκεῖ
3192 3108 3305 3194 γὰρ
3347 3107 3515 3179 αὐτὴν
3541 3106 3785 3189 ὡρίσατο

2216 3211 2314 3284 τὴν
2346 3207 2568 3282 Γραφὴν
2595 3204 2873 3278 εἰρηκέναι
2909 3201 3131 3275 μᾶλλον,
3164 3199 3280 3267 ἀλλ’
3309 3200 3370 3254 ού
3403 3198 3501 3271 τὴν
3533 3201 3795 3268 γυναῖκας

2218 3304 2297 3358 τό·
2346 3302 2486 3356 Τίνα
2528 3295 2806 3368 dit-ardre)
2846 3311 2982 3359 σοι;
3022 3293 3193 3376 Δεῦρο
3229 3292 3286 3347 δὲ
3312 3291 3639 3362 καταφανῶς
3673 3292 3797 3345 ἁλι-

2222 3396 2482 3467 σχόμενος
2504 3392 2762 3461 ἐκφυγεῖν
2784 3387 3083 3453 ἐσπούδασε
3103 3385 3242 3458 λήθη
3262 3384 3360 3457 τὴν
3380 3384 3556 3441 αἰτίαν
3575 3402 3589 3415 ·
3619 3384 3799 3450 οὕτως

2222 3485 2523 3558 ἑκασταχοῦ
2554 3482 2863 3557 μαχομένας
2884 3479 3059 3565 ἐαυτῷ
3080 3478 3237 3548 δόξας
3258 3477 3527 3531 ἐκτιθέναι
3547 3494 3615 3547 γυ
3622 3475 3798 3549 μνῶς,

2223 3580 2410 3652 ὥσπερ
2433 3573 2527 3633 οὖν
2555 3575 2746 3647 ἀμέλει
2772 3570 3048 3627 κάνταῦθα
3072 3570 3499 3645 γνωσιμαχήσας
3525 3567 3666 3623 έάλω
3692 3567 3800 3640 τὴν

2223 3669 2631 3744 ὲγκληματικὴν
2670 3665 2974 3738 ἀποδρᾶναι
3006 3662 3160 3733 δίκην
3202 3659 3503 3731 ἐπειχθείς·
3536 3659 3656 3712 ἐπεὶ
3686 3658 3804 3712 τοί-

2223 3782 2318 3820 νυν
2360 3763 2508 3819 ἀκων
2551 3760 2840 3832 ἑλκόμενος
2879 3754 3227 3828 ὡμολόγησεν
3264 3754 3341 3815 ὡς
3385 3753 3485 3805 ούκ
3522 3751 3802 3821 ἀνήγαγεν

2226 3858 2260 3929 ὴ
2293 3856 2430 3928 γυνὴ
2458 3855 2557 3926 τὴν
2586 3851 2679 3907 τοῦ
2713 3850 2996 3929 προφήτου
3025 3846 3225 3918 ψυχὴν,
3264 3845 3472 3899 εἰπάτω
3498 3844 3583 3909 τίς
3610 3845 3639 3896 6
3669 3842 3805 3896 ταῦ-

2224 3966 2324 4021 την
2356 3944 2671 4020 ἀναγαγών·
2717 3942 2959 4014 ἐνέμεινε
2989 3939 3098 4012 γὰρ
3129 3937 3522 4011 ἀμεταστᾶτως
3555 3934 3835 4006 ἀνῆφθαιυ

2230 4040 2390 4113 μόνον
2436 4038 2606 4109 αὐτὴν
2648 4035 2986 4107 ὁρισάμενος·
3038 4031 3177 4102 αὕτη
3217 4029 3348 4101 γοῦν
3383 4031 3417 4101 ἡ
3466 4027 3807 4099 πυθόμαντις

2230 4131 2491 4202 ἐτύγχανε
2527 4128 2686 4201 μόνη,
2718 4125 2813 4179 xui.
2857 4123 3029 4178 Σαοὺλ
3067 4122 3096 4174 6
3133 4121 3382 4194 δεόμενος
3422 4121 3637 4191 ²εκείνης
3668 4119 3809 4172 ἀνα-

2232 4223 2318 4289 ξαι
2343 4220 2433 4275 τὸν
2457 4220 2761 4294 προφήτην.
2804 4217 2940 4275 Ἀλλ’
2973 4210 3126 4279 οὗτος
3155 4215 3251 4286 μὲν
3280 4210 3473 4277 οὐκᾶν
3504 4209 3589 4284 εἴη
3612 4227 3676 4280 γε
3704 4210 3805 4263 τοῦ

2231 4315 2503 4388 δράματος
2547 4310 2867 4384 αὐτουργός’
2917 4309 2978 4363 οὐ
3024 4308 3134 4380 γάρ
3182 4306 3249 4361 ἂν
3296 4305 3465 4363 ἐδεῖτο
3498 4305 3598 4388 τῆς
3637 4306 3811 4372 ἐγγα-

556 4428 744 4474 cutum
799 4395 916 4491 est,
962 4395 1101 4478 nulli
1152 4425 1243 4479 alii
1290 4440 1455 4496 quam
1511 4422 1942 4495 engastrimytbo
1989 4437 2118 4494 opus

2236 4406 2531 4480 στριμύθου
2576 4405 2790 4476 νύκτωρ
2842 4399 3238 4472 ἀφικνούμενος
3285 4397 3360 4462 ὡς
3399 4397 3604 4468 αὐτήν·
3649 4397 3699 4447 εἰ
3748 4395 3809 4449 δὲ

558 4512 763 4566 ascribi
793 4512 972 4569 debet.
1017 4513 1095 4569 ita
1141 4524 1199 4570 ut
1229 4531 1296 4572 ex
1326 4517 1409 4571 bis
1424 4514 1639 4573 duobus
1663 4528 1830 4569 unum
1865 4509 2133 4567 amrmare

559 4618 785 4661 necesse
816 4606 909 4670 sit,
954 4607 1039 4663 vel
1070 4608 1175 4663 hoc
1207 4624 1486 4679 nunquam
1539 4606 1764 4668 omnino
1793 4620 1958 4676 opere
1996 4620 2133 4675 pra:-

560 4697 750 4751 stitum
800 4698 991 4770 fuisse,
1048 4701 1133 4757 vel
1176 4701 1246 4757 ab
1300 4700 1733 4775 engastrimytlio
1784 4705 1840 4754 et
1890 4697 2135 4755 daemone

561 4788 836 4846 hominem
868 4799 1077 4847 rectum
1128 4793 1383 4848 eductum
1423 4792 1615 4848 fuisse.
1660 4789 1854 4846 Nonne
1883 4789 1979 4859 qui
2008 4788 2136 4844 reli-

559 4882 721 4955 gione
750 4900 912 4943 voces
955 4886 1208 4958 proprias
1246 4885 1378 4941 dum
1406 4901 1607 4957 negare
1648 4882 1885 4947 videtur,
1923 4881 2136 4939 diversa

562 4976 820 5033 methodo
849 4978 1095 5035 eamdem
1119 4978 1432 5050 Opinionem
1463 4977 1842 5035 fraudulenter
1862 4972 2138 5030 obtrudit?

568 5064 672 5121 Sed
694 5083 792 5138 per
822 5070 1127 5126 orationem
1156 5086 1263 5141 qua
1289 5086 1349 5127 se
1390 5068 1684 5125 defendere
1711 5069 1944 5133 videtur,
1977 5080 2133 5120 men-

568 5160 801 5227 dacium,
867 5176 932 5216 ac
987 5162 1033 5217 si
1065 5163 1299 5233 .veritas
1333 5170 1501 5226 esset,
1546 5161 1808 5217 inculcat.
1832 5158 2019 5228 Neque
2059 5149 2137 5209 illi

569 5252 832 5322 pudorem
885 5255 1160 5310 incutiunt
1209 5263 1288 5311 tot
1343 5261 1607 5325 tantaque
1677 5256 1854 5326 legum
1910 5251 2141 5306 latorum

570 5346 817 5413 decreta,
873 5363 1114 5405 consona
1182 5351 1573 5421 prophetarum
1636 5344 1971 5408 testimonia,
2018 5340 2145 5399 reli-

566 5452 824 5512 quusque
855 5442 1014 5498 seriei
1044 5442 1322 5499 historica;
1352 5458 1496 5498 unus
1539 5456 1604 5496 ac
1646 5440 1787 5495 idem
1818 5450 2139 5492 consensus.

575 5531 718 5597 Quin
750 5533 1113 5590 sanetissimis
1143 5535 1385 5590 oraculis
1413 5548 1579 5605 prava
1607 5532 1819 5586 ratione
1853 5527 2144 5600 perversis,

574 5624 745 5681 libere
795 5627 1209 5699 engastrimythi
1257 5628 1421 5681 verba
1466 5625 1792 5688 conﬁrmat,
1845 5622 2147 5676 recentiora

574 5718 845 5776 idolorum
902 5719 1083 5776 cultus
1110 5720 1473 5777 instrumenta
1502 5719 1814 5790 decernens
1834 5753 1848 5781 ,
1880 5728 2001 5783 qua:
2034 5712 2150 5780 pla-

2234 4501 2450 4575 γέγονεν
2487 4500 2521 4569 ἡ
2557 4497 2775 4569 πρᾶξις,
2813 4495 2914 4566 οὐχ
2942 4492 3112 4565 ἑτέρῳ
3140 4491 3248 4544 τινὶ
3267 4490 3328 4543 τὸ
3357 4488 3552 4562 δραθὲν
3575 4489 3809 4559 ἐπιγρα-

2238 4591 2416 4645 πτέονσ
2464 4585 2604 4640 ὥστε
2632 4587 2775 4641 δυοῖν
2818 4585 3031 4654 ἀνάγκη
3083 4581 3309 4655 θάτερόν
3347 4582 3494 4634 ἐστιν
3530 4580 3727 4645 εἰπεῖν,
3772 4577 3808 4650 ἦ

2234 4682 2394 4750 τοῦτο
2441 4678 2797 4755 μηδεπώποτε
2839 4677 3121 4747 γεγονέναι
3166 4658 3451 4747 μηδαμῶς,
3499 4673 3532 4744 ἢ
3578 4672 3669 4727 διὰ
3708 4672 3811 4744 τῆς

2245 4773 2689 4848 ὲγγαστριμύθου
2718 4772 2813 4827 καὶ
2838 4768 2932 4823 τοῦ
2965 4769 3217 4840 δαίμονος
3249 4767 3482 4837 ἀνῆχθαι
3523 4765 3614 4818 τὸν
3642 4763 3813 4836 ἄνδρα

2237 4870 2327 4924 τὸν
2355 4867 2556 4940 ὄρθιον.
2601 4861 2729 4943 Ἆρ’
2775 4857 2867 4917 οὖν
2914 4860 3209 4934 ἀφοσιώσει
3244 4860 3343 4924 τὰς
3389 4858 3583 4922 ἑαυτοῦ
3627 4858 3815 4929 φωνὰς

2239 4961 2521 5038 ἀρνεῖσθαι
2555 4959 2724 5014 δοκῶν
2760 4956 2915 5038 ἄλλη
2935 4954 3142 5026 μεθόδῳ
3184 4953 3280 5038 τὴν
3313 4952 3481 5024 αὐτὴν
3509 4954 3812 5025 εἰσηγεῖται

2239 5034 2556 5122 δοξοκοπίαν
2587 5034 2915 5120 ἀπατηλιῖκέ
2954 5045 3205 5105 Ἀλλάδΰ
3241 5035 3315 5109 ὧν
3345 5043 3444 5123 μὲν
3471 5042 3647 5098 ἔοικεν
3675 5045 3814 5097 ἀπο-

2242 5148 2537 5218 λογεῖσθαι,
2584 5142 2673 5198 διὰ
2711 5141 2915 5195 τούτων
2958 5140 3034 5204 ὠς
3073 5137 3335 5210 ἀλήθειαν
3392 5138 3697 5208 εἰσηγεῖται
3752 5135 3817 5189 τὸ

2242 5240 2456 5313 ψεῦδος.
2516 5238 2590 5290 Οὐ
2654 5232 2963 5289 καταιδοῢσι
3014 5231 3071 5285 δὲ
3122 5228 3285 5285 αὐτὸν
3326 5228 3384 5291 αἰ
3427 5227 3687 5282 τοσαῦται
3720 5228 3819 5281 καὶ

2246 5329 2491 5384 τοιαῦται
2522 5325 2867 5398 νομοθετικαὶ
2888 5321 3246 5395 ψηφοφορίαι,
3271 5321 3331 5375 ού
3364 5320 3651 5392 σύμφωνοι
3683 5336 3794 5391 προ

2247 5423 2473 5495 φητικαὶ
2506 5417 2822 5492 μαρτυρίαι,
2844 5418 2942 5489 οὐχ
2970 5418 3027 5471 αί
3046 5414 3231 5469 λοιπαὶ
3251 5415 3349 5486 τῆς
3372 5412 3821 5486 ίστοριογραφίας

2246 5517 2486 5592 ὁμόδοξοι
2520 5514 2757 5569 συνοδίαι
2776 5530 2790 5544 σ
2822 5511 2891 5565 τὰ
2918 5510 2973 5564 δὲ
3003 5510 3068 5582 δὴ
3104 5510 3346 5577 πανάγια
3375 5506 3821 5580 παραλογισάμε-
3848 5534 3857 5594 ί

2248 5628 2336 5674 νος
2380 5605 2799 5677 ἀποφθέγματα,
2832 5599 3146 5674 προαιρέσει
3184 5597 3392 5669 βεϐαιοῖ
3425 5595 3493 5650 τὰ
3523 5595 3622 5665 τῆς
3653 5596 3821 5662 ἐγγα-

2254 5700 2548 5777 στριμύθου
2597 5700 2838 5772 ῥήματα,
2885 5693 3172 5765 καινότερα
3228 5689 3330 5762 μὲν
3376 5685 3824 5756 εἰδωλολατρείας
