4080 6334
322 305 422 360 669

1230 312 1314 362 ue
1354 309 1940 366 eacasrmnvruo
1978 290 2254 367 CONTRA
2291 312 2663 370 ORIGENEM.

3441 321 3545 374 6'70

318 422 522 492 ὄργανα
566 419 856 484 θεσπίζων,
897 422 1080 476 ἀσεϐεῖ
1120 424 1175 478 δὲ
1206 427 1431 497 μαντείᾳ
1470 427 1737 498 δαιμόνων
1763 430 1851 482 ἐπι

1954 429 2155 500 giaria
2202 430 2509 486 dmmonum
2564 430 2953 487 vaticinatione
3002 431 3322 488 obtrudunt.
3363 434 3545 504 Ipsum

317 511 549 566 σκυλῶν.
583 513 655 564 Oti
692 512 865 565 πείθει
896 514 952 566 δὲ
987 516 1144 569 αὑτὸν
1175 516 1293 569 οὐδὲ
1333 517 1391 570 τὸ
1427 518 1675 573 σύνθετον
1711 521 1879 591 ὄνομα

316 604 566 673 ποταπὴν
604 604 713 674 ἔχει
766 605 1062 678 διαγωγήν,
1121 608 1185 661 Ἡ
1225 608 1332 682 γὰρ
1380 611 1876 681 Ἐγγαστρίμυθος

313 697 670 769 ἑρμηνεύεται
702 698 853 770 παρὰ
886 699 949 751 τὸ
974 700 1168 769 μῦθον
1189 702 1259 754 ἐν
1288 704 1497 773 recepi
1532 704 1875 774 πεπλασμέ-

310 808 421 843 νον
451 790 795 860 ἐμφαίνειν·
843 793 875 862 ἡ
913 792 969 844 δὲ
1006 792 1099 845 τοῦ
1142 794 1309 864 μύθου
1353 796 1596 860 σύνθεσις
1628 797 1872 868 ἐσχημά-

309 898 488 934 τισται
516 883 1026 953 σκηνοπηγουμένου
1060 884 1299 950 πιθανῶς
1333 885 1461 940 εἵσω
1487 868 1877 958 γαστρδςνούκ

306 972 587 1043 ἀλήθειαν,
618 973 755 1026 ἀλλὰ
800 974 860 1027 τὸ
905 974 1098 1045 ψεῦδος
1138 976 1397 1049 ἄντικρυς
1450 979 1701 1049 ὲκφωνεῖ.
1752 980 1873 1033 Μα-

304 1063 426 1136 κρῷ
459 1064 590 1133 γοῦν
633 1066 852 1136 ἄμεινον
900 1066 1075 1121 ίσασιν
1116 1070 1162 1121 οἱ
1206 1068 1474 1133 ποικίλαις
1518 1070 1872 1142 ὁμιλήσαντες

300 1154 479 1223 λόγων
506 1157 823 1229 ἀναφοραῖς,
849 1160 1028 1214 ὁποῖόν
1051 1162 1165 1215 ἐστι
1196 1162 1256 1215 τὸ
1280 1163 1431 1232 γένος
1461 1161 1650 1215 αὑτοῦ·
1681 1162 1783 1215 κᾶν
1803 1161 1872 1215 τά

302 1247 541 1316 μάλιστα
568 1249 625 1301 δὲ
650 1249 1064 1321 δεισιδαιμονίαν
1089 1254 1368 1326 πυρέττων
1401 1254 1712 1326 Ἑλληνικὴν
1741 1271 1872 1325 μαν-

296 1338 450 1392 τείαν
483 1342 784 1411 εἰσηγεῖται
821 1343 1137 1415 λεληθότως.

372 1432 587 1488 XXVII.
644 1436 780 1488 Ἀλλ’
810 1439 957 1509 ὅμως
983 1440 1043 1492 ού
1073 1442 1437 1513 παραιτητέον
1464 1440 1704 1513 ἠγοῦμαι
1738 1442 1866 1495 κάν-

292 1524 488 1578 τεῦθεν
531 1526 746 1594 ἐλέγξαι
778 1530 874 1600 τὴν
904 1530 1183 1596 ἀξυνεσίαν
1228 1532 1394 1586 αὐτοῦ
1435 1535 1503 1587 δι’
1534 1534 1749 1601 ὀλίγων,
1790 1531 1865 1596 ὡς

291 1617 434 1670 δέον.
469 1618 537 1670 Δί
562 1618 669 1689 γάρ
695 1637 775 1673 τοι
806 1623 1089 1693 ῥητορικαὶ
1113 1623 1328 1694 δηλοῦσι
1353 1625 1737 1697 τεχνογραφίαι
1770 1643 1863 1677 σα-

293 1709 434 1777 φῶς,
458 1711 541 1763 ὃτι
573 1711 739 1781 μῦθός
783 1715 897 1767 ἐστι
939 1715 1160 1787 πλάσμα
1208 1717 1556 1788 συγκείμενον
1589 1717 1726 1789 μετά
1763 1718 1865 1786 ψυ-

291 1805 579 1875 χαγωγίας
621 1807 757 1878 πρός
787 1826 837 1860 τι
867 1808 975 1863 τῶν
1002 1810 1060 1861 ἐν
1105 1811 1180 1881 τῷ
1219 1810 1317 1881 βίῳ
1351 1812 1542 1883 χρήσει
1576 1811 1859 1883 διαφέρον·

291 1897 523 1967 πλάσμα
577 1897 633 1951 δὲ
680 1899 945 1970 δήπουθεν
997 1901 1209 1974 εἴρηται
1249 1902 1397 1973 παρὰ
1441 1903 1501 1956 τὸ
1533 1904 1859 1969 πεπλάσθαι,

292 1989 482 2060 φασὶν,
515 1989 679 2043 αὐτὸν
724 1992 1298 2064 συνομολογουμένως·
1345 1996 1403 2049 ού
1451 1995 1559 2067 γάρ
1591 1996 1670 2049 ἑτι
1713 1998 1861 2068 νομί-

290 2078 439 2142 ζοιτο
474 2080 678 2147 μῦθος,
714 2083 762 2133 εί
806 2082 1040 2151 γεγονὼς
1081 2083 1165 2156 εἴη
1203 2085 1347 2139 κατά
1390 2084 1682 2157 ἀλήθειανο
1712 2088 1760 2139 εί
1804 2086 1860 2139 δὲ

291 2171 612 2241 πλάσματος
651 2173 994 2244 αὐτοσχεδίου
1031 2175 1275 2240 σύνθεσίς
1305 2177 1449 2230 ἐστιν
1482 2180 1513 2248 ἡ
1555 2178 1855 2248 μυθοποιία,

288 2264 481 2335 πόρρω
513 2264 613 2333 μὲν
638 2262 783 2335 ἔργῳ
807 2266 906 2335 τῆς
940 2266 1194 2337 ἀληθείας
1221 2268 1540 2339 ἑλήλεγκται
1560 2310 1573 2334 ,
1600 2270 1741 2341 λόγῳ
1766 2271 1858 2324 καὶ

288 2356 633 2428 πραγμάτων
666 2357 796 2422 ὔλας
821 2358 1071 2422 είκονίζει
1098 2362 1163 2431 τῇ
1195 2360 1388 2433 πράξει
1420 2362 1742 2434 λειπομένηο
1790 2364 1857 2417 τὰ

286 2446 394 2517 γὰρ
439 2449 541 2501 οὐκ
572 2448 701 2503 ὄντα
734 2449 1099 2520 πιθανολογεῖν
1130 2452 1303 2506 ἔοικεν
1334 2454 1408 2517 ὡς
1438 2455 1583 2520 ὄντα,
1614 2458 1707 2509 καὶ
1739 2457 1855 2526 διη-

286 2537 448 2607 γήσει
498 2538 727 2609 μίμησιν
774 2541 977 2609 εἰσάγει
1027 2542 1454 2613 πεπλασμένηνο
1510 2545 1856 2599 ἀνυπόστατα

284 2629 467 2682 τοίνυν
511 2630 766 2683 είδοποιεῖ
805 2632 1127 2702 πράγματα,
1177 2636 1448 2708 μηδεμιᾶς
1494 2637 1857 2708 ὑποκειμένης

284 2719 467 2790 ἔδρας,
522 2720 597 2784 ὼς
629 2718 740 2774 οἶόν
776 2740 833 2775 τε
864 2723 1113 2793 βεϐαίως.
1152 2726 1313 2779 Ούδὲν
1352 2728 1407 2780 δέ
1438 2745 1527 2798 μοι
1565 2728 1710 2780 δοκεῖ
1744 2728 1856 2781 δια-

284 2813 474 2884 φέρειν
505 2813 712 2884 ἀψύχου
747 2816 1115 2886 σκιαγραφίαις
1161 2818 1195 2887 ἠ
1231 2817 1322 2871 τοῦ
1356 2818 1523 2889 μύθου
1559 2820 1856 2891 πλαστουρ-

281 2903 375 2969 γία
396 2919 410 2931 °
462 2902 585 2955 καθ’
629 2905 917 2976 ὁμοιότητα
954 2908 1082 2980 γὰρ,
1117 2904 1290 2979 οἶμαι,
1325 2909 1419 2963 τοῦ
1458 2911 1683 2975 πίνακος
1716 2913 1851 2984 αὐτῇ

278 2992 703 3065 διαχαράττεται
724 2998 788 3067 τῇ
818 3001 1048 3069 γραμμῇ
1066 3016 1078 3028 °
1107 3000 1471 3074 παραπλησίῳ
1500 3002 1564 3071 γέ
1594 3021 1674 3055 τοι
1696 3020 1854 3074 προσ-

1982 535 2182 575 nomen
2233 522 2599 592 compositum
2654 524 2943 593 persuadet
2994 540 3230 594 quanam
3287 525 3342 579 in
3390 536 3545 595 parte

1980 619 2250 666 versatur.
2276 610 2738 681 Engastrimythus
2767 612 2913 666 enim
2944 612 3334 681 interpretatur
3364 629 3393 666 a
3424 630 3545 667 ven-

1982 709 2060 753 tre
2090 709 2143 755 et
2172 700 2377 769 fabula,
2417 703 2573 769 quasi
2599 702 2838 768 fabulam
2871 703 2925 755 in
2954 712 3126 755 ventre
3154 703 3433 771 conﬁctam
3460 703 3546 757 dc-

1979 801 2301 845 monstrans.
2332 790 2665 860 Compositio
2697 802 2877 847 autem
2908 790 3102 847 fabula:
3128 793 3269 846 intra
3298 801 3541 847 ventrem

1978 882 2331 953 probabiliter
2366 883 2817 952 quemadmodum
2861 891 2914 938 et
2956 884 3189 939 tentoria
3230 884 3536 949 eﬁ‘ormata,

1978 990 2088 1029 non
2120 974 2425 1039 veritatem,
2453 974 2548 1029 sed
2600 974 2942 1029 mendacium
2979 982 3163 1043 aperte
3191 977 3529 1044 prOnuntiat.

1975 1064 2153 1121 .Multo
2173 1066 2367 1121 melius
2402 1066 2585 1136 itaque
2617 1067 2709 1136 qui
2743 1067 2894 1121 varia
2928 1066 3087 1135 periti
3126 1074 3251 1122 sunt
3283 1067 3536 1132 lectione,

1978 1168 2244 1214 noverunt
2279 1158 2550 1229 quodnam
2582 1160 2730 1214 illius
2756 1175 2928 1230 genus
2956 1179 2967 1214 :
3005 1159 3098 1230 qui
3126 1174 3234 1213 non
3264 1160 3424 1214 modo
3448 1161 3537 1215 ille

1978 1251 2381 1322 superstitiosis
2419 1252 2708 1321 praestigiis
2745 1253 2989 1322 apprime
3023 1251 3259 1317 deditus,
3295 1251 3535 1323 gentium

1976 1344 2390 1414 superstitiones
2414 1345 2721 1398 clanculum
2763 1346 3079 1399 introducit.

2044 1435 2257 1492 XXVII.
2300 1436 2664 1491 Nihilominus
2690 1437 2815 1492 inde
2847 1438 3010 1492 etiam
3040 1436 3227 1506 paucis
3256 1436 3375 1506 ejus
3427 1445 3535 1493 sto-

1969 1531 2252 1594 liditatem,
2297 1531 2373 1584 uti
2432 1546 2529 1599 par
2561 1539 2665 1593 est,
2724 1530 3137 1600 reprehendere,
3171 1531 3531 1586 omittendum

1968 1638 2079 1677 non
2105 1630 2208 1677 est.
2240 1621 2453 1677 Etenim
2489 1623 2779 1677 rhetorica:
2831 1623 2965 1678 artis
3021 1623 3344 1678 traditiones
3396 1626 3532 1687 satis

1967 1716 2247 1770 commode
2277 1724 2573 1784 exponunt,
2609 1716 2844 1770 fabulam
2887 1732 3007 1771 esse
3040 1716 3307 1771 ﬁctionem
3336 1734 3531 1787 quam-

1962 1803 2085 1857 dam
2120 1820 2243 1859 cum
2272 1804 2632 1860 delectatione
2672 1806 2739 1859 ad
2766 1806 3000 1874 aliquem
3060 1808 3182 1861 vitae
3236 1823 3392 1862 usum
3432 1823 3528 1862 ne-

1960 1894 2281 1949 cessarium.
2310 1892 2482 1948 Fictio
2532 1911 2661 1950 vero
2701 1896 2843 1950 dicta
2900 1906 2984 1951 est
3026 1896 3194 1966 quod,
3230 1905 3287 1950 ut
3336 1914 3525 1953 omnes

1960 2000 2113 2055 atque
2152 1985 2411 2051 fatentur,
2448 1986 2677 2040 conﬁcta
2706 1987 2797 2042 sit.
2836 1986 3021 2057 Neque
3052 1990 3196 2043 enim
3227 1990 3411 2058 fabula
3441 1990 3527 2045 di-

1959 2085 2192 2142 ceretur,
2221 2078 2267 2131 si
2298 2094 2355 2132 re
2393 2078 2509 2147 ipsa
2533 2088 2683 2148 gesta
2716 2078 2926 2134 fuisset.
2955 2079 3134 2145 Quare
3160 2083 3205 2136 si
3236 2081 3416 2135 fabula
3448 2084 3524 2137 rei

1961 2170 2098 2225 ﬁctae
2125 2186 2188 2225 ex
2226 2170 2521 2240 improviso
2581 2172 2903 2241 compositio
2935 2183 3039 2236 est,
3067 2190 3125 2229 re
3151 2174 3369 2243 quidem
3408 2176 3525 2245 ipsa

1957 2261 2116 2333 longe
2146 2262 2301 2316 abest
2332 2276 2361 2315 a
2392 2262 2640 2323 veritate,
2674 2271 2729 2315 at
2774 2278 2956 2317 rerum
3010 2265 3220 2319 ratione
3266 2267 3526 2320 materias

1957 2355 2355 2424 suppeditando
2384 2364 2737 2426 repraasentat
2768 2357 2983 2411 actione
3006 2358 3286 2412 destituta.
3312 2358 3523 2429 Quippe

1956 2464 2075 2518 qua:
2103 2465 2209 2504 non
2254 2458 2401 2515 sunt,
2430 2449 2931 2513 verisimilitudine,
2967 2450 3123 2519 quasi
3154 2458 3355 2516 essent,
3397 2466 3526 2520 pro-

1956 2541 2127 2609 ponit,
2170 2541 2593 2610 narrationeque
2635 2541 2996 2595 imitationem
3031 2540 3317 2595 conﬁctam
3354 2542 3525 2595 intro-

1955 2631 2120 2686 ducit.
2148 2630 2255 2687 Res
2282 2633 2463 2702 itaque
2487 2648 2606 2703 quae
2629 2649 2735 2686 non
2764 2633 3092 2694 subsistunt,
3130 2631 3322 2687 formis
3353 2640 3517 2701 atque

1956 2720 2143 2791 ﬁguris
2191 2732 2443 2785 ornatas,
2495 2723 2643 2776 nulla
2691 2721 2940 2776 suﬁultas
2990 2721 3284 2784 ﬁrmitate,
3342 2722 3521 2791 quoad

1956 2813 2069 2867 ﬁeri
2094 2821 2295 2884 potest,
2327 2813 2556 2867 stabilit.
2593 2812 2721 2866 Mihi
2755 2828 2884 2866 vero
2916 2811 3132 2866 videtur
3164 2811 3358 2866 fabula:
3392 2828 3525 2865 (ξοη-

1958 2904 2107 2959 ﬁctio
2138 2905 2274 2959 nihil
2305 2905 2373 2958 ab
2408 2904 2716 2957 inanimatae
2755 2903 2963 2957 umbra:
3005 2901 3370 2957 delineatione
3413 2902 3519 2955 dif-

1956 2995 2116 3051 terre.
2150 2995 2232 3049 Ad
2265 2995 2675 3050 similitudinem
2706 2996 2906 3065 quippe
2958 2994 3153 3048 tabula:
3180 2994 3338 3048 lineis
3382 2994 3519 3062 ipsis

279 3085 556 3157 εμφερείᾳ
599 3091 1007 3157 προσωποποιεῖ
1054 3092 1151 3161 μὲν
1177 3092 1451 3157 ὑπόθεσιν,
1484 3092 1565 3157 είς
1600 3112 1651 3147 τι
1690 3096 1851 3168 μέρος

1954 3087 2356 3157 ἀοεῖεηῖὶῑὶἓ,-θῐ
2386 3085 2503 3155 pari
2535 3086 2846 3154 aequalitate
2874 3092 3217 3154 argumento,
3261 3084 3315 3137 in
3349 3099 3514 3138 unam

278 3174 685 3239 ἀποϐλέπουσα,
719 3178 858 3233 αύτά
902 3179 957 3232 δὲ
1007 3183 1328 3253 σχηματίζει
1380 3188 1446 3256 τῇ
1502 3188 1727 3259 μιμήσει
1782 3188 1852 3242 τὰ

278 3267 585 3339 πράγματα
616 3274 897 3341 γραμμαῖς
929 3274 1327 3344 ὲντεταμέναις,
1364 3277 1715 3348 ἀνομολογίαν
1753 3280 1851 3349 μὲν

276 3355 367 3411 οὖν
405 3360 493 3427 ἐφ’
541 3358 785 3414 ἑκάστων
816 3364 872 3426 ἐς
900 3364 964 3417 τὰ
1002 3365 1231 3436 μάλιστα
1270 3372 1428 3439 τηρεῖ
1464 3369 1570 3422 τῶν
1607 3370 1845 3442 ῥυθμῶν.

280 3452 462 3520 ’Λκρα
494 3469 555 3504 τε
588 3453 825 3523 πολέμου
869 3457 1065 3529 γράφει
1095 3460 1187 3512 καὶ
1222 3459 1391 3524 τέλος,
1434 3462 1644 3514 ἐοικότα
1676 3462 1847 3533 βάσει,

274 3544 369 3595 καὶ
419 3544 571 3615 χείλη
629 3545 994 3617 φθεγγόμενα,
1046 3550 1140 3603 καὶ
1187 3552 1378 3618 φωνῶν
1424 3552 1705 3623 ἰδιώματα,
1754 3556 1848 3607 καὶ

274 3635 538 3700 γέλωτας,
585 3637 678 3688 καὶ
706 3637 1032 3708 κλαυθμοὺς,
1066 3641 1097 3710 ἢ
1135 3641 1472 3715 δημηγορίας
1503 3647 1843 3717 ἀρχοντικάς,

273 3725 305 3794 ῆ
350 3724 633 3795 συμπόσια
675 3728 767 3780 καὶ
806 3726 1109 3800 κώμους,ἣ
1163 3730 1413 3800 βακχίας,
1456 3732 1487 3802 ἢ
1537 3734 1839 3807 τελετάς,ἢ

275 3816 447 3886 μέθας
479 3818 828 3883 ἀκολάστους,
856 3819 888 3890 ἦ
923 3821 1203 3891 παροινίας
1242 3823 1530 3893 ἐρωτικὰς,
1564 3826 1595 3895 ἦ
1627 3826 1843 3899 λῃστρι-

274 3905 374 3967 κάς
408 3905 685 3975 ἁρπαγάς,
717 3906 749 3976 ἦ
773 3907 976 3979 φθορὰς
1004 3909 1353 3979 ἀνηκέστους,
1381 3913 1412 3983 ἢ
1448 3915 1660 3983 σφαγάς
1688 3917 1845 3988 ἀκρί-

273 4014 422 4061 τους,
474 3997 509 4067 ἢ
558 3999 747 4061 πενίας
795 4000 1130 4071 ὑποκρίσεις,
1170 4002 1203 4072 ἢ
1248 4003 1493 4057 πλούτων
1539 4009 1839 4080 ἐπιρροίας.

273 4086 625 4158 Είκοτολογίᾳ
659 4089 755 4157 μὲν
800 4084 893 4141 οὖν
943 4087 1152 4141 ἅπαντα
1183 4094 1589 4164 χαρακτηρίζει,
1632 4113 1844 4168 προσω-

274 4180 477 4232 ποποία
506 4178 564 4231 δὲ
608 4182 1006 4251 προσεμφερεῖς
1048 4180 1351 4252 διαγορεύει
1394 4186 1619 4256 πράξεις
1650 4188 1843 4261 ἀνδρα-

272 4277 380 4336 νεῖς
402 4292 413 4300 ·
448 4273 498 4324 οί
525 4272 631 4343 γάρ
664 4289 744 4325 τοι
780 4273 1061 4343 μυθοποιοὶ
1102 4275 1199 4338 τὰς
1238 4276 1478 4347 ἁνθηρὰς
1509 4280 1839 4352 ἀναλεγόμε-

272 4384 350 4420 vo:
377 4366 554 4430 λέξεις
599 4367 955 4438 αύτουργοῦσι
987 4369 1198 4423 ποικίλα
1242 4373 1545 4442 χρωμάτων
1568 4374 1702 4445 εἴδη,
1748 4378 1839 4429 καὶ

1955 3187 2166 3248 νεηνίεω
2212 3176 2542 3245 respiciens,
2591 3188 2880 3245 personam
2929 3173 3207 3243 conﬁngit,
3255 3173 3515 3227 imitatio-

1952 3283 2126 3339 neque
2161 3282 2245 3322 res
2292 3268 2440 3336 ipsas
2488 3266 2648 3320 lineis
2698 3264 2938 3319 inductis
2969 3263 3182 3334 ﬁgurat,
3225 3271 3281 3318 et
3311 3264 3365 3317 in
3397 3279 3516 3319 om-

1950 3362 2113 3417 nibus
2138 3361 2505 3431 inzequalitate
2533 3373 2821 3413 numerum
2846 3357 3099 3412 observat
3133 3357 3510 3426 potissimum;

1952 3454 2141 3522 sicque
2172 3464 2324 3507 ortus
2356 3460 2409 3507 et
2438 3451 2575 3506 ﬁnes
2609 3451 2872 3506 bellorum
2896 3465 3005 3503 non
3042 3449 3266 3504 dissona
3289 3449 3512 3503 basibus

1950 3546 2143 3616 pingit,
2186 3545 2328 3599 labia
2370 3543 2639 3613 loquacia,
2674 3556 2870 3596 vocum
2902 3541 3287 3610 proprietates,
3342 3540 3510 3605 risus,

1948 3639 2221 3709 planctus,
2266 3644 2359 3689 aut
2410 3635 2704 3690 conciones
2739 3632 3066 3704 principum,
3098 3633 3370 3698 convivia,
3404 3632 3512 3686 sal-

1948 3728 2205 3791 lationes,
2260 3725 2474 3780 furores
2513 3724 2826 3788 bacchicos,
2879 3722 3164 3793 mysteria,
3212 3722 3510 3776 ebrietates

1946 3819 2314 3889 turpissimas,
2346 3816 2676 3888 petulantias
2720 3816 3037 3879 amatorias,
3063 3814 3391 3884 {praedonum
3425 3814 3510 3866 di-

1944 3911 2242 3979 reptiones,
2279 3905 2589 3978 deploratas
2619 3907 2816 3968 caedes,
2851 3905 3034 3960 clades
3073 3920 3345 3968 enormes,
3386 3919 3514 3973 pau-

1945 4002 2170 4071 pertatis
2223 4000 2622 4063 simulationes,
2675 3998 2990 4053 divitiarum
3035 3997 3358 4052 aﬂluentias.
3408 3997 3510 4050 Dc-

1942 4093 2087 4148 eenti
2128 4092 2290 4163 igitur
2336 4093 2583 4147 oratione
2640 4099 2798 4145 notas
2848 4089 3103 4161 apponit,
3148 4096 3200 4144 et
3246 4102 3507 4158 persona-

1944 4201 2067 4239 rum
2116 4183 2335 4239 ﬁctione
2389 4185 2455 4239 ad
2512 4183 2755 4237 actiones
2814 4183 3021 4237 similes
3069 4198 3189 4251 quae
3235 4182 3382 4234 viros
3411 4179 3507 4233 de-

1941 4287 2086 4340 cent,
2122 4277 2391 4346 designat.
2429 4275 2785 4328 Fabulatores
2816 4275 3018 4344 quippe
3042 4272 3250 4327 ﬂoridis
3282 4271 3507 4326 vocibus
3552 4280 3559 4281 ’

1942 4369 2156 4424 selectis
2176 4348 2367 4421 'varias
2395 4368 2640 4421 colorum
2691 4366 2903 4434 species
2952 4363 3234 4427 adhibent,
3281 4362 3507 4430 compli-

268 4462 333 4529 τῇ
372 4460 766 4529 προσωποποία
796 4460 1214 4530 συμπλέκουσιν·
1243 4458 1363 4515 εἶτα
1401 4463 1575 4531 λόγοις
1607 4468 1843 4539 ἐπιχρω-

1954 4470 2177 4531 eantque
2228 4474 2583 4530 personarum
2635 4458 2877 4523 ﬁctioni;
2933 4456 3191 4524 deinceps
3242 4455 3507 4509 orationis

272 4568 463 4614 σαντες
488 4548 661 4621 ἡδέσι,
699 4553 876 4605 πᾶσαν
905 4554 1001 4623 μὲν
1024 4555 1409 4623 ὲπισυνάγουσι
1432 4556 1528 4627 τὴν
1549 4556 1643 4610 τοῦ
1670 4558 1840 4628 μύθου

269 4643 552 4714 διήγησιν·
581 4643 769 4715 ὥσπερ
798 4644 853 4697 δὲ
885 4645 1241 4719 ζωδιογράφοι
1282 4648 1380 4719 τὴν
1426 4649 1523 4719 τῆς
1554 4648 1728 4719 ὅψεως
1766 4653 1842 4704 εἰ-

270 4737 574 4801 κονίζουσιν
604 4736 772 4809 ὥραν,
802 4738 1049 4810 ἐρυθροῖς
1079 4741 1159 4809 ηδ’
1186 4742 1417 4805 ἀνθινοῖς
1459 4742 1710 4813 χρώμασι
1736 4761 1836 4815 κη-

270 4829 700 4899 ρογραφοῦντες⁹
750 4831 953 4901 ῥήμασι
1006 4832 1061 4885 δὲ
1112 4835 1205 4888 καὶ
1253 4836 1493 4906 σχήμασι
1538 4836 1838 4906 μελοποιεῖν

268 4924 634 4992 ἐπειγόμενοι,
667 4924 1016 4996 χαρακτῆρας
1042 4925 1254 4989 ὑλικοὺς
1284 4928 1426 4999 ἔργῳ
1460 4928 1558 4999 τῆς
1582 4930 1836 5000 ἀληθείας

268 5015 439 5083 αὐτῆς
488 5014 823 5069 ἀποδέουσιν,
873 5015 1010 5068 Ἀλλ’
1057 5010 1203 5070 οὗτοι
1242 5018 1339 5088 μέν
1381 5036 1461 5071 τοι
1506 5019 1679 5091 τούτῳ
1713 5037 1833 5073 ποι-

267 5107 510 5160 κίλλουσι
536 5108 720 5178 τρόπῳ
746 5108 844 5172 τὰς
871 5108 978 5161 τῶν
1008 5108 1191 5179 μύθων
1225 5111 1436 5175 εἰκόνας
1457 5129 1470 5141 ⁸
1503 5112 1747 5165 ἐντεῦθεν
1777 5113 1834 5165 δὲ

270 5197 503 5267 μουσική
540 5214 622 5260 τις
656 5199 887 5269 ἁρμονία
918 5200 1249 5267 συνίσταται,
1284 5204 1378 5255 καὶ
1407 5203 1693 5273 ποιητικῆς
1719 5205 1835 5275 οἰη-

269 5289 518 5353 σικοπίας
554 5288 787 5360 εὕρεσις.

335 5463 569 5518 XXVIII.
615 5466 827 5537 Ἀμέλει
856 5466 986 5536 γοῦν
1019 5469 1367 5541 ἐρωτώμενος
1393 5474 1421 5525 ὀ
1449 5472 1670 5526 Πλάτων
1696 5490 1826 5544 μου-

268 5556 426 5624 σικῆς
471 5556 569 5627 μὲν
598 5553 736 5610 εἶναι
777 5558 966 5626 λόγους
993 5560 1250 5630 ὁρίζεται,
1296 5562 1465 5631 λέγων
1484 5581 1496 5593 ’
1531 5565 1732 5636 Λόγων
1760 5562 1828 5615 δὲ

265 5646 466 5700 διττὸν
506 5644 696 5714 εἶδος,
729 5649 863 5721 ἔφη,
921 5652 985 5705 τὸ
1030 5652 1146 5720 μὲν
1196 5654 1448 5721 ἀληθὲς,
1484 5656 1705 5724 ψεῦδος
1761 5655 1827 5707 δὲ

267 5740 539 5803 θάτερον*
574 5740 920 5796 παιδευτέον
956 5743 1024 5797 δὲ
1060 5745 1127 5798 ἐν
1171 5745 1539 5812 ἀμφοτέροις,
1576 5747 1731 5802 ἀλλὰ
1764 5766 1826 5811 γε

1944 4555 2209 4609 suavitate
2243 4550 2635 4606 adumbrantes
2670 4564 2885 4604 omnem
2916 4547 3133 4618 quidem
3166 4546 3360 4601 fabulae
3380 4562 3507 4599 nar-

1940 4646 2205 4699 rationem
2262 4641 2574 4711 expediunt.
2629 4641 2693 4695 Et
2732 4641 2899 4695 veluti
2952 4640 3232 4709 signorum
3270 4638 3507 4707 pictores

1948 4746 2199 4806 aspectus
2234 4734 2696 4805 pulchritudinem
2735 4733 2919 4788 rubeis
2950 4731 3265 4800 ﬁoridisque
3306 4730 3507 4783 colori—

1940 4828 2063 4890 bus,
2097 4842 2158 4880 ac
2190 4826 2233 4877 si
2267 4839 2390 4879 cera
2422 4824 2728 4894 pingerent,
2758 4822 3137 4892 distinguunt;
3170 4820 3350 4873 verbis
3374 4821 3502 4874 item

1940 4920 2235 4989 tigurisque
2260 4917 2387 4971 dum
2420 4931 2708 4969 numerum
2751 4914 3167 4969 accommodare
3208 4922 3499 4983 coguntur,

1939 5012 2351 5068 characterihus
2394 5009 2729 5079 pinguibus,
2784 5009 3031 5062 veritatis
3082 5023 3284 5070 causa,
3341 5009 3498 5076 quasi

1939 5106 2289 5176 compedibus
2333 5105 2597 5158 vinciunt.
2657 5102 2726 5155 At
2777 5101 2831 5154 hi
2876 5099 3098 5170 quidem
3146 5100 3245 5153 hac
3288 5100 3501 5153 ratione

1937 5198 2242 5253 fabularum
2278 5196 2542 5267 imagines
2586 5202 2872 5249 exornant.
2920 5192 3057 5245 llinc
3103 5193 3307 5245 musica
3349 5208 3499 5260 qum-

1938 5293 2061 5347 dam
2106 5290 2390 5344 harmonia
2438 5288 2814 5349 constituitur,
2860 5301 2923 5339 ac
2959 5285 3184 5354 poetica:
3228 5284 3497 5355 imagina-

1939 5384 2102 5439 tionis
2136 5382 2394 5435 inventio.

2004 5472 2241 5528 XXVIII.
2283 5472 2469 5542 Itaque
2501 5471 2655 5525 Plato
2700 5471 3066 5540 interrogatus
3118 5468 3339 5523 musica:
3374 5468 3496 5537 qui-

1933 5567 2052 5621 dem
2097 5565 2397 5618 orationem
2450 5578 2573 5617 esse
2623 5560 2967 5623 determinat,
3009 5561 3196 5615 dicens
3240 5560 3494 5613 orationis

1933 5659 2062 5709 duas
2096 5669 2208 5706 esse
2236 5654 2451 5720 species,
2502 5669 2660 5704 unam
2692 5668 2886 5714 veram,
2920 5652 3141 5705 atteram
3170 5654 3400 5721 falsam;
3436 5652 3490 5705 in

1935 5746 2167 5813 utrisque
2199 5760 2315 5798 vero
2344 5741 2717 5798 instituendum
2746 5742 3001 5813 (civitatis
3033 5743 3360 5815 custodem),
3401 5744 3488 5799 sed
