4080 6334
533 298 633 354 671

1511 295 1571 353 S.
1612 290 1981 353 EUSTATHII
2008 288 2313 351 EPISCOPI
2348 289 2767 348 ANTIOCHENI

3649 290 3760 347 επ

534 418 762 488 primum
781 413 989 487 quidem
1019 413 1072 468 in
1114 411 1425 471 mendaciis.
1454 411 1617 470 Prius
1639 413 1841 485 quippe
1877 412 2094 468 dixerat

2212 410 2478 478 τρότερον
2494 407 2564 462 έν
2587 407 2710 475 τοῖς
2740 405 3021 477 ψεύδεσι·
3055 409 3475 479 προηγουμένως
3494 405 3602 479 γὰρ
3633 402 3761 475 εἶπε

535 526 736 584 pueros
763 506 1068 563 fabularum
1100 511 1265 559 cantu
1290 504 1531 561 del-iniri.
1565 502 1754 575 itaque
1773 504 1830 558 in
1852 519 2094 574 unaqua-

535 618 633 674 que
648 617 703 656 re
737 599 1027 654 maximum
1066 606 1144 654 est
1178 606 1333 669 atque
1361 595 1857 667 prastantissimum
1892 592 2094 664 princi—

535 709 678 764 pium
698 709 717 758 ,'
741 691 1069 758 potissimum
1089 706 1208 745 vero
1218 689 1399 760 juveni
1424 696 1474 742 et
1495 695 1666 742 tenero
1689 684 1920 741 cuilibet.
1951 685 2096 740 Tunc

536 789 678 841 enim
715 782 944 837 maxime
977 781 1242 852 {armatur
1268 788 1320 835 et
1350 779 1620 834 inducitur
1651 779 1826 850 figura
1857 778 1971 848 ejus
1996 778 2094 844 rei,

538 890 696 945 quam
732 872 849 944 quis
882 872 1162 943 unicuique
1191 869 1489 941 imprimere
1527 877 1678 940 atque
1719 866 1994 940 obsignare
2022 883 2099 922 ve-

540 967 619 1022 lit.
642 965 851 1033 Quibus
877 950 1040 1021 dictis
1083 962 1218 1019 illud
1246 970 1480 1019 conatur
1520 961 1828 1028 ostendere,
1873 962 2096 1018 minime

540 1073 663 1115 esse
685 1056 1056 1114 necessarium
1078 1053 1386 1111 immodicis
1403 1053 1667 1125 purisque
1684 1051 1983 1109 mendaciis
2000 1052 2061 1123 ju
2079 1079 2094 1093 -

540 1164 743 1205 venum
768 1148 984 1205 animos
1010 1160 1313 1218 occupare;
1340 1161 1467 1202 cum
1496 1159 1617 1216 quae
1637 1143 1885 1215 puerulis
1906 1159 2097 1200 recen-

540 1237 771 1295 tioribus
799 1251 981 1309 pravze
1002 1236 1277 1309 opinionis
1301 1246 1445 1293 nota:
1466 1235 1872 1308 imprimuntur,
1900 1235 1992 1292 vix
2014 1234 2099 1290 di-

540 1327 670 1384 velli
706 1336 800 1381 aut
838 1326 1045 1384 aboleri
1086 1327 1319 1400 possint.
1350 1325 1692 1399 Quapropter
1734 1326 1947 1382 ratione
1986 1341 2099 1380 non

542 1417 847 1488 interrupta
873 1417 1095 1474 subdit:
1119 1416 1326 1473 Adeone
1360 1417 1516 1487 facile
1551 1415 1912 1487 permittemus
1945 1431 2100 1487 quas-

545 1505 667 1559 libet
686 1505 896 1576 fabulas
913 1525 944 1561 a
957 1506 1268 1579 quibuslibet
1287 1523 1379 1578 pro
1395 1505 1656 1560 arbitratu
1671 1505 1905 1560 inventas
1919 1502 2101 1559 audire

543 1614 753 1668 pueros,
784 1616 971 1670 easque
993 1601 1171 1656 animo
1195 1601 1453 1671 suscipere
1474 1600 1738 1670 opiniones
1760 1616 1876 1671 qua:
1902 1607 1959 1652 ut
1982 1597 2102 1668 plu-

2193 500 2264 555 τὰ
2308 498 2499 556 παιδία
2548 499 2942 571 καταλέγεσθαι
2995 499 3177 571 μύθων
3224 499 3470 573 ἐπαοιδῇ.
3523 499 3761 555 Οὐκοῦν

2193 592 2350 664 ἀρχὴ
2398 592 2625 660 παντὸς
2666 593 2842 664 ἔργου
2866 589 3154 662 μέγιστον
3171 608 3188 623 ·
3215 589 3414 658 ἄλλως
3436 607 3499 644 τε
3518 591 3613 645 καί
3641 588 3762 658 νέῳ

2195 685 2292 739 καὶ
2323 682 2534 750 ἁπαλῷ
2564 683 2792 751 ότῳοῦν
2809 701 2823 714 ·
2853 683 3120 753 μάλιστα
3150 682 3257 753 γὰρ
3289 680 3366 752 δὴ
3401 682 3536 736 τότε
3571 680 3765 737 πλάτη

2195 792 2352 830 τεται
2394 776 2493 829 καὶ
2542 774 2815 830 ἐνδύεται
2866 774 3072 842 τύπος,
3103 772 3175 828 ὃν
3204 773 3285 829 ἆν
3336 791 3426 842 τις
3471 774 3767 839 ,ϐούλεται

2195 867 2647 937 ἐνσημήνασθαι
2680 864 2932 932 ἑκάστῳ.
2973 864 3072 919 Διὰ
3114 865 3172 919 δὲ
3207 864 3315 919 τῶν
3352 864 3607 920 τοιούτων
3640 882 3765 920 πει-

2200 959 2359 1038 ρᾷται
2411 959 2620 1030 ῥήσεων
2670 958 2944 1028 ἐκφαίνειν
2968 998 2985 1026 ,
3027 958 3105 1022 ὡς
3133 958 3192 1012 ού
3239 957 3414 1032 χρεὼν
3460 957 3526 1013 ἂν
3556 959 3642 1031 εἴη
3695 976 3787 1030 γε·

2195 1049 2580 1123 ψευδηγορίαις
2622 1049 2901 1104 ἑπαντλεῖν
2932 1049 3189 1122 ἀκράτοις
3218 1049 3315 1113 τὰς
3347 1048 3766 1123 τῶν.νεηλύδων

2198 1141 2400 1207 ἀκοάς·
2429 1143 2613 1215 ἐπειδὴ
2649 1144 2761 1206 τοῖς
2790 1141 2988 1214 ἀρτίως
3028 1141 3476 1214 ἐνσημαινόμενοι
3515 1139 3769 1215 μείραξιν

2198 1236 2248 1290 oi
2282 1236 2477 1291 κτύποι
2528 1235 2629 1305 τῆς
2672 1233 2988 1302 κακοδοξίας
3018 1235 3381 1307 ἀμετάστατοι
3422 1235 3633 1306 φιλοῦσι
3672 1234 3766 1304 γί-

2201 1327 2384 1381 νεσθαι
2425 1326 2519 1379 καὶ⁵
2548 1326 2919 1379 δυσέκνιπτοι·
2966 1324 3155 1397 διόπερ
3184 1324 3484 1391 ἀκολούθως
3514 1324 3772 1398 ἐπιφέρει

2202 1417 2390 1473 πάλιν·
2429 1413 2551 1486 Ἆρ’
2593 1413 2707 1472 οὖν
2743 1416 2965 1486 ῥᾳδίως
3004 1418 3156 1472 οὓτω
3204 1416 3585 1487 παρήσομεν,
3622 1416 3767 1488 ἔφην

2202 1507 2344 1576 τοὺς
2377 1509 2769 1577 ἐπιτυχόντας
2794 1507 2914 1565 ὑπὸ
2956 1509 3074 1563 τῶν
3104 1509 3504 1579 ἐπιτυχόντων
3534 1509 3772 1580 μύθους

2204 1600 2583 1665 πλασθέντας
2601 1598 2845 1653 ἀκούειν
2871 1596 3012 1665 τοὺς
3043 1596 3278 1665 παῖδας,
3308 1599 3405 1653 καὶ
3437 1595 3771 1668 λαμϐάνειν

546 1690 736 1744 rimum
776 1701 896 1746 sunt
933 1693 997 1747 iis
1027 1694 1328 1758 contrariae,
1376 1709 1508 1764 quas
1548 1692 1637 1746 ubi
1665 1691 1733 1746 ad
1777 1700 2102 1747 constantem

2212 1688 2275 1744 ἐν
2311 1689 2439 1757 ταῖς
2470 1689 2715 1759 ψυχαῖς,
2737 1689 2816 1756 ὡς
2847 1688 2945 1743 ἐπὶ
2980 1688 3048 1743 τὸ
3082 1689 3237 1743 πολὺ
3278 1689 3555 1755 ἐναντίας
3578 1688 3771 1757 δόξας

546 1791 751 1837 ιτεαιειη
779 1785 1121 1852 pervenerint.
1151 1784 1337 1840 habere
1365 1784 1485 1839 illos
1522 1783 1705 1840 debere
1740 1782 2105 1840 arbitramur?

2212 1780 2455 1847 ἐκείναις
2474 1779 2567 1848 ἃς,
2586 1779 2830 1836 ἐπειδὰν
2847 1779 3252 1845 τελειωθῶσιν,
3269 1778 3432 1850 ἔχειν
3444 1781 3771 1850 οἰησόμεθα

548 1873 603 1927 Ν
608 1874 715 1927 ullo
747 1875 800 1928 id
837 1875 1042 1946 quidem
1067 1875 1241 1941 modo,
1270 1876 1430 1943 dixit,
1451 1879 1831 1948 permittemus.
1861 1876 2104 1930 Primum

545 1967 751 2037 quidem
782 1968 1131 2023 constituendi
1153 1978 1274 2024 sunt
1296 1968 1681 2039 fabulatoribus
1708 1968 1818 2023 illis
1842 1983 2102 2034 censores,

545 2061 654 2130 qui,
687 2061 735 2116 si
771 2077 928 2133 quam
957 2061 1040 2115 illi
1068 2061 1258 2117 bonam
1285 2062 1523 2132 fabulam
1551 2063 1788 2132 fecerint,
1823 2073 2105 2117 excernunt

547 2160 702 2222 atque
722 2150 968 2223 seligant,
999 2151 1170 2207 malas
1202 2162 1377 2207 autem
1404 2151 1677 2222 repudient
1701 2151 1879 2208 eodem
1905 2151 1998 2206 illo
2013 2151 2108 2221 ju-

546 2240 683 2295 dicio
713 2251 866 2312 atque
892 2242 1151 2297 examine.
1183 2241 1328 2308 Quas
1356 2258 1471 2296 uero
1502 2240 1714 2311 fabulas
1739 2258 1766 2295 e
1792 2250 2106 2295 cwterarum

549 2346 760 2384 numero
792 2332 1156 2395 exemerimus,
1191 2329 1433 2384 dabimus
1468 2347 1680 2400 operam
1708 2340 1765 2385 ut
1786 2341 1836 2385 et
1878 2331 2105 2385 nutrices

547 2433 596 2475 et
638 2431 833 2476 matres
862 2424 1038 2492 pueris
1081 2440 1171 2478 eas
1204 2434 1726 2479 commemorent:ut
1772 2423 1877 2479 illis
1908 2422 2107 2493 fabulis

547 2513 719 2581 potius
758 2514 1106 2583 intermentur
1146 2523 1298 2586 atque
1330 2515 1674 2569 instituantur
1705 2532 1884 2570 eorum
1917 2514 2107 2581 animi,

549 2622 707 2675 quam
728 2622 947 2676 corpora
982 2606 1222 2673 manibus
1243 2616 1509 2663 curentur.
1538 2608 1608 2662 At
1636 2623 1700 2663 ex
1722 2610 1787 2663 iis
1810 2624 1940 2679 quas
1970 2624 2111 2664 nunc

550 2708 976 2763 commemorant,
1000 2699 1180 2754 multa:
1201 2684 1352 2754 erunt
1375 2700 1732 2770 repudiandaz.
1760 2700 1963 2758 Deinde
1980 2715 2109 2756 cum

551 2788 619 2842 de
657 2803 844 2842 earum
895 2803 992 2860 pro
1023 2790 1235 2845 ratione
1284 2788 1605 2845 diﬂ'erentiis
1655 2790 2111 2861 interrogaretur,

553 2877 621 2933 In
643 2879 952 2949 majoribus,
977 2880 1218 2948 dicebat,
1247 2881 1441 2952 fabulis
1464 2890 1512 2935 et
1553 2882 1777 2936 minores
1801 2880 2112 2936 videbimus.

551 2966 688 3023 Cum
721 2984 913 3023 rursus
951 2968 1296 3032 Adimantus,
1337 2985 1430 3025 eas
1457 2986 1516 3024 se
1544 2986 1653 3025 non
1683 2969 1980 3039 intelligere
2019 2969 2108 3024 in-

552 3076 750 3124 nuens,
789 3069 1080 3131 quaereret,
1125 3062 1448 3118 subintulit:
1483 3062 1629 3130 Quas
1663 3071 1713 3116 et
1759 3061 2018 3117 Hesiodus
2062 3072 2112 3117 et

2200 1873 2329 1929 δεῖν
2356 1872 2577 1941 αὐτάς;
2605 1872 2740 1928 Οὐδ’
2771 1873 3127 1938 ὁπωστιοῦν,
3150 1872 3362 1945 εἴρηκε,
3389 1862 3770 1945 παρήσομεν.

2200 1966 2443 2038 Πρῶτον
2488 1967 2605 2038 μέν
2646 1966 2792 2038 ἡμῖν
2834 1967 2915 2034 ὡς
2955 1965 3152 2021 ἔοικεν
3187 1967 3614 2035 ἐπιστατητέον
3643 1965 3775 2033 τοῖς

2196 2059 2574 2131 μυθοποιοῖς·
2617 2059 2715 2114 καί
2761 2058 2833 2114 ὃν
2855 2057 2992 2129 μὲν,
3031 2058 3109 2114 ἂν
3137 2058 3326 2113 καλὸν
3360 2059 3553 2129 μῦθον
3594 2056 3774 2125 ποιή-

2202 2166 2414 2217 σωσιν,
2460 2151 2792 2222 ἐγκριτέον·
2824 2151 2897 2206 ὃν
2943 2150 3012 2205 δὲ
3042 2150 3129 2222 μὴ
3148 2192 3164 2217 ,
3197 2151 3549 2220 ἀποκριτέον
3567 2169 3581 2183 ·
3629 2149 3776 2218 τοὺς

2203 2244 2273 2298 δὲ
2299 2244 2676 2316 ἐγκριθέντας
2727 2243 3056 2315 ποιήσομεν
3101 2244 3211 2311 τὰς
3252 2243 3508 2312 τροφούς
3556 2259 3621 2297 τε
3670 2243 3777 2298 καὶ

2199 2339 2462 2410 μητέρας
2522 2337 2725 2409 λέγειν
2774 2336 2899 2403 τοῖς
2951 2336 3119 2392 παισί
3136 2377 3152 2403 ,
3198 2337 3295 2391 καί
3342 2334 3627 2391 πλάττειν
3665 2335 3780 2402 τὰς

2204 2431 2410 2500 ψυχὰς
2454 2429 2653 2485 αὐτῶν
2706 2429 2829 2497 τοῖς
2858 2430 3090 2500 μύθοις,
3125 2428 3281 2483 πολὺ
3326 2424 3567 2498 μᾶλλον
3606 2426 3647 2497 ἣ
3701 2427 3778 2482 τὰ

2205 2520 2447 2591 σώματα
2493 2521 2622 2588 ταῖς
2652 2521 2891 2590 χερσίν·
2937 2515 3025 2576 ὧν
3058 2518 3128 2574 δὲ
3180 2519 3299 2574 νῦν
3347 2517 3592 2590 λέγουσι
3627 2516 3778 2586 τοὺς

2206 2612 2473 2680 πολλοὺς
2500 2613 2843 2682 ἐκϐλητέον.
2866 2608 3000 2667 Εἶτα
3029 2611 3217 2683 ἐπειδὴ
3249 2612 3377 2683 περὶ
3401 2611 3498 2681 τῆς
3527 2610 3781 2664 ἑκάστων

2206 2700 2471 2770 ἀναλόγου
2503 2702 2764 2774 διαφορᾶς
2792 2700 3159 2774 ἐρωτώμενος,
3207 2703 3309 2756 Ἐν
3340 2700 3462 2768 τοῖς
3485 2700 3781 2771 μείζοσιν,

2205 2790 2408 2861 ἔφασκε
2430 2833 2445 2857 ,
2489 2795 2701 2864 μύθοις
2741 2792 3234 2864 ἀναγνωρίζεσθαι
3282 2794 3422 2860 τοὺς
3453 2792 3745 2859 ἐλάττους
3763 2810 3780 2826 ·

2207 2882 2283 2948 ὡς
2317 2884 2482 2957 ἤρετο
2509 2883 2669 2940 πάλιν
2706 2887 2736 2939 ὁ
2772 2885 3136 2957 Ἀδείμαντος,
3166 2884 3287 2939 οὐδὲ
3325 2884 3542 2948 τούτους
3579 2883 3785 2938 εἰδέναι

2206 2971 2402 3045 δηλῶν,
2437 2969 2592 3037 αὖθις
2634 2972 3038 3043 ἁνθυπενέγκας
3089 2973 3303 3044 ἔφησεν·
3356 2973 3473 3040 Οὓς
3510 2972 3787 3040 Ἡσίοδός

2208 3082 2292 3132 τε,
2348 3060 2538 3129 εἷπον,
2564 3066 2663 3120 καί
2704 3066 2965 3136 Ὄμηρος
2991 3063 3134 3134 ἡμῖν
3152 3064 3452 3135 ἐλεγέτην·
3482 3060 3649 3120 οὗτοι
3671 3063 3787 3134 γάρ

554 3152 816 3208 Homerus
868 3153 1019 3208 nobis
1070 3165 1566 3210 commemorarunt.
1631 3153 1706 3210 Hi
1746 3155 1883 3210 enim
1941 3153 2111 3224 falsas

2212 3170 2326 3208 που
2353 3155 2583 3225 μύθους
2612 3153 2942 3224 ἀνθρώποις
2961 3153 3204 3224 ψευδεῖς
3233 3152 3617 3220 συντιθέντες
3649 3152 3786 3208 ἕλει

552 3245 810 3316 quasdam
854 3245 1067 3315 fabulas
1088 3246 1391 3314 elﬁnxerunt
1425 3263 1556 3316 quas
1596 3245 1890 3302 hominibus
1921 3260 2117 3316 propo-

554 3348 755 3399 iterent,
799 3347 849 3391 et
887 3354 1003 3407 quae
1028 3337 1148 3409 jam
1179 3337 1304 3391 olim
1351 3337 1709 3407 invaluerunt,
1758 3347 1915 3409 atque
1953 3337 2118 3392 etiam

555 3444 693 3483 nunc
722 3428 975 3484 obtinent.

626 3519 817 3577 XXIX.
860 3519 1046 3590 Itaque
1080 3519 1129 3575 si
1163 3517 1381 3574 Homeri
1411 3520 1655 3575 carmina
1688 3526 1851 3591 atque
1897 3518 2116 3577 Hesiodi

554 3611 770 3669 fabulas
799 3612 967 3669 falsas
995 3612 1214 3677 fatetur,
1262 3627 1383 3682 qua:
1414 3612 1757 3682 potissimum
1795 3613 2119 3672 eruditionis

556 3721 724 3763 causa
754 3706 1030 3763 auditores
1055 3706 1346 3773 delectant,
1380 3707 1515 3776 quin
1546 3715 1601 3762 et
1640 3708 1899 3764 dictionis
1922 3716 2120 3764 ornatu

558 3804 795 3853 mentem
823 3796 889 3851 ad
913 3797 1206 3868 perfectam
1236 3799 1598 3869 eloquentiam
1630 3800 1891 3866 excitant,
1915 3809 2121 3871 quanto

561 3891 732 3962 magis
762 3906 1042 3948 sermones
1074 3892 1197 3948 illos
1227 3906 1365 3962 quos
1406 3892 1644 3948 fanatica
1672 3894 1870 3949 mulier
1902 3894 2118 3958 etl‘utiit,

560 3986 734 4041 malas
788 3985 1003 4043 fabulas
1063 4003 1219 4051 esse,
1264 4002 1465 4059 easque
1508 3987 1768 4057 fallaces,
1826 3990 2119 4058 fatebitur,

561 4077 783 4147 quando
803 4088 857 4133 et
899 4076 1318 4150 Engastrimytlti
1348 4095 1546 4137 nomen
1580 4082 1760 4152 ipsum
1788 4083 1895 4139 hoc
1926 4084 2124 4155 praedi-

561 4176 671 4226 cat.
710 4168 880 4226 Graeci
908 4171 1076 4236 enim,
1101 4172 1193 4242 qui
1225 4173 1505 4227 nominum
1536 4174 1804 4246 cujusque
1832 4176 1914 4231 rei
1952 4177 2126 4248 impo-

562 4263 818 4318 sitionem
867 4270 1123 4317 accurata
1171 4265 1553 4337 exquisitaque
1604 4267 1882 4339 diligentia
1920 4269 2125 4325 exami-

564 4364 716 4418 nant,
748 4355 804 4409 in
832 4370 897 4410 ea
929 4357 1108 4429 lingua
1139 4358 1387 4413 fictiones
1413 4358 1578 4416 falsas
1605 4360 1828 4431 μύθους,
1852 4362 1907 4417 id
1928 4369 2013 4419 est
2041 4362 2126 4433 fa-

2212 3247 2319 3316 γόν
2346 3264 2410 3301 τε
2433 3248 2531 3302 καὶ
2558 3247 2865 3311 λέγουσιν.

2285 3532 2476 3589 XXIX.
2517 3534 2578 3586 El
2608 3532 2664 3587 δὲ
2687 3533 2865 3587 τοίνυν
2902 3533 3142 3604 Ὀμήρου
3169 3532 3239 3586 τά
3270 3530 3373 3603 ἐπη
3404 3532 3498 3585 καὶ
3537 3531 3788 3588 Ἠσιόδου

2221 3624 2418 3696 μύθους
2439 3624 2727 3695 ἀποφαίνει
2758 3623 2990 3694 ψευδεῖς,
3018 3622 3056 3677 ἃ
3081 3624 3137 3677 δὲ
3160 3623 3254 3677 καὶ
3281 3623 3512 3694 μάλιστα
3535 3624 3627 3677 καὶ
3658 3640 3791 3677 παι-

2216 3713 2363 3779 δείας
2385 3714 2547 3769 ἕνεκα
2572 3714 2889 3784 ψυχαγωγεῖ
2922 3714 3045 3777 τοὺς
3069 3712 3385 3784 αὐτηκόους,
3415 3714 3475 3767 ού
3514 3712 3618 3784 μὴν
3648 3711 3792 3769 ἀλλὰ

2218 3823 2283 3876 γε
2306 3809 2402 3860 καὶ
2428 3805 2734 3877 καλλιλεξίᾳ
2755 3804 3012 3875 διεγείρει
3029 3804 3090 3858 τὸ
3108 3804 3361 3877 φρόνημα
3394 3804 3529 3875 πρὸς
3552 3802 3792 3871 εὐγλωτο

2218 3898 2340 3952 τίαν
2376 3898 2596 3970 ἐντελῆ·
2640 3899 2791 3968 πόσῳ
2843 3896 2907 3968 δὴ
2938 3895 3136 3967 μᾶλλον
3184 3896 3344 3960 ὅσους
3389 3897 3422 3966 ἡ
3472 3893 3791 3966 δαιμονῶσα

2220 3989 2393 4062 γραῦς
2429 3988 2807 4060 ἀπεφθέγξατο
2850 3988 3039 4058 λόγους
3070 3987 3190 4058 οὐχὶ
3233 3986 3548 4059 μυθοποιίας
3578 3985 3791 4058 ὀρεῖται

2221 4103 2305 4150 τις
2332 4080 2470 4139 εἶναι
2498 4083 2731 4155 ψευδεῖς,
2770 4082 3003 4153 ὁπηνίκα
3043 4081 3137 4135 καὶ
3174 4080 3408 4153 τοῦνομα
3438 4080 3538 4152 τῆς
3586 4082 3793 4151 Ἐγτα-

2222 4176 2545 4245 στριμύθου
2607 4172 2794 4228 τοῦτον
2847 4172 3173 4245 ὑπαγορεύει
3225 4173 3317 4227 τὸν
3360 4172 3522 4239 νοῦν;
3568 4172 3629 4227 Οί
3678 4172 3794 4246 γὰρ

2237 4266 2500 4340 Ἐλλήνων
2542 4267 2748 4332 παῖδες,
2781 4269 2831 4320 oi
2864 4269 2958 4323 καὶ
2986 4267 3084 4332 τὰς
3120 4264 3528 4337 ὁνοματοποιίας
3557 4265 3793 4319 ἑκάστου
3849 4308 3863 4317 .

2226 4359 2550 4431 πράγματος
2595 4357 2946 4431 ἀκριϐοῦντες
2982 4361 3039 4413 ὲν
3083 4361 3149 4431 τῇ
3186 4357 3393 4412 Ἐλλάδι
3441 4359 3620 4428 φωνῇ,
3657 4357 3799 4412 πλά-

567 4447 743 4510 bulas,
789 4450 1083 4519 appellant.
1118 4449 1377 4522 Sequitur
1400 4466 1529 4522 ergo
1555 4468 1670 4508 rem
1701 4454 1876 4526 ipsam
1916 4470 1984 4510 ex
2027 4469 2114 4511 no«

2230 4466 2411 4521 σματα
2432 4449 2601 4521 ψευδῆ
2621 4451 2747 4515 τοὺς
2781 4448 2979 4521 μύθους
3005 4448 3378 4523 ὀνομάζουσιν,
3406 4449 3698 4504 ἀκόλουθον
3726 4451 3799 4504 ὲκ

566 4539 715 4594 mine
757 4556 867 4611 quo
913 4542 1130 4611 proprie
1163 4543 1501 4611 nominatur,
1547 4549 1887 4618 conspicere.
1932 4547 2122 4618 Ᾰὶεορὶ

566 4630 785 4702 quidem
815 4630 1024 4686 ludicra
1050 4633 1257 4688 similes
1284 4648 1395 4704 pra:
1429 4648 1489 4689 se
1518 4634 1698 4692 ferunt
1728 4634 2033 4692 fabularum
2066 4636 2130 4690 li-

568 4724 801 4788 ctiones,
847 4739 985 4795 quas
1026 4724 1181 4795 pueri
1211 4724 1267 4780 in
1311 4725 1455 4784 ludis
1487 4726 1667 4784 facere
1714 4728 2028 4800 urbaneque
2051 4726 2130 4798 jo-

567 4818 745 4873 eandn
790 4819 1043 4882 recitant,
1089 4826 1143 4875 et
1190 4835 1328 4876 anus
1365 4819 1734 4895 Corybantum
1784 4837 1938 4878 more
1979 4824 2130 4878 insa-

567 4910 784 4967 nientes
837 4910 1058 4981 garrulo
1107 4927 1361 4969 sermone
1417 4914 1745 4980 (lecantant;
1803 4914 2131 4985 quandoque

568 5003 734 5056 etiam
765 5000 893 5056 dum
927 5002 1043 5058 haec
1074 5015 1261 5075 agunt,
1294 5006 1444 5078 larga
1473 5007 1599 5061 vina
1635 5007 1845 5079 gutturi
1876 5007 2131 5071 fundunt,

569 5093 839 5164 calicique
869 5102 925 5149 et
959 5096 1167 5165 potioni
1200 5098 1421 5153 intenta:
1465 5099 1665 5154 mirum
1713 5107 1980 5170 quantum
2013 5100 2132 5154 blo-

573 5194 775 5241 terant.
805 5184 908 5253 Qui
938 5202 1069 5242 vero
1096 5188 1455 5262 philosophiae
1488 5206 1670 5247 mores
1700 5193 1942 5263 apprime
1972 5190 2136 5261 proﬁ-

573 5288 778 5342 tentur,
806 5285 861 5332 et
891 5294 1047 5336 veras
1092 5281 1369 5338 Musarum
1419 5285 1724 5348 cautiones,
1778 5285 1943 5340 veluti
1978 5285 2139 5340 falso-

573 5372 1220 5431 rum'l‘abulamentorum
1249 5374 1482 5445 species,
1534 5375 1611 5429 uti
1644 5391 1741 5445 par
1770 5384 1875 5438 est,
1914 5390 2138 5431 accusa-

574 5464 726 5520 bant.

646 5557 815 5613 XXX.
860 5558 915 5614 Si
963 5577 1159 5616 nomen
1209 5562 1391 5632 itaque
1424 5562 1602 5632 ipsum
1635 5568 1782 5617 recte
1828 5561 1897 5617 de
1931 5577 1991 5616 re
2021 5560 2138 5630 ipsa

579 5650 815 5718 positum
844 5660 947 5715 est,
979 5654 1469 5724 engastrimythum,
1503 5654 1690 5723 utique
1731 5652 1846 5709 haec
1874 5653 2140 5724 engastri-

579 5739 800 5809 mythus
842 5740 1124 5800 ell'ormare
1171 5744 1406 5803 videtur.
1450 5746 1630 5817 Neque
1667 5747 1812 5801 enim
1844 5761 1873 5800 ει
1907 5745 2143 5801 naturali

2228 4540 2320 4596 τοῦ
2351 4541 2611 4614 ὀνόματος
2655 4541 2987 4597 ἐποπτεῦσαι
3018 4544 3081 4597 τὸ
3107 4544 3339 4615 πρᾶγμα
3374 4542 3496 4614 καθζ
3527 4536 3589 4597 οὗ
3629 4542 3798 4599 τέτα-

2228 4652 2352 4689 κται
2374 4634 2577 4707 κυρίως
2594 4651 2608 4663 ·
2637 4634 2750 4688 ἀλλ’
2774 4635 2831 4688 αἱ
2860 4635 2956 4706 μὲν
2980 4634 3230 4689 Αἰσώπου
3251 4635 3548 4704 λογοποιίαι
3569 4636 3801 4692 τοιαῦτα

2232 4728 2415 4800 μύθων
2444 4728 2590 4781 ἴσασι
2614 4727 2928 4800 πλάσματα,
2953 4722 3042 4782 οἷα
3078 4729 3173 4783 καὶ
3205 4728 3273 4783 τὰ
3307 4729 3561 4801 μειράκια
3593 4729 3798 4783 πολλα-

2230 4820 2340 4892 χῶς
2373 4822 2431 4873 ὲν
2457 4821 2577 4883 ταῖς
2608 4818 2844 4884 παιδιαῖς
2881 4819 3234 4891 άστεῖζόμενα
3262 4820 3467 4885 παίζει,
3492 4820 3586 4874 καὶ
3614 4822 3798 4892 Κορυ-

2233 4912 2528 4969 δαντιῶσαι
2560 4908 2748 4984 γραῖαι
2784 4911 3030 4975 κωτίλοις
3061 4912 3316 4984 ἐπᾴδουσι
3340 4912 3518 4982 λόγοις
3536 4930 3550 4942 ·
3576 4912 3686 4966 ἔσθ’
3709 4915 3799 4968 ὅτε

2232 5006 2407 5061 ταῦτα
2434 5004 2632 5078 δρῶσιν
2663 5006 2789 5076 οῐνῳ
2819 5006 2916 5076 μὲν
2972 5004 3355 5078 ὲπισρέχουσαι
3401 5006 3493 5061 τὸν
3544 5007 3801 5079 φάρυγγα

2236 5097 2443 5169 συχνῷ·
2492 5098 2672 5153 κύλικι
2716 5097 2771 5151 δὲ
2825 5097 3185 5169 προσέχουσαι
3228 5098 3376 5169 ποτῷ
3398 5141 3415 5165 ,
3472 5100 3805 5172 φλυαροῦσιν

2235 5190 2512 5261 ἀμέτρως·
2568 5188 2617 5241 οί
2663 5185 2907 5258 μέντοιγε
2953 5186 3266 5258 φιλοσοφίας
3322 5187 3429 5259 ἢθη
3476 5187 3801 5261 πρεσϐεύειν

2236 5278 2556 5348 ἡγούμενοι,
2598 5277 2692 5331 καὶ
2743 5275 2841 5341 τὰς
2866 5276 3173 5349 ὲμμούσους
3216 5279 3461 5349 ποιήσεις
3510 5271 3597 5332 οἷα
3631 5277 3803 5350 ψευδῆ

2241 5370 2422 5440 μύθων
2457 5370 2571 5441 εἴδη
2611 5368 2906 5438 διέϐαλλον,
2933 5370 3009 5434 ὡς
3032 5369 3169 5424 δέον.

2311 5552 2478 5608 XXX.
2519 5555 2580 5607 El
2607 5547 2698 5608 οὖν
2736 5553 2865 5607 αὐτὸ
2891 5551 3126 5622 τοῦνομα
3168 5550 3310 5606 κατὰ
3347 5550 3439 5604 τοῦ
3477 5548 3801 5621 πράγματός

2243 5651 2356 5701 ἐστι
2385 5646 2712 5719 τεταγμένον
2731 5644 2924 5720 ὀρθῶς,
2954 5645 3427 5716 ἐγγαστρίμυθον
3463 5642 3638 5696 ἔοικεν
3668 5642 3804 5694 άνα-

2245 5741 2498 5797 πλάττειν
2534 5741 2569 5811 ἡ
2602 5738 3048 5811 ὲγγαοτρίμυθος.
3076 5738 3150 5792 Ού
3191 5737 3297 5807 γὰρ
3340 5738 3403 5790 ὲκ
3442 5734 3534 5790 τοῦ
3574 5731 3806 5802 φυσικοῦ
