4080 6334
327 236 431 293 6'73

1395 236 1781 293 ALLOCUTIO
1819 238 1911 292 AD
1949 236 2513 293 CONSTANTINUM.

3447 247 3552 303 676

325 350 617 425 φθέγγεται
641 349 731 403 νοῦ
761 350 1049 420 σωφρόνως
1067 367 1079 378 ·
1110 349 1221 403 ἀλλ’
1252 351 1309 403 ὲν
1341 354 1451 414 τοῖς
1484 352 1747 405 ἐνδοτάτω
1788 368 1881 422 μο-

1986 365 2230 419 sanaque
2270 359 2447 404 mente
2486 351 2746 420 loquitur,
2790 352 2885 406 sed
2917 353 2970 407 in
3007 353 3215 409 intimis
3246 356 3547 418 visceribus

324 443 457 517 ρίοις
487 440 819 512 ὲμφωλεύων
849 442 877 492 6
924 442 1161 511 δαίμων,
1210 442 1378 512 αὐτὴν
1414 443 1760 515 ἐπινέμεται,
1790 446 1882 500 καὶ

322 535 550 608 βλάπτει
585 536 683 605 τὴν
727 535 1017 606 φρόνησιν’
1065 539 1129 590 ὲκ
1173 537 1229 590 δὲ
1277 536 1376 606 τῆς
1424 537 1659 608 γαστρὸς
1703 538 1885 610 ὲξηχεῖ

320 628 542 701 μυθώδη
577 628 871 701 πλάσματα
898 630 1209 701 συγκροτῶν
1230 647 1241 659 ·
1279 631 1357 694 είς
1384 630 1601 683 ποικίλα
1633 631 1689 684 δὲ
1722 650 1885 703 μετα-

322 721 695 795 μορφούμενος
729 721 863 793 εἴδη,
901 723 1173 796 διαφόροις
1210 724 1519 796 ίνδάλμασιν
1547 726 1744 795 ὑπάγει
1786 728 1883 801 τὴν

316 816 514 886 ψυχήν.
536 815 753 886 Ἐπειδὴ
779 815 835 868 δὲ
858 814 1211 880 παντοδαποῖς
1234 816 1615 871 ὲναλλάττεται
1645 820 1883 891 σχήμασι

318 907 746 978 πολυπρόσωπος
787 905 890 971 ῶν,
924 908 1071 961 οὐδὲν
1102 902 1261 981 ἦττον
1302 908 1379 961 ἔτι
1431 910 1523 962 καὶ
1560 911 1623 962 ὲκ
1656 910 1755 979 τῆς
1780 911 1885 981 γῆς

318 998 632 1054 ἀναϐαίνειν
673 999 1018 1069 ὑποκρίνεται
1058 1000 1153 1053 καὶ
1177 1002 1371 1069 φωνεῖν
1393 1017 1406 1030 ·
1445 997 1562 1055 εἶτα
1596 1004 1724 1073 παρ’
1758 1002 1885 1056 ἑκά-

317 1108 448 1162 τερα
501 1091 600 1154 τάς
649 1092 920 1155 διακονίας
970 1091 1209 1162 ἀμείϐων
1262 1092 1398 1163 ὁμοῦ
1453 1096 1574 1157 ταῖς
1616 1098 1881 1175 μορφαῖς,

319 1183 474 1237 ἄλλον
512 1184 611 1255 μὲν
644 1186 734 1238 τὸν
769 1184 1123 1240 ἀναϐαίνοντα
1158 1185 1309 1257 παρά
1340 1188 1429 1240 τὸν
1459 1188 1553 1242 τοῦ
1598 1190 1886 1255 καλοῦντος

317 1277 461 1330 δοκεῖ
489 1281 759 1349 παριστᾷν
780 1297 793 1309 '
832 1281 860 1333 6
892 1279 1052 1344 αὑτὸς
1091 1280 1169 1343 δὲ,
1204 1281 1329 1353 τῇδε
1363 1283 1585 1336 κάκεῖσε
1634 1286 1885 1359 περιτρέ-

319 1386 449 1439 χων,
484 1367 733 1421 ἀλλάττει
757 1368 853 1433 τὰς
888 1370 1057 1435 ίδέας,
1097 1371 1183 1425 ἴνα
1208 1370 1391 1443 ἔργοις
1424 1373 1765 1429 ἀποδεικνύοι
1793 1379 1886 1432 καὶ

318 1459 527 1528 λόγοις,
567 1462 649 1514 ὅτι
689 1459 925 1533 ψεύστης
953 1463 1130 1516 ἐστίν·
1170 1463 1537 1519 ὑποτυποῦται
1574 1466 1703 1535 γοῦν
1746 1469 1885 1523 αὑτά

318 1552 387 1604 τὰ
424 1552 689 1621 πρόσωπα
717 1554 921 1625 νεκρῶν
956 1555 1203 1624 ἀνάγειν,
1233 1557 1307 1621 ὡς
1350 1558 1496 1621 είκός
1528 1560 1673 1613 ἐστιν
1695 1562 1757 1615 ὲκ
1790 1561 1882 1616 τοῦ

318 1642 524 1696 τοιοῦδε
551 1644 825 1715 δράματος
858 1645 1145 1700 ὑπολαϐεῖν
1168 1664 1182 1679 ο
1216 1649 1423 1719 ἀμειδεῖ
1450 1651 1547 1720 μὲν
1582 1650 1719 1721 Bal/st,
1751 1669 1881 1705 σκυ-

320 1732 512 1807 θρωπὰ
559 1733 615 1787 δὲ
660 1735 917 1806 φάσματα
963 1738 1355 1811 πεπλασμένως
1396 1742 1659 1809 εἰσάγων·
1703 1743 1797 1797 ὅλα
1827 1745 1883 1799 δὲ

319 1823 541 1895 κατηφῆ
569 1826 663 1878 καὶ
688 1829 887 1899 νεκρᾶς
918 1828 1087 1900 ὀδμῆς
1116 1831 1359 1885 ἀνάπλεα
1390 1834 1689 1904 παριστῶν,
1716 1836 1791 1900 ὡς
1825 1835 1881 1903 ἐξ

320 1916 445 1985 ᾅδου
474 1918 785 1991 μετακεκλη
795 1920 925 1992 μένα
947 1923 1250 1989 δεινοποιεῖ,
1273 1926 1366 1978 καὶ
1390 1926 1638 1998 καθάπερ
1662 1928 1883 2000 εἱρκτῆς

320 2009 353 2077 ἢ
383 2007 596 2079 δεσμῶν
625 2010 883 2082 ἀνειμένα
915 2013 1049 2085 πρὸς
1082 2014 1277 2083 ὀλίγον,
1306 2011 1421 2069 εἶτα
1451 2018 1609 2072 πάλιν
1639 2018 1883 2072 ἐντεῦθεν

322 2102 501 2153 ἐκεῖσε
529 2100 888 2157 διαϐαίνοντα.
931 2106 1217 2177 Τοιγάρτοι
1248 2108 1339 2161 καὶ
1379 2110 1742 2181 καταπλήττει
1773 2115 1883 2177 τοῖς

319 2191 536 2261 δείμασι
568 2193 665 2266 τὴν
696 2194 871 2266 ψυχὴν
921 2197 986 2250 ὲκ
1033 2197 1140 2251 τῶν
1168 2199 1375 2269 ὖψεωνσ
1424 2201 1575 2273 ὠχρά
1630 2203 1725 2274 μὲν
1767 2204 1880 2277 εἴδη

323 2283 610 2336 πλάττων·
661 2285 814 2356 όμμα
864 2287 921 2340 δὲ
968 2288 1222 2361 βλοσυρὸν
1275 2291 1307 2362 ἢ
1354 2294 1628 2365 κατηφὲς,
1680 2294 1773 2349 ἅτε
1820 2297 1882 2368 δὴ

322 2376 527 2444 νεκρῶν
555 2376 753 2447 ἀρτίως
790 2380 1013 2449 ἐμπνεῖν
1036 2421 1049 2445 ,
1092 2382 1184 2435 καὶ
1226 2383 1384 2437 πάλιν
1426 2386 1879 2457 ὑπισχνουμένων.

325 2466 492 2519 srmo;
517 2467 625 2540 γὰρ
654 2470 937 2542 ὑποκρίσει
967 2475 1459 2545 συσχηματίζεσθαι
1493 2481 1605 2542 τοῖς
1641 2480 1830 2544 δεινοῖς
1856 2483 1884 2533 6

325 2559 755 2634 πλαστογράφος.
808 2564 944 2618 Ἀλλ’
983 2566 1093 2619 ἔσθ’
1126 2569 1211 2621 ὅτε
1256 2569 1312 2622 δὲ
1359 2575 1637 2642 συνεργοῖς
1680 2573 1881 2627 ἀποκέ-

323 2670 519 2727 χρηται
548 2658 658 2718 τοῖς
681 2656 968 2728 όμοηθέσιν
996 2659 1142 2731 αὐτῷ
1168 2660 1414 2732 δαίμοσιν
1432 2680 1444 2692 ·
1470 2662 1591 2716 οὔτε
1619 2664 1673 2717 δὲ
1708 2665 1884 2735 ψυχάς

324 2744 383 2807 ἐξ
433 2744 558 2814 ᾅδου
608 2748 1021 2819 μεταπέμπεται
1066 2752 1385 2823 προφητῶνο
1438 2753 1559 2806 οὔτε
1603 2754 1883 2824 πνεύματα

323 2836 565 2901 δικαίων,
596 2837 717 2892 οὔτε
756 2840 855 2904 τὰς
880 2842 1169 2911 ἀγγελικάς
1199 2844 1372 2909 ἀξίας,
1412 2845 1545 2899 ἀλλά
1579 2848 1883 2901 τούναντίον

326 2931 539 2999 ἐγένετο
575 2934 672 3003 μὲν
719 2937 799 3000 εἰς
837 2938 896 2990 τὸ
945 2940 1367 3005 καταπιέζεσθαι
1410 2944 1545 3015 πρὸς
1578 2943 1684 2996 τῶν
1716 2943 1883 3012 ἀγγέ-

1984 443 2193 497 daemon
2220 442 2525 511 diversans,
2556 456 2791 499 mentem
2822 445 2994 515 ipsam
3035 447 3345 519 depascitur
3375 461 3428 507 et
3456 454 3546 509 lae-

1984 534 2084 599 dit,
2125 543 2178 589 et
2222 551 2288 589 ex
2344 544 2535 591 ventre
2585 535 2863 592 fabulosas
2918 537 3164 593 ﬁctiones
3213 555 3547 612 componens

1986 627 2270 698 strepitum
2301 627 2434 692 edit,
2467 642 2569 682 nec
2599 643 2705 682 non
2737 629 2792 682 in
2833 630 3011 685 varias
3045 640 3411 690 commutatus
3436 635 3549 692 for-

1984 736 2103 775 mas
2138 720 2308 776 variis
2338 722 2570 790 spectris
2602 721 2816 777 seducit
2866 723 3122 781 animam.
3154 726 3386 792 Quando
3416 746 3547 787 vero

1984 814 2170 870 multis
2198 812 2410 877 formis,
2451 815 2567 885 ipse
2596 814 2949 872 multiformis
2982 832 3105 872 cum
3150 820 3243 886 sit,
3281 823 3545 890 varietur,

1985 920 2093 959 non
2126 905 2303 961 minus
2354 913 2409 960 et
2440 921 2585 960 nunc
2633 922 2663 961 e
2708 916 2849 962 terra
2885 911 3181 968 ascendere
3213 928 3271 969 se
3302 916 3547 985 simulat,

1984 1005 2038 1050 et
2066 996 2284 1049 clamat.
2334 995 2400 1049 Et
2450 995 2519 1049 ad
2563 998 2852 1053 ministerii
2899 999 3027 1055 bina
3072 1005 3313 1059 membra
3360 1007 3550 1079 ﬁguris

1986 1088 2355 1154 commutatis,
2388 1091 2554 1144 alium
2585 1091 2805 1161 quidem
2841 1095 3246 1162 ascendentem,
3276 1099 3344 1154 ab
3370 1103 3547 1172 coqui

1985 1180 2040 1234 in
2082 1188 2312 1235 vocante
2358 1190 2464 1244 est,
2505 1182 2724 1238 videtur
2750 1184 2821 1239 ob
2850 1186 3041 1241 oculos
3093 1188 3367 1247 exhibere.
3402 1190 3549 1249 ldcm

1985 1286 2113 1326 vero
2141 1273 2248 1326 huc
2276 1272 2510 1343 illucque
2547 1274 2864 1331 discurrens
2894 1280 3107 1347 species
3147 1290 3340 1349 mutat,
3378 1294 3438 1338 ut
3469 1285 3550 1340 fa-

1986 1360 2090 1415 ctis
2130 1362 2583 1434 sermonibusque
2627 1366 2880 1421 ostendat
2928 1381 2987 1422 se
3033 1384 3155 1424 esse
3208 1372 3544 1434 mendacem.

1987 1449 2217 1507 Simulat
2242 1454 2422 1524 itaque
2444 1470 2707 1525 personas
2738 1456 2886 1526 ipsas
2914 1467 3254 1515 mortuorum
3287 1464 3545 1530 educere,

1986 1554 2044 1596 ut
2086 1560 2150 1599 ex
2198 1546 2275 1600 rei
2306 1554 2471 1615 gestae
2504 1547 2643 1603 serie
2691 1548 2875 1603 videre
2924 1557 3027 1606 est.
3080 1549 3146 1604 Et
3189 1567 3313 1606 cum
3353 1554 3549 1609 tetrico

1986 1636 2136 1691 vultu
2160 1638 2336 1692 tristia
2365 1647 2576 1709 spectra
2600 1639 2725 1695 ﬁcte
2747 1640 2991 1705 inducat,
3023 1644 3384 1715 universaque
3411 1660 3547 1700 ma:-

1917 1704 1957 1761 Β
1986 1735 2093 1791 sta,
2131 1704 2581 1801 mortuorumque
2611 1738 2805 1799 putore
2843 1732 2998 1801 plena
3042 1704 3357 1801 ostendens,
3389 1737 3546 1807 quasi

1991 1818 2060 1872 ab
2088 1818 2278 1875 inferis
2313 1830 2538 1876 evocata
2572 1821 2793 1878 horride
2826 1832 3203 1893 repraesentat,
3245 1834 3299 1882 et
3324 1828 3490 1883 veluti
3516 1843 3547 1883 a

1988 1926 2211 1967 carcere
2232 1913 2576 1985 vinculisque
2607 1915 2803 1980 soluta,
2834 1931 2942 1971 non
2969 1917 3061 1972 diu
3092 1926 3215 1989 post
3242 1936 3456 1976 rursum
3479 1938 3547 1977 ex

1984 2003 2087 2059 hoc
2115 2006 2235 2059 loco
2271 2005 2399 2060 illuc
2434 2015 2792 2063 transmeare.
2842 2009 2983 2074 Quin
3021 2010 3130 2064 imo
3162 2019 3216 2066 et
3249 2012 3383 2068 visis
3416 2012 3548 2082 ipsis

1984 2102 2199 2151 terrore
2231 2097 2468 2166 percutit
2493 2099 2758 2162 animum,
2802 2101 3033 2169 pallidas
3066 2101 3270 2158 formas
3313 2104 3544 2175 ﬁngens,

1983 2196 2035 2241 et
2074 2189 2266 2244 oculos
2297 2189 2599 2245 horrendos
2638 2200 2802 2260 atque
2853 2192 3146 2258 demissos,
3179 2195 3369 2264 quales
3401 2211 3548 2249 mor-

1984 2291 2202 2335 tuorum
2236 2297 2361 2337 esse
2391 2283 2588 2349 solent,
2620 2284 2712 2352 qui
2743 2282 2969 2353 jamjam
3005 2285 3239 2340 animam
3268 2287 3445 2342 efﬂare
3469 2288 3550 2341 vi-

1984 2373 2199 2428 dentur.
2236 2374 2369 2428 Nam
2406 2375 2663 2430 similium
2714 2391 2896 2431 rerum
2934 2375 3089 2431 ﬁctor
3116 2393 3212 2447 per
3245 2379 3551 2435 simulatio-

1983 2483 2106 2521 nem
2136 2467 2475 2522 terribilibus
2506 2468 2761 2523 omnibus
2792 2484 2911 2525 sese
2942 2472 3336 2528 accommodat.
3366 2472 3551 2539 Quan-

1983 2558 2161 2629 doque
2207 2560 2370 2615 etiam
2418 2575 2526 2614 non
2573 2559 2933 2616 dissimilibus
2978 2563 3063 2616 sui
3104 2563 3441 2619 daemonibus
3481 2563 3550 2617 ad

1981 2668 2119 2724 opus
2144 2656 2369 2711 ascitis:
2407 2656 2501 2711 sed
2547 2669 2724 2724 neque
2766 2655 3154 2725 prophetarum
3178 2660 3409 2725 animas,
3454 2675 3551 2715 ne—

1982 2763 2089 2817 que
2120 2746 2394 2815 justorum
2443 2749 2696 2817 spiritus,
2746 2764 2924 2818 neque
2955 2750 3245 2819 dignitates
3276 2752 3551 2821 angelicas

1984 2839 2051 2892 ab
2085 2838 2274 2895 inferis
2320 2841 2539 2908 educit;
2570 2842 2703 2912 quin
2741 2858 2808 2897 ex
2860 2844 3090 2897 adverso
3125 2844 3194 2897 ab
3224 2846 3429 2914 angelis
3452 2845 3551 2899 de-

1986 2930 2258 2999 primitur,
2312 2932 2582 3002 datusque
2632 2941 2717 2989 est
2765 2933 2989 3004 Optimis
3031 2935 3185 2999 viris,
3233 2942 3292 2988 ut
3338 2935 3406 2987 ab
3446 2934 3550 2990 illis

323 3024 461 3083 λων·
490 3025 704 3100 ἐξεδόθη
733 3029 789 3083 δὲ
814 3034 926 3093 τοῖς
972 3033 1212 3103 ἀρίστοις
1254 3032 1540 3106 ἀνδράσιν,
1595 3034 1733 3089 ὥστε
1780 3054 1884 3089 πα-

1987 3024 2405 3079 conculcaretur
2441 3025 2590 3081 humi
2622 3025 2827 3081 effusus
2858 3028 3272 3095 disruptusque.
3326 3024 3431 3080 Sed
3463 3025 3552 3079 hic

325 3118 531 3175 τεῖσθαι
562 3122 772 3192 πρηνὴς
799 3125 877 3187 είς
903 3124 1164 3194 τοῦδαφος
1183 3126 1529 3198 ἀπορραγείς.
1569 3127 1705 3179 Ἀλλ’
1732 3123 1884 3193 οὗτος

1986 3132 2016 3170 a
2047 3117 2315 3187 supremis
2342 3118 2449 3172 illis
2481 3127 2636 3189 raptu
2672 3120 2906 3174 violento
2935 3119 3167 3181 deletus,
3202 3126 3351 3188 terga
3376 3118 3546 3174 illisit.

329 3209 424 3279 μὲν
457 3213 522 3264 ὲκ
566 3212 673 3265 τῶν
702 3215 989 3281 ἀνωτάτω,
1032 3216 1317 3290 ῥοιζήματι
1359 3218 1515 3291 βιαίῳ
1546 3221 1885 3291 κατενεχθεὶς

1992 3207 2173 3265 Solius
2198 3226 2327 3265 vero
2361 3210 2452 3266 Dei
2492 3211 2880 3282 omnipotentis
2921 3219 3025 3277 est,
3058 3210 3287 3280 ejusque
3321 3210 3551 3267 divinis-

327 3302 654 3374 ὑπεστόρεσε
674 3304 743 3358 τὰ
766 3307 926 3360 νῶτα·
963 3309 1106 3381 μόνῳ
1134 3310 1189 3365 δὲ
1212 3311 1287 3381 τῷ
1318 3312 1711 3385 παντοκράτορι
1746 3315 1886 3387 πάρ-

1991 3303 2115 3357 simi
2151 3301 2268 3357 Filii
2304 3305 2515 3359 animas
2545 3304 2613 3358 ab
2643 3304 2832 3360 inferis
2856 3304 3110 3367 educere,
3135 3312 3421 3373 emtusque
3452 3318 3551 3357 an-

328 3410 437 3447 εστι
480 3394 599 3465 Θεῷ
643 3397 734 3450 καὶ
783 3397 860 3468 τῷ
911 3399 1167 3473 θειοτάτῳ
1220 3402 1410 3456 τούτου
1459 3404 1616 3458 Παιδὶ
1665 3406 1885 3473 ἀνάγειν

1993 3395 2234 3465 gelorum
2258 3397 2449 3451 ordine
2489 3405 2731 3453 astantes
2774 3398 2995 3461 habere,
3044 3399 3186 3467 quod
3217 3398 3413 3454 divine
3454 3411 3551 3452 na-

325 3486 498 3557 ψυχάς
525 3490 584 3554 ἐξ
616 3490 743 3561 ᾅδου
764 3509 777 3521 ’
806 3493 900 3547 καὶ
925 3496 1116 3566 χοροὺς
1157 3495 1402 3563 ἀγγέλων
1436 3498 1492 3549 ἐν
1531 3496 1681 3563 τάξει
1720 3517 1888 3571 παρε-

1992 3494 2127 3542 tum
2154 3488 2458 3559 proprium,
2497 3490 2758 3545 eximium
2781 3505 2845 3545 ac
2874 3490 3158 3561 singulare
3182 3500 3281 3548 est.

330 3576 537 3641 στῶτας
566 3580 729 3650 ἔχειν,
765 3583 899 3655 ὅπερ
939 3584 1066 3639 ίδιον
1102 3585 1349 3658 ἔκκριτον
1388 3587 1621 3660 ὑπάρχει
1663 3589 1760 3661 τῆς
1790 3590 1883 3645 τοῦ

329 3669 467 3724 θείου
501 3673 730 3742 φύσεως.

354 3825 587 3843 ψ

1168 3978 1729 4110 SANCTI
1847 3979 2708 4111 EUSTA'THII

1498 4218 1855 4282 EPISCOPI
1888 4220 2382 4284 ANTIOCHENI

494 4400 1182 4494 ALLOCUTIO
1254 4400 1401 4489 AD
1485 4400 2353 4495 IMPERATOREM
2429 4403 3378 4501 CONSTANTINUM

1600 4612 1661 4655 IN
1696 4613 1985 4659 CONCILIO
2023 4616 2293 4661 NICBNO.

432 4763 595 4827 (Apud
624 4765 913 4829 Gregorium
938 4766 1281 4830 presbyterum
1304 4766 1671 4830 Cesariensem,
1698 4768 1834 4819 Orat.
1857 4761 1908 4813 in
1929 4764 1974 4813 Ν
1981 4759 2155 4815 ίεωηοε
2177 4765 2383 4825 Patres;
2409 4776 2473 4813 ex
2496 4763 2768 4815 Combeﬁsil
2796 4770 2991 4818 Auctor.
3020 4766 3215 4827 navist,
3243 4767 3305 4832 ll,
3325 4768 3458 4835 555.)

1919 4904 1989 4915 .—

395 4987 834 5061 Εὑχαριστοῦμεν
889 4985 1025 5057 Θεῷ,
1082 4987 1337 5059 κράτιστε
1391 4985 1632 5056 βασιλεῦ,
1673 4988 1750 5059 τῷ
1787 4991 1888 5062 τὴν

2065 4990 2176 5045 Deo
2205 4990 2408 5063 gratias
2437 4990 2669 5060 agimus,
2703 4989 2906 5059 optime
2952 4988 3267 5061 imperator,
3310 4992 3404 5063 qui
3438 4999 3544 5049 ter-

332 5082 566 5150 ἐπίγειον
609 5078 912 5134 συνθύνοντί
944 5096 1024 5132 σοι
1073 5078 1383 5149 βασιλείαν
1429 5078 1507 5150 τῷ
1536 5080 1634 5151 τὴν
1683 5080 1888 5153 πλάνην

1994 5100 2186 5140 renum
2220 5084 2313 5138 tibi
2342 5082 2626 5151 imperium
2650 5081 2833 5151 dirigit
2867 5101 2881 5137 :
2914 5083 3005 5152 qui
3026 5083 3440 5140 simulacrorum
3464 5102 3542 5142 er-

331 5174 433 5227 τῶν
460 5172 689 5226 είδὼλων
717 5172 805 5224 διά
839 5169 931 5224 σοῦ
974 5171 1396 5242 καταργήσαντι,
1426 5171 1520 5224 καὶ
1548 5171 1656 5225 τῶν
1685 5172 1889 5228 πιστῶν

332 5267 724 5336 καταστήσαντι
765 5265 822 5316 ὲν
869 5262 1147 5335 παρρησίᾳ
1182 5262 1274 5315 τὸν
1322 5261 1572 5332 εὔθυμον.
1609 5262 1887 5318 Πέπαυται

334 5360 521 5413 κνίσσα
553 5357 816 5428 δαιμόνων
835 5374 847 5386 ·
877 5354 1231 5410 καταλέλυται
1258 5354 1546 5420 πολυθεΐας
1578 5355 1888 5429 Ἑλληνικῆς

333 5451 397 5502 τὰ
416 5450 729 5519 σεϐάσματα
747 5465 759 5478 ’
791 5446 850 5500 τὺ
876 5447 975 5517 τῆς
1003 5444 1275 5514 ἀγνωσίας
1303 5445 1658 5500 ἀπελαύνεται
1682 5446 1887 5510 σκότος·

333 5543 406 5613 τῷ
432 5543 529 5611 τῆς
568 5538 890 5607 θεογνωσίας
919 5536 1055 5606 φωτὶ
1086 5539 1119 5607 ἡ
1147 5535 1433 5607 οἰκουμένη
1468 5534 1886 5605 καταυγάζεταιο

337 5632 519 5704 Πατὴρ
542 5630 895 5698 δοξολογεῖται
912 5646 925 5658 ο
955 5627 1080 5691 Υἱὸς
1101 5644 1162 5680 συ
1171 5630 1589 5699 μπροσκυνεῖται
1609 5644 1621 5656 ·
1647 5628 1708 5679 τὸ
1731 5628 1891 5681 Πνεῦ-

341 5737 405 5791 μα
455 5721 514 5771 ta
560 5718 709 5787 ἆγιον
757 5715 1201 5785 καταγγέλλεται*
1235 5716 1404 5786 Τριάς
1439 5718 1749 5787 όμοοὺσιος,
1793 5718 1889 5787 μία

1996 5192 2172 5231 rorem
2200 5191 2295 5247 per
2323 5184 2376 5231 te
2401 5174 2654 5237 abolevit,
2688 5188 2752 5227 ac
2783 5188 2968 5244 aequos
2997 5173 3231 5229 ﬁdelium
3262 5176 3472 5233 animos
3494 5178 3547 5232 in

1996 5271 2244 5326 libertate
2299 5269 2603 5325 collocavit.
2662 5266 2910 5323 Cessavit
2962 5266 3270 5322 daemonum
3320 5269 3477 5325 nidor
3532 5287 3547 5327 :

1995 5363 2280 5433 multiplici
2309 5362 2533 5418 deorum
2567 5360 2717 5415 cultu
2769 5376 2960 5417 eversa
3007 5368 3091 5417 est
3121 5362 3407 5433 gentilium
3454 5378 3551 5418 su-

1993 5452 2243 5521 perstitio
2281 5471 2295 5506 :
2330 5452 2675 5522 expelluntur
2718 5452 2953 5507 tenebrae
3012 5453 3307 5523 impietatis
3357 5472 3371 5508 :
3426 5454 3551 5509 illu-

1992 5549 2197 5597 stratur
2231 5541 2382 5596 orbis
2409 5548 2677 5595 terrarum
2710 5541 2832 5596 luce
2864 5542 3059 5598 divinae
3086 5544 3344 5598 scientiae.
3389 5541 3539 5600 Pate.

1989 5629 2345 5698 gloriﬁcatur,
2406 5628 2579 5685 Filius
2638 5630 2799 5685 simul
2846 5631 3126 5697 adoratur,
3192 5633 3548 5687 annuntiatur

1992 5718 2227 5787 Spiritus
2254 5726 2525 5776 sanctus:
2582 5716 2822 5776 Trinitas
2876 5721 3385 5787 consubstantialis,
3437 5734 3544 5774 una
