4080 6334
973 145 998 174 ο

530 257 636 313 675
1545 261 1604 316 S.
1641 259 2012 316 EUS'I'ATHll
2051 259 2356 317 EPISCOPI
2393 256 2810 315 ANTIOCHENI
3648 257 3757 313 676

529 374 790 432 divinitas
820 375 876 429 in
896 375 1073 430 tribus
1095 375 1348 446 personis
1393 382 1452 433 et
1475 375 1864 449 hypostasibus
1885 381 2072 449 pradi-

2189 378 2376 450 Θεότης
2406 378 2463 430 ἐν
2491 377 2636 448 τρισὶ
2670 375 2980 448 προσώποις
3015 377 3109 431 καὶ
3134 377 3457 430 ὑποστάσεσι
3488 373 3758 444 κηρύττε-

528 475 709 523 catur.
761 465 864 522 Per
911 481 1054 530 eam,
1103 467 1428 536 imperator,
1464 471 1708 524 mtmitur
1735 478 1843 525 tua:
1870 472 2072 540 pietati:

2185 486 2293 524 ται.
2324 467 2507 540 Ταύτῃ
2533 469 2842 539 τειχίζεται,
2877 467 3112 538 βασιλεύ,
3139 468 3198 522 τὸ
3229 469 3327 539 τῆς
3355 466 3632 529 εὐσεϐείας
3659 484 3757 522 σου

531 559 850 628 imperium;
879 572 996 610 eam
1028 557 1185 612 nobis
1207 574 1364 613 serva
1396 560 1728 616 inviolatam.
1765 560 1957 618 Nullus
1979 564 2088 617 hae-

528 653 732 704 reticus
781 650 834 702 in
877 648 1176 704 Ecclesiam
1224 651 1541 706 subintrans
1595 668 1762 707 unum
1807 655 2011 724 aliquid
2054 669 2085 708 a

530 737 798 794 Trinitate
829 737 1064 802 auferat,
1090 737 1207 793 sine
1230 739 1438 793 honore
1469 739 1828 810 alfectumque
1858 740 2087 810 ignomi-

529 831 621 885 nia
652 830 988 901 relinquens,
1015 827 1161 898 quod
1188 837 1273 884 est
1296 831 1585 900 reliquum.
1617 831 1780 886 Arius
1811 833 1970 887 nobis
1989 831 2085 902 qui

528 938 559 977 a
589 922 772 977 furore
795 936 993 977 nomen
1027 922 1258 992 accepit,
1290 922 1554 978 orationis
1573 937 1738 978 causa
1769 931 1853 978 est
1877 931 1930 979 et
1953 939 2088 978 con-

528 1021 763 1080 ventus;
811 1012 904 1083 qui
932 1013 1120 1068 nescio
1148 1011 1442 1084 quomodo,
1476 1013 1532 1066 in
1561 1011 1818 1068 Ecclesiae
1855 1013 2086 1068 Alexan-

529 1107 701 1160 drinae
743 1105 1149 1176 presbyterium
1195 1104 1444 1170 allectus,
1485 1104 1853 1160 nescientibus
1898 1105 2081 1170 nobis,

529 1185 740 1250 alienus
783 1211 813 1248 a
855 1195 1102 1249 doctrina
1128 1195 1568 1262 beatissimorum
1597 1195 1982 1265 prophetarum
2028 1205 2083 1251 et

527 1289 900 1358 apostolorum
934 1288 1186 1342 inventus
1231 1287 1353 1342 fuit.
1409 1286 1759 1358 Unigenitum
1802 1288 1947 1344 enim
1992 1287 2086 1342 Fi-

528 1380 660 1435 lium
694 1390 747 1435 et
779 1380 1015 1436 Verbum
1045 1378 1224 1434 Patris
1263 1395 1370 1433 non
1415 1390 1634 1435 veretur
1681 1379 1923 1449 ejusdem
1956 1395 2083 1436 cum

526 1471 705 1528 Patris
731 1473 1051 1528 substantiae
1092 1472 1370 1528 consortio
1399 1473 1632 1543 privare,
1664 1481 1717 1527 et
1745 1473 2079 1538 Creatorem,

526 1571 789 1618 creatura:
815 1565 1012 1628 cultor,
1044 1564 1326 1619 contendit
1353 1566 1551 1622 creatis
1598 1580 1904 1621 accensere.
1945 1564 2083 1618 Eum

527 1661 707 1708 autem
758 1656 1117 1725 persuaseris,
1164 1656 1480 1726 imperator,
1543 1665 1749 1712 mutata
1814 1657 2081 1714 sententia

2186 562 2382 633 κράτος
2404 577 2418 590 ·
2474 559 2675 630 ταύτην
2732 562 2866 631 ἡμῖν
2909 560 3104 615 ἄσυλον
3153 559 3497 630 διαφύλαττε.
3549 558 3759 628 Μηδεὶς

2185 652 2474 726 αἱρετικὸς,
2506 651 2704 716 ὑποδὺς
2752 653 2850 724 τὴν
2888 651 3229 723 Ἐκκλησίαν,
3269 651 3327 706 ἓν
3369 669 3420 705 τι
3458 651 3556 722 τῆς
3585 652 3755 722 Τριά-

2183 745 2270 810 δος
2296 745 2614 816 ἀφαιρείτω,
2649 745 3070 816 καταλιμπάνων
3102 745 3162 798 τὸ
3183 744 3496 814 λειπόμενον
3535 744 3754 814 ἄτιμον.

2189 834 2405 905 Ἄρειος
2443 835 2572 904 ἡμῖν
2597 835 2626 886 6
2656 833 2756 904 τῆς
2794 834 2990 904 μανίας
3032 833 3313 904 ἐπώνυμος
3346 832 3438 886 τοῦ
3473 834 3630 901 λόγου
3659 831 3756 885 καὶ

2185 926 2282 996 τῆς
2317 924 2676 988 συνελεύσεως
2708 926 2910 988 αἴτιοςο
2947 925 3028 989 ὃς,
3064 925 3139 988 ὼς
3159 926 3259 978 οὐκ
3293 924 3447 995 ῐσμεν
3479 926 3646 989 ὅπως,
3673 923 3755 994 τῷ

2185 1015 2560 1087 πρεσϐυτερίῳ
2604 1015 2704 1086 τῆς
2754 1015 3137 1089 Ἀλεξανδρέων
3184 1016 3566 1086 ἐγκαταλεγεὶς
3631 1015 3758 1070 Ἐκ-

2184 1103 2428 1176 κλησίας,
2478 1105 2763 1160 ἐλάνθανεν
2809 1108 2984 1178 ἡμᾶς,
3035 1109 3134 1179 τῆς
3179 1108 3287 1161 τῶν
3342 1106 3755 1180 τρισμακαρίων

2183 1197 2476 1270 προφητῶν
2505 1199 2600 1251 καὶ
2629 1199 2938 1253 ἀποστόλων
2959 1199 3302 1263 διδασκαλίας
3321 1201 3576 1271 ὑπάρχων
3599 1199 3756 1253 ἀλλό-

2181 1307 2350 1361 τριος.
2373 1289 2476 1343 Τὸν
2501 1289 2609 1361 γάρ
2637 1290 2892 1361 μονογενῆ
2932 1290 3058 1342 Υἱὸν
3086 1292 3180 1344 καὶ
3209 1291 3379 1359 Λόγον
3404 1290 3496 1343 τοῦ
3537 1289 3755 1361 Πατρὺς

2181 1381 2500 1452 ἀποστερεῖν
2527 1382 2626 1452 τῆς
2653 1382 3063 1452 ὁμοουσιότητος
3085 1381 3178 1435 τοῦ
3207 1381 3417 1452 Πατρὸς
3447 1381 3545 1433 οὐκ
3569 1381 3754 1451 ἐντρέ-

2183 1490 2365 1538 πεται,
2398 1473 2492 1526 καὶ
2513 1476 2576 1544 τῇ
2606 1472 2777 1527 κτίσει
2807 1473 2897 1528 τὸν
2920 1474 3140 1544 κτίστην
3159 1474 3188 1526 6
3216 1472 3600 1544 κτιστολάτρης
3626 1490 3754 1525 συν-

2183 1563 2432 1637 αριθμεῖν
2461 1564 2758 1633 ἐπείγεται.
2782 1565 2977 1617 Τοῦτον
2999 1565 3063 1618 ἂν
3088 1565 3345 1629 πείσειας,
3367 1564 3750 1635 αὐτοκράτωρ,

2186 1658 2638 1731 μεταφρονοῦντα,
2677 1661 2788 1722 τοῖς
2819 1659 3188 1722 ἀποπολικοῖς
3219 1658 3292 1730 μή
3322 1657 3634 1712 ἀντιτείνειν
3667 1657 3752 1710 δι-

526 1759 636 1798 non
663 1761 966 1816 repugnare
1007 1747 1324 1816 apostolicis
1353 1745 1649 1816 doctrinis;
1699 1755 1794 1803 aut
1835 1748 1884 1804 si
1914 1749 1969 1803 in
2003 1747 2072 1803 si-

2177 1750 2477 1822 δάγμασινο
2519 1750 2552 1820 ἦ
2585 1751 2694 1814 τοῖς
2727 1750 2786 1804 ἐν
2813 1745 2892 1814 οἷς
2921 1750 3060 1804 ἑάλω
3087 1749 3400 1815 κακοδοξίας
3433 1749 3750 1819 ἐγκείμενον

525 1836 713 1891 nistrat:
738 1837 1009 1908 opinionis
1039 1838 1198 1908 cujus
1225 1848 1306 1896 est
1325 1840 1628 1906 convictus,
1657 1841 1933 1912 impietate
1955 1856 2082 1913 per-

525 1927 747 1992 stiterit,
775 1945 806 1984 a
835 1929 1040 1986 Christi
1070 1939 1123 1986 et
1148 1942 1338 1988 nostro
1363 1939 1507 1987 ccctu
1556 1947 1781 2002 prorsus
1817 1933 2078 1988 extermi-

523 2021 763 2091 naveris,
788 2039 855 2078 ne
877 2023 1268 2095 simpliciorum
1296 2026 1510 2082 animus
1532 2026 1768 2081 turbidis
1789 2025 2078 2080 verborum

523 2125 746 2167 suorum
782 2114 1068 2172 lenociniis
1091 2113 1390 2186 depraedari
1412 2115 1714 2186 contingat.

2185 1843 2540 1914 ἀσεϐήμασιν,
2563 1843 2730 1914 ἄρδην
2752 1841 2850 1912 τῆς
2877 1842 3109 1915 Χριστοῦ
3136 1844 3228 1896 καὶ
3250 1844 3281 1914 ή
3291 1842 3403 1912 μῶν
3430 1842 3752 1910 ἀφανίσειας

2185 1934 2480 1999 ἐπαύλεως,
2519 1933 2594 1996 ὼς
2627 1931 2692 1986 ἂν
2724 1933 2799 2004 μὴ
2827 1934 2924 2005 τῆς
2952 1933 3170 2005 θολερᾶς
3199 1933 3358 1986 αὑτοῦ
3382 1931 3751 2001 λογοθωπείας

2183 2024 2281 2089 τὰς
2305 2025 2412 2079 τῶν
2439 2024 2816 2098 ἁπλουστέρων
2843 2023 3020 2096 ψυχάς
3048 2026 3342 2097 ἐργάσηται
3377 2025 3609 2097 θέραμα.

1705 2437 2572 2585 FRAGMENTA

892 2677 1002 2741 EX
1033 2675 1287 2739 LlBRlS
1331 2676 1396 2738 S.
1439 2675 1865 2738 EUSTATHll
1926 2671 2272 2737 EPISCOPI

2343 2672 2839 2738 ANTIOCHENI
2868 2674 3345 2739 DEPERDITIS

659 2920 716 2976 lu
745 2920 876 2976 illud
905 2920 1162 2976 Proverb.
1196 2933 1316 2984 riu,
1340 2917 1432 2984 22,
1462 2919 1716 2974 Dominus
1747 2920 1941 2974 creavit
1974 2937 2072 2976 me.
2101 2949 2172 2960 —
2202 2917 2356 2990 Apud
2391 2915 2802 2986 Theodoritum,
2844 2919 2940 2976 lib.
2981 2935 2997 2974 ι
3034 2918 3177 2974 Hist.
3207 2921 3356 2987 eccl.,
3389 2935 3508 2992 cap.
3538 2922 3590 2976 8.

588 3031 812 3091 Veniam
845 3044 1025 3090 autem
1053 3049 1198 3089 nunc
1225 3033 1293 3088 ad
1322 3050 1384 3090 ea
1416 3050 1536 3106 quae
1563 3043 1714 3107 gesta
1750 3045 1896 3093 sunt.
1930 3035 2070 3103 Quid

2247 3034 2541 3106 Βαδιοῦμαι
2587 3035 2644 3088 δὲ
2693 3033 2939 3090 ἐντεῦθεν
2989 3035 3088 3108 ἤδη
3132 3036 3223 3088 καὶ
3265 3035 3358 3090 ἐπὶ
3413 3035 3480 3089 τά
3521 3053 3740 3109 πεπρα-

516 3127 726 3199 igitur?
773 3127 909 3184 Cum
943 3129 1013 3183 ob
1038 3143 1131 3184 eas
1163 3143 1251 3183 res
1284 3127 1518 3182 maxima
1567 3128 1806 3200 synodus
1839 3129 2072 3184 Nicaam

517 3220 880 3284 convenisset,
933 3219 1184 3274 ducentis
1214 3220 1435 3275 circiter
1465 3235 1528 3275 ac
1562 3221 1905 3291 septuaginta
1955 3221 2072 3290 epi-

517 3313 697 3382 scopis
726 3315 927 3383 (neque
954 3312 1098 3367 enim
1129 3327 1415 3366 numerum
1448 3319 1600 3369 certo
1620 3311 1820 3367 referre
1852 3328 2072 3382 possum

516 3408 586 3461 ob
617 3407 884 3476 ingentem
909 3413 1210 3460 conventus
1241 3405 1387 3460 illius
1426 3405 1848 3468 multitudinem,
1875 3406 2074 3476 quippe

513 3513 638 3552 cum
667 3513 765 3552 nec
787 3497 838 3550 in
875 3513 941 3552 eo
962 3497 1335 3567 investigando
1362 3497 1518 3552 valde
1546 3497 1800 3554 curiosus
1833 3497 2070 3567 fuerint),

514 3600 802 3660 postquam
828 3590 894 3644 de
917 3589 1078 3644 modo
1114 3588 1236 3644 ﬁdei
1266 3591 1434 3660 quasri
1459 3597 1695 3660 ceptum
1724 3597 1828 3658 est,
1859 3587 2072 3644 libellus

515 3680 736 3735 Eusebii
774 3679 1018 3748 prolatus
1048 3686 1133 3733 est
1167 3679 1222 3733 in
1273 3679 1529 3745 medium,
1577 3679 1696 3748 ejus
1723 3678 2073 3749 blasphemiae

513 3769 875 3824 certissimum
905 3777 1305 3838 argumentum.
1339 3769 1594 3834 Quicum
1628 3771 1804 3839 palam
1847 3769 2073 3824 audien-

512 3862 660 3916 tibus
690 3859 903 3914 cunctis
962 3859 1222 3914 recitatus
1255 3858 1477 3928 fuissetf,
1515 3861 1695 3916 statim
1731 3860 2071 3917 auditoribus

513 3957 729 4028 quidem
766 3957 1092 4012 immensum
1153 3954 1396 4008 dolorem
1452 3956 1757 4028 attulit\ob
1807 3957 2070 4011 doctrinae

512 4053 828 4122 pravitatem
863 4069 874 4104 :
911 4057 1185 4104 auctorem
1215 4059 1393 4104 autem
1430 4050 1608 4118 ipsum
1637 4049 1838 4119 ingenti
1865 4049 2069 4119 pudore

513 4161 576 4199 ac
621 4145 884 4199 dedecore
915 4141 1112 4198 all'ecit.
1167 4143 1338 4198 Porro
1370 4158 1492 4196 cum
1524 4141 1952 4197 Eusebianorum
1983 4142 2066 4196 of-

514 4239 672 4292 licina
696 4236 807 4306 jam
831 4235 1041 4290 detecta
1072 4243 1238 4302 esset,
1265 4245 1318 4291 et
1343 4234 1540 4304 impius
1574 4234 1787 4289 libellus
1829 4234 1883 4288 in
1931 4249 2065 4288 con-

511 4338 696 4399 spectu
730 4325 970 4380 omnium
1028 4323 1380 4396 discerptus;
1443 4324 1661 4394 quidam
1713 4323 2065 4379 nihilominus

2179 3127 2374 3199 γμένα.
2411 3127 2476 3179 Τί
2509 3121 2632 3192 οὗν;
2664 3127 2847 3198 ἐπειδὴ
2870 3126 2956 3181 διά
2981 3127 3149 3180 ταῦτα
3180 3126 3391 3190 σύνοδος
3412 3129 3489 3190 είς
3514 3126 3612 3198 τὴν
3640 3129 3742 3180 Νι-

2179 3222 2354 3276 καέων
2383 3221 2687 3290 ἀφικνεῖται
2719 3221 2976 3293 μεγίστη,
3022 3222 3307 3276 διακοσίων
3342 3224 3470 3294 μήτι
3520 3241 3581 3291 γε
3644 3225 3742 3278 καὶ

2179 3312 2544 3382 ἐϐδομήκοντα
2569 3311 2658 3364 τὸν
2683 3312 2911 3384 ἀριθμὸν
2937 3313 3098 3384 ὁμόσε
3125 3314 3508 3385 συναχθέντων·
3540 3315 3600 3368 τὸ
3628 3314 3740 3387 γάρ

2180 3403 2345 3472 σαφὲς
2383 3401 2471 3455 διὰ
2513 3402 2604 3457 τὸν
2651 3403 2750 3472 τῆς
2791 3403 3148 3476 πολυανδρίας
3190 3405 3341 3476 ὄχλον
3373 3408 3470 3476 οὐχ
3521 3401 3630 3470 οἷός
3674 3409 3739 3461 τέ

2177 3495 2292 3564 εἰμι
2315 3492 2562 3563 γράφειν,
2581 3494 2763 3566 ἐπειδὴ
2787 3494 2860 3566 μὴ
2889 3495 3062 3568 πάντη
3085 3497 3241 3549 τοῦτο
3261 3498 3740 3569 περισπουδάστως

2177 3585 2483 3654 ἀνίχνευον·
2519 3584 2595 3647 ὡς
2629 3584 2683 3637 δὲ
2733 3584 2976 3656 ἐζητεῖτο
3017 3587 3115 3657 τῆς
3171 3587 3404 3650 πίστεως
3450 3589 3478 3641 6
3514 3588 3739 3658 τρόπος,

2175 3672 2406 3744 ἐναργὴς
2439 3672 2542 3744 μὴν
2577 3674 2793 3744 ἔλεγχος
2823 3675 2884 3727 τὸ
2911 3676 3140 3747 γράμμα
3165 3677 3265 3746 τῆς
3289 3676 3545 3730 Εύσεϐίου
3576 3679 3742 3750 πρού-

2177 3762 2396 3818 ϐάλλετο
2431 3763 2794 3835 βλασφημίας.
2856 3767 2978 3819 Ἐπὶ
3021 3767 3235 3821 πάντων
3278 3767 3334 3820 δὲ
3369 3769 3736 3836 ἀναγνωσθὲν,

2175 3855 2370 3910 αὐτίκα
2424 3856 2704 3928 συμφοράν
2759 3856 2865 3928 μὴν
2921 3857 3262 3930 ἀστάθμητον
3311 3862 3409 3933 τῆς
3461 3863 3740 3933 ἐκτροπῆς

2174 3949 2336 4001 ἕνεκα
2387 3951 2497 4013 τοῖς
2530 3949 2816 4020 αύτηκόοις
2851 3951 3163 4022 προύξένει·
3211 3954 3474 4027 αἰσχύνην
3515 3955 3559 4008 δ’
3599 3957 3736 4028 ἀνή-

2174 4056 2361 4091 κεστον
2391 4039 2467 4110 τῷ
2501 4039 2770 4111 γράψαντι
2811 4044 3088 4112 παρεῖχεν.
3139 4043 3350 4116 Ἐπειδὴ
3388 4045 3444 4098 δὲ
3472 4044 3532 4098 τὸ
3564 4047 3734 4118 ἐργα-

2176 4133 2393 4202 στήριον
2420 4132 2527 4186 τῶν
2551 4133 2692 4203 ἀμφὶ
2719 4133 2809 4186 τὸν
2833 4134 3089 4187 Εὑσέϐιον
3111 4137 3293 4205 σαφῶς
3319 4137 3478 4201 ἑάλω,
3505 4139 3597 4192 τοῦ
3627 4158 3736 4192 πα-

2174 4224 2406 4294 ρανόμου
2437 4226 2759 4296 γράμματος
2798 4225 3180 4297 διαῤῥαγέντος
3213 4229 3302 4281 ὑπ’
3343 4229 3459 4299 ὖψει
3492 4232 3731 4295 πάντων,

2171 4316 2304 4385 ὁμοῦ
2338 4335 2478 4380 τινες
2512 4318 2576 4370 ἐκ
2608 4317 2894 4388 σὐσκευῆς,
2917 4318 3153 4390 τοῦνομα
3182 4321 3600 4394 προϐαλλόμενοι
3632 4325 3736 4395 τῆς

509 4437 576 4476 ex
608 4419 909 4488 composito
941 4433 1138 4473 nomen
1169 4420 1322 4488 pacis
1377 4416 1771 4488 praetendentes
1792 4455 1806 4480 ,
1843 4415 2068 4485 reliquis

2174 4409 2413 4479 εἰρήνης,
2448 4408 2809 4479 κατεσίγησαν
2850 4410 2946 4481 μὲν
2987 4411 3230 4476 ἅπαντας
3262 4414 3386 4478 τοὺς
3418 4415 3612 4485 ἄριστα
3643 4416 3734 4470 λέ-

508 4512 762 4566 omnibus
789 4510 882 4580 qui
917 4511 1121 4581 optima
1158 4511 1340 4566 dicere
1396 4515 1838 4572 consueverant,
1899 4508 2068 4564 silen-

508 4602 644 4658 tium
681 4603 1076 4674 imposuerunt.
1108 4601 1295 4656 Ariani
1325 4616 1474 4664 vero,
1509 4607 1810 4655 metuentes
1865 4615 1955 4663 ne,
1986 4607 2067 4655 tot

507 4695 778 4766 episcopis
822 4697 880 4750 in
915 4711 1084 4750 unum
1107 4694 1468 4763 congregatis,
1502 4693 1608 4764 ipsi
1641 4691 1881 4748 Ecclesia
1903 4693 2067 4763 ejice-

507 4796 716 4853 rentur,
740 4787 792 4840 in
818 4787 1054 4841 medium
1083 4785 1448 4857 prosilientes,
1471 4784 1664 4854 dogma
1693 4784 1834 4854 quod
1863 4785 2064 4854 impro-

508 4879 693 4935 batum
715 4877 911 4942 fuerat,
941 4877 1286 4932 anathemate
1307 4876 1657 4939 damnarunt,
1678 4883 1731 4930 et
1763 4875 1943 4930 libello
1970 4877 2063 4945 qui

507 4971 752 5026 unanimi
776 4971 1016 5026 omnium
1045 4984 1316 5024 consensu
1349 4969 1694 5038 conscriptus
1719 4966 1910 5032 fuerat,
1938 4983 2065 5038 pro-

507 5064 622 5134 pria
652 5079 815 5118 manu
833 5061 1296 5132 subscripserunt.
1326 5056 1527 5114 Verum
1560 5061 1856 5131 episcopali
1886 5061 2064 5132 digni-

507 5160 619 5208 tate
651 5169 746 5223 per
788 5153 1049 5207 ambitum
1078 5158 1132 5207 et
1158 5150 1411 5208 assiduas
1461 5151 1919 5221 interpellationes
1972 5165 2061 5204 re-

506 5254 677 5311 tenta,
719 5260 842 5300 cum
873 5259 967 5299 eos
1003 5244 1371 5315 paenitentiam
1400 5259 1558 5314 agere
1587 5251 1879 5313 oporteret,
1909 5243 2062 5298 dam-

505 5345 664 5392 natas
719 5338 1001 5408 Opiniones
1043 5351 1188 5391 nunc
1236 5335 1397 5398 clam,
1450 5350 1598 5390 nunc
1643 5347 1827 5406 aperte
1873 5334 2062 5390 defen-

506 5429 662 5492 dunt,
686 5428 852 5484 variis
873 5425 1430 5501 argumentationibus
1456 5425 1800 5481 insidiantes.
1833 5424 2063 5495 Cupien-

505 5527 591 5575 tes
621 5529 796 5575 autem
826 5521 1162 5574 zizaniorum
1194 5519 1398 5575 semina
1425 5519 1689 5581 stabilire,
1737 5518 1939 5588 peritos
1962 5518 2060 5571 bo-

503 5612 678 5666 mines
694 5610 1066 5675 reformidant,
1091 5619 1144 5665 et
1165 5625 1387 5681 sagaces
1403 5611 1738 5679 inspectores
1752 5609 2022 5679 refugiunt
2041 5628 2054 5662 :

502 5710 665 5773 atque
699 5699 901 5772 idcirco
931 5700 1147 5768 pietatis
1177 5715 1455 5770 praecones
1479 5699 1620 5756 bello
1649 5705 1924 5768 appetunt.
1956 5696 2058 5753 Ve-

2169 4519 2282 4570 γειν
2310 4500 2580 4565 εἰωθότας.
2613 4503 2674 4554 Ol
2709 4503 2752 4555 δ’
2796 4503 3190 4574 Ἀρειομανῖται
3217 4505 3504 4570 δείσαντες,
3533 4509 3732 4580 μήπως
3792 4496 3810 4516 ’

2168 4595 2272 4665 ἄρα
2321 4593 2584 4664 τοσαύτης
2631 4595 2688 4648 ὲν
2733 4594 2910 4665 ταύτῴ
2955 4597 3167 4650 συνόδου
3218 4602 3731 4672 συγκεκροτημένης

2167 4683 2648 4756 ἐξοστρακισθείεν,
2677 4683 3127 4754 ἀναθεματίζουσι
3156 4685 3253 4756 μὲν
3283 4688 3730 4758 προπηδήσαντες

2163 4777 2226 4830 τὸ
2289 4777 2728 4848 ἀπηγορευμένον
2787 4775 2980 4847 δόγμα,
3043 4777 3350 4847 συμφώνοις
3404 4779 3726 4850 γράμμασιν

2167 4869 2574 4938 ὑπογράψαντες
2636 4870 2926 4940 αύτοχειρί.
2999 4866 3116 4924 Τῶν
3176 4869 3232 4922 δὲ
3290 4869 3584 4942 προεδριῶν
3639 4871 3727 4925 διὰ

2165 4957 2422 5027 πλείστης
2451 4957 2580 5028 ὅσης
2607 4959 2940 5029 περιδρομῆς
2968 4960 3358 5030 κρατήσαντες,
3385 4959 3502 5013 δέον
3529 4962 3726 5024 αὐτοὺς

2164 5051 2474 5105 ύπόπτωσιν
2515 5050 2830 5120 λαμϐάνειν,
2861 5049 2983 5102 τοτὲ
3032 5048 3130 5120 μὲν
3163 5049 3476 5121 λεληθότως,
3520 5052 3638 5104 τοτὲ
3666 5053 3724 5105 δὲ

2165 5145 2452 5218 προφανῶς
2491 5144 2588 5209 τὰς
2627 5143 3098 5220 ἀποψηφισθείσας
3148 5143 3504 5216 πρεσϐεύουσι
3532 5144 3718 5210 δόξας,

2162 5237 2435 5307 διαφόροις
2467 5233 2899 5298 ἐπιϐουλεύοντες
2939 5237 3050 5299 τοῖς
3097 5233 3354 5305 ἐλέγχοις.
3401 5234 3720 5304 Βουλόμενοι

2160 5328 2216 5380 δὲ
2256 5328 2531 5396 παγιῶσαι
2563 5326 2630 5380 τὰ
2661 5326 2944 5397 ζιζανιώδη
2974 5328 3418 5398 φυτουργήματα,
3453 5325 3720 5381 δεδοίκασι

2159 5421 2285 5484 τοὺς
2315 5421 2708 5492 ἐπιγνώμονας,
2731 5421 2822 5473 καὶ
2846 5419 3147 5474 ἐκκλίνουσι
3179 5422 3303 5484 τοὺς
3330 5421 3555 5491 ἐφόρους
3573 5437 3588 5450 ’
3626 5422 3721 5475 καὶ

2158 5512 2330 5586 ταύτῃ
2373 5514 2499 5577 τοὺς
2544 5513 2643 5585 τῆς
2694 5513 2972 5576 εὐσεϐείας
3013 5514 3256 5585 κήρυκας
3302 5513 3716 5582 ἐκπολεμοῦσιν.

2160 5606 2272 5677 Οὐχ
2303 5606 2442 5660 οὕτω
2472 5607 2527 5659 δὲ
2562 5605 2905 5676 πιστεύομεν,
2946 5605 3021 5669 ὼς
3057 5604 3372 5676 ἀνθρώπους
3398 5604 3594 5669 ἀθέους
3623 5605 3718 5659 δύο

2159 5696 2350 5751 νασθαι
2394 5696 2660 5768 κρατῆσαι
2705 5695 2920 5750 πώποτε
2971 5695 3062 5749 τοῦ
3110 5695 3272 5750 θείου.
3304 5696 3427 5752 Κᾶν
3468 5698 3577 5763 γὰρ
3613 5701 3719 5754 πάρ
