  <div class='ocr_page' id='page_1' title='image "/cluster/home/n/w/nwhite01/storage/ocr_20150623/18/hvd.32044073501215/348.png"; bbox 0 0 4080 6334; ppageno 0'>
   <div class='ocr_carea' id='block_1_1' title="bbox 316 243 423 302">
    <p class='ocr_par' dir='ltr' id='par_1_1' title="bbox 316 243 423 302">
     <span class='ocr_line' id='line_1_1' title="bbox 316 243 423 302; baseline -0.019 0"><span class='ocrx_word' id='word_1_1' title='bbox 316 243 423 302; x_wconf 77' lang='grc'><strong>677</strong></span> 
     </span>
    </p>
   </div>
   <div class='ocr_carea' id='block_1_2' title="bbox 1732 250 2181 308">
    <p class='ocr_par' dir='ltr' id='par_1_2' title="bbox 1732 250 2181 308">
     <span class='ocr_line' id='line_1_2' title="bbox 1732 250 2181 308; baseline 0.009 -4"><span class='ocrx_word' id='word_1_2' title='bbox 1732 250 2181 308; x_wconf 69' lang='lat' dir='ltr'><strong>FRAGMENTA.</strong></span> 
     </span>
    </p>
   </div>
   <div class='ocr_carea' id='block_1_3' title="bbox 3452 272 3557 324">
    <p class='ocr_par' dir='ltr' id='par_1_3' title="bbox 3452 272 3557 324">
     <span class='ocr_line' id='line_1_3' title="bbox 3452 272 3557 324; baseline -0.019 0"><span class='ocrx_word' id='word_1_3' title='bbox 3452 272 3557 324; x_wconf 75' lang='lat'><strong>(578</strong></span> 
     </span>
    </p>
   </div>
   <div class='ocr_carea' id='block_1_4' title="bbox 314 361 1862 454">
    <p class='ocr_par' dir='ltr' id='par_1_4' title="bbox 314 361 1857 440">
     <span class='ocr_line' id='line_1_4' title="bbox 314 361 1857 440; baseline 0.004 -23"><span class='ocrx_word' id='word_1_4' title='bbox 314 361 396 417; x_wconf 81' lang='grc' dir='ltr'><strong>λιν</strong></span> <span class='ocrx_word' id='word_1_5' title='bbox 430 362 715 432; x_wconf 71' lang='grc' dir='ltr'>ἰσχύσωσι.</span> <span class='ocrx_word' id='word_1_6' title='bbox 759 365 847 417; x_wconf 75' lang='grc' dir='ltr'>καὶ</span> <span class='ocrx_word' id='word_1_7' title='bbox 877 365 1037 419; x_wconf 80' lang='grc' dir='ltr'>πάλιν</span> <span class='ocrx_word' id='word_1_8' title='bbox 1073 368 1460 440; x_wconf 73' lang='grc' dir='ltr'>ἡττηθήσονται</span> <span class='ocrx_word' id='word_1_9' title='bbox 1504 370 1641 423; x_wconf 87' lang='grc' dir='ltr'><strong>κατά</strong></span> <span class='ocrx_word' id='word_1_10' title='bbox 1665 372 1754 423; x_wconf 73' lang='grc' dir='ltr'>τὸν</span> <span class='ocrx_word' id='word_1_11' title='bbox 1800 390 1857 423; x_wconf 86' lang='grc' dir='ltr'><strong>σε</strong></span> 
     </span>
    </p>
   </div>
   <div class='ocr_carea' id='block_1_5' title="bbox 1969 361 3561 454">
    <p class='ocr_par' dir='ltr' id='par_1_5' title="bbox 1988 374 3561 454">
     <span class='ocr_line' id='line_1_5' title="bbox 1988 374 3561 454; baseline 0.012 -29"><span class='ocrx_word' id='word_1_12' title='bbox 1988 388 2108 426; x_wconf 93' lang='lat' dir='ltr'><strong>rum</strong></span> <span class='ocrx_word' id='word_1_13' title='bbox 2139 390 2207 428; x_wconf 92' lang='lat' dir='ltr'><strong>ne</strong></span> <span class='ocrx_word' id='word_1_14' title='bbox 2241 374 2321 429; x_wconf 87' lang='lat' dir='ltr'><strong>sic</strong></span> <span class='ocrx_word' id='word_1_15' title='bbox 2351 376 2569 444; x_wconf 81' lang='lat' dir='ltr'><strong>quidem</strong></span> <span class='ocrx_word' id='word_1_16' title='bbox 2601 380 2895 447; x_wconf 75' lang='lat' dir='ltr'><strong>credimus,</strong></span> <span class='ocrx_word' id='word_1_17' title='bbox 2950 382 3147 454; x_wconf 89' lang='lat' dir='ltr'><strong>impios</strong></span> <span class='ocrx_word' id='word_1_18' title='bbox 3201 385 3451 443; x_wconf 75' lang='lat' dir='ltr'><strong>homines</strong></span> <span class='ocrx_word' id='word_1_19' title='bbox 3476 393 3561 443; x_wconf 80' lang='lat' dir='ltr'><strong>di-</strong></span> 
     </span>
    </p>
   </div>
   <div class='ocr_carea' id='block_1_6' title="bbox 317 456 1180 530">
    <p class='ocr_par' dir='ltr' id='par_1_6' title="bbox 317 456 1180 530">
     <span class='ocr_line' id='line_1_6' title="bbox 317 456 1180 530; baseline 0.006 -20"><span class='ocrx_word' id='word_1_20' title='bbox 317 456 595 529; x_wconf 75' lang='grc' dir='ltr'>μνόφωνον</span> <span class='ocrx_word' id='word_1_21' title='bbox 624 459 908 530; x_wconf 80' lang='grc' dir='ltr'>προφήτην</span> <span class='ocrx_word' id='word_1_22' title='bbox 938 462 1180 515; x_wconf 84' lang='grc' dir='ltr'>Ἡσαΐαν.</span> 
     </span>
    </p>
   </div>
   <div class='ocr_carea' id='block_1_7' title="bbox 1989 465 3555 545">
    <p class='ocr_par' dir='ltr' id='par_1_7' title="bbox 1989 465 3555 545">
     <span class='ocr_line' id='line_1_7' title="bbox 1989 465 3555 545; baseline 0.01 -27"><span class='ocrx_word' id='word_1_23' title='bbox 1989 465 2171 519; x_wconf 78' lang='lat' dir='ltr'><strong>vinu‘m</strong></span> <span class='ocrx_word' id='word_1_24' title='bbox 2210 483 2411 524; x_wconf 86' lang='lat' dir='ltr'><strong>numen</strong></span> <span class='ocrx_word' id='word_1_25' title='bbox 2469 486 2706 539; x_wconf 82' lang='lat' dir='ltr'><strong>unquam</strong></span> <span class='ocrx_word' id='word_1_26' title='bbox 2763 489 2924 542; x_wconf 89' lang='lat' dir='ltr'><strong>posse</strong></span> <span class='ocrx_word' id='word_1_27' title='bbox 2982 492 3260 545; x_wconf 90' lang='lat' dir='ltr'><strong>superare.</strong></span> <span class='ocrx_word' id='word_1_28' title='bbox 3300 478 3555 545; x_wconf 79' lang='lat' dir='ltr'><strong>Quamvis</strong></span> 
     </span>
    </p>
   </div>
   <div class='ocr_carea' id='block_1_8' title="bbox 1985 558 3555 643">
    <p class='ocr_par' dir='ltr' id='par_1_8' title="bbox 1985 558 3555 643">
     <span class='ocr_line' id='line_1_8' title="bbox 1985 558 3555 643; baseline 0.011 -32"><span class='ocrx_word' id='word_1_29' title='bbox 1985 558 2127 611; x_wconf 89' lang='lat' dir='ltr'><strong>enim</strong></span> <span class='ocrx_word' id='word_1_30' title='bbox 2146 558 2290 613; x_wconf 85' lang='lat' dir='ltr'><strong>vires</strong></span> <span class='ocrx_word' id='word_1_31' title='bbox 2307 561 2486 614; x_wconf 87' lang='lat' dir='ltr'><strong>denuo</strong></span> <span class='ocrx_word' id='word_1_32' title='bbox 2504 574 2847 633; x_wconf 73' lang='lat' dir='ltr'><strong>comparent,</strong></span> <span class='ocrx_word' id='word_1_33' title='bbox 2874 567 3053 623; x_wconf 87' lang='lat' dir='ltr'><strong>denuo</strong></span> <span class='ocrx_word' id='word_1_34' title='bbox 3071 570 3378 640; x_wconf 90' lang='lat' dir='ltr'><strong>vincentur,</strong></span> <span class='ocrx_word' id='word_1_35' title='bbox 3399 572 3555 643; x_wconf 78' lang='lat' dir='ltr'><strong>juxta</strong></span> 
     </span>
    </p>
   </div>
   <div class='ocr_carea' id='block_1_9' title="bbox 1983 649 2929 722">
    <p class='ocr_par' dir='ltr' id='par_1_9' title="bbox 1983 649 2929 722">
     <span class='ocr_line' id='line_1_9' title="bbox 1983 649 2929 722; baseline 0.013 -21"><span class='ocrx_word' id='word_1_36' title='bbox 1983 649 2329 719; x_wconf 83' lang='lat' dir='ltr'><strong>magniﬁcum</strong></span> <span class='ocrx_word' id='word_1_37' title='bbox 2360 653 2679 722; x_wconf 79' lang='lat' dir='ltr'><strong>prophetam</strong></span> <span class='ocrx_word' id='word_1_38' title='bbox 2713 654 2929 713; x_wconf 86' lang='lat' dir='ltr'><strong>Isaiam.</strong></span> 
     </span>
    </p>
   </div>
   <div class='ocr_carea' id='block_1_10' title="bbox 1010 728 2849 840">
    <p class='ocr_par' dir='ltr' id='par_1_10' title="bbox 1010 728 2849 840">
     <span class='ocr_line' id='line_1_10' title="bbox 1010 728 2849 840; baseline 0.015 -42"><span class='ocrx_word' id='word_1_39' title='bbox 1010 747 1159 816; x_wconf 79' lang='lat' dir='ltr'><strong>Apud</strong></span> <span class='ocrx_word' id='word_1_40' title='bbox 1194 728 1441 803; x_wconf 85' lang='lat' dir='ltr'><strong>eumdem</strong></span> <span class='ocrx_word' id='word_1_41' title='bbox 1467 746 1878 810; x_wconf 84' lang='lat' dir='ltr'><strong>Theodoritum.</strong></span> <span class='ocrx_word' id='word_1_42' title='bbox 1920 758 2059 815; x_wconf 83' lang='lat' dir='ltr'><strong>Dial.</strong></span> <span class='ocrx_word' id='word_1_43' title='bbox 2097 780 2134 820; x_wconf 85' lang='grc' dir='ltr'><strong>ι.</strong></span> <span class='ocrx_word' id='word_1_44' title='bbox 2155 762 2294 834; x_wconf 84' lang='lat' dir='ltr'><strong>Opp.</strong></span> <span class='ocrx_word' id='word_1_45' title='bbox 2327 775 2456 821; x_wconf 91' lang='lat' dir='ltr'><strong>tom.</strong></span> <span class='ocrx_word' id='word_1_46' title='bbox 2482 767 2574 833; x_wconf 91' lang='lat' dir='ltr'><strong>lV,</strong></span> <span class='ocrx_word' id='word_1_47' title='bbox 2603 785 2725 840; x_wconf 87' lang='lat' dir='ltr'><strong>pag.</strong></span> <span class='ocrx_word' id='word_1_48' title='bbox 2759 772 2849 826; x_wconf 82' lang='lat'><strong>58.</strong></span> 
     </span>
    </p>
   </div>
   <div class='ocr_carea' id='block_1_11' title="bbox 318 850 1883 927">
    <p class='ocr_par' dir='ltr' id='par_1_11' title="bbox 318 850 1883 927">
     <span class='ocr_line' id='line_1_11' title="bbox 318 850 1883 927; baseline 0.008 -20"><span class='ocrx_word' id='word_1_49' title='bbox 318 850 426 907; x_wconf 80' lang='grc' dir='ltr'><strong>Τοῦ</strong></span> <span class='ocrx_word' id='word_1_50' title='bbox 457 851 643 907; x_wconf 83' lang='grc' dir='ltr'>αὑτοῦ</span> <span class='ocrx_word' id='word_1_51' title='bbox 694 852 761 907; x_wconf 79' lang='grc' dir='ltr'>ἐκ</span> <span class='ocrx_word' id='word_1_52' title='bbox 792 852 899 906; x_wconf 82' lang='grc' dir='ltr'>τοῦ</span> <span class='ocrx_word' id='word_1_53' title='bbox 924 856 1107 923; x_wconf 68' lang='grc' dir='ltr'>λόγου</span> <span class='ocrx_word' id='word_1_54' title='bbox 1141 860 1226 923; x_wconf 72' lang='grc' dir='ltr'>εἰς</span> <span class='ocrx_word' id='word_1_55' title='bbox 1258 859 1343 910; x_wconf 88' lang='grc' dir='ltr'>τό·</span> <span class='ocrx_word' id='word_1_56' title='bbox 1374 877 1393 910; x_wconf 75' lang='grc' dir='ltr'><strong>ι</strong></span> <span class='ocrx_word' id='word_1_57' title='bbox 1439 861 1653 927; x_wconf 77' lang='grc' dir='ltr'>Κύριος</span> <span class='ocrx_word' id='word_1_58' title='bbox 1681 864 1883 921; x_wconf 75' lang='grc' dir='ltr'>ἔκτισέ</span> 
     </span>
    </p>
   </div>
   <div class='ocr_carea' id='block_1_12' title="bbox 692 947 1488 1016">
    <p class='ocr_par' dir='ltr' id='par_1_12' title="bbox 692 947 1488 1016">
     <span class='ocr_line' id='line_1_12' title="bbox 692 947 1488 1016; baseline 0.006 -17"><span class='ocrx_word' id='word_1_59' title='bbox 692 962 769 1014; x_wconf 80' lang='grc' dir='ltr'><strong>με</strong></span> <span class='ocrx_word' id='word_1_60' title='bbox 810 947 1004 1016; x_wconf 76' lang='grc' dir='ltr'>ἀρχὴν</span> <span class='ocrx_word' id='word_1_61' title='bbox 1034 950 1188 1003; x_wconf 75' lang='grc' dir='ltr'><strong>ὁδῶν</strong></span> <span class='ocrx_word' id='word_1_62' title='bbox 1215 950 1424 1004; x_wconf 82' lang='grc' dir='ltr'>αὐτοῦ.</span> <span class='ocrx_word' id='word_1_63' title='bbox 1470 972 1488 1004; x_wconf 72' lang='grc' dir='ltr'><strong>ι</strong></span> 
     </span>
    </p>
   </div>
   <div class='ocr_carea' id='block_1_13' title="bbox 382 1032 1876 1118">
    <p class='ocr_par' dir='ltr' id='par_1_13' title="bbox 382 1032 1876 1118">
     <span class='ocr_line' id='line_1_13' title="bbox 382 1032 1876 1118; baseline 0.011 -32"><span class='ocrx_word' id='word_1_64' title='bbox 382 1036 441 1087; x_wconf 74' lang='lat' dir='ltr'><strong>Ei</strong></span> <span class='ocrx_word' id='word_1_65' title='bbox 469 1035 568 1105; x_wconf 82' lang='grc' dir='ltr'><strong>μὲν</strong></span> <span class='ocrx_word' id='word_1_66' title='bbox 596 1032 687 1090; x_wconf 81' lang='grc' dir='ltr'><strong>οὖν</strong></span> <span class='ocrx_word' id='word_1_67' title='bbox 722 1038 892 1109; x_wconf 82' lang='grc' dir='ltr'>ἀρχὴν</span> <span class='ocrx_word' id='word_1_68' title='bbox 921 1040 1017 1110; x_wconf 81' lang='grc' dir='ltr'>τῆς</span> <span class='ocrx_word' id='word_1_69' title='bbox 1045 1043 1343 1113; x_wconf 82' lang='grc' dir='ltr'>γεννήσεως</span> <span class='ocrx_word' id='word_1_70' title='bbox 1372 1038 1594 1115; x_wconf 71' lang='grc' dir='ltr'>εἴληφεν</span> <span class='ocrx_word' id='word_1_71' title='bbox 1626 1049 1654 1100; x_wconf 99' lang='lat'><strong>6</strong></span> <span class='ocrx_word' id='word_1_72' title='bbox 1686 1050 1876 1118; x_wconf 80' lang='grc' dir='ltr'>Λόγος,</span> 
     </span>
    </p>
   </div>
   <div class='ocr_carea' id='block_1_14' title="bbox 310 1126 1875 1211">
    <p class='ocr_par' dir='ltr' id='par_1_14' title="bbox 310 1126 1875 1211">
     <span class='ocr_line' id='line_1_14' title="bbox 310 1126 1875 1211; baseline 0.01 -30"><span class='ocrx_word' id='word_1_73' title='bbox 310 1131 401 1199; x_wconf 81' lang='grc' dir='ltr'>ἀφ’</span> <span class='ocrx_word' id='word_1_74' title='bbox 428 1126 487 1183; x_wconf 75' lang='grc' dir='ltr'>οὗ</span> <span class='ocrx_word' id='word_1_75' title='bbox 528 1131 616 1184; x_wconf 84' lang='grc' dir='ltr'>διὰ</span> <span class='ocrx_word' id='word_1_76' title='bbox 648 1133 746 1202; x_wconf 78' lang='grc' dir='ltr'>τῆς</span> <span class='ocrx_word' id='word_1_77' title='bbox 793 1133 1047 1205; x_wconf 71' lang='grc' dir='ltr'>μητρῴας</span> <span class='ocrx_word' id='word_1_78' title='bbox 1076 1135 1347 1200; x_wconf 81' lang='grc' dir='ltr'>διοδεύσας</span> <span class='ocrx_word' id='word_1_79' title='bbox 1377 1140 1610 1211; x_wconf 75' lang='grc' dir='ltr'>γαστρὸς</span> <span class='ocrx_word' id='word_1_80' title='bbox 1641 1142 1741 1205; x_wconf 84' lang='grc' dir='ltr'>τὰς</span> <span class='ocrx_word' id='word_1_81' title='bbox 1770 1161 1875 1195; x_wconf 90' lang='grc' dir='ltr'>σω-</span> 
     </span>
    </p>
   </div>
   <div class='ocr_carea' id='block_1_15' title="bbox 313 1221 1873 1302">
    <p class='ocr_par' dir='ltr' id='par_1_15' title="bbox 313 1221 1873 1302">
     <span class='ocr_line' id='line_1_15' title="bbox 313 1221 1873 1302; baseline 0.01 -31"><span class='ocrx_word' id='word_1_82' title='bbox 313 1221 544 1289; x_wconf 73' lang='grc' dir='ltr'>ματικὰς</span> <span class='ocrx_word' id='word_1_83' title='bbox 586 1223 843 1294; x_wconf 86' lang='grc' dir='ltr'>ὲφόρεσεν</span> <span class='ocrx_word' id='word_1_84' title='bbox 889 1226 1172 1295; x_wconf 83' lang='grc' dir='ltr'>ἁρμονίας,</span> <span class='ocrx_word' id='word_1_85' title='bbox 1220 1229 1572 1300; x_wconf 77' lang='grc' dir='ltr'>συνέστηκεν,</span> <span class='ocrx_word' id='word_1_86' title='bbox 1607 1232 1687 1284; x_wconf 80' lang='grc' dir='ltr'><strong>ὅτι</strong></span> <span class='ocrx_word' id='word_1_87' title='bbox 1717 1233 1873 1302; x_wconf 77' lang='grc' dir='ltr'>γέγο·</span> 
     </span>
    </p>
   </div>
   <div class='ocr_carea' id='block_1_16' title="bbox 308 1311 1872 1387">
    <p class='ocr_par' dir='ltr' id='par_1_16' title="bbox 308 1311 1872 1387">
     <span class='ocr_line' id='line_1_16' title="bbox 308 1311 1872 1387; baseline 0.008 -27"><span class='ocrx_word' id='word_1_88' title='bbox 308 1326 396 1361; x_wconf 87' lang='grc' dir='ltr'><strong>νεν</strong></span> <span class='ocrx_word' id='word_1_89' title='bbox 426 1311 488 1363; x_wconf 78' lang='grc' dir='ltr'>ἐκ</span> <span class='ocrx_word' id='word_1_90' title='bbox 517 1312 800 1377; x_wconf 80' lang='grc' dir='ltr'>γυναικός’</span> <span class='ocrx_word' id='word_1_91' title='bbox 837 1314 885 1365; x_wconf 86' lang='grc' dir='ltr'><strong>εί</strong></span> <span class='ocrx_word' id='word_1_92' title='bbox 917 1312 973 1364; x_wconf 80' lang='grc' dir='ltr'><strong>δὲ</strong></span> <span class='ocrx_word' id='word_1_93' title='bbox 1010 1314 1178 1382; x_wconf 83' lang='grc' dir='ltr'>Λόγος</span> <span class='ocrx_word' id='word_1_94' title='bbox 1222 1316 1314 1367; x_wconf 72' lang='grc' dir='ltr'><strong>καὶ</strong></span> <span class='ocrx_word' id='word_1_95' title='bbox 1344 1314 1475 1379; x_wconf 83' lang='grc' dir='ltr'>Θεὸς</span> <span class='ocrx_word' id='word_1_96' title='bbox 1504 1312 1570 1387; x_wconf 78' lang='grc' dir='ltr'>ἦν</span> <span class='ocrx_word' id='word_1_97' title='bbox 1612 1318 1872 1373; x_wconf 80' lang='grc' dir='ltr'>ἀνέκαθεν</span> 
     </span>
    </p>
   </div>
   <div class='ocr_carea' id='block_1_17' title="bbox 310 1402 1871 1480">
    <p class='ocr_par' dir='ltr' id='par_1_17' title="bbox 310 1402 1871 1480">
     <span class='ocr_line' id='line_1_17' title="bbox 310 1402 1871 1480; baseline 0.007 -25"><span class='ocrx_word' id='word_1_98' title='bbox 310 1404 460 1474; x_wconf 82' lang='grc' dir='ltr'><strong>παρά</strong></span> <span class='ocrx_word' id='word_1_99' title='bbox 489 1402 567 1473; x_wconf 82' lang='grc' dir='ltr'><strong>τῷ</strong></span> <span class='ocrx_word' id='word_1_100' title='bbox 601 1404 796 1474; x_wconf 77' lang='grc' dir='ltr'>Πατρὶ,</span> <span class='ocrx_word' id='word_1_101' title='bbox 845 1406 935 1457; x_wconf 73' lang='grc' dir='ltr'><strong>καὶ</strong></span> <span class='ocrx_word' id='word_1_102' title='bbox 975 1405 1043 1458; x_wconf 83' lang='grc' dir='ltr'><strong>τά</strong></span> <span class='ocrx_word' id='word_1_103' title='bbox 1084 1405 1370 1476; x_wconf 88' lang='grc' dir='ltr'>σύμπαντα</span> <span class='ocrx_word' id='word_1_104' title='bbox 1408 1408 1473 1461; x_wconf 89' lang='grc' dir='ltr'>δι’</span> <span class='ocrx_word' id='word_1_105' title='bbox 1517 1410 1680 1463; x_wconf 78' lang='grc' dir='ltr'>αὑτοῦ</span> <span class='ocrx_word' id='word_1_106' title='bbox 1714 1428 1871 1480; x_wconf 89' lang='grc' dir='ltr'>γεγε-</span> 
     </span>
    </p>
   </div>
   <div class='ocr_carea' id='block_1_18' title="bbox 309 1496 1869 1572">
    <p class='ocr_par' dir='ltr' id='par_1_18' title="bbox 309 1496 1869 1572">
     <span class='ocr_line' id='line_1_18' title="bbox 309 1496 1869 1572; baseline 0.008 -25"><span class='ocrx_word' id='word_1_107' title='bbox 309 1496 499 1565; x_wconf 78' lang='grc' dir='ltr'>νῆσθαί</span> <span class='ocrx_word' id='word_1_108' title='bbox 532 1514 743 1567; x_wconf 85' lang='grc' dir='ltr'>φαμεν,</span> <span class='ocrx_word' id='word_1_109' title='bbox 782 1500 881 1551; x_wconf 70' lang='grc' dir='ltr'><strong>οὐκ</strong></span> <span class='ocrx_word' id='word_1_110' title='bbox 912 1500 1019 1570; x_wconf 82' lang='grc' dir='ltr'><strong>ἀρα</strong></span> <span class='ocrx_word' id='word_1_111' title='bbox 1048 1500 1266 1568; x_wconf 79' lang='grc' dir='ltr'>γέγονεν</span> <span class='ocrx_word' id='word_1_112' title='bbox 1309 1503 1373 1555; x_wconf 75' lang='grc' dir='ltr'>ἐκ</span> <span class='ocrx_word' id='word_1_113' title='bbox 1410 1504 1667 1572; x_wconf 78' lang='grc' dir='ltr'>γυναικὸς</span> <span class='ocrx_word' id='word_1_114' title='bbox 1704 1506 1732 1557; x_wconf 91' lang='grc' dir='ltr'>ὁ</span> <span class='ocrx_word' id='word_1_115' title='bbox 1775 1505 1869 1569; x_wconf 83' lang='grc' dir='ltr'><strong>ὢν,</strong></span> 
     </span>
    </p>
   </div>
   <div class='ocr_carea' id='block_1_19' title="bbox 308 1586 1875 1668">
    <p class='ocr_par' dir='ltr' id='par_1_19' title="bbox 308 1586 1875 1668">
     <span class='ocr_line' id='line_1_19' title="bbox 308 1586 1875 1668; baseline 0.007 -29"><span class='ocrx_word' id='word_1_116' title='bbox 308 1586 402 1640; x_wconf 75' lang='grc' dir='ltr'><strong>καὶ</strong></span> <span class='ocrx_word' id='word_1_117' title='bbox 430 1590 540 1650; x_wconf 83' lang='grc' dir='ltr'>τοῖς</span> <span class='ocrx_word' id='word_1_118' title='bbox 570 1593 846 1659; x_wconf 82' lang='grc' dir='ltr'>γεννητοῖς</span> <span class='ocrx_word' id='word_1_119' title='bbox 886 1590 1086 1661; x_wconf 70' lang='grc' dir='ltr'>ἅπασιν</span> <span class='ocrx_word' id='word_1_120' title='bbox 1125 1590 1294 1656; x_wconf 80' lang='grc' dir='ltr'>αἴτιος</span> <span class='ocrx_word' id='word_1_121' title='bbox 1328 1592 1402 1646; x_wconf 83' lang='grc' dir='ltr'>ὥν</span> <span class='ocrx_word' id='word_1_122' title='bbox 1423 1612 1436 1624; x_wconf 89' lang='grc'><strong>·</strong></span> <span class='ocrx_word' id='word_1_123' title='bbox 1470 1596 1584 1649; x_wconf 86' lang='grc' dir='ltr'>ἀλλ’</span> <span class='ocrx_word' id='word_1_124' title='bbox 1626 1596 1738 1650; x_wconf 71' lang='grc' dir='ltr'>ἐστι</span> <span class='ocrx_word' id='word_1_125' title='bbox 1778 1597 1875 1668; x_wconf 84' lang='grc' dir='ltr'>τὴν</span> 
     </span>
    </p>
   </div>
   <div class='ocr_carea' id='block_1_20' title="bbox 1990 872 3555 960">
    <p class='ocr_par' dir='ltr' id='par_1_20' title="bbox 1990 872 3555 960">
     <span class='ocr_line' id='line_1_20' title="bbox 1990 872 3555 960; baseline 0.015 -35"><span class='ocrx_word' id='word_1_126' title='bbox 1990 872 2263 942; x_wconf 82' lang='lat' dir='ltr'><strong>Ejusdem,</strong></span> <span class='ocrx_word' id='word_1_127' title='bbox 2287 893 2352 930; x_wconf 81' lang='lat' dir='ltr'><strong>ea:</strong></span> <span class='ocrx_word' id='word_1_128' title='bbox 2378 895 2613 960; x_wconf 65' lang='lat' dir='ltr'><strong>sermone</strong></span> <span class='ocrx_word' id='word_1_129' title='bbox 2640 883 2693 960; x_wconf 81' lang='lat' dir='ltr'><strong>in</strong></span> <span class='ocrx_word' id='word_1_130' title='bbox 2728 883 2862 935; x_wconf 84' lang='lat' dir='ltr'><strong>illud</strong></span> <span class='ocrx_word' id='word_1_131' title='bbox 2882 900 2900 937; x_wconf 88' lang='lat'><strong><em>:</em></strong></span> <span class='ocrx_word' id='word_1_132' title='bbox 2927 904 2944 935; x_wconf 85' lang='grc'><strong>‹</strong></span> <span class='ocrx_word' id='word_1_133' title='bbox 2979 884 3233 941; x_wconf 82' lang='lat' dir='ltr'><strong>Dominus</strong></span> <span class='ocrx_word' id='word_1_134' title='bbox 3258 891 3453 945; x_wconf 78' lang='lat' dir='ltr'><strong>creavit</strong></span> <span class='ocrx_word' id='word_1_135' title='bbox 3475 908 3555 947; x_wconf 86' lang='lat' dir='ltr'><strong>me</strong></span> 
     </span>
    </p>
   </div>
   <div class='ocr_carea' id='block_1_21' title="bbox 2410 953 3128 1012">
    <p class='ocr_par' dir='ltr' id='par_1_21' title="bbox 2410 953 3128 1012">
     <span class='ocr_line' id='line_1_21' title="bbox 2410 953 3128 1012; baseline 0.011 -11"><span class='ocrx_word' id='word_1_136' title='bbox 2410 953 2613 1003; x_wconf 82' lang='lat' dir='ltr'><strong>initium</strong></span> <span class='ocrx_word' id='word_1_137' title='bbox 2636 954 2838 1005; x_wconf 81' lang='lat' dir='ltr'><strong>viarum</strong></span> <span class='ocrx_word' id='word_1_138' title='bbox 2859 972 3092 1012; x_wconf 79' lang='lat' dir='ltr'><strong>suarum.</strong></span> <span class='ocrx_word' id='word_1_139' title='bbox 3110 979 3128 1009; x_wconf 67' lang='grc' dir='ltr'><strong>ι</strong></span> 
     </span>
    </p>
   </div>
   <div class='ocr_carea' id='block_1_22' title="bbox 2058 1034 3547 1120">
    <p class='ocr_par' dir='ltr' id='par_1_22' title="bbox 2058 1034 3547 1120">
     <span class='ocr_line' id='line_1_22' title="bbox 2058 1034 3547 1120; baseline 0.014 -32"><span class='ocrx_word' id='word_1_140' title='bbox 2058 1034 2115 1089; x_wconf 88' lang='lat' dir='ltr'><strong>Si</strong></span> <span class='ocrx_word' id='word_1_141' title='bbox 2139 1053 2267 1108; x_wconf 88' lang='lat' dir='ltr'><strong>ergo</strong></span> <span class='ocrx_word' id='word_1_142' title='bbox 2297 1042 2663 1108; x_wconf 74' lang='lat' dir='ltr'><strong>generationis</strong></span> <span class='ocrx_word' id='word_1_143' title='bbox 2696 1046 3021 1116; x_wconf 88' lang='lat' dir='ltr'><strong>principium</strong></span> <span class='ocrx_word' id='word_1_144' title='bbox 3048 1051 3258 1120; x_wconf 89' lang='lat' dir='ltr'><strong>accepit</strong></span> <span class='ocrx_word' id='word_1_145' title='bbox 3290 1050 3547 1120; x_wconf 87' lang='lat' dir='ltr'><strong>Verbum,</strong></span> 
     </span>
    </p>
   </div>
   <div class='ocr_carea' id='block_1_23' title="bbox 1984 1139 3552 1214">
    <p class='ocr_par' dir='ltr' id='par_1_23' title="bbox 1984 1139 3552 1214">
     <span class='ocr_line' id='line_1_23' title="bbox 1984 1139 3552 1214; baseline 0.013 -34"><span class='ocrx_word' id='word_1_146' title='bbox 1984 1143 2052 1181; x_wconf 79' lang='lat' dir='ltr'><strong>ex</strong></span> <span class='ocrx_word' id='word_1_147' title='bbox 2072 1145 2181 1199; x_wconf 90' lang='lat' dir='ltr'><strong>quo</strong></span> <span class='ocrx_word' id='word_1_148' title='bbox 2226 1146 2323 1199; x_wconf 89' lang='lat' dir='ltr'><strong>per</strong></span> <span class='ocrx_word' id='word_1_149' title='bbox 2350 1139 2658 1188; x_wconf 89' lang='lat' dir='ltr'><strong>maternum</strong></span> <span class='ocrx_word' id='word_1_150' title='bbox 2689 1139 2965 1194; x_wconf 87' lang='lat' dir='ltr'><strong>transiens</strong></span> <span class='ocrx_word' id='word_1_151' title='bbox 3001 1148 3214 1195; x_wconf 92' lang='lat' dir='ltr'><strong>uterum</strong></span> <span class='ocrx_word' id='word_1_152' title='bbox 3247 1148 3552 1214; x_wconf 81' lang='lat' dir='ltr'><strong>corporalia</strong></span> 
     </span>
    </p>
   </div>
   <div class='ocr_carea' id='block_1_24' title="bbox 1981 1222 3551 1299">
    <p class='ocr_par' dir='ltr' id='par_1_24' title="bbox 1981 1222 3551 1299">
     <span class='ocr_line' id='line_1_24' title="bbox 1981 1222 3551 1299; baseline 0.013 -26"><span class='ocrx_word' id='word_1_153' title='bbox 1981 1222 2224 1275; x_wconf 88' lang='lat' dir='ltr'><strong>membra</strong></span> <span class='ocrx_word' id='word_1_154' title='bbox 2257 1225 2510 1294; x_wconf 78' lang='lat' dir='ltr'><strong>gestavit,</strong></span> <span class='ocrx_word' id='word_1_155' title='bbox 2544 1235 2759 1283; x_wconf 83' lang='lat' dir='ltr'><strong>constat</strong></span> <span class='ocrx_word' id='word_1_156' title='bbox 2787 1231 2931 1299; x_wconf 91' lang='lat' dir='ltr'><strong>quod</strong></span> <span class='ocrx_word' id='word_1_157' title='bbox 2981 1232 3157 1290; x_wconf 84' lang='lat' dir='ltr'><strong>factus</strong></span> <span class='ocrx_word' id='word_1_158' title='bbox 3188 1244 3273 1290; x_wconf 90' lang='lat' dir='ltr'><strong>est</strong></span> <span class='ocrx_word' id='word_1_159' title='bbox 3311 1254 3376 1291; x_wconf 83' lang='lat' dir='ltr'><strong>ex</strong></span> <span class='ocrx_word' id='word_1_160' title='bbox 3429 1255 3551 1293; x_wconf 85' lang='lat' dir='ltr'><strong>mu-</strong></span> 
     </span>
    </p>
   </div>
   <div class='ocr_carea' id='block_1_25' title="bbox 1983 1312 3551 1397">
    <p class='ocr_par' dir='ltr' id='par_1_25' title="bbox 1983 1312 3551 1397">
     <span class='ocr_line' id='line_1_25' title="bbox 1983 1312 3551 1397; baseline 0.012 -32"><span class='ocrx_word' id='word_1_161' title='bbox 1983 1312 2133 1368; x_wconf 89' lang='lat' dir='ltr'><strong>liere.</strong></span> <span class='ocrx_word' id='word_1_162' title='bbox 2167 1314 2235 1368; x_wconf 88' lang='lat' dir='ltr'><strong>At</strong></span> <span class='ocrx_word' id='word_1_163' title='bbox 2266 1315 2312 1369; x_wconf 92' lang='lat' dir='ltr'><strong>si</strong></span> <span class='ocrx_word' id='word_1_164' title='bbox 2360 1313 2596 1372; x_wconf 86' lang='lat' dir='ltr'><strong>Verbum</strong></span> <span class='ocrx_word' id='word_1_165' title='bbox 2628 1328 2682 1373; x_wconf 92' lang='lat' dir='ltr'><strong>et</strong></span> <span class='ocrx_word' id='word_1_166' title='bbox 2713 1318 2854 1377; x_wconf 85' lang='lat' dir='ltr'><strong>Deus</strong></span> <span class='ocrx_word' id='word_1_167' title='bbox 2898 1332 3056 1379; x_wconf 83' lang='lat' dir='ltr'><strong>antea</strong></span> <span class='ocrx_word' id='word_1_168' title='bbox 3103 1334 3219 1379; x_wconf 90' lang='lat' dir='ltr'><strong>erat</strong></span> <span class='ocrx_word' id='word_1_169' title='bbox 3260 1329 3400 1397; x_wconf 90' lang='lat' dir='ltr'><strong>apud</strong></span> <span class='ocrx_word' id='word_1_170' title='bbox 3448 1328 3551 1383; x_wconf 88' lang='lat' dir='ltr'><strong>Pa-</strong></span> 
     </span>
    </p>
   </div>
   <div class='ocr_carea' id='block_1_26' title="bbox 1981 1407 3547 1485">
    <p class='ocr_par' dir='ltr' id='par_1_26' title="bbox 1981 1407 3547 1485">
     <span class='ocr_line' id='line_1_26' title="bbox 1981 1407 3547 1485; baseline 0.01 -27"><span class='ocrx_word' id='word_1_171' title='bbox 1981 1412 2118 1459; x_wconf 88' lang='lat' dir='ltr'><strong>trem</strong></span> <span class='ocrx_word' id='word_1_172' title='bbox 2148 1415 2202 1459; x_wconf 89' lang='lat' dir='ltr'><strong>et</strong></span> <span class='ocrx_word' id='word_1_173' title='bbox 2237 1407 2490 1462; x_wconf 90' lang='lat' dir='ltr'><strong>universa</strong></span> <span class='ocrx_word' id='word_1_174' title='bbox 2521 1424 2617 1478; x_wconf 88' lang='lat' dir='ltr'><strong>per</strong></span> <span class='ocrx_word' id='word_1_175' title='bbox 2642 1411 2818 1480; x_wconf 91' lang='lat' dir='ltr'><strong>ipsum</strong></span> <span class='ocrx_word' id='word_1_176' title='bbox 2846 1410 2985 1467; x_wconf 84' lang='lat' dir='ltr'><strong>facta</strong></span> <span class='ocrx_word' id='word_1_177' title='bbox 3012 1430 3133 1470; x_wconf 91' lang='lat' dir='ltr'><strong>esse</strong></span> <span class='ocrx_word' id='word_1_178' title='bbox 3157 1418 3410 1485; x_wconf 90' lang='lat' dir='ltr'><strong>dicimus,</strong></span> <span class='ocrx_word' id='word_1_179' title='bbox 3438 1436 3547 1474; x_wconf 90' lang='lat' dir='ltr'><strong>non</strong></span> 
     </span>
    </p>
   </div>
   <div class='ocr_carea' id='block_1_27' title="bbox 1978 1499 3547 1576">
    <p class='ocr_par' dir='ltr' id='par_1_27' title="bbox 1978 1499 3547 1576">
     <span class='ocr_line' id='line_1_27' title="bbox 1978 1499 3547 1576; baseline 0.011 -24"><span class='ocrx_word' id='word_1_180' title='bbox 1978 1506 2063 1552; x_wconf 91' lang='lat' dir='ltr'><strong>est</strong></span> <span class='ocrx_word' id='word_1_181' title='bbox 2090 1500 2275 1569; x_wconf 91' lang='lat' dir='ltr'><strong>utique</strong></span> <span class='ocrx_word' id='word_1_182' title='bbox 2324 1499 2502 1556; x_wconf 83' lang='lat' dir='ltr'><strong>factus</strong></span> <span class='ocrx_word' id='word_1_183' title='bbox 2531 1517 2595 1556; x_wconf 80' lang='lat' dir='ltr'><strong>ex</strong></span> <span class='ocrx_word' id='word_1_184' title='bbox 2620 1503 2849 1559; x_wconf 89' lang='lat' dir='ltr'><strong>muliere</strong></span> <span class='ocrx_word' id='word_1_185' title='bbox 2874 1545 2889 1570; x_wconf 93' lang='lat'><strong>,</strong></span> <span class='ocrx_word' id='word_1_186' title='bbox 2925 1507 3020 1576; x_wconf 86' lang='lat' dir='ltr'><strong>qui</strong></span> <span class='ocrx_word' id='word_1_187' title='bbox 3057 1517 3160 1573; x_wconf 90' lang='lat' dir='ltr'><strong>est,</strong></span> <span class='ocrx_word' id='word_1_188' title='bbox 3195 1517 3248 1565; x_wconf 91' lang='lat' dir='ltr'><strong>et</strong></span> <span class='ocrx_word' id='word_1_189' title='bbox 3278 1514 3547 1569; x_wconf 87' lang='lat' dir='ltr'><strong>creaturis</strong></span> 
     </span>
    </p>
   </div>
   <div class='ocr_carea' id='block_1_28' title="bbox 1981 1592 3547 1666">
    <p class='ocr_par' dir='ltr' id='par_1_28' title="bbox 1981 1592 3547 1666">
     <span class='ocr_line' id='line_1_28' title="bbox 1981 1592 3547 1666; baseline 0.008 -19"><span class='ocrx_word' id='word_1_190' title='bbox 1981 1592 2234 1647; x_wconf 91' lang='lat' dir='ltr'><strong>omnibus</strong></span> <span class='ocrx_word' id='word_1_191' title='bbox 2264 1602 2322 1647; x_wconf 92' lang='lat' dir='ltr'><strong>ut</strong></span> <span class='ocrx_word' id='word_1_192' title='bbox 2354 1594 2466 1647; x_wconf 90' lang='lat' dir='ltr'><strong>sint</strong></span> <span class='ocrx_word' id='word_1_193' title='bbox 2497 1610 2717 1650; x_wconf 86' lang='lat' dir='ltr'><strong>causam</strong></span> <span class='ocrx_word' id='word_1_194' title='bbox 2746 1598 2987 1666; x_wconf 73' lang='lat' dir='ltr'><strong>praebet:</strong></span> <span class='ocrx_word' id='word_1_195' title='bbox 3037 1601 3131 1656; x_wconf 89' lang='lat' dir='ltr'><strong>sed</strong></span> <span class='ocrx_word' id='word_1_196' title='bbox 3163 1601 3306 1659; x_wconf 86' lang='lat' dir='ltr'><strong>Deus</strong></span> <span class='ocrx_word' id='word_1_197' title='bbox 3351 1618 3547 1661; x_wconf 88' lang='lat' dir='ltr'><strong>natura</strong></span> 
     </span>
    </p>
   </div>
   <div class='ocr_carea' id='block_1_29' title="bbox 307 1678 1862 1767">
    <p class='ocr_par' dir='ltr' id='par_1_29' title="bbox 307 1678 1862 1759">
     <span class='ocr_line' id='line_1_29' title="bbox 307 1678 1862 1759; baseline 0.006 -26"><span class='ocrx_word' id='word_1_198' title='bbox 307 1678 464 1747; x_wconf 83' lang='grc' dir='ltr'>φύσιν</span> <span class='ocrx_word' id='word_1_199' title='bbox 497 1681 630 1745; x_wconf 84' lang='grc' dir='ltr'>Θεὸς</span> <span class='ocrx_word' id='word_1_200' title='bbox 662 1682 959 1755; x_wconf 81' lang='grc' dir='ltr'>αὐτάρκης,</span> <span class='ocrx_word' id='word_1_201' title='bbox 991 1684 1234 1755; x_wconf 79' lang='grc' dir='ltr'>ἄπειρος,</span> <span class='ocrx_word' id='word_1_202' title='bbox 1267 1687 1649 1759; x_wconf 84' lang='grc' dir='ltr'>ἀπερινόητθς·</span> <span class='ocrx_word' id='word_1_203' title='bbox 1688 1692 1752 1743; x_wconf 85' lang='grc' dir='ltr'>ὲκ</span> <span class='ocrx_word' id='word_1_204' title='bbox 1778 1707 1862 1759; x_wconf 87' lang='grc' dir='ltr'>γυ-</span> 
     </span>
    </p>
   </div>
   <div class='ocr_carea' id='block_1_30' title="bbox 1969 1678 3548 1767">
    <p class='ocr_par' dir='ltr' id='par_1_30' title="bbox 1978 1685 3548 1767">
     <span class='ocr_line' id='line_1_30' title="bbox 1978 1685 3548 1767; baseline 0.012 -29"><span class='ocrx_word' id='word_1_205' title='bbox 1978 1692 2080 1748; x_wconf 84' lang='lat' dir='ltr'><strong>cst,</strong></span> <span class='ocrx_word' id='word_1_206' title='bbox 2100 1685 2355 1741; x_wconf 89' lang='lat' dir='ltr'><strong>omnibus</strong></span> <span class='ocrx_word' id='word_1_207' title='bbox 2367 1686 2525 1743; x_wconf 91' lang='lat' dir='ltr'><strong>bonis</strong></span> <span class='ocrx_word' id='word_1_208' title='bbox 2542 1688 2847 1756; x_wconf 87' lang='lat' dir='ltr'><strong>abundans,</strong></span> <span class='ocrx_word' id='word_1_209' title='bbox 2879 1692 3142 1760; x_wconf 86' lang='lat' dir='ltr'><strong>inﬁnitus,</strong></span> <span class='ocrx_word' id='word_1_210' title='bbox 3176 1704 3231 1751; x_wconf 92' lang='lat' dir='ltr'><strong>et</strong></span> <span class='ocrx_word' id='word_1_211' title='bbox 3256 1700 3348 1767; x_wconf 88' lang='lat' dir='ltr'><strong>qui</strong></span> <span class='ocrx_word' id='word_1_212' title='bbox 3366 1708 3548 1757; x_wconf 85' lang='lat' dir='ltr'><strong>mente</strong></span> 
     </span>
    </p>
   </div>
   <div class='ocr_carea' id='block_1_31' title="bbox 305 1773 1872 1855">
    <p class='ocr_par' dir='ltr' id='par_1_31' title="bbox 305 1773 1872 1855">
     <span class='ocr_line' id='line_1_31' title="bbox 305 1773 1872 1855; baseline 0.011 -32"><span class='ocrx_word' id='word_1_213' title='bbox 305 1773 486 1835; x_wconf 78' lang='grc' dir='ltr'>ναικὸς</span> <span class='ocrx_word' id='word_1_214' title='bbox 515 1774 570 1827; x_wconf 81' lang='grc' dir='ltr'>δὲ</span> <span class='ocrx_word' id='word_1_215' title='bbox 608 1776 830 1843; x_wconf 84' lang='grc' dir='ltr'>γέγονεν</span> <span class='ocrx_word' id='word_1_216' title='bbox 862 1775 1163 1847; x_wconf 77' lang='grc' dir='ltr'>ἄνθρωπος,</span> <span class='ocrx_word' id='word_1_217' title='bbox 1192 1780 1220 1830; x_wconf 91' lang='lat'><strong>6</strong></span> <span class='ocrx_word' id='word_1_218' title='bbox 1253 1781 1311 1833; x_wconf 84' lang='grc' dir='ltr'>ὲν</span> <span class='ocrx_word' id='word_1_219' title='bbox 1342 1783 1406 1851; x_wconf 81' lang='grc' dir='ltr'>τῇ</span> <span class='ocrx_word' id='word_1_220' title='bbox 1438 1782 1735 1855; x_wconf 85' lang='grc' dir='ltr'>παρθενικῇ</span> <span class='ocrx_word' id='word_1_221' title='bbox 1770 1786 1872 1855; x_wconf 86' lang='grc' dir='ltr'><strong>μή-</strong></span> 
     </span>
    </p>
   </div>
   <div class='ocr_carea' id='block_1_32' title="bbox 304 1863 1128 1938">
    <p class='ocr_par' dir='ltr' id='par_1_32' title="bbox 304 1863 1128 1938">
     <span class='ocr_line' id='line_1_32' title="bbox 304 1863 1128 1938; baseline 0.008 -24"><span class='ocrx_word' id='word_1_222' title='bbox 304 1878 407 1932; x_wconf 68' lang='grc' dir='ltr'>τρᾳ</span> <span class='ocrx_word' id='word_1_223' title='bbox 434 1863 710 1935; x_wconf 88' lang='grc' dir='ltr'>Πνεύματι</span> <span class='ocrx_word' id='word_1_224' title='bbox 740 1868 936 1934; x_wconf 74' lang='grc' dir='ltr'>παγεὶς</span> <span class='ocrx_word' id='word_1_225' title='bbox 969 1868 1128 1938; x_wconf 87' lang='grc' dir='ltr'>ἀγίῳ.</span> 
     </span>
    </p>
   </div>
   <div class='ocr_carea' id='block_1_33' title="bbox 1979 1777 3546 1849">
    <p class='ocr_par' dir='ltr' id='par_1_33' title="bbox 1979 1777 3546 1849">
     <span class='ocr_line' id='line_1_33' title="bbox 1979 1777 3546 1849; baseline 0.008 -18"><span class='ocrx_word' id='word_1_226' title='bbox 1979 1777 2362 1847; x_wconf 87' lang='lat' dir='ltr'><strong>comprehendi</strong></span> <span class='ocrx_word' id='word_1_227' title='bbox 2395 1780 2582 1849; x_wconf 86' lang='lat' dir='ltr'><strong>nequit</strong></span> <span class='ocrx_word' id='word_1_228' title='bbox 2611 1800 2623 1835; x_wconf 88' lang='lat'><strong>:</strong></span> <span class='ocrx_word' id='word_1_229' title='bbox 2655 1797 2719 1836; x_wconf 79' lang='lat' dir='ltr'><strong>ex</strong></span> <span class='ocrx_word' id='word_1_230' title='bbox 2752 1784 2977 1840; x_wconf 88' lang='lat' dir='ltr'><strong>muliere</strong></span> <span class='ocrx_word' id='word_1_231' title='bbox 3023 1795 3205 1841; x_wconf 90' lang='lat' dir='ltr'><strong>autem</strong></span> <span class='ocrx_word' id='word_1_232' title='bbox 3256 1787 3433 1845; x_wconf 82' lang='lat' dir='ltr'><strong>factus</strong></span> <span class='ocrx_word' id='word_1_233' title='bbox 3462 1800 3546 1845; x_wconf 87' lang='lat' dir='ltr'><strong>est</strong></span> 
     </span>
    </p>
   </div>
   <div class='ocr_carea' id='block_1_34' title="bbox 1978 1864 3544 1944">
    <p class='ocr_par' dir='ltr' id='par_1_34' title="bbox 1978 1864 3544 1944">
     <span class='ocr_line' id='line_1_34' title="bbox 1978 1864 3544 1944; baseline 0.011 -27"><span class='ocrx_word' id='word_1_234' title='bbox 1978 1864 2162 1929; x_wconf 89' lang='lat' dir='ltr'><strong>homo,</strong></span> <span class='ocrx_word' id='word_1_235' title='bbox 2187 1867 2278 1935; x_wconf 94' lang='lat' dir='ltr'><strong>qui</strong></span> <span class='ocrx_word' id='word_1_236' title='bbox 2309 1866 2365 1921; x_wconf 89' lang='lat' dir='ltr'><strong>in</strong></span> <span class='ocrx_word' id='word_1_237' title='bbox 2386 1867 2639 1939; x_wconf 78' lang='lat' dir='ltr'><strong>virginali</strong></span> <span class='ocrx_word' id='word_1_238' title='bbox 2668 1877 2823 1927; x_wconf 86' lang='lat' dir='ltr'><strong>utero</strong></span> <span class='ocrx_word' id='word_1_239' title='bbox 2843 1873 3047 1944; x_wconf 90' lang='lat' dir='ltr'><strong>Spiritu</strong></span> <span class='ocrx_word' id='word_1_240' title='bbox 3066 1884 3257 1933; x_wconf 91' lang='lat' dir='ltr'><strong>sancto</strong></span> <span class='ocrx_word' id='word_1_241' title='bbox 3280 1878 3544 1935; x_wconf 83' lang='lat' dir='ltr'><strong>formatus</strong></span> 
     </span>
    </p>
   </div>
   <div class='ocr_carea' id='block_1_35' title="bbox 1975 1962 2081 2011">
    <p class='ocr_par' dir='ltr' id='par_1_35' title="bbox 1975 1962 2081 2011">
     <span class='ocr_line' id='line_1_35' title="bbox 1975 1962 2081 2011; baseline 0 -1"><span class='ocrx_word' id='word_1_242' title='bbox 1975 1962 2081 2011; x_wconf 89' lang='lat' dir='ltr'><strong>est.</strong></span> 
     </span>
    </p>
   </div>
   <div class='ocr_carea' id='block_1_36' title="bbox 1808 2067 2011 2122">
    <p class='ocr_par' dir='ltr' id='par_1_36' title="bbox 1808 2067 2011 2122">
     <span class='ocr_line' id='line_1_36' title="bbox 1808 2067 2011 2122; baseline -0.005 -1"><span class='ocrx_word' id='word_1_243' title='bbox 1808 2067 2011 2122; x_wconf 76' lang='lat' dir='ltr'><strong>lslnsu.</strong></span> 
     </span>
    </p>
   </div>
   <div class='ocr_carea' id='block_1_37' title="bbox 562 2176 1618 2253">
    <p class='ocr_par' dir='ltr' id='par_1_37' title="bbox 562 2176 1618 2253">
     <span class='ocr_line' id='line_1_37' title="bbox 562 2176 1618 2253; baseline 0.009 -24"><span class='ocrx_word' id='word_1_244' title='bbox 562 2176 672 2230; x_wconf 86' lang='grc' dir='ltr'><strong>Τοῦ</strong></span> <span class='ocrx_word' id='word_1_245' title='bbox 704 2178 920 2243; x_wconf 83' lang='grc' dir='ltr'>αὐτοῦ,</span> <span class='ocrx_word' id='word_1_246' title='bbox 948 2180 1016 2233; x_wconf 75' lang='grc' dir='ltr'>ἐκ</span> <span class='ocrx_word' id='word_1_247' title='bbox 1057 2181 1162 2236; x_wconf 76' lang='grc' dir='ltr'>τοῦ</span> <span class='ocrx_word' id='word_1_248' title='bbox 1200 2183 1386 2237; x_wconf 84' lang='grc' dir='ltr'>αὐτοῦ</span> <span class='ocrx_word' id='word_1_249' title='bbox 1413 2186 1618 2253; x_wconf 70' lang='grc' dir='ltr'>λόγου.</span> 
     </span>
    </p>
   </div>
   <div class='ocr_carea' id='block_1_38' title="bbox 375 2267 1873 2357">
    <p class='ocr_par' dir='ltr' id='par_1_38' title="bbox 375 2267 1873 2357">
     <span class='ocr_line' id='line_1_38' title="bbox 375 2267 1873 2357; baseline 0.007 -36"><span class='ocrx_word' id='word_1_250' title='bbox 375 2267 517 2331; x_wconf 78' lang='grc' dir='ltr'>Ναὸς</span> <span class='ocrx_word' id='word_1_251' title='bbox 549 2269 658 2340; x_wconf 89' lang='grc' dir='ltr'><strong>γάρ</strong></span> <span class='ocrx_word' id='word_1_252' title='bbox 688 2270 890 2340; x_wconf 79' lang='grc' dir='ltr'>κυρίως</span> <span class='ocrx_word' id='word_1_253' title='bbox 916 2274 944 2325; x_wconf 94' lang='lat'><strong>6</strong></span> <span class='ocrx_word' id='word_1_254' title='bbox 973 2273 1209 2347; x_wconf 86' lang='grc' dir='ltr'>καθαρὸς</span> <span class='ocrx_word' id='word_1_255' title='bbox 1236 2276 1328 2328; x_wconf 74' lang='grc' dir='ltr'><strong>καὶ</strong></span> <span class='ocrx_word' id='word_1_256' title='bbox 1354 2276 1637 2357; x_wconf 80' lang='grc' dir='ltr'>ἄχραντος,</span> <span class='ocrx_word' id='word_1_257' title='bbox 1671 2278 1703 2348; x_wconf 86' lang='grc' dir='ltr'><strong>ἠ</strong></span> <span class='ocrx_word' id='word_1_258' title='bbox 1732 2277 1873 2331; x_wconf 81' lang='grc' dir='ltr'>κατὰ</span> 
     </span>
    </p>
   </div>
   <div class='ocr_carea' id='block_1_39' title="bbox 303 2356 1872 2434">
    <p class='ocr_par' dir='ltr' id='par_1_39' title="bbox 303 2356 1872 2434">
     <span class='ocr_line' id='line_1_39' title="bbox 303 2356 1872 2434; baseline 0.004 -25"><span class='ocrx_word' id='word_1_259' title='bbox 303 2357 393 2409; x_wconf 75' lang='grc' dir='ltr'><strong>τὸν</strong></span> <span class='ocrx_word' id='word_1_260' title='bbox 429 2356 712 2427; x_wconf 78' lang='grc' dir='ltr'>ἄνθρωπόν</span> <span class='ocrx_word' id='word_1_261' title='bbox 744 2360 857 2411; x_wconf 83' lang='grc' dir='ltr'>ἐστι</span> <span class='ocrx_word' id='word_1_262' title='bbox 891 2360 1017 2429; x_wconf 77' lang='grc' dir='ltr'>περὶ</span> <span class='ocrx_word' id='word_1_263' title='bbox 1048 2362 1138 2414; x_wconf 82' lang='grc' dir='ltr'>τὸν</span> <span class='ocrx_word' id='word_1_264' title='bbox 1165 2362 1334 2430; x_wconf 85' lang='grc' dir='ltr'>Λόγον</span> <span class='ocrx_word' id='word_1_265' title='bbox 1368 2364 1560 2434; x_wconf 70' lang='grc' dir='ltr'>σκηνὴ,</span> <span class='ocrx_word' id='word_1_266' title='bbox 1585 2363 1710 2417; x_wconf 76' lang='grc' dir='ltr'>ἔνθα</span> <span class='ocrx_word' id='word_1_267' title='bbox 1741 2367 1872 2434; x_wconf 63' lang='lat' dir='ltr'><strong>atpo-</strong></span> 
     </span>
    </p>
   </div>
   <div class='ocr_carea' id='block_1_40' title="bbox 305 2448 1869 2524">
    <p class='ocr_par' dir='ltr' id='par_1_40' title="bbox 305 2448 1869 2524">
     <span class='ocr_line' id='line_1_40' title="bbox 305 2448 1869 2524; baseline 0.006 -25"><span class='ocrx_word' id='word_1_268' title='bbox 305 2448 485 2517; x_wconf 80' lang='grc' dir='ltr'>φανῶς</span> <span class='ocrx_word' id='word_1_269' title='bbox 516 2448 822 2520; x_wconf 86' lang='grc' dir='ltr'>σκηνώσας,</span> <span class='ocrx_word' id='word_1_270' title='bbox 850 2451 1062 2524; x_wconf 75' lang='grc' dir='ltr'>ᾤκησεν</span> <span class='ocrx_word' id='word_1_271' title='bbox 1094 2456 1121 2507; x_wconf 88' lang='lat'><strong>6</strong></span> <span class='ocrx_word' id='word_1_272' title='bbox 1154 2453 1303 2517; x_wconf 84' lang='grc' dir='ltr'>Θεός.</span> <span class='ocrx_word' id='word_1_273' title='bbox 1336 2456 1444 2507; x_wconf 80' lang='grc' dir='ltr'>Καὶ</span> <span class='ocrx_word' id='word_1_274' title='bbox 1478 2455 1651 2509; x_wconf 81' lang='grc' dir='ltr'>ταῦτα</span> <span class='ocrx_word' id='word_1_275' title='bbox 1682 2457 1779 2509; x_wconf 82' lang='grc' dir='ltr'><strong>οὐκ</strong></span> <span class='ocrx_word' id='word_1_276' title='bbox 1807 2460 1869 2509; x_wconf 84' lang='grc' dir='ltr'>ὲκ</span> 
     </span>
    </p>
   </div>
   <div class='ocr_carea' id='block_1_41' title="bbox 302 2541 1868 2618">
    <p class='ocr_par' dir='ltr' id='par_1_41' title="bbox 302 2541 1868 2618">
     <span class='ocr_line' id='line_1_41' title="bbox 302 2541 1868 2618; baseline 0.007 -26"><span class='ocrx_word' id='word_1_277' title='bbox 302 2541 409 2594; x_wconf 84' lang='grc' dir='ltr'><strong>τῶν</strong></span> <span class='ocrx_word' id='word_1_278' title='bbox 451 2542 675 2594; x_wconf 75' lang='grc' dir='ltr'>εἰκότων</span> <span class='ocrx_word' id='word_1_279' title='bbox 710 2545 905 2615; x_wconf 80' lang='grc' dir='ltr'>φαμέν.</span> <span class='ocrx_word' id='word_1_280' title='bbox 940 2546 1143 2599; x_wconf 80' lang='grc' dir='ltr'>Τούτου</span> <span class='ocrx_word' id='word_1_281' title='bbox 1193 2547 1299 2618; x_wconf 85' lang='grc' dir='ltr'><strong>γὰρ</strong></span> <span class='ocrx_word' id='word_1_282' title='bbox 1333 2549 1361 2600; x_wconf 90' lang='lat'><strong>6</strong></span> <span class='ocrx_word' id='word_1_283' title='bbox 1400 2548 1557 2616; x_wconf 83' lang='grc' dir='ltr'>φύσει</span> <span class='ocrx_word' id='word_1_284' title='bbox 1594 2549 1687 2602; x_wconf 82' lang='grc' dir='ltr'>τοῦ</span> <span class='ocrx_word' id='word_1_285' title='bbox 1734 2550 1868 2603; x_wconf 82' lang='grc' dir='ltr'>Θεοῦ</span> 
     </span>
    </p>
   </div>
   <div class='ocr_carea' id='block_1_42' title="bbox 307 2628 1868 2710">
    <p class='ocr_par' dir='ltr' id='par_1_42' title="bbox 307 2628 1868 2710">
     <span class='ocr_line' id='line_1_42' title="bbox 307 2628 1868 2710; baseline 0.01 -30"><span class='ocrx_word' id='word_1_286' title='bbox 307 2628 447 2692; x_wconf 56' lang='lat' dir='ltr'><strong>ng,</strong></span> <span class='ocrx_word' id='word_1_287' title='bbox 505 2630 604 2700; x_wconf 83' lang='grc' dir='ltr'>τὴν</span> <span class='ocrx_word' id='word_1_288' title='bbox 656 2629 807 2684; x_wconf 80' lang='grc' dir='ltr'>λύσιν</span> <span class='ocrx_word' id='word_1_289' title='bbox 854 2635 948 2687; x_wconf 75' lang='grc' dir='ltr'><strong>καὶ</strong></span> <span class='ocrx_word' id='word_1_290' title='bbox 1006 2635 1299 2690; x_wconf 80' lang='grc' dir='ltr'>ἀνάστασιν</span> <span class='ocrx_word' id='word_1_291' title='bbox 1345 2640 1729 2710; x_wconf 77' lang='grc' dir='ltr'>προαγορεύων</span> <span class='ocrx_word' id='word_1_292' title='bbox 1774 2641 1868 2695; x_wconf 78' lang='grc' dir='ltr'>τοῦ</span> 
     </span>
    </p>
   </div>
   <div class='ocr_carea' id='block_1_43' title="bbox 303 2718 1870 2797">
    <p class='ocr_par' dir='ltr' id='par_1_43' title="bbox 303 2718 1870 2797">
     <span class='ocr_line' id='line_1_43' title="bbox 303 2718 1870 2797; baseline 0.009 -26"><span class='ocrx_word' id='word_1_293' title='bbox 303 2718 436 2782; x_wconf 80' lang='grc' dir='ltr'>νεὼ,</span> <span class='ocrx_word' id='word_1_294' title='bbox 488 2722 875 2791; x_wconf 74' lang='grc' dir='ltr'>ἀναμφιϐόλως</span> <span class='ocrx_word' id='word_1_295' title='bbox 920 2726 1070 2795; x_wconf 81' lang='grc' dir='ltr'>ἡμᾶς</span> <span class='ocrx_word' id='word_1_296' title='bbox 1119 2726 1383 2781; x_wconf 81' lang='grc' dir='ltr'>διδάσκων</span> <span class='ocrx_word' id='word_1_297' title='bbox 1435 2729 1703 2797; x_wconf 81' lang='grc' dir='ltr'>ὲφοδιάζει</span> <span class='ocrx_word' id='word_1_298' title='bbox 1755 2735 1870 2796; x_wconf 82' lang='grc' dir='ltr'>τοῖς</span> 
     </span>
    </p>
   </div>
   <div class='ocr_carea' id='block_1_44' title="bbox 307 2812 1869 2883">
    <p class='ocr_par' dir='ltr' id='par_1_44' title="bbox 307 2812 1869 2883">
     <span class='ocr_line' id='line_1_44' title="bbox 307 2812 1869 2883; baseline 0.01 -20"><span class='ocrx_word' id='word_1_299' title='bbox 307 2812 609 2882; x_wconf 80' lang='grc' dir='ltr'>μιαιφόνοις</span> <span class='ocrx_word' id='word_1_300' title='bbox 655 2815 878 2883; x_wconf 81' lang='grc' dir='ltr'>φάσκων</span> <span class='ocrx_word' id='word_1_301' title='bbox 935 2818 1240 2881; x_wconf 83' lang='grc' dir='ltr'>Ἰουδαίοις·</span> <span class='ocrx_word' id='word_1_302' title='bbox 1282 2820 1518 2875; x_wconf 83' lang='grc' dir='ltr'>Λύσατε</span> <span class='ocrx_word' id='word_1_303' title='bbox 1562 2821 1668 2875; x_wconf 82' lang='grc' dir='ltr'><strong>τὸν</strong></span> <span class='ocrx_word' id='word_1_304' title='bbox 1719 2823 1869 2878; x_wconf 79' lang='grc' dir='ltr'><strong>ναὸν</strong></span> 
     </span>
    </p>
   </div>
   <div class='ocr_carea' id='block_1_45' title="bbox 304 2904 1694 2983">
    <p class='ocr_par' dir='ltr' id='par_1_45' title="bbox 304 2904 1694 2983">
     <span class='ocr_line' id='line_1_45' title="bbox 304 2904 1694 2983; baseline 0.01 -27"><span class='ocrx_word' id='word_1_305' title='bbox 304 2904 535 2973; x_wconf 72' lang='grc' dir='ltr'>τοῦτον,</span> <span class='ocrx_word' id='word_1_306' title='bbox 568 2907 666 2961; x_wconf 77' lang='grc' dir='ltr'>καὶ</span> <span class='ocrx_word' id='word_1_307' title='bbox 698 2909 767 2961; x_wconf 78' lang='grc' dir='ltr'><em>ἐν</em></span> <span class='ocrx_word' id='word_1_308' title='bbox 793 2910 989 2977; x_wconf 81' lang='grc' dir='ltr'>τρισὶν</span> <span class='ocrx_word' id='word_1_309' title='bbox 1015 2910 1257 2980; x_wconf 76' lang='grc' dir='ltr'>ἡμέραις</span> <span class='ocrx_word' id='word_1_310' title='bbox 1285 2912 1465 2983; x_wconf 74' lang='grc' dir='ltr'>ἐγερῶ</span> <span class='ocrx_word' id='word_1_311' title='bbox 1490 2917 1694 2970; x_wconf 76' lang='grc' dir='ltr'>αὐτόν.</span> 
     </span>
    </p>
   </div>
   <div class='ocr_carea' id='block_1_46' title="bbox 2326 2187 3277 2257">
    <p class='ocr_par' dir='ltr' id='par_1_46' title="bbox 2326 2187 3277 2257">
     <span class='ocr_line' id='line_1_46' title="bbox 2326 2187 3277 2257; baseline 0.016 -18"><span class='ocrx_word' id='word_1_312' title='bbox 2326 2187 2599 2257; x_wconf 80' lang='lat' dir='ltr'><strong>Ejusdem,</strong></span> <span class='ocrx_word' id='word_1_313' title='bbox 2630 2208 2695 2245; x_wconf 76' lang='lat' dir='ltr'><strong>ex</strong></span> <span class='ocrx_word' id='word_1_314' title='bbox 2729 2194 2905 2247; x_wconf 87' lang='lat' dir='ltr'><strong>eodem</strong></span> <span class='ocrx_word' id='word_1_315' title='bbox 2935 2212 3187 2253; x_wconf 77' lang='lat' dir='ltr'><strong>sermone.</strong></span> <span class='ocrx_word' id='word_1_316' title='bbox 3274 2214 3277 2217; x_wconf 70' lang='lat'><strong><em>‘</em></strong></span> 
     </span>
    </p>
   </div>
   <div class='ocr_carea' id='block_1_47' title="bbox 2045 2277 3539 2363">
    <p class='ocr_par' dir='ltr' id='par_1_47' title="bbox 2045 2277 3539 2363">
     <span class='ocr_line' id='line_1_47' title="bbox 2045 2277 3539 2363; baseline 0.013 -31"><span class='ocrx_word' id='word_1_317' title='bbox 2045 2277 2324 2349; x_wconf 90' lang='lat' dir='ltr'><strong>Templum</strong></span> <span class='ocrx_word' id='word_1_318' title='bbox 2348 2282 2494 2335; x_wconf 89' lang='lat' dir='ltr'><strong>enim</strong></span> <span class='ocrx_word' id='word_1_319' title='bbox 2518 2286 2733 2354; x_wconf 88' lang='lat' dir='ltr'><strong>proprie</strong></span> <span class='ocrx_word' id='word_1_320' title='bbox 2762 2287 3023 2343; x_wconf 92' lang='lat' dir='ltr'><strong>mundum</strong></span> <span class='ocrx_word' id='word_1_321' title='bbox 3042 2298 3095 2345; x_wconf 89' lang='lat' dir='ltr'><strong>et</strong></span> <span class='ocrx_word' id='word_1_322' title='bbox 3112 2292 3539 2363; x_wconf 82' lang='lat' dir='ltr'><strong>immaculatum,</strong></span> 
     </span>
    </p>
   </div>
   <div class='ocr_carea' id='block_1_48' title="bbox 1973 2372 3539 2452">
    <p class='ocr_par' dir='ltr' id='par_1_48' title="bbox 1973 2372 3539 2452">
     <span class='ocr_line' id='line_1_48' title="bbox 1973 2372 3539 2452; baseline 0.011 -28"><span class='ocrx_word' id='word_1_323' title='bbox 1973 2378 2056 2425; x_wconf 89' lang='lat' dir='ltr'><strong>est</strong></span> <span class='ocrx_word' id='word_1_324' title='bbox 2091 2372 2387 2426; x_wconf 88' lang='lat' dir='ltr'><strong>humanum</strong></span> <span class='ocrx_word' id='word_1_325' title='bbox 2430 2372 2591 2429; x_wconf 82' lang='lat' dir='ltr'><strong>Verbi</strong></span> <span class='ocrx_word' id='word_1_326' title='bbox 2623 2377 3056 2446; x_wconf 84' lang='lat' dir='ltr'><strong>tabernaculum,</strong></span> <span class='ocrx_word' id='word_1_327' title='bbox 3090 2383 3144 2435; x_wconf 93' lang='lat' dir='ltr'><strong>in</strong></span> <span class='ocrx_word' id='word_1_328' title='bbox 3174 2399 3282 2452; x_wconf 86' lang='lat' dir='ltr'><strong>quo</strong></span> <span class='ocrx_word' id='word_1_329' title='bbox 3316 2401 3374 2442; x_wconf 90' lang='lat' dir='ltr'><strong>se</strong></span> <span class='ocrx_word' id='word_1_330' title='bbox 3406 2403 3539 2441; x_wconf 90' lang='lat' dir='ltr'><strong>cou-</strong></span> 
     </span>
    </p>
   </div>
   <div class='ocr_carea' id='block_1_49' title="bbox 1975 2463 3542 2545">
    <p class='ocr_par' dir='ltr' id='par_1_49' title="bbox 1975 2463 3542 2545">
     <span class='ocr_line' id='line_1_49' title="bbox 1975 2463 3542 2545; baseline 0.012 -30"><span class='ocrx_word' id='word_1_331' title='bbox 1975 2463 2314 2532; x_wconf 86' lang='lat' dir='ltr'><strong>spiciendum</strong></span> <span class='ocrx_word' id='word_1_332' title='bbox 2337 2466 2583 2534; x_wconf 66' lang='lat' dir='ltr'><strong>praabens</strong></span> <span class='ocrx_word' id='word_1_333' title='bbox 2605 2467 2868 2523; x_wconf 89' lang='lat' dir='ltr'><strong>habitavit</strong></span> <span class='ocrx_word' id='word_1_334' title='bbox 2884 2470 3049 2529; x_wconf 90' lang='lat' dir='ltr'><strong>Deus.</strong></span> <span class='ocrx_word' id='word_1_335' title='bbox 3072 2472 3254 2545; x_wconf 85' lang='lat' dir='ltr'><strong>Neque</strong></span> <span class='ocrx_word' id='word_1_336' title='bbox 3275 2493 3404 2531; x_wconf 83' lang='lat' dir='ltr'><strong>vero</strong></span> <span class='ocrx_word' id='word_1_337' title='bbox 3427 2480 3542 2534; x_wconf 67' lang='lat' dir='ltr'><strong>hinc</strong></span> 
     </span>
    </p>
   </div>
   <div class='ocr_carea' id='block_1_50' title="bbox 1972 2555 3540 2643">
    <p class='ocr_par' dir='ltr' id='par_1_50' title="bbox 1972 2555 3540 2643">
     <span class='ocr_line' id='line_1_50' title="bbox 1972 2555 3540 2643; baseline 0.013 -37"><span class='ocrx_word' id='word_1_338' title='bbox 1972 2555 2347 2624; x_wconf 86' lang='lat' dir='ltr'><strong>probabilibus</strong></span> <span class='ocrx_word' id='word_1_339' title='bbox 2376 2557 2526 2612; x_wconf 90' lang='lat' dir='ltr'><strong>ducti</strong></span> <span class='ocrx_word' id='word_1_340' title='bbox 2562 2562 2893 2630; x_wconf 89' lang='lat' dir='ltr'><strong>conjecturis</strong></span> <span class='ocrx_word' id='word_1_341' title='bbox 2923 2564 3177 2621; x_wconf 87' lang='lat' dir='ltr'><strong>dicimus.</strong></span> <span class='ocrx_word' id='word_1_342' title='bbox 3207 2566 3341 2623; x_wconf 89' lang='lat' dir='ltr'><strong>Nam</strong></span> <span class='ocrx_word' id='word_1_343' title='bbox 3383 2572 3429 2626; x_wconf 87' lang='lat' dir='ltr'><strong>is</strong></span> <span class='ocrx_word' id='word_1_344' title='bbox 3446 2573 3540 2643; x_wconf 88' lang='lat' dir='ltr'><strong>qui</strong></span> 
     </span>
    </p>
   </div>
   <div class='ocr_carea' id='block_1_51' title="bbox 1970 2645 3538 2728">
    <p class='ocr_par' dir='ltr' id='par_1_51' title="bbox 1970 2645 3538 2728">
     <span class='ocr_line' id='line_1_51' title="bbox 1970 2645 3538 2728; baseline 0.013 -30"><span class='ocrx_word' id='word_1_345' title='bbox 1970 2655 2167 2700; x_wconf 89' lang='lat' dir='ltr'><strong>natura</strong></span> <span class='ocrx_word' id='word_1_346' title='bbox 2215 2645 2384 2703; x_wconf 85' lang='lat' dir='ltr'><strong>Filius</strong></span> <span class='ocrx_word' id='word_1_347' title='bbox 2415 2648 2504 2703; x_wconf 88' lang='lat' dir='ltr'><strong>Dei</strong></span> <span class='ocrx_word' id='word_1_348' title='bbox 2540 2660 2653 2715; x_wconf 89' lang='lat' dir='ltr'><strong>est,</strong></span> <span class='ocrx_word' id='word_1_349' title='bbox 2690 2652 2856 2722; x_wconf 85' lang='lat' dir='ltr'><strong>hujus</strong></span> <span class='ocrx_word' id='word_1_350' title='bbox 2894 2658 3077 2728; x_wconf 91' lang='lat' dir='ltr'><strong>templi</strong></span> <span class='ocrx_word' id='word_1_351' title='bbox 3109 2660 3538 2719; x_wconf 89' lang='lat' dir='ltr'><strong>destructionem</strong></span> 
     </span>
    </p>
   </div>
   <div class='ocr_carea' id='block_1_52' title="bbox 1969 2737 3541 2825">
    <p class='ocr_par' dir='ltr' id='par_1_52' title="bbox 1969 2737 3541 2825">
     <span class='ocr_line' id='line_1_52' title="bbox 1969 2737 3541 2825; baseline 0.014 -35"><span class='ocrx_word' id='word_1_352' title='bbox 1969 2744 2023 2790; x_wconf 88' lang='lat' dir='ltr'><strong>et</strong></span> <span class='ocrx_word' id='word_1_353' title='bbox 2052 2737 2503 2796; x_wconf 83' lang='lat' dir='ltr'><strong>instaurationem</strong></span> <span class='ocrx_word' id='word_1_354' title='bbox 2531 2743 2853 2813; x_wconf 64' lang='lat' dir='ltr'><strong>praedicens,</strong></span> <span class='ocrx_word' id='word_1_355' title='bbox 2903 2750 3022 2805; x_wconf 87' lang='lat' dir='ltr'><strong>sine</strong></span> <span class='ocrx_word' id='word_1_356' title='bbox 3053 2751 3161 2805; x_wconf 87' lang='lat' dir='ltr'><strong>ulla</strong></span> <span class='ocrx_word' id='word_1_357' title='bbox 3186 2754 3541 2825; x_wconf 80' lang='lat' dir='ltr'><strong>ambiguitate</strong></span> 
     </span>
    </p>
   </div>
   <div class='ocr_carea' id='block_1_53' title="bbox 1972 2830 3540 2903">
    <p class='ocr_par' dir='ltr' id='par_1_53' title="bbox 1972 2830 3540 2903">
     <span class='ocr_line' id='line_1_53' title="bbox 1972 2830 3540 2903; baseline 0.012 -21"><span class='ocrx_word' id='word_1_358' title='bbox 1972 2843 2074 2884; x_wconf 88' lang='lat' dir='ltr'><strong>nos</strong></span> <span class='ocrx_word' id='word_1_359' title='bbox 2104 2830 2205 2884; x_wconf 90' lang='lat' dir='ltr'><strong>hac</strong></span> <span class='ocrx_word' id='word_1_360' title='bbox 2239 2833 2306 2886; x_wconf 90' lang='lat' dir='ltr'><strong>de</strong></span> <span class='ocrx_word' id='word_1_361' title='bbox 2323 2849 2381 2887; x_wconf 90' lang='lat' dir='ltr'><strong>re</strong></span> <span class='ocrx_word' id='word_1_362' title='bbox 2409 2833 2611 2899; x_wconf 89' lang='lat' dir='ltr'><strong>docuit,</strong></span> <span class='ocrx_word' id='word_1_363' title='bbox 2642 2840 2885 2895; x_wconf 88' lang='lat' dir='ltr'><strong>cruentis</strong></span> <span class='ocrx_word' id='word_1_364' title='bbox 2915 2840 3118 2898; x_wconf 68' lang='lat' dir='ltr'><strong>Iudaeis</strong></span> <span class='ocrx_word' id='word_1_365' title='bbox 3150 2844 3338 2900; x_wconf 86' lang='lat' dir='ltr'><strong>dicens</strong></span> <span class='ocrx_word' id='word_1_366' title='bbox 3366 2866 3379 2902; x_wconf 88' lang='lat'><strong>:</strong></span> <span class='ocrx_word' id='word_1_367' title='bbox 3416 2847 3540 2903; x_wconf 82' lang='lat' dir='ltr'><strong>Sol-</strong></span> 
     </span>
    </p>
   </div>
   <div class='ocr_carea' id='block_1_54' title="bbox 1972 2922 3538 3009">
    <p class='ocr_par' dir='ltr' id='par_1_54' title="bbox 1972 2922 3538 3009">
     <span class='ocr_line' id='line_1_54' title="bbox 1972 2922 3538 3009; baseline 0.015 -37"><span class='ocrx_word' id='word_1_368' title='bbox 1972 2922 2071 2974; x_wconf 81' lang='lat' dir='ltr'><strong>vite</strong></span> <span class='ocrx_word' id='word_1_369' title='bbox 2105 2925 2351 2992; x_wconf 84' lang='lat' dir='ltr'><strong>templum</strong></span> <span class='ocrx_word' id='word_1_370' title='bbox 2400 2926 2493 2980; x_wconf 87' lang='lat' dir='ltr'><strong>hoc</strong></span> <span class='ocrx_word' id='word_1_371' title='bbox 2514 2970 2530 2994; x_wconf 93' lang='lat'><strong>,</strong></span> <span class='ocrx_word' id='word_1_372' title='bbox 2561 2939 2611 2982; x_wconf 88' lang='lat' dir='ltr'><strong>et</strong></span> <span class='ocrx_word' id='word_1_373' title='bbox 2642 2931 2697 2983; x_wconf 88' lang='lat' dir='ltr'><strong>in</strong></span> <span class='ocrx_word' id='word_1_374' title='bbox 2729 2931 2896 2987; x_wconf 81' lang='lat' dir='ltr'><strong>tribus</strong></span> <span class='ocrx_word' id='word_1_375' title='bbox 2946 2934 3129 2990; x_wconf 84' lang='lat' dir='ltr'><strong>diebus</strong></span> <span class='ocrx_word' id='word_1_376' title='bbox 3178 2940 3419 2994; x_wconf 72' lang='lat' dir='ltr'><strong>excitabo</strong></span> <span class='ocrx_word' id='word_1_377' title='bbox 3458 2942 3538 3009; x_wconf 79' lang='lat' dir='ltr'><strong>ip-</strong></span> 
     </span>
    </p>
   </div>
   <div class='ocr_carea' id='block_1_55' title="bbox 1896 2996 2188 3067">
    <p class='ocr_par' dir='ltr' id='par_1_55' title="bbox 1896 2996 2188 3067">
     <span class='ocr_line' id='line_1_55' title="bbox 1896 2996 2188 3067; baseline 0.017 -5"><span class='ocrx_word' id='word_1_378' title='bbox 1896 2996 1937 3050; x_wconf 73' lang='lat' dir='ltr'><strong><em>C</em></strong></span> <span class='ocrx_word' id='word_1_379' title='bbox 1971 3028 2089 3064; x_wconf 86' lang='lat' dir='ltr'><strong>sum</strong></span> <span class='ocrx_word' id='word_1_380' title='bbox 2124 3014 2188 3067; x_wconf 88' lang='grc'><strong>⁷⁷.</strong></span> 
     </span>
    </p>
   </div>
   <div class='ocr_carea' id='block_1_56' title="bbox 1798 3124 1999 3181">
    <p class='ocr_par' dir='ltr' id='par_1_56' title="bbox 1798 3124 1999 3181">
     <span class='ocr_line' id='line_1_56' title="bbox 1798 3124 1999 3181; baseline 0.02 -3"><span class='ocrx_word' id='word_1_381' title='bbox 1798 3124 1999 3181; x_wconf 74' lang='grc' dir='ltr'><strong>ῙΒΙΒΕΙ.</strong></span> 
     </span>
    </p>
   </div>
   <div class='ocr_carea' id='block_1_57' title="bbox 542 3230 1633 3306">
    <p class='ocr_par' dir='ltr' id='par_1_57' title="bbox 542 3230 1633 3306">
     <span class='ocr_line' id='line_1_57' title="bbox 542 3230 1633 3306; baseline 0.006 -23"><span class='ocrx_word' id='word_1_382' title='bbox 542 3230 654 3284; x_wconf 85' lang='grc' dir='ltr'><strong>Τοῦ</strong></span> <span class='ocrx_word' id='word_1_383' title='bbox 699 3231 918 3296; x_wconf 86' lang='grc' dir='ltr'>αὐτοῦ,</span> <span class='ocrx_word' id='word_1_384' title='bbox 968 3232 1037 3285; x_wconf 77' lang='grc' dir='ltr'>ἐκ</span> <span class='ocrx_word' id='word_1_385' title='bbox 1078 3234 1183 3287; x_wconf 87' lang='grc' dir='ltr'>τοῦ</span> <span class='ocrx_word' id='word_1_386' title='bbox 1217 3235 1401 3289; x_wconf 84' lang='grc' dir='ltr'>αὐτοῦ</span> <span class='ocrx_word' id='word_1_387' title='bbox 1427 3238 1633 3306; x_wconf 75' lang='grc' dir='ltr'>λόγου.</span> 
     </span>
    </p>
   </div>
   <div class='ocr_carea' id='block_1_58' title="bbox 378 3317 1865 3403">
    <p class='ocr_par' dir='ltr' id='par_1_58' title="bbox 378 3317 1865 3403">
     <span class='ocr_line' id='line_1_58' title="bbox 378 3317 1865 3403; baseline 0.008 -28"><span class='ocrx_word' id='word_1_388' title='bbox 378 3320 646 3393; x_wconf 73' lang='grc' dir='ltr'>ὐπηνίκα</span> <span class='ocrx_word' id='word_1_389' title='bbox 678 3317 769 3375; x_wconf 77' lang='grc' dir='ltr'><strong>οὖν</strong></span> <span class='ocrx_word' id='word_1_390' title='bbox 800 3323 888 3376; x_wconf 81' lang='grc' dir='ltr'><strong>τὸν</strong></span> <span class='ocrx_word' id='word_1_391' title='bbox 926 3324 1206 3395; x_wconf 80' lang='grc' dir='ltr'>ἄνθρωπον</span> <span class='ocrx_word' id='word_1_392' title='bbox 1238 3329 1579 3399; x_wconf 85' lang='grc' dir='ltr'>ναουργήσας</span> <span class='ocrx_word' id='word_1_393' title='bbox 1606 3332 1865 3403; x_wconf 84' lang='grc' dir='ltr'>ὲφόρεσεν</span> 
     </span>
    </p>
   </div>
   <div class='ocr_carea' id='block_1_59' title="bbox 301 3413 1864 3489">
    <p class='ocr_par' dir='ltr' id='par_1_59' title="bbox 301 3413 1864 3489">
     <span class='ocr_line' id='line_1_59' title="bbox 301 3413 1864 3489; baseline 0.009 -24"><span class='ocrx_word' id='word_1_394' title='bbox 301 3416 329 3465; x_wconf 87' lang='lat'><strong>6</strong></span> <span class='ocrx_word' id='word_1_395' title='bbox 348 3414 535 3482; x_wconf 78' lang='grc' dir='ltr'>Λόγος,</span> <span class='ocrx_word' id='word_1_396' title='bbox 566 3413 777 3484; x_wconf 75' lang='grc' dir='ltr'>σώματι</span> <span class='ocrx_word' id='word_1_397' title='bbox 808 3417 904 3486; x_wconf 86' lang='grc' dir='ltr'><strong>μὲν</strong></span> <span class='ocrx_word' id='word_1_398' title='bbox 930 3418 1039 3479; x_wconf 87' lang='grc' dir='ltr'>τοῖς</span> <span class='ocrx_word' id='word_1_399' title='bbox 1062 3417 1364 3488; x_wconf 79' lang='grc' dir='ltr'>ἀνθρώποις</span> <span class='ocrx_word' id='word_1_400' title='bbox 1393 3420 1704 3489; x_wconf 81' lang='grc' dir='ltr'>ἐπιφοιτῶν,</span> <span class='ocrx_word' id='word_1_401' title='bbox 1731 3444 1864 3481; x_wconf 75' lang='grc' dir='ltr'>παν-ο</span> 
     </span>
    </p>
   </div>
   <div class='ocr_carea' id='block_1_60' title="bbox 303 3506 1863 3582">
    <p class='ocr_par' dir='ltr' id='par_1_60' title="bbox 303 3506 1863 3582">
     <span class='ocr_line' id='line_1_60' title="bbox 303 3506 1863 3582; baseline 0.008 -24"><span class='ocrx_word' id='word_1_402' title='bbox 303 3507 531 3570; x_wconf 77' lang='grc' dir='ltr'>τοδαπάς</span> <span class='ocrx_word' id='word_1_403' title='bbox 564 3506 809 3577; x_wconf 82' lang='grc' dir='ltr'>ἀοράτως</span> <span class='ocrx_word' id='word_1_404' title='bbox 850 3508 1291 3580; x_wconf 87' lang='grc' dir='ltr'>θαυματουργίας</span> <span class='ocrx_word' id='word_1_405' title='bbox 1332 3512 1708 3579; x_wconf 74' lang='grc' dir='ltr'>ἐπεδείκνυτο,</span> <span class='ocrx_word' id='word_1_406' title='bbox 1740 3521 1863 3582; x_wconf 85' lang='grc' dir='ltr'>τοὺς</span> 
     </span>
    </p>
   </div>
   <div class='ocr_carea' id='block_1_61' title="bbox 301 3598 1859 3674">
    <p class='ocr_par' dir='ltr' id='par_1_61' title="bbox 301 3598 1859 3674">
     <span class='ocr_line' id='line_1_61' title="bbox 301 3598 1859 3674; baseline 0.009 -25"><span class='ocrx_word' id='word_1_407' title='bbox 301 3598 354 3649; x_wconf 78' lang='grc' dir='ltr'>δὲ</span> <span class='ocrx_word' id='word_1_408' title='bbox 400 3599 728 3662; x_wconf 70' lang='grc' dir='ltr'>ἀποστόλους</span> <span class='ocrx_word' id='word_1_409' title='bbox 774 3601 1018 3671; x_wconf 84' lang='grc' dir='ltr'>κήρυκας</span> <span class='ocrx_word' id='word_1_410' title='bbox 1069 3602 1169 3671; x_wconf 84' lang='grc' dir='ltr'>τῆς</span> <span class='ocrx_word' id='word_1_411' title='bbox 1206 3602 1376 3657; x_wconf 80' lang='grc' dir='ltr'>ἀϊδίου</span> <span class='ocrx_word' id='word_1_412' title='bbox 1426 3604 1699 3674; x_wconf 87' lang='grc' dir='ltr'>βασιλείας</span> <span class='ocrx_word' id='word_1_413' title='bbox 1744 3610 1859 3674; x_wconf 75' lang='grc' dir='ltr'><strong>ἐξέ-</strong></span> 
     </span>
    </p>
   </div>
   <div class='ocr_carea' id='block_1_62' title="bbox 303 3707 500 3760">
    <p class='ocr_par' dir='ltr' id='par_1_62' title="bbox 303 3707 500 3760">
     <span class='ocr_line' id='line_1_62' title="bbox 303 3707 500 3760; baseline 0.01 -19"><span class='ocrx_word' id='word_1_414' title='bbox 303 3707 500 3760; x_wconf 80' lang='grc' dir='ltr'>πεμπε.</span> 
     </span>
    </p>
   </div>
   <div class='ocr_carea' id='block_1_63' title="bbox 2363 3250 3131 3315">
    <p class='ocr_par' dir='ltr' id='par_1_63' title="bbox 2363 3250 3131 3315">
     <span class='ocr_line' id='line_1_63' title="bbox 2363 3250 3131 3315; baseline 0.005 -12"><span class='ocrx_word' id='word_1_415' title='bbox 2363 3250 2636 3315; x_wconf 82' lang='lat' dir='ltr'><strong>Ejusdem,</strong></span> <span class='ocrx_word' id='word_1_416' title='bbox 2675 3268 2738 3306; x_wconf 79' lang='lat' dir='ltr'><strong>ex</strong></span> <span class='ocrx_word' id='word_1_417' title='bbox 2766 3253 2943 3307; x_wconf 88' lang='lat' dir='ltr'><strong>eodem</strong></span> <span class='ocrx_word' id='word_1_418' title='bbox 2977 3254 3131 3308; x_wconf 87' lang='lat' dir='ltr'><strong>libro.</strong></span> 
     </span>
    </p>
   </div>
   <div class='ocr_carea' id='block_1_64' title="bbox 2041 3339 3536 3420">
    <p class='ocr_par' dir='ltr' id='par_1_64' title="bbox 2041 3339 3536 3420">
     <span class='ocr_line' id='line_1_64' title="bbox 2041 3339 3536 3420; baseline 0.009 -28"><span class='ocrx_word' id='word_1_419' title='bbox 2041 3339 2267 3406; x_wconf 87' lang='lat' dir='ltr'><strong>Quando</strong></span> <span class='ocrx_word' id='word_1_420' title='bbox 2314 3344 2477 3414; x_wconf 85' lang='lat' dir='ltr'><strong>igitur</strong></span> <span class='ocrx_word' id='word_1_421' title='bbox 2520 3346 2793 3402; x_wconf 89' lang='lat' dir='ltr'><strong>hominem</strong></span> <span class='ocrx_word' id='word_1_422' title='bbox 2850 3356 3109 3417; x_wconf 77' lang='lat' dir='ltr'><strong>tanquam</strong></span> <span class='ocrx_word' id='word_1_423' title='bbox 3160 3351 3421 3420; x_wconf 71' lang='lat' dir='ltr'><strong>templum</strong></span> <span class='ocrx_word' id='word_1_424' title='bbox 3458 3351 3536 3405; x_wconf 78' lang='lat' dir='ltr'><strong>fa-</strong></span> 
     </span>
    </p>
   </div>
   <div class='ocr_carea' id='block_1_65' title="bbox 1968 3430 3535 3510">
    <p class='ocr_par' dir='ltr' id='par_1_65' title="bbox 1968 3430 3535 3510">
     <span class='ocr_line' id='line_1_65' title="bbox 1968 3430 3535 3510; baseline 0.008 -24"><span class='ocrx_word' id='word_1_425' title='bbox 1968 3430 2240 3489; x_wconf 88' lang='lat' dir='ltr'><strong>bricatum</strong></span> <span class='ocrx_word' id='word_1_426' title='bbox 2260 3432 2498 3491; x_wconf 85' lang='lat' dir='ltr'><strong>Verbum</strong></span> <span class='ocrx_word' id='word_1_427' title='bbox 2561 3439 2834 3509; x_wconf 91' lang='lat' dir='ltr'><strong>gestavit,</strong></span> <span class='ocrx_word' id='word_1_428' title='bbox 2878 3454 3108 3509; x_wconf 89' lang='lat' dir='ltr'><strong>corpore</strong></span> <span class='ocrx_word' id='word_1_429' title='bbox 3140 3441 3357 3510; x_wconf 78' lang='lat' dir='ltr'><strong>quidem</strong></span> <span class='ocrx_word' id='word_1_430' title='bbox 3392 3444 3535 3499; x_wconf 88' lang='lat' dir='ltr'><strong>inter</strong></span> 
     </span>
    </p>
   </div>
   <div class='ocr_carea' id='block_1_66' title="bbox 1970 3522 3533 3592">
    <p class='ocr_par' dir='ltr' id='par_1_66' title="bbox 1970 3522 3533 3592">
     <span class='ocr_line' id='line_1_66' title="bbox 1970 3522 3533 3592; baseline 0.01 -17"><span class='ocrx_word' id='word_1_431' title='bbox 1970 3522 2219 3580; x_wconf 89' lang='lat' dir='ltr'><strong>homines</strong></span> <span class='ocrx_word' id='word_1_432' title='bbox 2242 3538 2517 3582; x_wconf 89' lang='lat' dir='ltr'><strong>versatum</strong></span> <span class='ocrx_word' id='word_1_433' title='bbox 2533 3536 2637 3592; x_wconf 91' lang='lat' dir='ltr'><strong>est,</strong></span> <span class='ocrx_word' id='word_1_434' title='bbox 2656 3525 2807 3581; x_wconf 88' lang='lat' dir='ltr'><strong>varia</strong></span> <span class='ocrx_word' id='word_1_435' title='bbox 2831 3538 3012 3585; x_wconf 70' lang='lat' dir='ltr'><strong>autem</strong></span> <span class='ocrx_word' id='word_1_436' title='bbox 3048 3532 3309 3588; x_wconf 75' lang='lat' dir='ltr'><strong>miracula</strong></span> <span class='ocrx_word' id='word_1_437' title='bbox 3342 3536 3394 3588; x_wconf 90' lang='lat' dir='ltr'><strong>in</strong></span> <span class='ocrx_word' id='word_1_438' title='bbox 3407 3536 3533 3590; x_wconf 72' lang='lat' dir='ltr'><strong>visi-</strong></span> 
     </span>
    </p>
   </div>
   <div class='ocr_carea' id='block_1_67' title="bbox 1966 3613 3535 3697">
    <p class='ocr_par' dir='ltr' id='par_1_67' title="bbox 1966 3613 3535 3697">
     <span class='ocr_line' id='line_1_67' title="bbox 1966 3613 3535 3697; baseline 0.011 -29"><span class='ocrx_word' id='word_1_439' title='bbox 1966 3613 2147 3669; x_wconf 88' lang='lat' dir='ltr'><strong>biliter</strong></span> <span class='ocrx_word' id='word_1_440' title='bbox 2198 3618 2366 3672; x_wconf 90' lang='lat' dir='ltr'><strong>edidit</strong></span> <span class='ocrx_word' id='word_1_441' title='bbox 2421 3629 2475 3676; x_wconf 90' lang='lat' dir='ltr'><strong>et</strong></span> <span class='ocrx_word' id='word_1_442' title='bbox 2504 3623 2780 3692; x_wconf 90' lang='lat' dir='ltr'><strong>apostolos</strong></span> <span class='ocrx_word' id='word_1_443' title='bbox 2826 3625 3014 3678; x_wconf 67' lang='lat' dir='ltr'><strong>aaterni</strong></span> <span class='ocrx_word' id='word_1_444' title='bbox 3066 3625 3218 3697; x_wconf 88' lang='lat' dir='ltr'><strong>regni</strong></span> <span class='ocrx_word' id='word_1_445' title='bbox 3255 3643 3535 3696; x_wconf 62' lang='lat' dir='ltr'><strong>praecones</strong></span> 
     </span>
    </p>
   </div>
   <div class='ocr_carea' id='block_1_68' title="bbox 1967 3707 2134 3763">
    <p class='ocr_par' dir='ltr' id='par_1_68' title="bbox 1967 3707 2134 3763">
     <span class='ocr_line' id='line_1_68' title="bbox 1967 3707 2134 3763; baseline 0.024 -4"><span class='ocrx_word' id='word_1_446' title='bbox 1967 3707 2134 3763; x_wconf 90' lang='lat' dir='ltr'><strong>misit.</strong></span> 
     </span>
    </p>
   </div>
   <div class='ocr_carea' id='block_1_69' title="bbox 1203 3809 2613 3900">
    <p class='ocr_par' dir='ltr' id='par_1_69' title="bbox 1203 3809 2613 3900">
     <span class='ocr_line' id='line_1_69' title="bbox 1203 3809 2613 3900; baseline 0.016 -39"><span class='ocrx_word' id='word_1_447' title='bbox 1203 3809 1358 3878; x_wconf 83' lang='lat' dir='ltr'><strong>Apud</strong></span> <span class='ocrx_word' id='word_1_448' title='bbox 1390 3824 1638 3867; x_wconf 81' lang='lat' dir='ltr'><strong>eumdem</strong></span> <span class='ocrx_word' id='word_1_449' title='bbox 1667 3813 2073 3887; x_wconf 89' lang='lat' dir='ltr'><strong>Theodoritum,</strong></span> <span class='ocrx_word' id='word_1_450' title='bbox 2112 3823 2257 3879; x_wconf 77' lang='lat' dir='ltr'><strong>llial.</strong></span> <span class='ocrx_word' id='word_1_451' title='bbox 2284 3843 2344 3893; x_wconf 87' lang='grc' dir='ltr'><strong>ιι,</strong></span> <span class='ocrx_word' id='word_1_452' title='bbox 2374 3844 2496 3900; x_wconf 89' lang='lat' dir='ltr'><strong>pag.</strong></span> <span class='ocrx_word' id='word_1_453' title='bbox 2524 3829 2613 3886; x_wconf 90' lang='lat'><strong>90.</strong></span> 
     </span>
    </p>
   </div>
   <div class='ocr_carea' id='block_1_70' title="bbox 304 3944 1856 4025">
    <p class='ocr_par' dir='ltr' id='par_1_70' title="bbox 304 3944 1856 4025">
     <span class='ocr_line' id='line_1_70' title="bbox 304 3944 1856 4025; baseline 0.008 -27"><span class='ocrx_word' id='word_1_454' title='bbox 304 3946 407 3998; x_wconf 80' lang='grc' dir='ltr'><strong>Τοῦ</strong></span> <span class='ocrx_word' id='word_1_455' title='bbox 447 3944 654 4025; x_wconf 76' lang='grc' dir='ltr'>αὐτοῦ,</span> <span class='ocrx_word' id='word_1_456' title='bbox 699 3945 767 4025; x_wconf 56' lang='grc' dir='ltr'>ἐκ</span> <span class='ocrx_word' id='word_1_457' title='bbox 808 3945 913 4025; x_wconf 61' lang='grc' dir='ltr'>τοᾷ</span> <span class='ocrx_word' id='word_1_458' title='bbox 957 3948 1294 4025; x_wconf 53' lang='grc' dir='ltr'>λόγοολοῦ</span> <span class='ocrx_word' id='word_1_459' title='bbox 1326 3953 1413 4025; x_wconf 75' lang='grc' dir='ltr'><strong>είς</strong></span> <span class='ocrx_word' id='word_1_460' title='bbox 1464 3954 1546 4025; x_wconf 66' lang='grc' dir='ltr'><strong>ζό⁸</strong></span> <span class='ocrx_word' id='word_1_461' title='bbox 1586 3973 1603 4004; x_wconf 74' lang='grc' dir='ltr'><strong>ι</strong></span> <span class='ocrx_word' id='word_1_462' title='bbox 1642 3956 1856 4025; x_wconf 79' lang='grc' dir='ltr'>Κύριος</span> 
     </span>
    </p>
   </div>
   <div class='ocr_carea' id='block_1_71' title="bbox 560 4015 1584 4085">
    <p class='ocr_par' dir='ltr' id='par_1_71' title="bbox 560 4015 1584 4085">
     <span class='ocr_line' id='line_1_71' title="bbox 560 4015 1584 4085; baseline 0.011 -19"><span class='ocrx_word' id='word_1_463' title='bbox 560 4015 759 4068; x_wconf 80' lang='grc' dir='ltr'>ἑκτισέ</span> <span class='ocrx_word' id='word_1_464' title='bbox 780 4033 857 4084; x_wconf 80' lang='grc' dir='ltr'><strong>με</strong></span> <span class='ocrx_word' id='word_1_465' title='bbox 883 4016 1077 4085; x_wconf 70' lang='grc' dir='ltr'>ἀρχὴν</span> <span class='ocrx_word' id='word_1_466' title='bbox 1112 4017 1266 4070; x_wconf 67' lang='lat' dir='ltr'><em>666n-</em></span> <span class='ocrx_word' id='word_1_467' title='bbox 1309 4015 1513 4076; x_wconf 67' lang='grc' dir='ltr'>αὐτοῦ.</span> <span class='ocrx_word' id='word_1_468' title='bbox 1566 4044 1584 4076; x_wconf 78' lang='grc' dir='ltr'><strong>ι</strong></span> 
     </span>
    </p>
   </div>
   <div class='ocr_carea' id='block_1_72' title="bbox 362 4122 1856 4203">
    <p class='ocr_par' dir='ltr' id='par_1_72' title="bbox 362 4122 1856 4203">
     <span class='ocr_line' id='line_1_72' title="bbox 362 4122 1856 4203; baseline 0.014 -29"><span class='ocrx_word' id='word_1_469' title='bbox 362 4127 436 4179; x_wconf 75' lang='grc' dir='ltr'>υὺ</span> <span class='ocrx_word' id='word_1_470' title='bbox 470 4126 579 4198; x_wconf 84' lang='grc' dir='ltr'><strong>γάρ</strong></span> <span class='ocrx_word' id='word_1_471' title='bbox 612 4122 762 4179; x_wconf 76' lang='grc' dir='ltr'>εἶπεν</span> <span class='ocrx_word' id='word_1_472' title='bbox 791 4129 818 4180; x_wconf 96' lang='lat'><strong>6</strong></span> <span class='ocrx_word' id='word_1_473' title='bbox 850 4128 1059 4192; x_wconf 76' lang='grc' dir='ltr'>Παῦλος</span> <span class='ocrx_word' id='word_1_474' title='bbox 1089 4133 1441 4203; x_wconf 84' lang='grc' dir='ltr'>συμμόρφους</span> <span class='ocrx_word' id='word_1_475' title='bbox 1469 4135 1561 4189; x_wconf 77' lang='grc' dir='ltr'>τοῦ</span> <span class='ocrx_word' id='word_1_476' title='bbox 1603 4138 1731 4193; x_wconf 88' lang='grc' dir='ltr'>Υἱοῦ</span> <span class='ocrx_word' id='word_1_477' title='bbox 1763 4141 1856 4195; x_wconf 78' lang='grc' dir='ltr'>τοῦ</span> 
     </span>
    </p>
   </div>
   <div class='ocr_carea' id='block_1_73' title="bbox 295 4218 1859 4292">
    <p class='ocr_par' dir='ltr' id='par_1_73' title="bbox 295 4218 1859 4292">
     <span class='ocr_line' id='line_1_73' title="bbox 295 4218 1859 4292; baseline 0.011 -22"><span class='ocrx_word' id='word_1_478' title='bbox 295 4220 446 4282; x_wconf 62' lang='grc' dir='ltr'>θεοῦ,</span> <span class='ocrx_word' id='word_1_479' title='bbox 473 4218 607 4272; x_wconf 78' lang='grc' dir='ltr'><strong>ἀλλά</strong></span> <span class='ocrx_word' id='word_1_480' title='bbox 635 4223 1023 4290; x_wconf 62' lang='grc' dir='ltr'>συμμόρφους</span> <span class='ocrx_word' id='word_1_481' title='bbox 1046 4221 1153 4291; x_wconf 84' lang='grc' dir='ltr'>τῆς</span> <span class='ocrx_word' id='word_1_482' title='bbox 1182 4227 1414 4292; x_wconf 76' lang='grc' dir='ltr'>εἰκόνος</span> <span class='ocrx_word' id='word_1_483' title='bbox 1449 4229 1553 4281; x_wconf 85' lang='grc' dir='ltr'>τοῦ</span> <span class='ocrx_word' id='word_1_484' title='bbox 1600 4232 1735 4286; x_wconf 81' lang='grc' dir='ltr'><strong>Υἱοῦ</strong></span> <span class='ocrx_word' id='word_1_485' title='bbox 1759 4237 1859 4288; x_wconf 85' lang='grc' dir='ltr'><strong>αὐ-</strong></span> 
     </span>
    </p>
   </div>
   <div class='ocr_carea' id='block_1_74' title="bbox 1963 3960 3529 4033">
    <p class='ocr_par' dir='ltr' id='par_1_74' title="bbox 1963 3960 3529 4033">
     <span class='ocr_line' id='line_1_74' title="bbox 1963 3960 3529 4033; baseline 0.009 -18"><span class='ocrx_word' id='word_1_486' title='bbox 1963 3960 2238 4033; x_wconf 83' lang='lat' dir='ltr'><strong>Ejusdem,</strong></span> <span class='ocrx_word' id='word_1_487' title='bbox 2270 3982 2334 4021; x_wconf 76' lang='lat' dir='ltr'><strong>ex</strong></span> <span class='ocrx_word' id='word_1_488' title='bbox 2360 3985 2597 4023; x_wconf 77' lang='lat' dir='ltr'><strong>sermone</strong></span> <span class='ocrx_word' id='word_1_489' title='bbox 2628 3986 2677 4022; x_wconf 77' lang='lat' dir='ltr'><strong>in</strong></span> <span class='ocrx_word' id='word_1_490' title='bbox 2706 3968 2837 4022; x_wconf 79' lang='lat' dir='ltr'><strong>illud</strong></span> <span class='ocrx_word' id='word_1_491' title='bbox 2857 3987 2873 4023; x_wconf 93' lang='lat'><em>:</em></span> <span class='ocrx_word' id='word_1_492' title='bbox 2896 3988 2913 4019; x_wconf 87' lang='grc'><em>‹</em></span> <span class='ocrx_word' id='word_1_493' title='bbox 2943 3969 3193 4025; x_wconf 83' lang='lat' dir='ltr'><strong>Dominus</strong></span> <span class='ocrx_word' id='word_1_494' title='bbox 3228 3976 3417 4027; x_wconf 79' lang='lat' dir='ltr'><strong>creavit</strong></span> <span class='ocrx_word' id='word_1_495' title='bbox 3450 3993 3529 4030; x_wconf 87' lang='lat' dir='ltr'><strong>me</strong></span> 
     </span>
    </p>
   </div>
   <div class='ocr_carea' id='block_1_75' title="bbox 2348 4040 3098 4094">
    <p class='ocr_par' dir='ltr' id='par_1_75' title="bbox 2348 4040 3098 4094">
     <span class='ocr_line' id='line_1_75' title="bbox 2348 4040 3098 4094; baseline 0.003 -2"><span class='ocrx_word' id='word_1_496' title='bbox 2348 4040 2555 4093; x_wconf 80' lang='lat' dir='ltr'><strong>initium</strong></span> <span class='ocrx_word' id='word_1_497' title='bbox 2579 4041 2778 4094; x_wconf 80' lang='lat' dir='ltr'><strong>viarum</strong></span> <span class='ocrx_word' id='word_1_498' title='bbox 2809 4057 3049 4094; x_wconf 83' lang='lat' dir='ltr'><strong>suarum.</strong></span> <span class='ocrx_word' id='word_1_499' title='bbox 3080 4062 3098 4094; x_wconf 68' lang='grc' dir='ltr'><strong>ι</strong></span> 
     </span>
    </p>
   </div>
   <div class='ocr_carea' id='block_1_76' title="bbox 2032 4124 3525 4199">
    <p class='ocr_par' dir='ltr' id='par_1_76' title="bbox 2032 4124 3525 4199">
     <span class='ocr_line' id='line_1_76' title="bbox 2032 4124 3525 4199; baseline 0.009 -20"><span class='ocrx_word' id='word_1_500' title='bbox 2032 4124 2150 4179; x_wconf 89' lang='lat' dir='ltr'><strong>Non</strong></span> <span class='ocrx_word' id='word_1_501' title='bbox 2182 4128 2327 4181; x_wconf 89' lang='lat' dir='ltr'><strong>enim</strong></span> <span class='ocrx_word' id='word_1_502' title='bbox 2361 4129 2499 4183; x_wconf 81' lang='lat' dir='ltr'><strong>dixit</strong></span> <span class='ocrx_word' id='word_1_503' title='bbox 2532 4129 2755 4193; x_wconf 89' lang='lat' dir='ltr'><strong>Paulus,</strong></span> <span class='ocrx_word' id='word_1_504' title='bbox 2789 4131 3096 4188; x_wconf 82' lang='lat' dir='ltr'><strong>conformes</strong></span> <span class='ocrx_word' id='word_1_505' title='bbox 3118 4130 3253 4189; x_wconf 87' lang='lat' dir='ltr'><strong>Filio</strong></span> <span class='ocrx_word' id='word_1_506' title='bbox 3284 4130 3399 4199; x_wconf 88' lang='lat' dir='ltr'><strong>Dei,</strong></span> <span class='ocrx_word' id='word_1_507' title='bbox 3431 4138 3525 4191; x_wconf 91' lang='lat' dir='ltr'><strong>sed</strong></span> 
     </span>
    </p>
   </div>
   <div class='ocr_carea' id='block_1_77' title="bbox 1964 4216 3525 4289">
    <p class='ocr_par' dir='ltr' id='par_1_77' title="bbox 1964 4216 3525 4289">
     <span class='ocr_line' id='line_1_77' title="bbox 1964 4216 3525 4289; baseline 0.007 -21"><span class='ocrx_word' id='word_1_508' title='bbox 1964 4216 2257 4283; x_wconf 80' lang='lat' dir='ltr'><strong>conformes</strong></span> <span class='ocrx_word' id='word_1_509' title='bbox 2283 4217 2571 4289; x_wconf 60' lang='lat' dir='ltr'><strong>imagini-1“</strong></span> <span class='ocrx_word' id='word_1_510' title='bbox 2574 4219 2652 4271; x_wconf 77' lang='lat' dir='ltr'><strong>ilii</strong></span> <span class='ocrx_word' id='word_1_511' title='bbox 2683 4219 2847 4286; x_wconf 79' lang='lat' dir='ltr'><strong>ipsius</strong></span> <span class='ocrx_word' id='word_1_512' title='bbox 2872 4219 2948 4271; x_wconf 70' lang='lat'><strong>78:</strong></span> <span class='ocrx_word' id='word_1_513' title='bbox 2993 4220 3137 4272; x_wconf 90' lang='lat' dir='ltr'><strong>aliud</strong></span> <span class='ocrx_word' id='word_1_514' title='bbox 3172 4221 3375 4277; x_wconf 91' lang='lat' dir='ltr'><strong>docens</strong></span> <span class='ocrx_word' id='word_1_515' title='bbox 3404 4238 3525 4279; x_wconf 83' lang='lat' dir='ltr'><strong>esse</strong></span> 
     </span>
    </p>
   </div>
   <div class='ocr_carea' id='block_1_78' title="bbox 296 4290 1862 4385">
    <p class='ocr_par' dir='ltr' id='par_1_78' title="bbox 296 4290 1851 4385">
     <span class='ocr_line' id='line_1_78' title="bbox 296 4290 1851 4385; baseline 0.01 -22"><span class='ocrx_word' id='word_1_516' title='bbox 296 4313 428 4365; x_wconf 69' lang='grc' dir='ltr'>τοῦ*</span> <span class='ocrx_word' id='word_1_517' title='bbox 472 4313 600 4367; x_wconf 82' lang='grc' dir='ltr'>ἄλλο</span> <span class='ocrx_word' id='word_1_518' title='bbox 638 4312 735 4383; x_wconf 81' lang='grc' dir='ltr'>μέν</span> <span class='ocrx_word' id='word_1_519' title='bbox 764 4331 816 4366; x_wconf 89' lang='grc' dir='ltr'><strong>τι</strong></span> <span class='ocrx_word' id='word_1_520' title='bbox 847 4314 1101 4367; x_wconf 85' lang='grc' dir='ltr'>δεικνύων</span> <span class='ocrx_word' id='word_1_521' title='bbox 1134 4316 1224 4367; x_wconf 83' lang='grc' dir='ltr'>τὸν</span> <span class='ocrx_word' id='word_1_522' title='bbox 1260 4290 1401 4371; x_wconf 16' lang='grc' dir='ltr'>Υίὸνῗ</span> <span class='ocrx_word' id='word_1_523' title='bbox 1428 4314 1585 4385; x_wconf 77' lang='grc' dir='ltr'>εἶναι,</span> <span class='ocrx_word' id='word_1_524' title='bbox 1632 4323 1759 4378; x_wconf 81' lang='grc' dir='ltr'>ἀλλο</span> <span class='ocrx_word' id='word_1_525' title='bbox 1794 4326 1851 4378; x_wconf 83' lang='grc' dir='ltr'>δὲ</span> 
     </span>
    </p>
   </div>
   <div class='ocr_carea' id='block_1_79' title="bbox 1969 4290 3520 4385">
    <p class='ocr_par' dir='ltr' id='par_1_79' title="bbox 1969 4304 3520 4380">
     <span class='ocr_line' id='line_1_79' title="bbox 1969 4304 3520 4380; baseline 0.005 -20"><span class='ocrx_word' id='word_1_526' title='bbox 1969 4304 2158 4363; x_wconf 82' lang='lat' dir='ltr'><strong>Filium</strong></span> <span class='ocrx_word' id='word_1_527' title='bbox 2182 4309 2296 4374; x_wconf 88' lang='lat' dir='ltr'><strong>Dei,</strong></span> <span class='ocrx_word' id='word_1_528' title='bbox 2316 4311 2461 4364; x_wconf 89' lang='lat' dir='ltr'><strong>aliud</strong></span> <span class='ocrx_word' id='word_1_529' title='bbox 2489 4310 2775 4380; x_wconf 88' lang='lat' dir='ltr'><strong>imaginem</strong></span> <span class='ocrx_word' id='word_1_530' title='bbox 2806 4309 2945 4379; x_wconf 87' lang='lat' dir='ltr'><strong>ejus.</strong></span> <span class='ocrx_word' id='word_1_531' title='bbox 2978 4310 3111 4364; x_wconf 84' lang='lat' dir='ltr'><strong>Nam</strong></span> <span class='ocrx_word' id='word_1_532' title='bbox 3146 4310 3316 4367; x_wconf 90' lang='lat' dir='ltr'><strong>Filius</strong></span> <span class='ocrx_word' id='word_1_533' title='bbox 3340 4314 3520 4369; x_wconf 86' lang='lat' dir='ltr'><strong>divina</strong></span> 
     </span>
    </p>
   </div>
   <div class='ocr_carea' id='block_1_80' title="bbox 296 4404 1859 4486">
    <p class='ocr_par' dir='ltr' id='par_1_80' title="bbox 296 4404 1859 4486">
     <span class='ocr_line' id='line_1_80' title="bbox 296 4404 1859 4486; baseline 0.01 -31"><span class='ocrx_word' id='word_1_534' title='bbox 296 4404 387 4473; x_wconf 81' lang='grc' dir='ltr'>τὴν</span> <span class='ocrx_word' id='word_1_535' title='bbox 418 4406 602 4457; x_wconf 83' lang='grc' dir='ltr'>εἰκόνα</span> <span class='ocrx_word' id='word_1_536' title='bbox 646 4404 827 4458; x_wconf 81' lang='grc' dir='ltr'>αὐτοῦ·</span> <span class='ocrx_word' id='word_1_537' title='bbox 873 4407 900 4458; x_wconf 85' lang='lat'><strong>6</strong></span> <span class='ocrx_word' id='word_1_538' title='bbox 930 4406 1027 4476; x_wconf 84' lang='grc' dir='ltr'><strong>μὲν</strong></span> <span class='ocrx_word' id='word_1_539' title='bbox 1061 4408 1165 4481; x_wconf 87' lang='grc' dir='ltr'><strong>γάρ</strong></span> <span class='ocrx_word' id='word_1_540' title='bbox 1197 4409 1343 4472; x_wconf 79' lang='grc' dir='ltr'>Υἱὸς,</span> <span class='ocrx_word' id='word_1_541' title='bbox 1373 4411 1437 4464; x_wconf 79' lang='grc' dir='ltr'><strong>τὰ</strong></span> <span class='ocrx_word' id='word_1_542' title='bbox 1467 4413 1585 4467; x_wconf 89' lang='grc' dir='ltr'>θεῖα</span> <span class='ocrx_word' id='word_1_543' title='bbox 1628 4416 1725 4486; x_wconf 82' lang='grc' dir='ltr'><strong>τῆς</strong></span> <span class='ocrx_word' id='word_1_544' title='bbox 1759 4435 1859 4470; x_wconf 90' lang='grc' dir='ltr'>πα-</span> 
     </span>
    </p>
   </div>
   <div class='ocr_carea' id='block_1_81' title="bbox 295 4496 1857 4572">
    <p class='ocr_par' dir='ltr' id='par_1_81' title="bbox 295 4496 1857 4572">
     <span class='ocr_line' id='line_1_81' title="bbox 295 4496 1857 4572; baseline 0.011 -25"><span class='ocrx_word' id='word_1_545' title='bbox 295 4496 471 4566; x_wconf 77' lang='grc' dir='ltr'>τρῴας</span> <span class='ocrx_word' id='word_1_546' title='bbox 516 4497 712 4567; x_wconf 76' lang='grc' dir='ltr'>ἀρετῆς</span> <span class='ocrx_word' id='word_1_547' title='bbox 751 4499 1101 4569; x_wconf 87' lang='grc' dir='ltr'>γνωρίσματα</span> <span class='ocrx_word' id='word_1_548' title='bbox 1146 4501 1348 4572; x_wconf 84' lang='grc' dir='ltr'>φέρων,</span> <span class='ocrx_word' id='word_1_549' title='bbox 1401 4506 1561 4560; x_wconf 87' lang='grc' dir='ltr'>είκὼν</span> <span class='ocrx_word' id='word_1_550' title='bbox 1606 4508 1719 4561; x_wconf 76' lang='grc' dir='ltr'>ἐστι</span> <span class='ocrx_word' id='word_1_551' title='bbox 1764 4509 1857 4563; x_wconf 78' lang='grc' dir='ltr'>τοῦ</span> 
     </span>
    </p>
   </div>
   <div class='ocr_carea' id='block_1_82' title="bbox 296 4588 1854 4670">
    <p class='ocr_par' dir='ltr' id='par_1_82' title="bbox 296 4588 1854 4670">
     <span class='ocr_line' id='line_1_82' title="bbox 296 4588 1854 4670; baseline 0.011 -32"><span class='ocrx_word' id='word_1_552' title='bbox 296 4588 522 4659; x_wconf 69' lang='grc' dir='ltr'>Ματρὸς,</span> <span class='ocrx_word' id='word_1_553' title='bbox 566 4589 753 4660; x_wconf 77' lang='grc' dir='ltr'>ἐπειδὴ</span> <span class='ocrx_word' id='word_1_554' title='bbox 801 4592 895 4643; x_wconf 75' lang='grc' dir='ltr'><strong>καὶ</strong></span> <span class='ocrx_word' id='word_1_555' title='bbox 936 4591 1107 4660; x_wconf 83' lang='grc' dir='ltr'>ὅμοιοι</span> <span class='ocrx_word' id='word_1_556' title='bbox 1151 4591 1210 4657; x_wconf 77' lang='grc' dir='ltr'>ἐξ</span> <span class='ocrx_word' id='word_1_557' title='bbox 1259 4595 1460 4665; x_wconf 89' lang='grc' dir='ltr'>ὁμοίων</span> <span class='ocrx_word' id='word_1_558' title='bbox 1508 4600 1854 4670; x_wconf 85' lang='grc' dir='ltr'>γεννώμενοι,</span> 
     </span>
    </p>
   </div>
   <div class='ocr_carea' id='block_1_83' title="bbox 296 4681 1856 4763">
    <p class='ocr_par' dir='ltr' id='par_1_83' title="bbox 296 4681 1856 4763">
     <span class='ocr_line' id='line_1_83' title="bbox 296 4681 1856 4763; baseline 0.01 -32"><span class='ocrx_word' id='word_1_559' title='bbox 296 4681 497 4743; x_wconf 86' lang='grc' dir='ltr'>είκόνες</span> <span class='ocrx_word' id='word_1_560' title='bbox 549 4682 597 4732; x_wconf 87' lang='grc' dir='ltr'><strong>οί</strong></span> <span class='ocrx_word' id='word_1_561' title='bbox 656 4681 959 4752; x_wconf 90' lang='grc' dir='ltr'>τικτόμενοι</span> <span class='ocrx_word' id='word_1_562' title='bbox 1016 4684 1295 4751; x_wconf 87' lang='grc' dir='ltr'>φαίνονται</span> <span class='ocrx_word' id='word_1_563' title='bbox 1353 4687 1460 4740; x_wconf 83' lang='grc' dir='ltr'><strong>τῶν</strong></span> <span class='ocrx_word' id='word_1_564' title='bbox 1519 4692 1856 4763; x_wconf 86' lang='grc' dir='ltr'>γεννητόρων</span> 
     </span>
    </p>
   </div>
   <div class='ocr_carea' id='block_1_84' title="bbox 295 4770 1853 4847">
    <p class='ocr_par' dir='ltr' id='par_1_84' title="bbox 295 4770 1853 4847">
     <span class='ocr_line' id='line_1_84' title="bbox 295 4770 1853 4847; baseline 0.007 -25"><span class='ocrx_word' id='word_1_565' title='bbox 295 4770 528 4840; x_wconf 82' lang='grc' dir='ltr'>ἀληθεῖς.</span> <span class='ocrx_word' id='word_1_566' title='bbox 579 4770 636 4824; x_wconf 86' lang='lat'><strong>&#39;0</strong></span> <span class='ocrx_word' id='word_1_567' title='bbox 664 4771 721 4824; x_wconf 81' lang='grc' dir='ltr'>δὲ</span> <span class='ocrx_word' id='word_1_568' title='bbox 768 4770 1069 4842; x_wconf 82' lang='grc' dir='ltr'>ἄνθρωπος,</span> <span class='ocrx_word' id='word_1_569' title='bbox 1106 4773 1165 4824; x_wconf 85' lang='grc' dir='ltr'>ὃν</span> <span class='ocrx_word' id='word_1_570' title='bbox 1208 4775 1494 4847; x_wconf 82' lang='grc' dir='ltr'>ὲφόρησεν,</span> <span class='ocrx_word' id='word_1_571' title='bbox 1533 4778 1693 4832; x_wconf 86' lang='grc' dir='ltr'>είκών</span> <span class='ocrx_word' id='word_1_572' title='bbox 1736 4781 1853 4833; x_wconf 82' lang='grc' dir='ltr'>ἐστι</span> 
     </span>
    </p>
   </div>
   <div class='ocr_carea' id='block_1_85' title="bbox 292 4862 1853 4941">
    <p class='ocr_par' dir='ltr' id='par_1_85' title="bbox 292 4862 1853 4941">
     <span class='ocr_line' id='line_1_85' title="bbox 292 4862 1853 4941; baseline 0.006 -25"><span class='ocrx_word' id='word_1_573' title='bbox 292 4864 383 4917; x_wconf 80' lang='grc' dir='ltr'>τοῦ</span> <span class='ocrx_word' id='word_1_574' title='bbox 440 4863 570 4916; x_wconf 84' lang='grc' dir='ltr'>Υἱοῦ</span> <span class='ocrx_word' id='word_1_575' title='bbox 592 4903 605 4925; x_wconf 93' lang='grc'><strong>,</strong></span> <span class='ocrx_word' id='word_1_576' title='bbox 658 4862 749 4916; x_wconf 81' lang='grc' dir='ltr'>τοῦ</span> <span class='ocrx_word' id='word_1_577' title='bbox 802 4863 895 4916; x_wconf 81' lang='grc' dir='ltr'><strong>καὶ</strong></span> <span class='ocrx_word' id='word_1_578' title='bbox 948 4862 1007 4928; x_wconf 80' lang='grc' dir='ltr'>ἐξ</span> <span class='ocrx_word' id='word_1_579' title='bbox 1069 4866 1333 4935; x_wconf 86' lang='grc' dir='ltr'>ἀνομοίων</span> <span class='ocrx_word' id='word_1_580' title='bbox 1392 4872 1853 4941; x_wconf 84' lang='grc' dir='ltr'>κηρογραφεῖσθαι</span> 
     </span>
    </p>
   </div>
   <div class='ocr_carea' id='block_1_86' title="bbox 293 4954 1851 5034">
    <p class='ocr_par' dir='ltr' id='par_1_86' title="bbox 293 4954 1851 5034">
     <span class='ocr_line' id='line_1_86' title="bbox 293 4954 1851 5034; baseline 0.004 -26"><span class='ocrx_word' id='word_1_581' title='bbox 293 4955 596 5027; x_wconf 79' lang='grc' dir='ltr'>χρωμάτων</span> <span class='ocrx_word' id='word_1_582' title='bbox 633 4957 873 5017; x_wconf 79' lang='grc' dir='ltr'>εἰκόνας·</span> <span class='ocrx_word' id='word_1_583' title='bbox 912 4955 1005 5007; x_wconf 77' lang='grc' dir='ltr'><strong>καὶ</strong></span> <span class='ocrx_word' id='word_1_584' title='bbox 1036 4955 1135 5019; x_wconf 81' lang='grc' dir='ltr'>τὰς</span> <span class='ocrx_word' id='word_1_585' title='bbox 1171 4956 1268 5027; x_wconf 83' lang='grc' dir='ltr'><strong>μὲν</strong></span> <span class='ocrx_word' id='word_1_586' title='bbox 1310 4954 1446 5011; x_wconf 80' lang='grc' dir='ltr'>εἶναι</span> <span class='ocrx_word' id='word_1_587' title='bbox 1488 4959 1629 5013; x_wconf 84' lang='grc' dir='ltr'>θέσει</span> <span class='ocrx_word' id='word_1_588' title='bbox 1674 4980 1851 5034; x_wconf 87' lang='grc' dir='ltr'>χειρο-</span> 
     </span>
    </p>
   </div>
   <div class='ocr_carea' id='block_1_87' title="bbox 292 5046 1849 5123">
    <p class='ocr_par' dir='ltr' id='par_1_87' title="bbox 292 5046 1849 5123">
     <span class='ocr_line' id='line_1_87' title="bbox 292 5046 1849 5123; baseline 0.008 -27"><span class='ocrx_word' id='word_1_589' title='bbox 292 5048 566 5111; x_wconf 78' lang='grc' dir='ltr'>τεύκτους,</span> <span class='ocrx_word' id='word_1_590' title='bbox 592 5046 691 5109; x_wconf 78' lang='grc' dir='ltr'>τὰς</span> <span class='ocrx_word' id='word_1_591' title='bbox 731 5047 784 5100; x_wconf 85' lang='grc' dir='ltr'>δὲ</span> <span class='ocrx_word' id='word_1_592' title='bbox 820 5046 976 5116; x_wconf 82' lang='grc' dir='ltr'>φύσει</span> <span class='ocrx_word' id='word_1_593' title='bbox 1006 5048 1098 5100; x_wconf 76' lang='grc' dir='ltr'><strong>καὶ</strong></span> <span class='ocrx_word' id='word_1_594' title='bbox 1141 5049 1415 5120; x_wconf 80' lang='grc' dir='ltr'>ὁμοιότητι</span> <span class='ocrx_word' id='word_1_595' title='bbox 1462 5054 1849 5123; x_wconf 81' lang='grc' dir='ltr'>γεγενημένας.</span> 
     </span>
    </p>
   </div>
   <div class='ocr_carea' id='block_1_88' title="bbox 298 5138 1853 5211">
    <p class='ocr_par' dir='ltr' id='par_1_88' title="bbox 298 5138 1853 5211">
     <span class='ocr_line' id='line_1_88' title="bbox 298 5138 1853 5211; baseline 0.003 -18"><span class='ocrx_word' id='word_1_596' title='bbox 298 5140 498 5202; x_wconf 74' lang='grc' dir='ltr'>Ἄλλως</span> <span class='ocrx_word' id='word_1_597' title='bbox 531 5156 589 5191; x_wconf 89' lang='grc' dir='ltr'><strong>τε</strong></span> <span class='ocrx_word' id='word_1_598' title='bbox 632 5139 724 5192; x_wconf 74' lang='grc' dir='ltr'><strong>καὶ</strong></span> <span class='ocrx_word' id='word_1_599' title='bbox 765 5139 923 5203; x_wconf 82' lang='grc' dir='ltr'>αὐτὸς</span> <span class='ocrx_word' id='word_1_600' title='bbox 960 5141 988 5191; x_wconf 93' lang='lat'><strong>6</strong></span> <span class='ocrx_word' id='word_1_601' title='bbox 1021 5139 1122 5208; x_wconf 78' lang='grc' dir='ltr'><strong>τῆς</strong></span> <span class='ocrx_word' id='word_1_602' title='bbox 1154 5138 1405 5210; x_wconf 84' lang='grc' dir='ltr'>ἀληθείας</span> <span class='ocrx_word' id='word_1_603' title='bbox 1452 5141 1594 5194; x_wconf 77' lang='grc' dir='ltr'>τοῦθ’</span> <span class='ocrx_word' id='word_1_604' title='bbox 1649 5144 1853 5211; x_wconf 87' lang='grc' dir='ltr'>ὑπαγο-</span> 
     </span>
    </p>
   </div>
   <div class='ocr_carea' id='block_1_89' title="bbox 294 5228 1852 5304">
    <p class='ocr_par' dir='ltr' id='par_1_89' title="bbox 294 5228 1852 5304">
     <span class='ocr_line' id='line_1_89' title="bbox 294 5228 1852 5304; baseline 0.003 -21"><span class='ocrx_word' id='word_1_605' title='bbox 294 5230 436 5302; x_wconf 84' lang='grc' dir='ltr'>ρεύει</span> <span class='ocrx_word' id='word_1_606' title='bbox 488 5230 704 5300; x_wconf 89' lang='grc' dir='ltr'>θεσμός.</span> <span class='ocrx_word' id='word_1_607' title='bbox 757 5231 831 5283; x_wconf 85' lang='grc' dir='ltr'><strong>Οὐ</strong></span> <span class='ocrx_word' id='word_1_608' title='bbox 897 5228 1003 5302; x_wconf 85' lang='grc' dir='ltr'>γὰρ</span> <span class='ocrx_word' id='word_1_609' title='bbox 1058 5230 1117 5283; x_wconf 82' lang='grc' dir='ltr'>τὸ</span> <span class='ocrx_word' id='word_1_610' title='bbox 1172 5230 1461 5301; x_wconf 83' lang='grc' dir='ltr'>ἀσώματον</span> <span class='ocrx_word' id='word_1_611' title='bbox 1506 5233 1603 5304; x_wconf 84' lang='grc' dir='ltr'>τῆς</span> <span class='ocrx_word' id='word_1_612' title='bbox 1662 5237 1852 5304; x_wconf 86' lang='grc' dir='ltr'>σοφίας</span> 
     </span>
    </p>
   </div>
   <div class='ocr_carea' id='block_1_90' title="bbox 293 5322 1852 5398">
    <p class='ocr_par' dir='ltr' id='par_1_90' title="bbox 293 5322 1852 5398">
     <span class='ocr_line' id='line_1_90' title="bbox 293 5322 1852 5398; baseline 0.004 -23"><span class='ocrx_word' id='word_1_613' title='bbox 293 5324 503 5394; x_wconf 78' lang='grc' dir='ltr'>πνεῦμα</span> <span class='ocrx_word' id='word_1_614' title='bbox 576 5322 892 5394; x_wconf 76' lang='grc' dir='ltr'>σύμμορφον</span> <span class='ocrx_word' id='word_1_615' title='bbox 968 5326 1081 5387; x_wconf 86' lang='grc' dir='ltr'>τοῖς</span> <span class='ocrx_word' id='word_1_616' title='bbox 1155 5326 1484 5394; x_wconf 84' lang='grc' dir='ltr'>σωματικοῖς</span> <span class='ocrx_word' id='word_1_617' title='bbox 1545 5326 1852 5398; x_wconf 86' lang='grc' dir='ltr'>ἀνθρώποις</span> 
     </span>
    </p>
   </div>
   <div class='ocr_carea' id='block_1_91' title="bbox 293 5413 1850 5490">
    <p class='ocr_par' dir='ltr' id='par_1_91' title="bbox 293 5413 1850 5490">
     <span class='ocr_line' id='line_1_91' title="bbox 293 5413 1850 5490; baseline 0.005 -25"><span class='ocrx_word' id='word_1_618' title='bbox 293 5415 457 5477; x_wconf 68' lang='grc' dir='ltr'>ἐστὶν,</span> <span class='ocrx_word' id='word_1_619' title='bbox 493 5413 607 5469; x_wconf 79' lang='grc' dir='ltr'>ἀλλ’</span> <span class='ocrx_word' id='word_1_620' title='bbox 639 5416 666 5467; x_wconf 90' lang='lat'><strong>6</strong></span> <span class='ocrx_word' id='word_1_621' title='bbox 702 5415 779 5485; x_wconf 80' lang='grc' dir='ltr'>τῷ</span> <span class='ocrx_word' id='word_1_622' title='bbox 822 5414 1088 5485; x_wconf 86' lang='grc' dir='ltr'>πνεύματι</span> <span class='ocrx_word' id='word_1_623' title='bbox 1129 5416 1599 5488; x_wconf 80' lang='grc' dir='ltr'>σωματοποιηθεὶς</span> <span class='ocrx_word' id='word_1_624' title='bbox 1642 5418 1850 5490; x_wconf 84' lang='grc' dir='ltr'>ἄνθρω-</span> 
     </span>
    </p>
   </div>
   <div class='ocr_carea' id='block_1_92' title="bbox 1956 4402 3519 4472">
    <p class='ocr_par' dir='ltr' id='par_1_92' title="bbox 1956 4402 3519 4472">
     <span class='ocr_line' id='line_1_92' title="bbox 1956 4402 3519 4472; baseline 0.004 -18"><span class='ocrx_word' id='word_1_625' title='bbox 1956 4411 2192 4472; x_wconf 68' lang='lat' dir='ltr'><strong>paternae</strong></span> <span class='ocrx_word' id='word_1_626' title='bbox 2216 4402 2433 4457; x_wconf 90' lang='lat' dir='ltr'><strong>virtutis</strong></span> <span class='ocrx_word' id='word_1_627' title='bbox 2497 4403 2729 4472; x_wconf 85' lang='lat' dir='ltr'><strong>insignia</strong></span> <span class='ocrx_word' id='word_1_628' title='bbox 2755 4417 2972 4471; x_wconf 85' lang='lat' dir='ltr'><strong>gerens,</strong></span> <span class='ocrx_word' id='word_1_629' title='bbox 3004 4403 3181 4472; x_wconf 81' lang='lat' dir='ltr'><strong>imago</strong></span> <span class='ocrx_word' id='word_1_630' title='bbox 3202 4412 3286 4459; x_wconf 87' lang='lat' dir='ltr'><strong>est</strong></span> <span class='ocrx_word' id='word_1_631' title='bbox 3304 4402 3519 4471; x_wconf 85' lang='lat' dir='ltr'><strong>Patris;</strong></span> 
     </span>
    </p>
   </div>
   <div class='ocr_carea' id='block_1_93' title="bbox 1954 4494 3521 4567">
    <p class='ocr_par' dir='ltr' id='par_1_93' title="bbox 1954 4494 3521 4567">
     <span class='ocr_line' id='line_1_93' title="bbox 1954 4494 3521 4567; baseline 0.002 -18"><span class='ocrx_word' id='word_1_632' title='bbox 1954 4495 2081 4565; x_wconf 93' lang='lat' dir='ltr'><strong>quia</strong></span> <span class='ocrx_word' id='word_1_633' title='bbox 2114 4496 2318 4550; x_wconf 89' lang='lat' dir='ltr'><strong>similes</strong></span> <span class='ocrx_word' id='word_1_634' title='bbox 2349 4511 2415 4549; x_wconf 74' lang='lat' dir='ltr'><strong>ex</strong></span> <span class='ocrx_word' id='word_1_635' title='bbox 2442 4496 2713 4550; x_wconf 81' lang='lat' dir='ltr'><strong>similibus</strong></span> <span class='ocrx_word' id='word_1_636' title='bbox 2739 4494 2926 4564; x_wconf 87' lang='lat' dir='ltr'><strong>geniti,</strong></span> <span class='ocrx_word' id='word_1_637' title='bbox 2955 4510 3095 4549; x_wconf 73' lang='lat' dir='ltr'><strong>vera:</strong></span> <span class='ocrx_word' id='word_1_638' title='bbox 3132 4495 3395 4567; x_wconf 88' lang='lat' dir='ltr'><strong>imagines</strong></span> <span class='ocrx_word' id='word_1_639' title='bbox 3425 4497 3521 4553; x_wconf 84' lang='lat' dir='ltr'><strong>ﬁlii</strong></span> 
     </span>
    </p>
   </div>
   <div class='ocr_carea' id='block_1_94' title="bbox 1954 4580 3523 4661">
    <p class='ocr_par' dir='ltr' id='par_1_94' title="bbox 1954 4580 3523 4661">
     <span class='ocr_line' id='line_1_94' title="bbox 1954 4580 3523 4661; baseline -0.001 -16"><span class='ocrx_word' id='word_1_640' title='bbox 1954 4598 2083 4646; x_wconf 89' lang='lat' dir='ltr'><strong>sunt</strong></span> <span class='ocrx_word' id='word_1_641' title='bbox 2128 4595 2433 4659; x_wconf 89' lang='lat' dir='ltr'><strong>parentum.</strong></span> <span class='ocrx_word' id='word_1_642' title='bbox 2470 4587 2644 4642; x_wconf 85' lang='lat' dir='ltr'><strong>Homo</strong></span> <span class='ocrx_word' id='word_1_643' title='bbox 2687 4605 2815 4644; x_wconf 86' lang='lat' dir='ltr'><strong>vero</strong></span> <span class='ocrx_word' id='word_1_644' title='bbox 2848 4605 3007 4660; x_wconf 91' lang='lat' dir='ltr'><strong>quem</strong></span> <span class='ocrx_word' id='word_1_645' title='bbox 3049 4580 3300 4661; x_wconf 87' lang='lat' dir='ltr'><strong>gestavit,</strong></span> <span class='ocrx_word' id='word_1_646' title='bbox 3344 4590 3523 4661; x_wconf 92' lang='lat' dir='ltr'><strong>imago</strong></span> 
     </span>
    </p>
   </div>
   <div class='ocr_carea' id='block_1_95' title="bbox 1950 4681 3521 4751">
    <p class='ocr_par' dir='ltr' id='par_1_95' title="bbox 1950 4681 3521 4751">
     <span class='ocr_line' id='line_1_95' title="bbox 1950 4681 3521 4751; baseline 0 -15"><span class='ocrx_word' id='word_1_647' title='bbox 1950 4689 2035 4736; x_wconf 90' lang='lat' dir='ltr'><strong>est</strong></span> <span class='ocrx_word' id='word_1_648' title='bbox 2052 4682 2205 4745; x_wconf 87' lang='lat' dir='ltr'><strong>Filii;</strong></span> <span class='ocrx_word' id='word_1_649' title='bbox 2261 4681 2518 4749; x_wconf 88' lang='lat' dir='ltr'><strong>quoniam</strong></span> <span class='ocrx_word' id='word_1_650' title='bbox 2555 4688 2608 4736; x_wconf 89' lang='lat' dir='ltr'><strong>et</strong></span> <span class='ocrx_word' id='word_1_651' title='bbox 2636 4697 2703 4736; x_wconf 82' lang='lat' dir='ltr'><strong>ex</strong></span> <span class='ocrx_word' id='word_1_652' title='bbox 2731 4682 3091 4738; x_wconf 88' lang='lat' dir='ltr'><strong>dissimilibus</strong></span> <span class='ocrx_word' id='word_1_653' title='bbox 3127 4682 3422 4751; x_wconf 87' lang='lat' dir='ltr'><strong>pinguntur</strong></span> <span class='ocrx_word' id='word_1_654' title='bbox 3462 4682 3521 4736; x_wconf 84' lang='lat' dir='ltr'><strong>in</strong></span> 
     </span>
    </p>
   </div>
   <div class='ocr_carea' id='block_1_96' title="bbox 1957 4772 3521 4844">
    <p class='ocr_par' dir='ltr' id='par_1_96' title="bbox 1957 4772 3521 4844">
     <span class='ocr_line' id='line_1_96' title="bbox 1957 4772 3521 4844; baseline -0.001 -18"><span class='ocrx_word' id='word_1_655' title='bbox 1957 4786 2082 4827; x_wconf 88' lang='lat' dir='ltr'><strong>cera</strong></span> <span class='ocrx_word' id='word_1_656' title='bbox 2102 4772 2380 4827; x_wconf 87' lang='lat' dir='ltr'><strong>coloribus</strong></span> <span class='ocrx_word' id='word_1_657' title='bbox 2400 4774 2662 4844; x_wconf 87' lang='lat' dir='ltr'><strong>imagines</strong></span> <span class='ocrx_word' id='word_1_658' title='bbox 2699 4793 2711 4829; x_wconf 90' lang='lat'><strong>:</strong></span> <span class='ocrx_word' id='word_1_659' title='bbox 2760 4784 2813 4829; x_wconf 90' lang='lat' dir='ltr'><strong>et</strong></span> <span class='ocrx_word' id='word_1_660' title='bbox 2843 4775 2924 4829; x_wconf 65' lang='lat' dir='ltr'><strong>ha:</strong></span> <span class='ocrx_word' id='word_1_661' title='bbox 2958 4774 3174 4844; x_wconf 87' lang='lat' dir='ltr'><strong>quidem</strong></span> <span class='ocrx_word' id='word_1_662' title='bbox 3206 4789 3366 4826; x_wconf 87' lang='lat' dir='ltr'><strong>manu</strong></span> <span class='ocrx_word' id='word_1_663' title='bbox 3410 4772 3521 4827; x_wconf 78' lang='lat' dir='ltr'><strong>for-</strong></span> 
     </span>
    </p>
   </div>
   <div class='ocr_carea' id='block_1_97' title="bbox 1958 4863 3520 4929">
    <p class='ocr_par' dir='ltr' id='par_1_97' title="bbox 1958 4863 3520 4929">
     <span class='ocr_line' id='line_1_97' title="bbox 1958 4863 3520 4929; baseline 0 -11"><span class='ocrx_word' id='word_1_664' title='bbox 1958 4874 2194 4929; x_wconf 90' lang='lat' dir='ltr'><strong>mantur,</strong></span> <span class='ocrx_word' id='word_1_665' title='bbox 2211 4865 2329 4920; x_wconf 76' lang='lat' dir='ltr'><strong>alia:</strong></span> <span class='ocrx_word' id='word_1_666' title='bbox 2357 4881 2486 4920; x_wconf 88' lang='lat' dir='ltr'><strong>vero</strong></span> <span class='ocrx_word' id='word_1_667' title='bbox 2512 4874 2778 4922; x_wconf 87' lang='lat' dir='ltr'><strong>naturaet</strong></span> <span class='ocrx_word' id='word_1_668' title='bbox 2808 4865 3165 4921; x_wconf 86' lang='lat' dir='ltr'><strong>similitudine</strong></span> <span class='ocrx_word' id='word_1_669' title='bbox 3197 4865 3351 4919; x_wconf 71' lang='lat' dir='ltr'><strong>fiunt.</strong></span> <span class='ocrx_word' id='word_1_670' title='bbox 3374 4863 3520 4918; x_wconf 82' lang='lat' dir='ltr'><strong>Prae-</strong></span> 
     </span>
    </p>
   </div>
   <div class='ocr_carea' id='block_1_98' title="bbox 1955 4960 3518 5031">
    <p class='ocr_par' dir='ltr' id='par_1_98' title="bbox 1955 4960 3518 5031">
     <span class='ocr_line' id='line_1_98' title="bbox 1955 4960 3518 5031; baseline -0.001 -17"><span class='ocrx_word' id='word_1_671' title='bbox 1955 4968 2099 5015; x_wconf 87' lang='lat' dir='ltr'><strong>terea</strong></span> <span class='ocrx_word' id='word_1_672' title='bbox 2128 4962 2215 5016; x_wconf 81' lang='lat' dir='ltr'><strong>lex</strong></span> <span class='ocrx_word' id='word_1_673' title='bbox 2248 4963 2364 5031; x_wconf 90' lang='lat' dir='ltr'><strong>ipsa</strong></span> <span class='ocrx_word' id='word_1_674' title='bbox 2407 4964 2650 5018; x_wconf 88' lang='lat' dir='ltr'><strong>veritatis</strong></span> <span class='ocrx_word' id='word_1_675' title='bbox 2679 4963 2781 5018; x_wconf 90' lang='lat' dir='ltr'><strong>hoc</strong></span> <span class='ocrx_word' id='word_1_676' title='bbox 2826 4962 3085 5017; x_wconf 88' lang='lat' dir='ltr'><strong>declarat.</strong></span> <span class='ocrx_word' id='word_1_677' title='bbox 3116 4960 3234 5015; x_wconf 84' lang='lat' dir='ltr'><strong>Non</strong></span> <span class='ocrx_word' id='word_1_678' title='bbox 3258 4962 3399 5016; x_wconf 91' lang='lat' dir='ltr'><strong>enim</strong></span> <span class='ocrx_word' id='word_1_679' title='bbox 3433 4961 3518 5014; x_wconf 89' lang='lat' dir='ltr'><strong>in-</strong></span> 
     </span>
    </p>
   </div>
   <div class='ocr_carea' id='block_1_99' title="bbox 1954 5054 3522 5124">
    <p class='ocr_par' dir='ltr' id='par_1_99' title="bbox 1954 5054 3522 5124">
     <span class='ocr_line' id='line_1_99' title="bbox 1954 5054 3522 5124; baseline -0.001 -17"><span class='ocrx_word' id='word_1_680' title='bbox 1954 5067 2249 5122; x_wconf 79' lang='lat' dir='ltr'><strong>corporeus</strong></span> <span class='ocrx_word' id='word_1_681' title='bbox 2285 5054 2562 5124; x_wconf 81' lang='lat' dir='ltr'><strong>sapientiae</strong></span> <span class='ocrx_word' id='word_1_682' title='bbox 2611 5056 2835 5124; x_wconf 85' lang='lat' dir='ltr'><strong>spiritus</strong></span> <span class='ocrx_word' id='word_1_683' title='bbox 2885 5054 3184 5109; x_wconf 83' lang='lat' dir='ltr'><strong>conformis</strong></span> <span class='ocrx_word' id='word_1_684' title='bbox 3212 5062 3294 5108; x_wconf 88' lang='lat' dir='ltr'><strong>est</strong></span> <span class='ocrx_word' id='word_1_685' title='bbox 3323 5068 3522 5123; x_wconf 86' lang='lat' dir='ltr'><strong>corpo-</strong></span> 
     </span>
    </p>
   </div>
   <div class='ocr_carea' id='block_1_100' title="bbox 1956 5144 3518 5218">
    <p class='ocr_par' dir='ltr' id='par_1_100' title="bbox 1956 5144 3518 5218">
     <span class='ocr_line' id='line_1_100' title="bbox 1956 5144 3518 5218; baseline -0.001 -20"><span class='ocrx_word' id='word_1_686' title='bbox 1956 5146 2065 5199; x_wconf 87' lang='lat' dir='ltr'><strong>reis</strong></span> <span class='ocrx_word' id='word_1_687' title='bbox 2100 5146 2409 5201; x_wconf 85' lang='lat' dir='ltr'><strong>hominibus</strong></span> <span class='ocrx_word' id='word_1_688' title='bbox 2439 5166 2451 5201; x_wconf 87' lang='lat'><strong>:</strong></span> <span class='ocrx_word' id='word_1_689' title='bbox 2490 5148 2584 5201; x_wconf 86' lang='lat' dir='ltr'><strong>sed</strong></span> <span class='ocrx_word' id='word_1_690' title='bbox 2609 5149 2699 5217; x_wconf 93' lang='lat' dir='ltr'><strong>qui</strong></span> <span class='ocrx_word' id='word_1_691' title='bbox 2724 5163 2819 5217; x_wconf 89' lang='lat' dir='ltr'><strong>per</strong></span> <span class='ocrx_word' id='word_1_692' title='bbox 2848 5147 3099 5218; x_wconf 89' lang='lat' dir='ltr'><strong>spiritum</strong></span> <span class='ocrx_word' id='word_1_693' title='bbox 3142 5144 3411 5198; x_wconf 82' lang='lat' dir='ltr'><strong>formatus</strong></span> <span class='ocrx_word' id='word_1_694' title='bbox 3433 5150 3518 5199; x_wconf 85' lang='lat' dir='ltr'><strong>est</strong></span> 
     </span>
    </p>
   </div>
   <div class='ocr_carea' id='block_1_101' title="bbox 1955 5234 3517 5308">
    <p class='ocr_par' dir='ltr' id='par_1_101' title="bbox 1955 5234 3517 5308">
     <span class='ocr_line' id='line_1_101' title="bbox 1955 5234 3517 5308; baseline -0.001 -19"><span class='ocrx_word' id='word_1_695' title='bbox 1955 5235 2117 5291; x_wconf 87' lang='lat' dir='ltr'><strong>homo</strong></span> <span class='ocrx_word' id='word_1_696' title='bbox 2146 5238 2461 5302; x_wconf 88' lang='lat' dir='ltr'><strong>character,</strong></span> <span class='ocrx_word' id='word_1_697' title='bbox 2496 5239 2589 5308; x_wconf 89' lang='lat' dir='ltr'><strong>qui</strong></span> <span class='ocrx_word' id='word_1_698' title='bbox 2632 5239 2754 5293; x_wconf 88' lang='lat' dir='ltr'><strong>aliis</strong></span> <span class='ocrx_word' id='word_1_699' title='bbox 2784 5238 3037 5292; x_wconf 90' lang='lat' dir='ltr'><strong>omnibus</strong></span> <span class='ocrx_word' id='word_1_700' title='bbox 3091 5234 3241 5306; x_wconf 87' lang='lat' dir='ltr'><strong>paria</strong></span> <span class='ocrx_word' id='word_1_701' title='bbox 3291 5248 3517 5288; x_wconf 89' lang='lat' dir='ltr'><strong>numero</strong></span> 
     </span>
    </p>
   </div>
   <div class='ocr_carea' id='block_1_102' title="bbox 1954 5326 3519 5402">
    <p class='ocr_par' dir='ltr' id='par_1_102' title="bbox 1954 5326 3519 5402">
     <span class='ocr_line' id='line_1_102' title="bbox 1954 5326 3519 5402; baseline -0.002 -19"><span class='ocrx_word' id='word_1_702' title='bbox 1954 5330 2196 5385; x_wconf 91' lang='lat' dir='ltr'><strong>membra</strong></span> <span class='ocrx_word' id='word_1_703' title='bbox 2234 5332 2390 5402; x_wconf 88' lang='lat' dir='ltr'><strong>gerit,</strong></span> <span class='ocrx_word' id='word_1_704' title='bbox 2425 5338 2480 5387; x_wconf 91' lang='lat' dir='ltr'><strong>et</strong></span> <span class='ocrx_word' id='word_1_705' title='bbox 2508 5331 2740 5387; x_wconf 89' lang='lat' dir='ltr'><strong>similem</strong></span> <span class='ocrx_word' id='word_1_706' title='bbox 2770 5329 3063 5399; x_wconf 89' lang='lat' dir='ltr'><strong>unicuique</strong></span> <span class='ocrx_word' id='word_1_707' title='bbox 3089 5326 3317 5383; x_wconf 77' lang='lat' dir='ltr'><strong>formam</strong></span> <span class='ocrx_word' id='word_1_708' title='bbox 3356 5326 3519 5380; x_wconf 87' lang='lat' dir='ltr'><strong>indu-</strong></span> 
     </span>
    </p>
   </div>
   <div class='ocr_carea' id='block_1_103' title="bbox 1952 5428 2176 5477">
    <p class='ocr_par' dir='ltr' id='par_1_103' title="bbox 1952 5428 2176 5477">
     <span class='ocr_line' id='line_1_103' title="bbox 1952 5428 2176 5477; baseline 0.009 -2"><span class='ocrx_word' id='word_1_709' title='bbox 1952 5428 2043 5475; x_wconf 91' lang='lat' dir='ltr'><strong>tus</strong></span> <span class='ocrx_word' id='word_1_710' title='bbox 2074 5432 2176 5477; x_wconf 91' lang='lat' dir='ltr'><strong>est.</strong></span> 
     </span>
    </p>
   </div>
   <div class='ocr_carea' id='block_1_104' title="bbox 293 5510 3513 5590">
    <p class='ocr_par' dir='ltr' id='par_1_104' title="bbox 293 5510 3513 5590">
     <span class='ocr_line' id='line_1_104' title="bbox 293 5510 3513 5590; baseline -0.003 -17"><span class='ocrx_word' id='word_1_711' title='bbox 293 5527 387 5573; x_wconf 76' lang='grc' dir='ltr'><strong>πος</strong></span> <span class='ocrx_word' id='word_1_712' title='bbox 426 5511 742 5583; x_wconf 74' lang='grc' dir='ltr'>χαρακτὴρ,</span> <span class='ocrx_word' id='word_1_713' title='bbox 777 5512 805 5563; x_wconf 92' lang='grc' dir='ltr'>ὁ</span> <span class='ocrx_word' id='word_1_714' title='bbox 834 5515 943 5577; x_wconf 85' lang='grc' dir='ltr'>τοῖς</span> <span class='ocrx_word' id='word_1_715' title='bbox 986 5510 1161 5572; x_wconf 83' lang='grc' dir='ltr'>ἀλλοις</span> <span class='ocrx_word' id='word_1_716' title='bbox 1227 5510 1427 5565; x_wconf 75' lang='grc' dir='ltr'>ἅπασιν</span> <span class='ocrx_word' id='word_1_717' title='bbox 1483 5512 1742 5585; x_wconf 82' lang='grc' dir='ltr'>ἰσάριθμα</span> <span class='ocrx_word' id='word_1_718' title='bbox 1785 5514 1921 5587; x_wconf 83' lang='grc' dir='ltr'>μέλη</span> <span class='ocrx_word' id='word_1_719' title='bbox 1960 5517 2158 5588; x_wconf 78' lang='grc' dir='ltr'>φορῶν,</span> <span class='ocrx_word' id='word_1_720' title='bbox 2218 5518 2312 5573; x_wconf 71' lang='grc' dir='ltr'>καὶ</span> <span class='ocrx_word' id='word_1_721' title='bbox 2362 5519 2460 5590; x_wconf 82' lang='grc' dir='ltr'>τὴν</span> <span class='ocrx_word' id='word_1_722' title='bbox 2514 5519 2704 5589; x_wconf 89' lang='grc' dir='ltr'>ὁμοίαν</span> <span class='ocrx_word' id='word_1_723' title='bbox 2764 5518 3009 5581; x_wconf 81' lang='grc' dir='ltr'>ἑκάστοις</span> <span class='ocrx_word' id='word_1_724' title='bbox 3056 5510 3513 5587; x_wconf 74' lang='grc' dir='ltr'>περιϐεϐλημένος</span> 
     </span>
    </p>
   </div>
   <div class='ocr_carea' id='block_1_105' title="bbox 297 5608 450 5664">
    <p class='ocr_par' dir='ltr' id='par_1_105' title="bbox 297 5608 450 5664">
     <span class='ocr_line' id='line_1_105' title="bbox 297 5608 450 5664; baseline 0.026 -5"><span class='ocrx_word' id='word_1_725' title='bbox 297 5608 450 5664; x_wconf 75' lang='grc' dir='ltr'>ἰδέαν.</span> 
     </span>
    </p>
   </div>
   <div class='ocr_carea' id='block_1_106' title="bbox 361 5718 1451 5785">
    <p class='ocr_par' dir='ltr' id='par_1_106' title="bbox 361 5718 1451 5785">
     <span class='ocr_line' id='line_1_106' title="bbox 361 5718 1451 5785; baseline 0 -10"><span class='ocrx_word' id='word_1_726' title='bbox 361 5724 404 5754; x_wconf 79' lang='grc'><strong>’⁷</strong></span> <span class='ocrx_word' id='word_1_727' title='bbox 437 5721 600 5777; x_wconf 80' lang='lat' dir='ltr'><strong>Jaan.</strong></span> <span class='ocrx_word' id='word_1_728' title='bbox 657 5736 714 5785; x_wconf 87' lang='grc' dir='ltr'><strong>ιι,</strong></span> <span class='ocrx_word' id='word_1_729' title='bbox 756 5720 839 5776; x_wconf 83' lang='lat' dir='ltr'><strong>l9.</strong></span> <span class='ocrx_word' id='word_1_730' title='bbox 918 5720 963 5753; x_wconf 71' lang='grc'><strong>’³</strong></span> <span class='ocrx_word' id='word_1_731' title='bbox 999 5718 1147 5773; x_wconf 84' lang='lat' dir='ltr'><strong>Rom.</strong></span> <span class='ocrx_word' id='word_1_732' title='bbox 1191 5734 1312 5781; x_wconf 80' lang='lat' dir='ltr'><strong>VIII,</strong></span> <span class='ocrx_word' id='word_1_733' title='bbox 1352 5718 1451 5775; x_wconf 69' lang='grc' dir='ltr'>αθ.</span> 
     </span>
    </p>
   </div>
  </div>
