4080 6334
481 292 586 350 679
1538 277 1593 330 S.
1628 271 1998 332 EUS’I‘ATHII
2038 266 2346 324 EPISCOPI
2386 264 2798 323 ANTIOCHENI
3637 268 3741 324 ϐω

1995 391 2198 446 Ιιιιοειι.

844 524 1117 595 Ejusdem,
1141 538 1206 577 ea:
1242 521 1422 577 cadent
1455 519 1713 574 oratione.
2095 513 2143 571 Α
2438 508 2455 558 Ἰ

2095 513 2143 571 Α
2438 505 2547 559 Τοῦ
2572 504 2778 569 αὐτοῦ,
2807 506 2875 558 ἐκ
2910 503 3014 558 τοῦ
3043 502 3228 558 αὐτοῦ
3262 502 3471 573 λόγου.

562 622 719 690 Quod
735 628 912 675 autem
939 634 1139 690 corpus
1161 617 1306 671 dicat
1335 614 1614 669 conforme
1642 610 2060 673 humanis'esse,

2243 600 2363 652 Ὅτι
2394 597 2448 651 δὲ
2493 597 2552 650 τὸ
2593 596 2750 668 σῶμα
2794 597 2942 666 λέγει
2972 595 3293 668 σύμμορφον
3320 599 3434 660 τοῖς
3466 597 3744 670 ἀνθρωπί-

494 685 737 788 apertius
774 730 874 770 nos
914 685 1074 768 docet
1133 710 1382 774 scribens
1437 707 1503 762 ad
1559 706 1939 776 Philippenses
1977 705 2060 761 7’:

2169 708 2278 755 νοις
2310 685 2470 752 εἶναι,
2519 688 2846 760 σαφέστερον
2893 689 3040 759 ἡμᾶς
3082 687 3322 741 διδάσκει
3359 689 3746 761 Φιλιππησίοις

494 780 701 864 Nostra
740 805 1085 867 conversatio,
1142 800 1340 871 inquit,
1387 799 1441 853 in
1479 799 1624 852 caelis
1654 807 1732 852 est
1772 814 1791 852 :
1848 796 1986 850 unde
2011 803 2062 850 et

2168 782 2520 837 ἐπιστέλλων·
2568 780 2762 851 Ἦμῶν
2802 781 2870 836 τὸ
2903 781 3253 850 πολίτευμα,
3288 781 3474 853 φησὶν,
3521 782 3592 836 ἐν
3642 785 3747 838 οὺ-

493 900 821 958 Salvatorem
851 868 1516 966 exspectamus—Dominum
1548 890 1731 945 Iesum
1766 887 2058 953 Christum,

2165 877 2374 947 ρανοῒς
2425 875 2701 946 ὑπάρχει,
2735 876 2804 941 ἐξ
2833 868 2953 959 ἐν’
2980 873 3079 928 καὶ
3128 872 3371 943 Σωτῆρα
3419 874 3747 945 ἀπεκδεχό-

492 996 582 1060 qui
611 989 1012 1064 transﬁgurabit
1055 1005 1244 1058 corpus
1293 987 1616 1040 humilitatis
1650 996 1866 1048 nostra,
1903 993 1962 1037 ut
1991 984 2060 1037 sit

2160 972 2312 1038 μεθα
2351 969 2568 1038 Κύριον
2621 967 2869 1036 Ἰησοῦν
2919 965 3198 1035 Χριστὸν,
3253 966 3322 1033 ὃς
3361 982 3743 1037 μετασχημα-

492 1058 664 1156 ipsum
716 1058 980 1153 convforme
1019 1079 1226 1147 corpori
1269 1078 1455 1148 gloria:
1479 1077 1665 1145 ipsius.
1695 1075 1852 1143 Quod
1877 1076 1924 1130 si
1959 1075 2060 1128 liu-

2165 1064 2319 1117 τίσει
2348 1062 2412 1117 τὸ
2450 1060 2622 1132 σῶμα
2652 1058 2760 1127 τῆς
2792 1059 3199 1128 ταπεινώσεως
3236 1059 3405 1130 ἡμῶν
3439 1063 3526 1134 εὶς
3559 1060 3624 1114 τὸ
3651 1079 3743 1136 rg-

493 1151 620 1235 mile
651 1151 852 1248 corpus
885 1173 1163 1228 hominum
1187 1169 1607 1240 transﬁgurans,
1631 1167 1913 1222 conforme
1943 1181 2065 1238 pro-

2164 1154 2373 1233 ζέᾳθαι
2420 1152 2567 1208 αὐτό
2608 1154 2961 1223 σύμμορφον
3005 1151 3086 1218 τῷ
3128 1151 3354 1221 σώματι
3397 1151 3507 1222 τῆς
3557 1152 3743 1220 δόξης

493 1241 840 1346 priocorpbri
870 1266 1051 1328 edicit,
1111 1279 1251 1320 vana
1281 1278 1509 1335 prorsus
1561 1262 1932 1318 demonstrata
1977 1267 2064 1316 est

2165 1243 2373 1299 αὑτοῦ.
2409 1246 2471 1299 Et
2499 1245 2555 1298 δὲ
2584 1244 2645 1298 τὸ
2684 1243 2937 1298 ταπεινὸν
2973 1241 3462 1315 μετασχηματίζων
3493 1243 3602 1298 τῶν
3651 1244 3742 1298 ἀν⁴

494 1366 930 1423 adversariorum
960 1359 1252 1416 calumnia.

2170 1333 2403 1405 θρὼπων
2449 1334 2628 1406 σῶμα,
2671 1332 2993 1405 σύμμορφον
3031 1333 3108 1406 τῷ
3157 1334 3272 1406 ίδίῳ
3311 1333 3523 1405 σώματι
3572 1352 3742 1389 κατα-

2170 1426 2458 1494 σκευάζει,
2515 1427 2682 1491 ἓωλος
2739 1427 3071 1498 πανταχόθεν
3122 1427 3490 1482 ἀποδέδεικται
3543 1430 3577 1499 ἡ
3632 1428 3744 1481 τῶν

2168 1519 2426 1573 ἐναντίων
2467 1519 2818 1590 συκοφαντία.

2283 1212 2564 1230 Μ

1871 1633 2076 1702 ιειοει,
2114 1645 2233 1694 PAG.
2265 1637 2327 1694 9i
2341 1679 2356 1692 .

845 1749 1122 1820 Ejusdem,
1152 1765 1218 1804 ea:
1244 1748 1427 1804 eadem
1450 1749 1706 1803 oratione.
2413 1757 2456 1807 π

2413 1752 2523 1807 Τοῦ
2567 1754 2773 1820 αὐτοῦ,
2818 1753 2887 1809 ἐκ
2927 1754 3035 1809 τοῦ
3074 1753 3260 1808 αὐτοῦ
3288 1755 3495 1824 λόγου.

569 1843 673 1900 Sed
706 1841 1159 1915 quemadmodum
1203 1856 1272 1896 ex
1314 1840 1524 1912 virgine
1575 1849 1738 1898 natus
1770 1842 1964 1907 homo,
1995 1860 2062 1900 ex
2094 1863 2137 1920 Β

2130 1870 2137 1917 ί
2251 1844 2388 1897 Ἀλλ’
2421 1844 2610 1918 ὥσπερ
2638 1847 2702 1900 ὲκ
2729 1847 2828 1918 τῆς
2873 1847 3142 1920 παρθένου
3168 1846 3379 1918 τεχθεὶς
3403 1847 3433 1898 6
3458 1845 3741 1918 ἄνθρωπος

495 1935 722 1992 muliere
746 1933 948 1989 dicitur
981 1931 1159 1988 factus
1182 1945 1325 1996 esse,
1359 1931 1435 1985 ita
1482 1939 1536 1986 et
1582 1933 1684 1987 sub
1710 1931 1850 2004 Lege
1882 1932 2059 1991 factus

2164 1937 2228 1989 ὲκ
2264 1938 2517 2006 γυναικὸς
2542 1937 2758 2006 λέγεται
2786 1939 3085 2009 γεγονέναι,
3114 1938 3255 1992 οὕτω
3293 1938 3357 2010 δὴ
3381 1939 3475 1992 καὶ
3504 1939 3614 1993 ὑπὸ
3637 1939 3741 1992 Νό-

494 2046 617 2086 esse
649 2029 870 2094 dicitur,
902 2028 1028 2098 quia
1058 2041 1154 2097 per
1188 2025 1380 2094 legalia
1406 2025 1734 2096 quandoque
1790 2040 2061 2098 praecepta

2167 2044 2266 2097 μον
2303 2028 2630 2100 γεγενῆσθαι
2665 2031 2935 2102 γράφεται
2977 2030 3055 2101 τῷ
3091 2030 3179 2085 διὰ
3223 2031 3331 2084 τῶν
3357 2031 3596 2102 νομικῶν
3625 2032 3739 2084 ἐσθ’

495 2122 755 2188 incessit;
791 2129 850 2175 ut
897 2135 1021 2176 cum
1078 2118 1339 2174 infantem
1374 2118 1550 2188 ipsum
1582 2132 1706 2174 oeto
1737 2119 1946 2174 dierum
1976 2137 2065 2191 pa-

2163 2119 2250 2172 ὃτε
2289 2119 2500 2190 βαδίσαι
2546 2122 2904 2193 μηνυμάτων·
2946 2123 3106 2177 ὁπότε
3155 2124 3388 2195 μάλιστα
3433 2125 3597 2177 παῖδα
3640 2125 3740 2195 μὲν

495 2221 676 2269 rentes
691 2211 1082 2268 circumcidere
1096 2215 1346 2281 prompto
1362 2211 1544 2265 animo
1562 2209 1906 2278 festinarunt,
1921 2212 2064 2268 sicut

2164 2211 2323 2264 αὑτὸν
2356 2211 2484 2266 ὄντα
2515 2212 2877 2286 όκταήμερον,
2928 2215 3223 2288 προθύμως
3269 2216 3319 2269 οἱ
3356 2220 3532 2285 γονεῖς
3578 2234 3739 2288 περιη

493 2303 671 2361 Lucas
717 2303 1050 2375 evangelista
1097 2300 1267 2356 tradit
1295 2301 1364 2354 ⁸ο.
1410 2299 1609 2357 Postea
1641 2303 1806 2357 etiam
1838 2302 1892 2356 in
1925 2309 2064 2356 tem-

2161 2303 2377 2375 τέμνειν
2402 2305 2710 2374 ἠπείγοντο,
2739 2305 2988 2379 καθάπερ
3015 2307 3043 2359 6
3070 2305 3457 2378 εὐαγγελιστὴς
3489 2306 3739 2360 ἐκδίδωσι

491 2402 640 2466 plum
669 2393 1034 2458 adduxerunt,
1069 2399 1129 2446 ut
1165 2391 1423 2446 sisterent
1454 2406 1578 2447 eum
1608 2390 1838 2447 Domino
1866 2393 2062 2463 puriﬁ-

2161 2395 2394 2459 Λουκᾶς.
2423 2396 2519 2460 Εἰς
2549 2396 2688 2450 δὲτὸ
2715 2397 2856 2470 ἱερὸν
2887 2397 3088 2468 ἀνῆγον
3133 2399 3422 2469 μετέπειτα
3455 2398 3739 2468 παραστῆ-

494 2487 726 2542 nationis
757 2485 1083 2541 oblationem
1109 2492 1454 2555 peragentes,
1489 2493 1547 2540 ut
1579 2485 1814 2540 hostiam
1845 2487 2059 2554 darent,

2165 2505 2254 2540 σαι
2280 2486 2358 2558 τῷ
2394 2488 2604 2560 Κυρίῳ,
2637 2488 2736 2553 τάς
2770 2488 3100 2561 καθαρσίους
3137 2489 3508 2560 ἐπιτελοῦντες
3537 2489 3739 2556 ἀναφο-

494 2581 635 2635 sicut
666 2578 929 2649 scriptum
961 2583 1045 2634 est
1090 2577 1146 2632 in
1178 2575 1322 2648 Lege
1367 2577 1606 2642 Domini,
1648 2593 1747 2649 par
1779 2586 2059 2635 turturum

2164 2577 2287 2648 ράς,
2317 2577 2412 2631 τοῦ
2449 2576 2632 2631 δοῦναι
2663 2577 2851 2632 θυσίαν
2880 2579 3022 2634 κατὰ
3057 2579 3118 2632 1:6
3153 2579 3438 2651 εἰρημένον
3477 2580 3535 2630 ὲν
3565 2577 3737 2648 Νόμῳ

494 2681 587 2727 aut
613 2671 752 2727 duos
786 2670 962 2741 pullos
1020 2658 1420 2725 calumbarum.
1471 2667 1530 2723 Si
1558 2684 1688 2740 ergo
1720 2671 2062 2742 purgationis

2161 2667 2390 2738 Κυρίου,
2409 2667 2599 2738 ζεῦγος
2619 2669 2915 2740 τρυγόνων,
2934 2670 2967 2741 ἢ
2988 2669 3081 2723 δύο
3097 2671 3350 2732 νεοσσοὺς
3373 2668 3733 2742 περιστερῶν.

495 2778 719 2819 munera
772 2761 1074 2821 secundum
1117 2762 1288 2833 legem
1324 2775 1424 2832 pro
1464 2761 1586 2832 ipso
1621 2761 1802 2817 oblata
1832 2772 1980 2830 sunt,
2007 2771 2061 2821 et

2161 2758 2225 2814 Et
2269 2758 2446 2814 τοίνυν
2485 2759 2556 2814 τὰ
2588 2760 2861 2832 καθάρσια
2892 2760 3039 2832 δῶρα
3071 2759 3214 2815 κατά
3249 2760 3340 2814 τὸν
3369 2761 3548 2831 Νόμον
3594 2761 3737 2832 ὑπὲρ

495 2855 669 2910 octavi
697 2853 806 2910 diei
837 2852 1310 2909 circumcisionem
1341 2852 1583 2922 pertulit,
1612 2866 1720 2908 non
1749 2853 1846 2909 abs
1879 2867 1936 2908 re
1957 2853 2061 2908 hac

2162 2850 2326 2906 αὐτοῦ
2359 2853 2747 2926 προσεφέρετο,
2782 2855 2877 2908 καὶ
2910 2856 3212 2928 περιτομὴν
3239 2854 3580 2926 ὀκταήμερον
3609 2856 3739 2924 6+6-

495 2946 561 3002 de
589 2960 756 3002 causa
779 2944 882 3000 sub
926 2943 1068 3015 Lege
1097 2943 1301 2998 factum
1331 2958 1454 2998 esse
1482 2943 1691 2998 scribit.
1718 2942 1904 3014 Neque
1931 2958 2061 3001 vero

2164 2963 2275 3018 ρει·
2300 2946 2474 3022 ταύτῃ
2500 2949 2594 3002 καὶ
2635 2949 2740 3003 ὑπὸ
2770 2949 2952 3020 Νόμον
2983 2949 3145 3004 αὐτὸν
3177 2949 3278 3002 οὐκ
3309 2949 3616 3012 ἀπεικότως
3639 2965 3738 3018 γε-

496 3038 730 3094 Verbum
756 3037 1074 3108 subiacebat
1100 3035 1251 3107 Legi,
1269 3042 1330 3091 ut
1357 3035 1654 3106 opinantur
1684 3035 2056 3106 sycophantae,

2161 3039 2423 3111 γενῆσθαι
2470 3042 2693 3114 γράφει.
2753 3041 2890 3096 Οὗτε
2950 3042 3006 3096 δὲ
3053 3045 3081 3097 6
3127 3042 3297 3112 Λόγος
3352 3041 3605 3096 ὑπέκειτο
3658 3041 3739 3113 τῷ

495 3149 620 3188 cum
661 3133 779 3202 ipse
806 3131 918 3187 Lex
946 3130 1018 3187 sit
1050 3150 1061 3185 :
1089 3145 1267 3202 neque
1296 3129 1438 3185 Deus
1462 3128 1740 3201 indigebat
1774 3129 2060 3186 sacriﬁciis
2102 3206 2106 3208 ί

2128 3203 2133 3208 _
2163 3132 2352 3203 Νόμῳ,
2383 3133 2630 3208 καθάπερ
2658 3136 2709 3188 οἱ
2747 3134 3077 3205 συκοφάνται
3106 3133 3436 3201 δοξάζουσιν,
3470 3134 3634 3198 αὐτὸς
3660 3132 3739 3187 ὢν

496 3227 876 3303 purgantibus,
907 3226 1001 3298 qui
1033 3226 1150 3280 solo
1178 3201 1318 3280 nutu
1345 3224 1528 3280 omnia
1545 3231 1737 3296 purgat
1768 3232 1822 3279 et
1851 3225 2061 3279 sancti-
2089 3205 2107 3262 ί

2127 3203 2192 3276 ⁵ὁ
2227 3201 2438 3296 Νόμος·
2481 3201 2612 3278 οὔτε,
2639 3227 2669 3278 6
2711 3226 2843 3291 Θεὸς
2891 3201 3060 3280 έδεῖτο
3104 3225 3356 3296 θυμάτων
3403 3225 3738 3296 καθαρσίων,

495 3322 639 3376 ficat.
675 3319 780 3376 Sed
797 3319 1046 3392 quamvis
1079 3325 1418 3390 assumptum
1448 3333 1514 3372 ex
1532 3317 1742 3388 virgine
1765 3317 2060 3371 humanum

2163 3316 2335 3390 ἀθρόᾳ
2367 3320 2496 3389 ῥιπῇ
2527 3318 2838 3392 καθαρίζων
2870 3318 3108 3383 ἅπαντα,
3153 3321 3246 3373 καὶ
3281 3318 3541 3388 ἁγιάζων.
3595 3318 3737 3373 Ἀλλ’

495 3428 758 3485 organum
783 3413 1031 3483 gestavit,
1056 3419 1109 3467 et
1139 3411 1242 3467 sub
1274 3409 1416 3481 Lege
1446 3409 1624 3466 factus
1655 3418 1760 3474 est,
1785 3410 2064 3482 primoge-

2167 3412 2216 3463 εί
2249 3411 2344 3464 καὶ
2374 3412 2436 3464 ὲκ
2465 3411 2562 3482 τῆς
2591 3411 2868 3484 Παρθένου
2897 3411 2958 3466 τὸ
2985 3410 3322 3483 ἀνθρώπινον
3355 3412 3581 3484 ὄργανον
3608 3412 3741 3465 ἀνα·

497 3512 733 3561 nitorum
765 3505 871 3560 ritu
895 3512 1197 3577 purgatus;
1229 3519 1338 3560 non
1368 3503 1514 3574 quod
1542 3504 1658 3574 ipse
1691 3503 1794 3559 hoc
1823 3503 2062 3560 remedio

2167 3499 2348 3555 λαϐὼν
2383 3503 2640 3575 ἐφόρησε,
2676 3505 2772 3558 καὶ
2821 3505 2925 3558 ὑπὸ
2971 3504 3154 3575 Νόμον
3189 3504 3422 3572 ἐγένετο,
3457 3503 3596 3556 κατά
3632 3503 3742 3569 τὰς

497 3600 780 3670 indigeret,
812 3601 910 3656 bas
944 3600 1355 3656 observationes
1381 3597 1664 3664 sustinuit,
1695 3599 1790 3654 sed
1819 3607 1879 3652 ut
1910 3613 1941 3651 a
1962 3596 2064 3653 Le—

2164 3592 2272 3648 τῶν
2303 3595 2659 3666 πρωτοτόκων
2702 3596 2859 3664 ἀξίας
2896 3595 3268 3668 καθαρισθεὶς,
3296 3597 3394 3650 οὐκ
3429 3597 3591 3659 αὐτὸς
3617 3595 3740 3651 δεό-

498 3691 580 3762 gis
631 3691 890 3747 servitute
941 3707 1035 3746 eos
1065 3692 1382 3757 redimeret,
1434 3691 1528 3763 qui
1575 3691 1872 3747 venundati
1903 3699 2062 3747 erant

2173 3702 2330 3757 μενος
2353 3687 2450 3758 τῆς
2479 3687 2682 3741 τούτων
2711 3688 2971 3761 χορηγίας
3004 3690 3263 3761 ὑπέμεινε
3290 3690 3388 3753 τάς
3422 3687 3737 3761 θεραπείας,

499 3780 936 3837 condemnationi
965 3780 1260 3837 maledicti.

2170 3780 2284 3834 ἀλλ’
2334 3781 2421 3834 ἵνα
2471 3780 2567 3852 τῆς
2597 3779 2689 3833 τοῦ
2739 3780 2922 3852 Νόμου
2967 3781 3207 3847 δουλείας
3255 3780 3562 3855 ἐξαγοράσῃ
3608 3784 3740 3846 τοὺς

2169 3871 2552 3944 πεπραμένους
2579 3873 2644 3942 τῇ
2669 3871 2794 3943 δίκῃ
2821 3871 2923 3942 τῆς
2947 3872 3105 3942 ἀρᾶς.

1371 3985 1528 4057 Apud
1555 3987 1805 4043 eumdem
1832 3987 2248 4056 Theodoritum,
2283 3990 2427 4046 Dial.
2461 4004 2545 4054 ιιι,
2574 4005 2701 4061 pag.
2739 3990 2859 4046 156.

501 4096 773 4166 Eiusdem,
795 4114 860 4153 ea:
890 4102 1126 4186 gratione
1156 4103 1210 4186 in
1242 4103 1412 4160 illud:
1453 4125 1471 4157 ι
1494 4106 1748 4162 Dominus
1779 4111 1971 4165 creavit
1990 4127 2069 4168 me

2171 4109 2281 4164 Τοῦ
2310 4108 2515 4176 αὐτοῦ,
2545 4110 2614 4164 ἐκ
2643 4109 2746 4186 τοῦ
2774 4109 3082 4186 ,ψόγουβείς
3109 4110 3198 4186 τό·
3221 4129 3258 4186 έ
3293 4109 3508 4178 Κύριος
3534 4109 3742 4166 ἐκτισέ

897 4178 1108 4227 initium
1131 4178 1336 4229 viarum
1364 4193 1603 4233 suarum.
1635 4197 1654 4232 ι

2547 4197 2623 4249 με
2653 4178 3034 4249 ἀρχὴνοδῶν
3063 4180 3270 4235 αὑτοῦ.
3318 4199 3335 4232 ι

567 4287 700 4342 Nam
730 4288 890 4343 homo
923 4289 1015 4359 qui
1046 4298 1297 4344 mortuus
1336 4275 1668 4356 erat,°tertia
1691 4293 1780 4349 die
1811 4309 2064 4351 resurre-

2255 4291 2313 4346 ’0
2339 4291 2627 4364 ἄνθρωπος
2659 4292 2766 4364 γὰρ
2794 4293 2823 4345 6
2852 4291 3132 4346 ἀποθανὼν
3164 4290 3457 4364 τριήμερος
3484 4292 3582 4362 μὲν
3616 4292 3738 4346 ἀνί-

501 4382 595 4444 xit,
631 4389 684 4436 et
709 4379 888 4437 Mariae
909 4397 1030 4452 qua;
1057 4383 1124 4438 ad
1155 4393 1345 4440 sancta
1378 4386 1622 4442 membra
1655 4388 1929 4458 tangenda
1945 4403 2063 4442 ma-

2171 4400 2380 4447 σταται,
2409 4386 2474 4455 τῇ
2517 4383 2573 4437 δὲ
2615 4384 2864 4456 Μαριὰμ,
2897 4387 3188 4455 καρτερίαν
3217 4385 3318 4454 μὲν
3347 4383 3539 4454 ψυχῆς,
3573 4385 3742 4438 ἄπτε-

501 4494 604 4549 gna
626 4476 908 4532 alacritate
939 4474 1234 4544 ferebatur,
1266 4478 1553 4549 respondit
1577 4480 1621 4512 ⁸³
1647 4499 1662 4536 :
1699 4477 1828 4534 Noli
1853 4497 1931 4534 me
1952 4490 2066 4536 tan—
2099 4523 2112 4578 1

2130 4529 2142 4573 ⁵
2170 4475 2294 4529 σθαι
2323 4475 2744 4548 προθυμουμένῃ
2767 4476 2873 4530 τῶν
2900 4477 3070 4546 ἁγίων
3101 4475 3295 4548 μελῶν,
3329 4475 3741 4542 ἀνθυπνὲγω

501 4585 655 4642 gere;
686 4568 916 4624 nondum
953 4571 1090 4624 enim
1129 4571 1341 4626 ascendi
1365 4571 1434 4625 ad
1465 4572 1682 4628 Patrem
1726 4591 1895 4629 meum
1924 4593 1942 4630 :
1974 4576 2064 4631 sed
2101 4562 2112 4578 ’

2132 4562 2139 4571 ’
2172 4567 2434 4636 ὲκφωνεῖ·
2468 4563 2564 4633 Μή
2610 4583 2728 4635 μου
2777 4565 3002 4620 ἅπτου·
3038 4567 3201 4620 οὔπω
3251 4565 3361 4634 γὰρ
3403 4562 3743 4631 ἀναϐέϐηκα

502 4661 625 4718 vade
655 4661 723 4716 ad
756 4661 948 4728 fratres
1009 4679 1169 4726 meos,
1201 4673 1251 4718 et
1295 4664 1380 4718 dic
1409 4666 1483 4720 eis
1507 4685 1525 4721 :
1558 4667 1798 4722 Ascendo
1837 4670 1906 4722 ad
1955 4669 2066 4724 Pa-

2172 4658 2323 4727 πρὸς
2367 4658 2474 4712 τὸν
2517 4658 2746 4726 Πατέρα
2761 4674 2927 4735 ω·
2976 4659 3230 4726 πορεύου
3281 4656 3348 4710 δὲ
3397 4655 3546 4725 πρὸς
3599 4646 3743 4723 τοὺς

435 4792 438 4794 η
502 4765 629 4809 trem
659 4769 828 4807 meum
859 4761 908 4808 et
955 4751 1170 4809 Patrem
1215 4764 1464 4821 uestrum,
1515 4765 1563 4810 et
1600 4756 1763 4811 Deum
1812 4777 1982 4814 meum
2015 4778 2041 4815 ε

2171 4749 2473 4818 ἀδελφούς
2493 4767 2633 4818 μου,
2668 4749 2764 4803 καὶ
2795 4747 2925 4803 εἰπὲ
2949 4749 3185 4815 αὐτοῖς·
3231 4749 3544 4803 Ἀναϐαίνω
3593 4749 3743 4817 πρὸς

503 4851 668 4905 Deum
716 4858 964 4904 uestrum.
1005 4847 1139 4903 Illud
1189 4857 1408 4904 autem:
1436 4847 1687 4904 Nondum
1739 4853 1952 4909 ascendi
1989 4856 2063 4910 ad

2172 4841 2278 4894 τόν
2308 4840 2538 4909 Πατέρα
2557 4858 2676 4909 μου
2709 4841 2805 4894 καί
2841 4839 3071 4909 Πατέρα
3101 4839 3284 4910 ὑμῶν,
3316 4840 3415 4893 καὶ
3451 4842 3601 4894 Θεόν
3620 4858 3741 4909 μου

505 4943 717 4998 Patrem
732 4957 925 5005 meum,
948 4955 1056 4994 non
1079 4938 1218 4994 dixit
1238 4938 1478 4994 Verbum
1494 4947 1548 4995 et
1576 4939 1720 4996 Deus
1746 4944 1839 5012 qui
1868 4960 1899 5000 c
1923 4946 2064 5001 cmlo

2170 4932 2268 4985 καὶ
2304 4932 2451 4986 Θεὸν
2474 4931 2657 5002 ὑμῶν.
2692 4932 2765 4986 Τὸ
2791 4932 2868 4985 δέ·
2895 4933 3066 4987 Οὔπω
3092 4931 3429 4998 ἀναϐέϐηκα
3455 4931 3607 5000 πρὸς
3636 4931 3743 4985 τὸν

504 5030 854 5089 descenderat
895 5043 950 5086 et
985 5029 1039 5085 in
1073 5031 1198 5087 sinu
1245 5028 1425 5086 Patris
1462 5033 1802 5102 versabatur,
1838 5051 1941 5091 nec
1970 5035 2069 5092 Sa-

2170 5023 2400 5092 Πατέρα
2425 5041 2564 5094 μου,
2591 5025 2690 5096 οὐχ
2715 5025 2744 5077 6
2773 5025 2944 5093 Λόγος
2975 5023 3200 5094 ἔφασκε,
3227 5024 3320 5078 καὶ
3353 5024 3486 5087 Θεὸς
3520 5027 3548 5077 6
3578 5024 3741 5095 οὐρα-

505 5121 701 5192 pientia
735 5137 855 5192 qua:
883 5137 972 5178 res
1023 5137 1216 5179 omnes
1248 5131 1462 5179 creatas
1493 5125 1773 5182 continet:
1823 5127 1916 5183 sed
1950 5128 2068 5198 ipse

2169 5117 2321 5171 νόθεν
2369 5117 2686 5190 ὁρμώμενος
2706 5158 2720 5180 ,
2751 5117 2844 5171 καὶ
2879 5121 2936 5171 ὲν
2985 5121 3094 5183 τοῖς
3141 5119 3360 5182 κόλποις
3389 5117 3738 5188 διαιτώμενος

507 5212 594 5284 qui
619 5229 684 5268 ex
712 5213 942 5269 diversis
979 5213 1242 5270 membris
1303 5224 1619 5285 compactus
1647 5226 1785 5282 erat,
1817 5217 1980 5275 homo
2013 5219 2068 5274 id

2168 5209 2262 5264 τοῦ
2301 5211 2532 5282 Πατρὸς,
2590 5210 2699 5263 οὐδ’
2747 5211 2780 5281 ὴ
2833 5211 3009 5265 πάντα
3063 5211 3133 5266 τὰ
3168 5211 3370 5284 γενητά
3414 5211 3737 5282 περιέχουσα

504 5305 760 5374 protulit;
791 5307 882 5375 qui
915 5321 980 5360 ex
995 5305 1226 5360 mortuis
1258 5315 1651 5371 resurrexerat,
1679 5315 1736 5363 et
1769 5307 1833 5362 ad
1848 5306 2065 5364 Patrem

2169 5301 2362 5371 Σοφία,
2392 5301 2505 5356 ἀλλ’
2539 5302 2700 5366 αὐτὸς
2737 5303 2767 5355 6
2818 5303 2882 5356 ὲκ
2911 5303 3264 5357 παντοδαπῶν
3297 5302 3738 5375 ἡρμολογημένος

503 5396 742 5453 nondum
771 5407 893 5467 post
928 5405 1156 5453 mortem
1203 5398 1446 5463 "abierat,
1477 5398 1581 5454 sibi
1638 5406 1819 5456 autem
1879 5401 2062 5458 profe-

2174 5394 2349 5464 μελῶν
2382 5394 2666 5466 ἄνθρωπος
2707 5393 2867 5449 τοῦτο
2897 5396 3196 5466 ἐπέφηνεν·
3237 5398 3266 5449 6
3294 5399 3356 5449 ὲκ
3391 5394 3498 5448 τῶν
3530 5392 3737 5463 νεκρῶν

500 5489 698 5546 ctionis
724 5490 995 5562 primitias
1026 5491 1362 5548 reservabat.

2171 5484 2435 5556 ἐγερθεὶς,
2466 5486 2560 5539 καὶ
2587 5487 2796 5540 οὐδέπω
2827 5487 2924 5558 μὲν
2953 5487 3086 5558 πρὸς
3119 5490 3211 5543 τὸν
3240 5487 3458 5560 Πατέρα
3484 5488 3623 5558 μετὰ
3649 5485 3735 5538 τὸν

2171 5575 2398 5630 θάνατον
2423 5577 2680 5644 ἀνελθὼν,
2715 5579 3100 5650 ταμιευόμενος
3125 5579 3179 5634 δὲ
3201 5580 3348 5651 αὐτῷ
3375 5581 3474 5650 τῆς
3511 5576 3736 5650 προόδου

2172 5668 2269 5740 τὴν
2301 5669 2574 5739 ἀπαρχήν.

571 5775 616 5808 τ’
645 5772 876 5846 Philipp.
907 5788 994 5840 lu,
1025 5773 1117 5846 9.0,
1167 5775 1258 5830 21'.
1297 5776 1344 5808 "
1371 5774 1499 5833 Luc.
1536 5793 1597 5844 ιι,
1632 5777 1695 5834 2|
1735 5795 1886 5843 seqq.
1966 5782 2007 5814 ⁸¹
2033 5781 2175 5848 ρίοαιι

841 5790 876 5830 ι.
907 5788 994 5840 lu,
1025 5773 1117 5846 9.0,
1167 5775 1258 5830 21'.
1297 5776 1344 5808 "
1371 5774 1499 5833 Luc.
1536 5793 1597 5844 ιι,
1632 5777 1695 5834 2|
1735 5795 1886 5843 seqq.
1966 5782 2007 5814 ⁸¹
2033 5781 2198 5848 ρίοαιι.
2231 5799 2324 5842 xx.
2360 5781 2452 5837 17.
