4080 6334
250 301 254 306 ι
305 237 407 297 681
1704 254 1861 314 FBA!

1908 259 2138 317 unum.
2243 293 2256 304 .
2475 283 2478 287 -
2781 271 2792 282 ·
2855 243 2862 250 ’
3409 287 3519 342 σε,

1625 367 1834 440 Intnsa,
1886 389 2002 431 Ps0.
2053 377 2174 435 157.

592 469 707 530 Τοῦ
723 475 934 544 αὑτοῦ,
961 476 1031 533 ἐκ
1051 478 1156 535 τοῦ
1175 481 1358 536 αὐτοῦ
1385 484 1588 552 λόγου.
1895 501 1940 554 Α

1553 501 1588 536 ν.
1895 501 1940 554 Α
2315 491 2585 561 Ejusdem,
2615 509 2680 550 es
2703 496 2880 553 eadem
2909 502 3164 561 oratione.

373 563 582 637 Κύριον
613 566 670 622 δὲ
691 567 792 638 τῆς
814 568 970 640 δόξης
993 572 1151 625 αὐτὸν
1170 573 1259 626 τὸν
1285 573 1562 645 ἄνθρωπον
1591 574 1681 628 τὸν
1703 593 1864 630 σταυ-

2042 579 2326 637 Dominum
2356 601 2481 640 vero
2508 587 2693 657 gloria:
2743 590 2919 660 ipsum
2969 595 3242 654 hominem
3295 604 3515 661 cruciﬁ-

304 656 549 727 ρωθέντα
574 659 758 727 σαφῶς
782 662 1050 732 ὀνομάζει,
1067 664 1306 733 γράφων·
1334 664 1516 736 ἐπειδὴ
1539 667 1632 720 καὶ
1661 667 1858 738 Κύριον

1965 687 2093 726 xum
2121 673 2321 729 diserte
2348 678 2591 731 nominat
2621 681 2894 746 scribens,
2927 685 3053 754 quia
3081 699 3134 742 et
3155 687 3440 749 Dominum
3463 706 3515 752 et

303 750 396 804 καὶ
429 750 663 822 Χριστὸν
700 751 964 820 ,ἀνέδειξεν
995 755 1175 818 αὑτὸν,
1203 753 1450 828 καθάπερ
1487 759 1535 810 οι
1579 758 1860 812 ἀπόστολοι

1963 764 2236 819 Christum
2271 767 2565 824 declaravit
2598 771 2795 840 ipsum,
2835 750 2976 830 sicut
3029 782 3256 849 apostoli
3285 800 3395 841 uno
3421 750 3514 844 ore

302 837 378 909 τῷ
412 839 656 912 αίσθητῷ
697 840 907 914 Ἰσραὴλ
942 843 1232 914 ὁμοφώνως
1270 845 1631 916 διαλεγόμενοι
1666 847 1858 916 φασίνο

1966 856 2031 910 ad
2064 859 2315 926 populum
2359 859 2523 916 Israel
2553 837 2742 922 dicunt
2768 837 2814 896 "
2842 884 2856 920 :
2903 837 3202 926 Certis-sime
3228 837 3515 950 εεὲιλῖιῖορἇ

318 930 617 998 Ἀσφαλῶς
653 929 766 988 οῦν
795 935 1124 1004 γινωσκέτω
1149 936 1268 1003 πᾶς
1291 934 1452 1003 οἶκος
1489 937 1744 1005 Ἰσραὴλ,
1775 937 1864 992 ὅτι

1967 950 2135 1002 omnis
2165 951 2349 1006 domus
2375 953 2565 1022 Israel,
2589 961 2731 1028 quod
2757 969 2806 1013 et
2837 960 3116 1017 Dominum
3143 982 3259 1022 eum
3283 980 3331 1024 et
3359 929 3515 1030 Chii-

305 1024 524 1090 Κύριον
560 1026 744 1079 αὑτὸν
780 1027 877 1080 καί
909 1026 1164 1096 Χριστόν
1191 1032 1222 1082 ὁ
1250 1027 1391 1094 Θεὸς
1425 1029 1692 1096 ἐποίησε,
1729 1027 1863 1082 τοῦ·

1962 1046 2100 1130 stum
2126 1038 2246 1108 fecit
2281 1041 2440 1108 Deus,
2481 1045 2616 1101 hunc
2647 1047 2828 1104 Iesum
2860 1069 3008 1122 quem
3042 1070 3128 1109 vos
3150 1062 3507 1130 cruci/ixistis.

306 1131 407 1168 τον
433 1115 541 1169 τὸν
577 1118 812 1185 Ἰησοῦν
841 1119 912 1171 ὃν
950 1119 1115 1190 ὑμεῖς
1145 1120 1578 1188 ἐσταιφώσατε.
1622 1121 1723 1173 Τὸν
1757 1138 1860 1174 πα-

1957 1120 2141 1214 ι[εειιῐῐι
2173 1127 2336 1198 igitur
2359 1130 2448 1199 qui
2479 1146 2673 1200 passus
2699 1150 2799 1202 est,
2823 1138 3117 1196 Dominum
3144 1115 3306 1214 fecit:
3326 1161 3380 1206 et
3401 1168 3506 1211 non

308 1205 462 1259 θόντα
493 1200 777 1281 τοιγαροῦν
819 1211 1022 1281 Ἰησοῦν
1046 1210 1248 1283 Κύριον
1280 1211 1524 1282 εποίησε,
1551 1213 1645 1264 καὶ
1677 1213 1735 1264 ού
1764 1211 1860 1283 τὴν

1960 1211 2288 1289 Sapientiam
2322 1237 2496 1292 neque
2528 1223 2758 1281 Verbum
2788 1200 2941 1300 quod
2975 1234 3043 1289 ab
3090 1241 3237 1294 omni
3268 1200 3505 1316 antiqui-2

308 1301 496 1368 σοφίαν
547 1303 667 1356 οὐδὲ
717 1303 806 1356 τὸν
859 1303 1026 1373 Λόγον
1075 1304 1164 1358 τὸν
1220 1303 1477 1357 ἀνέκαθεν
1528 1302 1714 1373 ἔχοντα
1763 1304 1860 1374 τῆς

1958 1314 2066 1364 tate
2112 1308 2202 1377 jus
2230 1309 2389 1367 habet
2419 1314 2682 1384 dominii;
2736 1321 2831 1382 sed
2865 1339 2988 1379 eum
3037 1330 3132 1397 qui
3179 1331 3234 1387 in
3271 1301 3503 1397 sublimo

305 1387 614 1454 δεσποτείας
636 1392 696 1445 τὸ
711 1393 933 1464 κράτος,
956 1393 1088 1447 ἀλλὰ
1111 1393 1201 1447 τὸν
1230 1393 1520 1466 μετέωρον,
1543 1393 1618 1465 τῷ
1647 1393 1858 1468 σταυρῷ

1543 1393 1618 1465 τῷ
1647 1393 1858 1468 σταυρῷ
1956 1408 2114 1459 actus
2143 1411 2248 1470 est,
2283 1412 2336 1462 et
2365 1421 2557 1465 manus
2577 1414 2838 1489 expandit
2871 1416 2926 1472 in
2963 1387 3143 1481 cru-ce.

307 1484 818 1551 προσεκπετάσαντα
851 1485 950 1550 τὰς
980 1488 1184 1557 χεῖρας.

562 1710 676 1764 Τοῦ
705 1711 908 1775 αὑτοῦ,
939 1711 1008 1765 ἐκ
1038 1711 1144 1767 τοῦ
1171 1711 1354 1766 αὐτοῦ
1381 1713 1585 1782 λόγου.
1887 1721 1930 1779 Β

1547 1732 1585 1767 ι.
1887 1721 1930 1779 Β
2303 1717 2574 1790 Ejusdem,
2603 1739 2669 1778 ea:
2699 1726 2876 1783 eadem
2906 1735 3158 1789 oratione.

370 1801 433 1855 El
467 1799 578 1872 γὰρ
607 1799 891 1873 ἀσώματός
921 1803 1089 1868 ἐστιν,
1121 1801 1242 1856 οὔτε
1282 1805 1392 1876 ἀφῇ
1427 1804 1620 1876 χειρῶν
1659 1803 1856 1858 ὑποπί-

2029 1806 2084 1861 Si
2114 1809 2258 1863 enim
2283 1820 2365 1866 est
2390 1813 3147 1886 incorporeus,necmanuum
3163 1833 3332 1886 tactui
3362 1835 3495 1891 sub-

305 1907 447 1953 πτει,
500 1890 612 1944 οὔτ’
665 1891 937 1966 αἰσθητοῖς
991 1894 1199 1965 ὄμμασι
1249 1895 1738 1968 περιλαμϐάνεται·
1793 1896 1853 1948 οὐ

1951 1897 2114 1967 jacet,
2146 1915 2245 1954 nec
2271 1916 2433 1958 sensu
2467 1906 2743 1962 oculorum
2774 1913 3068 1982 percipitur
3093 1934 3110 1984 ;
3138 1919 3359 1977 vulnera
3388 1941 3498 1982 non

302 1982 500 2050 τρῶσιν
531 1984 809 2056 ὑπομένει,
832 1986 928 2056 οὐχ
955 1985 1103 2056 ἥλοις
1134 1986 1511 2059 προσηλοῦται,
1550 1988 1611 2040 ού
1638 1987 1852 2058 Θανάτῳ

1955 1986 2176 2055 accipit,
2199 1989 2366 2086 clavis
2394 2007 2504 2048 non
2529 1993 2777 2066 anigitur,
2804 2008 3029 2058 mortem
3051 1982 3156 2062 non
3188 2013 3495 2086 participas,

301 2076 561 2132 κοινωνεῖ,
594 2075 654 2126 οὐ
698 2073 989 2146 κρύπτεται
1034 2079 1125 2147 γῇ,
1157 2077 1217 2130 ού
1256 2076 1412 2149 τάφῳ
1453 2077 1849 2142 κατακλείεται,

1951 2090 2060 2130 non
2101 2079 2306 2148 tegitur
2350 2089 2518 2146 terra,
2549 2087 2799 2158 sepulcro
2831 2108 2937 2148 non
2971 2073 3284 2170 includit-ur,
3336 2073 3497 2167 necs

298 2161 397 2214 οὐκ
423 2164 487 2216 ἐκ
521 2163 814 2235 μνημάτων
841 2163 1138 2217 ἀνίσταται.

956 2179 1138 2217 narrar.
1950 2179 2299 2224 monumento
2315 2174 2567 2244 resurgit.

1791 2277 1996 2335 lutosis.

569 2391 678 2445 Τοῦ
699 2391 909 2456 αὐτοῦ,
941 2390 1008 2444 ἐκ
1039 2390 1146 2446 τοῦ
1173 2389 1361 2445 αὐτοῦ
1383 2392 1585 2460 ⁸λόγου.

1542 2409 1585 2445 ν,
2307 2394 2583 2467 Ejusdem,
2611 2416 2676 2455 ex
2704 2404 2882 2458 eadem
2899 2408 3153 2464 oratione.

371 2482 582 2548 οὐδεὶς
616 2483 764 2552 αἴρει
806 2483 918 2551 τὴν
956 2483 1165 2553 ψυχὴν
1199 2486 1298 2539 ἀπ’
1349 2485 1522 2554 ἐμοῦ·
1565 2483 1852 2549 ἐξουσίαν

2022 2478 2188 2538 Nemo
2216 2485 2352 2539 tollit
2409 2491 2644 2555 animans
2671 2508 2704 2544 a
2732 2510 2812 2548 me
2833 2512 2851 2548 :
2881 2506 3182 2565 potestatem
3211 2500 3373 2558 habeo
3399 2520 3495 2573 ρος

294 2575 412 2644 ἔχω
456 2574 643 2629 θεῖναι
685 2574 801 2643 τὴν
833 2574 1042 2644 ψυχήν
1073 2593 1211 2644 μου,
1267 2576 1364 2630 καὶ
1403 2575 1692 2640 ἐξουσίαν
1734 2575 1850 2644 ἔχω

1949 2576 2107 2629 neudi
2154 2580 2385 2634 animam
2425 2599 2627 2653 meam,
2665 2596 2717 2640 et
2748 2597 3055 2656 potestatem
3095 2592 3263 2649 habeo
3307 2598 3496 2658 iterum

294 2666 483 2720 πάλιν
508 2666 716 2720 λαϐεῖν
745 2666 953 2734 αὑτήν.
989 2667 1051 2720 EI
1083 2667 1139 2720 δὲ
1170 2668 1441 2740 ἑκατέρων
1477 2667 1574 2739 τὴν
1600 2667 1848 2735 ἐξουσίαν

1946 2672 2186 2724 sumendi
2207 2688 2323 2726 eam
2355 2673 2422 2727 ⁸³.
2459 2673 2614 2742 Quod
2655 2679 2700 2734 si
2730 2682 3015 2752 utriusque
3040 2692 3362 2753 potestatein
3389 2692 3495 2747 ha-

291 2753 433 2828 εἷχεν
467 2752 554 2810 οἷα
589 2758 738 2821 Θεὸς,
780 2757 1067 2830 συνεχώρει
1097 2758 1194 2828 μὲν
1218 2759 1396 2822 αὐτοῖς
1427 2758 1572 2812 λύειν
1608 2759 1848 2823 ἀϐούλως

1949 2757 2111 2855 bebat
2159 2771 2219 2818 ut
2257 2763 2419 2830 Deus,
2465 2769 2710 2837 permisit
2763 2774 2980 2842 quidem
3047 2752 3182 2847 ipsis
3236 2784 3494 2855 templum

289 2850 380 2904 τὸν
431 2848 569 2903 νεὼν
633 2849 986 2921 ἐγχειροῦσιν,
1045 2851 1466 2921 ἐπιφανέστερον
1511 2851 1568 2904 δὲ
1617 2851 1846 2905 άνιστῶν

1951 2851 2163 2906 solvere
2236 2855 2636 2916 inconsiderate
2705 2864 3010 2922 volentibus
3045 2905 3061 2933 ,
3114 2871 3258 2938 quod
3314 2848 3491 2931 tamen

290 2941 587 3012 ὲνεούργει.
653 2942 739 3005 Ἐξ
781 2943 1178 3013 ἀναπιρῤήτων
1212 2943 1474 2996 δέδεικται
1501 2942 1712 3014 ψήφων,
1762 2943 1842 2998 ὅτι

1946 2947 2508 3014 resurgens-illustrius
2538 2953 2875 3011 instauravit.
2904 2958 3493 3023 Demonstratumenim

292 3033 456 3098 αὐτὸς
498 3031 564 3085 δι’
615 3032 805 3085 ἑαυτοῦ
845 3033 934 3085 τὸν
968 3034 1094 3086 ἴδιον
1139 3034 1470 3102 άνεστήσατο
1512 3033 1903 3112 νεουργήσαςς

1879 3052 1912 3112 ε
1943 3039 2028 3126 εει
2050 3035 2729 3114 certissimistestimoniis,
2749 3048 2890 3117 quod
2909 3048 3024 3120 ipse
3034 3066 3134 3120 per
3150 3067 3208 3108 se
3214 3057 3490 3126 propriam

285 3122 454 3179 οἷκον.
501 3124 807 3178 Ἀναθετέον
830 3125 885 3178 δὲ
911 3125 1008 3178 καὶ
1037 3125 1115 3195 τῷ
1143 3125 1397 3194 θειοτάτῳ
1425 3125 1596 3197 Πατρὶ
1622 3127 1720 3191 τὰς
1747 3123 1840 3179 τοῦ

1944 3121 2162 3179 domum
2195 3137 2504 3184 renovatam
2525 3136 2793 3192 excitarit.
2824 3137 2928 3193 Asc
2938 3139 3156 3196 ribenda
3173 3121 3351 3201 autem
3365 3157 3493 3203 sunt

289 3217 420 3271 Υίοῦ
459 3216 873 3288 μεγαλουργίας.
903 3217 1040 3270 Οῦτε
1068 3216 1174 3288 γάρ
1215 3217 1340 3280 Υἱὸς
1370 3218 1494 3274 ἄνευ
1519 3215 1610 3274 τοῦ
1631 3216 1841 3286 Πατρὸς

1942 3211 2103 3268 etiam
2135 3215 2472 3274 divinissimo
2489 3220 2634 3277 Patri
2648 3227 2930 3296 magniﬁca
2955 3227 3080 3285 Filii
3107 3241 3295 3302 opera;
3307 3233 3491 3307 Neque

253 3363 258 3366 ,
285 3309 606 3382 δημιουργεῖ
645 3307 784 3366 κατά
815 3307 911 3378 τάς
942 3310 1204 3384 ἀρῤαγείς
1232 3309 1339 3366 τῶν
1388 3308 1546 3382 ιερῶν
1582 3307 1840 3379 γραμμά-

1940 3304 2087 3359 enim
2119 3306 2288 3366 Filius
2318 3312 2437 3367 sine
2458 3311 2625 3370 Patre
2657 3328 2916 3386 Operatur
2943 3322 3237 3379 secundum
3286 3304 3488 3382 invicta

285 3417 391 3453 των
431 3402 750 3470 ἀποφάσεις.
801 3399 1000 3456 Τούτου
1052 3400 1159 3473 γὰρ
1194 3399 1262 3470 δὴ
1307 3399 1466 3470 χάριν
1507 3400 1628 3452 τοτὲ
1669 3399 1766 3468 μὲν
1810 3401 1839 3452 ό

1938 3409 2218 3452 sacrarum
2249 3401 2551 3458 litterarum
2573 3408 2757 3463 eIIata.
2810 3409 2928 3478 Quo
2963 3406 3022 3465 ﬁt
3044 3451 3067 3476 ,
3119 3422 3180 3468 ut
3209 3415 3488 3474 Christum

286 3491 554 3556 θειότατος
583 3493 858 3563 γεννήτωρ
897 3492 986 3544 τὸν
1017 3492 1245 3563 Χριστὸν
1278 3495 1341 3546 ὲκ
1371 3493 1577 3565 νεκρῶν
1608 3494 1838 3564 ἐγηγερ-

1937 3487 2074 3546 alias
2102 3491 2316 3562 quidem
2353 3497 2646 3552 suscitasse
2675 3499 3046 3558 divinissimus
3075 3502 3296 3561 Genitor
3340 3509 3490 3565 dica-

285 3584 439 3638 κέναι
465 3584 749 3655 γράφεται·
778 3583 895 3637 τοτὲ
922 3583 978 3636 δὲ
1011 3586 1040 3637 ό
1078 3583 1202 3647 Υἱὸς
1225 3583 1315 3636 τὸν
1349 3584 1474 3637 ἴδιον
1520 3585 1838 3657 ἀναστήσειν

1937 3592 2048 3649 tur,
2088 3588 2224 3642 alias
2253 3603 2381 3644 vero
2404 3588 2574 3646 Filius
2593 3593 2870 3663 proprium
2901 3610 2962 3649 se
2987 3598 3250 3666 templum
3286 3603 3488 3656 excita-

288 3676 622 3746 ὑπισχνεῖται
667 3674 812 3728 ναόν.
859 3676 922 3728 Et
959 3672 1049 3729 οὖν
1099 3678 1163 3730 ὲκ
1200 3675 1306 3729 τῶν
1355 3675 1836 3748 προεξητασμένων

1935 3683 2118 3732 turu’m
2144 3679 2479 3748 polliceatur.
2516 3681 2570 3736 Si
2599 3699 2727 3754 ergo
2749 3702 2812 3740 ex
2840 3685 2908 3739 iis
2934 3703 3053 3756 quae
3100 3689 3362 3748 hactenus
3392 3707 3489 3748 ex-

285 3767 490 3831 ἀπαθὲς
517 3767 784 3821 δέδεικται
817 3768 876 3820 τὸ
891 3767 1043 3820 ..θεῖον
1081 3767 1172 3821 τοῦ
1202 3768 1435 3840 Χριστοῦ
1475 3767 1708 3840 πνεῦμα,
1744 3786 1839 3822 περ

1936 3769 2112 3838 posita
2142 3779 2297 3835 sunt,
2328 3771 2679 3842 impatibilem
2702 3791 2830 3830 esse
2879 3777 3120 3832 divinum
3150 3778 3353 3837 Christi
3378 3783 3491 3854 spi-

287 3858 480 3930 ριττῶς
514 3861 626 3921 τοῖς
647 3857 1018 3922 ἀποστολικοῖς
1044 3861 1463 3930 ὲπισκήπτουσιν
1499 3862 1640 3933 ὅροις
1665 3864 1719 3914 oi
1759 3865 1835 3914 ὲν-

1933 3860 2099 3914 ritum
2130 3871 2407 3919 ostensum
2437 3873 2542 3928 est,
2577 3869 2889 3936 apostolicis
2917 3868 3148 3926 decretis
3179 3872 3378 3931 frustra
3405 3876 3486 3931 in-

283 3954 454 4018 αγεῖς.
481 3951 544 4002 Εἰ
575 3951 682 4022 γὰρ
709 3954 736 4004 ὀ
772 3951 983 4014 Παῦλος
1011 3952 1232 4024 ἔφρασε,
1263 3953 1353 4006 τὸν
1384 3953 1584 4025 Κύριον
1616 3954 1714 4025 τῆς
1753 3954 1836 4008 δό-

1933 3953 2183 4008 nituntur
2212 3954 2406 4024 impuri
2437 3957 2703 4014 homines.
2750 3957 2883 4014 Nam
2914 3961 2960 4016 si
2995 3961 3278 4017 Dominum
3306 3966 3490 4034 gloria

282 4040 376 4115 ξης
405 4042 807 4113 ἐσταυρῶσθαι,
841 4044 1022 4112 σαφῶς
1051 4047 1129 4107 είς
1154 4045 1244 4103 τὸν
1280 4045 1559 4117 ἄνθρωπον
1591 4046 1830 4117 ἀφορῶν,

1930 4045 2253 4103 cruciﬁxum
2282 4045 2489 4103 Paulus
2531 4048 2670 4103 dixit
2700 4051 2766 4118 ⁸⁸,
2796 4053 2861 4106 ad
2892 4054 3160 4110 hominem
3192 4067 3378 4128 aperto
3399 4074 3484 4116 re.

277 4106 342 4190 οῦ
367 4134 520 4204 παρά
547 4106 703 4188 τοῦτο
729 4106 1212 4207 δεησειτπάθοςτῷ
1242 4137 1368 4208 θείῳ
1383 4106 1739 4211 προσάπτειν.
1768 4106 1832 4194 Τί

2752 4106 2765 4118 ι
3194 4106 3378 4128 Ἰν--
3399 4106 3484 4116 τ-..

2194 4157 2208 4193 :
2249 4153 2361 4194 non
2392 4149 2678 4210 propterea
2707 4141 2978 4199 divinitati
3034 4149 3339 4217 passionem
3386 4151 3488 4210 tri.
3542 4106 3803 4188 ﬂag:

278 4221 368 4279 οῦν
396 4225 556 4280 τοῦτο
584 4226 907 4281 συνάπτουσι
937 4228 1222 4293 πλέκοντες
1248 4228 1306 4299 εξ
1335 4229 1614 4294 ἀσθενείας
1639 4232 1831 4287 ὲσταυ-
1931 4228 2099 4285 buere
2127 4231 2415 4299 oportebit.
2445 4231 2556 4288 Cur
2589 4233 2754 4305 igitur
2784 4236 2890 4292 ista
2919 4238 3279 4312 conjungunt,
3299 4239 3486 4304 dicen-

280 4316 484 4388 ρῶσθαι
513 4317 757 4389 λέγοντες
786 4317 876 4378 τὸν
897 4321 1157 4396 Χριστόν;

1929 4328 2014 4377 tes
2040 4337 2108 4379 ex
2127 4321 2493 4381 imbecillitate
2523 4325 2802 4386 Christum
2824 4344 2945 4388 esse
2981 4332 3345 4393 cruciﬁxum?

1771 4436 1970 4491 Inmiti.

534 4550 642 4606 Τοῦ
665 4551 882 4616 αὐτοῦ,
921 4551 990 4606 ἐκ
1026 4551 1134 4606 τοῦ
1163 4551 1350 4606 αὐτοῦ
1376 4554 1582 4622 λόγου.
1865 4567 1906 4620 ι)

1865 4567 1906 4620 ι)
2284 4554 2556 4626 Ejusdem,
2583 4571 2650 4611 ea:
2671 4557 2849 4611 eadem
2876 4569 3125 4614 oratione.
3365 4621 3384 4638 ο

344 4643 409 4696 El
444 4641 503 4696 δὲ
544 4642 608 4714 δὴ
662 4643 755 4696 καὶ
803 4643 1083 4706 ἀσθενείας
1138 4639 1275 4707 εἶδος
1311 4644 1633 4716 περιάπτειν
1682 4642 1828 4714 αύτῷ

2002 4641 2155 4713 Quod
2179 4647 2226 4703 si
2259 4648 2484 4704 omnino
2511 4649 2898 4706 imbecillitatis
2929 4651 3140 4721 species
3164 4652 3238 4706 illi
3263 4661 3380 4708 erat
3401 4664 3454 4709 at

277 4735 550 4806 προσῆκον
585 4731 673 4806 ἦν,
717 4734 794 4805 τῷ
837 4735 1108 4808 ἀνθρώπῳ
1148 4733 1322 4790 ταῦτα
1351 4737 1664 4808 προσαρτᾷν
1702 4735 1832 4789 ἀκό-

1929 4739 2236 4804 tribuenda,
2294 4740 2498 4797 homini
2541 4743 2657 4798 haec
2695 4743 3022 4814 assignanda
3054 4753 3479 4802 consentaneum

274 4825 459 4880 λουθον
498 4822 635 4879 εἶναι
665 4828 797 4898 φαίη
834 4845 918 4892 τις
954 4828 1041 4889 ἂν,
1071 4826 1250 4896 οῦτιγε
1295 4827 1357 4899 δὴ
1396 4827 1474 4898 τῷ
1502 4824 1832 4901 πληρώματι

1929 4829 2134 4886 diceret
2161 4832 2453 4902 quispiam,
2506 4848 2615 4888 non
2641 4849 2772 4889 vero
2799 4835 3123 4904 plenitudini
3157 4836 3480 4903 divinitatis,

273 4918 368 4988 τῆς
403 4917 677 4988 θεότητος,
709 4917 742 4988 ἢ
776 4918 854 4988 τῷ
891 4917 1154 4988 ἀξιώματι
1193 4921 1293 4988 τῆς
1323 4917 1579 4972 ἀνωτάτω
1620 4919 1829 4989 σοφίας,

1929 4930 2024 4976 aut
2054 4939 2280 4978 summa:
2305 4923 2596 4995 Sapientiae
2629 4925 2898 4996 dignitati,
2930 4935 3025 4981 aut
3054 4927 3105 4982 ei
3133 4928 3248 4997 qui.
3280 4943 3481 4989 secun-

263 5011 304 5080 ’ἢ
334 5009 411 5080 τῷ
426 5009 525 5064 ἐπὶ
542 5009 799 5074 πάντων,
815 5009 956 5065 κατά
977 5010 1067 5064 τὸν
1084 5009 1310 5074 Παῦλον,
1333 5009 1662 5083 γραφομένῳ
1689 5011 1829 5078 Θεῷ.

1765 5011 1829 5078 ῷ.
1929 5012 2058 5069 dum
2086 5013 2313 5078 Paulum
2341 5015 2410 5081 ⁸⁵,
2447 5017 2684 5088 scriptus
2711 5025 2797 5073 est
2830 5018 2970 5074 Deus
3004 5034 3158 5089 super
3177 5021 3375 5077 omnia.

1620 5123 1824 5188 Inlusit,
1856 5139 1975 5183 mc.
1999 5125 2122 5191 I58.

535 5235 645 5293 Τοῦ
675 5237 880 5302 αὑτοῦ,
910 5237 977 5292 ὲκ
1003 5236 1109 5293 τοῦ
1134 5237 1320 5292 αὐτοῦ
1353 5240 1559 5312 λόγου.
1909 5315 1912 5318 γ

1519 5258 1559 5295 ι.
1909 5315 1912 5318 γ
2285 5240 2559 5315 Ejusdem,
2591 5257 2661 5305 ea:
2678 5244 2856 5298 eadem
2875 5253 3130 5301 oratione.

335 5323 504 5392 Οἶιτος
535 5327 631 5400 μὲν
673 5327 737 5400 δὴ
776 5330 872 5399 τῆς
923 5329 1205 5393 ἀσθενείας
1233 5332 1262 5384 ό
1298 5332 1516 5402 τρόπος,
1555 5333 1621 5386 δι’
1647 5333 1705 5386 ὃν
1747 5334 1827 5395 εἰς

1997 5333 2098 5388 Hic
2150 5348 2284 5391 sane
2335 5343 2422 5390 est
2471 5334 2806 5391 inﬁrmitatis
2837 5336 3051 5400 modus,
3082 5351 3177 5406 per
3206 5351 3364 5410 quem
3397 5351 3485 5390 se-

268 5419 493 5475 θάνατον
549 5419 817 5490 γράφεται
869 5421 1008 5475 κατά
1055 5420 1147 5474 τὸν
1196 5421 1408 5476 Παῦλον
1451 5423 1696 5494 ἀφῖχθαι.
1740 5423 1826 5492 Ζῇ

1925 5427 2162 5481 cundum
2192 5426 2417 5482 Paulum
2448 5427 2518 5490 “,
2554 5426 2620 5482 ad
2653 5437 2884 5484 mortem
2936 5429 3154 5486 venisse
3203 5428 3479 5488 scribitur.

268 5513 372 5584 γὰρ
396 5512 466 5567 ἐκ
485 5511 788 5581 δυνάμεως
817 5513 984 5579 Θεοῦ,
1010 5513 1087 5586 τῷ
1124 5514 1253 5586 θείῳ
1279 5516 1552 5588 Πνεόματι
1587 5519 1826 5592 δηλονότι

1935 5519 2073 5582 Vivit
2110 5522 2251 5581 enim
2299 5537 2364 5575 ex
2417 5523 2608 5576 virtute
2654 5521 2780 5587 Dei,
2825 5524 2918 5596 qui
2967 5539 3076 5586 una
3128 5540 3252 5582 cum
3298 5525 3483 5586 divino

363 5667 548 5721 "Act.
577 5683 635 5725 ιι.
665 5666 753 5722 36.
854 5667 899 5701 ⁸³
923 5666 1084 5724 Joan.
1126 5685 1182 5726 ι.
1218 5669 1303 5723 18.
1379 5671 1426 5704 ³⁵
1449 5671 1479 5726 1
1506 5671 1627 5729 Cor.
1663 5689 1719 5736 Il,
1751 5673 1803 5730 8.
1883 5673 1927 5706 "
1955 5671 1974 5730 Ι

1564 5691 1627 5729 7r.
1663 5689 1719 5736 ιι,
1751 5673 1803 5730 8.
1883 5673 1927 5706 "
1955 5671 2103 5732 Rom.
2144 5691 2218 5740 Ix,
2251 5676 2301 5729 5.
2377 5677 2421 5707 ⁸⁸
2460 5675 2517 5729 ll
2550 5675 2673 5732 Cor.
2714 5695 2834 5744 xm,
2866 5679 2917 5734 4.
3173 5759 3175 5762 Ι

619 5757 887 5826 Ριτιιοι..
939 5757 1058 5826 Gn.
1104 5759 1328 5826 XVIII.

3057 5771 3135 5838 22
