4080 6334
575 270 683 326 res
1170 230 1189 251 ’
1240 260 1261 281 ⁸
1553 267 1613 322 s.
1652 263 2017 321 eosnrnn
2043 262 2351 321 EPISCOPI
2388 263 2804 320 ANTIOCHENI
3687 260 3788 320 est

579 387 786 459 Spiritu
814 393 1061 442 versatur
1086 384 1248 439 homo
1273 427 1287 449 ,
1322 387 1576 456 quoniam
1608 394 1662 441 et
1691 388 1944 441 virtutem
1968 385 2097 441 Altis

2242 381 2682 453 συνδιαιτώμενος
2733 384 2762 434 6
2816 378 3125 453 ἄνθρωπος’
3185 379 3370 452 ὶπειδὴ
3418 377 3512 433 καὶ
3562 376 3798 450 δύναμις

560 480 701 535 -simi
730 494 872 541 esse,
917 478 1010 548 qui
1037 476 1093 531 in
1140 476 1260 545 ipso
1302 475 1564 542 creditur,
1597 492 1664 532 ex
1691 476 2097 547 praecedentibu:

2240 475 2491 544 Ὑψίστου
2530 477 2560 528 ό
2598 476 2656 527 ὲν
2685 472 2833 542 αὐτῷ
2870 472 3271 543 πιστευόμενος,
3307 472 3447 526 κατά
3484 471 3606 534 τούς
3649 470 3793 542 φθά-

578 571 811 628 decrctis
842 576 1121 625 ostensum
1152 576 1256 622 est.

2234 585 2432 633 σαντας
2459 569 2619 639 ὄρους
2645 565 3036 620 ἀποδέδεικται.

2081 679 2286 736 lumen.

926 796 1199 868 Ejusdem,
1222 810 1288 851 ea:
1310 795 1489 851 eadem
1520 798 1756 852 oratione

2502 791 2612 847 Τοῦ
2643 791 2849 855 αὐτοῦ,
2878 791 2947 845 ἐκ
2974 789 3081 845 τοῦ
3108 789 3293 846 αὐτοῦ
3319 792 3524 861 λόγου.

646 894 801 962 Quod
823 893 871 949 si
897 892 1132 965 Virgin.s
1160 902 1371 947 uterum
1427 891 1736 962 ingressus,
1780 906 1887 947 non
1933 891 2097 946 minui

2305 885 2370 939 Εί
2398 885 2454 938 δὲ
2497 884 2595 954 τῆς
2647 882 2978 954 παρθενικῆς
3029 882 3389 947 ὲπιϐατεύσας
3435 885 3647 956 μήτρας
3693 886 3799 940 οὐκ

574 998 916 1065 potestatem,
951 1003 1051 1043 nec
1088 1000 1311 1057 corpore
1359 985 1504 1054 ligno
1532 984 1713 1039 crucis
1743 984 1921 1049 aﬁixo,
1964 983 2097 1054 spiri

2234 974 2465 1047 ἐμείωσε
2509 974 2607 1045 τὴν
2652 973 2926 1040 ἐξουσίαν,
2966 972 3086 1026 οὐδὲ
3134 972 3211 1043 τῷ
3241 970 3381 1043 ξύλῳ
3418 972 3513 1025 τοῦ
3556 974 3796 1045 σταυροῦ

573 1063 663 1141 tus
694 1084 970 1157 polluitur.
1008 1079 1220 1151 Corpus
1247 1079 1389 1134 enim
1424 1076 1653 1132 sublime
1706 1076 1761 1130 in
1803 1091 1965 1131 cruce
1993 1091 2097 1146 pen

2234 1065 2641 1138 πῳσπαγέντος
2680 1064 2774 1117 τοῦ
2832 1063 3097 1134 σὼ;·.ατος,
3132 1064 3408 1137 χραίνεται
3448 1064 3509 1118 τὸ
3551 1065 3795 1137 πνεῦμα.

572 1155 752 1239 debat.
785 1176 1003 1231 divinus
1024 1188 1154 1230 vero
1184 1170 1475 1242 Sapientiae
1504 1168 1732 1239 Spiritus
1762 1176 1816 1223 et
1838 1169 1982 1223 intra
1999 1184 2094 1223 cor

2230 1158 2304 1210 T6
2340 1158 2438 1228 μὲν
2461 1156 2570 1228 γὰρ
2593 1156 2749 1228 σῶμα
2780 1156 3066 1228 μετάρσιον
3087 1155 3409 1227 ὲσταυροῦτο
3426 1172 3440 1185 ·
3469 1156 3529 1209 τὸ
3565 1156 3623 1209 δὲ
3650 1157 3798 1211 θετον

576 1287 675 1344 pus
703 1268 1043 1329 versabatur,
1073 1274 1125 1321 et
1155 1266 1209 1319 in
1235 1260 1545 1319 cmlestibus
1572 1262 1857 1325 insidebat,
1877 1272 1928 1317 et
1959 1271 2097 1316 totan

2229 1249 2327 1320 τῆς
2355 1249 2544 1317 σοφίας
2592 1247 2807 1319 πνεῦμα
2836 1248 2929 1301 καὶ
2966 1246 3058 1300 τοῦ
3109 1245 3358 1318 σώματος
3390 1246 3521 1301 εἴσω
3547 1247 3794 1322 διῃτᾶτο,

574 1336 772 1422 terram
809 1361 1139 1423 continebat,
1179 1366 1233 1414 et
1264 1355 1477 1429 abyssis
1509 1355 1828 1425 imperabat,
1856 1362 1911 1409 et
1937 1355 2093 1426 singu

2230 1338 2323 1390 καὶ
2357 1341 2468 1402 τοῖς
2514 1336 2783 1408 οὐρανίοις
2824 1337 3140 1401 ὲπεϐἀτευε,
3186 1338 3280 1392 καὶ
3323 1339 3507 1392 πᾶσαν
3546 1340 3796 1410 περιεῖχε

576 1461 752 1513 lorum
783 1456 994 1511 animas
1048 1452 1387 1522 perlustrans
1437 1447 1736 1517 judicabat,
1767 1454 1820 1501 et
1849 1446 2030 1501 omnia
2066 1464 2097 1501 u

2227 1428 2324 1500 τὴν
2348 1430 2470 1500 γῆν,
2506 1431 2599 1482 καί
2622 1429 2729 1482 τῶν
2752 1429 3001 1483 ἀϐύσσων
3033 1430 3273 1501 ἐκράτει,
3299 1431 3393 1483 καὶ
3419 1430 3518 1494 τάς
3544 1432 3797 1485 ἑκάστων

572 1551 716 1606 Deus
741 1548 808 1603 de
839 1562 989 1602 more
1013 1522 1448 1600 administrabat.
1472 1538 1583 1595 Nec
1615 1539 1758 1594 enim
1791 1539 1931 1593 intra
1956 1540 2095 1594 mole

2229 1516 2406 1588 ψυχὰς
2438 1517 2729 1588 ἀνιχνεύων
2759 1517 3010 1589 διέκρινε,
3043 1517 3137 1572 καὶ
3168 1517 3347 1571 πάντα
3375 1515 3510 1590 ὁμοῦ
3543 1515 3794 1587 συνήθως

571 1654 862 1710 corporeas
895 1651 1145 1707 suprema
1196 1633 1472 1704 Sapientia
1531 1633 1742 1688 inclusa
1788 1631 2097 1687 continetur

2228 1603 2315 1663 οἷα
2354 1609 2485 1673 Θεὸς
2538 1609 2821 1681 ἔπραττεν.
2871 1611 2943 1663 Οὐ
2979 1610 3088 1682 γὰρ
3127 1609 3257 1663 εἴσω
3302 1609 3411 1663 τῶν
3462 1609 3794 1681 σωματικῶν

571 1700 713 1786 sicut
738 1727 958 1783 humida
984 1734 1039 1781 et
1075 1724 1223 1781 sicca
1253 1723 1402 1777 vasis
1434 1719 1863 1781 concluduntur,
1898 1726 1952 1773 et
1995 1734 2096 1774 con

2226 1700 2405 1769 ὄγκων
2450 1703 2482 1773 ἡ
2529 1701 2788 1756 ἀνωτάτω
2834 1702 2994 1771 σοφία
3043 1701 3409 1774 καθειργμένη
3456 1702 3789 1772 περιέχεται,

573 1823 809 1879 tinentur
835 1820 1018 1890 potius
1058 1830 1219 1888 quam
1272 1812 1612 1883 receptacula
1650 1812 1983 1865 contineant.
2018 1806 2097 1863 Sec

2226 1792 2474 1864 καθάπερ
2514 1795 2568 1846 al
2599 1792 2705 1846 τῶν
2747 1792 2928 1866 ὑγρῶν
2977 1794 3071 1849 καὶ
3116 1792 3296 1866 ξηρῶν
3338 1792 3480 1859 ὗλαι,
3528 1793 3640 1848 τῶν
3689 1792 3790 1865 μὲν

571 1930 694 1970 cum
738 1885 920 1968 divina
950 1885 1196 1981 «lttmdam
1226 1906 1298 1963 sit
1329 1912 1384 1960 et
1433 1903 1824 1973 inexplicabilis
1859 1900 2095 1972 potentia

2225 1886 2458 1955 ἀγγείων
2492 1885 2623 1940 εἴσω
2655 1886 3083 1949 κατακλείονται,
3116 1886 3456 1957 περιέχονται
3495 1885 3552 1939 δὲ
3587 1885 3790 1956 μᾶλλον

568 2004 756 2057 intima
778 2009 833 2057 et
858 1973 1059 2055 extima
1078 1997 1263 2068 templi
1291 1995 1661 2065 complectens
1689 1992 1976 2048 conﬁrmat
2006 2007 2023 2055 ;
2067 2006 2097 2046 e

2223 1977 2256 2046 ἢ
2311 1977 2620 2049 περιέχουσι
2666 1979 2764 2043 τὰς
2794 1978 2985 2050 θήκας.
3036 1977 3195 2033 Ἀλλά
3237 1978 3356 2032 θεία
3394 1995 3479 2041 τις
3507 1973 3641 2031 οὖσα
3695 1979 3791 2030 καὶ

570 2097 695 2151 hinc
740 2094 966 2150 ulterius
1026 2090 1364 2163 procedens,
1410 2087 1580 2143 moles
1629 2086 1791 2142 simul
1838 2085 2097 2139 universa:

2223 2069 2590 2140 ἀνέκφραστος
2627 2069 2875 2141 δύναμις,
2916 2072 2986 2126 τά
3014 2071 3061 2125 τ’
3097 2070 3359 2126 ἐνδοτάτω
3403 2071 3498 2123 καὶ
3533 2068 3791 2134 ἐξωτάτω

2223 2159 2316 2212 τοῦ
2350 2159 2454 2213 νεὼ
2496 2162 2992 2233 περιλαμϐάνουσα,
3026 2165 3295 2235 κραταιοῖ·
3332 2160 3625 2216 κάντεῦθεν
3655 2160 3787 2214 ἑπέ-

568 2189 855 2243 continens
879 2183 1213 2240 moderatur.
1936 2213 1968 2229 χ

2224 2268 2377 2305 κεινα
2408 2253 2687 2323 διήκουσα,
2718 2253 2922 2318 πάντας
2941 2253 3071 2325 ὁμοῦ
3100 2254 3225 2318 τοὺς
3248 2254 3443 2324 ὄγκους
3468 2254 3659 2324 κρατεῖ
3683 2268 3787 2307 m-

2226 2344 2502 2416 ριέχουσα.

914 2608 1186 2678 Ejusdem,
1213 2619 1279 2659 ea:
1304 2602 1483 2659 eadem
1513 2612 1769 2659 oratione.

2489 2603 2598 2659 Τοῦ
2623 2604 2833 2668 αὐτοῦ,
2866 2603 2935 2657 ἐκ
2967 2599 3074 2656 τοῦ
3103 2599 3287 2655 αὐτοῦ
3314 2600 3518 2669 λόγου.

639 2703 694 2758 Si
722 2711 899 2758 an'em
930 2701 1010 2756 sol
1044 2698 1201 2768 cujus
1227 2710 1426 2766 corpus
1460 2694 1608 2750 cerni
1634 2700 1686 2749 et
1717 2706 1883 2748 sensu
1910 2690 2097 2762 percip

2294 2696 2357 2750 Et
2379 2695 2425 2750 δ’
2448 2698 2476 2751 6
2500 2696 2670 2769 ἥλιος,
2710 2695 2867 2766 σῶμα
2898 2694 2972 2749 ὢν
2999 2693 3194 2764 ὁρατὸν
3220 2692 3314 2746 καὶ
3339 2690 3587 2761 αἰσθήσει
3614 2705 3785 2743 κατα-

565 2803 766 2868 potest,
798 2800 879 2848 tot
909 2799 1196 2860 tantasque
1233 2788 1435 2857 ubique
1478 2792 1745 2840 terrarum
1779 2783 1958 2839 ferens
1987 2796 2097 2837 con.

2223 2786 2446 2860 ληπτὸν,
2485 2784 2753 2850 τοσαύτας
2784 2786 2877 2840 καὶ
2911 2783 3164 2849 τοιαύτας
3204 2781 3476 2854 πανταχοῦ
3510 2780 3615 2851 γῆς
3651 2782 3791 2835 ὐπο-

563 2888 836 2948 tumelias,
868 2899 978 2938 non
1000 2888 1171 2936 mutat
1190 2877 1458 2940 ordinem,
1491 2891 1588 2930 nec
1604 2875 1769 2929 ictum
1803 2874 1970 2928 ullum
1990 2887 2097 2943 par-

2224 2880 2396 2951 μένων
2437 2880 2638 2944 αίκίας,
2673 2879 2733 2931 οὐ
2769 2876 3088 2949 μεταϐάλλει
3117 2877 3215 2948 τὴν
3245 2875 3417 2941 τάξιν,
3445 2873 3565 2928 οὐδὲ
3595 2872 3786 2927 αἴσθε-

563 2992 692 3032 vnm
744 2988 1066 3046 magnumve
1111 2970 1296 3033 sentit,
1353 2969 1728 3037 incorpoream
1780 2963 2097 3035 Sapientian

2223 2988 2306 3025 ται
2343 2974 2541 3043 μικρᾶς
2568 2971 2600 3041 ἢ
2635 2971 2873 3042 μεγάλης
2898 2969 3126 3042 πληγῆς·
3159 2970 3256 3041 τὴν
3280 2968 3565 3038 ἀσώματον
3590 2966 3785 3035 σοφίαν

561 3068 730 3141 pollui
758 3031 1134 3124 existimamus
1160 3068 1214 3118 et
1239 3067 1450 3115 mutare
1476 3068 1743 3120 naturam,
1770 3058 1814 3111 si
1837 3058 1956 3126 ejus
1981 3063 2097 3111 tem

2223 3031 2800 3135 oldpsﬁa'xpaivecﬁat,
2828 3031 2930 3117 atat
2966 3031 3345 3133 μεταλλάττειν
3384 3031 3483 3133 τὴν
3513 3031 3695 3129 φύσιν,
3733 3058 3786 3112 εί

561 3163 711 3231 plum
737 3158 887 3214 cruci
936 3155 1203 3226 alligatur,
1235 3159 1329 3207 aut
1358 3151 1786 3207 destructionem
1823 3150 2092 3205 sustineat

2223 3157 2248 3208 6
2276 3157 2398 3219 ναὸς
2428 3156 2593 3227 αὐτῆς
2617 3154 2831 3228 σταυρῷ
2852 3154 3233 3228 προσηλοῦται,
3261 3153 3294 3226 ἢ
3322 3153 3472 3208 λύσιν
3499 3151 3782 3224 ὐπομένει,

563 3258 655 3304 aut
683 3232 905 3305 vulnera
938 3246 1190 3316 excipiat,
1222 3252 1317 3298 aut
1363 3242 1764 3311 corruptionem
1826 3239 2097 3295 admittat‘

2223 3247 2252 3318 ἢ
2305 3249 2505 3319 τρῶσιν
2550 3250 2858 3318 ὑφίσταται,
2912 3248 2946 3320 ἢ
2996 3246 3289 3320 διαφθοράν
3333 3247 3574 3318 δέχεται;
3621 3242 3787 3298 ’Λλλά

563 3340 672 3396 Sed
702 3344 962 3411 templum
1009 3336 1228 3407 quidem
1278 3333 1509 3407 patitur;
1556 3332 1692 3386 labis
1713 3338 1893 3385 autem
1921 3345 2097 3400 exper:

2223 3341 2416 3410 πάσχει
2450 3341 2549 3412 μὲν
2573 3344 2601 3395 6
2625 3339 2780 3405 νεὼς,
2813 3344 2846 3413 ἡ
2874 3342 2929 3395 δὲ
2958 3340 3286 3413 ἀκηλίδωτος
3312 3339 3469 3395 οὐσία
3496 3337 3789 3392 παντάπα-

561 3434 887 3497 substantia,
916 3434 1061 3486 omni
1086 3444 1151 3486 ex
1183 3435 1335 3499 parte
1362 3425 1697 3497 impollutam
1722 3422 1917 3479 retinet
1939 3421 2097 3493 digni.

2223 3450 2304 3487 σιν
2330 3434 2592 3505 ἄχραντος
2612 3433 2709 3506 τὴν
2739 3433 2895 3500 ἀξίαν
2935 3433 3289 3506 καθέστηκεν.

562 3535 747 3581 tatem.

2130 3623 2197 3679 Il.

563 3767 621 3821 In
659 3764 790 3819 illud
840 3760 1097 3816 Proverb.
1140 3776 1215 3825 Ix,
1240 3760 1275 3815 5
1307 3777 1321 3812 :
1348 3757 1615 3838 Concedite
1640 3774 1825 3838 panem
1866 3776 2055 3838 meum.
2103 3760 2355 3838 {stultitiae
2385 3782 2559 3838 mnum
2592 3768 2729 3838 quod
2759 3769 2943 3823 miscui
2967 3769 3131 3827 vobis.
3154 3799 3226 3812 —
3260 3770 3337 3827 Ex
3372 3770 3526 3829 Actis
3554 3773 3780 3830 concilii

1473 3826 1673 3882 Nicmni
1705 3844 1762 3893 ιι,
1795 3826 1907 3883 act.
1936 3846 2010 3894 v1,
2041 3838 2082 3886 t.
2109 3829 2238 3898 Vlll,
2269 3851 2392 3906 pag.
2426 3837 2562 3892 1099
2584 3826 2637 3894 et
2682 3839 2835 3894 M79.

886 3954 1065 4017 νεηίο
1088 3958 1360 4013 Anastasii
1389 3956 1802 4012 Bibliotliecarii.

630 4084 771 4154 Ergo
802 4077 1011 4151 liquido
1042 4076 1476 4131 demonstratum
1520 4080 1604 4128 est
1623 4113 1637 4136 ,
1671 4071 1817 4142 quod
1848 4089 2097 4144 nusquan

2284 4072 2490 4129 Οὐκοῦν
2542 4077 2724 4147 σαφῶς
2757 4079 3147 4145 ἀποδέδεικται,
3199 4080 3279 4135 ὅτι
3332 4079 3566 4151 οὐδαμοῦ
3593 4080 3719 4135 οὔτε
3747 4084 3781 4137 6

561 4174 819 4235 Dominus
848 4170 931 4225 vel
963 4164 1194 4238 apostoli
1234 4171 1328 4219 aut
1357 4163 1547 4219 Patres
1568 4206 1583 4231 ,
1627 4164 1914 4233 imaginem
1961 4166 2097 4223 dixe-

2223 4165 2434 4236 Κύριος,
2456 4166 2595 4220 ὀὐτε
2635 4171 2683 4222 oi
2739 4169 3021 4224 ἀπόστολοι
3052 4170 3085 4241 ἢ
3124 4171 3363 4244 Πατέρες
3395 4172 3578 4226 εἰκόνα
3608 4169 3780 4232 ,εἷπον

557 4273 685 4322 runt
713 4261 1038 4318 sacriﬁcium
1067 4259 1186 4313 sine
1207 4255 1468 4327 sanguine
1484 4255 1627 4325 quod
1652 4271 1747 4326 per
1776 4257 2097 4313 sacerdotem

2223 4263 2309 4334 τὴν
2340 4262 2426 4317 διὰ
2454 4263 2545 4317 τοῦ
2586 4265 2772 4335 ίερέως
2821 4264 3263 4339 προσφερομένην
3311 4266 3645 4337 ἀναίμακτον
3683 4267 3768 4320 θυ-

556 4357 800 4418 oﬁ'ertur,
832 4351 926 4409 sed
956 4351 1134 4421 ipsum
1163 4362 1361 4418 corpus
1383 4348 1629 4416 etipsum
1661 4348 2000 4418 sanguinem.
2045 4349 2097 4404 EI

2223 4352 2352 4417 τίαν,
2385 4352 2518 4406 ἀλλά
2547 4353 2678 4406 αὐτὸ
2724 4354 2881 4425 σῶμα
2918 4355 3010 4407 καὶ
3050 4352 3181 4406 αὐτὸ
3210 4349 3368 4425 αἷμα.
3400 4354 3509 4407 Καὶ
3539 4354 3647 4425 πρὸ
3673 4354 3779 4425 μὲν

556 4456 681 4503 ante
692 4442 1136 4502 sanctiﬁcationis
1152 4440 1369 4509 quidem
1389 4439 2044 4513 celebrationem,typos(l
2054 4441 2097 4512 9]

2223 4443 2308 4513 τῆς
2355 4445 2447 4498 τοῦ
2502 4446 2772 4518 ἀγιασμοῦ
2822 4445 3147 4511 τελειώσεως
3196 4446 3460 4501 ἀντίτυπά
3506 4462 3616 4499 τισι
3662 4445 3777 4499 τῶν

555 4536 877 4607 quibusdam
905 4531 1006 4589 SS.
1038 4530 1262 4587 Patrum
1301 4529 1418 4584 haec
1459 4529 1547 4600 pie
1587 4530 1762 4585 visum
1804 4539 1890 4586 est
1937 4533 2097 4587 nomi-

2223 4535 2381 4604 Ξγίων
2421 4535 2680 4610 Πατέρων
2737 4537 2973 4603 εὐσεϐῶς
3020 4538 3197 4605 εδοξεν
3247 4537 3639 4609 ὀνομάζεσθαι·
3693 4533 3775 4592 ὧν

553 4613 719 4696 nare;
760 4641 991 4698 quorum
1026 4631 1111 4680 est
1143 4622 1459 4679 Eustathius
1504 4630 1875 4693 propugnator
1916 4625 2097 4679 ortbo-

2223 4629 2356 4680 ἐστιν
2378 4628 2669 4694 Εὐστάθιος
2689 4633 2717 4684 6
2741 4630 3006 4701 εὐπαθὴς
3033 4631 3311 4702 πρόμαχος
3350 4629 3452 4701 τῆς
3488 4627 3772 4700 ὀρθοδόξου

552 4719 705 4775 dou:
730 4718 850 4773 ﬁdei
874 4725 929 4772 et
949 4715 1163 4770 Arianae
1183 4714 1492 4770 destructor
1508 4715 1760 4780 vesaniae,
1783 4723 1839 4771 et
1857 4713 2097 4783 Basilius,

2223 4719 2463 4787 πίστεως,
2498 4723 2591 4776 καὶ
2626 4724 2725 4795 τῆς
2760 4723 3039 4795 Ἀρειανῆς
3072 4720 3503 4793 κακοδαιμωνίας
3535 4720 3773 4774 καταλυ-

551 4810 796 4880 ejusdem
829 4809 1063 4865 infelicis
1083 4806 1487 4878 superstitionis
1516 4805 1814 4877 depositor,
1840 4807 2097 4878 quiomnt

2223 4811 2327 4883 ιὴς,
2351 4813 2444 4866 καὶ
2470 4812 2743 4877 Βασίλειος
2765 4814 2861 4886 τῆς
2885 4814 3057 4884 αὐτῆς
3081 4813 3495 4884 δεισιδαιμονίας
3515 4811 3774 4885 καθαιρέ-

549 4902 694 4972 quod
742 4902 844 4957 sub
886 4900 1001 4956 sole
1041 4906 1162 4962 est,
1212 4898 1429 4969 planam
1479 4904 1754 4952 rectorum
1796 4896 2097 4970 dogmatum

2223 4919 2320 4973 ςης,
2343 4907 2374 4958 6
2394 4905 2491 4977 τὴν
2508 4906 2596 4975 ὐφ’
2632 4907 2782 4978 ¹ἥλιον
2818 4907 2912 4978 τὴν
2936 4907 3082 4960 λείαν
3110 4905 3262 4977 βάσιν
3283 4906 3392 4959 τῶν
3422 4905 3598 4979 ὀρθῶν
3622 4904 3769 4958 ἐκδι-

550 4996 725 5050 basim
793 4992 1029 5049 edocuit.
1094 4991 1176 5047 Ex
1219 5005 1330 5045 uno
1379 4987 1527 5045 enim
1573 4988 1872 5060 eodemque
1914 4990 2097 5059 spiritu

2223 4994 2367 5061 ῑάξας
2401 4996 2700 5069 δογμάτων.
2750 4998 2838 5065 Ἐξ
2863 5000 2979 5063 ἑνὸς
3012 4998 3118 5070 γὰρ
3155 4999 3248 5053 καὶ
3280 4995 3375 5051 τοῦ
3412 4995 3575 5053 αὐτοῦ
3605 4997 3774 5050 πνεύμ-

549 5089 915 5159 disputantes,
939 5100 1081 5141 unus
1102 5084 1320 5155 quidem
1349 5099 1537 5140 eorum
1569 5084 1934 5153 interpretans
1962 5082 2097 5137 Salo-

2223 5101 2374 5149 ιατος
2403 5085 2780 5158 φθεγγόμενοι,
2812 5090 2841 5140 ὁ
2869 5089 2962 5158 μὲν
2991 5086 3304 5159 ἑρμηνεύων
3340 5087 3403 5155 τὸ
3427 5088 3486 5139 ὲν
3509 5078 3626 5149 ταῖς
3653 5085 3772 5138 Πα-

549 5178 856 5232 moniacum
886 5176 1091 5231 dictum
1124 5175 1270 5246 quod
1304 5175 1362 5229 in
1391 5172 1701 5229 Proverbiis
1742 5173 1937 5242 legitur
1966 5190 1979 5227 :
2014 5171 2097 5228 Co

2223 5178 2442 5247 ποιμίαις
2458 5177 2795 5249 Σολομῶντος
2824 5180 3001 5251 ῥητόν
3030 5178 3249 5250 Φὰγετε
3265 5178 3372 5234 τὸν
3387 5179 3534 5250 ἐμὸν
3557 5176 3765 5247 ἄρτον,

549 5268 735 5322 medite
772 5285 957 5339 panem
1000 5283 1172 5321 meum
1207 5275 1258 5322 et
1303 5252 1459 5321 bibite
1503 5264 1680 5319 vinum
1720 5262 1858 5335 quod
1918 5264 2097 5320 miscui

2223 5268 2299 5322 ιαὶ
2323 5268 2487 5323 ariete
2523 5265 2688 5325 οἷνον
2714 5271 2786 5326 ὃν
2815 5270 3106 5342 κεκέρακα
3131 5271 3292 5342 ὑμῖν,
3320 5272 3447 5327 τάδε
3483 5270 3633 5342 φησί·
3658 5271 3768 5326 Διὰ

618 5426 730 5502 (l9)
759 5425 1191 5502 Celgbrationem,
1221 5433 1390 5494 typos.
1410 5422 1538 5502 _Gr.,
1579 5425 2101 5502 comum_ma_tianem_,
2209 5442 2317 5502 non
2339 5442 2468 5483 raro
2485 5436 2683 5484 vocant
2704 5436 2964 5502 antitypa,
2987 5439 3046 5485 ut
3068 5429 3436 5487 Nazianzenus
3458 5430 3615 5502 Orat.
3642 5429 3765 5502 [ιιι.

547 5493 806 5574 ᾳηὶίιῃρα.
838 5494 1188 5574 Sacramenta
1209 5493 1456 5574 corporis
1482 5502 1538 5549 et
1556 5495 1836 5574 sanguian
1867 5493 2101 5574 Domini,
2208 5497 2264 5551 in
2293 5514 2546 5563 sororem,
2564 5493 2914 5574 et-Apologz'i
2939 5493 2957 5568 ;'
2985 5503 3223 5574 Cyrinus
3256 5502 3523 5574 Hierosql.
3544 5493 3764 5574 Catuli.

549 5563 811 5619 ἀντίτυπα
840 5569 1109 5638 μυστήρια
1141 5563 1490 5638 vocatetiam
1521 5563 1711 5618 auctor
1757 5563 2097 5638 Constitutio-

2223 5584 2239 5618 ν
2271 5578 2451 5638 myst.,
2487 5578 2541 5625 et
2568 5563 2705 5634 alii,’
2729 5579 2786 5625 ιιι
2814 5563 3074 5629 observat
3106 5573 3425 5631 scholiastes
3451 5571 3671 5628 Graccus
3691 5571 3764 5626 ad

548 5653 669 5688 num
702 5632 871 5703 aposi.
920 5632 1094 5704 libL'v.
1124 5649 1253 5704 cap._
1288 5632 1385 5704 14,
1401 5633 1492 5704 lib.
1524 5648 1601 5696 τι,
1629 5648 1768 5704 τοι).
1798 5635 1890 5695 50.
1920 5643 1972 5689 et
2002 5634 2097 5690 lib.
2207 5632 2349 5695 hunc
2375 5638 2575 5696 Niceni
2603 5632 2815 5698 concilii
2842 5643 3041 5703 locum.

546 5721 644 5771 vn,
676 5701 794 5776 cap.
822 5704 910 5759 25.
945 5702 1035 5759 Sic
1060 5701 1389 5760 itetn'Grmci
1413 5701 1601 5758 Patres
1619 5701 1732 5775 jam
1762 5704 2097 5760 sanctiﬁcata
