4080 6334
527 315 640 370 687

1482 300 1539 358 Β.
1581 295 1951 356 EUSTATHII
1991 291 2298 350 EPISCOPI
2336 291 2750 348 ANTIOCHENI

3671 289 3775 347 688

531 430 762 502 vestigia
792 443 1126 502 persequens
1147 469 1162 492 ,
1204 427 1310 481 hoc
1337 433 1554 495 quoque
1587 422 1726 476 inter
1762 416 1867 472 alia
1905 415 2099 485 majori

2206 411 2390 467 παθῶν
2420 412 2582 467 αὑτοῦ
2614 411 2822 480 διεξιὼν
2844 413 2988 483 ἴχνη,
3022 409 3157 482 πρὸς
3187 411 3298 472 τοῖς
3319 407 3498 473 ἄλλοις
3521 409 3778 482 ἐπιφέρει

535 540 667 580 voce
700 523 982 592 subjunxit
1009 522 1052 554 "
1086 540 1099 576 :
1135 518 1202 574 Et
1230 516 1454 572 vidimus
1472 530 1612 576 eum,
1645 520 1694 566 et
1731 527 1833 565 non
1866 518 1943 564 est
1982 522 2098 576 spe-

535 617 639 670 cies
672 617 720 669 ei
751 631 910 684 neque
935 615 1133 668 decor:
1163 609 1251 665 sed
1293 609 1482 679 species
1512 605 1625 674 ejus
1658 602 1897 672 despecta
1924 610 1975 655 et
2007 599 2098 653 de-

535 708 720 776 formis
753 706 896 774 infra
929 707 1070 775 ﬁlios
1111 703 1400 758 hominum.
1451 699 1652 755 Deinde
1681 704 1866 767 aperte
1907 703 2097 749 osten-

533 797 700 859 dens,
733 797 876 866 quod
912 796 979 850 ad
1010 794 1280 849 hominem
1302 833 1316 855 ,
1347 805 1455 844 non
1500 787 1565 842 ad
1601 786 1771 842 Deum
1803 783 2099 839 referenda:

536 897 665 944 sunt
721 889 932 943 decora:
980 886 1168 941 formae
1219 893 1273 938 et
1322 880 1668 940 affectiones,
1725 876 1918 931 iterum
1971 889 2096 928 mox

535 979 686 1033 addit
714 997 727 1032 :
757 977 929 1031 Homo
965 977 1018 1030 in
1047 974 1206 1044 plaga
1241 971 1493 1028 exsisteae
1513 1008 1528 1035 ,
1563 977 1618 1022 et
1645 967 1812 1022 sciens
1846 965 1980 1030 ferre
2007 964 2098 1018 in-

537 1069 862 1138 ﬁrmitatem.

2202 503 2471 558 καὶτοῦτο
2507 503 2988 575 μεγαλοφωνοτέρᾳ
3018 501 3133 572 βοῇ,
3163 501 3242 566 τὸ,
3276 499 3389 554 Καὶ
3415 500 3651 569 εἴδομεν
3671 505 3781 556 αὑ-

2201 595 2326 659 τὸν,
2358 596 2453 648 καί
2481 597 2590 648 οὐκ
2611 591 2774 664 εἶχεν
2797 596 2934 649 οὔτε
2959 591 3118 660 εἶδος
3157 594 3294 647 οὔτε
3333 591 3580 658 κάλλος,
3615 593 3785 648 ἀλλὰ

2203 685 2268 740 τὸ
2298 683 2455 752 εἶδος
2501 685 2687 739 αὐτοῦ
2729 686 2938 754 ἄτιμον
2970 685 3067 738 καὶ
3117 683 3402 738 ἐκλεῖπον
3433 687 3592 751 παρὰ
3633 685 3784 750 τοὺς

2201 775 2370 841 υἱοὺς
2394 775 2510 828 τῶν
2540 773 2881 842 ἀνθρώπων.
2906 771 3034 828 Εἶτα
3063 774 3358 846 διαρρήδην
3382 774 3677 842 ὲκφαίνων,
3701 774 3785 837 ὡς

2203 871 2282 932 εἰς
2307 869 2397 922 τὸν
2439 868 2741 941 ἄνθρωπον,
2797 868 2911 921 ἀλλ’
2941 869 3040 921 οὐκ
3084 871 3164 931 είς
3194 867 3254 920 τὸ
3293 867 3446 919 Θεῖον
3477 868 3785 938 ἀνήρτηται

2201 960 2272 1015 τά
2291 961 2392 1030 τῆς
2423 961 2752 1032 εὐπρεπείας
2781 960 2897 1030 είδη
2922 977 2980 1012 τε
3012 959 3106 1012 καὶ
3129 959 3294 1029 πάθη,
3325 959 3638 1030 παραυτίκα
3671 959 3785 1012 πά-

2201 1052 2285 1106 λιν
2324 1055 2515 1122 ἐπάγει
2540 1051 2792 1122 προσθείς
2811 1068 2824 1081 ·
2857 1054 3189 1120 Ἀνθρωπος
3225 1050 3294 1103 ἐν
3313 1048 3516 1119 πληγῇ
3543 1048 3649 1118 ὢν,
3678 1049 3783 1105 καὶ

2201 1145 2372 1212 εἰδὼς
2402 1145 2603 1214 φέρειν
2625 1145 2950 1216 μαλακίαν.

2041 1258 2244 1316 latosu.

790 1387 1038 1460 Ejusdem
1059 1429 1074 1454 ,
1107 1401 1172 1440 ea:
1204 1382 1384 1439 eadem
1399 1381 1854 1452 interpretatione.

613 1481 732 1551 Ipse
769 1497 897 1550 ergo
919 1482 964 1537 is
1001 1487 1084 1535 est
1119 1478 1208 1551 qui
1242 1485 1360 1548 post
1389 1475 1745 1531 contumelias
1777 1474 1894 1528 sine
1922 1471 2100 1542 specie

540 1585 594 1629 et
623 1575 791 1630 forma
826 1575 976 1630 visus
999 1613 1014 1636 .
1048 1574 1241 1628 iterum
1275 1569 1472 1626 deinde
1501 1568 1801 1623 mutatione
1834 1567 1972 1620 facta
2004 1567 2100 1621 de-

539 1681 720 1720 corem
757 1667 950 1721 induit.
985 1664 1167 1734 Neque
1199 1664 1343 1720 enim
1383 1663 1634 1716 habitans
1675 1661 1730 1714 in
1792 1660 1910 1730 ipso
1960 1659 2101 1713 Deus

2422 1379 2530 1434 Τοῦ
2555 1379 2762 1444 αὐτοῦ,
2793 1380 2862 1434 ἐκ
2886 1378 2994 1449 τῆς
3019 1379 3208 1448 αὐτῆς
3232 1377 3562 1448 ἑρμηνείας.

2279 1471 2447 1536 Αὐτὸς
2491 1473 2576 1544 ἄρ’
2610 1468 2760 1536 οὗτός
2793 1475 2939 1525 ἐστιν
2974 1475 3001 1525 ὁ
3043 1472 3176 1542 μετά
3212 1472 3308 1534 τάς
3337 1470 3541 1540 ὕϐρεις,
3570 1467 3775 1540 ἀειδὴς.

2206 1561 2448 1635 ἄμορφος
2493 1563 2724 1634 ὁραθείς,
2752 1559 2872 1617 εἶτα
2918 1563 3078 1616 πάλιν
3127 1564 3191 1615 ὲκ
3238 1561 3539 1633 μεταϐολῆς
3579 1559 3782 1631 εὐπρέ-

2205 1673 2362 1710 πειαν
2412 1656 2784 1727 ἐνδυσάμενος.
2821 1656 2954 1710 Οὐδὲ
2983 1655 3092 1727 γὰρ
3137 1659 3164 1710 ὁ
3211 1655 3479 1709 κατοικῶν
3526 1655 3582 1706 ὲν
3628 1651 3780 1723 αὑτῷ

542 1759 716 1812 instar
741 1759 862 1830 agni
886 1758 951 1812 ad
987 1766 1209 1812 mortem
1243 1755 1442 1810 ductus
1481 1763 1565 1810 est
1593 1761 1646 1808 et
1686 1762 1944 1824 tanquam
1982 1753 2101 1806 ovis

2206 1749 2331 1812 Θεὸς
2363 1749 2532 1820 ἀμνοῦ
2579 1748 2736 1818 δίκην
2763 1752 2842 1812 είς
2867 1749 3095 1803 θάνατον
3139 1748 3319 1818 ἤγετο,
3364 1747 3459 1800 καὶ
3502 1747 3780 1817 προϐάτου

543 1859 831 1916 mactatus,
866 1867 989 1906 cum
1027 1851 1098 1906 sit
1136 1858 1329 1904 natura
1360 1847 1666 1904 invisibilis.

2206 1842 2405 1914 τρόπον
2433 1842 2823 1909 ἀπεσφάττετο,
2859 1840 3104 1911 φυσικῶς
3138 1840 3365 1911 ἀόρατος
3387 1840 3484 1895 ὢν.

1656 1954 1812 2025 Apud
1841 1951 2091 2008 eumdem
2137 1952 2279 2005 Dial.
2317 1969 2355 2015 ι,
2390 1969 2510 2022 pag.
2562 1954 2650 2007 38.

794 2077 1044 2148 Ejusdem
1065 2118 1080 2143 ,
1111 2093 1176 2132 ex
1203 2075 1383 2130 eodem
1417 2075 1862 2142 interpretatione.

612 2169 794 2225 Palam
820 2179 902 2225 est
934 2185 1081 2240 ergo,
1125 2171 1172 2224 si
1207 2183 1415 2238 ungens
1458 2166 1624 2222 Deum
1661 2165 1911 2235 designat
1947 2162 2108 2232 cujus

2414 2071 2522 2126 Τοῦ
2553 2071 2758 2135 αὑτοῦ,
2787 2072 2854 2126 ἐκ
2889 2073 2998 2141 τῆς
3026 2072 3212 2140 αὐτῆς
3245 2073 3575 2142 ἑρμηνείας.

2272 2165 2540 2236 Πρόδηλον
2569 2163 2681 2229 οὖν,
2712 2167 2867 2239 εἴπερ
2893 2169 2920 2220 ὁ
2964 2169 3131 2239 χρίων
3163 2166 3503 2222 ἀποδεικνύει
3538 2165 3694 2227 Θεὸν,
3721 2158 3783 2220 οὗ

541 2261 722 2342 sedem
752 2271 1005 2316 aeternam
1041 2261 1177 2314 dixit
1199 2301 1212 2320 ,
1253 2258 1398 2327 quod
1429 2267 1621 2311 natura
1651 2255 1794 2310 Deus
1833 2256 1904 2310 sit
1943 2262 2106 2325 atque

2206 2255 2291 2310 τὸν
2319 2256 2504 2328 θρόνον
2532 2253 2682 2311 εἶπεν
2719 2257 2956 2324 αἰώνιον,
2989 2259 3146 2330 δῆλος
3178 2259 3277 2330 μέν
3299 2262 3414 2312 ὲστι
3448 2259 3607 2327 φύσει
3646 2256 3783 2320 Θεὸς

541 2368 608 2408 ex
646 2352 752 2407 Deo
781 2353 1032 2422 genitus,
1083 2352 1175 2421 qui
1225 2353 1400 2405 unxit.
1442 2349 1546 2416 Qui
1596 2363 1728 2403 vero
1758 2355 1958 2402 unctus
1985 2354 2104 2410 est,

544 2445 863 2515 acquisitam
897 2445 1106 2513 accepit
1148 2443 1401 2496 virtutem
1422 2481 1436 2504 ,
1469 2441 1684 2512 egregio
1704 2439 1921 2509 templo
1943 2453 2101 2492 orna-

543 2544 632 2592 tus
661 2552 726 2590 ex
751 2536 1048 2592 habitantis
1069 2538 1124 2590 in
1161 2537 1280 2606 ipso
1309 2535 1616 2588 divinitate.

2202 2352 2268 2404 ὲκ
2299 2346 2435 2404 Θεδῦ
2467 2351 2743 2424 γεννηθεὶς
2781 2357 2809 2407 ὁ
2850 2355 3039 2426 χρίσας
3061 2359 3075 2384 ³
3107 2355 3135 2407 ὁ
3177 2354 3234 2408 δὲ
3266 2353 3506 2426 χρισθεὶς
3548 2354 3786 2425 ἐπίη-

2201 2459 2290 2497 τον
2315 2443 2534 2515 εἴληφεν
2561 2445 2780 2518 ἀρετὴν,
2812 2447 3048 2519 ὲκκρίτῳ
3086 2447 3349 2519 ναουργίᾳ
3386 2446 3682 2519 κοσμηθεὶς
3712 2449 3780 2500 ἐκ

2199 2534 2299 2604 τῆς
2329 2535 2421 2588 τοῦ
2452 2536 2830 2601 κατοικοῦντος
2851 2539 2910 2592 ὲν
2941 2537 3089 2608 αὐτῷ
3115 2538 3384 2609 θεότητος.

1595 2647 1753 2720 Apud
1789 2644 2185 2702 Theodoritum
2236 2647 2380 2704 Diat.
2406 2668 2456 2719 1,
2480 2668 2601 2724 pag.
2633 2654 2719 2708 '57.

545 2763 728 2819 Sancti
767 2763 1036 2817 Eustatlui
1069 2763 1296 2831 episcopi
1334 2761 1642 2816 Antiocheni
1667 2770 1718 2814 et
1753 2762 2100 2829 conlessoris,

1027 2849 1090 2887 ea:
1117 2833 1250 2887 libro
1277 2832 1347 2887 De
1377 2833 1578 2886 anima.

614 2947 753 3014 Quid
789 2955 970 3003 autem
1003 2948 1182 3002 dicent
1219 2948 1310 3017 qui
1347 2947 1412 3000 ad
1456 2945 1680 3001 infantis
1721 2947 2099 3002 educationem

2214 2762 2322 2817 Τοῦ
2350 2765 2519 2837 ἀγίοῦ
2559 2769 2894 2822 Εὐσταθίου
2932 2767 3262 2821 ἐπισκόπου
3301 2767 3645 2837 ’Λντιοχέων
3675 2770 3778 2825 καὶ

2371 2836 2762 2908 ὀμοζλογητοῦ,
2790 2839 2984 2892 ἐκτοῦ
3018 2840 3154 2910 Περὶ
3185 2838 3364 2910 ψυχῆς
3394 2836 3600 2909 λόγου.

2278 2947 2342 3000 Τί
2369 2948 2416 3001 δ’
2446 2948 2510 3002 ἂν
2542 2950 2744 3003 εἴποιεν
2765 2953 2842 3014 είς
2872 2950 2969 3013 τὰς
2994 2950 3087 3003 τοῦ
3122 2950 3354 3021 βρέφους
3382 2951 3784 3022 ἀναϐλέψαντες

544 3042 880 3113 respexerint
899 3081 913 3103 ,
939 3042 1017 3096 vel
1050 3041 1116 3095 ad
1141 3043 1318 3096 aetatis
1343 3041 1712 3096 accessionem
1731 3079 1746 3106 ,
1775 3040 1859 3095 vel
1881 3040 1944 3095 ad
1978 3055 2106 3110 pro-

2206 3037 2531 3110 ἀνατροφὰς,
2567 3041 2599 3110 ἢ
2647 3042 2745 3113 τὴν
2776 3042 2874 3112 τῆς
2913 3042 3124 3112 ἡλικίας
3149 3041 3415 3106 ἀνάδοσιν,
3455 3043 3486 3114 ἢ
3525 3044 3621 3115 τὴν
3653 3044 3780 3096 ὲπί-

546 3135 855 3192 ductionem
878 3142 1191 3204 temporum
1217 3174 1232 3196 .
1272 3134 1354 3188 vel
1398 3133 1465 3187 ad
1498 3133 1743 3203 corporis
1798 3133 2095 3190 incremen-

2201 3147 2356 3183 τασιν
2393 3130 2500 3184 τῶν
2532 3131 2756 3203 χρόνων,
2785 3134 2818 3202 ἢ
2865 3133 2963 3204 τὴν
3001 3133 3092 3186 τοῦ
3123 3131 3373 3204 σώματος
3421 3133 3626 3205 αῦξην;
3662 3133 3784 3188 Ἵνα

545 3229 697 3284 tum?
746 3227 814 3282 Ut
873 3237 1050 3282 autem
1099 3227 1503 3298 praetermittam
1561 3227 1824 3281 miracula
1862 3227 1917 3281 in
1961 3236 2101 3282 terra

2206 3222 2258 3275 δὲ
2281 3223 2440 3294 παρῶ
2463 3223 2637 3292 λέγειν
2678 3223 2776 3286 τὰς
2801 3223 2890 3276 ἐπὶ
2917 3223 3142 3292 ἐδάφους
3169 3224 3608 3295 ὲκπληρωθείσας
3643 3223 3782 3278 θαυ⁴

542 3321 722 3386 edita,
754 3320 969 3374 videant
1007 3329 1346 3374 mortuorum
1378 3319 1860 3382 resuscitationes,
1893 3319 2104 3388 passio-

546 3412 634 3467 nis
653 3412 931 3484 symbola,
973 3411 1305 3482 ﬂagellorum
1348 3411 1577 3482 vestigia
1598 3451 1612 3474 ,
1646 3411 1925 3482 plagarum
1958 3412 2111 3465 εἰσιν

546 3504 734 3566 trices,
763 3501 906 3556 latus
928 3500 1254 3570 perfossum,
1289 3497 1565 3552 clavorum
1587 3506 1748 3553 notas
1767 3537 1783 3560 ,
1821 3496 2104 3567 sanguinis

547 3594 892 3660 eﬂ'usionem,
931 3593 1122 3647 mortis
1154 3593 1307 3662 signa
1327 3631 1344 3657 ,
1369 3599 1536 3662 atque
1567 3598 1626 3644 ut
1657 3591 1839 3646 omnia
1869 3591 2106 3661 comple-

550 3692 685 3750 ctar,
723 3684 893 3755 ipsam
924 3683 1126 3754 proprii
1160 3682 1406 3750 corporis
1435 3683 1907 3742 resurrectionem.

2207 3315 2559 3384 ματουργίας,
2610 3315 2892 3386 ὁράτωσαν
2925 3315 3021 3379 τὰς
3053 3315 3158 3368 τῶν
3193 3317 3399 3387 νεκρῶν
3431 3316 3780 3381 ἀναϐιώσεις,

2205 3405 2272 3459 τὰ
2295 3406 2388 3459 τοῦ
2415 3406 2618 3470 πάθους
2649 3407 2911 3478 σύμϐολα,
2941 3407 3008 3460 τά
3028 3407 3133 3460 τῶν
3160 3409 3438 3478 μαστίγων
3479 3409 3618 3480 ἴχνη,
3652 3410 3786 3473 τοὺς

2207 3497 2316 3550 τῶν
2362 3497 2584 3568 πληγῶν
2639 3499 2930 3580 μώλωπας,
2979 3499 3077 3562 τὰς
3118 3502 3464 3571 τετρωμένας
3517 3501 3782 3573 πλευρὰς,

2209 3591 2334 3652 τοὺς
2364 3591 2470 3644 τῶν
2497 3591 2641 3662 ἥλων
2669 3591 2890 3656 τύπους,
2925 3592 3025 3662 τὴν
3049 3591 3142 3644 τοῦ
3177 3595 3404 3664 αἵματος
3439 3594 3677 3665 ἔκχυσιν,
3711 3595 3784 3649 τὰ

2209 3681 2303 3735 τοῦ
2363 3682 2586 3738 θανάτου
2641 3687 2859 3756 σημεῖα,
2893 3685 3077 3738 καὶτὸ
3123 3685 3342 3757 σύμπαν
3379 3688 3571 3751 εἰπεῖν,
3610 3687 3784 3759 αὐτὴν

2213 3772 2310 3843 τὴν
2336 3771 2428 3830 τοῦ
2460 3773 2593 3832 ἰδίου
2630 3774 2876 3846 σώματος
2904 3777 3217 3832 ἀνάστασιν.

2062 3881 2266 3945 lanosi.

932 3992 1182 4065 Ejusdem
1203 4033 1217 4059 ,
1258 4009 1324 4049 ea:
1356 3993 1535 4049 eodem
1567 3993 1721 4049 libro.

621 4089 676 4143 Si
717 4087 845 4158 quis
884 4103 1016 4141 vero
1079 4085 1145 4140 ad
1180 4087 1430 4156 corporis
1474 4087 1877 4157 generationem
1937 4087 2110 4158 respi-

549 4181 655 4248 cit,
688 4181 862 4250 palam
897 4178 1294 4248 deprehendet,
1335 4177 1481 4248 quod
1526 4179 1579 4231 in
1632 4175 1903 4233 Bethleem
1946 4191 2107 4235 natus

550 4273 736 4330 fasciis
787 4281 869 4328 est
900 4273 1170 4327 involutus
1194 4309 1209 4334 .
1262 4278 1324 4326 et
1363 4271 1418 4325 in
1478 4269 1713 4342 [Egypto
1750 4279 1968 4340 propter
2007 4273 2109 4326 im-

549 4365 852 4426 manisaimi
920 4363 1149 4418 Herodis
1209 4361 1439 4417 insidias
1500 4377 1596 4432 per
1658 4361 1866 4432 aliquot
1939 4349 2185 4418 annosD

553 4458 846 4521 educatus.
876 4466 930 4517 et
967 4459 1025 4515 in
1065 4455 1332 4514 Nazareni
1369 4453 1447 4510 ad
1484 4453 1694 4510 virilem
1736 4463 1948 4512 atatem
1984 4471 2112 4528 pro-

552 4559 761 4608 vectus.
1527 4555 1536 4576 “

2476 4002 2586 4057 Τοῦ
2615 4003 2819 4069 αὐτοῦ,
2850 4005 2918 4059 ἐκ
2949 4005 3054 4059 τοῦ
3081 4007 3268 4062 αὑτοῦ
3299 4009 3504 4078 λόγου.

2283 4093 2392 4146 Καὶ
2415 4094 2521 4166 μὴν
2547 4095 2699 4159 εἴτις
2726 4098 2804 4159 είς
2823 4097 2922 4167 τὴν
2949 4097 3043 4154 τοῦ
3063 4098 3306 4170 σώματος
3317 4100 3562 4170 γέννησιν
3576 4100 3781 4171 ἀφορᾷ,

2213 4185 2489 4258 προδήλως
2534 4189 2812 4261 εὐρήσειεν
2853 4189 2916 4243 ἂν
2971 4190 3046 4255 ὡς
3077 4193 3134 4247 ὲν
3165 4195 3230 4267 τῇ
3281 4191 3523 4263 Βηθλεὲμ
3569 4191 3786 4261 τεχθεὶς

2213 4278 2626 4350 ὲσπαργανὼθη,
2649 4281 2756 4334 κᾶν
2788 4284 2852 4352 τῇ
2877 4281 3132 4355 Αἰγύπτῳ
3158 4284 3370 4360 χρόνοις
3402 4279 3606 4356 ἐτράφη
3638 4285 3786 4338 τισὶν

2213 4368 2396 4422 ένε-κεν
2421 4369 2522 4440 τῆς
2563 4371 2655 4424 τοῦ
2711 4372 3006 4444 ἀλάστορος
3038 4375 3326 4449 ἐπιϐουλῆς
3364 4375 3622 4448 Ἡρώδου,
3675 4374 3783 4430 κᾶν

2213 4465 2280 4533 τῇ
2308 4463 2554 4537 Ναζαρὲτ
2576 4465 2864 4535 ἀνδρωθεὶς
2893 4467 3122 4542 ηὐξήθη.

2060 4661 2263 4720 Intnsa.

970 4801 1225 4872 Ejusdem
1245 4842 1260 4868 ,
1279 4817 1348 4857 ea:
1372 4803 1552 4859 eodem
1575 4802 1727 4856 libro.

622 4894 740 4949 Non
789 4896 933 4951 enim
960 4903 1050 4951 est
1079 4897 1219 4951 idem
1263 4895 1682 4951 tabernaculum
1711 4893 1878 4950 Verbi
1903 4905 1959 4950 et
1987 4891 2112 4958 Dei,

551 5003 649 5058 per
677 4989 824 5059 quod
870 4989 1109 5044 divinam
1156 4989 1382 5060 gloriam
1419 4988 1892 5058 contemplabatur
1923 4987 2115 5042 beatus

553 5073 888 5150 Stephanus.

2499 4785 2609 4842 Τοῦ
2636 4787 2841 4853 αὐτοῦ,
2858 4788 2930 4844 ἐκ
2956 4787 3062 4842 τοῦ
3084 4787 3272 4843 αὐτοῦ
3294 4788 3496 4859 λόγων.

2272 4879 2362 4933 -Οὐ
2397 4880 2502 4952 γὰρ
2530 4883 2723 4936 ταυτόν
2749 4884 2943 4954 ἐστινὴ
2981 4880 3150 4955 σκηνὴ
3179 4880 3275 4936 τοῦ
3307 4882 3477 4951 Λόγου
3506 4881 3601 4934 καὶ
3620 4878 3780 4945 Θεοῦ,

2218 4972 2283 5027 δι’
2311 4969 2378 5046 ἧς
2395 4974 2496 5046 τὴν
2523 4975 2670 5028 θείαν
2695 4975 2913 5048 ἐθεώρει
2937 4975 3101 5040 δόξαν
3127 4978 3156 5030 ὁ
3188 4975 3453 5048 μακάριος
3491 4974 3782 5043 Στέφανος.

1673 5189 1830 5264 Apud
1863 5187 2113 5245 eumdem
2159 5181 2299 5236 Dial.
2327 5195 2386 5242 ιι,
2421 5192 2540 5249 pag.
2575 5175 2664 5231 90.

885 5305 1138 5378 Ejusdem
1157 5347 1172 5369 ,
1200 5324 1264 5362 ea:
1295 5307 1430 5361 libro
1461 5303 1537 5359 De
1559 5304 1765 5359 anima.

621 5397 757 5453 Ante
779 5398 1086 5468 passionem
1111 5397 1326 5468 quidem
1351 5397 1552 5466 ubique
1587 5392 1925 5462 corporalem
1957 5403 2112 5446 suam

553 5499 779 5546 mortem
817 5488 1096 5558 praedixit.
1140 5487 1463 5542 tradendum
1509 5502 1567 5541 se
1600 5481 1980 5538 sacerdotibus
2029 5479 2114 5532 di-

553 5594 682 5634 cens
704 5620 718 5645 ,
748 5587 801 5632 et
839 5578 1021 5632 crucis
1045 5586 1304 5647 tropaeum
1351 5575 1706 5631 annuntians.
1737 5569 1870 5625 Post
1903 5567 2112 5639 passio-

595 5789 598 5792 .
656 5735 962 5802 "Istum,
1001 5735 1056 5801 2,
1083 5735 1135 5789 3.

2414 5289 2524 5347 Τοῦ
2559 5287 2764 5351 αὐτοῦ,
2799 5289 2868 5342 ἐκ
2895 5287 2997 5342 τοῦ
3031 5288 3164 5359 Περὶ
3197 5286 3371 5358 ψυχῆς
3407 5286 3611 5356 λόγου.

2283 5381 2396 5454 Πρὸ
2423 5380 2529 5452 μὲν
2556 5378 2649 5431 τοῦ
2684 5378 2886 5442 πάθους
2925 5379 3189 5434 ἑκάστοτε
3221 5379 3311 5431 τὸν
3345 5375 3651 5446 σωματικὸν
3679 5375 3780 5428 αὖε

2216 5474 2308 5527 τοῦ
2333 5472 2594 5542 προῦλεγε
2616 5469 2861 5533 θάνατον,
2885 5473 2996 5534 τοῖς
3017 5470 3160 5540 ἀμφὶ
3180 5471 3302 5533 τοὺς
3329 5467 3615 5540 ἀρχιερέας
3632 5468 3784 5520 ἐκδο-

2213 5562 2475 5638 θήσεσθαι
2502 5561 2740 5630 φάσκων,
2769 5561 2860 5616 καὶ
2883 5561 2943 5614 τὸ
2959 5560 3053 5614 ⁴ιηοῦ
3078 5559 3307 5631 σταυροῦ
3328 5559 3581 5630 τρόπαιον
3601 5559 3780 5627 ἀπατ-
