4024 6328
270 237 378 292 οπο
1624 239 2061 298 FRAGMENTA.
3385 239 3488 297 690

266 347 502 420 τέλλωνο
543 347 680 420 μετά
715 348 770 402 δὲ
802 349 861 403 τὸ
894 347 1082 413 πάθος,
1119 353 1355 422 τριταῖος
1395 352 1457 404 ὲκ
1486 349 1592 406 τῶν
1624 351 1808 423 νεκρῶ·

1933 369 2056 410 nem
2078 369 2238 420 vero,
2270 369 2392 408 cum
2431 355 2594 410 tertio
2625 354 2712 410 die
2747 353 3134 411 resurrexisset
3156 370 3187 409 ι
3223 357 3483 421 mortuis,

265 440 521 505 ἀναστὰς,
559 440 934 506 ὲνδοιαξόντων
967 442 1145 496 αὐτῶν
1184 442 1477 515 ὲγηγέρθαι
1517 441 1624 496 τῶν
1656 443 1808 515 μαθηι

1933 453 1988 503 et
2041 447 2109 501 de
2153 447 2328 517 ipsius
2384 447 2784 502 resurrectione
2833 446 3144 502 dubitarent
3194 446 3482 517 discipuli,

257 531 393 597 τῶν,
417 533 695 602 ἐπιφανεὶς
729 533 909 598 αὐτοῖς
929 533 1075 604 αὐτῷ
1101 532 1332 605 σώματι,
1368 535 1542 606 σάρκα
1570 535 1668 606 μὲν
1689 535 1808 590 ἄπας

1933 519 2198 608 apparens
2257 537 2364 592 illis
2419 537 2472 592 in
2491 537 2676 593 eodem
2715 552 2973 608 corpore,
3003 552 3224 592 carnem
3269 536 3486 607 quidem

262 641 363 679 σαν
395 625 490 678 σὺν
513 624 721 688 ὀστέοις
749 624 890 694 ἔχειν
915 624 1204 696 ὼμολόγει’
1237 630 1354 689 ταῖς
1373 627 1426 680 δὲ
1448 627 1598 696 ὄψεσι
1629 626 1808 682 τούτωε

1929 639 2099 686 totam
2125 647 2249 686 cum
2274 632 2490 687 ossibus
2517 646 2576 687 se
2602 630 2801 686 habere
2821 631 3131 701 proﬁtetur:
3160 630 3332 684 oculis
3358 646 3487 684 vero
3549 655 3553 668 ξ

258 720 360 784 τὰς
399 720 744 790 τετρωμένας
779 719 1091 773 ὑποδάλλων
1133 719 1390 792 πλευρὰς,
1429 722 1522 774 καὶ
1563 722 1688 786 τοὺς
1732 721 1808 775 et}

1929 721 2147 776 illorum
2185 722 2486 792 perfossum
2528 722 2668 776 latus
2697 723 2996 792 ohjiciens,
3043 723 3318 776 clavorum
3351 737 3488 793 quo-

259 831 395 878 πους
418 812 594 866 αὐτῶν
620 811 952 867 ὑποδεικνύει
979 811 1087 866 τῶν
1116 813 1278 884 ἥλων.

1930 830 2037 884 que
2063 813 2277 868 illorum
2307 815 2532 884 vestigia
2554 813 2811 868 ostendit.

1352 931 1506 1002 Apud
1537 931 1785 987 eumdem
1828 929 1972 985 Dial.
2007 947 2089 997 ιιι,
2123 947 2248 1003 pag.
2274 932 2398 988 l56.

457 1045 568 1101 Τοῦ
595 1049 800 1115 αὐτοῦ,
827 1051 894 1120 ἐκ
915 1050 1022 1105 τοῦ
1050 1053 1183 1124 Περὶ
1211 1053 1388 1125 ψυχῆς
1417 1055 1621 1125 λόγου.

328 1137 406 1189 Δι’
432 1135 622 1206 ὀλίγων
647 1139 705 1193 δέ
731 1143 877 1196 ἐστιν
908 1143 1118 1212 ἐλέγξαι
1144 1144 1240 1216 τὴν
1267 1144 1432 1214 ὰσεδῆ
1466 1145 1822 1214 συκοφαντίαν

255 1228 436 1283 αὐτῶν
455 1247 469 1260 ·
507 1231 742 1302 μάλιστα
785 1235 882 1306 μὲν
910 1235 1038 1308 γὰρ,
1067 1238 1116 1289 εἰ
1155 1236 1229 1308 μὴ
1263 1235 1364 1306 τῆς
1391 1235 1498 1290 τῶν
1525 1236 1824 1308 ἀνθρώπων

254 1318 443 1374 ινεκεν
471 1324 740 1395 σωτηρίας
765 1328 843 1390 είς
872 1328 970 1398 τὴν
1005 1327 1096 1380 τοῦ
1121 1328 1350 1382 θανάτου
1383 1326 1592 1398 σφαγὴν
1615 1328 1676 1380 τὸ
1699 1327 1829 1381 ἴδιον

255 1414 516 1480 ικουσίως
537 1415 764 1484 ἐξεδίδου
789 1419 963 1490 σῶμα.
992 1420 1211 1492 Πρῶτον
1236 1421 1336 1492 μὲν
1358 1419 1552 1492 πολλὴν
1573 1420 1719 1491 αὑτῷ
1739 1437 1832 1472 πει

258 1505 574 1577 ριάπτουσιν
599 1509 896 1580 ἀδυναμίαν
919 1527 932 1539 ·
955 1511 1036 1564 ὃτι
1065 1512 1138 1582 μὴ
1159 1506 1269 1576 οἷός
1293 1511 1340 1566 τ’
1363 1511 1577 1580 ἐγένετο
1599 1510 1696 1582 τὴν
1719 1510 1826 1567 τῶν

254 1597 528 1670 πολεμίων
550 1601 724 1672 ὁρμὴν
755 1602 1016 1671 ἐπισχεῖν.

2275 1037 2554 1122 Ejusdem,
2585 1069 2649 1106 ea:
2671 1051 2804 1105 libro
2831 1051 2907 1105 De
2929 1027 3129 1104 animti.

1997 1145 2161 1201 Pauci
2191 1146 2442 1200 convinci
2487 1153 2666 1216 potest
2706 1145 2868 1214 impia
2920 1143 3131 1196 illorum
3162 1137 3430 1193 calumnia
3463 1156 3478 1192 :

1920 1247 1975 1294 et
2004 1239 2237 1293 maxime
2261 1237 2510 1308 quidem,
2549 1237 2594 1292 si
2632 1251 2739 1290 non
2771 1235 2963 1289 salutis
3005 1232 3281 1286 hominum
3314 1245 3481 1284 causa

1921 1345 2118 1400 corpus
2148 1345 2307 1385 suum
2340 1329 2408 1384 ad
2442 1336 2670 1384 mortem
2707 1334 2902 1398 sponte
2935 1341 3031 1382 sua
3075 1323 3324 1394 praebuit.
3358 1321 3480 1376 Pri-

1921 1437 2070 1475 mum
2103 1420 2244 1475 enim
2293 1433 2540 1489 magnam
2578 1417 2627 1472 ei
2666 1417 2972 1472 attribuunt
3015 1413 3476 1477 imbecillitatem,

1919 1513 2012 1584 qui
2039 1527 2146 1567 non
2168 1512 2406 1582 potuerit
2437 1508 2675 1565 hostium
2700 1509 2956 1580 impetum
2985 1507 3300 1580 reprimere.

1780 1719 1986 1774 lutosis.

529 1831 638 1886 Τοῦ
670 1831 876 1898 αὐτοῦ,
899 1833 967 1887 ἐκ
992 1833 1096 1886 τοῦ
1122 1833 1308 1888 αὐτοῦ
1339 1836 1545 1904 λόγου.

321 1925 418 1980 Διὰ
443 1926 495 1979 τὶ
518 1926 575 1980 δὲ
606 1928 730 1998 περὶ
756 1926 948 1980 πολλοῦ
972 1926 1244 1981 ποιοῦνται
1276 1929 1544 1983 δεικνύναι
1577 1928 1668 1982 τὸν
1698 1930 1822 1999 Χρι-

251 2017 379 2072 στὸν
413 2019 614 2089 ἄψυχον
655 2018 996 2089 ἀνειληφέναι
1041 2018 1218 2089 σῶμα,
1244 2019 1464 2088 γεώδεις
1499 2021 1822 2084 πλάττοντες

246 2113 464 2176 ἀπάτας
481 2129 494 2178 ;
517 2112 650 2176 Ἵνα,
670 2114 718 2165 εί
740 2111 1012 2184 δυνηθεῖεν
1033 2111 1352 2184 ὑποφθεῖραι
1375 2115 1542 2177 τινὰς,
1561 2113 1712 2166 ταῦθ’
1733 2112 1824 2166 οὖα

245 2222 355 2268 τως
375 2204 518 2275 ἔχειν
543 2203 834 2276 ὁρίζεσθαι,
854 2205 1150 2276 τηνικαῦτα
1165 2205 1262 2270 τὰς
1280 2205 1389 2258 τῶν
1403 2205 1588 2260 παθῶν
1605 2203 1819 2259 ἀλλοιώ-

249 2313 365 2360 σεις
395 2296 470 2367 τῷ
499 2295 624 2368 θείῳ
653 2296 1013 2368 περιάψαντες
1049 2297 1346 2369 Πνεύματι,
1371 2297 1565 2369 ῥᾳδίως
1588 2297 1812 2352 ἀναπεί-

251 2401 418 2438 σωσιν
437 2386 650 2450 αὐτοὺς,
675 2385 750 2445 ὡς
762 2387 862 2441 οὐκ
884 2386 1076 2441 ἔστιτὸ
1094 2387 1323 2459 τρεπτδν
1346 2389 1408 2440 ἐκ
1424 2387 1519 2458 τῆς
1546 2387 1610 2442 άτ
1619 2387 1812 2458 ρέπτου

247 2475 466 2546 φύσεως
488 2477 764 2550 γεννηθέν.

2320 1828 2604 1901 Ejusdem,
2629 1845 2693 1884 ex
2722 1827 2896 1883 eodem
2928 1828 3080 1881 libro.

1987 1925 2095 1981 Cur
2157 1933 2338 1980 autem
2385 1923 2566 1994 magni
2604 1921 2811 1976 faciunt
2861 1919 3146 1976 ostendere
3193 1917 3472 1974 Christum

1919 2031 2122 2087 corpus
2154 2016 2454 2070 inanimum
2483 2013 2792 2083 suscepisse
2810 2052 2838 2076 ,.
2855 2020 3063 2068 terreas
3091 2010 3311 2065 fraudes
3342 2025 3477 2064 con-

1920 2106 2222 2180 tingentes?
2264 2103 2334 2161 Ut
2381 2105 2428 2160 si
2458 2103 2668 2176 possint
2709 2103 2919 2173 aliquos
2949 2115 3330 2170 corrumpere,
3381 2097 3474 2169 qui

1917 2203 2029 2257 hac
2058 2201 2134 2257 ita
2164 2215 2223 2256 se
2248 2199 2448 2253 habere
2476 2196 2772 2262 deﬁniunt;
2813 2203 2943 2249 tunc
2982 2193 3328 2248 aﬂ‘ectionum
3355 2207 3476 2245 mu-

1915 2295 2146 2349 tationes
2203 2291 2388 2346 divino
2444 2291 2747 2345 tribuentes
2817 2287 3072 2360 Spiritui,
3134 2286 3290 2340 facile
3339 2283 3474 2353 ipsis

1914 2383 2309 2455 persuadeant,
2356 2381 2502 2454 quod
2544 2381 2804 2436 mutabile
2857 2387 2974 2445 est,
3029 2394 3097 2435 ex
3149 2374 3470 2431 immutabili

1911 2485 2107 2531 natura
2135 2476 2373 2547 genitum
2407 2488 2514 2530 non
2547 2491 2688 2530 esse.

245 2589 330 2645 Ex
371 2590 632 2646 Eustratii
674 2593 960 2665 presbyteri
997 2593 1110 2652 (ΣΡ.
1137 2595 1269 2651 libro
1309 2595 1558 2652 adversus
1601 2611 1685 2648 eos
1702 2594 1796 2675 qui.
1827 2593 2268 2718 dictant,i¢gtimas
2288 2592 2469 2646 statim
2501 2601 2654 2662 atque
2688 2607 2715 2644 e
2741 2606 2958 2659 corpore
2987 2588 3176 2643 solata!
3197 2593 3342 2652 sunt,
3369 2599 3472 2638 non

1591 2681 1796 2718 onerari
1832 2681 1850 2717 :
1881 2680 2000 2718 can.
2116 2703 2129 2716 .

1591 2681 1796 2734 operari
1832 2681 1850 2717 :
1881 2680 2000 2735 cap.
2043 2680 2129 2718 ιιι.

1141 2787 1299 2860 Apud
1324 2788 1594 2842 Allatium-
1627 2788 1700 2841 De
1741 2786 2066 2858 purgatorio,
2100 2801 2258 2858 pagg.
2287 2783 2553 2839 497-500.

315 2897 692 2969 Εὐρίσκομεν
715 2900 784 2954 δὲ
811 2900 909 2954 καὶ
936 2902 1286 2968 Εὐστάθιον,
1322 2905 1428 2958 τὸν
1477 2905 1820 2960 ἐπίσκοπον

251 2987 606 3058 Ἀντιοχείας
628 2991 736 3060 τῆς
763 2995 980 3062 Συρίας
999 2995 1096 3049 καὶ
1123 2997 1517 3066 ὀμολογητὴν,
1557 2999 1812 3067 λέγοντα

1987 2903 2285 2973 Reperimus
2321 2911 2572 2971 prwterea
2607 2898 2949 2954 Eustathium
2972 2901 3263 2991 Antiochia:
3298 2898 3470 2969 Syria

1915 3000 2212 3067 episcopum
2258 3007 2308 3051 et
2354 2995 2730 3064 confessorem,
2773 2992 3024 3048 Panibus
3080 2995 3197 3064 jam
3239 2991 3470 3048 laudatis

236 3081 312 3134 ἐν
336 3081 419 3148 τῷ
446 3085 579 3151 Περὶ
603 3083 808 3154 ψυχῆς
829 3085 926 3139 καὶ
953 3087 1098 3141 κατὰ
1127 3087 1440 3156 Ἀρειανῶν
1461 3089 1640 3158 λόγῳ,
1666 3104 1808 3143 συν-

1915 3105 2144 3144 consona
2165 3087 2386 3142 scribere
2408 3087 2460 3140 in
2489 3085 2622 3140 libro
2640 3088 2718 3142 De
2742 3087 2922 3140 anima
2950 3094 2998 3138 et
3021 3085 3461 3140 eontraArianos.

235 3171 367 3234 ῳδὰ
421 3173 544 3238 τοῖς
606 3175 1049 3243 προειρημένοις
1092 3176 1376 3246 Πίῑτράσι.
1442 3178 1710 3250 Σύμφωνα
1755 3179 1812 3233 δὲ

237 3263 451 3328 τούτοις
477 3265 685 3332 διεξιὼν
714 3269 741 3321 ὁ
765 3269 929 3332 αὐτὸς
972 3270 1234 3342 Ἱερεμίας
1255 3263 1550 3341 εἰσηγεῖται
1591 3271 1689 3335 τὰς
1716 3272 1809 3326 τοῦ

237 3354 379 3410 Θεοῦ
426 3357 834 3430 διακονούμενος
888 3362 1088 3431 φωνάς,
1145 3363 1212 3416 δι’
1253 3358 1327 3416 ὧν
1371 3363 1672 3432 δείκνυσιν,
1727 3365 1808 3418 ὅτι

240 3449 383 3520 μήτε
410 3449 506 3513 τὰς
550 3450 653 3503 τῶν
689 3451 910 3506 δικαίων
935 3455 1212 3527 προσίεται
1253 3457 1562 3528 πρεσϐείας,
1609 3459 1656 3510 εί
1690 3457 1810 3527 βου-

236 3539 454 3612 ληθεῖεν
488 3543 593 3595 τῶν
626 3546 924 3614 μιαιφόνων
953 3549 1109 3619 χάριν
1129 3547 1372 3613 ἀξιῶσαι.
1405 3551 1513 3603 Καὶ
1545 3547 1663 3603 εἷπε
1697 3550 1809 3603 Κύ-

237 3648 359 3702 ριος
381 3633 512 3704 πρὸς
545 3634 612 3705 μὲ
639 3635 812 3704 λέγων
829 3653 842 3666 ·
889 3638 1012 3691 Ἐὰν
1043 3641 1139 3710 στῇ
1180 3640 1410 3711 Μωῦσῆς
1436 3643 1529 3694 καὶ
1557 3641 1806 3712 Σαμουὴλ

238 3723 350 3794 πρὸ
377 3725 665 3795 προσώπου
707 3746 832 3799 μου,
865 3729 964 3781 οὐκ
1010 3728 1206 3800 ἔστινὴ
1239 3730 1381 3804 ψυχή
1408 3751 1507 3804 μου
1550 3735 1685 3802 πρὸς
1711 3736 1808 3789 αὑ-

233 3815 384 3878 τούς.
413 3816 742 3883 Δεδήλωται
771 3820 929 3888 παρὰ
953 3819 1026 3888 τῇ
1041 3821 1168 3887 θείᾳ
1189 3822 1420 3892 Γραφῇ,
1445 3808 1531 3877 δτὶ
1547 3825 1805 3893 Μωϋσῆς

235 3908 337 3960 καὶ
381 3908 660 3977 Σαμουὴλ
703 3909 1028 3966 ἀπέθανον·
1059 3911 1185 3978 πῶς
1212 3908 1326 3968 οὖν
1361 3914 1457 3968 καὶ
1500 3915 1650 3984 ὑπὲρ
1687 3915 1806 3969 τῶν

233 3998 500 4063 ἀναξίων
540 4003 996 4069 πρεσϐεύουσιν,
1041 4003 1093 4056 ει
1123 4003 1250 4057 καθ’
1296 4001 1450 4072 ὑμᾶς
1495 4007 1605 4059 οὐκ
1642 4006 1805 4073 ἐνερ-

233 4089 452 4159 γοῦσιν
484 4090 627 4161 (20);
661 4092 768 4146 Kal
795 4092 1055 4162 ἐπιφέρει
1081 4095 1266 4148 πάλιν
1299 4098 1330 4147 ό
1367 4097 1548 4163 αὐτὸς
1577 4096 1802 4166 Πατὴρ,

235 4181 334 4233 καί
357 4181 564 4249 φησίν·
601 4183 662 4235 El
687 4183 742 4236 δὲ
772 4183 858 4237 διὰ
879 4184 978 4254 τῆς
1004 4184 1096 4238 τοῦ
1117 4185 1352 4258 Χριστοῦ
1381 4187 1700 4256 ἐπιφανείας
1720 4191 1798 4252 εἰς

233 4271 328 4325 τὸν
388 4273 710 4342 παράδεισον
773 4277 833 4329 τὸ
887 4276 999 4329 τῶν
1068 4277 1365 4350 ἀνθρώπων
1444 4280 1648 4348 εἰσάγει
1707 4279 1801 4349 γέ-

1912 3180 2218 3237 Concordia
2263 3179 2349 3236 his
2379 3181 2718 3250 proseQuens
2740 3176 2880 3232 idem
2907 3175 3171 3232 Jeremias
3195 3214 3210 3240 ,
3242 3175 3469 3231 vocibus
3547 3168 3564 3181 ”

1912 3273 2008 3330 Dei
2059 3273 2367 3329 asserviens
2428 3271 2706 3334 insinuat,
2777 3269 2975 3338 quibus
3043 3275 3470 3333 commonstrat,

1911 3382 2087 3437 neque
2111 3367 2382 3436 justorum
2416 3361 2838 3432 supplicationes
2877 3369 3128 3429 acceptas
3160 3374 3219 3413 se
3244 3359 3469 3426 habere,

1911 3458 1957 3512 si
1993 3457 2160 3511 velint
2201 3455 2278 3508 illi
2309 3463 2528 3525 propter
2559 3451 2861 3506 homicidas
2896 3464 3081 3519 preces
3124 3447 3367 3502 fundere.
3405 3445 3472 3501 Et

1908 3546 2044 3601 dixit
2069 3545 2332 3600 Dominus
2361 3544 2430 3598 ad
2462 3560 2567 3608 me,
2593 3544 2782 3598 dicens
2817 3543 2862 3573 ⁸⁸
2891 3558 2906 3594 :
2941 3540 2998 3594 Si
3028 3541 3237 3595 steterit
3259 3540 3472 3611 Moyses

1909 3645 1962 3693 et
1993 3636 2212 3692 Samuel
2248 3645 2375 3690 ante
2404 3634 2595 3689 faciem
2625 3648 2799 3687 meam
2821 3674 2836 3697 ,
2878 3647 2987 3686 non
3023 3640 3106 3687 est
3135 3633 3316 3686 anima
3351 3647 3470 3686 mea

1907 3746 2037 3800 erga
2075 3729 2244 3799 ipsos.
2295 3727 2361 3782 In
2394 3727 2584 3781 divinis
2627 3727 2814 3780 litteris
2862 3725 3128 3778 indicatur
3163 3723 3378 3796 Moysen
3420 3737 3469 3778 et

1909 3819 2201 3874 Samuelem
2223 3820 2327 3874 vita
2355 3835 2466 3873 esse
2495 3817 2764 3886 defunctos
2791 3857 2805 3880 ,
2837 3817 3094 3886 quomodo
3123 3833 3243 3886 ergo
3270 3833 3364 3886 pro
3402 3816 3467 3868 iis

1905 3914 1995 3983 qui
2021 3913 2235 3966 minime
2271 3910 2418 3982 digni
2450 3920 2571 3964 sunt
2598 3953 2611 3974 ,
2652 3919 2844 3968 orant.
2883 3910 2929 3963 si
2958 3925 3047 3978 per
3077 3925 3163 3962 vos
3201 3925 3303 3962 non
3348 3925 3469 3978 ope-

1905 4011 2131 4060 rantur?
2161 4005 2319 4058 Hisce
2345 4015 2598 4072 prwterea
2640 4002 2776 4056 idem
2805 3999 2965 4055 Pa'er
3003 4000 3230 4053 adnecti:
3265 4009 3313 4054 et
3351 4017 3466 4070 qua:

1905 4107 2227 4168 sequuntur:
2261 4095 2318 4150 Si
2340 4097 2521 4166 itaque
2541 4136 2556 4160 ,
2587 4104 2875 4166 postquam
2904 4093 3156 4150 Christus
3180 4093 3463 4164 apparuit,

1903 4193 1958 4247 in
2019 4191 2330 4262 paradisum
2387 4206 2560 4261 genus
2608 4190 2901 4244 humanum
2951 4187 3281 4254 introducit;
3340 4203 3464 4240 cum

1902 4299 2032 4340 vero
2062 4283 2212 4337 cruci
2241 4279 2433 4336 allixus
2466 4289 2587 4346 est,
2626 4283 2893 4336 latronem
2926 4281 3106 4335 statim
3139 4278 3326 4333 eodem
3380 4277 3467 4334 die

232 4380 344 4427 νος,
396 4365 627 4437 ὁπηνίκα
658 4366 713 4420 δὲ
746 4368 1087 4440 ἐσταυρώθη,
1133 4369 1222 4423 τὸν
1268 4369 1466 4443 λῃστὴν
1495 4371 1799 4442 αὑθήμερον

1907 4373 1959 4427 in
1990 4373 2142 4426 illum
2164 4371 2602 4426 introducturnm
2632 4388 2690 4427 se
2714 4371 2964 4442 promisit
2986 4410 3000 4432 ,
3033 4385 3260 4440 corpore
3288 4369 3467 4423 adhuc

230 4456 468 4522 εἰσάξειν
496 4457 677 4511 αὐτόθι
721 4461 1141 4532 προηγόρευσεν,
1179 4460 1270 4514 τοῦ
1313 4462 1561 4532 σώματος
1589 4463 1668 4515 ἔτι
1709 4463 1798 4533 βε-

229 4546 502 4618 σλημένου
545 4549 622 4620 τῷ
657 4553 917 4623 μνήματι,
966 4551 1312 4623 συνέστηκεν,
1364 4555 1444 4606 ὃτι
1495 4554 1802 4608 συνδιαιτω-

231 4637 372 4708 μένη
402 4640 603 4710 κυρίως
629 4643 662 4711 ἡ
863 4642 955 4695 τοῦ
990 4643 1220 4715 Χριστοῦ
1250 4643 1328 4714 τῷ
1357 4645 1513 4714 Λόγῳ
1547 4647 1638 4699 καὶ
1662 4647 1801 4718 Θεῷ,

225 4730 308 4800 τῷ
341 4731 518 4784 πᾶσαν
562 4732 696 4802 ὁμοῦ
730 4734 825 4805 τὴν
857 4734 965 4786 τῶν
995 4735 1235 4805 γενητῶν
1265 4735 1568 4808 περιέχοντι
1604 4739 1799 4804 κτίσιν,

223 4821 328 4893 τὴν
352 4825 584 4895 ὁμογενῆ
615 4824 708 4878 τοῦ
738 4825 1022 4898 ἀνθρώπου
1052 4825 1227 4898 ψυχὴν
1255 4830 1334 4892 είς
1361 4827 1452 4881 τὸν
1480 4830 1804 4901 παράδεισον

223 4917 537 4987 εἰσήγαγεν.
569 4919 701 4971 usas
726 4918 832 4988 γάρ
857 4921 1003 4974 ἐστιν
1025 4921 1428 4991 γεγραμμένον,
1455 4921 1536 4974 ὅτι
1563 4921 1668 4993 πρὸ
1698 4923 1798 4992 τῆς

225 5009 574 5074 ἀναστάσεως
600 5010 692 5064 τοῦ
716 5012 870 5080 ἁγίου
915 5011 1162 5083 σώματος
1191 5013 1252 5066 τὸ
1271 5013 1362 5067 τοῦ
1392 5013 1588 5086 λῃστοῦ
1626 5033 1798 5088 προη-·

222 5100 398 5172 γέρθη
447 5103 602 5174 σῶμα
633 5103 731 5175 τὴν
779 5105 1104 5174 ἐπαγγελίαν
1147 5105 1436 5162 ἀπολαϐόν.
1479 5107 1795 5161 Ἀκόλουθον

217 5193 335 5264 ἄρα
374 5195 518 5248 ἐστὶν
565 5196 962 5268 ὑπολαμϐάνειν
1007 5198 1313 5270 ἐμφρόνως,
1343 5201 1484 5270 ὃτιή
1529 5199 1673 5271 ψυχὴ
1695 5199 1795 5272 τὴν

424 5380 499 5452 ΔΕΙ
527 5382 656 5433 καθ’
680 5377 832 5452 ὑμᾶς
852 5383 983 5452 οὐκ.
1009 5382 1202 5452 ἐνεργ.
1245 5381 1346 5452 δῖοί
1367 5398 1500 5439 sane
1537 5382 1786 5439 Allatius.

217 5445 506 5524 Fabricius
554 5445 736 5524 tamen
774 5445 910 5524 Bibl.
945 5450 1036 5504 Gr.
1072 5445 1203 5508 tom.
1240 5451 1371 5516 Vlll,
1406 5468 1526 5524 pag.
1557 5454 1679 5518 186,
1706 5455 1784 5524 le-

1828 4422 1877 4483 D

1902 4466 2046 4520 intra
2076 4465 2382 4534 sepulcrum
2416 4463 2687 4517 involuto:
2715 4470 2926 4518 constat
2948 4461 3014 4516 ab
3039 4462 3220 4516 anima
3238 4461 3462 4523 Christi,

1900 4573 2022 4629 quia
2056 4556 2272 4628 preprie
2300 4571 2422 4609 cum
2456 4554 2565 4610 Deo
2604 4564 2658 4610 et
2683 4552 2864 4609 Verbo
2903 4569 2992 4609 res
3022 4569 3211 4608 onmes
3252 4561 3466 4608 creatas

1903 4651 1957 4704 in
1987 4665 2046 4704 se
2078 4649 2391 4703 continente
2432 4655 2822 4713 commoratur,
2862 4659 3053 4700 natura
3089 4647 3194 4702 sibi
3232 4647 3464 4702 similem

1901 4742 2141 4797 hominis
2163 4742 2398 4796 animam
2441 4741 2496 4795 in
2526 4739 2839 4810 paradisum
2875 4739 3078 4794 illatam
3125 4738 3326 4794 fuisse;
3345 4737 3463 4792 Non

1903 4833 2050 4888 enim
2077 4833 2341 4902 scriptum
2373 4839 2457 4886 est
2478 4872 2494 4896 ,
2539 4842 2662 4887 ante
2723 4831 2898 4887 sancti
2927 4830 3175 4900 corporis
3214 4846 3464 4886 resurre-

1899 4923 2134 4978 ctionem
2165 4937 2366 4993 corpus
2396 4923 2621 4977 latronis
2647 4924 2700 4977 in
2730 4924 2892 4977 vitam
2940 4931 3289 4988 revocatum,
3338 4939 3465 4992 pro-

1899 5016 2054 5071 missi
2079 5031 2303 5088 compos
2331 5017 2530 5070 factum
2563 5016 2754 5072 fuisse.
2790 5016 3146 5086 Consequens
3183 5031 3312 5086 ergo
3346 5017 3464 5070 fue-

1896 5111 2006 5174 rit,
2063 5111 2109 5165 si
2141 5120 2428 5166 cauterem
2461 5110 2762 5180 intelligere
2803 5110 3094 5174 volumus,
3140 5109 3376 5162 animam
3431 5124 3460 5158 a

1892 5213 2124 5272 cognata
2157 5203 2262 5256 sibi
2304 5203 2522 5265 anima,
2567 5208 2824 5270 tanquam
2870 5214 2991 5270 qute
3037 5198 3245 5269 majore
3272 5208 3459 5252 aucto-

1891 5400 1992 5436 non
2023 5384 2097 5438 ita
2122 5391 2179 5436 ut
2213 5400 2306 5437 nos
2332 5381 2442 5452 (qui
2467 5382 2708 5447 vivimus)
2751 5383 3076 5450 operantur?
3095 5378 3266 5448 Quam
3297 5379 3457 5451 equi-

1888 5455 2010 5508 dem
2053 5454 2485 5520 emendationem
2531 5453 2751 5510 minime
2779 5454 3144 5510 necessariam
3173 5453 3457 5508 existima-

219 5521 456 5589 gendum
481 5521 672 5574 statuit
699 5521 816 5574 καθ’
844 5524 1008 5593 ἡμᾶς,
1043 5531 1204 5595 atque
1239 5524 1312 5580 ita
1336 5521 1688 5581 vertendum:
1723 5523 1783 5580 Si
1885 5525 2008 5579 rim.

330 5672 375 5704 ⁸³
413 5671 611 5730 Jerem.
647 5694 736 5743 xv,
761 5679 807 5734 l.
