4080 6334
300 348 397 408 693
1660 344 2101 403 FRAGMENTA.
3407 312 3516 405 eat

1199 464 1274 521 Ex
1304 481 1406 519 LIB.
1444 463 1574 518 VIII.
1604 495 1672 504 ——
1696 465 1846 533 Apud
1875 465 2110 521 eumdem
2139 462 2448 519 Facundum
2481 464 2519 521 ι.
2554 480 2602 520 c.

366 580 474 647 Qui
506 579 866 654 (Eustathius)
899 592 1080 637 octavo
1112 599 1310 652 quoque
1338 582 1473 635 libro
1508 582 1583 635 sic
1615 581 1690 634 ait
1726 598 1743 634 :
1779 582 2268 653 Contemplandum
2292 589 2470 637 autem
2511 584 2782 653 quomodo
2818 574 3045 653 loquéns
3082 581 3192 637 Deo
3222 590 3275 637 et
3301 582 3510 647 dicens.

297 675 361 728 Et
391 674 629 729 civitates
651 675 965 730 destruxisti
998 677 1066 741 ",
1098 693 1289 731 rursus
1324 678 1554 733 alterum
1589 677 1886 731 introducit
1918 677 2204 732 Dominum
2260 675 2524 741 inferens,
2562 676 2628 730 Et
2664 676 2919 732 Dominus
2951 679 3003 731 in
3034 687 3281 731 atternum
3315 689 3509 733 manet.

296 768 515 823 Paravit
546 770 601 822 in
618 768 827 837 judicio
848 768 1021 824 sedem
1045 768 1195 823 suam
1224 771 1291 826 π.
1323 770 1765 827 Manifestissime
1794 771 1936 827 enim
1969 771 2058 824 alii
2092 771 2159 825 de
2189 771 2295 826 alio
2318 772 2548 842 loquens
2585 778 2808 841 apparet
2845 790 2858 824 ε
2915 770 3240 839 significavit
3267 771 3395 840 quia
3426 771 3512 839 ju-

292 861 391 918 dex
416 872 523 925 est,
554 866 648 933 qui
676 865 1001 934 praaparavit
1034 866 1083 919 ei
1117 866 1300 920 sedem
1334 876 1589 937 tanquam
1637 867 1791 937 prius
1822 883 1929 921 non
1958 867 2176 921 habenti
2208 867 2351 920 hunc
2376 867 2636 920 honorem
2672 884 2685 919 :
2715 866 2794 920 sic
2825 865 3109 920 videbatur
3142 867 3286 936 loqui
3316 885 3329 919 :
3355 868 3512 935 quasi

294 974 388 1028 per
419 957 622 1029 ﬁguras
652 957 799 1014 enim
829 960 1105 1015 indicabat
1138 961 1507 1030 propheticas,
1544 962 1799 1031 quoniam
1827 962 1991 1016 homo
2014 976 2079 1015 ex
2112 959 2617 1029 membrisjustitite
2648 960 2907 1029 templum
2944 958 3196 1015 decenter
3227 959 3425 1021 factus,
3458 970 3513 1014 et

291 1052 668 1108 sacratissimo
696 1054 949 1109 habitans
982 1052 1187 1120 Verbo;
1223 1054 1443 1108 virtutis
1467 1054 1591 1125 \(23)
1619 1054 1845 1124 adeptus
1869 1061 1951 1109 est
1982 1060 2299 1124 perpetuum
2327 1053 2546 1109 solium.

365 1141 504 1199 Item
531 1145 584 1197 in
608 1145 787 1200 eodem
822 1145 955 1200 libro
981 1162 997 1198 :
1027 1145 1141 1199 Non
1175 1146 1341 1208 extim,
1380 1148 1478 1207 ait,
1510 1147 1603 1216 qui
1636 1148 1785 1216 regni
1816 1147 1998 1201 sedem
2035 1146 2216 1211 habet,
2245 1145 2469 1198 alteram
2496 1145 2596 1199 sibi
2629 1151 2856 1213 apparat
2885 1151 3117 1210 sortem;
3150 1143 3244 1198 sed
3279 1144 3364 1199 cui
3404 1159 3510 1196 non

290 1232 444 1287 adest
474 1233 622 1287 sedis
646 1234 909 1302 potentia.
942 1233 1084 1303 Ergo
1116 1235 1231 1288 hrec
1263 1233 1329 1286 ad
1362 1235 1637 1289 hominem
1663 1234 1866 1288 Christi
1900 1232 2189 1287 manifeste
2219 1233 2537 1302 respiciunt.
2585 1231 2771 1303 Neque
2801 1240 2980 1287 autem
3005 1234 3368 1302 Omnipotemi
3398 1234 3511 1287 haec

288 1325 601 1396 reponenda
631 1333 779 1389 sunt,
814 1326 1091 1395 proprium
1131 1327 1349 1381 habenti
1384 1336 1691 1398 sceptrum:
1724 1343 1897 1397 neque
1939 1325 2118 1381 Verbo
2167 1326 2343 1397 ipsum
2378 1340 2599 1395 regnum
2638 1324 2881 1388 habenti,
2945 1324 3088 1393 quod
3143 1326 3304 1378 etiam
3352 1324 3512 1380 Pater

287 1418 481 1483 habet;
509 1417 604 1472 sed
634 1418 688 1472 in
720 1418 939 1473 Christo
969 1419 1279 1484 dicendum,
1304 1422 1555 1475 Dominus
1585 1424 1639 1475 in
1667 1422 1792 1476 cwlo
1814 1422 2127 1491 pra-paravit
2155 1421 2325 1475 sedem
2349 1438 2519 1474 suout.
2541 1420 2672 1473 Nam
2695 1420 2936 1473 omnium
2962 1419 3120 1473 simul
3141 1427 3507 1475 creaturarum

286 1510 595 1567 dominator
628 1519 851 1581 propter
879 1512 1051 1567 divini
1082 1512 1245 1568 Verbi
1279 1514 1736 1569 commistionem.
2067 1520 2069 1523 ’

620 1643 773 1694 ΑιιΑ
806 1644 1191 1697 FRAGMENTA
1226 1647 1308 1697 EX
1342 1648 1555 1698 IISDEM
1582 1648 1783 1697 LIBRIS
1807 1646 2138 1699 ADVERSUS
2164 1624 2437 1696 ARIANOS
2466 1644 2823 1694 INDEFINITE
2848 1643 3175 1695 EXCI'I‘ATA.

364 1770 553 1849 Apud
584 1772 908 1835 Gelasium
940 1777 1029 1835 De
1060 1775 1301 1837 duabus
1336 1780 1586 1840 naturis
1617 1781 1685 1839 in
1715 1780 2010 1921 Christlfo.’
2038 1782 2199 1843 Bibl.
2234 1782 2360 1843 PP.
2395 1782 2601 1843 Paris.
2641 1781 2815 1855 163th,
2850 1787 3001 1841 tom.
3042 1781 3146 1851 IV,
3191 1788 3343 1858 part.
3379 1799 3420 1855 ι,

1741 1878 1881 1921 nan.
1954 1883 2048 1921 -4.
2852 1896 2853 1899 η

1731 1878 1881 1939 pag.
1914 1878 2048 1924 ltuit.
2852 1896 2853 1899 η

1023 2000 1291 2055 Eustatltii
1314 2003 1542 2071 episcopi
1574 2003 1883 2057 Antioclteni
1911 2003 2252 2072 confessoris,
2285 2012 2473 2059 contra
2505 2004 2764 2058 Arianos.

352 2085 696 2159 Quapropter
723 2106 996 2162 congruas
1026 2095 1254 2150 virtutes
1282 2103 1335 2149 et
1367 2097 1787 2165 gubernationes
1812 2099 2048 2167 gentium
2076 2106 2128 2151 ct
2160 2098 2504 2167 populorum,
2535 2104 2587 2151 et
2619 2095 2901 2149 mistarum
2945 2094 3201 2162 plebium,
3237 2100 3290 2147 et
3325 2108 3503 2147 rerum

284 2178 668 2235 universarum
700 2184 988 2254 imperium
1013 2189 1174 2242 homo
1204 2191 1538 2259 percipiebat
1567 2190 1771 2248 Christi
1800 2194 1999 2263 palam,
2031 2202 2085 2248 et
2115 2193 2208 2263 qui
2238 2193 2495 2260 sapientia
2529 2200 2579 2246 et
2614 2198 2769 2246 wtate
2811 2188 3085 2259 gratiaque
3111 2187 3337 2256 pro/icit,
3363 2187 3505 2242 sicut

286 2270 567 2342 Evangelii
593 2274 786 2331 litterae
819 2278 864 2311 "
899 2278 1099 2336 docent
1127 2283 1552 2352 particulariter.

1442 2383 1695 2453 Ejusdem
1723 2396 1908 2442 contra
1937 2405 2129 2443 eos.—
2151 2386 2375 2442 Ibidem.

356 2465 425 2520 Et
457 2466 653 2523 iterum
676 2484 799 2524 cum
827 2470 1032 2527 dicitur
1058 2473 1215 2530 Iesus
1242 2479 1411 2533 sciens
1438 2481 1563 2549 quia
1592 2485 1769 2536 omnia
1798 2484 1940 2537 dedit
1966 2487 2013 2539 ei
2045 2484 2205 2540 Pater
2238 2486 2293 2538 in
2318 2501 2504 2538 manus
2532 2484 2601 2550 ⁹⁷,
2633 2491 2796 2554 atque
2826 2492 2885 2539 ut
2930 2486 3002 2539 ita
3045 2482 3371 2546 introducit;
3408 2480 3504 2532 hn-

287 2557 454 2614 minis
484 2567 808 2629 potestatem
836 2562 1076 2619 declarat
1107 2585 1120 2620 :
1153 2583 1273 2637 qua:
1301 2572 1575 2639 quomodo
1594 2575 1784 2629 aeterni
1815 2591 2038 2631 sumens
2065 2586 2335 2648 sceptrum
2360 2577 2597 2646 imperii,
2627 2577 2870 2632 omnium
2902 2577 3125 2632 haberet
3154 2575 3502 2629 commissum

281 2650 572 2722 judicium.

1432 2752 1679 2824 Ejusdem
1700 2767 1886 2811 contra
1918 2775 2027 2812 eos.
2043 2791 2114 2800 —
2130 2758 2354 2813 Ibidem.

360 2836 422 2891 Si
456 2839 603 2891 enim
628 2838 683 2891 in
718 2838 952 2903 Christo,
986 2840 1163 2912 inquit
1194 2845 1261 2909 ⁸⁸,
1303 2845 1572 2914 plenitudo
1602 2848 1899 2904 divinitatis
1931 2852 2230 2919 inhabitat;
2263 2854 2408 2909 aliud
2443 2870 2573 2910 vero
2602 2854 2953 2909 inhabitatur.
2981 2851 3037 2905 Si
3066 2866 3195 2905 vero
3231 2847 3500 2904 naturali-

287 2938 371 2986 ter
399 2930 658 2984 diﬂerunt
685 2932 753 2987 ab
782 2934 1094 3000 alterutris,
1128 2953 1306 3010 neque
1328 2943 1517 2997 mortis
1546 2944 1878 3012 passionem,
1915 2961 2090 3016 neque
2117 2948 2222 3002 cibi
2251 2950 2570 3018 appetitum.
2604 2964 2779 3019 neque
2800 2945 3125 3002 desiderium
3159 2942 3497 3013 poculorum.

288 3038 400 3078 non
434 3038 710 3086 somnum,
740 3040 847 3078 non
879 3027 1181 3096 tristitiam,
1207 3046 1313 3084 non
1348 3031 1739 3104 fatigationem,
1765 3051 1870 3091 non
1906 3038 2267 3109 laerymarum
2297 3040 2607 3103 effusiones,
2639 3041 2745 3094 non
2787 3038 2948 3092 aliam
2994 3035 3289 3106 quamlibet
3326 3040 3502 3086 muta-

287 3116 494 3170 tionem
528 3116 850 3184 plenitudini
879 3119 1183 3177 divinitatis
1225 3126 1560 3181 coexsistere
1590 3126 1671 3181 fas
1686 3136 1790 3191 est,
1823 3144 1945 3184 cum
1985 3132 2057 3186 sit
2089 3131 2517 3189 inconvertibilis
2551 3148 2646 3202 per
2672 3140 2945 3185 naturam.
2980 3128 3195 3182 Homini
3234 3140 3361 3179 vero
3388 3124 3501 3177 haec

287 3209 613 3278 applicanda
640 3218 768 3265 sunt
796 3214 1036 3283 proprie,
1068 3217 1158 3284 qui
1190 3232 1256 3270 ex
1280 3220 1458 3272 anima
1490 3230 1705 3277 constat
1732 3230 1787 3279 et
1816 3240 2046 3295 corpore
2083 3246 2097 3282 :
2133 3229 2385 3298 congruit
2428 3228 2571 3282 enim
2616 3242 2683 3281 ex
2734 3224 2865 3296 ipsis
2895 3222 3147 3276 humanis
3178 3227 3232 3275 et
3262 3215 3497 3271 innoxiis

286 3303 526 3358 motibus
569 3301 971 3368 demonstrare,
1002 3310 1127 3377 quia
1172 3326 1279 3364 non
1316 3312 1652 3382 phantastice
1697 3325 1751 3373 et
1798 3321 2060 3390 putative,
2112 3321 2206 3377 sed
2242 3322 2357 3393 ipsa
2400 3324 2626 3377 veritate
2651 3328 2823 3376 totum
2858 3318 3135 3373 hominem
3169 3314 3389 3369 indutus
3417 3319 3499 3368 est

286 3396 431 3451 Deus
457 3393 696 3465 perfecte
722 3411 1030 3455 assumens.

1577 3495 1642 3551 In
1670 3498 1895 3553 eosdem.
1915 3532 1982 3540 -—
2003 3502 2225 3558 Ibidem.

352 3581 625 3648 Quocirca
656 3581 798 3636 aliud
825 3581 1040 3652 quidem
1069 3583 1173 3638 erit
1208 3587 1455 3649 mortale.
1501 3590 1649 3644 aliud
1697 3592 1913 3660 quidem
1965 3605 2161 3665 prmter
2190 3598 2294 3657 hoc
2324 3598 2651 3653 immortale.
2683 3595 3093 3665 Conscquenter
3123 3599 3303 3646 autem
3331 3600 3383 3643 et
3408 3586 3482 3641 Ti.

288 3676 510 3731 motheo
541 3678 784 3732 eamdem
810 3678 1058 3733 scribens
1086 3678 1395 3747 epistolam,
1432 3684 1773 3752 prospiciens
1801 3685 1885 3741 dei
1899 3686 2072 3742 ferum
2104 3690 2377 3745 hominem
2404 3689 2772 3761 proclamabat
2812 3688 2858 3721 ⁹⁹
2896 3705 2910 3741 :
2952 3682 3155 3741 Memor
3181 3690 3291 3737 esto
3320 3678 3501 3733 Iesum

287 3767 559 3822 Christum
584 3773 931 3827 resurrexisse
958 3790 991 3826 a
1023 3776 1243 3828 mortuis
1279 3790 1344 3828 ex
1371 3778 1564 3830 sentine
1599 3779 1786 3845 David,
1811 3782 2096 3835 secundum
2130 3783 2472 3855 Evangelium
2514 3802 2702 3838 meum.

1512 3892 1580 3946 Et
1606 3904 1721 3963 post
1748 3911 1935 3963 pauca.
1967 3928 2036 3937 —
2058 3897 2279 3955 Ibidem.

354 3976 535 4033 Homo
556 3988 733 4036 autem
768 3981 934 4037 Deum
968 3984 1167 4049 ferens,
1200 3985 1292 4055 qui
1324 3987 1514 4041 mortis
1537 3990 1844 4057 passionem
1881 4000 2075 4060 sponte
2099 3996 2312 4049 censuit
2343 3996 2611 4052 sustinere
2632 4003 2853 4066 propter
2882 3994 3161 4049 hominum
3192 3992 3499 4054 utilitatem,

286 4072 521 4141 palmam
551 4074 764 4144 quidem
799 4086 849 4130 et
867 4078 1201 4141 certaminis,
1226 4087 1283 4132 ut
1312 4079 1384 4133 ita
1412 4080 1700 4135 dicendum
1733 4083 1823 4146 sit,
1862 4083 2148 4154 honorem,
2179 4094 2234 4143 et
2257 4097 2580 4159 potestatem
2616 4090 2875 4160 percepit.
2898 4087 2961 4141 Et
2984 4089 3072 4143 ubi
3101 4088 3359 4159 recipitur
3388 4088 3505 4157 glo-

286 4167 391 4232 ria,
419 4182 581 4238 quam
600 4183 937 4241 nequaquam
967 4170 1120 4239 prius
1147 4171 1430 4227 habuerat.

1300 4306 1452 4376 Apud
1484 4311 1731 4365 eumdem
1763 4308 2100 4386 GsLssqu.
2138 4326 2344 4385 c.,pag.
2374 4314 2498 4369 429.

1192 4449 1465 4504 Ens‘tatltii
1491 4451 1722 4519 episcopi
1751 4449 2088 4518 Antioclteni,
2118 4462 2307 4508 contra
2332 4452 2583 4508 Arianos.

357 4535 522 4601 Deus,
554 4539 744 4609 inquit,
783 4538 1016 4595 Verbum
1049 4544 1293 4598 eamdem
1329 4559 1493 4613 quam
1522 4546 1740 4615 genitor
1772 4554 1953 4614 portat
1982 4547 2302 4616 imaginem;
2334 4548 2512 4616 imago
2567 4547 2766 4616 quippe
2817 4552 3088 4602 exsrstens
3131 4545 3326 4600 divinre
3376 4542 3505 4597 sub-

289 4630 501 4684 stantiae
532 4649 546 4684 :
582 4647 767 4686 verum
798 4640 979 4689 autem
1001 4633 1121 4704 ejus
1149 4637 1409 4707 templum
1437 4637 1601 4693 homo
1622 4639 1915 4704 exsistens,
1956 4656 2062 4694 non
2096 4641 2235 4696 idem
2266 4642 2409 4710 quod
2434 4641 2617 4711 templi
2645 4639 2943 4695 fabricator
2973 4646 3079 4703 est,
3128 4637 3381 4693 dissimili
3416 4652 3504 4689 or-

288 4729 375 4775 tus
407 4737 471 4776 ex
493 4738 706 4792 genere.

1295 4818 1496 4874 Rursus
1527 4820 1757 4889 ejusdem
1803 4832 1919 4891 post
1959 4838 2146 4893 pauca.
2170 4853 2240 4863 --
2264 4823 2489 4878 Ibidem.

359 4905 464 4961 Sed
490 4907 777 4976 potestatis
805 4907 1143 4976 majestatem
1179 4910 1527 4966 introducere
1560 4914 1772 4977 volens,
1804 4924 1858 4969 et
1888 4916 2063 4985 ipsum
2095 4931 2295 4985 corpus
2331 4916 2717 4971 mortificatum
2762 4918 2849 4973 hic
2880 4916 3075 4972 Filium
3110 4919 3247 4975 dixit
3278 4939 3293 4978 :
3328 4921 3502 4991 ipsum

288 5000 502 5069 quidem
528 5001 877 5058 sublimitatis
905 5018 1100 5058 nomen
1135 5005 1441 5074 imponens,
1468 5005 1521 5058 id
1544 5014 1627 5061 est
1669 5006 1965 5064 habitantis
1987 5010 2039 5064 in
2074 5026 2138 5065 eo
2170 5009 2260 5064 Dei
2297 5010 2624 5065 decibiliter.

1501 5122 1568 5176 Et
1606 5133 1722 5193 post
1754 5142 2034 5194 pauca.-—
2061 5126 2283 5181 Ibidem.

359 5208 497 5263 Puto
523 5220 725 5275 autem,
754 5212 940 5282 inquit.
972 5229 1073 5269 nec
1123 5215 1313 5269 insane
1355 5216 1642 5287 quisquam
1677 5226 1730 5273 et
1778 5219 1983 5276 furiose
2021 5222 2389 5277 debacchatus
2449 5221 2648 5277 dixerit
2706 5223 3023 5293 aliquando,
3053 5224 3178 5293 quia
3207 5224 3503 5281 divinitatis

290 5304 567 5372 plenitudo
594 5306 786 5361 mortis
810 5322 966 5376 passa
997 5307 1342 5377 dispendium
1374 5318 1476 5366 est.
1510 5310 1648 5381 Ergo
1676 5314 1966 5368 vesaniunt
1995 5324 2048 5370 et
2082 5316 2422 5371 bacchantur
2468 5326 2524 5372 et
2557 5316 2787 5382 furium,
2837 5325 2891 5371 et
2952 5317 3233 5373 insaniunt
3287 5326 3340 5374 et
3394 5321 3504 5375 suis

290 5400 562 5455 mentibus
592 5413 967 5467 excesserunt,
998 5404 1089 5473 qui
1120 5403 1233 5459 Deo
1267 5402 1444 5460 Verbo
1475 5408 1785 5475 passionem
1817 5410 2095 5479 applicare
2138 5419 2494 5482 praesumunt.

358 5586 403 5617 "
432 5587 583 5641 Per-
620 5595 703 5650 IX_,
749 5588 795 5640 7.
871 5589 916 5620 ’⁵
950 5590 1087 5647 Ibid.
1111 5593 1163 5658 8,
1199 5593 1250 5647 9.
1328 5593 1371 5623 ’δ
1400 5590 1524 5646 Luc.
1556 5608 1613 5655 ιι,
1640 5592 1725 5647 52.
1804 5592 1848 5623 ⁹⁷
1873 5590 1969 5646 Jan

1804 5592 1848 5623 ’⁷
1873 5590 2031 5646 Ιοιιιι.
2068 5612 2184 5660 χιιι,
2223 5596 2273 5651 5.
2350 5598 2395 5628 9"
2429 5594 2634 5652 Coloss.
2672 5613 2728 5659 ιι,
2763 5595 2815 5651 9.
2896 5594 3180 5652 “IITitn.
3233 5610 3293 5662 II,
3322 5593 3376 5652 8.

366 5769 469 5835 (Ξὸ)
511 5770 750 5825 Virtutis.
790 5773 966 5828 Codex
1014 5774 1233 5839 \cron.,
1274 5777 1481 5853 t'iitqte.
1517 5778 1656 5843 quod
1684 5780 1849 5845 magis
1893 5779 2082 5843 placet.
