4080 6334
324 342 416 399 697

1763 340 2108 399 LITURGIA.

3424 336 3530 413 eos

321 458 590 526 κρήμνους
642 454 930 521 ἀναϐάσεις
975 448 1313 528 ύπεμφαίνον
1358 458 1451 511 καὶ⁵
1497 455 1855 521 καταϐάσειςι

1977 456 2221 529 guiﬂcari
2250 463 2411 527 atque
2438 455 2733 511 descensus
2764 474 2777 510 :
2811 470 2867 510 re
2890 461 3068 509 autem
3091 451 3241 507 cruci
3268 452 3532 523 quodam-

321 548 415 617 σχή
425 563 554 617 ματι
577 547 653 610 δὲ,
674 547 751 617 τῷ
777 548 992 619 σταυρῷ
1018 550 1333 619 προσέοικεν
1351 549 1545 617 ὀλίγως
1562 566 1676 610 πως
1699 551 1731 620 ἡ
1755 548 1869 602 κλί-

319 639 441 711 μαξ,
473 637 673 711 ὀρθίοις
704 656 761 691 τε
795 638 888 691 καὶ
932 638 1178 707 πλαγίοις
1209 639 1540 710 ἁρμοσθεῖσα
1563 638 1754 705 ξύλοις.
1784 638 1870 702 Ὠς

313 727 400 783 οῦν
431 729 681 802 ἱστόρησε
708 730 806 799 τὴν
833 729 1083 800 τοιαύτην
1109 731 1387 793 ὀπτασίαν,
1417 731 1511 783 τὸν
1540 730 1683 783 λίθον
1710 731 1865 803 ᾷρας,

314 820 395 889 ἐφ’
429 814 473 888 ᾧ
502 820 599 890 τὴν
625 819 861 890 κεφαλὴν
906 820 1211 885 ἀνακλίνας,
1244 822 1436 891 ἔστησε
1469 821 1567 891 μὲν
1599 822 1757 874 αὑτὸν
1789 823 1869 885 είς

313 911 533 982 στήλην,
567 912 857 982 ὑπόμνημα
904 911 999 983 τῆς
1047 912 1302 984 ἱστορίας,
1332 912 1511 965 εἰκόνα
1554 912 1611 965 δὲ
1646 912 1738 966 τοῦ
1767 929 1868 980 φα-

310 1004 491 1067 νέντος
524 1004 667 1074 αὐτῷ
702 1002 986 1075 προσώπου
1015 1004 1451 1075 χαρακτηρίζων,
1486 1007 1543 1057 ἐν
1569 999 1612 1071 ᾧ
1652 1011 1867 1076 μνήμης

311 1095 604 1148 ἀνανέωσιν
632 1096 859 1163 ὢρυσεν.
886 1092 1043 1149 Οἷκον
1068 1098 1122 1149 δὲ
1150 1098 1287 1150 Θεοῦ
1310 1097 1464 1164 λόγου
1490 1096 1635 1157 ναὸν,
1664 1096 1739 1159 ὡς
1772 1096 1866 1149 καὶ

307 1186 469 1248 αὐτὸς
514 1184 766 1257 ἐξέφηνεν
805 1186 834 1237 ὁ
870 1185 1421 1259 τοῦιιαντοκρατορος
1451 1189 1603 1250 Υίόςο
1631 1190 1865 1243 Λύσατε

307 1276 417 1330 τὸν
465 1277 615 1331 ναὸν
658 1278 887 1341 τοῦτον,
926 1278 1020 1331 καὶ
1063 1280 1131 1332 ὲν
1167 1280 1361 1347 τρισὶν
1398 1278 1643 1348 ἡμέραις
1684 1280 1864 1349 ἐγερῶ

305 1370 511 1423 αὐτόν.
523 1370 657 1440 Ἤδη
700 1370 755 1423 δὲ
796 1370 894 1423 καὶ
932 1370 1103 1441 πύλην
1126 1370 1351 1442 ούρανοῦ
1375 1372 1618 1442 ὠνόμασε
1647 1373 1736 1426 τὸν
1768 1376 1863 1427 αύ-

302 1460 416 1523 τὺν,
452 1461 637 1533 ἐπειδὴ
670 1461 757 1514 διὰ
793 1462 890 1532 τῆς
911 1461 1003 1515 τοῦ
1036 1462 1268 1534 Χριστοῦ
1313 1462 1594 1534 θεουργίας
1617 1464 1677 1517 τὸ
1706 1464 1862 1535 σῶμά

300 1570 362 1606 τε
391 1554 485 1606 καὶ
509 1553 685 1625 ψυχὴν
705 1553 1134 1625 καθαριζόμενοι,
1165 1556 1229 1625 τῇ
1259 1554 1377 1625 θείᾳ
1399 1554 1671 1625 δυνάμεθα
1692 1573 1859 1627 προσ-

305 1644 441 1697 ιέναι
481 1643 657 1714 φύσει.
691 1643 987 1717 Τοιγαροῦν
1029 1644 1147 1698 οὐδὲ
1191 1643 1251 1697 τὸ
1273 1644 1448 1698 ἔλαιον
1473 1644 1657 1717 ἀργῶς
1686 1646 1775 1698 ἐπὶ
1799 1645 1861 1698 τὸ

301 1739 471 1809 ἄκρον
508 1736 698 1807 ἐπέχεε
733 1737 829 1807 τῆς
870 1736 1091 1808 στήλης·
1137 1735 1270 1790 ἀλλὰ
1314 1735 1468 1789 τοῦτο
1516 1736 1620 1807 μὲν
1654 1736 1857 1789 ἐκείνου

1977 551 2134 605 modo
2199 557 2541 619 comparatur
2609 550 2788 612 scala,
2852 548 3060 621 erectis.
3096 544 3530 617 transversisque

1973 640 2272 708 composita
2324 639 2505 708 lignis.
2538 637 2998 705 Quemadmodum
3042 636 3207 706 igitur
3253 636 3528 701 memoria:

1972 730 2192 785 tradidit
2234 732 2437 784 hancce
2485 730 2771 793 visionem,
2805 730 3002 783 tollens
3045 728 3299 797 lapidem,
3334 728 3388 782 in
3418 743 3526 798 quo

1973 834 2132 892 caput
2160 824 2535 887 reclinaverat,
2568 823 2833 877 columna:
2861 823 3033 877 instar
3072 822 3244 876 erexit
3271 837 3414 884 eum,
3441 822 3526 875 lii-

1971 914 2152 969 storia:
2178 926 2604 976 monumentum,
2631 913 2920 982 imaginem
2965 920 3144 965 autem
3192 911 3389 980 speciei
3420 911 3524 983 sibi

1971 1005 2099 1056 visa:
2132 1010 2545 1072 repraesentans,
2574 1002 2627 1055 in
2684 1017 2747 1056 eo
2800 1001 3073 1055 memoria:
3118 1000 3521 1054 renovatiouem

1970 1095 2270 1148 constituit.
2300 1092 2491 1147 )Edem
2530 1093 2621 1147 Dei
2681 1101 2857 1147 autem
2886 1108 3009 1146 cum
3066 1093 3359 1162 appellaret
3399 1106 3522 1145 eum

1967 1185 2143 1240 innuit
2168 1186 2335 1240 divini
2364 1184 2521 1241 Verbi
2550 1186 2825 1254 templum,
2850 1183 3297 1254 quemadmodum
3322 1193 3375 1239 et
3409 1185 3524 1253 ipse

1967 1278 2623 1347 exposuitOmnipotentis
2667 1276 2835 1331 Filius
2868 1295 2880 1330 :
2916 1274 3110 1330 Solvite
3139 1276 3381 1344 templum
3404 1276 3519 1341 hoc,

1965 1382 2013 1425 et
2045 1373 2099 1425 in
2132 1371 2296 1425 tribus
2318 1371 2497 1426 diebus
2540 1370 2777 1424 excitabo
2808 1369 2941 1422 illud
2971 1369 3013 1423 ³.
3053 1367 3170 1422 Jam
3203 1384 3329 1424 vero
3356 1370 3519 1422 etiam

1967 1472 2177 1533 portam
2207 1464 2331 1517 ειειί
2362 1463 2691 1531 nuncupavit
2714 1463 2886 1527 illum,
2917 1461 3353 1531 quandoquidem
3396 1476 3518 1526 nos,

1964 1555 2145 1609 divina
2170 1554 2371 1609 Christi
2401 1569 2500 1623 ope
2526 1553 2823 1608 secundum
2847 1567 3045 1621 corpus
3077 1559 3129 1606 et
3152 1553 3386 1605 animam
3417 1534 3520 1622 pu?

1965 1646 2182 1710 rilicati,
2207 1646 2273 1699 ad
2304 1645 2537 1698 divinam
2592 1644 2849 1698 accedere
2897 1659 3186 1713 possumus
3243 1652 3517 1700 naturam.

1964 1736 2300 1807 Quapropter
2322 1753 2420 1792 nec
2448 1737 2646 1791 frustra
2674 1736 2850 1789 oleum
2869 1734 3065 1788 infudit
3093 1736 3280 1789 vertici
3308 1736 3520 1789 colum-

300 1829 598 1901 δηλωτικὸν
642 1825 730 1900 ἦν,
760 1823 819 1883 οῦ
866 1828 1209 1900 διεπράττετο
1259 1828 1558 1891 σπουδαίως
1591 1830 1623 1899 ἡ
1659 1827 1855 1899 Μαρία,

1969 1846 2069 1891 nm,
2100 1830 2193 1884 sed
2222 1830 2323 1883 hoc
2351 1830 2564 1899 quidem
2590 1828 2947 1899 praetiguravit
2982 1828 3135 1892 illud,
3174 1828 3317 1898 quod
3349 1827 3517 1882 Maria

305 1920 479 1991 μύρον
509 1919 578 1985 ’ἐξ
621 1920 803 1992 ἄκρων
835 1920 1122 1990 ὲπιχέουσα
1156 1923 1267 1983 τοῖς
1292 1920 1383 1973 τοῦ
1414 1919 1647 1990 Χριστοῦ
1681 1922 1856 1975 ποσίν.

306 2011 447 2065 Ᾱύτὸ
479 2010 536 2063 δὲ
561 2010 719 2065 πάλιν
748 2011 1037 2081 ἐτύγχανεν
1074 2012 1247 2063 ἐκεῖνο
1278 2013 1495 2081 μήνυμα
1528 2013 1627 2081 τῆς
1667 2012 1860 2081 ταφῆς,

298 2102 375 2164 ὡς
403 2101 565 2165 αὐτὸς
595 2105 915 2175 ἐσαφήνισεν
946 2104 1241 2174 ἀναφανδὸν
1262 2104 1289 2155 ὁ
1317 2103 1536 2174 Κύριοςο
1555 2104 1612 2156 Ὀ
1633 2104 1688 2156 δὲ
1717 2104 1863 2168 λίθος

298 2184 454 2255 οὗτος
489 2192 739 2256 εἰκονίζει
782 2192 871 2246 τὸν
929 2195 1313 2266 ἀκρογωνιαῶν
1354 2194 1559 2245 ἐκεῖνον
1603 2192 1765 2257 λίθον,
1791 2194 1861 2253 ὃν

297 2284 752 2353 ἀπεδοκίμασαν
777 2284 894 2355 μὲν
922 2287 995 2338 οἱΔ
1018 2285 1488 2355 οἰκοδομοῦντες,
1518 2287 1606 2352 εις
1645 2287 1861 2355 γωνίας

296 2377 366 2431 δὲ
398 2377 675 2445 κεφαλὴν
704 2377 957 2446 ἐγένετο.

368 2469 390 2501 ³
423 2467 588 2524 Joan.
616 2486 675 2534 ιι,
713 2470 801 2525 19.
873 2472 893 2502 ⁸
921 2469 1073 2526 Psal.
1097 2486 1260 2535 cxvii,
1282 2470 1372 2527 22.

1629 2596 2681 2628 Μ

1960 1922 2186 1976 solerter
2229 1921 2374 1987 fecit,
2403 1929 2735 1992 unguentum
2765 1935 2995 1990 superne
3045 1919 3336 1976 infundens
3364 1919 3516 1990 pedi-

1959 2016 2064 2070 bus
2095 2014 2320 2069 Christi.
2353 2014 2488 2068 Illud
2530 2021 2715 2069 autem
2739 2015 2911 2082 ipsum
2943 2013 3101 2065 etiam
3142 2012 3244 2065 fuit
3300 2008 3514 2081 signum

1967 2107 2281 2177 sepulturae,
2312 2106 2389 2161 uti
2438 2107 2553 2176 ipse
2580 2107 2880 2161 luculenter
2916 2104 3309 2161 demonstravit
3331 2102 3513 2156 Domi—

1960 2216 2084 2255 nus.
2117 2198 2279 2253 Hicce
2308 2213 2436 2254 vero
2460 2199 2597 2268 lapis
2626 2198 2930 2269 pricligurat
2961 2197 3193 2267 lapidem
3230 2196 3379 2249 illum
3416 2209 3514 2246 an-

1961 2293 2223 2362 gularem,
2250 2297 2398 2361 quem
2424 2290 2833 2360 "probaverunt
2870 2289 3210 2359 cdiﬁcantes,
3241 2288 3410 2357 [actus
3433 2292 3513 2339 est

1960 2388 2137 2433 autem
2164 2380 2217 2433 in
2243 2389 2398 2450 caput
2426 2379 2665 2450 anguli‘.

2696 2585 3482 2633 επις-τπεὲ

1976 2617 2320 2627 ——

845 2752 1526 2868 LITURGIA
1604 2750 2122 2866 SANCTI
2190 2747 2961 2866 EUSTATHII

969 2971 1396 3061 PATRIA
1420 2970 1759 3061 RCHIE
1828 2965 2357 3058 ANTIOCH
2378 2968 2575 3056 ENI
2650 2962 2810 3053 (9-6).

667 3126 967 3188 (Βιιυσιιοτ,
992 3121 1318 3188 Liturgiarum
1345 3121 1658 3174 Orientalium
1680 3123 1850 3174 Collect

1954 3122 2027 3171 ed.
2053 3118 2118 3180 II,
2144 3118 2447 3169 Francol‘urti
2473 3118 2607 3179 18H,
2636 3121 2688 3172 in
2722 3118 2798 3181 4°,
2825 3124 2860 3168 t.
2888 3119 2929 3179 Ι,
2954 3134 3000 3183 p.
3026 3121 3157 3183 εδι.)

591 3290 773 3345 Primo
798 3294 969 3346 oratio
994 3302 1115 3347 ante
1142 3293 1375 3347 osculum
1404 3294 1575 3362 pacis.

364 3388 512 3443 Deus
562 3387 797 3441 clemens
844 3395 898 3440 et
942 3386 1121 3439 multa:
1150 3385 1558 3451 misericordiae,
1591 3385 1847 3453 Domine,

290 3486 385 3557 qui
412 3491 467 3539 te
494 3498 602 3537 non
629 3480 938 3535 dubitanter
972 3479 1287 3534 invocantes
1306 3480 1452 3549 juste
1482 3483 1729 3546 exaudis,
1754 3497 1853 3537 no.

290 3579 379 3633 bis
412 3576 575 3631 etiam
608 3573 701 3645 qui
731 3588 835 3626 una
862 3579 915 3627 et
944 3572 1137 3640 aequali
1180 3586 1311 3626 voce
1357 3573 1653 3629 clamamus
1681 3574 1745 3628 ad
1775 3587 1851 3641 te,

291 3671 514 3733 largire,
549 3678 606 3720 ut
633 3680 754 3720 cum
792 3664 1034 3719 unanimi
1091 3665 1382 3719 concordia
1404 3706 1418 3730 ,
1468 3666 1660 3723 demus
1690 3668 1848 3724 nobis

292 3754 530 3811 invicem
562 3768 745 3822 pacem
776 3753 829 3805 in
874 3750 1060 3805 osculo
1092 3759 1281 3805 sancto
1309 3760 1363 3804 et
1408 3748 1611 3816 divino,
1640 3757 1693 3805 ct
1725 3746 1868 3803 refe.

292 3863 479 3903 remus
508 3846 605 3900 tibi
634 3846 877 3913 gloriam,
905 3853 1008 3901 etc.

366 3938 630 4009 Populus.
661 3937 853 3994 Amen.

360 4032 627 4086 Diaconus
648 4031 937 4099 proclamat
966 4028 1217 4088 Mediam.

361 4123 619 4178 Sacerdos
645 4124 844 4176 elevans
872 4139 1063 4178 vocem.
1098 4122 1323 4178 Omnem
1375 4140 1590 4195 quoque
1632 4125 1849 4181 dubita-

290 4217 493 4271 tionem
524 4216 795 4286 depellens
828 4230 856 4267 a
887 4215 1062 4277 nobis,
1106 4214 1359 4281 Domine,
1399 4217 1618 4271 vinculo
1664 4218 1847 4272 chari-

289 4311 417 4365 tatis
439 4319 544 4363 tuae
556 4308 812 4362 conﬁrma
836 4324 954 4369 nos,
980 4316 1033 4362 et
1059 4308 1459 4365 benedictiones
1484 4311 1844 4375 abundantes,

290 4400 450 4455 nobis
481 4406 534 4454 et
563 4400 670 4453 illis
715 4400 806 4469 qui
834 4413 1014 4452 coram
1047 4406 1097 4453 te
1129 4401 1372 4454 inclinati
1417 4412 1543 4457 sunt
1576 4403 1747 4467 mitte,
1788 4413 1848 4457 ut

289 4492 584 4547 eﬂiciamur
631 4491 945 4545 adoratorcs
998 4491 1111 4544 veri
1142 4500 1194 4545 et
1238 4494 1522 4564 participes
1580 4495 1845 4549 bonorum

291 4586 512 4632 tuorum
568 4586 928 4645 aeternorum,
978 4578 1386 4651 relcremusque
1436 4583 1533 4637 tibi
1575 4584 1843 4654 gloriam,

288 4679 395 4726 etc.

357 4760 616 4832 Populus.
650 4762 839 4819 Amen.

362 4896 473 4969 (26)
506 4897 868 4969 Celeberrima
899 4908 981 4953 est
1018 4915 1124 4953 nan
1166 4899 1327 4954 modo
1378 4899 1518 4954 inter
1548 4897 1847 4965 Jacobitas,

287 4971 383 5027 κά
411 4969 555 5039 apud
584 4968 917 5023 orthodovos
946 4969 1216 5023 Eustathii
1255 4970 1594 5033 Antiocheni,
1626 4972 1715 5039 qui
1743 4970 1841 5023 Ni-

288 5057 437 5095 ca’no
472 5039 704 5093 concilio
754 5040 997 5092 interfuit
1030 5042 1128 5108 (α),
1171 5041 1430 5095 memoria
1469 5059 1481 5093 :
1528 5056 1701 5108 neque
1730 5054 1845 5093 ma-

287 5113 370 5181 gis
392 5111 457 5165 ad
489 5109 1104 5181 Jacobitaspertinehat
1136 5128 1294 5180 quam
1320 5111 1514 5181 reliqui
1546 5110 1734 5163 Patres
1756 5126 1848 5164 ve-

284 5179 433 5237 teres
469 5199 480 5233 :
516 5180 618 5233 nisi
646 5179 788 5247 quod
822 5194 943 5232 cum
975 5179 1321 5235 Antiochente
1358 5180 1615 5235 Ecclesia:
1636 5180 1847 5249 episco-

283 5268 386 5322 pus
422 5251 607 5313 l'uerit,
640 5251 816 5322 locum
848 5250 921 5302 illi
957 5251 1097 5304 inter
1124 5268 1219 5305 eos
1269 5252 1617 5322 dcderunt,_a
1647 5250 1848 5322 quibus

284 5320 414 5375 suas
446 5328 653 5391 temere
684 5320 959 5391 deducunt
987 5322 1242 5391 origines.
1281 5322 1539 5391 Utiigitur
1560 5320 1727 5383 Petri,
1753 5320 1848 5389 qui

281 5394 427 5445 illam
470 5389 770 5461 Ecclesium
808 5389 1324 5451 fundaviﬂnomine
1352 5390 1625 5461 Liturgias
1659 5392 1795 5445 duas
1830 5409 1842 5444 :

282 5476 445 5513 uuam
478 5458 668 5528 lgnatii
696 5461 915 5514 nomine
974 5463 1334 5530 scripserunt,
1368 5462 1441 5515 ita
1473 5458 1631 5516 facile
1657 5462 1756 5515 fuit
1787 5468 1848 5513 ut

283 5530 571 5585 Eustathio
601 5546 816 5599 quoque
850 5546 1010 5583 unam
1031 5533 1387 5587 ascriberent.
1420 5532 1568 5585 Illam
1592 5533 1732 5587 inter
1753 5545 1846 5585 eas

281 5619 400 5669 qth
432 5601 484 5653 in
519 5615 621 5653 usu
654 5601 793 5669 apud
842 5600 1135 5656 Maronitas
1172 5603 1347 5657 [orent
1381 5603 1687 5656 numeravit
1740 5600 1848 5655 Ga-

281 5672 417 5727 briel
448 5669 662 5724 Sionita
688 5673 744 5725 in
768 5671 996 5739 epistola
1031 5673 1096 5726 ad
1130 5671 1415 5731 Nihusium
1442 5672 1538 5746 (ὁ),
1570 5673 1840 5729 Abraham

362 5786 412 5842 a)
441 5786 531 5835 Soz
570 5787 603 5835 l.
626 5799 659 5845 ι,
679 5799 723 5836 c.
751 5787 780 5835 2
803 5790 855 5831 et
884 5786 952 5834 l7.

364 5849 413 5912 ὁ)
440 5852 588 5901 Attat.
614 5848 899 5915 Symmitta,
924 5862 953 5910 p
999 5848 1105 5901 2‘91.

1878 3308 1921 3364 ο
2027 3288 2305 3348 Sacerdos.
2340 3287 2419 3343 Tu
2452 3303 2511 3344 es
2562 3287 2851 3342 thesaurus
2898 3284 3222 3339 auxiliorum
3251 3324 3265 3349 ,
3298 3292 3351 3341 et
3383 3284 3507 3346 {om

1951 3384 2240 3447 bonorum,
2272 3382 2495 3437 Domine
2528 3400 2540 3435 :
2569 3394 2669 3433 nos
2695 3378 2859 3448 igitur
2887 3376 2980 3445 qui
3012 3384 3244 3453 egestate
3276 3386 3331 3432 et
3373 3394 3507 3448 pau-

1950 3485 2154 3550 pertate
2182 3475 2511 3538 laboramus,
2542 3470 2735 3524 divites
2760 3470 2843 3524 fac
2871 3468 3072 3524 divitiis
3101 3469 3508 3543 incomprehen-

1950 3571 2199 3627 sibilibus
2228 3566 2492 3622 donorum
2518 3573 2734 3618 tuorum
2755 3561 3057 3614 divinorum
3085 3579 3097 3614 :
3124 3571 3176 3615 et
3196 3559 3390 3630 perﬁce
3406 3576 3508 3616 nos

1948 3664 2001 3717 i‘n
2032 3661 2288 3732 populum
2325 3665 2592 3720 sanctum,
2639 3662 2692 3710 et
2726 3652 3196 3723 congregationem
3221 3652 3504 3717 salvatam,
3544 3677 3553 3687 -

1949 3770 2067 3822 quae
2091 3753 2375 3807 annuntiat
2396 3750 2583 3805 laudes
2613 3757 2758 3811 tuas,
2787 3745 2929 3802 Deus
2957 3744 3135 3810 Pater,
3160 3754 3213 3801 et
3241 3742 3509 3817 unigeniti

1949 3844 2068 3899 Filii
2104 3844 2204 3909 tui,
2236 3853 2288 3899 et
2320 3842 2557 3913 Spiritus
2584 3840 2661 3893 tui
2691 3837 2820 3894 vivi.

2017 3938 2304 3991 Diaconns.
2339 3936 2471 3991 Date
2505 3950 2713 4004 pacem.

2018 4029 2297 4084 Sacerdos.
2327 4027 2579 4082 Charitas
2606 4026 2698 4081 Dei
2724 4024 2925 4079 Patris.

2018 4121 2275 4189 Populus.
2302 4120 2494 4174 Amen.
2527 4118 2905 4173 Misericordia:
2937 4113 3054 4169 Dei.

2018 4212 2295 4267 Sacerdos.
2330 4210 2557 4267 Sursum
2588 4209 2775 4265 corda.

2022 4304 2273 4373 Populus.
2309 4302 2576 4358 Habemus
2615 4302 2679 4355 ad
2709 4301 3016 4355 Dominum.

2016 4398 2292 4455 Sacerdos.
2327 4397 2541 4451 Gratias
2567 4410 2789 4463 agamus
2814 4392 3063 4446 Domino.

2017 4490 2270 4557 Populus.
2304 4489 2535 4559 Dignum
2564 4497 2616 4541 et
2638 4486 2845 4555 justum
2878 4492 2980 4538 est.

2017 4581 2278 4637 Sacerdos
2308 4581 2613 4633 inclinatus.
2664 4576 2882 4630 Gratias
2918 4589 3162 4646 agamus,
3195 4571 3503 4637 adoremus,

1875 4660 1925 4718 Ῑ)
1950 4685 2003 4730 ct
2056 4674 2418 4745 gloriﬁcemus
2462 4670 2700 4735 Patrem,
2752 4667 2973 4734 Filium,
3002 4672 3055 4721 et
3088 4662 3347 4735 Spiritum
3378 4678 3509 4720 san-

1944 4775 2091 4821 ctum
2115 4780 2281 4818 unum
2315 4762 2480 4817 Deum
2495 4776 2705 4817 verum.

1951 4898 2293 4954 Echellcnsis
2334 4897 2387 4951 in
2422 4894 2571 4966 notis
2616 4897 2683 4949 ad
2738 4891 2949 4966 Hebed_
2966 4889 3092 4966 {esu
3127 4909 3140 4944 :
3172 4896 3226 4944 et
3271 4886 3507 4966 Faustus

1948 4972 2223 5041 Nairenus
2256 4970 2310 5022 in
2368 4964 2588 5041 Eroplia
2636 4981 2733 5041 sua
2778 4965 2870 5041 (c)_.
2914 4962 3068 5041 Edita
3097 4973 3312 5041 quoque
3340 4964 3423 5010 est
3451 4962 3506 5009 in

1950 5041 2151 5097 Missali
2181 5031 2503 5093 Maronitico
2527 5037 2666 5108 :_sed
2686 5031 2807 5090 cum
2839 5031 3509 5108 interpolationibusaquae

1949 5113 2002 5166 in
2035 5112 2156 5165 aliis
2182 5110 2334 5163 facta}
2366 5118 2515 5163 sunt.
2546 5106 2823 5161 Sinceram
2856 5103 3139 5157 lectionem
3170 5103 3508 5154 restituimus

1948 5199 2010 5236 ex
2043 5182 2229 5235 codice
2249 5179 2563 5235 Colhertino
2589 5178 2915 5231 bonaenotae.
2942 5172 3033 5241 qui
3063 5186 3181 5225 eam
3208 5181 3508 5236 repraesen-

1950 5254 2097 5306 tabat
2128 5269 2143 5305 :
2182 5267 2305 5305 nam
2338 5252 2392 5302 in
2432 5248 2620 5302 multis
2652 5245 3013 5318 desideratur.
3040 5242 3197 5318 llum
3225 5252 3360 5318 vero
3386 5252 3507 5318 om—

1950 5324 2097 5377 nium
2122 5322 2462 5390 liturgiarum
2492 5334 2599 5372 una
2628 5315 2891 5372 sententia
2915 5314 3006 5373 sit,
3039 5312 3179 5366 idem
3202 5307 3507 5390 disciplinae

1948 5376 2116 5451 color,
2141 5376 2385 5447 doctrina
2418 5391 2484 5441 de
2510 5395 2847 5443 sacramento
2874 5399 3099 5454 prorsus
3116 5380 3304 5454 eadem
3344 5397 3356 5431 :
3382 5376 3505 5454 _dis-

1950 5445 2160 5516 crimen
2188 5476 2314 5514 vero
2332 5445 2930 5530 nullum,pr:eterqua'tn
2959 5455 3011 5506 in
3045 5445 3506 5530 verbot'umuber

1948 5542 2078 5594 tate,
2116 5538 2211 5586 aut
2241 5529 2504 5585 strictiori
2540 5519 2882 5598 Simplicitate
2924 5522 3095 5598 possit
3128 5519 3507 5598 animadverti,

1947 5619 2066 5671 quae
2091 5603 2155 5656 ad
2207 5602 2341 5656 alias
2376 5594 2838 5671 obscrvatalsunt,
2876 5596 2940 5671 ad
2974 5594 3132 5647 istius
3162 5604 3375 5671 quoque
3405 5596 3509 5639 ex:

1950 5666 2295 5745 plicationem
2323 5679 2548 5742 possunt
2584 5668 2853 5734 sulllcere,
2878 5666 2923 5723 si
2955 5678 3126 5737 pauca
3144 5666 3473 5731 excipimus.

2007 5789 2072 5853 (cl
2104 5788 2287 5852 Ecopl.,
2314 5802 2357 5851 ρ.
2386 5786 2504 5851 ⁸519,
2530 5800 2561 5849 p
2608 5783 2711 5834 162.
