4080 6334
533 303 639 364 699
716 266 721 271 ⁸

1501 299 1580 368 's.
1614 308 1983 367 EUSTATllll
2019 307 2326 367 EPISCOPI
2363 306 2774 364 ANTIOCHENI

3646 308 3747 364 700

605 423 830 479 Elevans
882 441 1075 480 vocem.
1126 425 1578 497 Magnificentiam
1633 440 1801 494 tuam,
1847 428 2091 493 Domine,
2125 435 2170 490 Α
2266 427 2543 484 Sacerdos.
2583 426 2754 481 Etiam
2801 425 3092 480 adventum
3145 437 3297 479 tuum
3347 425 3666 487 salutarem,
3693 435 3747 479 ct

531 515 836 588 glorificant
887 532 1077 574 omnes
1111 519 1341 575 virtutes
1393 522 1634 576 materia:
1677 531 1968 593 expertes;
2019 524 2095 577 le-

533 609 719 678 giones
758 604 1106 664 inﬂammatae
1159 625 1224 666 ex
1282 608 1498 666 ﬂamma
1526 613 1802 682 productae
1834 633 1847 668 :
1881 618 2094 680 agmina

529 698 778 753 ardentia
816 699 1098 754 cherubim
1124 700 1346 757 fortium
1373 722 1386 758 :
1419 709 1613 760 turmae
1639 706 1909 761 terribiles
1934 704 2093 760 Sera-

529 789 676 860 phim
741 797 1091 861 sanctorum;
1143 794 1236 863 qui
1285 803 1566 852 moventes
1617 797 1734 852 alas
1785 812 1936 863 suas,
1980 798 2093 853 cla-

528 890 701 948 mant,
739 883 1107 939 vociferantur
1126 891 1180 939 et
1207 885 1417 942 dicunt.

597 971 856 1042 Populus.
897 973 1151 1039 Sanctus,
1183 985 1428 1044 sanctus,
1457 985 1699 1036 sanctus.

597 1065 857 1122 Sacerdos
895 1068 1201 1124 inclinatus.
1239 1069 1436 1127 Trinas
1464 1072 1920 1128 sanctiﬂcationes
1954 1072 2090 1130 olfe-

525 1155 698 1211 rimus
729 1157 1002 1225 tibi,Deus
1032 1159 1288 1224 Pater,'et
1317 1163 1596 1233 unigenito
1620 1162 1944 1230 Filiotuo,et
1966 1164 2088 1236 Spi—

524 1249 654 1303 ritui
681 1256 775 1305 tuo
803 1261 992 1306 sancto
1024 1271 1037 1306 :
1069 1268 1246 1323 neque
1266 1254 1410 1309 enim
1442 1256 1824 1312 mensurabilis
1855 1265 1937 1312 est
1954 1273 2085 1312 san-

525 1343 684 1398 ctitas
719 1350 834 1408 tua,
867 1343 1123 1400 Domine:
1174 1347 1266 1417 qui
1317 1362 1439 1402 cum
1465 1347 1669 1418 indigni
1692 1364 1957 1412 essemus,
1985 1349 2088 1403 mi-

524 1437 644 1492 sisti
699 1435 897 1491 Filium
948 1447 1098 1493 tuum
1135 1441 1187 1494 in
1223 1440 1480 1495 mundum
1507 1457 1612 1512 pro
1656 1443 1829 1497 salute
1857 1453 2080 1498 nostra:

523 1537 787 1598 ortusque
811 1536 895 1583 est
918 1529 972 1583 in
1007 1529 1245 1599 Virgine,
1278 1538 1331 1587 et
1360 1547 1459 1602 per
1487 1540 1714 1590 mortem
1740 1550 1892 1589 suam
1922 1536 2083 1590 vitam

522 1621 777 1690 praestitit
799 1622 1116 1676 mortalitati
1135 1633 1352 1680 nostra).

592 1709 814 1763 Elevans
837 1727 1026 1768 vocem.
1056 1711 1158 1778 Qui
1182 1729 1304 1767 cum
1330 1715 1608 1769 voluntate
1637 1731 1755 1781 sua,
1779 1717 1931 1786 quasi
1955 1733 2082 1773 suc-

2194 519 2488 575 secundum
2516 519 2665 572 illum
2691 518 3068 573 retributionis
3095 524 3611 579 commemorantes,
3652 516 3751 570 Do-

2190 611 2354 674 mine,
2405 611 2592 666 laudes
2639 625 2762 665 cum
2800 609 3278 681 deprecationibus
3336 609 3610 676 majestati
3645 619 3752 662 tua:

2189 701 2483 764 offerimus,
2520 709 2580 755 ut
2612 701 2666 755 in
2698 702 2786 756 die
2816 702 2907 756 illo
2932 715 3131 771 magno
3161 701 3351 770 judicii
3375 702 3449 754 tui
3471 701 3749 770 justi,non

2188 807 2283 861 per
2311 798 2760 869 peccatanostra
2816 791 3010 848 ﬁamus
3052 792 3209 847 cibus
3241 791 3542 845 carbonum
3582 791 3749 861 ignis,

2187 883 2610 954 alimentumque
2641 884 2869 939 ﬂamma:
2893 884 3186 939 terribilis:
3231 900 3340 938 non
3369 885 3753 953 demergamur

2186 976 2241 1030 in
2289 991 2438 1031 mare
2487 975 2722 1041 ardens,
2775 984 2870 1030 aut
2914 976 3104 1046 jactati
3151 975 3448 1030 obruamur
3494 974 3751 1030 ﬂuctibus

2185 1069 2410 1140 ignium.
2442 1071 2560 1125 Non
2595 1069 2767 1126 simus
2811 1069 3055 1126 hmredes
3097 1068 3458 1139 suspiriorum
3497 1086 3510 1122 :
3567 1084 3752 1137 neque

2187 1161 2475 1231 gemitibus
2501 1160 2712 1215 acerbis
2743 1160 2966 1215 addicas
2995 1175 3098 1215 nos
3123 1177 3135 1214 :
3173 1174 3278 1212 non
3318 1157 3511 1214 ﬁamus
3542 1158 3756 1212 habita-

2187 1260 2330 1307 tores
2359 1252 2600 1306 locorum
2643 1250 3080 1314 tenebrosorum,
3121 1255 3176 1302 et
3219 1247 3501 1317 regionum
3551 1247 3754 1302 timore

2187 1344 2506 1414 plenarum:
2561 1357 2672 1397 non
2722 1342 2882 1396 alieni
2926 1341 3120 1395 ﬁamus
3163 1339 3233 1394 ab
3262 1339 3575 1396 haereditate
3633 1347 3751 1400 tua,

2184 1448 2359 1502 neque
2389 1432 2582 1503 privati
2634 1431 3002 1486 familiaritate
3031 1439 3161 1485 tua:
3199 1429 3294 1483 sed
3346 1444 3468 1482 cum
3500 1427 3752 1482 invitatis

2184 1525 2250 1580 ad
2295 1525 2715 1580 recumbendum
2765 1532 2964 1587 tecum,
2998 1530 3053 1577 et
3082 1521 3292 1576 vocatis
3334 1519 3403 1572 ad
3433 1520 3750 1574 convivium

2185 1626 2335 1671 tuum
2359 1618 2626 1688 conjunge
2644 1631 2762 1681 nos,
2793 1624 2848 1672 et
2876 1615 3162 1686 splendore
3187 1613 3339 1682 regni
3360 1612 3436 1666 tui
3466 1613 3753 1682 impingua

2185 1727 2304 1766 nos.
2333 1710 2396 1765 Et
2418 1719 2635 1781 propter
2664 1711 2778 1764 hinc
2809 1709 2990 1762 omnia
3029 1705 3317 1776 prmcipue,
3369 1703 3612 1758 Ecclesia
3650 1713 3750 1757 tua

520 1797 780 1854 cidaneus
807 1816 905 1869 pro
934 1801 1091 1856 nobis
1141 1804 1520 1872 peccatoribus
1558 1805 1706 1859 venit
1735 1782 1809 1859 ad
1828 1814 2078 1874 mortem,
2114 1782 2154 1835 Β
2183 1809 2235 1855 οι
2263 1815 2391 1870 grex
2425 1808 2551 1854 tuus
2581 1799 2904 1869 deprecalur
2947 1809 3020 1863 ιθ.
3052 1804 3107 1853 ει
3129 1811 3225 1861 Der
3257 1805 3332 1862 ιρι
3369 1805 3532 1868 atque
3559 1804 3749 1854 ιεειιω

520 1887 728 1956 accepit
754 1904 943 1956 panem
973 1890 1025 1943 in
1065 1907 1258 1948 manus
1287 1909 1415 1948 suas
1447 1903 1686 1958 sanctas,
1716 1894 1758 1966 οξ·
1786 1896 2078 1962 benedixit,

517 1977 559 2048 ’ξ’
591 1981 969 2046 sanctilicavit,
1007 1982 1049 2052 ’ξ-
1084 1983 1262 2053 fregit,
1315 1986 1574 2056 deditque
1629 1988 1912 2057 discipulis
1965 1991 2080 2046 suis

517 2072 744 2136 sanctis,
788 2079 840 2127 et
870 2074 1006 2130 dixit
1036 2095 1049 2130 :
1085 2077 1330 2147 Accipite
1365 2078 1689 2133 manducate
1723 2097 1788 2134 ex
1823 2095 1888 2134 eo
1920 2101 1932 2136 :
1965 2080 2080 2136 Hoc

515 2168 600 2215 cst
615 2176 813 2232 corpus
831 2157 1006 2218 meum
1023 2164 1154 2236 (27),
1172 2168 1313 2238 quod
1336 2185 1432 2224 vos
1449 2179 1503 2225 et
1517 2185 1708 2228 omnes
1723 2173 2081 2245 suscipientes

515 2251 644 2309 illud
679 2251 1163 2326 lideles,pr:eparat
1186 2260 1252 2313 ad
1284 2262 1448 2315 vitam
1479 2271 1759 2318 aeternam.

585 2341 843 2412 Populus.
879 2345 1072 2400 Amen.

585 2434 862 2490 Sacerdos.
902 2436 1162 2495 Similiter
1212 2441 1535 2498 et'calicem
1583 2461 1741 2515 quem
1785 2448 2078 2504 miscuerat

513 2526 641 2581 vino
669 2538 722 2584 et
745 2544 905 2598 aqua,
937 2528 977 2600 -ι-
1003 2531 1296 2598 benedixit,
1320 2534 1361 2606 -ξ-
1390 2537 1772 2603 sanctilicavit,
1793 2539 1834 2610 -ι-
1854 2549 1908 2595 et
1927 2541 2077 2596 dedit

515 2617 704 2673 iisdem
745 2617 1026 2690 discipulis
1057 2626 1263 2680 sanctis
1295 2634 1351 2682 et
1395 2629 1568 2683 dixit:
1605 2629 1873 2700 Accipite,
1906 2633 2077 2690 bibite

511 2723 578 2761 ex
613 2723 679 2764 eo
709 2725 806 2765 vos
845 2725 1034 2769 omnes
1068 2733 1080 2767 :
1118 2713 1217 2769 Hic
1246 2725 1330 2771 est
1381 2719 1606 2790 sanguis
1640 2737 1796 2778 meus
1833 2724 1928 2794 qui
1978 2741 2074 2782 vos

508 2807 566 2853 et
592 2813 780 2856 omnes
803 2803 1164 2874 suscipientes
1195 2823 1319 2863 eum
1353 2809 1536 2867 fideles
1572 2821 1842 2883 praeparat
1876 2816 1943 2872 ad
1987 2819 2074 2874 vi-

512 2900 618 2944 tam
649 2901 927 2949 aeternam.

582 2980 840 3051 Populus.
865 2987 1059 3046 Amen.

583 3076 862 3137 Sacerdos.
897 3080 1002 3138 Sed
1037 3089 1091 3139 et
1112 3083 1331 3154 quando
1375 3087 1695 3156 mysterium
1739 3090 1884 3145 istud
1927 3094 2072 3149 cele-

510 3168 759 3237 brabitis,
815 3175 955 3244 agite
993 3179 1310 3233 memoriam
1349 3178 1543 3234 mortis
1574 3195 1727 3247 mem,
1775 3181 1950 3239 donec
1979 3201 2073 3241 ve-

510 3260 678 3318 niam.

582 3352 837 3422 Populus.
892 3355 1082 3414 Mortis
1131 3367 1256 3425 tuae,
1302 3358 1549 3433 Domine,
1586 3364 1900 3420 memoriam
1953 3367 2071 3439 agi-

510 3457 652 3498 mus.

579 3603 691 3682 ($7)
736 3607 952 3682 [iaceat
979 3624 1166 3682 corpus
1193 3627 1384 3666 meum.
1417 3609 1473 3666 Id
1491 3610 1652 3668 habet
1671 3612 1953 3682 singulare
1981 3615 2077 3672 illa,

509 3675 1302 3754 verborumChristrformula,
1337 3683 1481 3754 quod
1516 3691 1707 3754 contra
1737 3675 2071 3754 réliquarum

509 3743 751 3825 omnium
774 3746 966 3811 Graeci,
1003 3750 1237 3825 βοεξιίςίἱ
1260 3743 1314 3805 et
1343 3743 1549 3825 Syriaci
1574 3743 2069 3825 ritnslitur'giarum

509 3814 839 3895 cremplurn,
892 3814 1155 3895 particula
1186 3821 1294 3884 illa,
1327 3814 1466 3891 qu'od
1510 3839 1605 3892 pro
1636 3825 1777 3878 vobis
1805 3814 2072 3895 frangitur

506 3892 558 3967 et
582 3883 742 3937 datur
774 3887 828 3940 in
856 3883 1584 3967 remissionempeccatorunt,
1617 3883 2070 3967 omittiturfqua:

510 3959 690 4033 tamen
729 3972 793 4012 ex
826 3958 1142 4033 rigidiorum
1191 3962 1563 4033 theologorum
1595 3964 1849 4032 opinione
1881 3958 2070 4021 neces-

509 4025 651 4104 saria
682 4025 902 4104 nonest
923 4049 936 4083 :
951 4029 1100 4104 unde
1115 4025 1541 4104 prmtertnﬁtitur
1570 4025 1836 4104 ubiqnein
1866 4035 2068 4091 Missali

513 4091 705 4174 lionize
726 4097 891 4174 edito.
947 4091 1255 4174 Sequentia
1279 4112 1456 4174 autem
1505 4091 1698 4166 verba:
1731 4108 2067 4174 suscipienres

508 4164 642 4218 illud
666 4167 846 4235 ﬁdeles
874 4164 1138 4245 prafpdrat
1187 4171 1256 4225 ad
1273 4173 1432 4226 vitam
1455 4164 1726 4238 (sternant,
1759 4164 2068 4245 significant

508 4247 909 4314 sacramentum
953 4241 1114 4311 digne
1142 4251 1453 4314 susceptum
1480 4246 1707 4314 gratiam
1732 4241 1980 4302 conferre
2002 4250 2064 4302 ti-

506 4307 816 4381 delib_us_ad
846 4307 1279 4381 consequendam
1306 4307 1770 4370 vitam'aeternam.

578 4376 690 4449 (28)
721 4377 787 4432 Ut
801 4398 894 4450 per
926 4376 1172 4451 illafrsum
1216 4399 1368 4438 suum
1429 4385 1685 4441 exhibeat.
1733 4385 1810 4441 Eo
1847 4386 1900 4440 in
1943 4386 2062 4442 loco

506 4447 626 4524 duae
665 4447 824 4524 voces
843 4447 1176 4524 occurrunt,
1209 4469 1436 4524 quarum
1463 4455 1631 4510 hacin
1655 4459 1902 4511 oratione
1927 4473 2058 4513 usus

503 4517 981 4598 frequentissimus
1011 4533 1126 4598 est:
1155 4517 1668 4598 illapsustsmnmn
1697 4527 2056 4598 ἐπιφοίτησις.

412 4632 414 4636 ,
505 4587 837 4668 innoxiam,
863 4609 891 4646 a
921 4595 1193 4668 verbena:
1249 4587 1392 4668 quod
1428 4598 1650 4668 legitur
1684 4599 1735 4652 in
1805 4587 2058 4653 versione

507 4656 725 4730 Syriaca
752 4656 912 4719 Lucae
939 4681 977 4726 ι,
1015 4656 1308 4719 55.¹νὶνιιὶε
1326 4656 1926 4721 ΑΙιὶδεῧηὶοὸυηιΙηαὸὶι
1947 4670 2058 4730 tibi,

501 4728 858 4808 stragica;
894 4743 952 4787 ut.
1005 4736 1337 4808 significetur
1371 4738 1596 4806 illapsus
1627 4737 1860 4808 Spiritus
1887 4728 2061 4794 sancti

502 4797 558 4856 in
581 4801 639 4855 Β.
678 4797 1095 4879 Virginem,__ad
1131 4797 1481 4879 formandum
1505 4824 1571 4863 ex
1595 4797 1906 4879 ea'corpus,
1936 4825 2060 4862 mox

501 4874 888 4950 assumendum
923 4891 951 4928 a
977 4874 1152 4950 verbo
1167 4875 1288 4950 Dei.
1315 4877 1380 4931 Ut
1403 4879 1557 4950 enim,
1580 4879 1705 4932 alibi
1731 4874 2058 4950 explicatum

499 4949 601 5019 est,
625 4958 689 4997 ea
718 4947 1130 5019 comparatione
1155 4947 1460 5002 Orientales
1488 4949 1563 5001 uti
1597 4947 1938 5019 potissimum
1971 4965 2060 5003 so-

499 5009 631 5075 lent,
666 5015 730 5068 ad
763 5009 1139 5098 explicandam
1157 5019 1577 5102 propositorum
1588 5009 1976 5102 elementorum
2004 5021 2058 5074 in

499 5096 697 5156 corpus
729 5096 781 5139 et
807 5087 1122 5156 sanguinem
1153 5087 1356 5142 Christi
1388 5089 1688 5144 mirabilem
1730 5098 2061 5145 transmuta-

499 5152 720 5232 tionem.
749 5152 934 5232 Altera
958 5173 1061 5232 vox
1084 5169 1309 5232 astam:
1325 5175 1418 5232 seu
1450 5157 1634 5212 Graeca
1658 5161 1912 5232 ἀναδείξῃ
1939 5177 2059 5226 qua:

497 5228 738 5301 occurrit
767 5229 818 5280 in
849 5226 1068 5301 Syriaca
1096 5228 1283 5282 Jacobi
1305 5231 1540 5300 liturgia,
1563 5237 1617 5285 et
1639 5231 1704 5283 de
1729 5247 1834 5301 qua
1860 5226 2062 5301 pariter

495 5292 698 5369 dictum
732 5305 832 5360 est,
858 5292 1130 5369 certisque
1148 5292 1482 5369 argumentis
1504 5292 1957 5363 demonstratum,
1984 5302 2060 5356 in-

495 5365 838 5452 telligendam
869 5370 1017 5452 illam
1042 5365 1343 5452 ’esse,'non
1380 5379 1589 5452 tamex.
1627 5369 1848 5452 Syriaca
1895 5387 2057 5440 quam

493 5449 558 5487 ex
588 5437 770 5511 Graeca
800 5440 1031 5510 origine,
1070 5443 1138 5493 ita
1166 5437 1681 5511 utnousirnpliciter
1700 5437 2059 5496 demonstrare

493 5511 545 5556 el
573 5508 868 5582 designare,
901 5508 996 5564 Sed
1027 5511 1219 5581 allicere
1250 5521 1304 5567 et
1341 5508 1644 5566 consecrare
1684 5513 1970 5582 significet.
1999 5514 2055 5566 Si

493 5576 1005 5653 quis‘pervicacius
1054 5576 1315 5645 insistat,
1373 5583 1632 5652 tricisque
1687 5576 2057 5653 grammaticis

493 5644 796 5722 simplicem
842 5662 895 5704 et
928 5660 1004 5704 tot
1035 5654 1156 5706 aliis
1205 5653 1441 5722 liturgiis
1481 5644 1793 5721 expressam
1831 5663 2054 5708 senten-

493 5713 623 5794 nam
652 5733 948 5794 ooscnrare
981 5723 1207 5794 nitatur,
1254 5739 1317 5794 ex
1337 5713 1616 5794 vsequenti
1654 5725 1907 5786 formula,
1937 5741 2054 5793 qua:

492 5786 556 5842 ad
585 5788 806 5848 calicem
841 5790 1094 5859 refertur,
1125 5792 1292 5849 refelli
1323 5786 1518 5869 potest,
1574 5794 1626 5848 in
1661 5810 1766 5866 qua
1800 5811 1898 5849 vos
1919 5786 2052 5858 '15.”):

2180 1894 2395 1948 Patrem
2417 1902 2591 1953 tuum,
2615 1893 2822 1948 dicens.

2257 1985 2506 2054 Populus.
2537 1983 2814 2039 Miserere.

2253 2073 2532 2129 Sacerdos.
2566 2074 2676 2129 Nos
2698 2089 2934 2144 quoque.

2250 2165 2506 2234 Populus.
2549 2162 2624 2220 Te
2655 2165 2956 2220 laudamus.

2251 2260 2528 2316 Sacerdos.
2570 2258 2864 2330 Praecipue.

2249 2354 2539 2408 Diaconus.
2579 2352 2752 2418 Quam
2779 2350 3016 2406 timenda
3045 2362 3127 2408 est
3157 2352 3273 2408 haec
3302 2353 3454 2408 hora.

2249 2445 2505 2502 Sacerdos
2519 2444 2646 2497 dicit
2669 2444 3045 2498 invocationem
3077 2442 3305 2513 Spiritus
3319 2447 3508 2500 sancti.

2247 2536 2673 2594 Misericordiam
2697 2545 2845 2590 tuam
2867 2536 3112 2591 obtestor
3126 2545 3181 2592 et
3203 2537 3484 2607 deprecor,
3509 2536 3742 2596 Domine

2177 2629 2318 2685 Dens
2352 2627 2645 2682 :miserere
2674 2625 2800 2688 mei,
2833 2635 2887 2679 et
2909 2625 3123 2681 eﬂ‘unde
3155 2643 3317 2695 super
3355 2643 3440 2682 me
3473 2635 3526 2682 et
3569 2642 3740 2698 super

2177 2719 2480 2776 oblationes
2524 2719 2674 2772 istas:
2705 2718 3052 2789 propositas,
3107 2719 3333 2788 gratiam
3392 2718 3628 2788 Spiritus
3655 2721 3737 2777 tui

2178 2813 2350 2870 sancti
2378 2831 2390 2866 :
2420 2819 2475 2864 et
2515 2809 2717 2864 munda
2747 2825 2831 2863 me
2858 2810 2926 2864 ab
2953 2809 3210 2864 omnibus
3240 2811 3466 2866 maculis
3502 2813 3735 2883 peccati,

2176 2915 2231 2962 et
2260 2905 2505 2959 conforta
2539 2917 2624 2955 me
2655 2901 2721 2956 ad
2759 2900 3122 2957 ministerium
3157 2901 3261 2956 hoc
3293 2917 3489 2971 purqu
3522 2909 3577 2958 et
3605 2917 3738 2958 san-

2177 3007 2342 3052 ctum.

2249 3088 2531 3144 Sacerdos.
2569 3085 2778 3140 Exaudi
2799 3101 2906 3150 me,
2929 3084 3176 3141 Domine.

2245 3180 2502 3248 Populus.
2529 3177 2689 3248 Kyrie
2719 3175 2944 3232 eleison.

2244 3271 2524 3328 Sacerdos.
2550 3269 2730 3339 Utper
2752 3268 3002 3338 illapsum
3027 3283 3184 3324 suum
3215 3269 3612 3342 exbibeat(28),
3639 3289 3738 3342 pa-

2172 3382 2294 3424 nem
2323 3365 2542 3436 quidem
2582 3363 2744 3418 istum
2770 3401 2786 3430 ,
2826 3362 2867 3433 -ξ-
2895 3376 3095 3433 corpus
3139 3371 3389 3418 sanctum
3429 3362 3470 3433 -ι-
3529 3364 3734 3421 Christi

2171 3459 2268 3518 Dei
2297 3456 2470 3514 nostri
2500 3455 2560 3527 τ.

2170 3609 2335 3679 faciat
2365 3612 2678 3679 usurpatur,
2722 3601 3284 3679 significationemque
3329 3602 3550 3679 alterius
3582 3605 3735 3662 vocis

2170 3674 2518 3734 determinat;
2548 3674 2692 3728 ldem
2725 3674 2868 3727 enim
2900 3689 2998 3744 pro
3030 3675 3212 3736 misto,
3254 3674 3396 3744 quod
3429 3675 3571 3727 calix
3599 3690 3736 3728 con-

2170 3751 2325 3811 tinet,
2349 3746 2656 3817 postulatur
2695 3744 3040 3817 miraculum,
3074 3759 3135 3817 ac
3159 3759 3256 3813 pro
3285 3759 3423 3812 pane
3471 3745 3526 3798 in
3570 3746 3733 3799 altari

2168 3814 2494 3890 proposito:
2525 3824 2577 3890 et
2605 3816 2650 3869 si
2677 3814 2902 3870 eﬂ'ectus
2940 3829 3048 3890 non
3069 3815 3528 3890 alius_es_t.quan_1_
3553 3824 3613 3867 ut
3652 3817 3732 3869 si-

2169 3883 2385 3960 gnificet
2416 3887 2783 3960 idesignetque
2830 3885 3145 3953 sanguinem
3181 3883 3407 3946 Christi,
3462 3885 3564 3938 alia
3585 3901 3733 3960 “voce

2169 3956 2246 4013 uti
2275 3956 2787 4024 debebantliturgize
2814 3965 3085 4018 auctores,
3109 3970 3270 4024 quam
3303 3971 3362 4010 ea
3388 3971 3506 4024 qua:
3535 3957 3732 4024 efﬁcere

2168 4029 2477 4101 significat._
2505 4026 2560 4101 Si
2603 4041 2729 4101 vere
2784 4025 3014 4079 eﬂicitur
3053 4041 3262 4101 merum
3305 4041 3444 4101 aqua
3479 4026 3725 4086 mistum.

2167 4096 2389 4169 sanguis
2422 4097 2646 4169 (gliristi,
2676 4111 2802 4169 vere
2845 4111 3062 4164 quoque
3092 4097 3248 4165 panis
3276 4096 3501 4150 eﬂicitur
3523 4112 3728 4167 corpus

2164 4165 2390 4226 Christi.
2434 4166 2622 4238 Itaque
2672 4165 2895 4238 dubium
2953 4181 3252 4238 superesse
3272 4168 3478 4225 nullum
3524 4165 3724 4235 potest,

2164 4242 2294 4310 quin
2329 4236 2557 4309 utraque
2585 4252 2724 4310 vox,
2744 4237 2984 4310 diversae
3016 4236 3141 4310 licet
3177 4237 3404 4310 originis
3436 4244 3487 4289 et
3517 4246 3728 4310 etymo-

2165 4305 2338 4375 logiae.
2369 4305 2557 4364 eodem
2589 4305 2894 4378 significatu
2917 4307 3236 4378 accipienda
3270 4305 3342 4361 sit
3366 4306 3540 4376 :quod
3557 4305 3726 4360 etiam

2166 4385 2437 4442 variarum
2475 4376 2702 4434 aliaruin
2747 4376 3090 4446 liturgiarum
3145 4392 3447 4432 consensus
3497 4377 3727 4432 demon.

2164 4461 2321 4509 strat.

2235 4523 2292 4575 ln
2338 4519 2582 4575 Romana
2614 4516 2854 4573 editione
2902 4515 3078 4571 forma
3121 4515 3485 4570 lnvocationis
3516 4516 3725 4585 integra

2163 4594 2349 4648 relicta
2378 4599 2480 4655 est,
2521 4605 2586 4644 eo
2619 4590 2794 4643 solum
2835 4602 2867 4641 a
2895 4587 3179 4642 codicibus
3203 4603 3336 4641 mss.
3380 4587 3723 4651 discrimine,

2161 4665 2304 4734 quod
2333 4664 2387 4717 in
2409 4668 2637 4736 utraque
2670 4658 2910 4736 periodo,
2947 4665 3056 4710 tam
3085 4658 3232 4736 in_ea
3258 4673 3382 4736 quae
3415 4657 3482 4710 ad
3530 4672 3725 4736 panem

2163 4728 2390 4804 spectat.
2416 4728 2588 4801 “quam
2623 4728 2684 4783 in
2709 4731 2904 4804 altera,
2945 4743 3065 4804 qua:
3094 4728 3159 4804 ad
3189 4728 3412 4804 calicem
3436 4767 3454 4794 ,
3484 4728 3727 4782 occurrit

2161 4798 2266 4860 vox
2294 4798 2482 4876 eadem
2509 4810 2656 4876 ξεττ-ιβ.
2688 4806 2771 4854 An
2797 4800 2870 4852 ita
2895 4798 3185 4876 habuerint
3223 4798 3441 4852 codices
3483 4813 3616 4852 mss.
3653 4812 3724 4876 eat

2161 4872 2570 4945 quibuseditio
2593 4874 2736 4945 facta
2766 4877 2887 4945 est,_
2904 4870 3087 4945 dicere
3126 4883 3233 4922 non
3288 4883 3581 4945 possumus
3615 4886 3628 4921 :
3667 4865 3724 4920 id

2162 4937 2340 5000 autem
2364 4943 2523 4998 facile
2550 4942 2671 4998 fuit.
2699 4957 2821 4995 cum
2856 4938 2978 5011 Syri
3000 4946 3231 5011 utraque
3255 4937 3720 5011 veceindiﬂeren-

2161 5025 2244 5072 ter
2267 5014 2343 5070 uti
2373 5015 2602 5070 soleant.
2652 5011 2850 5067 Verum
2883 5008 3178 5082 siquidem
3213 5009 3561 5082 emendanda:
3606 5009 3724 5061 fue-

2161 5096 2290 5142 runt
2319 5087 2374 5140 in
2404 5085 2540 5139 locis
2565 5082 2688 5138 aliis
2714 5079 3078 5136 lnvocationis
3121 5080 3385 5144 formulas,
3418 5079 3472 5133 in
3504 5080 3631 5142 ista,
3660 5087 3722 5132 ut

2163 5159 2215 5218 in
2245 5155 2434 5212 Jacobi
2477 5154 2723 5232 _l_it_urg_ia,
2764 5153 2904 5232 idem
2949 5160 3067 5232 erat
3099 5150 3498 5232 observandum
3536 5169 3548 5204 :
3592 5165 3719 5232 nam

2160 5237 2415 5283 constare
2445 5224 2550 5280 sibi
2573 5223 2770 5278 debent
2810 5223 2863 5276 in
2893 5237 2952 5276 re
2986 5230 3094 5274 tam
3134 5223 3282 5290 gravi
3324 5237 3611 5276 censorum
3630 5223 3716 5290 ju-

2160 5301 2322 5353 dicia.
2355 5296 2410 5350 Si
2438 5310 2557 5365 qua:
2583 5296 2635 5347 in
2661 5295 2873 5372 duabus
2893 5291 3255 5372 illisliturgiis
3277 5291 3480 5372 intacta
3507 5301 3719 5372 servata

2159 5379 2260 5431 est,
2309 5363 2468 5421 omni
2503 5366 2707 5420 erroris
2755 5363 3069 5433 suspicione
3115 5371 3303 5416 caret:
3355 5363 3633 5417 sollicitari
3665 5371 3721 5417 et

2161 5439 2436 5492 immutari
2487 5437 2606 5490 alia:
2635 5453 2740 5490 non
2772 5435 3061 5499 debebant,
3095 5442 3188 5486 aut
3213 5441 3460 5502 utraque,
3493 5433 3582 5487 illa
3613 5448 3721 5502 piae

2159 5511 2370 5563 caeteris
2400 5505 2956 5584 debebatemeudari,
2987 5520 3050 5559 ea
3074 5503 3611 5584 ipsa__ratioue,_gua:
3638 5505 3720 5584 ip:

2160 5595 2296 5640 sam,
2332 5586 2389 5631 ut
2411 5579 2702 5632 verisimile
2732 5585 2838 5638 est,
2859 5592 2887 5626 a
2907 5573 3139 5630 censura
3172 5575 3436 5629 liberavit.
3461 5573 3594 5627 Nam
3625 5575 3718 5642 qui

2160 5666 2289 5703 voce
2303 5660 2430 5712 ππ,
2450 5664 2568 5717 quae
2593 5651 2761 5701 ποιεῖν
2785 5647 3074 5716 signiﬁcat,
3099 5645 3289 5699 oﬂcnsi
3308 5653 3454 5705 sunt.
3493 5647 3716 5717 alteram

2159 5732 2260 5779 mn
2290 5761 2302 5778 .
2337 5716 2604 5783 ἁναδὲίξαι
2634 5719 2777 5776 aliud
2812 5717 3086 5787 quidpiam
3117 5717 3406 5786 significari
3431 5716 3712 5785 judiCavc-

2161 5802 2304 5859 runt,
2344 5792 2546 5846 scilicet
2599 5790 2892 5860 designare,
2950 5789 3337 5851 demonstrare,
3369 5797 3474 5842 etc.
3511 5788 3582 5840 At
3624 5791 3713 5855 qui
