4080 6334
316 290 397 348 70!

374 407 625 477 Populus.
660 411 851 471 Arnen.

370 500 646 558 Sacerdos.
675 503 738 557 Et
762 507 982 563 mistum
1003 511 1147 581 quod
1173 522 1257 571 est
1285 518 1340 571 in
1364 518 1464 573 hoc
1478 519 1668 585 calice,
1685 518 1848 577 faciat

304 594 614 663 sanguinem
648 596 846 652 Christi
872 599 964 656 Dei
998 608 1190 664 nostri.

372 684 620 752 Populus.
653 689 844 747 Amen.

367 778 645 834 Sacerdos.
702 782 872 839 Nobis
904 797 1082 842 autem
1134 806 1229 860 per
1274 794 1487 849 illorum
1546 798 1847 867 susceptio-

298 885 440 929 nem,
472 870 564 925 det
596 876 806 929 veniam
828 878 1164 944 delictorum,
1201 887 1572 943 remissionem
1605 902 1847 960 peccato.

297 964 730 1024 rum,scientiam
761 985 938 1022 veram
985 972 1129 1033 fidei,
1182 977 1464 1047 telumque
1520 982 1841 1039 laudabilem

295 1055 593 1124 religionis,
630 1065 679 1113 et
714 1062 1182 1132 participationem
1214 1069 1337 1124 vita:
1370 1079 1604 1129 reterns).

361 1146 619 1214 Populus.
642 1153 830 1207 Amen.

333 1238 619 1295 'Sacerdos
647 1245 950 1302 inclinatus.
981 1248 1077 1311 Da,
1111 1252 1356 1317 Domine,
1390 1256 1644 1313 Ecclesia:
1671 1266 1840 1317 tueeet

293 1332 615 1398 praesulibus
659 1334 800 1402 ejus.
853 1346 905 1391 ut
931 1340 1084 1405 juxta
1116 1346 1487 1414 praescriptum
1523 1348 1696 1420 legum
1730 1358 1839 1406 tua-

290 1432 410 1473 rum
438 1438 498 1475 se
528 1433 736 1492 gerant,
767 1430 1019 1486 omnibus
1034 1433 1225 1489 diebus
1252 1436 1372 1489 vitae
1391 1452 1521 1492 sum.

360 1510 587 1567 Elevans
640 1533 831 1575 vocem.
884 1520 948 1575 Et
986 1525 1174 1581 oculos
1221 1527 1616 1587 intellectuales
1640 1533 1837 1589 mentis

286 1611 489 1658 nostra:
526 1607 788 1675 illumina,
823 1612 1075 1678 Domine,
1106 1625 1167 1670 ut
1191 1623 1623 1690 contemplemur
1672 1626 1837 1679 mira—

285 1695 406 1746 cula
443 1696 616 1767 legum
651 1708 863 1757 tuarum
892 1706 1193 1763 divinarum
1228 1730 1240 1765 :
1277 1719 1329 1767 et
1352 1729 1379 1766 a
1412 1714 1552 1783 lupis
1581 1717 1837 1785 spiritua-

1726 314 2071 373 LITURGIA.

1880 437 1923 493 Α
2023 430 2244 484 Elevans
2270 447 2461 486 vocem.
2496 431 2694 486 Eorum
2729 432 2821 502 qui
2855 426 3103 489 doctores
3139 436 3250 489 veri
3280 435 3499 493 fuerunt

3401 323 3501 378 ζ’θῖ

1954 522 2206 576 Ecclesiae
2250 532 2354 578 tuae
2400 532 2638 585 sanctze,
2672 532 2725 577 et
2779 538 2807 577 a
2838 524 3242 583 seductionibus
3293 531 3498 586 erroris

1950 627 2066 665 eam
2098 622 2497 678 converterunt,
2521 623 2573 668 et
2602 614 2717 669 vias
2746 623 2921 671 rectas
2963 614 3031 669 ad
3070 618 3231 672 vitam
3274 619 3497 675 immor-

1950 704 2129 767 talem,
2156 705 2228 757 illi
2260 706 2767 761 demonstraverunt
2794 726 2806 762 :
2840 718 3151 766 numeratos
3174 712 3335 782 igitur
3355 715 3493 772 inter

1948 795 2167 849 ordines
2216 812 2400 850 eorum
2436 797 2520 851 fac
2571 814 2691 863 nos,
2729 806 2787 853 ut
2812 814 2935 854 cum
2967 800 3075 856 illis
3103 810 3157 857 et
3186 803 3325 859 inter
3371 806 3493 864 illos

1948 886 2241 942 referamus
2269 889 2363 941 tibi
2386 889 2632 958 gloriam,
2664 897 2766 944 etc.

2016 978 2267 1047 Populus.
2299 979 2487 1037 Amen.

2015 1068 2269 1125 Sacerdos
2312 1073 2613 1127 inclinatus.
2648 1072 2901 1130 Miserere
2931 1084 2985 1129 et
3023 1091 3205 1146 parce,
3244 1077 3489 1145 Domine,

1946 1176 2039 1230 per
2075 1160 2176 1214 hoc
2226 1162 2575 1224 sacrificium,
2609 1165 2862 1219 onmihus
2909 1165 3183 1223 defunctis
3219 1168 3487 1233 ﬁdelibus.

1944 1255 2037 1324 qui
2074 1253 2281 1323 pridem
2316 1254 2708 1321 decubuerunt,
2737 1273 2859 1311 cum
2892 1273 2987 1328 spe
3017 1267 3128 1324 tua,
3160 1260 3216 1313 in
3252 1260 3353 1317 fide
3400 1278 3489 1319 or-

1943 1345 2193 1399 thodoxa.

2012 1434 2232 1488 Elevans
2253 1451 2438 1490 vocem.
2457 1434 2654 1491 Omnes
2675 1437 2941 1506 aspiciens
2958 1453 3077 1492 cum
3099 1440 3485 1505 misericordia,

1941 1534 2196 1595 tanquam
2231 1525 2479 1581 conditor
2519 1528 2818 1581 animarum
2850 1537 2902 1582 et
2933 1544 3221 1599 corporum
3252 1532 3483 1585 illorum.

1940 1617 2199 1686 Acceptas
2229 1618 2389 1687 igitur
2414 1618 2550 1671 habe
2576 1618 2710 1673 istas
2734 1620 3054 1682 oblationes,
3108 1638 3226 1691 quas
3254 1638 3350 1691 pro
3381 1624 3487 1677 illis

1940 1710 2034 1762 tibi
2059 1709 2358 1763 offeruntur
2387 1729 2399 1763 :
2437 1715 2490 1763 et
2520 1718 2710 1779 praesta
2739 1711 2846 1764 illis
2888 1712 3027 1765 bona
3072 1714 3337 1782 promissa
3364 1716 3488 1771 dili—

287 1785 429 1842 libus
461 1791 773 1848 universum
806 1812 1017 1869 gregem
1060 1809 1209 1855 tuum
1244 1817 1507 1861 conserva
1534 1826 1547 1862 ε
1588 1816 1640 1862 ει
1674 1810 1835 1865 simul
1866 1797 1908 1853 Β
1938 1801 2185 1868 gentibus
2233 1798 2507 1855 Christum
2565 1808 2715 1853 tuum
2745 1820 2761 1868 ;
2805 1817 2901 1870 per
2928 1819 3110 1872 quem,
3142 1814 3195 1859 et
3224 1819 3347 1859 cum
3377 1822 3486 1875 quo

285 1876 586 1935 referemus
614 1884 706 1937 tibi
734 1886 961 1955 gloriam
993 1899 1045 1943 et
1074 1891 1311 1958 laudem,
1345 1905 1450 1951 etc.

354 1967 611 2037 Populus.
636 1975 825 2031 Amen.

355 2061 618 2120 Sacerdos
657 2069 959 2126 inclinatus.
998 2073 1300 2141 Memento,
1360 2076 1602 2146 Domine,
1648 2096 1834 2136 eorum

279 2153 375 2222 qui
409 2155 662 2212 invocant
705 2168 757 2216 te
786 2178 906 2217 cum
942 2166 1043 2221 fide
1072 2184 1227 2234 vera,
1259 2179 1312 2226 et
1350 2172 1489 2227 bona
1536 2183 1833 2244 operantur

282 2249 503 2309 propter
532 2260 722 2301 nomen
750 2257 899 2305 tuum
928 2264 1195 2312 sanctum.

355 2330 578 2388 Elevans
607 2354 797 2396 vocem.
827 2341 1026 2401 Omnes
1055 2364 1266 2418 quoque
1289 2350 1526 2421 reliquos
1574 2354 1835 2409 orthodo-

280 2438 380 2477 χοε
401 2426 605 2481 auxilio
640 2437 732 2484 tuo
759 2434 1046 2503 adjuvans,
1076 2438 1321 2505 Domine,
1360 2444 1585 2500 benedic
1622 2462 1716 2500 eos
1737 2446 1831 2516 qui

274 2514 471 2581 juvant
524 2517 820 2577 Ecclesiam
870 2535 1014 2581 tuam
1056 2542 1330 2588 sanctam:
1378 2544 1435 2588 ut
1475 2537 1541 2589 ab
1576 2514 1832 2593 omnibus

278 2607 619 2675 atoriliceris,
649 2628 770 2667 cum
808 2618 1081 2689 unigenito
1116 2622 1249 2679 Filio
1274 2634 1387 2691 tuo,
1422 2636 1475 2682 et
1503 2627 1708 2699 Spiritu
1736 2638 1830 2685 tuo

275 2707 491 2763 Sancto,
519 2710 623 2758 etc.

341 2788 599 2857 Populus.
637 2794 826 2852 Amen.

339 2878 625 2938 Sacerdos.
689 2886 891 2946 Coerce
946 2897 1203 2954 et'aufer
1260 2917 1289 2955 a
1347 2905 1523 2971 nobis,
1579 2905 1826 2975 Domine,

274 2985 489 3026 omnem
533 2985 848 3045 potestatem
884 2984 1157 3044 inimicam
1190 3005 1514 3065 pugnantem
1568 2999 1826 3057 adversus

228 3136 231 3137 ν
273 3079 392 3119 1108.

337 3156 573 3215 Elevaus
603 3179 790 3219 vocem.
828 3166 889 3220 Et
910 3171 1161 3238 concede,
1186 3174 1429 3245 Domine,
1454 3182 1821 3239 liberationem

273 3249 568 3317 perfectam
622 3270 651 3308 a
704 3256 881 3321 bellis,
915 3266 1258 3331 tumultibus,
1304 3278 1356 3324 ct
1400 3273 1798 3329 incursionibus

272 3342 650 3411 barbarorum,
678 3350 875 3418 populo
905 3359 997 3405 tuo
1027 3354 1168 3410 fideli
1208 3377 1221 3413 :
1262 3368 1423 3431 atque
1451 3364 1502 3417 in
1537 3381 1823 3436 pace,quaa

271 3452 296 3485 a
326 3444 379 3491 te
413 3444 519 3501 est,
552 3453 808 3494 conserva
843 3458 1052 3499 omnem
1082 3465 1293 3519 gregem
1320 3461 1502 3510 tuum:
1536 3460 1822 3515 utassidue

268 3529 632 3596 glorificemus
684 3540 756 3596 te,
800 3537 1243 3613 unigenitumque
1292 3544 1485 3602 Filium
1539 3558 1724 3618 tuum,
1767 3561 1823 3611 et

270 3619 532 3690 Spiritum
563 3625 985 3687 sanctissimum.

330 3711 592 3778 Populus.
624 3714 815 3770 Amen.

328 3797 591 3853 Sacerdos
636 3802 934 3867 inclinatus.
977 3808 1265 3879 Memento,
1322 3814 1565 3884 Domine,
1617 3830 1823 3878 sanctm

266 3889 560 3946 Genitricis
605 3892 697 3946 Dei
740 3894 942 3964 Mariae,
997 3911 1050 3957 et
1093 3915 1404 3963 sanctorum
1454 3914 1816 3983 apostolorum

267 3992 507 4044 tuorum,
544 3990 603 4036 ut
649 3984 809 4040 etiam
845 3988 1057 4046 illorum
1109 3997 1201 4066 qui
1232 3999 1372 4055 inter
1411 4017 1507 4059 eos
1550 4006 1817 4063 recenseri

267 4084 607 4129 meruerunt.

329 4166 560 4223 Elecans
590 4189 782 4230 vocem.
803 4175 911 4232 Nos
936 4177 1096 4232 etiam
1120 4179 1337 4244 robora,
1365 4189 1422 4236 ut
1450 4182 1679 4253 gloriose
1694 4203 1819 4257 per-

267 4256 514 4313 finiamur
534 4263 587 4317 in
608 4267 843 4335 scientia
875 4285 1022 4335 vera,
1054 4279 1105 4325 et
1131 4273 1462 4328 conscientia
1488 4256 1707 4331 sincera
1728 4288 1816 4333 :ut

264 4365 319 4401 ea
342 4352 558 4407 ratione
587 4355 793 4410 similes
810 4357 984 4414 effecti
1010 4360 1215 4415 sanctis
1238 4364 1366 4425 tuis,
1384 4367 1472 4433 qui
1492 4365 1586 4419 tibi
1605 4366 1812 4432 vivunt,

1939 1892 2360 1947 misericordiam
2390 1894 2647 1963 consequi
2699 1908 2999 1963 speramus,
3030 1904 3083 1951 et
3110 1898 3481 1953 remissionem

1934 1992 2278 2053 peccatorum
2316 2001 2433 2054 etne
2467 1996 2683 2056 propter
2706 2001 2828 2040 eum
2863 1993 2965 2054 est,
3001 1996 3055 2042 et
3087 1989 3246 2044 nobis
3273 1998 3326 2045 et
3354 1991 3478 2046 illis.

2009 2074 2257 2144 Populus.
2290 2075 2532 2141 Quietem
2564 2084 2781 2145 praesta.

2004 2168 2277 2223 Sacerdos.
2302 2168 2570 2240 Propitius
2601 2172 2762 2241 igitur
2790 2179 2909 2227 esto
2939 2172 3191 2228 omnibus
3224 2174 3481 2244 iniquita--

1933 2263 2075 2317 tibus
2104 2263 2304 2316 nostris
2361 2271 2413 2317 et
2457 2262 2693 2328 illorum,
2718 2264 2963 2329 Domine,
2991 2281 3160 2334 neque
3188 2267 3239 2319 in
3276 2282 3481 2320 memo-

1933 2357 2063 2407 riam
2098 2370 2316 2409 revoces
2344 2353 2573 2407 crimina
2622 2371 2740 2423 qtae
2769 2372 2797 2409 a
2832 2356 2986 2411 nobis
3025 2366 3076 2409 et
3106 2357 3300 2410 abillis
3330 2372 3480 2409 como

1932 2447 2094 2501 missa
2120 2454 2276 2501 sunt:
2301 2462 2485 2499 verum
2512 2463 2635 2517 rege
2666 2462 2764 2502 nos
2789 2448 2840 2501 in
2874 2448 2975 2502 hoc
3003 2448 3200 2501 saeculo
3225 2448 3422 2501 liberos
3446 2464 3475 2500 a

1924 2536 2146 2607 judiciis
2170 2548 2221 2591 et
2249 2539 2537 2608 angustiis,
2565 2546 2618 2593 et
2656 2538 2708 2592 in
2746 2539 2929 2592 futuro
2954 2539 3037 2592 fac
3072 2555 3171 2593 nos
3196 2539 3477 2607 pervenire

1930 2629 1994 2681 ad
2031 2628 2331 2682 habitacula
2355 2630 2512 2692 lucis,
2540 2630 2717 2700 gaudii
2743 2638 2796 2685 et
2827 2631 3025 2685 laetitiae
3052 2651 3065 2685 :
3096 2638 3153 2683 ut
3179 2631 3265 2685 hic
3286 2639 3338 2685 et
3367 2632 3477 2685 illic

1929 2719 2308 2788 glorificemus,
2370 2721 2672 2783 laudemus,
2708 2738 3028 2777 veneremur
3059 2732 3109 2777 et
3153 2724 3475 2778 extollamus

1928 2825 2121 2864 nomen
2151 2819 2299 2864 tuum
2333 2810 2871 2865 valdehonorandum
2912 2820 2963 2866 et
3001 2813 3362 2876 benedictum,
3400 2812 3475 2867 si-

1926 2902 2146 2971 mulque
2173 2901 2383 2956 Domini
2426 2902 2599 2957 nostri
2630 2900 2759 2957 Jesu
2791 2901 3017 2969 Christi,
3040 2912 3091 2959 et
3134 2902 3366 2973 Spiritus
3396 2902 3471 2957 tui

1928 2992 2119 3047 sancti.

1997 3083 2248 3150 Populus.
2289 3082 2461 3139 Sicut.

1996 3174 2272 3229 Sacerdos.
2309 3173 2439 3228 Pax.

1993 3266 2248 3335 Populus.
2287 3266 2349 3318 Et
2370 3281 2491 3320 cum
2525 3265 2716 3334 spiritu
2749 3273 2861 3319 tuo.

1992 3359 2266 3413 Sacerdos.
2295 3358 2673 3414 Misericordia:
2705 3357 2795 3413 Dei
2823 3358 2948 3411 sint.

1990 3450 2183 3505 Postea
2212 3451 2408 3522 frangit
2438 3452 2667 3506 oblatam
2715 3460 2762 3505 et
2808 3451 2982 3521 signat
3029 3449 3244 3501 dicens:
3280 3444 3467 3503 Credi-

1920 3554 2061 3595 mus.
2416 3591 2428 3604 ,

1992 3632 2254 3686 Diaconus
2286 3634 2411 3686 dicit
2442 3631 2788 3687 Catholicam.

2038 3724 2291 3779 Sacerdos
2323 3724 2449 3778 dicit
2480 3727 2768 3780 orationem
2807 3733 2927 3778 ante
2957 3721 3118 3776 Pater
3139 3735 3343 3777 noster.

1984 3814 2241 3886 Princeps
2271 3832 2461 3887 magne
2488 3825 2541 3871 et
2572 3816 2729 3872 Pater
2760 3831 2883 3871 vere
2929 3817 3212 3884 utriusque
3259 3812 3464 3875 saeculi,

1918 3909 2159 3973 Domine,
2193 3910 2283 3981 qui
2314 3926 2413 3965 nos
2448 3927 2513 3965 ex
2536 3911 2707 3965 nihilo
2744 3909 3000 3973 eduxisti,
3037 3916 3096 3962 ut
3115 3923 3383 3970 essemus,
3413 3914 3467 3967 et

1915 4003 2030 4057 vias
2062 4012 2235 4058 rectas
2259 4004 2473 4069 salutis,
2501 4020 2595 4074 per
2620 4003 2812 4057 Filium
2837 4012 2989 4063 tuum
3016 4003 3350 4074 unigenitum
3368 4001 3466 4054 do-

1915 4095 2074 4149 cuisti
2096 4109 2196 4149 nos
2230 4115 2242 4149 :
2276 4102 2329 4148 tu
2362 4109 2508 4149 nunc
2537 4095 2698 4150 etiam
2734 4111 2829 4163 per
2868 4094 3095 4163 gratiam
3138 4101 3284 4146 tuam
3316 4107 3471 4145 com-.

1916 4184 2122 4253 patiens
2151 4183 2703 4252 nobiscum,l)omtne,
2739 4185 3015 4241 sanctifica
3047 4192 3254 4239 mentes
3281 4190 3333 4238 et
3362 4183 3467 4236 lin.

1912 4291 2046 4345 guas
2085 4285 2318 4341 nostras,
2352 4293 2415 4331 co
2444 4277 2547 4332 fine
2589 4284 2647 4330 ut
2690 4295 2823 4348 pure
2864 4280 3177 4333 invocemus
3211 4286 3264 4331 te
3296 4275 3462 4330 Deum

1912 4368 2121 4425 Patrem
2197 4372 2637 4442 ontuipotentem,
2696 4380 2981 4433 sanctum,
3040 4384 3363 4439 oremusque
3409 4375 3466 4429 et

264 4452 309 4544 et
338 4444 485 4513 apud
518 4454 568 4501 te
595 4449 874 4519 custoditi,
926 4469 1050 4507 cum
1095 4455 1206 4509 illis
1249 4456 1546 4514 referamus
1569 4460 1665 4515 tibi
1696 4462 1811 4531 glo-
1842 4491 1886 4549 ο
1913 4458 2190 4516 dicamus:
2228 4460 2385 4516 Pater
2410 4470 2592 4516 noster
2612 4463 2700 4531 qui
2725 4479 2784 4518 es
2813 4462 2868 4517 in
2903 4463 3074 4518 caelis.

265 4534 421 4600 riam,
455 4544 561 4593 etc.

326 4627 587 4696 Populus.
613 4633 806 4691 Amen.

326 4719 592 4783 Sacerdos
643 4728 942 4787 inclinatus.
978 4730 1267 4799 Memento,
1302 4735 1547 4801 Domine,
1589 4737 1810 4793 Patrum

261 4821 574 4869 sanctorum
625 4827 676 4872 et
718 4820 1031 4889 beatorum,
1076 4826 1167 4894 qui
1203 4827 1556 4897 spiritualiter
1588 4846 1687 4883 nos
1720 4846 1813 4899 ge-

260 4916 514 5042 gqerunt,
543 4909 712 4965 educa
726 4922 928 4983 (erunt,
953 4923 1008 4973 et
1036 4918 1311 4985 aluerunt,
1340 4921 1393 4974 in
1426 4924 1572 4977 omni
1617 4924 1813 4979 timore

302 5010 372 5042 Cl.

302 5010 372 5049 ει.

260 5170 653 5258 Ettclta_ristiatn
672 5179 783 5258 jam
814 5195 1202 5258 consecratam,
1259 5202 1454 5257 corpus
1486 5196 1539 5244 et
1589 5192 1808 5258 sangui-

262 5259 381 5299 nem
427 5247 633 5326 .tjhristi
665 5251 946 5327 designare
987 5256 1137 5317 dicit,
1173 5267 1319 5310 errat
1356 5247 1525 5327 longe
1568 5247 1806 5316 deterius

259 5329 321 5398 eo
349 5322 453 5398 qui
467 5333 636 5398 super
654 5322 809 5398 dona_
828 5327 1117 5398 proposita,
1141 5329 1321 5383 verbis
1344 5322 1543 5384 Christi
1564 5347 1591 5383 a
1621 5347 1805 5385 sacer-

258 5384 1273 5470 dote‘ri‘t‘epronuntiatisconsécrata
1303 5439 1317 5459 ,
1365 5401 1602 5453 invocari
1648 5384 1805 5470 posse

260 5455 430 5541 credit
459 5455 1023 5541 Spiritumrsanctum,
1047 5476 1105 5519 ut
1145 5455 1335 5541 illapsu
1372 5486 1471 5524 suo
1489 5455 1802 5541 mysterium

264 5525 871 5610 plena‘sanctitiratimte
892 5539 1189 5610 confirmet.
1226 5525 1408 5606 Seque
1444 5525 1681 5595 invocari
1710 5525 1804 5610 po;

262 5600 366 5677 test
402 5594 633 5665 Spiritus
656 5612 896 5669 sanctus,
925 5614 1017 5659 aut
1045 5608 1187 5661 illius
1221 5594 1408 5677 illapsu
1437 5619 1489 5663 ct
1511 5594 1803 5665 oliumbi'a-

261 5673 406 5749 tt‘one
446 5684 589 5747 opus
614 5681 807 5749 est._ttt
831 5677 983 5749 panis
1003 5686 1056 5729 et
1076 5680 1254 5730 viumn
1284 5673 1581 5748 significent
1605 5697 1801 5749 corpus

263 5743 313 5786 et
334 5743 648 5808 sanguinem
681 5743 898 5802 Christi.
933 5747 1062 5802 Nam
1080 5750 1301 5818 mystica
1328 5743 1437 5805 lucc
1461 5743 1801 5807 adumbratio

1986 4553 2235 4621 Populus.
2274 4553 2670 4610 Sanctificetur.

1983 4645 2259 4701 Sacerdos.
2299 4646 2523 4717 Semper
2539 4656 2657 4703 esto
2679 4654 2954 4700 armatura
2982 4652 3188 4707 nostra,
3206 4644 3458 4701 Domine:

1912 4738 2218 4799 auxiliator,
2250 4746 2301 4792 et
2324 4738 2565 4807 adjutor;
2586 4746 2640 4793 et
2671 4755 2700 4792 a
2732 4738 3125 4793 tentationibus
3162 4753 3458 4807 praesens-

1913 4837 1997 4882 tur
2041 4838 2094 4884 et
2140 4830 2394 4884 liberator
2430 4851 2451 4884 :~
2484 4833 2609 4901 quia
2656 4839 2807 4885 tuum
2855 4837 2939 4886 est
2985 4847 3232 4902 regnum,
3271 4837 3325 4884 et
3361 4846 3457 4900 po-

1912 4928 2077 4975 testas
2111 4929 2163 4974 et
2198 4921 2334 4984 laus,
2392 4923 2759 4993 unigenitique
2801 4921 2923 4977 Filii
2977 4924 3077 4989 tui,
3120 4931 3174 4978 et
3222 4922 3457 4995 Spiritus

1910 5014 2005 5075 tui,
2030 5021 2133 5067 etc.

1912 5192 2095 5246 statim
2121 5190 2187 5243 ab
2217 5190 2371 5246 initio
2396 5191 2645 5261 liturgiaa,
2680 5192 2840 5246 etiam
2865 5191 2919 5245 in
2954 5191 3335 5261 praeparatoria
3361 5208 3454 5246 ac-

1908 5265 2075 5324 tione,
2095 5277 2187 5331 per
2228 5278 2413 5330 preces
2443 5270 2494 5315 et
2524 5263 2873 5316 caeremonias
2903 5265 3035 5317 satis
3082 5263 3452 5331 significatur:

1910 5343 1967 5385 ut
2018 5348 2138 5385 cum
2174 5334 2326 5399 panis
2358 5332 2421 5385 ad
2446 5334 2614 5386 altare
2660 5332 2908 5394 infertur,
2941 5342 2993 5386 et
3018 5332 3215 5385 dicitur
3244 5351 3256 5385 :
3314 5332 3456 5385 Tan—

1941 5420 2061 5455 uam
2086 5403 2191 5454 ovis
2215 5402 2283 5453 ad
2304 5404 2609 5455 occisionem
2632 5403 2818 5455 ductus
2850 5412 2965 5456 est:
3004 5411 3056 5455 et
3087 5402 3151 5455 ad
3184 5402 3405 5456 calicem
3437 5420 3452 5457 :

1941 5420 2061 5455 uam
2086 5420 2191 5454 om
2215 5420 2281 5453 aa
2304 5420 2609 5455 occisionem
2632 5420 2818 5455 auctus
2850 5420 2924 5456 est
2948 5420 2965 5455 :
3004 5420 3056 5455 et
3087 5420 3151 5455 ao
3184 5420 3405 5456 cancem
3437 5420 3452 5457 :

1905 5420 2055 5526 Y'nus
2081 5474 2305 5524 militum
2339 5474 2517 5526 lancea
2536 5473 2674 5525 latus
2701 5473 2813 5540 ejus
2842 5474 3151 5537 aperuitmt
3170 5473 3272 5525 alia
3302 5473 3453 5525 simi-

1906 5544 1995 5603 lia,
2031 5544 2231 5597 όιιιιιιιιι
2261 5554 2383 5595 ante
2416 5560 2573 5611 qttam
2601 5544 3018 5611 pronuntientur
3045 5543 3244 5597 Christi
3265 5542 3447 5596 verba.

1906 5613 2037 5665 Tota
2087 5613 2454 5693 imoliturgim
2480 5628 2672 5693 .sertcs
2705 5629 2770 5693 co
2822 5621 3058 5693 spectat,
3094 5627 3214 5693 cum
3250 5628 3448 5693 reprae-

1904 5684 2135 5735 sentatio
2183 5684 2249 5736 sit
2282 5686 2445 5738 totius
2480 5683 2727 5737 humanae
2758 5683 2928 5752 ipsius
2956 5684 3009 5737 in
3046 5684 3205 5738 terris
3231 5683 3450 5752 dispen~

1904 5764 2145 5808 δίηιυιιιε.
