4080 6334
560 269 662 324 705
1381 229 1456 313 ἐ.
1495 251 1932 316 EUS’I‘ATHIUS
1969 241 2451 307 ANTIOCHENUS
2488 233 2882 297 EPISCOPUS.
3663 219 3768 280 τοι

630 380 883 452 Populus.
912 357 1103 433 Amen.
1283 343 1292 350 θ
2139 375 2183 428 Α
2213 359 2588 434 spiritualibus
2605 353 2910 410 divinitatis.
2928 358 3052 405 tuae.
3073 348 3272 404 Praesta
3297 338 3395 402 nos
3423 343 3587 416 igitur
3611 345 3772 398 inco-

631 438 908 528 Sacerdos.
932 465 1064 521 Pax.
2214 457 2387 510 lumes
2409 451 2478 506 ab
2510 451 2631 520 igne
2655 448 2749 502 illo
2791 441 3239 513 inexstinguibili,
3271 455 3369 510 per
3401 438 3549 494 istud
3580 439 3775 492 convi-

630 563 883 634 Poputus.
918 561 983 614 Et
1013 574 1136 615 cum
1160 556 1355 628 spiritu
1387 563 1499 610 tuo.
2215 548 2360 602 vium
2385 563 2398 598 :
2421 535 2475 598 et
2503 540 2801 596 referemus
2821 536 2919 590 tibi
2948 533 3198 606 gloriam,
3227 539 3333 589 etc.
3703 538 3708 542 '

628 631 918 709 Diaconus.
949 650 1232 705 lnclinate.
2069 655 2075 662 ·
2284 633 2538 703 Populus.
2563 631 2755 684 Amen.

630 745 889 816 Populus.
917 743 1114 797 Coram
1145 749 1218 804 te,
1255 737 1499 792 Domine.
1833 803 1838 806 _
2283 723 2561 781 Sacerdos.
2584 721 2717 780 Pax.

633 806 912 893 Sacerdos.
966 831 1251 888 Adorande
1281 830 1373 900 qui
1401 837 1482 882 ter
1513 823 1780 886 adoraris,
1829 833 1883 877 et
1926 828 2115 876 sancte
2281 815 2536 882 Populus.
2569 811 2633 864 Et
2664 823 2787 863 cum
2811 806 3004 876 spiritu
3031 811 3146 859 tuo.

566 929 904 1000 glorificaris,
935 924 1245 990 sanctifica,
1281 920 1537 982 Domine,
1566 916 1776 971 animas
1802 923 1855 968 et
1885 927 2114 982 corpora
2284 903 2578 958 Diacanus.
2609 898 2786 954 Post.‘

567 977 1062 1000 οηη-ηη--η
1233 977 1245 990 .
1524 977 1534 982 -
1984 977 1999 982 -

567 1037 752 1078 eorum
778 1021 871 1090 qui
912 1032 1090 1073 coram
1133 1023 1188 1071 te
1215 1012 1458 1068 inclinati
1503 1018 1650 1073 sunt,
1685 1015 1745 1062 ut
1788 1014 1974 1062 sancte
2001 1020 2118 1075 my-
2286 994 2559 1052 Sacerdos.
2591 991 2836 1054 Domine,
2867 985 3084 1044 custodi
3128 983 3386 1055 populum
3434 989 3586 1034 tuum
3645 977 3787 1030 liue-

569 1113 749 1169 steriis
792 1110 912 1166 istis
929 1106 1425 1168 communicemus,
1452 1109 1506 1157 et
1537 1098 1836 1156 referemus
1869 1096 1965 1152 tibi
2001 1096 2117 1168 glo-
2215 1089 2341 1150 lem,
2369 1095 2423 1142 et
2457 1086 2604 1141 salva
2633 1100 2730 1138 nos
2758 1096 2948 1137 omnes
2976 1080 3044 1134 ab
3076 1075 3225 1133 omni
3253 1075 3449 1127 timore
3483 1080 3538 1125 et
3571 1078 3786 1124 tremo—

567 1207 726 1267 riam,
758 1210 864 1259 etc.
926 1228 929 1232 ·
2006 1162 2028 1168 ⁷
2218 1197 2279 1236 re
2301 1199 2314 1234 :
2337 1176 2892 1247 tranquillitatemque
2916 1180 2972 1227 et
2999 1183 3185 1241 pacem
3213 1164 3450 1221 concede
3470 1162 3628 1218 nobis
3656 1177 3785 1215 om-

636 1257 893 1362 Populus.
925 1291 1115 1346 Amen.
1947 1273 1950 1276 ’
2219 1272 2398 1334 nibus,
2428 1266 2935 1334 benedictionesque
2981 1264 3174 1324 bonas,
3223 1257 3419 1330 gaudia
3452 1263 3507 1311 et
3531 1257 3786 1310 exsulta~

637 1348 913 1438 salsam...
947 1378 1328 1437 Misericordiae
1351 1375 1442 1431 Dei
1464 1377 1592 1431 sint.
2220 1362 2419 1414 tionem
2453 1377 2466 1411 :
2501 1367 2558 1412 ut
2586 1371 2683 1427 pro
2713 1356 2966 1410 omnibus
2995 1352 3363 1408 retribuamus
3389 1349 3488 1402 tibi
3521 1348 3781 1418 gloriam,

640 1475 927 1530 Diaconus.
952 1473 1339 1542 Unusquisque
1367 1483 1490 1523 cum
1521 1467 1734 1520 timore.
2220 1453 2454 1515 laudem,
2496 1447 2870 1504 cxaltationem
2907 1452 2961 1500 et
2993 1444 3288 1514 gratiarum
3313 1440 3607 1501 actionem,
3641 1438 3788 1493 Deo-

641 1566 916 1622 Sacerdos.
952 1532 1148 1620 Sancta
1183 1532 1404 1618 sanctis.
2219 1560 2326 1616 que
2366 1542 2509 1596 Patri
2571 1538 2803 1613 genitori
2853 1544 2986 1601 tuo,
3047 1547 3103 1592 et
3148 1532 3375 1606 Spiritui
3420 1539 3516 1586 tuo
3561 1538 3782 1595 sancto,

644 1659 898 1727 Populus.
931 1657 1083 1713 Unus
1104 1655 1265 1710 Pater
1300 1661 1543 1714 sanctus,
1562 1657 1667 1704 etc.
2144 1713 2191 1727 _
2222 1650 2389 1699 nunc,
2421 1644 2526 1689 etc.

677 1749 931 1807 Sacerdos
973 1748 1098 1800 dicit
1131 1747 1419 1799 orationem
1441 1743 1737 1813 gratiarum
1770 1735 2010 1790 actionis.
2144 1713 2202 1774 Β
2290 1727 2542 1796 Populus.
2570 1724 2759 1778 Amen.

643 1842 870 1897 Omnem
913 1840 1125 1894 laudem
1175 1809 1590 1895 indeflcientem,
1639 1829 1826 1900 gratim
1884 1839 1988 1880 tua:
2037 1824 2120 1876 in-
2287 1819 2574 1872 Diaconus.
2608 1812 2858 1876 Benedic,
2881 1809 3128 1866 Domine.

573 1933 864 1996 enarrabili
896 1931 1189 1993 oderimus,
1217 1925 1579 1994 Dominezqui
1605 1937 1700 1993 per
1722 1918 2120 1986 susceptionem
2289 1907 2564 1966 Sacerdos.
2598 1907 2826 1960 Benedic
2857 1904 3013 1958 nobis
3045 1901 3317 1958 omnibus.

577 2025 738 2095 hujus
780 2023 1020 2095 mysterii
1066 2018 1386 2075 illuminasti
1441 2018 1652 2071 animas
1682 2019 1898 2067 nostras
1951 2006 2124 2061 radiis
2285 2003 2572 2060 Draconus.
2607 1997 2928 2053 Benedicam
2954 1995 3266 2051 Dominum.

1168 2212 1498 2224 _——-—————.-—~

848 2218 1160 2229 ._.__-——--

787 2229 2033 2258 ,λη’-...ΜΗ

762 2854 858 3004 S.
950 2849 1562 3006 EUSTM‘IIII
1633 2839 2524 3006 COMMENTARIUS
2607 2837 2740 2994 ΙΝ
2817 2828 3579 2991 HEXAEMERON

645 3145 830 3210 (Edidit
861 3145 960 3195 Leo
987 3146 1233 3205 ALLATIUS,
1253 3140 1476 3206 Lugduni
1503 3139 1792 3210 metiri-4.
1825 3141 1990 3210 Eidem
2015 3139 2246 3210 volumini
2289 3136 2419 3184 inest
2441 3130 2879 3210 Eustatt‘ililpont‘ra
2904 3126 3248 3203 Origenempe
3270 3123 3642 3192 engastrimytho
3669 3121 3788 3173 Dis-

1512 3200 1708 3266 putatio,
1733 3215 1875 3263 quam
1895 3204 2079 3263 primus
2101 3201 2148 3248 in
2173 3202 2333 3248 lucem
2357 3199 2559 3259 protulit
2577 3195 2827 3255 Allatius.)
3163 3197 3168 3203 '

1899 3471 2450 3565 LECTORI.

565 3683 572 3692 ‘
657 3671 990 3739 Eustathius,
1023 3671 1368 3727 Antiochenaa
1401 3668 1654 3724 Ecclesiae
1682 3681 1928 3722 summus
1967 3664 2216 3726 antistes,
2250 3661 2407 3730 cujus
2447 3659 2587 3730 apud
2628 3665 2838 3714 veteres
2866 3659 3083 3728 copiosa
3133 3665 3187 3712 et
3216 3654 3511 3712 honorifica
3544 3655 3781 3716 mentio,

583 3763 829 3818 eamdem
863 3779 985 3817 cum
1017 3764 1138 3818 aliis
1167 3762 1346 3832 magni
1389 3760 1624 3816 nominis
1657 3757 2037 3828 scriptoribus,
2069 3758 2307 3825 iniquam
2351 3753 2740 3822 adversamque
2782 3751 3050 3805 fortunam
3079 3759 3333 3821 expertus
3353 3760 3454 3805 est.
3487 3749 3618 3815 Quae
3644 3749 3795 3801 enim

588 3851 706 3922 ipse
738 3854 985 3909 maximis
1018 3853 1215 3934 vigiliis
1247 3866 1550 3922 magnaque
1569 3849 1847 3919 diligentia
1879 3848 1936 3901 in
1965 3846 2248 3900 catholicae
2275 3843 2521 3897 veritatis
2549 3849 2948 3911 oppugnatores
2981 3849 3330 3895 monumenta
3358 3840 3674 3910 reliquerat,
3711 3838 3796 3891 vel

589 3944 852 4000 bonorum
883 3931 1110 4011 incuria,
1142 3947 1346 3999 utinam
1380 3959 1487 3998 non
1521 3943 1783 3996 malorum
1817 3939 2270 4005 inimicorumque
2292 3935 2572 3988 hominum
2605 3935 2783 3989 studio
2823 3933 3144 4004 fraudeque!
3180 3932 3468 3996 interiere;
3501 3931 3580 3985 vel
3612 3938 3796 3984 tractu

578 4035 709 4104 ipso
739 4036 1016 4104 temporis,
1041 4045 1094 4090 et
1119 4050 1299 4090 rerum
1337 4033 1692 4087 humanarum
1723 4032 1936 4101 ingenio
1973 4035 2100 4083 sunt
2127 4028 2432 4095 absumpta.
2465 4023 2674 4093 Saepius
2713 4025 2944 4096 legeram
2977 4026 3030 4078 in
3075 4025 3419 4094 antiquorum
3454 4032 3792 4077 commenta-

587 4127 688 4184 riis
717 4126 1052 4182 Eustathium
1086 4127 1247 4189 hunc,
1283 4126 1452 4181 divite
1477 4125 1764 4180 verborum
1793 4137 1857 4177 ac
1881 4120 2269 4176 sententiarum
2300 4119 2481 4188 capia.
2511 4117 2853 4187 elegantique
2881 4115 3204 4171 eruditionis
3229 4117 3490 4170 varietate
3511 4113 3579 4168 ad
3609 4129 3800 4170 amus-

587 4219 692 4275 sim
721 4219 979 4289 perfecta,
1008 4230 1166 4290 atque
1189 4218 1255 4273 ad
1286 4231 1555 4274 summum
1588 4215 1856 4278 absoluta,
1881 4228 2054 4282 eaque
2085 4211 2137 4265 in
2159 4226 2354 4281 magno
2379 4225 2606 4264 numero
2634 4211 2835 4279 scripta
2860 4210 3224 4265 elucubrasse.
3268 4209 3462 4274 Quaaro
3504 4209 3715 4264 avidius
3748 4209 3798 4264 si

585 4311 717 4382 quid
744 4313 932 4382 reliqui
959 4322 1062 4375 est,
1094 4327 1217 4366 nam
1248 4311 1426 4364 omnia
1449 4317 1761 4378 exspectare
1776 4305 2092 4375 desipientis
2115 4318 2236 4358 esse
2253 4301 2583 4372 iudicabam.
2612 4300 2868 4356 Refertur
2896 4318 2925 4354 a
2955 4301 3390 4372 prudentissimis
3416 4302 3568 4366 viris,
3594 4318 3796 4356 nomen

587 4410 800 4456 tantum
834 4418 1140 4473 superesse,
1174 4410 1521 4458 monumenta
1564 4399 1835 4456 eacidisse
1867 4399 2074 4453 omnia.
2108 4394 2340 4452 lndolui.
2366 4395 2506 4462 Quid
2537 4397 2680 4449 enim
2723 4394 3001 4450 facerem?
3029 4394 3344 4466 Magnorum
3375 4401 3660 4448 auctorum
3684 4395 3800 4448 rui-

589 4507 691 4547 nas
718 4508 823 4548 non
857 4495 974 4548 sine
1004 4495 1189 4549 dolore
1237 4495 1526 4550 miseratus
1556 4507 1698 4547 sum.
1729 4492 1800 4545 At
1837 4505 2112 4561 praesagus
2152 4487 2369 4542 animus
2418 4487 2594 4557 magis
2627 4488 2908 4556 magisque
2943 4487 3146 4556 inopia,
3184 4502 3283 4541 ceu
3333 4486 3566 4557 quodam
3601 4487 3772 4541 incita

589 4593 774 4686 mento
795 4600 1057 4640 accensus
1091 4586 1268 4656 sagaci
1303 4584 1533 4655 quadam
1557 4583 1878 4637 curiositate
1893 4580 2076 4634 omnia
2101 4576 2482 4648 perlustrabat,
2503 4579 2545 4629 si
2573 4576 2706 4646 quid
2737 4576 2871 4628 tanti
2905 4576 3007 4629 viri
3030 4575 3347 4630 offenderet.
3380 4575 3561 4641 Quare
3587 4574 3802 4643 impen-

1253 4679 1284 4686 --
1601 4675 1634 4686 ..
1771 4684 1780 4686 Α
1914 4674 1925 4686 .
1999 4674 2013 4686 .
2196 4685 2205 4686 ,
2377 4683 2392 4686 -
2607 4667 2864 4686 .M.__.,-__
2928 4665 3031 4686 ιτ--
3071 4681 3187 4686 μ--
3223 4665 3284 4686 η.
3329 4665 3540 4686 ε--ε.,,--
3582 4663 3770 4686 ,ηιμ

590 4676 707 4731 sius
743 4679 1142 4748 manuscriptos
1168 4679 1405 4739 codices.
1435 4692 1558 4731 cum
1599 4675 1788 4730 liceret
1810 4674 2146 4735 evolvebam,
2188 4669 2564 4740 agitabamque
2606 4667 2889 4722 intentius.
2927 4665 3036 4720 Nec
3067 4681 3191 4736 spes
3221 4665 3288 4719 ad
3329 4665 3544 4719 irritum
3577 4663 3797 4718 cecidit.

595 4765 760 4823 Forte
789 4769 932 4822 enim
960 4769 1086 4824 dum
1107 4768 1292 4824 Roma:
1322 4769 1702 4823 bibliothecam
1739 4766 2028 4838 quamdam
2054 4766 2338 4828 librorum,
2361 4771 2414 4818 et
2440 4763 2581 4832 typis
2602 4760 2895 4823 editorum,
2918 4766 2973 4814 et
3002 4759 3496 4827 manuscriptorum
3523 4758 3673 4812 omni
3701 4772 3794 4827 ge-

585 4875 718 4916 nere
760 4861 1172 4917 refertissimam
1214 4862 1373 4916 amici
1403 4861 1687 4930 cujusdam
1737 4859 2001 4914 benelicio
2029 4857 2252 4914 videndi.
2275 4856 2447 4927 gratia
2479 4854 2635 4918 adeo,
2671 4853 2726 4908 in
2754 4853 2872 4923 ipso
2905 4853 3175 4920 ingressu,
3211 4849 3355 4903 dolet
3401 4863 3636 4919 namque
3667 4848 3797 4902 dum

586 4962 800 5022 tempus
830 4953 942 5007 abit
982 4955 1150 5017 iners,
1187 4954 1325 5007 libro
1357 4953 1515 5007 obvio
1542 4969 1648 5007 non
1690 4952 1881 5023 grandi
1914 4953 2188 5007 volumine
2218 4967 2416 5006 manus
2452 4948 2662 5018 injicio,
2701 4945 2911 5016 aperio,
2939 4945 3090 5014 lego;
3120 4959 3241 5013 quae
3279 4941 3458 5012 primo
3505 4955 3801 4995 occurrere

589 5057 696 5098 non
737 5042 1044 5114 displicent.
1093 5043 1430 5115 Prosequor;
1467 5043 1785 5098 diffunditur
1823 5059 1999 5107 mens,
2034 5043 2249 5099 animus
2287 5043 2534 5112 erigitur,
2567 5046 2622 5094 et
2656 5053 2816 5092 aures
2863 5037 3118 5092 dictionis
3147 5051 3302 5097 sono,
3334 5034 3492 5103 quasi
3525 5033 3804 5103 voluptate

589 5135 896 5199 titillantes,
938 5137 1297 5191 oblectantur.
1330 5133 1476 5188 Nihil
1503 5136 1558 5188 in
1598 5150 1663 5190 eo
1691 5137 1902 5197 tritum,
1938 5133 2073 5188 nihil
2099 5134 2338 5203 vulgare,
2384 5146 2567 5185 rerum
2597 5129 2757 5183 etiam
2797 5128 3038 5197 ipsarum
3065 5125 3320 5180 materies
3349 5123 3529 5178 ciebat
3564 5122 3804 5177 admira-

591 5226 812 5282 tionem.
846 5226 1092 5283 Recurro
1117 5229 1183 5282 ad
1215 5228 1444 5282 frontem
1488 5226 1632 5290 libri,
1665 5235 1940 5281 auctorem
1968 5226 2252 5295 perquiro;
2290 5233 2364 5290 et,
2397 5239 2429 5276 ο
2464 5223 2646 5276 laetum
2686 5222 2957 5280 nuntium,
2989 5233 3022 5271 ο
3067 5217 3396 5270 fortunatum
3440 5215 3606 5276 diem,
3647 5231 3680 5271 ο
3713 5217 3800 5271 in-

594 5327 869 5386 aperatum
905 5320 1190 5390 gaudium!
1230 5320 1420 5375 titulus
1450 5318 1537 5373 hic
1567 5326 1684 5372 erat
1713 5334 1727 5370 :
1759 5317 2052 5371 Εὑσταθίου
2085 5319 2205 5387 ἁρχε

2196 5297 2512 5369 temonem
2555 5311 2880 5380 Ἀντιοχείας
2905 5312 2984 5373 εἰς
3014 5307 3109 5379 τὴν
3156 5307 3457 5378 ἑξαήμερον
3502 5307 3804 5378 ὑπόμνημα

594 5409 736 5462 ’πάνυ
765 5410 1095 5481 Θαυμαστόν.
1127 5411 1225 5464 Diu
1251 5412 1461 5465 haerens
1485 5409 1724 5473 substiti,
1756 5409 2033 5480 inopinato
2062 5416 2256 5463 eventu
2288 5405 2592 5477 perculsus,
2620 5404 2838 5457 tandem
2873 5401 2938 5454 ad
2969 5402 3125 5456 linem
3150 5400 3271 5453 libri
3299 5413 3546 5469 prepero,
3581 5399 3628 5453 si
3663 5398 3805 5453 forte

596 5503 777 5600 quinia
813 5511 996 5595 essent
1029 5503 1318 5559 Eustathii.
1350 5501 1546 5558 Praeter
1571 5502 1715 5556 hunc
1739 5510 2051 5566 tractatum,
2081 5511 2273 5556 caetera
2304 5498 2530 5552 aliorum
2575 5511 2695 5552 esse
2727 5494 2986 5563 comperi,
3012 5509 3132 5564 qua:
3180 5493 3233 5546 in
3267 5507 3331 5546 eo
3363 5493 3639 5548 volumine
3668 5506 3804 5548 cor.-

599 5586 1202 5694 tinebantur.‘Exiguus
1239 5603 1397 5665 potus
1435 5595 1577 5650 sitim
1612 5594 1769 5649 valde
1797 5595 2052 5658 sitientis,
2087 5608 2197 5649 non
2231 5589 2515 5650 exstinxit,
2550 5588 2645 5644 sed
2693 5589 2862 5642 auxit.
2900 5586 2989 5641 Sic
3029 5587 3072 5642 si
3105 5586 3382 5656 paululum
3417 5601 3570 5654 aqua:
3606 5601 3804 5656 magno

600 5683 708 5750 ίῧηί
740 5682 1011 5750 infundas.
1050 5687 1312 5744 accendcs
1360 5703 1482 5743 cuin
1516 5688 1694 5753 potius
1744 5703 1906 5752 quam
1939 5689 2282 5752 exstingues.
2315 5684 2570 5751 Quamvis
2599 5683 2780 5750 itaque
2815 5697 2992 5739 mcum
3027 5677 3359 5735 desiderium
3393 5693 3499 5733 non
3543 5681 3799 5753 explevit,
