4080 6334
317 302 419 356 Ἱδ5
1223 300 1493 361 SPURIA.
1522 335 1591 347 --
1613 304 1966 361 COMMENT.
2004 304 2068 361 IN
2104 305 2574 362 HEXAEMERON
3410 308 3512 364 706

314 417 500 475 tenivit
530 425 732 482 tamen,
773 430 825 476 et
847 419 974 474 dum
1009 426 1190 474 metuo
1218 435 1400 475 moras
1428 420 1709 476 celerrime
1736 436 1837 476 nec
1860 422 2027 476 invito
2061 420 2305 485 custode,
2335 422 2619 488 exscribo;
2648 419 2821 492 deque
2850 421 2994 478 illius
3020 422 3075 478 in
3101 422 3337 493 linguam
3368 421 3516 483 Lati-

314 526 435 567 nam
481 510 734 566 versione
773 510 968 581 cogito.
1015 509 1221 565 Interea
1260 512 1315 565 in
1363 512 1483 565 aliis
1510 512 1671 566 etiam
1699 511 2039 567 bibliothecis
2078 513 2395 583 perquirens
2425 511 2565 567 idem
2605 528 2741 583 opus
2768 512 2942 569 eidem
2974 514 3181 569 auctori
3215 515 3513 585 ascriptum

312 605 514 664 inveni,
546 612 599 657 et
644 604 697 657 in
727 604 892 658 totius
922 604 1069 660 orbis
1100 614 1365 659 terrarum
1414 606 1834 661 instructissima
1864 621 1927 660 ac
1977 606 2322 661 celeberrima
2358 607 2685 662 bibliotheca
2732 608 3007 675 Vaticana,
3047 623 3257 664 necnon
3291 610 3515 665 nobilis-

312 698 446 752 sima
479 694 828 751 Vallicellana
861 695 1072 763 Romae;
1107 706 1160 752 et
1188 714 1309 752 cum
1343 698 1725 753 bibliothecam
1780 697 2076 753 Palatinam
2111 698 2338 754 Romam
2381 701 2723 765 adveherem,
2754 702 3021 757 Monachii
3059 704 3112 758 in
3144 704 3513 759 illustrissima

311 788 592 840 Bavarica.
627 786 803 852 Quare
833 792 886 839 et
914 788 1215 856 promptior
1249 788 1489 851 laborem
1525 789 1827 859 amplexus,
1859 798 2088 845 conatus
2116 806 2234 845 sum
2261 790 2327 845 de
2359 791 2633 860 republica
2665 792 2927 847 litteraria
2962 795 3099 849 bene
3129 797 3344 851 mereri.

375 879 693 934 Institutum
732 893 908 931 meum
959 878 1078 942 fuit,
1111 888 1343 935 mentem
1374 896 1436 934 ac
1472 882 1796 935 sententiam
1829 884 2091 945 auctoris,
2131 881 2471 951 simpliciter,
2520 881 2749 938 ﬁdeliter
2776 899 2840 938 ac
2878 885 3162 955 perspicue
3192 884 3508 949 transferre,

309 973 452 1042 quod
488 972 721 1041 primum
764 974 1199 1043 praecipuumque
1228 986 1426 1025 munus
1455 987 1577 1027 esse
1615 974 1928 1043 interpretis
1962 989 2174 1044 semper
2216 974 2544 1037 existimavi,
2572 975 2645 1028 ita
2676 983 2853 1030 tamen
2883 978 3023 1046 quod
3057 978 3260 1031 nullum
3288 979 3359 1033 sit
3390 994 3512 1034 ver—

311 1068 441 1122 bum
473 1066 617 1135 quod
643 1082 752 1119 non
801 1066 1136 1136 explicarim,
1166 1065 1485 1134 nullumque
1526 1065 1823 1119 addiderim
1868 1080 1898 1118 a
1939 1064 2203 1119 sententia
2245 1065 2500 1119 alienum.
2539 1064 2642 1122 Ubi
2682 1080 2862 1121 rerum
2910 1069 3062 1127 crdo.
3091 1069 3174 1123 vel
3204 1070 3511 1126 obscuritas

308 1160 566 1214 dictionis
607 1158 657 1212 id
688 1160 966 1229 poscebat,
992 1159 1291 1213 blandienti
1321 1160 1727 1227 luxuriantique
1756 1159 1986 1212 orationi
2035 1157 2236 1227 aliquid
2279 1159 2547 1212 concessi.
2578 1157 2920 1228 Quapropter
2953 1176 3054 1214 ncc
3087 1162 3266 1216 verbis
3306 1178 3392 1218 me
3422 1178 3510 1218 as—

304 1253 495 1317 trinxi,
526 1267 627 1307 nec
651 1252 890 1321 periodis
919 1251 1190 1321 colligari,
1228 1253 1522 1308 dummodo
1558 1253 1879 1307 sententiam
1904 1252 2225 1321 explicarem
2260 1270 2274 1307 :
2307 1266 2466 1323 quam
2496 1253 2841 1321 antiquorum
2869 1260 2925 1307 ut
2948 1255 3093 1323 potui
3117 1264 3167 1308 et
3188 1253 3346 1308 Plinii
3369 1272 3509 1325 pra:-

304 1345 495 1398 sertim
523 1347 704 1399 verbis
731 1346 993 1414 expressi.
1032 1344 1110 1397 Ad
1148 1362 1327 1400 rerum
1357 1347 1501 1401 enim
1537 1355 1761 1399 naturas
1796 1346 2117 1415 ingeniaque
2139 1346 2451 1417 exponenda
2486 1345 2733 1399 Pliniano
2762 1346 2900 1417 style
2927 1348 3109 1402 nullus
3137 1347 3267 1401 mihi
3297 1349 3511 1404 videtur

304 1438 502 1507 aptior,
531 1438 714 1492 nullus
745 1424 1225 1502 accommodatior,
1263 1439 1620 1508 opportunior
1643 1439 1844 1493 nullus.
1878 1436 2033 1503 Quod
2067 1454 2133 1491 an
2164 1439 2266 1492 sim
2297 1448 2577 1493 assecutus
2609 1438 3017 1507 mquusjudicet
3050 1439 3235 1492 lector.
3272 1440 3331 1494 ln
3359 1448 3509 1495 textu

302 1527 493 1582 Graeco
537 1529 671 1583 nihil
710 1530 1011 1597 immutari,
1044 1533 1176 1586 nihil
1209 1532 1545 1595 detruncavi,
1577 1532 1709 1585 nihil
1745 1532 1946 1587 addidi.
1993 1531 2099 1586 Sed
2128 1541 2185 1586 ut
2213 1533 2396 1595 habui,
2433 1533 2613 1586 omnia
2655 1549 2787 1601 pure
2828 1532 2972 1586 dedi.
3003 1531 3271 1599 Quoniam
3326 1542 3508 1588 autem

300 1621 493 1675 multis
518 1623 574 1675 in
606 1622 736 1676 locis
768 1630 950 1677 textus
980 1633 1095 1679 erat
1124 1627 1367 1688 mutilus,
1402 1626 1716 1687 lacuuosus,
1750 1625 2019 1689 inversus,
2053 1626 2343 1694 multisque
2376 1625 2537 1678 etiam
2566 1629 2852 1688 obscurus,
2889 1641 2955 1680 ne
2983 1633 3238 1695 tanquam
3273 1640 3384 1680 rem
3413 1625 3509 1681 de-

301 1724 574 1782 speratam
608 1715 984 1784 abjiceremus,
1016 1727 1174 1774 notas
1202 1727 1253 1773 et
1280 1719 1611 1772 collectanea
1655 1718 1931 1785 subjuuxi,
1964 1719 2164 1788 quibus
2211 1720 2302 1773 illa
2337 1720 2453 1773 loca
2489 1720 2573 1773 vel
2614 1719 2990 1781 emendantur,
3031 1719 3114 1772 vel
3148 1718 3505 1787 supplentur,

300 1807 382 1859 vel
419 1806 487 1861 ad
516 1808 798 1877 pristinam
832 1809 1057 1863 formam
1096 1809 1462 1887 reducuntur;
1489 1807 1649 1877 idque
1682 1809 1910 1861 aliorum
1936 1808 2153 1863 Patrum
2189 1812 2623 1878 scriptorumque
2650 1808 2816 1861 fultus
2847 1807 3149 1872 sententiis,
3185 1807 3510 1877 quandoque

297 1901 463 1954 etiam
499 1900 633 1954 meis
662 1915 950 1970 aggressus
978 1918 1119 1963 sum,
1152 1909 1205 1955 et
1238 1916 1608 1971 saepenumero
1637 1905 1795 1955 etiam
1822 1902 2080 1956 divinavi.
2114 1901 2207 1955 Sat
2234 1903 2347 1956 scio
2369 1917 2547 1955 meum
2579 1899 2841 1965 studium,
2866 1910 2919 1954 et
2948 1899 3265 1953 industriam
3296 1900 3509 1968 iniquos

300 2007 579 2047 venenoso
613 1991 763 2046 hiatu
803 1995 1053 2062 rictuque
1097 1993 1511 2055 dilaceraturos,
1545 2008 1667 2047 cum
1707 1992 1809 2062 ipsi
1845 2009 1951 2047 non
1979 1994 2191 2063 possint
2222 1995 2467 2048 meliora.
2501 1992 2618 2047 Non
2648 1994 2904 2049 desistam
2945 2001 3127 2048 tamen
3156 1993 3503 2059 absterritus,

298 2088 428 2155 quin
468 2087 700 2141 alacrior
725 2086 791 2141 de
810 2087 930 2141 aliis
960 2087 1095 2142 bene
1130 2088 1323 2141 mereri
1351 2087 1612 2140 conabor.
1650 2087 1705 2140 In
1738 2088 1880 2141 notis
1914 2087 1990 2140 fui
2014 2087 2303 2157 prolixior;
2333 2088 2499 2140 multa
2531 2102 2761 2156 namque
2794 2102 2913 2155 qua:
2934 2086 3291 2139 occurrebant
3322 2101 3508 2141 neces-

298 2180 469 2240 saria,
512 2186 568 2233 et
603 2178 765 2233 dubia
798 2180 1064 2247 explicavi
1097 2179 1327 2231 aliorum
1367 2184 1649 2232 auctorum
1696 2180 2005 2243 collatione,
2038 2194 2270 2249 quorum
2309 2179 2423 2232 loca
2470 2178 2761 2247 exscripsi,
2798 2193 2866 2231 ne
2906 2177 3093 2239 lector,
3126 2178 3211 2232 vel
3256 2184 3508 2231 auctores

297 2273 553 2329 habendo
585 2274 750 2329 nimis
788 2273 1091 2344 fatigareris
1120 2273 1173 2327 in
1206 2273 1313 2327 illis
1359 2272 1717 2336 inveniendis,
1748 2274 1830 2327 vel
1877 2289 1983 2326 non
2033 2272 2302 2333 habendo,
2336 2270 2671 2326 fraudareris
2713 2286 2828 2341 spe,
2862 2280 2915 2326 et
2956 2271 3226 2327 desiderio
3268 2271 3390 2325 illos
3421 2272 3507 2324 vi-

298 2367 485 2421 dendi.
526 2365 801 2435 Quidquid
836 2374 1016 2419 tamen
1052 2366 1141 2429 sit,
1179 2365 1322 2435 quod
1357 2365 1424 2417 ab
1457 2365 1579 2418 aliis
1612 2365 1663 2418 in
1693 2364 2029 2433 exponendis
2076 2364 2393 2419 auctoribus
2425 2370 2859 2431 exoptassemus,
2898 2363 2997 2416 hoc
3031 2380 3131 2420 nos
3174 2364 3229 2418 in
3277 2364 3505 2418 aliorum

299 2474 461 2514 usum
484 2458 784 2512 effecimus.
821 2456 1018 2527 Sicque
1041 2457 1096 2510 in
1129 2456 1464 2526 corrigendis
1499 2456 1621 2509 aliis
1646 2463 1824 2517 caute,
1860 2455 1913 2507 in
1942 2453 2405 2523 reprehendendis
2447 2452 2712 2515 modeste,
2743 2452 2795 2505 in
2837 2453 3119 2509 laudandis
3141 2452 3375 2508 oﬂiciose
3407 2470 3508 2507 nos

298 2552 604 2623 gessimus,
637 2551 1089 2620 quemadmodum
1123 2559 1176 2605 et
1214 2551 1634 2604 obtrectatorum
1670 2548 1722 2600 in
1750 2548 1882 2601 alios
1910 2548 2192 2602 maledicta
2215 2547 2566 2616 negleximus.

368 2646 761 2715 Argumentum
797 2644 960 2713 hujus
985 2643 1164 2713 operis
1186 2652 1290 2706 est,
1319 2642 1486 2696 divini
1525 2639 1776 2695 Numinis
1808 2641 1861 2693 in
1903 2639 2195 2711 humanam
2240 2650 2490 2694 naturam
2533 2640 2791 2695 beneﬁcia
2820 2640 3016 2695 collata
3050 2640 3226 2711 palam
3256 2639 3508 2695 omnibus

298 2734 511 2802 facere;
548 2736 775 2805 ejusque
822 2735 1139 2797 bonitatem,
1181 2732 1500 2803 potentiam,
1537 2730 1887 2801 sapientiam,
1932 2731 2295 2798 clementiam,
2345 2732 2689 2787 tolerantiam
2744 2733 3053 2800 ostendere;
3097 2733 3240 2803 quod
3277 2748 3343 2789 ex
3390 2736 3509 2806 ipsa

296 2844 481 2883 rerum
512 2830 808 2891 creatione,
834 2828 1223 2882 elementorum
1260 2827 1470 2881 scilicet
1513 2824 1890 2893 productione,
1932 2834 2126 2879 ornatu
2156 2824 2368 2888 mundi,
2395 2833 2575 2880 motus
2606 2824 2990 2896 aequabilitate,
3020 2827 3168 2892 solis,
3194 2826 3333 2882 luna:
3366 2827 3509 2882 side-

296 2938 528 2992 rumque
546 2922 786 2977 omnium
807 2920 1208 2992 pulchritudine
1228 2933 1292 2972 ac
1313 2918 1387 2979 vi,
1415 2917 1581 2971 maris
1595 2924 1756 2984 atque
1777 2924 2046 2971 terrarum
2077 2916 2466 2986 magnitudine,
2488 2917 2799 2971 animalium
2815 2917 3256 2987 proprietatibus,
3271 2917 3506 2972 hominis

297 3026 600 3079 structura,
624 3015 1032 3086 propagatione,
1057 3010 1526 3081 multiplicatione,
1556 3022 1619 3061 ac
1645 3005 1862 3062 tandem
1892 3008 1979 3063 via
2014 3007 2080 3061 ad
2114 3009 2367 3078 gratiam,
2402 3023 2523 3077 quae
2554 3024 2650 3077 per
2686 3008 2966 3063 Christum
2992 3010 3188 3072 illuxit,
3221 3009 3507 3064 conﬁrmat

296 3118 345 3163 et
377 3109 718 3177 comprobat.
752 3108 883 3172 Quae
921 3104 1101 3160 omnia
1132 3104 1203 3156 ita
1233 3100 1499 3156 acerrimo
1523 3099 1740 3167 ingenio
1770 3097 2088 3153 Eustathius
2116 3098 2415 3161 adinvenit,
2448 3098 2690 3168 disponit
2723 3108 2776 3154 et
2815 3100 3182 3168 prosequitur,
3211 3106 3271 3152 ut
3295 3098 3363 3151 ab
3388 3099 3505 3170 ipso

296 3201 405 3256 Deo
442 3216 635 3255 rerum
654 3207 970 3268 naturaeque
997 3197 1190 3267 opiﬁce
1218 3210 1281 3249 ea
1325 3192 1587 3248 didicisse
1627 3191 1891 3246 videatur.
1920 3191 2084 3246 Multa
2117 3192 2171 3245 in
2205 3192 2328 3247 aliis
2358 3200 2411 3246 et
2441 3191 2842 3261 elegantissime
2873 3192 3075 3261 scripta
3119 3198 3173 3246 et
3197 3191 3509 3261 prudentis-

296 3296 451 3350 sime.
473 3293 675 3349 dictata
710 3294 971 3355 invenies,
1005 3300 1058 3344 at
1085 3290 1248 3345 dictis
1286 3286 1573 3349 Eustathii,
1607 3285 1748 3340 absit
1772 3285 1944 3339 verbo
1968 3285 2189 3354 injuria,
2227 3284 2365 3338 nihil
2395 3292 2477 3338 est
2504 3283 2882 3352 praestabilius,
2914 3283 3047 3336 nihil
3083 3282 3385 3353 pulchrius,
3410 3282 3506 3336 sed

297 3403 363 3442 ne
384 3387 618 3457 cogitari
658 3387 872 3455 quidem
898 3385 1090 3438 melius
1124 3389 1320 3452 potest.
1353 3378 1505 3434 Unde
1527 3395 1635 3434 non
1668 3378 1937 3432 immerito
1967 3384 2231 3432 tractatus
2256 3377 2343 3431 hic
2371 3376 2513 3431 inter
2545 3377 2682 3431 alios
2712 3375 2939 3429 aliorum
2968 3375 3034 3429 de
3062 3374 3248 3428 eadem
3280 3374 3506 3428 materia

296 3480 443 3534 solus
472 3479 773 3549 ⁸Σιειςόμντῃωι
817 3477 955 3531 πάνυ
991 3474 1299 3546 Θαυμαστόν
1328 3472 1514 3526 vocari
1556 3474 1772 3535 meruit,
1814 3485 1907 3539 qut

1891 3470 1957 3523 od
2000 3471 2053 3524 in
2094 3470 2346 3525 omnibus
2384 3469 2507 3524 cod.
2543 3469 2819 3538 prteﬁxum
2870 3476 2991 3537 post
3031 3467 3247 3521 titulum
3286 3469 3501 3538 legitur.

292 3571 411 3629 Non
440 3571 692 3633 deerunt,
718 3570 808 3640 qui
837 3569 890 3623 id
922 3568 1038 3621 ﬁeri
1068 3566 1278 3637 potest?
1308 3565 1400 3635 qui
1432 3579 1499 3618 ne
1518 3578 1729 3617 morem
1754 3563 2003 3632 perdant,
2053 3560 2257 3631 aliquid
2286 3560 2569 3615 Eustathio
2603 3560 2880 3631 objicient,
2916 3567 2969 3615 et
2997 3575 3117 3614 cum
3149 3576 3258 3615 non
3291 3561 3506 3631 possint

294 3682 394 3720 nec
419 3664 684 3720 orationis
720 3671 1072 3725 structuram,
1111 3675 1213 3715 nec
1263 3658 1508 3713 ordinem
1540 3672 1718 3711 rerum
1756 3656 2171 3725 reprehendere,
2212 3656 2481 3709 natabunt
2525 3670 2706 3708 rerum
2750 3671 2885 3724 quas
2915 3661 3113 3709 tractat
3159 3653 3504 3709 incertitudi-

295 3775 440 3823 nem,
480 3757 915 3827 contendentque
944 3754 1189 3825 vulgaria
1220 3768 1341 3808 esse
1364 3759 1417 3806 et
1443 3751 1607 3804 anilia
1631 3765 1752 3820 quae
1778 3749 1867 3803 hic
1890 3749 2257 3813 continentur,
2282 3748 2400 3803 viro
2424 3748 2797 3803 ecclesiastico
2826 3756 2878 3803 et
2904 3757 3057 3803 tanto
3084 3748 3230 3803 Patri
3261 3747 3503 3817 indigna.

295 3851 409 3907 Hoc
442 3852 572 3906 item
621 3850 925 3921 Epiphanio
966 3849 1018 3903 in
1050 3846 1367 3917 Physiotogo
1400 3842 1674 3911 objectum
1704 3851 1787 3896 est
1827 3857 1856 3894 a
1891 3840 2237 3911 quibusdam,
2274 3841 2564 3910 acriusque
2596 3839 2649 3894 in
2698 3840 2846 3894 illum
2878 3840 3333 3896 animadversum.
3364 3838 3507 3895 Inter

292 3960 385 4000 eos
411 3943 698 3999 Conradus
722 3942 1014 4006 Gesnerus,
1044 3947 1096 3993 et
1129 3954 1238 3992 non
1280 3936 1447 3989 intimi
1489 3933 1724 3987 nominis
1758 3940 1949 3987 auctor
1978 3931 2252 3995 Pererius,
2282 3933 2376 4002 qui
2407 3934 2461 3985 in
2495 3930 2678 3986 Cenes.
2710 3946 2828 4001 cap.
2863 3948 2992 3994 xxx,
3024 3932 3163 4003 disp.
3193 3933 3244 3997 1,
3269 3933 3459 3989 scribit
3486 3948 3501 3984 :

293 4035 404 4091 Nec
437 4033 721 4088 admodum
743 4033 1033 4103 quempiam
1066 4037 1265 4083 moveat
1297 4023 1577 4095 Epiphanii
1605 4024 1895 4076 auctoritas
1928 4022 1982 4075 id
2006 4022 2260 4077 tradentis
2286 4024 2341 4077 in
2361 4021 2711 4094 Physiologo.
2742 4021 3010 4075 Nimirum
3039 4023 3085 4075 is
3109 4039 3208 4075 non
3238 4030 3344 4074 tam
3368 4022 3421 4073 in
3443 4038 3503 4074 eo

294 4129 430 4182 libro
472 4128 696 4196 diligens
727 4136 773 4180 et
814 4127 1053 4179 curiosus
1084 4125 1183 4192 fuit
1213 4120 1448 4175 veritatis
1475 4117 1705 4171 historia:
1728 4132 1908 4170 earum
1936 4132 2108 4170 rerum
2136 4133 2266 4182 quas
2297 4116 2366 4169 ibi
2402 4124 2673 4179 memorat,
2697 4132 2852 4185 quam
2892 4131 2982 4169 eas
3019 4131 3099 4168 res
3129 4112 3503 4182 interpretandi

291 4225 525 4294 apposite
542 4224 721 4290 pieque
747 4215 1027 4273 secundum
1048 4212 1445 4282 intelligentiam
1467 4207 1799 4277 allegoricam
1828 4217 1876 4260 et
1908 4207 2303 4276 tropologicum.
2349 4206 2529 4272 Quare
2556 4204 2895 4275 proprietates
2940 4203 3249 4257 animalium
3269 4213 3317 4258 et
3345 4204 3499 4272 plan-

290 4331 465 4371 tarum
491 4316 639 4385 vulgo
671 4312 916 4373 creditas,
939 4318 986 4363 et
1009 4307 1226 4361 consilio
1255 4314 1303 4358 et
1334 4304 1600 4374 proposito
1622 4319 1715 4356 suo
1740 4298 2163 4353 accommodatas
2199 4300 2411 4353 libenter
2439 4299 2742 4364 assumpsit.
2775 4296 2880 4351 Sed
2914 4313 3013 4365 pro
3034 4297 3337 4367 Epiphanio
3365 4297 3499 4352 satis

288 4425 563 4481 snperque
592 4404 882 4476 respondet
913 4401 1215 4457 Consalvus
1238 4396 1469 4451 Pontius
1504 4394 1827 4449 Prmfatione
1857 4390 1923 4444 ad
1955 4393 2235 4454 lectorem,
2268 4393 2322 4445 in
2354 4390 2599 4460 ejusdem
2633 4388 2916 4459 Epiphanii
2954 4387 3295 4460 Physiologo.

355 4505 492 4570 Quae
521 4501 587 4555 de
621 4496 1043 4572 proprietatibus
1073 4491 1389 4547 animalium
1422 4496 1475 4544 et
1503 4486 1813 4543 indecorum
1847 4485 2188 4553 antiquitate,
2218 4484 2455 4551 aliisque
2479 4484 2758 4537 nonnullis
2781 4481 3037 4537 edisserit
3062 4481 3399 4572 Eustathius,
3435 4495 3497 4535 ea

285 4606 413 4655 sunt
447 4570 744 4649 multorum
790 4596 1069 4643 auctorum
1104 4586 1315 4639 ﬁrmata
1359 4598 1651 4638 consensu.
1692 4578 1847 4644 Quod
1871 4586 1929 4631 ut
1965 4577 2158 4645 magis,
2198 4589 2261 4628 ac
2310 4572 2483 4642 magis
2528 4573 2836 4628 innotescat
2872 4572 2926 4626 in
2968 4572 3113 4625 notis
3158 4570 3370 4623 laudavi
3402 4585 3499 4623 au-

286 4702 471 4745 ctores
497 4685 644 4741 unde
680 4683 1050 4749 desumpsisse
1082 4677 1319 4737 videtur,
1352 4688 1567 4727 necnon
1600 4679 1653 4726 et
1674 4686 1768 4724 eos
1796 4668 1889 4738 qui
1926 4667 1994 4721 ab
2038 4664 2317 4719 Eustatbio
2363 4676 2459 4716 sua
2511 4662 2741 4714 mutuati
2799 4668 2945 4716 sunt.
2980 4660 3160 4714 Rebus
3198 4658 3345 4749 enim
3394 4657 3496 4714 hoc

286 4785 434 4839 addit
466 4781 757 4838 maximam
783 4748 1182 4833 auctoritatem,
1218 4769 1422 4822 habere
1450 4767 1597 4819 viros
1640 4762 1907 4827 laudatos,
1942 4759 2030 4829 qui
2064 4772 2171 4812 una
2217 4764 2394 4811 tecum
2444 4752 2679 4808 sentiant
2710 4752 3004 4821 eademque
3026 4757 3265 4805 narrent.
3301 4748 3494 4803 Mirum

286 4890 464 4936 autem
490 4885 575 4933 est
602 4877 659 4929 in
684 4874 935 4928 omnibus
964 4885 1088 4925 acre
1118 4869 1253 4921 tanti
1282 4865 1463 4919 Patris
1483 4860 1752 4931 judicium
1774 4858 1923 4929 eligit
1946 4854 2165 4909 meliora
2189 4858 2432 4919 tutaque,
2456 4848 2617 4904 veluti
2635 4844 2959 4915 margaritas
2987 4858 3016 4897 e
3040 4840 3256 4943 luto,-in
3289 4854 3495 4943 suaque
3534 4924 3541 4943 ἒ

287 4934 488 5043 scripta
525 4968 807 5031 transfert,
833 4974 1027 5019 caetera
1059 4970 1117 5017 ut
1149 4961 1385 5030 abjecta,
1414 4958 1541 5011 vilia
1574 4957 1884 5023 nulliusque
1918 4945 2177 5003 momenti
2207 4944 2434 5043 despicit
2468 4941 2818 5043 negl-igitque,
2844 4944 3109 5043 accuratas
3139 4934 3498 5043 ejusin‘onio

464 5022 766 5131 diligentiae
794 5022 1160 5125 exquisitique
1190 5022 1803 5119 studiivargument-um.
1830 5041 2001 5109 Alias,
2030 5043 2315 5131 annuente
2334 5030 2945 5131 Dente-tubenignitate,
2979 5042 3041 5131 ac
3073 5025 3405 5131 humanitate
3432 5022 3495 5076 il-

286 5123 600 5213 lustrissimi
630 5167 693 5207 ac
719 5123 1152 5204 reverendissimi
1188 5144 1469 5199 Francisci
1499 5138 1790 5197 cardinalis
1836 5130 2145 5193 Barbarini,
2190 5127 2250 5182 S.
2282 5126 2349 5183 Β.
2380 5126 2441 5179 Ε.
2463 5123 2885 5185 bibliothecarii,
2912 5123 3071 5213 cujus
3114 5124 3244 5173 nutu
3264 5132 3494 5213 securo,

287 5207 619 5303 lelicissimis
667 5239 863 5294 studiis
892 5236 1261 5306 auspiciisque
1291 5232 1569 5288 muniﬁcis
1617 5245 1704 5283 res
1755 5225 2033 5281 litterarize
2076 5228 2338 5290 reparatae
2386 5216 2683 5270 fundantur
2729 5222 2781 5270 et
2818 5211 3225 5306 conﬁrmantur,
3260 5207 3490 5306 favente,

286 5301 545 5394 nonnulla
578 5335 685 5388 alia
732 5301 1009 5401 ejusdem;
1025 5336 1079 5383 et
1122 5301 1425 5398 praesertim
1457 5342 1575 5396 qua:
1612 5322 1864 5376 adversus
1912 5317 2185 5386 Origenem
2218 5312 2280 5366 de
2304 5306 2737 5403 ,engastrimgtho
2768 5301 3497 5403 disertissime-piissimeque

285 5426 608 5501 composuit,
642 5393 815 5491 dabo;
850 5421 1047 5492 quibus
1077 5393 1139 5475 et—
1171 5420 1284 5473 haec
1318 5432 1439 5473 mea
1467 5393 1682 5475 addam.
1719 5424 1775 5468 et
1805 5410 2051 5473 meliora,
2082 5417 2133 5462 et
2160 5402 2549 5461 emendatiora.
2583 5399 2729 5463 Haec,
2776 5399 2965 5460 lector,
2998 5393 3241 5452 volebam
3280 5393 3499 5451 nescius

291 5539 353 5577 ne
378 5535 551 5578 esses.
585 5516 733 5571 Vale.

1693 5654 2126 5683 HW.
