4080 6334
562 310 667 368 7θῖ
726 264 731 271 ’

1398 310 1456 366 S.
1497 306 1934 367 L‘IYSTATHICS
1972 305 2456 363 ANTIOCHENUS
2492 303 2884 363 EPISCOPUS.

3664 302 3775 357 708

1598 675 1735 730 ΤΟΥ
1770 676 1861 729 ΕΝ
1898 677 2114 730 ΑΓΙΟΙΣ
2146 675 2411 730 ΠΑΤΡοΣ
2447 676 2647 730 ΗΜΩΝ

1746 839 2574 957 ΕΥΣΤΑΘΙΟΥ

1360 1062 1939 1119 ΑΡΧΙΕΠΙΣΚΟΠΟΥ
1969 1056 2407 1115 ΑΝΤΙΟΧΕΙΛΣ
2439 1061 2572 1115 ΚΑΙ
2596 1056 2980 1114 ΜΑΡἸῪΡΟΣ

1278 1233 1542 1361 ΕΙΣ
1616 1228 1957 1357 ΤΗΝ
2041 1217 3055 1359 ΕΞΑΗΜΕΡΟΝ

1839 1459 2489 1555 ΥΠΟΜΝΗΜΑ

1259 1746 1417 1904 S.
1508 1754 1679 1902 P.
1769 1751 1953 1900 N.
2059 1742 3084 1904 EUSTATHII

849 2030 1756 2126 ARCHIEPISCOPI
1833 2031 2588 2124 ANTIOCHENI
2661 2031 2813 2120 ET
2882 2024 3491 2119 MABTYRIS
3605 2045 3610 2049 ’

977 2242 2090 2367 COMMENTARIUS
2171 2244 2319 2427 ΙΝ
2400 2243 3367 2363 HEXAEMERON

1725 2436 1939 2538 Leone
1975 2472 2208 2536 Aliatio
2245 2471 2615 2552 interprete.

2153 2625 2219 2638 _

637 2729 884 2785 Clemens
907 2735 961 2784 et
985 2724 1291 2792 Africanus,
1319 2735 1372 2780 et
1392 2735 1588 2798 praeter
1622 2730 1724 2786 hos
1756 2731 2041 2799 Tatianus,
2063 2742 2116 2788 et

2288 2732 2518 2805 Κλήμης
2554 2732 2653 2804 μὲν
2684 2726 2797 2797 οῦν,
2823 2729 2917 2786 καὶ
2946 2722 3266 2803 Ἀφρικανὸς
3289 2726 3383 2783 καὶ
3410 2729 3546 2800 πρὸς
3574 2732 3791 2792 τούτοις

561 2833 629 2872 ex
682 2816 882 2874 Judaeis
938 2818 1207 2891 Iosephus
1260 2826 1317 2874 et
1366 2819 1589 2887 Justus,
1635 2825 1854 2895 proprio
1885 2828 2118 2897 quisque

564 2910 745 2976 modo,
780 2912 848 2965 ab
878 2911 1116 2981 antiquis
1157 2912 1400 2970 historiis
1429 2914 1495 2968 ad
1528 2915 1580 2969 id
1617 2919 1952 2987 probandum
1982 2936 2120 2990 pra»

562 3002 692 3059 bitis
722 3004 1072 3075 argumentis,
1103 3004 1343 3061 divinum
1369 3005 1604 3079 Moysem
1633 3011 1968 3080 temporibus
1995 3010 2118 3067 Ina-

560 3097 651 3149 chi
700 3098 792 3166 qui
840 3099 1193 3169 septingentis
1240 3100 1398 3155 annis
1435 3101 1634 3155 bellum
1678 3100 1969 3173 Trojanum
2021 3119 2121 3159 an-

563 3195 881 3253 tecesserat,
941 3189 1212 3255 ﬂoruisse,
1270 3191 1465 3247 litteris
1520 3192 1828 3262 prodidere.
1888 3193 2117 3261 Quidam

561 3279 722 3335 etiam
752 3282 1041 3337 sanctitate
1071 3282 1319 3347 illustris,
1352 3285 1780 3354 exquisitissime
1817 3293 2117 3358 temporum

559 3374 775 3429 ratione
825 3383 1130 3439 contracta,
1189 3366 1595 3433 sanctissimum
1649 3377 1906 3433 Iacobum
1963 3390 2120 3438 aetate

558 3463 743 3520 Inachi
771 3468 1036 3536 comperit
1061 3468 1341 3524 claruisse.
1369 3468 1473 3524 Sed
1519 3469 1622 3524 hoc
1652 3471 1719 3534 de
1752 3469 1933 3543 Moyse
1960 3471 2117 3528 Jose-

559 3557 700 3625 phus
735 3556 987 3613 afﬁrmat.
1037 3557 1154 3627 Ipse
1194 3559 1337 3613 enim
1394 3575 1517 3613 cum
1556 3575 1823 3615 annorum
1874 3562 2117 3623 ordinem

560 3648 770 3703 ratione
814 3656 868 3701 et
906 3648 1131 3717 judicio,
1169 3652 1326 3719 quasi
1356 3652 1591 3723 regulam
1631 3653 1941 3723 quamdam,
1971 3671 2001 3710 e
2033 3671 2115 3710 re-

562 3737 722 3807 gione
749 3739 1127 3808 disposuisset,
1161 3743 1400 3796 omnium
1430 3744 1670 3813 gentium
1701 3745 1951 3800 dominos
1978 3746 2119 3802 inter

561 3845 622 3885 se
649 3831 876 3887 collatos
904 3838 1257 3888 enumeravit.
1288 3834 1514 3906 Collegit
1546 3844 1726 3892 autem
1759 3850 1933 3895 annos
1966 3842 2116 3909 regni

559 3921 970 3991 Chaldaeorum,
1030 3924 1410 3996 Assyriorum,
1465 3925 1762 3991 Medorum,
1805 3927 2115 3995 Persarum,

560 4012 854 4086 Lydorum,
879 4013 1246 4079 Hebraeorum,
1266 4015 1664 4088 Egyptiorum,
1683 4018 2115 4083 Atheniensium,

557 4107 900 4179 Argivorum,
927 4108 1322 4181 Sicyoniorum,
1348 4109 1900 4174 Lacedaemoniorum,
1925 4111 2118 4166 Corin-

558 4200 796 4256 thiorum
819 4241 836 4266 ,
884 4197 1304 4265 Thessalorum,
1348 4198 1732 4262 Macedonum,
1769 4199 2113 4264 Latinorum,

556 4292 648 4362 qui
682 4300 866 4362 postea
892 4291 1121 4347 Romani
1149 4293 1444 4363 nuncupati
1484 4299 1631 4347 sunt.
1677 4285 1879 4346 [lorum
1908 4299 2118 4362 tempo-

2219 2826 2499 2889 Τατιανὸς,
2517 2825 2625 2878 τῶν
2644 2824 2701 2878 δὲ
2722 2826 2785 2878 ὲκ
2809 2823 3109 2897 περιτομῆς
3131 2822 3410 2892 Ἰώσηπος,
3427 2821 3520 2875 καὶ
3551 2819 3790 2885 Ἰοῦστος

2219 2918 2361 2973 κατά
2390 2921 2600 2989 Ἴναχον
2632 2918 2875 2989 ἀκμάσαι
2914 2915 3005 2970 τὸν
3042 2913 3328 2969 θεσπέσιον
3365 2912 3600 2968 Minucia
3641 2912 3790 2966 ίστό-

2219 3025 2412 3084 ρησαν,
2447 3010 2590 3073 ἰδίως
2627 3009 2857 3074 ἕκαστος
2889 3009 2955 3062 ἐκ
2996 3005 3228 3068 παλαιᾶς
3260 3004 3499 3080 ἱστορίας
3532 3001 3788 3074 ὑποσχὼν

2217 3104 2318 3174 τὴν
2339 3102 2629 3168 ἀπόδειξιν.
2647 3103 2857 3174 Ἴναχος
2874 3103 2930 3157 δὲ
2962 3091 3304 3164 ἑπτακοσίοις
3334 3099 3476 3152 ἔτεσι
3506 3097 3598 3151 τὸν
3630 3097 3789 3151 Ἰλια-

2217 3198 2314 3252 κὸν
2341 3182 2592 3269 προτερεῖ
2621 3184 2871 3265 πόλεμον.
2899 3192 3018 3246 Τῶν
3044 3192 3100 3246 δὲ
3125 3193 3292 3262 ἁγίων
3313 3208 3396 3255 τις
3412 3194 3430 3213 ⁴
3453 3188 3787 3263 ἀκριόεστά-

2219 3307 2319 3362 την
2348 3289 2461 3344 τῶν
2502 3287 2704 3360 χρόνων
2757 3286 3118 3357 ποιησάμενος
3154 3286 3267 3348 τοῖς
3307 3282 3517 3354 χρόνοις
3557 3279 3784 3353 Ἰνάχου,

2217 3383 2309 3438 τὸν
2364 3382 2461 3455 μὲν
2506 3379 2807 3450 ἁγιώτατον
2862 3374 3018 3452 εῦρεν
3073 3375 3264 3431 Ἰακὼϐ
3326 3374 3749 3445 συνακμάσαντα
3768 3392 3782 3404 ·

2220 3473 2456 3530 Μωῢσέα
2486 3473 2543 3527 δὲ
2581 3471 2858 3542 Ἰώσηπος.
2895 3468 3158 3541 Χρονικοῦ
3188 3468 3295 3541 γὰρ
3328 3468 3546 3532 κανόνος
3587 3468 3785 3521 σύντα-

2223 3564 2304 3631 ξιν
2349 3567 2640 3637 ἐπινοήσας
2690 3566 2756 3617 ὲκ
2808 3560 3186 3634 παραλλήλου,
3232 3559 3629 3632 ἀντιπαρέθηκε
3693 3560 3786 3613 τὸν

2220 3660 2351 3730 παρ’
2380 3658 2593 3727 ἑκάστῳ
2626 3654 2767 3708 ἔθνει
2793 3652 3197 3709 δυναστεύοντα.
3235 3652 3515 3724 Συνήγαγε
3556 3652 3613 3705 δὲ
3654 3652 3786 3724 χρό-

2218 3766 2342 3814 νους
2387 3749 2485 3820 τῆς
2523 3747 2797 3820 βασιλείας
2834 3745 3146 3810 Χαλδαίων,
3197 3744 3491 3816 ’Δσσυρίων
3513 3783 3528 3804 .
3559 3743 3785 3814 Μήδων,

2220 3840 2476 3913 Περσῶν,
2513 3839 2720 3905 Λυδῶν,
2767 3838 3059 3911 Ἑϐραίων,
3097 3835 3427 3905 Αἰγυπτίων,
3466 3834 3787 3906 Ἀθηναίων,

2231 3935 2524 4008 Ἀργείων,
2572 3932 2908 3997 Σικυωνίων,
2942 3931 3409 4002 Λακεδαιμονίων,
3446 3927 3784 3999 Κορινθίων,

2219 4026 2498 4081 Θετταλῶν
2517 4066 2531 4088 ,
2563 4024 2886 4079 Μακεδόνων
2904 4063 2922 4087 ,
2950 4022 3221 4085 Λατίνων,
3266 4019 3373 4074 τῶν
3407 4019 3629 4093 ὕστερον
3654 4019 3788 4090 κλη-

2219 4118 2419 4173 θέντων
2476 4118 2778 4189 Ῥωμαίων.
2832 4116 2942 4170 Καὶ
2991 4115 3195 4168 τούτων
3244 4113 3370 4177 τοὺς
3412 4112 3636 4184 χρόνους
3691 4112 3787 4165 ἐπὶ

2214 4228 2367 4265 ταυτ.
2388 4250 2400 4266 .
2423 4248 2436 4262 .
2459 4250 2473 4264 .
2499 4246 2512 4263 .
2550 4226 2648 4274 σας
2684 4209 2913 4262 ἑκάστου
2962 4207 3145 4271 ἔθνους
3188 4206 3296 4261 τῶν
3338 4204 3599 4276 βασιλέων
3652 4221 3785 4258 συν-

2215 4314 2363 4355 εκ...
2384 4341 2396 4353 .
2420 4339 2433 4354 .
2471 4301 2722 4372 χρόνους,
2756 4296 3198 4370 ἀντιπαρατιθεὶς
3249 4295 3310 4350 τὰ
3349 4295 3444 4368 ἔτη
3498 4296 3599 4366 τῆς
3632 4294 3787 4366 βασι-

556 4386 709 4442 ribus
757 4387 811 4440 in
853 4385 1041 4441 eadem
1094 4386 1236 4442 serie
1291 4362 1514 4449 notatis,
1569 4384 1833 4454 cujusque
1881 4384 2116 4441 nationis

2217 4391 2362 4455 λείας
2396 4362 2689 4462 Ἀσσυρίων
2720 4362 3003 4459 βασιλίδος,
3028 4386 3267 4441 τουτέστι
3298 4386 3396 4458 τῆς
3425 4362 3784 4456 ὲεμιράμεως

555 4479 863 4549 principum
909 4492 1082 4533 annos
1108 4478 1402 4548 congessit.
1454 4479 1509 4531 in
1559 4478 1645 4532 his
1691 4492 1863 4532 annos
1892 4476 2115 4532 dominii

553 4570 939 4642 Assyriorum,
1002 4572 1200 4642 reginae
1261 4569 1633 4625 Semiramidis
1683 4584 1898 4640 nempe,
1957 4572 2115 4626 annis

554 4664 847 4717 Abrahami
870 4663 1112 4733 opponit.
1130 4660 1500 4717 Semiramidis
1512 4676 1742 4731 namque
1758 4667 1863 4716 tem
1871 4662 2112 4732 poribus,

554 4755 746 4812 beatus
769 4757 1105 4811 Abrahamus
1119 4757 1297 4811 clarus
1310 4755 1629 4820 habebatur,
1659 4755 1929 4827 Iosephus
1974 4761 2114 4809 tem-

553 4864 684 4920 pore
714 4849 921 4914 inachi,
958 4849 1168 4920 Moyses
1198 4846 1484 4919 Cecropis,
1534 4862 1695 4917 quem
1729 4854 1854 4901 ante
1881 4844 2114 4915 Trojana

550 4948 795 5012 tempora
843 4942 1000 4996 annis
1029 4955 1235 4996 cccxxx
1273 4941 1505 5010 primum
1535 4938 1726 4993 Attica:
1767 4953 1988 5009 regnum
2020 4952 2113 4992 oc-

550 5052 801 5107 cupasse.
832 5022 1077 5093 historiis
1105 5034 1413 5091 Graecorum
1463 5033 1717 5089 traditum
1764 5042 1883 5100 est;
1938 5033 2011 5087 ita
2052 5038 2113 5086 ut

550 5129 888 5199 sapientibus
930 5128 1190 5197 antiquis,
1225 5128 1318 5198 qui
1360 5127 1414 5183 id
1444 5128 1682 5182 nominis
1717 5126 1859 5196 apud
1893 5124 2111 5181 Graecos

547 5222 829 5277 consecuti
859 5230 1006 5286 sunt,
1038 5220 1252 5294 Moyses
1296 5220 1368 5275 sit
1408 5202 1688 5291 antiquior
1719 5218 1972 5282 Homero,
2005 5209 2111 5272 He-

551 5309 746 5376 siodo,.
769 5306 1023 5384 Troianis
1062 5313 1423 5384 temporibus,
1472 5310 1726 5373 Hercule,
1758 5309 1979 5375 Musam,
2013 5306 2109 5363 bi-

551 5420 645 5469 no,
674 5421 775 5460 nec
813 5421 921 5460 non
962 5405 1220 5468 Chirone,
1257 5402 1491 5474 Orpheo,
1524 5403 1826 5470 Dioscuris,
1857 5400 2109 5458 Aiscula-

549 5497 661 5568 pio,
701 5497 897 5553 Libero
952 5498 1129 5560 Patre,
1184 5496 1471 5560 Mercurio,
1523 5496 1789 5566 Apolline.
1828 5493 2106 5566 mysteriis

550 5587 830 5657 initiisque
872 5586 1203 5651 Graecorum,
1230 5594 1282 5642 et
1313 5587 1446 5655 ipsis
1479 5587 1642 5641 rebus
1684 5600 1714 5637 a
1752 5582 1885 5641 Jove
1909 5584 2102 5655 gestis.

549 5675 815 5734 Praeterea
860 5678 1217 5734 Deucalioueo
1262 5678 1486 5743 diluvio,
1547 5685 1819 5733 terrarum
1861 5686 2102 5747 tempore

624 5791 660 5863 ἰ
673 5785 869 5844 Eusebi
879 5804 960 5846 us.

2228 4483 2473 4557 Ἀϐραὰμ
2524 4484 2638 4547 τοῖς
2700 4481 2863 4536 ἔτεσι.
2916 4480 3071 4535 Κατά
3134 4482 3241 4551 γὰρ
3311 4476 3408 4550 τὴν
3477 4476 3783 4549 Σεμίραμιν

2226 4577 2473 4649 Ἀϐραὰμ
2518 4579 2548 4632 ὁ
2604 4575 2869 4648 μακάριος
2918 4572 3271 4645 ὲγνωρίζετο·
3316 4571 3345 4625 6
3405 4568 3781 4642 δὲἾὼσηππος

2214 4666 2354 4721 κατὰ
2385 4669 2627 4737 Ἴναχον·
2664 4666 2903 4736 Μωῦσῆς
2933 4664 2988 4718 δὶ
3036 4663 3177 4717 κατά
3223 4661 3520 4735 Κέκροπα,
3560 4660 3622 4715 ὃν
3673 4662 3780 4733 πρὸ

2212 4756 2319 4810 τῶν
2353 4755 2593 4810 Ἰλιακῶν
2621 4755 2763 4810 ἔτεσι
2791 4753 3136 4826 τριακοσίοις.
3158 4792 3172 4804 .
3196 4792 3209 4805 .
3227 4792 3241 4805 .
3258 4792 3271 4805 .
3292 4791 3306 4805 .
3328 4788 3342 4805 .
3369 4791 3383 4806 .
3404 4792 3417 4805 .
3444 4750 3659 4825 πρῶτον
3679 4752 3778 4823 τῆς

2227 4847 2474 4917 Ἀττικῆς
2501 4846 2766 4918 Ἑλλήνων
2794 4846 3000 4909 παῖδες,
3025 4845 3099 4908 ὡς
3125 4840 3262 4898 εἶναι
3292 4843 3401 4897 τῶν
3426 4843 3558 4916 παρ’
3585 4842 3778 4913 ’Ἐλλη-

2213 4956 2296 4993 σιν
2326 4940 2566 5011 ἀρχαίων
2597 4937 2774 5009 σοφῶν
2798 4937 2887 4991 τὸν
2919 4937 3153 4992 Μωῦσέα
3185 4934 3573 5009 πρεσϐύτατον,
3613 4936 3777 5008 Ὀμήο

2213 5049 2307 5103 ρου
2347 5031 2518 5102 λέγων
2548 5031 2643 5086 καὶ
2680 5030 2941 5095 Ἡσιόδου,
2988 5029 3083 5084 καὶ
3127 5029 3233 5083 τῶν
3275 5027 3569 5100 Τρωῖκῶν,
3609 5028 3773 5099 Ἦραν

2210 5123 2400 5189 κλέους
2426 5139 2508 5191 τε,
2536 5123 2630 5177 καί¹
2649 5122 2945 5187 Μουσαίου,
2970 5122 3060 5175 καὶ
3090 5121 3272 5187 Λίνου,
3294 5119 3371 5175 ἔτι
3396 5137 3457 5173 τε
3478 5119 3774 5193 Χείρωνος,

2222 5214 2480 5285 Ὀρφέως,
2498 5215 2853 5286 Διοσκούρων,
2879 5212 3224 5285 Ἀσκληπιοῦ,
3250 5212 3521 5276 Διονῦσου,
3545 5210 3774 5284 Ἑρμοῦ,

2221 5307 2551 5371 ’Λπόλλωνος
2567 5345 2583 5371 ,
2636 5307 2732 5381 καὶ
2781 5307 2887 5360 τῶν
2920 5304 3240 5378 Ἑλληνικῶν
3291 5303 3600 5378 μυστηρίων
3618 5343 3633 5370 ,
3679 5303 3773 5356 καὶ

2206 5397 2460 5461 τελετῶν,
2505 5399 2597 5453 καὶ
2635 5399 2813 5453 αὐτῶν
2841 5398 2948 5454 τῶν
2980 5398 3101 5462 Διὸς
3146 5397 3424 5470 πράξεων·
3460 5397 3539 5451 ἔτι
3579 5396 3635 5450 δὲ
3674 5392 3769 5450 τοῦ

2206 5489 2347 5544 κατὰ
2382 5490 2721 5544 Δευκαλίωνα
2749 5489 3151 5562 κατακλυσμοῦ,
3180 5484 3393 5565 καὶτῆς
3411 5490 3504 5542 ἐπὶ
3534 5488 3766 5542 Φαέθον-

2208 5600 2298 5647 τος
2320 5583 2706 5656 ἐκπυρώσεως,
2750 5583 3077 5656 Ἐριχθονίου
3107 5600 3165 5636 τε
3190 5582 3454 5652 γενέσεως
3479 5581 3538 5647 ἐξ
3576 5579 3768 5647 Ἠφαί-

2208 5693 2333 5730 στου
2357 5677 2448 5733 καὶ
2468 5675 2594 5747 Γῆς,
2628 5678 2722 5731 καὶ
2742 5679 2923 5749 Κόρης
2947 5677 3219 5749 ἁρπαγῆς.
3245 5666 3402 5729 Οὗτοι
3434 5672 3543 5745 γάρ
3571 5673 3766 5734 πάντες
