4080 6334
297 225 392 324 ros

1201 270 1560 328 SPUR!A.—
1598 271 1954 328 COMMENT.
1997 271 2061 326 IN
2105 271 2600 334 HEXAEMERON.

3410 277 3511 335 710

293 382 534 453 ὑπῆρξαν
594 384 732 454 μετὰ
788 385 1082 456 Κέκροπα,
1136 386 1194 439 ὂν
1253 389 1420 441 πολλά
1462 390 1703 461 ’Όμηρος
1756 391 1844 443 καὶ

1949 389 2265 444 Pltaetontis
2297 390 2704 461 deﬂagratione,
2739 389 3098 444 Eritcl‘ttltonii
3129 399 3250 446 ortu
3286 408 3350 448 ex
3377 391 3509 448 Vul-

301 473 535 537 Ἦσίοδος
577 479 690 540 τοῖς
724 477 934 548 χρόνοις
987 479 1402 549 ὑποϐεῧήκασιν.
1432 483 1494 534 ΕΞ
1543 483 1598 535 δὲ
1644 483 1847 535 τούτων

293 565 628 620 ὶλαττοῦνται
666 571 777 632 τοῖς
811 569 994 633 ἔτεσι,
1042 571 1172 624 πολὺ
1207 573 1376 642 δήπου
1428 573 1527 642 τῆς
1574 574 1848 638 Μωῦσέως

286 657 620 728 ὑπάρχουσιν
648 660 883 731 ¹ἡλικίας
933 661 1243 734 κατώτεροι.
1294 660 1458 728 Οὗτος
1504 666 1679 718 τοίνυν
1739 665 1847 718 τῶν

286 748 462 815 σοφῶν
512 749 729 802 πάντων
776 751 1087 815 διδάσκαλος
1138 755 1414 826 ἀνεδείχθη
1453 756 1551 826 τῆς
1593 757 1848 828 ἀληθείας

285 841 574 905 θειότατος.
625 843 744 914 Τὴν·
782 843 889 915 γὰρ
928 845 1034 897 τῶν
1073 848 1378 914 Αἰγυπτίων
1409 848 1702 920 λεγομένην
1735 849 1848 900 δια-

284 927 494 991 πτύσας
530 929 737 997 σοφίαν,
773 931 966 1002 ἄριστα
1001 935 1126 1005 περὶ
1150 934 1308 1005 τῆσδε
1341 936 1433 990 τοῦ
1467 938 1670 1007 κόσμου
1706 938 1844 1002 διεξ-

284 1019 410 1089 ῆλθε
443 1020 756 1085 συστάσεως
774 1063 789 1087 ,
828 1023 918 1100 ύπ’
943 1025 1105 1078 αὑτοῦ
1133 1026 1372 1098 δηλονότι
1403 1028 1496 1081 τοῦ
1525 1029 1614 1082 ἐπὶ
1633 1030 1846 1083 πάντων

287 1111 416 1164 Θεοῦ
473 1113 566 1165 καὶ
607 1112 937 1192 δημιουργοῦ
977 1115 1071 1169 τοῦ
1121 1120 1319 1183 παντὸς
1351 1121 1706 1191 ἐμπνευσθεὶς
1747 1121 1846 1192 τὴν

285 1203 560 1274 ἀληθειαν.
596 1190 755 1274 Λέγει
792 1206 930 1278 γάρ·
975 1209 1075 1262 Ἐν
1103 1208 1261 1279 ἀρχῇ
1301 1190 1585 1280 ἐποίησεν
1628 1218 1661 1268 ὁ
1705 1190 1847 1282 Geor;

283 1295 387 1346 τὸν
433 1296 697 1364 οίιρανὸν
741 1300 838 1352 καὶ
887 1301 1001 1369 τὴν
1050 1300 1182 1371 γῆν.
1219 1305 1328 1356 Kal.
1369 1304 1551 1358 πολλοὶ
1581 1306 1688 1360 τῶν
1719 1312 1844 1380 παρ’

287 1388 508 1461 Ἕλλησι
540 1391 799 1446 τάναντία
830 1392 1033 1446 τούτων
1067 1394 1318 1460 διεξιέναι
1357 1397 1724 1468 τολμήσαντες
1767 1402 1846 1465 είς

283 1478 440 1548 βυθὸν
479 1482 700 1549 ἀγνοίας
740 1485 1254 1557 κατηκοντίσθησαν.
1293 1489 1371 1542 Τὰ
1403 1491 1511 1561 γὰρ
1544 1490 1602 1558 ἐξ
1641 1490 1848 1563 ἀνθρω-

282 1573 440 1642 πίνης
466 1572 700 1639 διανοίας
735 1577 1112 1649 προφερόμενα
1149 1577 1391 1650 δόγματα
1432 1582 1596 1652 σαφῆ.
1618 1620 1631 1634 .
1655 1621 1668 1635 .
1692 1621 1704 1634 .
1730 1582 1844 1635 άνει

282 1662 373 1715 καὶ
423 1665 812 1735 ἀνερμάτιστα.
846 1666 1031 1731 Οὐδεὶς
1081 1667 1189 1740 γὰρ
1241 1673 1370 1743 παρ’
1417 1671 1599 1734 αὐτοῖς
1647 1672 1844 1743 ἕστηκε

280 1754 432 1823 λόγος
477 1755 761 1828 ἀκίνητος,
807 1759 893 1812 ἀεὶ
944 1761 1036 1814 τοῦ
1090 1761 1336 1834 δευτέρου
1388 1763 1477 1818 τὸν
1524 1764 1631 1835 πρὸ
1680 1764 1843 1818 αὑτοῦ
1879 1743 1916 1800 Β

281 1847 703 1913 καταϐάλλοντος
722 1868 734 1880 ·
763 1849 902 1904 ὥστε
931 1854 1095 1923 μηδὲν
1121 1853 1278 1926 ἔργον
1309 1851 1446 1908 εἶναι
1474 1859 1584 1918 τοῖς
1613 1860 1840 1921 πιστοῖς,

280 1941 540 1994 τάκείνων
570 1941 828 2013 ἐλέγχειν,
857 1944 1164 2016 ἀρκούντων
1193 1947 1412 2001 ἐκείνων
1437 1947 1684 2019 ἀλλήλοις
1707 1949 1840 2020 πρὸς

278 2035 372 2103 τὴν
396 2033 606 2086 οἰκείαν
638 2035 969 2108 ἀνατροπὴν.
1003 2037 1215 2104 Ὀποῖος
1241 2039 1296 2092 δὲ
1323 2040 1382 2093 τὸ
1422 2041 1605 2110 σχῆμα
1634 2041 1723 2092 καὶ
1747 2040 1841 2112 τὴν

277 2127 464 2180 οὐσίαν
489 2127 518 2178 ὁ
547 2123 770 2197 οὐρανός
793 2129 927 2193 ἐστι,
957 2129 1192 2184 διδάσκει
1216 2133 1361 2202 ἡμᾶς
1389 2131 1613 2195 Ἡσαΐας
1636 2131 1806 2201 λέγων
1824 2147 1837 2163 ο

288 2215 349 2269 '0
393 2215 633 2282 στήσας
678 2217 785 2271 τὸν
834 2218 1090 2286 οὐρανὸν
1133 2219 1273 2274 ὡσεὶ
1325 2219 1596 2291 καμάραν
1619 2237 1632 2252 ·
1680 2221 1840 2276 αὐτοῦ

276 2309 500 2380 λεπτὴν,
537 2310 633 2363 καὶ
675 2311 736 2362 ού
779 2311 1022 2382 στερεὰν,
1054 2313 1174 2366 οὐδὲ
1211 2317 1440 2384 παχεῖαν
1484 2312 1845 2385 αἰνιττόμενος

275 2395 448 2461 εἶναι,
495 2398 572 2461 ὡς
615 2399 709 2451 καὶ
751 2398 981 2471 ἀλλαχοῦ
1033 2417 1224 2472 φησιν’
1273 2403 1334 2455 '0
1367 2401 1700 2471 στερεώσας
1741 2403 1848 2457 τὸν

274 2492 536 2560 οὐρανὸν
562 2490 704 2544 ὡσεὶ
734 2491 982 2544 καπνόν.
1016 2491 1124 2562 Τὴν
1145 2492 1202 2565 δε
1229 2494 1332 2563 γῆν
1358 2494 1553 2563 φάσκει
1583 2497 1610 2548 ὁ
1637 2492 1846 2565 ψαλμὸς

273 2584 368 2635 ἐπὶ
417 2581 528 2634 τῶν
583 2581 787 2635 ὑδάτων
843 2563 1196 2652 ὲνηρεῖσθαιξ
1240 2584 1445 2654 λέγων·
1506 2563 1698 2652 Αὐτός
1744 2563 1842 2640 ἐπὶ

274 2672 605 2728 Θαλασσῶν
635 2673 1026 2742 ἐθεμελίωσεν
1053 2675 1263 2744 αὐτὴν,
1297 2677 1392 2730 καὶ
1435 2676 1533 2731 ἐπὶ
1565 2676 1842 2748 ποταμῶν

275 2766 608 2834 ﬁta/[taeter
638 2763 848 2830 αὑτήν.
875 2765 982 2817 Καὶ
1016 2763 1076 2817 τὸ
1104 2765 1218 2830 πῶς
1254 2767 1313 2820 οῦ
1351 2767 1430 2820 δεῖ
1458 2767 1841 2839 πολυπραγμο-

276 2861 417 2919 ν;ῖν,
458 2855 596 2909 ἀλλά
637 2855 927 2908 πιστεύειν.
962 2854 1032 2908 Τὸ
1071 2856 1176 2929 γὰρ
1219 2858 1420 2912 ἁπλοῦν
1462 2860 1559 2931 τῆς
1608 2860 1841 2922 πίστεως

280 2948 628 3020 ἰσχυρότερον
671 2946 902 3019 ὑπάρχει
933 2947 1165 3016 λογικῶν
1194 2948 1544 3015 ἀποδείξεων·
1580 2951 1842 3021 ἀνέφικτα

277 3040 383 3110 γὰρ
414 3040 510 3092 καὶ
536 3040 889 3111 ἀκατάληπτα
914 3043 1028 3093 ἐστι
1055 3041 1147 3093 τοῦ
1171 3041 1302 3094 Θεοῦ
1331 3042 1399 3095 τὰ
1438 3043 1697 3115 κρίματα.

1948 499 2084 537 cano
2117 492 2168 537 et
2217 482 2404 545 Terra,
2461 495 2620 552 atque
2656 492 2810 553 raptu
2845 482 3204 554 Proserpinae.
3248 485 3312 539 lli
3364 488 3509 541 enim

1947 591 2134 629 omnes
2169 583 2289 645 post
2316 575 2607 644 CecrOpcm
2652 575 2822 640 fuere,
2872 590 2982 644 quo
3011 575 3277 632 Homerus
3306 588 3360 634 et
3403 579 3510 634 lle-

1946 666 2133 720 siodns
2163 667 2317 736 longe
2341 674 2500 720 aetate
2536 667 2884 735 posteriores.
2921 665 3024 732 Qui
3062 669 3105 723 si
3138 670 3294 723 annis
3318 669 3510 724 horum

1947 769 2073 812 sunt
2103 759 2406 816 inferiores.
2442 773 2524 812 na:
2569 759 2638 810 ab
2683 766 2843 814 a-tate
2875 759 3074 830 Moysis
3110 760 3264 830 longe
3289 759 3510 816 dissitas

1945 867 2066 904 esse
2092 851 2474 920 comperimus.
2518 848 2617 904 Hic
2664 849 2844 919 itaque
2874 867 2938 906 ex
2968 853 3222 908 omnibus
3251 854 3510 922 sapienti-

1947 939 2048 992 bus
2086 941 2462 996 divinissimus
2513 940 2762 995 veritatis
2808 950 3107 1014 praeceptor
3148 944 3364 998 habitus
3403 956 3508 1002 cst.

1947 1023 2155 1079 Etenim
2201 1026 2468 1098 Aigyptia,
2517 1044 2678 1096 quant
2710 1028 2920 1094 dicunt,
2952 1031 3217 1101 sapientia
3249 1033 3507 1100 delibata,

1945 1118 2186 1170 omnium
2233 1121 2435 1188 optime
2468 1119 2534 1173 de
2565 1120 2750 1174 mundi
2780 1120 2941 1190 hujus
2973 1126 3396 1191 constructione,
3427 1128 3509 1198 ip—

1946 1210 2060 1264 sius
2091 1210 2299 1264 Scilicet
2332 1208 2446 1275 Dei,
2485 1226 2664 1264 rerum
2711 1220 2765 1265 et
2800 1213 3039 1268 universi
3076 1215 3238 1284 hujus
3265 1215 3505 1286 Opiﬁcis,

1945 1300 2122 1353 amatu
2147 1301 2450 1357 concitatus
2470 1301 2538 1356 ad
2569 1305 2846 1359 veritatem
2873 1305 3152 1364 disseruit.
3179 1307 3316 1362 Dicit
3339 1309 3508 1376 enim,

1947 1391 2012 1446 In
2039 1395 2290 1461 principio
2331 1397 2526 1449 creavit
2567 1396 2706 1451 Deus
2743 1393 2936 1451 caelum
2961 1407 3009 1451 et
3056 1407 3247 1453 terram
3278 1402 3320 1454 ⁵.
3360 1399 3508 1454 Non-

1945 1486 2077 1539 nulli
2107 1484 2483 1540 Grzecorumin
2505 1490 2831 1542 contrariam
2869 1497 3075 1558 partem
3097 1491 3360 1560 permulta
3391 1491 3508 1547 dis-

1945 1584 2139 1646 putare
2198 1577 2398 1639 conati,
2428 1578 2479 1629 in
2508 1576 2835 1646 profundum
2868 1579 3185 1648 ignorantia:
3208 1580 3509 1651 prmcipites

1945 1669 2050 1722 acti
2088 1676 2232 1722 sunt.
2266 1667 2525 1738 Dogmata
2557 1686 2789 1739 namque
2825 1671 3064 1726 humana
3098 1673 3310 1728 ratione
3353 1673 3508 1743 judi-

1945 1759 2138 1828 cioque
2166 1760 2400 1828 prodita,
2437 1761 2620 1815 multis
2644 1761 2994 1818 obscuritatis
3021 1763 3240 1818 latebris
3265 1765 3506 1819 involuta

1946 1848 2136 1910 latent,
2170 1863 2271 1902 nec
2301 1849 2412 1902 ullo
2441 1849 2711 1904 firmitatis
2747 1850 2922 1904 fulcro
2949 1855 3296 1907 constabilita
3335 1853 3508 1911 vacil-

1945 1940 2076 1994 lant.
2108 1938 2263 1994 Nulla
2294 1941 2491 2010 quippe
2529 1943 2797 1997 sententia
2827 1944 2968 2014 apud
3009 1960 3105 2000 eos
3134 1945 3354 1998 immota
3388 1960 3504 1998 ma-

1946 2043 2057 2097 net,
2094 2049 2307 2102 semper
2340 2036 2568 2104 primum
2613 2045 2960 2106 oppugnante
3007 2039 3269 2102 secundo,
3325 2039 3398 2094 ita
3446 2046 3506 2093 ut

1944 2138 2039 2178 eos
2079 2122 2322 2179 refellere
2351 2125 2484 2177 nihil
2511 2125 2581 2179 sit
2606 2128 2827 2195 negotii,
2861 2144 2988 2182 cum
3031 2128 3107 2182 illi
3139 2129 3371 2199 propriis
3408 2129 3508 2183 do-

1946 2216 2220 2286 gmatibus
2245 2217 2552 2272 evertendis
2585 2216 2870 2274 suﬂiciant.
2907 2218 3094 2286 Qualis
3123 2236 3286 2291 porro
3327 2221 3507 2292 ﬁgurae

1944 2314 2259 2377 naturaeque
2309 2308 2505 2361 caelum
2561 2308 2651 2373 sit,
2689 2308 2843 2364 nobis
2873 2308 3040 2365 Isaias
3076 2311 3256 2366 verbis
3297 2311 3402 2366 illis
3431 2311 3508 2365 si-

1945 2400 2219 2469 gniﬁcavit
2249 2418 2264 2454 :
2309 2399 2411 2466 Qui
2444 2411 2585 2454 stare
2611 2400 2784 2469 fecisti
2820 2401 3007 2454 caelum
3035 2404 3187 2472 quasi
3213 2403 3506 2472 fornicem;

1946 2491 2144 2560 quibus
2172 2491 2334 2545 etiam
2369 2503 2583 2547 tenuem
2617 2492 2762 2546 illius
2807 2500 2860 2546 et
2908 2507 3016 2547 non
3047 2493 3298 2556 solidam,
3330 2509 3510 2562 neque

1946 2598 2184 2637 crassam
2217 2592 2462 2637 naturam
2493 2599 2612 2638 esse
2644 2584 2841 2646 innuit,
2884 2584 3048 2638 sicuti
3081 2592 3132 2639 et
3167 2584 3291 2638 alibi
3324 2583 3455 2638 dicit
3489 2601 3505 2638 :

1948 2672 2052 2739 Qui
2074 2675 2300 2743 ﬁrmasti
2327 2675 2512 2728 coelum
2543 2675 2694 2745 quasi
2723 2667 3183 2742 fumum.Terram
3215 2690 3342 2730 vero
3355 2673 3512 2728 Psal-

1945 2765 2138 2820 modus
2167 2765 2237 2819 ait
2260 2780 2422 2836 super
2453 2779 2620 2834 aquas
2650 2764 2964 2821 sustentari.
3000 2763 3119 2832 Ipse
3147 2781 3301 2834 super
3337 2763 3510 2817 muria

1945 2855 2183 2925 {undavit
2226 2873 2375 2919 eam,
2423 2864 2470 2909 et
2505 2871 2659 2924 super
2693 2857 2915 2924 ﬂumina
2952 2859 3269 2925 pra'paravit
3313 2873 3429 2910 eam
3464 2857 3505 2910 ‘.

1948 2947 2053 3002 Sed
2085 2947 2231 3002 enim
2267 2947 2482 3002 modum
2515 2962 2623 3000 non
2662 2948 2921 3003 debemus
2955 2949 3171 3003 curiose
3214 2949 3508 3018 inquirere,

1944 3053 2131 3095 verum
2171 3038 2412 3094 credere.
2459 3037 2790 3109 Simplicitas
2836 3041 2981 3094 enim
3023 3048 3223 3096 nostra:
3264 3039 3383 3094 ﬁdei
3414 3039 3510 3092 de-

278 3133 764 3188 monstrationibus
794 3133 1112 3199 dialecticis,
1149 3135 1305 3205 longe
1331 3136 1558 3192 validior
1579 3146 1685 3202 est,
1711 3151 1835 3191 cum
1870 3135 2074 3206 judicia
2101 3133 2218 3198 Dei,
2259 3149 2360 3190 nec
2417 3131 2802 3205 comprehendi
2831 3134 3061 3220 possint,
3096 3149 3196 3189 nec
3244 3149 3308 3189 ea
3333 3131 3510 3202 capiat

276 3225 532 3282 humanae
559 3228 872 3297 coniectura
903 3231 1121 3285 mentis.

351 3319 433 3389 Τῇ
487 3322 685 3391 πρώτῃ
732 3314 844 3377 οὖν
907 3324 1094 3393 ἡμέρᾳ
1149 3326 1434 3395 ἐποίησεν
1471 3331 1504 3382 ό
1553 3327 1696 3395 Θεὸς
1736 3327 1842 3381 τὸν

2015 3319 2199 3375 Primo
2229 3319 2403 3386 itaque
2448 3317 2532 3372 die
2561 3319 2754 3372 creavit
2800 3316 2938 3371 Deus
2972 3319 3178 3383 cmlum,
3212 3328 3261 3372 et
3289 3327 3505 3390 terram,

280 3413 558 3481 οίφανὸν,
600 3413 697 3467 καὶ
726 3414 838 3483 τὴν
877 3415 1013 3485 γῆν,
1058 3417 1157 3470 καὶ
1203 3417 1267 3471 τὸ
1315 3418 1471 3487 φῶς·
1519 3420 1615 3472 καὶ
1667 3420 1842 3473 πάντα

278 3504 428 3576 ὀξείᾳ
476 3504 669 3575 καιροῦ
711 3507 848 3577 ῥοπῇ
906 3506 1268 3576 κατεφώτισε·
1320 3509 1475 3563 τοῦτο
1516 3510 1572 3563 δέ
1619 3512 1732 3564 ἐστι
1780 3510 1842 3563 τὸ

281 3595 537 3667 φθαρτόν.
581 3596 693 3668 Πρὸ
733 3596 841 3668 γὰρ
876 3598 1065 3651 τούτου
1099 3600 1392 3671 σκιάσματι
1439 3604 1674 3673 περιεῖχε
1722 3619 1843 3654 axo-

279 3688 452 3741 τεινὸν
505 3688 598 3742 τοῦ
636 3689 866 3760 ούρανοῦ
921 3691 1338 3762 περιταθὲντος,
1383 3695 1476 3746 καὶ
1525 3694 1700 3747 πάντα
1744 3695 1843 3747 ὅσα

282 3781 521 3848 συνεῖχε,
552 3779 646 3830 καὶ
675 3778 765 3831 τὸν
813 3779 1202 3849 ἀπολειφθέντα
1243 3783 1403 3838 τόπον
1444 3785 1653 3856 ἀφεγγῆ
1678 3803 1843 3839 κατα-

282 3873 596 3941 στήσαντος.
623 3869 856 3936 Ἕξωθεν
878 3871 934 3923 δὲ
968 3873 1059 3925 τοῦ
1088 3875 1316 3945 ούρανοῦ
1344 3875 1457 3944 φῶς
1489 3872 1625 3930 εἶναι
1651 3879 1843 3932 ἀσκία-

282 3980 424 4026 στον,
454 3962 550 4016 καὶ
579 3962 872 4034 ἄφθαρτον,
901 3966 994 4018 καὶ
1029 3965 1263 4031 αἰώνιον,
1302 3970 1357 4020 ὲν
1379 3963 1422 4037 ᾧ
1457 3969 1673 4039 ἄγγελοι
1701 3971 1840 4026 διαι-

280 4056 499 4118 τῶνται,
531 4056 656 4126 περὶ
685 4051 744 4109 οὗ
791 4074 922 4127 φησι
968 4057 1216 4128 Σολομῶν
1239 4076 1250 4089 ·
1288 4060 1413 4127 Φῶς
1450 4061 1700 4130 δικαίοις
1746 4064 1842 4119 διὰ

282 4146 526 4211 παντὸς,
562 4148 640 4208 είς
664 4145 692 4197 ὂ
720 4147 810 4199 καὶ
840 4148 889 4200 οἱ
926 4147 1103 4211 καλῶς
1130 4147 1419 4217 βιώσαντες
1456 4151 1838 4206 ἀναπαύονται.

283 4239 512 4310 Νοήσεις
537 4238 594 4292 δὲ
615 4232 800 4292 τούτου
830 4239 927 4310 τὴν
954 4241 1261 4311 οἰκονομίαν
1290 4242 1349 4306 ἐξ
1381 4243 1641 4315 ἐναργοῦς
1667 4262 1842 4316 παρα-

280 4330 590 4402 δείγματος,
623 4333 703 4385 ὅτι
753 4333 865 4401 φῶς
909 4333 1166 4387 ἄσϐεστον
1212 4335 1302 4388 τὸν
1341 4334 1443 4400 ἔξω
1471 4336 1643 4408 χῶρον
1689 4355 1842 4409 περι-

281 4418 483 4491 λάμπει
513 4420 608 4474 τοῦ
635 4422 883 4493 ούρανοῦ.
910 4424 1012 4476 Τὸν
1035 4424 1089 4476 δὲ
1123 4424 1230 4478 ἔσω
1273 4426 1439 4496 ἀχλὺς
1469 4432 1709 4501 περιεῖχε
1738 4423 1842 4501 πρὸ

280 4512 370 4565 τοῦ
403 4513 696 4586 γενηθῆναι
730 4514 789 4568 τὸ
809 4514 941 4584 φῶς.
973 4517 1180 4588 Ὥσπερ
1198 4517 1305 4589 γὰρ
1324 4518 1378 4570 εί
1395 4535 1479 4582 τις
1510 4522 1567 4572 ὲν
1609 4521 1841 4595 σταθερᾷ

281 4607 600 4679 μεσημϐρίᾳ
646 4607 821 4679 πήξας
866 4611 930 4662 ὲκ
973 4610 1180 4680 πυκνῆς
1237 4607 1367 4681 ῦλης
1414 4612 1614 4685 σκηνὴν
1655 4613 1840 4678 σκότος

281 4699 624 4769 αὐτοσχέδιον
656 4703 813 4764 ποιεῖ,
851 4703 944 4755 καὶ
975 4702 1224 4773 οὐδαμῶς
1258 4703 1585 4776 φωτισθῆναι
1624 4706 1839 4760 δύναται

278 4791 308 4844 ό
343 4792 728 4863 περιεχόμενος
771 4795 964 4858 τόπος,
997 4796 1044 4847 εί
1087 4794 1158 4865 μὴ
1191 4794 1364 4864 φωτὸς
1405 4797 1656 4872 ἐκλάμψῃ
1702 4816 1840 4870 μαρ-

282 4885 503 4953 μαρυγή
527 4899 540 4911 °
570 4880 711 4936 οὕτω
735 4883 968 4937 τοιοῦτον
995 4885 1354 4942 ἀνυπόστατον
1386 4887 1572 4952 σκότος
1603 4892 1842 4961 περιεῖχε

280 4973 370 5026 τὸν
400 4972 602 5044 κόσμον
644 4973 746 5026 ὑπὸ
783 4973 876 5028 τοῦ
920 4975 1146 5047 ούρανοῦ
1181 4978 1614 5050 καλυπτόμενον,
1657 4981 1790 5052 ὅπερ
1813 4980 1842 5033 ὁ

281 5063 413 5127 Θεὸς
457 5063 752 5137 διεχώρησε
785 5065 1184 5140 δημιουργήσας
1217 5069 1276 5122 τὸ
1311 5069 1459 5139 φῶς,
1511 5073 1604 5125 καὶ
1631 5072 1843 5144 ἡμέραν

283 5155 414 5208 αὐτὸ
442 5157 878 5230 προσονομάσας,
927 5160 1020 5213 καὶ
1052 5157 1112 5214 τὸ
1149 5162 1338 5226 σκότος
1377 5163 1563 5218 νύκτα.
1600 5165 1845 5234 Ἀναχεο-

286 5247 448 5318 μένου
489 5249 599 5320 γὰρ
640 5249 732 5302 τοῦ
767 5251 967 5320 φωτὸς,
1013 5253 1195 5324 ἡμέρα
1251 5254 1525 5324 γίγνεται,
1570 5255 1845 5309 συστελλο-

285 5337 448 5406 μένου
493 5338 572 5401 δὲ,
618 5339 714 5404 νὺξ
756 5341 1077 5396 ἀντέπεισιν.
1109 5343 1268 5397 Ὅθεν
1308 5344 1401 5398 καὶ
1444 5347 1500 5398 ἐν
1529 5348 1594 5417 τῇ
1636 5364 1843 5417 συμμε-

281 5432 473 5501 τρήσει
520 5429 628 5484 τῶν
662 5431 864 5503 χρόνων
908 5433 1136 5508 ἡμέρας,
1183 5435 1274 5489 καὶ
1316 5437 1434 5508 οὐχὶ
1473 5437 1673 5502 νύκτας
1723 5439 1842 5507 ἀρι-

283 5519 421 5593 θμοῦ
430 5539 496 5591 με
502 5539 547 5580 ν,

282 5791 290 5801 ,
355 5731 376 5762 ⁸
407 5728 535 5785 Gen.
562 5745 601 5796 ι,
636 5730 685 5786 1.
761 5733 781 5763 ⁸
811 5731 958 5787 Psal.
996 5748 1154 5801 unt,
1177 5735 1232 5790 9.

1942 3425 1990 3471 et
2025 3420 2213 3476 lucem,
2243 3418 2298 3468 et
2329 3411 2582 3466 omnibus
2619 3411 2961 3466 velocissimo
2991 3419 3191 3480 puncto
3223 3413 3505 3482 temporis,

1942 3506 2124 3558 lumen
2175 3502 2319 3574 quod
2353 3501 2689 3570 corruptioni
2739 3501 3033 3556 obnoxium
3068 3509 3170 3564 est,
3201 3504 3507 3556 communi-

1942 3597 2106 3650 cavit.
2136 3595 2275 3650 Ante
2299 3586 2442 3649 enim
2467 3592 2597 3647 illud
2627 3592 2815 3647 umbra
2843 3592 3084 3662 quzedam
3109 3593 3342 3647 obscura
3366 3595 3505 3650 caelo

1941 3697 2167 3743 extenso
2215 3686 2422 3756 deiecta
2470 3687 2683 3742 velabat
2723 3685 2935 3752 omnia,
2973 3684 3262 3756 lumenque
3309 3701 3340 3739 a
3371 3687 3506 3743 locis

1942 3779 2048 3834 illis
2077 3780 2312 3834 arcebat.
2345 3777 2546 3833 Verum
2586 3785 2738 3832 extra
2772 3777 2992 3840 ccelum,
3024 3777 3206 3832 lumen
3237 3777 3379 3848 quod
3408 3780 3506 3834 ob-

1940 3871 2152 3928 scurari
2182 3887 2290 3926 non
2331 3879 2532 3942 potest,
2565 3869 2716 3924 omni
2756 3869 3126 3939 corruptione,
3159 3871 3305 3925 omni
3351 3880 3508 3928 aetate

1942 3965 2214 4034 superius,
2250 3963 2304 4016 in
2335 3977 2443 4032 quo
2459 3961 2638 4032 'angeli
2687 3960 2908 4030 degunt,
2941 3961 3269 4024 extenditur,
3301 3962 3368 4016 de
3397 3978 3504 4031 quo

1943 4053 2198 4108 Salomon
2247 4053 2322 4107 ait
2357 4073 2368 4107 :
2398 4052 2593 4106 Lumen
2618 4051 2782 4121 justis
2814 4053 2866 4104 in
2900 4060 3220 4120 perpetuum;
3253 4053 3304 4105 in
3335 4052 3501 4122 quod,

1941 4146 2035 4216 qui
2082 4147 2220 4201 bene
2261 4145 2515 4210 vixerint,
2549 4145 2712 4198 delati
2735 4143 3045 4212 quiescunt.
3083 4141 3502 4212 Dispositionem

1940 4236 2081 4291 hanc
2115 4235 2408 4291 dilucidam
2467 4234 2652 4289 reddet
2702 4234 2908 4287 clarum
2948 4241 3002 4288 et
3049 4245 3291 4304 apertum
3321 4251 3505 4291 exem-

1940 4329 2110 4398 plum,
2157 4328 2342 4382 lumen
2394 4326 2602 4381 scilicet
2633 4324 3044 4389 inexstinctum,
3077 4326 3252 4379 locum
3288 4341 3505 4392 omnem

1941 4419 2063 4474 cmli
2093 4426 2338 4474 exterum
2370 4417 2695 4482 illuminare,
2727 4430 2887 4485 quem
2923 4430 3052 4470 vero
3085 4418 3368 4487 complexu
3402 4433 3503 4472 suo

1941 4513 2135 4567 cozlum
2189 4519 2356 4573 tenet,
2405 4518 2690 4579 antequam
2729 4508 2909 4560 lumen
2946 4505 3124 4571 ﬁeret,
3174 4508 3406 4578 caligine
3437 4525 3501 4565 ac

1941 4604 2179 4661 tenebris
2223 4611 2421 4659 tectum
2481 4616 2590 4655 non
2647 4599 2984 4669 apparuisse.
3040 4599 3500 4666 Quemadmodum

1945 4698 2088 4752 enim
2119 4697 2164 4752 si
2195 4697 2317 4766 quis
2346 4694 2569 4747 meridie
2599 4690 3000 4747 ferventissimo
3032 4707 3098 4747 ex
3133 4691 3300 4748 densa
3335 4703 3504 4748 mate-

1945 4789 2027 4844 ria
2058 4786 2464 4842 tabernaculum
2491 4783 2804 4846 conl‘ecérit,
2837 4781 3224 4838 obscuritatem
3268 4793 3321 4838 et
3351 4792 3506 4838 tene-

1945 4881 2073 4935 bras
2093 4895 2159 4934 ex
2189 4886 2430 4947 tempore
2457 4883 2674 4946 paratas
2701 4873 2874 4938 aﬂ‘ert,
2912 4890 3087 4944 neque
3109 4874 3263 4929 locus
3295 4875 3382 4929 ille
3407 4875 3501 4945 qui

1947 4973 2092 5026 illius
2140 4967 2488 5025 circumﬂexu
2533 4975 2824 5038 tegeretur,
2872 4972 3052 5036 potest
3095 4966 3411 5029 illuminari,
3447 4965 3500 5020 ni

1945 5063 2169 5119 luminis
2199 5046 2352 5116 radio
2382 5060 2544 5115 fuerit
2579 5058 2833 5130 perfusus
2861 5077 2873 5112 :
2907 5057 2987 5114 sic
3020 5057 3224 5112 similes
3265 5056 3498 5114 tenebra:

1937 5146 2065 5223 'qua:
2093 5170 2202 5210 non
2232 5153 2620 5215 subsistebant,
2654 5151 2913 5205 mundum
2937 5165 3096 5221 quem
3127 5149 3324 5203 caelum
3355 5163 3504 5203 com-

1945 5247 2197 5319 plectitur
2224 5244 2638 5308 adumhrabant,
2669 5258 2760 5299 eas
2788 5243 2950 5306 Deus,
2979 5241 3246 5322 producto
3276 5241 3502 5300 lumine.

1945 5337 2200 5408 seiunxit,
2231 5338 2409 5393 lumen
2438 5339 2600 5401 diem,
2628 5338 2878 5393 tenebras
2907 5343 3117 5391 noctem
3149 5334 3505 5403 nuncupavit-

1948 5431 2158 5487 Etenim
2185 5431 2312 5486 dum
2343 5431 2522 5486 lumen
2554 5427 2896 5492 dill‘unditur,
2936 5427 3175 5498 gignitur
3203 5424 3347 5490 dies;
3371 5424 3497 5478 dum

1949 5522 2310 5588 contrahitur,
2350 5538 2456 5577 nox
2488 5521 2734 5587 advenit;
2773 5535 2960 5591 quare,
2997 5527 3050 5574 et
3086 5519 3213 5574 dum
3262 5525 3504 5588 tempora

1946 5616 2341 5682 commetimur,
2360 5615 2498 5681 dies,
2526 5629 2632 5670 non
2659 5621 2836 5671 autem
2858 5619 3500 5682 noctesannumeramus.
