4080 6334
562 246 667 304 ⁸111
756 272 767 285 ·

1414 247 1473 305 ε.
1512 247 1952 308 susurrans
1988 251 2478 313 ANTIOCHENUS
2515 239 2910 318 EPISCOPUS.

3687 276 3796 334 719

630 363 884 425 Secundo
925 366 1015 424 die
1046 367 1255 424 creavit
1297 365 1440 428 Deus
1490 370 1887 429 ﬂrmamentum
1922 381 2104 430 natura

2299 374 2376 468 Τῇ
2396 376 2453 431 δὲ
2473 378 2698 453 δευτέρᾳ
2725 381 2908 455 ἡμέρᾳ
2938 382 3192 456 ἐποίησεν
3207 386 3238 441 δ
3252 384 3388 453 Oak
3406 387 3471 443 τδ
3484 390 3797 468 στερέωμα.

556 458 804 516 diversa.
828 459 987 515 Aliud
1009 470 1189 517 autem
1221 460 1277 518 id
1307 468 1412 527 est,
1437 471 1491 519 et
1515 464 1662 520 aliud
1689 466 1890 521 caelum
1916 481 1947 521 a
1972 470 2125 537 prin-

555 551 701 622 cipio
726 550 1048 621 productum
1073 570 1087 607 :
1111 553 1360 624 quamvis
1404 554 1758 624 quisbusdam
1799 573 1966 612 unum
1991 559 2120 630 quid

552 652 607 698 et
641 643 783 699 idem
806 658 929 700 esse
961 645 1263 715 placuerit;
1300 645 1453 700 aiunt
1493 661 1731 717 namque
1763 647 1867 704 hoc
1898 651 2121 706 secundi

552 734 939 807 perfectionem
973 736 1177 804 fuisse;
1205 738 1278 793 ibi
1307 738 1452 793 enim
1476 739 1632 810 quasi
1661 740 1889 798 confuse
1916 750 1970 798 et
1995 759 2119 813 per-

549 831 713 888 miste
760 840 920 889 terrae
967 841 1023 889 et
1067 833 1193 889 cali
1223 834 1576 898 creationem,
1612 834 1701 890 hic
1729 835 2020 893 discretius
2065 846 2121 893 et

544 924 795 981 exactius
829 925 1050 981 modum
1084 941 1193 997 quo
1222 925 1366 981 Deus
1392 941 1454 980 ea
1483 926 1758 996 produxit,
1781 944 1952 985 sacrae
1976 930 2121 986 litte-

547 1029 625 1070 rae
649 1016 894 1072 tradunt.
933 1014 1044 1073 Nos
1089 1032 1216 1073 vero
1241 1018 1473 1074 fatemur
1502 1018 1670 1087 aliud,
1704 1026 1760 1075 et
1790 1021 1958 1086 aliud,
1993 1037 2117 1077 eum

547 1116 602 1162 et
633 1123 831 1164 nomen
862 1108 1031 1173 aliud,
1084 1117 1137 1165 et
1184 1111 1461 1181 proprium
1495 1129 1652 1168 usum
1684 1112 1922 1168 secundo
1977 1116 2118 1170 creto

545 1203 949 1272 suppeditatum
1008 1218 1423 1274 cognoscamus.
1480 1203 1763 1261 Diversum
1812 1209 1995 1277 itaque
2033 1216 2118 1263 est

546 1293 810 1350 solidiore
864 1300 1058 1349 natura
1092 1292 1376 1365 prmditum
1410 1297 1479 1352 ab
1527 1313 1592 1352 eo
1631 1297 1777 1369 quod
1813 1298 1968 1354 initio
2018 1299 2119 1354 fuit

547 1398 817 1443 creatum.
845 1386 914 1441 Et
942 1387 1118 1443 divisit
1164 1382 1301 1444 Deus
1342 1390 1395 1444 in
1425 1389 1592 1446 medio
1638 1393 1962 1464 aquarum",
1996 1409 2117 1464 qua:

545 1481 651 1536 sub
689 1479 1031 1536 firmamento
1060 1489 1212 1537 sunt.
1246 1480 1513 1536 lnlinitam
1537 1483 1680 1538 enim
1703 1492 1864 1555 atque
1887 1483 2116 1541 immen-

538 1580 663 1629 ‘sam
694 1587 958 1642 aquarum
992 1572 1100 1626 vim
1130 1572 1395 1641 sejunxit,
1424 1574 1500 1627 ita
1524 1581 1583 1630 ut
1617 1581 1672 1630 et
1703 1590 1867 1645 super
1893 1582 1947 1630 et
1973 1573 2114 1629 infra

545 1667 944 1721 ﬁrmamentum
981 1664 1341 1721 abundarent.
1392 1665 1586 1721 Etlter
1614 1666 1803 1738 igneus
1831 1676 1914 1723 est
1946 1674 2000 1723 et
2029 1668 2113 1721 in-

544 1773 765 1825 census,
799 1764 1078 1829 totumque
1113 1766 1386 1813 terrarum
1418 1759 1603 1814 orbem
1641 1761 1828 1831 utique
1855 1775 2111 1816 consum-

544 1851 780 1921 psisset,
818 1849 875 1904 ni
928 1852 1015 1907 sui
1047 1851 1313 1906 creatoris
1347 1851 1679 1923 prtescriptis
1725 1853 2111 1923 imperatisque

542 1949 1001 2011 compesceretur.
1046 1941 1341 2013 PrOpterca
1375 1949 1430 1998 et
1461 1958 1616 2012 aqua:
1653 1942 1884 2014 surgunt
1916 1958 2107 2010 aereae,

541 2043 607 2084 cx
645 2044 903 2100 vaporum
947 2030 1315 2101 exspiratione
1355 2047 1450 2102 per
1494 2032 1671 2088 nubes
1713 2033 1940 2098 delatae,
1971 2051 2110 2105 quos

540 2136 793 2192 vapores,
831 2132 885 2179 ct
914 2121 1157 2188 ﬂumina,
1182 2131 1236 2178 et
1288 2122 1486 2189 fontes,
1519 2133 1573 2180 et
1602 2134 1813 2197 stagna,
1857 2135 1911 2182 et
1940 2127 2108 2182 maria

539 2216 815 2276 emittunt,
863 2230 931 2272 ne
973 2219 1144 2271 muter
1187 2217 1370 2271 omnia
1406 2217 1598 2287 perdat
1635 2216 2111 2274 inﬂammataJm-

538 2308 667 2365 bres
697 2310 767 2364 ita
801 2318 1161 2382 generantur;
1192 2306 1567 2367 exltalationes
1598 2328 1815 2369 sursum
1842 2327 1939 2383 per
1982 2329 2108 2369 aera

539 2399 812 2465 feruntur,
872 2410 1270 2473 ventorumque
1325 2404 1825 2473 compressionibus
1870 2406 2109 2462 conden-

534 2475 752 2551 santur.
784 2501 840 2550 et
866 2508 1093 2565 vapores
1126 2494 1182 2549 in
1207 2494 1349 2550 nube
1376 2496 1618 2550 concreti
1655 2497 1745 2551 alii
1776 2497 1845 2553 ab
1871 2498 1993 2553 aliis
2020 2514 2109 2555 se-

540 2587 766 2657 gregati,
791 2595 957 2659 gutta:
992 2586 1148 2651 ﬂunt,
1179 2585 1309 2641 hinc
1336 2586 1577 2658 pondere
1602 2598 2105 2657 coagmentatorum

537 2675 799 2732 deﬂuunt.
835 2675 937 2732 Nix
969 2693 1040 2734 ex
1081 2678 1241 2750 aquis
1271 2678 1352 2734 sic
1395 2679 1693 2746 coalescit;
1722 2680 1775 2734 vi
1818 2689 2106 2737 ventorum

535 2764 818 2822 bumiduir.
852 2764 1183 2839 discerptum
1217 2767 1273 2822 in
1308 2782 1556 2838 spumam
1592 2767 1873 2840 redigitur,
1909 2778 2109 2825 totum-

533 2859 644 2933 lzue
678 2876 773 2931 per
804 2876 1077 2932 quamque
1115 2860 1200 2917 sui
1232 2869 1439 2932 partem
1481 2860 1716 2918 divisum
1768 2861 2106 2932 frigefactum

531 2952 871 3023 ‘eongclatur,
912 2960 966 3008 et
987 2951 1185 3008 nebula
1218 2952 1489 3023 disrupta,
1517 2954 1607 3007 nix
1645 2953 1812 3008 cadit.
1841 2952 2105 3011 Tonitrua

531 3043 790 3100 conﬂictu
822 3043 983 3101 ﬂatus
1010 3046 1276 3111 existunt,
1309 3046 1403 3116 qui
1434 3046 1488 3100 in
1513 3046 1664 3103 cavis
1691 3045 1919 3102 nubium
1948 3056 2104 3104 actus

533 3138 695 3208 vique
722 3153 1036 3209 erumpens,
1065 3136 1298 3194 tonitrus
1326 3136 1597 3209 fragorem
1625 3136 1756 3193 edit.

2223 466 2394 522 Τοῦτο
2422 469 2479 523 δὲ
2502 470 2688 544 ἔτερόν
2720 474 2838 527 ἐστι
2881 474 3033 547 παρὰ
3073 477 3165 531 τὸν
3196 477 3256 545 ἐξ
3298 479 3474 552 ἀρχῆς
3503 466 3802 557 ποιηθέντα.

2220 559 2466 630 οὐρανόν.
2513 561 2624 616 Καὶ
2658 562 2871 635 εἴρηται
2898 568 3069 633 τοῖς·,
3110 569 3194 622 ὅτι
3231 568 3330 624 καὶ
3369 573 3565 627 ταυτόν
3608 577 3796 633 ἐστιν’

2220 650 2579 722 ὲπεξέργασις
2607 655 2716 727 γάρ
2748 657 2865 711 ἐπί
2895 675 3027 729 φησι
3056 659 3149 714 τοῦ
3174 661 3449 736 δευτέρου,
3477 664 3567 720 διὰ
3592 666 3654 721 τδ
3677 671 3804 725 ἐκεῖ

2225 744 2324 816 μὲν
2355 747 2745 818 παραδεδόσθαι
2775 750 2850 814 ὡς
2882 752 2940 804 ὲν
2987 752 3263 827 κεφαλαίῳ
3297 756 3402 827 γῆς
3440 758 3535 812 καὶ
3559 760 3796 833 οὐρανοῦ

2222 836 2469 908 ποίησιν·
2527 838 2762 895 ἐνταῦθα
2819 840 2877 895 δὲ
2922 839 3516 918 ὲπεξεργαστικὼτερον
3566 850 3627 903 τὸ
3669 850 3796 916 πῶς

2218 927 2440 998 γέγονεν
2482 932 2516 1001 ή
2577 930 2765 1003 Γραφὴ
2817 933 3198 1004 παραδίδωσιν.
3258 936 3446 1009 Ἡμεῖς
3501 939 3559 993 δέ
3607 959 3795 1013 φαμεν

2218 1016 2366 1084 ἄλλο,
2398 1019 2491 1073 καὶ
2516 1019 2643 1074 ἄλλο
2659 1038 2672 1052 ·
2702 1021 2887 1095 ἐπειδὴ
2920 1022 3015 1077 καὶ
3054 1023 3225 1096 ὄνομα
3266 1026 3356 1080 ἕτε
3363 1044 3456 1099 ρον
3496 1032 3591 1085 καὶ
3628 1033 3794 1105 χρεία

2214 1109 2493 1176 ἱδιάξουσα
2512 1112 2606 1165 τοῦ
2626 1112 2877 1186 δευτέρου
2903 1114 3131 1186 οὐρανοῦ
3154 1118 3531 1188 παραδέδοται.
3563 1121 3795 1195 Ἕτερος

2215 1198 2310 1256 οὖν
2338 1204 2450 1256 ἐστι
2480 1203 2630 1276 παρὰ
2652 1203 2743 1258 τὸν
2768 1208 2826 1259 ὲν
2856 1206 2997 1279 ἀρχῇ
3026 1205 3318 1278 ποιηθέντα
3343 1204 3516 1277 οὗτος,
3553 1229 3795 1285 στερεω-

2216 1293 2377 1365 τέρας
2421 1294 2678 1366 ὑπάρχων
2725 1294 2957 1364 φύσεως.
2998 1295 3109 1351 Kal
3162 1295 3528 1367 διεχώρησεν
3565 1305 3599 1356 ὀ
3642 1301 3797 1371 Θεὸς

2211 1383 2331 1440 ἀνὰ
2346 1384 2543 1454 μέσον
2577 1386 2683 1441 τοῦ
2716 1385 2953 1454 ὕδατος,
2983 1387 3012 1441 ὃ
3038 1384 3105 1461 ἦν
3134 1389 3392 1444 ὑποκάτω
3417 1390 3513 1445 τοῦ
3547 1393 3792 1465 στερεῶ-

2218 1491 2404 1545 ματος.
2444 1476 2701 1549 Ἄπειρον
2729 1475 2836 1548 γὰρ
2867 1472 3031 1531 οὖσαν
3080 1476 3189 1530 τῶν
3231 1477 3439 1533 ὑδάτων
3485 1479 3584 1553 τὴν
3621 1481 3795 1550 φύσιν

2208 1566 2538 1639 διεμέρισεν,
2571 1566 2715 1621 ὥστε
2741 1569 2835 1621 καί⁵
2859 1568 3042 1622 ἐπάνω
3074 1564 3212 1623 εῖναι
3246 1570 3340 1623 τοῦ
3384 1572 3791 1645 περεὼματος,

2214 1658 2309 1711 κα⁴ι
2331 1659 2604 1713 ὑποκάτω.
2636 1661 2695 1714 '0
2715 1661 2771 1715 δὲ
2798 1661 2961 1733 αἰθὴρ
2990 1662 3243 1734 πυρώδης
3269 1664 3385 1717 ἐστὶ
3413 1665 3506 1718 καὶ
3532 1666 3788 1738 διακαὴς,

2147 1735 2185 1789 Β
2211 1753 2310 1805 καὶ
2359 1754 2537 1806 πᾶσαν
2586 1752 2651 1807 ἂν
2696 1754 2794 1825 τὴν
2827 1755 3049 1827 ἤπειρον
3090 1755 3459 1822 ὲξανάλωσεν,
3506 1762 3555 1813 εί
3597 1761 3672 1832 μὴ

2208 1843 2325 1915 ὅρῳ
2353 1843 2448 1898 τοῦ
2481 1847 2802 1917 ποιήσαντος
2834 1847 2993 1901 αὑτὸν
3022 1849 3319 1920 κατείχετο.
3349 1849 3448 1904 Διὰ
3480 1850 3590 1923 γὰρ
3623 1852 3791 1906 τοῦτο

2213 1937 2309 1991 καὶ
2342 1936 2484 2008 ὕδωρ
2510 1939 2654 1992 ἐστὶν
2683 1939 2865 2011 ἀέριον
2899 1942 2964 1994 ὲκ
3002 1944 3104 2013 τῆς
3141 1943 3418 2015 ἀναφορᾶς
3447 1942 3559 1997 τῶν
3591 1943 3789 2015 ἀτμῶν

2213 2025 2300 2082 διὰ
2335 2027 2513 2097 νεφῶν
2541 2029 2854 2101 φερόμενον,
2884 2030 2977 2094 οὓς
3006 2032 3213 2102 ἀτμοὺς
3239 2034 3290 2086 οἱ
3323 2034 3576 2105 ποταμοὶ,
3598 2034 3696 2086 καὶ
3727 2035 3787 2088 αἱ

2215 2120 2430 2192 κρῆναι,
2460 2122 2554 2175 καὶ
2578 2123 2633 2176 αἱ
2661 2121 2867 2194 λίμναι,
2901 2125 2997 2178 καὶ
3022 2124 3091 2178 τὰ
3118 2124 3327 2198 πελάγη
3362 2127 3539 2180 πάντα
3568 2127 3790 2198 προῖεν-

2208 2230 2334 2279 ται,
2382 2214 2457 2278 ὡς
2502 2214 2566 2269 ἂν
2616 2214 2692 2287 μὴ
2721 2215 2897 2270 πάντα
2920 2217 2953 2270 ὁ
2995 2216 3157 2291 αἰθὴρ
3195 2218 3560 2291 πυρακτώσας
3586 2217 3789 2285 ἐξανα-

2208 2305 2421 2362 λώσειε.
2447 2306 2660 2362 Γίνεται
2697 2308 2755 2362 δὲ
2788 2308 2959 2375 οὕτως
2984 2311 3013 2364 ὁ
3038 2310 3090 2363 ὑ.
3112 2348 3158 2363 ..
3192 2310 3512 2380 συνάγονται
3552 2310 3681 2383 περὶ
3721 2309 3788 2364 τὸ

2209 2396 2346 2469 ὕψος
2377 2401 2432 2453 αἱ
2459 2398 2867 2472 ἀναθυμιάσεις,
2885 2401 2983 2455 καὶ
3002 2400 3301 2456 πυκνοῦται
3327 2401 3358 2454 ὁ
3384 2404 3493 2476 άὴρ
3515 2404 3636 2467 ταῖς
3672 2402 3787 2457 τῶν

2212 2494 2536 2564 πνευμάτων
2587 2493 2865 2566 πιλήσεσι,
2915 2495 3010 2550 καὶ
3054 2495 3111 2549 αί
3164 2495 3369 2559 νοτίδες
3412 2496 3469 2548 αἱ
3511 2494 3590 2568 τῷ
3630 2494 3785 2563 νέφει

2213 2587 2646 2659 ένεσπαρμέναι,
2695 2587 2948 2660 ἀλλήλαις
3002 2590 3460 2661 προσχωρήσασαι
3479 2628 3494 2653 ,
3525 2589 3784 2658 σταγόνες

2200 2671 2477 2747 γίνονται,
2511 2680 2606 2733 καὶ
2651 2679 2729 2751 τῷ
2763 2680 2917 2753 βάρει
2963 2679 3072 2734 τῶν
3114 2680 3512 2754 συγκριίῗέντων
3543 2679 3679 2753 πρὸς
3714 2679 3785 2734 τὸ

2212 2772 2361 2825 κάτω
2386 2772 2643 2842 ἐφίενται.
2676 2773 2742 2826 Ἦ
2768 2772 2824 2828 δὲ
2852 2757 2981 2846 χιὼν
3013 2776 3079 2828 ὲκ
3105 2773 3214 2828 τῶν
3248 2774 3454 2829 ὑδάτων
3484 2773 3626 2829 οὕτω
3657 2791 3791 2829 συν-

2214 2865 2423 2919 ίσταται
2443 2883 2456 2896 ·
2486 2867 2551 2919 ὲκ
2576 2866 2674 2937 τῆς
2703 2865 2823 2937 βίας
2849 2865 2958 2920 τῶν
2986 2867 3204 2940 ἀνέμων
3232 2868 3503 2923 ἁνακοπὲν
3527 2868 3589 2921 τὸ
3613 2865 3784 2939 ὑγρὸν

2208 2956 2587 3031 ἓξαφρῖζεται·
2617 2960 2710 3014 καὶ⁵
2737 2960 2854 3014 ὅλον
2878 2959 2945 3014 δι’
2972 2960 3092 3014 ὅλου
3122 2960 3416 3025 ἁνακοπὲν,
3435 2959 3784 3032 καταψυχθὲν

2210 3053 2500 3125 πήγνυται,
2537 3052 2631 3105 καὶ
2663 3050 3021 3124 θραυσθέντος
3059 3050 3155 3105 τοῦ
3189 3053 3402 3122 νέφους,
3437 3054 3471 3124 ἡ
3509 3051 3644 3123 χιὼν
3673 3070 3782 3107 κα-

2132 3128 2175 3187 c
2206 3145 2519 3217 ταφέρεται.
2549 3145 2618 3199 Ἥ
2642 3143 2698 3198 δὲ
2737 3144 2933 3217 βροντὴ
2961 3145 3108 3199 κατὰ
3137 3143 3325 3199 τοῦτον
3355 3145 3445 3199 τὸν
3481 3144 3659 3214 λόγον.
3684 3185 3699 3199 .
3720 3184 3737 3199 .
3762 3186 3780 3199 .

532 3234 820 3288 ἀντιτυπία
852 3234 1116 3307 γίγνεται,
1151 3234 1286 3308 ὅπερ
1316 3232 1670 3306 ἐλαυνόμενον
1694 3235 1752 3287 ἐν
1788 3236 1909 3299 ταῖς
1941 3236 2213 3312 κοιλότησι
2237 3241 2345 3298 τῶν
2376 3240 2570 3311 νεφῶν,
2598 3240 2688 3294 καὶ
2720 3239 2909 3312 βιαίως
2945 3238 3471 3314 ἐκρηγνύμενον⁸τδν
3502 3238 3604 3309 τῆς
3634 3237 3785 3313 βρον-

529 3333 629 3404 τῆς
652 3327 783 3405 ἦχον
813 3331 1082 3413 ἀποτελεῖ.

529 3428 537 3432 ’
603 3425 699 3482 Die
735 3426 898 3481 tertio
930 3424 1024 3482 Dei
1054 3426 1312 3482 mandato
1332 3437 1682 3483 conuenerunt
1715 3445 1864 3502 aqua:
1895 3429 1947 3483 in
1977 3445 2104 3483 con-

529 3519 853 3595 gregatioues
884 3536 1033 3583 cauas,
1054 3528 1104 3573 et
1118 3520 1362 3589 apparuit
1397 3519 1571 3586 arida,
1602 3529 1652 3575 et
1672 3522 1872 3576 vocavit
1887 3521 2102 3575 aridam

534 3621 751 3674 terram,
780 3620 831 3664 et
871 3613 1294 3682 congregationes
1327 3629 1583 3681 aquarum
1616 3616 1815 3669 vocavit
1843 3616 2016 3669 maria
2056 3615 2097 3669 ⁸.

530 3690 826 3771 Propterea
873 3710 1213 3773 congregatae
1258 3712 1387 3758 sunt
1421 3706 1476 3758 in
1509 3704 1686 3760 locum
1724 3720 1921 3771 unum,
1971 3721 2041 3761 ne
2069 3720 2102 3760 ε

532 3793 669 3848 locis
708 3792 761 3848 in
797 3793 993 3864 quibus
1024 3800 1243 3849 manent
1291 3794 1632 3861 recedentes,
1677 3796 1900 3853 sublata:
1935 3805 2099 3867 atque

532 3886 903 3942 redundantes
923 3885 1127 3949 eﬂ'usaé,
1157 3895 1358 3943 terram
1385 3889 1732 3945 inundarent.
1764 3890 1888 3946 Ideo
1914 3891 2100 3960 saepis-

531 3979 668 4034 sime
698 3994 848 4034 mare
877 3978 930 4033 vi
975 3988 1262 4034 ventorum
1298 3981 1560 4051 agitatum
1608 3990 1769 4053 atque
1801 3984 2096 4048 turbatum,

528 4062 688 4139 quasi
738 4069 928 4124 furens
977 4072 1160 4136 undis,
1199 4086 1257 4126 se
1288 4070 1345 4125 in
1397 4071 1718 4127 immensam
1750 4071 2096 4128 altitudinem

529 4161 752 4230 attollit;
782 4162 878 4219 sed
911 4163 1003 4218 ubi
1037 4173 1244 4218 tantum
1287 4165 1344 4219 in
1389 4165 1544 4222 littus
1578 4166 1905 4237 pervenerit,
1940 4157 2105 4222 alliso'

528 4255 755 4326 impetu,
790 4255 930 4310 facta
962 4271 1174 4328 spuma,
1206 4269 1261 4314 et
1284 4258 1592 4314 dealbatum
1637 4258 1960 4328 regreditur,
1994 4258 2099 4312 im—

526 4346 798 4402 becillima
827 4351 1069 4403 omnium
1104 4364 1271 4405 arena
1312 4350 1469 4421 quasi
1518 4348 1671 4404 freno
1704 4350 1924 4419 injecta.
1954 4348 2096 4418 Quid

525 4440 668 4495 enim
713 4456 863 4496 mare
901 4438 1143 4496 Rubrum
1190 4448 1476 4514 repressit,
1523 4450 1684 4512 atque
1733 4441 1991 4514 alligavit,
2026 4458 2096 4498 ne

527 4534 782 4589 universa
819 4531 1074 4606 Egypto,
1107 4550 1231 4590 eum
1273 4550 1337 4591 ea
1367 4535 1638 4590 excelsius
1678 4532 1773 4596 sit,
1814 4535 2091 4600 immersa,

524 4625 774 4697 proximo
818 4642 878 4684 se
919 4628 1056 4682 mari
1091 4628 1404 4698 applicaret,
1438 4627 1495 4681 ni
1533 4628 1711 4683 solum
1742 4627 1828 4682 sui
1868 4624 2092 4697 Opilieis

2271 3427 2352 3500 Τῇ
2400 3426 2457 3480 δὲ
2503 3425 2691 3498 ἡμέρᾳ
2737 3427 2802 3497 τῇ
2861 3423 3021 3497 τρίτῃ
3069 3422 3452 3496 προστάγματι
3495 3425 3590 3481 τοῦ
3638 3426 3779 3481 Θεοῦ

2202 3518 2480 3589 συνήχθη
2519 3518 2584 3571 τὸ
2610 3516 2765 3584 ὕδωρ
2798 3519 2884 3583 είς
2910 3516 3017 3582 τὰς
3052 3516 3404 3586 συναγωγὰς
3429 3517 3647 3584 αὐτῶν,
3677 3518 3782 3571 καὶ

2200 3612 2365 3682 ὤφθη
2401 3613 2439 3681 ἡ
2478 3609 2655 3679 ξηρά’
2698 3608 2806 3664 Καὶ
2834 3607 3093 3663 ἐκάλεσε
3121 3609 3237 3677 τὴν
3277 3609 3472 3678 ξηρὰν
3500 3608 3637 3679 γῆν,
3676 3609 3779 3664 καὶ

2199 3701 2273 3756 τὰ
2316 3699 2674 3769 συστήματα
2712 3698 2831 3753 τῶν
2876 3697 3109 3752 ὑδάτων
3136 3697 3392 3753 ἐκάλεσε
3435 3699 3778 3767 θαλάσσας.

2197 3793 2448 3865 Συνὴχθη
2479 3793 2568 3847 διὰ
2604 3790 2765 3845 τοῦτο
2791 3792 2873 3854 είς
2925 3789 3243 3862 συναγωγὴν
3273 3790 3425 3861 μίαν,
3457 3792 3544 3845 ἴνα
3590 3791 3666 3864 μὴ
3709 3795 3780 3847 ὲκ

2198 3887 2306 3942 τῶν
2333 3885 2546 3959 χωρίων
2568 3883 2696 3937 ἔνθα
2724 3884 2890 3937 ἐστὶν.
2918 3922 2931 3935 .
2952 3921 2966 3936 .
2994 3922 3007 3936 .
3031 3922 3044 3936 .
3069 3924 3081 3936 .
3106 3925 3119 3937 .
3142 3923 3156 3936 .
3187 3884 3280 3937 καλ
3301 3882 3628 3937 ὑπεκϐαῖνον
3654 3886 3779 3938 ἐπι-

2198 3978 2447 4053 καλύπτῃ
2477 3978 2574 4048 τὴν
2604 3978 2851 4049 ἤπειρον.
2891 3974 2988 4029 Διὰ
3008 3973 3165 4028 τοῦτο
3188 3975 3487 4048 μαινομένη
3512 3976 3779 4043 πολλάκις

2197 4070 2258 4135 ἒξ
2289 4069 2502 4140 ἀνέμων
2539 4069 2574 4139 ὴ
2622 4066 2901 4131 θάλασσα,
2936 4065 3029 4119 καὶ
3059 4068 3138 4129 είς
3174 4064 3309 4135 ὕψος
3355 4065 3613 4138 μέγιστον
3652 4066 3775 4120 δια..

2196 4161 2488 4233 νισταμένη
2524 4162 2636 4223 τοῖς
2665 4158 2931 4230 κύμασιν,
2970 4157 3188 4210 ἐπειδὰν
3218 4157 3381 4228 μόνον
3421 4159 3531 4213 τῶν
3582 4160 3773 4229 αίγιαο

2193 4250 2300 4308 λῶν
2327 4254 2547 4324 ἅψηται,
2592 4253 2671 4315 είς
2712 4250 2883 4324 ἀφρὸν
2925 4249 3217 4305 διαλύσασα
3263 4252 3364 4324 τὴν
3400 4251 3596 4325 ὁρμὴν,
3630 4253 3771 4307 ἑπα-

2195 4345 2374 4418 νῆλθε,
2405 4348 2473 4417 τῇ
2510 4344 2725 4399 πάντων
2752 4343 3118 4417 ἀσθενεστάτῃ
3146 4343 3357 4415 ψάμμῳ
3386 4341 3769 4415 χαλινωθεῖσα.

2206 4439 2361 4495 Ἐπεὶ
2390 4440 2443 4493 τί
2469 4437 2707 4492 ἐκώλυσε
2742 4438 2840 4509 τὴν
2876 4436 3140 4510 Ἐρυθρὰν
3171 4436 3444 4492 θάλασσαν
3479 4439 3771 4493 ἐπικλύσαι

2187 4536 2374 4588 ’πᾶσαν
2407 4533 2507 4605 τὴν
2546 4531 2818 4600 Αἴγυπτον
2848 4528 3159 4601 κοιλοτέραν
3188 4530 3360 4601 αὑτῆς
3394 4530 3767 4604 ὑπάρχουσαν,

2193 4625 2288 4680 καὶ
2341 4623 2677 4694 ωναφθῆναι
2733 4622 2811 4693 τῷ
2848 4621 3237 4695 παρακειμένῳ
3293 4623 3553 4693 πελάγει,
3588 4627 3638 4678 εἰ
3693 4625 3768 4697 μὴ

523 4721 879 4783 mandatum?
911 4720 1025 4777 Hoc
1067 4731 1249 4778 autem
1305 4735 1494 4776 verum
1534 4735 1677 4783 esse,
1727 4734 1891 4790 opere
1931 4719 2089 4775 nobis

2203 4718 2405 4789 ὑπῆρχε
2432 4715 2510 4787 τῷ
2538 4713 2914 4788 προστάγματι
2941 4714 3035 4769 τοῦ
3067 4715 3345 4780 κτίσαντος
3383 4716 3764 4789 πεπεδημένης

526 4812 795 4870 Sesostris
828 4813 1049 4885 Λεωτριί
1092 4829 1211 4876 rex,
1242 4827 1369 4867 mox
1406 4811 1602 4868 Darius
1625 4811 1812 4868 Medus
1831 4819 2091 4869 testatum

523 4907 811 4977 reliquere.
843 4905 1124 4978 Egytium
1165 4905 1310 4961 enim
1353 4919 1417 4960 ac
1456 4904 1698 4961 Indicum
1747 4920 1898 4960 mare
1931 4903 2095 4959 simul

524 4999 858 5070 conjungere
903 4998 1166 5069 aggressi,
1198 5013 1306 5052 non
1340 4997 1769 5067 potuerunt.'lta
1801 4996 1939 5050 mari
1978 4993 2094 5049 Ru-

2194 4813 2318 4866 Ὅτι
2344 4810 2400 4864 δὲ
2422 4809 2617 4883 ἀληθὲς
2643 4808 2800 4864 τοῦτο
2829 4808 2975 4881 ἔργῳ
3008 4810 3154 4880 ἡμᾶς
3194 4808 3417 4863 ἔπεισαν
3456 4809 3766 4883 Σέσωστρις

2190 4909 2220 4962 δ
2244 4908 2538 4978 Αἰγύπτιος
2571 4908 2664 4963 καὶ
2698 4909 2918 4979 Δαρεῖος
2951 4908 2982 4961 ό
3009 4906 3207 4977 Μῆδος.
3233 4903 3306 4957 Τὸ
3332 4904 3442 4976 γὰρ
3468 4904 3765 4973 Αίγύπτιον

2191 4997 2286 5051 καὶ
2341 4997 2402 5051 τὸ
2461 4996 2680 5050 Ἰνδικὸν
2719 4996 3164 5069 ἐπιχειρήσαντες
3209 4995 3442 5066 συνάψαι
3489 4995 3764 5065 πέλαγος.

524 5093 624 5149 bro
673 5091 939 5165 Egyptus
969 5091 1278 5163 depressior
1324 5099 1429 5147 est.
1483 5091 1757 5147 Mandavit
1802 5089 1984 5160 itaque
2030 5098 2091 5144 ut

2203 5091 2288 5143 ›ὑκ
2313 5087 2669 5160 ἠδυνήθησαν,
2692 5087 2877 5152 Οὑτως
2905 5086 3139 5159 ὑπάρχει
3168 5086 3446 5158 κοιλοτέρα
3475 5086 3578 5158 τῆς
3608 5088 3759 5173 Ἐρυ-

522 5187 874 5243 convenirent
901 5184 955 5239 in
980 5183 1449 5255 congregationem
1477 5198 1662 5245 unam,
1694 5191 1747 5238 et
1782 5197 1850 5239 ne
1889 5196 1957 5236 ex
1984 5181 2087 5235 hac

520 5275 668 5331 aliud
702 5275 851 5331 ﬂeret
875 5289 1042 5338 mare,
1078 5274 1172 5329 sed
1205 5273 1258 5329 in
1291 5288 1399 5329 una
1432 5281 1707 5330 manerent
1741 5272 2080 5328 collectione.

521 5369 701 5425 Multa
721 5367 919 5425 etenim
947 5376 1101 5423 erant
1140 5382 1235 5437 per
1260 5366 1412 5421 varia
1442 5366 1561 5421 loca
1600 5380 1755 5436 aquae
1800 5364 2080 5435 dispersae,

519 5462 719 5534 quippe
745 5468 800 5518 et
834 5462 1094 5516 montium
1135 5460 1397 5514 cavitates
1417 5458 1693 5529 vallesque
1720 5472 1889 5528 aquas
1930 5457 1984 5511 in
2023 5472 2084 5513 se

522 5563 879 5625 congregatas
906 5552 1279 5608 continebant.
1307 5550 1443 5607 lllud
1470 5565 1621 5613 vero,
1644 5558 1695 5605 et
1720 5549 2080 5621 congregatio-

593 5734 614 5767 '
651 5733 777 5788 Gen.
809 5733 925 5797 1,-6.
1000 5733 1021 5766 ⁸
1056 5730 1192 5787 Ibid.
1216 5729 1270 5787 9.
1304 5725 1387 5784 10.

2192 5180 2326 5253 θρᾶς
2369 5180 2639 5251 θαλάσσης
2695 5182 2729 5253 ή
2774 5180 3061 5249 Αἴγυπτος.
3093 5178 3429 5251 Προσεταξεν
3493 5174 3588 5234 οὖν
3635 5196 3763 5232 συν-

2193 5272 2423 5345 αχθῆναι
2454 5274 2533 5336 είς
2583 5271 2903 5342 συναγωγὴν
2938 5271 3099 5342 μίαν,
3133 5272 3224 5325 καὶ
3272 5270 3352 5367 μη
3403 5270 3512 5326 ἀπὸ
3555 5270 3764 5367 ταύτης

2192 5363 2357 5434 ἄλλην
2386 5362 2635 5433 γενέσθαι
2668 5361 2962 5427 θάλασσαν,
2994 5362 3128 5417 άλλὰ
3148 5365 3214 5435 τῇ
3244 5361 3435 5436 πρώτῃ
3464 5361 3761 5434 άπομεῖνᾱι

2191 5446 3759 5529 συλλογῇ.[1ολλὰγὰρῆν...................

2189 5544 3760 5620 ὕδατα...η........κοιλότητες..........ο.
