4080 6334
320 261 425 319 715

1218 257 1486 316 SPURIA.
1519 288 1589 303 --
1626 253 1982 344 COMMENT.
2027 252 2094 308 IN
2134 250 2631 309 HEXAEMERON.

3472 252 3571 306 7H

321 378 585 453 συλλογὴν
619 380 714 435 καὶ
755 381 809 433 αἱ
854 379 1153 452 φάραγγες.
1188 378 1262 431 Τὸ
1306 379 1390 440 δὲ,
1426 376 1521 430 καὶ
1556 378 1626 430 τὰ
1670 373 1900 438 συστή-

2009 386 2089 423 nes
2119 386 2377 437 aquarum
2410 368 2608 422 vocavit
2640 365 2832 431 maria,
2869 365 3022 421 sinus
3045 366 3215 422 maris
3238 368 3572 437 significans,

314 488 472 545 ματα
508 470 630 526 τῶν
658 470 893 527 ὑδάτων
921 469 1176 525 ἐκάλεσε
1205 468 1550 534 θαλάσσας,
1592 467 1717 530 τοὺς
1764 463 1889 519 κόλ-

2009 478 2241 534 μιοειιιιο
2264 462 2329 516 ad
2349 462 2431 516 sui
2460 461 2685 531 ﬁgurant
2713 468 2854 514 terra
2883 459 3130 514 ambiens
3163 461 3575 531 complectitur;

315 581 451 628 πους
495 562 748 635 σημαίνει
798 563 926 624 τοὺς
955 562 1098 617 κατὰ
1145 562 1205 615 τὸ
1249 560 1378 615 ἴδιον
1417 559 1601 630 σχῆμα
1645 556 1749 612 ὑπὸ
1794 556 1893 628 τῆς

318 655 710 727 τερικειμένης
741 654 845 727 γῆς
877 654 1329 725 ἀπολειφθέντας·
1363 645 1475 705 οἷον
1518 649 1763 704 Θάλασσα
1806 648 1895 720 βό-

318 763 496 819 ρειος,
530 744 772 801 θάλασσα
823 746 1025 810 νότιος,
1072 744 1212 816 ἑῴα,
1262 743 1487 815 ἑσπέρια
1520 742 1766 814 πελάγη,
1800 743 1894 795 καὶ

317 837 524 891 τούτων
555 838 795 911 ὀνόματα
829 836 1114 902 ἰδιάζοντα,
1139 837 1337 900 Πόντος
1374 837 1618 904 Αἰγαῖος,
1674 832 1892 899 ’Ῑώνιος,

317 926 685 1000 Σαρδωνικὸν,
720 927 1035 991 Σικελικὸν,
1070 927 1394 999 Τυρρἡιον.
1434 926 1508 980 Οὑ
1554 924 1623 978 τὰ
1662 925 1895 996 τυχόντα

314 1020 377 1073 δὲ
418 1018 528 1073 τῶν
570 1019 776 1074 ὑδάτων
815 1018 1156 1093 άθροίσματα
1200 1022 1279 1083 εἰς
1329 1018 1454 1090 μίαν
1487 1016 1751 1089 κατέληξε
1796 1017 1895 1071 θά-

316 1114 560 1178 λασσαν,
609 1114 727 1185 ἦτοι
762 1114 1044 1180 σύστασιν,
1077 1112 1213 1167 ἀλλὰ
1261 1112 1331 1166 τὰ
1374 1113 1605 1184 μέγιστα
1648 1112 1744 1165 καὶ
1785 1110 1898 1176 ὲξέ-

317 1224 517 1279 χονταο
557 1207 619 1260 οὑ
652 1206 760 1279 γὰρ
806 1207 900 1260 καὶ
941 1206 1012 1260 τὰ
1050 1206 1372 1277 τελματιαῖα
1414 1205 1510 1258 καὶ
1564 1203 1750 1275 λίμνια
1791 1202 1897 1275 χρὴ

316 1303 483 1355 νοεῖν.
514 1300 724 1371 Ὥσπερ
756 1299 863 1371 γὰρ
895 1299 954 1353 τὸ
994 1298 1106 1371 πῦρ
1132 1299 1227 1353 καὶ
1254 1300 1333 1363 είς
1368 1296 1537 1370 μικρά
1567 1312 1901 1366 κατακεκερ-

319 1391 661 1462 ματισμένον
689 1390 808 1443 ἐστὶ
849 1390 944 1443 καὶ
975 1390 1169 1461 ἁθρόον
1198 1388 1303 1442 ὑπὸ
1332 1387 1426 1441 τοῦ
1453 1386 1613 1457 ἀέρος
1647 1385 1897 1456 κέχυται,

315 1484 465 1539 οὕτω
499 1483 595 1537 καὶ
634 1483 728 1537 ἐπὶ
766 1481 861 1537 τοῦ
896 1481 1105 1547 ὓδατος,
1141 1483 1191 1534 εί
1233 1481 1326 1535 καὶ
1374 1479 1568 1553 μικραί
1611 1478 1756 1542 τινές
1795 1479 1900 1532 είσι

316 1576 649 1649 διῃρημέναι
685 1575 994 1639 συστάσεις,
1031 1573 1167 1628 ἀλλὰ
1201 1572 1300 1645 μία
1337 1589 1399 1641 γε
1434 1572 1553 1625 ἐστὶ
1589 1569 1899 1642 συναγωγὴ,

319 1671 356 1741 ἡ
381 1672 444 1723 τὺ
474 1669 594 1722 ὅλον
628 1670 888 1738 στοιχεῖον
924 1666 1032 1721 τῶν
1060 1665 1262 1721 λοιπῶν
1309 1666 1697 1735 ἀποκρίνουσα.
1742 1661 1902 1734 Πηγὴ

318 1761 432 1834 γάρ
470 1762 587 1814 ἐστι
620 1761 719 1831 τῆς
751 1761 879 1833 περὶ
925 1760 1027 1831 γῆν
1078 1759 1296 1830 ἁπάσης
1327 1757 1526 1821 νοτίδος
1572 1756 1634 1810 τὸ
1678 1757 1772 1828 τῆς
1811 1757 1906 1809 θα-

318 1854 531 1924 λάσσης
557 1852 722 1924 ὕδωρ,
751 1854 846 1906 καὶ¹
875 1854 1024 1905 πᾶσα
1056 1853 1090 1922 ὴ
1123 1850 1196 1920 γῆ
1227 1848 1498 1919 ὑπόνομός
1528 1850 1665 1911 ἐστι,
1694 1847 1788 1901 καὶ
1818 1846 1907 1901 διὰ

320 1945 510 2017 πόρων
542 1944 764 2012 ἀφανῶν
785 1943 1094 2007 διαδίδοται,
1114 1940 1298 2005 καθὼς
1325 1939 1541 2012 δηλοῦσι
1578 1939 1733 1993 τόποι
1762 1939 1906 2002 τινὲς

318 2040 423 2110 τῆς
452 2038 685 2108 ἠπείρου
715 2037 999 2111 ὖπαντροι.
1042 2036 1108 2090 Ἥ
1148 2034 1257 2106 γὰρ
1294 2032 1498 2106 ῥοώδης
1534 2032 1776 2087 Θάλασσα
1818 2031 1908 2086 διά

319 2132 508 2185 τόπων
557 2132 758 2184 στενῶν
814 2130 1166 2203 διατρέχουσα
1188 2169 1202 2193 ,
1251 2126 1469 2182 ἐπειδὰν
1518 2126 1759 2190 σκολιαῖς
1815 2126 1906 2179 καὶ

321 2223 533 2295 ὀρθίοις
578 2221 779 2290 ἐξόδοις
810 2221 1203 2293 ὲναπολειφθῇ,
1253 2220 1537 2291 ὡθουμένη
1585 2222 1650 2290 τῇ
1688 2218 1778 2291 βίᾳ
1810 2216 1904 2271 τοῦ

323 2313 639 2385 πνεύματος
671 2311 769 2386 τῆς
809 2315 912 2386 γῆς
952 2314 1291 2386 ἀπορρήσσει
1321 2313 1419 2384 τὴν
1448 2310 1785 2380 ἐπιφάνειαν,
1816 2310 1907 2363 καὶ

323 2407 423 2462 ἐπὶ
449 2406 512 2460 τὸ
540 2405 645 2471 ἔξω
672 2405 1030 2478 προελθοῦσα,
1069 2404 1278 2475 γίνεται
1308 2404 1534 2475 πότιμος
1570 2405 1633 2456 ἐκ
1664 2403 1762 2474 τῆς
1792 2401 1908 2473 διη-

324 2499 541 2572 θήσεως
574 2499 973 2573 μεταδληθεῖσα
1002 2501 1081 2563 είς
1113 2497 1445 2569 γλυκύτητα.
1479 2496 1647 2551 Πάλιν
1675 2495 1730 2548 δὲ
1760 2496 1908 2548 ἐπει-

324 2595 426 2649 δάν
464 2595 686 2667 θερμοῖς
708 2593 894 2656 τόποις
931 2590 1288 2662 ἐναπολειφθῇ
1324 2589 1460 2662 πρὸς
1489 2588 1586 2660 τὴν
1614 2588 1811 2654 ἔξοδον,
1837 2591 1904 2660 τῇ

325 2689 469 2760 αὐτῇ
510 2688 661 2758 αἰτίᾳ
685 2685 949 2757 ἑλκομένη
991 2684 1096 2739 ὑπὸ
1118 2684 1210 2737 τοῦ
1247 2682 1554 2753 πνεύματος
1583 2679 1778 2746 ζέουσα
1820 2680 1904 2749 γί-

324 2796 499 2833 νεται.
515 2778 667 2848 Αὑτη
687 2777 787 2832 καὶ
807 2776 913 2829 τῶν
935 2774 1133 2850 ἀερίων
1157 2773 1364 2828 ὑδάτων
1390 2772 1540 2845 πηγὴ
1566 2770 1870 2842 καθέστηκε
1888 2787 1903 2801 ·

322 2869 415 2925 διὰ
445 2869 623 2939 νεφῶν
651 2869 760 2941 γὰρ
790 2868 1125 2939 ἀνελκόμενα
1156 2865 1326 2936 αὑτῆς
1348 2864 1419 2919 τὰ
1452 2864 1638 2931 ὕδατα,
1673 2864 1767 2918 καὶ
1803 2862 1908 2918 ὑπὸ

324 2964 426 3034 τῆς
464 2961 695 3034 ἡλιακῆς
734 2963 949 3024 ἀκτῖνος
999 2959 1312 3029 θαλπόμενα
1334 2996 1350 3023 ,
1396 2958 1491 3012 καὶ
1536 2958 1602 3028 τῇ
1634 2957 1762 3027 σκιᾷ
1814 2953 1904 3008 τοῦ

1997 555 2133 611 tales
2161 566 2290 610 sunt
2314 569 2465 607 mare
2506 552 2862 622 Aquilonare,
2894 566 3046 607 mare
3075 550 3350 616 Australe,
3383 553 3581 610 Orien-

1997 647 2125 711 tale,
2162 644 2530 704 Occidentale,
2572 651 2625 698 et
2652 643 2846 697 borum
2874 643 3094 714 propria
3120 644 3342 699 nomina
3369 644 3579 702 Pontus

2001 737 2242 809 Iligaaus,
2298 738 2504 801 Ionius,
2553 734 2894 802 Sardonius,
2939 734 3182 800 Siculus,
3238 735 3578 808 Tyrrhenus.

1997 831 2262 887 Caeterum
2311 846 2421 885 non
2472 843 2830 900 quoscunque
2883 842 3145 898 aquarum
3190 837 3491 887 conventus
3526 832 3580 885 in

2001 940 2168 978 unum
2218 938 2369 977 mare
2420 920 2717 992 congessit,
2769 920 2854 975 vel
2903 928 3130 984 emtum,
3174 920 3269 977 sed
3316 923 3582 979 maximos

2001 1025 2165 1088 atque
2194 1016 2556 1087 ingentiorcs;
2582 1030 2709 1069 nam
2741 1029 2916 1084 neque
2941 1014 3235 1084 palustres,
3264 1030 3439 1086 neque
3471 1026 3584 1072 sta-

2001 1120 2227 1181 gnantes
2248 1109 2337 1163 hic
2364 1108 2696 1180 intelligendi
2724 1118 2871 1164 sunt.
2895 1105 3075 1162 Veluti
3103 1110 3248 1164 enim
3282 1110 3425 1181 ignis
3450 1110 3584 1167 etin

2002 1203 2244 1258 minutas
2256 1209 2439 1272 partes
2456 1201 2740 1271 redigitur,
2759 1209 2813 1256 et
2829 1209 2976 1257 totus
2988 1201 3149 1256 simul
3162 1217 3340 1257 aerem
3356 1205 3586 1260 circum-

2000 1295 2113 1365 dat,
2145 1295 2225 1350 sic
2250 1303 2305 1349 et
2352 1294 2407 1348 in
2453 1293 2631 1364 aquis,
2672 1294 2773 1349 etsi
2821 1308 3001 1364 parva:
3038 1294 3304 1363 quaedam,
3342 1311 3406 1351 ac
3440 1298 3585 1355 inter

2003 1404 2063 1445 se
2112 1389 2322 1444 dissita:
2363 1387 2721 1443 collectiones
2767 1386 3057 1449 exsistant,
3109 1402 3215 1441 una
3268 1396 3451 1445 tamen
3500 1399 3585 1448 est

2003 1480 2373 1551 congregatio,
2411 1493 2530 1549 qua?
2577 1486 2751 1533 totum
2804 1477 3130 1533 elementum
3175 1478 3279 1534 hoc
3313 1495 3342 1534 a
3373 1484 3586 1539 cancris

2006 1574 2265 1644 sejungit.
2294 1572 2487 1628 Totius
2515 1571 2660 1628 enim
2695 1572 3036 1628 humiditatis
3060 1587 3180 1644 qua:
3205 1572 3257 1626 in
3287 1582 3434 1629 terra
3456 1576 3587 1632 latet

2009 1666 2131 1722 fons
2162 1674 2246 1721 est
2288 1673 2342 1721 et
2380 1667 2537 1736 origo
2579 1666 2747 1721 maris
2779 1681 2942 1738 aqua,
2986 1682 3127 1738 qua},
3177 1684 3302 1724 eum
3332 1672 3585 1725 universa

1940 1735 1981 1789 Β
2006 1763 2152 1811 terra
2187 1756 2501 1811 cuniculosa
2526 1756 2617 1821 sit,
2654 1771 2752 1825 per
2788 1765 2998 1813 meatus
3030 1758 3251 1815 minime
3279 1760 3455 1816 oculis
3488 1760 3587 1816 ob-

2010 1846 2125 1901 vios
2158 1833 2475 1909 eﬂunditur,
2509 1854 2567 1900 ut
2594 1861 2656 1901 ex
2692 1847 2829 1903 locis
2856 1850 3181 1918 quibusdam
3217 1858 3376 1908 terrae
3404 1868 3590 1910 caver-

2008 1941 2159 1994 nosis
2190 1937 2538 1993 manifestum
2574 1947 2816 2010 apparet.
2870 1941 3124 1999 Fluidum
3170 1961 3405 2018 namque
3438 1963 3587 2004 mare

2006 2045 2102 2100 per
2131 2038 2363 2100 angusta
2397 2029 2516 2084 loca
2555 2046 2873 2097 excurrens,
2906 2036 2995 2090 ubi
3028 2037 3265 2108 obliquis
3320 2048 3374 2094 et
3418 2040 3586 2096 rectis

2006 2124 2249 2179 exitibus
2273 2140 2495 2180 cursum
2523 2124 2815 2192 inflexerit,
2840 2128 2895 2183 vi
2924 2129 3251 2202 ﬂamineque
3273 2141 3583 2198 ventorum,

2006 2223 2166 2271 terra:
2194 2216 2542 2287 superficiem
2576 2219 2889 2291 disrumpit,
2924 2234 3318 2294 egressumqne
3357 2242 3459 2281 usu
3504 2236 3587 2281 est

2008 2305 2211 2362 eIIicaci
2257 2308 2325 2363 ad
2370 2317 2580 2379 potum,
2618 2313 2954 2382 percolatum
3000 2315 3146 2368 enim
3178 2315 3587 2387 cribratumque

2007 2397 2291 2456 dulcescit.
2320 2399 2535 2459 Rursus
2582 2405 2628 2461 si
2668 2405 2803 2461 locis
2847 2404 3070 2464 fervidis
3102 2408 3461 2480 relinquatur,
3495 2426 3588 2466 ea-

2009 2490 2129 2546 dem
2165 2494 2378 2550 ratione
2436 2510 2467 2548 a
2498 2506 2659 2551 vento
2692 2497 2748 2552 in
2794 2499 2997 2553 exitum
3052 2499 3273 2555 ductum
3312 2501 3587 2560 fervescit.

2006 2578 2153 2638 Fons
2187 2582 2313 2638 item
2346 2591 2430 2640 est
2456 2601 2742 2656 aquarum,
2770 2604 2890 2658 quae
2908 2605 3087 2644 aerem
3114 2600 3416 2661 occupant;
3444 2594 3591 2650 illius

2006 2673 2153 2729 enim
2186 2689 2339 2745 aquae
2368 2692 2464 2746 per
2497 2678 2671 2733 nubes
2699 2685 2944 2735 attracta:
2975 2696 3075 2735 nec
3108 2696 3218 2736 non
3249 2697 3279 2736 a
3322 2683 3454 2739 solis
3496 2700 3590 2737 ra-

2006 2765 2116 2823 diis
2142 2768 2439 2838 calefactat,
2465 2786 2590 2825 mox
2615 2771 2778 2827 nubis
2802 2774 2993 2828 umbra
3025 2773 3338 2847 frigefactte,
3372 2778 3591 2834 tandem

2007 2858 2127 2930 ipsa
2162 2862 2447 2917 altitudine
2484 2864 2624 2917 οαιιο
2667 2866 2929 2935 expositae
2971 2866 3315 2926 dulcescunt.
3359 2878 3590 2924 terram-

2006 2968 2113 3023 que
2144 2954 2312 3023 guttis
2341 2963 2658 3025 aspergunt.
2690 2955 2803 3010 Hoc
2845 2956 3033 3012 eodem
3061 2959 3147 3013 die
3166 2958 3330 3029 jussit
3363 2959 3502 3014 Deus
3532 2969 3591 3015 ut

327 3056 532 3124 νέφους
576 3052 1022 3123 καταψυχθέντα,
1053 3050 1147 3104 καὶ
1185 3048 1246 3114 ἐξ
1273 3047 1438 3103 αὑτοῦ
1479 3046 1573 3101 τοῦ
1614 3046 1781 3118 ὕψους
1822 3048 1907 3099 αἰ-

2009 3055 2151 3098 terra
2165 3045 2480 3115 germinaret
2508 3047 2719 3101 herbam
2749 3049 3015 3115 virentem,
3044 3058 3093 3103 et
3120 3050 3393 3120 facientem
3416 3068 3590 3109 semen

329 3147 655 3212 θριασθέντα
685 3145 1054 3215 γλυκαίνεται,
1090 3143 1184 3196 καὶ
1223 3140 1589 3211 καταψεκάζει
1618 3140 1718 3211 τὴν
1746 3140 1905 3213 ἤπει-

329 3258 446 3313 ρον.
483 3240 564 3310 Τῇ
610 3238 654 3292 δ’
700 3237 835 3308 αὐτῇ
888 3238 1072 3308 ἡμέρᾳ
1111 3235 1204 3288 καὶ
1237 3232 1595 3302 βλαστῆσαι
1636 3231 1911 3300 ,βοτάνην

330 3331 551 3401 χόρτου
574 3329 688 3397 τὴν
702 3325 818 3398 γῆν
835 3328 863 3380 ὁ
892 3326 1023 3389 Θεὸς
1050 3322 1380 3397 προσέταξεν
1399 3341 1411 3352 ·
1445 3321 1699 3390 Σπεῷον
1725 3321 1909 3389 σπέρ-

325 3438 415 3493 μα
445 3419 596 3474 κατὰ
630 3421 824 3490 γένος,
848 3418 946 3471 καί
981 3416 1172 3482 ξύλον
1199 3414 1498 3483 κάρπιμον
1529 3413 1744 3468 ποιοῦν
1774 3431 1913 3482 καρ-

331 3515 473 3576 πὸν,
499 3507 574 3568 οὗ
614 3511 681 3565 τὸ
712 3509 952 3581 σπέρμα
982 3508 1169 3563 αὐτοῦ
1204 3507 1274 3561 ἑν
1309 3504 1493 3571 αὐτῷ’.
1538 3507 1650 3559 Καὶ
1695 3506 1775 3560 ἔτι
1816 3507 1912 3561 καὶ

331 3606 428 3660 νῦν
454 3608 488 3677 ἡ
523 3603 688 3669 ’τάξις
713 3603 824 3674 τῶν
856 3601 1139 3673 φυομένων
1172 3603 1438 3673 μαρτυρεῖ
1466 3603 1533 3672 τῇ
1567 3599 1759 3673 πρώτῃ
1798 3599 1913 3653 δια-

334 3697 628 3768 κοσμήσει.
659 3695 725 3748 Ἠ
744 3692 852 3766 γὰρ
880 3692 1173 3764 βλάστησις
1198 3690 1518 3763 καθηγεῖται
1547 3690 1727 3761 πάσης
1757 3688 1914 3759 βοτά-

335 3808 434 3863 νης
457 3830 473 3853 ,
535 3790 632 3843 καὶ
658 3787 838 3859 πάσης
877 3788 1046 3850 πόας·
1081 3784 1290 3849 νοτίδας
1327 3784 1436 3856 γὰρ
1474 3784 1800 3856 συμμέτρως
1824 3783 1914 3838 καὶ

337 3884 550 3957 θερμὴν
580 3881 811 3954 ἐχούσης
838 3880 935 3952 τῆς
959 3880 1085 3951 γῆς,
1104 3879 1167 3933 τὸ
1193 3878 1415 3950 σπέρμα
1443 3879 1522 3941 εἰς
1544 3877 1712 3948 αὐτὴν
1748 3893 1913 3930 κατα-

338 3978 615 4039 ϐάλλεται,
660 3975 755 4028 καὶ
797 3972 1004 4042 γίνεται
1044 3970 1240 4042 χαῦνον
1275 3971 1369 4024 καὶ
1421 3968 1779 4041 πολύσπορον,
1819 3967 1914 4021 καὶ

337 4072 435 4143 τῆς
460 4069 593 4140 περὶ
625 4066 755 4121 αὐτὸ
794 4064 898 4135 γῆς
943 4062 1244 4136 ἀρξάμενον
1277 4062 1414 4133 πρὸς
1442 4061 1574 4115 αὑτὸ
1618 4061 1914 4114 ἐπισπᾶται

336 4161 406 4216 τὰ
432 4162 610 4215 οίκεῖα
654 4157 750 4213 καὶ
782 4155 1055 4228 σύμφυλα,
1085 4154 1178 4208 καὶ
1208 4152 1551 4224 πιαινόμενον
1592 4152 1684 4204 ἐπὶ
1733 4150 1914 4203 πλεῖον

339 4251 700 4307 πλατύνεται·
729 4248 869 4302 ὥστε
914 4246 1193 4319 ῥιζοῦσθαι
1226 4245 1324 4317 μὲν
1369 4248 1448 4309 είς
1478 4244 1540 4297 τὸ
1581 4244 1750 4307 κάτω,
1782 4258 1916 4312 προ-

338 4346 568 4399 κύπτειν
594 4341 652 4394 δὲ
685 4342 764 4404 είς
798 4339 858 4392 τὸ
904 4338 1044 4402 ἄνω,
1087 4338 1182 4392 καὶ
1223 4335 1541 4409 ἰσαρίθμους
1580 4336 1700 4398 ταῖς
1741 4334 1916 4407 ῥίζαις

2010 3154 2165 3192 suum
2224 3138 2523 3210 lignumque
2563 3139 2896 3210 fructiferum
2926 3142 3124 3210 faciens
3154 3143 3405 3213 fructum,
3435 3145 3586 3214 cujus

2010 3246 2183 3285 semen
2229 3231 2285 3285 in
2338 3233 2692 3301 semetipso”;
2737 3241 2791 3287 et
2837 3233 2905 3288 ad
2948 3235 3062 3288 haec
3111 3243 3353 3304 tempora
3397 3252 3587 3292 eorum

2011 3339 2133 3394 qua:
2163 3324 2462 3396 gignuntur
2490 3341 2521 3381 e
2547 3333 2691 3381 terra
2722 3327 2914 3392 series,
2948 3342 3195 3397 quamam
3229 3327 3390 3383 fuerit
3416 3329 3589 3399 prima

2012 3433 2196 3472 rerum
2248 3417 2527 3474 distinctio
2572 3417 2885 3491 descripta,
2938 3420 3194 3475 declarat.
3253 3419 3589 3477 Germinatio

2010 3524 2250 3580 namque
2281 3511 2524 3581 qualibet
2552 3511 2719 3566 herba
2754 3513 3048 3583 plantaque
3077 3513 3227 3583 prior
3253 3522 3357 3568 est.
3391 3512 3587 3570 Semen

2012 3603 2182 3666 enim,
2224 3602 2315 3656 ubi
2348 3612 2493 3657 terra
2524 3602 2654 3657 illud
2685 3604 2892 3673 gremio
2928 3604 3203 3661 moderate
3233 3605 3458 3661 humido
3490 3622 3587 3662 ca-

2014 3692 2235 3764 lidoque
2282 3709 2532 3764 sparsum
2572 3710 2636 3748 ac
2668 3696 2956 3750 subactum
3017 3696 3261 3766 excepit,
3321 3698 3588 3767 mollitur,

2015 3784 2181 3856 fitque
2209 3786 2275 3840 ad
2304 3802 2389 3841 res
2416 3785 2632 3842 abunde
2663 3788 2963 3858 gignendas
2990 3788 3247 3844 idoneum
3288 3808 3301 3843 :
3331 3791 3459 3847 hinc
3479 3790 3593 3861 pri-

2014 3894 2163 3933 mum
2206 3887 2404 3934 eterra
2433 3895 2552 3948 qua:
2581 3880 2771 3947 ambit,
2807 3881 2981 3952 magis
3020 3882 3122 3936 sibi
3164 3890 3358 3937 natura
3389 3897 3593 3956 cogna-

2016 3979 2128 4025 tum
2158 3981 2320 4043 atque
2348 3970 2505 4027 aliine
2537 3973 2782 4036 attrahit,
2815 3990 2923 4043 quo
2970 3973 3376 4044 pinguefactnm
3425 3975 3590 4034 latius

2015 4063 2348 4128 extenditur,
2391 4065 2466 4119 ita
2519 4071 2577 4118 ut
2628 4065 2736 4119 ima
2793 4067 2920 4122 sede
2966 4067 3244 4123 radicibus
3292 4065 3590 4139 defigatur,

2019 4165 2271 4227 erumpat
2328 4157 2598 4229 superiori
2644 4158 2878 4228 edatque
2929 4158 3205 4216 radicibus
3266 4174 3428 4231 pares
3485 4177 3590 4216 nu-

2017 4263 2170 4304 mero
2221 4248 2474 4320 stipulas.
2521 4249 2776 4305 Germine
2826 4251 2883 4305 in
2927 4251 3045 4308 dies
3096 4254 3424 4321 calescente,
3487 4253 3591 4308 hu-

2017 4355 2139 4394 mor
2204 4357 2300 4412 per
2360 4340 2926 4409 radices-adductus,
2984 4359 3090 4398 una
3157 4359 3340 4400 secum
3415 4346 3591 4400 medio

337 4439 463 4501 τοὺς
493 4434 776 4504 καλάμους
804 4429 1219 4504 προὸάλλεσθαι.
1250 4428 1599 4501 Θαλπομένου
1625 4429 1681 4481 δὲ
1710 4428 1795 4481 ἀεὶ
1818 4426 1908 4480 τοῦ

2023 4434 2204 4490 calore
2236 4450 2267 4491 e
2317 4443 2461 4490 terra
2514 4437 2690 4491 defert
2744 4438 3097 4498 alimentum,
3135 4438 3278 4507 quod
3322 4438 3378 4492 in
3426 4437 3595 4508 stipu-

342 4530 746 4602 βλαστήματος,
781 4524 1052 4597 συρομένη
1088 4523 1174 4578 διὰ
1208 4522 1315 4577 τῶν
1351 4521 1513 4593 ῥιζῶν
1549 4525 1582 4593 ἡ
1617 4521 1778 4585 νοτὶς,
1809 4518 1914 4573 ὑπδ

337 4625 437 4695 τῆς
461 4622 673 4694 θέρμης
714 4618 1076 4686 συνεπάγεται
1121 4616 1221 4686 τῆς
1261 4616 1364 4685 γῆς
1391 4615 1452 4668 τὸ
1496 4613 1760 4685 τρόφιμον
1780 4630 1793 4642 ·
1822 4613 1915 4666 καὶ

340 4713 765 4786 καταμερίζεται
788 4710 946 4764 τοῦτο
973 4711 1053 4772 είς
1076 4707 1349 4776 καλάμην,
1367 4705 1460 4758 καὶ
1483 4704 1682 4772 φλοιὸν,
1697 4705 1791 4758 καὶ
1815 4703 1917 4766 τὰς

342 4805 513 4879 θήκας
540 4804 635 4859 τού
682 4803 850 4867 σίτου,
888 4800 985 4855 καὶ
1024 4801 1105 4862 εἰς
1130 4797 1292 4852 αὑτὸν
1320 4796 1411 4850 τὸν
1455 4798 1598 4849 σῖτον
1618 4835 1632 4859 ,
1669 4795 1763 4849 καὶ
1794 4797 1919 4858 τοὺς

340 4897 656 4971 άνθέρικας.
692 4897 756 4949 Ἤ
797 4896 853 4949 δὲ
895 4893 1118 4964 καλάμη
1149 4890 1243 4945 τοῦ
1289 4890 1435 4943 σίτου
1482 4888 1753 4953 κονδύλοις
1804 4888 1917 4941 δια-

344 4990 643 5055 ζώννυται,
679 4989 744 5042 ἵν’
771 4988 847 5051 ὼς
895 4983 1179 5055 σύνδεσμοί
1220 4999 1363 5046 τινες
1405 4981 1513 5035 τῶν
1565 4980 1810 5051 σταχύων
1860 4980 1919 5033 τὸ

344 5082 508 5155 βάρος
549 5082 806 5153 φέρωσιν.
858 5080 1015 5131 Ἐστι
1053 5077 1109 5130 δὲ
1151 5076 1244 5129 καὶ
1287 5076 1320 5145 ἠ
1370 5072 1590 5144 καλάμη
1634 5072 1876 5133 διάκενος
1903 5108 1917 5133 ,

342 5177 490 5237 ὅπως
512 5175 653 5246 θήκη
676 5173 767 5227 τοῦ
791 5173 989 5226 κόκκου
1008 5169 1251 5241 γένηται,
1279 5168 1415 5240 πρὸς
1440 5167 1502 5221 τδ
1524 5164 1598 5239 μὴ
1621 5167 1731 5229 τοῖς
1760 5180 1921 5235 σπερ⁴

348 5268 596 5338 μολόγοις
632 5268 898 5339 ὑπάρχειν
924 5263 1339 5334 εὑδιάρπαστον.
1371 5261 1509 5325 Τοὺς
1541 5259 1597 5313 δὲ
1629 5258 1920 5329 ἀνθέρικας

344 5362 462 5415 ἀντὶ
492 5360 696 5415 άκίδων
730 5356 1118 5429 προϐέϐληται.
1144 5354 1231 5408 ἵνα
1258 5354 1365 5407 τῶν
1397 5353 1609 5426 μικρῶν
1644 5350 1796 5417 ζώων
1824 5350 1920 5413 τὰς

347 5449 551 5520 βλάϐας
583 5451 857 5522 εἴργωσιν.
901 5449 959 5502 '0
988 5447 1042 5501 δὲ
1088 5446 1290 5517 βρόμος
1319 5445 1385 5498 δι’
1416 5445 1538 5498 ὅλου
1568 5440 1721 5507 κενὸς
1763 5441 1923 5496 καθέ-

348 5557 582 5615 στηκεν,
632 5540 819 5612 ἐπειδὴ
863 5540 961 5611 τὴν
992 5537 1232 5609 κεφαλὴν
1283 5537 1343 5590 οὑ
1380 5536 1686 5608 βαρύνεται.
1725 5536 1835 5591 Καὶ
1875 5536 1921 5588 εί

416 5727 438 5759 ⁵
463 5725 594 5781 Gen.
635 5726 799 5788 ι,11.

668 5844 939 5904 PATROL.
975 5840 1090 5903 Gn.
1125 5838 1355 5905 XVIII.

2020 4525 2160 4589 lam,
2222 4526 2481 4580 corticem
2532 4526 2820 4589 frumenti,
2868 4526 3102 4586 thecam.
3141 4525 3319 4596 ipsum
3350 4525 3597 4582 frumen-

2020 4627 2134 4672 tum
2211 4627 2372 4687 atque
2446 4618 2645 4674 aristas
2717 4618 2972 4690 partitur.
3055 4617 3336 4673 Frumenti
3396 4620 3596 4690 stipula

2019 4709 2177 4765 nodis
2240 4710 2520 4779 cingitur,
2592 4718 2652 4763 ut
2720 4711 2885 4765 veluti
2963 4727 3252 4782 compages
3313 4711 3594 4783 spicarum

2021 4797 2236 4869 pondus
2265 4801 2595 4858 sustineant.
2640 4800 2907 4856 I’rzetcrca
2942 4809 2995 4856 et
3029 4802 3145 4872 ipsa
3178 4803 3379 4873 stipula
3420 4815 3594 4857 vacua

2020 4897 2126 4957 est,
2152 4898 2211 4945 ut
2240 4907 2469 4962 granum
2505 4894 2907 4963 receptaculum
2940 4895 3159 4959 habeat,
3189 4910 3256 4949 ne
3296 4894 3590 4966 frugilega-

2020 5005 2142 5043 rum
2166 4986 2360 5057 praeda:
2379 4985 2540 5041 facile
2570 4988 2983 5057 sitexpositunn.
3013 4995 3067 5042 et
3097 4994 3284 5041 contra
3320 4988 3593 5043 minorum

2021 5081 2337 5135 animalium
2387 5095 2605 5134 morsus
2633 5079 2878 5133 munitur
2903 5095 3002 5150 pro
3039 5080 3267 5150 spiculis
3299 5081 3442 5135 vallo
3488 5080 3596 5133 ari-

2021 5185 2251 5232 starum.
2283 5172 2487 5230 Verum
2518 5189 2689 5230 avena
2717 5181 2830 5228 tota
2856 5175 3036 5229 inanis
3058 5174 3324 5241 cernitur,
3355 5189 3478 5230 cum
3504 5190 3599 5230 ca-

2022 5268 2133 5341 pite
2163 5285 2271 5323 non
2307 5277 2609 5339 gravescat.
2643 5265 2708 5320 Et
2730 5268 2776 5321 si
2800 5282 2923 5321 cum
2980 5268 3281 5323 esculentis
3310 5266 3474 5322 simul
3503 5283 3599 5321 ve-

2024 5376 2167 5415 nena
2193 5368 2319 5415 nata
2349 5361 2742 5428 comperimus,
2777 5360 2938 5430 quale
2960 5369 3046 5415 est
3070 5368 3371 5425 veratrum,
3403 5364 3593 5414 aconi-

2022 5460 2160 5518 tum,
2209 5451 2623 5524 mandragoras,
2659 5461 2712 5508 et
2775 5462 2975 5507 succizs
3034 5454 3343 5523 papaveris,
3385 5452 3597 5507 nullum

2020 5551 2203 5599 tamen
2234 5544 2428 5599 borum
2460 5559 2924 5614 supervacaneum
2965 5553 3070 5612 est,
3117 5543 3213 5602 sed
3246 5562 3404 5602 suum
3436 5559 3595 5600 usum

3242 5834 3321 5895 23
