4080 6334
371 297 467 352 717

1310 295 1576 352 SPURIA.
1611 328 1679 337 —
1712 293 2067 351 COMMENT.
2107 291 2174 348 IN
2218 288 2710 348 HEXAEMERON.

3493 300 3598 354 7l8

361 417 523 490 σοφίᾳ
556 417 587 472 6
616 417 749 483 θεὸς
799 418 1174 491 διεκόσμησεν.
1215 422 1311 474 Ἐν
1339 421 1446 492 γάρ
1491 420 1662 491 ὕδωρ,
1713 418 1800 472 διὲ
1829 420 1919 489 τῆς

2028 425 2081 472 et
2113 417 2167 469 in
2199 416 2331 484 ipsis
2359 414 2608 468 dulcibus
2634 412 2922 476 fructibus,
2974 414 3110 468 mira
3134 424 3216 471 est
3250 417 3600 487 pinguedinis

359 509 842 582 ρίζηςφερόμενον
876 513 907 584 ἦ
938 513 1243 584 ἑλκόμενον,
1284 513 1454 575 ἄλλως
1503 513 1599 583 μὲν
1643 512 1829 583 τρέφει
1862 513 1921 566 τὸ

358 601 630 672 στέλεχος,
659 602 832 666 ἄλλως
871 605 970 673 τὴν
1007 604 1343 676 ἐντεριώνην,
1389 605 1562 667 άλλως
1586 604 1676 656 τὸν
1721 603 1920 673 φλοιὸν,

356 691 532 754 ἄλλως
559 691 618 744 τὸ
655 691 826 756 ξύλον,
853 694 1025 757 ἄλλως
1051 693 1146 764 τὴν
1185 696 1335 764 ῥίζαν
1367 695 1534 764 αὐτὴν
1554 711 1567 724 ι
1607 694 1700 748 καὶ
1729 697 1792 747 ἐκ
1826 695 1922 764 τῆς

359 785 528 854 αὐτῆς
549 785 749 848 νοτίδος
775 787 830 837 ἐν
863 785 960 854 μὲν
992 789 1055 855 τῇ
1088 786 1316 856 ἀμπέλῳ
1348 781 1487 849 οἶνος
1509 787 1838 850 συνίσταται,
1868 789 1923 839 ἐν

358 875 411 928 δὲ
445 879 510 946 τῇ
539 876 692 947 ἐλαίᾳ
721 876 912 940 ἔλαιον,
946 878 1040 929 καὶ
1065 879 1118 930 ἐν
1148 877 1289 947 ἄλλῳ
1330 877 1473 930 ἄλλο.
1521 878 1627 930 Καὶ
1658 877 1712 930 ἐν
1746 878 1926 940 αὐτοῖς

359 969 469 1029 τοῖς
520 967 740 1034 γλυκέσι
787 970 1016 1037 καρποῖς
1058 967 1332 1038 ἀμύθητος
1378 970 1409 1037 ἡ
1461 967 1779 1037 παραλλαγὴ
1828 968 1926 1038 τῆς

361 1057 610 1127 πιότητος
628 1075 641 1087 ·
675 1058 801 1110 ἄλλο
825 1057 932 1129 γάρ
957 1059 1017 1110 τὸ
1047 1060 1103 1110 ἐν
1129 1059 1355 1129 ἀμπέλῳ
1376 1061 1565 1126 γλυκὺ,
1590 1059 1684 1111 καὶ
1715 1058 1838 1112 ἄλλο
1865 1061 1922 1113 ἐν

361 1149 557 1220 μηλέᾳ,
583 1150 677 1202 καὶ
707 1150 763 1201 ὲν
795 1153 931 1221 συκῇ
965 1153 1057 1205 καὶ
1086 1151 1163 1222 τῷ
1195 1151 1394 1221 φοίνικι
1417 1151 1621 1222 ἕτερον.
1647 1151 1758 1204 Καὶ
1785 1150 1921 1204 αὐτά

359 1239 416 1292 δὲ
447 1241 556 1293 τῶν
603 1241 829 1312 δένδρων
859 1243 1086 1316 διάφορά
1119 1246 1231 1296 ἐστι
1273 1244 1340 1296 τά
1373 1244 1607 1314 δάκρυα·
1659 1243 1786 1296 ἄλλο
1813 1244 1920 1316 γὰρ

2029 511 2285 570 varietas,
2319 508 2463 562 aliud
2491 523 2729 577 namque
2779 508 2936 562 dulce
2966 516 3049 563 est
3080 509 3225 578 quod
3258 512 3311 564 in
3347 513 3457 566 vite
3496 529 3598 580 gn-

2030 612 2226 664 statur,
2255 601 2401 656 aliud
2426 601 2477 654 in
2499 616 2681 668 pomo,
2717 599 2863 653 aliud
2895 600 2949 653 in
2983 601 3104 662 ﬁcu,
3134 601 3280 655 aliud
3313 603 3364 655 in
3391 605 3596 672 palma.

2022 694 2152 748 Item
2197 695 2358 747 variae
2385 701 2512 748 snnt
2533 700 2586 747 et
2616 695 2873 747 arborum
2908 692 3178 762 lacrymaa,
3202 695 3402 747 etenim
3448 696 3596 747 aliud

2024 797 2107 843 est
2151 786 2364 840 lentisci
2421 786 2681 854 lacryma,
2742 783 2887 837 aliud
2948 784 3173 837 balsami
3232 799 3452 849 succus,
3501 788 3594 853 qui

2025 881 2266 935 omnium
2302 885 2697 948 unguentorum
2725 877 3206 946 praestantissimus
3232 887 3337 943 est,
3366 878 3596 947 ejusque

2027 971 2170 1041 apud
2213 971 2468 1025 Hiericho
2526 968 2836 1038 largissima
2900 969 3074 1038 c0pia.
3127 967 3400 1040 Indigenis
3459 969 3591 1023 illud

2027 1070 2188 1116 acuto
2213 1061 2384 1132 lapide
2413 1077 2479 1115 ex
2502 1059 2737 1115 surculis
2770 1059 3105 1124 secantibus,
3166 1074 3368 1115 succus
3401 1060 3586 1114 elllnit.

2028 1153 2276 1208 Tradunt
2309 1151 2526 1222 quidam
2560 1159 2613 1206 et
2647 1152 2928 1206 succinum
2959 1152 3262 1220 plantarum
3299 1166 3421 1207 esse
3466 1165 3592 1206 suc-

2028 1261 2176 1309 cum,
2210 1252 2301 1316 qui
2339 1245 2390 1298 in
2425 1252 2675 1297 naturam
2709 1242 2904 1312 lapidis
2931 1251 3268 1296 concrescat.

357 1331 458 1400 τῆς
489 1329 665 1399 σχίνου
699 1332 758 1384 τὸ
789 1333 1040 1404 δάκρυον,
1083 1335 1176 1386 καὶ
1223 1333 1378 1396 ἄλλος
1429 1337 1456 1386 6
1501 1335 1597 1404 τῆς
1650 1333 1924 1405 βαλσάμου
1980 1335 2132 1399 ὀπὸς,
2167 1336 2302 1406 ὅπερ
2343 1327 2557 1388 πάντων
2602 1331 2710 1384 τῶν
2771 1332 2954 1403 μύρων
3003 1332 3236 1403 ὑπάρχει
3289 1335 3587 1400 κάλλιστον,

360 1428 452 1479 καὶ
486 1428 766 1492 πλεονάζει
816 1430 906 1481 ἐπὶ
935 1430 1030 1500 τῆς
1065 1428 1270 1499 Ἰεριχὼ
1302 1431 1605 1500 γενόμενον.
1657 1430 1970 1500 Τεμνόντων
1996 1431 2051 1484 δὲ
2091 1431 2220 1484 αὐτὸ
2251 1434 2313 1484 ἐκ
2353 1429 2458 1482 τῶν
2520 1428 2736 1499 θάμνων
2783 1426 2912 1498 λίθῳ
2945 1425 3056 1491 ὀξεῖ
3103 1428 3210 1480 τῶν
3260 1430 3587 1501 ἐπιχωρίων,

355 1522 486 1585 ὀπὸς
532 1523 839 1592 ἀναποδοίη.
881 1523 1172 1594 Ἱστοροῦσι
1204 1525 1258 1578 δέ
1301 1542 1443 1588 τινες
1471 1525 1563 1578 καὶ
1597 1525 1656 1578 ἰὸ
1688 1525 1946 1597 ἤλεκτρον
1998 1527 2127 1580 ὀπὸν
2187 1523 2324 1579 εἶναι
2368 1524 2546 1594 φυτῶν
2571 1565 2585 1590 ,
2635 1525 2710 1586 εἰς
2763 1523 2920 1591 φύσιν
2988 1523 3133 1576 λίθου
3167 1527 3588 1597 μεταπηγνύμε-

355 1632 466 1669 νον.

427 1707 480 1762 4.
523 1708 600 1778 Τῇ
638 1707 693 1760 δὲ
724 1709 958 1783 τετάρτῃ
1001 1709 1181 1780 ἡμέρᾳ
1218 1711 1248 1762 6
1277 1709 1407 1773 Θεὸς
1452 1710 1590 1776 τοὺς
1625 1708 1919 1779 μεγάλους

2099 1704 2151 1758 4.
2189 1701 2394 1768 Quarto
2417 1700 2503 1756 die
2527 1699 2668 1754 Deus
2695 1699 2798 1752 duo
2837 1699 3121 1753 luminaria
3155 1717 3347 1770 magna
3391 1710 3584 1762 creavit

353 1795 464 1850 δύο
493 1795 809 1864 φωστῆρας
837 1797 1328 1867 ἐδημιούργησεν,
1363 1797 1539 1865 ἥλιόν
1584 1814 1647 1849 τε
1684 1796 1781 1848 καὶ
1825 1812 1925 1849 σε·

352 1889 554 1956 λήνην
579 1890 648 1942 ἐν
674 1889 752 1954 τῷ
781 1888 1134 1958 στερεώματι
1161 1889 1264 1942 τοῦ
1290 1889 1566 1957 οὐρανοῦ,
1584 1893 1668 1954 εἰς
1700 1890 1926 1957 φαῦσιν

353 1983 452 2036 ἐπὶ
486 1981 598 2050 τῆς
632 1981 762 2053 γῆς,
795 1982 900 2036 τοῦ
928 1981 1286 2052 διαχωρίζειν
1318 1983 1623 2051 ἀναμέσων
1651 1980 1757 2049 τῆς
1782 1980 1923 2050 ἠμέ-

344 2092 465 2142 ρας
495 2075 593 2128 καὶ
624 2074 930 2144 ἀναμέσων
966 2074 1076 2143 τῆς
1111 2076 1345 2141 νυκτός.
1389 2073 1558 2128 Τοῦτο
1597 2072 1659 2127 τὸ
1704 2072 1924 2146 ἡλιακὸν

352 2168 493 2234 φῶς,
523 2167 705 2239 ὄχημα
757 2168 947 2238 ἐκείνῳ
1005 2167 1082 2238 τῷ
1126 2168 1264 2236 φωτὶ
1304 2167 1379 2238 τῷ
1427 2167 1752 2238 πρωτογόνῳ
1792 2184 1925 2238 παρ-

351 2259 701 2314 εσκεύασται.
746 2259 834 2323 Ὠς
855 2259 962 2330 γὰρ
993 2259 1118 2312 ἄλλο
1147 2257 1204 2311 τὸ
1227 2259 1357 2328 πῦρ,
1389 2257 1480 2312 καὶ
1508 2261 1536 2312 6
1554 2257 1742 2329 λύχνος
1764 2258 1918 2313 ἄλλο’

351 2352 417 2405 τὸ
448 2353 545 2421 μὲν
579 2350 686 2422 γὰρ
719 2353 815 2422 τὴν
838 2350 930 2404 τοῦ
957 2351 1209 2420 φωτίζειν
1246 2351 1469 2420 δύναμιν
1498 2350 1628 2421 ἔχει,
1655 2351 1716 2404 τὸ
1739 2351 1795 2404 δὲ
1824 2353 1923 2425 τὴν

351 2444 448 2498 τοῦ
482 2443 842 2515 παραφαίνειν
884 2446 994 2506 τοῖς
1033 2441 1349 2512 χρῄζουσιν·
1383 2443 1476 2494 καὶ
1515 2442 1588 2506 ὡς
1637 2442 1823 2514 ἕτερόν
1869 2462 1922 2496 τι

352 2539 387 2606 ἡ
419 2534 696 2606 λευκότης,
731 2534 912 2604 ἕτερον
941 2534 998 2587 δὲ
1034 2534 1095 2586 τὸ
1131 2534 1550 2605 λελευκασμένον
1579 2534 1755 2605 σῶμα,
1784 2535 1922 2588 οὕτω

355 2628 451 2681 καὶ
474 2626 647 2681 ταῦτα
675 2626 902 2696 διάφορα
927 2626 1053 2679 ὄντα
1082 2629 1146 2697 τῇ
1174 2626 1330 2696 φύσει
1354 2627 1586 2695 ἥνωνται
1610 2630 1672 2698 τῇ
1699 2627 1921 2698 δυνάμει

349 2721 447 2773 τοῦ
471 2720 770 2782 κτίσαντος.
788 2719 896 2771 Καὶ
925 2719 1108 2788 μηδεὶς
1133 2718 1327 2792 νομίσῃ
1343 2719 1534 2772 ταυτὸν
1556 2719 1766 2790 ἡμέραν
1783 2716 1920 2773 εἶναι

352 2817 447 2868 καὶ
473 2813 641 2885 ἣλιον.
671 2812 890 2883 Πρῶτον
916 2808 1146 2882 μὲνγὰρ
1172 2814 1200 2864 6
1223 2812 1549 2882 δημιουργὸς
1577 2811 1779 2866 ἁπλοῦν
1807 2812 1922 2882 φῶς

350 2905 777 2968 κατεσκεύασεν,
808 2904 835 2957 ὃ
859 2905 921 2978 δὴ
955 2907 1050 2959 καὶ
1075 2903 1284 2976 ἡμέραν
1307 2904 1584 2968 ἐκάλεσεν,
1613 2903 1801 2957 ἔπειτα
1827 2902 1919 2956 τὸν

348 2999 505 3068 ἥλιον
539 2999 603 3050 ἐκ
630 2997 721 3050 τοῦ
749 2997 918 3069 πυρὸς
944 2998 1038 3051 καὶ
1078 2997 1253 3065 φωτὸς
1285 2996 1656 3065 συγκείμενον.
1684 2979 1781 3058 ’Ὡς
1811 2996 1920 3066 γάρ

2025 1793 2186 1848 solem
2231 1802 2277 1846 et
2305 1793 2483 1845 lunam
2513 1793 2564 1844 in
2602 1792 2930 1860 ﬁrmaamnlo
2964 1792 3097 1855 ca-li,
3140 1803 3196 1846 ut
3241 1796 3468 1853 Iacerent
3499 1819 3590 1855 su-

2022 1903 2113 1956 per
2147 1894 2342 1939 tcrram
2394 1881 2462 1936 ad
2508 1882 2840 1936 dividendum
2878 1883 3014 1937 diem
3054 1892 3101 1936 et
3137 1893 3335 1939 noctem
3361 1889 3424 1942 “.
3473 1889 3588 1947 Hoc

2023 1973 2155 2034 solis
2183 1979 2365 2031 lumen
2399 1975 2647 2044 utprimo
2679 1975 2754 2029 illi
2808 1986 2934 2029 nato
2960 1976 3147 2030 lumini
3177 1980 3332 2046 quasi
3370 1982 3587 2037 vehicu—

2023 2073 2133 2127 lum
2160 2069 2478 2130 deserviret,
2507 2067 2814 2122 ordinatum
2854 2075 2956 2123 est.
2987 2067 3196 2122 Etenim
3238 2073 3407 2127 veluti
3439 2075 3586 2129 aliud

2022 2171 2105 2219 est
2139 2161 2300 2231 ignis,
2325 2166 2380 2214 et
2422 2155 2640 2212 lucerna
2664 2157 2832 2222 aliud,
2857 2157 2944 2212 hic
2962 2160 3105 2213 enim
3139 2161 3424 2217 vimhabet
3460 2165 3586 2220 illu-

2023 2252 2288 2314 minandi,
2321 2249 2412 2303 illa
2432 2249 2714 2317 egentibus
2738 2248 2917 2303 lumen
2942 2248 3259 2319 przeferendi
3283 2269 3297 2317 ;
3322 2261 3374 2306 et
3399 2269 3558 2322 quem
3576 2285 3589 2294 -

2022 2343 2309 2400 admodmn
2341 2341 2486 2395 aliud
2517 2350 2600 2395 cst
2633 2340 2838 2394 candor
2897 2350 2950 2394 et
2985 2341 3130 2396 aliud
3166 2357 3366 2413 corpus
3409 2346 3588 2401 candi-

2021 2442 2170 2503 dum,
2192 2442 2270 2496 sic
2300 2447 2352 2494 et
2380 2439 2515 2502 haec,
2543 2439 2789 2508 quamvis
2817 2436 3045 2490 diversae
3075 2445 3282 2492 natura:
3313 2439 3588 2496 Creatoris

2023 2535 2252 2589 facultas
2270 2533 2322 2586 in
2341 2548 2508 2586 unum
2531 2531 2777 2602 copulata
2803 2529 3102 2598 conjunxit.
3129 2529 3194 2583 Et
3207 2545 3337 2584 cave
3350 2547 3416 2586 ne
3435 2543 3588 2601 putes

2022 2627 2165 2683 idem
2189 2640 2314 2682 esse
2360 2625 2500 2679 diem
2559 2633 2614 2678 et
2663 2622 2853 2676 solem.
2912 2620 3156 2675 Primum
3217 2623 3360 2676 enim
3397 2623 3588 2693 Opifex

2021 2719 2251 2790 simplex
2308 2719 2489 2773 lumen
2545 2715 2809 2778 condidit,
2865 2712 3008 2783 quod
3063 2721 3116 2767 et
3165 2713 3307 2768 diem
3354 2717 3585 2778 vocavit,

2021 2811 2279 2881 deinceps
2327 2810 2498 2864 solem
2559 2823 2624 2862 ex
2680 2806 2884 2860 lumine
2925 2806 3102 2874 ignem
3139 2820 3259 2872 quae
3313 2807 3586 2861 conﬂavit.

2019 2900 2487 2968 Quemas‘modum
2519 2899 2664 2954 enim
2685 2905 2885 2953 terram
2927 2897 3098 2965 ipsam
3134 2897 3188 2951 in
3248 2913 3349 2952 suo
3382 2901 3588 2967 gremio

2021 2992 2196 3063 ignem
2230 2990 2431 3044 factum
2467 2990 2733 3044 foventem
2781 2989 3077 3052 cernimus,
3115 2988 3188 3041 ita
3213 2998 3267 3043 et
3297 2991 3463 3044 solem
3501 2993 3587 3044 Iu-

349 3089 450 3160 τὴν
489 3088 591 3158 γῆν
631 3088 842 3160 ὁρῶμεν
869 3088 978 3160 πῦρ
1027 3091 1084 3142 ἐν
1114 3090 1224 3151 τοῖς
1271 3088 1510 3158 στέρνοις
1558 3089 1740 3151 αὐτοῖς
1767 3083 1919 3158 δεδη-

2022 3100 2146 3139 ηιεη
2182 3090 2506 3155 gestantem.
2533 3081 2668 3136 Cum
2699 3081 2843 3135 enim
2907 3080 3086 3133 lumen
3139 3088 3193 3133 et
3249 3081 3388 3151 ignis
3424 3083 3587 3138 simul

355 3199 588 3253 μιουργη
598 3181 752 3251 μένον
769 3179 1016 3251 ἔχουσαν,
1033 3180 1171 3234 οὕτω
1189 3182 1281 3234 καὶ
1302 3181 1391 3234 τὸν
1409 3180 1555 3250 ἥλιον
1572 3179 1686 3250 φῶς
1707 3180 1917 3251 ἔχοντα·

354 3277 471 3344 φῶς
505 3275 610 3346 γὰρ
650 3274 898 3328 συνελθὸν
930 3274 1067 3344 μετά
1098 3273 1266 3344 πυρὸς
1295 3272 1385 3326 τὸν
1415 3273 1708 3342 φανότατον
1731 3273 1919 3343 ἐποίη-

355 3383 446 3419 σεν
473 3366 642 3436 ἥλιον.
684 3364 818 3416 Ἀλλ’
850 3363 977 3427 ἴσως
1009 3365 1224 3434 ἀντερεῖ
1263 3378 1373 3425 τις·
1418 3363 1527 3415 Καὶ
1571 3362 1732 3415 πόθεν
1764 3361 1921 3416 τοῦτο

351 3457 528 3528 δῆλον,
577 3458 637 3510 ού
683 3456 1016 3527 βλεπομένης
1063 3456 1162 3524 τῆς
1193 3455 1538 3526 διαιρέσεωςς
1584 3457 1681 3526 οὐχ
1725 3457 1920 3528 ὁρᾶται

353 3551 462 3622 γὰρ
495 3550 638 3612 ἰδίως
675 3549 768 3620 μὲν
799 3550 860 3602 τὸ
905 3548 1038 3618 φῶς,
1077 3548 1219 3610 ἰδίως
1249 3549 1304 3600 δὲ
1346 3549 1408 3601 τὸ
1462 3549 1592 3620 πῦρ.
1637 3549 1796 3602 Ἀλλά
1837 3566 1921 3617 γι-

354 3641 611 3695 νωσκέτω
633 3643 661 3693 6
692 3640 949 3704 τοιοῦτος,
986 3641 1126 3693 πόσα
1158 3640 1218 3692 τὸ
1250 3639 1360 3712 πῦρ
1395 3642 1451 3694 ἐν
1475 3640 1650 3710 ἑαυτῷ
1682 3641 1921 3713 προϐάλ-

354 3731 524 3793 λεται,
558 3731 752 3802 αὐγὴν,
794 3729 1128 3801 θερμότητα,
1172 3728 1465 3799 ξανθότητα
1487 3773 1499 3796 ,
1532 3729 1688 3784 ἅτινα
1718 3731 1918 3784 πανσό-

355 3838 469 3888 φως
494 3822 522 3873 6
547 3820 790 3891 τεχνίτης
822 3819 1150 3890 διαμερίζων
1168 3860 1181 3883 ,
1220 3819 1548 3890 ὑπεμφαίνει
1593 3820 1796 3873 τούτων
1822 3820 1920 3890 τὴν

357 3913 621 3966 σύνθεσιν.
651 3914 778 3965 Ὅτε
805 3912 912 3983 γὰρ
939 3911 1077 3964 θέλει
1101 3912 1364 3984 θερμᾶναι
1386 3914 1446 3966 τὸ
1469 3913 1624 3978 ζῶον,
1654 3913 1919 3983 λαμϐάνει

351 4003 446 4057 τοῦ
482 4004 648 4075 πυρὸς
671 4004 729 4056 τὸ
757 4003 974 4076 θερμὸν,
1011 4005 1104 4056 καὶ
1133 4005 1194 4056 τὸ
1219 4005 1315 4074 μὲν
1342 4003 1540 4075 θερμὸν
1569 4005 1678 4075 ἔχει
1705 4005 1916 4066 τούτου,

350 4096 409 4149 τὲ
452 4095 511 4148 δὲ
558 4095 672 4164 φῶς
710 4097 809 4148 οὐκ
852 4095 982 4165 ἔχει.
1024 4096 1159 4148 Ἀλλ’
1194 4096 1455 4167 ἐμερίσθη
1488 4098 1546 4150 ἐν
1591 4097 1669 4168 τῷ
1717 4096 1840 4167 ζώῳ
1883 4102 1915 4168 ἡ

354 4188 532 4259 θέρμη
576 4189 682 4241 ἀπὸ
710 4185 802 4241 τοῦ
846 4187 1100 4256 φέγγους,
1133 4186 1291 4240 πάλιν
1320 4187 1583 4257 λαμϐάνει
1615 4187 1674 4240 τὸ
1708 4187 1914 4254 ξανθόν.

353 4281 464 4334 Καὶ
503 4279 716 4352 ὁρῶμέν
752 4297 832 4332 τοι
857 4278 917 4331 τὸ
957 4278 1164 4342 ξανθὸν,
1198 4279 1380 4332 οὐκέτι
1409 4280 1466 4332 δὲ
1499 4281 1558 4332 τὸ
1604 4277 1802 4352 θερμὸν
1828 4281 1921 4333 καὶ

355 4375 563 4442 φαῖνον.
596 4373 701 4424 Καὶ
731 4370 892 4424 πάλιν
923 4370 1244 4442 ἀπομερίζει
1295 4371 1393 4439 τὴν
1423 4369 1629 4443 θέρμην
1653 4413 1666 4435 ,
1712 4374 1805 4425 καὶ
1839 4373 1918 4425 δί-

2024 3177 2079 3230 ἰη
2141 3190 2306 3229 unum
2342 3172 2765 3232 convenissent,
2819 3169 3297 3239 splendidissimus
3349 3171 3430 3225 sol
3461 3187 3586 3241 pro-

2022 3271 2221 3324 ductus
2254 3275 2358 3322 est.
2392 3264 2498 3319 Sed
2519 3263 2751 3318 fortasse
2781 3261 2978 3332 aliquis
3003 3261 3338 3316 contradicet
3365 3281 3378 3316 :
3412 3261 3590 3318 Unde-

2020 3375 2146 3415 nam
2177 3360 2279 3416 hoc
2313 3359 2661 3412 manifestum
2701 3363 2804 3421 est,
2837 3369 2962 3408 cum
2987 3354 3135 3408 nulla
3189 3354 3437 3408 videatur
3495 3354 3579 3407 di-

2021 3456 2201 3521 visio;
2278 3468 2455 3524 neque
2535 3450 2678 3506 enim
2737 3449 2918 3504 lumen
2978 3448 3047 3502 ab
3121 3447 3243 3516 igne
3293 3447 3585 3516 separatim

2027 3548 2384 3620 perscriptum
2441 3546 2617 3612 neque
2674 3543 2850 3611 ignem
2911 3556 2940 3594 a
3001 3539 3204 3594 lumine
3277 3540 3584 3611 sejunctum

2021 3640 2407 3710 conspicimus.
2487 3633 2686 3689 Verum
2738 3635 2784 3688 is
2849 3633 2987 3686 sciat
3047 3647 3292 3702 quaenam
3339 3633 3478 3704 ignis
3529 3634 3584 3688 in

2021 3735 2314 3804 semetipso
2375 3731 2689 3796 contineat,
2739 3728 3080 3798 splendidum
3158 3729 3405 3795 scilicet,
3456 3729 3588 3784 cali-

2020 3829 2169 3892 dum,
2200 3826 2421 3890 ﬂavum,
2443 3839 2563 3893 qua:
2592 3821 2994 3892 sapientissime
3011 3819 3205 3875 artifex
3230 3823 3584 3886 secernendo,

2018 3933 2206 3974 eorum
2241 3913 2690 3986 compositionem
2741 3911 3075 3968 manifestat.
3106 3912 3243 3967 Cum
3292 3917 3436 3970 enim
3470 3917 3590 3970 ani-

2020 4011 2148 4065 mali
2174 4010 2411 4063 calorem
2444 4007 2631 4061 indere
2661 4005 2833 4074 cupit,
2863 4003 3005 4074 ignis
3032 4005 3268 4058 calorem
3307 4007 3492 4068 sumit,
3533 4013 3588 4061 et

2020 4103 2256 4158 calorem
2295 4101 2461 4163 illius,
2506 4114 2615 4153 non
2661 4107 2842 4152 tamen
2878 4097 3059 4150 lumen
3103 4097 3364 4166 possidet.
3400 4098 3504 4152 Sed
3530 4097 3587 4152 in

2021 4195 2242 4248 animali
2292 4193 2442 4248 calor
2476 4206 2506 4243 a
2534 4189 2737 4244 lumine
2766 4190 3104 4259 sejungitur,
3165 4203 3356 4242 rursus
3386 4187 3586 4241 ﬂavum

2021 4288 2270 4359 suscipit,
2306 4295 2361 4341 et
2407 4285 2601 4340 ﬂavum
2659 4284 2914 4353 quidem,
2956 4299 3063 4336 non
3126 4290 3304 4335 autem
3348 4282 3584 4335 calidum

2021 4380 2472 4452 Splendidumque
2512 4377 2778 4431 videmus.
2822 4374 3022 4429 lterum
3058 4374 3241 4428 calore
3282 4380 3582 4442 segregato.

352 4465 482 4517 δωσι
515 4464 682 4534 μόνην
716 4463 814 4534 τὴν
854 4463 1045 4534 αὐγὴν,
1078 4459 1186 4515 οἷον
1214 4463 1286 4525 ὼς
1333 4463 1477 4516 ἔστιν
1520 4464 1645 4518 ίδεῖν
1689 4466 1780 4517 ἐπὶ
1817 4466 1914 4533 τῆς

2022 4473 2360 4544 splendorem
2396 4481 2606 4525 tantum
2636 4469 2878 4528 exhibet.
2936 4475 2993 4520 ut
3032 4466 3220 4520 videre
3273 4475 3358 4520 est
3402 4467 3456 4519 in
3486 4465 3586 4521 l'ulo

353 4555 670 4626 ἀστραπῆς,
722 4554 800 4607 ὅτι
851 4552 1203 4623 ἐκλάμπουσα
1251 4554 1406 4623 μόνον
1437 4553 1684 4623 φωτίζει,
1714 4555 1774 4606 ού
1811 4553 1914 4624 μὴν

352 4645 406 4701 δὲ
436 4647 529 4700 καὶ
559 4646 858 4718 θερμαίνει.
891 4647 963 4699 Τὸ
990 4647 1032 4700 δ’
1059 4647 1188 4700 αὐτὸ
1209 4645 1552 4717 παράδειγμα
1581 4647 1674 4700 καὶ
1700 4647 1792 4699 ἐπὶ
1816 4646 1917 4716 τῆς

357 4741 582 4812 ,τελήνης
631 4739 952 4811 καθέστηκε.
1000 4741 1109 4793 Καὶ
1153 4739 1260 4810 γάρ
1304 4739 1440 4809 αῦτη
1479 4740 1582 4792 ὑπὸ
1628 4739 1721 4791 τοῦ
1764 4738 1915 4810 ἡλίου

356 4831 695 4902 φωτιζομένη
744 4831 1090 4903 φανερωτέρα
1139 4830 1382 4899 γίνεται,
1432 4830 1616 4901 ὥσπερ
1667 4831 1769 4882 ὑπὸ
1817 4831 1918 4900 τῆς

351 4926 565 4997 ἡμέρας
596 4928 625 4978 6
670 4925 836 4995 ἥλιος.
874 4925 946 4977 Τὸ
977 4925 1084 4995 γὰρ
1125 4927 1223 4994 τῆς
1274 4924 1499 4994 σελήνης
1530 4919 1669 4986 εἶδος
1716 4922 1917 4993 ἀνθρα-

352 5019 559 5080 κοειδὲς
589 5019 866 5088 τυγχάνει,
898 5019 971 5080 ὡς
996 5018 1140 5070 ἔστιν
1187 5015 1312 5068 ἰδεῖν
1345 5017 1437 5069 ἐπί
1464 5015 1560 5088 τῆς
1591 5014 1880 5084 ἐκλείψεως
1901 5033 1914 5046 ·

353 5115 575 5184 ἀπάρας
621 5112 728 5182 γάρ
780 5112 872 5163 ἀπ’
917 5111 1084 5180 αὐτῆς
1125 5111 1184 5164 τὸ
1229 5112 1424 5164 οἰκεῖον
1468 5108 1666 5178 φέγγος
1695 5110 1722 5160 6
1771 5107 1917 5177 ἣλιος

355 5203 612 5276 ἀμαυράν
641 5203 806 5272 αὐτὴν
853 5203 1169 5270 καθίστησι’
1202 5199 1446 5269 φωτίζων
1469 5200 1525 5252 δὲ
1555 5199 1718 5269 αὐτὴν
1738 5237 1753 5256 .
1786 5198 1920 5270 πλη-

356 5297 525 5366 σιφαῆ
590 5296 976 5366 ἀπεργάζεται.
1051 5293 1366 5362 Ἑνδυομένη
1420 5291 1527 5362 γάρ
1563 5307 1677 5353 πως
1747 5289 1806 5341 τὸ
1857 5292 1920 5359 ἡ·-

353 5389 540 5442 λιακὸν
595 5387 709 5456 φῶς
755 5386 1078 5457 φαιδροτέρα
1130 5383 1474 5437 καθίσταται·
1517 5380 1608 5434 τὸν
1657 5379 1816 5433 αὑτὸν
1855 5381 1918 5452 δὴ

348 5479 552 5550 τρόπον
577 5479 670 5531 καὶ
701 5481 727 5531 6
757 5479 905 5548 ἣλιος
930 5519 942 5541 ,
983 5478 1083 5547 τῆς
1110 5478 1320 5547 ἡμέρας
1351 5475 1411 5527 τὸ
1438 5474 1552 5544 φῶς
1585 5474 1914 5543 ἐνδυόμενος,

350 5568 726 5642 λαμπρότερος
776 5571 1061 5640 τυγχάνει,
1109 5569 1207 5638 τῆς
1259 5567 1468 5639 ἡμέρας
1522 5567 1733 5637 ἐκείνης
1783 5566 1915 5637 μήτε

425 5749 466 5779 ⁸⁸
502 5745 631 5802 Cen.
672 5764 707 5812 t,
749 5747 826 5803 i6.

2022 4566 2190 4626 mine,
2217 4562 2358 4632 quod
2383 4558 2835 4616 ubiscintillando
2856 4555 3119 4626 eruperit,
3149 4561 3360 4608 tantum
3379 4555 3581 4618 lumen,

2020 4672 2130 4710 non
2157 4661 2335 4709 autem
2361 4653 2598 4708 calorem
2652 4650 2944 4722 progignit.
2996 4647 3195 4701 Eodem
3250 4649 3498 4718 exemplo
3525 4658 3578 4702 et

2019 4748 2074 4802 in
2115 4748 2239 4800 luna
2283 4746 2692 4801 demonstratur
2724 4743 2778 4798 id
2836 4743 2979 4812 quod
3035 4739 3267 4794 dicimus
3314 4741 3582 4810 ejusmodi

2019 4855 2159 4894 esse.
2192 4836 2317 4891 Haec
2353 4837 2551 4906 quippe
2595 4835 2726 4891 solis
2778 4835 2982 4889 lumine
3037 4835 3350 4889 collustrata
3387 4836 3583 4890 clarior

2021 4931 2123 4996 lit,
2157 4928 2610 5000 quemadmodum
2659 4934 2712 4982 et
2767 4927 2970 4982 lumine
3027 4926 3133 4981 diei
3184 4926 3284 4982 sol.
3315 4926 3600 4996 Aspec.us

2019 5025 2165 5080 enim
2189 5022 2330 5076 lunae
2367 5019 2562 5076 similis
2607 5026 2691 5075 est
2735 5019 2958 5073 carboni
2984 5057 2998 5080 ,
3025 5026 3084 5071 ut
3126 5016 3180 5070 in
3215 5016 3336 5085 ejus
3367 5016 3600 5077 defectu

2020 5114 2203 5169 videre
2223 5119 2306 5167 est
2341 5127 2352 5162 :
2387 5125 2512 5164 nam
2544 5110 2623 5165 sol
2645 5109 2736 5164 ubi
2767 5110 2835 5163 ab
2862 5123 2923 5164 ea
2945 5107 3220 5178 prOprium
3255 5109 3434 5164 lumen
3481 5114 3607 5168 sul)-

2019 5203 2272 5267 traxerit,
2320 5218 2438 5257 eam
2487 5202 2788 5267 obscurat;
2843 5202 2935 5254 ubi
2974 5201 3261 5256 illustrarit
3287 5210 3458 5256 totum
3505 5221 3601 5259 or-

2020 5293 2462 5364 bemimplendo,
2526 5291 2797 5347 accendit.
2861 5291 3096 5347 induens
3153 5307 3388 5364 namque
3436 5299 3605 5366 ἐμο-

2021 5385 2308 5442 dummodo
2339 5384 2473 5440 solis
2508 5383 2711 5438 lumen.
2738 5381 3077 5453 splendidior
3107 5383 3167 5438 ﬁt
3194 5402 3208 5452 ;
3235 5401 3342 5439 non
3365 5385 3471 5440 alia
3506 5403 3602 5440 ra-

2021 5482 2188 5542 tione,
2220 5486 2273 5533 et
2302 5479 2381 5530 sol
2419 5477 2599 5529 lumen
2663 5475 2770 5530 diei
2820 5477 3216 5548 circumseptus
3248 5480 3452 5533 clarior
3514 5489 3601 5536 est

2021 5582 2075 5628 ct
2105 5568 2392 5634 illustrior,
2416 5567 2506 5624 die
2555 5567 2646 5622 illa
2683 5583 2860 5639 neque
2907 5582 3118 5636 urente,
3174 5587 3349 5643 neque
3379 5571 3594 5642 calcfa-
