4080 6334
424 296 529 351 719

1290 291 1347 346 S.
1389 286 1829 346 EUSTATHIUS
1869 284 2355 343 ANTIOCHENUS
2390 287 2788 346 EPISCOPUS.

3556 294 3662 349 79.0

422 420 617 483 ciente,
648 416 743 473 sed
773 424 982 471 tantum
1034 415 1395 470 illuminante.
1456 413 1639 469 Solem
1697 422 1877 467 autem
1925 427 1991 466 ex

2105 408 2274 481 ιῠσης.
2315 411 2448 482 μήτε
2488 412 2648 466 πάλιν
2676 412 3094 486 θερμαινούσης,
3128 413 3263 470 ἀλλά
3292 417 3451 488 μόνον
3490 433 3662 487 φωτι-

421 514 546 584 igne
565 510 844 574 constitui,
878 508 1010 563 illud
1068 518 1388 579 argumento
1439 515 1524 563 est
1557 506 1704 578 quod
1736 506 1992 561 incendat

422 612 476 661 et
502 612 727 659 torreat.

490 697 573 751 Ad
600 695 934 751 diuidendum
979 694 1119 748 diem
1182 703 1231 746 et
1286 703 1508 755 noctem,
1572 692 1731 762 quasi
1765 691 1987 757 diceret,

422 790 591 847 solem
617 788 723 844 diei
765 786 1038 853 terminis,
1082 785 1268 839 lunam
1321 785 1500 840 noctis
1528 784 1779 849 inclusit;
1818 799 1993 853 neque

422 879 570 935 aliud
594 887 679 935 est
699 894 807 934 nox
837 893 999 948 quam
1034 886 1193 932 terra:
1228 875 1441 938 umbra,
1484 875 1617 930 solis
1643 874 1825 929 radios
1848 882 1992 929 terra

423 974 752 1044 interpositu
785 987 885 1028 suo
929 971 1231 1027 auferente.
1287 968 1358 1025 Ut
1381 968 1526 1024 enim
1557 969 1612 1023 in
1640 968 1827 1033 die,.si
1869 966 1994 1037 quis

421 1067 605 1121 lumen
636 1064 986 1127 intercludat,
1020 1064 1215 1118 umbra
1233 1061 1529 1118 eﬂ‘unditur
1552 1062 1845 1132 lumenque
1866 1076 1995 1117 eva-

420 1158 615 1225 nescit,
645 1156 726 1211 sic
749 1163 803 1209 et
825 1170 931 1209 nox
961 1170 1087 1209 aere
1118 1156 1266 1208 circa
1299 1160 1499 1208 terram
1525 1152 1767 1208 tenebris
1823 1152 1988 1206 obvo-

423 1252 560 1313 luto,
595 1247 972 1311 constituitur,
1028 1254 1082 1300 et
1115 1246 1196 1300 sol
1249 1244 1395 1315 quod
1420 1260 1451 1299 a
1500 1245 1677 1315 primo
1710 1260 1822 1300 suae
1840 1258 1996 1299 crea-

424 1343 593 1400 tionis
612 1341 837 1397 exordio
863 1341 1045 1395 lumen
1076 1355 1106 1393 a
1156 1339 1417 1394 Creatore
1443 1338 1675 1408 accepit,
1713 1336 1766 1391 in
1795 1343 1996 1392 semet-

422 1437 544 1507 ipso
574 1435 836 1491 continuo
868 1440 1159 1488 conservat
1184 1430 1449 1495 abditum,
1485 1428 1631 1500 quod
1661 1429 1803 1484 luna:
1826 1428 1995 1484 dene-

425 1535 610 1599 gntum
640 1536 742 1591 est,
774 1541 893 1596 qua:
918 1525 1048 1580 illud
1069 1539 1210 1594 saepe
1232 1518 1531 1579 crescendo
1551 1528 1606 1575 et
1629 1518 1996 1576 decrescendo

426 1622 645 1677 amittit.

501 1713 568 1769 Et
600 1714 707 1768 sint
736 1713 791 1767 in
828 1712 980 1782 signa
1029 1719 1077 1764 et
1109 1712 1165 1763 in
1212 1718 1463 1778 tempora,
1518 1718 1566 1763 et
1597 1709 1651 1762 in
1696 1706 1833 1770 dies,
1864 1713 1913 1759 et
1942 1704 1995 1758 in

2091 502 2306 573 ζούσης.
2341 506 2460 558 Ὅτι
2491 504 2547 559 δέ
2585 508 2647 559 ἐκ
2681 506 2851 577 πυρὸς
2877 505 3200 579 συνέστηκεν
3226 512 3255 563 ό
3293 509 3466 580 ἥλιος,
3505 508 3663 580 δῆλον

2090 597 2154 648 ἐκ
2176 595 2270 649 τοῦ
2306 596 2532 670 πυροῦν,
2570 599 2663 652 καὶ
2686 597 2924 667 φλέγειν.

2168 690 2279 743 Τοῦ
2334 689 2698 760 διαχωρίζέιν
2744 692 3055 761 ἀναμέσον
3109 691 3220 762 τῆς
3272 692 3496 763 ἡμέρας
3563 692 3667 747 καὶ

2090 781 2396 849 ἀναμέσων
2427 781 2536 850 τῆς
2562 785 2802 850 νυκτός.
2831 781 2954 837 Οἶον
3000 784 3090 839 τὸν
3131 786 3281 856 ἥλιον
3313 787 3411 857 τῆς
3447 785 3667 858 ἡμέρας

2091 873 2201 934 τοῖς
2234 871 2454 943 μέτροις
2502 872 2691 938 ἔταξε,
2744 875 2838 927 καὶ
2885 874 2983 946 τὴν
3031 875 3258 947 σελήνην
3306 876 3405 947 τῆς
3446 876 3664 939 νυκτός.

2096 965 2250 1017 Ἐστι
2279 965 2335 1017 δὲ
2368 967 2400 1034 ή
2449 963 2545 1030 νὺξ
2579 967 2816 1037 σκίασμα
2861 968 2959 1038 τῆς
2990 968 3120 1039 γῆς,
3179 970 3664 1041 ἀποκρυπτομένου

2092 1054 2184 1108 τοῦ
2230 1055 2400 1125 ἡλίου.
2442 1056 2527 1120 Ὠς
2564 1058 2672 1129 γὰρ
2713 1059 2771 1111 ἐν
2826 1060 2893 1129 τῇ
2939 1059 3156 1131 ἡμέρᾳ,
3207 1060 3668 1132 ἀντιφράσσοντός

2093 1164 2256 1212 τινος,
2287 1146 2413 1202 σκιὰ
2438 1150 2664 1216 γίνεται,
2684 1149 2778 1204 καὶ
2802 1150 2864 1203 τὸ
2888 1150 3003 1219 φῶς
3027 1152 3428 1221 παρυφίσταται
3447 1169 3460 1182 ·
3489 1152 3669 1216 οὕτως

2094 1240 2128 1311 ή
2167 1239 2283 1307 νὺξ,
2326 1241 2679 1313 σκιαζομένου
2716 1242 2809 1296 τοῦ
2838 1242 3001 1314 ἀέρος
3035 1243 3128 1296 τοῦ
3179 1244 3308 1317 περὶ
3352 1246 3455 1317 γῆν
3478 1286 3493 1311 ,
3538 1263 3665 1299 συν-

2098 1332 2324 1389 ίσταται.
2354 1336 2464 1389 Καὶ
2494 1338 2523 1389 ό
2554 1336 2652 1407 μὲν
2678 1337 2847 1407 ἦλιος,
2879 1338 3050 1411 ὅσπερ
3082 1337 3142 1404 ἐξ
3163 1339 3335 1411 ἀρχῆς
3362 1340 3479 1409 φῶς
3512 1342 3669 1413 παρὰ

2095 1424 2189 1477 τοῦ
2223 1424 2445 1498 ποιητοῦ
2474 1426 2681 1498 εἴληφε,
2701 1427 2857 1482 τοῦτο
2886 1428 2998 1501 ἔχει
3017 1429 3104 1485 διὰ
3133 1431 3331 1495 παντὸς
3352 1434 3668 1505 ἐγκεκρυμ-

2100 1518 2259 1588 μένον
2284 1521 2343 1574 ὲν
2385 1520 2563 1591 ἐαυτῷ
2583 1539 2596 1551 ·
2627 1523 2661 1592 ή
2700 1521 2758 1576 δὲ
2789 1521 2983 1595 σελήνη
3006 1524 3105 1593 οὐχ
3136 1523 3327 1590 οὕτως,
3362 1524 3498 1579 ἀλλὰ
3543 1542 3671 1579 συν-

2097 1609 2236 1681 εχῶς
2258 1611 2569 1677 ἀποδύεται,
2598 1611 2853 1678 αῦξουσα,
2886 1615 2981 1668 καὶ⁵
3012 1616 3327 1687 μειουμένη.

2172 1705 2494 1759 Ἔστωσαν
2518 1704 2587 1758 δὲ
2621 1708 2711 1772 εις
2751 1706 2984 1777 σημεῖα,
3024 1707 3124 1761 καὶ
3154 1711 3242 1774 εἰς
3267 1706 3530 1776 καιροὺς,
3569 1709 3670 1761 καὶ

429 1824 594 1863 annos
626 1809 692 1862 “.
720 1804 1003 1875 Temporis
1049 1803 1130 1858 sol
1161 1810 1215 1857 et
1251 1802 1377 1855 luna
1403 1801 1558 1871 origo
1585 1807 1735 1854 sunt.
1786 1796 1997 1852 Etenim

2105 1798 2191 1863 εις
2214 1797 2459 1867 ἡμέρας,
2490 1799 2588 1853 καὶ
2617 1800 2706 1866 είς
2732 1774 3061 1866 ἐνιαυτούς.
3094 1800 3298 1872 Χρόνον
3325 1774 3380 1854 δέ
3399 1800 3550 1871 ἥλιος
3576 1801 3675 1854 καὶ

429 1903 559 1957 dum
612 1915 811 1955 cursus
854 1898 1105 1951 ordinate
1161 1895 1428 1956 feruntur,
1469 1900 1649 1949 certos
1695 1902 1997 1961 temporum

428 1992 609 2046 exitus
659 1988 917 2049 eﬂiciunt.
954 1995 1290 2055 vocaturque
1331 1993 1549 2054 tempus
1576 1980 1795 2052 quando
1832 1979 2000 2034 veluti

428 2084 663 2156 quodam
718 2083 774 2137 in
825 2081 1033 2136 circulo
1092 2078 1317 2132 alternis
1384 2077 1629 2146 beneque
1685 2072 2001 2128 constitutis

429 2177 877 2234 successionibus
909 2172 1142 2227 volvitur
1194 2171 1430 2241 primum
1485 2168 1552 2223 ad
1601 2157 1922 2231 secundum,
1947 2170 2001 2221 et

429 2270 650 2324 tertium
675 2267 740 2321 ad
763 2265 815 2320 id
844 2252 995 2334 quod»
1014 2261 1283 2332 sequitur.

498 2359 658 2423 Illud,
689 2360 795 2413 sint
824 2358 876 2410 in
903 2356 1055 2424 signa
1078 2395 1092 2419 ,
1119 2352 1375 2424 quoniam
1403 2350 1680 2404 ineuntem
1709 2354 2003 2418 tempesta-

431 2460 541 2507 tem
568 2465 783 2519 semper
817 2446 1162 2518 signiﬁcant;
1207 2444 1380 2513 caligo
1429 2456 1665 2511 namque
1687 2439 1801 2494 aeri
1828 2437 2002 2493 olIusa

432 2543 565 2599 solis
595 2539 774 2595 radios
790 2536 1227 2594 circnmcludens
1256 2534 1436 2589 minus
1468 2532 1689 2587 luminis
1719 2530 1999 2602 relinquit,

430 2635 596 2692 veluti
631 2633 725 2704 qui
754 2630 1087 2687 carbonibus
1140 2628 1338 2685 similis
1390 2642 1585 2682 cruore
1623 2624 1880 2697 perfusus
1909 2641 2003 2679 ru-

433 2725 629 2788 bescit,
668 2736 793 2778 cum
834 2736 1013 2776 aerem
1070 2718 1365 2788 vaporibus
1398 2726 1557 2773 terra:
1606 2716 2003 2773 condensatnm

431 2816 706 2873 discutere
757 2814 1164 2881 dissolvereque
1213 2818 1464 2881 nequeat.
1518 2810 1645 2865 lude
1705 2815 2002 2880 tempestas

438 2909 748 2966 ostenditur
777 2907 993 2971 futura;
1022 2911 1077 2959 et
1130 2919 1254 2959 cum
1288 2918 1426 2974 quas
1455 2903 1646 2958 dicunt
1673 2918 1825 2957 areas
1853 2902 2004 2969 (sunt

432 3017 563 3060 vero
616 3001 1155 3071 circumscriptiones
1188 2997 1433 3068 quaedam
1490 2994 1725 3051 rotundo
1771 2993 1999 3061 ambitu,

434 3097 579 3153 areis
612 3096 840 3155 similes.
874 3102 928 3149 et
954 3109 1019 3149 ex
1047 3093 1152 3147 hoc
1181 3106 1378 3147 nomen
1409 3089 1618 3160 adeptae
1651 3087 1799 3157 sunt)
1832 3086 2000 3142 solem

434 3190 723 3251 cinxerint,
761 3196 953 3243 ventos
980 3186 1137 3241 nobis
1159 3186 1393 3239 innuunt
1423 3199 1596 3239 saevos
1627 3197 1691 3236 ac
1715 3180 2004 3236 vehemen-

434 3290 551 3351 tes;
584 3296 684 3338 nec
717 3296 828 3336 non
855 3287 908 3334 et
933 3279 1159 3333 anthelii
1190 3277 1388 3342 vocati,
1448 3276 1491 3330 si
1538 3289 1705 3329 cursu
1733 3274 1867 3329 solis
1896 3286 2005 3326 una

436 3376 700 3436 ferantur,
727 3388 905 3428 aerem
924 3372 1083 3425 nobis
1132 3371 1373 3425 futurum
1432 3368 1735 3422 maleﬁcum
1758 3380 2006 3436 pronun-

435 3468 611 3533 tiant;
640 3473 696 3521 et
744 3479 939 3519 rursus
969 3463 1013 3516 si
1040 3463 1206 3531 virga:
1234 3461 1416 3516 colore
1474 3458 1636 3514 Iridis
1669 3457 1817 3512 circa
1845 3471 2008 3513 auro-

438 3574 554 3614 ram
589 3558 733 3613 inter
764 3558 936 3611 nubes
966 3540 1277 3625 conSpicua:
1312 3545 1630 3618 cernantur,
1668 3550 1753 3607 vel
1783 3550 2004 3615 imbres,

437 3653 521 3707 vel
551 3648 1020 3719 tempestates,vel
1054 3655 1112 3700 ut
1138 3648 1432 3717 plurimum
1455 3645 1596 3701 aeris
1648 3643 2007 3700 mutationem

440 3744 797 3813 pmsignant.

510 3831 663 3886 Luna
696 3830 743 3885 si
777 3830 939 3885 tertio
982 3828 1070 3883 die
1107 3830 1290 3885 tenuis
1343 3830 1603 3885 cornibus
1632 3843 1878 3900 puroque
1918 3828 2007 3883 ni-

442 3935 562 3982 tore
601 3924 836 3989 fulserit,
901 3924 1151 3978 stabilem
1210 3940 1276 3978 ac
1318 3927 1526 3979 lirmam
1561 3924 2010 3995 tranquillitatem

445 4014 747 4087 promittit;
788 4014 872 4070 sin
914 4028 1042 4067 vero
1090 4028 1295 4067 cornua
1347 4013 1624 4067 crassiora
1678 4009 2013 4080 subrufaque

444 4112 564 4166 visa
602 4107 821 4171 fuerint,
856 4121 1121 4177 aquarum
1155 4104 1499 4175 repentinum
1530 4105 1786 4175 impetum
1834 4104 2014 4160 horri-

446 4202 682 4271 damque
744 4206 1120 4269 tempestatem
1177 4195 1472 4267 portendit.
1524 4196 1772 4267 Suntque
1816 4196 2015 4251 instru-

447 4300 630 4350 menta
684 4299 988 4362 temporum
1040 4291 1123 4346 sol
1172 4298 1227 4345 et
1270 4291 1438 4355 luna;
1490 4298 1727 4359 tempus,
1778 4288 2012 4354 dierum,

447 4385 741 4448 mensium,
791 4386 1092 4450 annorum;
1139 4382 1342 4445 sidera,
1399 4381 1690 4448 mensium,
1723 4382 2013 4447 seminum,

447 4479 728 4535 messium.

524 4567 883 4639 Vergiliarum
919 4578 1191 4631 exortum,
1227 4566 1425 4622 messis
1452 4566 1848 4638 vindemiaque
1876 4574 2017 4621 tem-

452 4675 557 4731 pus
582 4674 781 4714 occasu
806 4658 1347 4715 seminisdenuntiari
1383 4656 1609 4713 scimus.
1630 4656 2020 4727 Navigantibus

451 4749 768 4807 Plaustrum
791 4748 943 4805 sidus
971 4750 1114 4804 viam
1146 4749 1335 4819 aperit.
1366 4746 1539 4804 Locos
1564 4748 1709 4804 enim
1752 4748 1931 4804 sidera
1948 4751 2022 4803 si-

451 4845 713 4917 gniﬁcant
741 4850 798 4900 et
810 4843 1127 4900 ostendunt.
1148 4842 1282 4896 Ursa
1307 4841 1450 4895 enim
1468 4840 1887 4911 septentrionem
1916 4841 2026 4909 pla-

451 4953 574 5009 gam
601 4937 865 4992 insinuat.
882 4933 1242 5004 Vergiliarum
1266 4948 1390 5001 pars
1405 4933 1714 4986 acuminata
1744 4931 1809 4985 ad
1833 4931 2026 4986 Orien-

453 5040 561 5085 tem
587 5034 864 5100 spectans,
889 5026 993 5081 hoc
1021 5026 1161 5080 idem
1184 5024 1451 5080 enuntiat.
1480 5022 1657 5093 Ipsius
1690 5025 1816 5078 item
1846 5021 2028 5083 ,Ursze

456 5120 606 5177 ﬂexae
636 5134 831 5184 cornu,
861 5129 916 5174 et
941 5120 1082 5173 lunae
1105 5133 1233 5188 pars
1261 5132 1382 5187 quae
1402 5116 1727 5180 illustratur,
1751 5114 2027 5172 Orientem

460 5222 777 5284 praemonet.
800 5212 1109 5282 Antequam
1136 5226 1263 5265 vero
1280 5210 1394 5264 haec
1425 5209 1637 5273 tierent,
1664 5218 1879 5279 tempus
1918 5224 2029 5263 non

462 5313 598 5370 erat,
634 5305 730 5359 sed
758 5304 993 5375 spatium
1024 5312 1265 5371 aetasque
1308 5300 1537 5355 nimium
1568 5315 1630 5355 ea
1665 5302 1823 5371 longa
1857 5307 2029 5354 extra-

464 5410 568 5465 que
592 5411 755 5453 omne
783 5405 1018 5466 tempus.
1054 5392 1119 5448 Et
1144 5394 1247 5450 hoc
1273 5392 1342 5448 de
1371 5393 1544 5464 signis
1573 5394 1780 5449 dictum
1815 5394 1909 5450 sit.

535 5574 803 5647 Tempora
858 5592 1019 5647 porro
1080 5577 1358 5638 horarum,
1393 5574 1507 5629 sive
1556 5574 1818 5644 temporis
1862 5574 2034 5645 ipsius

541 5759 585 5791 ¹⁹
615 5756 741 5811 Gen.
779 5775 816 5820 ι,
850 5760 933 5810 Η.

2105 1889 2301 1961 σελήνη
2337 1892 2502 1962 γεννᾷ
2534 1890 2740 1948 τοῦτον.
2775 1892 3094 1964 Ἐλκόμεναι
3126 1893 3451 1965 συμμέτρως
3474 1892 3584 1964 γὰρ
3614 1895 3674 1947 at

2101 1984 2265 2056 φοραὶ
2295 1986 2633 2056 τεταγμένας
2663 1985 2771 2040 τῶν
2810 1987 3014 2058 καιρῶν
3041 1986 3140 2051 τὰς
3179 1986 3388 2052 ἐξόδους
3414 1988 3671 2056 γεννῶσι.

2101 2075 2301 2146 Χρόνος
2331 2074 2388 2127 δὲ
2421 2075 2695 2139 καλεῖται,
2736 2076 2921 2147 ἐπειδὴ
2955 2076 3145 2148 ὥσπερ
3181 2078 3272 2131 ἐπί
3316 2095 3436 2132 τινα
3470 2077 3676 2130 κύκλον

2101 2166 2419 2237 ἐπαλλήλοις
2441 2167 2661 2220 εἱλεῖται
2689 2167 2970 2231 εὐτάκτοις
2987 2168 3277 2239 διαδοχαῖς,
3300 2168 3514 2241 πρῶτος
3535 2169 3678 2241 πρὸς

2100 2258 2367 2329 δεύτερον,
2396 2260 2491 2314 καὶ
2523 2259 2703 2332 τρίτος
2739 2260 2874 2335 πρὸς
2905 2260 2995 2314 τὸν
3028 2261 3194 2332 ὲξῆς.-
3256 2330 3265 2335 _

2172 2350 2246 2404 Τὸ
2277 2350 2362 2417 δὲ,
2389 2351 2670 2405 ἔστωσαν
2698 2355 2787 2418 εὶς
2831 2352 3068 2422 σημεῖα,
3103 2352 3289 2425 ἐπειδὴ
3326 2353 3427 2425 τήν
3466 2371 3678 2426 παρου-

2105 2442 2223 2496 σίαν
2244 2442 2338 2496 τοῦ
2384 2443 2651 2514 χειμῶνος
2677 2444 2763 2497 ἀεὶ
2800 2445 3291 2516 προσημαίνουσινο
3328 2445 3493 2516 ἀχλὺς
3540 2448 3675 2519 γὰρ,

2102 2534 2178 2606 τῷ
2204 2535 2327 2608 ἀέρι
2353 2537 2705 2609 ἐγγενομένη,
2735 2537 2828 2591 τοῦ
2862 2538 3011 2609 ήλίου
3045 2537 3144 2603 τὰς
3164 2540 3386 2604 ἀκτῖνας
3412 2541 3676 2613 ἀμαυροῖ,

2104 2628 2197 2681 καὶ
2249 2627 2496 2699 φαίνεται
2545 2630 2897 2702 ἀνθρακώδης
2945 2632 3038 2685 καὶ
3093 2631 3366 2704 ὕφαιμος,
3404 2634 3477 2705 μὴ
3518 2632 3680 2687 δυνά-

2107 2736 2265 2790 μενος
2285 2720 2376 2774 τὸν
2404 2721 2540 2792 ἀέρα
2578 2722 2643 2775 ἐκ
2664 2722 2770 2776 τῶν
2798 2723 2986 2795 ἀτμῶν
3007 2723 3107 2795 τῆς
3125 2725 3230 2794 γῆς
3251 2725 3680 2796 πεπυκνωμένον

2103 2811 2342 2885 διαχέαι·
2400 2816 2510 2868 κάκ
2554 2814 2744 2868 τούτου
2793 2820 3015 2888 σημεῖον
3057 2817 3322 2888 χειμῶνος
3374 2816 3674 2870 δείκνυται.

2106 2904 2347 2958 Ὅτανδέ
2379 2908 2435 2959 ai
2464 2905 2747 2978 λεγόμεναι
2778 2907 2903 2971 ἅλῳ
2937 2908 3282 2980 (στρογγύλαι
3309 2909 3367 2963 δὲ
3402 2911 3505 2963 εἰσί
3525 2927 3679 2974 τινες

2106 2996 2439 3067 περιγραφαὶ
2467 2996 2649 3067 ὅμοιαι
2686 2997 2831 3068 ἆλῳ,
2865 2998 2928 3050 ἐκ
2973 2998 3160 3051 τούτου
3195 2999 3303 3071 γὰρ
3335 2999 3506 3064 οὕτως
3547 3002 3680 3054 ἐπο-

2030 3121 2073 3179 C
2107 3087 2471 3160 νομάζονται)
2518 3088 2609 3143 τὸν
2640 3089 2790 3160 ἣλιον
2841 3090 3279 3162 περιστοιχίσωσι
3302 3133 3318 3157 ,
3378 3093 3680 3166 σφοδρότης

2105 3181 2213 3235 τῶν
2244 3180 2460 3253 ἀνέμων
2494 3182 2812 3253 σημαίνεται
2832 3200 2847 3214 ο
2900 3184 3037 3237 ἐπὰν
3060 3184 3116 3237 δὲ
3148 3184 3242 3238 καλ⁵
3272 3185 3322 3237 οἱ
3352 3184 3677 3258 καλούμενοι

2107 3272 2347 3344 ἀνθήλιοι
2394 3274 2461 3344 τῇ
2492 3273 2586 3327 τοῦ
2630 3275 2781 3345 ήλίου
2814 3276 2955 3348 φορᾷ
3002 3277 3363 3348 συντρέχωσι,
3416 3294 3681 3348 συμπτω-

2111 3367 2295 3437 μάτων
2351 3367 2552 3439 ἀερίων
2579 3357 2582 3360 ’
2608 3372 2830 3440 σημεῖον
2876 3370 3109 3440 γίνεται’
3162 3372 3254 3426 καὶ
3305 3371 3463 3426 πάλιν
3512 3373 3684 3442 ἡνίκα

2111 3460 2322 3532 ῥάϐδοις
2344 3462 2573 3518 ἐοικυῖα.θ
2593 3462 2732 3516 κατὰ
2747 3461 2845 3535 τήν
2865 3463 3026 3536 χρόαν
3048 3464 3145 3534 τῆς
3165 3465 3358 3539 Ἴριδος
3380 3467 3460 3529 εἰς
3484 3465 3684 3538 ὄρθρον

2106 3555 2220 3617 τοῖς
2251 3553 2470 3624 νέφεσιν
2503 3553 2895 3625 ἐμφαινόμεναι
2922 3554 3224 3626 δειχθῶσιν,
3254 3556 3472 3628 ὄμϐροι,
3503 3556 3535 3627 ἢ
3570 3575 3685 3628 χει-

2112 3644 2319 3715 μῶνες,
2354 3645 2390 3718 ἢ
2444 3646 2711 3718 μεταϐολὴ
2759 3646 3034 3701 ἐπιπλετον
3082 3646 3176 3702 τοῦ
3209 3649 3368 3719 ἀέρος
3417 3651 3685 3721 σημαίνε-

2108 3754 2218 3793 ται.

2191 3827 2255 3882 Ἦ
2286 3828 2342 3882 δὲ
2375 3829 2605 3901 σελήνη,
2639 3829 2856 3885 ἐπειδὰν
2904 3831 2961 3886 ἐν
2989 3833 3057 3904 τῇ
3097 3831 3250 3905 τρίτῃ
3278 3832 3464 3905 ἡμέρᾳ
3508 3829 3684 3905 λεπτὴ

2110 3923 2205 3977 καὶ
2226 3922 2441 3995 καθαρὰ
2466 3926 2585 3987 ταῖς
2605 3923 2853 3995 κεραίαις
2870 3924 3185 3998 ἀποδειχθῇ,
3205 3926 3472 3998 σταθερὰν
3499 3924 3683 3980 εὐδίαν

2111 4014 2606 4085 κατεπαγγέλλεται
2627 4032 2641 4046 ⁸
2672 4017 2873 4087 παχεῖα
2892 4016 2949 4070 δὲ
2978 4018 3099 4082 ταῖς
3124 4018 3392 4090 κεραίαις,
3422 4019 3515 4072 καὶ
3545 4015 3682 4071 ὑπέ-

2115 4108 2310 4181 ρυθρος
2344 4111 2590 4176 φανεῖσα,
2620 4107 2762 4181 ὕδωρ
2793 4108 3047 4181 λάϐρονῆ
3076 4109 3227 4163 νότον
3256 4108 3425 4181 βίαιον
3452 4110 3685 4180 εὐαγγε-

2113 4196 2337 4263 λίζεται.
2364 4200 2607 4271 Ὄργανα
2648 4195 2741 4254 οὖν
2768 4202 2973 4274 χρόνων
3002 4203 3151 4273 ἥλιος
3196 4203 3289 4257 καὶ
3328 4201 3523 4275 σελήνη
3549 4203 3681 4257 καθ-

2119 4291 2359 4344 ίσταταιο
2396 4292 2585 4364 χρόνος
2629 4292 2686 4346 δὲ
2719 4294 2968 4366 ἡμερῶν,
3007 4294 3221 4367 μηνῶν,
3270 4296 3363 4349 καὶ
3387 4296 3680 4349 ἐνιαυτῶν·

2116 4380 2186 4434 τὰ
2213 4381 2268 4434 δὲ
2309 4382 2503 4453 ἄστρα,
2542 4384 2636 4437 καὶ
2694 4385 2912 4456 μηνῶν,
2954 4387 3047 4439 καὶ
3090 4387 3339 4457 σπόρων,
3389 4387 3483 4439 καὶ
3534 4386 3678 4458 ἀμηε

2043 4475 2096 4535 D
2120 4474 2247 4527 τῶν.

2194 4570 2302 4622 Καὶ
2320 4567 2671 4639 αίΠλειόιδες,
2701 4566 3084 4621 ἀνατέλλουσαι
3112 4567 3211 4639 μὲν
3236 4568 3445 4639 ἀμητοῦ
3474 4568 3686 4639 καιρὸν,

2120 4660 2371 4714 δύνουσαι
2413 4659 2469 4712 δὲ
2513 4660 2735 4731 σπόρου,
2764 4658 3084 4713 δεικνύουσι.
3120 4659 3227 4712 Καὶ
3262 4663 3373 4723 τοῖς
3412 4659 3683 4713 ναυτιλλο-

2126 4754 2306 4824 μένοις
2354 4752 2491 4824 μετά
2538 4752 2639 4822 τῆς
2679 4751 2920 4823 Ἀμάξης
2970 4755 3191 4822 σημεῖον
3236 4750 3475 4820 γίνεται·
3511 4751 3695 4805 τόπων

2122 4844 2231 4916 γὰρ
2262 4846 2462 4915 σημεῖα
2494 4844 2588 4897 καὶ
2613 4843 2893 4914 δεικτηρια
2912 4841 2978 4895 τὰ
3002 4844 3176 4914 ἄστρα
3202 4843 3428 4911 γίνεται.
3456 4844 3697 4913 ’Ἄρκτος

2129 4939 2225 5009 μὲν
2273 4936 2382 5008 γὰρ
2430 4937 2629 5009 ἄρκτον
2678 4936 2948 4989 δείκνυσι·
3002 4936 3100 5005 τῆς
3148 4934 3205 4987 δὲ
3255 4934 3511 4997 Πλειάδος
3558 4933 3697 5003 πρὸς

2127 5030 2385 5102 ἀνατολὴν
2414 5029 2625 5101 βλέπων
2644 5029 2705 5081 τὸ
2728 5026 2821 5092 ὀξὺ
2845 5029 2945 5101 τὴν
2973 5027 3171 5098 ἄρκτον
3198 5027 3465 5081 δείκνυσιν
3484 5043 3497 5056 ·
3523 5026 3698 5095 αὐτῆς

2127 5127 2183 5180 δέ
2213 5126 2312 5197 τῆς
2342 5124 2543 5196 ἄρκτου
2582 5120 2950 5195 στρεφομένης
2991 5119 3050 5173 τὸ
3098 5118 3266 5187 κέρας
3295 5118 3393 5190 τὴν
3432 5115 3697 5185 ἀνατολήν

2127 5212 2384 5279 δείκνυσι,
2421 5211 2637 5283 καὶτῆς
2665 5209 2889 5281 σελήνης
2927 5208 2987 5262 τὸ
3022 5207 3367 5278 λαμπόμενον
3406 5205 3570 5277 μέρος
3597 5204 3697 5274 τὴν

2130 5303 2394 5376 ἀνατολὴν
2440 5302 2712 5375 σημαίνει.
2744 5301 2859 5372 Πρὸ
2903 5300 2960 5354 δὲ
3001 5299 3205 5353 τούτων
3236 5298 3426 5371 χρόνος
3468 5297 3569 5350 οὐκ
3603 5291 3696 5367 ἦν,

2094 5396 2106 5405 “
2130 5396 2263 5451 ἀλλά
2308 5396 2580 5470 διάστημα
2602 5437 2617 5462 ,
2651 5398 2746 5451 καὶ
2790 5394 2923 5448 αίὼν
2959 5394 3165 5467 μακρός
3195 5411 3278 5457 τις
3321 5392 3418 5447 καὶ
3448 5390 3696 5463 ἀχρονος.

2134 5489 2360 5562 Εἴρηται
2391 5485 2484 5544 οὖν
2515 5490 2643 5562 περὶ
2667 5488 2775 5542 τῶν
2802 5488 3061 5560 σημείων.

2202 5583 2441 5655 Καιροὺς
2477 5583 2533 5638 δὲ
2583 5581 2759 5649 λέγειν
2798 5580 3074 5652 ἡγούμεθα
3115 5579 3214 5643 τάς
3253 5575 3548 5647 ἐναλλαγάς
3594 5572 3706 5629 τῶν
