4080 6334
405 314 497 373 721

1319 322 1591 384 SPURIA.
1626 359 1695 370 —
1724 328 2081 389 COMMENT.
2121 330 2189 386 ῐΝ
2228 329 2723 402 ΗΕΧᾹΕΜΕΒΟΝ.

3535 340 3638 396 722

394 431 589 526 ὡρῶν,
622 431 922 526 χειμῶνος,
979 432 1167 506 ἔαρος,
1215 435 1434 507 θέρους,
1474 440 1808 513 μετοπώρου.
1856 445 1968 498 Καὶ

2077 451 2418 515 mutationes,
2446 465 2511 505 ac
2538 452 2708 515 vices,
2740 450 2937 508 hiemis
2952 451 3183 521 scilicet,
3218 456 3380 521 veris,
3412 460 3637 526 aestatis,

397 522 601 595 χειμὼν
655 524 751 594 μὲν
785 525 992 593 γίνεται
1045 530 1155 592 τοῖς
1207 528 1399 594 νοτίοις
1440 533 1627 603 μέρεσι
1672 535 1765 588 τοῦ
1818 536 1967 609 ἡλίου

398 614 940 688 προσδιατρίϐοντος,
986 619 1079 671 καὶ
1124 619 1255 673 πολὺ
1285 621 1344 673 τὸ
1388 624 1695 694 νυκτερινὸν
1729 627 1970 698 σκίασμα

398 708 524 780 περὶ
555 706 648 761 τὸν
685 707 806 761 καθ’
841 710 872 779 ἡ
883 711 989 779 μᾶς
1022 711 1183 765 τόπον
1227 712 1643 780 ἀποτελοῦντος,
1686 717 1760 782 ὡς
1803 736 1971 773 κατα-

396 798 662 871 ψύχεσθαι
698 800 794 870 μὲν
828 801 918 854 τὸν
949 804 1075 874 περί¹
1108 806 1203 875 τὴν
1231 805 1336 875 γῆν
1369 806 1528 877 ἀέρα,
1553 810 1647 862 καὶ
1676 809 1773 875 τὰς
1798 811 1969 885 ὑγρὰς

398 891 787 963 ἀναθυμιάσεις
827 894 1219 965 συνισταμένας
1257 897 1511 969 ὄμϐρων,
1559 900 1653 953 καὶ
1704 903 1928 973 κρυμῶν
1953 943 1967 967 ,

399 984 493 1037 καὶ
538 984 774 1053 νιφάδων
818 986 994 1049 αίτίας
1038 987 1317 1055 γίνεσθαι·
1368 989 1587 1044 ἐπειδὰν
1628 991 1686 1045 δὲ
1736 992 1971 1048 ἐπανιὼν

364 1130 365 1133 η
402 1077 562 1131 πάλιν
595 1076 703 1130 ἀπὸ
734 1076 841 1130 τῶν
878 1079 1261 1151 μεσημϐρινῶν
1287 1081 1498 1153 χωρίων
1529 1084 1620 1137 ἐπὶ
1662 1083 1753 1138 τοῦ
1805 1086 1970 1157 μέσου

401 1167 648 1240 γένηται,
700 1168 956 1241 ίσημερία
999 1169 1239 1239 γίνεται,
1294 1172 1389 1226 καὶ
1445 1174 1555 1245 ὅσῳ
1581 1177 1693 1238 τοῖς
1737 1176 1830 1229 ἐπὶ
1871 1177 1973 1248 γῆς

402 1261 726 1334 ἐνδιατρίϐει
776 1261 992 1327 τόποις,
1041 1263 1278 1335 τοσούτῳ
1322 1264 1463 1318 κατὰ
1502 1265 1664 1337 μέρος
1709 1267 1972 1337 ἐπανάγει

401 1354 501 1427 τὴν
538 1354 863 1427 εὐκρασίαν,
916 1354 1012 1409 καὶ
1051 1355 1259 1423 γίνεται
1301 1355 1440 1429 ἔαρ,
1483 1360 1596 1421 τοῖς
1650 1358 1749 1430 μὲν
1789 1362 1974 1429 φυτοῖς

401 1445 658 1518 παρέχων
687 1445 995 1519 βλάστησιν,
1023 1449 1138 1511 τοῖς
1172 1447 1229 1501 δὲ
1267 1448 1501 1522 δένδροις
1532 1449 1629 1522 τὴν
1657 1450 1970 1507 ἀναϐίωσιν.

413 1537 653 1592 Ἐκεῖθεν
676 1538 732 1592 δέ
760 1538 860 1611 ἡδη
894 1538 1030 1611 πρὸς
1060 1538 1161 1604 τὰς
1186 1538 1401 1613 θερινὰς
1431 1540 1641 1614 τροπὰς
1674 1543 1759 1597 ἐπ’
1804 1543 1975 1617 αὑτὴν

399 1628 499 1701 τὴν
548 1630 783 1702 Ἀρκτον
808 1630 1020 1703 τρέχων
1051 1633 1080 1684 ὁ
1137 1631 1286 1703 ἡλιος
1334 1630 1433 1697 τὰς
1482 1633 1719 1705 μεγάλας
1763 1635 1975 1707 ἡμέρας

2070 544 2339 619 autumni,
2374 543 2755 614 intelligendas
2782 559 2907 600 esse
2950 560 3258 604 censemus.
3289 547 3475 606 Hiems
3507 558 3639 606 tunc

2070 634 2252 699 irruit,
2279 651 2402 691 cum
2434 636 2517 691 sol
2539 637 2593 690 in
2628 636 2876 706 partibus
2902 640 3234 700 australibus
3249 654 3636 709 commoratur,

2070 729 2355 798 noctisque
2378 729 2626 784 umbram
2665 731 2808 800 apud
2848 748 2949 788 nos
3007 734 3142 790 satis
3185 734 3277 791 diu
3312 738 3638 807 productam

2070 820 2371 890 longiorem
2391 822 2615 876 omnino
2648 822 2797 887 facit,
2830 824 2904 878 ita
2937 834 2996 879 ut
3021 842 3112 881 aer
3137 829 3286 884 circa
3306 837 3511 885 terram
3541 830 3639 886 fri-

2070 920 2274 981 gescat,
2304 928 2638 984 vaporesque
2664 914 2871 970 humidi
2904 919 3144 982 excitati,
3178 921 3415 992 pluvias,
3439 924 3639 994 glacies

2072 1002 2333 1073 nivesque
2384 1005 2706 1074 producant.
2759 1005 2865 1062 Sed
2908 1008 2999 1064 ubi
3037 1026 3255 1067 rursum
3281 1028 3312 1068 a
3339 1014 3640 1071 meridiana

2072 1094 2228 1163 plaga
2259 1094 2603 1165 remigrando
2639 1097 2874 1153 medium
2918 1101 3040 1155 ειειὶ
3072 1112 3350 1171 permeat,
3396 1107 3641 1176 aequino-

2072 1184 2239 1238 ctium
2264 1183 2340 1247 ﬁt,
2367 1183 2691 1256 frigorisque
2729 1195 2786 1242 et
2820 1188 3021 1244 caloris
3067 1192 3286 1246 modum
3336 1199 3642 1265 temperant

2072 1274 2273 1330 modici
2300 1276 2446 1333 illius
2472 1292 2729 1335 accessus
2752 1280 2837 1334 vel
2894 1295 3183 1348 recessus;
3224 1281 3352 1337 hinc
3392 1299 3487 1338 ver
3517 1299 3641 1343 esse

2072 1370 2288 1443 incipit,
2338 1388 2447 1443 quo
2499 1372 2678 1428 herba:
2725 1374 3033 1444 germinant
3071 1375 3407 1446 arboresque
3437 1378 3640 1433 revivi-

2073 1470 2256 1519 Scunt.
2298 1461 2428 1519 Inde
2453 1462 2562 1532 jam
2603 1464 2809 1519 aestivis
2841 1465 3180 1535 temporibus
3222 1465 3535 1523 ineuntibus
3572 1468 3639 1523 ad

2073 1556 2247 1628 ipsam
2271 1555 2468 1614 Ursam
2502 1557 2583 1613 sol
2602 1572 2834 1612 cursans
2866 1572 3090 1627 magnos
3127 1559 3285 1614 nobis
3311 1558 3474 1615 ellicit
3497 1559 3636 1626 dies,

2073 1657 2273 1706 etcum
2302 1649 2511 1706 diutius
2561 1649 2620 1704 in
2650 1664 2777 1705 aere
2822 1656 3095 1715 versetur,
3147 1654 3327 1723 ipsum
3360 1659 3555 1718 torret,
3585 1659 3642 1708 et

398 1722 433 1791 ἡ
443 1723 533 1791 μίν
560 1719 878 1793 παρίστησι,
910 1720 1005 1774 καὶ¹
1037 1720 1127 1775 διὰ
1155 1721 1216 1775 τὸ
1242 1720 1421 1775 πλεῖον
1445 1722 1605 1776 αὑτὸν
1630 1724 1975 1795 προσομιλεῖν

2077 1749 2221 1797 terra
2268 1741 2526 1799 universa
2577 1742 2876 1807 exsiccata,
2934 1742 3147 1800 fructus
3175 1755 3421 1801 maturos
3462 1744 3641 1802 reddit

400 1811 484 1883 τῷ
515 1811 664 1883 ἀέρι,
691 1811 858 1866 αὑτὸν
897 1812 1255 1885 καταφρίσσει
1288 1814 1378 1866 τὸν
1410 1814 1578 1886 ἀέρα,
1610 1816 1703 1869 καὶ
1744 1816 1841 1888 τὴν
1871 1816 1973 1887 γῆν

2079 1832 2293 1890 sdmmo
2350 1835 2571 1903 calore;
2604 1836 2919 1907 umbraque
2968 1843 3139 1892 curta:
3172 1836 3473 1907 jaciuntur,
3512 1852 3639 1892 cum

400 1906 583 1957 πᾶσαν
608 1902 1011 1976 καταξηραίνει,
1034 1905 1127 1958 καὶ
1158 1905 1336 1960 πάντα
1356 1906 1567 1978 καρπὸν
1588 1906 1786 1979 ὡραῖον
1805 1909 1976 1980 ἀπερ-

399 1994 627 2066 γάζεται
660 1996 1093 2066 φλογωδέστατος
1129 1995 1225 2062 ὣν,
1270 1999 1364 2052 καὶ
1406 1999 1662 2070 βραχείας
1703 2004 1848 2054 ποιεῖ
1877 2000 1976 2065 τὰς

401 2089 565 2153 σκιάς
593 2090 684 2158 ἀφ’
720 2089 925 2160 ὑψηλοῦ
978 2090 1368 2160 καταλάμπων.
1413 2092 1501 2145 Ἐν
1526 2091 1633 2163 γάρ
1680 2095 1798 2157 ταῖς
1847 2093 1977 2165 βρα-

398 2180 666 2252 χυτάταις
689 2182 922 2255 ἡμέραις
955 2184 1011 2235 αἱ
1046 2184 1196 2236 σκιαὶ
1221 2183 1554 2254 μακρόταται
1581 2184 1836 2253 γίνονται.
1867 2185 1977 2240 Καὶ

398 2273 567 2326 πάλιν
594 2272 705 2328 ἀπὸ
726 2273 835 2327 τῶν
875 2275 1258 2347 προσαρκτίων
1304 2275 1396 2327 ἐπὶ
1427 2274 1496 2328 τὰ
1540 2275 1691 2330 νότια
1731 2293 1976 2348 παραγε-

400 2363 656 2435 νομένου,
686 2365 1001 2436 μετόπωρον
1031 2365 1257 2452 γίνεξαι,
1291 2366 1388 2435 τῆς
1422 2364 1629 2437 θέρμης
1659 2367 1777 2420 κατ’
1800 2366 1983 2435 ὀλίγον

398 2455 506 2526 τῆς
536 2455 737 2527 πολλῆς
769 2456 1223 2528 ἀμαυρουμένης,
1258 2458 1350 2510 καὶ
1388 2456 1479 2510 τοῦ
1510 2458 1773 2529 χειμῶνος
1814 2459 1981 2513 ἀϐλα-

400 2546 517 2610 ϐῶς
556 2547 818 2612 ἐπιόντος.

473 2661 548 2715 Οὑ
604 2664 749 2715 ποιεῖ
794 2662 851 2715 δὲ
893 2662 993 2732 τὴν
1027 2662 1236 2735 ἡμέραν
1273 2664 1302 2716 ὁ
1352 2662 1501 2733 ἥλιος
1522 2682 1534 2694 ο
1575 2663 1760 2735 μηδεὶς
1806 2661 1980 2730 οὕτως

401 2754 648 2826 ὑπολάϐῃ
668 2771 681 2785 ο
706 2754 1068 2826 πρεσϐυτερεῖ
1086 2754 1193 2827 γὰρ
1222 2754 1410 2808 τούτου
1451 2757 1484 2825 ἡ
1517 2755 1697 2827 ἡμέρα
1728 2756 1823 2810 καὶ
1848 2754 1974 2821 νύξ.

400 2846 540 2901 ἀλλὰ
574 2846 837 2919 κατάρχει
872 2848 1029 2918 μόνον
1062 2847 1161 2917 τῆς
1189 2849 1427 2919 ἡμέρας,
1460 2847 1642 2913 καθὼς
1675 2850 1767 2904 καὶ
1789 2851 1818 2904 ό
1845 2848 1981 2920 ψαλ-

405 2939 581 3010 μῳδὸς
615 2938 922 3012 διαγορεύει
966 2941 1127 3011 ἡμῖν’
1156 2943 1381 3005 Ἕθετο,
1409 2942 1615 3011 λέγων,
1651 2939 1759 2995 τὸν
1803 2940 1981 3009 ἣλιον

400 3034 492 3098 είς
510 3031 802 3096 ἐξουσίαν
825 3031 936 3099 τῆς
965 3030 1209 3101 ἡμέρας,
1240 3032 1356 3101 τὴν
1385 3034 1678 3102 σελήνην,
1711 3033 1808 3088 καὶ
1839 3033 1980 3100 τοὺς

402 3124 669 3190 ἀστέρας
698 3125 785 3189 είς
807 3123 1097 3187 ἐξουσίαν
1124 3123 1235 3193 τῆς
1263 3128 1501 3191 νυκτός.
1538 3126 1690 3196 Ἔχει
1729 3125 1787 3178 δὲ
1826 3120 1978 3190 οὗτος
2007 3153 2051 3215 c

402 3218 507 3289 τὴν
558 3216 802 3281 ἐξουσίαν
842 3216 901 3270 τὸ
933 3216 1049 3286 φῶς
1078 3218 1385 3290 περιφέρων
1424 3221 1481 3273 ἐν
1515 3218 1708 3291 ἐαυτῷ·
1755 3218 1974 3272 ἐπειδάν

403 3326 541 3363 ποτε
573 3309 662 3362 τὸν
694 3308 817 3363 καθ’
843 3311 988 3381 ἡμᾶς
1025 3308 1274 3381 ὁρίζοντα
1311 3310 1590 3383 ὑπεράρη,
1629 3311 1840 3383 ἡμέραν
1873 3330 1975 3367 πα-

408 3402 558 3475 ρέχει
588 3401 945 3467 διασκεδάσας
976 3404 1037 3457 τὸ
1064 3403 1273 3468 σκότος.

489 3514 555 3568 Ἡ
580 3514 638 3568 δὲ
669 3514 886 3588 σελήνη,
915 3517 1132 3572 ἐπειδὰν
1159 3517 1452 3581 δωδεκάκις
1480 3518 1571 3572 τὸν
1596 3519 1793 3591 ἑαυτῆς
1825 3520 1975 3573 ἐκτε-

402 3607 539 3681 λέσῃ
564 3607 784 3680 δρόμον,
821 3610 1063 3663 ἐνιαυτοῦ
1092 3610 1349 3681 τυγχάνει
1391 3612 1681 3683 ποιητικὴ,
1728 3612 1864 3685 πλὴν
1892 3613 1973 3666 ὃτι

406 3701 579 3774 μηνὸς
614 3701 904 3773 ἐμϐολίμου
938 3702 1104 3756 δεῖται
1139 3703 1272 3781 πρὸς
1305 3702 1404 3775 τὴν
1449 3704 1648 3776 ἀκριϐῆ
1677 3703 1785 3759 τῶν
1817 3704 1974 3776 ὡρῶν

404 3793 731 3865 συνδρομήν.
774 3794 832 3848 '0
864 3794 972 3867 γὰρ
1003 3794 1223 3866 ἡλιακδς
1254 3796 1494 3859 ἐνιαυτὸς
1528 3795 1636 3851 ἀπὸ
1671 3796 1764 3850 τοῦ
1809 3798 1973 3851 αὐτοῦ

404 3887 634 3959 σημείου
662 3886 753 3940 ἐπὶ
789 3887 849 3940 τὸ
872 3888 1003 3940 αὐτὸ
1036 3889 1256 3960 σημεῖον
1279 3888 1420 3943 κατὰ
1445 3890 1545 3960 τὴν
1583 3890 1788 3943 οἰκείαν
1822 3890 1965 3961 κίνη-

404 3996 493 4034 σιν
516 3981 609 4034 τοῦ
635 3980 785 4049 ἡλίου
819 3982 963 4036 ἐστὶν
1002 3982 1462 4047 ἀποκατάστασις.
1502 3983 1611 4055 Τῆς
1650 3982 1706 4036 δὲ
1748 3981 1976 4054 σελήνης

399 4070 696 4142 ληγούσης,
718 4071 998 4143 άραιοῦται
1029 4073 1136 4127 τῶν
1162 4072 1313 4138 ζώων
1343 4073 1413 4127 τὰ
1446 4072 1692 4145 σώματα,
1722 4074 1817 4127 καὶ
1843 4073 1975 4127 ὑπό-

400 4179 541 4216 κενα
592 4163 828 4231 γίνεται·
883 4164 1184 4237 αὐξομένης
1226 4166 1318 4233 δὲ,
1359 4165 1780 4238 ἀναπληροῦται.
1832 4166 1974 4219 Διότι

403 4254 684 4326 ὑγρότητα
721 4253 858 4325 μετά
889 4256 1222 4329 θερμότητος
1258 4256 1647 4328 κεκραμμένην
1677 4255 1975 4327 λεληθότως

402 4345 642 4418 ἐνίησιν·
675 4348 723 4401 οἱ
755 4348 863 4420 γὰρ
888 4348 1240 4412 καθεύδοντες
1279 4348 1385 4401 ὑπὸ
1418 4348 1643 4421 σελήνην
1681 4347 1976 4420 ὑγρότητος

403 4439 673 4510 περισσῆς
699 4438 1027 4512 πληροῦνται
1057 4439 1155 4505 τὰς
1179 4440 1437 4511 κεφαλὰς,
1484 4443 1578 4496 καὶ
1605 4442 1673 4496 τὰ
1703 4442 1973 4512 νεοσφαγῆ

2076 1925 2162 1982 sol
2187 1926 2268 1981 illi
2287 1925 2409 1982 loco
2450 1928 2882 1998 supraverticem
2919 1927 2990 1983 sit
3016 1928 3311 1998 lumenque
3364 1928 3636 1985 demittat.

2074 2017 2134 2072 ln
2164 2018 2500 2075 brevissimis
2531 2020 2676 2075 enim
2709 2019 2901 2076 diebus
2939 2020 3146 2075 umbrae
3179 2021 3509 2091 longissimae
3547 2036 3642 2075 ca-

2075 2109 2229 2166 dunt.
2265 2110 2463 2166 lterum
2488 2126 2518 2165 a
2551 2111 2873 2167 meridianis
2930 2111 2986 2166 in
3040 2113 3310 2168 australes
3341 2121 3524 2184 partes
3548 2114 3641 2168 illo

2076 2210 2377 2271 remeante,
2404 2210 2699 2260 autumnus
2713 2204 2972 2286 gignitq,
3003 2205 3176 2259 multo
3223 2205 3406 2261 calore
3434 2203 3638 2261 sensim

2078 2297 2757 2369 evanescente,hiemeque
2787 2297 2906 2353 sine
2961 2296 3074 2352 ullo
3109 2296 3456 2353 incommodo
3480 2311 3640 2353 acce-

2076 2386 2256 2444 dente.

2149 2649 2240 2706 Sol
2262 2651 2367 2706 diei
2397 2666 2563 2706 causa
2595 2668 2864 2721 nusquam
2898 2660 3000 2715 est,
3036 2667 3196 2708 nemo
3244 2652 3297 2707 id
3328 2653 3401 2706 ita
3442 2668 3502 2708 se
3544 2654 3643 2708 ha-

2080 2742 2209 2798 bere
2236 2744 2517 2812 opinetur;
2551 2744 2695 2798 hunc
2737 2745 2936 2799 etenim
2966 2744 3085 2799 dies
3111 2744 3390 2815 praecedit,
3422 2754 3476 2800 et
3500 2762 3640 2814 nox;

2080 2834 2177 2890 sed
2210 2841 2295 2890 est
2320 2834 2431 2888 dux
2456 2842 2510 2889 et
2538 2835 2789 2904 princeps
2823 2842 2878 2890 et
2903 2836 3216 2891 moderator
3245 2834 3415 2900 illius,
3449 2852 3643 2907 quem-

2080 2925 2372 2981 admodum
2401 2935 2455 2981 et
2476 2925 2799 2981 Psalmodus
2850 2926 3010 2981 nobis
3049 2927 3310 2982 insinuat.
3348 2928 3535 2982 Posuit
3558 2928 3644 2982 di-

2079 3033 2210 3074 cens
2239 3019 2402 3073 solem
2454 3019 2509 3073 in
2537 3018 2823 3072 dominium
2866 3019 2990 3084 diei,
3026 3020 3206 3073 lunam
3258 3029 3306 3075 et
3352 3020 3535 3075 stellas
3586 3020 3645 3074 in

2079 3111 2369 3166 dominium
2395 3113 2582 3166 noctis.
2612 3109 2761 3165 Illius
2785 3119 2962 3167 autem
3016 3112 3222 3168 obtinet
3251 3113 3640 3183 principatum,

2082 3204 2261 3259 lumen
2289 3204 2344 3258 in
2372 3210 2540 3260 semet
2561 3203 2875 3275 deportans,
2906 3205 2996 3274 qui
3045 3219 3167 3259 cum
3202 3205 3259 3259 in
3284 3212 3532 3260 nostrum
3576 3202 3644 3258 ﬁ-

2080 3300 2313 3354 nitorem
2351 3300 2678 3370 pervenerit,
2713 3299 2954 3355 tenebris
2976 3298 3193 3369 fugatis,
3231 3299 3375 3354 diem
3398 3297 3575 3354 aﬂ'crt.

2144 3501 2320 3568 Luna,
2349 3501 2441 3558 ubi
2464 3500 2756 3557 duodecies
2778 3508 2950 3556 totum
2987 3515 3146 3555 suum
3178 3498 3416 3556 confecit
3455 3506 3510 3554 et
3547 3514 3645 3570 pe-

2080 3596 2318 3667 ragravit
2339 3596 2461 3661 iter,
2490 3595 2617 3649 anni
2650 3594 2884 3666 spatium
2936 3593 3227 3661 terminat;
3252 3608 3436 3650 mense
3463 3601 3646 3649 tamen

2080 3702 2217 3757 opus
2230 3686 2659 3753 cstintercalari,
2684 3686 2750 3741 ad
2778 3685 3036 3740 horarum
3066 3699 3370 3740 concursus
3398 3693 3645 3740 exactam

2080 3779 2345 3834 rationem
2390 3777 2838 3850 perspiciendam.
2890 3777 3081 3832 Annus
3131 3776 3276 3832 enim
3344 3776 3540 3832 solaris
3577 3776 3647 3831 ab

2079 3872 2267 3928 eodem
2294 3872 2471 3945 signo,
2532 3870 2599 3926 ad
2637 3870 2780 3926 idem
2836 3870 3136 3925 secundum
3200 3870 3479 3939 proprium
3515 3869 3648 3924 solis

2082 3975 2286 4020 motum
2310 3969 2554 4021 reversio
2579 3971 2682 4020 est.
2737 3962 2888 4018 Luna
2952 3963 3301 4018 decrescente
3329 3961 3645 4015 animalium

2080 4072 2312 4130 corpora
2392 4065 2677 4113 rarescunt
2758 4064 3046 4112 extenuata
3111 4062 3164 4109 et
3219 4052 3642 4119 exinaniuntur;

2081 4156 2382 4212 crescente,
2408 4156 2678 4218 augentur
2706 4148 2940 4217 expleta.
2978 4145 3129 4202 Clam
3187 4144 3329 4199 enim
3359 4142 3646 4197 humidita-

2080 4247 2188 4295 tem
2217 4239 2386 4295 calori
2418 4241 2760 4295 commistam
2786 4239 2957 4305 indit;
2990 4239 3117 4293 hinc
3154 4236 3213 4290 ﬁt
3232 4234 3333 4291 sub
3354 4235 3485 4289 luna
3514 4235 3644 4290 dor-

2081 4330 2361 4386 mientium
2414 4330 2583 4384 multa
2632 4327 2955 4383 humiditate
3013 4325 3191 4396 capita
3218 4322 3449 4393 oppleri,
3473 4330 3527 4377 et
3559 4336 3648 4379 re-

2080 4432 2267 4479 center
2292 4423 2661 4494 iugulatorum
2709 4435 2927 4484 carnes,
2964 4427 3018 4475 et
3062 4416 3326 4489 quidquid
3367 4415 3514 4471 aliud
3558 4415 3645 4471 his

404 4529 467 4584 δὲ
485 4509 599 4583 τῶν
613 4509 823 4601 κρεῶν,
837 4530 929 4584 καὶ
946 4532 1053 4585 πᾶν
1076 4531 1192 4584 είτι
1213 4509 1469 4594 τοιοῦτον,
1486 4533 1553 4602 τῇ
1582 4509 1852 4603 προσϐολῇ

2079 4532 2188 4573 non
2242 4516 2513 4579 absimile,
2571 4516 2713 4569 lunae
2751 4520 2974 4585 aspectu
3002 4511 3181 4567 subito
3240 4509 3538 4574 immutari,
3594 4519 3648 4565 et

406 4623 640 4694 σελήνης
670 4622 879 4694 ταχέως
917 4623 1195 4695 τρέπεται.
1235 4623 1464 4696 Ὁμοίως
1509 4624 1566 4677 δὲ
1599 4626 1692 4678 καὶ
1736 4625 1805 4678 τὰ
1851 4624 1978 4696 περὶ

404 4717 501 4772 τὸν
525 4717 660 4789 ἀέρα
686 4714 833 4787 πάθη
852 4715 1103 4787 τοιαύτης
1130 4715 1305 4780 αἰτίας
1328 4715 1977 4787 συνίσταται.Νουμηνίας

406 4810 518 4886 γὰρ
532 4809 818 4881 ἐνστάσης,
835 4809 1074 4882 γαλήνης
1092 4808 1258 4882 οῦσης
1276 4808 1838 4882 σταθερᾶς,αίφνιδίων
1859 4809 1979 4862 ἀνέ-

410 4919 529 4974 μων
574 4902 808 4972 ταραχαὶ
845 4900 1084 4969 γίνονται
1125 4899 1231 4954 τῶν
1260 4899 1433 4970 νεφῶν
1478 4898 1846 4970 κλονουμένων
1884 4899 1977 4952 καὶ

408 4993 833 5065 συμπιπτόντων
873 4992 1149 5063 ἀλλήλοις*
1187 4994 1281 5046 καὶ
1314 4993 1551 5062 γίνονται
1581 4991 1707 5062 περὶ
1741 4991 1868 5054 τοὺς
1890 4991 1978 5043 εὑ-

410 5084 604 5158 ρίπους
626 5084 954 5156 παλίρῤοιαι,
974 5086 1066 5138 καὶ
1086 5086 1211 5156 περὶ
1230 5086 1317 5139 τὸν
1333 5083 1571 5139 ὠκεανὸν
1588 5082 1860 5154 ἀναδρομὴ
1881 5083 1977 5155 τῆς

406 5177 704 5249 θαλάσσης.
748 5177 814 5230 Εἰ
860 5177 916 5231 δὲ
968 5178 1061 5231 καὶ
1104 5175 1196 5230 τοῦ
1234 5175 1381 5248 ἡλίου
1424 5171 1660 5245 ἔκλειψις
1686 5173 1976 5245 νουμηνίας

405 5270 576 5342 οὔσης
604 5270 835 5340 γίνεται,
873 5267 1201 5341 σφοδροτέρα
1244 5267 1559 5338 συμϐαίνει’
1598 5264 1838 5321 κάτωθεν
1870 5264 1975 5337 γὰρ

406 5364 445 5435 ἡ
480 5362 676 5434 σελήνη
713 5360 1015 5415 ὑπελθοῦσα
1036 5358 1334 5431 ἐμφράττει
1362 5358 1510 5430 ἡλίου
1537 5356 1636 5420 τὰς
1661 5358 1904 5418 ἀκτῖνας.

477 5454 639 5522 Μέγα
666 5453 724 5507 δέ
751 5470 802 5506 τι
830 5453 924 5506 καὶ
955 5451 1091 5523 αὕτη
1202 5450 1399 5522 σελὴνη
1442 5448 1765 5518 καθέστηκε.
1801 5445 1974 5501 Μῦθοι

402 5545 465 5599 δὲ
494 5544 755 5618 ληρώδεις
788 5545 891 5599 ὑπὸ
938 5543 1238 5616 μεθυόντων
1271 5542 1529 5615 γραῖδίων
1563 5541 1838 5614 πανταχοῦ
1873 5541 1977 5594 διε-

406 5635 683 5711 σώθησαψ
732 5637 813 5691 ὅτι
863 5634 1217 5707 μαγγανείαις
1264 5635 1374 5690 τισὶ
1415 5635 1511 5706 τῆς
1569 5634 1771 5698 οἰκείας
1816 5634 1976 5705 ἕδρας

403 5730 767 5797 ἁποκινεῖται,
821 5729 916 5783 καὶ
966 5729 1100 5803 πρὸς
1144 5728 1243 5799 τὴν
1289 5728 1389 5799 γῆν
1436 5726 1816 5796 καταφέρεται.
1867 5726 1974 5778 Καὶ

408 5824 564 5887 ποιος
601 5820 668 5876 ἀν
710 5820 870 5885 τόπος
900 5819 1257 5892 καταχθεῖσαν
1296 5818 1463 5889 αὐτὴν
1517 5816 1839 5883 massam;
1881 5815 1971 5887 Μὴ

2078 4610 2225 4680 ipsas
2251 4608 2393 4663 aeris
2422 4607 2733 4663 all'ectiones
2756 4607 2906 4661 illius
2944 4618 3110 4660 causa
3135 4603 3471 4673 contingere.
3510 4600 3645 4655 Nam

2081 4698 2206 4752 luna
2222 4704 2499 4762 nascente,
2530 4697 2574 4752 si
2593 4696 2960 4766 tranquillitas
2986 4693 3300 4766 plenissima
3324 4692 3488 4747 fuerit
3515 4706 3663 4769 ven-1

2079 4797 2279 4850 torum,
2303 4789 2567 4858 repentini
2600 4788 2865 4849 turbines,
2902 4786 3139 4841 nubibus
3197 4783 3371 4853 pulsis
3420 4790 3475 4836 et
3504 4781 3647 4835 inter

2080 4896 2139 4937 se
2187 4880 2626 4935 conﬂictantibus
2658 4920 2673 4943 ,
2711 4888 2909 4946 erunt;
2948 4878 3185 4947 ﬁentque
3213 4877 3268 4929 in
3317 4873 3525 4943 euripis
3569 4888 3647 4927 re-

2079 4976 2476 5047 ciprocationes
2546 4988 2807 5044 aquarum
2898 4984 3286 5041 regressusque
3357 4967 3523 5022 maris
3592 4966 3645 5021 in

2080 5067 2330 5134 Oceano;
2356 5067 2501 5138 quod
2549 5067 2594 5121 si
2650 5067 2777 5119 luna
2808 5063 3103 5119 novissima
3128 5060 3368 5130 primave
3400 5057 3531 5112 solis
3551 5056 3644 5111 de-

2081 5160 2259 5217 fectus
2304 5159 2414 5225 fiet,
2462 5158 2575 5212 haec
2638 5156 2819 5211 omnia
2861 5152 3262 5215 vehementiora
3291 5149 3644 5220 contingunt;

2084 5254 2391 5308 interventu
2424 5252 2624 5323 quippe
2660 5250 2802 5304 lunae
2853 5248 2985 5304 solis
3034 5244 3172 5300 radii
3201 5241 3457 5299 occultati
3483 5240 3648 5295 hebe-

2075 5351 2280 5400 tantur.

2150 5437 2480 5492 immensum
2510 5434 2639 5505 quid
2670 5441 2755 5488 est
2786 5440 2838 5488 et
2867 5433 2983 5503 ipsa
3015 5430 3175 5494 luna;
3215 5442 3371 5498 nugae
3400 5439 3562 5479 mem
3584 5423 3648 5477 il-

2078 5533 2142 5586 lae
2173 5538 2299 5586 sunt
2321 5530 2585 5600 planeque
2634 5527 2768 5589 line,
2802 5526 2957 5579 nobis
2987 5539 3016 5577 a
3048 5521 3357 5578 temulentis
3414 5514 3647 5572 aniculis

2082 5624 2290 5685 traditi,
2313 5624 2499 5677 lunam
2556 5618 2832 5676 veneﬁciis
2877 5616 3202 5685 quibusdam
3244 5608 3465 5682 propria
3519 5606 3648 5662 sede

2082 5716 2285 5773 moveri
2318 5723 2372 5771 et
2403 5715 2456 5769 in
2483 5721 2680 5768 terram
2714 5711 2887 5765 delabi
2912 5728 2925 5775 ;
2961 5717 3013 5763 et
3038 5707 3288 5778 quisnam
3318 5704 3464 5759 illam
3491 5701 3645 5756 locus

2084 5811 2359 5881 delapsam
2389 5804 2696 5878 exceperit?
2723 5819 2897 5874 neque
2927 5818 3021 5872 per
3044 5812 3284 5855 errorem
3319 5795 3373 5849 in
3399 5791 3642 5847 fraudem
