4080 6334
453 332 555 387 ’ἱὶό

1291 333 1351 389 S.
1391 328 1835 390 EUSTATHIUS
1866 334 2352 396 ANTIOCIIENUS
2386 332 2789 396 EPISCOPUS.

3564 335 3669 391 ττι

451 449 707 509 incurrit.
736 464 908 520 neque
929 447 1075 521 quod
1103 436 1305 505 visioni
1333 467 1559 522 parvum
1603 463 1840 508 externae
1869 453 2003 511 vide-

2116 459 2221 531 γὰρ
2272 449 2579 531 έξηπάτησε
2629 458 2690 511 τὸ
2738 440 3053 527 φαινόμενον
3102 453 3179 517 ὡς
3218 447 3409 524 μικρόν
3442 464 3495 505 τι
3536 444 3677 505 εἶναι

450 549 560 605 tur,
596 558 820 612 parvum
874 542 928 597 id
974 557 1097 599 csse
1142 542 1403 598 indicato.
1438 543 1632 598 Nostra
1653 545 1799 599 enim
1848 546 2009 611 visio,

450 648 574 685 cum
608 635 722 703 ipsa
744 648 908 703 parva
944 635 1034 700 sit,
1063 650 1228 704 parva
1257 635 1421 689 etiam
1454 642 1509 691 et
1542 650 1603 690 ea
1639 652 1760 706 qua:
1784 652 2013 692 cernen-

450 731 558 788 tur,
594 732 652 777 ut
699 727 986 795 upinemur
1016 741 1158 789 esse,
1218 726 1400 790 ellicit,
1451 727 1731 797 proprium
1763 729 2008 782 morbum

447 816 610 870 rebus
643 817 774 873 visis
805 819 1247 884 communicans;
1287 833 1523 888 nautque
1553 819 1714 872 etiam
1761 819 1807 874 si
1830 820 1953 889 quis
1979 834 2011 875 e

449 908 757 963 summitate
786 912 1050 964 montium
1088 924 1308 979 campos
1330 917 1593 978 patentes.
1634 917 1688 964 et
1711 909 1764 964 in
1795 910 1902 965 illis
1935 910 2012 965 si-

448 998 560 1051 mul
594 999 759 1055 boves
792 1009 1076 1070 pascentes
1105 1000 1434 1071 despexerit.
1494 1000 1745 1057 formicas
1779 1000 1883 1055 sibi
1930 1000 2010 1053 vi-

447 1086 577 1143 dere
602 1087 893 1145 videbitur.
930 1089 1085 1146 Visio
1114 1091 1257 1145 enim
1288 1105 1386 1160 per
1413 1104 1590 1144 aerem
1621 1098 1933 1155 extenuata,
1954 1096 2010 1144 et

446 1178 999 1261 quasi.evanescens,
1034 1197 1122 1236 res
1167 1182 1269 1235 sibi
1299 1180 1545 1248 objectas
1573 1180 1851 1249 percipere
1899 1196 2007 1235 non

447 1271 608 1325 valet.
646 1269 842 1325 Verum
879 1274 1019 1328 lunae
1039 1288 1236 1343 corpus
1266 1273 1560 1327 maximum
1585 1286 1705 1327 esse
1737 1273 1825 1325 illa
1847 1287 2009 1343 argu-

448 1369 632 1416 iueuto
668 1372 817 1417 sunt.
860 1363 1120 1420 Civitates
1143 1364 1287 1420 enim
1311 1365 1367 1419 in
1400 1372 1667 1419 terrarum
1707 1364 1839 1418 orbe
1864 1365 2006 1418 mul-

448 1459 562 1505 tum
599 1454 742 1508 inter
772 1470 831 1510 se
878 1456 1144 1511 distantes
1174 1458 1439 1526 longeque
1470 1457 1750 1525 sejunctm,
1821 1457 2007 1527 strigis

447 1560 566 1613 quae
594 1544 868 1602 Orientem
895 1548 1381 1619 respiciunt,zeque
1419 1564 1611 1604 omnes
1658 1548 1801 1603 lunas
1825 1548 2008 1604 lumen

446 1637 750 1706 excipiunt;
774 1648 827 1693 et
858 1639 1107 1697 similiter
1128 1655 1359 1697 occasus
1411 1648 1466 1694 et
1498 1639 1919 1695 meridianarum
1952 1649 2006 1697 et

448 1731 770 1786 australium
801 1733 1036 1802 partium
1058 1735 1250 1789 incola:
1272 1742 1536 1805 spectant.

2112 549 2476 621 νομιζόμενον.
2512 548 2699 620 Μικρὰ
2723 546 2831 619 γὰρ
2862 548 2895 618 ή
2938 545 3059 614 ὄψις
3087 543 3240 616 ἡμῶν
3268 543 3546 612 γινομένη,
3582 558 3675 612 μι-

2112 640 2217 711 κρὰ
2247 639 2467 710 ἐποίησε
2499 636 2810 708 νομίζεσθαι
2856 635 2951 689 καὶ
2978 635 3046 689 τὰ
3076 633 3345 705 ὁρώμενα,
3378 633 3438 685 τὸ
3477 634 3675 686 οἰκεῖον

2112 732 2281 794 πάθος
2316 733 2427 793 τοῖς
2467 731 2680 802 ὁρατοῖς
2721 726 3072 799 ἐπιφέρουσα.
3116 726 3323 797 Ὥσπερ
3348 724 3458 795 γὰρ
3502 723 3557 776 εἴ
3591 741 3677 787 τις

2110 825 2197 877 ἐπ’
2227 821 2534 895 ἀκρωρείας
2561 820 2802 874 θεάσοιτο
2832 818 2988 872 πεδία
3017 817 3109 871 καὶ
3141 816 3269 887 βόας
3305 816 3395 869 ἐπὶ
3436 815 3496 868 τὸ
3540 815 3675 870 αὐτὸ

2108 916 2428 987 νεμομένας,
2447 914 2566 984 οὐχὶ
2579 917 2595 935 ⁸
2618 913 2693 977 ὡς
2715 913 3016 984 μυρμήκων
3034 908 3331 979 φαντασίαν
3349 911 3480 980 ὁρᾷν
3500 908 3667 962 δοκεῖ·

2109 1005 2531 1077 ὲνδαπανηθεῖσα
2582 1003 2687 1075 γὰρ
2738 1002 2817 1072 τῷ
2864 1002 2984 1072 ἀέρι
3028 1002 3061 1071 ἡ
3095 1000 3233 1069 ὄψις,
3289 999 3380 1052 καὶ
3427 998 3673 1068 ἐξίτηλος

2107 1097 2394 1169 γενομένη,
2426 1095 2562 1167 πρὸς
2605 1094 2702 1166 τὴν
2731 1093 2933 1166 ἀκριϐῆ
2961 1090 3284 1160 κατανόησιν
3315 1089 3423 1143 τῶν
3455 1088 3671 1160 ὁρωμέ-

2107 1209 2212 1245 νων
2244 1191 2343 1243 οὐκ
2376 1187 2610 1262 ἐξαρκεῖ.
2655 1186 2765 1240 Καὶ
2804 1188 2886 1240 ὅτι
2926 1182 3277 1256 παμμέγεθες
3306 1179 3406 1251 τῆς
3439 1178 3671 1251 σελήνης

2106 1283 2167 1335 τὸ
2197 1280 2356 1352 σῶμά
2399 1283 2534 1343 ἐστι,
2574 1277 2761 1350 μαθεῖν
2805 1279 2870 1330 ὲκ
2906 1275 3215 1347 τεκμηρίων
3258 1272 3420 1325 ἔστιν.
3451 1272 3515 1323 Αἱ
3558 1272 3669 1341 γὰρ

2108 1376 2249 1429 κατά
2276 1375 2373 1445 τὴν
2404 1372 2724 1442 οἰκουμένην
2752 1370 2932 1433 πόλεις
2963 1369 3210 1422 πλεῖστον
3238 1363 3478 1435 ἀλλήλων
3512 1363 3667 1432 ἀπῳ-

2106 1464 2380 1537 κισμέναι,
2423 1466 2542 1528 ταῖς
2575 1462 2714 1517 κατά
2744 1462 2843 1533 τὴν
2876 1458 3137 1530 ἀνατολὴν
3164 1456 3535 1529 τετραμμέναι
3565 1456 3661 1525 ῥυ-

2110 1558 2411 1629 μοτομίαις,
2443 1556 2503 1622 ἐξ
2545 1557 2659 1610 ίσου
2690 1556 2859 1609 πᾶσαι
2897 1554 2957 1607 τὸ
3000 1552 3275 1623 σεληναῖον
3316 1549 3429 1617 φῶς
3475 1546 3668 1600 ὑποδέ-

2106 1667 2307 1721 χονται,
2338 1648 2430 1703 καὶ
2461 1648 2661 1720 ὁμοίως
2687 1647 2854 1720 αὐτὴν
2881 1648 2931 1699 οἱ
2956 1646 3052 1717 τὴν
3083 1644 3231 1698 δόσιν
3262 1641 3535 1704 οἰκοῦντες
3568 1640 3667 1693 καὶ

2105 1741 2173 1795 τὰ
2205 1739 2544 1811 μεσημϐρινὰ
2569 1738 2661 1792 καὶ
2692 1736 2910 1808 ἀρκτῷα
2947 1736 3084 1808 μέρη
3115 1732 3426 1807 θεωροῦσιν.

518 1820 719 1887 Quinto
748 1834 926 1879 autem
962 1825 1068 1889 die,
1104 1824 1243 1880 Deus
1265 1826 1414 1897 aquis
1469 1834 1527 1878 ut
1588 1827 1882 1879 animarum
1936 1822 2003 1880 ὁὶ-

2177 1809 2255 1902 Τῇ
2282 1828 2328 1884 δ’
2352 1809 2532 1902 ήμέρᾳ
2562 1832 2626 1901 τῇ
2658 1828 2880 1900 πέμπτῃ
2903 1822 3270 1894 προσέταξεν
3298 1826 3331 1877 ό
3358 1820 3501 1887 Θεὸς
3524 1820 3668 1885 ἑξα-

451 1915 675 1968 centium
711 1916 917 1984 reptilia
960 1917 1242 1972 secundum
1286 1933 1445 1987 genus
1478 1917 1817 1987 producerent
1840 1918 2006 1987 jussit

453 2005 530 2070 ¹³;
557 2007 846 2079 statimque
876 2025 1025 2065 mare
1052 2011 1204 2065 varia
1228 2009 1582 2064 animantium
1617 2025 1813 2080 genera
1846 2025 2008 2080 pepe—

448 2096 540 2149 rit.
569 2094 770 2151 Horum
806 2100 1049 2169 quaedam
1080 2113 1187 2155 non
1219 2100 1398 2155 minus
1429 2098 1593 2153 humo
1624 2114 1782 2170 quam
1814 2106 2008 2171 stagno

449 2198 837 2255 consuescunt,
866 2190 1033 2244 veluti
1064 2189 1214 2275 vitqli
1244 2189 1456 2252 marini,
1484 2204 1622 2259 quos
1654 2196 1849 2243 vocant
1875 2188 2007 2258 pho-

449 2295 577 2345 cas;
607 2280 888 2344 crocodili,
915 2282 1037 2351 equi
1060 2280 1366 2347 ﬂuviatiles,
1390 2296 1490 2336 nec
1519 2297 1627 2336 non
1671 2288 1725 2335 et
1759 2296 1923 2348 ranae,
1953 2288 2007 2335 et

449 2370 656 2430 cancri.
690 2369 890 2439 quibus
936 2370 1158 2425 natandi
1198 2385 1304 2425 non
1365 2371 1506 2425 inest
1558 2369 1825 2437 facultas;
1882 2387 2004 2426 cum

447 2460 593 2513 enim
620 2468 816 2514 natura
837 2461 890 2515 id
936 2461 1171 2517 habeant
1213 2470 1271 2517 ut
1302 2470 1512 2531 rcpant,
1549 2461 1715 2516 ductu
1740 2478 2004 2532 aquarum

447 2548 764 2606 trahuntur.
797 2551 1051 2618 Qumdam
1088 2554 1340 2615 animalia
1390 2555 1630 2626 pariunt,
1661 2554 1828 2609 veluti
1851 2554 2004 2609 vituli

448 2640 670 2706 marini,
694 2643 954 2713 delphini,
981 2645 1307 2715 torpedines,
1337 2657 1390 2702 et
1413 2648 1496 2702 bis
1526 2646 1741 2702 similia.
1771 2643 2002 2701 Tantum

450 2729 800 2801 Deusjussit,
827 2742 881 2790 et
901 2737 1078 2806 pisces
1100 2752 1309 2801 omnes,
1344 2738 1460 2793 sive
1508 2738 1586 2793 illi
1620 2737 1675 2791 in
1705 2735 1815 2791 alto
1846 2739 2002 2802 mari,

448 2818 564 2871 sive
593 2819 645 2873 in
672 2820 874 2885 littore,
909 2824 1023 2878 sive
1050 2825 1106 2879 in
1155 2825 1278 2880 imis
1326 2828 1595 2896 partibus,
1636 2827 1750 2884 sive
1776 2830 1831 2884 in
1857 2831 2004 2885 saxis

447 2914 708 2982 gregatim
743 2915 825 2970 vel
856 2917 1083 2986 sparsim
1101 2919 1308 2983 vivunt,
1338 2920 1452 2973 sive
1481 2921 1759 2979 immensae
1795 2923 2000 2993 magni-

445 3005 655 3060 tudinis
682 3015 820 3071 cete,
849 3008 963 3063 sive
992 3009 1342 3065 minutissimi
1384 3010 1712 3082 prodi-bant;
1768 3010 2000 3069 naturali

445 3095 678 3166 quadam
711 3110 835 3151 cum
887 3098 1043 3168 aquis
1071 3096 1330 3155 afﬁnitate
1362 3100 1662 3171 conjuncti.
1721 3099 2004 3170 Paulisper

444 3186 587 3238 enim
618 3185 665 3239 si
697 3185 765 3240 ab
787 3186 944 3256 aquis
965 3196 1309 3258 separentur,
1342 3189 1585 3259 spirandi
1622 3189 1879 3246 facultate
1907 3191 1995 3245 deo

444 3274 638 3340 stituti,
673 3274 977 3342 intereunt;
1027 3291 1151 3331 nam
1177 3277 1568 3333 branchiarum
1599 3278 1917 3334 dilatatione
1948 3286 2003 3334 et

363 3385 371 3393 -
444 3365 816 3422 contractione
849 3366 1117 3437 recipiunt
1139 3383 1334 3439 aquam
1360 3378 1416 3425 et
1460 3371 1734 3435 emittunt,
1760 3372 2003 3425 vitalem-

442 3472 549 3526 que
579 3456 722 3513 hunc
744 3457 987 3514 habitum
1021 3459 1290 3526 reddunt;
1328 3462 1510 3517 nullus
1544 3463 1683 3517 inter
1720 3478 1814 3518 eos
1836 3461 2002 3516 dimi-

442 3550 624 3605 diatos
676 3549 837 3605 habet
890 3551 1101 3615 dentes,
1140 3553 1237 3608 sed
1285 3568 1476 3609 omnes
1518 3554 1629 3609 illis
1680 3553 2002 3608 acuminatis

439 3637 785 3704 muniuntur,
832 3654 901 3693 ne
955 3640 1045 3693 diu
1098 3642 1153 3696 in
1191 3641 1784 3712 mandendoimpediti,
1819 3642 2000 3696 cibum

439 3728 767 3784 diluuentem
821 3729 1106 3796 amittant;
1141 3744 1273 3785 sane
1304 3732 1449 3786 enim
1492 3738 1625 3786 tunc
1677 3732 1832 3788 cibus
1864 3731 2004 3787 male

442 3820 779 3894 perderetur.
818 3818 981 3876 Solus
1005 3822 1234 3891 piscium
1265 3837 1455 3880 scarus
1479 3823 1679 3878 dicitur
1700 3825 1998 3890 ruminare,

446 3912 826 3982 alimentisque
855 3913 999 3975 aliis,
1028 3913 1118 3966 alii
1166 3912 1268 3968 sibi
1319 3918 1705 3971 consentaneis
1751 3924 1997 3971 utuntur.

442 4002 674 4069 Quidam
706 4003 849 4058 enim
879 4004 994 4058 luto
1012 4014 1325 4072 vescuntur,
1381 4006 1470 4060 alii
1523 4008 1664 4078 alga,
1697 4007 1789 4061 alii
1820 4007 2002 4062 herbis

442 4112 562 4169 qua:
588 4096 643 4150 in
675 4110 814 4167 aqua
862 4102 1138 4161 crescunt,
1170 4097 1390 4168 quidam
1425 4096 1588 4152 etiam
1646 4111 1767 4152 sese
1813 4106 2002 4151 mutuo

439 4189 721 4246 devorant.

512 4282 724 4337 Habent
775 4283 901 4338 item
932 4289 987 4337 et
1016 4295 1144 4337 suas
1200 4281 1578 4352 praprietates.
1613 4279 1778 4335 Serra
1824 4280 1992 4350 piscis

441 4377 557 4433 alas
592 4376 755 4433 habet
772 4376 1032 4446 oblongas
1054 4416 1069 4441 ,
1094 4374 1141 4431 si
1177 4389 1366 4430 navem
1392 4371 1648 4431 secundis
1679 4374 1855 4429 ventis
1884 4388 2004 4428 cur-

2105 1921 2307 1994 ταγεῖν
2333 1923 2405 1975 τὰ
2441 1920 2632 1974 ὕδατα
2663 1919 2879 1988 ἑρπετὰ
2915 1914 3128 1986 ψνχῶν
3159 1912 3359 1975 ζωσῶν
3396 1912 3544 1966 κατὰ
3570 1909 3669 1980 τέ-

2104 2031 2229 2081 νος·
2260 2014 2354 2068 καὶ
2380 2013 2579 2077 εὐθέως
2609 2013 2642 2083 ἡ
2680 2012 2776 2082 μὲν
2805 2010 3047 2064 θάλασσα
3079 2008 3303 2061 παντοῖα
3336 2004 3488 2070 ζώων
3528 2006 3662 2074 γένη

2103 2106 2330 2177 διάφορα
2372 2102 2667 2174 ἀπεκύησε,
2708 2102 2828 2155 Τῶν
2865 2102 2973 2172 γὰρ
3020 2100 3242 2153 ἐναλίων
3268 2096 3334 2151 τά
3374 2096 3473 2168 μέν
3515 2099 3667 2149 ἐστιν

2104 2197 2358 2269 ἀμφίϐια,
2386 2192 2495 2250 οἷον
2536 2195 2734 2263 φῶκαι.
2775 2193 2868 2246 καὶ
2898 2189 3246 2262 κροκόδειλοι,
3278 2186 3370 2240 καὶ
3409 2187 3459 2239 οἱ
3492 2200 3667 2238 ποτα-

2107 2293 2273 2362 μιαῖοι
2295 2289 2471 2351 ἵπποι,
2500 2286 2580 2339 ἐτι
2613 2285 2670 2339 δὲ
2696 2286 2744 2337 οἱ
2786 2283 3063 2355 βάτραχοι,
3099 2280 3192 2334 καὶ
3219 2279 3267 2333 οἱ
3297 2278 3564 2350 καρκϊνοι,
3598 2274 3663 2328 οὐ

2106 2383 2286 2454 μέντοι
2329 2380 2390 2433 τὸ
2426 2377 2677 2449 νηκτικδν
2710 2369 3260 2446 έχουσιιοέρπυστικά
3305 2369 3411 2440 γάρ
3446 2372 3563 2423 ὲστι
3594 2369 3663 2439 τῇ

2105 2474 2282 2545 φύσει,
2312 2471 2390 2543 τῷ
2433 2471 2675 2543 ήγήματι
2719 2466 2810 2521 τοῦ
2843 2466 3031 2528 ὓδατος
3070 2462 3470 2534 ἐπισυρόμεναο
3505 2459 3575 2512 τά
3603 2459 3662 2512 δὲ

2103 2565 2362 2631 ζωοτόκα,
2403 2557 2512 2616 οἷον
2551 2561 2749 2631 φῶκαι,
2782 2558 2875 2611 mi.
2900 2556 3159 2625 δελφῖνες,
3193 2554 3288 2608 καὶ
3320 2553 3537 2623 νάρκαι,
3567 2552 3665 2605 καὶ

2101 2659 2169 2715 τὰ
2191 2661 2347 2729 ὅμοια
2375 2656 2573 2719 αὐτοῖς.
2604 2655 2775 2709 Μόνον
2803 2654 2861 2707 δὲ
2894 2648 3218 2724 προσέταξεν
3249 2648 3277 2700 ό
3299 2646 3451 2709 Θεὸς,
3477 2645 3571 2698 καὶ⁵
3593 2643 3663 2696 τὰ

2103 2751 2353 2820 πελάγια,
2397 2748 2493 2802 καὶ
2520 2746 2587 2800 τά
2628 2744 2941 2815 αἱγιαλώδη,
2968 2742 3038 2795 τά
3065 2740 3244 2811 poeta,
3285 2738 3355 2793 τὰ
3384 2734 3659 2808 πετρώδη,

2099 2845 2168 2900 τά
2184 2842 2430 2913 ἀγελαῖα,
2458 2841 2526 2895 τὰ
2548 2837 2950 2912 σποραδικά,τὰ
2980 2836 3142 2907 κήτη,
3168 2833 3235 2887 τὰ
3264 2831 3558 2904 ὑπέρογκα,
3588 2829 3666 2883 τὰ

2098 2936 2396 2990 λεπτότατα
2439 2932 2546 2987 τῶν
2594 2929 2787 3002 ἰχθύων
2827 2928 3024 3000 προΐει,
3076 2924 3393 2995 συγγένειαν
3427 2920 3557 2993 πρὸς
3594 2920 3662 2973 τὺ

2101 3026 2243 3099 ὕδωρ
2270 3024 2501 3096 φυσικὴν
2534 3023 2741 3093 ἔχοντα.
2766 3018 2975 3092 Μικρὸν
3005 3018 3113 3090 γὰρ
3143 3018 3191 3071 εί
3213 3016 3307 3070 τοῦ
3335 3015 3520 3077 ὓδατος
3545 3031 3661 3084 χω-

2106 3119 2283 3193 ρισθῇ,
2314 3117 2387 3189 μὴ
2414 3116 2603 3187 ἔχοντα
2627 3112 2918 3183 ἀναπνοὴν,
2943 3108 3331 3181 διαφθείρεται*
3356 3108 3389 3178 ή
3418 3106 3527 3178 γὰρ
3551 3103 3663 3158 τῶν

2105 3208 2379 3282 βραγχίων
2406 3209 2586 3270 αὐτοῖς
2625 3204 2893 3274 διαστολὴ,
2927 3203 3021 3257 καὶ
3061 3199 3365 3266 ὲπίπτυξις,
3393 3197 3658 3269 δεχομένη

2101 3302 2161 3355 τὸ
2193 3300 2355 3372 ὕδωρ,
2398 3299 2490 3353 καὶ
2553 3298 2766 3359 διιεϊσα,
2797 3294 2999 3366 ταύτην
3028 3293 3124 3364 τὴν
3150 3291 3420 3360 ἀναπνοὴν
3465 3290 3663 3360 κέκτη-

2099 3410 2210 3448 ται.
2245 3391 2406 3445 Οὐδὲν
2429 3390 2559 3463 παρ’
2585 3390 2765 3452 αὐτοῖς
2787 3387 2844 3454 ἐξ
2867 3384 3116 3459 ἡμισείας
3140 3384 3249 3455 ἔχει
3268 3383 3394 3445 τοὺς
3418 3380 3659 3443 ὀδόντας,

2100 3482 2237 3538 ἀλλὰ
2275 3482 2450 3537 πάντα
2481 3479 2687 3535 ὀδοῦσιν
2714 3478 2857 3546 ὀξέσι
2888 3475 3397 3536 καταπεπύκνωται,
3433 3471 3568 3543 πρὸς
3598 3469 3662 3523 τδ

2105 3575 2179 3647 μὴ
2207 3573 2473 3645 διαρῤέειν
2500 3574 2564 3643 τῇ
2593 3570 2779 3643 χρονίᾳ
2810 3569 3042 3640 μασήσει
3060 3565 3156 3636 τὴν
3180 3565 3402 3636 τροφήν.
3431 3560 3663 3631 Ἔμελλε

2101 3665 2210 3738 γὰρ
2258 3668 2314 3719 ἐν
2365 3667 2429 3736 τῇ
2479 3663 2649 3735 λεπτῇ
2707 3663 2936 3733 μασήσει
2977 3655 3378 3729 διαφθείρεσθαι
3423 3655 3527 3707 ὑπὸ
3562 3653 3659 3707 τοῦ

2103 3758 2310 3821 ὓδατος.
2352 3755 2656 3827 Μηρυκίζει
2710 3754 2767 3807 δὲ
2792 3752 2942 3807 οὐδὲν
2970 3750 3095 3805 ἄλλο
3126 3750 3255 3821 παρ’
3277 3749 3457 3810 αὐτοῖς
3484 3748 3533 3799 εί
3579 3746 3657 3816 μὴ

2100 3851 2130 3903 ὁ
2158 3848 2375 3920 σκάρος.
2411 3846 2565 3899 Ἔστι
2594 3844 2649 3897 δὲ
2683 3844 2775 3898 καὶ
2802 3845 2835 3915 ή
2877 3840 3051 3913 τροφὴ
3085 3838 3215 3910 άλλη
3256 3836 3431 3898 ἄλλοις
3456 3834 3661 3888 κατάλ-

2101 3940 2278 4012 ληλος.
2304 3941 2367 3994 Οἱ
2400 3941 2497 4011 μὲν
2526 3938 2633 4009 γὰρ
2664 3936 2767 3990 ίλύῖ
2785 3936 3094 4009 τρέφονται,
3122 3933 3170 3985 οἱ
3203 3931 3259 3984 δὲ
3284 3933 3396 3993 τοῖς
3423 3928 3658 3997 φυκίοις,

2101 4037 2246 4092 ἄλλοι
2277 4038 2398 4098 ταῖς
2427 4033 2672 4104 βοτάναις
2693 4034 2810 4096 ταῖς
2832 4030 3189 4103 τρεφομέναις
3219 4026 3298 4099 τῷ
3330 4023 3480 4080 ὕδατι
3498 4041 3511 4055 ·
3543 4023 3662 4076 Ere-

2106 4146 2186 4201 ροι
2210 4128 2265 4182 δέ
2293 4130 2428 4181 εἰσιν
2457 4125 2834 4198 ἀλληλοφάγοι.

2176 4287 2330 4339 Ἐστι
2357 4283 2413 4337 δὲ
2442 4282 2620 4337 αὐτῶν
2658 4280 2751 4334 καὶ
2792 4280 3022 4350 διάφορα
3062 4276 3339 4349 ίδιὼματα.
3383 4276 3444 4328 Ὃ
3484 4271 3660 4343 πριὼν

2103 4379 2375 4451 πτέρυγας
2402 4376 2513 4448 ἔχει
2543 4375 2775 4447 μακράς·
2803 4372 2894 4426 καὶ
2920 4369 3250 4441 θεασάμενος
3277 4367 3456 4420 πλοῖον
3484 4365 3663 4436 οὐριο-

442 4485 561 4525 sum
587 4476 857 4524 tenentem
889 4483 1048 4523 suum
1081 4467 1295 4529 viderit,
1323 4468 1425 4522 alis
1444 4467 1498 4522 in
1521 4468 1689 4521 altum
1737 4467 1997 4531 extensis,

2104 4468 2354 4542 δρομοῦν,
2407 4467 2500 4521 καὶ
2544 4465 2706 4532 αὐτὸς
2745 4463 2962 4535 ὑψώσας
3002 4459 3192 4515 ἑαυτοῦ
3226 4458 3323 4521 τὰς
3361 4457 3659 4526 πτέρυγας,

439 4559 596 4614 navis
617 4560 798 4614 varios
821 4558 1171 4630 ingrediendo
1202 4565 1383 4613 motus
1415 4565 1576 4629 atque
1600 4558 1798 4629 ﬁguras
1822 4558 1998 4611 imitu-

438 4657 551 4712 tur.
580 4658 636 4705 et
660 4664 786 4704 cum
822 4650 955 4719 ipsis
983 4649 1364 4720 navigantibus
1391 4650 1458 4706 de
1477 4665 1640 4705 cursu
1671 4656 1871 4712 certat;
1904 4649 1997 4719 qui

441 4744 533 4798 ubi
564 4742 924 4814 quadraginta
975 4742 1274 4799 stadiorum
1307 4743 1540 4813 spatium
1572 4743 1890 4813 expleverit,
1927 4741 2000 4795 la-

438 4836 571 4890 bore
596 4834 874 4905 fatigatus,
898 4834 1000 4891 alis
1042 4833 1302 4897 dimissis,
1351 4849 1564 4888 summa
1611 4848 1752 4905 aqua
1778 4842 1994 4901 natans,

435 4926 491 4981 in
531 4926 809 4998 proprium
835 4927 1012 4981 locum
1044 4933 1190 4982 retro
1216 4935 1369 4982 actus
1400 4925 1641 4997 appellit.

509 5017 722 5073 Baiana
764 5032 926 5087 quam
957 5017 1445 5086 Aspidocbclonam
1498 5017 1719 5087 quidam
1780 5016 1990 5075 dicunt.

437 5111 496 5164 in
526 5109 1299 5179 immensammagnitudinem
1332 5109 1615 5173 adolescit,
1646 5107 1719 5162 ita
1754 5115 1812 5162 ut
1843 5109 1998 5162 navi-

437 5201 692 5272 gantibus
738 5202 974 5271 speciem
1008 5202 1244 5272 ingentis
1276 5202 1470 5257 insula:
1492 5208 1865 5271 repraesentet.
1920 5199 1994 5253 Ex

434 5292 704 5366 profundo
729 5309 962 5364 namque
992 5309 1275 5364 emergens
1313 5294 1514 5348 eminet
1547 5292 1710 5347 dorso
1767 5291 1994 5345 multum

435 5404 600 5458 supra
627 5403 818 5459 aquas,
844 5384 988 5459 quod
1018 5385 1171 5441 duris
1209 5386 1525 5456 asperisque
1554 5384 1701 5439 saxis
1741 5384 1996 5438 vestitum

434 5478 681 5546 videtur;
717 5486 772 5534 et
820 5479 876 5532 iu
915 5493 979 5533 co
1010 5476 1130 5532 fixis
1176 5477 1315 5546 palis
1362 5490 1528 5530 naves
1576 5475 1820 5545 alligant.
1876 5488 1998 5545 quae

437 5569 618 5623 statim
642 5572 696 5624 in
725 5585 920 5642 aquam
951 5575 1256 5639 emergunt,
1281 5583 1402 5624 cum
1423 5567 1630 5622 balaena
1662 5567 1998 5638 apricatione

436 5660 723 5715 iucaluerit
750 5676 915 5732 seque
962 5659 1017 5717 in
1046 5659 1373 5730 profundum
1413 5658 1777 5718 immerserit:
1837 5659 1998 5715 habet

462 5755 554 5830 (⁸³
587 5751 713 5811 Gen.
750 5772 791 5824 ι,
824 5754 909 5811 l3.

2107 4565 2349 4634 μιμεῖται
2395 4558 2494 4630 τῆς
2538 4560 2663 4631 νηὸς
2703 4558 2770 4612 τὰ
2813 4559 3063 4628 σχήματα
3102 4554 3202 4623 τῆς
3239 4551 3521 4621 κινήσεως,
3566 4547 3664 4600 καὶ

2102 4653 2270 4726 ἐρίζει
2296 4653 2408 4714 τοῖς
2452 4648 2688 4703 πλέουσι.
2719 4646 2957 4718 Ποιήσας
2982 4641 3073 4698 οὖν
3118 4642 3361 4703 σταδίους
3387 4637 3661 4708 τεσσαρά-

2103 4762 2286 4807 κοντα,
2322 4742 2414 4799 καὶ
2447 4742 2733 4805 κοπιάσας,
2770 4738 3017 4809 καθίησιν
3045 4734 3208 4789 αὐτοῦ
3236 4734 3331 4796 τὰς
3362 4731 3659 4801 πτέρυγας,

2102 4838 2195 4892 καὶ
2242 4836 2463 4909 φέρεται
2510 4834 2614 4889 ὑπὸ
2652 4833 2765 4888 τῶν
2810 4831 3068 4903 κυμάτων
3109 4830 3189 4892 εἰς
3227 4826 3318 4880 τὸν
3361 4824 3526 4877 τόπον
3570 4822 3662 4874 τὸν

2101 4931 2252 4986 ἴδιον.

2170 5019 2243 5073 Τὸ
2273 5017 2329 5072 δὲ
2360 5016 2521 5089 κῆτος
2553 5015 2792 5071 καλεῖται
2817 5012 2914 5081 μὲν
2938 5007 3361 5081 Ἀσπιδοχελώνη
3390 5007 3539 5078 παρά
3577 5023 3662 5059 τι-

2100 5130 2213 5167 σιν·
2252 5112 2367 5165 ἔστι
2401 5111 2456 5164 δὲ
2487 5112 2552 5182 τῇ
2586 5107 2743 5177 φύσει
2783 5103 3320 5177 παμμεγεθέστατον,
3355 5101 3431 5162 ὡς
3467 5099 3661 5153 πολλά-

2099 5224 2186 5270 κις
2227 5209 2338 5270 τοῖς
2383 5198 2814 5271 ναυτιλλομένοις
2862 5197 3024 5271 νήσου
3079 5193 3320 5269 μεγάλης
3367 5196 3664 5263 φαντασίαν

2098 5297 2412 5369 ἐμποιῆσαι.
2462 5291 2842 5356 Ἀναδύσαντος
2884 5291 2992 5365 γάρ
3033 5290 3194 5345 αὐτοῦ
3237 5293 3301 5343 ὲκ
3338 5286 3431 5342 τοῦ
3475 5285 3662 5358 βυθοῦ,

2102 5385 2177 5449 ὡς
2200 5386 2336 5440 λίθοι
2355 5388 2575 5458 τραχεῖς
2596 5384 2656 5437 τὸ
2682 5382 2837 5454 σῶμα
2863 5382 3025 5437 αὐτοῦ
3053 5380 3388 5452 έκφαίνεται,
3414 5377 3507 5432 καὶ
3538 5393 3664 5446 περι

2104 5476 2235 5531 αὐτὸ
2277 5477 2478 5542 πάλους
2516 5473 2958 5545 καταπηγνύντες
2987 5470 3305 5544 ὲκδεσμοῦσι
3338 5470 3404 5523 τὰ
3456 5470 3663 5537 σκάφη,

2106 5568 2255 5622 ᾶτινα
2311 5567 2647 5641 παραχρῆμα
2696 5564 2986 5636 βυθίζεται,
3029 5563 3122 5618 τοῦ
3172 5563 3368 5633 κήτους
3423 5556 3530 5612 ὑπὸ
3570 5555 3663 5609 τοῦ

2110 5657 2261 5727 ἡλίου
2283 5656 2780 5731 διαθερμανθέντος,
2810 5656 2905 5711 καὶ
2923 5656 3002 5718 είς
3026 5652 3117 5707 τὸν
3144 5650 3303 5722 βυθὸν
3325 5646 3658 5704 καταδύσανα
