4080 6334
1454 122 1473 147 Ι

326 323 427 382 725

1236 324 1507 383 SPURIA.
1544 357 1612 367 —
1653 323 2010 381 COMMENT.
2050 322 2117 379 ΙΝ
2151 323 2655 385 ΗΕΧΑΕΜΕΒΟΝ.

3467 332 3573 389 728

320 465 442 513 τος’
485 447 599 520 ἔχει
628 448 685 501 δὲ
725 448 878 513 αὐτὸ,
927 450 1019 503 καὶ
1050 449 1207 519 φύσει
1279 450 1499 523 βαρεῖαν
1537 449 1740 520 φωνὴν,
1799 450 1892 502 καὶ

2003 457 2051 503 et
2075 464 2261 503 vocem
2283 462 2525 520 gravem,
2556 456 2611 502 et
2654 445 2797 502 fame
2836 462 2899 502 os
2931 448 3127 518 aperit,
3160 448 3578 505 suavissimum-

321 540 586 609 πεινῆσαν
650 542 885 610 ἀνοίγειν
926 543 987 594 τὸ
1044 543 1245 613 στόμα,
1310 543 1404 595 καὶ
1461 542 1742 614 ἀποφορὰν
1801 542 1893 593 ὲκ-

320 635 563 706 πέμπειν
612 635 1006 705 εὐωδεστάτην,
1054 636 1193 689 ὥστε
1246 636 1371 700 τοὺς
1429 636 1656 706 μικροὺς
1709 633 1897 705 ἰχθύας

317 727 671 798 ἀφέλκεσθαι,
722 729 814 781 καὶ
855 730 934 791 εἰς
976 728 1035 781 τὸ
1082 728 1255 799 στόμα
1307 728 1501 791 αὐτοὺς
1548 727 1702 790 ὅλους
1734 725 1894 780 αὑτοῦ

318 818 785 883 ἐπιστιϐάζεσθαι.
816 821 1074 872 Κατοικεῖ
1102 820 1157 872 δὲ
1200 819 1355 873 τοῦτο
1387 821 1456 872 τὰ
1494 820 1776 872 Ἀτλάντια
1803 837 1897 871 πε-

315 911 456 983 λάγη
488 911 576 965 διὰ
601 911 662 965 τὸ
698 912 944 982 μέγεθος.

388 1004 481 1075 Τῷ
520 1004 577 1058 δὲ
617 1005 924 1076 καρκίνῳή
968 1005 1102 1077 σὰρξ
1142 1004 1236 1059 τοῦ
1279 1005 1499 1075 ὀστρέου
1536 1005 1682 1057 ἐστὶν
1716 1001 1897 1057 ἐδώδι-

320 1112 443 1166 μος,
472 1096 566 1150 καὶ
599 1095 672 1167 μὴ
708 1095 906 1166 ίσχύων
940 1095 1147 1162 ἀνοῖξαι
1190 1095 1298 1149 τῶν
1338 1097 1554 1165 κόγχων
1592 1094 1755 1148 αὑτοῦ
1798 1095 1898 1165 τὴν

318 1185 649 1255 σύμπτυξιν,
694 1186 943 1257 ἐπιτηρεῖ
989 1185 1086 1249 τὰς
1137 1184 1347 1256 πτυχὰς
1393 1185 1558 1238 αὑτοῦ
1612 1183 1898 1248 ἀνοίξαντα

314 1279 378 1329 ὲν
424 1280 537 1340 τοῖς
579 1278 879 1348 ἀπηνέμοις
922 1279 1128 1341 τόποις,
1170 1277 1264 1330 καὶ
1304 1280 1368 1348 τῇ
1418 1277 1558 1348 αὐγῇ
1604 1276 1696 1330 τοῦ
1746 1276 1897 1347 ἡλίου

314 1372 674 1440 τερπόμενον,
714 1370 805 1422 καὶ
846 1366 1024 1423 λαϐὼν
1062 1368 1269 1439 ψηφῖδα
1312 1367 1552 1439 ἐντίθησι
1603 1365 1894 1436 λαθραίως,

317 1466 414 1517 καὶ
442 1463 642 1516 κωλύει
672 1461 769 1534 τὴν
825 1460 1147 1532 σύμπτυξιν,
1194 1462 1287 1515 καὶ
1336 1461 1477 1514 οὕτω
1534 1460 1730 1531 ῥᾳδίως
1769 1458 1900 1512 αὐτὸ

315 1557 628 1610 κατέδεται.

402 1650 459 1701 '0
484 1649 542 1702 δὲ
584 1651 759 1720 ἐχῖνος
816 1647 1301 1721 προγινώσκειτοῦ
1347 1644 1611 1718 χειμῶνος
1640 1644 1736 1715 τὴν
1778 1644 1901 1713 ἐφοο

314 1740 429 1805 δον,
466 1742 559 1793 καὶ
580 1740 786 1813 ψηφῖδα
813 1742 1106 1813 ὑπέρχεται
1132 1740 1266 1814 πρὸς
1288 1740 1348 1792 τὸ
1376 1738 1450 1809 μὴ
1473 1737 1576 1790 ὑπὸ
1602 1737 1702 1806 τῆς
1728 1739 1897 1808 φορᾶς

315 1833 425 1886 τῶν
456 1833 714 1904 κυμάτων
748 1834 909 1888 αὑτὸν
938 1832 1315 1906 περιάγεσθαι.

402 1924 461 1977 '0
506 1926 562 1978 δὲ
613 1926 905 1991 πολύπους,
955 1924 1339 1997 προσπελάσας
1373 1924 1547 1995 πέτρᾳ
1592 1925 1717 1985 τινὶ,
1765 1925 1893 1994 ὁμό-

316 2034 477 2087 χροος
512 2020 649 2090 αὐτῇ
697 2018 1024 2090 καθέστηκε,
1075 2020 1170 2072 καὶ
1199 2020 1324 2081 τοὺς
1357 2018 1674 2086 ἐγγίζοντας
1709 2017 1895 2089 ἰχθύας

315 2111 382 2180 τῇ
419 2109 597 2181 πέτρᾳ
626 2111 926 2165 κατέδεται.

386 2202 730 2273 Μικρότατον
771 2202 826 2255 δὲ
873 2205 940 2273 τῇ
979 2201 1136 2272 φύσει
1170 2204 1203 2273 ἡ
1249 2200 1458 2272 ἐχενηῒς
1490 2201 1765 2271 τυγχάνει,
1802 2202 1895 2254 καὶ

317 2294 385 2348 τὰ
422 2295 653 2366 μέγιστα
681 2295 789 2349 τῶν
820 2295 1017 2348 πλοίων
1045 2294 1102 2362 ἐξ
1143 2296 1329 2365 οὐρίας
1361 2295 1634 2366 φερόμενα
1661 2295 1892 2365 ἵστησιν,

315 2385 457 2441 ὥστε
488 2386 661 2440 δοκεῖν
685 2388 745 2441 τὸ
776 2387 955 2440 πλοῖον
988 2387 1304 2458 ἐρηρεῖσθαι
1333 2389 1410 2449 εἰς
1440 2387 1501 2439 τὸ
1531 2387 1782 2455 πέλαγος.

392 2478 584 2550 ’Υδρις
625 2477 684 2530 δὲ
733 2477 878 2531 ἐστιν
920 2480 976 2530 ἐν
1012 2478 1090 2548 τῷ
1141 2476 1391 2549 ποταμῷ,
1441 2478 1654 2549 μορφὴν
1700 2477 1894 2548 ἔχουσα

320 2572 516 2637 κυνὸς,
565 2571 687 2641 ἥτις
731 2570 825 2623 τοῦ
874 2570 1216 2641 κροκοδείλου
1262 2570 1431 2643 ἐχθρὰ
1477 2570 1752 2639 τυγχάνει,
1802 2571 1895 2623 καὶ

314 2663 533 2732 ἀναιρεῖ
562 2660 749 2713 τοῦτον
796 2660 1143 2715 καθεύδοντα.
1190 2661 1262 2713 Τὸ
1311 2661 1419 2732 γὰρ
1472 2661 1648 2733 στόμα
1695 2661 1893 2715 ἑαυτοῦ

314 2752 587 2818 διανοίξας
638 2755 667 2805 ό
713 2752 1050 2824 κροκόδειλος
1093 2753 1371 2807 καθεύδει’
1420 2754 1513 2807 καὶ
1545 2755 1576 2825 ὴ
1614 2754 1780 2826 ὓδρις,
1815 2758 1893 2819 εἰς

316 2842 489 2913 πηλὸν
533 2843 729 2914 ἑαυτὴν
778 2843 1135 2911 ὲγκωλύσασα
1190 2844 1253 2916 [Γ.
1308 2845 1684 2916 ὲγκυλίσασαῙ,
1722 2848 1802 2909 εἰς
1834 2848 1894 2899 τὸ

316 2936 500 3005 στόμα
539 2934 703 2987 αὑτοῦ
760 2935 1011 3005 είσπηδᾷ,
1070 2935 1161 2987 καὶ
1206 2935 1379 2988 πάντα
1417 2934 1485 2987 τὰ
1540 2935 1688 2998 ἐντὸς
1729 2935 1892 2990 αὑτοῦ

316 3026 683 3081 κατεσθίουσα
718 3027 930 3098 ἀναιρεῖ
960 3027 1142 3080 αὐτόν.

394 3118 555 3175 Ἔστι
584 3115 639 3168 δὲ
670 3119 698 3169 ὁ
721 3116 1057 3188 κροκόδειλος
1092 3117 1276 3188 θηρίον
1308 3117 1441 3188 ὁμοῦ
1473 3120 1564 3171 καὶ
1595 3118 1764 3188 ἰχθὺς,
1801 3119 1895 3172 καὶ

320 3214 471 3283 μέγα
509 3210 614 3262 ἀπὸ
646 3209 886 3280 κεφαλῆς
916 3207 1045 3280 ἄχρι
1090 3211 1274 3281 οὐρᾶς·
1304 3211 1364 3263 οὐ
1400 3211 1496 3280 μὲν
1528 3211 1638 3280 ἔχει
1663 3212 1722 3263 τὸ
1757 3210 1896 3264 πλά-

315 3323 413 3368 τος
441 3300 537 3354 τοῦ
572 3301 832 3372 μεγέθους
869 3303 1149 3370 ἀνάλογον.
1194 3304 1258 3355 'lI
1289 3303 1347 3355 δὲ
1387 3303 1519 3374 δορά
1553 3302 1715 3358 αὐτοῦ
1744 3303 1898 3367 λεπὶς

314 3394 579 3464 τυγχάνει
611 3394 767 3466 ρυτὴ,
801 3396 895 3447 καὶ
927 3397 959 3465 ἡ
992 3395 1147 3466 χροιὰ
1185 3396 1277 3448 τοῦ
1319 3395 1487 3448 νώτου
1519 3396 1681 3449 αὐτοῦ
1724 3396 1898 3469 πέτρᾳ.

320 3486 555 3558 μελαίνῃ
588 3485 782 3549 ἔοικεν,
825 3487 857 3556 ἡ
898 3485 953 3536 δὲ
983 3486 1194 3556 γαστὴρ
1237 3485 1423 3556 λευκῇ.
1455 3485 1617 3549 Πόδες
1650 3486 1707 3539 δὲ
1732 3487 1897 3539 αὑτοῦ

317 3580 432 3631 εἰσὶ
471 3576 752 3648 τέσσαρες,
803 3578 881 3639 εἰς
930 3575 995 3627 τὸ
1030 3576 1256 3643 πλάγιον
1297 3576 1477 3647 ἠρέμα
1520 3578 1893 3648 κυρτούμενον

319 3663 508 3727 καθὼς
538 3664 641 3734 τῆς
668 3664 924 3735 χερσαίας
957 3664 1216 3734 χελώνης,
1248 3664 1386 3735 οὑρά
1432 3666 1621 3737 μακρά
1663 3669 1755 3720 καὶ
1796 3686 1900 3721 πα-

317 3761 465 3831 χεῖαν
509 3758 607 3829 τῆς
654 3758 861 3827 ῥάχεως
911 3758 1019 3830 γάρ
1060 3760 1206 3811 ἐστιν
1254 3758 1374 3822 ἑνὸς
1414 3761 1602 3814 ὀστέου
1648 3763 1894 3835 τελευτή.

334 3851 693 3922 Ἐντέτμηται
733 3851 790 3902 δὲ
822 3850 1023 3904 ἄνωθεν
1057 3852 1138 3914 εἰς
1177 3851 1437 3917 ἀκάνθας,
1473 3854 1567 3905 καὶ
1597 3856 1733 3907 εἰσὶν
1765 3855 1899 3909 ὡσεὶ

318 3944 434 4000 τῶν
460 3946 697 4017 πριόνων
720 3945 914 4016 ἀκμαὶ,
945 3950 1037 4003 καὶ
1062 3945 1254 3998 τύπτει
1288 3946 1345 3996 ὲν
1373 3946 1508 4017 αὐτῇ
1539 3946 1675 4017 πρὸς
1704 3946 1797 4011 οὒς
1833 3946 1899 4001 ἂν

320 4037 550 4111 παλαίῃ.
584 4037 699 4092 Μία
729 4038 784 4090 δὲ
820 4037 981 4092 αὐτοῦ
1009 4039 1125 4091 ἐστὶ
1159 4038 1364 4109 κεφαλὴ
1401 4041 1513 4102 τοῖς
1558 4038 1748 4103 νώτοις
1777 4056 1898 4093 συν-

323 4133 685 4204 υφαινομένη,
732 4131 825 4185 καὶ
864 4133 941 4196 εἰς
987 4132 1113 4201 μίαν
1156 4131 1440 4202 ἰθυνομένη
1490 4132 1755 4203 στάθμην·
1807 4133 1901 4186 καὶ

327 4227 415 4295 ἐφ’
437 4227 561 4279 ὅσον
590 4225 648 4277 οὐ
680 4223 895 4294 κέχηνε,
925 4222 1114 4295 θηρίου
1143 4224 1257 4276 ἐστὶ
1279 4222 1509 4295 κεφαλὴο
1541 4223 1636 4276 ἐὰν
1657 4224 1714 4276 δὲ
1739 4223 1896 4297 χάνῃ,

323 4320 448 4372 ὅλον
497 4317 669 4387 στόμα
724 4316 954 4384 γίνεται,
1011 4315 1173 4387 μέχρι
1224 4317 1333 4371 τῶν
1378 4313 1545 4386 ὤμων
1597 4317 1657 4368 τὸ
1714 4317 1900 4388 χάσμα

328 4428 578 4465 ποιουσα.

1999 558 2105 612 que
2143 541 2365 597 odorem
2422 543 2654 609 emittit;
2692 541 2766 595 ita
2798 549 2857 595 ut
2908 540 3181 610 pisciculi,
3232 542 3376 598 illius
3408 543 3577 600 odore

1999 635 2169 696 ducti,
2222 650 2416 689 omnes
2466 635 2630 688 simul
2685 633 2738 686 in
2771 632 2891 702 ejus
2937 648 3034 687 ore
3084 636 3577 704 constipentur;et

2000 733 2226 797 propter
2260 726 2583 781 immensam
2626 726 2823 781 molem
2862 724 3194 780 Atlanticum
3242 740 3394 780 mare
3424 725 3578 781 inco-

1999 816 2078 869 lit.

2074 1016 2273 1072 Cancri
2332 1025 2640 1071 ostrearum
2697 986 2919 1071 aluntui-
2961 1019 3241 1082 carnibus,
3285 1021 3399 1089 qui,
3452 1034 3576 1074 cum

2000 1123 2189 1163 earum
2221 1116 2394 1163 testas
2422 1109 2574 1164 ﬁrme
2607 1118 2925 1164 contractas
2962 1111 3176 1181 aperire
3205 1127 3312 1166 non
3337 1113 3574 1177 valeant,

2002 1202 2054 1257 in
2082 1217 2270 1257 earum
2299 1203 2475 1272 plicas
2514 1204 2566 1257 in
2608 1204 2742 1258 locis
2768 1204 2997 1273 placidis
3025 1215 3079 1259 et
3109 1205 3241 1260 solis
3275 1205 3444 1261 radiis
3482 1222 3578 1277 pa-

2002 1301 2200 1355 tentes,
2234 1295 2507 1348 calculum
2543 1304 2821 1364 arreptum
2848 1295 2985 1349 clam
3033 1296 3342 1365 imponunt,
3376 1312 3579 1368 easque

2002 1386 2205 1441 frustra
2242 1403 2299 1442 se
2334 1387 2659 1441 contrahere
2694 1394 2967 1443 tentantes
2997 1387 3310 1445 comedunt.

2074 1647 2270 1703 Echini
2323 1649 2590 1705 sazvitiam
2646 1652 2813 1707 maris
2868 1654 3219 1723 prtesagiunt,
3254 1656 3577 1727 lapillosque

2001 1740 2241 1795 subeunt
2291 1741 2456 1808 amvi,
2507 1758 2578 1798 ne
2626 1758 2892 1814 aquarum
2950 1745 3288 1801 volutatione
3345 1749 3576 1805 mobiles

1931 1806 1971 1860 Β
2006 1828 2280 1884 hincinde
2314 1806 2619 1888 trahantur.

2074 1921 2311 1994 Polypus
2348 1924 2413 1977 ad
2441 1925 2856 1981 similitudinem
2890 1926 2994 1982 loci
3024 1944 3185 1998 quem
3217 1930 3432 2001 attingit
3480 1946 3575 1985 co-

2003 2017 2173 2071 lorem
2208 2024 2400 2084 mutat,
2457 2018 2886 2090 adnatantesque
2930 2021 3224 2090 pisciculos
3264 2022 3330 2076 ad
3365 2030 3572 2093 petram

2002 2118 2253 2165 venatur.

2074 2203 2170 2259 Est
2206 2217 2407 2273 parvus
2438 2203 2728 2257 admodum
2766 2204 2931 2274 piscis
2960 2204 3215 2259 echeneis
3244 2205 3571 2275 appellatus,

2003 2294 2251 2366 ingentes
2273 2310 2440 2350 naves
2469 2296 2657 2365 plenas
2691 2298 2868 2350 ventis
2898 2295 3182 2353 adltzerens
3204 2306 3469 2362 moratur,
3498 2299 3574 2352 ita

2004 2399 2062 2443 ut
2091 2388 2400 2443 immobiles
2421 2397 2566 2443 stare
2584 2388 2892 2443 videantur.

2074 2477 2275 2551 llydris
2302 2479 2357 2534 in
2392 2478 2711 2536 ﬂuminibus
2742 2480 2896 2544 vivit,
2926 2481 3125 2537 canino
3151 2482 3349 2553 capite,
3381 2497 3575 2538 croco-

2000 2573 2111 2627 dilo
2134 2573 2349 2629 infensa
2370 2590 2530 2645 quem
2560 2581 2612 2629 et
2641 2590 2834 2630 somno
2865 2576 3102 2647 sopitum
3131 2577 3411 2633 interimit.
3441 2578 3579 2633 Cro-

2001 2668 2213 2722 codilus
2241 2667 2388 2722 enim
2420 2668 2620 2724 dormit
2650 2668 2820 2722 hianti
2849 2684 2963 2735 ore,
3000 2676 3053 2724 et
3085 2669 3291 2741 hydrus
3318 2672 3432 2726 luto
3462 2687 3576 2727 caa-

2001 2773 2181 2828 noque
2208 2759 2486 2821 obvoluta,
2524 2758 2577 2811 in
2606 2774 2670 2815 os
2699 2759 2892 2825 insilit,
2931 2767 2984 2815 et
3010 2761 3364 2819 interioribus
3396 2764 3573 2817 omni-

2001 2850 2106 2906 bus
2135 2851 2314 2907 exesis
2344 2851 2566 2907 occidit.

2073 3118 2343 3173 Caeterum
2386 3116 2698 3173 crocodilus
2728 3126 2811 3171 est
2847 3117 3026 3172 bellua
3069 3119 3233 3173 simul
3280 3126 3334 3173 et
3369 3119 3570 3191 piscis:

2001 3212 2221 3281 longum
2255 3211 2397 3264 inter
2428 3220 2589 3279 caput
2618 3218 2671 3264 et
2692 3210 2921 3264 caudam
2977 3212 3211 3279 spatium
3244 3212 3570 3278 intercedit;

2001 3303 2096 3358 sed
2124 3302 2449 3373 longitudini
2478 3301 2707 3357 latitudo
2747 3303 3099 3371 proportione
3151 3304 3568 3374 haudquaquam

2001 3396 2333 3466 respondet;
2368 3393 2513 3448 cutis
2548 3395 2792 3464 squamis
2813 3394 3026 3464 asperis
3063 3395 3389 3462 obducitur;
3422 3397 3572 3451 color

2001 3486 2151 3542 dorsi
2190 3493 2356 3556 petrae
2386 3486 2553 3555 nigrae
2617 3485 2813 3541 similis
2871 3494 2976 3549 est,
3010 3486 3166 3540 alvus
3216 3486 3376 3554 alba;
3406 3488 3571 3555 pedes

2000 3587 2256 3649 quatuor,
2289 3578 2342 3630 in
2368 3577 2646 3646 obliquum
2686 3578 2887 3632 sensim
2921 3577 3154 3643 curvati,
3195 3577 3373 3647 qualis
3405 3584 3573 3632 terre-

2002 3669 2133 3725 stris
2184 3668 2514 3735 testudinis;
2552 3669 2725 3724 cauda
2778 3669 3010 3741 oblonga
3056 3677 3109 3724 et
3159 3685 3368 3735 crassa,
3404 3671 3573 3740 spinae

2000 3762 2144 3817 enim
2182 3762 2346 3817 unius
2372 3761 2519 3817 ossis
2544 3772 2630 3815 est
2662 3761 2953 3826 terminus,
2988 3761 3148 3831 cujus
3173 3762 3423 3831 superior
3444 3777 3573 3833 pars

2003 3860 2242 3910 serratas
2304 3853 2464 3909 habet
2520 3857 2740 3917 cristas,
2803 3854 3018 3924 illisque
3074 3854 3239 3909 veluti
3296 3869 3573 3909 serrarum

2002 3946 2372 4010 acuminibus,
2410 3961 2521 4016 quo
2556 3961 2678 3999 cum
2710 3955 2902 4010 certat,
2947 3947 3201 4015 percutit.
3231 3945 3405 4016 Caput
3426 3947 3574 4002 illius

2004 4037 2247 4092 humeris
2273 4036 2609 4107 adiungitur,
2642 4044 2697 4091 et
2751 4036 2818 4090 ad
2848 4036 3113 4091 amussim
3158 4035 3423 4090 directum
3466 4043 3570 4097 est,

2002 4127 2154 4181 nullo
2182 4135 2478 4197 apparente
2529 4126 2880 4190 discrimine;
2923 4132 2978 4179 et
3022 4122 3262 4194 quandiu
3296 4139 3403 4178 non
3435 4122 3569 4186 hiat,

2002 4220 2194 4274 bellua;
2222 4229 2387 4289 caput
2410 4228 2494 4273 est
2518 4236 2541 4285 ς
2563 4218 2655 4272 ubi
2694 4218 2878 4280 hiarit,
2913 4223 3087 4270 totum
3133 4233 3205 4272 os.
3238 4216 3316 4280 lit,
3353 4227 3409 4272 ut
3446 4224 3571 4287 pote

2000 4313 2099 4383 qui
2126 4312 2199 4367 ad
2220 4312 2476 4367 humeros
2508 4327 2681 4381 usque
2708 4310 2913 4363 hiatum
2950 4309 3241 4381 protendit.

410 4504 469 4555 Ὀ
497 4502 552 4555 δὲ
584 4501 872 4572 λεγόμενος
900 4499 1277 4571 ἱπποπόταμος
1315 4500 1482 4552 ἵππου
1520 4500 1617 4571 μὲν
1644 4502 1767 4564 τοὺς
1800 4500 1897 4553 πό-

2074 4492 2512 4564 Hippopotamus
2568 4491 2785 4561 equinis
2840 4490 3071 4560 pedibus
3120 4497 3173 4544 et
3201 4497 3408 4553 ventre,
3467 4489 3572 4543 nisi

323 4596 423 4657 δας
450 4592 561 4664 ἔχει
589 4595 681 4647 καὶ
713 4593 811 4663 τὴν
838 4590 1096 4662 γαστέρα,
1136 4590 1231 4661 τὴν
1271 4591 1327 4643 δὲ
1366 4589 1535 4661 ὁπλὴν
1573 4591 1793 4660 σχιστὴν
1825 4592 1898 4655 ώς

325 4686 519 4759 χηλὴν,
551 4684 716 4756 οὐρὰν
757 4687 984 4754 παχεῖαν
1018 4685 1112 4737 καὶ
1139 4682 1299 4755 ψιλὴν
1339 4684 1560 4755 τριχῶν,
1592 4685 1672 4736 ὅτι
1707 4685 1800 4737 καὶ
1842 4684 1902 4736 τὸ

326 4782 437 4833 πᾶν
484 4778 577 4833 τοῦ
629 4776 878 4848 σώματος
925 4776 1098 4841 οὕτως
1144 4777 1278 4847 ἔχει,
1334 4776 1575 4847 κεφαλὴν
1630 4777 1900 4848 περιφερῆ

328 4872 529 4943 μικρὸν
560 4871 660 4940 τῆς
707 4871 874 4923 ἵππου
924 4871 1156 4941 παρειᾶς
1196 4868 1473 4940 διάφορον,
1520 4868 1613 4921 καὶ
1666 4868 1776 4939 ἔχει
1812 4886 1902 4922 κε-

328 4964 531 5035 χηνότα
584 4963 675 5015 τὸν
725 4962 996 5034 μυκτῆρα,
1052 4960 1276 5031 πυρώδη
1320 4960 1544 5024 καπνὸν,
1587 4960 1661 5025 ώς
1709 4962 1772 5014 ἐκ
1807 4979 1905 5015 κα-

330 5056 509 5125 μίνου,
581 5054 831 5118 τωέοντα,
882 5056 1041 5123 γένυν
1107 5054 1385 5107 πλατεῖαψ
1437 5054 1595 5125 μέχρι
1642 5054 1753 5126 γὰρ
1795 5055 1903 5109 τῶν

327 5148 617 5221 κροτάφων
682 5148 885 5215 ἀνοίγει
946 5146 1007 5199 τὸ
1070 5146 1263 5218 στόμα.
1342 5146 1548 5200 Ὀδοῧσι
1633 5146 1689 5199 δὲ
1759 5146 1904 5201 ἔνδον

326 5239 529 5311 τριχῶς
565 5239 940 5303 πεπύκνωται,
985 5238 1121 5308 ἔχων
1153 5238 1291 5311 πρὸς
1317 5238 1526 5302 τούτοις
1567 5238 1660 5292 δύο
1691 5239 1907 5302 ὀδόντας

328 5332 665 5402 ἐπικαμπεῖς
698 5331 772 5395 ὡς
806 5330 949 5393 συός.
985 5332 1094 5383 Καὶ
1120 5330 1265 5382 ἔστιν
1282 5329 1733 5400 ἀδδηφαγώτατον
1762 5329 1904 5394 ὅλον,

327 5420 479 5492 λήϊον
534 5422 720 5475 ποιοῦν
772 5422 995 5491 τροφήν.
1045 5420 1252 5493 ’Λπάτῃ
1289 5420 1344 5473 δὲ
1394 5421 1627 5493 θηρᾶται
1663 5420 1902 5493 τοιαύτῃ.

343 5512 728 5585 Ἐπιτηροῦσιν
796 5511 959 5566 αὐτοῦ
1032 5513 1131 5576 τὰς
1177 5511 1478 5582 διατριϐάς,
1539 5515 1633 5567 καὶ
1693 5514 1908 5586 ὄρυγμα

335 5607 571 5669 ποιοῦσι,
600 5608 693 5659 καὶ
735 5606 953 5677 καλάμῃ
992 5604 1123 5658 αὐτὸ
1163 5604 1500 5673 στεγάζουσι,
1547 5608 1640 5659 καὶ
1681 5609 1909 5679 ὲπιχων-

336 5700 521 5754 νύουσι
574 5698 806 5769 ψάμμῳ,
843 5700 935 5751 καί
975 5697 1181 5762 ξύλινον
1213 5697 1396 5751 ἱστῶσι
1436 5699 1674 5752 κάτωθεν
1705 5700 1907 5772 οἴκημα

341 5796 461 5870 ἕχον
506 5793 858 5870 ἀνεῳγμένας
892 5791 989 5858 τὰς
1027 5792 1195 5865 θύρας
1223 5795 1300 5857 εἰς
1334 5790 1423 5843 τὸν
1450 5787 1642 5861 ὄροφον
1695 5791 1787 5845 τοῦ
1823 5792 1909 5863 βό-

2004 4585 2151 4655 quod
2184 4585 2405 4656 ungulis
2435 4583 2635 4649 biﬁdis,
2669 4584 2861 4654 quales
2911 4583 3118 4650 bobus;
3150 4583 3320 4638 cauda
3363 4585 3413 4638 ei
3454 4582 3577 4638 bre-

2005 4680 2089 4733 vis
2115 4685 2219 4740 est,
2251 4686 2303 4731 et
2335 4678 2565 4746 pilorum
2596 4677 2908 4745 asperitate,
2927 4676 3381 4745 quemadmodum
3408 4677 3573 4731 etiam

2004 4784 2204 4839 corpus
2230 4769 2521 4839 reliquum,
2553 4784 2777 4835 carens;
2802 4767 3294 4838 caputrotundum,
3326 4783 3573 4835 parvum,

2004 4860 2077 4914 ab
2094 4859 2310 4929 equinis
2356 4858 2594 4913 maxillis
2650 4856 2959 4920 diversum;
2988 4871 3149 4910 nares
3185 4872 3442 4926 perquam
3480 4872 3575 4927 pa—

2005 4952 2152 5017 tula),
2176 4966 2237 5005 ac
2266 4951 2493 5021 ignitum
2518 4950 2748 5012 fumum,
2768 4956 3025 5018 tanquam
3054 4948 3194 5019 ignis
3215 4948 3577 5017 scaturigines

2005 5046 2271 5116 quaedam,
2310 5044 2604 5113 spirantes,
2632 5050 2871 5098 mentum
2902 5043 3091 5106 latum,
3126 5041 3324 5096 etenim
3349 5040 3415 5093 ad
3440 5050 3578 5094 tem,

2008 5154 2142 5209 pora
2163 5154 2336 5207 usque
2361 5136 2568 5190 hiatum
2603 5136 2900 5204 protendit,
2932 5144 2984 5190 et
3039 5134 3181 5187 trina
3211 5132 3456 5187 dentium
3488 5147 3579 5187 sco

2006 5235 2088 5287 rie
2153 5231 2538 5300 constipatur:
2593 5238 2789 5298 praeter
2842 5228 2943 5283 hos
2973 5234 3027 5280 et
3076 5226 3275 5295 gemini
3310 5223 3578 5294 prodeunt

2008 5327 2158 5381 curvi
2184 5323 2434 5395 aprugni,
2469 5338 2606 5392 quos
2641 5321 2866 5376 cauinos
2906 5325 3129 5385 vocant;
3172 5318 3336 5372 nullis
3379 5318 3580 5372 bestia-

2009 5433 2129 5472 rum
2164 5417 2464 5472 voracitate
2499 5414 2747 5479 inferior,
2783 5413 2856 5466 ita
2888 5420 2947 5466 ut
2976 5417 3157 5482 segete
3178 5411 3396 5481 plenum
3426 5423 3579 5462 cam-

2009 5526 2136 5581 pum
2188 5512 2461 5573 absumat,
2516 5509 2841 5579 capiturque
2894 5507 2996 5560 hoc
3054 5506 3201 5560 dolo.
3262 5500 3581 5558 Observatis

2008 5604 2155 5659 enim
2185 5602 2321 5657 locis
2352 5602 2404 5655 in
2444 5602 2645 5670 quibus
2673 5600 2841 5671 degit,
2867 5606 3157 5654 venatores
3190 5596 3394 5651 fossam
3417 5610 3580 5648 exca-

2009 5704 2160 5759 vant,
2216 5693 2687 5762 arundinibusque
2758 5692 2917 5762 quasi
2965 5698 3167 5746 tectum
3224 5687 3578 5757 contignant,

2012 5802 2282 5859 arenaun
2302 5785 2656 5857 cooperiunt;
2682 5786 2737 5840 iu
2761 5799 2930 5857 caque
2954 5797 3138 5839 arcam
3181 5782 3415 5850 ligneam
3452 5778 3586 5833 sub-
