4080 6334
505 350 609 406 "27

1375 351 1430 407 S.
1473 349 1918 407 EUSTATHIUS
1955 341 2444 404 ANTIOCHENUS
2482 344 2876 401 EPISCOPUS.

2566 112 2591 145 ἱ

3627 351 3733 408 ⁷28

444 490 449 493 -
499 470 713 537 itciunt,
743 467 901 537 cujus
918 466 1062 522 fores
1085 466 1142 522 in
1172 468 1454 539 superiore
1482 476 1639 538 parte
1677 467 1745 521 ad
1778 466 1939 522 fossae
1989 463 2068 518 al-

2178 460 2318 533 99ou-
2351 463 2446 517 καὶ
2483 463 2678 527 ἐπιϐάς
2709 465 2736 516 ὁ
2766 461 2869 535 θὴρ
2897 461 3108 532 ἀφελῶς
3133 463 3420 534 ἐμπίπτει,
3447 465 3541 519 καὶ
3570 466 3648 530 εἰς
3673 468 3737 521 τὸ

502 560 788 615 titudinem
848 556 1118 627 adaperta:
1168 566 1326 626 sunt;
1361 566 1416 614 et
1460 560 1637 613 bellua
1697 572 1814 612 eam
1847 570 2071 628 snpera-

504 650 817 707 scendeudo
845 650 1247 705 inconsiderate
1291 651 1514 714 decidit,
1562 658 1617 705 et
1674 650 1729 704 in
1777 662 1959 703 arcam
1988 648 2074 702 de-

505 743 633 807 lata,
668 741 986 796 includitur.
1018 740 1428 812 Venatoresque
1449 741 1698 797 celeriter
1726 748 2072 796 accurrentes

504 833 869 902 concludunt;
903 836 1207 889 secundum
1238 836 1380 889 enim
1412 836 1480 890 ab
1510 836 1795 905 elephante
1832 832 1964 887 Indo
1985 848 2074 886 ro-

503 924 649 979 boris
719 924 898 979 locum
958 926 1202 988 obtinet,
1282 925 1768 995 magnitudineque
1825 923 2072 993 corporis

507 1016 805 1071 maximum
828 1030 1098 1086 quemque
1130 1002 1320 1071 bovem
1343 1017 1663 1087 aequiparat.

577 1108 765 1165 Pisces
821 1109 1103 1165 continent
1153 1109 1209 1164 in
1241 1125 1301 1165 se
1354 1126 1603 1181 magnam
1658 1111 1764 1167 vim
1792 1110 1990 1166 caloris
2019 1117 2073 1165 et

506 1204 757 1262 acutam;
790 1214 958 1268 quare
982 1207 1035 1254 et
1064 1199 1330 1256 citissime
1386 1215 1506 1270 quae
1534 1203 1819 1267 devorant,
1871 1210 2073 1272 puncto

508 1288 769 1357 temporis
791 1290 1088 1346 esculentis
1110 1291 1166 1345 in
1206 1298 1395 1348 ventre
1433 1292 1876 1363 putrescentibus
1921 1294 2073 1365 dige-

508 1385 653 1432 runt.
746 1446 753 1454 _

579 1469 782 1541 Vulpes
809 1471 1055 1536 marinae,
1092 1471 1184 1527 ubi
1206 1473 1499 1543 piscatoris
1542 1474 1771 1530 insidias
1793 1474 2073 1532 declinare

510 1575 621 1615 non
653 1562 854 1627 valent,
907 1560 1070 1615 hamo
1097 1560 1378 1628 devorato,
1415 1564 1728 1620 exsilientes
1780 1573 1835 1619 et
1877 1581 2076 1621 excur-

511 1659 715 1716 rentes,
749 1652 931 1707 funem
957 1650 1272 1722 praerodunt
1297 1661 1352 1708 et
1375 1654 1596 1709 abeunt.

578 1831 897 1887 Crocodilus
917 1831 1094 1887 bellua
1124 1839 1209 1887 est
1252 1832 1532 1887 hominum
1563 1846 1748 1887 vorax.
1809 1829 2076 1903 Tempore

511 1922 710 1988 coitus,
740 1938 1022 1995 emergens
1077 1939 1108 1979 e
1151 1922 1391 1990 ﬂumine,
1422 1923 1677 1980 feminam
1727 1939 1894 1994 prope
1928 1925 2076 1994 ripas

512 2014 795 2070 adversam
828 2015 1077 2085 projicit;
1112 2014 1203 2069 hic
1226 2030 1459 2085 namque
1486 2016 1636 2070 solus
1668 2014 1896 2083 supinus
1925 2028 2077 2069 com-

512 2107 674 2175 plexu
705 2121 937 2161 venereo
958 2105 1243 2176 jungitur;
1265 2105 1523 2175 deinceps
1556 2105 1809 2160 manibus
1831 2120 1950 2160 eam
1990 2120 2077 2160 su-

511 2204 802 2253 stentatam
831 2213 1025 2254 rursus
1053 2199 1358 2265 convertit;
1390 2198 1437 2254 si
1485 2213 1607 2252 cum
1634 2198 1740 2252 alio
1782 2213 1903 2252 eam
1947 2213 2078 2253 con-

511 2288 768 2344 cubuisse
797 2292 1142 2359 compererit,
1200 2291 1419 2345 avidum
1459 2306 1519 2346 se
1576 2306 1699 2347 esse
1751 2289 1980 2347 Veneris
2008 2290 2078 2345 si-

512 2379 749 2445 mulans,
817 2377 1270 2448 quemadmodum
1329 2380 1500 2449 prius.
1568 2378 1851 2435 adversam
1909 2380 2077 2435 odore

512 2468 872 2539 deprehendit
898 2469 1005 2539 (est
1042 2471 1188 2525 enim
1246 2471 1391 2526 circa
1442 2472 1545 2527 hoc
1572 2470 1825 2526 acerrimi
1853 2471 2075 2542 sensus)

512 2561 724 2616 incesto
749 2559 954 2632 ﬂagitio
983 2569 1037 2617 et
1063 2570 1253 2633 stupro
1302 2563 1602 2635 pollutam;
1636 2563 1766 2619 hinc
1805 2564 2076 2635 unguibus

517 2650 640 2705 alvo
661 2651 893 2720 disjecta
939 2653 1149 2708 viscera
1176 2654 1324 2710 illius
1352 2655 1598 2710 devorat.
1651 2654 1710 2709 ln
1749 2663 1936 2710 ventre
1972 2663 2080 2712 ete-

513 2742 625 2796 nim
661 2744 840 2801 mollis
871 2753 976 2810 est,
1012 2747 1300 2817 tenuisque
1324 2748 1468 2803 cutis
1507 2748 1823 2803 crocodilo:
1851 2747 2074 2803 dorsum

513 2834 634 2906 ejus
659 2836 892 2891 maxima
911 2852 1261 2907 squamarum
1287 2839 1542 2895 ﬁrmitate
1571 2847 1839 2894 armatum
1877 2849 1979 2905 est,
2002 2839 2078 2893 ita

516 2937 576 2982 ut
601 2935 656 2984 et
679 2929 1055 2985 acutissimum
1080 2929 1284 2986 ferrum
1323 2931 1575 2987 adactum
1605 2932 1922 3000 hebescens,
1954 2938 2078 2988 cute

514 3022 716 3092 injecta
741 3022 1093 3092 repercutiat.

583 3197 896 3254 Producant
924 3216 1072 3272 aqua:
1101 3200 1339 3256 volatilia
1360 3203 1661 3258 animarum
1690 3202 1969 3260 viventium
2008 3203 2073 3271 ",

513 3303 568 3349 et
590 3293 712 3349 sine
738 3293 846 3348 ulla
872 3308 1023 3350 mora
1053 3294 1335 3349 volucrum
1364 3296 1547 3352 omnis
1599 3297 1813 3367 generis
1843 3312 1937 3354 aer
1965 3296 2079 3369 ple-

513 3384 798 3442 nissimus.
836 3384 946 3442 Iliae
974 3402 1042 3442 ex
1076 3386 1234 3457 aquis
1282 3395 1462 3443 ortum
1494 3387 1716 3452 habent,
1751 3395 1880 3444 sunt
1932 3388 2078 3444 enim

512 3493 641 3534 cum
672 3479 918 3549 piscibus
937 3481 1264 3551 cognatione
1308 3482 1542 3551 quadam
1569 3490 1624 3538 et
1668 3481 1926 3538 aﬂinitate
1948 3498 2081 3539 con-

508 3569 733 3639 junctae.
782 3570 970 3628 Pisces
1014 3571 1214 3643 quippe
1257 3572 1468 3627 alarum
1504 3581 1683 3629 meatu
1734 3588 1906 3645 aquas
1936 3573 2078 3630 divi-

513 3662 694 3718 dendo
723 3670 1047 3731 transnant;
1079 3665 1161 3720 sic
1182 3672 1237 3719 et
1277 3665 1529 3721 volucres
1554 3666 1749 3736 pennis
1779 3682 1876 3736 per
1899 3680 2078 3723 aerem

516 3756 976 3825 transvebuntur;
1021 3758 1214 3812 harum
1269 3758 1538 3828 quaedam,
1596 3761 1917 3824 carnivom,
1973 3774 2074 3816 suo

516 3857 699 3918 aptam
719 3847 938 3918 ingenio
967 3849 1317 3918 moribusque
1337 3849 1802 3905 accommodatam
1834 3849 2081 3921 corporis

514 3939 960 3996 constitutionem
989 3947 1163 3995 nacta:
1191 3950 1340 4008 sunt,
1390 3941 1653 4011 unguium
1707 3941 2077 4006 tenacitatem,

513 4043 819 4090 rostrorum
872 4035 1267 4101 aduncitatem,
1325 4038 1535 4091 alarum
1589 4037 1993 4108 pernicitatem,
2018 4045 2080 4091 ut

516 4127 777 4184 facillimo
824 4128 1040 4199 negotio
1071 4128 1334 4184 tenaciter
1384 4130 1626 4199 arripere
1654 4139 1818 4200 atque
1870 4128 2081 4186 discer-

516 4236 646 4293 pere
669 4219 884 4293 possint
910 4228 965 4276 et
988 4221 1266 4287 lacerare;
1319 4221 1568 4292 quaedam
1618 4223 1917 4294 frugilegaa,
1959 4223 2079 4278 aliae

515 4314 601 4369 his
650 4312 904 4369 omnibus
934 4312 1155 4367 aluntur
1211 4321 1265 4369 et
1322 4321 1719 4378 sustentantur,
1749 4322 1805 4370 et
1828 4324 2081 4370 constru-

516 4409 697 4463 ctione
728 4406 872 4463 inter
903 4422 963 4463 se
1007 4405 1265 4461 dili‘erunt
1317 4423 1530 4462 omnes.
1561 4406 1830 4464 Praeterea
1881 4409 2075 4464 harum

2171 554 2376 626 οἴκημα
2398 554 2775 609 κατακλείεται
2807 554 3107 627 φερόμενος
3129 555 3298 609 κάτω.
3330 556 3441 610 Καὶ
3472 557 3520 610 oi
3548 557 3739 628 θηρευ·

2169 648 2259 700 ταὶ
2291 648 2451 712 εὐθὺς
2479 647 2845 702 ἀποκλείουσι.
2875 647 3153 719 Δεύτερον.
3197 686 3211 700 .
3243 689 3257 705 .
3286 688 3302 703 .
3341 689 3356 702 .
3386 647 3509 720 βοὸς
3542 648 3601 703 δὲ
3624 650 3739 721 εχει

2170 740 2230 793 τὸ
2253 740 2437 811 θηρίον
2469 741 2528 793 τὸ
2564 740 2808 811 μέγεθος.
3532 771 3536 775 ‹

2253 1089 2340 1141 Ἐν
2368 1090 2425 1143 δὲ
2460 1092 2570 1153 τοῖς
2605 1088 2783 1161 ίχθύσι
2816 1089 2980 1163 πολλή
3014 1107 3099 1155 τις
3128 1091 3423 1164 ἐνυπάρχει
3451 1091 3626 1166 θέρμη
3655 1094 3746 1149 ἐν-

2169 1179 2340 1245 δοθεν,
2392 1182 2484 1235 καὶ¹
2511 1180 2678 1247 ὀξεῖα·
2710 1183 2790 1237 διὸ
2830 1183 2925 1238 καὶ⁹
2967 1184 3158 1238 θᾶττον
3203 1184 3665 1251 καταπέπτουσιν,
3702 1184 3746 1240 ἃ.

2171 1270 2460 1337 ἐσθίουσιν,
2494 1273 2694 1337 εὐθέως
2717 1273 3128 1346 διασηπομένων
3148 1272 3257 1327 τῶν
3285 1272 3560 1328 ἐδωδίμων
3584 1275 3643 1327 ἐν
3670 1276 3743 1345 τῇ

2170 1364 2368 1435 γαστρὶ
2394 1363 2592 1418 αὐτῶν.

2254 1455 2317 1508 Ἥ
2343 1456 2401 1510 δὲ
2435 1456 2774 1521 θαλαττιαιος
2802 1457 3049 1529 ἀλώπηξ,
3077 1458 3217 1512 ἐπὰν
3238 1442 3241 1445 ί
3263 1458 3338 1529 μὴ
3375 1458 3597 1530 δύνηται
3624 1458 3747 1513 δια-

2171 1549 2365 1620 δράσαι
2397 1549 2494 1621 τὴν
2523 1548 2718 1621 ἄγραν,
2764 1550 3104 1604 καταπιοῦσα
3149 1549 3211 1603 τὺ
3238 1550 3546 1622 ἀγχιστρον,
3592 1549 3747 1616 ἐξαλ-

2173 1639 2373 1713 λομένη
2422 1641 2517 1696 καὶ
2551 1642 2945 1714 ἀνατρέχουσα,
2985 1641 3295 1714 ἀποτρώγει
3325 1641 3423 1713 τὴν
3460 1642 3743 1715 μήρινθον,

2175 1733 2268 1786 καὶ
2300 1732 2596 1803 διαφεύγει.

2255 1826 2312 1879 '0
2341 1825 2398 1878 δὲ
2430 1826 2765 1898 κροκόδειλος
2792 1827 3203 1901 ἀνθρωποόόρον
3249 1825 3347 1899 μέν
3383 1827 3499 1879 ἐστι
3529 1825 3745 1898 θηρίον,

2174 1919 2302 1973 ὅταν
2343 1919 2401 1973 δέ
2448 1920 2616 1994 μέλλῃ
2656 1920 2924 1974 ποιεῖσθαι
2965 1920 3064 1984 τὰς
3104 1919 3302 1990 ὀχείας,
3339 1916 3745 1991 ἀνανηξάμενον

2175 2012 2500 2086 ἀναστρέφει
2536 2000 2633 2084 τήν
2666 2013 2884 2084 θήλειαν
2927 2015 3020 2067 ἐπὶ
3060 2018 3178 2078 ταῖς
3208 2012 3412 2083 ὄχθαις·
3446 2011 3602 2082 μόνος
3629 2011 3747 2085 γὰρ

2175 2096 2325 2165 οὗτος
2362 2100 2549 2167 ὕπτιος
2591 2101 2904 2174 πλησιάζειν
2935 2103 3163 2173 πέφυκε,
3196 2104 3288 2157 καί
3321 2102 3459 2174 μετὰ
3493 2103 3592 2175 τὴν
3619 2104 3748 2174 ὁμι-

2176 2194 2293 2248 λίαν
2338 2194 2498 2248 πάλιν
2544 2197 2662 2258 ταῖς
2703 2195 2889 2267 χερσὶν
2934 2194 3100 2266 αὐτὴν
3126 2193 3493 2264 ἐπικουφίζων
3523 2210 3749 2247 συνεπι-

2177 2289 2425 2360 στρέφειο
2458 2287 2675 2342 ἐπειδάν
2715 2288 2773 2341 δὲ
2817 2287 2985 2358 αὐτὴν
3018 2286 3162 2358 ἄλλῳ
3209 2286 3609 2358 συγγενομένην
3653 2287 3745 2341 ai-

2178 2381 2390 2452 σθῆται,
2438 2379 2891 2451 καθυποκρίνεται
2943 2379 3283 2451 συμμιγῆναι
3328 2379 3486 2450 αὐτῇ,
3537 2379 3633 2432 καὶ
3664 2377 3745 2449 τῷ

2175 2469 2323 2542 αὐτῷ
2363 2469 2547 2541 τρόπῳ
2597 2469 2939 2542 ἀναστρέψας
2984 2469 3152 2541 αὐτὴν
3202 2468 3458 2538 γινώσκει
3510 2469 3600 2523 διὰ
3642 2470 3746 2537 τῆς

2175 2564 2344 2636 ὀδμῆς
2371 2565 2388 2634 (
2410 2567 2518 2634 ἔχει
2547 2563 2655 2638 γάρ
2680 2563 2943 2633 ὀξυτάτην
2969 2563 3098 2635 περὶ
3144 2562 3303 2617 τοῦτο
3322 2564 3421 2634 τὴν
3465 2563 3744 2635 αἴσθησιν)

2177 2657 2265 2726 ὑφ’
2318 2656 2502 2729 ἐτέρου
2540 2657 2856 2728 μιανθεῖσαν
2889 2656 3080 2726 αὐτὴν,
3113 2656 3208 2710 καὶ
3236 2659 3350 2719 τοῖς
3395 2655 3544 2723 ὄνυξι
3584 2655 3744 2728 διαρο

2180 2748 2344 2821 ῥήξας
2364 2748 2460 2819 τὴν
2486 2749 2731 2820 γαστέρα
2754 2749 2945 2820 αὐτῆς,
2962 2749 3139 2802 πάντα
3158 2746 3230 2801 τὰ
3246 2748 3396 2812 ἐντὸς
3424 2749 3596 2819 αὐτῆς
3619 2763 3751 2801 κατι

2175 2839 2361 2893 εσθίει.
2417 2840 2551 2910 Περὶ
2620 2840 2729 2911 γὰρ
2773 2838 2871 2911 τὴν
2921 2840 3159 2911 γαστέρα
3213 2840 3330 2893 ἐστὶ
3372 2839 3639 2911 τρυφερὸν
3681 2839 3750 2893 τὸ

2177 2931 2314 2997 ζῶον
2334 2950 2347 2963 ο
2380 2935 2409 2987 ό
2440 2932 2549 3005 γὰρ
2581 2933 2747 2998 νῶτος
2789 2932 2951 2986 αὐτοῦ
2992 2933 3273 3005 στιϐαραῖς
3296 2933 3503 2987 λεπίσιν
3533 2931 3751 2987 ἐνδέδυ-

2176 3041 2285 3089 ται,
2319 3023 2459 3078 ὥστε
2491 3024 2694 3079 καὶτὸν
2727 3022 2980 3089 ὀξύτατον
3012 3024 3226 3095 σίδηρον
3260 3023 3616 3095 ἐπενεχθέντα
3642 3024 3749 3095 ἀμ-

2179 3112 2483 3169 ὅλύνεσθαι.

2260 3203 2625 3275 Ἐξαγαγέτω
2652 3186 2734 3258 τὰ
2769 3202 2959 3257 ὕδατα
2998 3204 3239 3259 πετεινὰ
3277 3203 3494 3273 ψυχῶν
3520 3202 3744 3270 ζωσῶν,

2177 3294 2271 3348 καὶ
2301 3293 2511 3364 ἀθρόως
2537 3296 2565 3348 ό
2594 3293 2700 3365 ἀὴρ
2735 3293 2988 3348 παντοίου
3019 3295 3207 3363 γένους
3238 3294 3348 3348 τῶν
3383 3295 3610 3367 ὀρνίθων
3646 3313 3747 3348 περ

2177 3385 2479 3458 πλήρωται.
2511 3386 2719 3440 Ἔδωκε
2747 3386 2803 3439 δὲ
2830 3387 3011 3449 αὐτοῖς
3051 3387 3116 3439 ἐκ
3138 3384 3246 3439 τῶν
3287 3385 3496 3439 ὑδάτων
3525 3387 3625 3458 τὴν
3652 3387 3747 3456 γέ-

2178 3494 2345 3542 νεσιν,
2375 3478 2560 3551 ἐπειδὴ
2600 3478 2917 3548 συγγένειάν
2960 3493 3081 3531 τινα
3118 3478 3255 3549 πρὸς
3286 3480 3412 3542 τοὺς
3442 3478 3628 3549 ἰχθύας
3653 3494 3747 3530 κε·-

2178 3571 2502 3644 κλήρωνται.
2562 3571 2649 3634 Ὠς
2685 3570 2886 3651 γάρόί
2936 3570 3119 3643 ίχθύες
3167 3571 3224 3623 ἐν
3264 3573 3333 3642 τῇ
3382 3572 3595 3643 κινήσει
3633 3571 3746 3625 τῶν

2180 3664 2463 3736 πτερύγων
2492 3665 2554 3717 τὸ
2598 3664 2741 3734 ὕδωρ
2771 3663 3047 3735 τέμνουσι,
3077 3663 3171 3717 καὶ
3200 3663 3561 3735 διανήχονται,
3602 3662 3748 3718 οὕτω

2179 3756 2249 3810 τὰ
2276 3755 2493 3810 πετεινά
2518 3757 2629 3821 τοῖς
2662 3759 2880 3828 πτεροῖς
2911 3756 3001 3809 τὸν
3033 3756 3170 3827 ἀέρα
3192 3756 3553 3828 διανήχονται.
3589 3758 3748 3810 Ἔστι

2179 3849 2236 3903 δὲ
2263 3849 2440 3904 αὐτῶν
2474 3848 2543 3903 τά
2571 3850 2668 3921 μὲν
2712 3850 3034 3923 σαρκοφάγα
3064 3850 3375 3921 πρέπουσαν
3402 3850 3746 3921 κατασκευὴν

2179 3941 2273 3995 τοῦ
2321 3941 2524 4013 τρόπου
2573 3941 2674 4012 τῆς
2735 3941 2885 4012 σφῶν
2940 3941 3150 4012 διαίτης
3200 3943 3486 4013 ἐπέχοντα,
3537 3943 3750 4015 ὀνύχων

2181 4033 2384 4104 ἀκμαῖς
2401 4035 2439 4097 ⁸,
2465 4034 2559 4086 καὶ
2583 4033 2754 4104 χεῖλος
2785 4032 3039 4103 ἀγγύλον,
3064 4035 3156 4087 καὶ
3185 4034 3381 4106 πτερὸν
3402 4034 3495 4103 ὀξὺ
3527 4036 3662 4110 πρὸς
3683 4035 3749 4090 τὸ

2183 4123 2380 4195 ῥᾳδίως
2427 4123 2754 4196 ἀναρπάσαι,
2795 4124 2891 4179 καὶ⁵
2926 4124 3222 4179 διασπάσαι
3263 4125 3539 4180 δύνασθαι·
3585 4127 3655 4182 τὰ
3687 4128 3748 4181 δέ

2183 4215 2548 4289 σπερμολόγα,
2590 4216 2659 4270 τά
2697 4216 2754 4271 δὲ
2794 4219 2859 4271 ἐκ
2894 4220 3092 4283 παντὸς
3127 4217 3453 4293 τρεφόμενα.
3495 4221 3603 4274 Καὶ
3626 4221 3752 4275 τού-

2179 4325 2287 4364 των
2315 4310 2589 4381 ἑκατέρων
2632 4312 2665 4383 ὴ
2712 4311 3023 4383 κατασκευὴ
3061 4311 3359 4385 διενήνοχε·
3412 4316 3504 4368 καὶ
3540 4315 3606 4369 τὰ
3650 4316 3751 4386 μέν

2182 4405 2328 4457 ἐστιν
2362 4403 2571 4475 ἀναρχα
2601 4403 2694 4457 καὶ
2734 4404 3022 4475 αὐτόνομα,
3063 4403 3131 4457 τὰ
3163 4404 3220 4457 δέ
3255 4406 3344 4475 ὑφ’
3390 4405 3632 4477 ἡγεμόνα
3659 4405 3750 4458 τέ-

513 4496 761 4565 σιυωιιεηι
821 4497 1129 4568 principatu
1187 4513 1297 4560 non
1351 4506 1624 4567 tenentur,
1676 4498 1771 4555 sed
1823 4500 1907 4555 sui
1940 4500 2077 4569 juris

2185 4513 2401 4561 τακται,
2445 4495 2540 4551 καὶ
2576 4493 2645 4549 τὰ
2685 4494 2783 4566 μέν
2823 4496 2969 4549 ἐστιν
3011 4494 3398 4568 ἐπιδημητικά,
3440 4497 3509 4550 τά
3554 4496 3613 4549 δὲ
3660 4497 3752 4567 ἐγ-

510 4597 672 4656 sunt;
693 4588 938 4660 quaedam
964 4588 1389 4646 dominationem
1412 4591 1635 4647 alterius
1676 4592 1877 4658 ferunt,
1909 4604 1962 4648 et
1996 4594 2080 4649 hac

513 4681 737 4751 quidem
790 4681 1085 4737 invectitiae
1122 4690 1176 4737 et
1215 4684 1645 4754 peregrinantes,
1694 4685 1814 4739 aliae
1866 4686 2076 4756 indige-

512 4786 618 4828 nat.

583 4861 891 4935 Superbum
916 4862 1046 4933 quid
1070 4869 1155 4919 est
1178 4863 1388 4934 gallus;
1415 4872 1473 4918 at
1522 4865 1784 4936 accipiter
1814 4865 2078 4939 singulari

511 4954 889 5013 benevolentia
918 4956 1170 5011 homines
1207 4957 1597 5028 prosequitur;
1635 4960 1860 5014 tradunt
1907 4961 2078 5028 enim,

511 5050 803 5122 accipitres
822 5049 918 5120 qui
944 5049 1001 5105 in
1031 5047 1262 5104 Thracia
1315 5056 1466 5115 sunt,
1498 5066 1651 5121 aeque
1710 5052 1963 5108 homines
1989 5067 2080 5109 so-

509 5143 712 5199 cietate
730 5142 967 5212 quadam
998 5143 1280 5212 aucupari;
1317 5142 1372 5196 in
1412 5143 1566 5199 silvis
1598 5158 1835 5215 namque
1862 5145 2080 5200 densis-

510 5236 669 5293 simis
718 5236 1102 5302 immorantur,
1153 5250 1292 5305 quas
1351 5235 1653 5291 volatilium
1702 5252 1865 5292 omne
1906 5252 2080 5308 genus

509 5326 660 5392 colit,
692 5335 748 5382 et
784 5327 993 5383 habitat
1020 5326 1481 5399 frequentissime,
1509 5337 1566 5383 et
1607 5344 1716 5383 una
1745 5344 1870 5385 cum
1909 5343 2079 5384 aucu-

510 5418 765 5487 pantibus
794 5428 1141 5485 exercentur,
1176 5420 1245 5475 ad
1298 5421 1710 5478 similitudinem
1767 5422 1975 5478 bellica;
1995 5423 2080 5478 di-

511 5513 775 5582 sciplinae,
818 5522 877 5568 ut
902 5522 1131 5570 venatus
1165 5529 1376 5585 aequam
1406 5523 1613 5585 partem
1647 5517 1952 5586 accipiant;
1981 5516 2079 5573 bo-

512 5602 687 5657 mines
729 5605 985 5673 quatiunt
1048 5604 1294 5669 arbores,
1352 5603 1482 5659 hinc
1521 5604 1772 5662 volucres
1831 5607 2080 5663 excitata

585 5768 631 5802 “
660 5767 787 5827 Gen.
818 5788 857 5834 ι.
881 5774 969 5828 20.

2185 4587 2373 4661 χὼρια.

2254 4855 2461 4927 Γαῦρον
2492 4857 2520 4908 ό
2550 4852 2880 4929 ἀλεκτρυὼν,
2915 4856 2945 4908 ὁ
2981 4854 3037 4908 δέ
3064 4854 3215 4926 ἱέραξ
3245 4854 3598 4920 εὐνούστατος
3620 4872 3751 4924 τυγ-

2186 4950 2335 5021 χάνει
2362 4951 2491 5023 περὶ
2520 4948 2611 5003 τὸν
2646 4948 2948 5020 ἄνθρωπον.
2993 4946 3281 5019 ’ἱστοροῦσι
3308 4949 3416 5019 γὰρ
3442 4951 3569 5013 τοὺς
3592 4951 3650 5003 ἐν
3680 4952 3749 5020 τῇ

2184 5043 2375 5117 Θρᾴκῃ
2402 5042 2621 5115 ἱέρακας
2645 5042 2755 5104 τοῖς
2774 5038 3149 5110 ὀρνιθοθήραις
3169 5040 3297 5110 περὶ
3312 5042 3411 5112 τὴν
3428 5040 3601 5114 ἄγραν
3624 5058 3753 5094 συν.

2185 5135 2464 5210 αἰρεσθαισ
2500 5133 2773 5187 ποιοῦνται
2807 5132 2904 5202 μὲν
2930 5130 3041 5203 γὰρ
3076 5130 3174 5193 τὰς
3194 5131 3473 5203 διατριϐὰς
3512 5136 3570 5186 ἐν
3595 5132 3752 5197 ὖλαις

2184 5227 2527 5290 δασυτάταις,
2557 5224 2685 5279 ἔνθα
2717 5224 2847 5294 γένη
2874 5224 2981 5277 τῶν
3006 5224 3234 5297 ὀρνίθων
3268 5224 3618 5287 ἐνδιαιτᾶται,
3654 5226 3750 5280 καὶ

2184 5322 2296 5384 τοῖς
2341 5320 2433 5373 ἐπὶ
2466 5318 2564 5391 τὴν
2604 5319 2780 5390 ἄγραν
2828 5316 2966 5371 ίοῦσι
3006 5317 3406 5379 συντάττονται,
3444 5314 3750 5386 ἰσομοιρίαν

2184 5411 2277 5464 τοῦ
2298 5410 2652 5483 ἀγρευθέντος
2675 5408 2925 5474 δέξασθαι
2942 5425 2954 5437 ·
2980 5408 3074 5461 καὶ
3103 5407 3208 5461 τῶν
3240 5405 3517 5477 θηρευτῶν
3539 5404 3608 5458 τὰ
3628 5404 3750 5459 δέν-

2184 5506 2286 5576 δρα
2330 5503 2693 5567 διασειόντων,
2722 5503 2772 5555 οί
2813 5500 2992 5575 ὄρνεις
3028 5499 3402 5571 τινασσόμενοι
3444 5496 3750 5561 σοϐοῦνται,

2186 5601 2279 5656 καὶ
2303 5600 2643 5665 ἀνίπτανται,
2671 5600 2762 5654 καὶ
2787 5599 2837 5652 οἱ
2869 5596 3085 5669 ἱέρακες
3112 5595 3252 5651 κατά
3280 5592 3519 5666 κεφαλῆς
3547 5591 3751 5647 τούτων
