4080 6334
453 328 554 383 729

1390 327 1663 385 SPURIA.
1703 357 1774 369 —
1811 327 2164 385 COMMENT.
2209 330 2273 385 IN
2308 329 2808 386 HEXAEMERON.

3571 317 3678 370 750

454 451 902 524 δπεριπτάμενοι,
931 451 1030 516 τὰς
1062 451 1302 522 κεφαλὰς
1339 452 1518 506 αὐτῶν
1549 452 1898 517 κολάπτουσι,
1925 470 1996 506 κα

2122 455 2414 524 abiguntur
2443 453 2754 517 etevolant,
2808 451 3098 521 accipitres
3129 451 3540 522 supervolantes
3591 455 3682 511 de-

449 545 528 608 εἱς
552 544 658 615 γῆν
687 546 1137 618 καταρῤίπτουσι,
1172 546 1266 600 καὶ
1293 545 1520 617 εύθηρον
1565 545 1662 617 τὴν
1702 546 1876 616 ἄγραν
1906 548 1997 606 τοῖς

2116 545 2379 614 primunt.
2431 558 2569 614 quas
2601 549 2784 597 rostro
2831 540 3112 611 perforato
3155 541 3334 609 capite
3387 543 3440 596 in
3482 552 3684 601 terram

446 635 752 708 ἀνθρώποις
781 638 1304 709 παρασκευάζουσινο
1332 622 1381 690 οἶ
1401 638 1456 690 δὲ
1481 639 1704 708 ἅσμενοι
1725 639 1821 710 τῆς
1841 639 2015 710 ἄγρας

444 728 614 799 αὐτῆς
638 728 980 800 παραχρῆμα
1014 728 1398 800 μεταδιδόασιν.

511 999 827 1052 Φιλότεκνον
861 998 888 1049 6
921 994 1175 1048 πελεκάν·
1214 993 1426 1068 τρέφων
1455 994 1563 1066 γὰρ
1584 995 1708 1058 τοὺς
1735 994 2008 1059 νεοσσοὺς,

440 1092 702 1145 τύπτεται
737 1091 826 1144 ὑπ’
860 1090 1039 1144 αὐτῶν
1065 1092 1181 1153 ταῖς
1223 1088 1479 1160 πτέρυξιν
1506 1091 1584 1151 είς
1617 1088 1678 1140 τὸ
1701 1089 2006 1158 πρόσωπονο

439 1189 468 1239 6
515 1185 570 1238 δὲ
623 1184 906 1238 κολάπτων
951 1184 1146 1248 αὐτοὺς
1191 1183 1421 1252 ἀναιρεῖ,
1461 1183 1554 1235 καὶ
1594 1180 2008 1250 σπλαγχνισθεὶς

439 1276 625 1330 πενθεῖ
648 1276 739 1328 ἐπὶ
762 1278 908 1346 τρεῖς
929 1274 1140 1346 ἡμέρας
1161 1273 1375 1338 αὐτούς.
1410 1274 1474 1326 Ἦ
1495 1273 1551 1326 δὲ
1578 1274 1759 1344 μήτηρ
1780 1271 2008 1324 ἐλθοῦσα

435 1368 622 1420 ἐπάνω
659 1367 838 1420 αὐτῶν
879 1370 1104 1437 ῥήγνυσι
1146 1365 1244 1438 τὴν
1275 1365 1514 1436 πλευρὰν
1544 1365 1734 1434 αὐτῆς,
1768 1365 1860 1417 καὶ
1885 1365 2006 1416 ὲπι-

437 1459 624 1522 στάζει
666 1458 726 1511 τὸ
751 1454 888 1529 αἷμα
923 1460 1093 1526 αὐτῆς
1137 1460 1229 1512 ἐπὶ
1265 1459 1393 1521 τοὺς
1435 1457 1708 1518 νεοσσοὺς,
1751 1456 1845 1509 καὶ
1874 1455 2008 1519 ζωο-

431 1552 736 1622 γονοῦνται.
767 1547 923 1606 Οὗτοι
965 1552 1020 1605 δὲ
1049 1552 1096 1604 οί
1143 1552 1438 1614 πελεκᾶνες
1469 1548 1566 1612 τὰς
1609 1548 1810 1618 κόγχας
1835 1547 2006 1618 τούτῳ

430 1644 513 1715 τῷ
544 1645 730 1717 τρόπῳ
760 1644 1019 1696 ἐσθίουσν
1059 1643 1132 1714 μὴ
1172 1642 1458 1712 δυνάμενοι
1501 1639 1591 1692 διὰ
1620 1639 1679 1692 τὸ
1718 1638 2003 1709 ἐσφίγχθαι

430 1737 603 1799 αὑτάς
638 1736 865 1789 ἀνελεῖν·
915 1734 1298 1788 καταπίνουσιν
1329 1731 1497 1794 αὐτὰς
1537 1731 1819 1802 πρότερον,
1857 1732 2002 1793 ὅπως

2115 634 2431 704 projiciunt,
2491 635 2678 703 sicque
2707 632 2814 686 illis
2848 631 3160 686 hominibus
3208 629 3334 685 felix
3365 639 3420 685 et
3446 632 3684 690 faustum

2114 726 2404 795 aucupium
2433 732 2791 795 comparant;
2825 723 2898 777 illi
2931 731 3118 792 captas
3153 739 3393 793 aucupes
3448 725 3685 781 divisas-

2110 831 2218 886 que
2276 818 2458 874 statim
2507 815 2789 886 aequaliter
2844 829 2968 868 cum
3019 813 3373 883 accipitribus
3424 817 3685 885 partiun-

2109 918 2218 964 tur.

2177 1002 2462 1056 Palicanus
2521 1001 2753 1054 filiorum
2795 999 3206 1054 amantissimus
3257 1007 3375 1066 est;
3409 1001 3498 1055 hic
3537 1003 3685 1058 enim

2109 1093 2236 1149 dum
2267 1093 2448 1164 pullos
2471 1092 2588 1156 alit,
2637 1092 2704 1145 ab
2738 1091 2844 1145 illis
2875 1091 2977 1144 alis
3029 1092 3082 1144 in
3119 1090 3310 1144 faciem
3360 1094 3679 1161 percutitur,

2109 1185 2202 1254 qui
2235 1191 2417 1238 rostro
2447 1198 2542 1237 eos
2572 1197 2927 1252 repercussos
2959 1181 3240 1246 interimit,
3289 1189 3342 1235 et
3368 1183 3682 1239 misericor-

2106 1276 2195 1330 dia
2244 1282 2544 1345 permotus,
2575 1274 2793 1329 eosdem
2852 1287 2882 1325 a
2917 1288 2975 1326 se
3013 1273 3228 1328 occisos
3258 1275 3401 1343 luget
3455 1291 3548 1344 per
3581 1277 3682 1330 tri-

2106 1369 2300 1423 duum.
2345 1367 2631 1423 Postremo
2681 1373 2854 1420 mater
2899 1363 3215 1430 adveniens,
3267 1365 3408 1421 latus
3442 1370 3682 1437 graviter

2105 1460 2448 1515 vulneratum
2483 1459 2688 1522 effodit,
2716 1469 2769 1513 et
2804 1459 3125 1529 sanguinem
3160 1474 3319 1513 suum
3357 1474 3522 1528 super
3554 1477 3681 1532 par-

2103 1551 2260 1605 vulos
2293 1551 2492 1612 fundit,
2515 1567 2623 1620 quo
2673 1550 2746 1604 illi
2775 1550 3000 1621 perfusi,
3038 1551 3386 1606 reviviscunt.
3426 1551 3487 1606 lii
3543 1570 3676 1609 con-

2104 1641 2223 1696 cbis
2253 1641 2355 1696 bac
2396 1643 2608 1697 ratione
2648 1651 2982 1698 vescuntur:
3015 1657 3139 1696 cum
3173 1643 3294 1698 illas
3342 1645 3518 1699 valide
3545 1661 3680 1700 con-

2105 1735 2324 1789 strictas
2368 1735 2634 1805 perimere
2663 1750 2770 1788 non
2800 1736 3028 1806 possint,
3055 1737 3206 1805 prius
3226 1752 3320 1791 eas
3347 1737 3673 1806 deglutiunt,

428 1831 499 1900 τῇ
531 1797 656 1898 περὶ
681 1827 768 1880 τὸν
794 1828 1048 1898 φάρυγγα
1073 1825 1366 1897 θερμότητι
1403 1797 1629 1894 διατακῇ
1665 1797 1764 1892 μέν
1787 1823 1819 1892 ἡ
1851 1823 1997 1875 συνέ-

2107 1834 2164 1879 ut
2199 1825 2436 1880 faucium
2478 1829 2679 1890 calore,
2705 1828 2862 1898 quasi
2892 1829 3102 1898 glutino
3131 1827 3517 1886 ferruminatas
3549 1845 3678 1903 ape-

427 1937 602 1990 χουσα
642 1918 826 1988 κόλλη,
871 1918 1142 1971 ἀνεθεῖσαι
1190 1916 1245 1970 δὲ
1292 1917 1345 1969 αἱ
1395 1915 1592 1983 κόγχαι
1639 1913 1995 1984 χαλασθῶσιν·

426 2011 786 2082 ἐξεμέσαντες
813 2005 905 2062 οὖν
933 2009 1123 2074 αὐτὰς,
1155 2006 1408 2079 εὐμαρῶς
1437 2007 1498 2060 τὸ
1541 2005 1795 2076 ἐδώδιμον
1822 2005 1998 2059 αὐτῶν

425 2104 826 2160 κατεσθίουσιν.

500 2198 566 2247 Αἱ
592 2196 647 2248 δὲ
679 2194 882 2264 φάσσαι
913 2194 1012 2246 οὐκ
1033 2192 1162 2246 ἔνθα
1187 2192 1458 2246 τίκτουσιν
1482 2189 1838 2256 ὲπωάζονται,
1865 2189 1998 2243 ἀλλὰ

430 2288 790 2356 μεταστᾶσαι,
813 2285 899 2338 διὰ
926 2285 986 2336 τὸ
1023 2283 1222 2354 πλῆθος
1237 2283 1344 2335 τῶν
1374 2282 1671 2354 θηρευτῶν,
1703 2282 1781 2343 είς
1813 2281 1998 2351 ἕτερον

424 2381 614 2444 τόπον,
649 2378 970 2448 ἐκτρέφουσι
1020 2377 1145 2438 τοὺς
1176 2374 1442 2437 νεοττούς.
1499 2373 1608 2426 Καὶ
1656 2372 1874 2426 ἐπειδὰν
1909 2373 1994 2425 αι’-

429 2472 663 2524 σθωνται
699 2472 777 2532 είς
819 2469 990 2540 θήραν
1039 2467 1373 2538 ἀφιγμένους
1405 2465 1559 2529 τινάς
1598 2465 1703 2518 τῶν
1745 2466 1994 2527 νεοττῶν,

423 2564 768 2624 άνὶτπανται,
798 2564 891 2615 καὶ
918 2561 1015 2632 τὴν
1049 2559 1155 2613 τῶν
1183 2557 1460 2629 θηρευτῶν
1494 2558 1728 2628 σπουδὴν
1763 2559 1843 2621 εἰς
1881 2559 1998 2610 ἑαυ-

423 2659 524 2721 τὰς
560 2656 887 2728 περισπῶσι,
919 2655 1106 2728 καιρὸν
1135 2656 1310 2724 φυγῆς
1333 2658 1446 2717 τοῖς
1475 2657 1708 2716 νεοττοῖς
1735 2655 1997 2726 παρέχου-

424 2769 543 2816 σαι,
579 2752 672 2803 καὶ
702 2749 1043 2818 ἐκφυγόντων
1084 2748 1191 2802 τῶν
1225 2749 1474 2810 νεοττῶν,
1520 2747 1660 2818 μάλα
1682 2746 1994 2819 θαρσαλέως

425 2843 522 2894 σὺν
545 2845 656 2904 τοῖς
681 2844 932 2904 νεοττοῖς,
966 2841 1268 2912 άπάρασαι,
1297 2838 1758 2911 αίθεροϐατοῦσιν.

491 2934 780 2988 Φιλόκαλον
829 2937 858 2988 ό
901 2934 1043 2996 ταὼς
1075 2934 1132 3000 ἐξ
1195 2933 1368 2987 Ἰνδῶν
1409 2933 1742 3004 ὁρμώμενος.
1794 2921 1989 2994 Οὗτος,

419 3029 814 3101 ἀναπτερώσας
843 3028 902 3082 τὸ
937 3027 1132 3091 κάλλος
1178 3028 1271 3081 καὶ
1311 3027 1418 3080 τῶν
1465 3025 1679 3096 πτερῶν
1723 3025 1992 3089 ἐπιδείξας

415 3123 481 3176 τὸ
518 3121 758 3193 θέατρον,
809 3120 1070 3186 ἐπάγεται
1104 3118 1238 3190 πρὸς
1282 3117 1562 3170 συνουσίαν
1613 3115 1708 3186 τὴν
1754 3115 1988 3186 θήλειαν,
2020 3156 2063 3218 C

419 3212 614 3283 ῶσπερ
635 3211 870 3282 λειμῶνα
905 3211 995 3264 τὸν
1035 3208 1416 3278 καλλωπισμὸν
1442 3206 1627 3260 τοῦτον
1683 3205 1992 3270 ἐπιδεικνὺς

418 3305 556 3375 αὑτῇ
578 3321 590 3333 ·
630 3303 741 3356 ἔστι
774 3301 882 3373 γὰρ
930 3301 1112 3372 σχεδὸν
1148 3299 1410 3370 λειμῶνος
1441 3301 1470 3352 ό
1501 3297 1646 3362 ταὼς
1687 3299 1994 3352 εὐανθέστε-

423 3415 532 3466 ρος.
559 3395 1027 3466 Περιπεφύτευται
1057 3393 1164 3464 γὰρ
1203 3390 1349 3462 αύτῷ
1391 3391 1588 3463 χρυσὸς
1607 3394 1718 3454 τοῖς
1753 3393 1988 3462 πτεροῖς,

419 3491 517 3543 καὶ
549 3489 733 3560 κύκλῳ
750 3488 809 3541 τὸ
845 3487 1104 3558 ἁλουργὲς
1131 3483 1368 3555 περιθέει
1402 3482 1712 3556 πορφυροῦν
1741 3483 1831 3535 τὸν
1863 3500 1992 3552 χρυ-

420 3584 511 3635 σόν
532 3599 545 3612 ο
581 3584 676 3636 καί
709 3582 812 3635 ὑπὸ
843 3579 935 3633 τοῦ
967 3580 1166 3652 χρυσοῦ
1196 3580 1501 3650 περίκειται
1533 3576 1592 3629 τὸ
1628 3577 1738 3628 ἴσον
1764 3574 1983 3638 κύκλον,

421 3676 516 3727 καὶ
550 3674 694 3727 ἔστιν
722 3672 995 3743 ὀφθαλμὸς
1040 3675 1096 3726 ἐν
1145 3671 1350 3744 πτερῷ.

495 3768 552 3821 ’0
582 3767 636 3820 δὲ
670 3767 840 3836 φοῖνιξ
876 3766 1101 3838 μέγεθος
1122 3767 1217 3837 μὲν
1249 3765 1360 3836 ἔχει
1387 3763 1613 3827 ταῶνος,
1655 3763 1896 3835 διαφέρει
1933 3763 1989 3816 δὲ

414 3860 495 3932 τῷ
525 3860 708 3913 κάλλει
736 3859 827 3912 τοῦ
845 3859 1045 3922 ταῶνος
1063 3861 1127 3929 τῇ
1153 3860 1311 3930 χροιᾷ
1327 3874 1341 3888 ·
1372 3857 1700 3928 κεκέρασται
1719 3856 1826 3926 γὰρ
1841 3854 1988 3926 αὐτῷ

414 3952 602 4025 χρυσῷ
623 3954 714 4006 καὶ
731 3952 984 4024 πορφύρᾳ
1002 3951 1070 4005 τά
1085 3951 1280 4023 πτερὰ,
1309 3950 1498 4019 εὐφυεῖ
1509 3949 1565 4003 δὲ
1593 3949 1776 4018 κύκλῳ
1802 3948 1990 4016 στεφά-

414 4063 506 4098 νου
536 4047 569 4115 ἡ
592 4044 800 4115 κεφαλὴ
829 4041 990 4098 αὑτοῦ
1023 4043 1358 4114 κεκόσμηται
1381 4041 1640 4112 φυσικῶς.
1686 4041 1839 4093 Ἔστι
1879 4039 1934 4092 δὲ
1959 4042 1987 4093 ὁ

413 4135 612 4199 κύκλος
643 4136 886 4198 κυάνεος,
905 4133 998 4187 καὶ
1021 4135 1190 4204 ῥόδοις
1217 4132 1720 4204 έμφερής.Εύειδὴς
1753 4132 1809 4185 δὲ
1829 4130 1902 4185 ὢν
1919 4133 1984 4201 τῇ

413 4229 532 4300 θέα,
546 4228 640 4282 καὶ
652 4229 830 4282 άκτῖσι
853 4229 1056 4300 κομῶν,
1076 4227 1263 4300 ῶσπερ
1277 4229 1425 4300 ἥλιος
1451 4229 1536 4296 ἐφ’
1553 4225 1720 4294 ὕψους
1739 4226 1950 4278 ἵσταται
1968 4241 1980 4253 ⁸

411 4319 488 4382 ὡς
519 4321 798 4392 ἱστορῆσαι
832 4322 926 4374 καὶ
969 4321 1158 4384 ἄλλους
1189 4320 1286 4391 τὴν
1318 4320 1530 4392 μορφὴν
1560 4317 1723 4372 αὐτοῦ
1757 4318 1850 4370 τοῦ
1876 4315 1984 4369 σώ-

415 4430 604 4484 ματος,
636 4414 710 4478 ὠς
726 4415 819 4467 καὶ
843 4414 993 4466 αὐτοὶ
1021 4413 1408 4486 διαγράφοντες
1436 4413 1731 4481 φάσκουσιν
1775 4409 1948 4474 οὕτως
1965 4427 1978 4439 ·

412 4613 678 4668 Διπλοῦν
711 4612 821 4682 γάρ
853 4611 984 4665 ἐστι
1019 4611 1083 4665 τὸ
1107 4611 1303 4680 μῆκος
1332 4612 1507 4666 ἀετοῦ
1537 4611 1780 4682 σχεδόν.

411 4683 653 4752 Πτεροῖς
667 4682 734 4736 δὲ
756 4684 1139 4746 ποικίλοισιν,
1171 4683 1279 4750 ἠδὲ
1305 4682 1628 4752 χρώμασιν,

410 4753 586 4824 Σῶμα
611 4753 797 4808 αὑτοῦ
831 4753 1112 4824 κέκαυται
1117 4795 1130 4808 .

406 4823 638 4891 Στῆθος
658 4825 776 4892 μὲν
803 4824 914 4876 οὖν
941 4823 1126 4876 αὑτοῦ
1157 4823 1506 4892 πορφυροῦν
1524 4825 1816 4892 φαίνεται,

407 4893 604 4960 Σκέλη
635 4894 704 4946 δὲ
724 4895 1119 4963 μιλτόχρωτα,
1151 4896 1246 4948 καὶ
1274 4894 1400 4946 κατ’
1427 4893 1673 4961 αὐχένα,

405 4965 800 5030 Κροκοπίνοις
827 4963 1156 5033 μαλλοῖσιν
1187 4963 1596 5031 εὐτρεπίζεται.

408 5034 574 5099 Κάβα
602 5033 668 5087 δὲ
699 5037 899 5101 κοίτης
931 5034 1148 5102 ἡμέρας
1179 5034 1577 5103 παρεμφερὴς,

405 5106 515 5156 Καὶ
537 5106 761 5172 multm
785 5104 902 5173 μὲν
932 5105 1003 5173 τῇ
1036 5107 1180 5173 κόρῃ
1223 5105 1614 5174 προσέϐλεπε.

404 5175 626 5245 Κύκνίῳ
658 5174 726 5245 δὲ
756 5179 969 5244 κόριῃσι
993 5177 1210 5245 κᾷκκος
1239 5178 1318 5242 ὠς
1345 5176 1642 5245 ἐφαίνετο.

407 5243 623 5310 Φωνὴν
645 5242 711 5296 δὲ
743 5242 983 5298 πάντων
1002 5243 1166 5314 εἶχεν
1189 5242 1765 5315 εὐπρεὲτεδεστὰτην.

406 5315 707 5385 Βασιλεὺς
728 5315 795 5367 δὲ
825 5315 1065 5368 πάντων
1089 5315 1310 5383 ὀρνέων
1330 5318 1623 5385 ἐφαίνετο,

422 5381 612 5454 Ὠςῆν
648 5385 868 5454 νοῆσαι
889 5403 902 5416 ⁶
935 5381 1130 5440 πάντα
1158 5387 1269 5457 γὰρ
1289 5381 1588 5456 τᾶπτηνὰ
1621 5389 1768 5458 ὁμοῦ

413 5518 695 5588 Ὀπιονθεν
717 5519 903 5572 αὐτοῦ
934 5518 1346 5588 δολιχεύοντες
1376 5521 1737 5577 ἐπέσσυντο.

408 5586 604 5662 ᾼρςὸς
640 5587 708 5640 δὲ
737 5591 980 5662 πρόσθε,
1005 5586 1221 5662 ταῦρος
1252 5586 1332 5658 ὥς
1366 5595 1788 5662 γαυρούμενος,

415 5657 646 5710 Ἔόαινε
677 5659 967 5726 κραιπνὸν
986 5659 1156 5730 βῆμα
1173 5657 1489 5726 βαστάζωιῖ
1512 5657 1715 5730 ποδός.

480 5769 649 5822 Τοῦτο
677 5770 805 5842 φασὶ
823 5774 1104 5843 μονογενὲς
1134 5775 1395 5849 ὑπάρχειν
1422 5778 1578 5845 ζῶον,
1618 5778 1690 5851 μὴ
1731 5781 1968 5834 συνιστά-

2102 1917 2273 1983 riant;
2310 1935 2430 1988 qua:
2464 1919 2675 1980 laxata;
2714 1921 2951 1974 claustra
3009 1920 3324 1983 resolvunt;
3360 1919 3553 1976 deinde
3580 1937 3677 1977 eas

2099 2016 2376 2072 evomunt,
2401 2018 2455 2062 et
2499 2025 2564 2064 ex
2608 2011 2693 2064 bis
2722 2027 2840 2080 qua:
2869 2017 2996 2063 sunt
3055 2011 3354 2076 esculenta,
3417 2011 3536 2065 sine
3564 2012 3675 2066 ulla

2099 2097 2417 2155 dillicultate
2440 2102 2668 2172 eligunt,
2699 2111 2754 2156 et
2784 2101 2974 2156 edunt.

2170 2189 2460 2248 Palumbes
2478 2210 2582 2249 non
2605 2194 2693 2249 ubi
2719 2196 2934 2265 pariunt
2956 2191 3306 2263 pullationem
3330 2191 3558 2258 faciunt,
3576 2192 3675 2248 sed

2098 2301 2319 2361 propter
2347 2287 2749 2342 multitudinem
2772 2294 3108 2350 venatorum,
3128 2286 3261 2339 locis
3283 2285 3525 2349 mutatis,
3544 2286 3673 2341 alibi

2097 2381 2354 2450 parvulos
2397 2380 2676 2444 nutriunt;
2717 2378 2809 2432 ubi
2847 2384 3134 2432 venatores
3183 2376 3382 2431 fuerint
3408 2377 3673 2444 odoratae,

2097 2479 2222 2526 ante
2250 2471 2424 2541 pullos
2454 2479 2806 2525 excurrentes
2836 2469 3072 2533 evolant,
3106 2475 3159 2523 et.
3202 2468 3256 2521 in
3292 2476 3463 2522 semet
3508 2484 3674 2523 vena-

2096 2571 2272 2619 torum
2293 2564 2549 2632 impetum
2569 2571 2621 2618 et
2637 2564 2878 2619 studium
2898 2569 3243 2626 convertunt,
3264 2562 3485 2616 interim
3508 2561 3668 2626 filios,

2098 2660 2220 2728 fuga
2243 2661 2430 2728 parata
2461 2665 2728 2720 tutantur,
2759 2657 2957 2727 quibus
2988 2657 3041 2709 in
3081 2655 3263 2726 fugam
3307 2656 3471 2721 datis,
3504 2657 3672 2711 auda-

2095 2759 2212 2805 cter
2288 2751 2504 2804 volatus
2559 2753 2748 2803 eorum
2799 2757 3002 2803 matres
3051 2757 3377 2818 prosecutae,
3442 2751 3664 2805 sublimi

2097 2841 2207 2894 aeri
2243 2855 2300 2894 se
2338 2839 2708 2892 committunt.

2167 2929 2275 2983 Sua
2307 2929 2478 2984 forma
2525 2930 2823 2999 gloriosum
2855 2945 3120 2999 pavonem
3157 2931 3274 2984 Indi
3317 2930 3541 2997 ferunt;
3575 2931 3668 2986 hic

2093 3030 2344 3076 ornatum
2402 3021 2670 3090 pandens,
2719 3030 2772 3076 et
2817 3038 3115 3091 pennarum
3159 3023 3465 3092 speciosum
3510 3023 3666 3076 thea-

2095 3127 2238 3172 trum
2294 3125 2601 3184 ostentans,
2649 3119 2900 3174 dilectam
2946 3136 2976 3173 a
3029 3136 3088 3174 se
3137 3121 3405 3175 femellam
3455 3121 3664 3188 allicit;

2096 3210 2556 3282 pulchritudinem
2592 3213 2730 3265 hanc
2761 3213 2926 3266 veluti
2954 3227 3253 3282 pennarum
3287 3221 3500 3282 pratum
3542 3230 3665 3284 spe-

2093 3303 2348 3358 ctandam
2379 3318 2726 3374 proponens;
2761 3318 3002 3374 saneque
3028 3305 3256 3374 pavonis
3287 3316 3500 3374 pratum
3526 3321 3667 3376 quo-

2090 3395 2174 3450 vis
2217 3396 2323 3450 alio
2370 3404 2529 3466 prato
2571 3397 2729 3467 longe
2781 3397 3033 3453 ﬂoridius
3073 3403 3193 3463 est;
3245 3397 3298 3450 in
3347 3397 3468 3468 ejus
3517 3399 3664 3452 enim

2091 3489 2285 3558 pennis
2311 3503 2504 3542 aurum
2539 3489 2860 3554 seminatur,
2897 3497 2951 3543 et
2976 3493 3125 3542 omni
3148 3504 3212 3544 ex
3243 3497 3396 3559 parte
3420 3505 3664 3560 purpura

2090 3581 2371 3649 aequaliter
2401 3580 2738 3636 convestitur
2767 3591 2820 3635 et
2860 3581 3046 3644 vestit,
3076 3580 3328 3650 inestque
3360 3581 3470 3636 illis
3502 3583 3662 3652 quasi

2089 3671 2372 3725 oculorum
2397 3671 2628 3740 species.

2159 3765 2384 3819 Phoenix
2418 3767 2645 3836 pavonis
2677 3775 2937 3822 narratur
2964 3769 3359 3840 magnitudine,
3390 3770 3485 3826 sed
3512 3786 3541 3824 a
3563 3787 3662 3842 pa-

2087 3872 2228 3913 vone
2283 3858 2692 3928 pulchritudine
2744 3867 2798 3914 ct
2850 3861 3036 3916 colore
3100 3862 3399 3920 secundus.
3443 3861 3662 3920 Pennas

2087 3951 2232 4004 enim
2285 3966 2420 4005 auro
2469 3959 2523 4006 et
2576 3968 2818 4022 purpura
2881 3953 3200 4024 interpictas
3245 3955 3432 4022 habet,
3492 3964 3661 4027 caput

2087 4043 2358 4097 concinno
2413 4044 2567 4113 apice
2627 4046 2994 4116 undequaque
3047 4054 3101 4101 et
3157 4062 3358 4102 corona
3413 4049 3652 4103 cohone-

2087 4140 2303 4202 statur;
2336 4135 2578 4190 circulus
2601 4139 2785 4192 colore
2810 4140 3041 4195 caeruleo
3063 4147 3224 4194 estet
3249 4140 3392 4195 rosis
3418 4140 3654 4207 similis;

2087 4224 2167 4279 sic
2201 4237 2421 4294 aspectu
2454 4227 2720 4296 jucunde,
2751 4239 2805 4283 et
2837 4230 3019 4285 radios
3047 4231 3343 4300 projiciens
3374 4231 3540 4286 veluti
3572 4233 3655 4285 sul

2085 4316 2138 4368 in
2168 4332 2383 4371 summo
2417 4333 2476 4371 se
2505 4319 2765 4384 collocat;
2797 4320 2870 4372 ita
2903 4330 2962 4374 ut
2990 4329 3043 4376 ct
3067 4322 3157 4376 alii
3193 4321 3423 4376 formam
3456 4336 3653 4390 corpo-

2085 4406 2162 4459 ris
2204 4406 2351 4462 illius
2395 4409 2742 4474 tradiderint,
2789 4427 2953 4481 quam
3003 4412 3156 4468 bisce
3207 4413 3393 4470 verbis
3439 4413 3653 4469 descri-

2014 4505 2058 4563 D
2087 4514 2242 4570 psere
2263 4517 2279 4553 :

2085 4612 2260 4687 Dupla
2289 4613 2472 4684 quippe
2500 4622 2576 4687 est
2605 4613 2714 4682 fere
2736 4616 2930 4684 aquilae
2965 4618 3350 4687 magnitudine.

2079 4683 2194 4754 Illis
2227 4683 2402 4736 autem
2432 4685 2616 4745 rariis,
2645 4683 2800 4754 atque
2822 4683 3108 4754 coloribus,

2081 4751 2282 4820 Corpus
2309 4755 2454 4806 illius
2493 4751 2898 4810 interscribitur.

2082 4821 2272 4894 Ecclus
2299 4841 2414 4877 vero
2444 4825 2586 4877 illius
2615 4841 2933 4894 purpureum
2964 4829 3111 4882 nitet.

2082 4891 2255 4969 Qrura
2282 4896 2490 4969 signata
2516 4891 2778 4969 earinilto,
2820 4908 2868 4951 et
2901 4900 3041 4952 circa
3075 4902 3290 4969 collum,

2081 4962 2273 5018 Croeeo
2303 4962 2477 5032 pinna:
2501 4967 2685 5019 vellere
2711 4970 3012 5024 decoratur.

2079 5033 2248 5105 Caput
2279 5037 2392 5104 ejus
2421 5037 2524 5089 diei
2552 5037 2713 5090 cubili
2744 5055 2846 5092 non
2877 5041 3154 5105 dissimile,

2080 5103 2411 5160 Etmelineis
2438 5107 2648 5174 papillis
2679 5110 3044 5166 contuebatur.

2081 5175 2147 5254 1:3}
2173 5177 2312 5254 circa
2334 5194 2422 5229 eas
2457 5177 2800 5254 uttdeguaque
2821 5181 2972 5254 quasi
3005 5199 3187 5254 caecus
3220 5183 3633 5254 cli/fundebatur.

2081 5244 2360 5324 galliaque
2387 5244 2696 5324 animalium
2717 5244 2841 5324 erat
2870 5251 3089 5324 pulchra
3116 5271 3232 5308 voce
3264 5244 3504 5324 inferior.

2078 5315 2188 5387 Rea:
2214 5315 2375 5387 igitur
2398 5319 2629 5371 omnium
2659 5321 2830 5372 avium
2855 5315 2966 5375 esse
2999 5323 3292 5386 videbatur.

2083 5385 2148 5440 Ut
2177 5385 2476 5457 conjectura
2495 5389 2730 5458 judicari
2763 5400 2961 5458 potest;
3001 5395 3180 5448 omnia
3212 5385 3350 5451 enim
3398 5401 3638 5456 volatilia

3406 5471 3567 5526 simul

2077 5525 2206 5581 Post
2236 5544 2353 5582 eum
2397 5538 2636 5583 contento
2663 5544 2821 5583 cursu
2849 5531 3138 5588 irruebant.
3381 5467 3403 5540 [

2075 5599 2143 5675 χέε
2166 5598 2272 5675 ipse
2301 5610 2422 5652 ante
2450 5617 2629 5675 omnes
2659 5610 2912 5671 tanquam
2938 5614 3122 5675 taurus
3157 5607 3462 5675 superbiam

2074 5665 2351 5739 Pergebat,
2382 5669 2596 5724 celerem
2629 5665 2866 5740 gressum
2893 5674 3094 5730 volvens
3118 5665 3284 5746 pedis.

2146 5778 2300 5836 Hunc
2335 5781 2522 5838 dicunt
2555 5781 2845 5854 unigenum
2894 5787 3042 5842 nulla
3092 5792 3444 5850 successione
3475 5807 3641 5866 gene-
