4080 6334
424 324 524 380 731

1285 312 1345 368 S.
1385 305 1833 368 EUSTATBIUS
1864 300 2354 361 ANTIOCHENUS
2386 293 2789 354 EPISCOPUS.

3572 285 3677 341 73%

420 440 558 507 rari,
598 439 697 498 sed
726 453 849 496 esse
877 436 1104 492 unicum
1135 440 1191 488 et
1229 431 1430 495 solum,
1460 436 1515 484 et
1545 425 1858 497 quingentis
1879 437 2004 477 eum

2124 436 2269 474 ιενον
2327 416 2563 487 διαδοχῇ,
2609 411 2720 466 ἀλλ’
2762 409 3023 481 ὑπάρχειν
3055 405 3183 460 αὑτὸ
3231 400 3554 477 μονώτατον,
3585 402 3683 455 καὶ

418 535 633 590 durare
669 530 850 586 annis.
887 526 1050 582 Morti
1084 526 1390 596 proximus,
1422 522 1632 577 obitum
1664 517 1814 573 enim
1845 528 2007 570 suum

420 628 539 695 ipse
566 621 872 695 praesentit,
907 621 962 674 in
1006 618 1238 674 sublime
1266 617 1502 676 delatus,
1536 611 1708 667 solem
1741 608 2007 662 orientem

424 719 673 783 intuens,
706 714 946 771 surculis
963 709 1256 765 odoriferis
1280 704 1555 762 construit
1576 702 1788 764 nidum,
1812 695 2008 753 deinde

427 810 612 866 asolis
652 807 823 862 radiis
854 812 1003 858 totus
1039 807 1336 863 crematur,
1386 806 1440 851 et
1470 799 1527 850 in
1574 794 1853 865 pulverem
1887 803 2009 842 om-

430 903 563 957 nino
580 899 909 962 resolvitur;
941 911 1007 951 ex
1050 896 1272 967 pulvere
1315 889 1512 945 deinde
1555 883 1888 943 vermiculus
1915 897 2011 937 na-

432 993 626 1057 scitur,
658 990 781 1044 inde
811 988 995 1059 pullus
1026 986 1347 1057 primusque
1379 982 1623 1051 phmnix.

504 1257 698 1327 Aquila
729 1255 785 1309 in
814 1251 1115 1309 educandis
1146 1249 1337 1305 liberis
1368 1245 1735 1316 iniustissima
1773 1249 1898 1306 est;
1929 1240 2014 1294 bi-

434 1365 536 1405 nos
562 1349 739 1419 pullos
768 1346 1031 1407 excludit,
1056 1357 1290 1413 quorum
1321 1341 1553 1395 alterum
1593 1335 1698 1391 sibi
1733 1332 2012 1394 conciliat,

436 1443 669 1497 alterum
712 1439 919 1492 alarum
948 1435 1145 1491 ictibus
1176 1432 1326 1503 fugat
1366 1438 1421 1486 et
1453 1428 1699 1499 expellit,
1735 1425 1916 1480 labore
1961 1431 2016 1478 et

437 1532 620 1595 taadio,
651 1537 710 1584 ut
737 1530 909 1589 aiunt,
941 1523 1255 1591 nutriendi;
1307 1522 1403 1578 sed
1437 1534 1603 1591 quam
1637 1523 1837 1572 vocant
1873 1514 2017 1569 ossi-

436 1626 612 1696 fraga,
653 1622 917 1677 ntferunt
965 1621 1199 1686 ejectum
1246 1616 1670 1684 abdicatumque
1712 1611 1915 1680 excipit
1962 1615 2018 1663 et

438 1717 637 1771 educat
666 1729 791 1769 cum
825 1713 960 1768 suis.
989 1709 1192 1766 Verum
1215 1708 1307 1763 ubi
1342 1708 1550 1778 pullum
1592 1704 1776 1776 aquila
1805 1699 2016 1757 enutri-

2108 513 2204 584 ἐτη
2236 511 2334 583 ζῇν
2364 507 2711 564 πεντακόσια.
2733 504 2843 558 Καὶ
2872 505 2928 557 ὲν
2963 499 3137 573 καιρῷ
3167 498 3259 554 τοῦ
3306 496 3517 569 μέλλειν
3551 494 3685 549 αὐτὸ

2107 604 2361 674 τελευτᾷν
2410 596 2861 673 (προαισθάνεται
2902 592 3010 664 γὰρ
3056 592 3155 663 τὴν
3199 587 3554 659 ἀποϐίωσιν),
3596 587 3684 656 ἐφ’

2108 695 2312 768 ὑψηλοῦ
2345 694 2487 756 τινὸς
2507 692 2672 745 τόπου
2690 688 3105 760 ἐστοχασμένος,
3128 682 3268 738 κατά
3290 681 3399 753 τὴν
3421 678 3686 751 ἀνατολὴν

2109 790 2202 845 τοῦ
2237 790 2413 861 ἡλίου,
2455 786 2515 851 ἐξ
2561 783 2930 858 ἀρωματικιῖπθ
2967 780 3255 851 φρυγάνων
3299 773 3684 846 συμπηγνύναι

2108 883 2206 954 τὴν
2235 880 2450 946 καλιὰν,
2480 880 2712 934 κᾶπειτα
2734 876 2838 930 ὑπὸ
2865 874 2963 945 τῆς
3005 873 3220 933 ἀκτῖνος
3242 864 3686 931 ὁλοκαυτίζεσθαι

2110 952 2203 1027 τοῦ
2234 973 2408 1044 ἡλίου,
2436 971 2531 1024 καὶ
2558 972 2638 1032 εἰς
2676 967 2829 1021 κόνιν
2856 961 3133 1025 παντελῶς
3170 957 3532 1015 ἀναλύεσθαι·
3569 952 3689 1008 εἶτα

2113 1066 2177 1117 ὲκ
2208 1043 2305 1134 τῆς
2334 1062 2533 1122 κόνεως
2556 1056 2814 1128 σκώληκα
2847 1051 3151 1124 γίγνεσθαι,
3181 1051 3275 1104 καὶ
3315 1051 3379 1102 ὲκ
3412 1045 3505 1100 τοῦ
3543 1043 3689 1099 σκώ-

2112 1153 2276 1225 ληκος
2307 1154 2387 1214 είς
2418 1151 2508 1204 τὸν
2535 1148 2751 1221 πρῶτον
2779 1146 2994 1218 φοίνικα
3030 1140 3475 1216 μεταϐάλλεσθαι.

2197 1244 2255 1296 '0
2286 1242 2342 1296 δὲ
2361 1242 2515 1304 ἀετὸς
2544 1240 2670 1312 περὶ
2700 1239 2798 1311 τὴν
2816 1234 3123 1308 ἀνατροφὴν
3146 1233 3254 1286 τῶν
3287 1232 3516 1286 νεοττῶν
3542 1232 3693 1285 ἐστιν

2114 1332 2473 1396 ἀδικώτατος·
2528 1332 2620 1385 δύο
2667 1330 2776 1403 γάρ
2824 1331 3074 1401 ποιήσας,
3121 1327 3211 1381 τὸν
3252 1326 3352 1397 μὲν
3386 1325 3571 1395 ἓτερον
3608 1325 3691 1377 οἱ-

2116 1424 2379 1487 κειοῦται,
2429 1422 2520 1475 τὸν
2546 1422 2603 1475 δὲ
2639 1421 2824 1494 ἕτερον
2863 1419 3135 1492 μαστίζων
3171 1421 3285 1481 τοῖς
3312 1421 3529 1490 πτεροῖς
3551 1420 3692 1472 ἀπο-

2117 1517 2416 1589 πέμπεται,
2444 1515 2531 1568 διά
2567 1514 2667 1586 τῆς
2704 1514 2928 1585 τροφῆς,
2960 1512 3036 1577 ὡς
3055 1513 3208 1581 φασὶ,
3235 1512 3296 1565 τὸ
3316 1512 3588 1567 ἐπίπονον.
3628 1515 3694 1568 ἸΙ

2114 1611 2173 1664 δὲ
2205 1610 2370 1681 φήνη,
2413 1608 2504 1662 τὸν
2544 1605 2947 1677 ἀποποιηθέντα
2991 1604 3256 1675 δεξαμένη
3278 1642 3293 1667 ,
3320 1607 3432 1667 τοῖς
3469 1605 3694 1670 οίκείοις

2120 1701 2234 1772 ἅμα
2294 1700 2548 1771 ἐκτρέφει
2596 1701 2853 1761 νεοσσοῖς.
2909 1695 3123 1769 Θρέψας
3181 1696 3237 1749 δὲ
3286 1695 3378 1749 τὸν
3408 1697 3623 1752 νεοττὸν
3667 1700 3699 1752 ό

438 1808 518 1864 vit
533 1807 933 1877 apprehensum
968 1803 1151 1857 volatu
1187 1800 1242 1854 in
1281 1800 1569 1854 sublimem
1600 1810 1782 1851 aerem
1814 1790 2013 1853 defert,

2124 1792 2297 1855 ἀετὸς,
2334 1791 2674 1855 συνίπταται,
2697 1788 2859 1843 αὑτὸν
2881 1788 3015 1859 πρὸς
3044 1786 3132 1839 τὸν
3155 1786 3347 1858 αἰθέρα
3370 1785 3663 1858 λαμϐάνων
3678 1806 3690 1818 ·

439 1907 493 1955 et
515 1900 560 1955 εἰ
576 1914 699 1954 eum
722 1898 987 1953 adversus
1017 1895 1149 1950 solis
1180 1894 1363 1948 radios
1388 1890 1543 1944 firma
1568 1888 1684 1943 acie
1707 1887 2006 1940 intuentem

440 1989 811 2061 conspexerit,
842 1995 899 2044 et
928 2001 1056 2043 aera
1086 1986 1284 2058 pennis
1319 1984 1580 2038 audacter
1610 1986 1909 2037 secantem.
1938 1974 2018 2030 uti

441 2084 735 2156 genuinum
767 2082 865 2136 alit
894 2079 1162 2141 fovendo;
1205 2079 1251 2134 si
1279 2079 1660 2133 conniventem
1692 2072 2019 2126 humectan-

439 2185 657 2246 temque
698 2171 1163 2235 animadverterit,
1204 2169 1284 2224 uti
1320 2166 1688 2223 adulterinum
1723 2172 1887 2233 atque
1927 2159 2022 2214 de-

429 2282 696 2338 generem
724 2266 969 2337 expellit.

517 2358 723 2415 Ferunt
767 2358 1006 2427 aquilam
1040 2354 1196 2410 senio
1225 2352 1533 2409 confectam
1575 2348 1859 2405 oculorum
1905 2343 2023 2399 acie

445 2448 697 2510 obtundi,
732 2448 957 2518 alasque
1002 2445 1124 2514 ejus
1152 2445 1530 2514 ingravescere
1554 2461 1574 2507 -,
1598 2440 1724 2492 hinc
1754 2451 1875 2492 eam
1902 2432 2024 2488 fon-

443 2554 527 2599 tes
558 2543 906 2611 investigare,
937 2541 1257 2609 deletasque
1286 2538 1341 2590 in
1372 2548 1552 2590 aerem
1581 2533 1699 2586 alas
1732 2544 1762 2583 a
1791 2527 1908 2582 sole
1937 2525 2023 2580 in-

443 2650 642 2690 censas
686 2634 864 2696 exuri,
896 2640 950 2687 et
981 2632 1161 2687 visum
1208 2639 1561 2697 recuperare;
1610 2618 1810 2676 deinde
1839 2616 2023 2672 subito

447 2727 617 2796 petito
646 2724 816 2789 fonte,
852 2722 1075 2777 tertium
1116 2719 1310 2789 mergi,
1352 2724 1404 2771 et
1441 2713 1728 2775 renovari;
1762 2722 1933 2779 quare
1970 2710 2025 2758 et

445 2819 716 2889 psalmum
749 2815 955 2870 dixisse
987 2811 1213 2867 tradunt
1242 2830 1255 2865 :
1286 2804 1641 2863 Renovabitur
1666 2803 1803 2858 sicut
1827 2796 2022 2871 aquin

437 2911 685 2981 juventus
712 2919 804 2963 tua
828 2908 894 2963 ".

516 3109 716 3165 Vultur
744 3117 907 3164 vente
953 3106 1213 3177 concipit,
1261 3116 1438 3173 neque
1475 3114 1600 3159 cum
1642 3097 1783 3152 mari
1817 3110 2019 3167 corpus
2049 3140 2093 3198 ϐ

447 3202 789 3266 ccmmiscet,
819 3200 1062 3268 vivitque
1096 3196 1254 3251 annis
1295 3202 1549 3254 centum;
1587 3189 1643 3242 in
1673 3187 1906 3243 excelsis
1934 3193 2023 3239 at-

446 3308 554 3366 que
579 3292 707 3348 altis
736 3291 966 3362 rupibus
998 3294 1301 3360 pernoctat,
1335 3293 1390 3341 et
1427 3298 1589 3339 nemo
1612 3281 1836 3336 ubinam
1867 3278 2024 3332 habi-

445 3393 546 3452 tet,
579 3387 868 3455 comperit.
896 3381 996 3438 Ubi
1022 3379 1355 3450 conceperit,
1390 3378 1444 3432 in
1474 3374 1682 3430 Indiam
1718 3371 2026 3444 proficisci-

446 3484 559 3540 tur,
612 3485 667 3532 et
702 3473 938 3545 lapidem
988 3486 1150 3542 quem
1196 3475 1392 3524 vocant
1438 3465 1715 3520 eutocium
1769 3461 2022 3531 suscipit,

449 3585 616 3640 super
648 3583 831 3637 quem,
867 3565 996 3621 dum
1027 3562 1313 3619 doloribus
1353 3569 1545 3629 partus
1590 3555 1893 3617 cruciatur,
1938 3568 2024 3608 se-

450 3661 540 3715 det
572 3669 626 3714 et
675 3660 838 3729 parit.
896 3656 990 3711 Est
1019 3664 1200 3710 autem
1233 3653 1373 3722 lapis
1418 3652 1507 3705 hic
1549 3648 1817 3704 rotundus
1855 3644 2026 3700 veluti

451 3768 588 3817 nux,
635 3759 840 3807 etcum
872 3749 1135 3818 quatitur,
1172 3747 1338 3801 veluti
1366 3743 1794 3799 tintinnabulum
1824 3753 2025 3795 sonum

450 3844 585 3906 edit,
613 3842 723 3896 alio
754 3843 809 3895 in
850 3848 1009 3894 utero
1049 3839 1227 3909 lapide
1262 3844 1514 3892 sonante.
1547 3834 1715 3889 Aiunt
1746 3832 2025 3887 vulturem

453 3952 612 3994 rosea
641 3943 915 4007 unguenta
941 3932 1230 3988 odoratum
1279 3929 1543 3995 interimi,
1592 3942 1773 3997 neque
1804 3924 2027 3990 semini,

454 4046 634 4101 neque
684 4030 882 4084 viventi
916 4042 1040 4082 esse
1093 4023 1482 4094 perniciosum,
1517 4019 1610 4075 sed
1648 4027 1703 4073 et
1750 4025 2028 4072 mortuum

455 4138 618 4178 omne
655 4121 874 4176 volatile
916 4125 1140 4190 prepter
1188 4114 1501 4169 allinitatem
1540 4110 1855 4165 abhorrere.
1890 4109 2028 4162 Cum

454 4231 587 4272 vero
620 4214 871 4269 homines
905 4213 960 4266 in
994 4213 1166 4265 aciem
1202 4209 1576 4268 instruuntur,
1613 4202 1884 4273 sequitur,
1929 4215 2030 4256 nec

458 4310 527 4365 ab
557 4309 690 4373 illis,
721 4306 970 4361 carnium
1001 4303 1138 4360 edax
1170 4317 1294 4357 cum
1340 4302 1431 4366 sit,
1462 4299 1817 4369 disiungitur.

2123 1884 2217 1937 xui
2245 1886 2294 1936 εἰ
2315 1883 2557 1937 θεάσοιτο
2582 1881 2716 1953 πρὸς
2736 1880 2833 1951 τὴν
2848 1880 3205 1950 λαμπρότητα
3232 1877 3325 1931 τοῦ
3359 1878 3508 1950 ἡλίου
3531 1881 3697 1934 αὐτὸν

2121 1977 2516 2047 ὀξυοπήσαντα,
2564 1976 2658 2027 καὶ
2681 1973 2957 2045 εὐτόλμως
2995 1974 3086 2026 τὸν
3118 1973 3255 2045 ἀέρα
3281 1972 3694 2043 διανηχόμενον,

2119 2068 2194 2132 ὡς
2222 2068 2418 2119 οἰκεῖον
2444 2068 2837 2137 περιποιεῖται·
2869 2066 2919 2118 εἰ
2948 2063 3005 2118 δὲ
3037 2064 3223 2119 ἄτονον
3245 2063 3381 2136 πρὸς
3398 2064 3592 2132 ταῦτα,
3619 2065 3701 2130 ὡς

2121 2160 2273 2214 νόθον
2303 2158 2619 2213 ἀποϐάλλει.

2190 2338 2328 2391 Φασὶ
2357 2335 2464 2408 γὰρ
2487 2334 2808 2407 γηράσαντα
2859 2334 2951 2389 τὸν
2983 2334 3139 2388 ἀετὸν
3190 2334 3570 2409 ἀμαυροῦσθαι
3596 2336 3703 2401 τὰς

2123 2429 2292 2499 ὄψεις,
2347 2430 2441 2483 καὶ
2485 2427 2766 2501 βαρεῖσθαι
2816 2426 2979 2482 αὑτοῦ
3015 2429 3115 2493 τάς
3158 2429 3455 2501 πτέρυγας,
3484 2430 3579 2483 καὶ
3616 2431 3701 2493 εἰς

2124 2524 2308 2595 πηγὴν
2365 2520 2729 2592 ἀφικνεῖσθαι,
2780 2522 2877 2575 καὶ
2908 2523 2986 2585 εἰς
3013 2521 3105 2575 τὸν
3145 2519 3338 2592 αἰθέρα
3400 2521 3703 2592 ἀνιπτάμε-

2124 2633 2234 2681 νον,
2265 2614 2369 2668 ὑπὸ
2399 2613 2490 2668 τοῦ
2516 2614 2664 2685 ἡλίου
2690 2613 2789 2677 τάς
2815 2614 3089 2686 πτέρυγας
3119 2612 3572 2682 καταφλέγεσθαι,
3604 2616 3701 2668 καὶ

2125 2708 2478 2774 ἀναϐλέπειν,
2531 2703 2627 2760 εἶτ’
2684 2707 2845 2771 εὐθὺς
2884 2707 2977 2759 ἐπὶ
3016 2706 3115 2778 τὴν
3159 2707 3341 2778 πηγὴν
3385 2707 3705 2763 καταϐάντα

2122 2800 2304 2872 τρίτον
2359 2796 2735 2870 βαπτίζεσθαι,
2784 2798 2876 2851 καὶ
2919 2796 3304 2851 ἀνανεοῦσθαι·
3355 2797 3434 2850 διὸ
3474 2798 3567 2851 καὶ
3608 2799 3705 2852 τὸν

2123 2889 2334 2961 ψαλμὸν
2351 2890 2580 2961 φάσκειν
2602 2889 2783 2959 φασίνυ
2817 2886 3404 2955 Ἀνακαινισθήσεται
3423 2890 3500 2956 ὡς
3516 2890 3702 2943 ἀετοῦ

2126 2985 2165 3052 ἠ
2198 2982 2412 3051 νεότης
2448 2998 2588 3035 σου.
3630 2978 3643 2989 ‘

2217 3075 2275 3129 '0
2305 3074 2360 3128 δὲ
2390 3074 2500 3144 γὺψ
2542 3072 2837 3145 ὑπηνέμιον
2870 3073 2969 3145 τὴν
3000 3071 3160 3144 γονὴν
3199 3073 3477 3145 κέκτηται,
3512 3072 3607 3127 καὶ
3638 3075 3703 3127 οὑ

2126 3167 2382 3238 γινώσκει
2400 3167 2684 3220 συνουσίαν
2712 3166 2960 3238 ἄρρενος,
2980 3166 3072 3219 καὶ
3101 3165 3293 3218 ἑκατὸν
3320 3166 3390 3219 τὰ
3424 3165 3520 3236 ἐτη
3572 3165 3702 3235 βιοῖ.

2126 3260 2415 3325 Λὺλίζεται
2473 3259 2531 3312 δὲ
2586 3259 2678 3312 ἐπὶ
2709 3258 2815 3311 τῶν
2847 3256 3086 3329 ὑψηλῶν,
3138 3258 3232 3311 καὶ
3262 3256 3573 3330 μετεώρων,
3607 3260 3706 3313 καὶ

2126 3353 2301 3416 οὐδεὶς
2346 3349 2455 3405 οἶδε
2517 3350 2622 3404 ποῦ
2670 3353 2815 3404 ποιεῖ
2854 3349 2950 3422 τὴν
2984 3350 3321 3421 κατοίκησιν.
3362 3350 3475 3404 Καὶ
3507 3350 3705 3421 ἔγγυος

2126 3445 2413 3516 γενόμενος
2444 3443 2736 3514 πορεύεται
2762 3444 2842 3505 είς
2873 3441 2969 3512 τὴν
3004 3440 3252 3511 Ἰνδικὴν,
3289 3440 3383 3495 καὶ
3411 3440 3591 3495 λαϐὼν
3608 3443 3704 3495 τὸν

2128 3536 2369 3590 εὑτόκιον
2403 3534 2547 3587 λίθον
2571 3532 2711 3587 οὕτω
2743 3532 3093 3603 καλούμενον,
3130 3533 3313 3585 ἐπάνω
3357 3531 3522 3585 αὐτοῦ
3550 3532 3710 3585 καθέ-

2129 3626 2277 3691 ζεται
2312 3624 2667 3696 συνεχόμενος
2709 3623 2883 3684 ὠδῖσι,
2926 3622 3018 3676 καὶ⁵
3056 3621 3354 3676 ἀποτίκτει.
3402 3622 3558 3675 Ἔστι
3595 3621 3655 3674 δὲ
3678 3623 3710 3674 ό

2129 3717 2275 3780 λίθος
2328 3713 2629 3787 περιφερὴς
2691 3713 2765 3777 ὡς
2821 3714 3043 3785 κάρυον,
3091 3715 3185 3768 καὶ
3230 3712 3543 3784 κινούμενος
3572 3709 3710 3785 ἦχον

2129 3808 2401 3878 ἐκπέμπει
2451 3806 2525 3870 ὡς
2564 3804 2770 3870 κώδων,
2817 3805 3026 3860 ἔνδοθεν
3053 3805 3238 3878 ἐτέρου
3280 3805 3427 3859 λίθου
3451 3806 3710 3877 κινοιιμέ⁴

2129 3919 2245 3955 νου.
2278 3902 2415 3955 Φασὶ
2453 3901 2510 3954 δὲ
2558 3900 2649 3953 τὸν
2692 3899 2843 3970 γῦπα
2882 3899 2950 3953 τὰ
2994 3899 3177 3970 ῥόδινα
3229 3898 3377 3970 μύρα
3416 3897 3710 3970 χρισθέντα

2130 3992 2496 4065 ἀποθνήσκειν
2515 4009 2528 4022 ο
2556 3992 2845 4063 σπέρματα
2877 3990 2935 4044 δὲ
2968 3991 3043 4062 μὴ
3071 3990 3326 4060 βλάπτειν
3347 3990 3530 4055 αὑτὸν,
3570 3989 3709 4062 μηδέ

2128 4102 2182 4138 τι
2211 4084 2448 4157 ἔμψυχον
2477 4082 2938 4155 διαλυμαίνεσθαι,
2969 4083 3064 4136 καὶ
3097 4082 3231 4155 μηδὲ
3258 4080 3440 4154 νεκρῷ
3468 4082 3709 4156 προσέρ-

2132 4176 2321 4250 χεσθαι
2348 4177 2576 4247 πετεινῷ
2591 4175 2677 4229 διὰ
2693 4176 2791 4247 τὴν
2822 4175 3159 4245 συγγένειαν.
3202 4173 3393 4227 Ἠνίκα
3417 4173 3494 4239 δὲ,
3519 4175 3707 4243 φασὶν,

2131 4268 2324 4339 ἄνδρες
2353 4269 2433 4332 εἰς
2461 4267 2694 4338 πόλεμον
2735 4267 3195 4337 παρατάσσονται,
3226 4263 3579 4318 ἐπακολουθεῖ
3609 4267 3711 4319 αὑ-

2132 4363 2264 4426 τοῖς,
2294 4360 2389 4415 καί
2416 4360 2516 4413 οὐκ
2545 4360 2860 4429 ἀφίσταται,
2892 4359 3227 4430 σαρκοϐόρος
3251 4356 3344 4410 ὧν.

528 4491 769 4548 Ciconiae
803 4503 1079 4545 consensu
1125 4500 1234 4540 uno
1263 4494 1317 4539 et
1347 4482 1578 4538 veniunt
1610 4489 1663 4535 et
1695 4476 2024 4543 discedunt;

2205 4456 2268 4508 0i
2289 4453 2347 4507 δὲ
2374 4452 2637 4525 πελαργοὶ
2668 4452 2762 4506 καὶ
2794 4451 2874 4504 ἐνὶ
2901 4449 3225 4522 ἐπιδημοῦσι
3255 4448 3582 4519 συνθήματι,
3614 4450 3713 4502 καὶ

457 4587 556 4643 has
588 4583 1027 4659 concomilantur
1060 4577 1394 4639 coturnices,
1441 4584 1515 4640 et,
1547 4581 1608 4628 ut
1637 4587 1733 4643 par
1764 4581 1871 4634 est,
1903 4584 2029 4623 cum

456 4682 569 4740 illis
610 4678 804 4734 avibus
858 4673 1088 4730 infensis
1137 4670 1302 4727 simul
1357 4668 1495 4722 bella
1548 4673 1775 4736 gerunt;
1831 4660 2033 4718 sauciae

455 4770 657 4828 etenim
684 4773 1055 4824 revertuntur.
1082 4762 1323 4817 (licentiae
1347 4759 1400 4813 in
1425 4764 1643 4813 senecta
1666 4768 1857 4825 penna)
1885 4751 2035 4807 exci-

456 4869 616 4927 dunt,
646 4870 702 4919 et
746 4861 838 4916 filii
889 4858 1118 4916 suismet
1163 4855 1265 4910 alis
1306 4851 1704 4907 circumdatam
1739 4846 1946 4909 fovent,
1981 4851 2035 4899 et.

458 4958 645 5015 cibum
703 4954 923 5010 abunde
975 4952 1231 5018 l—auteqne
1279 4944 1738 5008 subministrant;
1792 4940 1847 4993 in
1912 4938 2034 5008 ipso

456 5054 586 5106 item
613 5049 799 5103 volatu
835 5044 1038 5102 sensim
1081 5042 1343 5113 utrinque
1368 5054 1488 5096 eam
1519 5037 1872 5094 sublevantes
1904 5032 2031 5097 alis,

453 5140 765 5199 subsidium
803 5139 879 5193 illi
910 5142 1193 5208 praestant.

533 5406 709 5465 Grues
738 5405 901 5462 simul
935 5418 1129 5459 omnes
1160 5415 1315 5471 aequa
1355 5398 1564 5453 ratione
1595 5396 1815 5460 volant,
1865 5392 2035 5462 agmi-

463 5501 553 5557 nis
582 5502 691 5556 dux
725 5507 780 5556 et
809 5495 1100 5571 praefectus
1129 5511 1237 5550 una
1269 5508 1459 5548 earum
1492 5496 1596 5556 est,
1624 5503 1747 5559 quae
1777 5485 1869 5541 ubi
1900 5498 2038 5554 pree-

465 5593 674 5660 scripto
697 5601 937 5662 tempore
955 5588 1133 5653 (luxit,
1158 5587 1212 5642 in
1243 5591 1544 5641 extremum
1569 5581 1801 5653 agminis
1824 5578 2035 5641 abiens,

450 5786 455 5791 ο
545 5766 587 5799 ³³
611 5760 763 5818 Psal.
785 5778 879 5831 cu,

2133 4550 2211 4603 ἑνὶ
2243 4546 2556 4618 ἀπαίρουσι.
2605 4540 2996 4615 Προπέμπουσί
3033 4558 3092 4593 τε
3123 4539 3317 4604 αὐτοὺς
3354 4541 3411 4592 αἱ
3448 4538 3709 4610 κορῶναι,

2134 4639 2248 4705 καὶ,
2281 4638 2357 4702 ώς
2388 4636 2552 4701 εἰκὸς,
2590 4633 2962 4706 συμμαχοῦσιν
2991 4632 3174 4696 αὐτοῖς
3206 4632 3342 4702 πρός
3369 4649 3522 4695 τινας
3547 4630 3712 4685 πολε-

2137 4735 2289 4808 μίους
2338 4729 2585 4803 ὅρνιθας¹
2634 4727 3166 4800 τετραυματισμέναι
3216 4727 3325 4799 γὰρ
3377 4727 3712 4798 ἐπανέρχον-

2133 4844 2243 4881 ται.
2293 4826 2416 4879 Ἐἀν
2462 4823 2520 4876 δὲ
2559 4820 2777 4893 γηράσῃ
2819 4822 2848 4873 ό
2890 4818 3184 4890 πελαργὸς,
3224 4820 3570 4891 πτερορρυεῖ,
3615 4821 3712 4872 καὶ

2134 4923 2202 4977 τὰ
2253 4919 2419 4973 τέκνα
2452 4914 2614 4970 αὑτοῦ
2678 4912 3012 4984 περιστάντα
3054 4913 3167 4974 τοῖς
3216 4910 3437 4974 οἰκείοις
3490 4915 3715 4984 πτεροῖς

2136 5011 2546 5085 περιθάλπουσι,
2581 5008 2675 5063 καὶ
2703 5006 2802 5069 τὰς
2828 5004 3034 5077 τροφὰς
3063 5002 3314 5074 ἀφθόνως
3339 5004 3676 5074 παρέχουσιν
3695 5021 3710 5034 ·

2136 5108 2192 5159 ὲν
2224 5107 2281 5159 δὲ
2309 5107 2376 5175 τῇ
2426 5104 2619 5174 πτήσει
2670 5097 3022 5153 ὑποκάτωθεν
3054 5097 3217 5151 αὑτὸν
3249 5095 3711 5162 ὑποϐαστάξουσι,

2136 5197 2364 5260 καὶτοῖς
2400 5195 2549 5258 ἰδίοις
2595 5195 2811 5265 πτεροῖς
2848 5190 3033 5264 ἡρέμα
3062 5191 3224 5245 αὑτὸν
3255 5189 3713 5261 ὑποκουφίζουσιν

2136 5289 2492 5363 ἑκατέρωθεν.

2206 5382 2271 5434 Ai
2299 5380 2355 5433 δὲ
2386 5380 2603 5451 γέρανοι
2644 5374 2781 5449 ὁμοῦ
2824 5376 2995 5430 πᾶσαι
3029 5375 3087 5442 ἐξ
3130 5373 3244 5429 ίσου
3282 5376 3558 5437 ῖπτανται,
3610 5371 3713 5443 μία

2136 5475 2193 5528 δὲ
2216 5474 2530 5544 προηγεῖται
2560 5469 2758 5534 αὐτῶν,
2803 5468 2900 5523 καὶ
2943 5467 3141 5523 τακτόν
3180 5485 3302 5521 τινα
3326 5468 3517 5541 χρόνον
3542 5483 3714 5540 προη-

2138 5564 2421 5637 γησαμένη
2454 5562 2532 5626 εἰς
2577 5562 2635 5615 τὸ
2666 5560 2893 5616 κατόπιν
2927 5557 3284 5633 περιελθοῦσα
3307 5561 3373 5632 τῇ
3397 5558 3515 5633 μετ’
3540 5558 3711 5630 αὐτὴν
