4080 6334
380 354 485 409 733

1308 351 1577 409 εΡυιιιΑ.
1603 385 1665 397 -
1696 352 2049 413 (ΖΟΜΜΕΝΤ.
2089 356 2154 412 IN
2195 354 2685 414 llEXAEMERON.

3512 360 3617 417 734

376 472 477 541 τὴν
504 467 801 540 ἠγεμονίαν
822 467 922 538 τῆς
944 468 1065 522 ὀδοῦ
1098 469 1476 541 παραδίδωσιν.
1519 471 1606 524 Ἐν
1637 471 1694 525 δὲ
1723 470 1802 542 τῷ
1827 472 1935 526 καθ

2060 475 2248 545 prima:
2291 483 2415 547 post
2452 491 2512 532 se
2535 475 2840 532 ducendum
2886 489 3078 547 agmen
3116 475 3423 531 committit.
3475 475 3612 532 Dum

376 563 553 618 εύδειν
594 562 629 635 ἡ
664 562 763 632 μία
792 560 920 625 ὅλας
968 560 1312 633 περιέρχεται
1361 562 1806 636 άσφαλιζομένη·
1856 566 1935 619 κατ

2050 567 2349 635 dormiunt,
2388 584 2497 623 una
2549 583 2740 623 omnes
2791 566 3134 622 defendendo
3181 568 3468 635 circumit;
3521 570 3615 624 ubi

374 658 597 714 ἐπειδὰν
628 657 688 711 τὸ
718 657 915 728 μέτρον
954 656 1015 710 τὸ
1046 654 1246 728 ἀρκοῦν
1268 657 1359 711 τοῦ
1407 657 1772 730 διαστήματος
1810 658 1935 731 πλη-

2051 676 2362 717 mensuram
2421 661 2581 731 spatii
2627 661 2807 714 datam
2850 660 3169 728 expleverit,
3221 660 3509 722 acclamat.
3557 670 3614 715 et

378 749 605 821 ρώσασα
640 746 829 821 βοήσῃ,
855 747 987 819 πρὸς
1005 745 1170 801 ὕπνον
1197 747 1475 819 τρέπεται,
1501 748 1595 801 καὶ
1620 748 1755 820 άλλη
1788 748 1948 803 πάλιν

371 840 682 910 διαδέχεται
707 840 805 910 τὴν
832 838 1085 909 τοιαύτην
1118 838 1441 910 ὑπηρεσίαν.

445 931 520 985 Τὸ
562 931 621 985 δὲ
678 930 785 983 τῶν
834 929 1012 1001 χηνῶν
1043 931 1195 998 γένος
1229 931 1461 1003 ὑπάρχει
1506 930 1803 1002 ἄγρυπνον,
1849 930 1944 985 καὶ

2050 765 2298 805 somnum
2326 751 2490 820 capit,
2533 758 2588 805 et
2623 751 2729 805 alia
2769 765 2964 805 rursus
2990 749 3357 805 intermissam
3390 752 3617 820 provin-

2047 840 2188 894 ciam
2222 840 2586 895 administrat.

2117 922 2211 979 Est
2233 935 2287 979 et
2312 927 2491 981 anseri
2514 927 2639 997 vigil
2669 942 2821 990 cura,
2856 934 2911 982 et
2934 928 3087 981 velox
3114 928 3365 984 audiendi
3389 945 3609 998 sensus,

365 1016 632 1089 ὀξυήκοον
664 1016 873 1087 ταχέως
900 1017 1005 1069 τῶν
1020 1017 1347 1089 προσιόντων
1380 1017 1583 1083 ἁπλῶς,
1616 1016 1649 1089 ἢ
1683 1019 1791 1072 τῶν
1830 1022 1935 1073 ὲπι·

2046 1014 2122 1069 ita
2154 1024 2211 1068 ut
2240 1017 2321 1071 vel
2350 1019 2524 1071 solum
2558 1019 2842 1085 adeuntes,
2890 1020 3038 1088 ipsos
3065 1019 3227 1072 etiam
3268 1021 3616 1081 insidiatores

365 1110 579 1163 δούλων
591 1109 687 1180 τὴν
704 1108 890 1178 ἔφοδον
910 1108 1289 1180 αἰσθανομένη.
1319 1109 1506 1174 Οῦτως
1526 1108 1655 1178 γοῦν
1672 1110 1943 1180 πολεμίων

361 1202 533 1257 τινῶν
554 1203 623 1256 δι’
658 1202 942 1273 ὑπονόμων
971 1200 1295 1263 ὐποδύντων,
1350 1196 1443 1253 καὶ
1498 1201 1800 1272 μελλόντων
1831 1219 1945 1272 χει·

364 1277 614 1365 ροῦσθαι⁴
644 1292 860 1364 Ῥώμην
889 1291 987 1363 τὴν
1043 1289 1421 1363 μεγαλόπολιν,
1455 1285 1599 1346 οὗτοι
1645 1295 1710 1364 τῇ
1740 1297 1940 1365 φυσικῇ

359 1384 589 1455 ὀξύτητι
651 1385 751 1454 τῆς
805 1382 1105 1452 αἰσθήσεως
1162 1381 1585 1455 περιεσώσαντο,
1645 1386 1712 1454 τῇ
1768 1382 1943 1455 ἀθρόα

362 1477 520 1545 φωνῇ
547 1474 874 1547 παραδόντες
895 1475 1020 1537 τοὺς
1051 1472 1369 1537 ἐπιϐούλους
1398 1475 1510 1538 τοῖς
1540 1474 1793 1544 φύλαξιν.

447 1565 690 1619 ’Δλκυών
716 1568 831 1619 ἐστι
860 1564 1140 1618 θαλάττιον
1160 1565 1365 1637 ὄρνεον,
1387 1564 1479 1618 καὶ
1508 1564 1659 1636 παρὰ
1691 1564 1817 1629 τοὺς
1840 1565 1942 1636 τῆς

362 1657 640 1729 θαλάττης
668 1656 908 1711 νοσσεύει
945 1656 1242 1726 αἰγιαλοὺς,
1263 1655 1356 1709 τοῦ
1382 1652 1645 1727 χειμῶνος
1677 1656 1939 1727 μεσὰζον-

359 1768 480 1814 τος.
506 1751 673 1804 Ὀταν
692 1745 783 1803 οὖν
806 1749 1138 1821 ὲπωάζηται,
1159 1751 1208 1803 οἱ
1237 1750 1331 1821 μὲν
1358 1750 1545 1821 ἄνεμοι
1579 1747 1936 1819 κοιμιζονται,

2046 1106 2338 1173 irruentes,
2366 1106 2808 1178 deprehendant;
2844 1110 2949 1162 hac
2994 1109 3161 1179 igitur
3189 1110 3403 1166 ratione
3445 1112 3616 1168 hosti-

2043 1198 2147 1253 bus
2181 1213 2277 1267 per
2325 1201 2609 1255 cuniculos
2661 1200 2947 1271 ingressis,
2993 1212 3047 1255 et
3078 1200 3308 1256 Romam
3358 1218 3609 1275 magnam

2043 1289 2231 1343 urbem
2256 1299 2468 1346 vastare
2496 1294 2850 1355 tentantihus,
2891 1292 2945 1346 hi
2993 1308 3189 1349 sensus
3217 1297 3453 1349 naturali
3494 1299 3613 1353 acie

2006 1380 2365 1435 .incolumem
2418 1390 2724 1446 servarunt,
2771 1386 3051 1454 repentina
3088 1399 3223 1441 voce
3262 1387 3611 1445 insidiatores

2041 1474 2363 1530 custodibus
2394 1475 2706 1545 prodentes.

2110 1563 2337 1636 Alcyon,
2383 1567 2591 1620 marina
2620 1568 2757 1630 avis,
2807 1569 2983 1622 media
3035 1569 3209 1625 hieme
3251 1572 3397 1627 circa
3442 1575 3612 1631 maris

2039 1670 2191 1709 oram
2224 1656 2475 1725 fetillcat;
2502 1674 2626 1712 cum
2658 1658 2843 1728 itaque
2869 1676 2969 1714 ova
3001 1662 3241 1726 incubat,
3275 1665 3423 1718 venti
3460 1679 3613 1720 com-

2039 1748 2368 1817 primuntur,
2404 1764 2551 1803 mare
2598 1750 2715 1804 sine
2746 1751 2854 1804 ulla
2902 1753 3312 1821 perturbatione
3362 1771 3458 1826 per
3490 1757 3610 1813 dies

362 1847 399 1916 ἡ
419 1845 477 1898 δὲ
497 1844 732 1897 Θάλαττα
759 1844 998 1914 γαλήνην
1047 1842 1158 1914 ἔχει
1209 1842 1496 1913 σταθερὰν,
1532 1842 1690 1913 ἄχρις
1712 1840 1935 1913 ἡμερῶν

2042 1847 2247 1909 septem
2285 1841 2687 1910 tranquillatur,
2716 1858 2839 1896 cum
2868 1853 3025 1899 antea
3053 1823 3405 1903 validissimis
3434 1851 3609 1906 ventis

361 1935 528 1998 ἑπτὰ,
556 1936 616 1988 τὸ
644 1936 770 2001 πρὶν
800 1936 1015 2006 ἀνέμων
1049 1933 1288 2005 σφοδρῶν
1316 1934 1688 2005 ταραττόντων
1721 1933 1818 2005 τὴν
1848 1932 1943 1986 θά-

358 2025 583 2081 λατταν.
630 2027 876 2081 Ἐπειδὰν
907 2021 999 2080 οὖν
1046 2026 1349 2099 περιγλύψῃ
1385 2025 1509 2089 τοὺς
1549 2025 1796 2088 νεοττοὺς
1838 2024 1942 2078 πά-

360 2116 447 2171 λιν
468 2118 632 2181 άλλας
676 2118 813 2171 ἑπτά
860 2118 1089 2189 ἡμέρας,
1114 2120 1142 2171 6
1168 2116 1298 2181 Θεὸς
1333 2114 1592 2189 νηνεμίαν
1622 2116 1936 2188 παρέχεται,

357 2210 470 2277 hoc;
493 2211 738 2285 ἐκθρέψῃ
761 2212 887 2275 τοὺς
908 2211 1179 2275 νεοττούς.

431 2305 657 2378 Δολερὸν
689 2308 717 2359 6
750 2305 955 2376 πέρδιξ,
984 2305 1077 2357 καὶ
1107 2303 1436 2376 ζηλότυπον,
1467 2302 1561 2356 καὶ
1608 2301 1934 2374 κακοῦργον,

361 2397 733 2467 συμπράττων
765 2398 876 2460 τοῖς
919 2396 1083 2467 θηρευ
1096 2397 1207 2458 ταῖς
1236 2393 1371 2466 πρὸς
1394 2392 1491 2465 τὴν
1524 2393 1718 2464 ἄγραν.
1762 2393 1937 2446 ’Λλλό-

363 2504 492 2561 τρια
538 2486 594 2541 δὲ
630 2488 874 2541 κλέπτων
925 2488 1006 2541 ὠά
1040 2488 1374 2549 νοσσοποιεῖ,
1420 2486 1510 2539 καὶ
1541 2485 1862 2555 αὐξηθέντες
1887 2488 1935 2539 οἱ

360 2580 588 2643 νεοττοὶ,
622 2578 853 2639 ἕκαστος
883 2578 1020 2632 κατὰ
1053 2578 1206 2647 γένος
1246 2578 1381 2648 πρὸς
1411 2576 1535 2640 τοὺς
1561 2576 1790 2640 οἰκείους
1823 2575 1936 2630 ἀνί-

356 2688 580 2735 πταται,
608 2672 701 2724 καὶ
727 2670 929 2743 ἔρημον
960 2670 1119 2723 αὑτὸν
1161 2669 1682 2741 καταλιμπάνουσιν.

429 2762 641 2832 Λάγνον
674 2761 986 2833 περιστερά.
1028 2762 1181 2815 Ἐστι
1213 2761 1269 2814 δὲ
1307 2762 1520 2833 δένδρον
1550 2762 1608 2813 ὲν
1640 2763 1704 2832 τῇ
1741 2759 1931 2831 Ἰνδικῇ

354 2854 692 2925 καλούμενον
732 2852 1050 2924 περιδέξιον,
1094 2853 1310 2921 γλυκεῖς
1341 2853 1503 2924 φέρον
1543 2852 1809 2924 καρποὺς,
1842 2852 1933 2905 καὶ

353 2947 534 3017 τούτῳ
569 2947 625 2999 αἱ
673 2946 988 3016 περιστεραὶ
1014 2945 1327 3018 τέρπονται,
1365 2945 1456 2998 καὶ
1503 2944 1932 3016 καταῖκηνοῦσιν

356 3038 447 3091 ἐπ’
478 3034 663 3090 αὐτοῦ.
686 3037 842 3089 Ἔστι
862 3036 916 3089 δὲ
948 3038 975 3089 6
995 3035 1207 3107 δράκων
1231 3037 1423 3106 ἐχθρος
1453 3034 1553 3104 τῆς
1583 3036 1927 3105 περιστερᾶς,

354 3129 453 3181 καὶ
482 3125 734 3191 δεδοικὼς
758 3128 818 3180 τὸ
841 3127 1052 3198 δένδρον
1083 3126 1182 3180 ούκ
1209 3127 1496 3199 ἐπέρχεται
1515 3142 1528 3156 ⁸
1565 3128 1643 3189 εἰς
1680 3120 1789 3179 οῗον
1822 3124 1930 3197 γὰρ
1958 3164 2000 3220 c

358 3217 532 3291 μέρος
576 3216 669 3270 τοῦ
695 3217 912 3289 δένδρου
947 3218 979 3288 ἡ
1012 3216 1138 3269 σκιά
1171 3216 1415 3288 γένηται,
1446 3217 1473 3268 6
1503 3217 1717 3288 δράκων
1744 3216 1931 3285 φεύγει

355 3308 710 3379 φοϐούμενος.
744 3312 808 3362 Αἱ
844 3309 901 3362 δὲ
950 3310 1271 3381 περιστεραὶ
1327 3312 1405 3374 εἰς
1431 3308 1491 3361 τὸ
1536 3308 1715 3371 κλίτος
1758 3310 1935 3362 ἐκεῖνο

350 3402 454 3473 τῆς
478 3402 637 3465 σκιᾶς
660 3401 1037 3472 μεθίστανται·
1072 3401 1165 3453 ἐὰν
1182 3399 1289 3472 γὰρ
1311 3398 1619 3471 χωρισθῶσι
1644 3400 1742 3469 τῆς
1777 3400 1933 3462 σκιᾶς

349 3490 703 3563 ἀναιροῦνται
729 3491 833 3543 ὑπὸ
860 3489 954 3543 τοῦ
982 3489 1289 3563 δράκοντος.
1317 3491 1417 3544 υἷα
1449 3490 1505 3543 δέ
1532 3492 1679 3543 ἐστιν
1709 3494 1741 3562 ή
1776 3490 1934 3559 φύσις

348 3584 454 3655 τῆς
484 3584 809 3655 περιστερᾶς
857 3583 1129 3653 θαυμάσαι
1156 3583 1332 3648 άξιονο
1364 3584 1454 3637 τὸν
1481 3583 1588 3656 γὰρ
1622 3583 1840 3654 αὐχένα,
1878 3584 1933 3635 ὲν

345 3674 604 3746 ἡλιακαῖς
651 3674 1124 3745 καταλαμφθέντα,
1170 3675 1387 3746 μυρίαις
1416 3674 1721 3747 χρωμάτων
1769 3673 1933 3737 ἰδέαις

349 3764 760 3835 ποικιλλόμενον
815 3764 1073 3827 δείκνυσι,
1126 3765 1369 3836 φοινικῷ,
1412 3764 1625 3837 κυανῷ,
1662 3764 1929 3837 πυρωπῷ,

344 3855 738 3928 ἀνθρακοειδεί,
759 3854 923 3926 ώχρῴ
957 3873 1015 3909 τε
1046 3856 1138 3909 καὶ
1172 3856 1407 3928 ἐρυθρῷ,
1439 3857 1532 3911 καὶ
1582 3856 1761 3921 ἄλλοις
1794 3874 1933 3910 παν-

344 3949 603 4011 τοδαποῖς
634 3947 906 4021 χρώμασι.

420 4041 736 4094 Φιλότεκνον
780 4041 815 4109 ἡ
853 4039 1065 4112 κορώνη
1109 4039 1203 4093 καὶ
1248 4040 1575 4114 μόνανδρον·
1618 4042 1933 4114 ἐκθρέψασα

345 4134 465 4205 γάρ
496 4134 623 4196 τοὺς
638 4135 902 4196 νεοττοὺς,
920 4131 1189 4205 κηδομένη
1222 4132 1398 4186 αὐτῶν
1423 4135 1483 4187 ού
1517 4134 1749 4188 παύεται
1808 4136 1933 4208 τρέ-

349 4241 526 4294 ςουσα
555 4225 768 4289 αὐτοὺς,
799 4224 892 4277 καὶ
923 4224 1010 4276 ἀεὶ
1044 4225 1410 4296 συνιπταμένη
1442 4227 1643 4289 αὐτοῖς.

430 4315 492 4369 '0
544 4314 600 4369 δὲ
652 4314 977 4387 νυκτικόραξ
1030 4315 1179 4386 φίλον
1226 4317 1343 4369 ἐστὶ
1376 4317 1475 4387 τῆς
1516 4319 1708 4383 νυκτὸς
1749 4319 1782 4390 ἢ
1832 4319 1931 4389 τῆς

345 4407 582 4478 ἡμέρας.

2046 1944 2376 1986 concussum
2425 1932 2825 1989 intumesceret.
2870 1933 3167 2007 Postquam
3209 1938 3397 1993 eduxit
3430 1941 3608 2010 pullos

2042 2036 2139 2091 per
2170 2022 2310 2075 alios
2344 2032 2546 2093 septem
2580 2024 2719 2090 dies,
2757 2025 2850 2082 Dei
2893 2043 3140 2092 munere,
3193 2032 3342 2085 nulla
3391 2047 3458 2086 ne
3501 2034 3608 2087 mi-

2041 2112 2187 2166 nima
2218 2113 2434 2178 quidem
2464 2130 2595 2170 aura
2638 2117 2834 2176 [luctus
2877 2130 3181 2177 commovet
3210 2124 3452 2193 quandiu
3482 2124 3598 2194 pul-

2041 2204 2124 2260 los
2160 2206 2275 2261 alit.

2110 2295 2312 2351 Perdix
2342 2299 2486 2364 dolo,
2522 2300 2900 2357 obtrectationi
2928 2312 2981 2359 et
3010 2307 3227 2361 malitiae
3261 2307 3451 2375 servit,
3475 2323 3600 2363 cum

2039 2388 2175 2459 ipsis
2198 2391 2519 2445 venantibus
2552 2393 2755 2447 auxilio
2793 2395 2896 2460 sit;
2927 2395 3101 2450 aliena
3132 2411 3232 2450 ova
3260 2398 3399 2451 clam
3422 2407 3609 2467 erepta

2036 2482 2249 2549 educit;
2296 2482 2388 2537 ubi
2419 2499 2546 2537 vero
2575 2485 2707 2554 pulli
2747 2486 3101 2550 adoleverint,
3137 2488 3204 2542 ad
3238 2503 3368 2543 suos
3410 2504 3604 2543 secun-

2036 2570 2164 2625 dum
2212 2588 2382 2642 genus
2427 2584 2677 2642 parentes
2724 2576 3000 2643 advolant,
3033 2594 3261 2649 eamque
3309 2579 3509 2634 nudam
3550 2586 3606 2634 et

2036 2676 2263 2715 vacuam
2297 2663 2624 2719 destituunt.

2106 2751 2434 2809 Libidinosa!
2478 2757 2765 2813 columbze.
2827 2759 3005 2815 Arbor
3045 2769 3129 2816 est
3167 2762 3222 2816 itt
3277 2760 3460 2817 Indica
3514 2778 3605 2819 re-

2032 2845 2211 2915 gione,
2253 2861 2416 2916 quam
2445 2857 2640 2901 vocant
2666 2849 3003 2918 peridexion,
3037 2851 3230 2907 dulces
3267 2853 3454 2909 ferens
3489 2853 3608 2908 fru-

2032 2945 2187 3002 ctus;
2217 2937 2317 2991 hac
2347 2938 2611 2993 columbae
2668 2940 2905 3010 gaudent
2938 2952 2990 2995 et
3037 2942 3091 2995 in
3140 2958 3204 2997 ea
3254 2958 3600 2998 commoran-

2032 3036 2140 3082 tur.
2173 3028 2440 3084 Caeterum
2472 3031 2659 3092 draco.
2692 3033 2959 3086 columbis
3001 3033 3269 3096 infensus,
3325 3045 3468 3089 metu
3512 3034 3610 3090 de—

2034 3122 2203 3176 clinat
2232 3123 2521 3188 arborem;
2558 3140 2773 3194 semper
2801 3127 2946 3180 enim
2980 3126 3175 3180 timore
3209 3127 3278 3180 ab
3315 3141 3381 3181 ca
3429 3136 3605 3196 parte.

2035 3213 2202 3268 draco
2226 3215 2535 3283 expellitur.
2560 3230 2721 3284 quam
2759 3217 2921 3271 arbor
2959 3218 3160 3285 patulis
3210 3217 3405 3272 diﬂ'usa
3440 3217 3606 3271 ramis

2035 3314 2251 3378 opacat.
2297 3304 2404 3360 Sed
2447 3307 2710 3361 columbae
2742 3323 2860 3362 eam
2896 3309 3101 3363 umbra:
3137 3316 3342 3378 partem
3388 3316 3604 3363 sectan—

2037 3403 2156 3450 tur:
2198 3398 2244 3450 si
2273 3399 2417 3451 enim
2465 3398 2534 3451 ab
2571 3413 2634 3451 ea
2678 3409 3021 3469 separentur,
3073 3415 3102 3453 a
3137 3399 3375 3453 dracone
3407 3399 3604 3454 interi-

2036 3496 2280 3543 muntur.
2315 3488 2483 3559 Digna
2514 3505 2645 3544 sane
2672 3500 2755 3545 est
2784 3507 2891 3561 qua
2916 3500 3356 3545 commoveantur
3384 3491 3599 3545 colum-

2034 3580 2118 3635 ha:
2154 3591 2383 3647 natura;
2409 3583 2610 3636 collum
2643 3585 2774 3638 solis
2817 3584 2989 3638 radiis
3026 3584 3356 3638 illustratum
3392 3585 3604 3642 crebris

2034 3674 2303 3737 colorum,
2342 3674 2622 3744 purpurei.
2664 3675 2877 3746 eyanei,
2923 3674 3084 3744 ignei,
3134 3674 3299 3728 veiuti
3345 3676 3601 3733 carbonis

2033 3767 2327 3831 rutilantis,
2357 3767 2508 3832 lutei,
2541 3768 2715 3834 rubei,
2746 3774 2801 3821 et
2827 3767 3160 3836 reliquorum
3191 3771 3433 3821 omnium
3480 3786 3602 3822 tnu-

2033 3860 2334 3915 tatiouibus
2360 3875 2425 3915 ac
2454 3861 2738 3929 speciebus
2771 3859 3057 3929 ﬁguratum
3091 3859 3446 3929 spectandum
3476 3875 3603 3930 pro-

2031 3952 2206 4021 ponit.

2102 4042 2305 4096 Coruix
2340 4041 2539 4096 liberos
2583 4040 2978 4095 humanissime
3026 4047 3192 4104 amat,
3240 4047 3293 4095 et
3324 4055 3431 4093 uno
3483 4041 3602 4095 viro

2033 4142 2288 4188 contenta
2321 4144 2442 4200 est;
2483 4134 2661 4204 pullos
2702 4133 2845 4187 enim
2868 4132 2981 4201 jam
3026 4133 3296 4186 enutritos
3338 4139 3602 4201 perpetuo

2030 4226 2225 4294 pascit,
2263 4240 2449 4279 eorum
2482 4238 2669 4277 curam
2696 4238 2890 4293 gerens
2923 4230 2975 4277 et
3008 4239 3114 4277 una
3148 4223 3359 4277 volans.

2102 4313 2426 4386 Nycticorax
2468 4314 2638 4382 littlng
2669 4318 2845 4369 noctis
2886 4330 3051 4385 quam
3091 4314 3201 4368 diei
3246 4313 3459 4367 amicus
3491 4322 3596 4370 εει.

418 4499 772 4571 Φιλόστοργος
811 4500 840 4552 6
881 4497 1019 4568 ἔποψ
1038 4515 1051 4528 ·
1083 4498 1427 4569 γηράσαντας
1462 4499 1570 4571 γὰρ
1602 4501 1725 4564 τοὺς
1753 4503 1929 4568 γονεῖς

2102 4487 2294 4558 Upupa
2327 4487 2443 4543 avis
2478 4487 2871 4543 humanissima
2898 4496 3016 4554 est;
3054 4496 3307 4558 parentes
3342 4490 3487 4543 enim
3516 4504 3598 4547 sc-

350 4590 666 4661 πτερυγίζει
720 4589 817 4660 μὲν
862 4588 1094 4662 πρῶτον,
1124 4585 1242 4644 εἶτα
1275 4593 1341 4661 τῇ
1380 4590 1593 4664 γλώττῃ
1622 4591 1923 4661 καταψύχει

345 4682 531 4737 αὐτῶν
562 4683 689 4745 τοὺς
724 4682 1051 4754 ὀφθαλμοὺς,
1092 4683 1281 4737 ἔπειτα
1310 4683 1527 4738 θάλπων
1565 4685 1762 4748 αὐτοὺς
1803 4685 1928 4738 ἁνα-

346 4778 481 4831 νιοῖ.

433 4866 499 4922 Ἦ
531 4869 587 4922 δὲ
616 4868 834 4940 χελιδὼν
864 4867 1012 4934 ἅπαξ
1032 4869 1195 4940 γεννᾷ
1223 4868 1315 4921 τοῦ
1355 4865 1569 4940 καιροῦ,
1601 4868 1923 4939 πηγνυμένη

345 4959 404 5015 δὲ
434 4962 534 5032 τὴν
574 4960 767 5015 καλιάν
796 4961 864 5014 τά
901 4961 998 5032 μὲν
1050 4960 1233 5031 κάρφη
1262 4960 1415 5032 φέρει
1445 4958 1522 5029 τῷ
1560 4960 1809 5031 στόματι,
1835 4959 1925 5014 τὸν

345 5050 402 5104 δὲ
451 5051 619 5124 πηλὸν
661 5052 739 5124 τῷ
776 5052 989 5124 πτερῷ’
1019 5052 1079 5105 τὸ
1116 5051 1225 5124 γάρ
1262 5052 1429 5123 ἄκρον
1470 5051 1637 5123 αὐτῆς
1684 5048 1924 5123 βρέξασα

348 5140 525 5207 ὕδατι,
572 5147 638 5216 τῇ
696 5144 862 5217 λεπτῇ
914 5144 1059 5198 κόνει
1106 5144 1407 5208 ὲνειλείται,
1459 5144 1554 5198 καὶ⁸
1604 5143 1776 5207 οὕτως
1821 5145 1923 5216 τὴν

345 5236 539 5307 χρείαν
600 5239 804 5292 ἐπινοεῖ
850 5237 944 5291 τοῦ
1015 5237 1217 5310 πηλοῦ·
1266 5239 1362 5291 καὶ
1422 5238 1563 5292 κατὰ
1614 5238 1807 5309 μικρὸν
1856 5237 1923 5291 τά

344 5327 537 5401 κάρφη
576 5324 687 5383 οἷον
733 5332 897 5405 κόλλῃ
926 5331 1033 5384 τινὶ
1069 5328 1438 5401 σεδνδεσμοῦσα
1460 5329 1536 5401 τῷ
1563 5329 1738 5401 πηλῷ,
1773 5328 1919 5382 συνί-

346 5436 512 5493 στησι
535 5422 633 5493 τὴν
661 5422 871 5487 καλιάν,
899 5423 993 5475 καὶ
1023 5423 1277 5494 ἐκτρέφει
1308 5422 1434 5486 τοὺς
1456 5421 1708 5485 νεοσσούς

416 5512 728 5584 Μόνανδρος
767 5516 801 5586 η
846 5512 1059 5585 τρυγών
1082 5532 1095 5544 ·
1125 5513 1234 5567 εἴτε
1262 5512 1371 5586 γὰρ
1400 5515 1429 5567 ὁ
1451 5513 1623 5586 ἄρρην
1650 5511 1915 5585 ἀποθάνῃ,

342 5602 455 5658 εἴτε
482 5605 516 5675 ἡ
535 5603 741 5675 θήλεια,
763 5605 934 5677 ἑτέρῳ
956 5606 1017 5659 ού
1031 5605 1377 5659 συνάπτεται.

417 5782 485 5838 Δί
525 5781 581 5836 δὲ
612 5780 922 5840 κατοικίδιοι
966 5783 1141 5855 ὄρνεις
1177 5779 1267 5838 ἐπὶ
1295 5782 1491 5847 παντὸς
1517 5782 1608 5836 τοῦ
1632 5781 1822 5854 καιροῦ
1856 5780 1914 5834 τὸ

2031 4589 2317 4635 nescentes
2352 4581 2587 4649 primum
2637 4581 2739 4634 alis
2789 4583 2983 4649 operit,
3034 4579 3228 4634 deinde
3273 4581 3453 4651 lingua
3497 4595 3595 4635 eo-

2029 4688 2149 4727 rum
2194 4673 2383 4727 oculos
2428 4673 2621 4726 leniter
2654 4671 2958 4741 demulcet;
3002 4673 3218 4728 tandem
3265 4673 3453 4728 fovens
3499 4688 3595 4729 eos

2026 4765 2270 4836 pristina:
2293 4765 2566 4834 juventuti
2600 4766 2858 4820 restituit.

2095 4855 2344 4910 Hirundo
2372 4858 2537 4911 semel
2581 4873 2726 4911 anno
2768 4858 2945 4927 parit;
2977 4857 3106 4912 dum
3148 4857 3334 4912 nidum
3383 4857 3594 4913 conlin-

2025 4947 2123 5019 git,
2164 4964 2258 5004 ore
2288 4958 2606 5011 stramenta,
2640 4950 2811 5004 lutum
2859 4953 3050 5020 pennis
3076 4949 3384 5020 prehendit,
3414 4959 3593 5005 extre»

2026 5042 2130 5095 mis
2162 5041 2306 5095 enim
2336 5057 2474 5112 aqua
2513 5044 2831 5099 madefactis
2860 5043 3221 5098 subtilissime
3263 5041 3469 5112 pulveri
3516 5042 3593 5095 in-

2025 5134 2279 5198 volvitur,
2309 5136 2496 5204 sicque
2528 5136 2624 5190 luti
2665 5152 2823 5191 usum
2863 5138 2965 5191 siht
2987 5137 3281 5206 excogitat,
3315 5145 3369 5190 et
3401 5131 3590 5206 paula-

2025 5228 2143 5291 tim,
2177 5235 2473 5282 stramenta
2505 5228 2617 5283 luto
2647 5230 2811 5283 veluti
2844 5229 3056 5298 glutino
3087 5229 3458 5294 consolidaus,
3503 5230 3588 5284 ni-

2025 5319 2153 5375 dum
2180 5325 2447 5377 construit
2480 5330 2535 5376 et
2564 5322 2741 5393 pullos
2769 5322 2882 5375 alit.
2959 5380 2968 5397 ι

2091 5497 2295 5553 Turtur
2347 5497 2509 5553 unius
2561 5504 2769 5553 tantum
2820 5499 3112 5554 concubitu
3170 5505 3428 5556 contenta
3475 5505 3584 5568 est,

2017 5594 2216 5649 etenim
2254 5592 2366 5648 sive
2405 5608 2542 5657 mas,
2589 5593 2703 5649 sive
2747 5592 2949 5648 femina
2988 5591 3270 5660 occiderit,
3301 5606 3579 5663 nunquam

2018 5685 2152 5740 ﬁdes
2184 5684 2421 5756 coniugii
2450 5683 2704 5740 violatur.

2089 5779 2230 5836 Aves
2266 5778 2574 5836 domesticrc
2609 5777 2755 5833 omni
2793 5783 3035 5851 tempore
3059 5777 3382 5837 concubitus
3421 5792 3581 5849 appe.
