4080 6334
521 282 628 342 735

1373 282 1430 338 S.
1465 281 1905 339 EUSTA'I‘HIUS
1943 276 2430 339 ANTIOCHENUS
2460 274 2859 332 EPISCOPUS.

3643 273 3750 330 736

518 405 665 457 tuut.
694 398 994 472 Aquaticaa,
1023 397 1190 454 veluti
1221 406 1412 455 anates
1440 409 1494 455 et
1522 401 1705 472 cygni,
1730 409 1784 457 et
1812 401 1899 457 bis
1921 401 2080 458 simi-

2189 395 2616 452 συνουσιαστικδν
2659 393 2889 464 ἔχουσιν.
2934 389 3015 445 Τὰ
3038 391 3097 446 δὲ
3123 390 3368 464 φίλυδρα,
3395 383 3506 444 οἷον
3530 392 3752 463 νῆσσαι,

518 493 624 560 les,
647 493 855 549 divisos
892 491 1060 561 pedes
1090 508 1200 546 non
1228 492 1453 556 habent,
1491 492 1587 549 sed
1635 493 1795 551 latos.
1828 504 1883 548 et
1926 510 2088 548 mem-

519 585 695 640 brana
720 582 1067 651 coniunctos,
1100 591 1160 637 ut
1192 581 1411 639 facilius
1456 584 1510 637 in
1556 585 1713 655 aquis
1744 594 1931 640 natare
1959 600 2086 656 pos-

520 676 652 739 sint,
696 675 1031 731 membranis
1059 676 1258 747 pedum
1286 677 1651 747 quasiremis
1683 692 1948 749 aquarqu
1978 676 2085 733 vim

521 767 803 837 pellentes.

592 857 811 929 Cygnus
849 858 1049 913 collum
1092 858 1319 929 pedibus
1363 859 1577 930 longius
1621 860 1929 931 protendit,
1979 878 2088 934 quo

523 949 701 1021 pisces
731 964 761 1005 e
785 950 951 1005 fundo
985 952 1173 1021 arripit
1204 952 1410 1022 plures.

590 1041 785 1096 Avium
821 1043 1006 1098 multa:
1038 1050 1283 1113 tempore
1326 1044 1454 1097 anni
1505 1051 1716 1098 mutant
1756 1051 1811 1100 et
1847 1046 2087 1100 colorem

521 1140 576 1189 et
613 1149 820 1189 vocem.
849 1133 1061 1189 Merula
1089 1150 1323 1205 namque
1350 1152 1418 1191 ex
1451 1136 1603 1207 nigra
1647 1136 1913 1199 ruﬂ‘escit,
1938 1144 1991 1192 et
2019 1153 2089 1192 ex

524 1240 724 1280 canora
765 1226 1014 1281 balbutit.
1050 1226 1322 1282 Luscinia:
1349 1229 1477 1283 item
1510 1243 1615 1283 vox
1644 1236 1700 1283 et
1725 1229 1876 1283 color
1904 1230 2090 1283 solsti-

524 1317 600 1372 tio
622 1323 924 1383 mutantur,
959 1324 1013 1374 et
1041 1320 1098 1373 in
1120 1318 1327 1375 somnis
1359 1318 1697 1375 modulatum
1727 1320 1839 1376 edit
1866 1334 2086 1376 sonum.

594 1581 851 1650 Quaedam
888 1582 1054 1638 etiam
1097 1598 1225 1641 aves
1263 1585 1457 1640 bruma
1487 1600 1598 1641 non
1640 1584 1913 1651 esuriunt,
1964 1601 2091 1643 aere

525 1672 665 1735 solo,
694 1679 749 1726 et
784 1687 850 1727 eo
882 1688 1005 1727 rore
1046 1674 1139 1743 qui
1171 1674 1366 1731 herbas
1392 1676 1549 1745 rigat,
1598 1674 1707 1731 illis
1746 1673 1941 1731 famem
1972 1677 2088 1747 pel-

2187 490 2281 544 καὶ
2306 487 2513 550 κύκνοι,
2542 486 2636 539 καὶ
2661 484 2731 538 τά
2758 485 2916 555 ὅμοια
2942 484 3142 546 αὐτοῖς,
3162 482 3288 544 τοὺς
3317 481 3481 546 πόδας
3502 484 3758 555 ἐσχισμέ-

2185 595 2307 645 νους
2345 581 2444 633 οὑκ
2490 577 2721 648 ἔχουσιν,
2753 575 2889 630 ἀλλά
2921 575 3159 640 πλατεῖς,
3198 572 3490 645 ὑμενώδεις
3531 575 3665 646 πρὸς
3694 576 3758 629 τὸ

2187 670 2441 743 εὐμαρῶς
2454 673 2566 734 τοῖς
2598 669 2749 722 ὕδασι
2778 667 3055 738 νήχεσθαι,
3078 667 3241 720 οίονεὶ
3265 664 3478 730 κώπαις
3514 668 3622 721 τισὶ
3642 670 3757 733 τοῖς

2186 764 2349 835 ὑμέσι
2376 762 2485 815 τῶν
2514 761 2690 814 ποδῶν
2716 760 2777 813 τὸ
2798 758 2963 831 ὑγρὸν
2988 758 3340 828 διωθούμενα.

2267 855 2325 907 '0
2353 854 2409 907 δὲ
2432 852 2628 915 κύκνος
2677 850 3012 923 μακρότερον
3039 849 3147 902 τῶν
3181 849 3356 903 ποδῶν
3380 848 3493 920 ἔχει
3516 849 3609 903 τὸν
3632 851 3761 923 τρά-

2185 945 2365 1019 χηλον,
2403 944 2539 1016 πρὸς
2579 944 2640 997 τὸ
2665 944 2729 996 ὲκ
2759 941 2853 995 τοῦ
2887 941 3080 1013 βάθους
3110 942 3355 1012 ἀνασπᾷν
3382 942 3507 1005 τοὺς
3544 941 3755 1012 ίχθύας.

2255 1036 2376 1092 Τῶν
2414 1036 2470 1089 δὲ
2514 1036 2714 1107 ὀρνέων
2752 1032 2923 1088 πολλὰ
2977 1034 3095 1086 κατ’
3144 1032 3263 1095 ἔτος
3302 1031 3622 1102 μεταωλλει
3658 1034 3760 1104 τήν

2189 1130 2371 1202 φωνὴν
2402 1129 2495 1183 καὶ
2526 1129 2625 1200 τὴν
2654 1124 2866 1199 χροιάν.
2925 1125 2984 1180 '0
3012 1124 3121 1195 γὰρ
3149 1124 3412 1195 κόττυφος
3436 1127 3498 1178 ἐκ
3526 1125 3761 1196 μέλανος

2190 1218 2380 1284 ξανθὸς
2422 1218 2765 1282 καθίσταται,
2805 1218 2899 1271 καὶ
2930 1217 2991 1281 ἐξ
3028 1216 3223 1288 ᾠδικοῦ
3252 1216 3563 1287 κρακτικός.
3609 1216 3673 1268 Ἠ
3699 1213 3759 1267 δὲ

2187 1308 2365 1381 ἀηδὼν
2412 1309 2475 1363 τὸ
2520 1309 2718 1381 χρῶμα
2767 1309 2862 1362 καὶ
2898 1306 2996 1380 τὴν
3030 1307 3213 1379 φωνὴν
3266 1307 3588 1380 μεταϐάλλει
3634 1310 3761 1372 ταῖς

2185 1404 2445 1474 τροπαῖς·
2500 1402 2595 1456 καὶ
2648 1400 2792 1457 ἔστιν
2851 1401 3125 1474 ἄγρυπνον
3169 1402 3238 1473 τῇ
3292 1400 3527 1473 μελῳδίᾳ
3565 1399 3761 1470 σχολά-

2189 1492 2376 1558 ζουσα.

2261 1586 2418 1638 Ἔνια
2459 1584 2516 1638 δὲ
2552 1585 2661 1639 τῶν
2702 1584 2903 1659 ὀρνέων
2939 1582 3039 1647 τάς
3073 1583 3385 1657 χειμερινὰς
3412 1582 3474 1638 ού
3530 1584 3757 1639 πεινῶσι

2188 1675 2416 1748 τροπὰς,
2446 1674 2524 1747 τῷ
2551 1676 2676 1747 ἀέρι
2723 1675 2866 1747 μόνῳ
2892 1675 3197 1748 τρεφόμενα
3222 1676 3315 1728 καὶ
3356 1677 3422 1747 τῇ
3469 1674 3610 1728 κατά
3654 1674 3758 1739 τάς

525 1759 709 1831 lente;
764 1764 861 1820 sed
906 1773 959 1820 et
1019 1742 1229 1822 ventris
1282 1742 1652 1837 voluptatibus
1712 1742 2081 1823 dominantur.

2189 1742 2519 1838 χλοηφαγίας
2550 1742 2939 1840 ἐνυπαρχούσιςι⁷
2970 1742 3152 1831 νοτίδι,
3184 1765 3319 1820 ἀλλά
3349 1742 3442 1819 καὶ
3482 1764 3578 1831 τὰς
3618 1765 3756 1819 ὑπο-

525 1853 860 1919 Quibusdam
881 1858 1024 1911 enim
1046 1874 1192 1925 vere,
1218 1867 1273 1914 et
1298 1867 1561 1916 autumno
1580 1860 1912 1932 aequinoctio
1942 1860 2082 1931 ipso,

523 1948 851 2016 quibusdam
883 1949 1050 2004 semel
1098 1966 1193 2020 per
1236 1960 1479 2022 tempora
1512 1954 1638 2008 auni
1673 1953 1798 2008 stati
1826 1953 2085 2008 concubi-

522 2045 631 2095 tus.
676 2041 820 2098 Aves
870 2042 1083 2099 femina:
1121 2060 1405 2116 quousque
1457 2046 1827 2117 conceperint.
1878 2061 2083 2103 marem

521 2130 830 2201 admittunt,
873 2144 1159 2206 postquam
1173 2137 1538 2208 conceperint,
1569 2145 1907 2194 aversantur.

591 2311 860 2367 Scarabaei
888 2327 1112 2369 rosaceo
1136 2314 1255 2369 illiti
1282 2323 1497 2386 repente
1521 2314 1916 2371 exanimantur.
1941 2314 2084 2386 Apes

519 2408 573 2457 et
596 2417 773 2472 vespa:
794 2404 914 2459 oleo
943 2404 1281 2471 madefactae,
1310 2407 1579 2485 meatibus
1608 2406 1845 2463 occlusis
1884 2422 2086 2463 consu-

522 2503 783 2563 muntur;
814 2511 934 2566 quae
958 2498 1004 2553 si
1046 2506 1200 2554 aceto
1233 2506 1612 2570 aspergantur,
1668 2499 1833 2555 vitam
1860 2515 2086 2571 recupe-

518 2594 661 2650 rant,
693 2595 745 2642 et
768 2590 1066 2659 respirandi
1083 2591 1337 2647 facultate
1365 2593 1583 2662 privata:
1605 2606 1728 2648 aere
1749 2592 2081 2648 nutriuntur.

2184 1858 2472 1931 γαστρίους
2490 1858 2781 1932 κρατοῦσιν
2801 1858 3008 1930 ἡδονάς.
3034 1859 3192 1912 Ἔνια
3224 1859 3322 1929 μὲν
3354 1857 3462 1930 γάρ
3492 1857 3635 1928 ἔαρι,
3661 1857 3758 1911 καὶ

2188 1948 2486 2023 μετοπώρῳ
2543 1950 2683 2005 κατὰ
2735 1950 2833 2014 τὰς
2889 1949 3196 2024 ἰσημερίας,
3245 1950 3360 2003 ἔνια
3392 1950 3447 2002 δὲ
3479 1950 3623 2016 ἅπαξ
3658 1949 3756 2004 τοῦ

2184 2044 2338 2109 ἔτους
2369 2044 2654 2098 ὲπιόαίνει.
2686 2044 2749 2096 Αἰ
2793 2041 2849 2096 δὲ
2890 2041 3101 2114 θήλειαι
3143 2042 3321 2114 ὄρνεις
3351 2041 3512 2113 μέχρι
3560 2041 3757 2115 συλλή-

2183 2138 2329 2209 ψεως
2361 2139 2428 2208 τῇ
2461 2136 2614 2207 ὀχείᾳ
2628 2135 2860 2206 ἔχονται,
2890 2135 2984 2190 καὶ
3009 2134 3171 2199 εὐθὺς
3198 2135 3325 2198 τοὺς
3346 2133 3583 2206 ἄρρενας
3613 2133 3754 2187 ἀπο-

2182 2230 2488 2301 τρέφονται.
2510 2224 2515 2233 ’

2254 2322 2317 2374 Ol.
2339 2319 2397 2374 δὲ
2427 2318 2707 2390 κάνθαροι,
2741 2319 2835 2373 ὲάν
2864 2318 3052 2391 ῥοδίνῳ
3077 2316 3390 2391 χρισθῶσιν,
3420 2317 3581 2381 εὐθὺς
3620 2318 3755 2372 ἀπο-

2185 2410 2525 2483 θνήσκουσιν.
2555 2412 2620 2464 At
2646 2412 2702 2465 δὲ
2737 2410 2984 2483 μέλισσαι
3013 2412 3106 2465 καὶ⁵
3142 2411 3366 2481 σφῆκες,
3398 2410 3563 2482 ὲλαίῳ
3592 2427 3759 2465 κατα-

2185 2504 2491 2576 ϐρεχθεῖσαι
2542 2503 2871 2575 φθείρονται,
2920 2505 3028 2558 τῶν
3078 2504 3256 2576 πόρων
3301 2503 3751 2576 ἀποφραγέντων.

2187 2598 2336 2661 Ὄξει
2367 2592 2458 2651 οὖν
2477 2595 2755 2651 ἀναϐιοῦσι
2777 2595 3117 2668 βρεχόμεναι’
3144 2596 3429 2669 τρέφονται
3455 2596 3511 2650 δὲ
3528 2595 3607 2667 τῷ
3629 2595 3755 2667 ἀερι

517 2675 662 2746 Apes
676 2692 856 2748 regem
883 2679 1102 2744 habent,
1127 2688 1531 2737 etcommunem
1549 2682 1810 2748 volatum,
1840 2697 2085 2738 commu-

2189 2688 2451 2760 ἀναπνοὴν
2476 2690 2575 2743 οὐκ
2596 2688 3059 2760 ἔχουσαι.Ἔχουσι
3079 2689 3136 2743 δὲ
3162 2688 3379 2760 βασιλέα
3401 2690 3455 2741 αί
3479 2688 3753 2759 μέλισσαι,

519 2781 752 2837 nemque
778 2778 994 2824 servant
1022 2771 1276 2839 domum;
1314 2789 1487 2852 neque
1518 2773 1627 2826 ulla
1653 2774 1859 2828 exitum
1888 2779 2081 2842 tentat,

2189 2781 2277 2835 καὶ
2306 2779 2487 2852 κοινὴν
2516 2780 2613 2851 μὲν
2644 2780 2918 2834 ποιοῦνται
2945 2778 3042 2851 τὴν
3078 2781 3294 2851 πτῆσιν,
3329 2779 3511 2850 κοινὴν
3554 2779 3611 2832 δὲ
3652 2778 3756 2849 τὴν

517 2864 806 2928 antequam
839 2875 933 2915 rex
962 2862 1075 2930 ipse
1090 2863 1326 2917 volatum
1377 2847 1661 2934 inceperit
1690 2862 1824 2934 ;q1ii
1860 2879 1970 2919 non
2016 2865 2083 2920 ab

2189 2871 2390 2943 οἴκησιν
2410 2889 2423 2902 ·
2445 2847 2541 2925 καλ.
2561 2871 2782 2943 οὐδεμία
2812 2847 3115 2943 προχείρως
3137 2847 3302 2934 ἔξεισι
3330 2847 3505 2941 πρὶνή
3534 2869 3625 2921 τὸν
3655 2847 3757 2941 βοέ-

514 2948 627 3005 illis
646 2951 885 3022 eligitur,
909 2954 1003 3009 sed
1033 2962 1228 3009 natura
1242 2956 1486 3012 omnium
1517 2964 1665 3012 tenet
1693 2957 2079 3028 principatum,

2189 2958 2335 3014 σιλέα
2358 2960 2454 3031 τῆς
2487 2960 2736 3031 πτήσεως
2770 2959 3322 3031 κατάρξασθαι.Ἔστι
3352 2959 3407 3013 δὲ
3438 2959 3626 3021 αὑταῖς
3658 2954 3753 3011 οὑ-

516 3045 728 3100 cazteris
764 3046 959 3115 major,
1001 3045 1174 3102 forma
1203 3062 1521 3117 morumque
1551 3048 1770 3103 lenitate
1809 3049 1931 3105 illas
1965 3050 2081 3105 vin-

2189 3067 2271 3114 τος
2299 3052 2707 3124 ἀχειροτόνητος
2737 3054 2800 3105 ὲκ
2831 3051 3042 3122 φύσεως
3082 3051 3219 3123 ἔχων
3244 3051 3342 3124 τὴν
3372 3050 3511 3105 κατά
3537 3050 3754 3103 πάντων

520 3150 684 3203 cens;
712 3136 875 3191 habet
907 3138 1050 3192 enim
1080 3138 1348 3201 aculeum,
1381 3154 1491 3208 quo
1520 3145 1699 3193 tamen
1722 3139 1789 3194 ad
1815 3140 2085 3196 ulciscen-

2189 3143 2379 3216 ἀρχὴν,
2416 3143 2655 3215 μεγέθει,
2682 3143 2776 3198 καὶ
2803 3144 3061 3215 σχήματι,
3085 3143 3180 3197 καὶ
3199 3146 3265 3215 τῇ
3288 3142 3380 3196 τοῦ
3401 3143 3565 3214 ἤθους
3585 3142 3755 3216 πραό-

519 3225 651 3281 dum
680 3243 789 3282 non
822 3229 1011 3283 utitur.
1031 3228 1198 3285 Ceras
1219 3246 1285 3284 ex
1318 3231 1576 3284 arborum
1606 3240 1958 3301 satorumque
1984 3231 2083 3286 ﬂo-

2189 3253 2304 3306 τητι
2353 3235 2623 3305 διαφέρων
2661 3234 2871 3289 αὐτῶν·
2904 3234 3017 3289 ἔστι
3052 3235 3150 3305 μὲν
3194 3235 3301 3306 γὰρ
3323 3235 3545 3307 κέντρον
3582 3233 3750 3304 αύτῷ,

517 3319 671 3376 ribus
703 3320 1041 3392 confingunt,
1072 3330 1127 3378 et
1175 3337 1371 3394 aquam
1403 3332 1694 3394 guttasque
1727 3324 1901 3378 instar
1930 3324 2072 3379 roris

2189 3321 2292 3376 ἀλλ’
2326 3322 2386 3375 οὑ
2416 3324 2611 3395 χρῆται
2643 3321 2815 3394 τούτῳ
2840 3322 2975 3394 πρὸς
3013 3324 3241 3395 ἄμυναν.
3273 3324 3571 3392 Συνάγουσι
3600 3324 3657 3377 δὲ
3690 3325 3755 3377 ἐκ

516 3409 743 3466 floribus
774 3411 1049 3478 diffusam,
1072 3430 1167 3470 ore
1195 3415 1578 3481 convehentes,
1596 3431 1840 3471 cerarum
1855 3415 2081 3470 alveolis

2189 3412 2286 3465 τῶν
2317 3411 2492 3466 ἀνθῶν
2524 3412 2615 3466 τὸν
2657 3413 2824 3484 κηρὸν
2851 3414 2906 3466 αἱ
2942 3413 3215 3483 μέλισσαι,
3252 3413 3346 3466 καὶ
3383 3414 3483 3484 τὴν
3519 3414 3755 3486 δροσοει-

517 3510 854 3572 exonerant;
887 3504 1014 3560 hinc
1048 3507 1316 3577 principio
1350 3508 1632 3562 humidum
1673 3514 1776 3573 est,
1813 3506 1908 3564 sed
1941 3514 2078 3562 tem-

2189 3502 2282 3567 Ξῶς
2326 3503 2732 3576 ὲνεσπαρμένην
2782 3504 2961 3559 νοτίδα
3005 3507 3117 3569 τοῖς
3149 3503 3364 3558 ἄνθεσιν
3404 3504 3483 3577 τῷ
3524 3505 3753 3576 στόματι

520 3605 652 3660 pore
675 3592 983 3650 hominibus
1012 3612 1113 3651 usu
1143 3596 1374 3662 efticaci,
1424 3608 1749 3653 maturatum
1794 3597 2078 3654 dulcescit.

2189 3594 2647 3667 ὲπισπασάμεναι,
2664 3597 2781 3659 ταῖς
2806 3595 3076 3666 κοιλότησι
3095 3595 3202 3649 τῶν
3224 3596 3409 3669 κηρῶν
3429 3597 3598 3669 αὐτὴν
3617 3598 3757 3651 ἐνιᾶ-

522 3681 698 3739 Mellis
726 3684 856 3739 item
887 3702 1097 3742 summa
1126 3690 1411 3759 prudentia
1433 3691 1721 3762 studioque
1741 3690 2082 3762 receptacula

2189 3703 2272 3740 σιν
2291 3703 2303 3716 ·
2334 3687 2454 3742 ὅθεν
2504 3687 2597 3740 καὶ
2646 3686 2810 3759 ὑγρόν
2838 3689 2952 3741 ἐστι
2980 3687 3075 3759 τὴν
3103 3687 3296 3761 ἀρχὴν,
3332 3687 3446 3743 εἶτα
3469 3688 3546 3760 τῷ
3577 3690 3757 3762 χρόνῳ

520 3774 785 3842 condunt,
808 3791 987 3834 ceram
1023 3780 1077 3833 in
1122 3781 1533 3838 subtilissimam
1587 3782 1953 3837 membranam
1982 3798 2074 3837 ex.

2189 3779 2555 3850 καταπεφθὲν,
2589 3779 2685 3851 ἡδὺ
2712 3779 2937 3848 γίνεται,
2971 3782 3063 3834 καὶ
3085 3780 3383 3855 εὔχρηστον
3410 3786 3521 3846 τοῖς
3541 3782 3754 3854 ἀνθρὼ-

525 3869 842 3939 tendentes;
870 3872 1092 3928 crebras
1124 3883 1177 3928 et
1204 3874 1492 3928 continuas
1541 3874 1786 3929 favorum
1843 3881 2086 3929 structu-

2189 3890 2331 3936 ποις.
2369 3872 2555 3942 Σοφῶς
2582 3872 2637 3925 δὲ
2665 3872 2758 3925 καὶ
2792 3871 2889 3936 τὰς
2933 3872 3213 3944 ἀποθήκας
3257 3873 3620 3944 φιλοτεχνοῦσι
3660 3873 3754 3929 τοῦ

523 3976 615 4016 ras
647 3960 960 4024 conficiunt.
1003 3973 1062 4019 ut
1111 3966 1271 4021 simul
1308 3966 1562 4022 lateribus
1606 3965 1781 4021 afﬁxa:
1821 3965 2079 4021 haereant.

2191 3964 2438 4036 μέλιτος·
2491 3968 2572 4029 είς
2618 3964 2810 4021 λεπτὸν
2838 3965 3012 4037 ὑμένα
3054 3966 3146 4020 τὸν
3183 3966 3349 4038 κηρὸν
3378 3965 3752 4030 διατείνουσαι,

526 4057 733 4123 πυκνὰς
762 4059 856 4113 καὶ
900 4063 1140 4130 συνεχεῖς
1167 4062 1421 4134 ἀλλήλαις
1449 4066 1572 4128 τοὺς
1625 4062 1880 4134 σίμϐλους
1926 4060 2315 4131 οἰκοδομοῦσιν,
2369 4060 2445 4125 ὡς
2495 4062 2556 4115 τὸ
2583 4062 2774 4133 μικρὸν
2803 4062 2901 4133 τῆς
2951 4061 3059 4115 τῶν
3096 4061 3432 4134 μικροτάτων
3474 4060 3611 4134 πρὸς
3662 4060 3756 4113 ἀλ-

524 4148 660 4221 ληλα
683 4151 878 4216 δέσεως
904 4152 1200 4225 ὲδράζεται.
1472 4222 1486 4229 _

598 4245 847 4305 Locustae
868 4263 978 4302 uno
1000 4264 1271 4305 consensu
1298 4248 1541 4315 sublata,
1570 4255 1746 4304 terras
1769 4263 1864 4317 per
1891 4248 2080 4301 latitu-

2257 4244 2323 4297 Al.
2366 4242 2424 4297 δὲ
2452 4242 2670 4315 ἀκρίδες
2702 4243 2783 4298 ἑνὶ
2811 4242 3110 4315 συνθήματι
3143 4242 3284 4297 κατά
3321 4242 3380 4296 τὸ
3414 4243 3614 4308 πλάτος
3659 4247 3759 4319 τῆς

523 4336 707 4392 dinem
731 4337 1007 4402 infestant,
1038 4339 1395 4410 procedentes
1421 4354 1642 4410 campos
1667 4339 1802 4395 alios
1821 4338 2086 4394 fructibus

2189 4336 2371 4407 χώρας
2413 4334 2915 4407 στρατοπεδεύουσι.
2945 4334 3255 4406 Περιιοῦσαι
3286 4335 3341 4389 δὲ
3369 4335 3568 4408 ὀρῶσιν
3595 4337 3759 4410 ἔτερα

526 4436 754 4485 onustos
780 4431 1146 4502 conspiciunt,
1175 4447 1277 4487 nec
1294 4438 1522 4500 tangunt
1552 4432 1793 4488 exitiosae
1815 4472 1831 4496 ,
1890 4431 1985 4487 sed
2017 4431 2085 4485 ad

2189 4428 2311 4499 λήῐα
2349 4425 2426 4497 τῷ
2454 4425 2652 4497 καρπῷ
2692 4427 2965 4499 βρίθοντα,
2993 4427 3087 4481 κα)⁸
3125 4427 3225 4481 οὑκ
3255 4427 3608 4497 ἐφάπτονται,
3642 4429 3758 4484 ἀλλ’

526 4520 841 4589 praescripta
870 4520 977 4575 illis
1005 4521 1125 4575 loca
1145 4535 1358 4576 summo
1392 4536 1533 4575 nexu
1568 4521 1921 4583 contendunt,
1949 4536 2084 4591 qua-

2190 4519 2284 4572 ὲπὶ
2310 4518 2399 4572 τὸν
2428 4518 2729 4590 ὡρισμένον
2751 4519 2938 4583 αὑταῖς
2966 4520 3126 4573 τόπον
3142 4520 3545 4584 σπουδάζουσιν,
3569 4520 3759 4593 ῶσπερ

525 4610 574 4663 si
601 4610 800 4666 divinis
817 4611 1066 4681 jussibus
1088 4612 1274 4681 pulsae,
1296 4627 1469 4681 neque
1492 4621 1778 4682 antequam
1804 4611 1912 4667 illis
1928 4609 2086 4665 detur

2192 4610 2257 4663 ὲκ
2296 4607 2437 4663 θείου
2482 4610 2898 4681 προστάγματος
2930 4611 3298 4681 ἐπειγόμεναι.
3334 4611 3444 4664 Καὶ
3474 4612 3535 4663 οὑ
3567 4612 3761 4683 πρότε-

530 4698 781 4767 t‘acultas,
815 4717 1023 4758 messes
1057 4703 1371 4774 fructusque
1411 4705 1696 4760 erodentes
1717 4710 1951 4758 vastant.
1984 4701 2088 4756 Eas

528 4793 761 4850 scleucis
781 4795 899 4850 avis
924 4795 1220 4851 insatiabili
1244 4797 1541 4851 voracitate
1572 4797 1817 4851 insecuta
1849 4834 1866 4861 ,
1898 4810 2088 4851 omnes

527 4887 785 4943 absumit.

597 5066 842 5132 Noctua,
868 5074 930 5122 ut
965 5066 1165 5131 ferunt,
1220 5069 1393 5123 oculis
1423 5068 1657 5123 interdiu
1718 5068 1894 5140 caligo
1921 5068 2091 5125 oﬂen-

537 5155 697 5219 ditur,
738 5167 903 5213 noctu
934 5173 1054 5212 eam
1084 5156 1207 5213 visu
1230 5158 1431 5212 valere.

601 5247 736 5302 Cum
766 5250 1178 5319 vespertiliones
1223 5250 1464 5303 cubitum
1515 5256 1666 5314 eunt,
1723 5259 1910 5305 mutuo
1942 5266 2092 5305 com-

534 5341 690 5411 plexu
724 5321 1154 5411 suspenduntur,
1179 5350 1231 5397 et
1260 5343 1305 5398 si
1335 5358 1495 5413 quem
1520 5343 1587 5396 ab
1607 5358 1673 5397 eo
1701 5341 1893 5397 ordine
1912 5341 2092 5397 divelli

533 5432 840 5503 contigerit.
872 5435 1067 5505 reliqui
1096 5435 1405 5502 clamitant;
1439 5434 1627 5489 eadem
1657 5434 1775 5490 sola
1810 5434 2091 5489 volucrum

534 5525 837 5596 quadrupes
862 5532 947 5582 est
974 5534 1028 5581 et
1048 5526 1301 5583 dentibus
1332 5526 1571 5582 fulcitur.

607 5698 821 5756 Cicada:
843 5700 1017 5758 imbre
1038 5710 1385 5774 generantur,
1414 5711 1467 5759 et
1499 5704 1901 5770 obmutescunt,
1924 5718 2092 5778 quan-

2197 4716 2285 4771 ρον
2308 4697 2402 4752 τοῦ
2428 4698 2638 4771 καρποῦ
2668 4699 2947 4762 ἅπτονται,
2975 4700 3101 4772 πρὶν
3131 4700 3163 4771 ἢ
3192 4699 3409 4769 δοθῆναι
3439 4702 3629 4765 αὑταῖς
3660 4702 3760 4774 τὴν

2195 4788 2557 4862 συγχώρησιν.
2590 4790 2899 4845 Μετέπειτα
2944 4791 3001 4845 δὲ
3044 4792 3230 4855 αὑταῖς
3273 4792 3519 4857 σελευκὶς
3558 4795 3761 4846 ἐπαπο-

2196 4881 2492 4947 στέλλεται,
2523 4880 2617 4934 καὶ
2648 4881 2823 4945 πάσας
2847 4881 3117 4935 κατεσθίει
3146 4882 3332 4949 αὑτάς,
3352 4883 3642 4954 ἀκόρεστον
3662 4884 3759 4956 τήν

2197 4971 2356 5041 φύσιν
2384 4972 2599 5042 ἔχουσα.

2268 5065 2379 5137 Τὴν
2411 5063 2620 5132 γλαῦκά
2662 5081 2793 5132 φασι
2842 5065 2942 5136 τὴν
2989 5064 3205 5137 ἡμέραν
3248 5066 3622 5138 ἀμαυροῦσθαι
3660 5069 3760 5141 τὴν

2197 5156 2340 5227 ὄψιν,
2362 5154 2459 5228 τήν
2490 5155 2546 5208 δὲ
2578 5154 2746 5208 νύκτα
2776 5154 3093 5225 ρὡνυσθαι.
3606 5220 3617 5229 ,

2279 5251 2473 5304 Ἦνίκα
2515 5250 2558 5303 δ’
2585 5251 2638 5302 αἱ
2687 5249 2993 5321 νυκτερίδες
3036 5250 3397 5315 καθεύδουσιν,
3432 5248 3490 5314 ἐξ
3518 5249 3761 5322 ἀλλήλων

2198 5340 2541 5410 ἀπήρτηνται
2555 5354 2568 5369 °
2598 5340 2693 5392 καὶ
2712 5340 2759 5391 εί
2783 5338 2909 5409 μίαν
2939 5356 3001 5391 συ
3009 5339 3118 5410 μὸῇ
3143 5338 3238 5392 τοῦ
3257 5338 3494 5412 ὁρμαθοῦ
3510 5340 3761 5393 ἀποσπα-

2200 5411 2389 5500 σθῆναι
2436 5427 2635 5491 αὑτῶν,
2662 5429 2718 5482 αἱ
2749 5427 2931 5482 λοιπαὶ
2973 5428 3327 5482 καταῦοῶσιν.
3370 5427 3542 5483 Μόνον
3570 5427 3627 5481 δὲ
3653 5426 3763 5482 τῶν

2198 5521 2458 5575 πετεινῶν
2482 5520 2836 5591 τετρασκελές
2863 5520 3113 5592 ὑπάρχει,
3138 5520 3233 5574 καὶ⁸
3265 5519 3442 5573 ὀδοῦσι
3469 5520 3766 5574 κατακεκό-

2200 5629 2419 5683 σμηται.

2270 5703 2333 5756 Ol
2354 5702 2408 5756 δὲ
2430 5703 2667 5774 τέττιγες
2694 5704 2752 5757 ὲν
2770 5700 3044 5776 ὲπομϐρίᾳ
3068 5702 3323 5773 γίνονται,
3358 5701 3753 5773 ἡσυχάζουσιδὲ
