4080 6334
270 299 380 356 757

1169 284 1440 345 SPURIA.
1481 313 1552 325 —
1585 276 1945 337 COMMENT.
1990 275 2057 331 IN
2096 271 2596 330 IIEXAEMERON.

3401 268 3506 325 738

265 413 478 486 καιρὸν,
505 408 693 480 ἑπειδή
718 409 784 477 τῇ
806 405 982 479 δρόσῳ
1018 405 1337 475 πήγνυνται.
1372 400 1633 471 Πλήττειν
1665 395 1721 449 δὲ
1752 392 1845 448 xui

1976 392 2017 445 lo
2036 405 2160 445 rore
2178 393 2573 455 concrescunt;
2594 400 2782 443 earum
2821 383 2923 440 alis
2958 389 3015 439 et
3042 389 3263 439 cantum
3285 387 3341 438 et
3366 389 3510 438 stre-

267 507 414 580 ᾅδειν
445 502 507 557 τὸ
532 499 730 572 πτερὸν
760 497 938 553 αὐτῶν
958 497 1244 566 φάσκουσι.

338 618 419 688 Τῇ
440 615 497 668 δὲ
521 614 655 684 ἕκτῃ
670 610 855 682 ἡμέρᾳ
872 606 1200 680 προσέταξεν
1214 607 1242 659 ό
1261 605 1391 669 Θεὸς
1406 602 1718 673 ἐξαγαγεῖν
1734 600 1846 670 τὴν

267 711 385 781 γῆν
412 705 564 760 κατὰ
586 703 758 774 γένος
781 699 1128 769 τετράποδα,
1164 697 1259 751 καὶ
1286 696 1522 765 ἑρπετὰ,
1549 695 1646 747 καὶ
1675 694 1847 761 θηρία

270 801 378 870 τῆς
408 796 658 870 γῆς-,καὶ
684 793 756 848 τὰ
786 791 996 863 κτήνη.
1028 791 1123 844 καὶ
1145 789 1337 844 πάντα
1359 790 1431 842 τὰ
1466 788 1723 856 ἓρποντα
1749 784 1847 837 ἐπὶ

270 890 379 959 τῆς
401 887 514 960 τῆς
529 887 677 941 κατὰ
702 884 895 954 γένος,
922 882 1014 934 xui
1034 879 1284 954 παρήχθη
1306 877 1503 941 εὐθέως
1528 879 1605 957 είς
1623 876 1683 928 τὸ
1710 872 1847 928 εἶναι

273 982 479 1045 πάντα,
498 980 640 1049 άπερ
660 975 841 1042 κοινὴν
866 974 960 1044 μὲν
983 971 1058 1043 τῷ
1080 969 1348 1041 ἀνθρώπῳ
1368 969 1466 1038 τῆς
1496 968 1706 1037 φύσεως
1737 965 1848 1036 ἔχει

274 1076 374 1146 τὴν
397 1071 671 1142 αἴσθησιν,
694 1068 755 1120 ού
782 1067 885 1139 μὴν
909 1065 964 1118 δὲ
986 1064 1107 1134 ἴσην
1129 1063 1222 1116 καὶ
1244 1060 1338 1132 τήν
1360 1059 1534 1131 ψυχὴν
1559 1059 1849 1129 κέκτηνται

278 1170 483 1235 ζῶντα,
511 1167 606 1220 xui
644 1164 938 1235 κινούμενα
981 1160 1212 1230 κίνησιν,
1244 1158 1311 1230 ἢν
1352 1157 1387 1227 ή
1424 1154 1714 1227 άρχέγονος
1757 1152 1850 1207 τοῦ

278 1263 515 1334 αἵματος
555 1258 714 1328 φύσις
745 1256 969 1327 χορηγεῖ
991 1252 1071 1323 τῷ
1102 1251 1368 1322 πνεύματι
1407 1249 1500 1302 τοῦ
1540 1246 1736 1312 ἔξωθεν
1771 1245 1855 1299 ἀέ-

283 1372 378 1428 ρος
401 1350 883 1424 κιρναμένη.Ἒστι
923 1347 978 1399 δὲ
1024 1346 1119 1399 xui
1160 1346 1218 1398 ὲν
1255 1345 1437 1407 αὐτοῖς
1464 1341 1567 1414 ήθη
1600 1339 1850 1412 διάφορα,

1946 483 2119 554 pitum
2148 483 2235 538 edi
2258 490 2593 538 asseverant.

2020 617 2182 674 Sexto
2207 617 2294 673 die
2312 616 2637 687 jussitDeus
2661 615 2943 686 producere
2971 625 3163 669 terram
3181 611 3517 684 quadrupede

1948 711 2229 766 secundum
2260 726 2442 781 genus,
2475 720 2523 763 et
2551 710 2782 778 reptilia,
2820 720 2869 764 et
2910 708 3102 763 bestias
3144 716 3319 768 terraz,
3346 715 3395 759 et
3424 706 3519 774 ju-

1949 814 2145 867 menta,
2184 812 2232 857 et
2257 804 2434 858 omnia
2479 802 2739 871 serpentia
2797 817 2949 870 super
2988 811 3205 865 terram,
3232 798 3518 854 secundum

1947 913 2107 966 genus
2140 896 2205 960 “,
2229 904 2283 952 ct
2307 897 2488 951 statim
2513 896 2693 950 omnia
2721 894 2987 965 producta
3007 899 3156 956 sunt,
3211 899 3269 945 ut
3311 900 3518 955 essent,

1950 1004 2071 1059 quae
2107 1003 2449 1043 communem
2485 1004 2606 1044 cum
2638 989 2858 1044 homine
2917 995 3126 1043 natura:
3150 1000 3372 1040 sensum
3422 985 3521 1038 ha-

1952 1079 2102 1142 bent,
2128 1078 2231 1134 etsi
2259 1094 2365 1134 non
2394 1081 2624 1135 similem
2647 1080 2880 1134 animam
2912 1079 3248 1150 possideant,
3271 1076 3524 1146 quamvis

1952 1171 2158 1234 vivant,
2185 1179 2238 1225 et
2260 1180 2432 1236 motu,
2461 1188 2619 1242 quem
2642 1172 2815 1242 prima
2848 1171 3131 1242 sanguinis
3156 1178 3372 1232 natura,
3396 1182 3524 1222 cum

1954 1262 2243 1319 ambientis
2270 1264 2412 1318 acris
2427 1263 2619 1333 spiritu
2634 1264 3239 1335 misceatur,elargitur,
3266 1278 3528 1317 movean-

1954 1363 2065 1416 tur,
2090 1354 2586 1424 diversissimisque
2615 1355 2723 1409 siut
2751 1357 2891 1410 inter
2911 1371 2970 1411 se
3000 1354 3264 1419 moribus,
3286 1353 3527 1407 divinam

280 1447 384 1519 τὴν
435 1446 701 1518 Πρόνοιαν
750 1441 844 1495 τοῦ
898 1437 1034 1493 Θεοῦ
1069 1436 1464 1508 αἰνιττόμεναι’
1504 1434 1732 1506 καὶγὰρ
1763 1434 1856 1487 καὶ

1976 1442 2368 1500 Providentiam
2399 1444 2829 1510 insinuantilms,
2858 1460 2983 1500 nam
3025 1453 3079 1500 et
3108 1445 3223 1499 haec
3274 1444 3343 1499 ad
3403 1458 3525 1498 eam

277 1539 458 1594 ταῦτα
503 1538 564 1591 οὐ
613 1534 821 1607 μικρῶς
860 1532 1063 1601 ταύτην
1096 1527 1533 1599 συνίστησιν.⁹Ως
1570 1525 1679 1597 γὰρ
1717 1523 1854 1596 σοφή

1976 1536 2439 1593 :ommeudaudam
2463 1536 2695 1591 maxime
2712 1536 3040 1592 conducunt.
3063 1535 3528 1603 Quemadmodum

277 1632 397 1687 τῶν
425 1629 664 1702 βλαστῶν
695 1632 729 1700 ή
757 1626 1110 1700 καρπογονία,
1136 1624 1231 1677 xui
1265 1622 1478 1693 ἄστρων
1503 1617 1740 1685 εὐταξία,
1762 1617 1858 1671 xui

1976 1629 2102 1684 enim
2128 1628 2436 1700 germinum
2465 1628 2683 1699 sapiens
2715 1637 2770 1684 et
2794 1629 2980 1684 varius
2999 1629 3229 1692 fructus,
3260 1635 3315 1684 et
3344 1636 3530 1683 rectus

281 1722 464 1795 ἡλίου,
497 1719 592 1775 xui
620 1719 847 1790 σελήνης
873 1716 1187 1778 ἀνυπαίτιος
1214 1713 1432 1785 δρόμος,
1466 1711 1561 1764 xui
1587 1708 1858 1778 θαλάσσης

281 1816 433 1887 ὅρων
461 1813 657 1884 θεσμὸς
688 1813 760 1884 μὴ
792 1809 1230 1881 ὑπερισταμένης
1255 1807 1355 1879 τήν
1397 1805 1661 1877 Πρόνοιαν
1699 1803 1861 1856 ἀναν-

283 1903 564 1975 τιρῤήτως
601 1901 956 1974 μαρτύρεται*
979 1898 1151 1962 οὕτως
1173 1899 1267 1952 xui
1295 1899 1329 1968 ή
1357 1896 1463 1950 τῶν
1487 1893 1639 1960 ζώων
1664 1892 1861 1963 ἰδιότης

285 1996 353 2050 τὺ
377 1994 790 2066 ἀπαράλλακτον
818 1994 916 2064 τῆς
955 1992 1158 2057 τάξεως
1193 1988 1573 2059 ὲνδεικνυμένη
1606 1986 1705 2058 τὴν
1730 1984 1865 2056 Πρό-

287 2105 443 2143 νοιαν
486 2087 630 2158 μάλα
660 2084 843 2151 σαφῶς
880 2084 1157 2157 κηρύττει,
1181 2082 1430 2153 καθάπερ
1463 2079 1607 2150 ψυχὴ
1643 2076 1865 2131 κινοῦσα

288 2178 391 2234 τοῦ
429 2178 633 2249 κόσμου
676 2179 856 2230 πᾶσαν
895 2177 994 2247 τὴν
1023 2174 1297 2229 σύστασιν.
1332 2172 1443 2226 Καὶ
1465 2169 1867 2238 καταγέλαστος

291 2270 363 2325 ἂν
396 2268 483 2339 είη
515 2270 622 2332 πᾶς
648 2270 677 2321 ὁ
707 2268 1000 2331 sacoma»,
1031 2266 1139 2320 τῶν
1170 2263 1444 2336 στοιχείων
1472 2261 1726 2316 ἁπάντων
1747 2262 1870 2331 ὁμο-

292 2360 596 2429 λογούντων
623 2357 792 2429 αὐτήν
809 2376 822 2390 ·
858 2360 929 2431 γῆ
966 2359 1061 2430 μὲν
1083 2358 1217 2430 πρὸς
1239 2354 1570 2428 φυτουργίαν
1591 2354 1691 2406 οὐκ
1716 2353 1870 2406 ἀπει-

295 2451 489 2517 θοῦσα,
522 2452 669 2524 ήλιός
694 2469 774 2517 τε,
807 2453 900 2505 xui
932 2451 1149 2522 σελήνη,
1178 2450 1271 2504 xui
1290 2449 1358 2503 τὰ
1386 2446 1546 2501 λοιπά
1570 2445 1743 2517 ἄστρα
1775 2442 1868 2497 τοῦ

294 2545 667 2616 προσήκοντος
706 2544 905 2616 δρόμου
951 2542 1024 2614 μὴ
1071 2541 1371 2605 στείλαντα,
1408 2540 1644 2594 Θάλαττα
1674 2536 1870 2591 κανόνα

294 2633 614 2705 προσταγῆς
635 2634 733 2703 ούχ
754 2632 1169 2705 ὑπερϐαίνουσα,
1191 2630 1364 2702 νηκτὰ
1389 2630 1444 2683 δὲ
1469 2630 1561 2682 καὶ
1581 2626 1869 2699 ἀεροπόλα,

295 2725 397 2779 καὶ
417 2728 645 2797 χερσαῖα
664 2725 764 2795 τῆς
790 2723 1141 2795 ὀφειλομένης
1164 2721 1352 2795 χρείας
1365 2723 1462 2792 ούχ
1481 2721 1606 2773 ὑστε
1615 2718 1869 2792 ρούμενα.

296 2816 428 2880 Πῶς
472 2812 565 2872 οὖν
611 2817 713 2869 οὐκ
743 2815 924 2879 ἄδικος
972 2815 1065 2869 καὶ
1097 2816 1283 2887 ἄφρων
1309 2814 1337 2866 ὁ
1361 2812 1584 2866 καθόλου
1618 2811 1714 2883 τὴν
1742 2809 1877 2882 Πρό-

298 2925 452 2961 νοιαν
473 2907 936 2979 παραιτούμενος;
964 2905 1095 2959 ’Ποῦ
1124 2905 1279 2974 λόγος
1304 2906 1421 2978 ἐρεῖ
1449 2903 1690 2975 τεχνικὸν
1716 2901 1875 2973 ἔργον

304 3000 381 3072 μὴ
423 2998 979 3071 ὰπαυτοματίζεσθαι,
1028 2998 1163 3069 πρὸς
1193 2997 1501 3068 ἐπιστήμης
1545 2994 1602 3047 δὲ
1640 2992 1708 3047 τὰ
1739 2992 1877 3061 σοφὰ

302 3092 442 3165 ἔργα
470 3091 867 3146 ἀποτελεῖσθαισ
903 3092 1097 3146 αὐτίκα
1139 3089 1269 3161 γοῦν
1311 3086 1749 3162 ἀνδριαντοποιοῦ
1794 3086 1878 3139 ἒν-

1964 1726 2236 1775 astrorum
2261 1718 2412 1785 ordo,
2449 1725 2504 1773 et
2526 1718 2658 1774 solis
2678 1719 2925 1789 lunaeque
2946 1734 3144 1774 cursus
3195 1718 3528 1787 inculpatus,

1961 1812 2237 1880 marisque
2259 1810 2616 1865 terminorum
2664 1810 2747 1865 lex
2799 1810 3076 1874 inviolata,
3124 1809 3530 1865 Providentiam

1963 1916 2074 1956 non
2126 1909 2494 1972 repugnanter
2529 1900 2924 1969 testiﬁcantur;
2984 1901 3065 1957 sic
3113 1907 3167 1955 et
3215 1900 3531 1955 animalium

1965 1993 2289 2064 proprietas,
2312 1992 2629 2063 ordiuisque
2660 2002 2919 2064 perpetua
2949 2002 3004 2049 et
3033 2007 3307 2063 nunquam
3332 1992 3533 2046 immu-

1965 2085 2077 2139 ta'ta
2102 2087 2291 2149 series,
2320 2086 2456 2139 satis
2498 2084 2644 2139 clare
2694 2082 3096 2139 Providentiam
3126 2082 3532 2147 demonstrans,

1967 2177 2125 2247 quasi
2162 2190 2338 2246 praeco
2376 2175 2711 2246 pronuntiat,
2749 2182 3007 2246 tanquam
3060 2180 3273 2230 animus
3318 2188 3535 2229 onmem

1968 2267 2110 2321 hanc
2136 2265 2323 2320 mundi
2355 2280 2579 2320 movens
2612 2272 2965 2319 structuram.
2998 2263 3062 2317 Et
3093 2279 3224 2319 sane
3272 2264 3537 2319 ridiculus

1969 2366 2114 2415 esset
2136 2359 2230 2428 qui
2258 2372 2377 2413 eam
2409 2357 2719 2428 denegaret,
2750 2356 3033 2413 elementis
3059 2356 3310 2411 omnibus
3338 2357 3543 2412 conﬁr-

1970 2450 2268 2515 mantibus,
2304 2457 2451 2505 terra
2470 2450 2687 2521 quidem
2712 2447 2779 2503 ad
2806 2447 3038 2505 fructus.
3053 2447 3305 2504 ferendos
3327 2448 3545 2504 obtem-

1970 2551 2145 2613 perat,
2177 2544 2259 2597 sol
2291 2549 2345 2597 et
2368 2543 2520 2608 luna,
2556 2552 2611 2598 et
2649 2544 2859 2614 reliqua
2909 2543 3087 2598 sidera
3145 2556 3176 2595 a
3222 2554 3389 2596 cursu
3441 2542 3545 2598 sibi

1973 2632 2632 2703 convenientenunquam
2676 2633 2969 2697 desistunt,
3016 2648 3165 2689 mare
3213 2633 3386 2705 legem
3442 2631 3547 2687 sibi

1973 2727 2346 2797 praescriptam
2376 2726 2746 2796 incorruptam
2767 2726 3025 2788 custodit,
3057 2726 3309 2780 animalia
3341 2725 3546 2787 omnia,

1975 2815 2090 2871 sive
2111 2816 2268 2886 aquis
2304 2822 2511 2880 natent,
2540 2817 2653 2872 sive
2676 2831 2800 2871 aere
2821 2816 3022 2881 volent,
3047 2818 3161 2871 sive
3198 2824 3339 2871 terra
3370 2815 3550 2870 feran-

1977 2921 2085 2976 tur,
2116 2928 2389 2982 nusquam
2420 2912 2474 2966 in
2496 2913 2690 2968 usibus
2721 2913 2843 2967 vita:
2883 2913 3209 2968 necessariis
3236 2912 3549 2967 destituun-

1976 3010 2086 3058 tur.
2161 3002 2446 3069 Quomodo
2522 3004 2694 3075 igitur
2752 3018 2862 3058 non
2942 3006 3046 3058 erit
3100 3012 3153 3060 et
3208 3017 3239 3057 a
3295 3005 3544 3075 justitia,

1979 3101 2032 3148 et
2062 3094 2132 3149 ab
2152 3095 2301 3148 omni
2330 3094 2559 3150 consilio
2592 3095 2826 3159 alienus,
2851 3096 2943 3165 qui
2992 3095 3208 3166 penitus
3254 3094 3322 3151 de
3367 3094 3549 3150 medio

302 3156 453 3238 νοιαν
478 3184 851 3257 λαμϐάνομενο
893 3184 1075 3238 είκόνα
1108 3156 1165 3237 δέ
1195 3156 1534 3255 περικαλλῶς
1561 3180 1874 3252 γεγραμμέ-

1979 3181 2382 3239 Providentiam
2414 3185 2588 3239 tollit?
2611 3156 3028 3252 Quaenam-ratio
3058 3186 3107 3239 id
3137 3186 3376 3251 docebit,
3416 3186 3549 3239 arti-

302 3296 403 3350 νην
431 3279 756 3342 κατιδόντες,
778 3277 869 3332 τὸν
893 3278 1097 3350 ταύτης
1123 3279 1337 3350 γραφέα
1366 3272 1712 3346 θαυμάζομεν
1731 3288 1745 3303 ⁸
1779 3272 1880 3343 νῆα

301 3372 359 3425 δὲ
412 3371 676 3442 ἐντέχνως
722 3372 1001 3444 ἐπιστήμῃ
1046 3366 1559 3439 κατεσκευασμένην
1599 3364 1834 3437 ὁρῶντες
1864 3402 1879 3427 ,

304 3463 588 3534 ναυπηγὸν
620 3461 964 3533 ἐπαινοῦμεν.
993 3462 1056 3515 Εἰ
1088 3460 1132 3514 δ’
1166 3461 1318 3515 αὐτοὶ
1344 3458 1567 3530 τεχνικὰ
1590 3455 1726 3528 ἔργα
1747 3454 1882 3508 θεώ-

306 3573 462 3627 μενοι
491 3555 582 3609 τὸν
613 3555 886 3626 ἔμμουσον
917 3554 1162 3627 τεχνίτην
1194 3552 1551 3623 γινώσκομεν,
1590 3550 1642 3603 τί
1687 3543 1779 3602 οὖν
1822 3547 1882 3600 ού

307 3648 512 3721 μᾶλλον
556 3647 655 3721 τὴν
697 3650 912 3704 πάντων
959 3648 1127 3719 σοφὴν
1172 3646 1434 3719 Πρόνοιαν
1480 3644 1538 3696 ὲν
1582 3639 1882 3711 καταλήψει

303 3740 546 3811 ἓξοιμεν,
583 3739 843 3823 ὀφθαλμῷ
889 3738 1124 3792 διάνοιαν
1155 3736 1242 3790 διὰ
1282 3733 1389 3789 τῶν
1423 3730 1880 3823 ὲστοιχειωμένων

306 3832 519 3903 κόσμου
566 3820 771 3904 μερῶν,
819 3830 1196 3902 ἐπιστημόνως
1229 3825 1615 3897 τεταγμένων;
1661 3822 1743 3876 Τὰ
1773 3820 1882 3894 γὰρ

305 3922 426 3995 εἴδη
474 3923 570 3977 καὶ
621 3925 872 3996 σχήματα
908 3924 1066 3978 ἱκανὰ
1096 3921 1360 3994 γνωρίσαι
1399 3920 1493 3972 τὸν
1535 3915 1803 3987 τεχνίτην,
1830 3915 1883 3967 εί

307 4015 407 4069 xui
437 4015 584 4088 λόγῳ
605 4015 674 4069 τὰ
702 4016 1119 4088 ὲστοιχειωμένα
1156 4014 1364 4084 σιωπὴν
1416 4012 1557 4080 άγει.
1598 4007 1745 4062 Φιλεϊ
1775 4005 1884 4077 γὰρ

306 4107 381 4161 τὰ
422 4109 561 4184 πρός
597 4127 743 4174 τινος
784 4108 1135 4181 μορφωθέντα
1162 4106 1255 4161 τὸν
1288 4102 1669 4175 κεκοσμηκότα
1696 4098 1887 4173 ὁμολο-

308 4202 446 4269 γεῖν.

1982 3276 2228 3331 ﬁciosum
2245 3292 2383 3348 Opus
2406 3285 2629 3344 temere,
2649 3276 2984 3347 fortunaque
3008 3278 3273 3348 produci?
3302 3277 3402 3333 Ubi
3420 3294 3551 3349 pru-

1983 3367 2166 3423 dentia
2200 3368 2497 3439 perfectum
2529 3375 2583 3422 et
2627 3368 2966 3424 elaboratum
3018 3383 3156 3439 Opus
3207 3371 3551 3440 conspexeri-

1986 3475 2133 3525 mus,
2169 3459 2289 3528 ejus
2322 3459 2582 3514 artiﬁcem
2614 3467 2794 3514 mente
2847 3461 3205 3528 revolvimus;
3260 3463 3567 3536 imaginem

1986 3551 2349 3622 pulcherrime
2377 3551 2577 3621 pictam
2608 3552 2810 3617 intuiti,
2842 3553 2962 3623 ejus
3004 3555 3267 3625 pictorem
3314 3557 3553 3613 admira-

1984 3658 2141 3706 mur;
2164 3659 2355 3698 navem
2370 3644 2663 3701 artiﬁciose
2690 3644 3089 3717 prudenterque
3110 3661 3442 3719 compactam
3471 3652 3555 3707 vi-

1986 3734 2198 3798 dentes,
2223 3750 2530 3806 naupegum
2553 3734 3025 3792 commendamus.
3045 3735 3101 3792 Si
3132 3738 3297 3810 igitur
3316 3740 3418 3797 nos
3450 3742 3556 3814 ipsi

1987 3841 2154 3899 opera
2178 3837 2294 3883 arte
2323 3827 2573 3884 confecta
2605 3839 2892 3887 cernentes
2923 3832 2979 3887 in
3018 3835 3382 3905 cognitionem
3425 3852 3558 3906 pru-

1988 3919 2169 3976 dentis
2203 3920 2428 3977 artiﬁcis
2455 3921 2795 3991 devenimus,
2822 3940 3055 3996 quanam
3087 3928 3300 3984 ratione
3340 3929 3559 3998 sapien-

1987 4018 2097 4066 tem
2137 4027 2320 4067 rerum
2344 4014 2586 4069 omnium
2621 4013 3046 4081 Providentiam,
3082 4019 3328 4087 partibus
3368 4021 3557 4074 mundi

1987 4102 2381 4161 elementorum
2414 4121 2516 4177 ope
2545 4106 2795 4162 conﬂatis
2817 4118 3069 4179 recteque
3081 4109 3385 4181 dispositis,
3406 4127 3561 4165 men-

1990 4195 2062 4250 tis
2093 4197 2269 4252 oculis
2303 4213 2412 4253 non
2440 4200 3001 4269 compreliendemus?
3056 4200 3203 4257 Satis
3251 4202 3395 4257 enim
3431 4215 3561 4259 sunt

308 4304 367 4352 et
394 4295 628 4365 species,
660 4303 712 4349 et
748 4293 956 4358 formae,
988 4303 1293 4363 caeteraque
1336 4307 1403 4347 ex
1434 4287 1716 4347 elementis
1770 4285 2092 4353 composita,
2152 4290 2254 4346 etsi
2291 4291 2508 4346 silentio
2566 4291 2865 4362 indulgent,
2914 4293 2980 4346 ad
3023 4308 3213 4348 eorum
3261 4294 3419 4350 nobis
3470 4310 3561 4349 ar-

310 4388 514 4444 tiﬁcem
541 4388 1019 4445 manifestaudum.
1052 4387 1240 4444 Solent
1259 4387 1458 4443 etenim
1489 4399 1578 4440 res
1607 4383 1675 4437 ab
1694 4379 1878 4450 aliquo
1903 4379 2151 4437 conﬁctae
2183 4394 2464 4453 parentem
2487 4392 2541 4440 et
2564 4384 2914 4441 formatorem
2942 4383 3116 4440 effari.

389 4506 600 4578 Ὠσπερ
643 4506 701 4559 δὲ
742 4505 851 4560 τῶν
903 4505 1178 4575 στοιχείων
1220 4507 1253 4576 ή
1300 4504 1555 4568 σύστασις
1603 4500 1874 4574 σαφηνίζει

2059 4498 2326 4556 Caeterum
2342 4499 2798 4571 quemadmodum
2827 4503 3216 4558 elementorum
3239 4501 3560 4558 constitutio

309 4599 415 4671 τὴν
445 4600 729 4674 Πρόνοιαν,
778 4599 920 4653 οὕτω
953 4600 1048 4654 xui
1076 4601 1110 4671 ή
1134 4599 1240 4653 τῶν
1269 4598 1421 4663 ζώων
1452 4599 1706 4671 διάφορος
1733 4597 1893 4667 φύσις

310 4693 415 4764 τὴν
442 4693 643 4762 γνῶσιν
673 4693 875 4765 ταύτης
899 4693 1212 4765 παρέχεται.
1247 4693 1610 4761 Συγγεννᾶται
1657 4690 1755 4762 μὲν
1785 4690 1893 4759 γὰρ

311 4788 343 4839 ὁ
374 4786 545 4857 θυμὸς
571 4784 645 4856 τῷ
666 4785 862 4849 λέοντι,
898 4786 991 4839 xui
1011 4784 1143 4842 ,ἔστι
1167 4784 1484 4856 μοναστικὸς
1506 4786 1533 4838 ό
1567 4783 1679 4854 βίος
1707 4783 1891 4848 αὐτοῦ,

312 4875 495 4929 οὐδενὶ
515 4874 623 4929 τῶν
650 4874 802 4941 ζώων
826 4873 1116 4937 κοινωνῶν,
1144 4874 1262 4927 οὐδὲ
1282 4872 1470 4944 χθιζήν
1491 4872 1695 4944 τροφὴν
1719 4871 1897 4942 προϊέ-

319 4982 504 5037 μενος,
540 4965 676 5020 άλλά
704 4967 1014 5039 πρόσφατον
1034 4983 1049 4998 ’
1077 4965 1253 5031 ὀξεῖαν
1283 4964 1339 5017 δὲ
1372 4963 1482 5035 ἔχει
1504 4963 1600 5035 τὴν
1622 4962 1890 5034 αἴσθησιν,

316 5059 416 5113 καὶ
466 5058 659 5112 θᾶττον
706 5060 805 5130 τῆς
850 5060 1028 5130 ὀσμῆς
1058 5058 1167 5111 τῶν
1196 5056 1531 5129 θηρευόντων
1559 5055 1891 5121 αἰσθάνεται,

314 5153 416 5206 καὶ
442 5151 631 5224 δρόμῳ
672 5150 860 5221 φεύγει
887 5150 980 5204 ἐπὶ
1009 5150 1071 5204 τὸ
1099 5149 1379 5220 σπήλαιον,
1408 5148 1477 5203 τὰ
1502 5149 1623 5220 ἴχνη
1667 5150 1732 5221 τῇ
1762 5149 1892 5219 σοδῇ

314 5243 673 5314 περισαίνων,
686 5243 833 5307 ὅπως
850 5241 1192 5311 καλυφθέντα
1207 5241 1310 5295 ὑπὸ
1333 5241 1430 5313 τῆς
1448 5242 1647 5304 κόνεως
1660 5241 1897 5311 ἀνίχνευ-

315 5349 413 5388 cev
442 5333 562 5395 τοῖς
594 5331 880 5404 θηρευταϊς
909 5333 1342 5401 καταστήσωσιν.
1375 5330 1556 5403 Πηρδς
1592 5329 1648 5382 δὲ
1676 5328 1839 5383 αὐτοῦ
1867 5331 1895 5382 ὁ

318 5424 567 5496 σκύμνος
590 5423 850 5489 τίκτεται,
883 5426 977 5478 καὶ
1007 5426 1155 5495 τρεῖς
1186 5423 1400 5495 ἡμέρας
1428 5422 1532 5476 ὑπὸ
1560 5421 1661 5492 τῆς
1680 5422 1895 5493 λεαίνης

318 5517 673 5589 φυλάττεται,
693 5516 788 5569 καὶ
809 5515 976 5570 ἐλθὼν
1005 5515 1164 5579 αὐτὸς
1179 5514 1287 5569 ἀπὸ
1312 5512 1411 5585 τῆς
1437 5513 1628 5585 θήρας,
1652 5514 1898 5585 ὲμφυσήυ

321 5628 422 5676 σας
464 5610 628 5665 αὐτὸν
660 5612 741 5675 είς
785 5610 847 5663 τὸ
884 5611 1204 5681 πρόσωπον,
1239 5607 1506 5679 βλέποντα
1552 5606 1713 5660 αὐτὸν
1751 5604 1897 5671 ίιιξιιν⁴

394 5770 441 5805 ισ
482 5769 615 5831 Cen.
644 5769 804 5834 1,21,
835 5769 920 5841 εα,

1993 4589 2394 4646 Providentiam
2423 4592 2761 4662 perspicuam
2797 4590 2945 4656 facit,
2994 4594 3075 4649 sic
3134 4602 3189 4650 et
3242 4595 3559 4651 animalium

1993 4683 2144 4737 varia
2166 4690 2392 4745 natura,
2426 4682 2545 4752 ejus
2571 4682 2731 4737 nobis
2754 4683 3120 4753 cognitionem
3140 4685 3357 4756 ingerit.
3386 4686 3564 4741 Gene-

1992 4775 2196 4829 rositas
2227 4773 2371 4827 enim
2393 4782 2447 4828 et
2469 4772 2750 4829 iracundia
2776 4790 2885 4829 una
2903 4789 3027 4830 cum
3056 4777 3210 4832 leone
3235 4790 3559 4841 nascuntur,

1994 4867 2181 4937 illique
2211 4864 2449 4921 solitudo
2477 4873 2533 4920 et
2575 4880 2828 4921 recessus
2855 4868 3031 4922 amica
3061 4876 3213 4933 sunt,
3271 4884 3441 4941 seque
3488 4887 3554 4926 ex

1995 4958 2311 5012 animalium
2348 4957 2649 5028 frequentia
2675 4960 2851 5026 tollit;
2877 4958 3033 5014 cibos
3061 4959 3315 5014 hesterna
3361 4960 3450 5017 die
3472 4976 3564 5015 ar-

1996 5056 2179 5118 reptos
2207 5049 2438 5120 respuit,
2472 5053 2808 5105 recentiores
2832 5051 3109 5120 capessit;
3135 5066 3299 5106 sensu
3350 5053 3563 5107 acerri-

1996 5155 2087 5195 mo
2115 5150 2221 5206 est,
2253 5142 2647 5211 celerrimoque
2681 5141 2849 5197 odore
2886 5142 3123 5212 quodam
3150 5152 3413 5201 venantes
3445 5160 3567 5201 sen-

1995 5232 2084 5299 tit,
2112 5248 2387 5304 cursuque
2412 5232 2586 5288 fertur
2607 5234 2661 5288 iu
2688 5234 3026 5305 speluncam,
3044 5235 3289 5306 vestigiis
3315 5244 3566 5293 recenter

1996 5324 2280 5395 impressis
2309 5323 2480 5379 cauda
2515 5323 2842 5395 deturpatis,
2870 5333 2928 5379 ut
2970 5325 3079 5381 illis
3118 5327 3341 5397 pulvere
3390 5329 3562 5383 obvo-

1995 5416 2150 5481 lutis,
2176 5425 2466 5472 venatores
2529 5426 2928 5486 consequentes
2982 5417 3224 5488 effugiat.
3280 5418 3567 5475 Caacusil-

1995 5508 2104 5564 lius
2147 5508 2361 5562 catulus
2390 5520 2681 5579 generatur
2701 5515 2756 5562 et
2784 5508 2961 5563 tribus
2997 5509 3188 5578 primis
3220 5510 3412 5566 diebus
3464 5525 3562 5565 cu-

1996 5588 2173 5656 stodia
2209 5600 2388 5655 leamae
2420 5608 2754 5668 asservatur,
2785 5600 2956 5656 donec
2991 5601 3081 5657 ille
3109 5617 3139 5656 a
3170 5604 3456 5660 venatione
3478 5619 3593 5660 rex
