4080 6334
527 239 632 295 759

1386 234 1449 291 S.
1489 233 1929 294 EUSTATBIUS
1964 232 2882 298 ANTIOCHENUS.EPISCOPUS.

3660 243 3768 298 τω

519 364 745 421 gressus
769 349 826 403 in
859 346 1051 403 faciem
1080 345 1294 416 efﬂans,
1331 347 1554 402 videndi
1589 348 1696 402 vim
1731 349 1810 403 illi
1840 364 2056 405 eommu

2188 353 2421 424 ιστησιν.
2439 354 2629 407 Ἠνίκα
2657 354 2712 407 δὲ
2740 354 3011 427 ἀνθρώπῳ
3039 358 3197 428 ἧτινι
3223 356 3333 411 τῶν
3358 356 3510 424 ζώων
3541 359 3771 433 ἐπέρχεο

520 444 687 496 hicat.
724 439 953 506 Quando
983 454 1111 493 vero
1142 438 1416 493 hominem
1443 440 1527 497 vel
1557 439 1704 495 aliud
1755 442 1952 495 animal
2001 457 2094 512 ag-

518 532 785 603 greditur,
816 537 986 586 semet
1018 530 1172 601 prius
1198 530 1370 585 cauda
1402 545 1498 586 seu
1516 531 1750 602 quodam
1772 533 2094 590 incitamen-

520 630 576 675 ιο
606 621 860 692 ﬂagellat,
894 629 953 674 ut
983 631 1138 691 poeta
1179 622 1376 676 cecinit
1406 622 1485 664 ‘7:

590 731 778 804 Crauda
801 750 918 787 vero
943 734 1213 804 lateraque
1235 743 1283 788 et
1312 733 1516 787 lumbos
1545 735 1786 803 utrinque

599 803 870 865 Verberat,
895 821 1045 875 seque
1058 803 1229 872 ipSum
1260 807 1456 858 excitat
1481 806 1550 858 ad
1584 811 1943 875 pugnandum.

515 916 575 971 In
604 925 844 981 senecta,
903 917 1160 987 quoniam
1188 918 1257 972 ad
1308 922 1709 990 persequendas
1759 920 1902 976 feras
1940 923 2085 977 vires

516 1024 625 1063 non
656 1016 936 1078 superant,
969 1013 1132 1066 urbes
1162 1012 1393 1078 obsidet,
1447 1013 1759 1068 hominibus
1798 1014 1864 1067 ad
1911 1016 2074 1067 vitam

514 1101 946 1155 conservandam
982 1100 1219 1163 inhians,
1239 1117 1558 1173 semperque
1588 1105 1731 1159 illius
1750 1120 1810 1159 os
1832 1106 2087 1175 gravissi-

513 1207 660 1246 mum
678 1188 1169 1248 omniumredditet
1182 1192 1399 1248 odorem
1417 1201 1469 1249 ct
1489 1195 1709 1249 halitum
1726 1212 1739 1259 ;
1756 1196 1945 1251 oculos
1959 1210 2081 1248 cum

512 1283 733 1346 dormit,
760 1292 1006 1355 patentes
1034 1286 1215 1341 habet.
1242 1285 1434 1341 Lemna
1470 1287 1558 1341 vix
1580 1286 1905 1357 dillicileque
1923 1286 2083 1341 unius

512 1376 679 1429 catuli
701 1385 914 1445 partum
953 1378 1236 1445 sustinet;
1282 1378 1338 1431 in
1393 1379 1511 1448 ipso
1565 1380 1707 1432 enim
1765 1380 1927 1433 enixu
1979 1394 2081 1432 uno

510 1467 695 1537 guium
729 1468 845 1522 acie
874 1467 1014 1523 fetus
1039 1470 1183 1524 illius
1211 1470 1471 1525 dilacerat
1495 1480 1726 1525 uterum.

581 1557 827 1615 Pardalis
858 1550 1148 1616 vehemens
1170 1570 1254 1617 est
1273 1571 1326 1617 et
1371 1565 1655 1633 repentino
1697 1560 1902 1634 impetu
1944 1578 2081 1633 praem

2196 461 2309 508 ται,
2345 443 2590 516 μαστίζει
2614 448 2678 517 τῇ
2715 446 2844 518 σοδῇ
2870 446 3062 501 ἑαυτὸν
3090 449 3350 524 πρότερον
3367 451 3508 505 κατά
3527 451 3587 506 τδ
3607 470 3769 523 ποιηο

2196 536 2346 590 τικόν
2359 552 2373 566 ⁸

2187 731 2350 809 φῇ)ρῇ
2371 730 2498 809 μὴν
2522 733 2787 809 πμυράς
2804 751 2885 809 ,τεΔ
2904 734 3004 809 καὶ
3036 737 3203 806 ἰσχία
3225 738 3640 809 ἀμφοτέρωθεν

2190 806 2538 867 Μαστίεται,
2568 803 2629 857 ἒε
2666 803 2718 856 δ’
2747 804 2933 858 αὐτὸν
2954 803 3686 879 ἐποτρύνειξιωχέοασθαι.

2189 911 2443 984 Γηράσας
2462 913 2539 977 δὲ,
2569 914 2661 966 καὶ
2683 916 2761 977 εἰς
2782 912 2955 985 ἄγραν
2986 913 3221 984 βαδίζειν
3246 916 3452 971 ἀτονῶν
3481 919 3763 991 ἐφεδρεύει

2187 1008 2306 1069 ταῖς
2335 1005 2571 1069 πόλεσιν,
2609 1004 2855 1076 θηρεύειν
2900 1008 2979 1069 εἰς
3029 1006 3215 1076 βίωσιν
3266 1009 3390 1072 τοὺς
3442 1009 3763 1082 ἀνθρώπους

2188 1096 2686 1168 γλιχόμενος.Ἔστι
2715 1097 2770 1150 δέ
2795 1097 2958 1151 αὑτοῦ
2992 1098 3050 1152 τὸ
3081 1099 3249 1171 στόμα
3277 1101 3502 1155 πάντοτε
3528 1102 3762 1157 δυσωδέ-

2191 1204 2382 1243 στατον
2399 1204 2414 1218 ·
2447 1187 2721 1241 καθεύδων
2741 1188 2797 1242 δὲ
2822 1191 3166 1254 ἀναπετάσας
3190 1191 3386 1262 ἔχειτὰ
3411 1192 3673 1266 βλέφαρα.
3693 1197 3759 1250 Ἥ

2187 1280 2243 1334 δὲ
2271 1281 2456 1335 λέαινα
2486 1281 2635 1352 μόλις
2667 1281 2783 1345 ἐνὸς
2813 1282 3049 1353 σκύμνον
3097 1284 3358 1354 ὑπομένει
3394 1286 3492 1359 τὴν
3524 1288 3719 1361 κύησιν
3740 1307 3756 1322 ο

2190 1372 2394 1444 προῖὼν
2424 1373 2533 1446 γὰρ
2561 1375 2640 1438 εἰς
2666 1374 2726 1427 τὸ
2747 1374 2851 1442 ἔξω
2890 1379 3011 1440 ταῖς
3042 1378 3245 1448 ἀκμαῖς
3276 1378 3385 1433 τῶν
3414 1380 3622 1452 ὀνύχων
3655 1384 3757 1455 τὴν

2191 1465 2406 1536 μήτραν
2433 1465 2828 1538 διασπαράσσει
2862 1469 3049 1539 αὐτῆς.

2267 1558 2612 1626 Ῥαγδαλαῖον
2659 1562 2692 1630 ἠ
2736 1559 2998 1632 πάρδαλις
3046 1564 3135 1616 καὶ
3179 1562 3474 1636 ὀξύρροπον
3505 1568 3628 1629 ταῖς
3674 1569 3759 1637 όρ⁴

512 1664 674 1720 ceps;
703 1659 898 1707 uetera
922 1654 1181 1708 animalia
1225 1656 1511 1709 tremenda
1556 1656 1725 1710 vincit
1772 1658 2056 1711 velocitate

2183 1654 2329 1723 μαῖς,
2359 1653 2585 1707 καὶτῶν
2617 1652 2787 1707 ἄλλων
2816 1654 3088 1727 διαφέρων
3123 1654 3359 1731 ὀξύτητι,
3402 1660 3495 1714 καὶ
3529 1661 3620 1714 ἐπὶ
3655 1660 3758 1723 τὰς

507 1747 561 1792 et
596 1748 720 1795 ante
751 1750 1067 1796 venatorum
1104 1744 1292 1798 oculos
1322 1744 1394 1798 ita
1427 1744 1623 1814 pedum
1657 1745 1797 1800 valet
1844 1744 2081 1815 pernici-

506 1837 637 1896 tate,
666 1840 723 1886 ut
755 1834 938 1888 volare
965 1835 1196 1905 quisque
1221 1835 1446 1890 diceret.

576 1921 729 1980 Ursae
764 1935 959 1980 natura
982 1929 1166 1998 segnis
1189 1934 1243 1981 et
1267 1929 1578 1998 peculiaris,
1637 1944 1819 1985 mores
1868 1931 2077 1985 malitia

505 2015 754 2079 solertes,
779 2032 982 2087 corpus
1009 2033 1193 2089 grave.
1224 2017 1571 2090 Saepeitaque
1595 2019 1932 2090 gravissimis
1958 2022 2077 2076 vul-

502 2104 729 2160 neribus
774 2106 1045 2175 conlecta,
1081 2109 1183 2163 sibi
1210 2116 1370 2179 parat
1419 2110 1837 2172 medicamenta,
1881 2111 2074 2167 siccis-

503 2196 643 2250 simo
673 2200 933 2252 verbasco
960 2200 1280 2254 vulneribus
1310 2200 1613 2264 obturatis;
1662 2200 1790 2254 dum
1844 2215 2075 2272 congre-

500 2288 650 2341 ditur
691 2297 745 2342 et
796 2289 1054 2353 luctatur,
1101 2289 1395 2345 artiticiose
1452 2290 1619 2361 pedes
1669 2292 1979 2360 complicat,
2019 2302 2073 2348 et

498 2396 621 2435 eum
647 2382 867 2450 quicum
899 2389 1094 2447 certat,
1123 2384 1459 2453 supplantat,
1505 2392 1560 2438 et
1606 2384 1842 2438 medium
1897 2387 2071 2442 valide

496 2482 806 2541 correptum
828 2473 1057 2542 impetit.

569 2562 785 2619 Taurus
806 2566 1088 2631 cornibus,
1114 2567 1314 2636 quibus
1338 2567 1527 2623 hostes
1556 2568 1860 2634 ulciscitur,
1888 2585 2069 2625 arma-

502 2664 612 2723 tur,
648 2658 986 2729 pedibusque
1015 2659 1338 2715 athletarum
1376 2676 1526 2715 more
1554 2662 1827 2731 pulverem
1877 2662 1930 2716 in
1985 2662 2067 2717 al-

497 2756 610 2802 tum
643 2750 872 2821 spargit,
897 2750 1393 2820 despicatustorvis
1415 2752 1590 2806 oculis
1616 2751 1930 2814 ardescens,
1949 2766 2067 2804 coro

492 2839 658 2896 nibus
690 2840 985 2904 inclinatis,
1018 2847 1072 2895 et
1102 2841 1184 2894 ira
1238 2841 1523 2910 gliscente,
1583 2848 1694 2894 toto
1728 2854 1955 2909 corpore
1981 2839 2065 2894 di-

493 2930 842 2985 micationem
874 2930 1072 3000 poscit.

2184 1742 2335 1812 ὄψεις
2366 1742 2474 1798 τῶν
2508 1744 2787 1816 θηρευτῶν
2815 1746 3198 1817 ἐφιπτάμενον.

2250 1920 2450 1996 Νωθρά
2474 1923 2508 1994 ἡ
2545 1921 2703 1993 φύσις
2731 1923 2830 1995 τῆς
2854 1922 3073 1996 ἄρκτου,
3107 1928 3199 1980 κα)⁵
3238 1928 3550 2002 ξδιότροπος,
3573 1933 3669 1987 καὶ
3691 1934 3753 1987 τὺ

2180 2007 2310 2085 ἦθος
2345 2012 2593 2079 ὕπουλος,
2624 2014 2718 2067 καὶ
2770 2014 2957 2087 βαρεῖα
2985 2016 3065 2087 τῷ
3094 2018 3323 2089 σώματι.
3359 2022 3625 2087 Πολλάκις
3656 2021 3749 2078 οὖν

2180 2104 2506 2176 βαθυτάταις
2532 2107 2800 2181 τρωθεῖσα
2828 2108 3081 2180 πληγαῖς,
3116 2113 3346 2184 ἱατρεύει
3398 2116 3595 2187 ἑαυτὴν
3648 2116 3745 2187 ξη-

2179 2199 2385 2270 ροτάτῳ
2418 2199 2606 2271 φλόμῳ
2635 2199 2732 2263 τὰς
2763 2201 2990 2266 ὠτειλὰς
3022 2204 3394 2273 παραδύουσα.
3434 2208 3748 2264 Παλαίουσα

2175 2290 2231 2343 δὲ
2257 2290 2534 2345 διαπλέκει
2565 2292 2691 2356 τοὺς
2722 2292 2886 2356 πόδας
2917 2294 3208 2366 τεχνικῶς,
3244 2298 3337 2351 καὶ
3374 2299 3743 2365 ὑποσκελίζει,

2176 2380 2269 2432 καὶ
2302 2380 2676 2450 μεσολαϐοῦσα
2707 2382 2981 2453 κραταιῶς
3008 2383 3297 2442 καθάπτει.

2253 2558 2311 2610 '0
2355 2557 2550 2633 ταῦρος
2582 2562 2692 2623 τοῖς
2725 2560 2917 2632 κέρασι
2949 2562 3083 2633 πρὸς
3117 2562 3326 2633 ἄμυναν
3357 2564 3462 2619 τῶν
3507 2568 3744 2623 ἀντιπάο

2170 2645 2275 2699 λων
2302 2646 2692 2713 καθώπλισται,
2725 2653 2837 2713 τοῖς
2866 2649 2922 2703 δέ
2955 2653 3110 2705 ποσὶν
3145 2652 3375 2725 ἀθλητοῦ
3417 2656 3617 2726 τρόπον
3658 2675 3747 2713 κο-

2168 2739 2403 2804 νίςεται·
2440 2740 2874 2812 ὑποϐλεπόμενος
2902 2742 2959 2795 δὲ
2993 2750 3268 2816 πρωποίς
3293 2746 3519 2819 ὄμμασι,
3543 2751 3639 2804 καὶ
3674 2753 3745 2805 τὰ

2169 2832 2373 2904 κέρατα
2403 2832 2750 2902 ἐγκεκλικὼς,
2784 2834 2878 2888 καὶ
2903 2835 3037 2900 ζέων
3066 2837 3238 2911 θυμῷ,
3264 2842 3477 2914 ἐφορμᾷ
3506 2842 3614 2914 ὅλῳ
3660 2845 3741 2915 τῷ

2169 2938 2402 2994 σωματι.

561 3022 706 3092 Aper
733 3023 780 3078 si
802 3023 1007 3077 locatos
1031 3021 1249 3076 insidiis
1276 3030 1564 3076 venatores
1579 3020 1745 3076 fuerit
1780 3020 2057 3084 odoratus,

2239 3016 2344 3078 Σῦς
2372 3015 2449 3079 δὲ,
2474 3017 2600 3071 ὅταν
2631 3017 2715 3091 ἴδῃ
2746 3021 3013 3091 κυνηγοὺς
3036 3022 3091 3073 ἐν
3112 3025 3230 3086 ταῖς
3257 3022 3409 3089 ὕλαις
3437 3024 3735 3097 λοχῶντας,

488 3116 696 3171 viribus
727 3116 1002 3180 excitatis,
1036 3116 1221 3170 nullus
1256 3114 1358 3168 init
1401 3115 1827 3180 contentionem,
1884 3113 2063 3183 prius-

487 3226 652 3282 quam
688 3210 753 3265 ad
779 3211 987 3265 vicinas
1018 3210 1244 3264 arbores
1272 3207 1464 3263 dentes
1497 3206 1793 3262 exacuerit.

556 3302 864 3373 Antholnps
896 3302 1074 3356 heliua
1095 3308 1179 3357 est
1200 3298 1700 3362 vehementissima,
1730 3304 1928 3352 venatu
1959 3294 2060 3349 dif-

488 3392 666 3457 ﬁcilis,
695 3392 945 3461 oblongis
974 3392 1257 3455 cornibus,
1304 3405 1581 3446 serrarum
1632 3389 1824 3452 instar,
1859 3386 2057 3458 quibus

487 3485 626 3539 altas
656 3484 1015 3554 ingentesque
1042 3486 1407 3538 circumsecat
1433 3482 1678 3537 arbores.
1709 3478 1910 3534 Sitiens
1957 3477 2057 3532 Eu-

486 3577 730 3646 phratem
768 3574 989 3629 ﬂuvium
1031 3577 1185 3645 petit,
1222 3576 1453 3646 indeque
1499 3582 1626 3645 potu
1673 3574 1866 3627 hausto
1910 3571 2055 3625 inter

481 3666 738 3728 ericulas,
776 3682 895 3736 quae
917 3668 1062 3720 circa
1084 3666 1325 3723 ﬂuminis
1371 3669 1516 3736 ripas
1566 3667 1860 3729 virescunt,
1915 3662 2053 3716 ludit

482 3757 658 3827 iisque
685 3758 992 3828 colligatur.
1026 3757 1237 3813 Etenim
1270 3773 1394 3812 cum
1429 3758 1540 3811 sint
1567 3757 1821 3811 tenuibus
1859 3762 1913 3810 et
1939 3754 2053 3809 len—

482 3848 553 3902 tis
586 3848 841 3911 surculis,
871 3848 1013 3903 inter
1047 3863 1104 3903 se
1159 3847 1421 3903 cornibus
1482 3847 1630 3902 illius
1677 3847 2047 3917 implicantur,

477 3942 569 3998 illa
601 3957 823 4013 gemens
864 3943 1160 3996 clamorem
1196 3940 1339 4006 edit;
1388 3936 1533 4009 quod
1588 3952 1712 3992 cum
1763 3945 2049 3993 venatores

475 4033 868 4105 persenserint,
895 4031 1043 4085 illico
1073 4045 1190 4084 eam
1230 4029 1682 4098 comprehensam
1704 4027 2043 4082 interimunt.

546 4124 643 4180 Est
670 4133 726 4179 et
746 4123 888 4193 apud
925 4122 1175 4195 Scythas,
1204 4137 1343 4191 quos
1376 4118 1518 4175 Loos
1546 4129 1763 4184 vocant,
1796 4117 1931 4182 fera,
1965 4126 2046 4171 ta-

471 4218 681 4273 rantlus
709 4218 950 4279 nomine,
988 4217 1076 4270 cui
1110 4212 1426 4284 magnitudo
1445 4226 1566 4281 quae
1595 4210 1740 4274 bovi,
1789 4221 2043 4279 aspectus

471 4311 563 4381 qui
595 4324 792 4376 cervo;
837 4309 1001 4378 [itque
1047 4305 1305 4362 assimilis
1337 4303 1643 4371 cuicunque
1688 4301 1764 4356 rei
1799 4303 2042 4370 proxime

469 4403 701 4465 venerit,
736 4401 1082 4469 coloremque
1104 4398 1344 4452 omnium
1375 4396 1573 4460 reddit,
1605 4397 1717 4450 sive
1743 4394 1832 4448 illa
1854 4395 2037 4458 arbor,

461 4496 583 4549 sive
611 4502 778 4556 terra,
811 4493 924 4547 sive
945 4490 1149 4560 aliquid
1180 4487 1326 4542 aliud
1357 4487 1457 4555 sit;
1484 4487 1610 4542 hinc
1642 4486 1820 4542 evenit
1852 4493 1912 4538 ut
1933 4484 2040 4539 dif-

466 4585 684 4640 liculter
716 4584 836 4655 capi
868 4583 1061 4654 possit,
1110 4582 1517 4649 multorumque
1568 4577 1815 4632 notitiam
1846 4575 2034 4646 fugiat.

534 4757 737 4814 Eadem
770 4759 986 4813 ratione
1014 4765 1068 4812 et
1085 4755 1416 4810 chamaeleon
1443 4760 1619 4807 mutat
1648 4752 1885 4807 colorem
1914 4751 2037 4808 red-

464 4850 649 4921 ditque
708 4864 1088 4920 quemcunque
1159 4846 1407 4917 proxime
1466 4845 1705 4915 attingit,
1757 4844 1873 4899 sive
1938 4859 2037 4914 per

462 4951 742 5013 pratorum
774 4942 1125 5004 viriditatem,
1165 4939 1279 4995 sive
1312 4953 1409 5009 per
1445 4938 1546 4993 soli
1584 4936 1885 4991 siccitatem
1912 4951 2032 4991 ser-

499 5049 573 5095 at.

499 5057 573 5095 at.

460 5057 495 5111 Ρ
528 5131 704 5187 Cervo
730 5131 871 5186 inest
899 5143 996 5186 sua
1030 5127 1317 5188 timiditas,
1343 5137 1654 5195 quanquam
1685 5122 1755 5177 sit
1779 5121 2029 5178 acerrimi

456 5224 612 5278 visus
641 5237 988 5293 pugnamque
1037 5235 1159 5273 cum
1217 5216 1542 5271 animalibus
1570 5228 1692 5285 qua:
1736 5213 1883 5267 humi
1941 5229 2028 5268 re-

457 5326 594 5389 pnnt
647 5315 967 5371 committat.
994 5312 1051 5368 Si
1082 5311 1300 5382 quando
1336 5324 1458 5364 eum
1492 5322 1739 5377 serpens,
1765 5306 1822 5359 in
1863 5320 2027 5359 saxo»

458 5425 578 5464 rum
606 5408 798 5463 rimam
827 5409 1127 5477 ingressus,
1167 5401 1419 5475 fugiendo
1449 5400 1754 5463 declinarit,
1809 5396 1900 5453 siti
1932 5412 2021 5450 ar-

456 5492 593 5555 dens
621 5499 688 5554 ad
715 5498 890 5552 fontes
911 5512 969 5551 se
1000 5494 1234 5562 confert,
1285 5493 1523 5564 graviter
1567 5506 1800 5563 namque
1819 5491 1907 5548 siti
1940 5491 2023 5546 in-

564 5674 601 5705 "
638 5672 789 5728 Hom.
826 5671 984 5725 Iliad.
1015 5672 1077 5737 Υ,
1112 5687 1162 5726 v.
1198 5668 1311 5724 I70.

2160 3104 2584 3178 διανιστάμενος,
2617 3110 2677 3165 οὐ
2711 3112 2969 3183 πρότερον
2998 3115 3212 3186 ἐφορμᾷ
3245 3117 3430 3189 πρὶνῆ
3463 3121 3576 3183 τοῖς
3602 3118 3736 3188 πλη-

2164 3196 2275 3251 σίον
2311 3198 2546 3271 δένδροις
2573 3201 2860 3275 παραθηξῃ
2889 3206 3015 3266 τοὺς
3043 3204 3280 3271 ὀδόντας.

2231 3291 2386 3343 Ἔστι
2405 3292 2460 3344 δὲ
2476 3292 2611 3354 ζῶον
2642 3294 2870 3367 ἀνθολοψ
2898 3299 3100 3371 σφόδρα
3128 3299 3451 3372 δριμύτατον
3477 3304 3570 3357 κα)⁸
3600 3303 3731 3356 δυσ-

2133 3359 2414 3453 θήρατον,
2463 3384 2584 3456 ἔχον
2620 3385 2677 3438 δέ
2715 3359 2898 3459 μακρά
2924 3359 3125 3461 κέρατα
3157 3359 3317 3461 ditata
3343 3392 3582 3465 πρίοσιν,
3614 3394 3732 3450 δένο

2157 3472 2258 3543 δρα
2290 3475 2535 3548 μετέωρα
2565 3478 2657 3531 καὶ
2692 3480 2900 3550 μεγάλα
2931 3482 3143 3554 πρίζει·
3174 3484 3400 3555 διψῆσαν
3422 3485 3477 3539 δὲ
3507 3486 3728 3559 ἔρχεται

2156 3566 2248 3617 ἐπὶ
2296 3568 2386 3620 τὸν
2438 3569 2726 3641 Εὐφράτην
2759 3574 3018 3644 ποταμὸν,
3053 3575 3144 3630 καὶ
3189 3576 3327 3629 πιὼν
3378 3578 3558 3643 παίζει
3604 3582 3727 3643 ταῖς

2156 3658 2470 3729 ἐρεικίναις,
2496 3664 2615 3725 ταῖς
2646 3662 2832 3726 οὔσαις
2862 3664 3010 3736 παρὰ
3037 3668 3154 3729 ταῖς
3198 3665 3385 3737 δχθαις
3424 3666 3519 3721 τοῦ
3556 3686 3725 3723 ποταο

2157 3747 2279 3817 μοῦ,
2334 3751 2428 3803 κα)⁵
2482 3751 2756 3822 δεσμεῖται
2808 3754 2901 3807 ὑπ’
2951 3755 3149 3811 αὐτῶν.
3204 3758 3561 3812 Λεπτόκλονοι
3612 3760 3725 3833 γὰρ

2154 3840 2512 3912 ὑπάρχουσαι,
2545 3843 2903 3915 ἐμπλέκονται
2927 3846 3090 3900 αὑτοῦ
3117 3848 3244 3920 περὶ
3272 3849 3339 3903 τά
3371 3851 3598 3922 κέρατα,
3628 3851 3728 3908 καὶ

2153 3930 2252 4003 βοᾷ
2271 3948 2284 3962 ⁸
2326 3935 2419 3987 καὶ
2449 3936 2498 3987 οἱ
2529 3937 2774 4008 κυνηγοὶ,
2804 3937 3139 4010 αἰσθόμενοι,
3173 3940 3374 4005 εὐθέως
3410 3943 3572 3996 αὐτὸν
3604 3943 3726 3997 συλ-

2150 4022 2506 4094 λαμϐάνουσι,
2542 4027 2635 4080 καὶ⁸
2660 4028 2988 4100 ἀναιροῦσιν.

2220 4117 2376 4169 Ἐστι
2407 4117 2463 4170 δὲ
2508 4119 2566 4170 ἐν
2606 4121 2717 4182 τοῖς
2754 4120 2986 4185 Σκύθαις
3012 4125 3121 4185 τοῖς
3152 4122 3499 4195 καλουμένοις
3541 4127 3720 4191 Amor;

2148 4203 2284 4269 ζῶον
2331 4208 2656 4279 καλούμενον
2702 4209 2979 4282 τάρανδος,
3021 4212 3244 4283 μέγεθος
3281 4215 3403 4286 ἕχον
3442 4217 3583 4286 βοὸς,
3617 4218 3718 4289 τὴν
3804 4276 3814 4283 ,

2145 4297 2201 4352 δὲ
2228 4299 2349 4369 ὄψιν
2372 4301 2469 4372 τῆς
2496 4302 2587 4355 τοῦ
2617 4301 2815 4371 ἐλάφου
2860 4306 3255 4378 παραπλήσιον.
3291 4309 3400 4362 Καὶ
3433 4311 3545 4363 ἐστι
3590 4310 3716 4364 δυσ-

2145 4390 2399 4460 θήρατον,
2436 4391 2514 4462 τῷ
2550 4393 2689 4466 πρὸς»
2722 4394 2790 4448 τά
2833 4395 3022 4470 δένδρα
3066 4399 3159 4450 καὶ
3202 4400 3396 4471 χωρία,
3430 4403 3525 4456 καὶ
3574 4404 3714 4475 πρὶς

2142 4480 2320 4536 πάντα
2351 4477 2431 4546 οἷς
2462 4485 2528 4537 ἂν
2560 4484 2747 4557 ἐγγίζῃ
2775 4485 2871 4556 τὴν
2905 4487 3089 4558 χροιὰν
3125 4490 3499 4560 μεταϐάλλειν,
3528 4496 3622 4547 καὶ
3641 4501 3709 4568 τῇ

2138 4572 2360 4627 ἐκείνων
2391 4574 2779 4646 ἀφομοιοῦσθαι
2815 4578 2956 4649 ἰδέᾳ,
2992 4580 3084 4632 καὶ
3110 4579 3195 4634 διὰ
3219 4581 3375 4636 τοῦτο
3406 4580 3547 4639 εἶναι
3581 4587 3711 4640 πολ-

2136 4662 2250 4728 λοῖς
2273 4666 2694 4734 ἀνεπίγνωστον.
3419 4658 3425 4663 ”

2219 4759 2450 4830 Ὁμοίως
2492 4760 2549 4813 δέ
2586 4761 2681 4815 καὶ
2730 4764 2758 4815 ὁ
2805 4764 3112 4834 χαμαιλέων
3140 4768 3218 4831 εἰς
3252 4767 3395 4832 οἴους
3443 4769 3510 4822 ἂν
3561 4769 3707 4843 ἕρπῃ

2134 4846 2421 4920 λειμῶνας,
2453 4854 2548 4905 καὶ¹
2574 4853 2742 4925 ἐδάφη
2765 4852 2922 4926 ξηρὰ,
2947 4860 3042 4926 τὴν
3065 4859 3253 4927 χροιὰν
3287 4858 3507 4911 ἐκείνων
3541 4876 3708 4929 μετα-

2132 4940 2197 4994 λα
2204 4943 2419 5012 μῦάνει.
2852 4959 2859 4968 ’

2200 5123 2380 5178 Δειλὺν
2414 5125 2445 5193 ἡ
2473 5122 2665 5193 ἔλαφος
2697 5124 2789 5176 καὶ
2811 5123 3112 5197 ὀξυδερκὲς,
3149 5126 3243 5179 καὶ
3275 5126 3410 5198 πρὶς
3437 5126 3505 5181 τὰ
3530 5128 3694 5198 ἑρπε-

2128 5213 2195 5266 τὰ
2228 5214 2390 5285 θηρία
2424 5214 2708 5284 πολέμιον’
2754 5215 2849 5268 καὶ
2893 5217 2942 5268 εἰ
2970 5215 3207 5289 διαφύγῃ
3234 5218 3401 5289 αὐτὴν
3423 5218 3562 5287 ὄφις,
3600 5221 3696 5273 καὶ

2126 5308 2206 5370 εἱς
2249 5307 2453 5377 ραγάδα
2497 5308 2789 5380 παρεισδύῃ
2832 5309 3055 5381 πέτρας,
3094 5311 3394 5380 ἀφικνεῖται
3422 5311 3696 5383 διψήσασα

2125 5402 2205 5464 εἰς
2234 5401 2332 5465 τὲις
2366 5400 2577 5467 πηγάς·
2616 5400 2757 5454 πάνυ
2793 5404 2896 5477 γάρ
2931 5406 3045 5455 ἐστι
3084 5404 3217 5474 πρὸς
3246 5404 3344 5474 τὴν
3376 5404 3534 5473 δίψαν
3575 5407 3663 5460 διά

2125 5508 2315 5562 πυρος,
2346 5492 2421 5556 ὡς
2445 5492 2537 5546 καὶ
2556 5492 2653 5565 τὴν
2702 5493 2943 5562 γλῶτταν
2974 5494 3249 5550 ἐκϐάλλειν
3280 5496 3371 5550 τοῦ
3399 5497 3692 5570 militum,
