4080 6334
412 277 508 334 7H

1313 278 1581 335 SPURIA.
1622 309 1693 320 —
1727 278 2083 336 COMMENT.
2127 277 2192 332 IN
2233 276 2726 335 HEXAEMERON.

3537 283 3640 338 742

407 396 536 467 πρὸς
585 393 646 446 τὸ
694 392 796 446 ὑπὸ
825 393 924 463 τῆς
955 393 1290 466 ψυχρότητος
1322 395 1414 447 τοῦ
1449 395 1607 466 ἀέρος
1640 395 1809 464 αὐτὴν
1837 396 1953 448 ἀνα-

2073 392 2400 458 flammatur,
2426 394 2499 447 ita
2531 402 2590 446 ut
2623 398 2810 446 exerta
2863 389 3048 460 lingua
3112 397 3326 455 aestuet,
3391 398 3451 446 ut
3497 396 3642 450 aeris

404 483 683 556 ψύχεσθαι.
703 482 1105 554 Ἐμπλησθεῖσα
1126 480 1217 537 οὖν
1243 485 1335 538 τοῦ
1364 485 1572 548 ὓδατος,
1599 485 1826 556 ἔρχεται
1842 485 1967 538 ἔνθα

403 582 426 632 ὁ
452 579 575 646 ὄφις
605 576 923 648 κρύπτεται,
955 577 1047 631 καὶ
1079 578 1435 631 ἀνασπάσασα
1467 577 1625 630 αὑτὸν
1659 581 1720 630 ἐκ
1752 579 1848 648 τῆς
1875 581 1969 648 ῥα-

401 672 581 740 γάδος,
620 669 974 740 συιλπατοῦσα
1015 672 1241 741 ἀναιρεῖ.
1278 670 1339 722 Εἰ
1372 670 1543 723 δὲκαὶ
1583 669 1690 721 τῶν
1723 671 1967 741 κεράτων

400 764 568 832 αὐτῆς
599 763 795 832 μικρόν
826 778 880 813 τι
913 761 944 832 ἢ
973 761 1080 813 τῶν
1118 760 1316 832 τριχῶν
1367 762 1452 814 ἐπ’
1475 760 1648 825 οἰκίας
1693 763 1963 830 κατακαῇ,

398 854 582 906 εἵπου
633 853 698 905 ἂν
739 851 1040 922 ἐμφωλεύει
1087 851 1290 923 θηρίον,
1321 851 1966 924 διαδιδράσκει.Ἑπειδαν

397 945 452 996 δὲ
479 943 726 1012 ἀποϐάλῃ
760 944 828 995 τὰ
863 943 1086 1012 κέρατα,
1126 943 1348 1013 μόνασιν
1397 943 1566 1013 ζητεῖ,
1603 943 1696 996 καὶ
1725 942 1966 1014 κρημνὸν

398 1036 689 1107 ἀπρόσιτον
720 1034 1137 1104 καταλαμϐάνει,
1171 1034 1263 1087 καὶ
1296 1035 1492 1088 ἄϐατον
1534 1034 1769 1105 ἐρημίαν
1805 1051 1968 1105 μετα-

397 1127 600 1187 διώκει,
635 1125 710 1188 ὡς
742 1125 1084 1180 ἀποϐαλοῦσα
1118 1126 1253 1196 πρὸς
1275 1126 1340 1179 τὰ
1360 1126 1490 1179 ἄλλα
1517 1125 1678 1196 θηρία
1707 1126 1766 1178 τὸ
1793 1126 1965 1195 ἀμυν-

396 1218 602 1290 τήριον-ο
622 1219 775 1271 Ἐπεὶ
806 1213 898 1271 οὖν
927 1217 1060 1287 πρὸς
1092 1217 1188 1280 τὰς
1231 1217 1383 1287 ῥίζας
1415 1217 1523 1270 τῶν
1555 1216 1966 1287 ἀποϐληθέντων

396 1312 645 1382 κεράτων
677 1311 813 1364 είσὶν
847 1310 1119 1374 ἐλκώσεις,
1155 1312 1234 1374 εἰς
1279 1309 1625 1381 πολύδενδρον
1658 1310 1820 1376 τόπον
1866 1326 1966 1362 κα-

395 1407 676 1474 τασκηνοῇ
713 1404 848 1476 πρὸς
891 1405 950 1456 τὸ
1002 1404 1076 1475 μὴ
1129 1403 1230 1456 ὑπὸ
1285 1403 1456 1474 μυιῶν
1499 1402 1846 1474 ἐκμυζεῖσθαι
1899 1401 1967 1455 τὰ

394 1496 707 1566 τραύματα,
756 1496 848 1548 καὶ
887 1495 1078 1558 νυκτὸς
1108 1495 1325 1566 νέμεται
1359 1495 1540 1548 ἄνεσιν
1579 1495 1965 1564 ἔχουσα.”οταν

394 1585 452 1640 δὲ
486 1587 695 1658 ἐκφύσῃ
729 1587 795 1639 τὰ
829 1587 1052 1658 κέρατα,
1087 1586 1360 1658 θαρροῦσα
1388 1587 1599 1658 πρόεισι
1627 1587 1718 1641 καὶ
1755 1604 1965 1658 μεσημ-

395 1678 575 1748 ϐρίας.
609 1663 909 1751 Βουλομένη
943 1680 997 1733 δὲ
1029 1679 1316 1750 δοκιμάσαι
1350 1682 1397 1733 εἰ
1431 1681 1712 1750 πεπηγότα
1735 1681 1868 1750 αὐτῇ
1895 1680 1960 1732 τὰ

395 1769 626 1841 κέρατα,
657 1771 901 1843 τρυφερά
929 1773 1036 1843 γὰρ
1067 1772 1195 1824 ὄντα
1233 1771 1334 1824 ὐπὸ
1377 1772 1472 1826 τοῦ
1524 1774 1671 1844 ἡλίου
1705 1773 1962 1846 θραύεται

394 1862 892 1933 καταφλεγόμεναι·
930 1864 1166 1937 δένδρεσι
1197 1865 1253 1918 δὲ
1286 1865 1619 1937 παραϐάλλει
1650 1867 1750 1938 τὴν
1793 1883 1960 1935 κεφα-

393 1950 512 2022 λὴν,
548 1957 643 2007 καὶ
690 1955 922 2027 ἐντρίϐει
966 1957 1289 2020 ἀντιτύπως,
1323 1957 1632 2030 πειρωμένη
1656 1958 1878 2026 γνῶναι,
1914 1961 1961 2012 εί

393 2046 630 2115 βεϐαίως
661 2050 992 2121 ἐρήρεισται.
1025 2051 1167 2122 Πρὸς
1189 2050 1244 2103 δὲ
1270 2052 1336 2105 τὰ
1362 2051 1613 2122 δήγματα
1631 2050 1737 2105 τῶν
1758 2051 1962 2122 φαλαγ-

389 2137 548 2206 γίων,
585 2144 841 2211 καρκῖνον
871 2140 1120 2196 ἐσθίουσα
1151 2144 1317 2202 ἰᾶται.

476 2339 541 2390 Ἦ
573 2337 629 2390 δὲ
669 2337 758 2402 αἲξ
802 2340 834 2409 ἡ
875 2339 1039 2411 ἀγρία
1077 2342 1218 2393 κατά
1255 2341 1350 2412 τὴν
1387 2344 1643 2414 Κρήτην,
1691 2344 1786 2397 ἐὰν
1820 2344 1960 2415 βέλει

388 2430 651 2500 διαπαρῇ,
674 2431 734 2482 τὸ
753 2431 1080 2502 καλούμενον
1108 2433 1367 2504 δίκταμον
1395 2436 1736 2504 ἐμφαγοῦσα,
1765 2436 1960 2508 ῥᾳδίως

389 2518 453 2570 τὸ
481 2517 704 2589 τραῦμα
734 2519 1110 2589 θεραπεύεται.

461 2633 528 2683 At
554 2631 609 2684 δὲ
633 2632 923 2703 παρδάλεις
949 2633 1218 2706 θηρῶνται
1247 2637 1500 2709 εὐμαρῶς
1521 2639 1587 2692 τὰ
1609 2637 1739 2704 ζῶα.
1767 2645 1958 2712 Σαφῶς

387 2721 500 2792 γὰρ
534 2723 725 2775 εἰδυῖαι
753 2727 871 2786 ταῖς
904 2725 999 2777 ἀπ’
1029 2726 1206 2779 αὐτῶν
1229 2727 1418 2798 ὀδμαῖς
1444 2730 1701 2799 χαίροντα
1729 2733 1797 2785 τὰ
1825 2734 1957 2786 ἄλλα

389 2815 525 2880 ζῶα,
556 2816 772 2886 βαθέσιν
799 2819 1013 2890 ἄντροις
1044 2821 1270 2892 ίδροῡσι⁴
1307 2823 1374 2876 τὰ
1405 2823 1481 2888 δὲ,
1509 2820 1595 2878 οἶα
1624 2827 1847 2898 κνίσσης
1878 2832 1959 2883 atl-

387 2907 644 2978 σθόμεναι,
678 2910 966 2980 ρινηλατεῖ,
1007 2913 1096 2964 καὶ
1128 2913 1415 2982 ὲγγίσαντα
1454 2915 1532 2986 τῷ
1559 2918 1728 2989 τόπῳ,
1760 2919 1960 2984 εὐθέως

385 2999 494 3051 ὑπὸ
527 3000 636 3054 τῶν
665 3002 978 3072 παρδάλεων
1004 3004 1397 3062 κατεσθίονται.

467 3177 531 3232 Ὀ
571 3178 626 3231 δὲ
671 3177 883 3249 πάιθηρ
934 3178 1081 3248 φίλον
1115 3179 1212 3250 μέν
1245 3183 1356 3235 ἐστι
1390 3184 1606 3236 πάντων
1637 3185 1746 3237 τῶν
1775 3185 1951 3255 ζώων,

383 3268 580 3339 ἐχθρὸν
607 3268 661 3320 δὲ
691 3269 783 3322 τοῦ
812 3269 1118 3340 δράκοντος.
1158 3272 1311 3326 Ἔστι
1342 3273 1398 3326 δὲ
1439 3274 1516 3345 τῷ
1554 3274 1764 3346 σώματι
1796 3279 1955 3332 ἀστε-

385 3361 569 3431 ρωπὸν
609 3361 704 3414 καὶ
744 3362 883 3414 πάνυ
927 3362 1166 3433 ἡσύχιον.
1215 3366 1324 3418 Καὶ
1365 3365 1470 3428 ἓως
1516 3366 1612 3435 μὲν
1657 3367 1717 3419 οὐ
1761 3367 1952 3438 χρήζει

380 3451 610 3522 τροφῆς,
652 3451 800 3522 μένει
834 3453 1090 3508 καθεῦδον
1119 3458 1177 3508 ἐν
1217 3456 1293 3527 τῷ
1336 3456 1544 3528 φωλεῶν
1587 3461 1650 3529 τῇ
1697 3457 1754 3512 δὲ
1795 3461 1952 3533 τρίτῃ

385 3543 576 3614 ἡμέρα
609 3545 868 3597 πεινάσαν
913 3545 1099 3611 ἔξεισι,
1134 3547 1228 3599 κα)⁸
1271 3547 1478 3618 μεγάλῃ
1528 3549 1675 3620 φωνῇ
1714 3548 1829 3620 βοᾷ,
1858 3551 1950 3604 καὶ

382 3635 448 3685 ἐκ
471 3632 563 3686 τοῦ
595 3635 856 3704 στόματος
881 3636 1041 3689 αὑτοῦ
1067 3638 1259 3691 εὐωδία
1283 3657 1363 3702 τις
1385 3638 1579 3704 ἔξεισιν
1603 3642 1947 3712 ἁρωματικὴ,

381 3722 451 3776 δι’
479 3719 548 3795 ἧς
576 3722 644 3776 τά
679 3724 812 3778 ἄλλα
839 3726 949 3790 ζῶα
977 3726 1276 3798 θελγόμενα
1304 3729 1371 3781 τὰ
1403 3731 1569 3797 ἐγγὺς
1602 3730 1693 3783 καὶ
1722 3730 1787 3783 τά
1817 3731 1950 3802 πόρ-

384 3815 557 3886 ρωθεν
585 3817 891 3885 ἐγγίζουσιν
917 3819 1084 3889 αύτῷ,
1126 3821 1218 3874 καὶ
1249 3821 1466 3875 ἕπονται
1502 3823 1812 3893 τερπόμενα
1849 3826 1947 3877 αὐο

379 3907 476 3959 τοῦ
505 3911 571 3978 τῇ
601 3909 838 3982 ποικιλίᾳ
866 3911 958 3964 τοῦ
985 3911 1252 3983 σώματος.
1301 3914 1358 3967 Ὀ
1386 3915 1444 3967 δὲ
1471 3915 1682 3986 πάνθηρ
1699 3916 1873 3985 ὀλίγον
1896 3935 1948 3970 τι

379 4001 838 4072 προηγησάμενος
877 4003 1055 4057 αὐτῶν
1095 4005 1513 4077 ὑποστρέφεται,
1550 4010 1643 4061 καὶ
1674 4010 1944 4081 ἐπιτηρεῖ,

379 4093 475 4144 καὶ
507 4094 555 4157 ὅ,
583 4095 629 4147 τ’
655 4094 718 4148 ἂν
746 4094 853 4148 τῶν
889 4095 1042 4160 ζώων
1065 4097 1236 4172 ἀρέσῃ
1259 4100 1425 4172 αὐτῷ,
1461 4101 1784 4174 ἐπιπιδήσας
1812 4103 1949 4174 λαμ-

380 4185 553 4238 ϐἀνει.

2072 484 2372 553 frigiditate
2405 490 2699 537 recreetur.
2736 481 2966 549 Depulsa
3000 483 3180 550 itaque
3207 488 3358 550 potu,
3405 482 3517 547 siti,
3572 485 3642 538 ad

2069 576 2339 645 serpentis
2365 576 2602 629 latebras
2635 588 2996 642 recessusque
3026 573 3256 634 accedit,
3286 573 3412 628 inde
3457 582 3642 628 extra-

2069 673 2216 720 ctum
2263 666 2606 737 pedibusque
2637 665 3019 719 conculcatum
3059 665 3337 718 intctlicit.
3386 664 3519 722 Etsi
3557 668 3640 721 vel

2068 775 2330 814 cornuum
2366 759 2602 813 frustum
2633 757 2714 811 vel
2746 757 2976 826 pilorum
3004 757 3056 809 in
3089 757 3250 810 domo
3276 766 3487 819 uratur,
3519 758 3639 826 ejus

2069 852 2278 918 nidore,
2311 852 2564 905 animalia
2607 866 2726 919 qua:
2758 850 2991 910 latitant,
3036 848 3310 918 fugantur.
3365 847 3639 905 Cornibus

2068 944 2309 1008 amissis,
2343 942 2693 996 solitudinem
2748 940 2962 1009 quaerit,
3018 948 3287 1008 prmrupta
3321 953 3449 992 saxa
3487 940 3638 992 inac-

2067 1047 2335 1101 cessaquc
2394 1031 2669 1094 convenit,
2708 1027 3222 1098 desertissimasquc
3276 1029 3463 1083 incolit
3499 1029 3635 1083 soli-

2067 1125 2306 1186 tudines,
2340 1123 2494 1192 quasi
2529 1137 2613 1188 eo,
2640 1136 2747 1190 quo
2774 1136 2832 1175 se
2859 1121 2928 1175 ab
2958 1121 3192 1172 aliarum
3226 1120 3462 1173 ferarum
3493 1121 3637 1189 inju-

2067 1218 2147 1271 ria
2181 1231 2366 1270 arcere
2401 1215 2590 1284 possit,
2627 1212 2941 1282 deperdito;
2967 1220 3020 1266 et
3049 1228 3170 1264 cum
3219 1212 3272 1264 in
3307 1213 3634 1266 amisstirum

2068 1322 2332 1362 cornuum
2358 1305 2633 1360 radicibus
2659 1305 2836 1357 ulcera
2874 1305 3188 1374 gignantur,
3215 1305 3394 1356 locum
3451 1305 3637 1359 multis

2068 1401 2353 1455 arboribus
2381 1400 2652 1454 consitum
2679 1397 2907 1461 habitat,
2959 1413 3026 1452 ne
3076 1412 3105 1449 a
3151 1398 3356 1451 muscis
3408 1398 3635 1451 vulnera

2065 1507 2466 1568 exsurgantur,
2525 1505 2802 1567 noctuque
2853 1499 3095 1568 pascitur
3150 1497 3540 1566 paeatissima;
3583 1506 3638 1550 at

2066 1606 2195 1645 vero
2228 1604 2350 1643 cum
2382 1605 2586 1643 cornua
2605 1591 2901 1658 eruperint,
2942 1591 3197 1642 audacter
3233 1597 3286 1642 et
3312 1590 3500 1653 libere,
3525 1606 3640 1642 me-

2075 1683 2319 1752 ritlieque
2341 1683 2454 1752 ipso
2479 1683 2722 1752 procedit
2747 1684 2814 1737 ad
2840 1682 3058 1753 pabula;
3088 1682 3375 1751 experiens
3397 1681 3442 1735 si
3477 1691 3636 1735 enata

2015 1765 2037 1794 ⁵
2065 1789 2272 1827 cornua
2311 1775 2414 1826 lixa
2449 1775 2674 1827 firmiter
2703 1781 2830 1827 sunt
2856 1774 3004 1841 (dum
3056 1772 3199 1825 enim
3239 1773 3422 1826 mollia
3455 1773 3634 1825 incre—

2065 1872 2246 1928 scunt,
2279 1879 2308 1916 a
2339 1864 2472 1918 solis
2489 1864 2668 1918 calore
2690 1873 2882 1919 exusta
2905 1863 3285 1932 franguntur);
3314 1864 3380 1917 ad
3412 1865 3636 1918 arbores

2063 1958 2319 2012 collatum
2353 1964 2516 2026 caput
2559 1959 2896 2027 comprobat,
2950 1957 3348 2024 adversumque
3400 1957 3631 2019 afl'ricat,

2063 2049 2502 2120 repercutiendo,
2536 2057 2756 2104 tentans
2783 2049 3078 2120 periclitari
3117 2050 3159 2102 si
3196 2050 3424 2104 lirmiter
3452 2050 3635 2103 adhae-

2062 2149 2238 2197 reant.
2265 2140 2686 2211 Phalangiorum
2720 2140 2992 2194 morsibus
3017 2154 3216 2193 cancro
3246 2148 3432 2192 vorato
3453 2138 3636 2194 mede-

2063 2242 2172 2289 tur.

2133 2349 2308 2419 Capra
2343 2349 2614 2403 silvestris
2663 2348 2717 2401 in
2746 2346 2928 2410 Creta,
2963 2347 3086 2401 telis
3110 2347 3237 2412 icta,
3271 2346 3438 2401 herba
3466 2362 3634 2417 quam

2061 2439 2359 2494 dictamum
2397 2454 2657 2494 vocamus
2688 2445 2843 2510 pasta
2865 2477 2879 2502 ,
2915 2438 3066 2490 nullo
3087 2437 3270 2491 labore
3303 2439 3508 2491 excutit
3541 2452 3635 2490 ae-

2061 2539 2217 2601 eepta
2246 2532 2375 2587 tela.

2129 2645 2378 2699 Pardalis
2428 2643 2690 2714 perfacile
2731 2644 2876 2712 capit
2919 2642 3195 2698 animalia.
3251 2643 3465 2698 Etenim
3507 2660 3630 2698 cum

2061 2745 2145 2792 sat
2185 2737 2395 2791 noverit
2439 2745 2669 2790 cunctas
2709 2735 3091 2804 quadrupedes
3135 2737 3254 2804 ejus
3295 2737 3462 2791 odore
3499 2739 3636 2792 mire

2060 2829 2366 2892 sollicitari,
2401 2829 2455 2883 in
2487 2827 2773 2899 profundis
2804 2831 3049 2883 cavernis
3085 2829 3333 2892 insudat,
3382 2833 3464 2884 ha:
3503 2845 3636 2884 vern

2059 2921 2213 2992 quasi
2256 2922 2448 2975 nidore
2498 2921 2731 2991 quodam
2783 2922 3057 2984 inritatae,
3118 2922 3392 2990 sagaciter
3445 2937 3637 2990 perse-

2061 3022 2324 3083 quuntur,
2365 3013 2454 3066 ubi
2493 3020 2785 3083 properato
2812 3012 2864 3066 in
2897 3012 3016 3066 loca
3043 3012 3221 3066 vicina
3249 3014 3631 3079 convenerint,

1982 3098 2024 3156 C
2059 3105 2241 3160 subito
2271 3113 2553 3173 correptas
2580 3103 2808 3158 mandit.

2128 3196 2397 3251 Panthera
2433 3211 2557 3250 eum
2587 3197 2798 3250 caeteris
2829 3195 3197 3249 animantibus
3217 3235 3232 3258 ,
3266 3210 3376 3249 uno
3401 3204 3629 3265 excepto

2056 3287 2314 3351 dracone,
2342 3286 2613 3340 amicitias
2637 3292 2688 3339 et
2716 3285 3141 3339 consuetudines
3160 3284 3373 3356 jungit;
3402 3285 3628 3340 minutis

2055 3379 2392 3433 macularum
2428 3378 2601 3432 oculis
2623 3418 2638 3440 ,
2671 3377 2826 3446 quasi
2863 3376 3034 3432 stellis
3066 3382 3409 3447 superpicta,
3445 3380 3628 3434 valde-

2054 3485 2160 3540 que
2181 3471 2361 3532 cicur,
2398 3477 2451 3523 et
2499 3468 2743 3538 quandiu
2788 3468 2914 3523 cibo
2957 3485 3064 3523 non
3108 3479 3268 3538 eget,
3313 3471 3368 3524 in
3401 3471 3626 3526 latebris

2053 3561 2287 3626 dormit;
2338 3559 2431 3615 sed
2456 3569 2577 3630 post
2601 3569 2716 3614 tres
2747 3562 2863 3616 dies
2885 3601 2899 3624 ,
2933 3562 3072 3615 fame
3099 3562 3434 3626 dominante,
3470 3579 3626 3633 egre-

2053 3646 2201 3700 ditur
2229 3647 2572 3716 maximeque
2605 3649 2836 3713 clamat,
2873 3647 3106 3718 indeque
3141 3666 3204 3704 ex
3237 3666 3332 3704 ore
3382 3654 3624 3709 suavitas

2056 3738 2339 3808 qua-dam,
2388 3740 2571 3794 odoris
2641 3742 2816 3795 instar
2861 3753 3164 3797 aromatum
3209 3743 3450 3809 eﬂlatur,
3505 3763 3616 3816 quo

2051 3829 2304 3883 animalia
2339 3830 2569 3900 pellecla
2601 3833 2927 3901 capiantur,
2979 3843 3033 3887 et
3071 3842 3183 3887 tum
3237 3836 3451 3898 vicina,
3507 3847 3623 3892 tum

2051 3921 2430 3992 longinquiora
2491 3925 2737 4000 proxime
2801 3925 3105 3990 accedunt,
3171 3938 3622 4002 sequunturque,

2050 4016 2297 4084 corporis
2341 4015 2605 4070 varietate
2651 4015 2937 4072 delectata.
2990 4016 3190 4073 Verum
3224 4022 3484 4088 panthera
3535 4026 3622 4078 via
3683 4086 3685 4089 η

2050 4123 2157 4161 non
2190 4109 2347 4178 longa
2382 4111 2686 4178 procedens
2720 4111 3034 4174 revertitur,
3086 4119 3397 4182 attenteque
3438 4116 3624 4170 consi-

2049 4198 2241 4261 derat,
2287 4209 2340 4254 et
2366 4216 2432 4254 ex
2473 4201 2803 4255 animalibus
2836 4201 2980 4270 quod
3013 4203 3090 4256 illi
3135 4203 3437 4258 collibitum
3495 4214 3616 4271 est,

2050 4292 2253 4360 impetu
2287 4291 2451 4356 facto,
2481 4292 2914 4362 comprehendit.

462 4389 520 4442 '0
544 4389 602 4442 δὲ
640 4389 833 4459 ἐλέφας
866 4393 1156 4462 ἐγκυμονεῖ
1196 4393 1292 4463 μὲν
1323 4396 1530 4466 χρόνῳ,
1566 4399 1644 4460 εἰς
1675 4395 1805 4451 δέκα
1837 4397 1944 4470 γὰρ

2123 4405 2219 4457 Diu
2254 4408 2520 4475 gravescit
2572 4415 2727 4460 utero
2759 4407 3014 4476 elephas,
3049 4407 3234 4463 decem
3280 4411 3424 4464 enim
3457 4411 3618 4466 annis

377 4479 472 4551 ἐτη
503 4480 685 4533 πέττει
709 4482 806 4553 τὴν
838 4482 1064 4553 σπορὰν,
1097 4486 1190 4536 καὶ¹
1212 4485 1339 4538 ὅταν
1361 4487 1389 4537 ὁ
1412 4485 1567 4551 τόκος
1590 4489 1764 4559 γέρων
1786 4490 1945 4559 γένη-

374 4588 487 4635 ται,
537 4571 657 4624 τότε
705 4573 1005 4626 ἀποτίκτει·
1055 4575 1215 4646 ἡνίκα
1260 4576 1304 4628 δ’
1346 4575 1411 4629 ἂν
1453 4580 1510 4641 ἐς
1553 4578 1739 4652 βόθρον
1784 4599 1944 4634 κατε-

375 4662 562 4732 τεχθῇ,
603 4662 696 4715 καὶ
722 4662 876 4726 ἄλλος
903 4663 1098 4733 ἐλέφας
1129 4664 1410 4737 θεάσηται,
1462 4669 1745 4738 πορευθεὶς
1787 4672 1946 4724 συνά-

375 4770 463 4822 γει
493 4754 719 4819 πολλοὺς
750 4755 1064 4824 ἐλέφαντας,
1100 4758 1194 4809 καὶ
1229 4757 1472 4823 ἐλθόντες
1501 4761 1590 4814 τὸν
1623 4764 1943 4817 πεπτωκότα

373 4845 693 4898 ἀνασπῶσιν
723 4843 902 4916 ἡρέμα
927 4847 1392 4918 ὑποκουφίζοντες.

459 4957 517 5009 Ὀ
548 4957 606 5010 δὲ
631 4956 843 5029 δράκων
875 4960 902 5011 ὁ
931 4960 1072 5013 κατά
1099 4961 1195 5031 τὴν
1236 4962 1421 5015 Ἰνδίαν
1447 4965 1575 5036 περὶ
1597 4965 1666 5019 τὰ
1685 4967 1826 5021 νῶτα
1848 4969 1941 5023 τοῦ

372 5047 662 5116 ἐλέφαντος
688 5050 936 5121 ἀνέρπει,
961 5052 1052 5104 καὶ
1071 5055 1167 5124 τὴν
1189 5055 1350 5125 νηδὺν
1367 5059 1543 5111 πᾶσαν
1572 5061 1938 5131 περιειλείται,

373 5141 469 5193 καὶ
497 5141 565 5210 ἢν
592 5142 657 5194 ἂν
688 5141 826 5215 τύχῃ
854 5143 1021 5211 φλέϐα
1047 5144 1235 5199 διελεῖν
1254 5186 1268 5208 .
1303 5148 1590 5220 ἀπλήστως
1622 5154 1941 5226 ἐμφορεῖται

370 5231 468 5284 τοῦ
495 5233 745 5303 αἵματος,
781 5235 1158 5306 ἐπισπώμενος
1197 5237 1354 5310 βιαίῳ
1383 5242 1670 5312 πνεύματι,
1701 5247 1791 5298 καὶ
1817 5265 1939 5301 συν-

370 5325 510 5393 τόνῳ
557 5325 737 5397 ῥοίζῳ.
783 5328 842 5379 Ὀ
873 5327 928 5381 δὲ
970 5328 1164 5398 ἐλέφας
1207 5335 1420 5404 σκιρτᾷ,
1465 5337 1556 5388 καὶ
1593 5340 1656 5407 τῇ
1693 5343 1936 5411 προνομῇ

361 5417 566 5472 ’τύπτει
605 5417 674 5471 τά
718 5419 940 5491 πλευρὰ,
982 5422 1056 5486 ὡς
1089 5423 1184 5476 τοῦ
1225 5424 1511 5496 δράκοντος
1536 5429 1936 5500 καθεζόμενος*

371 5506 492 5565 εἶτα
523 5513 913 5580 ἐκκενουμένου
945 5514 1035 5568 τοῦ
1061 5516 1308 5585 αἵματος,
1349 5519 1528 5573 οὐκέτι
1568 5522 1740 5592 πηδᾷν
1777 5523 1936 5578 δυνά-

374 5619 555 5671 μενος,
578 5605 794 5675 τρέμων
819 5608 1048 5673 ἵσταται,
1078 5610 1267 5680 μικρὸν
1289 5610 1344 5664 δὲ
1369 5610 1493 5664 ὖστε
1504 5629 1592 5684 ρον
1615 5614 1821 5682 πίπτει,
1845 5618 1938 5670 καὶ

367 5694 480 5749 τῶν
514 5696 720 5752 σκελῶν
753 5698 1238 5770 ἐξασθενησάντων·
1270 5698 1388 5756 εἶτα
1412 5707 1502 5758 καὶ
1532 5706 1820 5779 ἀποψύχει,
1847 5711 1937 5763 καὶ

2047 4504 2241 4566 gestat,
2293 4513 2586 4568 semenque
2615 4501 2928 4569 concoquit,
2962 4508 3016 4553 et
3051 4510 3419 4556 senescentem
3446 4504 3615 4558 fetum

2046 4589 2315 4658 parturit,
2367 4604 2490 4642 cum
2543 4593 2597 4644 in
2649 4590 2858 4646 foveam
2888 4591 3195 4646 deerrando
3228 4594 3522 4658 ceciderit,
3567 4596 3615 4651 si

2044 4681 2184 4733 alius
2205 4681 2425 4749 elephas
2448 4682 2746 4753 inspexerit
2775 4685 2862 4738 via
2887 4691 3103 4754 arrepta
3135 4686 3336 4740 multos
3367 4686 3420 4739 in
3445 4704 3612 4742 unum

2044 4773 2360 4840 elephantes
2392 4776 2539 4845 cogit
2570 4776 2661 4845 qui
2695 4792 2818 4830 eum
2855 4777 2949 4845 qui
2979 4777 3274 4843 ceciderit,
3316 4779 3530 4846 leniter,
3562 4790 3616 4835 e:

2043 4865 2225 4934 quiete
2255 4867 2605 4922 sustollentes
2644 4869 2957 4922 extrahunt.

2113 4975 2287 5030 Draco
2317 4977 2459 5045 apud
2483 4976 2641 5032 Indos
2665 4979 2718 5031 in
2745 4980 3046 5049 elephantis
3079 4989 3227 5051 terga
3257 4981 3381 5036 salit
3404 4989 3612 5037 totum-

2042 5083 2148 5137 que
2199 5078 2442 5122 ventrem
2499 5071 2850 5124 circumtlexu
2887 5072 3044 5126 facile
3075 5073 3263 5136 ambit,
3298 5081 3350 5128 et
3381 5090 3446 5128 ex
3476 5091 3613 5131 vena

2043 5176 2203 5231 quam
2238 5160 2492 5215 inciderit
2519 5201 2532 5223 .
2564 5163 2878 5218 avidissime
2935 5163 3141 5233 absque
3177 5166 3424 5220 satietate
3483 5183 3611 5221 san—

2042 5251 2258 5322 guinem
2290 5259 2472 5321 captat
2501 5251 2743 5306 violento
2774 5253 2966 5322 spiritu
3000 5255 3261 5309 hauriens
3294 5257 3609 5329 ingentique

2041 5345 2292 5413 strepitu.
2343 5343 2408 5396 At
2460 5344 2678 5413 elephas
2705 5345 2924 5408 exsilit,
2960 5347 3394 5417 proboscidcque
3441 5349 3610 5404 latera

2039 5439 2307 5501 verterat,
2326 5438 2480 5508 quasi
2499 5437 2786 5493 draconem
2807 5446 3178 5507 prostraturus
3198 5455 3212 5505 ;
3235 5439 3329 5495 sed
3349 5442 3610 5512 sanguine

2039 5529 2362 5592 deficiente,
2406 5543 2531 5582 cum
2581 5530 2782 5583 saltare
2823 5545 2930 5583 non
2958 5530 3171 5604 possit,
3225 5539 3342 5585 toto
3380 5546 3611 5603 corpore

2043 5621 2244 5684 tremit,
2265 5636 2363 5675 nec
2389 5621 2556 5674 mttlto
2590 5629 2710 5692 post
2745 5622 2874 5683 ruit,
2898 5623 3263 5693 cruribusque
3286 5625 3606 5683 debilitatis.

2042 5728 2257 5778 unaque
2299 5727 2484 5766 secum
2515 5713 2695 5768 obruit
2720 5713 3007 5770 draconem
3033 5756 3046 5779 ,
3082 5725 3135 5770 ct
3165 5716 3330 5770 draco
3373 5718 3608 5774 vinculis
