4080 6334
464 274 570 331 ’143

1314 271 1378 326 S.
1420 268 1862 327 EUSTATHIUS
1899 267 2389 327 ANTIOCHENUS
2426 266 2825 326 EPISCOPUS.

3607 267 3714 323 ⁸144

460 388 663 460 quibus
697 404 821 446 eum
870 393 1281 469 praestnnxerat
1330 384 1610 441 solvendis
1657 384 1869 455 impar,
1928 383 2041 439 ele-

2155 381 2598 454 τυνεπιλαμϐἀνει
2626 381 2716 436 τὸν
2741 382 3029 454 δράκοντασ
3062 383 3091 435 6
3111 380 3169 435 δὲ
3194 382 3411 453 δράκων
3439 380 3498 435 ὃν
3527 380 3714 453 περιέ-

463 481 685 554 pliantis
719 480 955 554 pondere
991 495 1238 550 pressus,
1264 477 1565 535 suffocatus
1598 477 1839 533 eliditur.

537 661 765 718 Ardenti
826 675 999 730 equus
1058 658 1114 713 in
1172 657 1429 712 feminam
1479 656 1743 711 incitatur
1789 655 2034 712 libidine.

468 755 682 811 Tardus
716 753 935 814 asinus.
983 751 1171 806 auditu
1206 765 1367 814 acer,
1409 756 1463 804 et
1504 765 1687 804 rerum
1718 750 2035 805 recordans.

467 850 793 922 lnjuriarum
816 861 1026 901 memor
1055 843 1317 898 camelus.
1353 841 1757 896 lmmansuetus
1787 841 1965 913 lupus.

539 942 644 996 Bos
665 940 855 995 firmus
888 946 941 993 et
969 943 1249 992 constans.
1290 932 1491 989 Gratus
1532 940 1617 989 est
1662 932 2040 987 dominorum-

466 1048 573 1104 que
617 1030 988 1085 amicissimus
1043 1025 1227 1092 canis;
1259 1038 1401 1093 smpe
1425 1022 1571 1079 enim
1605 1023 1659 1077 in
1693 1021 1889 1077 itinere
1913 1037 2039 1076 cum

466 1124 672 1180 domini
709 1121 1115 1180 occiderentur,
1149 1124 1203 1172 et
1240 1118 1356 1187 ipse
1386 1130 1493 1170 una
1523 1121 1884 1185 consumptus
1921 1121 2036 1180 est;

465 1216 558 1271 alii
588 1225 855 1271 eteorum
890 1225 1243 1284 percussores
1289 1208 1421 1265 fassi
1457 1214 1617 1272 sunt,
1657 1214 1713 1263 et
1758 1213 1819 1261 ut
1858 1206 2039 1276 justas

465 1321 659 1380 pugnas
713 1320 814 1376 pro
852 1310 1007 1356 tanto
1054 1301 1260 1356 scelere
1313 1299 1689 1369 persolverent
1721 1300 2037 1365 coegerunt.

537 1400 795 1474 Hymnam
824 1395 1051 1450 alternis
1081 1391 1240 1447 annis
1269 1404 1497 1456 marem,
1528 1387 1752 1443 alternis
1785 1385 2039 1441 feminam

466 1493 582 1551 fieri
602 1533 616 1557 ,
648 1487 900 1546 nonnulli
921 1483 1309 1549 crediderunt;
1343 1481 1491 1552 quod
1525 1478 1720 1535 falsum
1759 1485 1877 1543 est;
1911 1490 2039 1530 nam

468 1585 671 1640 animal
701 1583 805 1637 hoc
827 1594 950 1635 cum
982 1576 1209 1649 perdita:
1236 1574 1628 1646 flagitiosaeque
1661 1571 1733 1627 sit
1758 1569 2002 1625 libidinis
2021 1608 2037 1634 ,

467 1686 665 1751 praeter
695 1674 941 1730 foramen
973 1669 1120 1742 quod
1142 1669 1248 1724 sub
1287 1666 1462 1722 cauda
1501 1673 1619 1730 est,
1649 1677 1912 1720 tumorem
1940 1677 2041 1733 pu-

2140 474 2264 529 θετο
2294 476 2498 548 δεσμὸν
2541 475 2699 528 λῦσαι
2749 473 2821 546 μή
2853 474 3163 545 δυνάμενος,
3195 476 3291 529 καὶ
3319 473 3396 545 τῷ
3428 473 3584 546 βάρει
3616 473 3715 528 τοῦ

2139 570 2430 640 ἐλέφαντος
2453 568 2793 641 πιεζόμενος,
2829 569 3039 636 πνιγεὶς
3073 567 3319 639 τελευτᾷ.

2208 663 2420 735 Θερμὸς
2445 664 2474 716 6
2501 664 2666 726 ἵππος
2693 662 2829 733 πρὸς
2860 659 3152 732 ἐπιθυμίαν
3172 659 3266 714 τοῦ
3290 659 3498 731 θήλεος.
3526 658 3718 722 Νωθὸς

2137 755 2167 808 6
2197 753 2335 821 ὃνος,
2376 755 2470 807 καὶ
2506 752 2781 826 ὁξυήκοος,
2814 753 2906 807 καὶ
2949 755 3193 825 μνήμων.
3230 751 3583 824 Μνησίκακον
3614 750 3718 805 κά·-

2143 854 2327 916 μηλος.
2370 844 2566 915 Ἀνήμε
2572 862 2665 916 ρον
2696 842 2875 907 λύκος.

2210 937 2490 1008 Εὐσταθὴς
2523 940 2552 991 6
2586 936 2729 1007 βοῦς.
2759 935 3091 1008 Εὐχάριστος
3121 935 3150 987 6
3175 934 3343 998 κύων,
3382 933 3478 989 καὶ
3511 933 3717 1004 φιλοδε-

2140 1029 2365 1099 σπόττις⁵
2400 1027 2658 1090 πολλάκις
2684 1026 2793 1098 γὰρ
2828 1025 2948 1080 καθ’
2978 1024 3094 1079 όδδν
3126 1023 3502 1095 φονευομένοις
3533 1023 3718 1086 αὐτοῖς

2139 1118 2500 1172 ὲπαπέθανεψ
2537 1118 2713 1189 ἕτεροι
2740 1117 2797 1169 δὲ
2824 1116 2919 1169 καὶ
2947 1116 3072 1178 τοὺς
3101 1117 3282 1184 φονεῖς
3311 1114 3714 1185 κατεμήνυσαν,

2140 1212 2235 1266 καὶ
2276 1210 2373 1282 τὴν
2415 1209 2620 1263 ἔνδικον
2648 1208 2937 1261 πείσασθαι
2969 1207 3165 1271 αὐτοὺς
3197 1207 3468 1278 τιμωρίαν
3499 1200 3720 1277 προεξὲ-

2141 1319 2332 1374 νησαν.

2211 1392 2322 1464 Τὴν
2368 1390 2425 1445 δὲ
2469 1390 2659 1445 ὕαιναν
2720 1389 3071 1461 ύπετόπησάν
3135 1405 3281 1452 τινες
3318 1387 3716 1459 ὑπονοήσαντες

2140 1484 2388 1558 ἀμείϐειν
2428 1485 2547 1537 κατ’
2578 1483 2695 1547 ἔτος
2725 1483 2825 1554 τήν
2854 1480 3092 1553 θηλυκὴν
3123 1479 3283 1548 φύσιν
3309 1479 3403 1531 ὲπὶ
3433 1478 3494 1532 τὺ
3523 1478 3713 1550 ᾶρῤεν,

2140 1579 2172 1651 ἢ
2208 1578 2307 1651 τὴν
2349 1577 2555 1650 ἄρρενα
2598 1576 2691 1629 ἐπὶ
2720 1574 2785 1627 τδ
2811 1572 2963 1645 θῆλυ.
3000 1574 3153 1643 Ἔχει
3184 1571 3241 1625 δὲ
3285 1573 3383 1643 οὐχ
3420 1571 3610 1634 οὕτως*
3652 1570 3717 1624 τὸ

2141 1672 2250 1743 γὰρ
2296 1670 2454 1737 ζῶον,
2507 1668 2899 1738 ἁσελγέστατον
2951 1667 3091 1720 πάνυ
3141 1664 3405 1736 ὑπάρχον,
3460 1664 3568 1736 πρὸ
3619 1662 3713 1718 τοῦ

468 1770 649 1828 dendo
680 1765 931 1822 mulieris
974 1779 1083 1819 non
1128 1760 1452 1817 dissimilem
1493 1758 1771 1823 continet,
1826 1755 1883 1810 in
1932 1764 2042 1825 qu‘o

2155 1762 2310 1834 πόρου
2357 1759 2463 1814 ὑπὸ
2506 1757 2604 1831 τὴν
2644 1758 2842 1829 κέρκον
2879 1755 3071 1827 ἐξοχὴν
3103 1754 3383 1825 κέκτηται,
3413 1754 3595 1823 αἰδοίῳ
3616 1754 3715 1824 θη-

468 1860 719 1916 foramen
747 1870 856 1910 non
884 1862 969 1910 est
987 1893 1002 1918 ,
1029 1852 1123 1908 sed
1154 1858 1366 1905 tantum
1397 1862 1591 1904 cavum
1611 1887 1627 1912 ,
1659 1844 1805 1917 quod
1830 1844 2039 1899 nullum

466 1951 828 2013 vulvzeusum
861 1943 1121 2000 exhibere
1172 1941 1352 2003 valet,
1408 1938 1505 1995 sed
1543 1938 1814 1993 duntaxat
1861 1936 2043 1991 inanis

469 2045 715 2102 libidinis
762 2038 1167 2111 receptaculum
1224 2036 1547 2101 extuberat;
1606 2041 1825 2103 propter
1879 2028 2045 2099 igitur

471 2136 794 2192 immensam
824 2130 1112 2188 muliebria
1142 2127 1381 2200 patiendi
1414 2124 1796 2198 appetenliam,
1831 2121 1968 2176 mari
1989 2127 2045 2177 et

468 2229 686 2287 femina:
743 2225 1034 2297 singularis
1068 2224 1183 2277 haec
1216 2220 1522 2292 proprietas
1576 2216 1778 2271 dicitur
1825 2215 2041 2280 inesse;

470 2322 599 2376 dum
642 2321 787 2376 enim
829 2318 989 2389 plena
1036 2313 1305 2370 foramina
1354 2312 1413 2366 in
1465 2316 1730 2379 conceptu
1782 2306 2045 2362 salvando

472 2423 833 2484 occupantur,
855 2410 998 2463 inter
1025 2421 1086 2462 se
1106 2402 1534 2476 ﬂagitiosissime
1553 2408 1744 2456 contra
1765 2407 2042 2463 naturam,

472 2504 766 2560 mixturam
798 2500 1024 2555 faciunt.
1062 2495 1219 2552 Unde
1241 2496 1489 2567 hyaenam
1510 2493 1772 2548 feminam
1802 2492 2048 2547 invenire

470 2598 818 2653 rarissimum
865 2601 970 2657 est,
1015 2591 1146 2646 huic
1209 2590 1354 2645 enim
1410 2587 1597 2644 bestia:
1643 2601 1757 2641 non
1801 2585 2049 2641 continui

473 2697 666 2761 partus
697 2687 852 2744 fiunt.

545 2782 725 2853 Lepus
756 2789 841 2837 est
884 2781 939 2836 in
974 2778 1122 2835 coitu
1153 2772 1634 2848 intemperantior;
1680 2772 1883 2828 femina
1912 2786 2051 2842 quo-
2107 2792 2110 2794 τ

476 2875 610 2931 libet
639 2888 827 2929 mense
860 2872 1033 2943 parit;
1079 2884 1201 2940 qua:
1232 2883 1356 2923 cum
1383 2864 1625 2937 peperit,
1674 2879 1867 2919 rursus
1901 2876 1933 2915 a
1970 2862 2049 2916 le-

475 2982 609 3040 pore
639 2979 1022 3037 quemcunque
1074 2977 1196 3019 sors
1244 2962 1473 3023 tulerit,
1523 2957 1714 3023 initur,
1768 2963 1823 3011 et
1869 2954 2051 3009 adhuc

476 3061 689 3116 lactans
714 3058 973 3128 concipit,
1009 3072 1107 3111 nec
1129 3070 1239 3110 uno
1268 3062 1526 3110 contenta
1557 3058 1661 3106 est.

2141 1851 2290 1924 λυκῷ
2339 1851 2738 1923 παραπλήσιον,
2789 1849 2924 1919 ὅπερ
2960 1848 3062 1901 οὐκ
3108 1846 3221 1917 ἔχει
3269 1844 3520 1917 πόρον,ἧ
3557 1844 3717 1915 μόνον

2143 1945 2451 2017 κοιλότητα,
2488 1945 2567 2007 εἰς
2593 1943 2746 1996 οὐδὲν
2771 1943 2983 2013 μήτρας
3013 1937 3267 2011 χρειῶδες
3294 1937 3713 2008 καθεστηκυῖαν,

2144 2037 2239 2090 καὶ
2257 2035 2418 2108 κενὴν
2442 2035 2609 2106 μόνην
2631 2033 2884 2102 λαγνείαν
2907 2032 3138 2103 δέχεται.
3160 2030 3259 2084 Διὰ
3285 2030 3413 2100 γοῦν
3431 2030 3522 2084 τὸν
3545 2031 3712 2102 ὑπερ·

2144 2127 2405 2183 ϐάλλοντα
2438 2125 2855 2198 πασχητιασμὸν
2891 2122 3049 2177 τοῦτο
3069 2124 3098 2176 6
3130 2123 3304 2195 ἄρρην
3335 2123 3430 2176 καὶ
3459 2125 3494 2193 ἡ
3529 2120 3717 2194 θήλεια

2145 2218 2327 2290 ἔχουσι
2358 2219 2421 2272 τὸ
2461 2218 2676 2288 ἰδίωμα·
2709 2217 2837 2270 ὅταν
2871 2215 2979 2287 γὰρ
3015 2216 3065 2267 oi
3104 2214 3260 2285 πόροι
3299 2213 3716 2285 πεπληρωμένοι

2147 2310 2498 2382 ἀσχολοῦνται
2530 2310 2657 2382 περὶ
2695 2307 2793 2380 τὴν
2822 2307 3036 2379 κύησιν,
3070 2307 3129 2360 ἐν
3158 2305 3407 2377 ἀλλήλοις
3435 2307 3535 2378 τὴν
3567 2305 3718 2379 παρὰ

2148 2402 2307 2472 φύσιν
2354 2401 2498 2474 μίξιν
2544 2399 2884 2473 ἐργάζονται.
2942 2396 3102 2452 Ὅθεν
3153 2395 3522 2451 σπανιώτατόν
3571 2398 3718 2449 ἐστιν

2147 2498 2326 2572 εὑρεῖν
2368 2496 2586 2568 θήλειαν
2631 2495 2839 2547 ῦαιναν·
2875 2491 2938 2545 ού
2971 2490 3080 2564 γὰρ
3123 2492 3368 2560 συνεχεῖς
3399 2491 3468 2560 αἱΔ
3498 2490 3720 2561 κυήσεις
3817 2534 3822 2539 .

2144 2588 2226 2661 τῷ
2256 2588 2380 2660 ζώῳ
2409 2588 2703 2658 γίγνονται.

2232 2791 2290 2845 '0
2317 2789 2374 2843 δὲ
2399 2789 2608 2859 λαγωδς
2637 2789 2773 2860 πρὸς
2801 2786 3085 2843 συνουσίαν
3123 2785 3269 2841 ἐστὶν
3300 2785 3717 2858 ἀκρατέστερος.

2162 2883 2228 2938 Ἦ
2259 2882 2317 2937 δὲ
2361 2882 2552 2955 θήλεια
2590 2881 2734 2936 κατὰ
2769 2883 2911 2952 μῆνα
2942 2883 3136 2944 τίκτει,
3169 2881 3265 2934 καὶ
3297 2880 3525 2934 τεκοῦσα
3556 2878 3721 2932 πάλιν

2152 2976 2258 3031 ὑπὸ
2285 2975 2378 3029 τοῦ
2408 2974 2660 3046 τυχόντος
2692 2971 2906 3042 λαγωοῦ
2935 2972 3200 3043 ὀχεύεται,
3236 2973 3329 3025 καὶ
3362 2970 3725 3041 συλλαμϐάνει

2153 3071 2233 3124 ἔτι
2258 3068 2618 3142 θηλαζομένη’
2651 3068 2711 3120 ού
2744 3065 2852 3135 γὰρ
2880 3068 3128 3137 ἀρκεῖται
3165 3064 3265 3118 ἐνί.

549 3150 825 3224 Gryphem
854 3113 1252 3220 magnitudinis
1307 3147 1587 3201 immensae
1626 3144 1837 3207 ferunt,
1883 3141 1955 3195 ita
1990 3146 2050 3192 ut

2155 3113 2233 3124 ’π
2262 3113 2599 3142 *νιν-*ηε-Γ-’Ἱ
2655 3113 2708 3120 ’ν
2756 3113 2847 3135 ⁸⁷⁷1⁷
2883 3113 3127 3137 -ι---ν---η
3168 3113 3264 3118 --νν

2226 3162 2332 3216 Τὸν
2355 3161 2412 3215 δὲ
2444 3159 2632 3233 γρῦπα
2662 3160 2823 3228 φασὶν
2852 3158 2990 3211 εἶναι
3019 3156 3153 3222 ζῶον
3187 3151 3725 3227 παμμεγεῦέστατον,

480 3245 671 3300 umbra
702 3243 849 3298 illius
873 3242 1137 3311 praedium
1160 3251 1394 3311 opacet,
1436 3247 1491 3294 et
1540 3237 1709 3293 veluti
1760 3233 1907 3307 apud
1948 3248 2051 3287 nos

479 3337 663 3407 aquila
706 3335 974 3406 leporem,
1013 3333 1095 3389 sic
1135 3333 1227 3389 ille
1269 3334 1480 3388 leonem
1525 3328 1787 3384 facillimo
1834 3325 2052 3395 negotio

478 3434 694 3497 raptum
720 3425 1010 3495 praedatur.

549 3517 909 3585 Charadrius,
942 3516 1101 3586 cujus
1142 3514 1358 3583 Moyses
1392 3512 1641 3568 meminit
1671 3511 1736 3576 ⁸⁸,
1767 3518 1885 3565 toto
1927 3522 2050 3563 cor-

481 3626 617 3685 pore
649 3609 1095 3681 splendidissimo
1140 3610 1279 3663 nitet
1311 3606 1550 3662 candore
1582 3605 1810 3661 alterius
1853 3602 2057 3658 coloris

482 3703 717 3759 maculis
764 3716 1032 3771 nusquam
1067 3716 1358 3771 aspersus;
1390 3699 1556 3769 hujus
1592 3696 1805 3753 eflluvia
1846 3695 2057 3751 obtusa:

483 3794 769 3849 oculorum
797 3792 934 3846 aciei
976 3791 1181 3847 mederi
1234 3791 1495 3855 tradunt,
1537 3788 1927 3858 immorarique
1970 3802 2058 3843 re-

482 3885 627 3959 giis,
673 3884 799 3939 vita:
831 3891 886 3940 et
911 3883 1104 3939 mortis
1156 3883 1471 3939 hominibus
1516 3897 1674 3954 aegra:
1720 3880 2060 3950 infirmaque

483 3976 815 4036 valetudinis
856 3976 1216 4048 praenuntias.
1251 3976 1389 4030 Cum
1425 3976 1572 4032 enim
1605 3975 1814 4030 allectis
1847 3974 2060 4030 viribus

486 4071 651 4128 homo
682 4069 865 4133 fuerit,
890 4068 1237 4125 charadrium
1276 4069 1357 4123 ita
1384 4068 1818 4132 accommodant,
1854 4078 1912 4123 ut
1933 4081 2059 4122 eum

488 4164 735 4219 adversis
774 4163 950 4218 oculis
996 4162 1197 4216 intueri
1232 4162 1437 4232 possit;
1485 4160 1579 4229 qui
1607 4160 1652 4216 si
1688 4167 1755 4214 ad
1795 4166 2059 4230 aegrotum

488 4253 804 4317 attenderit,
829 4261 1177 4323 :egrotusquc
1196 4253 1264 4307 ad
1283 4254 1483 4322 ipsum,
1510 4252 1704 4306 hausta
1722 4250 2057 4314 infirmitate,

489 4347 813 4403 charadrius
855 4362 950 4416 per
982 4361 1188 4411 aerem,
1224 4346 1394 4401 solem
1424 4360 1617 4400 versus
1644 4343 1856 4409 volitat,
1877 4342 2061 4412 ibique

2155 3254 2231 3317 ὡς
2256 3251 2553 3327 ἀρουραίαν
2587 3248 2743 3302 σκιὰν
2777 3247 3032 3302 ἐκτελεῖν⁵
3067 3246 3301 3318 ἁρπάζει
3327 3247 3384 3299 δὲ
3415 3246 3607 3301 λέοντα
3632 3243 3725 3298 οῦδ

2153 3360 2262 3406 τως
2287 3339 2547 3412 εὐχερῶς,
2581 3339 2656 3402 ὡς
2689 3338 2843 3402 ἀετὸς
2870 3339 2998 3410 παρ’
3025 3339 3155 3409 ἡμῖν
3188 3336 3417 3405 λαγωόν.

2230 3522 2384 3574 Ἔστι
2418 3518 2554 3585 ζῶον
2596 3516 2885 3590 χαραδριὸς
2915 3518 2945 3570 ό
2979 3516 3133 3595 παρὰ
3162 3518 3368 3588 Μωῦσῇ
3399 3516 3729 3587 μνημονευό-

2161 3631 2339 3686 μενος,
2373 3611 2717 3675 λευκότατος,
2745 3609 2811 3664 δι’
2832 3609 2951 3663 ὅλον
2981 3608 3043 3662 τὸ
3071 3608 3229 3680 σῶμα
3264 3609 3339 3682 μὴ
3377 3609 3515 3681 ἔχων
3540 3609 3732 3664 σπῖλον

2158 3705 2323 3776 ἄλλης
2344 3705 2531 3777 χρόας
2572 3705 2666 3758 καὶ
2696 3703 2886 3756 τούτου
2921 3702 3019 3766 τὰς
3053 3702 3305 3774 ὲκρύσεις
3335 3703 3460 3765 τοῦς
3486 3700 3736 3772 ἀμϐλυω-

2159 3797 2395 3861 ποῦντας
2431 3795 2610 3851 ἰᾶσθαί
2648 3811 2798 3866 φασι.
2838 3795 3180 3866 Καταμένειν
3210 3794 3266 3847 δὲ
3305 3793 3464 3847 αὑτὸν
3511 3796 3569 3846 ὲν
3609 3795 3735 3858 ταῖς

2158 3890 2349 3953 αὐλαῖς
2391 3891 2512 3952 ταῖς
2562 3887 2866 3958 βασιλικαῖς
2915 3884 3206 3959 ἱστοροῦσι,
3257 3886 3539 3959 προφήτην
3587 3884 3733 3953 ζωῆς

2160 3982 2255 4037 καὶ
2283 3981 2513 4037 θανάτου
2546 3984 2660 4046 τοῖς
2690 3981 2957 4051 κάμνουσι
2990 3980 3098 4032 τῶν
3130 3977 3430 4050 ἀνθρώπων
3474 3978 3731 4048 γιγνόμε-

2160 4076 2445 4129 νον.”οταν
2462 4073 2592 4144 γὰρ,
2621 4073 2804 4143 φασὶν,
2834 4070 3112 4144 ἀρρωστία
3140 4088 3224 4135 τις
3246 4070 3538 4142 περιπέσῃ,
3566 4069 3732 4139 ἄγου-

2163 4182 2247 4218 σιν
2281 4164 2508 4217 ὲνώπιον
2537 4163 2701 4218 αὐτοῦ
2728 4163 2819 4216 τὸν
2848 4161 3155 4234 χαραδριὸν,
3200 4163 3294 4215 καὶ
3324 4162 3371 4215 εί
3408 4164 3614 4233 προσχῇ
3654 4161 3735 4234 τῷ

2161 4255 2424 4322 νοσοῦντι,
2455 4256 2549 4323 καὶ
2580 4257 2609 4308 ό
2637 4255 2805 4310 νοσῶν
2845 4254 3015 4326 αύτῷ,
3058 4253 3346 4307 καταπίνει
3385 4253 3482 4325 τὴν
3521 4254 3675 4307 νόσον
3705 4255 3734 4307 6

2163 4349 2453 4422 χαραδριὸς
2490 4348 2677 4416 αὑτοῦ,
2721 4349 2814 4402 καὶ
2848 4347 3135 4402 ἀνίπταται
3169 4348 3249 4410 είς
3284 4347 3376 4400 τὸν
3408 4346 3599 4418 αἰθέρα
3638 4346 3734 4400 τοῦ

488 4438 739 4493 morbum
760 4429 993 4493 [nominis
1009 4437 1335 4508 dissipatum
1356 4436 1623 4508 disperdit
1642 4453 1656 4502 ;
1675 4435 1721 4490 si
1745 4450 1851 4489 non
1876 4437 2053 4505 inspe«

2161 4443 2333 4514 ήλίου,
2366 4444 2526 4496 κάκεῖ
2554 4442 2653 4515 τὴν
2680 4442 2832 4496 νόσον
2857 4442 2950 4495 τοῦ
2979 4440 3262 4513 ἀνθρώπου
3294 4439 3649 4504 διασκεδάζει·
3685 4440 3737 4493 ει

490 4532 663 4594 xerit,
710 4529 778 4585 de
809 4530 1109 4585 laborantis
1157 4529 1379 4584 interitu
1416 4528 1788 4599 conjecturam
1832 4525 2060 4580 faciunt.

568 4620 861 4679 Unicornis
895 4625 1095 4679 animal
1127 4632 1231 4682 est.
1256 4632 1310 4680 et
1344 4623 1478 4679 illud
1505 4638 1756 4693 parvum,
1782 4622 1920 4676 haedi
1949 4636 2065 4675 ma-

489 4714 795 4788 gnitudine,
825 4715 1025 4769 eximia
1057 4715 1379 4785 pernicitate
1409 4722 1463 4769 et
1495 4713 1858 4779 vehementia,
1892 4727 2066 4767 cornu

492 4808 549 4863 in
579 4809 894 4864 summitate
927 4808 1123 4877 capitis
1148 4807 1340 4874 unico;
1387 4808 1490 4862 hac
1532 4823 1696 4878 porro
1730 4807 1944 4863 ratione
1974 4822 2067 4863 ca-

494 4900 665 4974 pitur.
693 4898 975 4973 Virginem
998 4899 1372 4970 incorruptam
1414 4908 1541 4955 ante
1571 4916 1695 4957 eum
1725 4900 2065 4969 conjiciunt,

494 4993 656 5063 cujus
688 4992 804 5064 ipse
848 4994 905 5048 in
944 4992 1125 5049 sinum
1167 4992 1373 5061 insilit,
1418 5007 1483 5047 ea
1513 4992 1800 5062 complexu
1836 4990 2069 5046 fovendo

493 5085 551 5140 in
582 5085 759 5156 regias
789 5084 982 5141 defert.

566 5173 848 5233 Castorem
864 5178 1066 5233 animal
1086 5177 1364 5235 facillimis
1387 5176 1632 5233 moribus
1655 5184 1711 5233 et
1746 5176 2068 5238 mansuetis,

477 5267 656 5340 uquies
681 5264 963 5339 delectat;
1012 5272 1187 5329 mirus
1238 5274 1459 5329 testium
1510 5272 1629 5341 ejus
1673 5270 1730 5325 in
1784 5269 2072 5325 medicinis

498 5375 667 5429 usus;
702 5364 1148 5434 persequentium
1184 5374 1504 5419 venatorum
1533 5370 1761 5431 urgente
1790 5363 2034 5433 periculo
2054 5402 2068 5422 ,

498 5464 596 5506 eos
658 5461 942 5523 amputat,
1003 5462 1395 5524 currentesque
1464 5472 1495 5509 a
1550 5469 1845 5525 progressu
1902 5458 2070 5507 arcet.

503 5538 564 5596 Si
590 5545 683 5599 alii
716 5546 817 5601 hoc
848 5547 990 5601 idem
1024 5555 1242 5620 petant,
1276 5555 1444 5604 testes
1477 5547 1760 5620 ademplos
1791 5546 2028 5604 ostendit
2052 5583 2068 5611 ,

500 5650 799 5707 taurumque
833 5655 1029 5697 cursus
1060 5650 1323 5696 moratur.

570 5749 621 5781 "
658 5747 824 5806 Lerit.
853 5766 929 5817 xi,
969 5751 1063 5819 l9;
1111 5751 1264 5808 Deut.
1294 5768 1404 5819 xiv,
1431 5751 1516 5807 l8.

2165 4535 2221 4589 δὲ
2254 4535 2328 4607 μὴ
2355 4537 2588 4607 προσχῇ,
2619 4533 2992 4604 γινώσκουσιν,
3017 4534 3096 4587 ὅτι
3117 4533 3426 4603 τελευτήσει
3446 4535 3475 4586 6
3493 4532 3734 4602 κάμνων.

2249 4629 2307 4681 '0
2346 4627 2403 4680 δὲ
2436 4628 2745 4699 μονόκερως
2781 4626 2918 4693 ζῶόν
2947 4629 3063 4680 ἐστι
3089 4626 3301 4699 μικρὸν,
3327 4627 3511 4697 ὅμοιον
3542 4625 3734 4698 ἐρίφῳ,

2167 4719 2494 4792 δριμύτατον
2527 4719 2752 4790 σφόδρα.
2802 4720 2897 4772 ’Ἐν
2928 4719 2985 4772 δὲ
3012 4719 3180 4789 κέρας
3210 4719 3368 4790 μόνον
3396 4718 3490 4771 ἐπὶ
3521 4718 3617 4787 τῆς
3644 4733 3738 4771 κο-

2172 4811 2347 4883 ρυφῆς
2385 4810 2497 4881 ἔχει
2520 4812 2620 4883 τῆς
2645 4810 2904 4881 κεφαλῆς,
2935 4812 3029 4865 καὶ
3049 4810 3283 4882 θηρᾶται
3313 4801 3552 4864 τοιῶσδε·
3587 4810 3737 4879 Παρ-

2172 4902 2322 4958 θόνον
2361 4904 2532 4976 ἁγνὴν
2575 4903 2855 4976 ῥίπτουσιν
2901 4903 3063 4957 αὑτοῦ
3111 4902 3458 4976 ἐπίπροσθεν·
3500 4905 3529 4956 6
3567 4902 3621 4956 δὲ
3660 4903 3742 4964 εἰς

2171 4996 2295 5059 τοὺς
2328 4995 2562 5061 κόλπους
2593 4996 2761 5069 αὐτῆς
2799 4996 3104 5067 ὲφάλλεται’
3155 5000 3187 5068 ἠ
3234 4996 3290 5048 δὲ
3334 4995 3738 5067 περιθάλπουσα

2172 5087 2331 5141 αὑτὸν
2358 5089 2437 5152 εἰς
2465 5089 2589 5151 τοὺς
2610 5089 2800 5163 οἴκους.
2820 5089 2927 5144 τῶν
2954 5087 3213 5159 βασιλέων
3244 5088 3587 5159 ἀποκομίζει.

2248 5182 2403 5235 Ἔστι
2427 5179 2564 5245 ζῶον
2588 5173 2919 5253 καλούμὲνον
2945 5182 3254 5254 καστόριον,
3287 5183 3448 5254 ήπιον
3478 5181 3618 5235 πάνυ
3648 5181 3745 5233 καὶ

2174 5273 2414 5346 ἡσύχιον·
2456 5274 2774 5347 χρησιμεύει
2809 5274 2865 5327 δὲ
2898 5274 2967 5327 τὰ
2995 5274 3169 5328 αἰδοῖα
3210 5274 3376 5329 αὑτοῦ
3411 5274 3545 5347 πρὸς
3579 5272 3741 5326 ἴασιν.

2176 5366 2510 5436 Διωκόμενον
2550 5360 2642 5419 οῦν
2682 5367 2772 5418 ἐπὶ
2806 5365 2964 5418 τοῦτο
3002 5365 3107 5418 ὑπὸ
3144 5365 3252 5419 τῶν
3284 5364 3582 5439 θηρευτῶν,
3610 5364 3747 5416 ἀπο·

2176 5457 2364 5509 κόπτει
2392 5455 2555 5510 αὑτοῦ
2579 5457 2645 5511 τὰ
2669 5457 2861 5521 αἰδοῖα,
2898 5457 2992 5511 καὶ
3015 5459 3262 5528 ἐφίστησι
3288 5459 3412 5522 τοὺς
3435 5455 3743 5517 διώκοντας.

2189 5547 2614 5603 Ἐπιδιωκόντων
2638 5549 2695 5602 δὲ
2721 5549 2915 5612 ἄλλων,
2944 5549 3391 5620 ἀποκεκομμένον
3425 5547 3611 5602 ἑαυτὸν
3639 5544 3747 5599 δείο

2176 5658 2352 5712 κνυσι,
2383 5642 2475 5696 καὶ⁵
2496 5642 2751 5697 ἐκκόπτει
2783 5640 2874 5696 τοῦ
2899 5641 3100 5716 δρόμου
3126 5644 3251 5707 τοὺς
3281 5641 3567 5716 θηρευτὰς.

3771 5712 3787 5747 \
