4080 6334
482 250 585 314 747

1323 264 1381 323 S.
1420 267 1864 331 EUSTATHIUS
1900 266 2387 327 ANTIOCHENUS
2425 270 2753 329 EPISCOPU
2768 273 2825 332 S.

3614 286 3722 342 748

549 373 813 433 Lacerius
862 388 1021 448 quem
1074 375 1307 438 dicimus
1346 385 1781 451 salamandram,
1830 389 1944 443 sive
1987 388 2025 441 ir

2212 386 2393 458 Σαῦρα
2414 388 2469 441 δὲ
2492 389 2525 459 ἡ
2551 389 2816 462 λεγομένη
2844 391 3214 466 σαλαμάνδρα,
3240 393 3335 448 ἐὰν
3357 399 3439 461 είς
3464 412 3713 469 καμινον,

477 465 755 525 fornacem
781 509 798 534 ,
831 470 946 525 sive
973 469 1031 525 in
1059 471 1313 529 balneum
1345 475 1624 548 ingressus
1651 480 1834 546 fuerit,
1867 481 2047 551 ignem

476 566 683 614 tactum
709 599 724 622 ,
754 574 864 616 non
893 561 1001 616 alio
1038 563 1201 619 modo
1225 582 1388 636 quam
1416 570 1619 639 glacies
1640 572 1956 641 exstinguit.

543 652 709 708 Aiunt
753 654 993 724 viperam
1031 671 1135 727 aper
1187 673 1250 714 os
1294 663 1462 718 maris
1513 678 1697 720 semen
1760 667 2047 737 excipere;

472 743 824 816 membroque
869 748 1057 803 exciso
1077 790 1092 815 ,
1126 749 1277 804 illum
1316 752 1597 823 occidere;
1629 771 1751 827 quae
1792 757 1884 814 ubi
1916 774 2051 815 con-

472 838 765 908 ceperit,a
816 839 943 896 filiis
995 842 1325 899 interimitur
1369 863 1385 913 ;
1433 861 1670 919 namque
1730 851 1939 908 exclusi
1993 852 2047 907 in

472 938 647 998 utero,
697 932 893 988 abrasa
935 936 1095 990 vulva
1118 976 1133 1000 ,
1172 936 1502 1011 effractoque
1550 950 1772 1007 ventre,
1794 959 1893 1015 per
1932 944 2046 1002 dis-

471 1029 629 1092 rupta
661 1022 827 1078 latera
862 1035 1175 1097 erumpunt.

539 1175 778 1247 Serpens
844 1179 1156 1237 obczecatur
1208 1190 1366 1241 aetate
1417 1189 1825 1258 ingravescente
1857 1232 1874 1257 ,
1949 1194 2042 1266 qui

467 1272 825 1344 quadraginta
856 1273 974 1331 dies
1003 1277 1229 1346 jejuniis
1274 1293 1505 1351 corpore
1553 1283 1732 1338 laxato
1756 1324 1770 1347 ,
1797 1285 1915 1341 saxi
1964 1287 2042 1341 ri-

466 1378 611 1418 mam
650 1366 819 1421 intrat
860 1369 1351 1442 angustam,vique
1392 1387 1450 1428 se
1486 1375 1819 1433 contrahens
1847 1378 2042 1448 pellem

467 1465 853 1530 senectamque
896 1460 1048 1515 exuit
1081 1469 1135 1517 et
1171 1471 1498 1533 renovatur;
1530 1465 1659 1522 dum
1707 1468 1857 1536 sitit,
1890 1470 2041 1540 prius

466 1561 677 1602 veneno
699 1547 967 1620 deposito,
990 1548 1230 1607 fontanis
1246 1553 1405 1623 aquis
1428 1555 1575 1610 sitim
1600 1555 1840 1628 depellit.
1855 1557 2040 1630 Captis

465 1641 768 1708 musculis,
803 1641 992 1696 oculos
1024 1645 1169 1697 eruit
1198 1643 1501 1715 nutritque,
1532 1653 1590 1701 et
1612 1646 1680 1703 iis
1712 1648 1837 1704 cibo
1871 1650 2040 1705 utitur

2152 476 2184 546 ἢ
2221 477 2495 548 βαλανεῖον
2516 483 2825 555 ἐπεισέλθῃ,
2847 485 3235 558 ἀποψυχραίνει
3272 489 3422 544 αὑτό.

2210 659 2356 713 Φασὶ
2391 659 2449 713 δὲ
2482 659 2579 733 τὴν
2605 660 2814 733 ἔχιδναν
2846 662 2932 716 διὰ
2972 663 3238 736 στόματος
3260 667 3354 721 τοῦ
3373 667 3599 741 ἄρρενος
3623 672 3723 744 τὴν

2149 749 2313 820 γονὴν
2352 749 2622 821 δέχεσθαι,
2656 752 2750 806 καὶ
2783 752 3213 808 συναποκόπτειν
3234 758 3349 820 τοῖς
3384 757 3560 812 ὀδοῦσι
3591 759 3724 814 αὐτὸ

2146 841 2207 894 τὸ
2241 841 2449 914 μόριον,
2484 843 2578 895 καὶ
2610 843 2950 897 ἀποκτείνειν
2983 844 3164 899 αὑτόν.
3212 846 3357 917 Αὕτη
3397 848 3473 911 δὲ,
3522 849 3722 919 ἔγγυος

2146 934 2436 1006 γενομένη,
2470 934 2578 987 ὑπὸ
2606 933 2714 987 τῶν
2752 934 2956 989 τέκνων
2987 936 3309 1009 ἀναιρεῖται*
3338 938 3416 992 ἔτι
3442 941 3550 1012 γάρ
3575 944 3631 995 ὲν
3650 945 3718 1015 τῇ

2145 1024 2322 1098 κοιλίᾳ
2359 1026 2529 1097 αὐτῆς
2572 1027 2883 1100 ὑπάρχοντα
2929 1028 3027 1101 τὴν
3074 1031 3284 1102 μήτραν
3313 1033 3719 1102 καταφαγόντα,

2148 1117 2242 1171 καὶ
2256 1116 2357 1190 τὴν
2370 1118 2578 1172 κοιλίαν
2607 1119 2987 1193 ἀναρρήξαντα
3007 1120 3094 1174 διά
3118 1122 3216 1193 τῆς
3245 1123 3481 1196 πλευρᾶς
3525 1124 3717 1191 ἔξεισι.

2214 1209 2467 1281 Γηράσας
2512 1211 2568 1264 δὲ
2613 1213 2643 1265 ὀ
2678 1213 2799 1283 όφις
2840 1213 3219 1284 ὲκτυφλοῦται,
3276 1218 3371 1271 καὶ
3415 1217 3719 1288 νηστεύσας

2143 1296 2353 1370 ἡμέρας
2378 1302 2784 1374 τεσσαράκοντα
2815 1302 3105 1375 χαυνοῦται
3134 1304 3212 1376 τῷ
3238 1305 3468 1376 σώματι,
3490 1306 3585 1360 καὶ
3604 1310 3717 1362 εισ-

2145 1387 2363 1460 έρχεται
2394 1390 2474 1455 είς
2507 1392 2714 1463 ραγάδα
2749 1393 2953 1464 πέτρας
2997 1394 3188 1465 στενὴν
3207 1434 3221 1459 ,
3266 1395 3357 1449 καὶ
3388 1398 3454 1467 τῇ
3484 1394 3575 1467 βίᾳ
3602 1396 3719 1450 δια-

2144 1478 2440 1550 συρόμενος
2484 1479 2544 1533 τὸ
2580 1480 2754 1552 δέρμα
2791 1482 2852 1535 τὺ
2892 1482 3207 1554 γεροντικὸν
3253 1482 3573 1546 ἀποδύεται,
3620 1484 3719 1537 καὶ

2142 1570 2483 1628 ἀνανεοῦται.
2525 1572 2690 1626 Ὅταν
2726 1572 2783 1626 δὲ
2814 1572 3034 1645 διψήσῃ,
3064 1572 3154 1627 τὸν
3182 1573 3259 1626 ίὸν
3288 1573 3551 1644 πρότερον
3579 1576 3718 1628 ἀπο-

2139 1661 2364 1728 τίθεται,
2410 1664 2505 1718 καὶ
2544 1663 2716 1728 οὕτως
2748 1666 2959 1719 ἐκπίνει
2996 1666 3058 1720 τὸ
3091 1665 3235 1737 ὕδωρ
3266 1667 3330 1719 ὲκ
3367 1666 3467 1736 τῆς
3503 1666 3711 1737 πηγῆς.

466 1729 699 1785 maturis
745 1739 799 1786 et
814 1730 1174 1803 pinguefactis
1193 1749 1208 1800 ;
1226 1733 1498 1789 hominem
1520 1736 1727 1793 nudum
1747 1737 1794 1795 si
1811 1753 2025 1810 aspexe-

2150 1754 2422 1826 Ἀγρεύων
2451 1755 2509 1809 δὲ
2541 1757 2667 1820 τοὺς
2701 1756 2931 1827 μυοξοὺς
2977 1729 3236 1826 ὲκτυφλοῖ
3258 1757 3353 1811 καὶ
3380 1729 3715 1828 τρέφειζᾌέᾁι

461 1821 569 1887 rit,
610 1837 719 1877 non
762 1821 895 1888 adit,
927 1824 1187 1880 vestitum
1214 1825 1548 1897 aggreditur.

531 2114 830 2173 Basiliscus
876 2132 1144 2172 venenum
1195 2118 1513 2189 pestiferum
1547 2121 1720 2176 oculis
1757 2121 1884 2191 jacit
1909 2163 1922 2187 ,
1959 2122 2033 2176 ita

460 2216 521 2263 ut
554 2209 827 2265 hominem
858 2211 944 2266 vel
967 2212 1086 2267 solo
1115 2218 1335 2282 aspectu
1364 2214 1549 2268 statim
1577 2213 1871 2269 interimat.
1904 2215 2031 2286 Spi-

459 2301 600 2358 ritus
620 2301 740 2371 ejus
763 2303 977 2374 igneus,
1000 2311 1202 2359 terram
1232 2304 1432 2370 exurit,
1463 2314 1518 2360 et
1547 2305 1764 2368 herbas.
1795 2316 1849 2363 et
1873 2308 2033 2363 arbo-

459 2408 569 2450 res.
621 2392 686 2450 Et
725 2394 830 2449 hoc
876 2395 1040 2450 modo
1080 2395 1227 2466 gigni
1280 2397 1525 2453 historiis
1572 2398 1845 2468 proditum
1893 2407 2027 2454 cst:

457 2501 583 2541 cum
645 2487 830 2557 plures
873 2503 1080 2558 angues
1134 2490 1190 2544 in
1239 2505 1408 2545 unum
1464 2491 1733 2556 conclusi,
1783 2490 2031 2562 fameque

458 2579 636 2634 vexati
686 2579 887 2635 fuerint
932 2581 1039 2652 (est
1091 2581 1239 2637 enim
1292 2581 1492 2637 animal
1531 2583 2027 2656 scelestissimum),

455 2672 599 2727 alius
626 2671 792 2727 alium
828 2672 931 2727 sibi
966 2673 1281 2729 viciniorem
1311 2675 1569 2739 comedit,
1591 2673 1896 2748 fortiorque
1927 2676 2031 2730 im-

458 2765 738 2821 becilliore
803 2771 1028 2830 vorato,
1088 2766 1333 2821 omnium
1392 2767 1682 2838 anguium,
1721 2782 1859 2839 quos
1908 2766 2030 2824 loco

454 2859 564 2914 cibi
592 2857 859 2923 adhibuit,
890 2857 1112 2915 venenis
1149 2857 1344 2929 plenus
1371 2873 1436 2914 ac
1474 2858 1714 2916 refectus
1737 2901 1751 2927 ,
1789 2858 1845 2913 fit
1881 2859 2028 2915 basi-

457 2952 632 3009 liscus
652 2993 668 3018 ,
695 2967 968 3008 venenum
1021 2951 1230 3014 habens
1262 2951 1814 3022 perniciosissimum,
1860 2953 1934 3007 ita
1966 2961 2026 3008 ut

455 3044 540 3101 vel
581 3043 702 3100 solo
746 3049 905 3098 necet
942 3048 1190 3112 aspectu.

527 3135 834 3191 Scarabeus
859 3149 924 3190 ex
967 3133 1169 3189 bovino
1208 3142 1479 3200 stercore,
1508 3132 1755 3188 rotundae
1799 3131 1984 3203 figura:
2006 3173 2021 3196 ,

454 3226 658 3299 pilulas
690 3225 858 3282 volvit
898 3241 1161 3293 aversus;
1197 3225 1376 3281 ferunt
1419 3224 1567 3280 hunc
1610 3240 1707 3281 sex
1745 3224 2027 3281 mensibus

455 3335 621 3393 super
643 3327 790 3376 terra
825 3318 1130 3384 immorari,
1163 3332 1459 3390 semenque
1488 3317 1544 3373 in
1573 3323 1903 3373 stercoream
1943 3318 2026 3388 pi-

454 3415 563 3469 lam
609 3414 879 3479 emittere,
914 3412 1151 3483 indeque
1180 3411 1358 3466 oritur
1383 3426 1502 3468 mas
1539 3410 1866 3479 scarabeus,
1891 3426 2025 3466 nus-

452 3521 617 3578 quam
653 3506 799 3562 enim
831 3505 1156 3563 scarabeum
1192 3504 1450 3562 feminam
1478 3502 1723 3559 invenire
1752 3508 1857 3558 est.
1888 3500 2024 3556 Pro-

454 3607 573 3669 pter
612 3598 755 3654 banc
782 3598 903 3668 ejus
941 3608 1189 3654 naturam
1234 3596 1473 3669 Egyptii
1515 3594 1837 3651 scarabeum
1876 3593 2022 3648 inter

452 3689 682 3745 numina
721 3689 943 3754 colunt,
992 3688 1093 3745 soli
1142 3687 1376 3745 similem
1428 3694 1840 3748 asseverantes,
1874 3681 2018 3754 quod

453 3783 726 3855 sphaeram
749 3782 932 3839 volvat
951 3823 966 3846 ,
996 3790 1045 3838 et
1089 3782 1270 3839 sidera
1296 3782 1633 3853 serpentium
1664 3778 1853 3851 figuris
1881 3776 2023 3835 assi-

452 3874 666 3943 milant,
720 3874 867 3947 quod
917 3881 1225 3931 tortuosum
1263 3879 1319 3928 et
1363 3871 1646 3942 obliquum
1704 3870 1778 3925 sit
1828 3882 2019 3924 eorum

455 3968 582 4023 iter.

520 4056 785 4116 Formica
803 4098 819 4123 ,
851 4057 983 4114 dum
1011 4055 1343 4117 frumentum
1365 4058 1718 4123 congregant,
1749 4064 2017 4107 annosum

450 4167 638 4212 semen
683 4150 965 4214 dividunt,
996 4164 1068 4206 ne
1098 4162 1293 4204 rursus
1348 4144 1712 4202 madefactum
1746 4143 1801 4199 in
1834 4142 2017 4214 fruges

447 4255 606 4303 exeat
633 4260 665 4302 e
693 4251 875 4310 terra;
909 4242 1088 4301 hieme
1119 4256 1229 4298 non
1252 4239 1626 4313 egrediuntur,
1656 4237 1801 4310 quod
1829 4244 2016 4295 aestate

447 4338 554 4397 sibi
577 4337 759 4393 cibum
793 4337 932 4392 satis
964 4332 1308 4390 commodum
1338 4332 1730 4404 compararim.

516 4430 724 4488 Hirudo
767 4445 837 4487 ex
884 4442 1084 4500 genere
1112 4426 1378 4484 vermium
1422 4425 1625 4480 animal
1667 4425 1724 4480 in
1760 4423 2012 4480 dulcibus
2042 4437 2087 4492 ι)

445 4524 602 4597 aquis
631 4523 806 4596 degit;
839 4522 885 4577 si
917 4523 1041 4594 quis
1089 4518 1324 4577 sitiendo
1355 4518 1513 4574 avide
1544 4517 1772 4581 biberit,
1804 4531 1912 4571 una
1955 4523 2011 4572 et

443 4613 618 4686 ipsam
664 4612 966 4677 combibit,
1013 4625 1135 4681 quas
1177 4615 1396 4680 propter
1458 4608 1685 4664 nimiam
1735 4608 2009 4663 levitatem

443 4721 570 4762 cum
596 4720 739 4777 aqua
771 4713 896 4778 pota
933 4704 1210 4768 illabitur;
1241 4701 1368 4757 inde
1397 4699 1636 4755 maxime
1665 4697 2009 4755 incommoda

441 4794 813 4867 molestiaeque
848 4793 1116 4855 accedunt
1155 4789 1405 4862 corpori,
1437 4790 1531 4845 illa
1561 4788 1881 4861 sanguinem
1911 4803 2010 4843 ex-

440 4894 704 4957 sugente,
735 4894 791 4943 et
835 4892 1195 4958 augescente,
1243 4882 1542 4939 insatiabili
1592 4895 1828 4952 namque
1880 4896 2009 4936 san-

438 4979 623 5053 guinis
673 4978 958 5035 hauriendi
1006 4975 1306 5047 cupiditate
1348 4981 1584 5040 tenetur,
1628 4979 1686 5030 et
1731 4972 2008 5029 multoties

437 5068 631 5134 allisa,
664 5083 767 5125 nec
807 5068 1078 5132 evellitur,
1130 5081 1231 5123 nec
1284 5065 1607 5130 detrahitur,
1656 5063 1760 5121 etsi
1807 5064 2004 5120 medici

437 5161 789 5225 obnitantur.
815 5162 991 5220 donec
1034 5162 1274 5235 pondere
1303 5161 1423 5232 ipso
1453 5158 1738 5230 sanguinis
1766 5157 2006 5214 disrum-

435 5262 618 5326 patur.

505 5347 650 5404 Inter
683 5347 925 5420 aspidem
957 5354 1259 5416 caeteraque
1302 5358 1533 5415 quorum
1586 5357 1804 5398 morsus
1855 5341 2005 5398 ulce-

434 5451 539 5508 rat,
554 5449 610 5498 et
640 5441 797 5499 felem
821 5440 970 5512 jugis
992 5439 1287 5495 discordia.
1317 5438 1363 5491 Α
1388 5436 1752 5507 serpentibus,
1779 5435 2006 5491 locustis

431 5533 725 5605 erucisque
742 5533 974 5590 dissidet
1003 5531 1125 5587 ibis.
1152 5531 1415 5595 Cerastis,
1445 5530 1825 5600 scorpionibus
1853 5528 2003 5584 aliis-

431 5640 540 5697 que
571 5626 809 5682 minntis.
840 5624 1125 5696 reptil'ibus
1168 5623 1431 5693 accipiter
1460 5622 1728 5679 exitiosus
1759 5630 1877 5687 est;
1911 5620 2001 5676 hic

431 5718 670 5777 hominis
702 5717 1173 5774 commiseratione
1197 5714 1467 5783 ﬂectitur;
1521 5716 1567 5772 si
1612 5716 1755 5772 enim
1787 5715 1841 5770 in
1873 5730 1999 5771 eum

2051 3094 2099 3156 C

2138 1843 2510 1910 πεπανθέντας
2537 1845 2813 1900 κατεσθίει
2848 1845 3065 1910 αὐτούς.
3114 1844 3239 1898 Ἐάν
3271 1844 3327 1899 δὲ
3354 1845 3559 1915 γυμνὸν
3586 1844 3713 1898 θεά-

2139 1954 2296 2010 σηται
2331 1938 2638 2011 ἄνθρωπον,
2680 1938 2742 1991 ού
2788 1928 3096 2009 πρόσεισινό
3148 1939 3196 1991 εί
3243 1937 3300 1990 δὲ
3344 1936 3709 2009 ἐνδεδυμένον,

2135 2028 2443 2098 ὲφάλλεται.

2216 2122 2275 2175 '0
2306 2121 2365 2175 δὲ
2413 2121 2721 2193 βασιλίσκος
2766 2122 2841 2176 ίὸν
2878 2118 3245 2191 θανατηφόρον
3276 2118 3591 2190 ἀποπέμπει
3631 2120 3709 2191 τῷ

2132 2212 2417 2286 ὀφθαλμῷ,
2460 2213 2600 2267 ὥστε
2643 2214 2735 2267 τὸν
2777 2212 3110 2284 θεασάμενον
3141 2212 3479 2283 παραχρῆμα
3508 2214 3710 2267 ἀπονε-

2134 2304 2418 2377 κροῦσθαι.
2453 2306 2526 2359 Τὸ
2566 2305 2623 2360 δὲ
2674 2305 2899 2377 φύσημα
2947 2303 3110 2359 αὐτοῦ
3157 2305 3410 2376 τυγχάνει
3456 2305 3703 2379 πύρινον,

2132 2399 2469 2469 καταφλέγον
2495 2397 2699 2471 χώρας,
2732 2401 2825 2453 καὶ
2849 2399 3014 2452 τόπον
3042 2397 3370 2469 σύνδενδρον.
3414 2398 3706 2471 Ἱστοροῦσι

2130 2491 2187 2546 δὲ
2223 2493 2382 2546 αὑτὸν
2413 2492 2637 2564 τοιούτῳ
2681 2492 2867 2563 τρόπῳ
2908 2490 3275 2547 συνίστασθαι.
3340 2491 3508 2546 Ἐπάν
3548 2492 3707 2562 δφεις

2131 2583 2372 2648 πλείονες
2399 2584 2861 2639 κατακλεισθῶσιν
2876 2583 3032 2654 ὁμοῦ,
3057 2584 3149 2637 καὶ
3167 2582 3504 2654 λοιμὼξωσιν
3533 2585 3706 2654 (ἐπει-

2129 2676 2303 2748 δήπερ
2327 2676 2387 2728 τὸ
2413 2673 2551 2739 ζῶόν
2577 2676 2693 2729 ἐστι
2714 2674 3076 2746 παμμίαρον),
3105 2674 3334 2736 ἕκαστος
3360 2672 3449 2728 τὸν
3474 2674 3701 2745 πλησίον

2129 2765 2424 2824 κατεσθίει·
2477 2766 2571 2820 καὶ
2617 2768 2646 2820 ὁ
2695 2750 3042 2839 ἰσχυρότερος
3086 2764 3392 2820 ἀναλίσκων
3437 2765 3559 2834 ὄφις
3604 2764 3700 2818 τὸν

2128 2859 2536 2933 ἀσθενέστερον,
2564 2862 2657 2913 καὶ
2686 2859 2989 2930 πληρωθεὶς
3020 2858 3235 2912 πάντων
3258 2858 3367 2911 τῶν
3390 2856 3559 2925 ὄφεων
3585 2856 3694 2920 ἰοῦ,

2125 2945 2200 3005 ὦν
2243 2951 2584 3024 κατεδήδοκε,
2632 2950 2941 3023 βασιλίσκος
2974 2951 3216 3020 γίγνεται
3259 2950 3336 3004 ἰὸν
3364 2950 3495 3021 ἔχων
3534 2949 3700 3019 χαλε-

2127 3043 2396 3110 πώτατον,
2428 3043 2503 3109 ὡς
2531 3044 2625 3098 καὶ
2651 3044 2759 3099 ἀπὸ
2796 3043 2955 3116 μόνου
2984 3044 3077 3098 τοῦ
3104 3042 3382 3115 ὀφθαλμοῦ
3408 3040 3695 3096 θανατοῦν.

2209 3137 2266 3191 Ὀ
2298 3137 2358 3191 δὲ
2403 3138 2691 3210 κάνθαρος,
2735 3140 2800 3191 ἐκ
2843 3139 2942 3210 τῆς
2976 3139 3155 3211 βοείας
3186 3137 3342 3193 δνθου
3376 3133 3699 3207 κυκλοτερὲς

2127 3230 2316 3302 σχῆμα
2345 3229 2713 3303 πλασάμενος.
2747 3230 3160 3300 ἀντιπρόσωπος
3191 3225 3443 3287 κυλινδεῖζ
3465 3229 3608 3285 ’Φασὶ
3638 3229 3696 3285 δὲ

2124 3320 2286 3374 αὑτὸν
2314 3320 2585 3393 ἑξάμηνον
2621 3321 2809 3374 ἐπάνω
2832 3320 2932 3392 τῆς
2958 3322 3083 3392 γῆς,
3112 3322 3207 3376 καί⁹
3237 3321 3590 3393 σπερμαίνειν
3614 3324 3695 3385 είς

2120 3414 2221 3485 τὴν
2251 3413 2429 3467 δνθιον
2454 3415 2709 3488 σφαῖραν,
2737 3414 2832 3469 καὶ
2862 3414 3065 3468 τίκτειν
3090 3416 3293 3487 ἄρρενα
3315 3414 3604 3486 κάνθαρον·
3631 3414 3692 3468 οὐ

2121 3507 2231 3580 γὰρ
2256 3507 2421 3578 θῆλυς
2452 3507 2684 3579 ὑπάρχει
2713 3505 2981 3578 κάνθαρος
3015 3506 3253 3561 πώποτε.
3294 3505 3406 3561 Καὶ
3440 3507 3490 3559 oi
3521 3507 3693 3577 Αίγύ-

2120 3615 2269 3653 πτιοι
2309 3598 2399 3653 διὰ
2436 3599 2535 3670 τὴν
2571 3596 2824 3669 τοιαύτην
2854 3596 3016 3668 φύσιν
3049 3596 3213 3653 αὑτοῦ
3253 3597 3499 3652 σέϐονται
3528 3598 3693 3653 αὑτὸν

2119 3692 2200 3754 είς
2224 3688 2982 3762 ἤλιονμμετασχηματίζοντες,
3018 3689 3202 3761 ἐπειδὴ
3235 3688 3406 3743 κυλξει
3434 3692 3692 3762 σφαῖραν,

2119 3783 2216 3836 καὶ
2252 3782 2321 3837 τὰ
2356 3782 2532 3854 ἄστρα
2573 3781 2748 3850 ὄφεων
2787 3781 3057 3851 σχήμασιν
3099 3780 3476 3846 ἀπεικάζουσι,
3506 3781 3595 3836 διὰ
3628 3781 3693 3834 τὸ

2117 3873 2276 3947 λοξὴν
2310 3872 2577 3930 ποιεῖσθαι
2602 3873 2702 3946 τὴν
2732 3872 2956 3947 πορείαν
2980 3871 3196 3936 αὐτούς.

2186 4057 2251 4110 Οἱ
2281 4056 2340 4111 δὲ
2382 4055 2668 4129 μύρμηκες
2710 4058 2801 4109 τὸν
2850 4056 2993 4108 σῖτον
3039 4052 3357 4122 συνάγοντες
3399 4051 3488 4105 διὰ
3519 4052 3686 4123 μέσου

2113 4147 2224 4202 τῶν
2270 4148 2484 4203 κόκκων
2526 4146 2807 4218 τέμνουσι.
2856 4147 2991 4218 πρὸς
3039 4143 3102 4199 τὸ
3147 4144 3223 4216 μὴ
3262 4145 3493 4214 ἐκφύσαι
3520 4144 3687 4200 αὑτὸν

2113 4238 2469 4311 νοτιζόμενον⁸
2505 4239 2600 4292 καὶ⁵
2627 4237 2845 4309 μένουσι
2876 4237 2966 4291 τὸν
3002 4235 3243 4309 χειμῶνα
3286 4236 3554 4307 ἀπρόῖτοι,
3595 4236 3687 4291 διά

2111 4329 2206 4385 τοῦ
2238 4330 2430 4403 θέρους
2457 4330 2701 4402 αὐτάρκη
2732 4328 2831 4401 τὴν
2858 4329 3063 4401 τροφὴν
3092 4328 3461 4399 πορισάμενοι.

2195 4423 2259 4477 Ἦ
2293 4424 2349 4478 δὲ
2383 4423 2594 4494 βδέλλα,
2641 4422 3025 4494 σκωληκοειδὲς
3066 4420 3201 4486 ζῶον
3242 4421 3580 4494 ὑπάρχουσα,
3624 4423 3683 4476 ἐν

2110 4519 2223 4581 τοῖς
2255 4514 2506 4585 γλυκέσιν
2549 4514 2881 4569 ὲκδιαιτᾶται
2915 4512 3088 4567 ὕδασι·
3132 4512 3226 4566 καὶ
3263 4512 3431 4567 πίνων
3463 4530 3549 4578 τις
3586 4514 3683 4567 λά-

2111 4608 2258 4682 ϐρως
2299 4607 2688 4677 συγκαταπίνει
2726 4605 2878 4670 αὐτὸ,
2917 4604 3006 4659 διά
3047 4605 3146 4676 τὴν
3190 4604 3385 4677 πολλὴν
3426 4605 3681 4678 λειότητα

2112 4700 2498 4757 συνολισθαίνει
2528 4699 2608 4771 τῷ
2650 4698 2921 4769 πινομένῳ
2956 4695 3255 4751 Manlia
3288 4697 3350 4751 οὑ
3385 4698 3586 4768 μικρὰν
3620 4699 3678 4766 ἐξ

2110 4791 2274 4847 αὑτοῦ
2325 4790 2527 4863 βλάϐην
2578 4789 2885 4859 ὑφίσταται,
2930 4789 3029 4860 τῆς
3071 4788 3270 4859 σαρκὸς
3308 4788 3400 4841 τοῦ
3448 4790 3678 4861 αἵματος

2109 4881 2473 4955 ὲκμυζοῢντος
2498 4881 2683 4949 αὑτοῦ,
2716 4880 2811 4936 καὶ
2831 4880 3021 4935 τούτου
3047 4879 3317 4945 αὔξοντοςο
3345 4881 3676 4953 ἀχόρταστον

2107 4975 2165 5037 δὲ
2186 4976 2440 5048 τυγχάνει
2467 4974 2603 5048 πρὸς
2626 4973 2782 5046 δίψαν
2817 4973 3067 5046 αἵματος.
3106 4972 3216 5026 Καὶ
3252 4972 3511 5038 πολλάκις
3543 4973 3677 5027 αὐτὸ

2107 5067 2209 5138 τῆς
2233 5067 2572 5141 ἀφαιρέσεως
2595 5066 2866 5141 δεομένοις
2897 5067 3100 5139 ίατροῖς
3127 5066 3227 5120 οὑκ
3254 5066 3536 5138 ἀνιμᾶται,
3569 5065 3676 5131 ἕως

2105 5161 2229 5219 ὅτου
2250 5159 2591 5233 διαρῥαγείη.
3420 5158 3423 5159 ⁷

2115 5398 2121 5404 ,
2175 5341 2307 5407 Ταῖς
2339 5341 2397 5395 δὲ
2428 5338 2618 5396 ἀσπίσι
2643 5340 2736 5394 καὶ
2782 5340 2895 5402 τοῖς
2926 5337 3106 5402 ἄλλοις
3131 5341 3243 5402 τοῖς
3276 5337 3548 5411 δηκτικοῖς
3581 5339 3673 5408 έρ-

2107 5439 2287 5499 πετοῖς
2334 5431 2586 5503 αἴλουρός
2625 5433 2739 5484 ἐστι
2774 5429 3045 5505 πολέμιος.
3087 5429 3207 5482 Τῶν
3241 5429 3298 5483 δὲ
3342 5430 3547 5497 ὄφεων,
3579 5430 3672 5483 καὶ

2103 5526 2499 5599 τῶνοάκρίδων,
2527 5523 2621 5579 καὶ
2651 5523 2758 5577 τῶν
2792 5521 3029 5594 καμπῶν
3059 5521 3087 5573 ὀ
3121 5520 3245 5585 ἴϐις.
3277 5522 3399 5585 Τοῖς
3423 5522 3480 5575 δὲ
3508 5524 3672 5594 κερά-

2107 5634 2279 5683 σταις,
2322 5617 2417 5672 καὶ
2463 5614 2762 5686 σκορπίοις,
2798 5613 2891 5668 καὶ
2921 5615 3034 5677 τοῖς
3064 5610 3243 5676 ἄλλοις
3268 5614 3481 5682 μικροῖς
3504 5611 3671 5680 ἑρπε-

2102 5716 2212 5778 τοῖς
2239 5712 2268 5764 ό
2293 5693 2440 5783 ἱέραξ
2464 5709 2834 5781 θανατηφόρος
2858 5705 3209 5780 καθέστηκεν.
3240 5705 3392 5758 Ἔστι
3424 5692 3480 5755 δὲ
3509 5700 3668 5757 τοῦτο
