4080 6334
319 328 422 388 749

1233 324 1504 386 SPURM.
1537 361 1605 370 —
1637 321 1991 383 COMMENT.
2034 323 2101 382 IN
2144 324 2635 382 HEXAEMERON.

3452 332 3552 383 73‘)

316 450 599 521 συμπαθὲς
628 450 761 521 πρὸς
789 445 876 500 τὸν
913 446 1210 520 ἄνθρωπον·
1241 449 1332 502 ἐὰν
1361 450 1466 519 γὰρ
1500 448 1756 519 θεάσηται
1785 448 1849 499 αὑ

1988 452 2260 499 mortuum
2303 444 2741 513 insepultumque
2785 444 3063 511 inciderit,
3111 446 3363 520 lacrymis
3396 451 3559 505 decu»

314 546 404 597 τὸν
435 544 625 614 νεκρὸν
671 545 759 596 καὶ
800 544 1034 610 ἄταφον,
1071 539 1440 611 κατοδύρεται,
1467 542 1557 593 καὶ
1592 542 1691 611 γῆν
1728 542 1883 611 ἐπιρ-

319 639 498 709 ρίπτει
527 635 692 705 αὐτῷ.

383 728 536 780 Μετὰ
565 727 619 779 δὲ
657 726 752 797 τὴν
776 724 867 779 τοῦ
901 726 1106 795 κόσμου
1143 725 1376 795 ποίησιν,
1413 723 1636 797 ὕστερον
1665 722 1754 779 τὸν
1787 727 1880 780 ἇν-

315 820 530 891 ὂρωπον
561 821 589 871 6
615 818 746 881 Θεὸς
768 815 1181 888 ἐδημιούργησε,
1210 816 1287 887 τῷ
1317 817 1412 885 μὲν
1436 815 1621 889 θερμῷ
1644 808 1882 887 θραύσας

311 912 372 964 τὸ
409 910 639 980 ψυχρὸν,
669 908 746 978 τῷ
773 907 827 960 δὲ
872 904 1021 977 ξηρῷ
1065 904 1232 975 δήσας
1263 904 1320 957 τὸ
1353 903 1546 975 ὑγρὸν,
1591 904 1683 957 καὶ
1716 903 1881 967 λύσας

312 1006 477 1060 πάλιν
506 1005 565 1057 τὸ
595 1004 757 1075 iiqu
783 1002 858 1072 τῷ
881 994 1050 1072 ύγρῷ,
1088 1002 1450 1070 συνεστήσατο
1486 998 1665 1059 αὑτὸν,
1695 998 1881 1069 ἔχοντα

312 1102 489 1153 πάντα
517 1098 584 1150 τά
614 1098 751 1169 μέρη
787 1096 879 1150 τοῦ
914 1097 1129 1158 παντός.
1159 1096 1365 1166 Ὥσπερ
1384 1093 1491 1164 γάρ
1514 1095 1547 1164 ἡ
1569 1093 1642 1164 γῆ
1670 1092 1880 1145 ἑστῶσα

308 1193 397 1247 τὸν
412 1192 619 1262 xyw/ﬁne
637 1192 771 1261 ἀέρα
794 1189 1215 1261 περικεχυμένον
1238 1190 1294 1240 ὲν
1311 1184 1474 1258 ἑαυτῇ
1498 1187 1774 1257 κέκτηται,
1793 1204 1879 1241 τε·-

306 1285 593 1355 ταγμένως
613 1284 669 1337 δὲ
692 1284 777 1335 ἐπ’
798 1282 944 1353 αὐτῷ
983 1283 1043 1335 τὸ
1062 1281 1171 1353 πῦρ
1192 1280 1577 1352 αἰωρούμενον,
1600 1282 1695 1333 καὶ
1718 1281 1879 1335 πάλιν

303 1378 365 1430 τὸ
397 1377 543 1447 ὕδωρ
572 1374 819 1446 περιθέον
843 1372 1102 1427 κύκλοθεν
1129 1374 1299 1443 αὑτήν
1319 1389 1330 1401 ·
1360 1366 1501 1425 οὕτω
1524 1371 1587 1443 δὴ
1614 1372 1710 1425 καὶ
1739 1375 1767 1425 6
1794 1374 1880 1427 ἄν·

306 1469 523 1539 θρωπος
550 1467 797 1536 καθάπερ
830 1467 902 1535 γῆ
920 1465 1026 1517 τῶν
1046 1465 1245 1518 ὀστέων
1268 1464 1561 1535 στερεμνίᾳ
1592 1463 1880 1534 φύσει,καὶ

301 1567 369 1635 τῇ
406 1564 495 1615 ἐπ’
519 1561 681 1615 αὑτὸν
715 1558 988 1629 κεχυμένη
1020 1558 1183 1628 σαρκὶ
1216 1548 1486 1621 συνεστὼς
1509 1557 1606 1629 τὴν
1638 1575 1878 1628 πνευμαο

299 1651 462 1723 τικὴν
488 1650 577 1703 διὰ
603 1649 710 1705 τῶν
758 1650 1048 1720 μυκτήρων
1076 1644 1368 1716 ἀναπνοὴν,
1399 1644 1585 1717 ὥσπερ
1615 1648 1752 1718 ἀέρα
1784 1662 1876 1699 κε·-

301 1745 585 1816 κλήρωται
611 1743 709 1815 τὴν
744 1742 981 1813 ἔμφυτον
1025 1741 1189 1795 αὐτοῦ
1234 1741 1540 1813 θερμότητα
1587 1742 1680 1794 καὶ
1713 1758 1879 1795 κατα-

300 1837 605 1908 ψύχουσαν.
639 1835 747 1887 Καὶ
778 1835 882 1906 γάρ
918 1837 947 1888 6
979 1834 1118 1906 ὑπὲρ
1146 1833 1388 1906 κεφαλῆς
1429 1833 1585 1904 ἡμῶν
1619 1834 1746 1906 ἀὴρ,
1779 1834 1878 1906 τὴν

300 1930 530 2003 πυρώδη
564 1926 659 1982 τοῦ
682 1927 842 1999 ἀέρος
872 1926 1031 1996 φύσιν
1061 1925 1405 1996 καταψύχων,
1429 1923 1688 1997 εὔκρατον
1717 1924 1879 1978 παντὶ

299 2021 380 2093 τῷ
425 2021 528 2092 βίῳ
574 2019 681 2073 τῶν
719 2018 872 2082 ζώων
915 2018 1222 2089 καθίστησι.
1257 2016 1329 2070 Τὸ
1359 2016 1415 2069 δὲ
1442 2016 1641 2088 θερμὸν
1685 2018 1747 2071 τὸ
1793 2018 1878 2071 ὲν·-

299 2116 550 2187 υπάρχον
564 2111 642 2184 τῷ
672 2110 883 2182 σώματι
894 2110 987 2164 τοῦ
1016 2109 1302 2183 ἀνθρώπου
1330 2109 1426 2181 τὴν
1449 2109 1542 2163 τοῦ
1572 2110 1878 2180 φλέγματος

300 2209 529 2279 ἐκτήκει
576 2205 873 2277 ἀμετρίαν,
919 2204 1168 2275 καθάπερ
1214 2202 1618 2277 κρυπαλλῶδες
1666 2202 1877 2275 πίλημα

300 2301 516 2364 ὓδατος.
550 2300 614 2352 Αἱ
638 2298 695 2351 δὲ
727 2296 919 2369 φλέϐες
944 2298 1039 2350 καὶ
1054 2296 1116 2350 τὸ
1139 2293 1278 2367 αἷμα
1312 2296 1370 2349 τὸ
1398 2297 1459 2349 ὲν
1488 2297 1680 2360 αὑταῖς
1715 2313 1877 2350 ποτα-

305 2394 423 2466 μῶν
457 2393 748 2463 μιμήματα
772 2388 1161 2453 ἀποσώζουσιν.
1195 2387 1445 2442 Τοιοῦτον
1473 2393 1501 2441 6
1530 2388 1662 2453 Θεὸς
1685 2406 1878 2460 τεκτη-

300 2488 535 2559 νάμενος
566 2486 655 2539 τὸν
700 2484 981 2556 ἄνθρωπον
1034 2485 1097 2536 ὲκ
1135 2484 1231 2556 τῆς
1276 2483 1396 2553 γῆς.
1432 2483 1525 2537 καὶ
1568 2482 1691 2547 δοὺς
1725 2480 1877 2552 αὐτῷ

299 2578 525 2649 λογικὴν
573 2576 770 2647 ψυχὴν,
820 2575 911 2629 τοῦ
963 2574 1287 2647 παραδείσου
1333 2574 1431 2645 τῆς
1481 2575 1690 2646 τρυφῆς
1735 2576 1875 2629 ἀπο-

301 2665 1871 2737 λαύειναύτὸνπαρ..................

302 2755 435 2811 Εἶτα
480 2758 577 2827 τῆς
621 2757 838 2827 ἐντολῆς
883 2756 1301 2829 παρακούσαντα
1339 2760 1418 2822 εἰς
1460 2758 1559 2828 τὴν
1586 2757 1689 2828 γῆν
1712 2759 1873 2812 αὑτὸν

298 2849 505 2919 ταύτην
560 2848 903 2919 μετέστησεν,
936 2848 1226 2918 ἐπίμοχθον
1275 2848 1423 2919 αύτῷ
1466 2850 1555 2902 τὸν
1593 2849 1703 2919 βίον
1731 2850 1872 2922 ἔχειν

300 2943 387 2997 ἐπ’
411 2943 582 3013 αὐτῆς
613 2945 1048 3015 ἀποφηνάμενος.

374 3035 654 3105 Γνωρίσας
692 3031 784 3088 οῦν
815 3036 913 3107 τὴν
945 3040 1176 3105 γυναῖκα
1218 3036 1381 3091 αὐτοῦ
1410 3036 1575 3103 Εὕαν,
1602 3038 1749 3101 υἱοὺς
1780 3036 1872 3091 δύο

1986 554 2105 596 rato
2133 540 2406 611 pulverem
2442 540 2636 608 injicit.

2056 715 2184 772 Post
2211 717 2397 771 mundi
2442 716 2602 787 hujus
2654 718 2917 774 fabricam
2950 722 3253 792 expletam,
3304 725 3553 778 ultimum

1986 808 2257 862 hominem
2290 806 2431 863 Deus
2464 810 2769 877 procreavit
2802 812 2844 842 ¹⁹
2867 852 2881 876 ,
2927 812 3018 868 ubi
3051 813 3230 868 calido
3264 814 3557 886 frigiditate

1986 901 2176 965 fracta,
2198 900 2627 971 humiditateque
2642 904 2790 957 sicco
2815 904 3133 969 constricta,
3156 920 3254 960 nec
3272 923 3378 962 non
3395 910 3559 963 sieri-

1984 1000 2095 1046 tate
2108 991 2330 1045 humido
2352 991 2641 1058 dissoluto,
2678 994 2828 1047 illum
2842 993 3291 1052 eﬂecitomnibus
3314 1000 3552 1055 universi

1984 1087 2231 1155 partibus
2249 1085 3060 1152 absolutum.Quemadmodum
3101 1090 3244 1144 enim
3264 1099 3429 1159 terra,
3458 1096 3552 1148 llr-

1983 1192 2071 1231 ma
2089 1177 2409 1247 stabilisque
2425 1192 2547 1231 cum
2573 1178 3140 1242 sit,aerecircumfuso
3157 1182 3550 1249 circumdatur,

1981 1277 2036 1324 et
2066 1270 2292 1324 vestitur
2321 1272 2686 1333 extrinsecus,
2703 1284 2796 1325 aer
2816 1269 3060 1326 ordinem
3078 1287 3334 1343 sequens,
3351 1275 3475 1348 igne
3498 1280 3553 1333 in

1983 1368 2154 1416 semet
2184 1368 2511 1425 sustentato,
2552 1371 2605 1417 et
2657 1377 2847 1418 rursus
2876 1378 3017 1433 aqua
3061 1364 3355 1436 irrequieto
3400 1369 3549 1424 illius

1983 1452 2281 1506 constricta
2298 1452 2553 1516 circuitu,
2580 1453 2658 1509 sic
2677 1463 2729 1508 et
2744 1454 2906 1508 homo
2920 1457 3081 1511 veluti
3099 1466 3243 1512 terra
3260 1474 3326 1513 ex
3344 1461 3552 1516 ossium

1983 1544 2155 1597 solida
2215 1552 2443 1608 natura,
2492 1561 2764 1613 car-neque
2811 1564 2933 1618 qua:
2981 1565 3104 1603 eum
3134 1553 3548 1623 complectitur,

1981 1637 2337 1707 compositus,
2363 1653 2459 1707 per
2486 1654 2646 1694 nares
2679 1640 2908 1696 ﬂabilem
2957 1644 3366 1712 respirationem
3394 1687 3409 1713 ,
3436 1650 3551 1703 vel-

1984 1733 2060 1786 uti
2111 1745 2311 1795 aerem,
2346 1747 2468 1801 quae
2520 1735 2761 1788 innatam
2800 1735 2947 1790 illius
2988 1736 3319 1793 caliditatem
3352 1744 3552 1797 restin-

1984 1832 2111 1894 guat
2134 1831 2187 1878 et
2213 1823 2519 1896 refrigeret,
2552 1828 2780 1884 sortitus
2819 1836 2925 1884 est.
2956 1829 3065 1885 Aer
3092 1832 3235 1887 enim
3274 1835 3431 1890 nobis
3455 1852 3548 1890 su-

1982 1930 2077 1985 per
2107 1922 2269 1986 caput
2296 1916 2502 1974 eﬂ'usus
2544 1920 2755 1990 igneam
2789 1924 2932 1978 aeris
2959 1934 3208 1978 naturam
3237 1966 3251 1989 ,
3306 1944 3401 1983 sua
3454 1926 3549 1982 fri-

1979 2007 2205 2077 giditate
2236 2007 2530 2064 inhibendo
2560 2011 2876 2067 animalium
2908 2015 3032 2071 vita:
3067 2018 3331 2074 universa:
3352 2061 3366 2084 ,
3411 2029 3549 2075 tem-

1979 2109 2221 2171 peratam
2251 2101 2447 2157 reddit.
2483 2103 2732 2159 Calidum
2766 2108 2912 2176 quod
2962 2110 3015 2164 in
3050 2111 3289 2168 humano
3318 2130 3549 2187 corpore

1977 2200 2082 2257 est,
2122 2194 2465 2249 immodicam
2502 2196 2709 2265 pituitae
2749 2198 3138 2256 abundantiam
3172 2206 3432 2277 dissipat,
3471 2210 3549 2264 uti

1978 2298 2131 2354 aquae
2164 2286 2582 2355 spissamentum
2611 2283 3029 2359 eonglaeiatiim.
3057 2293 3217 2351 Vena:
3240 2308 3293 2353 et
3325 2302 3551 2370 sanguis

1978 2376 2033 2431 in
2075 2377 2180 2432 illis
2210 2377 2496 2433 ﬂuviorum
2531 2380 2706 2434 instar
2735 2397 2793 2439 se
2822 2382 3044 2441 habent.
3076 2386 3187 2442 lloc
3218 2400 3376 2458 pacto
3404 2390 3550 2449 [ιι-ηε

1977 2468 2249 2525 hominem
2301 2485 2331 2525 e
2380 2478 2529 2526 terra
2580 2474 2919 2543 perfectum,
2979 2479 3269 2551 animaque
3319 2485 3553 2541 rationis

1976 2572 2224 2633 compote
2257 2563 2597 2635 insignitum,
2626 2566 2943 2624 deliciarum
2981 2571 3138 2626 horto
3167 2584 3225 2627 ut
3279 2572 3551 2632 frueretur

1976 2653 2267 2708 destinavit
2299 2657 2367 2711 ²⁰.
2414 2654 2614 2711 Verum
2647 2659 2735 2712 ubi
2774 2659 3000 2730 imperio
3046 2679 3152 2718 non
3214 2671 3435 2735 paruit,
3495 2670 3547 2724 in

1975 2752 2176 2800 terram
2205 2745 2345 2800 hanc
2374 2746 2451 2800 uti
2486 2745 2740 2801 colonum
2771 2766 2893 2803 eum
2932 2752 3214 2823 ablegavit,
3250 2755 3359 2810 vita
3396 2757 3469 2810 illi
3494 2759 3547 2812 in

1974 2850 2039 2889 ea
2061 2836 2537 2892 ealamitosissima
2580 2841 2877 2895 constituta
2919 2842 2981 2894 ⁸⁸.

2043 3019 2119 3075 Re
2149 3019 2330 3091 itaque
2363 3034 2485 3074 eum
2519 3037 2687 3076 uxore
2735 3021 2843 3076 Eva
2888 3022 3095 3091 habita,
3124 3025 3262 3081 duos
3308 3030 3548 3100 suscepit

303 3125 562 3195 ἐγέννησε
582 3164 597 3188 ,
626 3125 715 3178 τὸν
746 3126 914 3193 Κάῖν,
944 3127 1035 3180 καὶ
1068 3128 1159 3180 τὸν
1193 3127 1373 3180 Ἅϐελ.
1407 3127 1516 3181 Καὶ
1543 3129 1571 3180 6
1608 3128 1704 3198 μὲν
1736 3128 1873 3183 Κάῖν

1977 3112 2200 3177 liberos,
2236 3110 2371 3167 Cain
2408 3120 2462 3165 et
2494 3112 2627 3167 Abel
2655 3115 2720 3169 ’³.
2784 3113 2917 3169 Cain
2968 3119 3311 3188 agricultura:
3336 3159 3352 3186 ,
3411 3122 3545 3175 Abel

299 3212 368 3289 ἦν
415 3217 678 3291 γεωργὸς,
723 3222 751 3272 6
794 3220 849 3273 δὲ
883 3219 1046 3273 Ἅϐελ
1076 3220 1299 3292 ποιμὴν,
1344 3222 1436 3275 καὶ
1485 3220 1578 3274 τοῦ
1626 3220 1873 3293 γεωργοῦ

300 3312 361 3363 οὐ
395 3309 585 3381 μετῄει
616 3310 712 3373 τὰς
742 3311 993 3383 ἀπαρχάς
1030 3312 1137 3365 τῶν
1168 3312 1415 3384 καρπῶν.
1444 3314 1818 3386 Προσήνεγκεν
1844 3316 1874 3367 6

306 3401 473 3455 Ἅϐελ
514 3401 593 3473 τῷ
636 3402 771 3473 Θεῷ·
806 3402 902 3457 καὶ
950 3406 985 3475 ἡ
1030 3402 1189 3456 θυσία
1235 3404 1399 3458 αὐτοῦ
1452 3404 1664 3476 ἐδέχθη.
1713 3406 1769 3459 Ὁ
1816 3405 1874 3459 δὲ

301 3492 465 3556 Κάῖν,
502 3492 715 3561 πρῶτος
763 3494 928 3558 αὐτὸς
975 3494 1083 3548 τῶν
1120 3496 1469 3567 γεννωμένων
1513 3496 1872 3569 ἐμφορηθεὶς,

296 3584 475 3649 οὕτως
503 3587 787 3657 ἀνήνεγκε·
817 3588 910 3640 καὶ
941 3586 1163 3651 ἄδεκτος
1194 3586 1358 3641 αὑτοῦ
1384 3589 1416 3659 ἡ
1448 3586 1606 3642 θυσία
1637 3588 1871 3659 ἐγένετο.

300 3677 414 3730 Καὶ
452 3677 725 3747 ὀργισθεὶς
770 3679 862 3731 ἐπὶ
904 3678 1077 3748 τούτῳ
1103 3681 1132 3733 6
1162 3679 1335 3743 Κάῖν,
1364 3680 1540 3734 ἀνεῖλε
1571 3680 1747 3751 φθόνῳ
1782 3680 1874 3734 τὸν

296 3771 532 3842 ἀδελφὸν
556 3770 740 3824 αὐτοῦ·
776 3772 867 3824 καὶ
901 3774 929 3825 6
976 3772 1107 3836 Θεὸς
1150 3774 1419 3845 ἐπάρατον
1448 3771 1608 3825 αὐτὸν
1648 3772 1875 3843 ποιησαι·

302 3881 487 3935 μενος,
514 3865 609 3918 καὶ
638 3864 735 3935 τῆς
774 3863 878 3935 γῆς
911 3865 1123 3935 ἐκείνης
1156 3864 1425 3930 ἐξέϐαλεν.
1471 3865 1529 3917 '0
1555 3864 1632 3929 δὲ,
1674 3865 1871 3938 πολλὴν

298 3956 701 4027 περινοστήσας
730 3956 868 4021 ὁδὸν,
898 3958 978 4020 είς
1021 3957 1183 4011 τόπον
1214 3957 1336 4012 τινὰ
1373 3958 1580 4011 Καῖνᾶν
1607 3956 1868 4029 ὀνομαζό-

303 4067 462 4120 μενον
483 4044 633 4119 ἦλθε,
660 4050 754 4103 καὶ
777 4052 955 4104 πᾶσαν
980 4052 1369 4123 άρῤητοποιίαν
1398 4052 1715 4124 μετήρχετο,
1742 4053 1868 4117 τοὺς

297 4142 595 4213 παριόντας
619 4142 928 4213 ἐνεδρεύων,
956 4143 1050 4195 καὶ
1077 4141 1315 4214 ἀναιρῶν
1332 4182 1347 4208 ,
1374 4143 1468 4196 καὶ
1497 4144 1561 4197 ὲκ
1598 4144 1705 4199 τῶν
1740 4146 1867 4200 σκύ-

297 4234 406 4288 λων
432 4251 537 4306 χρη
547 4234 728 4305 μάτων
760 4234 1006 4302 συνάγων
1034 4233 1235 4305 πλῆθος
1259 4233 1551 4307 ἀμύθητον.

1976 3206 2241 3275 pecuarize
2270 3205 2524 3261 studebat
2551 3206 2617 3268 ",
2651 3221 2752 3262 nec
2782 3208 2886 3263 ulla
2922 3224 3044 3263 cum
3084 3210 3216 3265 Cain
3267 3211 3547 3267 familiari-

1971 3306 2082 3353 tate
2109 3298 2462 3369 jungebatur.
2517 3297 2653 3352 Abel
2695 3299 2963 3369 primitias
2996 3299 3103 3355 Deo
3152 3302 3385 3370 obtulit,
3421 3320 3543 3375 qua:

1972 3392 2040 3447 ab
2084 3391 2178 3446 illo
2227 3392 2465 3461 gratiose
2513 3399 2748 3461 acceptaz
2774 3402 2902 3446 sunt
2928 3395 2992 3446 ”.
3028 3395 3159 3450 Cain
3198 3397 3431 3466 primum
3482 3414 3544 3454 se

1973 3488 2139 3543 rebus
2172 3488 2336 3543 editis
2378 3486 2593 3543 abunde
2632 3495 2980 3544 exsaturatus
3003 3527 3018 3552 ,
3074 3489 3279 3546 hostias
3315 3492 3461 3561 praab
3483 3500 3560 3544 ειμι

1975 3580 2041 3636 ad
2076 3580 2449 3645 sacriﬁcium,
2512 3593 2635 3650 quae
2699 3578 2922 3635 minime
2972 3581 3229 3651 jucunda:
3279 3584 3429 3639 fuere
3492 3583 3557 3639 ”.

1975 3671 2204 3743 Propter
2232 3673 2334 3729 hoc
2371 3676 2607 3745 graviter
2638 3670 2927 3739 exardens,
2966 3673 3264 3730 invidentia
3320 3675 3554 3731 fratrem

1975 3767 2191 3821 necavit
2238 3768 2310 3833 '°,
2335 3774 2389 3822 et
2436 3767 2579 3823 Deus
2613 3765 3004 3822 exsecrandum
3057 3776 3111 3823 et
3170 3766 3555 3825 detestabilem

1974 3860 2230 3916 omnibus
2254 3860 2612 3924 declaratum,
2646 3877 2712 3918 ex
2745 3861 2834 3915 illa
2863 3869 3008 3917 terra
3040 3861 3199 3930 ejecit
3220 3900 3234 3925 ,
3273 3862 3366 3932 qui
3408 3863 3555 3913 mul-

1977 3954 2046 4009 tis
2090 3954 2410 4025 magnisque
2469 3954 2758 4012 itineribus
2802 3954 3205 4025 peregrinatus,
3254 3954 3308 4007 in
3363 3954 3551 4007 locum

1974 4044 2261 4115 quemdam
2322 4044 2530 4100 Cainan
2585 4051 2959 4114 nuncupatum
3025 4043 3261 4114 appulit,
3330 4042 3383 4097 in
3433 4058 3543 4110 quo

1974 4153 2135 4193 omne
2190 4138 2343 4197 nefas
2397 4139 2684 4211 scelusque
2723 4138 3074 4202 admittebat,
3132 4137 3366 4192 viatores
3403 4152 3544 4207 prac-

1900 4233 1944 4289 D
1974 4239 2253 4288 tereunles
2304 4233 2517 4289 insidiis
2559 4231 2970 4304 aggrediebatur
2998 4244 3199 4300 eosque
3243 4229 3543 4283 occidendo

300 4325 419 4396 ipse
450 4325 753 4381 latrociniis
776 4326 1016 4381 intentus
1043 4325 1253 4396 praedas
1274 4327 1488 4397 agebat,
1534 4336 1589 4385 et
1635 4345 1701 4386 ex
1740 4335 1927 4403 Spoiiis
1976 4321 2315 4378 innumeram
2346 4325 2447 4380 sibi
2483 4324 2724 4395 pecuniae
2753 4321 3172 4387 multitudinem,
3199 4338 3319 4392 qua:
3361 4322 3541 4377 verbis

297 4420 487 4488 nequit
517 4419 795 4489 explicari,
827 4420 1055 4489 paravit.

367 4509 594 4582 Πρῶτος
638 4509 696 4563 δὲ
726 4511 863 4564 Κὰῖν
897 4512 1101 4582 μέτρα,
1130 4512 1224 4565 καὶ
1265 4510 1558 4584 σταθμοὺς,
1588 4514 1681 4567 καὶ
1709 4513 1867 4584 ὄρους

294 4602 401 4673 γῆς
432 4602 693 4673 ἐπενόησε
712 4641 727 4665 ,
763 4602 859 4656 καὶ
904 4602 1188 4675 οἰκοδομὴν
1232 4602 1459 4668 πόλεως,
1504 4604 1722 4659 πάντων
1758 4602 1867 4659 τῶν

297 4693 418 4747 κατ’
452 4695 629 4747 ἐκεῖνο
657 4693 847 4764 καιροῦ
874 4694 966 4747 τὸν
994 4695 1246 4767 ἀκέραιον
1279 4695 1372 4747 καὶ
1403 4694 1727 4766 ἀπράγμονα
1754 4694 1867 4765 βίον

296 4787 712 4857 ἀσπαζομένων.
751 4786 809 4840 Ὀ
847 4785 907 4839 δὲ
949 4786 1136 4857 Ἀδὰμ,
1164 4787 1337 4857 μένων
1366 4788 1425 4840 ὲν
1458 4780 1503 4855 ᾧ
1532 4787 1679 4858 τόπῳ
1712 4786 1869 4856 ἐτύγ-

293 4896 446 4950 χανε,
477 4878 704 4941 πολλοὺς
730 4879 925 4942 παῖδας
951 4879 1045 4932 καὶ
1072 4878 1371 4948 θυγατέρας
1405 4880 1677 4951 ἐποίησεν,
1707 4880 1764 4933 ὲν
1786 4874 1867 4943 οἷς

291 4972 568 5043 ἐξαίρετός
608 4989 690 5034 τις
726 4970 967 5043 ὑπῆρχεν
992 4972 1020 5022 ὁ
1052 4972 1179 5044 Σὴθ,
1218 4974 1365 5037 ὅστις
1406 4974 1464 5026 ἐν
1494 4972 1676 5045 ἡλικίᾳ
1714 4975 1865 5041 γενό-

293 5078 457 5131 μενος
487 5061 687 5126 πολλὰς
714 5063 915 5135 ἀρετὰς
955 5064 1262 5136 ἐπενόησεν,
1293 5058 1367 5118 ὧν
1398 5067 1491 5119 καὶ
1512 5065 1637 5129 τοὺς
1666 5066 1865 5134 ἀπογό-

290 5169 419 5216 νους
446 5152 611 5207 αὑτοῦ
636 5154 880 5224 ζηλωτάς
902 5156 1304 5211 καταλέλοιπεν.
1335 5151 1501 5220 Οὗτος
1522 5158 1630 5230 γὰρ
1652 5158 1866 5227 πρῶτος

290 5246 661 5319 ἀστρονομίαν
692 5247 787 5300 καὶ
830 5249 1009 5301 πᾶσαν
1054 5249 1151 5320 τὴν
1180 5247 1427 5319 οὐράνιον
1463 5248 1659 5320 ἐφεῦρε
1688 5248 1865 5302 διακό-

293 5357 520 5411 σμησιν,
546 5340 734 5408 ἥντινα
772 5340 898 5411 ἄχρι
940 5339 1048 5392 τῶν
1092 5340 1333 5410 ἐσχάτων
1360 5342 1563 5412 χρόνων
1595 5341 1864 5411 διαμεῖναι

288 5431 515 5485 τοιῶσδε
542 5434 570 5485 6
595 5433 852 5502 ἈδὰμΗ)
869 5432 1263 5502 παρεσκεύασε·
1283 5433 1485 5503 μέλλων
1496 5433 1603 5508 γὰρ
1614 5433 1864 5505 τελευτᾷν

289 5524 319 5576 6
365 5524 538 5593 Ἀδὰμ
565 5525 892 5595 προφητεύει
920 5525 1031 5585 τοῖς
1067 5525 1222 5576 παισὶ
1250 5524 1459 5593 μέλλειν
1488 5525 1577 5578 τὸν
1608 5526 1739 5580 Θεὸν
1766 5527 1863 5596 τὴν

363 5657 408 5690 ¹⁹
445 5655 573 5711 Gen.
600 5657 746 5721 1,27.
821 5660 869 5690 ὀ
896 5658 1023 5713 Gen.
1051 5674 1107 5724 ιι,
1131 5658 1183 5715 8.
1261 5661 1303 5690 ¹¹
1336 5657 1462 5718 Gen.
1500 5664 1697 5727 m,°zi.
1773 5664 1817 5694 ¹²
1849 5662 1977 5717 Gen.
2012 5678 2083 5725 tv,
2119 5662 2165 5713 l.

298 5730 385 5784 Η.
465 5730 509 5760 ’⁷
551 5728 683 5782 Gen.
734 5744 806 5795 Iv,
855 5730 944 5783 17.
1024 5730 1067 5761 ’⁸
1104 5730 1246 5785 Ibid.
1281 5731 1372 5785 ‘25.

2043 4508 2258 4563 Primus
2281 4507 2416 4563 Cain
2444 4522 2730 4563 mensuras
2767 4515 2821 4562 et
2866 4506 3127 4577 pondera,
3167 4513 3434 4578 terraeque
3476 4510 3543 4563 Ii-

1974 4602 2133 4658 mites
2170 4601 2415 4667 invenit;
2451 4600 2842 4669 civitatumque
2891 4606 3196 4654 structuras
3221 4640 3235 4662 ,
3288 4601 3543 4659 omnibus

1972 4701 2103 4748 tunc
2134 4692 2393 4763 temporis
2428 4691 2724 4761 simplicem
2760 4690 3087 4761 minimeque
3135 4691 3407 4747 curiosam
3460 4692 3541 4747 vi-

1974 4796 2082 4840 tam
2118 4785 2569 4855 amplectentibus
2594 4786 2658 4838 ‘7.
2692 4783 2863 4839 Adam
2892 4799 3020 4839 vero
3052 4784 3242 4839 iisdem
3270 4784 3402 4839 locis
3433 4784 3538 4838 im-

1975 4885 2238 4941 moratus,
2272 4877 2451 4949 plures
2501 4876 2642 4933 tilios
2692 4875 2939 4945 ﬁliasque
2976 4875 3201 4938 habuit,
3255 4874 3539 4945 inquibus

1974 4970 2278 5041 praecipuus
2309 4978 2424 5025 erat
2458 4968 2590 5024 Seth
2632 4968 2706 5033 ’⁸,
2746 4968 3036 5038 qui,a:tate
3069 4966 3310 5030 ineunte,
3339 4968 3540 5020 multas

1974 5065 2175 5134 reperit
2206 5064 2466 5125 virtutes,
2515 5074 2746 5130 quarum
2782 5059 3082 5112 imitatores
3114 5065 3362 5128 posteros
3416 5054 3543 5112 reli-

1973 5159 2108 5228 quit.
2147 5155 2243 5211 llic
2272 5154 2416 5211 enim
2458 5152 2666 5224 primus
2710 5157 2981 5206 astrorum
3027 5148 3309 5203 scientiam
3339 5156 3539 5203 totam-

1973 5265 2077 5321 que
2142 5263 2322 5303 rerum
2379 5244 2684 5301 cmlestium
2746 5240 3076 5312 descriptam
3132 5239 3537 5295 distinctionem

1972 5342 2333 5413 excogitavit;
2381 5354 2565 5410 quam,
2598 5356 2665 5394 ne
2692 5337 2950 5393 extremis
2976 5332 3315 5404 temporibus
3341 5348 3539 5388 emnc-

1973 5442 2182 5498 sceret,
2232 5432 2323 5486 tali
2376 5431 2727 5487 meditatione
2778 5440 3018 5496 curaque
3056 5424 3308 5479 servavit.
3364 5422 3537 5477 Adam

1971 5528 2137 5590 enim,
2175 5521 2336 5577 morti
2368 5522 2601 5586 vicinus,
2634 5518 2803 5574 Deum
2833 5517 3142 5571 universam
3180 5513 3320 5567 hanc
3350 5513 3540 5567 mundi

2242 5660 2287 5690 ’³
2308 5654 2444 5711 Ibid.
2473 5657 2527 5711 2.
2607 5654 2651 5686 ³⁸
2676 5653 2815 5708 Ibid.
2843 5652 2895 5705 '5.
2972 5650 3018 5681 "
3048 5647 3186 5703 Ibid.
3213 5650 3267 5705 5.
3344 5648 3535 5706 “Ibid.

372 5844 450 5918 (l)
478 5844 652 5900 Voces
682 5846 710 5896 6
738 5845 926 5917 Ἀδάμ,
959 5843 1110 5919 lapsu
1143 5848 1535 5920 typographico
1558 5847 1665 5902 huc
1686 5846 1974 5917 irrepsisse
2000 5843 2270 5911 videntur,
2295 5857 2469 5915 neque
2485 5856 2579 5898 eas
2607 5838 2735 5911 legit
2770 5838 3058 5909 interpres.
3092 5838 3248 5893 Eon.
3282 5837 3453 5892 ΡΑτιι.
