4080 6334
338 325 445 384 753

1249 323 1517 379 SPURIA.
1560 353 1627 362 —
1664 319 2017 376 COMMENT.
2061 319 2126 373 IN
2167 315 2660 373 HEXAEMERON.

3465 317 3572 376 751.

419 443 482 495 Ἦ
531 442 588 495 δὲ
616 441 874 504 κιϐωτὸς,
909 440 1247 510 ἀνυψωθεῖσα
1294 441 1395 494 ὑπὸ
1429 440 1520 494 τοῦ
1576 440 1783 505 ὓδατος,
1821 441 1876 493 εἰ

1964 479 1974 501 ι
2074 435 2179 492 Sed
2210 452 2360 501 arca,
2396 438 2553 506 aquis
2590 435 2752 494 altius
2785 442 3111 499 sustentata,
3144 434 3199 490 in
3251 436 3565 492 summitate

335 533 511 603 ἄκραν
537 530 657 584 τινὰ
684 529 842 600 ὅρους
868 529 957 583 τοῦ
986 529 1126 584 κατά
1147 529 1244 602 τὴν
1284 530 1572 601 ’Δρμενίαν
1619 529 1770 600 ἔστη,
1808 531 1902 583 καὶ

334 621 681 692 λωφήσαντος
727 620 819 674 τοῦ
870 620 1090 688 ὓδατος,
1139 622 1186 673 ot
1236 622 1292 673 ὲν
1338 623 1402 692 τῇ
1447 620 1660 692 κιϐωτῷ
1703 620 1902 684 πάντες

331 711 790 784 ὲξεπορεύθησαν.
825 712 934 764 Καὶ
978 713 1068 766 τὸν
1107 712 1266 766 τόπον
1301 712 1380 766 ἔτι
1425 713 1518 766 καὶ
1564 711 1656 766 νῦν
1696 714 1900 766 ἐκεῖνον

347 801 734 873 ’Δποϐατήριον
768 805 815 856 oi
849 801 1129 874 ἐπιχώριοι
1166 801 1658 874 προσαγορεύουσι,
1689 803 1783 855 καὶ
1830 802 1898 856 τά

332 893 556 963 λείψανα
581 895 677 965 τῆς
707 893 938 947 κιϐωτοῦ
964 895 1380 960 ἐπιδεικνύουσι,
1414 895 1506 948 κα)⁵
1534 898 1598 967 τῇ
1641 894 1899 966 ἀσφάλτῳ

334 985 503 1056 αὑτῆς
529 987 611 1048 είς
643 985 1116 1057 ἀποτροπιασμοὺς
1150 987 1461 1060 κέχρηνται.
1561 1041 1564 1044 .
1865 1047 1869 1050 ,

415 1078 474 1130 '0
511 1077 568 1130 δὲ
596 1077 718 1130 Νῶε
754 1077 1098 1148 ἐτελεύτησεν
1143 1079 1236 1150 ἔτη
1281 1081 1448 1152 ζήσας
1494 1081 1775 1135 ἐννακόσια
1804 1084 1897 1138 καί⁵

333 1171 688 1240 πεντήκοντα,
727 1170 822 1224 καὶ
854 1171 903 1223 οί
944 1172 1049 1224 υἱοὶ
1092 1171 1278 1240 αὑτοῦ,
1313 1172 1613 1246 δεδοικότας
1645 1176 1769 1238 τοὺς
1803 1175 1896 1230 άλ-

331 1263 456 1327 λους
483 1263 685 1326 πάντας
706 1263 811 1316 ἀπὸ
831 1263 922 1316 τοῦ
944 1263 1100 1335 ὅρους
1116 1266 1530 1336 μεταναστῆναι,
1555 1266 1895 1336 (ὑπώπτευον

328 1357 438 1429 γὰρ
483 1357 674 1428 ἐτέρας
706 1353 857 1420 αὖθις
879 1357 1235 1427 πειρασθῆναι
1267 1357 1621 1430 ἐπομϐρίαςο)
1650 1358 1894 1413 πείθουσι

328 1448 642 1510 κατελθεῖν,
675 1449 766 1502 καὶ
813 1448 910 1518 τὴν
941 1447 1266 1519 ήπλωμὲνην
1310 1449 1612 1502 κατοικίσαι
1648 1450 1891 1508 πεδιάδα.

329 1540 446 1592 Ἵνα
477 1538 532 1591 δὲ
565 1537 638 1609 μὴ
668 1537 1055 1608 πληθυνθέντες
1085 1538 1270 1591 στάσιν
1314 1538 1428 1608 μετ’
1467 1538 1708 1608 ἀλλήλων
1741 1543 1894 1613 κινή-

327 1647 485 1695 σωσι,
518 1631 878 1702 προσέταττεν
909 1632 1089 1696 αὑτοῖς
1134 1633 1162 1684 ὁ
1209 1631 1339 1695 Θεὸς
1380 1632 1634 1696 ἀποικίας
1667 1635 1892 1705 ποιήσα-

324 1716 474 1772 σθαι.
511 1719 574 1771 Οἱ
618 1718 673 1772 δὲ
718 1721 815 1789 οὑχ
848 1720 1182 1791 ὑπήκουσαν,
1219 1720 1322 1792 γῆν
1370 1721 1536 1793 καλὴν
1580 1724 1889 1795 γεωργοῦν-

319 1825 436 1872 τες,
467 1809 562 1862 καὶ
587 1809 813 1881 καρπῶν
849 1812 1105 1880 ἀφθονίαν
1156 1815 1414 1886 μεγίστην
1461 1817 1688 1888 ἔχοντες.
1721 1820 1887 1874 Πάλιν

320 1896 413 1954 οῦν
449 1903 700 1973 συμφορᾷ
729 1903 934 1975 χαλεπῇ
984 1905 1271 1958 ὑποϐάλλει
1311 1907 1503 1972 αὐτοὺς
1537 1909 1671 1981 πρὸς
1701 1910 1760 1965 τὸ
1789 1912 1888 1984 τὴν

321 1989 584 2044 ἀποικίαν
633 1992 956 2047 στείλασθαι.
1015 1996 1080 2047 Οἱ
1123 1996 1179 2049 δὲ
1225 1997 1333 2050 οὐδ’
1382 1998 1552 2062 οὑτως
1597 1999 1742 2068 εἶξαν
1792 2005 1885 2058 τοῦ

317 2083 455 2136 Θεοῦ
489 2083 567 2152 τῷ
613 2083 928 2156 βουλήματι,
957 2087 1054 2158 τὴν
1099 2090 1356 2162 εύςρορίαν
1398 2093 1496 2164 τῆς
1523 2095 1625 2165 γῆς
1664 2096 1726 2149 ού
1765 2097 1883 2154 κατ’

318 2174 607 2246 εὑμένειαν
635 2174 728 2228 τοῦ
760 2176 914 2244 Θεοῦ,
951 2178 1084 2232 ἀλλὰ
1123 2182 1240 2234 κατ’
1273 2181 1404 2234 ίδίαν
1443 2185 1593 2254 ἰσχὺν
1620 2190 1885 2258 περιεῖναι

315 2264 502 2328 αὐτοῖς
547 2266 941 2338 ὑπελάμϐανον.
995 2269 1205 2342 Ταύτην
1253 2271 1309 2324 δὲ
1360 2274 1457 2344 τὴν
1514 2274 1687 2346 οἴησιν
1739 2278 1884 2348 ἔχειν

314 2353 517 2418 αὑτοὺς
563 2355 786 2428 Νεϐρὼθ
831 2358 1043 2412 ἔπειθεν
1083 2361 1111 2412 ὁ
1149 2361 1329 2429 γίγας,
1367 2363 1633 2437 τολμηρός
1665 2385 1749 2432 τις
1785 2368 1880 2434 ῶν,

314 2444 411 2497 καὶ
441 2445 581 2500 κατὰ
612 2450 768 2518 χεῖρα
794 2454 1052 2522 γενναῖος,
1069 2451 1128 2516 ὃς
1157 2455 1271 2520 καὶ,
1295 2456 1385 2509 τοῦ
1410 2456 1543 2510 Θεοῦ
1571 2459 1882 2531 ἀποστήσας

311 2538 532 2604 αὑτοὺς,
568 2540 715 2612 αύτῷ
735 2543 812 2613 τῷ
849 2544 1008 2610 σέϐας
1059 2549 1450 2618 περιποιεῖσθαι
1483 2552 1678 2617 αὑτοὺς
1715 2555 1882 2626 ἠνάγ-

311 2645 473 2690 κασε,
506 2632 599 2684 καὶ
639 2631 702 2704 δὴ
741 2634 946 2706 πύργον
979 2639 1174 2704 αὑτοὺς
1211 2641 1489 2713 ἐπιτρέπει
1520 2646 1880 2718 τεκτήνασθαι

309 2721 390 2791 τῷ
417 2720 540 2790 ὕψει
566 2723 659 2778 τοῦ
694 2727 922 2798 ούρανοῦ
965 2729 1315 2800 ἐπιψαύοντα,
1351 2734 1587 2789 ἀπειλῶν
1623 2737 1710 2791 τὸν
1748 2738 1878 2793 Θεὸν

309 2814 744 2888 ἀνταμύνασθαι,
789 2822 838 2874 εί
876 2820 1035 2875 πάλιν
1067 2821 1144 2894 τῷ
1179 2823 1366 2896 κόσμῳ
1411 2807 1679 2900 ἐπενέγκῃ
1716 2848 1880 2890 κατα-

310 2905 575 2978 κλυσμόν.
1839 2927 1842 2930 ’

381 2999 489 3053 Τοῦ
517 3001 647 3070 γοῦν
672 3003 905 3074 πλήθους
941 3007 1104 3078 πολλῇ
1142 3009 1340 3081 σπουδῇ
1375 3013 1448 3084 τῇ.
1487 3013 1651 3086 μανία
1692 3033 1878 3088 συνερ-

306 3091 534 3159 γοῦντος
573 3093 738 3164 αύτῷ,
772 3095 1060 3165 καὶ-λόγου
1103 3097 1291 3153 θᾶττον
1336 3101 1425 3154 τὸν
1470 3104 1678 3176 πύργον
1711 3124 1876 3160 κατα-

306 3180 684 3248 σκευάζοντος,
705 3186 732 3237 6
753 3183 882 3247 Θεὸς
909 3185 1006 3257 τὴν
1034 3186 1306 3244 διάλεκτον
1331 3190 1515 3246 αὐτῶν,
1535 3181 1872 3268 παραχρῆμα

305 3274 551 3344 συνέχεε,
589 3276 682 3329 καὶ
722 3277 824 3330 ὑπὸ
855 3278 951 3350 τῆς
973 3279 1457 3350 ἀνομοιογλωσσίας
1497 3284 1873 3363 διεσκεδάσθη-

306 3379 429 3427 σαν,
461 3364 568 3418 κάκ
592 3366 780 3420 τούτου
803 3367 833 3420 ὸ
861 3368 1024 3432 τόπος
1055 3370 1342 3426 Βαϐυλῶνα
1375 3375 1472 3445 τὴν
1506 3363 1693 3448 κλῆσιν
1725 3381 1872 3455 εἵλην

305 3473 436 3523 φεν,
481 3455 592 3510 τῶν
633 3457 895 3529 Ἐϐραίων
937 3461 1036 3532 τὴν
1058 3464 1362 3533 σύγχυσιν
1384 3467 1637 3524 Βαϐυλὼν
1672 3471 1868 3544 ὀνομα-

304 3547 527 3612 ζὸντων.

377 3636 642 3701 Ἕκαστος
686 3639 813 3706 γοῦν
863 3639 960 3712 τὴν
1007 3645 1512 3716 προστυγχάνουσαν
1573 3653 1675 3724 γῆν
1711 3671 1868 3708 κατε-

301 3725 580 3796 λάμϐανε,
631 3731 725 3783 καὶ
775 3732 1040 3802 ἐπλήρουν
1099 3737 1275 3790 πᾶσαν
1330 3740 1592 3810 παράλιόν
1651 3761 1710 3796 τε
1773 3747 1867 3808 καὶ

299 3818 548 3892 ῆπειρον,
589 3820 668 3874 ἔτι
716 3822 774 3874 δὲ
820 3825 914 3876 καὶ
962 3825 1060 3890 τὰς
1109 3827 1325 3898 νήσουςο
1371 3830 1432 3883 τὸ
1475 3833 1582 3906 γάρ
1631 3835 1865 3906 πέλαγος

299 3909 505 3973 πλοίοις
531 3910 1012 3984 διαπορθμεύοντες
1042 3917 1265 3983 ταύταις
1286 3921 1772 3996 ὲγκαθωρμίζοντο.

371 3999 529 4053 Ἐνια
589 4001 717 4070 γοῦν
765 4003 870 4058 τῶν
921 4006 1088 4062 ἐθνῶν
1143 4009 1302 4075 σώζει
1352 4012 1449 4084 τάς
1497 4019 1864 4091 προσηγορίας

295 4089 404 4142 τῶν
428 4091 744 4158 κτισάντων,
783 4095 897 4149 ἔνια
927 4097 982 4151 δὲ
1006 4101 1098 4153 καὶ
1137 4101 1417 4172 μετέϐαλε,
1456 4105 1561 4159 τῶν
1601 4089 1862 4181 Ἑλλήνων

293 4178 437 4248 μετὰ
467 4178 640 4234 ταῦτα
664 4185 1074 4264 κρατησάντω),
1106 4190 1198 4242 καὶ
1227 4190 1372 4255 ίδίοις
1403 4194 1626 4265 ὀνόμασι
1658 4178 1860 4252 καλλω-

295 4271 570 4326 πισάντων
613 4274 680 4327 τά
715 4276 891 4348 Δἔθνη,
939 4282 1032 4333 καὶ
1078 4282 1272 4354 νόμους
1315 4285 1371 4338 δὲ
1419 4288 1599 4353 αὑτοῖς
1629 4291 1859 4358 οἰκείους

289 4359 490 4416 ἔθεσαν
538 4365 674 4436 πρὸς
720 4368 816 4439 τὴν
865 4370 1020 4435 δόξαν
1051 4372 1150 4444 τῆς
1187 4375 1412 4441 κτίσεως
1442 4381 1855 4452 σφετερίσασθαι

2005 528 2206 585 montis
2237 528 2524 600 cujusdam
2568 528 2661 599 qui
2709 527 2765 582 in
2805 527 3070 604 Armenia
3096 536 3200 591 est,
3225 527 3377 583 stetit
3413 529 3477 592 ⁸⁸,
3512 535 3566 584 et

2003 614 2144 692 aqua
2181 637 2305 677 cum
2335 609 2751 691 cessasset,'qui
2780 622 2832 674 in
2861 635 2924 676 ea
2945 626 3121 684 erant,
3152 634 3343 674 omnes
3359 622 3563 691 egressi

1991 705 2127 767 sunt
2159 714 2224 781 ³⁷,
2272 714 2538 782 etlocum
2584 713 2734 790 illum
2780 712 3132 790 inprtesenti
3179 711 3563 780 Apobaterium

1999 805 2190 861 incolae
2224 804 2564 878 nuncupant,
2589 797 2836 876 areasque
2867 791 3124 875 reliquias
3147 814 3473 867 monstrant.
3509 814 3566 862 et

1999 897 2118 967 ejus
2141 897 2407 952 bitumine
2433 897 2498 951 ad
2557 896 2966 954 averruncanda
2996 897 3136 952 mala
3161 904 3408 952 utuntur.

2067 1077 2179 1133 Noe
2211 1093 2337 1133 vero
2385 1094 2416 1133 e
2467 1077 2575 1132 vita
2608 1077 2863 1148 migravit
2892 1076 3189 1148 nongentis
3213 1085 3266 1132 et
3293 1079 3563 1148 quinqua-

1981 1151 2146 1245 ginta
2178 1171 2338 1226 armis
2368 1170 2578 1225 exactis
2607 1170 2672 1238 ³⁸,
2713 1178 2766 1224 et
2804 1169 2897 1223 lilii
2928 1161 3047 1238 ejus
3078 1161 3215 1224 alios
3260 1184 3450 1223 omnes
3494 1169 3560 1222 ti-

1979 1251 2173 1320 'midos
2197 1258 2364 1334 atque
2415 1255 2662 1334 ignavos,
2715 1263 2876 1316 aliam
2919 1261 3065 1318 enim
3111 1261 3348 1316 futuram
3379 1270 3557 1316 terra-

1977 1373 2116 1431 rum
2141 1357 2561 1430 inundationem
2595 1355 3042 1426 suspicabantur,
3075 1364 3134 1408 ut
3169 1345 3202 1409 e
3232 1363 3412 1408 monte
3444 1354 3557 1408 dis-

1993 1449 2267 1512 cederent,
2291 1439 2732 1520 planissimaque
2763 1448 3006 1502 colerent
3029 1439 3170 1503 loca.
3205 1438 3553 1516 persuadent.

1993 1541 2134 1597 Deus
2180 1542 2248 1596 ad
2285 1542 2550 1598 sedandas
2593 1541 2909 1605 seditiones,
2957 1533 3078 1612 qua:
3121 1548 3339 1611 propter
3365 1556 3554 1594 eorum

1992 1632 2398 1686 multitudinem
2443 1629 2667 1686 conﬂari
2728 1639 2972 1702 possent,
3022 1631 3075 1685 in
3124 1631 3260 1686 alias
3307 1630 3555 1700 regiones

1992 1725 2237 1780 colonias
2271 1723 2538 1780 deducere
2579 1723 2838 1793 jubebat;
2892 1732 2948 1778 at
3001 1723 3054 1778 hi
3103 1739 3210 1778 non
3265 1723 3554 1777 audii-runt

1989 1825 2276 1889 praacepta,
2307 1833 2430 1872 cum
2464 1816 2722 1886 optimam
2751 1825 2950 1870 terram
2986 1816 3248 1881 colerent,
3275 1822 3326 1869 et
3356 1815 3552 1870 uberes

1987 1909 2363 1978 maximosque
2401 1907 2740 1979 perciperent
2784 1892 3029 1986 fructus;
3063 1907 3221 1961 novis
3249 1907 3430 1976 itaque
3456 1922 3551 1960 eos

1972 1981 2386 2056 lt-alamitatibus
2411 2009 2588 2064 vexat,
2621 2007 2679 2054 ut
2705 1981 2972 2054 coloniam
2995 1988 3306 2066 induerent;
3333 2000 3425 2070 qui
3450 2015 3550 2052 nee

1966 2083 2066 2148 lsic
2093 2093 2290 2148 divina:
2325 2093 2591 2148 voluntati
2620 2090 2900 2156 obediunt,
2953 2100 3006 2146 et
3051 2107 3167 2146 eam
3198 2100 3357 2147 terra:
3386 2091 3549 2147 uber-

1965 2166 2147 2242 tatem
2187 2181 2626 2252 fertilitatemque
2654 2197 2761 2236 non
2789 2181 2989 2237 divinis
3013 2172 3248 2252 placitis,
3274 2175 3369 2238 sed
3404 2183 3550 2239 suis-

1966 2258 2095 2332 imet
2133 2275 2346 2331 viribus
2391 2274 2771 2345 industriaque
2815 2274 2996 2344 parari
3051 2274 3444 2350 Opinabantur;
3491 2277 3546 2329 in

1981 2383 2212 2438 eamque
2251 2381 2346 2422 eos
2386 2366 2708 2422 sententiam
2742 2364 3071 2435 perducebat
3101 2363 3364 2428 Nebroth,
3395 2367 3548 2437 gigas

1983 2459 2305 2514 temerarius
2330 2465 2384 2513 et
2411 2457 2610 2521 audax,
2668 2443 3028 2526 maximisque
3081 2457 3292 2513 viribus
3335 2460 3544 2524 valens,

1959 2536 2072 2620 'qui
2103 2566 2198 2604 eos
2225 2557 2282 2603 ut
2315 2549 2520 2603 cultum
2553 2549 2656 2604 sibi
2692 2534 2950 2604 oll'er‘rent
2985 2545 3027 2601 a~
3048 2548 3158 2604 Deo
3187 2565 3409 2606 aversos
3432 2568 3549 2606 coe-

1981 2636 2152 2708 git”.
2187 2637 2327 2703 Quin
2356 2647 2409 2692 et
2443 2637 2636 2691 turrim
2685 2637 2792 2692 illis
2823 2631 3547 2696 "exaediﬁcandamcommit-

1979 2727 2066 2792 tit,
2097 2742 2216 2798 qua:
2232 2727 2541 2784 summitate
2563 2726 2758 2781 coelum
2791 2720 3098 2796 attingeret,
3124 2728 3342 2797 iactans
3372 2728 3540 2785 Deum

1979 2819 2242 2884 ulturum,
2289 2819 2336 2873 si
2374 2818 2568 2873 iterum
2617 2818 2819 2873 mundo
2871 2819 3284 2876 inundationem
3335 2830 3543 2877 tentas-

1919 2915 1925 2922 ’
1980 2917 2063 2967 set
2092 2912 2157 2965 ⁸ο.

1962 2990 1988 2998 ”
2051 2983 2396 3057 Multitudine
2437 3001 2601 3072 igitur
2630 2991 2844 3056 Summo
2878 3002 3058 3056 studio
3099 2997 3541 3060 ac‘contentione

1909 3095 1940 3162 '_
1979 3093 2126 3148 illius
2153 3091 2379 3147 insaniae
2420 3107 2576 3162 Opem
2617 3089 2844 3156 ferente,
2878 3101 2932 3146 ct
2966 3093 3111 3148 dicto
3144 3095 3306 3149 citius
3338 3097 3534 3150 turrim

1901 3157 1942 3214 ο
1975 3193 2310 3248 exstrucnte,
2360 3179 2522 3239 Deus'
2554 3177 2754 3254 linguae
2794 3163 2982 3239 eorum
3014 3187 3399 3257 proprietatem
3444 3205 3535 3244 rc-

1951 3275 2132 3347 'pente
2175 3276 2455 3343 confudit;
2503 3276 2788 3347 quare‘ob
2850 3276 3157 3348 linguarum
3215 3279 3532 3335 varietatem

1950 3367 2206 3437 'dispersi
2240 3375 2368 3423 sunt
2403 3369 2470 3437 ",
2524 3367 2758 3438 indeque
2785 3371 2788 3374 ’
2813 3369 2966 3424 locus
3001 3385 3199 3426 nomen
3244 3370 3531 3444 Babylonis

1950 3459 2316 3529 'adeptus'est
2366 3459 2432 3511 δ’.
2485 3457 2812 3530 Babylonem
2864 3460 3007 3514 enim
3037 3459 3394 3529 confusionem
3425 3461 3530 3517 He-

1969 3551 2100 3605 braei
2130 3550 2434 3604 nominant.

2041 3642 2430 3714 Unusquisque
2465 3643 2648 3713 itaque
2678 3651 2879 3700 terram
2909 3644 3014 3699 sibi
3043 3645 3259 3701 obviam
3291 3662 3529 3719 occupa-

1940 3734 2305 3805 'bat,'sicque
2334 3735 2671 3791 continentia
2719 3737 2860 3799 loca,
2904 3747 3066 3806 atque
3095 3738 3389 3805 maritima,
3426 3756 3528 3796 nec

1966 3845 2075 3886 non
2105 3835 2160 3887 et
2189 3828 2399 3884 insulas
2444 3829 2773 3901 implebant;
2815 3829 3047 3886 navibus
3079 3831 3224 3886 enim
3254 3847 3350 3902 per
3379 3849 3529 3890 mare

1966 3920 2177 3989 traiecti
2212 3920 2267 3974 in
2296 3935 2390 3976 eas
2423 3921 2849 3976 advehebantur.

2035 4011 2288 4067 Gentium
2311 4023 2488 4068 autem
2513 4014 2757 4086 quaedam
2780 4015 3122 4071 conditorum
3156 4017 3390 4072 nomina.
3408 4035 3527 4074 ser-

1963 4113 2114 4168 vant,
2163 4105 2409 4176 quaedam
2443 4106 2534 4160 illa
2591 4115 3016 4172 commutarunt,
3065 4106 3376 4164 Grazcorum
3430 4111 3537 4165 im-.

1963 4198 2114 4267 perio
2146 4198 2460 4263 subsecuta,
2490 4198 2584 4270 qui
2630 4205 2744 4255 suis
2791 4200 3100 4257 nominibus
3147 4203 3399 4273 gentibus
3427 4218 3524 4258 or-

1901 4301 1934 4311 ··
1961 4297 2276 4344 namentum
2300 4289 2648 4356 addiderunt,
2674 4291 2927 4362 legesque
2959 4293 3066 4348 illis
3096 4295 3344 4364 proprias
3374 4310 3524 4350 com-

1961 4382 2331 4446 municarunt,
2360 4391 2420 4436 ut
2464 4384 2691 4453 gloriam
2723 4385 3065 4440 conditorum
3097 4387 3200 4442 sibi
3231 4387 3522 4442 tribuendo

287 4453 510 4518 αὐτοὺς,
542 4456 616 4521 ὡς
649 4460 916 4531 μηδεμίαν
946 4464 1194 4520 ὑπόνοιαν
1228 4471 1664 4543 προγενεστέρων
1691 4493 1856 4532 κατα-

288 4543 466 4568 \-_-!_.
502 4551 611 4568 _-!-
669 4567 701 4568 γε
758 4551 768 4565 ⁸

1964 4481 2262 4544 captarent,
2292 4489 2391 4528 nec
2421 4475 2584 4528 ullam
2620 4477 2856 4545 posteris
2884 4476 2950 4531 de
2993 4478 3293 4547 majoribus
3339 4481 3521 4551 suspi-

287 4543 467 4598 λιπεῖν
500 4551 611 4612 τοῖς
643 4551 952 4620 μετέπειτα.

374 4637 648 4707 Ἐγένοντο
672 4639 762 4696 οὖν
791 4646 866 4716 τῷ
893 4647 1012 4700 Νῶε
1043 4652 1187 4722 τρεῖς
1215 4653 1337 4717 υἱοὶ,
1372 4653 1511 4726 Σὴμ,
1545 4656 1691 4728 Χὰμ,
1743 4660 1848 4714 Ἰάσ-

285 4729 409 4798 φεθ·
444 4732 552 4786 ἀπὸ
587 4735 796 4808 Ταύρου
822 4740 914 4792 καὶ
959 4742 1232 4812 Ἀμμανοῦ
1265 4745 1370 4802 τῶν
1393 4747 1532 4818 ὀρῶν
1558 4749 1850 4821 ἀρξάμενοι

282 4823 530 4894 ᾤκησαν,
561 4827 654 4879 καὶ
686 4829 948 4900 προῆλθον
978 4834 1070 4885 ἐπὶ
1115 4834 1212 4904 μὲν
1244 4835 1342 4905 τῆς
1383 4838 1562 4902 Ἀσίας
1596 4840 1721 4914 ἄχρι
1752 4861 1848 4898 πο-

279 4916 458 4987 ταμοῦ
490 4919 762 4985 Τανάϊδος,
799 4924 890 4975 ἐπὶ
916 4925 971 4978 δὲ
994 4925 1092 4996 τῆς
1119 4927 1383 5000 Εὐρώπης
1407 4931 1531 5002 ἄχρι
1563 4933 1846 5004 Γαδείρων.

349 5115 475 5168 Εἰσὶ
514 5117 570 5170 δὲ
611 5114 772 5174 οὗτοι·
813 5123 1028 5194 Γαμὲρ,
1075 5128 1221 5191 ὅστις
1262 5130 1552 5202 Ιάμαρεῖς,
1586 5135 1708 5196 τοὺς
1745 5133 1840 5188 νῦν
1909 5199 1912 5202 ,

275 5209 558 5274 Γαλάτας,
613 5215 956 5286 συνέστησενο
1017 5220 1185 5288 Ἀγὼδ
1231 5222 1540 5290 Μαγὼδεις,
1582 5227 1704 5291 τοὺς
1745 5227 1839 5281 νῦν

275 5301 508 5366 Σκύθαςο
552 5304 696 5359 Ἀδαῒ
740 5309 1038 5374 Μαδαίους,
1086 5315 1210 5378 τοὺς
1256 5315 1349 5369 νῦν
1401 5318 1647 5390 Μήδουςο
1695 5321 1839 5376 Ούάν
1901 5387 1906 5394 _

286 5394 494 5447 Ἰωνίαν
528 5433 544 5458 ,
610 5413 704 5451 και
755 5402 881 5464 τοὺς
925 5402 1221 5473 Ἕλληνας·
1291 5407 1442 5462 Ὀϐὲλ
1503 5411 1790 5477 Θεοϐέλους
1817 5456 1834 5480 ,

228 5489 402 5550 ,τοὺς
444 5485 539 5538 νῦν
577 5488 834 5562 Ἴϐηραςο
882 5495 1035 5565 Ὀσὸχ
1086 5499 1475 5571 Μεσχηναίους,
1537 5506 1660 5569 τοὺς
1739 5507 1831 5561 νῦν

377 5667 420 5736 ῗ⁴¹
452 5663 578 5723 Gen.
607 5686 729 5735 vm,
763 5672 815 5726 4.
896 5675 937 5705 ³⁷
980 5676 1112 5736 Ibid.
1157 5682 1239 5736 Π,

1321 5684 1363 5726 ³⁸
1397 5683 1522 5740 Gen.
1554 5702 1626 5754 Ix,
1656 5688 1744 5743 ‘29.

273 5735 317 5773 υ
349 5735 476 5795 Gen.
514 5756 564 5805 τ,
606 5741 652 5798 Ι.
733 5743 774 5774 ⁸⁵
813 5743 1022 5800 Ibid.‘2.

1828 5690 1868 5720 ⁸³
1905 5689 2031 5746 Gen.
2067 5709 2122 5759 κ,
2157 5694 2209 5748 8.

1962 4565 2138 4619 cionis
2166 4580 2358 4620 ansam
2386 4566 2776 4635 relinquerent.

2028 4653 2142 4708 Noe
2171 4655 2373 4710 liberos
2415 4657 2725 4727 procreavit
2777 4665 2911 4724 tres,
2971 4659 3118 4727 Sem,
3173 4660 3368 4726 Cham,
3425 4661 3518 4716 Ja-

1955 4745 2116 4816 pbetlt
2149 4746 2214 4809 ",
2245 4738 2400 4816 quia
2449 4745 2630 4803 Tauro
2672 4757 2725 4804 et
2753 4751 3019 4806 Ammano
3050 4744 3328 4808 montibus
3361 4755 3518 4808 initio

1952 4837 2118 4894 ducto
2150 4838 2486 4904 habitarunt,
2526 4849 2580 4895 et
2613 4841 2668 4896 in
2698 4843 2880 4898 Asiam
2915 4846 3188 4916 progressi
3238 4855 3366 4901 sunt
3416 4864 3514 4902 ns-

1950 4945 2056 4998 que
2097 4929 2164 4983 ad
2191 4927 2399 4986 Tanain
2425 4931 2645 4998 ﬂumen,
2672 4941 2726 4989 et
2757 4935 2811 4989 in
2841 4934 3053 5008 Europa
3079 4953 3250 5007 usque
3292 4939 3359 4993 ad
3408 4937 3517 4995 Ga-

1949 5026 2088 5080 dira.

2019 5138 2262 5194 Fuerunt
2291 5149 2472 5194 autem
2504 5141 2558 5194 bi
2596 5141 2638 5172 “
2672 5161 2683 5195 :
2718 5142 2936 5209 Gamcr,
2990 5148 3084 5217 qui
3130 5146 3519 5210 Gamerenses.

1945 5249 2084 5303 quos
2113 5248 2258 5288 nunc
2282 5233 2500 5290 Galatas
2530 5251 2812 5301 vocamus,
2843 5240 3126 5295 constituit
3164 5259 3179 5306 ;
3210 5241 3360 5312 Agod
3396 5242 3508 5296 illa--

1943 5325 2235 5395 godenses,
2267 5342 2404 5396 quos
2449 5342 2594 5382 nune
2623 5327 2886 5399 Scythas;
2919 5330 3052 5384 Adai
3082 5330 3336 5398 Madwos,
3371 5349 3508 5403 quos

1897 5476 1903 5480 ,
1942 5434 2087 5474 nunc
2112 5418 2331 5486 Medos;
2357 5418 2528 5474 Javan
2561 5420 2784 5486 Ioniam,
2817 5431 2869 5478 et
2901 5421 3148 5490 Grmcos;
3182 5423 3507 5481 ObelThco-

1940 5511 2112 5578 belos,
2147 5529 2283 5585 quos
2313 5529 2456 5568 nunc
2487 5512 2691 5582 Iberos;
2729 5515 2906 5571 Osoch
2948 5515 3334 5584 Mcscbenazos,
3365 5534 3505 5589 quos

2291 5694 2334 5726 ⁸ο
2365 5693 2492 5752 Cen.
2531 5712 2601 5758 vl,
2629 5695 2679 5750 5.
2789 5697 2829 5727 “
2858 5694 2996 5749 Ibid.
3035 5695 3112 5762 7._
3198 5697 3238 5729 ’δ’
3272 5694 3406 5755 Ibid.
3446 5695 3502 5756 ﬂ.
