4080 6334
362 294 461 353 ’157

1272 313 1540 369 SPURIA.
1574 347 1641 356 —
1682 318 2031 373 COMMENT.
2076 320 2141 373 IN
2183 321 2672 380 HEXAEMERON.

3482 331 3588 389 738

349 410 634 482 Φερεζαῖοι
678 413 879 485 ἀναμὶξ
917 420 1030 482 τοῖς
1071 420 1393 487 Χαναναίοις
1425 424 1523 494 τὴν
1564 425 1926 500 Παλαιστίνην

2032 432 2177 495 bant.
2214 442 2266 488 et
2295 435 2384 490 alii
2408 434 2696 507 Raphiam,
2731 452 2851 505 qua:
2883 434 3254 508 Philadelphia
3282 447 3367 496 est
3386 459 3402 509 ε
3436 444 3515 499 sic
3537 454 3590 500 et

356 511 603 579 κατεῖχον
623 526 637 540 ⁸
667 512 715 563 οἱ
741 511 801 564 δὲ
840 512 1068 582 Ῥαφίαν
1091 514 1187 586 τὴν
1224 515 1573 587 Φιλαδελφίαν
1594 538 1606 551 ·
1668 521 1825 575 πάλιν
1863 522 1921 575 δὲ

354 602 403 652 οἱ
434 600 747 671 Γεργεσαῖοι
780 602 847 657 τὰ
883 605 1118 678 Γάδαρα,
1159 608 1252 660 καὶ
1282 608 1545 681 Γέργισαν
1585 611 1760 673 πόλιν.
1828 614 1922 667 καὶ

353 691 457 761 τὴν
489 691 779 763 Τιϐεριάδα
806 689 952 765 εἶχον
998 696 1213 769 λίμνην,
1257 701 1350 754 καὶ
1391 702 1439 753 οί
1478 702 1790 756 Ἰεϐουσαὶοι
1823 704 1920 775 τὴν

355 782 453 835 νῦν
492 783 799 856 Ἰερουσαλή
809 803 867 857 μ.

432 875 602 929 Πέντε
628 877 723 929 καὶ
748 877 867 947 Σὴμ
889 879 1078 943 παῖδες
1114 880 1376 949 ἐγένοντο,
1410 882 1604 948 οἵτινες
1632 884 1729 957 τὴν
1764 885 1921 957 μέχρι

354 965 449 1019 τοῦ
483 967 600 1021 κατ’
626 968 760 1021 ίδίαν
796 970 1046 1024 Ὠκεανοῦ
1081 972 1262 1027 Ἀσίαν
1296 974 1639 1047 κατῴκησαν,
1669 977 1785 1047 ἦτοι
1817 978 1925 1032 ἀπὸ

354 1059 449 1113 τοῦ
484 1060 768 1131 Εὐφράτου
803 1062 901 1134 τὴν
946 1064 1124 1136 ἀρχὴν
1171 1066 1547 1138 ποιησάμενοι.
1590 1067 1712 1121 Εἰσὶ
1744 1068 1801 1122 δὲ
1836 1064 1925 1124 οὗ·

358 1170 469 1205 τοι·
497 1152 695 1224 Ᾱίλὰμ,
720 1155 811 1225 ἀφ’
833 1152 894 1207 οἶ)
923 1156 1229 1229 Αίλαμαῖοι,
1256 1160 1303 1212 oi
1324 1160 1418 1213 νῦν
1445 1160 1672 1233 Πέρσαι·
1708 1162 1922 1235 Ἀσοὺρ,

356 1244 452 1313 ἀφ’
486 1236 546 1296 οὗ
586 1244 893 1317 Ἀσσύριον
942 1248 1235 1319 Ἀρφαξάδ,
1276 1252 1371 1320 ἀφ’
1401 1244 1462 1304 οὗ
1509 1251 1842 1325 Ἀρφαξαῖοι,
1876 1254 1925 1307 οί

356 1334 453 1389 νῦν
479 1334 760 1389 Χαλδαῖοιο
806 1335 1010 1408 Ἀρὰμ,
1041 1337 1135 1407 ἀφ’
1165 1333 1226 1393 οὗ
1268 1341 1575 1411 Ἀραμαῖοι,
1604 1340 1654 1392 οί
1696 1339 1791 1395 νῦν
1822 1341 1924 1394 Σύ·

358 1441 464 1496 ροι.
502 1427 779 1498 Κατέσχον
819 1428 877 1481 δὲ
912 1423 1058 1483 οὗτοι
1092 1429 1198 1483 ἀπὸ
1229 1431 1652 1503 Μεσοποταμίας
1683 1431 1787 1495 ἕως
1819 1431 1926 1485 τῶν

354 1517 528 1588 ὀρέων
568 1516 838 1592 Ἀραρὰτ,
882 1521 917 1575 ἆ
949 1523 1065 1575 ἐστι
1109 1524 1245 1595 πρὸς
1271 1523 1369 1594 τὴν
1421 1524 1731 1597 Ἀρμενίαν*
1767 1524 1924 1590 Δοὺδ,

358 1611 452 1678 ἀφ’
492 1603 553 1664 οὗ
582 1612 829 1679 Λυδαῖοι,
865 1615 911 1668 oi
945 1614 1039 1668 νῦν
1078 1617 1273 1670 Λυδοί·
1308 1617 1545 1680 Καϊνὰν,
1580 1618 1672 1688 ἀφ’
1709 1614 1769 1674 οὗ
1813 1621 1927 1672 Κα-

357 1720 541 1757 ναταμ

2025 521 2291 595 Gergesaei
2320 524 2584 581 Gadaram
2611 526 3001 597 Gergisamque
3044 527 3255 593 urbem,
3302 529 3591 603 lacumque

2025 611 2330 673 Tiberiadis
2362 616 2698 683 oblinebant,
2737 627 2791 673 et
2823 615 3080 683 Jebusmi,
3125 634 3245 689 qua:
3274 636 3421 677 nunc
3463 621 3590 679 Ilie-

2025 708 2259 763 rusalem
2289 716 2394 764 est.

2096 888 2219 944 Sem
2257 890 2496 961 quinque
2528 888 2622 942 ﬁlii
2672 888 2912 955 fuerunt,
2960 888 3052 959 qui
3084 888 3269 945 Asiam
3308 905 3483 961 usque
3522 890 3589 945 ad

2026 981 2299 1038 Oceanum
2348 981 2684 1047 habitarunt,
2717 983 2802 1038 vel
2843 982 2911 1038 ab
2947 981 3219 1052 Euphrate
3257 984 3590 1055 principium

2026 1081 2325 1129 sumentes.
2355 1071 2494 1127 Sunt
2522 1080 2702 1128 autem
2743 1073 2818 1137 hi,
2857 1072 3058 1137 Ailam,
3084 1090 3147 1128 ex
3181 1090 3290 1145 quo
3322 1074 3590 1141 .‘Elamai,

2026 1165 2121 1235 qui
2152 1180 2299 1219 nunc
2319 1163 2532 1229 Persae;
2566 1164 2727 1229 Asur,
2757 1180 2820 1220 ex
2847 1180 2957 1235 quo
2999 1166 3239 1238 Assyrii;
3273 1168 3590 1238 Arphaxad,

2026 1271 2091 1312 ex
2142 1272 2251 1327 quo
2287 1258 2608 1328 Arphaxzei,
2644 1256 2737 1328 qui
2787 1274 2935 1313 nunc
2982 1257 3257 1326 Chaldzei;
3291 1258 3477 1323 Aram,
3525 1276 3593 1315 ex

2026 1366 2136 1420 quo
2158 1349 2411 1413 Aramazi,
2436 1349 2528 1420 qui
2562 1365 2706 1404 nunc
2747 1348 2890 1421 Syri.
2932 1349 2996 1404 Hi
3039 1365 3169 1406 vero
3195 1359 3532 1421 occuparunt
3563 1368 3595 1407 a

2028 1442 2411 1512 MeSOpotamia
2441 1456 2612 1511 usque
2641 1441 2705 1495 ad
2739 1452 2949 1498 montes
2994 1443 3211 1507 Ararat,
3234 1443 3327 1512 qui
3371 1451 3499 1498 sunt
3540 1444 3595 1499 in

2026 1532 2280 1586 Armenia
2311 1549 2324 1598 ;
2355 1530 2494 1595 Lud,
2525 1547 2591 1586 ex
2619 1546 2727 1601 quo
2750 1529 2950 1602 Lydtei,
2978 1533 3071 1603 qui
3102 1546 3245 1587 nunc
3267 1530 3401 1605 Lydi
3426 1551 3441 1601 ;
3468 1533 3593 1589 Cai-

2029 1641 2157 1691 nan,
2190 1639 2255 1682 ex
2292 1641 2399 1697 quo
2421 1623 2659 1680 (lanatae.

430 1795 550 1848 Υἱοὶ
599 1795 655 1850 δὲ
694 1795 789 1850 τοῦ
848 1798 1023 1869 Ἀρὰμ
1066 1799 1325 1871 τέσσαρες
1357 1800 1751 1873 ἐγεννήθησανο
1788 1802 1920 1867 Οὓς,

2099 1800 2262 1854 Aram
2294 1798 2387 1853 ﬁlii
2434 1807 2669 1869 quatuor
2699 1798 2808 1853 nati
2857 1806 3022 1853 sunt:
3062 1796 3163 1861 Uz,
3209 1799 3301 1867 qui
3348 1796 3595 1854 condidit

355 1887 507 1950 ὅστις
538 1886 721 1940 ἔκτισε
764 1890 1051 1960 Δαμασκὸν
1096 1890 1189 1944 καὶ
1237 1890 1334 1962 τὴν
1400 1891 1762 1963 Τραχωνῖτιν,
1808 1894 1925 1965 ἥτις

360 1977 500 2049 μέση
522 1979 619 2049 τῆς
647 1979 1008 2051 Παλαιστίνης
1036 1982 1129 2036 καὶ
1150 1982 1351 2053 Κοίλης
1371 1983 1570 2054 Συρίας
1595 1985 1739 2038 ἐστίν
1760 2003 1772 2017 ·
1798 1985 1925 2049 Οὒλ,

355 2068 453 2138 ἀφ’
482 2062 544 2122 οὗ
586 2070 870 2136 Λαζονεῖς·
912 2071 1105 2144 Γαθὲρ,
1150 2073 1241 2144 ἀφ’
1275 2068 1336 2128 οὗ
1379 2074 1673 2146 Σταφηνοί·
1723 2078 1925 2147 Μεσὸχ,

356 2160 452 2229 ἀφ’
495 2157 556 2215 οὗ
591 2164 911 2234 Μασσήννοι.

430 2254 551 2307 Υἱοὶ
593 2255 1125 2325 Ἀρφαξάδ’Καῖνὰν,
1162 2252 1349 2327 ἀφόὗ
1404 2260 1771 2328 Σογγοδιανοί·
1823 2261 1929 2314 ἀπὸ

354 2346 550 2400 τούτου
578 2348 635 2401 δὲ
665 2349 759 2402 καὶ
787 2351 820 2420 ἡ
851 2349 1181 2420 ἀστρονομία
1217 2351 1310 2403 καὶ
1341 2351 1620 2423 οἰωνισμοὶ
1643 2352 1930 2423 ἐπενοήθη-

360 2457 481 2495 σαν.

434 2534 560 2597 Υἱὸς
578 2533 636 2587 δὲ
674 2533 891 2602 ἐγένετο
925 2534 1003 2606 τῷ
1032 2534 1241 2590 Καϊνὰν
1271 2535 1433 2601 Σαλά,
1472 2536 1564 2606 ἀφ’
1613 2530 1672 2589 οὗ
1705 2536 1928 2590 Σουσια-

359 2626 462 2677 νοί.

431 2717 558 2781 Υἱὸς
582 2716 675 2770 τοῦ
708 2717 853 2771 Σαλὰ
884 2718 1070 2789 Ἔϐερ,
1103 2720 1196 2789 ἀφ’
1220 2713 1280 2773 οἶ)
1321 2719 1583 2793 Ἑϐραῖοι,
1616 2720 1809 2784 οἵτινες
1834 2720 1931 2791 τὴν

356 2810 593 2881 ἀρχαίαν
621 2810 881 2881 κατέσχον
908 2812 1005 2883 τὴν
1040 2813 1291 2884 Ἐϐραῖδα
1320 2812 1617 2877 διάλεκτον,
1646 2812 1739 2866 τοῦ
1766 2814 1931 2884 Ἔϐερ

359 2901 439 2972 μὴ
481 2903 1033 2975 συμπαραγενομένου
1086 2906 1163 2967 είς
1199 2903 1295 2975 τὴν
1350 2904 1445 2958 τοῦ
1487 2904 1695 2976 πύργου
1732 2904 1933 2957 οἰκοδο-

361 2993 491 3063 μὴν,
519 2994 611 3046 καὶ
640 2993 1019 3059 ἀλλοιωθέντος
1048 2996 1146 3065 τὴν
1177 2996 1441 3065 γλῶτταν,

431 3084 555 3140 Υἱοὶ⁹
586 3084 642 3139 δὲ
669 3085 762 3141 τοῦ
803 3088 968 3159 Ἔϐερ
995 3089 1189 3149 Φαλὲκ,
1227 3090 1320 3157 ἀφ’
1353 3083 1412 3141 οὗ
1453 3088 1750 3158 Ἀδιαϐηνοί
1771 3107 1783 3118 ο
1839 3090 1933 3141 Ίε-
1960 3115 2002 3172 C

357 3178 517 3244 κτὰν,
564 3178 656 3247 ἀφ’
706 3174 768 3234 οὗ
836 3180 1162 3251 Ἐδραμαῖοι.
1221 3181 1277 3234 ὐ
1320 3181 1377 3234 δὲ
1423 3180 1598 3234 Φαλὲκ
1645 3179 1731 3233 διὰ
1774 3180 1931 3234 τοῦτο

357 3269 562 3341 ἐκλήθη
625 3271 821 3337 Φαλὲκ,
874 3272 1058 3344 ἐπειδὴ
1118 3273 1258 3327 κατὰ
1324 3273 1413 3326 τὸν
1476 3273 1769 3327 ἀπόστολον
1823 3273 1930 3325 τῶν

359 3365 628 3419 ἀποικιῶν
657 3365 869 3437 ἐτέχθη.
915 3366 1089 3419 Φαλὲκ
1116 3367 1221 3439 γὰρ
1262 3369 1308 3419 oi
1359 3367 1595 3439 Ἑϐραῖοι
1640 3367 1933 3437 μερισμὸν

358 3454 629 3523 λέγουσιν,
671 3455 757 3507 ἐπ’
786 3455 947 3510 αὑτοῦ
990 3456 1374 3528 ἐμερίσθησαν.
1409 3458 1517 3510 Καὶ
1542 3458 1570 3510 ὁ
1605 3458 1932 3529 ὑπονοούμε-

359 3563 451 3608 νος
484 3545 592 3599 τῶν
620 3546 757 3602 ἐτῶν
798 3548 897 3619 τῆς
930 3548 1020 3601 τοῦ
1054 3548 1256 3619 κόσμου
1284 3549 1543 3621 διαμονῆς
1583 3549 1812 3622 ἀριθμὸς
1854 3551 1933 3613 είς

358 3638 455 3691 δύο
484 3639 707 3712 διῃρέθη
741 3641 988 3694 ἰσαίτατα
1013 3659 1024 3671 ·
1071 3641 1345 3713 τρισχίλια
1374 3641 1480 3715 γὰρ
1507 3643 1598 3696 ἐπὶ
1628 3645 1693 3714 τῇ
1723 3641 1930 3711 γενέσει

359 3732 457 3802 τῆς
487 3732 649 3786 αὑτοῦ
673 3731 765 3786 τοῦ
787 3734 990 3806 κόσμου
1023 3734 1307 3807 ὑπάρξεως
1337 3734 1429 3806 ἐτη
1459 3735 1795 3808 ἐπερατώθη.
1827 3737 1929 3789 Λο-

360 3822 625 3894 γιζόμεθα
653 3826 759 3898 γὰρ
783 3826 1052 3897 διαμεῖναι
1085 3826 1181 3898 τὴν
1235 3826 1409 3880 κτίσιν
1452 3826 1610 3899 ἄχρις
1641 3826 1804 3898 ἕκτης
1851 3846 1933 3898 χι-

360 3916 561 3981 λιάδος,
588 3918 708 3971 ἐπεὶ
737 3920 829 3972 καὶ
860 3920 915 3971 ἐν
940 3918 998 3983 ἒξ
1028 3919 1261 3991 ἡμέραις
1289 3920 1316 3972 ὁ
1345 3918 1475 3982 Θεὸς
1504 3919 1601 3991 τὴν
1628 3920 1933 3974 συντέλειαν

360 4008 513 4062 τοῦδε
566 4010 658 4062 τοῦ
716 4012 913 4075 παντὸς
950 4012 1333 4083 συνεστήσατο.
1396 4010 1663 4077 Χιλιετείς
1724 4012 1777 4066 δὲ
1836 4011 1933 4075 τὰς

362 4103 575 4173 ἡμέρας
640 4103 943 4172 λογίζεσθαι
990 4105 1051 4157 τὸ
1095 4104 1247 4159 Θεῖον
1304 4101 1490 4175 οἶμαισ
1535 4107 1756 4175 Kvplov
1800 4106 1928 4179 γὰρ,

360 4194 551 4267 φησὶν,
579 4194 767 4266 ἡμέρα
786 4198 865 4264 ὡς
885 4198 1050 4268 χίλια
1078 4196 1202 4266 ἔτη.

436 4372 646 4425 Γίνεται
676 4368 769 4426 οὖν
790 4373 896 4426 ἀπὸ
940 4372 1109 4446 Ἀδάμ
1137 4374 1228 4428 ἐπὶ
1252 4374 1348 4446 τὴν
1368 4374 1619 4446 τελευτὴν
1636 4374 1810 4429 Φαλὲκ
1837 4374 1929 4447 ἔτη

2033 1893 2371 1952 Damascum.
2403 1900 2457 1947 et
2508 1890 2969 1953 Trachonitidem,
3027 1905 3147 1959 qua:
3181 1889 3323 1945 inter
3350 1888 3595 1945 Palaesti-

2029 2000 2155 2042 nam
2202 1993 2253 2039 et
2292 1983 2648 2056 Coelosyriam
2691 1984 2867 2039 media
2897 1991 3013 2050 est;
3059 1980 3144 2045 Ul,
3180 1997 3244 2037 ex
3285 1998 3395 2052 quo
3420 1981 3597 2035 Lazo-

2030 2091 2262 2142 nenses;
2302 2072 2521 2139 Gather,
2550 2088 2615 2128 ex
2649 2088 2757 2144 quo
2796 2070 3093 2141 Stapbeni;
3124 2068 3364 2133 Mesoch,
3394 2084 3459 2124 ex
3484 2082 3595 2138 quo

2030 2166 2307 2224 Messenii.

2097 2258 2222 2315 Filii
2273 2256 2601 2328 Arphaxad:
2635 2254 2843 2311 Cainan
2860 2256 2927 2318 δ’,
2968 2270 3034 2309 ex
3087 2268 3197 2325 quo
3232 2251 3595 2325 Soggodiani;

2031 2352 2118 2407 hic
2147 2351 2325 2408 sidera
2351 2347 2680 2416 observavit,
2706 2357 2759 2402 et
2795 2346 3017 2418 auguria
3038 2344 3383 2415 excogitavit.

2100 2527 2306 2583 Cainan
2342 2526 2483 2582 [ilius
2516 2525 2613 2581 fuit
2654 2525 2811 2592 Salte,
2846 2540 2910 2581 ex
2934 2540 3041 2596 quo
3073 2522 3312 2580 Susiani.

2102 2702 2273 2758 Filius
2307 2701 2446 2757 Sala:
2497 2701 2674 2758 lleber
2697 2705 2764 2767 ⁵ο,
2806 2720 2872 2759 ex
2915 2718 3022 2773 quo
3063 2700 3297 2768 Hebraei,
3329 2701 3421 2772 qui
3453 2709 3626 2756 vete-.

2033 2810 2146 2849 rem
2190 2795 2532 2850 retinuerunt
2576 2794 2773 2865 linguae
2816 2795 3221 2865 proprietatem,
3259 2808 3382 2848 cum
3425 2790 3602 2848 Heber

2035 2888 2088 2941 in
2118 2896 2447 2943 structuram
2480 2888 2648 2945 turris
2680 2888 2903 2944 minime
2946 2903 3071 2941 eum
3097 2888 3217 2943 aliis
3255 2886 3597 2950 convenerit,

2036 2982 2265 3051 ideoque
2303 2998 2401 3038 nec
2423 2983 2660 3053 linguam
2683 2983 2996 3040 mutaverit.

2109 3074 2228 3130 Filii
2258 3074 2456 3141 Heber,
2485 3075 2683 3132 Phalec
2703 3078 2770 3142 δ’,
2804 3094 2871 3133 ex
2903 3093 3011 3148 quo
3040 3077 3342 3144 Adiabeni;
3385 3075 3596 3144 Jectan,

2035 3182 2102 3221 ex
2127 3182 2235 3237 quo
2262 3166 2580 3224 Hedramaai.
2612 3170 2846 3240 Ideoque
2890 3168 3089 3226 Phalec
3125 3170 3306 3225 dictus
3332 3178 3437 3234 est,
3474 3185 3597 3223 eum

2034 3268 2196 3315 natus
2227 3259 2297 3316 sit
2321 3261 2540 3331 quando
2572 3262 2801 3316 coloniae
2825 3262 3194 3318 mittebantur.
3227 3262 3427 3318 Phalec
3452 3261 3599 3317 enim

2034 3351 2384 3409 Hebraeorum
2431 3354 2613 3426 lingua
2647 3354 3217 3426 divisiosigniﬁcatur,
3254 3363 3308 3411 et
3356 3363 3600 3426 tempore

2033 3446 2179 3504 illius
2204 3447 2363 3503 divisi
2394 3457 2541 3503 sunt.
2579 3447 2645 3502 Et
2672 3446 2765 3519 qui
2798 3447 2913 3518 jam
2947 3448 3112 3519 hujus
3141 3447 3330 3503 mundi
3353 3446 3609 3503 duratio-‘

2033 3541 2119 3595 nis
2151 3555 2412 3597 numerus
2433 3556 2556 3597 esse
2586 3541 2949 3604 existimatur,
2986 3541 3039 3596 in
3064 3540 3201 3596 duas
3231 3547 3413 3610 partes
3438 3554 3599 3609 pares

2031 3633 2376 3704 aequalesque
2421 3632 2631 3689 divisus
2654 3641 2737 3689 est
2763 3652 2777 3702 ;
2812 3634 2941 3688 anni
2979 3634 3178 3704 quippe
3208 3648 3273 3689 ex
3305 3646 3415 3705 quo
3440 3646 3601 3685 mun-

2032 3724 2136 3778 dus
2168 3723 2256 3779 hic
2288 3723 2545 3781 conditus
2580 3733 2685 3788 est,
2727 3724 2895 3795 elapsi
2928 3730 3055 3780 sunt
3086 3731 3169 3779 ter
3192 3722 3357 3778 mille.
3385 3721 3596 3777 Etenim

2030 3814 2293 3870 mundum
2352 3816 2498 3871 hunc
2548 3814 2616 3869 ad
2672 3822 2881 3871 sextam
2940 3813 3232 3870 cbiliadem
3275 3814 3599 3869 duraturum

2031 3908 2338 3975 opinamur,
2367 3907 2588 3978 quando
2620 3915 2675 3963 et
2719 3924 2812 3964 sex
2847 3906 3039 3964 diebus
3075 3907 3220 3962 Deus
3279 3907 3597 3964 universum

2032 3999 2136 4054 hoc
2182 3998 2504 4071 perfectum,
2561 4000 2926 4071 omnibusque
2974 4000 3090 4057 suis
3133 3999 3383 4070 partibus
3430 3999 3601 4054 edidit

2032 4091 2374 4156 absolutum;
2415 4099 2469 4144 et
2504 4092 2647 4163 apud
2687 4091 2853 4147 Deum
2908 4107 3074 4147 unam
3114 4092 3259 4149 diem
3300 4106 3400 4163 pro
3450 4090 3602 4145 mille

2032 4184 2191 4240 annis
2240 4185 2544 4253 computari
2593 4185 2823 4254 opinor;
2856 4185 2931 4240 ait
2981 4185 3204 4258 quippe,
3251 4184 3463 4240 Domini
3489 4186 3600 4238 dies

2031 4280 2185 4348 quasi
2215 4278 2361 4333 mille
2403 4280 2530 4332 anni
2559 4280 2623 4332 ⁵².

2103 4372 2186 4428 Ab
2212 4372 2382 4428 Adam
2407 4373 2589 4443 itaque
2618 4388 2793 4443 usque
2818 4370 2886 4427 ad
2902 4372 3111 4427 obitum
3142 4370 3342 4427 Phalec
3358 4370 3487 4425 anni
3519 4377 3603 4425 ter

361 4463 653 4533 τρισχίλια.
708 4465 828 4517 Ἐπὶ
862 4465 917 4518 δὲ
961 4466 1057 4536 τὴν
1103 4466 1194 4520 τοῦ
1236 4467 1441 4539 Κυρίου
1492 4466 1789 4539 παρουσίαν
1840 4470 1929 4521 καὶ

2038 4466 2185 4522 mille
2223 4474 2675 4530 annumerantur,
2723 4474 2778 4521 et
2815 4466 2882 4521 ad
2946 4464 3160 4520 Domini
3209 4463 3500 4518 adventum
3548 4469 3605 4517 et

362 4556 657 4611 ἀνάστασιν
696 4556 789 4628 ἐτη
841 4558 1253 4629 πεντακισχίλια
1299 4559 1393 4613 καὶ
1435 4559 1767 4613 πεντακόσια
1818 4577 1934 4631 τρι-

360 4648 564 4703 άκοντα
601 4648 679 4712 ἓν,
718 4648 793 4711 ὡς
820 4648 1025 4703 λείπειν
1054 4651 1377 4722 τετρακόσια
1413 4653 1748 4723 πεντήκοντα
1776 4652 1932 4707 ἐννέα

360 4739 455 4812 ἐτη
483 4741 578 4809 τῆς
598 4740 763 4812 ἕκτης
784 4741 1036 4811 χιλιάδος.
1067 4743 1220 4795 Ἔστι
1243 4742 1299 4795 δὲ
1323 4744 1421 4813 τῆς
1445 4743 1535 4796 τοῦ
1571 4744 1775 4814 κόσμου
1806 4761 1930 4796 συν-

358 4831 568 4897 τελείας
632 4836 855 4904 σημεῖον
917 4833 975 4885 τὸ
1031 4834 1325 4889 σάϐϐατον·
1401 4838 1493 4888 καὶ
1550 4836 1773 4900 είκότως
1842 4837 1926 4889 ἐπ’

360 4924 607 4994 ἐσχάτων
674 4924 779 4979 τῶν
836 4926 1056 4997 ἡμερῶν
1112 4928 1142 4979 ὁ
1202 4926 1402 5003 Κύριος
1458 4929 1798 5000 ἐπιδημήσας
1850 4929 1928 5000 τῷ

360 5018 550 5090 κόσμῳ
601 5020 659 5073 ὲν
698 5021 1016 5091 παρασκευῇ
1066 5018 1351 5083 πέπονθεν,
1398 5022 1517 5090 ἥτις
1564 5022 1709 5075 ἐστὶν
1749 5021 1929 5093 ἡμέρα

358 5111 515 5181 ἕκτη,
554 5110 649 5163 καὶ
686 5109 890 5175 ταύτης
927 5110 1028 5180 τῆς
1070 5112 1278 5185 ἡμέρας
1320 5112 1443 5181 ὥρα
1464 5109 1539 5183 ἦν
1569 5113 1709 5167 ὡσεί
1756 5112 1923 5181 ἕκτη,

357 5202 522 5272 ἡνίκα
574 5200 890 5273 ἐσταυρώθη
913 5242 927 5265 ,
985 5202 1078 5256 τοῦ
1116 5203 1274 5272 λόγου
1323 5205 1675 5275 σημαίνοντος
1714 5204 1800 5257 διά
1834 5204 1926 5258 τοῦ

356 5295 458 5364 τῆς
478 5294 651 5367 ἕκτης
687 5294 917 5365 χιλιάδος
944 5296 1004 5348 τὸ
1030 5296 1230 5367 ἣμισυ’
1265 5298 1359 5351 καὶ
1388 5297 1476 5351 διὰ
1500 5298 1656 5352 τοῦτο
1688 5297 1927 5369 ὡρισμέ-

357 5404 465 5449 νως
505 5386 606 5439 οὐκ
648 5382 796 5441 εἶπεν
836 5386 953 5459 ὥρα
992 5387 1146 5458 ἕκτη,
1180 5387 1606 5460 ὑπεμφαίνοντος
1649 5390 1741 5444 τοῦ
1771 5391 1928 5459 λόγου

356 5478 525 5549 eam
565 5478 735 5531 πλείω
770 5478 860 5533 τοῦ
898 5479 1129 5551 ἀριθμοῦ
1168 5482 1511 5553 ὑπερπαίειν.
1556 5482 1688 5535 Ἀπὸ
1731 5482 1787 5536 δὲ
1835 5482 1928 5536 τοῦ

359 5567 595 5640 Χριστοῦ
642 5569 732 5621 ἐπὶ
784 5571 881 5641 τὴν
939 5570 1452 5643 τριακονταετηρίδα
1518 5572 1926 5627 Κωνσταντίνου

433 5741 477 5775 ⁸⁸
500 5742 607 5798 Gen
662 5760 715 5810 ι,
740 5745 827 5801 2i.
902 5748 944 5779 ⁸ο
978 5746 1115 5805 Ibid.
1194 5750 1233 5781 ³³
1265 5747 1403 5803 Ibid.
1438 5749 1527 5805 25.
1588 5750 1631 5780 δ’
1660 5748 1807 5802 Ρεηί.
1840 5764 2060 5815 LXXXIX,
2098 5749 2149 5803 4.

2038 4557 2518 4623 resurrectionem,
2550 4559 2679 4613 anni
2715 4559 2958 4630 quinque
3003 4558 3151 4613 mille
3193 4557 3476 4628 quingenti
3506 4554 3606 4611 tri-

2038 4649 2184 4717 ginta
2216 4656 2271 4703 et
2294 4663 2456 4713 unus,
2485 4649 2558 4701 ita
2587 4657 2647 4703 ut
2669 4648 2735 4704 ad
2767 4658 2975 4705 sextam
2995 4648 3286 4704 chiliadem
3313 4647 3605 4704 absolven-

2036 4741 2162 4795 dam
2201 4748 2410 4796 tantum
2438 4741 2819 4814 quadringenti
2853 4743 3249 4814 quinquaginta
3289 4755 3484 4796 novem
3510 4742 3607 4796 deo

2036 4835 2366 4891 siderentur.
2404 4832 2631 4905 Signum
2665 4852 2797 4892 vero
2823 4837 2987 4906 hujus
3016 4834 3205 4891 mundi
3231 4834 3605 4904 consumptio-

2035 4928 2122 4983 nis
2150 4928 2434 4983 sabbatum
2476 4935 2586 4996 est;
2643 4928 2871 5000 ideoque
2914 4946 3022 4985 non
3064 4931 3160 4986 abs
3192 4944 3251 4985 re
3281 4928 3475 4983 diebus
3505 4941 3606 4981 no-

2036 5012 2274 5070 vissimis
2335 5014 2598 5072 Dominus
2654 5017 2708 5072 in
2772 5018 3037 5073 mundum
3110 5017 3447 5081 adveniens,
3518 5015 3607 5071 die

2036 5104 2262 5163 Veneris
2313 5107 2529 5165 dolores
2584 5109 2864 5170 sustinuit.
2917 5127 3038 5181 qua:
3100 5118 3185 5166 est
3236 5109 3353 5166 dies
3413 5118 3609 5172 sexta,

2035 5199 2263 5269 ejusque
2300 5200 2405 5256 diei
2447 5202 2577 5256 hora
2609 5210 2724 5255 erat
2775 5204 2931 5269 quasi
2981 5212 3127 5259 sexta
3162 5204 3229 5268 ⁸³,
3273 5200 3401 5257 dum
3455 5202 3608 5256 cruci

2037 5289 2226 5347 allixus
2259 5300 2362 5357 est,
2404 5308 2512 5363 quo
2546 5293 2705 5348 nobis
2726 5305 2894 5348 sexta:
2924 5293 3190 5349 chiliados
3221 5292 3503 5348 dimidium
3531 5292 3608 5347 si-

2036 5381 2344 5452 gniﬁcatur,
2394 5386 2623 5457 ideoque
2665 5386 2885 5443 deﬁnite
2927 5401 3032 5440 non
3077 5386 3213 5441 dixit
3257 5373 3391 5439 hora
3426 5392 3603 5449 sexta,

2036 5489 2227 5543 parum
2263 5490 2293 5527 a
2327 5491 2557 5532 numero
2600 5478 2874 5542 aberrare,
2911 5491 3164 5532 sermone
3209 5475 3311 5530 hoc
3341 5474 3501 5529 nobis
3523 5474 3606 5531 in-

2037 5586 2227 5626 nuens.
2267 5570 2311 5624 Α
2354 5572 2574 5627 Christo
2610 5574 2675 5628 ad
2711 5574 3048 5630 tricesimum
3100 5586 3301 5626 annum
3331 5569 3605 5629 Constan-

2260 5754 2303 5784 ⁸³
2333 5751 2492 5809 Joan.
2528 5769 2637 5817 xm,
2668 5750 2750 5807 14.
