4080 6334
290 280 297 285 ’
335 280 433 334 761

1246 257 1516 321 SPURIA,
1555 284 1623 295 —
1664 249 2023 308 COMMENT.
2062 248 2129 302 ΙΝ
2170 245 2660 302 HEXAEMERON.

3436 284 3439 285 ν
3457 247 3557 302 762

329 393 523 447 κὸτων.
573 384 731 457 μόνος
774 374 928 443 οὗτος
960 380 1032 448 Δη
1043 374 1296 449 μιουργὸν
1344 369 1449 457 τῶν
1499 367 1713 420 πάντων
1761 362 1891 457 Θεδν

1994 359 2172 415 dabat.
2194 358 2326 413 Cum
2346 372 2533 411 omnes
2559 355 2650 409 lilii
2680 353 2792 409 Noe
2814 354 2866 407 in
2894 352 3330 424 superstitiosum
3357 353 3558 412 daemo-

328 453 647 550 ἀπεφήνατο
670 471 827 535 εἶναι,
862 475 925 525 ὲκ
954 470 1060 523 τῶν
1089 469 1214 539 περὶ
1245 453 1390 535 ἣλιον
1421 463 1512 517 καὶ
1543 459 1767 550 σελήνην
1964 511 1971 517 _

326 548 598 633 louboewv
637 567 731 621 καὶ
759 567 823 617 ὲκ
868 563 975 616 τῶν
1026 561 1151 632 περί
1182 559 1304 628 γῆν,
1338 557 1431 609 καὶ
1480 553 1636 623 ἀέρα,
1668 548 1760 603 καὶ
1800 548 1893 602 θά-

327 665 528 718 λατταν
589 655 925 728 παθημάτων
980 651 1221 711 εἰκάσας.
1279 646 1377 700 Διά
1419 646 1472 701 τί
1524 644 1653 715 γὰρ,
1702 640 1888 711 φησὶν,

327 842 597 905 νοοῦνται,
629 839 743 893 ἀλλ’
766 824 1113 907 ὑστεροῦνται
1138 830 1374 899 ταύτης;
1414 829 1506 881 Ἐκ
1530 825 1658 895 γοῦν
1691 824 1892 877 τούτων

328 934 619 1005 γινώσκειν
648 931 871 996 ἔξεστιν,
903 930 983 981 ὅτι
1013 927 1073 979 οὐ
1108 924 1224 978 κατ’
1262 923 1398 975 ἰδίαν
1446 921 1597 990 ἰσχὺν
1630 917 1889 981 συντελεῖ,

328 1031 379 1083 εί
415 1028 508 1081 καὶ
538 1026 682 1078 δοκεῖ
712 1023 1013 1093 εὐεργετεῖν
1041 1018 1166 1081 τοὺς
1204 1013 1522 1086 ἀνθρώπους
1559 1012 1617 1064 ού
1659 1007 1889 1081 μικρῶς,

328 1120 466 1176 ἀλλὰ
496 1117 636 1172 κατά
665 1117 762 1187 τὴν
798 1113 1045 1185 βούλησιν
1068 1110 1159 1164 τοῦ
1201 1110 1541 1180 ποιήσαντος.

405 1301 547 1372 Πρὸς
593 1298 721 1367 γοῦν
772 1296 869 1366 τὴν
922 1292 1077 1357 δόξαν
1109 1290 1273 1345 αὐτοῦ
1323 1288 1524 1357 ταύτην
1556 1289 1604 1340 οί
1638 1284 1890 1343 Χαλδαῖοι
1964 1268 1973 1353 ’ἡ

245 1434 249 1435 ν
326 1393 427 1447 καὶ
456 1395 504 1444 οἰ
531 1392 628 1460 τὴν
672 1387 1090 1457 Μεσοποταμίαν
1120 1383 1395 1450 οἰκοῦντες
1426 1382 1759 1452 διεφέροντο,
1798 1378 1891 1429 καὶ

325 1484 572 1551 ἀντεῖχον
630 1478 797 1548 αὐτῷ.
839 1478 947 1531 Καὶ
998 1475 1233 1537 ἀναστὰς
1286 1472 1490 1526 ἐκεῖθεν
1545 1472 1685 1524 κατὰ
1725 1470 1891 1541 πρόσ-

324 1591 514 1643 ταγμα
546 1570 679 1624 Θεοῦ
712 1570 805 1640 τὴν
839 1569 942 1637 γῆν
974 1566 1079 1620 τῶν
1111 1565 1424 1629 Χαναναίων
1455 1562 1760 1633 κατῴκησε.
1799 1563 1891 1613 Λι-

330 1664 431 1735 μοῦ
461 1665 517 1716 δὲ
551 1662 941 1723 καταλαϐόντος
982 1659 1187 1721 δεινοῦ,
1218 1660 1298 1720 εἰς
1336 1658 1603 1724 Αἴγυπτον
1650 1655 1887 1725 παρεγέ-

1993 466 2121 506 num
2156 450 2359 503 cultum
2404 447 2767 510 corruissent,
2802 446 2952 500 solus
3004 443 3112 509 hic,
3157 442 3323 501 Deum
3372 462 3556 501 rerum

1991 542 2234 601 omnium
2262 555 2383 597 esse
2413 539 2727 594 Creatorem
2760 536 2970 591 deliniit
3029 551 3059 588 a
3117 535 3249 590 solis
3309 536 3556 607 lunaeque

1992 632 2507 690 commutationibus
2560 629 2895 699 reliquisque
2949 642 3070 698 quae
3121 628 3174 681 in
3212 636 3377 689 terra,
3408 642 3551 695 aere,

331 753 515 824 ἰσχύος
542 750 707 819 οῦσης
736 749 792 801 ὲν
824 746 1002 805 αὐτοῖς
1031 743 1128 811 τῆς
1155 738 1361 794 ἑαυτῶν
1392 735 1642 798 εὐταξίας
1673 734 1734 786 οὐ
1765 749 1893 803 προ-

1992 726 2237 794 marique
2270 724 2613 792 contingunt,
2651 720 2987 788 coniectans.
3032 717 3334 784 Quidnam,
3378 720 3471 782 ait,
3504 719 3551 773 si

1991 817 2249 879 facultas,
2291 817 2564 883 roburque
2596 814 2650 866 in
2704 812 2811 865 illis
2845 819 2948 873 est,
2979 812 3180 864 nullam
3226 810 3311 865 sui
3344 809 3552 864 ordinis

1992 908 2550 965 conservandicuram
2583 915 2799 977 gerunt,
2831 903 2927 958 sed
2960 903 3049 955 illa
3077 901 3444 955 frustrantur?
3473 902 3550 957 Ex

1991 1001 2078 1057 his
2109 1002 2290 1071 itaque
2320 998 2597 1053 fatendum
2639 1005 2744 1061 cst,
2774 1011 2835 1052 ea
2882 1010 2989 1050 non
3023 994 3206 1047 innata
3247 993 3321 1058 vi,
3353 994 3456 1048 etsi
3484 993 3551 1050 de

1962 1109 2186 1168 genere
2219 1093 2455 1145 humano
2483 1106 2645 1160 quam
2694 1090 2927 1143 maxime
2955 1089 3092 1141 bene
3137 1086 3331 1141 mereri
3364 1084 3554 1141 viden-

1990 1174 2099 1249 tur,
2134 1185 2226 1240 sed
2256 1184 2532 1239 Creatoris
2558 1184 2832 1239 voluntate
2868 1181 3147 1251 perlicere.
3174 1224 3177 1225 ν

2058 1278 2259 1332 Contra
2285 1279 2424 1331 hanc
2442 1277 2766 1331 sententiam
2789 1275 2906 1343 ejus
2929 1272 3163 1327 Chaldaéi
3182 1282 3233 1327 et
3251 1272 3557 1344 Mesopota-

1990 1372 2109 1425 miae
2127 1360 2491 1440 incolaeplura
2517 1358 2887 1439 disputabant,
2906 1367 3037 1420 etab
3070 1354 3135 1420 eo
3150 1350 3550 1434 discrepabant,

1990 1464 2081 1532 qui
2119 1462 2370 1515 mandato
2417 1462 2685 1528 Deiinde,
2706 1475 2960 1529 egressus
2986 1452 3057 1521 '5‘,
3092 1465 3306 1529 terram
3340 1456 3553 1510 Chana-

1990 1570 2227 1609 meorum
2278 1555 2568 1617 habitavit;
2611 1552 2806 1617 deinde
2848 1566 2970 1604 cum
3012 1549 3180 1604 fames
3211 1550 3400 1619 ingens
3436 1563 3553 1602 eam

1988 1647 2262 1715 regionem
2288 1654 2527 1721 vexaret,
2561 1643 2853 1713 Egyptum
2884 1642 3183 1704 advenit“,
3209 1649 3369 1709 atque
3388 1637 3555 1709 :Egy-

326 1732 472 1818 νετο,
505 1756 598 1809 καὶ
644 1756 767 1817 τοὺς
813 1753 1135 1823 Αἰγυπτίους
1174 1751 1419 1822 ἀλλήλοις
1461 1749 1883 1815 ἀντιδοξοῦντας,

1990 1740 2130 1808 plios
2167 1738 2259 1807 qui
2308 1738 2455 1791 varia
2511 1737 2825 1797 sentientes,
2877 1735 3129 1803 legesque
3158 1732 3401 1803 proprias
3431 1744 3555 1799 pes-

325 1847 422 1901 καὶ
454 1848 520 1899 τὰ
564 1848 765 1916 νόμιμα
798 1844 1000 1897 ἑαυτῶν
1046 1842 1403 1905 διαπτύοντας
1435 1843 1527 1895 καὶ
1563 1841 1890 1912 ἀνατρέπον-

322 1956 427 2003 τας
453 1937 729 2002 ἀπέδειξεν
762 1939 1004 1999 ἅπαντας
1032 1937 1227 1999 αὐτοὺς
1258 1936 1420 2006 μηδὲν
1454 1933 1725 2001 ἀξιόλογον
1758 1933 1890 2004 μηδὲ

324 2032 693 2104 φρονοῦντας,
730 2030 862 2100 μηδὲ
895 2028 1263 2101 θεσπίζοντας.
1299 2029 1407 2081 Καὶ
1439 2025 1769 2095 θαυμασθεὶς
1798 2026 1890 2078 ἐπὶ

324 2124 539 2178 συνέσει
563 2123 655 2175 καὶ
683 2121 840 2191 σοφίᾳ
872 2119 1055 2190 πολλῇ,
1083 2120 1180 2190 τὴν
1204 2117 1565 2189 ἀριθμητικὴν
1592 2118 1771 2180 αὐτοῖς
1797 2118 1889 2170 καί

322 2216 425 2286 τὴν
458 2212 816 2284 ἀστρονομίαν
863 2211 1229 2282 παραδίδωσι·
1268 2209 1372 2279 πρὸ
1408 2208 1516 2279 γάρ
1549 2209 1644 2278 τῆς
1683 2226 1886 2279 παρου-

326 2307 450 2369 σίας
477 2304 641 2358 αὑτοῦ
674 2304 885 2374 ἄπειροι
919 2300 1119 2354 τούτων
1152 2299 1442 2370 ἐτύγχανον
1487 2302 1533 2352 οί
1571 2298 1883 2367 Αίγύπτιον
1954 2350 1961 2365 ,

328 2396 590 2467 μαθόντες
638 2395 694 2447 δὲ
749 2395 970 2464 ὕστερον
1021 2396 1129 2455 τοῖς
1166 2391 1389 2460 Ἕλλησι
1441 2390 1885 2461 μεταδεδώκασιν*
1956 2448 1963 2453 .

325 2488 724 2558 ὑποστρέψαντι
768 2487 823 2539 δὲ
856 2488 920 2539 ὲκ
950 2485 1048 2555 τῆς
1080 2478 1353 2551 Αἰγύπτου
1385 2484 1460 2553 τῲ
1504 2483 1750 2555 Ἀϐραὰμ
1777 2484 1887 2548 υίὸς

338 2577 563 2647 Ἰσμαὴλ
592 2576 803 2645 ἐγένετο
832 2577 894 2627 ὲκ
924 2575 1023 2644 τῆς
1068 2574 1358 2643 παιδίσκης
1404 2575 1597 2646 Ἅγαρ,
1633 2574 1692 2640 ἐξ
1731 2570 1796 2645 ἧς
1829 2576 1888 2629 τὸ

323 2670 477 2731 ἔθνος
537 2668 847 2739 Ἀγαρηνῶν
876 2684 936 2720 τε
965 2668 1058 2719 καί
1087 2665 1413 2739 Σαρακηνῶν
1451 2666 1674 2737 συνέστη
1698 2684 1709 2695 ·
1747 2668 1805 2719 τὸ
1832 2667 1887 2720 δὲ
1964 2736 1967 2739 ἱ

322 2758 433 2812 τῶν
474 2759 824 2830 Ἰσμαηλιτῶν
860 2760 923 2811 ὲκ
948 2758 1039 2811 τοῦ
1082 2758 1322 2827 Ἶσμαήλ.

411 2854 468 2905 '0
501 2852 557 2905 δὲ
590 2851 712 2904 Λὼτ
744 2852 1031 2922 χωρίζεται
1078 2849 1170 2903 τοῦ
1224 2849 1487 2923 Ἀϐραὰμ,
1525 2853 1616 2903 καὶ
1656 2851 1753 2921 τὴν
1787 2849 1889 2921 χώ-

326 2964 429 3019 ραν
451 2947 550 3015 τὴν
574 2944 876 3015 Σοδομηνὴν
897 2942 1130 3015 ᾤκησεν,
1156 2945 1274 3013 ἣτις
1300 2944 1530 3015 οὐρανίῳ
1556 2945 1887 3015 πυρπολήσει

322 3042 392 3094 δι’
426 3038 661 3108 ἄθεσμον
712 3036 1050 3108 παρανομίαν
1096 3035 1485 3106 κατεδικάσθη,
1536 3038 1629 3089 καὶ
1675 3037 1752 3089 ἔτι
1795 3036 1886 3090 καί

322 3133 422 3187 νῦν
468 3130 779 3202 κεκαυμένα
842 3130 1011 3201 αὐτῆς
1042 3129 1110 3182 τὰ
1153 3128 1274 3199 τχνη
1319 3129 1597 3199 φαίνεται·
1630 3129 1739 3182 ἔστι
1781 3130 1885 3202 γὰρ

327 3229 455 3281 ἰδεῖν
488 3227 648 3278 πέντε
681 3224 885 3277 πόλεων
920 3222 1097 3287 σκιὰς,
1132 3225 1189 3275 ἐν
1219 3218 1305 3286 αἷς
1337 3222 1617 3291 βλαστάνει
1657 3223 1885 3294 καρπὸς,

320 3317 382 3381 ὃς
410 3316 657 3385 φαίνεται
689 3316 785 3385 μὲν
824 3314 1019 3379 ἔξωθεν
1046 3313 1423 3384 παραπλήσιος
1448 3316 1557 3376 τοῖς
1588 3313 1884 3383 ὲδωδίμοις,

322 3406 550 3477 ληφθεὶς
578 3405 635 3457 δὲ
675 3407 795 3467 ταῖς
823 3406 1030 3477 χερσὶν,
1064 3406 1142 3467 εἰς
1176 3404 1380 3473 τέφραν
1410 3404 1503 3457 καί
1532 3404 1733 3458 καπνὸν
1756 3406 1886 3458 ἀνα-

322 3499 530 3552 λύεται.
570 3499 780 3568 Γειτνιᾷ
824 3497 879 3549 δὲ
911 3496 1081 3570 ταύτῃ
1123 3499 1156 3567 ἡ
1220 3496 1559 3565 Ἀσφαλτῖτις
1604 3496 1790 3567 λίμνη,
1849 3496 1884 3567 ἢ

324 3592 587 3660 πρότερον
631 3590 726 3657 μὲν
766 3584 834 3659 ἦν
886 3588 1069 3650 κοιλὰς
1107 3588 1313 3659 φρέατα
1364 3587 1562 3658 ἔχουσα
1595 3588 1883 3657 ἀσφάλτου,

323 3680 710 3750 ἀφανισθείσης
742 3680 797 3732 δὲ
836 3682 930 3750 τῆς
978 3680 1180 3751 χώρας,
1215 3680 1377 3751 λίμνη
1418 3681 1723 3751 γεγένηται,
1766 3682 1888 3751 ἥτις

323 3777 417 3829 καὶ
455 3775 642 3846 Νεκρὰ
674 3773 916 3827 θάλασσα
954 3773 1432 3847 προσαγορεύεται.
1478 3775 1585 3827 Καὶ
1630 3774 1742 3827 ἔστι
1788 3774 1887 3843 μὲν

324 3866 627 3935 πικροτάτη
675 3866 831 3935 φύσει
879 3867 973 3918 καὶ
1018 3867 1253 3934 ἄγονος·¹
1288 3865 1487 3933 κοῦφον
1532 3865 1588 3917 δὲ
1633 3864 1694 3917 τὸ
1744 3864 1885 3936 ὕδωρ

282 4010 285 4011 ,
320 3958 604 4030 κέκτηται,
640 3959 713 4022 ὡς
743 3960 848 4012 τῶν
885 3962 941 4012 ἐν
973 3961 1110 4030 αὐτῇ
1162 3961 1500 4029 ριπτομένων
1542 3959 1770 4031 βαρέων,
1805 3960 1885 4012 λί-

320 4049 417 4105 Θου
447 4052 479 4121 ἢ
522 4051 757 4122 σιδήρου,
792 4052 950 4121 τυχὸν
999 4052 1072 4122 μὴ
1106 4050 1415 4104 καταδύνειν
1451 4052 1529 4115 εἰς
1563 4052 1652 4104 τὸν
1706 4052 1881 4121 βυθὸν,

321 4140 437 4193 ἀλλ’
467 4138 621 4205 αὖθις
650 4141 838 4213 ὥσπερ
884 4142 988 4195 ὑπὸ
1020 4143 1325 4212 πνεύματος
1363 4144 1755 4212 ἀναφυσᾶσθαι,
1793 4146 1885 4198 καί¹

242 4268 248 4272 ~
323 4230 703 4284 ἐπιπολᾶσθαι.
748 4232 1017 4300 Ῥιφέντες
1045 4232 1152 4303 γὰρ
1180 4234 1264 4283 ἐπ’
1292 4233 1425 4303 αὐτῇ
1456 4230 1653 4296 ζῶντες
1681 4233 1886 4305 ἄνθρω-

324 4339 417 4375 ποι
479 4323 962 4376 ἀναὸλυστάνουσι’
1018 4323 1199 4395 νεκροὶ
1252 4323 1306 4375 δὲ
1351 4324 1736 4378 καταδύνουσι’
1792 4324 1883 4378 καὶ

1991 1830 2328 1889 sumdantes,
2362 1828 2697 1889 evertebant,
2730 1826 2990 1881 instruxit
3019 1824 3154 1877 nihil
3204 1838 3295 1877 eos
3326 1822 3409 1877 vel
3436 1836 3553 1874 mo-

1990 1922 2177 1986 menti,
2224 1920 2308 1973 vel
2369 1918 2623 1988 ponderis
2685 1919 2944 1987 cogitare,
3003 1930 3177 1985 neque
3224 1914 3549 1978 decernere;

1989 2025 2156 2080 quare
2206 2018 2422 2079 propter
2470 2008 2812 2077 prudentiam
2863 2004 3309 2073 sapientiamque,
3341 2013 3551 2055 summa

1988 2116 2110 2155 cum
2146 2099 2503 2177 admiratione
2551 2098 2820 2159 laudatus,
2853 2094 3208 2148 arithmeticae
3240 2091 3346 2145 illis
3376 2098 3553 2143 astro-

1987 2207 2214 2260 rumque
2246 2198 2415 2245 artem
2449 2190 2652 2253 tradit;
2681 2197 2806 2242 ante
2854 2187 3001 2241 enim
3047 2185 3192 2239 illius
3244 2195 3547 2243 accessum,

1987 2283 2178 2338 harum
2204 2281 2556 2337 scientiarum
2585 2278 2822 2349 Egyptii
2857 2277 3019 2333 rudes
3043 2282 3215 2337 erant,
3233 2272 3430 2343 quibus
3451 2270 3551 2323 im-

1987 2374 2101 2430 buti
2124 2389 2215 2429 eas
2246 2383 2429 2444 postea
2458 2388 2579 2426 cum
2605 2371 2805 2425 Grazcis
2834 2367 3337 2428 communicarunt;
3369 2376 3549 2415 rever-

1987 2480 2156 2533 soque
2180 2464 2451 2517 Abraham
2478 2478 2544 2517 ex
2574 2461 2886 2532 Aigyplo“,
2921 2459 3065 2512 Illius
3087 2456 3276 2512 lsmael
3306 2452 3552 2507 nascitur

1986 2575 2050 2613 ex
2087 2558 2279 2612 ancilla
2314 2556 2473 2627 Agar.
2502 2574 2621 2628 quae
2638 2556 2897 2627 Agat-etiis
2927 2553 3339 2622 Saracenisque,
3362 2563 3552 2621 quem-

1988 2644 2277 2705 admodum
2314 2649 2603 2709 lsmaelitis
2630 2649 2844 2713 lsmael,
2878 2648 3032 2720 origo
3062 2646 3182 2699 fuit.

1964 2908 1965 2911 η
2056 2869 2174 2933 Lot,
2209 2869 2485 2938 sejunctus
2507 2868 2574 2922 ab
2600 2865 2950 2932 Abraham“,
2980 2864 3253 2933 regionem
3290 2859 3549 2914 Sodome—

1986 2974 2111 3011 nam
2133 2958 2466 3012 domicilium
2490 2957 2698 3019 habuit,
2729 2972 2849 3026 quae
2877 2963 3096 3025 prOpter
3138 2951 3403 3006 nefarium
3429 2965 3547 3004 sce-

1988 3049 2073 3104 lus
2094 3049 2299 3104 cmlesti
2336 3049 2583 3103 incendio
2623 3046 3058 3117 conﬂagravit”,
3088 3052 3141 3098 et
3176 3042 3381 3097 nostris
3411 3049 3547 3095 tem-

1988 3142 2213 3212 poribus
2243 3140 2363 3208 ejus
2398 3139 2634 3195 incendii
2659 3140 2899 3209 reliquiae
2922 3145 3243 3194 cernnntur.
3280 3133 3545 3190 Videntur

1986 3247 2220 3302 namque
2246 3232 2524 3286 civitatum
2562 3231 2800 3300 quinque
2829 3229 3164 3299 vestigia,in
3200 3227 3399 3297 quibus
3430 3225 3545 3279 fru-

1986 3333 2107 3378 ctus
2131 3325 2389 3393 assurgit,
2416 3323 2505 3393 qui
2553 3322 2793 3397 exterius
2825 3320 3122 3376 esculentis
3153 3319 3347 3373 similis
3382 3332 3547 3387 appa-

1958 3421 2089 3479 .re.t,
2126 3422 2273 3468 tactu
2303 3430 2526 3485 pressus
2570 3413 2776 3467 fumum
2802 3412 3039 3476 exhalat,
3062 3418 3115 3464 et
3138 3408 3340 3464 fatiscit
3368 3408 3419 3461 in
3452 3424 3546 3462 va-

1986 3523 2111 3577 gum
2135 3507 2428 3578 pulverem.
2460 3505 2596 3560 Huic
2617 3505 2823 3575 regioni
2852 3503 3129 3573 proximus
3164 3508 3246 3555 est
3266 3498 3546 3569 Aspbalti~

1986 3607 2069 3654 tes
2096 3598 2267 3664 lacus,
2298 3598 2388 3668 qui
2419 3598 2569 3668 prius
2592 3608 2706 3650 erat
2732 3595 2907 3657 vallis,
2942 3594 3119 3663 puteis
3144 3590 3407 3646 bitumine
3434 3589 3546 3658 ple-

1956 3740 1961 3741 ,
1985 3691 2103 3755 nis;
2132 3706 2307 3746 mersa
2330 3691 2572 3761 regione,
2596 3689 2747 3759 lacus
2774 3688 2963 3752 crevit,
2989 3688 3081 3756 qui
3124 3691 3176 3739 et
3217 3698 3366 3738 mare
3405 3681 3538 3736 Mor-

1988 3789 2138 3834 tuum
2165 3788 2392 3835 vocatur
2430 3799 2441 3833 :
2479 3780 2631 3835 dirus
2675 3787 2901 3842 natura,
2936 3775 3265 3845 sterilisque,
3300 3784 3353 3829 et
3385 3772 3547 3827 undis

1984 3873 2215 3935 levibus,
2256 3872 2329 3925 ita
2363 3880 2421 3927 ut
2465 3872 2577 3928 sive
2620 3871 2851 3943 lapides,
2885 3870 2998 3924 sive
3046 3868 3270 3932 ferrum,
3299 3868 3413 3921 sive
3449 3867 3549 3920 alio

1985 3962 2117 4032 quid
2168 3962 2316 4017 aliud
2358 3978 2520 4033 grave
2562 3963 2618 4017 in
2680 3962 2829 4015 illum
2879 3960 3251 4033 projiciantur,
3285 3973 3393 4012 non
3438 3957 3545 4011 ima

1985 4066 2185 4125 petere,
2208 4055 2315 4121 sed
2341 4071 2534 4111 rursus
2556 4061 2812 4125 tanquam
2846 4068 2877 4106 a
2898 4059 3059 4107 vento
3079 4051 3287 4106 ematur
3314 4034 3370 4103 in
3396 4065 3546 4103 sum-

1956 4164 2182 4219 ,moque
2214 4147 2413 4213 ﬂuitat,
2443 4148 2497 4201 in
2514 4162 2742 4216 eamque
2770 4145 2877 4199 vivi
2915 4145 3161 4199 homines
3206 4141 3390 4212 injecti
3420 4156 3545 4221 ege-

1984 4250 2200 4305 runtur,
2247 4240 2445 4295 mortui
2499 4246 2852 4309 merguntur;
2912 4237 3253 4305 luceruaaque
3304 4247 3547 4309 accensae

1985 4339 2356 4400 supernatant,
2389 4330 2674 4385 exstinctae
2720 4330 3045 4395 obruuntur.
3080 4325 3451 4401 SalJamarum
3490 4331 3546 4397 et

321 4413 504 4485 λύχνοι
536 4414 593 4467 δὲ
635 4414 909 4485 καιόμενοι
942 4415 1310 4485 ἐπιφέρονται,
1356 4415 1670 4479 σϐεσθέντες
1700 4416 1755 4468 δὲ
1789 4434 1884 4469 κα-

1987 4423 2201 4478 alumen
2226 4423 2620 4492 bituminisque
2643 4422 2832 4492 globos
2869 4420 3201 4491 nigricantes
3224 4418 3393 4472 tauris
3426 4416 3545 4473 sine

322 4508 733 4564 ταποντοῦνται.
774 4508 1057 4578 ’Λναφὲρει
1096 4508 1153 4561 δὲ
1192 4507 1323 4571 ἃλας
1370 4510 1582 4581 πικρὸν,
1631 4509 1724 4561 καὶ
1758 4526 1880 4561 στυ-

320 4601 581 4672 πτηρίαν,
634 4600 730 4653 καὶ
780 4600 877 4670 τῆς
921 4599 1193 4668 ἀσφάλτου
1251 4599 1500 4670 μελαίνας
1535 4598 1755 4669 βώλους.
1805 4598 1880 4661 ὡς

320 4692 555 4746 ἐοικέναι
584 4691 805 4755 τούτους
837 4691 1052 4761 ταύροις
1082 4691 1369 4759 ἀκεφάλοις
1398 4691 1458 4743 τὸ
1491 4690 1733 4760 μέγεθος.
1770 4691 1880 4744 Καὶ

313 4788 369 4840 οἰ
414 4784 632 4848 ναῦται,
684 4783 779 4847 τὰς
818 4782 1019 4853 βώλους
1066 4783 1265 4846 ταύτας
1316 4784 1685 4855 δρασσόμενοι,
1743 4783 1877 4851 πλη-

319 4876 475 4949 ροῦσι
505 4876 574 4929 τὰ
604 4876 805 4947 σκάφη,
842 4876 931 4928 καί
956 4875 1200 4928 ἕλκουσιν
1232 4875 1324 4927 ἐπὶ
1346 4874 1441 4945 τὴν
1463 4874 1671 4945 χέρσον.
1706 4875 1879 4945 Προσ-

318 4968 615 5039 πήγνυταιζ
637 4967 691 5019 δὲ
732 4965 810 5037 τῷ
846 4965 985 5034 ξύλῳ
1022 4966 1115 5018 τοῦ
1162 4966 1344 5019 πλοίου
1386 4968 1418 5035 ἡ
1452 4964 1743 5034 ἄσφαλτος,
1785 4964 1879 5019 καὶ

315 5058 703 5123 ἀποξυλοῦται,
733 5058 807 5121 ὡς
839 5058 911 5130 μὴ
942 5057 1196 5112 δύνασθαι
1228 5057 1400 5120 άλλως
1424 5057 1874 5128 ἀποκολληθῆναι,

276 5210 282 5214 _
317 5155 369 5205 εἰ
399 5152 473 5223 μὴ
508 5150 757 5223 βρεχθείη
782 5150 962 5222 οὔροις
991 5152 1085 5203 καὶ
1114 5150 1436 5218 γυναικείοις
1459 5151 1737 5221 ἐμμήνοις·
1761 5150 1879 5203 τού-

280 5294 283 5297 .
317 5262 430 5308 τοις
465 5245 575 5314 γὰρ
610 5244 775 5296 εἴκειν
809 5243 987 5313 μόνοις
1019 5242 1279 5312 πέφυκεν.
1324 5243 1623 5296 Ἀλλάττειν
1648 5243 1703 5296 δέ
1748 5261 1878 5312 φασι

1954 4560 1955 4563 η
1986 4516 2162 4583 capite
2189 4515 2394 4570 similes
2425 4514 2795 4586 magnitudine
2836 4514 3026 4583 gignit,
3051 4519 3103 4566 et
3150 4519 3327 4565 nauta:
3356 4510 3544 4580 globos

1986 4604 2149 4659 hosce
2181 4605 2453 4673 abreptos,
2492 4605 2722 4658 navibus
2762 4604 2972 4659 onustis
3001 4604 3054 4657 in
3088 4602 3236 4657 littus
3268 4602 3545 4677 trahentes

1985 4696 2253 4757 deferunt.
2285 4696 2557 4751 Navicula:
2589 4712 2717 4751 vero
2746 4698 2904 4768 lignis
2931 4697 3174 4751 bitumen
3201 4705 3543 4769 compactum

1986 4789 2243 4851 adhaeret,
2272 4796 2325 4843 et
2356 4789 2519 4843 veluti
2567 4790 2771 4861 lignum
2823 4789 3263 4861 obdurescit,~ita
3289 4797 3346 4842 ut
3389 4789 3547 4842 evelli

1984 4879 2323 4949 discindique
2362 4888 2611 4949 nequeat,
2646 4888 3003 4950 praeterquam
3041 4881 3186 4934 loliis
3217 4880 3545 4935 menstruis-

1956 4986 2088 5041 ,que
2114 4972 2398 5025 mulierum
2421 4986 2726 5040 aspersum.
2762 4970 2886 5025 Sola
2910 4971 3052 5026 enim
3082 4971 3185 5025 hac
3217 4971 3267 5025 vi
3300 4970 3545 5040 superari

1981 5072 2178 5136 potest.
2213 5063 2458 5117 Tradunt
2489 5079 2682 5133 aquam
2711 5064 2951 5131 quotidie
2974 5064 3150 5118 tribus
3177 5064 3392 5119 vicibus
3426 5080 3544 5117 mu-

1983 5166 2098 5212 tare
2132 5156 2366 5216 colores,
2397 5156 2697 5225 crebraque
2737 5156 2951 5209 illorum
2984 5154 3278 5209 mutatione
3315 5155 3380 5209 ad
3413 5156 3543 5210 solis

1984 5249 2167 5303 radios
2199 5248 2523 5302 illustratam
2562 5249 2697 5301 mire
2746 5246 3039 5302 videntiqu
3081 5247 3270 5301 oculos
3308 5246 3539 5303 allicere.

318 5338 419 5406 τῆς
461 5336 669 5405 ἡμέρας
724 5336 908 5408 χροιὰς
953 5341 1098 5401 τρεῖς
1147 5338 1208 5390 τὸ
1259 5338 1421 5408 ὕδωρ,
1470 5338 1563 5391 καὶ
1608 5338 1875 5391 ποικιλίαν
1907 5338 2080 5409 δζιεως
2118 5341 2417 5410 ἐκπέμπειν
2452 5333 2592 5410 πρὸς
2638 5340 2737 5412 τὴν
2764 5341 2956 5393 ἀκτῖνα
3016 5338 3107 5391 τοῦ
3159 5337 3309 5391 ἡλίου
3343 5338 3538 5393 ἀνταυ-

317 5430 415 5498 γοῦ
424 5447 539 5483 σαν.

403 5525 460 5577 '0
498 5526 553 5577 δὲ
597 5525 863 5595 Ἀϐραὰμ,
901 5524 1288 5594 ἑκατοντούτης
1319 5524 1621 5596 γενόμενος,
1667 5532 1881 5599 γνήσιον

391 5680 721 5747 “601.3”,
763 5683 807 5737 Ι.

2060 5525 2256 5580 Verum
2286 5524 2557 5579 Abraham
2613 5523 2787 5577 aetatis
2816 5539 2926 5578 suae
2960 5538 3100 5581 anno
3137 5521 3435 5580 centesimo
3460 5520 3536 5587 1ο-

884 5684 927 5715 ⁶¹
959 5674 1098 5736 Ιίνῢί.
1131 5682 1216 5738 il).
1296 5683 1337 5716 "
1371 5682 1498 5739 Gen.
1534 5701 1644 5750 xvi,
1680 5686 1729 5739 ί.
1804 5688 1845 5719 ⁸⁸⁸
1880 5687 1894 5740 ί

1993 5728 2002 5739 .
2037 5684 2273 5768 amplo.
2304 5758 2305 5761 η
2356 5684 2400 5761 °_'
2450 5684 2575 5744 Gen.
2610 5702 2719 5752 nx,
2755 5684 2845 5749 ει.
