4080 6334
545 268 650 325 765

1418 260 1475 316 S.
1519 257 1964 316 EUSTATHIUS
2000 259 2493 321 ANTIOCHENUS
2530 262 2929 322 EPISCOPUS.

3689 269 3801 328 764

543 380 795 452 gitimum
819 381 986 438 ﬁlium
1000 375 1149 437 Isaac
1163 395 1228 438 ex
1245 379 1409 437 Sarra
1423 381 1661 455 suscepit
1678 382 1801 451 “,et
1818 390 1941 455 post
1969 387 2118 434 octa-

2221 383 2384 437 παῖδα
2416 384 2481 437 ὲκ
2506 382 2609 454 τῆς
2630 381 2848 453 Σάρρας
2868 380 2961 434 τὸν
2996 379 3182 437 Ἰσαὰκ
3206 382 3464 455 ἐγέννησε
3486 401 3500 415 ”
3530 386 3624 439 καὶ
3656 387 3804 458 μετά

543 489 670 529 vum
692 472 835 528 diem
865 469 1207 527 circumcidit
1222 470 1291 537 ⁸⁷,
1319 467 1686 540 indeque‘mos
1705 469 1795 526 blc
1829 471 2118 527 circumci-

2217 473 2316 543 τὴν
2351 474 2544 546 ὀγδόην
2580 473 2792 547 ἡμέραν
2824 472 2989 526 αὐτὸν
3025 472 3371 546 περιέτεμεν,
3402 475 3463 542 ἐξ
3492 472 3554 532 οὐ
3581 479 3672 532 καὶ
3694 478 3804 534 νῦν

544 564 707 620 dendi
737 577 939 634 pueros
980 561 1126 633 apud
1153 560 1409 619 Hebraeos
1439 562 1690 618 invaluit.
1721 561 1858 621 Nam
1886 564 2113 628 Arabes.

2219 565 2278 619 τὸ
2329 565 2451 632 ἔθος
2484 565 2643 621 τοῦτο
2689 569 2740 620 οί
2796 565 3040 637 Ἑϐραῖοι
3093 566 3438 636 φυλάττουσι,
3484 573 3554 643 τῇ
3611 573 3806 645 ἡμέρᾳ

546 656 636 729 qui
650 666 703 713 et
720 655 1026 721 lsmaelitaz,
1048 654 1264 711 decimo
1284 655 1445 713 tertio
1463 654 1932 712 circumciduntur
1946 673 2114 725 anno,

546 766 669 807 cum
688 765 876 806 eorum
912 749 1121 822 primus
1146 765 1346 822 parens
1375 749 1569 809 lsmael
1587 766 1654 808 eo
1685 759 1926 824 tempore
1957 752 2119 810 fuerit

546 843 909 900 circumcisus
924 842 992 899 ⁸⁸.

613 934 886 991 Abraham
955 936 1030 990 ita
1101 934 1366 993 suadente
1414 934 1614 1005 Sarra,
1673 935 1957 994 lsmaelem
2011 937 2119 994 alio

543 1025 831 1082 transtulit
853 1027 919 1091 θ’,
948 1041 1017 1082 ne
1041 1041 1106 1082 co
1132 1026 1244 1082 vita
1278 1025 1466 1083 functo
1487 1026 1605 1099 ipse
1620 1029 1778 1100 quasi
1799 1031 2010 1100 primus
2031 1044 2120 1101 ge-

543 1119 696 1174 nitus
726 1117 795 1173 de
819 1118 1187 1190 primogeniis
1214 1118 1435 1190 juribus
1463 1120 2003 1187 contendens,'isaac
2025 1122 2120 1179 de-

541 1210 860 1266 trimentum
894 1210 1236 1282 importaret.
1267 1210 1511 1270 lsmaelis
1537 1213 1721 1284 itaque
1746 1229 2116 1281 successores,

542 1311 747 1360 terram
778 1319 901 1375 qua:
943 1304 1013 1361 ab
1053 1303 1328 1377 Euphrate
1361 1304 1419 1360 in
1454 1320 1604 1364 mare
1632 1305 1881 1364 Rubrum
1915 1307 2116 1365 diffun-

540 1396 712 1463 ditur,
737 1403 1095 1468 occuparunt.

616 1488 726 1544 Nec
766 1490 938 1545 multo
967 1490 1151 1561 post"
1173 1489 1318 1547 Deus
1347 1497 1409 1546 ut
1445 1491 1553 1548 sibi
1590 1491 1658 1548 ad
1694 1501 1922 1550 mortem
1968 1491 2120 1550 Isaac

2216 658 2388 731 ταύτῃ
2432 658 2901 732 περιτεμνόμενοι.
2946 658 3181 729 ΙἌραϐες
3217 659 3327 733 γὰρ
3370 662 3467 716 καὶ
3509 664 3560 717 ot
3606 664 3807 735 Ἰσμα-

2187 749 2395 822 ἠλῖται
2427 752 2857 824 τρισκαιδεκάτῳ
2897 753 3317 825 περιτέμνονται
3357 752 3490 819 ἔτει,
3526 753 3621 811 τοῦ
3653 772 3809 830 προ-

2146 856 2150 861 ‘
2219 842 2451 915 πάτορος
2483 844 2662 899 αὐτῶν
2705 844 2929 919 ’Ῑσμαὴλ
2960 845 3102 900 οὐτω
3144 846 3594 919 περι-τμηθέντος.

2286 934 2532 1000 Πεισθεὶς
2579 935 2636 990 δὲ
2685 936 2791 991 ὐπὸ
2840 939 2941 1009 τῆς
2993 938 3230 1011 Σάρῤας,
3291 939 3321 992 6
3386 938 3637 1011 Ἀϐραὰμ
3692 938 3802 994 τὸν

2230 1027 2454 1100 Ἰσμαὴλ
2494 1028 2751 1101 ἀλλαχόσε
2793 1029 3097 1102 μετῴκησε,
3144 1030 3351 1101 μήποτε
3393 1030 3533 1101 μετά
3557 1029 3655 1102 τὴν
3687 1031 3804 1086 αὐ-

2218 1119 2310 1173 τοῦ
2350 1119 2670 1186 ἀποόίωσιν,
2694 1120 2772 1185 ῶς
2808 1120 3152 1194 πρωτότοκος
3193 1120 3322 1193 περὶ
3347 1121 3455 1175 τῶν
3485 1121 3807 1192 πρεσϐείων

2219 1212 2570 1284 κακουργήσῃ
2598 1212 2689 1266 τὸν
2735 1212 2942 1267 Ἰσαάκ.
2972 1211 3251 1283 Κατέσχον
3279 1210 3411 1281 γοῦν
3434 1212 3530 1266 τοῦ
3567 1214 3807 1286 Ἰσμαὴλ

2217 1302 2271 1355 οί
2308 1302 2562 1373 ἀπόγονοι
2588 1303 2687 1376 τὴν
2715 1304 2823 1359 ἀπὸ
2862 1303 3151 1377 Εὐφράτου
3185 1304 3530 1377 καθήκουσαν
3563 1305 3669 1377 γῆν
3696 1306 3806 1360 ἐπὶ

2216 1392 2319 1464 τὴν
2361 1392 2629 1465 Ἐρυθρὰν
2666 1394 2959 1451 θάλασσαν.

2287 1486 2442 1542 Μετὰ
2467 1486 2523 1541 δὲ
2558 1487 2745 1558 χρόνον
2774 1489 2854 1552 εἰς
2879 1486 3071 1543 θυσίαν
3099 1490 3128 1544 6
3157 1488 3288 1555 Θεὸς
3315 1490 3408 1545 τὸν
3467 1489 3651 1546 Ἰσαὰκ
3701 1493 3808 1547 ἀν-

544 1578 854 1645 oﬁ'errctur,
887 1580 1164 1651 praecepit,
1188 1588 1243 1638 et
1260 1580 1533 1638 Abraham
1561 1597 1830 1639 summam
1860 1583 1964 1640 hoc
1995 1599 2118 1641 esse

2219 1576 2498 1649 ενεχθῆναι
2547 1578 2696 1651 αὐτῷ
2740 1580 3101 1651 προσέταξενο
3136 1580 3231 1635 καὶ
3275 1583 3305 1636 6
3368 1581 3635 1655 ’Δύραάμ,
3689 1582 3805 1655 μὲ-

543 1677 727 1726 notam
762 1670 981 1743 pietatis
1021 1673 1368 1738 existimans,
1398 1674 1653 1732 maximis
1696 1677 2005 1742 conatibus,
2048 1677 2116 1733 ad

2219 1686 2405 1739 γιστον
2450 1670 2544 1723 καὶ
2585 1669 2744 1724 τοῦτο
2791 1670 3078 1736 εὐσεϐείας
3116 1671 3384 1744 σύμϐολον
3424 1672 3800 1745 ἡγησάμενος,

544 1732 913 1818 summitatem
941 1763 1234 1834 quamdam
1263 1732 1457 1835 pergit,
1475 1764 1749 1836 rebusque
1768 1732 2023 1822 omnibus
2052 1732 2118 1821 ad

2224 1732 2530 1835 ἀφικνεῖται
2562 1766 2657 1820 σὺν
2686 1763 2853 1836 πολλῇ
2882 1732 3157 1838 προθυμίᾳ
3184 1732 3269 1820 ἐπ’
3295 1732 3799 1839 ἀκρωρείαςπινδς,

544 1854 882 1911 sacriﬁcium
918 1863 1043 1928 apte
1068 1855 1517 1925 accommodatis,
1544 1856 1620 1912 ita
1676 1856 1846 1912 ﬁlium
1894 1856 2118 1930 alloqui-

2224 1856 2321 1910 καὶ
2360 1857 2536 1912 πάντα
2568 1857 2635 1912 τά
2669 1857 2803 1930 πρὸς
2845 1857 2945 1930 τὴν
2977 1856 3169 1912 θυσίαν
3196 1859 3543 1932 εὐτρεπίσας,
3594 1858 3804 1929 φάσκει

546 1955 638 2004 tur
666 1964 684 2003 :
2227 1946 2363 2018 πρὸς
2388 1946 2480 2000 τὸν
2510 1946 2672 2001 παῖδα
2705 1945 2870 2001 αὐτοῦ
2888 1963 2903 1977 ·

619 2057 637 2091 ι
681 2038 879 2111 Longis
904 2039 1243 2111 inﬁnitisque
1256 2039 1532 2111 precibus,
1559 2047 1619 2096 ut
1640 2040 1773 2097 mihi
1789 2040 2118 2107 nascereris,

2299 2056 2324 2089 ε
2373 2032 2444 2091 Ὦ
2496 2039 2627 2103 παῖ,
2683 2036 2903 2110 μυρίαις
2953 2038 3140 2109 εὐχαῖς
3186 2039 3552 2111 αἰτησάμενός
3598 2056 3657 2092 σε
3697 2054 3802 2108 γε-

543 2151 578 2190 o
602 2132 696 2197 ﬁli,
728 2147 758 2186 a
799 2131 909 2188 Deo
952 2132 1274 2202 impetravi;
1307 2131 1363 2186 in
1393 2132 1573 2188 lucem
1600 2132 1748 2188 edito
1777 2131 1959 2187 omnia
1995 2147 2118 2204 qum

2222 2128 2409 2184 νὲσθαι
2450 2147 2541 2202 μοι
2578 2130 2731 2203 παρά
2769 2130 2926 2192 Θεοῦ.
2956 2131 3077 2185 ἐπεὶ
3105 2132 3381 2204 παρῆλθες
3420 2133 3501 2197 εἰς
3535 2132 3627 2186 τδν
3653 2131 3797 2203 βίον,

546 2221 616 2277 ad
658 2232 807 2276 tuam
833 2220 1215 2277 educationem
1240 2220 1697 2293 disciplinamque
1716 2222 2024 2278 conducere
2046 2222 2118 2279 vi-

2223 2224 2324 2277 οὐκ
2360 2222 2504 2277 ἐστιν
2529 2223 2558 2276 ὃ
2595 2240 2648 2277 τι
2681 2222 2756 2296 μὴ
2786 2223 2914 2295 περὶ
2946 2223 3043 2295 τὴν
3083 2223 3181 2296 σὴν
3217 2224 3526 2297 ἀνατροφὴν
3554 2223 3797 2294 ἐφιλοτι-

543 2313 832 2380 dehantur,
902 2313 1227 2371 ambitiosus
1282 2313 1587 2385 insumpsi;
1656 2315 1713 2370 in
1773 2331 1946 2388 eoque
2005 2316 2118 2374 solo

2223 2315 2505 2390 μησάμην,
2553 2315 2663 2371 οὐδ’
2701 2317 2788 2386 ἐφ’
2834 2309 2880 2384 ᾧ
2921 2315 3119 2388 μᾶλλον
3156 2316 3563 2389 εὐδαιμονήσειν
3606 2317 3793 2388 ῷμην,

546 2417 818 2460 summam
851 2403 983 2459 mihi
1010 2403 1171 2460 rebar
1194 2403 1508 2461 felicitatem
1536 2406 1793 2478 positam,
1815 2408 1862 2465 si
1892 2416 1944 2464 te
1965 2408 2118 2464 adul-

2220 2409 2296 2474 ὡς
2331 2409 2517 2481 ἐπειδή
2555 2407 2624 2480 μέ
2651 2425 2711 2462 σε
2742 2406 3084 2481 ἠνδρωμένον
3113 2409 3209 2462 καὶ
3246 2406 3509 2461 τελευτῶν
3548 2407 3795 2478 διάδοχον

544 2501 662 2547 tum
691 2493 747 2548 in
780 2500 1029 2550 extremo
1056 2495 1182 2549 vitae
1213 2510 1349 2550 mea:
1379 2494 1488 2560 die,
1515 2511 1700 2551 rerum
1736 2512 1980 2553 mearum
2010 2509 2118 2555 sta-

2219 2501 2396 2574 ἀρχῆς
2426 2502 2526 2574 τῆς
2562 2500 2800 2571 ὲμαυτοῦ
2840 2500 3244 2573 καταλείποιμι.
3302 2501 3444 2555 Ἀλλ’
3490 2500 3613 2554 ἐπεὶ
3650 2499 3792 2554 Θεοῦ

546 2593 746 2655 tusque
787 2585 1058 2643 haeredem
1087 2601 1570 2660 successoremque
1599 2589 1979 2661 relinquerem.
2012 2586 2117 2647 sed

2220 2592 2542 2665 βουλομένου
2587 2592 2678 2658 σδς
2726 2593 2909 2667 πατὴρ
2943 2593 3230 2665 ἐγενόμην,
3274 2592 3435 2647 πάλιν
3481 2592 3654 2664 τούτῳ
3701 2595 3792 2647 al—

545 2694 671 2733 cum
701 2678 798 2735 Dei
856 2679 1123 2735 beneﬁcio
1168 2687 1333 2752 atque
1379 2696 1606 2737 munere
1634 2688 1789 2752 pater
1833 2689 1960 2738 tuus
1990 2681 2113 2746 sim,

2219 2684 2394 2739 τοῦντι
2421 2685 2714 2757 ἀνατίθημί
2759 2703 2837 2742 σε.
2878 2685 3014 2758 Φέρε
3053 2681 3147 2740 οὖν
3174 2684 3436 2755 γενναίως
3463 2685 3563 2758 τὴν
3602 2684 3793 2738 καθιέ-

548 2787 770 2829 rursum
799 2772 876 2827 illi
912 2772 1211 2844 postulanti
1251 2779 1307 2829 te
1344 2771 1535 2829 oﬁ'ero.
1570 2770 1791 2830 Sustine
1838 2772 2005 2845 igitur
2025 2788 2118 2843 ge-

2220 2796 2412 2851 ριιοσιν⁸
2458 2779 2536 2851 τῷ
2576 2777 2696 2850 Θεῷ
2742 2778 2853 2851 γάρ
2898 2795 2959 2831 σε
2989 2776 3321 2850 παραχωρῶ,
3368 2776 3572 2848 ταύτης
3620 2774 3789 2843 ἀξιώ-

547 2879 745 2920 m-rose
805 2864 1148 2936 viriliterquc
1195 2864 1337 2920 hanc
1398 2864 1868 2921 consecrationem
1914 2884 1929 2919 :
1978 2863 2116 2920 cedo

2219 2888 2370 2927 σαντι
2406 2872 2536 2945 παρ’
2582 2872 2736 2944 ήμῶν
2766 2871 2868 2943 τῆς
2915 2871 3102 2942 τιμῆς,
3133 2870 3249 2924 ἀνθ’
3292 2862 3371 2924 ὧν
3415 2869 3648 2942 εὐμενὴς
3692 2869 3790 2923 καὶ

545 2958 689 3011 cnittt
720 2945 779 3013 te
800 2955 931 3023 Deo,
967 2956 1059 3028 qui
1082 2956 1291 3014 honore
1317 2957 1423 3012 hoc
1455 2972 1486 3012 a
1522 2955 1682 3013 nobis
1700 2956 1815 3012 vult
1841 2956 2111 3021 decorari,

2219 2964 2525 3037 προστάτης
2566 2982 2655 3036 μοι
2693 2964 2939 3034 γέγονεν.
2986 2961 3175 3018 ’Ἄπιθι
3210 2959 3305 3017 οὖν
3356 2963 3456 3016 οὐκ
3500 2960 3791 3016 ἀποθανὼν

549 3055 775 3119 propter
796 3063 861 3104 ea
890 3064 1013 3120 quae
1051 3048 1185 3105 mihi
1230 3050 1495 3120 benignus
1526 3056 1824 3120 custosque
1842 3049 2110 3120 praestitit.

2219 3056 2308 3110 τὸν
2341 3055 2519 3110 κοινὸν
2550 3056 2615 3109 ὲκ
2647 3054 2741 3109 τοῦ
2772 3054 2870 3127 ζῇν
2891 3054 3113 3127 τρόπον,
3135 3053 3249 3109 ἀλλ’
3289 3053 3395 3108 ὐπὸ
3420 3053 3625 3124 πατρὸς
3655 3052 3788 3109 ἰδίου

547 3140 651 3197 Abi
693 3140 861 3211 igitur
909 3156 1018 3197 non
1076 3140 1358 3196 communi
1396 3141 1639 3197 omnium
1684 3155 1835 3196 more
1884 3148 2114 3197 mortem

2219 3147 2335 3218 Θεῷ
2370 3145 2448 3218 τῷ
2477 3146 2692 3201 πάντων
2719 3147 3059 3219 πατρννόμῳ
3086 3145 3278 3210 θυσίας
3308 3146 3785 3218 προπεμπόμενος.

545 3232 760 3298 obiens,
811 3232 907 3289 sed
954 3248 984 3287 a
1025 3240 1183 3305 patre
1227 3233 1473 3305 proprio,
1513 3247 1695 3289 rerum
1741 3233 1983 3287 omnium
2023 3248 2118 3304 pa-

2219 3240 2401 3308 ’Δξιον
2447 3234 2598 3311 οἶμαί
2642 3256 2702 3293 σε
2732 3239 3019 3311 κρίναντος
3058 3237 3246 3304 αὐτοῦ,
3287 3239 3424 3311 μήτε
3454 3238 3616 3310 νόσῳ,
3651 3237 3790 3309 μήτε

546 3325 689 3382 renti
738 3324 867 3392 Deo,
900 3327 1020 3383 vice
1048 3326 1301 3383 sacriﬁcii
1345 3327 1683 3397 premissus,
1715 3325 1810 3397 qui
1856 3333 2030 3392 tuum,
2052 3339 2117 3381 ea

2219 3332 2456 3403 πολέμῳ,
2503 3332 2642 3404 μήτε
2679 3330 2826 3403 ἄλλῳ
2861 3332 2967 3385 τινὶ
3005 3331 3111 3387 τῶν
3143 3330 3352 3396 παθῶν,
3380 3330 3418 3385 ἃ
3459 3330 3790 3403 συμπίπτειν

546 3426 632 3476 est
664 3419 813 3477 illius
843 3419 1126 3491 majestas,
1160 3435 1338 3491 neque
1370 3418 1583 3484 morbo,
1614 3434 1793 3491 neque
1827 3418 1990 3484 bello,
2021 3433 2118 3475 ne-

547 3529 658 3585 que
683 3514 797 3569 ullo
840 3513 968 3579 alio,
998 3514 1199 3586 quibus
1237 3529 1410 3586 genus
1451 3512 1751 3569 humanum
1790 3511 1987 3568 conﬁci
2018 3526 2118 3567 na-

548 3614 666 3661 tum
695 3614 799 3671 est,
828 3604 924 3662 sed
946 3605 1202 3676 precibus
1227 3613 1281 3661 et
1317 3602 1590 3661 sacriﬁcio
1619 3603 1860 3658 animum
1896 3603 2114 3674 excipit.

551 3695 692 3753 Tum
730 3696 896 3752 Deum
928 3696 1061 3752 mihi
1096 3705 1350 3765 tutorem,
1383 3705 1725 3767 senectaeque
1765 3710 1897 3751 meae
1932 3696 2118 3752 mode-

553 3795 813 3853 ratorem,
842 3786 961 3843 vice
992 3794 1084 3842 tua
1113 3788 1419 3858 praestabis.
1462 3806 1480 3840 ι

623 3880 835 3949 Quibus
858 3880 1083 3949 auditis,
1112 3881 1187 3936 ita
1214 3880 1411 3937 effatus
1449 3888 1534 3937 est
1561 3879 1712 3938 Isaac
1744 3900 1756 3934 :
1788 3901 1806 3933 ι
1830 3879 1973 3938 Sane
2005 3881 2120 3953 qui-

553 3976 676 4034 dem
709 3992 887 4048 neque
912 3975 1066 4033 initio
1092 3976 1291 4048 dignus
1310 3974 1619 4046 iudicarer,
1642 3975 1736 4045 qui
1758 3989 2036 4039 nascerer,
2071 3976 2118 4032 si

555 4069 650 4127 Dei
681 4070 960 4143 patrisque
979 4069 1248 4140 judicium
1280 4068 1614 4140 probaturus
1646 4081 1755 4121 non
1778 4082 1978 4134 essem,
2004 4082 2121 4124 me-

559 4178 669 4234 que
702 4160 1109 4233 promptissime
1150 4160 1439 4232 utriusque
1485 4159 1753 4216 voluntati
1795 4159 2120 4216 commissu-

552 4264 672 4304 rus.
720 4248 829 4304 Sed
856 4249 902 4304 si
933 4248 1018 4304 vel
1046 4256 1201 4319 pater
1254 4249 1407 4306 solus
1446 4248 1551 4305 hoc
1579 4256 1864 4316 tentasset,
1893 4248 2118 4320 impium

552 4348 699 4404 esset
728 4355 837 4395 non
866 4340 1104 4397 obedire.
1147 4359 1166 4393 ι

2215 3422 2526 3498 ἀνθρώποις
2572 3424 2800 3493 πέφυκε,
2849 3424 2962 3495 μετ’
3008 3421 3182 3494 εὐχῶν
3238 3421 3296 3477 δὲ
3346 3423 3440 3480 καὶ
3484 3422 3790 3495 ἱερουργίας

2216 3511 2425 3566 ἐκείνου
2453 3510 2551 3584 τὴν
2595 3510 2693 3584 σὴν
2725 3510 2900 3583 ψυχὴν
2938 3510 3397 3583 προσδεξαμένου.
3431 3513 3568 3584 Ἔσῃ
3595 3511 3653 3567 δέ
3698 3532 3790 3584 μοι

2217 3602 2297 3665 εἰς
2321 3601 2591 3673 κηδεμόνα
2614 3601 2708 3655 καὶ
2729 3618 2799 3673 γη
2806 3599 3039 3672 ροκόμον
3059 3599 3150 3653 τὸν
3174 3600 3307 3655 Θεόν
3332 3617 3421 3672 μοι
3448 3600 3567 3654 ἀντὶ
3591 3601 3788 3656 σαυτοῦ

2218 3694 2648 3767 παρασχόμενος.
2687 3711 2706 3744 ι

2287 3870 2503 3924 Τούτων
2531 3866 2770 3931 ἀκούσας
2802 3868 2832 3921 ό
2876 3864 3061 3919 Ἰσαὰκ
3083 3863 3185 3937 ἔφη
3226 3864 3361 3937 πρὸς
3384 3866 3545 3920 αὐτόν
3563 3884 3575 3897 ·
3612 3885 3632 3918 ι
3655 3866 3791 3923 οὐδὲ

2216 3963 2315 4036 τὴν
2353 3962 2528 4035 ἀρχὴν
2574 3959 2857 4031 γεγονέναι
2889 3960 3097 4023 δίκαιος
3132 3959 3249 4030 εἵην
3288 3958 3374 4025 ἂν,
3421 3962 3471 4013 εί
3512 3959 3644 4014 Θεοῦ
3694 3962 3791 4016 καὶ

2218 4055 2425 4126 πατρὸς
2470 4052 2718 4125 μέλλοιμι
2760 4053 2945 4125 κρίσιν
2988 4052 3345 4116 ἀπωθεῖσθαι,
3377 4052 3574 4123 καὶμὴ
3617 4055 3790 4126 παρέ-

2218 4166 2334 4221 χειν
2379 4148 2612 4220 ἐμαυτὸν
2656 4149 2766 4211 τοῖς
2806 4147 3130 4221 ἀμφοτέρων
3159 4146 3492 4217 βουλήμασιν
3534 4145 3786 4218 ἑτοίμως.

2233 4239 2372 4294 Ἀλλ’
2410 4242 2458 4293 εἰ
2504 4239 2600 4294 καὶ
2644 4238 2803 4310 μόνος
2842 4237 3015 4293 ταῦτα
3058 4240 3089 4291 ό
3133 4238 3312 4311 πατὴρ
3354 4239 3664 4309 προῃρεῖτο,
3712 4239 3789 4311 μὴ

2220 4330 2515 4387 ὑπακούειν
2545 4329 2729 4385 ἄδικον
2754 4325 2842 4403 ἦν.
2888 4349 2906 4382 ι

625 4431 761 4488 Dum
814 4433 917 4491 hoc
947 4432 1206 4503 loquitur,
1238 4431 1303 4489 ad
1348 4447 1501 4489 aram
1548 4431 1861 4503 caedemque
1890 4439 2116 4504 paratus

2292 4424 2400 4478 Kal.
2439 4421 2614 4477 ταῦτα
2654 4421 2827 4491 λέγων
2867 4421 3124 4494 ὥρμησεν
3177 4424 3268 4477 ἐπὶ
3312 4421 3402 4476 τὸν
3451 4421 3653 4494 βωμὸν,
3694 4424 3788 4477 καὶ

553 4539 879 4597 progressus
892 4524 1107 4585 est.Sed
1124 4526 1573 4600 Deus,utriusque
1583 4532 1836 4597 prompto
1847 4523 2120 4597 alacrique

558 4602 741 4677 hnimo
765 4626 1067 4689 perspecto,
1098 4619 1236 4690 patri
1265 4618 1432 4674 ﬁlium
1455 4616 1677 4674 donavit
1704 4618 1772 4682 ",
1799 4616 1971 4674 ariete
1995 4617 2119 4672 loco

558 4708 813 4765 sacriﬁcii
850 4709 944 4765 ﬁlii
970 4719 1416 4774 commonstrato,
1434 4724 1595 4782 quem
1627 4709 1811 4767 statim
1840 4723 1941 4780 pro
1971 4709 2121 4765 Isaac

558 4800 667 4861 ﬁlio
690 4816 791 4857 suo
816 4803 1030 4859 obtulit.

623 4974 809 5035 Primo
832 4978 1077 5034 omnium
1117 4978 1348 5034 Abraha:
1398 4977 1495 5033 Dei
1530 4975 1787 5043 Verbum,
1835 4978 1888 5033 in
1947 4975 2119 5048 ﬁgura

556 5071 793 5132 humana
837 5086 1103 5142 apparens
1123 5072 1193 5133 τ’,
1225 5072 1467 5142 gentium
1496 5071 1838 5127 vocationem
1867 5071 2122 5126 vaticina-

559 5172 674 5219 tum
699 5173 801 5224 est,
831 5179 994 5234 quam
1034 5164 1232 5224 nostris
1263 5163 1600 5234 temporibus
1629 5162 1686 5217 in
1722 5161 1984 5217 mundum
2021 5160 2119 5214 ad-

561 5258 808 5313 veniens.
839 5270 1001 5326 opere
1031 5256 1343 5328 complevit,
1365 5271 1463 5327 per
1491 5255 1856 5326 evangelicam
1885 5252 2032 5310 illius
2062 5252 2118 5311 in

560 5361 749 5404 omnes
769 5355 954 5420 gentes
980 5347 1303 5406 doctrinam.

634 5439 785 5495 lsaac
815 5439 1231 5511 quadragesimo
1251 5438 1426 5495 aetatis
1453 5441 1656 5496 anno"
1682 5438 1982 5497 Rebeccam
2019 5440 2121 5495 sibi

2222 4518 2320 4590 τὴν
2353 4516 2588 4587 σφαγήν.
2648 4514 2706 4570 Ὀ
2737 4515 2796 4568 δὲ
2836 4514 2988 4580 Θεὸς,
3036 4515 3136 4587 τὴν
3174 4515 3431 4587 ἑκατέρου
3481 4513 3789 4588 προθυμίαν

2223 4596 2638 4681 ἀποδεξάμενος,
2668 4607 2956 4680 ἐχαρίσατο
2984 4608 3064 4680 τῷ
3092 4607 3259 4681 πατρὶ
3288 4608 3379 4662 τὸν
3410 4608 3597 4673 παῖδα,
3637 4608 3788 4675 κριὸν

2223 4705 2343 4761 ἀντὶ
2372 4704 2472 4774 τῆς
2501 4702 2595 4756 τοῦ
2638 4702 2827 4765 παιδὸς
2864 4700 3045 4767 δείξας
3075 4699 3488 4764 ὁλοκαυτώσεως
3507 4718 3522 4731 ·
3567 4702 3661 4755 καὶ
3686 4717 3786 4753 πα-

2228 4798 2481 4871 ραχρῆμα
2529 4793 2715 4849 τοῦτον
2759 4796 3027 4866 ἀνήνεγκε
3065 4794 3187 4848 ἀντὶ
3239 4792 3423 4847 Ἰσαὰκ
3459 4792 3554 4847 τοῦ
3596 4792 3783 4855 παιδὸς

2225 4888 2410 4944 αὐτοῦ.

2296 4977 2503 5052 Πρώτῳ
2533 4978 2591 5033 δὲ
2629 4976 2709 5049 τῷ
2747 4976 2992 5049 Ἀϐραὰμ
3020 4979 3049 5031 6
3079 4975 3172 5030 τοῦ
3203 4973 3339 5029 Θεοῦ
3386 4974 3558 5043 Λόγος
3590 4976 3790 5042 ἐπιφα-

2223 5072 2333 5136 νεὶς
2364 5074 2421 5126 ὲν
2462 5072 2700 5143 σχήματι
2750 5069 3034 5143 ἀνθρώπου
3085 5069 3185 5142 τὴν
3234 5068 3342 5123 τῶν
3374 5066 3546 5121 ἐθνῶν
3597 5066 3789 5136 κλῆσιν

2223 5164 2527 5227 ἐθέσπισεν,
2565 5164 2629 5234 ἣν
2657 5162 2776 5216 καθ’
2809 5164 2956 5234 ἡμᾶς
2987 5162 3330 5235 ἐπιδημήσας
3357 5161 3435 5233 τῷ
3462 5161 3668 5233 κόσμῳ,
3693 5158 3789 5213 ἐπὶ

2224 5257 2394 5329 πέρας
2420 5255 2624 5326 ἢγαγεν
2659 5253 2748 5307 διὰ
2781 5256 2878 5326 τῆς
2913 5256 2994 5319 εἰς
3026 5255 3202 5309 πάντα
3241 5255 3308 5309 τά
3346 5254 3471 5326 ἔθνη
3509 5254 3787 5323 εὐαγγελι-

2226 5348 2329 5418 κῆς
2355 5344 2694 5409 διδασκαλίας
2721 5345 2903 5399 αὐτοῦ.

2299 5441 2481 5508 ’Δγων
2502 5438 2557 5492 δὲ
2582 5437 3014 5510 τεσσαρακοστὸν
3037 5438 3154 5502 ἔτος
3175 5438 3275 5509 τῆς
3303 5437 3516 5509 ἡλικίας
3534 5437 3564 5491 6
3603 5435 3788 5496 Ἰσαὰκ

645 5632 690 5664 ⁸⁸
717 5631 846 5708 (ξεττ,
873 5650 1014 5708 rvit,
1040 5634 1126 5708 l7.
1166 5633 1398 5708 W_"_Gen.
1424 5652 1535 5700 xu,
1558 5636 1614 5708 f2.
1656 5637 1708 5694 4.
1757 5638 1829 5697 _°'.
1863 5638 1988 5700 Gen.
2022 5655 2118 5696 xu

2224 5640 2274 5697 5.
2347 5641 2387 5673 ⁵⁹
2412 5638 2537 5696 Cen.
2568 5655 2679 5708 xxx,
2716 5637 2799 5696 lO.
2878 5641 2926 5693 ,⁷ο
2954 5638 3081 5695 Gen.
3123 5657 3259 5707 xxn,
3292 5642 3372 5695 .l.
3446 5642 3492 5675 “
3558 5636 3705 5705 Ibid.

584 5702 670 5773 13,.
745 5705 792 5736 "
824 5703 960 5759 Ibid.
999 5704 1089 5760 lﬁ.
1163 5706 1207 5738 ⁷³
1241 5703 1368 5761 Gen.
1397 5722 1522 5777 xxv,
1548 5707 1638 5764 20.
