4080 6334
379 238 482 294 765

1291 229 1560 286 SPURIA.
1602 261 1666 269 —
1701 226 2062 288 COMMENT.
2101 225 2167 281 IN
2208 222 2681 283 HEXAEMERON

3503 221 3607 278 766

371 353 470 424 τὴν
512 351 830 405 Ῥεϐέκκαν·
857 351 994 422 πρὸς
1039 350 1212 421 γάμον
1255 351 1464 420 ἄγεται,
1502 350 1558 418 ἐξ
1585 345 1652 422 ἦς
1696 348 1789 402 δύο
1821 350 1941 402 παῖ-

2047 345 2394 402 matrimonio
2409 344 2776 414 conjunxit",
2792 359 2857 400 ex
2881 357 2986 413 qua
3010 341 3150 398 duos
3176 341 3415 412 suscepit
3443 341 3604 407 ﬁlios,

371 443 469 507 δας
501 441 808 512 ἐγέννησεν,
857 441 1028 496 Ἦσαῦ
1063 442 1160 496 καὶ
1200 440 1411 497 Ἰακώϐ.

445 536 552 589 Καὶ
572 537 602 588 ὁ
639 534 907 606 Ἀϐραὰμ,
929 534 1324 607 τελευτησάσης
1337 535 1570 606 Σάρῤας,
1588 534 1686 604 τὴν
1708 534 1942 588 X51105-

374 643 476 698 ραν
506 629 693 697 γαμεῖ,
737 627 831 678 καὶ
862 628 1004 678 ποιεῖ
1031 625 1089 692 ἒξ
1111 626 1302 690 παῖδας
1343 624 1402 690 ἐξ
1433 624 1623 694 αὐτῆς,
1652 624 1902 698 Ζεμϐράν
1923 665 1938 692 ,

387 719 588 783 Ἰαζὰν,
619 718 806 790 Μαδὴν
826 758 840 782 ,
906 718 1214 790 Μαδιανὴν,
1274 717 1649 772 Λουσουϐάκον
1668 757 1682 780 ,
1707 718 1888 772 Σοῦον.

445 811 674 864 Φύονται
697 810 753 863 δὲ
781 809 875 863 καὶ
898 811 962 863 ἐκ
985 809 1188 864 τούτων
1220 810 1425 875 παῖδες,
1450 808 1616 863 Σούου
1647 809 1744 881 μὲν
1770 810 1943 864 Σαϐα-

372 903 568 973 κάνης,
598 903 691 956 καὶ
733 901 997 973 Δαδάνης,
1025 905 1088 956 ὲκ
1134 902 1191 956 δὲ
1227 902 1416 956 τούτου
1457 901 1814 973 Λατούσιμος,
1848 901 1942 954 κα)⁸

378 996 666 1067 ’Λσουρος,
693 995 785 1049 καὶ
811 995 1062 1059 Λούοϐος⁹
1095 996 1358 1066 Μαδάμου
1387 995 1444 1048 δὲ
1485 994 1618 1048 Ἦθὰ
1639 1034 1655 1059 ,
1685 995 1939 1066 Θωφρῆς,

379 1090 667 1159 Ἀμωχος,
741 1087 988 1153 Ἐϐιδος,
1053 1088 1260 1152 Ἔλδος.
1316 1088 1428 1142 Καὶ
1481 1088 1691 1152 τούτοις
1743 1089 1944 1143 ἅπασιν

388 1180 638 1252 ’Λϐραὰμ
664 1179 770 1233 ἀπὸ
793 1180 999 1243 κοιλίας
1019 1180 1330 1251 ἐπενόησεν,
1356 1181 1549 1244 οἵτινες
1571 1179 1669 1252 τὴν
1691 1179 1943 1253 Τρογλω-

372 1273 562 1342 δύτην,
593 1273 686 1325 καὶ
734 1271 799 1326 τὰ
833 1272 972 1344 μέρη
1011 1272 1109 1343 τῆς
1149 1271 1472 1342 Εὐδαίμονος
1533 1273 1810 1344 Ἀραϐίας,
1853 1274 1946 1327 καὶ

372 1365 499 1417 ὅσον
532 1364 626 1418 ἐπὶ
669 1363 765 1435 τὴν
811 1363 1076 1435 Ἐρυθρὰν
1121 1363 1350 1436 καθήκει
1392 1363 1684 1428 Θάλασσαν,
1716 1365 1943 1418 κατέλα-

374 1456 490 1510 ϐον.
526 1457 636 1519 Καὶ
661 1456 766 1509 ἀπὸ
798 1457 893 1527 μὲν
934 1456 1128 1528 ’Λσοὺρ
1168 1457 1426 1527 Ἀσσυρία
1451 1457 1650 1529 ἐκλήθη
1672 1474 1684 1487 ·
1718 1457 1946 1529 Σωφρὴν

371 1547 451 1608 δὲ,
483 1549 576 1600 ἐπὶ
607 1548 810 1618 Λιϐύην
845 1549 1198 1621 στρατεύσας,
1230 1550 1491 1620 κατέσχεν
1535 1549 1724 1620 αὐτὴν,
1760 1551 1854 1604 καὶ
1895 1551 1945 1603 οί

371 1640 631 1707 ἀπόγονοι
681 1639 868 1704 αὑτοῦ,
923 1641 1197 1694 τουτέστιν
1247 1643 1295 1693 οἱ
1345 1641 1528 1695 υἱωνοὶ
1571 1641 1947 1705 κατοικοῦντες

371 1730 567 1803 αὐτὴν,
595 1732 700 1785 ἀπὸ
727 1731 820 1785 τοῦ
857 1731 1118 1802 ὀνόματος
1145 1731 1310 1790 αὑτοῦ
1338 1732 1435 1804 τὴν
1463 1731 1662 1806 χώραν,
1682 1732 1944 1805 Ἀφρικὴν

372 1825 846 1896 προσηγόρευσαν,
891 1825 1085 1889 οῖτινες
1122 1825 1382 1896 Ἠρακλεῖ
1423 1827 1805 1896 συνεμάχησαν
1853 1827 1946 1880 ἐπὶ

385 1919 629 1972 Ἀνταῖον
659 1916 749 1970 τὸν
782 1919 986 1989 γηγενῆ
1033 1919 1440 1990 στρατεύσαντι.
1483 1918 1588 1972 T05
1621 1920 1677 1973 δὲ
1715 1919 1943 1992 Οὐαφρνῆ

370 2009 650 2080 θυγατέρα
699 2009 892 2078 ἄγεται
929 2009 1227 2080 Ἡρακλῆς,
1273 2011 1334 2076 ἐξ
1380 2005 1448 2082 ἧς
1497 2010 1736 2083 Βόδωρον
1784 2013 1946 2066 παῖδα

369 2104 617 2174 ἐποίησε,
650 2104 796 2167 ὅστις
849 2102 1135 2174 ἐγέννησεν
1184 2105 1296 2157 υἱὸν
1347 2105 1590 2175 Σωφονὰ,
1624 2104 1684 2170 ἐξ
1715 2097 1775 2158 05
1821 2105 1944 2171 τοὺς

373 2196 678 2269 βαρϐάρους
702 2195 957 2264 Σωφονὰς
978 2195 1242 2265 λέγουσιν.

457 2288 515 2342 '0
563 2288 620 2340 δὲ
664 2287 944 2358 Ἀϐραὰμ,
987 2285 1185 2358 βιώσας
1230 2287 1323 2359 ἐτη
1378 2294 1502 2359 pos’,
1537 2287 1944 2344 ἀπέθανεν.Ἰα-

373 2377 512 2443 κὼϐ,
547 2379 916 2450 παραρπάσας
959 2377 1054 2449 τὴν
1087 2378 1334 2448 εὐλογίαν
1375 2379 1467 2432 τοῦ
1509 2379 1697 2444 Ἠσαῦ,
1727 2383 1808 2444 είς
1845 2381 1944 2454 τὴν

370 2470 793 2540 Μεσοποταμίαν
826 2470 1150 2542 παρεγένετο
1187 2471 1321 2541 πρὸς
1351 2471 1535 2526 Λάϐαν
1577 2472 1800 2543 ἀδελφὸν
1845 2474 1943 2546 τῆς

375 2562 581 2637 μητρὸς
625 2561 813 2624 αὐτοῦ,
860 2562 954 2620 καὶ
993 2561 1281 2626 δουλεύσας
1314 2563 1460 2634 αὐτῷ
1492 2563 1585 2635 ἔτη
1619 2564 1680 2617 ιδ’
1714 2566 1810 2629 τὰς
1851 2565 1944 2619 δύο

371 2655 677 2726 θυγατέρας
709 2655 872 2710 αύτοῦ
906 2659 1116 2724 ἄγεται,
1150 2656 1248 2726 τὴν
1281 2657 1444 2710 Λείαν
1475 2659 1569 2710 καὶ
1593 2656 1688 2728 τὴν
1721 2657 1944 2728 Ῥαχὴλ,

367 2743 441 2816 ἧς
476 2745 674 2816 μᾶλλον
706 2747 785 2809 εἰς
811 2745 1102 2816 ἐπιθυμίαν
1129 2741 1307 2816 ἦλθεν.
1329 2746 1666 2818 Ἐπεθύμησε
1696 2747 1750 2800 δὲ
1775 2749 1942 2819 αὐτὴν

370 2837 434 2888 οὐ
466 2835 546 2906 τῷ
578 2836 761 2889 κάλλει
794 2836 1125 2907 ἡττώμενος,
1163 2837 1372 2909 (ἐπειδὴ
1401 2838 1582 2902 καθὼς
1612 2839 1938 2912 γέγραπται,

383 2929 586 3001 Ῥαχὴλ
633 2924 701 3000 ὴν
752 2928 891 3000 καλὴ
917 2927 994 2999 τῷ
1032 2928 1180 2993 εῖδει,
1216 2930 1310 2983 καὶ
1355 2931 1532 3001 ὡραία
1566 2935 1630 3003 τῇ
1665 2931 1783 3002 ὕψει
1818 2933 1942 3001 σφό-

2041 440 2181 495 Esau
2212 447 2265 494 et
2287 436 2455 492 Jaeob
2471 437 2535 491 ⁷⁸.

2113 531 2179 585 Ει
2209 530 2504 591 Abraham,
2526 535 2739 590 mortua
2757 526 2944 590 Sarra,
2963 526 3277 582 Chettnram
3294 525 3450 581 duxit
3473 542 3609 580 uxo-

2039 622 2239 686 rem",
2265 630 2318 676 et
2343 638 2406 676 ex
2438 635 2502 674 ea
2531 635 2623 674 sex
2647 617 2835 673 habuit
2880 617 3079 672 liberos
3115 636 3128 672 :
3164 615 3454 684 Zembran,
3540 627 3607 666 a-

2041 729 2165 776 zan,
2207 712 2419 776 Maden,
2454 711 2736 765 Madianen
2761 750 2775 773 ,
2803 708 3168 774 Lusuhacum,
3196 707 3387 764 Suum.

2111 803 2178 857 Et
2205 819 2268 858 ex
2303 805 2385 859 his
2403 804 2517 870 ﬁlii,
2555 801 2667 858 Suo
2698 800 3028 865 Sabacanes,
3051 808 3105 856 et
3135 799 3380 856 Dadanes
3411 818 3426 867 ;
3456 807 3509 854 et
3539 815 3607 854 ex

2042 895 2148 950 hoc
2206 896 2520 952 Latusimus
2567 905 2621 950 et
2668 895 2901 960 Asurus,
2936 902 2988 949 et
3042 892 3283 948 Luobus.
3336 891 3604 956 Madame,

2043 988 2237 1050 Hetha,
2269 987 2534 1059 Tophrcs,
2584 987 2882 1049 Amochus,
2915 985 3142 1049 Ebidus,
3175 984 3363 1048 Eldus,
3409 983 3608 1052 quibus

2044 1080 2322 1142 omnibus,
2353 1079 2650 1142 Abraham,
2692 1087 2982 1148 antequam
3027 1083 3402 1140 nascerentur,
3433 1076 3610 1145 provi-

2044 1169 2143 1234 dit,
2175 1170 2377 1240 quique
2403 1167 2809 1238 Troglodytem,
2841 1176 3131 1237 partesque
3151 1163 3347 1221 Felicis
3374 1165 3607 1230 Arabiae,

2044 1277 2312 1333 omneque
2339 1260 2485 1332 quod
2520 1275 2692 1330 usque
2729 1259 2796 1313 ad
2839 1273 2990 1313 mare
3043 1257 3290 1312 Rubrum
3340 1257 3611 1328 protendi-

2045 1363 2152 1415 tur,
2187 1361 2496 1416 tenuerunt,
2531 1360 2584 1408 et
2611 1367 2675 1406 ex
2717 1351 2862 1405 Asur
2892 1350 3128 1421 Assyria:
3157 1365 3353 1405 nomen
3383 1358 3487 1404 est.
3518 1349 3612 1404 So-

2045 1443 2215 1514 phren
2249 1443 2303 1497 in
2347 1443 2596 1514 Libyam,
2628 1442 2801 1512 copiis
2828 1441 3027 1506 dnctis,
3062 1455 3180 1496 eam
3228 1441 3532 1512 occUpavit,
3557 1448 3611 1495 et

2047 1533 2247 1602 posteri
2280 1532 2427 1588 illius
2461 1542 2686 1602 nepotes
2727 1532 2938 1587 scilicet
2982 1531 3130 1588 illius
3158 1532 3510 1596 habitatores,
3543 1549 3610 1590 ex

2046 1624 2165 1694 ejus
2185 1625 2406 1680 nomine
2429 1625 2769 1692 provinciam
2812 1625 3054 1681 Africam
3080 1642 3364 1683 vocavere.
3391 1626 3454 1681 lli
3475 1626 3611 1683 Iler-

1974 1696 2018 1752 Β
2046 1715 2155 1768 culi
2187 1717 2460 1788 terrigeno
2501 1718 2690 1772 Antam
2729 1717 2930 1772 bellum
2969 1719 3223 1774 inferenti
3253 1720 3458 1776 auxilio
3484 1737 3612 1777 sue-

2045 1823 2284 1864 currere.
2348 1807 2580 1879 Vaphrze
2630 1810 2793 1865 ﬁliam
2845 1810 2949 1866 sibi
2997 1811 3344 1866 matrimonio
3392 1813 3612 1883 copulat

2046 1899 2326 1965 Hercules,
2341 1915 2408 1955 ex
2426 1916 2532 1970 qua
2558 1900 2831 1956 Bodorum
2855 1901 3021 1956 ﬁlium
3054 1903 3312 1972 suscepit,
3331 1904 3421 1973 qui
3441 1904 3608 1958 ﬁlium

2043 1993 2228 2066 genuit
2264 1990 2572 2063 Sophonam
2594 2032 2609 2059 ,
2638 2009 2701 2049 ex
2752 2009 2860 2065 quo
2905 1993 3168 2050 barbaros
3200 1993 3484 2066 SOphonas
3512 2011 3608 2052 vo-

2045 2093 2187 2139 cant.

2112 2264 2405 2331 Abraham,
2430 2279 2602 2320 cuxv
2635 2264 2794 2320 annis
2823 2265 3076 2336 peractis,
3105 2283 3135 2321 e
3162 2266 3269 2322 vita
3289 2266 3606 2323 decessit".

2039 2357 2376 2421 Jacob,Esau
2409 2357 2787 2414 benedictione
2819 2368 3082 2428 praerepta
3113 2358 3179 2424 ⁷⁸,
3209 2359 3264 2414 in
3305 2357 3610 2430 MesOpota-

2043 2451 2205 2506 miam
2227 2452 2477 2523 migravit
2501 2453 2568 2506 ad
2597 2451 2781 2507 Laban
2821 2453 3012 2508 matris
3041 2469 3153 2508 suae
3179 2453 3400 2511 fratrem
3428 2458 3494 2520 ⁷⁸,
3523 2458 3613 2511 cui

2042 2559 2165 2599 cum
2204 2544 2614 2613 quatuordecim
2646 2543 2804 2599 annis
2844 2545 3239 2611 ministrasset,
3286 2545 3420 2602 duas
3467 2547 3614 2604 illius

2043 2637 2182 2694 ﬁlias
2246 2637 2421 2705 duxit,
2480 2639 2633 2694 Liarn
2679 2649 2732 2697 et
2767 2639 2968 2696 Rachel
3000 2640 3068 2708 ⁸⁸,
3115 2656 3276 2711 quam
3326 2648 3380 2696 et
3417 2639 3614 2695 arden-

2043 2733 2166 2788 tiori
2217 2748 2400 2789 amore
2431 2741 2753 2804 prosecutus
2785 2741 2888 2789 est.
2937 2731 3087 2786 Illius
3121 2741 3300 2788 autem
3341 2732 3614 2788 desiderio

2025 2827 2274 2890 exarsit,
2304 2841 2410 2879 non
2437 2824 2826 2896 pulchritudini
2863 2825 3248 2888 succumbens,
3276 2824 3378 2879 etsi
3395 2823 3613 2882 Litteris

2044 2917 2315 2988 proditum
2347 2918 2416 2973 sit
2441 2916 2729 2973 Rachelem
2756 2917 3037 2987 pulchram
3067 2917 3246 2987 specie
3273 2924 3327 2970 et
3358 2916 3611 2972 decoram

369 3021 475 3093 δρα
495 3020 536 3090 ·)
568 3021 682 3074 ἀλλ’
705 3022 806 3084 ὃτι,
841 3021 1058 3093 πρώτην
1090 3022 1255 3093 αὐτὴν
1302 3023 1444 3087 ἰδὼν,
1478 3023 1553 3088 ὡς
1583 3024 1647 3078 ἂν
1691 3027 1754 3079 ἐκ
1794 3025 1941 3092 θείας

2047 3007 2184 3063 facie
2227 3008 2420 3075 fuisse,
2461 3009 2555 3064 sed
2585 3011 2729 3079 quod
2764 3009 2925 3064 simul
2961 3016 3121 3079 atque
3157 3010 3302 3063 illam
3336 3009 3610 3078 inspexit,

369 3114 685 3184 οἰκονομίας
713 3115 1143 3185 συναντήσασαν,
1179 3116 1460 3183 ἠσπάσατό
1488 3134 1566 3180 τε,
1603 3120 1695 3171 καὶ
1725 3120 1944 3192 ἠγάπη-

372 3224 487 3272 σεν,
519 3205 674 3270 εἰδὼς
717 3207 796 3260 ὅτι
841 3208 900 3260 τὸ
935 3207 1118 3277 θαῦμα
1147 3206 1320 3273 τοῦτο,
1359 3211 1451 3262 καὶ
1481 3209 1573 3262 ἐπὶ
1602 3212 1700 3281 τῆς
1741 3212 1945 3283 μητρὸς

370 3297 536 3350 αὖτοῦ
571 3297 860 3363 Ῥεϐέκκας
885 3299 1196 3370 γεγένηται,
1226 3301 1334 3362 ὅτε,
1364 3301 1456 3354 τοῦ
1485 3303 1670 3367 παιδὸς
1697 3304 1943 3376 Ἀϐραὰμ

370 3387 689 3459 εὐξαμένου,
727 3388 1054 3461 συνήντησεν
1087 3391 1235 3463 αὐτῷ
1281 3392 1348 3446 τὰ
1388 3395 1506 3447 κατ’
1537 3395 1721 3466 εὐχὰς,
1757 3397 1851 3450 καὶ
1877 3398 1946 3452 τὰ

371 3494 513 3548 προη
523 3495 588 3548 ργ
596 3478 728 3548 μένα
751 3479 896 3550 αύτῷ
923 3481 988 3534 δι’
1012 3481 1186 3554 ἔργων
1209 3483 1342 3555 ὲπλη
1351 3483 1518 3557 ρὼθη.

445 3569 726 3624 Τίκτονται
757 3570 813 3624 δὲ
855 3573 1038 3637 παῖδες
1071 3576 1134 3627 ὲκ
1165 3574 1265 3645 τῆς
1297 3576 1458 3640 Λείας
1482 3577 1541 3642 ἒξ
1571 3577 1719 3648 αὐτῷ
1746 3596 1757 3609 ο
1795 3581 1943 3634 Ῥου-

375 3666 498 3736 ϐὴν,
533 3664 780 3736 Συμεὼν,
819 3666 1492 3742 Λευὶ,Ίούδας,Ίσσάχαρ,
1530 3671 1841 3726 Ζαϐουλὼν·
1879 3675 1942 3728 ὲκ

367 3755 469 3828 τῆς
510 3754 706 3824 Ῥαχὴλ
742 3753 798 3806 δὲ
844 3754 1038 3826 Ἰωσὴφ
1071 3756 1162 3808 καὶ
1195 3757 1479 3828 Βενιαμίν·
1507 3761 1568 3812 ὲκ
1620 3760 1674 3813 δὲ
1697 3761 1796 3832 τῆς
1818 3779 1942 3816 παι-

367 3843 560 3914 δίσκης
604 3843 802 3914 Ῥαχὴλ
833 3844 931 3913 τῆς
965 3843 1191 3914 Βάλλης,
1226 3844 1332 3897 Δάν
1376 3846 1467 3899 καὶ
1497 3847 1840 3914 Νεφθαλείμ·
1878 3851 1941 3902 ἐκ

367 3935 426 3987 δὲ
441 3936 539 4006 τῆς
557 3935 843 4006 παιδίσκης
860 3935 1021 3999 Λείας
1037 3935 1256 4006 ὀνόματι
1270 3937 1498 4007 Σελιράς,
1515 3939 1620 3992 Γὰδ
1637 3940 1731 3994 καὶ
1752 3943 1937 4013 Ἀσήρ.

368 4026 445 4079 Τὸ
466 4026 522 4079 δὲ
547 4027 731 4100 Σύρων
757 4027 908 4095 γένος
938 4029 1002 4080 ἐκ
1031 4026 1126 4080 τοῦ
1172 4028 1340 4082 Ἦσαῦ
1377 4030 1720 4102 συνέστηκεν,
1761 4033 1808 4086 οἳ
1847 4035 1941 4087 καὶ

382 4117 664 4187 Ἰδουμαῖοι
697 4117 1005 4182 ἐκαλοῦντο,
1035 4119 1126 4172 τοῦ
1163 4120 1290 4192 πρὶν
1323 4121 1616 4194 Ἰδουμαίου
1651 4124 1743 4177 τοῦ
1771 4125 1940 4178 Ἠσαῦ

366 4210 772 4281 ἐπικληθέντος,
803 4210 889 4263 διὰ
921 4211 982 4264 τὸ
1021 4211 1218 4281 ξανθῆς
1256 4213 1591 4286 ἐπιθυμῆσαι
1633 4217 1791 4272 αὐτὸν
1841 4236 1941 4287 φα-

367 4299 494 4369 κῆς⁹
514 4299 726 4371 Ἰδουμὰ
746 4299 854 4371 γὰρ
874 4301 921 4354 οί
959 4299 1197 4372 Ἑϐραῖοι
1216 4303 1276 4354 τὸ
1301 4302 1490 4369 ξανθὸν
1511 4304 1941 4373 λέγουσι.”Υστε-

2046 3100 2208 3154 veluti
2238 3099 2418 3154 divina
2446 3099 2805 3169 dispositione
2859 3098 2961 3154 sibi
2997 3098 3209 3152 obviam
3258 3097 3613 3167 prodeuntem

2044 3193 2275 3264 benigne
2305 3193 2622 3248 salutaverit
2663 3191 2706 3223 δι
2763 3190 3170 3261 impcnsiusque
3199 3190 3482 3252 dilexerit;
3513 3190 3612 3244 mi-

2044 3303 2165 3349 rum
2184 3287 2305 3347 hoc,
2330 3293 2384 3339 et
2406 3283 2670 3338 Rebecca:
2691 3283 2848 3336 matri
2881 3300 2983 3338 usu
3008 3284 3224 3339 venisse
3249 3282 3610 3352 comperiens,

2043 3394 2167 3433 cum
2209 3392 2398 3433 servus
2426 3375 2691 3440 Abrahae,
2741 3375 2994 3444 precibus
3036 3375 3224 3431 eﬂusis
3254 3375 3300 3406 δ’
3324 3415 3340 3440 ,
3375 3376 3431 3429 in
3469 3375 3612 3431 votis

2045 3470 2122 3524 illi
2149 3471 2388 3524 occurrit
2419 3469 2581 3533 Deus,
2609 3469 2995 3540 propositaque
3033 3484 3196 3538 opere
3227 3468 3536 3539 complevit.

2111 3561 2423 3617 Nascuntur
2455 3577 2619 3634 porro
2658 3562 2827 3618 Jacoh
2870 3578 2935 3617 ex
2956 3560 3050 3616 Lia
3087 3563 3177 3617 ﬁlii
3214 3579 3344 3618 sex:
3381 3561 3608 3628 Ruben,

2046 3651 2285 3717 Simeon,
2316 3652 2482 3720 Levi,
2542 3650 2735 3716 Judas,
2772 3650 3043 3712 lssachar,
3078 3649 3356 3717 Zabulon;
3391 3666 3457 3706 ex
3505 3647 3614 3703 Ra-

2043 3745 2223 3809 chele,
2263 3743 2461 3816 Ioseph
2515 3753 2570 3799 et
2617 3744 2938 3815 Benjamin;
2991 3759 3057 3798 ex
3107 3741 3307 3796 famula
3356 3741 3617 3799 Rachelis

2042 3835 2210 3901 Balla,
2234 3835 2346 3890 Dan
2378 3842 2432 3891 et
2482 3834 2862 3906 Nephthalim;
2891 3850 2959 3889 ex
2989 3833 3190 3888 famula
3221 3833 3348 3896 Liaz,
3377 3833 3574 3904 Zelpha
3593 3873 3610 3901 ,

2041 3927 2156 3984 Gad
2183 3941 2237 3986 et
2260 3930 2426 3986 Asser
2463 3929 2529 3985 “.
2559 3927 2819 4000 Syrorum
2845 3927 3084 3982 nationis
3101 3925 3243 3981 Esau
3268 3925 3371 3980 fuit
3400 3936 3611 3993 auctor,

2041 4024 2133 4095 qui
2163 4030 2218 4079 et
2263 4021 2480 4078 Idumaei
2524 4020 2848 4080 dicebantur
2891 4036 3014 4074 cum
3067 4019 3302 4089 primum
3334 4016 3477 4073 Esau
3511 4034 3611 4073 n0-

2041 4131 2165 4172 men
2213 4114 2479 4170 ldumaaus
2515 4113 2728 4177 fuisset,
2760 4122 3045 4184 prepterea
3079 4110 3226 4182 quod
3274 4109 3464 4164 ﬁavam
3495 4112 3614 4165 len-

2041 4218 2147 4264 tem
2179 4209 2533 4278 concupierit.
2573 4206 2761 4265 Iduma
2802 4221 3036 4278 namque
3077 4207 3271 4275 ﬂavum
3306 4202 3475 4260 Judaei
3513 4219 3611 4259 no-

2042 4302 2269 4357 minant.
2327 4299 2679 4370 Tandemque
2732 4297 2993 4370 Syrorum
3035 4313 3235 4356 nomen
3289 4295 3609 4361 obtinuere,

368 4409 460 4464 ρον
494 4392 550 4445 δὲ
583 4393 742 4466 Σύροι
779 4393 1291 4465 μετωνομάσθησαν,
1329 4396 1497 4470 Σύρου
1543 4397 1687 4462 τινὸς
1719 4398 1938 4469 ὀνόματι

2044 4399 2325 4462 postquam
2381 4391 2456 4447 illi
2505 4390 2712 4445 nationi
2750 4387 2920 4461 Syrus
2975 4389 3194 4458 quidam
3226 4387 3444 4442 nomine
3476 4401 3614 4455 μισθς

364 4484 462 4540 τοῦ
496 4484 678 4548 ἔθνους
710 4485 887 4538 αὐτῶν
911 4487 1298 4557 κρατήσαντος.
1317 4489 1375 4541 ’0
1395 4489 1452 4542 δὲ
1476 4489 1644 4543 Ἡσαῦ
1677 4493 1940 4558 γυναῖκας

365 4581 514 4650 τρεῖς
560 4577 668 4631 ἀπὸ
711 4578 820 4631 τῶν
864 4579 1179 4631 Χαναναίων
1212 4579 1347 4650 πρὸς
1379 4580 1553 4651 γάμον
1598 4581 1808 4650 ἄγεται,
1843 4582 1940 4653 τὴν

380 4669 536 4723 ’Λδδὰ
566 4669 839 4741 θυγατέρα
877 4669 1054 4741 Ἑλὼμ
1085 4671 1178 4724 τοῦ
1202 4673 1484 4736 Χετταίου,
1516 4675 1609 4727 καὶ
1658 4675 1755 4747 τὴν
1801 4676 1941 4729 Ἐλι-

365 4759 544 4831 ϐεμὰν
588 4761 858 4833 θυγατέρα
904 4764 1060 4818 Ἐνὰν
1106 4763 1200 4818 τοῦ
1241 4764 1513 4838 Ἐϐραίου,
1548 4768 1642 4822 καὶ
1691 4769 1787 4840 τὴν
1835 4770 1940 4822 Βα-

369 4853 585 4924 σεμμὰθ
620 4854 893 4927 θυγατέρα
937 4855 1177 4928 Ἰσμαὴλ,
1211 4857 1440 4929 ἀδελφὴν
1473 4857 1528 4910 δὲ
1562 4857 1809 4915 Ναϐεώθ.
1831 4859 1940 4913 Καὶ

366 4948 432 5008 ἐκ
452 4947 548 5016 μὲν
564 4947 660 5017 τῆς
674 4948 749 5018 (Ι)
785 4949 966 5012 Ἀδδᾶς
982 4949 1076 5022 τὴν
1106 4948 1348 5020 Ἑλιφάζ,
1369 4954 1432 5005 ἐκ
1450 4950 1505 5004 δὲ
1527 4951 1936 5023 τῆςΒασεμμάθ

366 5037 460 5089 τὸν
500 5037 754 5109 Ῥαγγὴλ,
795 5040 889 5091 καὶ
932 5042 994 5092 ἐκ
1030 5041 1128 5111 τῆς
1173 5041 1458 5112 Ἐλιϐεμάν
1504 5043 1592 5096 τὸν
1630 5043 1812 5106 Ίεοὺλ,
1843 5044 1938 5096 καὶ

367 5127 459 5180 τὸν
499 5129 726 5200 ἰεγλὸμ,
758 5129 849 5183 καὶ
883 5130 972 5184 τὸν
1017 5132 1160 5203 Κορὲ
1210 5132 1481 5202 ἐγέννησε.
1516 5133 1748 5197 Τούτους
1781 5137 1838 5186 ὲν
1872 5137 1935 5206 τῇ

374 5219 475 5272 τῶν
507 5220 823 5274 Χαναναίων
857 5224 1084 5293 ποιήσας
1106 5225 1197 5294 γῇ,
1233 5226 1312 5288 είς
1342 5225 1505 5297 Σηεὶρ
1536 5225 1659 5296 ὅρος
1693 5223 1938 5298 μετῴκη-

375 5326 454 5368 σε,
489 5310 574 5364 διὰ
605 5313 665 5364 τὸ
698 5312 771 5383 μὴ
799 5312 1053 5366 δύνασθαι
1087 5314 1178 5367 τοῦ
1214 5315 1439 5385 ἀδελφοῦ
1464 5316 1625 5372 αὐτοῦ
1661 5318 1852 5371 Ἰακὼϐ
1873 5320 1936 5371 ἐκ

440 5448 488 5478 ⁷⁸
514 5446 639 5502 Gen.
667 5465 815 5512 ulv,
839 5449 926 5503 67.
1001 5451 1048 5483 ⁷³
1073 5450 1201 5510 Gen.
1237 5469 1362 5510 xxv.
1386 5453 1474 5508 25.
1548 5457 1595 5487 ⁷⁸
1624 5453 1764 5510 Ibid.
1793 5457 1840 5510 Ι.

1939 5461 1983 5491 ⁷⁷
2012 5458 2120 5515 (.‘en
2165 5477 2291 5522 xxv,
2322 5460 2372 5521 7,
2399 5460 2452 5512 8.
2528 5459 2574 5492 ⁷⁸
2609 5457 2737 5513 Gen.
2764 5471 2934 5512 xxv".
2966 5454 3056 5512 27.

2040 4484 2162 4539 fuit.
2195 4484 2336 4540 Esau
2387 4499 2454 4538 ex
2486 4481 2810 4536 Chanana‘ia
2840 4490 2950 4535 tres
2979 4479 3135 4534 duxit
3169 4493 3369 4534 uxores
3407 4477 3473 4539 ⁸⁸,
3501 4476 3613 4530 Ad-

2041 4575 2109 4630 da
2161 4575 2312 4629 Elom
2357 4572 2602 4636 Chettrei,
2630 4569 2906 4626 Elibeman
2965 4568 3113 4623 Euan
3150 4567 3379 4631 Hebraei,
3414 4576 3468 4624 et
3513 4564 3612 4627 Ba-

2041 4668 2328 4732 semmath,
2361 4665 2603 4722 Ismaelis
2658 4663 2846 4732 ﬁliam,
2877 4677 3232 4734 sororemque
3261 4660 3526 4725 Nabeoth,
3557 4665 3613 4718 et

2042 4776 2106 4817 ex
2130 4759 2282 4814 Adda
2321 4757 2534 4829 Eliphat
2573 4757 2846 4820 ﬁliam,ex
2876 4754 3222 4811 Basemmath
3255 4751 3502 4823 Rangel;
3545 4767 3611 4806 ex

2047 4852 2327 4907 Elibeman
2387 4849 2545 4915 Jeul,
2606 4848 2811 4919 Jeglom
2863 4857 3028 4919 atque
3070 4846 3212 4902 Core
3260 4845 3468 4901 habuit.
3516 4843 3611 4899 His

2046 4946 2184 5015 apud
2211 4944 2546 5001 Chananzeos
2574 4942 2798 5008 habitis,
2828 4942 2882 4996 in
2916 4941 3035 4996 Seir
3059 4947 3292 4997 montem
3325 4939 3603 4994 habitandi

2044 5055 2208 5096 causa
2249 5039 2498 5112 migravit
2536 5039 2616 5106 ⁸⁵;
2653 5054 2828 5109 neque
2854 5039 2996 5093 enim
3025 5042 3236 5108 poterat
3261 5033 3462 5089 Jacobo
3501 5033 3610 5087 frao

2047 5143 2147 5197 tre.
2178 5151 2240 5189 ex
2276 5133 2659 5203 Mesopotamia
2693 5146 2932 5195 reverso,
2959 5144 3066 5183 una
3097 5127 3345 5194 habitare
3391 5130 3610 5196 propter

2044 5242 2222 5282 rerum
2274 5239 2503 5296 quarum
2537 5225 2882 5296 potiebantur
2912 5219 3333 5281 multitudinem,
3365 5217 3455 5271 ubi
3483 5230 3607 5270 cum

2043 5320 2207 5374 alium
2237 5319 2401 5374 ﬁlium
2447 5324 2816 5389 procreasset,
2853 5330 2952 5370 sua
3003 5313 3390 5386 appellatione,
3439 5308 3607 5374 Edom

3155 5456 3199 5487 ’⁷⁸
3233 5452 3362 5508 Gen.
3412 5462 3602 5518 xum.

375 5517 422 5573 5.
489 5520 532 5550 ⁸ο
575 5517 703 5582 GM,
727 5537 874 5586 nux,
917 5522 1006 5588 25,
1041 5521 1132 5577 28.
1209 5523 1250 5554 ⁸¹
1281 5523 1418 5579 Ibid.
1447 5526 1497 5580 9.
1573 5527 1618 5559 ⁸³
1656 5525 1779 5585 Gen.
1807 5546 1941 5600 xnv1

2048 5573 2060 5586 .
2137 5533 2182 5565 ⁸³
2214 5517 2338 5586 Gen.
2361 5517 2523 5596 vxnx,
2558 5545 2686 5598 xxx,
2761 5528 2806 5560 "'
2834 5527 2960 5582 Gen.
2992 5543 3174 5592 XXXVI.
3247 5525 3297 5557 ⁸⁵
3330 5519 3464 5591 (bid,

443 5660 516 5730 (1)
551 5655 686 5724 LXX
729 5660 976 5726 scribunt
1001 5661 1108 5713 τόν.
