4080 6334
390 219 494 275 769
558 214 560 216 ’

1302 215 1571 272 SPURIA.
1615 247 1684 258 ο-
1721 216 2075 272 COMMENT.
2117 218 2184 272 IN
2225 219 2712 277 HEXAEMERON.
2763 285 2770 290 ἢ

3515 221 3624 278 770

384 333 478 385 ἐπὶ
500 331 600 404 τὴν
625 328 827 400 κουράν
847 327 954 380 τῶν
976 327 1280 400 προϐάτων,
1309 328 1585 382 ἀκούσασα
1613 329 1747 399 αὑτὴ
1770 331 1931 401 ἀπαμ·

2059 333 2314 402 cepisset,
2347 342 2549 389 vestem
2594 333 2875 404 lugubrem
2916 341 3064 388 exuit
3109 333 3468 405 amiciturque
3506 351 3622 390 ma-

383 427 636 496 φίσκεται
670 425 768 495 μὲν
794 423 890 494 τὴν
919 422 1118 493 ἐσθῆτα
1151 423 1248 492 τὴν
1288 420 1564 492 πενθικὴν,
1596 422 1949 492 ἀμφιέννυται

379 520 439 574 δὲ
466 519 753 588 πολυτελῆ,
786 517 880 570 καὶ
906 516 1042 587 πρὸς
1065 518 1186 578 ταῖς
1215 514 1408 576 πύλαις
1431 515 1526 584 τῆς
1552 513 1762 589 πόλεως
1790 516 1951 569 Αίνὰν

379 609 693 672 ἐκαθέζετο,
726 608 792 676 ἢν
817 609 846 660 ὁ
890 606 1092 668 Ἰούδας
1123 605 1326 658 ἐκεῖθεν
1359 605 1568 677 παριὼν
1599 605 1948 676 θεασάμενος,

378 700 456 765 ὡς
489 701 711 774 ἑταίρας
748 689 962 770 ⁴ἠράσθη
994 698 1178 768 αὐτῆς·
1210 696 1270 749 τὸ
1302 697 1409 768 γὰρ
1457 697 1742 768 πρόσωπον
1784 698 1951 770 αὐτῆς
2000 725 2009 730 -

379 795 519 865 πρὸς
549 793 612 846 τὸ
641 793 714 864 μὴ
748 791 1144 862 ἐπιγνωσθῆναι
1173 791 1499 861 ἐπεκάλυψε,
1535 793 1626 845 καὶ
1651 793 1950 864 ὑποσχόμε-

375 902 468 948 νος
508 886 642 955 αὐτῇ
673 885 854 955 ἔριφον
884 882 1214 942 ἀποστεῖλαι,
1238 879 1389 950 ἠξίου
1419 882 1757 952 συμμιγῆναί
1789 884 1944 954 αὐτῇ.

390 976 405 994 ι
621 977 634 993 ο
766 976 778 989 ο
998 969 1046 994 *μ
1289 973 1298 992 1
1348 974 1360 988 ι
1408 972 1427 998 λ
1899 975 1910 988 ο

414 977 461 1029 Η
491 976 546 1029 δέ
581 993 642 1028 ου
675 992 944 1047 προτερον.
967 991 1130 1038 ειςεν,
1157 975 1204 1025 εἰ
1242 991 1316 1044 μη
1344 991 1496 1043 ενεχυ
1509 991 1596 1046 ρον
1625 974 1717 1026 τὸν
1749 972 1946 1028 δακτυο

374 1069 511 1130 λιον,
548 1068 643 1122 καὶ
681 1069 772 1121 τὸν
796 1067 1091 1139 ,όρμίσκον,
1125 1060 1218 1118 καὶ
1250 1065 1345 1136 τὴν
1387 1065 1682 1140 βακτηρίαν
1708 1068 1942 1139 εἴληφεν.

388 1161 477 1224 Ὠς
514 1159 571 1213 δὲ
617 1158 881 1229 συνεμίγη
918 1159 1074 1229 αὐτῇ,
1128 1157 1286 1229 αύτδς
1345 1156 1442 1228 μὲν
1485 1161 1565 1222 εἰς
1615 1157 1683 1212 τὰ
1723 1157 1946 1229 ποίμνια

370 1251 541 1306 αὐτοῦ
590 1253 844 1320 ἀφίκετο·
893 1254 924 1323 ἠ
959 1252 1014 1304 δὲ
1050 1249 1531 1322 μεταμφιεσαμένη
1570 1251 1728 1304 πάλιν
1758 1250 1824 1304 τὰ
1848 1253 1946 1322 τῆς

371 1345 548 1416 χήρας
597 1343 886 1414 ἐνδύματα,
921 1342 1220 1416 ἐκρύπτετο
1269 1338 1724 1406 λανθάνουσα.⁹Ως
1745 1343 1789 1396 δ’
1814 1344 1948 1396 ἀπο-

372 1436 593 1499 στείλας
637 1438 664 1488 ὁ
707 1435 903 1500 Ἰούδας
936 1435 1025 1488 τὸν
1058 1435 1242 1507 ἔριφον
1277 1435 1532 1507 ἐπεζήτει
1565 1432 1656 1488 τὸν
1686 1435 1945 1506 ὁρμίσκον

367 1529 468 1580 καὶ
519 1529 586 1581 τὰ
629 1527 774 1598 ἑξῆς,
802 1529 896 1581 καὶ
943 1529 1040 1598 οὐχ
1090 1521 1266 1599 εὗρεν,
1303 1527 1394 1582 ἐπὶ
1425 1527 1503 1598 τῷ
1549 1521 1966 1600 παραλογισμῷ,

365 1617 640 1691 διεπρίετο
689 1619 891 1690 μέντοι,
941 1620 1224 1692 ἐκαρτέρει
1273 1620 1330 1672 δέ
1382 1619 1630 1691 φωρᾶσαι
1679 1618 1940 1683 παντοίως

2053 425 2284 494 gniﬁce,
2326 436 2379 479 et
2427 424 2747 496 splendide,
2789 425 3035 494 seditque
3081 425 3146 478 ad
3193 424 3356 480 fores'
3385 425 3623 484 civitatis

2052 514 2233 570 AZnan
2261 517 2332 580 ἰ,
2366 531 2527 586 quam
2551 515 2718 572 Judas
2746 516 2870 570 inde
2899 518 3216 586 praeteriens
3248 515 3619 588 conspectam,

2051 607 2130 660 uti
2163 608 2496 661 meretricem
2521 607 2770 676 deperiit,
2796 608 2999 662 vultum
3024 608 3187 674 enim,
3218 626 3286 665 ne
3319 626 3622 681 cognosce-

2050 706 2220 762 retur,
2253 699 2584 764 obduxerat,
2618 715 2784 769 seque
2825 701 3037 754 haedum
3082 702 3375 757 missurum
3407 703 3619 772 pollici-

2050 798 2157 852 tus,
2186 805 2303 844 eam
2341 798 2399 843 ut
2435 790 2540 844 sibi
2561 789 2983 861 conjung'eretur
3004 793 3494 860 percunctabatur;
3528 793 3619 847 illa

2049 881 2305 946 abnuere,
2335 879 2438 934 nisi
2471 881 2725 940 annulus,
2764 881 2955 934 catella
3019 872 3609 954 baculusque'-'pignus

2048 974 2117 1028 ab
2146 989 2210 1027 eo
2233 974 2336 1028 sibi
2362 974 2618 1037 daretur;
2668 980 2726 1026 ut
2759 985 2872 1028 rem
2907 973 3117 1037 habuit,
3156 975 3271 1045 ipse
3296 965 3522 1044 quidem
3548 975 3619 1028 ad

2048 1078 2238 1134 greges
2269 1065 2434 1128 abiit;
2469 1065 2558 1118 illa
2592 1064 2786 1118 iterum
2817 1065 2990 1120 vidua:
3024 1066 3362 1122 vestimentis
3395 1069 3614 1133 amicta,

2047 1156 2100 1208 in
2123 1156 2337 1210 occulto
2361 1157 2558 1210 latebat
2594 1157 2793 1212 abdita.
2831 1157 2899 1210 At
2929 1156 3097 1212 Judas
3131 1167 3190 1211 ut
3217 1159 3386 1214 misso
3425 1160 3613 1224 haedo,

2046 1247 2292 1302 catellam
2326 1249 2640 1318 reliquaque
2677 1235 2904 1318 pignera
2945 1265 3236 1320 reposcens
3258 1290 3272 1314 ,
3324 1268 3432 1306 non
3464 1254 3618 1309 inve-

2045 1341 2146 1402 nit,
2197 1341 2362 1396 variis
2419 1341 2836 1411 cogitationibus
2890 1337 3614 1407 alllictabatur,'sustinebat

2047 1443 2222 1488 tamen
2279 1433 2531 1496 omnino,
2583 1431 2979 1488 fraudationem
3037 1435 3438 1504 deprehendere
3493 1445 3613 1493 stu-

2044 1527 2200 1582 dens.
2256 1524 2442 1597 Itaque
2483 1541 2592 1580 non
2657 1535 2777 1596 post
2830 1529 3058 1581 multum
3116 1536 3330 1599 tempus
3379 1529 3616 1586 Thamar

2045 1617 2267 1689 gravida
2290 1618 2950 1690 cornperitur,1udasqilc
2983 1635 3099 1675 eam
3137 1620 3457 1675 fornicatam
3489 1639 3616 1678 con-

367 1711 468 1778 τὴν
494 1711 707 1780 ἀπάτην
739 1711 1073 1782 βουλόμενος.
1109 1712 1313 1783 Χρόνου
1342 1708 1432 1765 οὖν
1475 1709 1829 1783 παρελθόντος
1858 1711 1931 1780 ἒγ·

2045 1710 2256 1780 cepisse
2289 1726 2411 1764 cum
2447 1710 2707 1774 audisset,
2737 1712 2914 1780 jubet,
2948 1718 3006 1767 ut
3035 1715 3225 1769 vivens
3256 1715 3609 1787 conﬂagrata,

365 1818 501 1869 γυος
551 1805 585 1874 ἡ
635 1804 831 1875 Θάμαρ
879 1803 1105 1872 γίνεται,
1139 1804 1234 1857 καὶ
1268 1803 1503 1868 ἀκούσας
1541 1803 1568 1856 6
1611 1801 1827 1867 Ἰούδας,
1855 1803 1935 1856 ὅτι

363 1898 430 1948 ἐκ
463 1895 717 1966 πορνείας
745 1896 1047 1967 συνείληφε,
1078 1896 1397 1968 προστάττει
1431 1896 1608 1960 ζῶσαν
1634 1897 1799 1967 αὐτὴν
1840 1915 1937 1949 κα-

361 1988 750 2061 ταφλεχθῆναι.
769 1991 832 2043 Ἡ
859 1990 914 2042 δὲ
938 1989 1176 2061 ἀγομένη
1204 1989 1517 2044 ἀποστέλλει
1542 1989 1618 2059 τῷ
1651 1987 1816 2060 ’ἰούδα
1843 1988 1934 2043 τὸν

359 2081 648 2154 ὁρμίσκον,
677 2083 771 2135 καὶ
817 2083 906 2136 τὸν
954 2082 1255 2145 δακτύλιον,
1293 2083 1387 2136 καὶ
1429 2081 1527 2153 τὴν
1581 2081 1792 2153 ῥάϐδον,
1829 2085 1933 2151 φά-

364 2187 572 2226 σκουσα
591 2191 603 2204 ο
649 2173 744 2227 Ἐκ
774 2173 865 2227 τοῦ
891 2173 1199 2246 ἀνθρώπου,
1229 2170 1432 2238 οὗτινος
1463 2174 1638 2227 ταῦτά
1665 2175 1802 2235 ἐστι,
1826 2173 1935 2242 ἐγὼ

363 2264 680 2333 συνείληςα.
700 2264 987 2333 Ἐπίγνωθι
1015 2261 1106 2318 οὖν
1135 2265 1278 2328 τίνος
1303 2267 1330 2318 6
1352 2263 1650 2328 δακτύλιος,
1681 2265 1773 2316 καὶ
1797 2263 1824 2314 6
1846 2264 1935 2334 όρ-

365 2354 581 2424 μίσκος,
617 2357 710 2410 καὶ
748 2359 779 2428 ἡ
815 2355 1102 2427 ράδδος.’0
1143 2357 1199 2410 δὲ
1246 2357 1468 2420 Ἰούδας,
1498 2355 1816 2425 σχετλιάσας
1846 2354 1937 2406 ἐπὶ

2041 1801 2293 1856 incendio
2327 1801 2605 1866 concidat;
2638 1819 2756 1872 qua:
2773 1819 2894 1858 cum
2919 1805 3229 1870 duceretur,
3255 1797 3615 1864 Judaa.‘catel-

2040 1890 2169 1960 lam,
2201 1892 2449 1946 baculum
2477 1894 2843 1971 annulnu'rque
2868 1897 3109 1962 remittit,
3141 1891 3328 1953 dicens
3356 1916 3368 1953 :
3403 1899 3478 1952 Ex
3510 1900 3608 1952 ho-

2039 1982 2196 2054 mine
2215 1983 2371 2051 cujus
2406 1983 2517 2036 haec
2547 1993 2690 2046 sunt,
2716 1999 2815 2054 ego
2844 1987 3087 2056 concepi,
3119 1988 3406 2056 cujusnam
3443 1988 3609 2057 igitur

2037 2075 2292 2137 annulus,
2325 2076 2516 2130 catella
2543 2077 2876 2146 baculusque
2923 2086 3068 2142 sunt,
3101 2093 3286 2133 nosce.
3314 2079 3410 2134 His
3434 2077 3606 2136 Judas

2039 2167 2222 2220 animo
2249 2167 2497 2232 indoluit,
2538 2167 2878 2238 Numineqne
2903 2169 3132 2233 amatus,
3167 2179 3336 2226 semet
3367 2172 3434 2226 de
3462 2172 3609 2240 inju-

2041 2260 2188 2313 stitia
2220 2259 2547 2323 accusando,
2581 2259 2694 2314 haec
2725 2262 2900 2316 aiebat
2933 2280 2947 2316 :
2976 2261 3183 2315 JuStior
3207 2271 3288 2318 cst
3319 2278 3404 2318 me
3432 2279 3445 2315 :
3481 2279 3608 2334 pro-

2040 2361 2225 2422 pterea
2253 2345 2397 2420 quod
2421 2367 2528 2404 non
2552 2348 2813 2406 dedi‘ea'm
2835 2341 3026 2408 'Selom‘
3055 2354 3162 2407 [ilio
3195 2349 3334 2408 meo.

359 2449 442 2520 τῷ
493 2454 797 2523 πράγματι,
833 2452 924 2506 καὶ
966 2452 1152 2516 ἔνθους
1199 2453 1506 2522 γενόμενος,
1554 2449 1713 2514 αὐτὸς
1745 2449 1933 2504 ἐαυτὸν
1967 2448 2059 2501 ἐπὶ
2105 2449 2170 2517 τῇ
2205 2443 2384 2518 ἀδικία
2419 2444 2818 2517 κατεμέμφετο,
2853 2448 3055 2516 λέγων’
3102 2448 3450 2504 Δεδικαίωται
3502 2447 3618 2511 αὖ-,

356 2560 450 2614 τη,
485 2546 516 2616 ἢ
549 2543 679 2612 ἐγὼ,
701 2537 760 2598 οὗ
787 2544 971 2598 ’ένεκεν
992 2545 1090 2598 οὐκ
1121 2545 1294 2598 ἔδωκα
1321 2546 1488 2616 αὐτὴν
1516 2543 1712 2614 Σηλὼμ
1731 2542 1807 2613 τῷ
1830 2539 1930 2612 υἱῷ
1973 2557 2093 2611 μου.

431 2638 579 2708 Αύτη
606 2638 684 2703 δέ,
716 2637 977 2710 γενομένη
1011 2637 1215 2704 ἐπίτεξ,
1250 2637 1505 2708 διδύμους
1536 2637 1593 2688 ἐν
1631 2635 1707 2706 τῷ
1729 2634 1951 2689 τίκτειν“

2061 2628 2066 2632 ’
2103 2629 2209 2685 Sed
2235 2631 2470 2686 Thamar
2516 2632 2628 2702 jam
2659 2633 2988 2704 parturiens,
3015 2635 3152 2691 duos
3181 2638 3234 2690 in
3276 2645 3433 2708 partu
3468 2655 3600 2710 pro-

357 2733 752 2804 προσήνεγκεν.
785 2729 894 2782 Καὶ
919 2731 947 2782 6
975 2729 1073 2798 μὲν
1099 2728 1317 2800 μείζων,
1359 2728 1635 2781 τουτέστιν
1658 2726 1686 2778 6
1715 2724 1930 2797 πρῶτος

2033 2725 2262 2789 tulit",
2309 2741 2540 2795 quorum
2599 2727 2804 2797 major,
2864 2728 3072 2798 primus
3131 2731 3338 2785 scilicet
3381 2747 3603 2788 manum

355 2823 456 2895 τὴν
489 2825 645 2894 χεῖρα
673 2820 835 2875 αὑτοῦ
872 2819 1214 2892 προεξέϐαλε,
1250 2822 1403 2891 καὶὴ
1443 2823 1573 2890 μαῖα
1613 2817 1767 2888 λῶμα
1805 2815 1931 2869 κόκ-

2031 2817 2232 2882 emisit,
2264 2819 2632 2888 obstetrixque
2663 2835 2780 2874 eam
2810 2815 3029 2874 ﬁmbria'
3051 2836 3320 2890 purpurea
3351 2824 3599 2893 illigavit,

356 2933 508 2969 κινον
557 2918 621 2984 τῇ
672 2914 815 2986 χειρὶ
865 2911 1024 2967 αὐτοῦ
1071 2913 1388 2985 προσέδησε,
1416 2913 1730 2982 φάσκουσαο
1763 2905 1930 2973 Οὗτος

2031 2907 2250 2965 dicens:
2271 2909 2368 2964 Hic
2391 2911 2598 2980 primus
2619 2911 2916 2981 egreditur,
2936 2912 3224 2981 subitoque
3250 2928 3384 2982 puer
3407 2930 3600 2971 manus

359 3007 693 3074 ἐξελεύσεται
734 3002 975 3077 πρῶτος·
1013 3001 1106 3059 καὶ
1137 3004 1338 3068 εὐθέως
1363 3004 1424 3056 τὸ
1451 3004 1658 3057 παιδίον
1689 3003 1786 3074 τὴν
1819 3001 1928 3074 χεῖ-

2031 2999 2180 3054 intus
2229 3001 2530 3064 contraxit,
2569 3004 2883 3073 primusque
2927 3001 3094 3057 frater
3135 3007 3255 3074 ejus
3291 3005 3491 3068 exivit,
3544 3013 3601 3061 ct

361 3117 428 3170 ρα
458 3098 602 3152 ἔνδον
638 3100 929 3169 συνήγαγε,
960 3098 1053 3152 καὶ
1081 3098 1268 3169 ἐξῆλθε
1299 3097 1510 3167 πρῶτος
1535 3099 1562 3150 ὁ
1591 3092 1812 3164 ἀδελφὸς
1831 3096 1930 3148 αύ-

2031 3101 2252 3149 vocatus
2281 3104 2364 3149 est
2396 3094 2636 3168 Phares;
2671 3084 2790 3172 post
2820 3111 2978 3174 quem
3011 3097 3150 3174 alius
3190 3112 3443 3167 egressus
3475 3105 3596 3162 est,

352 3169 449 3243 τοῦ
479 3189 572 3244 καὶ
597 3189 798 3260 ἐκλήθη
827 3187 887 3242 τὸ
911 3189 1081 3258 ὄνομα
1101 3187 1264 3242 αὑτοῦ
1293 3187 1467 3257 Φαρές
1484 3203 1496 3216 °
1529 3187 1622 3239 καὶ
1647 3185 1782 3256 μετὰ
1800 3184 1926 3238 τοῦ-

2031 3184 2114 3238 cui
2144 3199 2337 3240 manus
2363 3202 2596 3256 purpura
2615 3195 2730 3241 erat
2750 3169 2971 3258 illigata,
2997 3196 3050 3242 et
3071 3169 3486 3259 cognominatus
3508 3198 3595 3246 est

353 3299 448 3335 τον
493 3282 713 3353 ἐξῆλθεν
762 3282 790 3333 ὁ
837 3278 1083 3350 ἁδελφὸς,
1121 3280 1205 3348 ἐφ’
1235 3273 1278 3347 ᾧ
1305 3275 1370 3350 ἦν
1398 3277 1457 3332 τὸ
1496 3277 1744 3331 κόκκινον
1773 3279 1830 3330 ἐν
1857 3279 1923 3348 τῇ

2031 3276 2184 3333 Zara.
2215 3278 2296 3333 Ab
2325 3281 2409 3334 his
2462 3279 2621 3334 habet
2661 3286 2835 3333 ortum
2860 3277 3059 3348 Joseph
3111 3295 3342 3350 sponsus
3388 3282 3576 3336 innua-

355 3374 520 3444 χειρὶ,
554 3375 646 3428 καὶ
699 3373 1053 3445 ἐπωνομάσθη
1099 3371 1264 3444 Ζαρά.
1298 3370 1513 3424 Τούτων
1557 3369 1850 3440 ἐτύγχανεν
1899 3373 1928 3424 6

2031 3373 2219 3428 culataa
2253 3371 2512 3444 Virginis,
2545 3387 2608 3427 ex
2639 3387 2743 3442 qua
2776 3370 3026 3426 Christus
3067 3387 3285 3426 carnem
3331 3372 3592 3443 suscepit.

366 3467 563 3535 Ἰωσὴφ
595 3466 858 3534 ἀπόγονος
900 3467 928 3518 6
979 3465 1232 3535 μνήστωρ
1263 3464 1358 3534 τῆς
1388 3461 1654 3535 άχράντου
1689 3461 1922 3534 Μαρίας,

355 3557 416 3624 ἐξ
438 3551 504 3629 ἧς
532 3559 560 3609 6
587 3557 815 3629 Χριστὸς
841 3555 901 3610 τὸ
928 3551 1149 3628 σαρκίον
1170 3554 1485 3626 ἀνείληφεν.

424 3647 615 3716 Φαρὲς
640 3648 769 3717 γὰρ,
797 3646 870 3709 ὡς
900 3649 927 3699 ό
953 3644 1342 3718 εύαγγελιστὴς
1384 3643 1658 3708 Ματθαῖος
1702 3642 1921 3714 ἱστορεῖ,

347 3739 643 3811 ἐγέννησε
683 3739 790 3792 τὸν
835 3735 1325 3807 Ἐσρὼμ,Ἐσρι“ι›μ
1374 3735 1441 3789 δὲ
1482 3735 1770 3804 ἐγέννησε
1819 3735 1923 3788 τὸν

361 3832 745 3902 Ἀρὰμ,Ἀρὰμ
776 3825 844 3884 δὲ
874 3829 1163 3900 ἐγέννησε
1213 3830 1321 3882 τὸν
1357 3816 1923 3898 Ἆμινὰδὰϐ,Ὰμ(να-

347 3925 466 3978 δὰὄ
490 3924 558 3977 δὲ
585 3922 874 3993 ἐγέννησε
900 3922 1005 3975 τὸν
1019 3920 1337 3983 Ναασσὼν,
1357 3919 1658 3973 Ναασσὼν
1671 3918 1739 3971 δὲ
1761 3918 1921 3987 ἐγέν-

347 4032 503 4084 νησε
523 4016 628 4069 τὸν
651 4012 918 4083 Σαλμὼν,
941 4011 1193 4081 Σαλμὼν
1220 4011 1286 4064 δὲ
1312 4011 1602 4080 ἐγέννησε
1629 4009 1735 4063 τόν
1757 4009 1916 4075 Βοέιζζ

349 4106 510 4168 Βοὸζ
523 4107 590 4160 δὲ
607 4106 894 4174 ἐγέννησε
921 4103 1026 4158 τὸν
1042 4103 1208 4170 Ὀόὴδ
1227 4103 1294 4155 ἐκ
1315 4102 1423 4170 τῆς
1455 4102 1646 4166 Ῥοὺθ,
1673 4100 1839 4168 Ὸϐὴδ
1850 4100 1918 4152 δὲ

345 4201 638 4272 ἐγέννησε
651 4199 754 4253 τὸν
769 4198 979 4253 Ἰεσσαὶ
989 4239 1002 4261 ,
1020 4195 1228 4249 Ἰεσσαὶ
1246 4195 1311 4247 δὲ
1322 4194 1352 4247 ἐ
1361 4195 1610 4265 γέννησε
1624 4193 1728 4246 τόν
1738 4192 1918 4246 Δαυῒδ

2096 3638 2294 3692 Phares
2321 3640 2454 3693 enim
2478 3645 2510 3700 ,‘
2538 3645 2597 3691 ut
2634 3637 2964 3707 evangelista
3006 3628 3171 3692 refert
3204 3636 3487 3696 Matthmus
3513 3640 3582 3703 ".

2020 3732 2194 3800 genuit
2221 3729 2428 3791 Esrom,
2456 3728 2639 3783 Esroin
2667 3739 2839 3782 autem
2869 3731 3044 3798 genuit
3076 3730 3262 3796 Aram,
3297 3734 3459 3785 Aram
3494 3749 3592 3786 au-

2022 3831 2121 3876 tem
2155 3827 2328 3891 genuit
2358 3809 2676 3895 Amina'dab,
2715 3819 3009 3873 Aminadab
3045 3831 3217 3874 autent
3260 3824 3437 3890 genuit
3464 3815 3595 3879 ’Ναέ

2020 3929 2196 3976 aeson,
2228 3908 2477 3966 Naasson
2503 3922 2674 3966 autem
2695 3913 2869 3981 genuit
2901 3910 3142 3974 Salmon,
3171 3911 3389 3966 Salmon
3413 3925 3587 3969 autem

2018 4005 2192 4073 genuit
2222 4003 2386 4067 Booz,
2415 4004 2556 4057 Booz
2579 4015 2748 4058 autem
2783 4006 2956 4074 genuit
2992 4004 3134 4058 Obed
3161 4021 3224 4059 ea:
3248 4005 3403 4068 Ruth,
3445 4007 3590 4062 Obed

2019 4108 2193 4149 autem
2236 4097 2412 4166 genuit
2457 4093 2794 4162 Jesse,.lesse
2843 4105 3016 4148 autem
3065 4102 3240 4163 genuit
3287 4095 3458 4148 David
3504 4113 3588 4150 re-

2018 4199 2154 4255 gem,
2193 4183 2358 4239 Dauid
2381 4178 2553 4237 autem
2595 4200 2684 4236 rea:
2706 4186 2878 4253 genuit
2913 4183 3267 4246 Salomonem,
3298 4201 3363 4238 ea:
3386 4203 3447 4239 ea
3471 4203 3589 4254 qua:

345 4291 458 4344 τὸν
479 4288 770 4354 βασιλέα·
822 4286 1000 4340 Δαυῒδ
1023 4284 1090 4338 δὲ
1112 4288 1143 4338 ό
1165 4284 1464 4349 ,βασιλεὺς
1504 4281 1790 4353 ἐγέννησε
1817 4281 1922 4336 τὸν

2031 4277 2124 4344 fuit
2165 4274 2324 4338 Uriaz,
2376 4275 2627 4331 Satomon
2687 4285 2859 4329 autem
2914 4276 3089 4345 genuit
3148 4275 3414 4341 Roboam,
3482 4275 3588 4329 Ro-

344 4381 667 4450 Σολομῶνα
693 4381 760 4434 ἐκ
784 4378 888 4447 τῆς
905 4378 1009 4432 τοῦ
1040 4377 1274 4444 Οὐρίου,
1295 4376 1570 4444 Σολομὼν
1597 4373 1664 4427 δὲ
1678 4373 1917 4443 ἐγέννη-

343 4493 424 4530 σε
468 4474 573 4528 τὸν
616 4469 1145 4540 Ῥοϐοὰμ,Ῥοϐοὰμ
1173 4468 1240 4521 δὲ
1275 4467 1566 4537 ἐγέννησε
1597 4466 1701 4520 τὸν
1745 4467 1912 4529 Ἀϐιὰ,

358 4565 511 4621 Ἀϐιά
549 4566 617 4619 δὲ
665 4560 953 4635 ἐγέννησε
1003 4563 1104 4615 τὸν
1153 4561 1463 4624 Ἀσίι,Ἀσὰ
1515 4560 1583 4614 δὲ
1627 4559 1915 4630 ἐγέννησε

341 4659 455 4713 τόν
483 4650 782 4725 Ἰωσαφάτ·
804 4654 1083 4724 Ἰωσαφὰτ
1120 4653 1188 4705 δέ
1220 4652 1508 4721 ἐγέννησε
1551 4653 1658 4704 τὸν
1693 4651 1910 4719 Ἰωρὰμ,

357 4751 557 4819 Ἰωρὰμ
578 4747 646 4802 δὲ
673 4747 961 4818 ἐγέννησε
994 4746 1098 4799 τὸν
1127 4743 1327 4808 Ὀζῖαν,
1345 4743 1521 4810 Ὀζίας
1537 4743 1605 4797 δὲ
1626 4744 1914 4813 ἐγέννησε

340 4843 456 4896 τὸν
469 4839 722 4908 ’1ωάθαμ,
740 4838 978 4906 ἰωὰθαμ
992 4841 1057 4894 δέ
1067 4836 1352 4907 ἐγέννησε
1365 4835 1470 4888 τὸν
1484 4837 1538 4886 Ἐ
1543 4834 1633 4894 (ex
1641 4835 1756 4898 ίαν,
1776 4833 1914 4894 Ἐζε-

343 4935 482 4999 κίας
524 4933 593 4985 δὲ
634 4927 924 5001 ἐγέννησε
965 4932 1072 4983 τὸν
1126 4925 1448 4994 Μανασσῆ,
1475 4924 1810 4993 Μανασσῆς
1845 4924 1913 4978 δὲ

341 5027 636 5096 ἐγέννησε
675 5026 779 5079 τὸν
814 5020 1293 5093 Ἄμμὼν,Ἀμμὼ-ν
1344 5019 1411 5073 δὲ
1477 5018 1767 5088 ἐγέννησε
1807 5018 1914 5072 τόν

359 5118 606 5181 Ἰωσίαν,
625 5115 846 5182 Ἰωσίας
893 5115 961 5167 δὲ
1007 5112 1296 5183 ἐγέννησε
1341 5110 1446 5164 τὸν
1486 5111 1766 5179 Ἰεχονίαν
1813 5109 1910 5163 καὶ

343 5212 487 5276 τοὺς
519 5208 818 5278 ἀδελφοὺς
846 5207 1028 5260 αὑτοῦ
1059 5205 1156 5259 ἐπὶ
1184 5203 1292 5272 τῆς
1315 5203 1695 5272 μετοικεσίας
1729 5203 1914 5254 Βαϐυ-

339 5301 567 5368 λῶνος·
590 5303 737 5371 μετὰ
779 5299 976 5368 δὲτὴν
1002 5298 1379 5366 μετοικεσίαν
1407 5282 1781 5362 Βαϐύλῶνος,
1821 5296 1914 5349 Ἰε-

344 5395 556 5465 χονίας
625 5391 913 5460 ἐγέννησε
957 5391 1064 5443 τὸν
1109 5387 1409 5453 Σαλαθιὴλ
1433 5429 1447 5452 ,
1495 5387 1800 5453 Σαλαθιὴλ
1845 5385 1912 5439 δέ

341 5487 638 5559 ἐγέννησε
669 5484 776 5537 τὸν
799 5481 1147 5551 Ζοροϐάϐελ,
1179 5479 1506 5549 Ζοροϐάϐελ
1538 5478 1604 5532 δὲ
1623 5479 1910 5550 ἐγέννησε

415 5666 460 5699 ’⁸
488 5663 614 5719 Gen.
644 5677 822 5718 um.
898 5662 942 5692 θ’
973 5659 1098 5714 Gen.
1139 5668 1366 5716 “xvm.
1444 5657 1487 5689 ’³
1512 5653 1703 5709 Manli.
1741 5669 1776 5709 ι.

2018 4368 2166 4422 boam
2181 4377 2353 4421 auten:
2387 4368 2558 4437 genuit
2586 4367 2792 4428 Abiam,
2814 4366 2973 4420 Abias
2995 4377 3169 4421 autem
3205 4369 3377 4437 genuit
3399 4369 3582 4430 Asam,

2016 4461 2126 4515 Asa
2177 4469 2352 4514 autent
2387 4460 2560 4527 genuit
2589 4456 2882 4527 Josaphat,
2914 4455 3170 4526 staphat
3214 4469 3385 4512 autent
3409 4461 3586 4530 genuit

2013 4552 2222 4615 Joram,
2251 4549 2437 4603 Joram
2499 4560 2670 4602 autem
2718 4549 2893 4619 genuit
2935 4547 3121 4603 Oziam
3150 4589 3164 4612 ,
3216 4550 3378 4604 Ozias
3411 4563 3583 4605 autem

2013 4645 2189 4714 genuit
2216 4641 2490 4705 Joatham,
2518 4640 2770 4694 Joatham
2823 4650 2996 4694 autem
3039 4643 3214 4712 genuit
3263 4639 3543 4697 Ezecliiam
3567 4685 3614 4706 ,_

2015 4736 2267 4790 Ezechias
2321 4743 2494 4788 autem
2523 4733 2698 4804 genuit
2729 4727 3052 4798 Manassem,
3085 4734 3361 4789 Manasses
3407 4747 3581 4789 autem

2013 4828 2188 4899 genuit
2213 4827 2457 4888 Ammon,
2483 4825 2701 4878 Ammon
2738 4835 2911 4878 autem
2933 4826 3110 4896 genuit
3136 4824 3364 4892 Josiam,
3397 4827 3578 4880 Josiai:

2013 4928 2186 4972 autem
2205 4917 2713 4988 genuitJechoniam,
2737 4926 2784 4970 et
2804 4915 2992 4986 fratres
3009 4916 3118 4985 ejus
3145 4918 3197 4970 in
3235 4915 3580 4985 transmigra-

2013 5007 2151 5063 tione
2179 5010 2464 5080 Babylonis
2480 5050 2492 5072 ,
2525 5019 2572 5063 et
2592 5017 2707 5078 post
2731 5008 3245 5078 transmigrationem
3268 5007 3574 5077 Babylonis.

2012 5081 2290 5153 Jecltonias
2312 5101 2485 5169 genuit
2504 5097 2782 5160 Salathiel,
2804 5097 3062 5151 Salathiel
3085 5106 3256 5149 autem
3278 5088 3451 5166 genuit
3473 5096 3580 5152 Zoi-

2013 5191 2243 5254 robabel,
2271 5171 2557 5244 Zordbabel
2580 5199 2749 5242 autem
2775 5189 2951 5257 genuit
2973 5187 3166 5248 Abiud,
3195 5188 3368 5240 Abiud
3398 5199 3572 5242 autem

2011 5287 2188 5356 genuit
2216 5283 2499 5347 Eliachim,
2538 5281 2796 5335 Eliachim
2830 5269 3002 5334 autem
3031 5281 3208 5350 genuit
3236 5282 3395 5345 Atur,
3437 5280 3575 5334 Azor

2013 5386 2185 5429 autem
2213 5375 2386 5444 genuit
2401 5373 2591 5437 Sadoc,
2616 5371 2971 5426 Sadocautem
2989 5370 3163 5440 genuit
3181 5370 3574 5436 Achim,Achim

1998 5447 2183 5522 autem
2205 5468 2377 5538 genuit
2406 5463 2752 5533 Eliud,Etiud
2771 5472 2943 5517 autem
2967 5462 3140 5532 genuit
3159 5460 3285 5516 Elea
3298 5460 3574 5530 zar,‘E£ea-
