4080 6334
501 337 606 398 ⁸771

1390 332 1452 391 s.
1492 324 1937 391 EUS’I'ATlllUS
1976 314 2465 387 ANTIOCHENUS
2496 325 2894 383 Episcortzs.

3645 329 3751 382 77'“!

505 478 603 519 zar
614 469 785 514 αιιιευι
796 454 970 529 genuit
984 451 1040 507 Μ
1048 442 1314 518 αιιίιση,Μ
1320 452 1501 506 att/tau
1519 462 1691 507 autem
1702 448 1915 521 genuitl
1919 447 2067 514 acob,

2188 446 2277 501 τὸν
2309 443 2789 509 Ἆϐιοὺὸ,Ἀ6ιοὺδ
2833 443 2902 497 δὲ
2943 441 3232 513 ἐγέννησε
3278 441 3387 496 τὸν
3428 443 3746 514 Ἐλιακεὶμ,

503 553 672 607 Iacob
695 559 866 604 autem
895 546 1070 618 genuit
1084 543 1280 613 Ioseph
1301 544 1468 598 virum
1486 543 1537 596 Μ
1546 544 1695 607 ariar,
1708 557 1773 597 ex
1789 558 1892 613 qua
1913 550 2069 596 natus

502 653 583 700 est
606 642 784 706 Iesus,
804 640 894 711 qui
927 638 1123 693 dicitur
1146 635 1408 693 Christus.
1443 635 1635 690 Omnes
1658 635 1833 707 itaque
1854 650 2070 706 genera-

506 738 670 791 tiones
699 732 764 788 ab
790 730 1059 786 Abraham
1087 745 1248 800 usque
1268 728 1336 783 ad
1365 727 1531 782 David
1557 727 1912 798 generationes
1936 743 2068 797 qua-

506 825 815 888 tuorrtecim,
834 833 882 877 et
906 840 940 876 a
959 821 1126 876 David
1147 835 1308 891 usque
1335 820 1406 875 ad
1421 820 1939 891 transmigrationem
1961 818 2070 873 Ba-

505 920 710 991 bylonis
737 917 1090 990 generationes
1122 913 1534 986 quatuordecim.
1564 921 1613 966 et
1657 929 1690 966 a
1724 911 2077 983 transmigra-

505 1014 646 1067 tione
697 1008 986 1081 Babylonis
1040 1023 1201 1079 usque
1258 1004 1326 1060 ad
1382 1003 1684 1071 Christum,
1715 1004 2073 1075 generationes

503 1102 918 1175 quatuordecim.

2189 537 2482 606 Ἐλιακείμ
2516 535 2584 589 δὲ
2626 535 2916 606 ἐγέννησε
2953 533 3056 588 τὸν
3095 533 3457 605 ἈζῗυμἏζῖορ
3482 536 3553 589 δὲ
3584 536 3752 607 ἐγέν-

2174 645 2327 700 νησε
2359 629 2464 683 τὸν
2486 627 2713 694 Σαδὼκ,
2744 627 2951 683 Σαδὼκ
2979 625 3048 680 δὲ
3079 625 3373 695 ἐγέννησε
3396 627 3503 681 τὸν
3534 628 3746 698 Ἀχείμ,

2187 724 2374 793 Ἀχείμ
2411 721 2480 775 δὲ
2503 718 2795 790 ἐγέννησε
2822 720 2928 774 τὸν
2962 718 3212 784 Ἐλιοὺὸ,
3231 719 3459 775 Ἐλιοὺδ
3490 719 3560 774 δὲ
3585 718 3751 790 ἐγέν-

2178 832 2330 886 νησε
2350 815 2459 869 τὸν
2484 812 2773 881 Ἐλεάζαρ,
2791 810 3062 880 Ἐλεάζαρ
3080 811 3149 865 δὲ
3169 812 3461 882 ἐγέννησε
3473 813 3582 867 τὸν
3601 817 3755 869 Ματ-

2179 909 2311 973 θὰν,
2336 906 2580 961 Ματθὰν
2615 904 2685 958 δὲ
2727 903 3019 974 ἐγέννησε
3063 903 3169 957 τὸν
3210 902 3643 969 Ἰακὼ6,⁹1ακὼ6
3680 906 3750 959 δὲ

2177 999 2466 1072 ἐγέννησε
2484 997 2591 1052 τὸν
2602 992 2814 1066 Ἰωσὴφ
2834 996 2941 1050 τὸν
2954 994 3141 1065 ἄνδρα
3155 997 3403 1066 Μαρίας,
3413 997 3483 1063 ἐξ
3497 993 3572 1069 ἧς
3586 998 3752 1068 arar.

2156 1091 2310 1161 νήθη
2334 1088 2567 1160 Ἰησοῦς
2587 1091 2620 1143 ό
2650 1090 2974 1158 λεγόμενος
3004 1089 3276 1157 Χριστός.
3316 1087 3513 1143 Πᾶσαι
3541 1090 3660 1143 νῦν
3686 1091 3747 1143 al

505 1197 703 1269 γενεαὶ
728 1194 849 1252 ἀπὸ
887 1193 1130 1263 Ἀϐραὰμ
1157 1192 1268 1259 ἓως
1292 1188 1472 1244 Δαυῒδ
1502 1187 1698 1258 γενεαὶ
1725 1185 2184 1253 δεκατέσσαρες,
2218 1181 2316 1236 καὶ
2343 1181 2462 1237 ἀπὸ
2492 1179 2673 1235 Δαυῒδ
2715 1179 2826 1246 ἕως
2861 1176 2969 1248 τῆς
3001 1181 3380 1248 μετοικεσίας
3396 1180 3752 1248 Βαϐυλῶνος

506 1291 704 1364 γενεαὶ
743 1289 1201 1357 δεκατέσσαρες,
1238 1284 1337 1338 καὶ
1369 1282 1486 1338 ἀπὸ
1536 1280 1643 1351 τῆς
1678 1279 2053 1351 μετοικεσίας
2082 1273 2447 1341 Βαϐυλῶνος
2481 1272 2591 1339 ἕως
2626 1271 2730 1326 τοῦ
2767 1271 3025 1341 Χριστοῦ
3066 1274 3260 1344 γενεαὶ
3290 1273 3749 1347 δεκατέσσαρες,

581 1383 968 1456 lnquirendum
1008 1388 1191 1437 autem
1222 1377 1382 1434 nobis
1425 1384 1541 1441 est,
1586 1388 1822 1446 quanam
1866 1373 2077 1426 ratione

514 1478 803 1535 Mattlueus
818 1483 874 1531 et
889 1474 1066 1529 Lucas
1080 1472 1135 1527 in
1166 1468 1476 1543 genealogia
1494 1465 1692 1538 Joseph
1708 1464 1969 1520 tradenda
1988 1462 2076 1518 di-

511 1575 792 1639 screpant;
809 1563 897 1619 hic
918 1565 1137 1636 quidem
1150 1563 1318 1617 ﬁlium
1334 1561 1482 1616 illum
1495 1559 1687 1624 Jacob,
1711 1557 1802 1612 ﬁlii
1833 1555 2075 1610 Matthan

511 1662 839 1736 perhibens,
873 1657 1050 1713 Lucas
1080 1670 1208 1712 vero
1238 1654 1405 1709 ﬁlium
1432 1651 1586 1717 Heli,
1637 1650 1729 1706 ﬁlii
1764 1647 1955 1705 Melchi
1978 1689 1992 1713 ,
2024 1658 2077 1703 et

512 1752 787 1829 quomodo
815 1750 1007 1808 Melchi
1027 1790 1044 1815 ,
1075 1756 1131 1805 et
1154 1747 1395 1803 Matthan
1418 1786 1434 1811 ,
1467 1760 1591 1801 cum
1617 1744 1729 1801 sint
1753 1742 1953 1800 diversi
1985 1757 2077 1814 ge-

419 1881 431 1888 -
512 1849 686 1913 neris,
711 1846 797 1903 avi
823 1844 1043 1916 Josephi
1068 1840 1500 1912 comperiuntur.

580 1941 659 1996 lta
679 1938 949 1997 dubitatio
971 1936 1089 1991 haec
1118 1932 1374 1990 tollenda.
1407 1932 1625 1989 Primus
1657 1930 1802 1988 enim
1836 1927 2082 1983 Matthan

514 2051 546 2091 a
569 2032 860 2090 Salomone
875 2028 1163 2091 oriundus,
1190 2024 1391 2081 Ethan
1421 2024 1610 2080 habuit
1637 2022 1693 2078 in
1713 2020 2079 2083 matrimonio,

513 2143 581 2184 ex
618 2126 723 2181 hac
751 2123 992 2197 gignitur
1028 2118 1222 2181 Jacob,
1254 2125 1308 2172 et
1344 2115 1600 2178 moritur,
1645 2126 1876 2182 eamque
1929 2109 2083 2164 ducit

515 2214 712 2273 Melcbi
746 2230 811 2271 ex
846 2226 1047 2284 genere
1074 2207 1317 2263 Matthan
1344 2245 1360 2271 ,
1394 2204 1733 2275 suscipitque
1753 2217 1822 2258 ex
1850 2216 1914 2257 ca
1938 2197 2079 2256 Heli.

513 2306 703 2379 Itaque
747 2305 989 2361 Matthan
1047 2309 1103 2358 et
1152 2294 1370 2363 Melchi,
1433 2296 1623 2353 eadem
1670 2307 1841 2349 uxore
1882 2292 2081 2358 ducta,

515 2399 657 2455 duos
686 2412 752 2453 ex
802 2393 991 2451 eadem
1024 2400 1230 2455 matre,
1290 2389 1488 2444 fratres
1541 2385 1681 2441 ﬁlios
1735 2383 2081 2447 habuerunt,

516 2504 690 2562 quare
723 2486 926 2558 duplici
955 2500 1152 2558 genere
1177 2482 1369 2547 Jacob,
1413 2488 1468 2536 et
1500 2477 1620 2535 Heli
1647 2475 1910 2534 oriundos
1934 2489 2084 2529 com-

518 2583 782 2655 perimus.
832 2577 948 2635 Heli
977 2591 1145 2647 porro
1171 2588 1342 2630 uxore
1366 2572 1562 2635 ducta,
1611 2568 1730 2626 sine
1760 2566 1884 2622 ﬁliis
1914 2565 2081 2628 obiit,

518 2688 574 2732 et
603 2675 773 2731 frater
805 2674 925 2745 ejus
950 2669 1119 2726 Jacob
1144 2683 1263 2726 eam
1304 2666 1407 2723 sibi
1437 2662 1753 2734 conjunxit,
1800 2670 1863 2715 ut
1888 2674 2086 2717 secun-

518 2765 650 2823 dum
680 2766 852 2835 legem
880 2763 1021 2819 ﬁlios
1051 2761 1205 2815 fratri
1228 2759 1513 2822 excitaret,
1540 2755 1896 2825 nasciturque
1928 2768 1993 2808 ex
2023 2765 2086 2807 ea

519 2857 810 2930 Josephus.
839 2857 919 2912 lta
947 2864 1009 2911 ut
1033 2860 1229 2910 natura
1270 2850 1490 2923 quidem
1532 2847 1801 2919 Iosephus
1837 2844 1981 2900 ﬁlius
2016 2844 2088 2900 sit

518 2948 731 3014 Jacobi,
756 2948 873 3020 lege
902 2945 1043 3002 Heli.

2252 1365 2522 1439 Ζητητὲσν
2569 1365 2625 1419 δὲ
2676 1365 2812 1437 ἡμῖν
2865 1364 3007 1419 κατὰ
3055 1369 3205 1419 ποῖον
3236 1364 3391 1436 λόγον
3415 1369 3443 1421 6
3474 1367 3755 1434 Ματθαῖος

2182 1458 2276 1514 καὶ
2301 1460 2329 1513 6
2362 1459 2577 1523 Λουκᾶς
2605 1459 2661 1510 ὲν
2690 1457 2756 1529 τῇ
2788 1457 3109 1531 γενεαλογίᾳ
3152 1458 3475 1528 διαφωνοῦσι
3505 1460 3596 1515 τοῦ
3640 1462 3754 1516 Ἰω-

2183 1555 2326 1625 σήφο
2352 1553 2381 1606 6
2428 1553 2527 1624 μὲν
2575 1551 2689 1606 υἱὸν
2726 1550 2919 1605 Ἰακὼϐ
2959 1551 3188 1624 γράφων
3222 1552 3382 1606 αὐτὸν
3423 1553 3540 1607 υίοῦ
3598 1554 3754 1608 Ματ-

2180 1643 2301 1709 θὰν,
2334 1644 2363 1697 6
2403 1644 2460 1698 δὲ
2493 1645 2704 1708 Λουκᾶς
2746 1640 2860 1697 υἱὸν
2898 1643 3048 1697 Ἠλεὶ
3089 1643 3182 1697 τοῦ
3228 1643 3457 1715 Μελχείο
3498 1647 3591 1699 καὶ
3635 1646 3754 1710 πῶς

2179 1729 2345 1802 οὗτοι,
2372 1736 2638 1808 διαφόρων
2677 1735 2850 1804 γενῶν
2893 1734 3249 1806 ὑπάρχοντες,
3279 1735 3309 1788 ὃ
3333 1752 3392 1788 τε
3427 1733 3632 1807 Μελχεὶ
3661 1738 3754 1791 καὶ

2179 1830 2207 1882 ὁ
2238 1826 2484 1891 Ματθάν,
2514 1826 2729 1882 πάπποι
2760 1826 2853 1880 τοῦ
2899 1826 3094 1898 Ἰωσὴφ
3120 1827 3526 1896 ἀναφαίνονται.

2253 1920 2438 1973 Ἔστιν
2470 1915 2562 1973 οὖν
2592 1918 2750 1972 τοῦτο
2772 1920 3215 1991 σαφηνιζὸμενον.
3241 1918 3462 1991 Πρῶτος
3479 1919 3587 1991 γὰρ
3607 1921 3757 1976 Ματ-

2182 2009 2302 2070 θάν.
2336 2011 2365 2062 6
2402 2011 2467 2064 ὲκ
2492 2010 2682 2080 γένους
2708 2009 3071 2082 Σολομῶντος,
3104 2008 3294 2079 ἄγεται
3321 2014 3553 2080 γυναῖκα
3582 2013 3755 2066 Αἱθὰν

2180 2102 2426 2173 ὀνόματι,
2468 2103 2561 2156 καὶ
2599 2104 2664 2157 ἐκ
2688 2098 2892 2175 ταύτης
2925 2104 3090 2173 γεννᾷ
3112 2102 3203 2156 τὸν
3242 2102 3457 2162 Ἰακὼϐ,
3493 2105 3588 2158 καὶ
3616 2106 3754 2159 ἀπο-

2184 2193 2422 2266 θνήσκει.
2447 2195 2555 2249 Kal
2579 2196 2763 2263 ἄγεται
2790 2195 2958 2267 αὐτὴν
2985 2195 3014 2247 6
3036 2195 3233 2265 Μελχεὶ
3253 2197 3282 2249 6
3312 2198 3375 2249 ἐκ
3394 2196 3580 2265 γένους
3603 2200 3756 2252 Ma:-

2184 2285 2302 2352 θὰν,
2334 2287 2545 2340 ἐκποιεῖ
2588 2286 2647 2353 ἐξ
2701 2287 2867 2358 αὐτῆς
2917 2287 3010 2341 τὸν
3056 2287 3222 2342 Ἡλεί.
3257 2289 3366 2342 Καὶ
3414 2290 3479 2362 δὴ
3524 2286 3616 2344 οὖν
3643 2292 3670 2345 ὃ
3695 2309 3753 2344 τε

2183 2376 2408 2431 Ματθὰν
2439 2378 2533 2432 καὶ
2555 2378 2583 2431 6
2613 2377 2836 2449 Μελχεὶ,
2861 2378 2961 2450 τὴν
2995 2379 3162 2449 αὐτὴν
3204 2378 3534 2452 ἀγαγόμενοι
3567 2386 3756 2449 γυναῖ-

2184 2486 2275 2533 κα,
2307 2467 2400 2522 δύο
2439 2469 2806 2541 ὁμομητρίους
2839 2469 3323 2542 ὲπαιδοποιήσαντο
3367 2469 3647 2542 ἀδελφοὺς,
3673 2473 3756 2527 διὸ

2184 2563 2277 2616 καὶ
2322 2565 2387 2617 ἐκ
2426 2560 2696 2634 διαφόρων
2725 2555 2818 2615 δύο
2842 2562 3013 2631 γενῶν
3061 2564 3388 2635 εὑρίσκομεν
3434 2564 3523 2617 τὸν
3559 2564 3754 2618 Ἰακὼϐ

2185 2656 2280 2710 καὶ
2306 2654 2395 2709 τὸν
2431 2654 2594 2708 Ἦλεί.
2612 2654 2761 2708 Ἠλεὶ
2784 2653 3054 2721 δὲ,λα6ὼν
3072 2660 3329 2724 γυναῖκα,
3358 2656 3523 2721 ἄπαις
3554 2657 3756 2711 ἐτελεύ-

2183 2764 2338 2820 τησε,
2377 2747 2468 2801 καὶ
2493 2748 2521 2799 6
2559 2747 2783 2817 ἀδελφὸς
2810 2747 2971 2801 αὐτοῦ
3002 2747 3194 2802 Ἰακὼὸ
3222 2744 3378 2802 ἔλαϐε
3400 2748 3497 2819 τὴν
3522 2752 3758 2817 γυναῖκα

2185 2838 2371 2904 αὑτοῦ,
2396 2839 2540 2903 ὅπως
2561 2839 2700 2894 κατὰ
2722 2835 2812 2893 τὸν
2833 2840 2994 2910 νόμον
3016 2839 3200 2911 ἐγείρῃ
3229 2839 3391 2893 τέκνα
3416 2838 3493 2911 τῷ
3517 2838 3749 2910 ἀδελφῷ,

2186 2931 2283 2986 καὶ
2308 2932 2472 3004 γεννᾷ
2504 2932 2562 2998 ἐξ
2599 2931 2769 3002 αὐτῆς
2802 2933 2891 2985 τὸν
2932 2933 3317 3003 Ἰωσήφ.’Ὥστε
3354 2927 3447 2986 οὖν
3479 2931 3619 2986 κατά
3653 2931 3755 3001 φῦ-

2092 3041 2099 3048 ‘
2191 3040 2274 3080 σιν
2304 3025 2403 3096 μὲν
2436 3019 2504 3096 ἦν
2530 3023 2644 3089 υίὸς
2673 3024 2767 3078 τοῦ
2813 3023 3007 3079 Ἰακὼὸ
3036 3026 3066 3079 6
3101 3026 3317 3098 Ἰωσὴφ,
3351 3024 3489 3080 κατὰ
3520 3025 3677 3097 νόμον
3696 3024 3755 3078 δὲ

593 3202 765 3276 Digna
785 3211 933 3260 certe
958 3210 1044 3260 est
1074 3218 1196 3274 quae
1228 3208 1582 3275 percurratur
1619 3200 1851 3258 historia
1874 3241 1890 3267 ,
1921 3217 2085 3271 quam

520 3295 758 3353 Jacobus
791 3296 1011 3369 quidam
1051 3302 1302 3352 recenset
1342 3296 1410 3351 de
1457 3295 1615 3350 beata
1647 3290 1902 3365 Virgine,
1937 3293 2089 3350 hisce

523 3389 708 3449 verbis
733 3405 1031 3458 enarrans;
1092 3389 1169 3446 ait
1192 3404 1430 3461 namque
1487 3388 1543 3443 in
1589 3387 1844 3444 tribubus
1886 3386 2086 3453 Israel,

522 3481 702 3537 virum
729 3478 898 3537 fuisse
936 3480 1255 3551 opulentum
1278 3480 1496 3534 nomine
1523 3476 1771 3535 Joacbim
1792 3517 1807 3543 ,
1839 3477 1935 3549 qui
1978 3476 2093 3534 die-

524 3571 632 3628 bus
663 3570 817 3628 festis
842 3586 1069 3626 munera
1102 3569 1212 3626 Deo
1234 3570 1400 3641 duplo
1424 3569 1631 3639 majora
1659 3568 1783 3625 aliis
1805 3567 2089 3633 oﬁ'erebat,

525 3670 588 3718 ut
619 3663 701 3719 sic
732 3662 932 3733 populo
961 3661 1145 3726 omni,
1182 3660 1395 3733 sibique
1442 3659 1691 3715 divinum
1730 3658 1942 3714 Numen
1974 3659 2093 3731 pla-

528 3751 705 3808 cando
757 3751 1050 3823 propitium
1108 3751 1378 3808 redderet.
1419 3748 1539 3806 Jam
1594 3748 1954 3807 celeberrimo
2004 3748 2094 3805 die

529 3840 673 3898 festo
706 3841 1198 3912 appropinquante,
1231 3840 1615 3914 omnibusque,
1647 3850 1708 3896 ut
1733 3839 1903 3896 moris
1936 3848 2091 3903 erat,

530 3947 820 3989 munerum
850 3931 1251 4004 magniﬁcentia
1281 3930 1643 3999 donantibus,
1672 3931 1887 4003 primus
1919 3931 2006 3986 hic
2036 3938 2094 3985 ut

530 4027 742 4099 primus
773 4022 1038 4088 deferret,
1065 4022 1326 4079 accurrit.
1375 4020 1482 4078 Sed
1506 4020 1686 4077 Rubin
1720 4020 1942 4093 quidam
1969 4037 2094 4076 eum

532 4124 837 4175 remoratus
864 4124 970 4179 est,
992 4131 1101 4172 non
1126 4115 1287 4170 licere
1319 4113 1423 4185 ipsi
1461 4113 1697 4187 primum
1733 4112 1929 4171 oﬁ‘erre
1953 4113 2097 4169 amr-

532 4226 711 4273 mans.
740 4212 834 4282 qui
867 4211 923 4266 in
945 4209 1113 4267 Israel
1146 4209 1326 4266 adhuc
1353 4210 1474 4266 sine
1494 4208 1648 4281 prole
1679 4208 1927 4281 degebat.
1958 4206 2098 4264 Hinc

534 4318 772 4360 maerore
798 4303 1051 4366 obrutus,
1084 4301 1300 4359 deserta
1330 4301 1468 4373 petit
1487 4341 1504 4365 ,
1537 4298 1722 4371 ibique
1745 4300 2099 4356 tabernaculo

535 4403 817 4453 exstructo
842 4394 1180 4467 supplicibus
1197 4394 1340 4450 votis
1368 4395 1537 4449 Deum
1570 4392 1783 4457 orabat,
1808 4399 1864 4447 ut
1885 4401 1939 4448 et
1970 4392 2097 4457 sibi,

2109 3146 2156 3206 ρ
2187 3115 2281 3171 τοῦ
2326 3116 2492 3170 Ἡλεί.

2260 3207 2441 3273 ’Ἄξιον
2484 3207 2543 3261 δὲ
2598 3209 2692 3262 καὶ
2738 3207 2836 3282 τὴν
2872 3209 3131 3282 ἱστορίαν,
3166 3211 3232 3283 ἢν
3257 3209 3473 3276 διέξεισι
3503 3211 3632 3283 περῖ
3658 3211 3759 3283 τῆς

2189 3298 2350 3369 ἁγίας
2395 3298 2611 3373 Μαρίας
2649 3299 2904 3365 Ἰάκωϐος
2948 3317 3054 3365 τις,
3090 3299 3354 3355 ἐπελθεῖν.
3382 3301 3582 3355 Φάσκει
3626 3304 3757 3372 γὰρ,

2189 3391 2247 3443 ἐν
2270 3392 2390 3455 ταῖς
2419 3391 2614 3461 φυλαῖς
2641 3388 2735 3444 τοῦ
2774 3391 2990 3465 Ἰσραὴλ
3027 3391 3193 3465 ἄνδρα
3221 3392 3472 3446 πλούσιον
3525 3395 3761 3465 γεγενῆ-

2191 3481 2315 3538 σθαι
2340 3484 2561 3554 ὀνόματι
2597 3484 2870 3555 Ἰωακεὶμ,
2897 3483 2957 3547 ὃς
2988 3484 3106 3538 καθ’
3132 3483 3323 3557 ἑορτὴν
3349 3484 3626 3540 διπλάσιον
3651 3485 3761 3538 τῶν

2190 3576 2363 3632 ἄλλων
2396 3577 2544 3650 δῶρα
2580 3575 2656 3649 τῷ
2697 3576 2815 3648 Θεῷ
2840 3577 3254 3651 προσεκόμιζεν,
3283 3578 3426 3632 οὕτω
3453 3579 3653 3649 λέγων·
3685 3579 3762 3633 Τὸ

2191 3670 2290 3742 τῆς
2317 3671 2633 3743 περιουσίας
2662 3670 2721 3724 ἐν
2748 3672 2911 3726 παντὶ
2925 3671 3002 3744 τῷ
3029 3671 3163 3744 λαῷ,
3184 3674 3279 3727 καὶ
3298 3672 3358 3727 τὸ
3385 3673 3484 3746 τῆς
3514 3673 3762 3743 ἀφέσεως

2192 3758 2272 3827 εὶς
2307 3761 2530 3835 ἱλασμὸν
2562 3763 2685 3835 ἐμοὶ
2730 3762 2919 3837 Κυρίῳ
2953 3763 3032 3835 τῷ
3061 3763 3198 3835 Θεῷ.
3215 3763 3509 3835 Ἐνστάσης
3536 3759 3628 3818 οὖν
3660 3762 3765 3832 τῆς

2196 3854 2457 3926 μεγίστης
2503 3854 2596 3909 τοῦ
2648 3855 2852 3928 Κυρίου
2890 3857 3102 3929 ἑορτῆς,
3133 3857 3227 3911 καὶ
3260 3857 3474 3911 πάντων
3518 3856 3658 3911 κατὰ
3700 3854 3765 3911 τὸ

2194 3946 2382 4011 εἰωθὸς
2395 3946 2461 4001 τὰ
2482 3947 2628 4020 δῶρα
2642 3946 2721 4019 τῷ
2736 3947 2852 4020 Θεῷ
2870 3948 3360 4021 προσκομιζόντων,
3380 3950 3763 4021 προσενεγκεῖν

2196 4044 2407 4115 πρῶτος
2439 4043 2600 4109 αὐτὸς
2632 4043 2906 4117 ὥρμησεν.
2943 4045 3051 4099 Kal.
3088 4045 3299 4099 Ῥουϐἱν
3334 4063 3417 4109 τις
3436 4043 3761 4099 διεκώλυσεν

2195 4133 2360 4187 αὐτὸν
2407 4135 2691 4205 προσοῖσαι
2738 4133 2970 4206 πρῶτον,
2999 4134 3193 4203 λέγων,
3226 4133 3301 4206 μὴ
3346 4134 3543 4199 ἐξεῖναι
3590 4128 3761 4203 αὐτῷ,

2196 4224 2384 4280 καθότι
2411 4224 2632 4290 ἄτεκνος
2659 4228 2718 4281 ὲν
2745 4225 2824 4298 τῷ
2863 4224 3078 4298 Ἰσραὴλ
3103 4224 3428 4298 καθέστηκε.
3457 4225 3569 4279 Kal
3594 4225 3766 4297 λυπηο

2198 4317 2310 4382 θεὶς
2341 4316 2434 4371 ἐπὶ
2468 4317 2647 4384 τοῦτο,
2675 4320 2755 4383 εἰς
2782 4316 2878 4388 τὴν
2904 4317 3106 4391 ἔρημον
3136 4316 3379 4387 ἀφίκετο,
3410 4319 3571 4372 κάκεῖ
3586 4318 3766 4389 πήξας

2200 4411 2402 4482 σκηνὴν
2436 4409 2644 4464 ἱκέτευε
2668 4410 2759 4464 τὸν
2788 4410 2918 4466 Θεὸν
2942 4414 3240 4484 παρασχεῖν
3270 4411 3365 4464 καὶ
3387 4395 3767 4483 αὐτῷ,ὶῖ›σπερ

536 4486 992 4560 quemadmodum
1012 4485 1263 4548 Abrahae,
1294 4486 1548 4557 legitimae
1574 4485 1742 4557 prolis
1775 4486 2089 4541 concederet

2196 4501 2275 4574 τῷ
2302 4501 2549 4575 Ἀϐραὰμ
2579 4502 2798 4573 γνησίου
2826 4502 3013 4566 παιδὸς
3036 4501 3271 4574 σποράν·
3300 4501 3459 4572 μόνον
3478 4501 3587 4573 γὰρ
3606 4500 3768 4571 ἐγνώ-

538 4578 961 4647 fecunditatem;
1014 4578 1193 4635 solum
1244 4577 1390 4633 enim
1442 4576 1547 4632 hoc
1585 4591 1645 4633 se
1670 4576 1816 4632 dono
1844 4577 1900 4632 in
1936 4576 2098 4633 Israel

512 4685 731 4745 carere
754 4670 1153 4743 cognoscebat,
1203 4677 1260 4725 et
1292 4668 1375 4726 sic
1406 4669 1462 4724 in
1497 4668 1858 4741 quadraginta
1887 4668 2097 4724 dierum

536 4763 748 4834 jejunio
775 4762 944 4819 Deum
977 4763 1392 4835 deprecabatur.
1422 4761 1685 4818 Similiter
1711 4769 1767 4819 et
1790 4763 1909 4833 ejus
1941 4778 2098 4832 uxor,

541 4854 742 4909 vestitu
791 4853 1031 4920 inculto,
1068 4862 1122 4909 et
1169 4853 1395 4910 horrido
1436 4860 1579 4910 tecta
1601 4892 1617 4920 ,
1677 4854 1882 4926 prolem
1916 4871 1946 4910 a
1994 4854 2102 4912 Deo

542 4946 799 5017 precibus
841 4947 1122 5019 poscebat.
1171 4946 1279 5004 Sed
1322 4962 1447 5004 cum
1480 4962 1674 5019 magna
1724 4948 1843 5005 dies
1890 4948 2103 5005 Domini

543 5039 805 5107 venisset,
830 5049 981 5098 veste
1009 5056 1069 5098 se
1096 5043 1337 5113 pretiosa
1359 5042 1603 5108 ornavit;
1637 5040 1791 5098 nefas
1810 5044 1953 5099 enim
1987 5051 2106 5100 erat

547 5132 643 5190 illo
666 5132 758 5190 die
790 5135 1042 5193 luctuoso
1062 5134 1254 5191 habitu
1282 5134 1492 5190 vestiri.

616 5223 776 5280 Circa
808 5225 977 5297 igitur
1017 5225 1209 5281 horam
1255 5226 1361 5282 diei
1411 5240 1610 5281 nonam
1658 5226 1761 5284 sub
1809 5227 2006 5283 arbore
2049 5227 2105 5282 in

547 5315 809 5373 viridario
842 5332 944 5373 suo
971 5316 1203 5387 sedens,
1230 5318 1316 5375 bis
1346 5318 1528 5376 verbis
1548 5318 1718 5375 Deum
1740 5318 2064 5376 obsecrabat
2088 5337 2104 5377 :

554 5425 577 5462 ι
611 5406 756 5466 Deus
784 5416 998 5480 patrum
1030 5419 1376 5477 nostrorum,
1418 5411 1649 5468 benedic
1674 5412 1808 5467 mihi
1833 5421 1887 5469 et
1911 5412 2109 5468 exaudi

542 5503 851 5559 orationem
906 5519 1121 5570 meam,
1163 5507 1306 5560 sicut
1337 5505 1661 5563 benedixisti
1692 5507 1867 5562 vulvae
1896 5504 2116 5573 Sarrae;

552 5599 609 5649 et
679 5594 879 5651 dedisti
928 5596 1099 5652 ﬁlium
1154 5597 1232 5652 illi
1285 5597 1458 5654 lsaac.
1519 5618 1538 5652 ι
1592 5598 1720 5655 Haec
1776 5616 1900 5656 cum
1965 5600 2112 5658 dice-

552 5690 673 5750 ret,
706 5683 764 5739 in
791 5688 1150 5759 propinquam
1183 5688 1433 5745 arborem
1472 5702 1751 5761 aspectum
1789 5690 2108 5758 referendo,

551 5777 769 5847 aspexit
820 5792 1095 5847 passerem
1154 5782 1317 5850 pullis
1374 5781 1492 5839 suis
1541 5782 1924 5853 incubantem;
1985 5784 2113 5841 hinc

2198 4610 2283 4648 κει
2332 4592 2522 4648 ἑαυτὸν
2572 4593 2834 4667 ὑπάρχειν
2871 4595 2929 4648 ὲν
2974 4592 3052 4664 τῷ
3091 4592 3322 4665 Ἰσραήλ·
3355 4591 3514 4665 ἄχρις
3545 4592 3767 4665 ἡμερῶν

2197 4685 2472 4757 νηστεύων
2525 4687 2930 4757 τεσσαράκοντα
2977 4685 3183 4740 ἱκέτευε
3233 4685 3323 4740 τὸν
3368 4685 3520 4739 Θεόν.
3539 4686 3768 4757 Ὁμοίως

2202 4775 2261 4833 δὲ
2295 4776 2391 4833 καὶ
2416 4781 2449 4850 ἡ
2478 4776 2744 4850 ὁμόζυγος
2768 4777 2956 4842 αὐτοῦ,
2978 4777 3309 4851 περιθεμένη
3333 4777 3536 4849 ἐσθῆτα
3553 4778 3765 4849 εὐτελῆ,

2208 4869 2378 4924 ἐδεῖτο
2405 4869 2500 4923 τοῦ
2531 4868 2665 4923 Θεοῦ
2696 4871 2878 4940 τυχεῖν
2909 4869 3092 4939 γονῆς.
3109 4869 3434 4940 Ἑπιστάσης
3463 4867 3519 4921 δὲ
3543 4868 3642 4939 τῆς
3670 4884 3768 4938 με-

2201 4961 2393 5033 γίστης
2416 4962 2624 5034 ἡμέρας
2655 4961 2748 5014 τοῦ
2781 4959 2934 5025 Θεοῦ,
2970 4958 3227 5031 λαμπρὰν
3259 4956 3448 5029 στολὴν
3478 4955 3770 5027 ἀμφιέννυ-

2202 5068 2319 5104 ταιο
2350 5050 2411 5104 οὐ
2444 5049 2553 5122 γὰρ
2582 5046 2650 5121 ἦν
2682 5048 2898 5122 θεμιτὸν
2929 5050 2986 5103 ὲν
3022 5048 3193 5120 ταύτῃ
3219 5049 3284 5119 τῇ
3318 5047 3476 5119 ἑορτῇ
3511 5046 3771 5115 πένθιμον

2202 5142 2503 5214 ἠμφιέσθαι
2532 5141 2743 5214 στολήν.

2273 5236 2407 5306 Περὶ
2432 5232 2562 5304 γοῦν
2581 5232 2679 5304 τὴν
2702 5233 2929 5306 ἐννάτην
2946 5233 3093 5307 ὥραν
3113 5232 3214 5305 τῆς
3237 5231 3444 5304 ἡμέρας
3463 5228 3567 5283 ὑπό
3596 5244 3649 5282 τι
3669 5226 3777 5281 δέν-

2204 5328 2329 5402 δρον
2350 5329 2407 5382 ὲν
2434 5327 2513 5399 τῷ
2542 5328 2854 5401 παραδείσῳ
2889 5329 3057 5398 αὐτῆς
3079 5324 3428 5380 καθεσθεῖσα.
3459 5322 3667 5376 ἱκέτευε
3694 5320 3776 5372 λέ-

2206 5437 2377 5490 γουσα
2410 5420 2488 5492 τῷ
2513 5419 2660 5490 Θεῷ·
2698 5438 2716 5472 ι
2737 5420 2797 5473 Ὀ
2828 5419 2959 5483 Θεὸς
2991 5418 3099 5472 τῶν
3132 5417 3384 5489 πατέρων
3414 5415 3590 5489 ἡμῶν,
3625 5411 3777 5466 εὐλό-

2208 5512 2377 5583 γησόν
2414 5528 2501 5583 με,
2546 5511 2642 5565 καὶ
2683 5511 2982 5565 ἐπάκουσον
3018 5511 3115 5582 τῆς
3165 5509 3398 5581 δεήσεώς
3442 5524 3566 5578 μου,
3597 5502 3780 5568 καθὼς

2208 5603 2503 5675 εὐλόγησας
2533 5602 2629 5674 τὴν
2657 5604 2864 5675 μήτραν
2887 5602 3122 5675 Σάρῤας,
3144 5602 3238 5655 καὶ
3262 5600 3466 5664 ἔδωκας
3498 5599 3633 5669 αὐτῇ
3664 5595 3779 5650 υίὸν

2208 5694 2299 5749 τὸν
2338 5693 2541 5748 Ἰσαάκ.
2576 5714 2596 5747 ι
2634 5695 2745 5748 Kal.
2788 5694 2957 5749 ταῦτα
2987 5694 3215 5765 λέγουσα
3238 5694 3417 5765 ἀφορᾷ
3442 5693 3522 5756 εἰς
3563 5690 3624 5744 τὸ
3659 5690 3779 5743 δέν-

2210 5785 2352 5857 δρον,
2383 5786 2477 5842 xal.
2503 5786 2811 5859 θεασαμένη
2838 5786 3093 5861 στρουθὸν
3122 5786 3188 5842 τά
3220 5784 3434 5841 νεοσσία
3460 5782 3652 5839 ἑαυτοῦ
3676 5797 3776 5833 πε-
