4080 6334
302 265 413 324 773

1209 268 1480 326 SPURIA.
1518 301 1586 310 -ο
1627 271 1983 328 COMMENT.
2030 272 2095 328 IN
2137 272 2632 332 HEXAEMERON.

3440 284 3544 340 ττι

299 384 579 456 pit-3mm,
625 384 838 456 πικρῶς
883 385 1204 452 στενάξασα,
1232 389 1324 442 καὶ
1372 390 1666 443 κωκύσασα
1711 386 1865 443 εἷπε·

1975 406 2159 446 amare
2210 396 2438 464 repetito
2473 395 2750 466 suspirio,
2787 396 3108 468 ejulansque
3132 398 3269 453 dixit
3308 421 3320 456 :
3361 421 3377 452 ι
3405 401 3544 473 lleu,

300 472 404 528 «Ὢ
432 475 518 546 δὴ,
555 476 750 548 Κύριε,
776 477 856 530 ὅτι
887 479 1006 532 οὐδὲ
1034 483 1143 544 τοῖς
1174 485 1436 546 πετεινοῖς
1465 483 1677 549 τούτοις
1704 485 1868 556 ὠμοί-

292 581 442 634 ωμαι
481 565 726 637 γονίμοις
767 567 1098 639 ύπάρχουσιῑ
1133 591 1150 622 ι
1200 573 1307 625 Καὶ
1344 572 1514 626 ταῦτα
1544 574 1752 646 βοὼσης
1779 577 1874 629 αύ-

289 655 393 724 τῆς
428 656 564 727 πρὸς
612 656 702 709 τὸν
738 657 890 720 Θεὸν,
923 660 1151 728 ἄγγελος
1181 663 1383 734 Κυρίου
1413 665 1701 735 ἐπιφανεὶς
1733 668 1870 738 αὐτῇ

292 746 702 816 εὐαγγελίζεται
737 749 872 821 αὐτῇ
908 752 1268 808 παιδοποιίαν.
1288 756 1350 808 Ἡ
1387 756 1444 809 δὲ
1469 757 1749 812 ἀκούσασα
1781 759 1871 812 εύ-

291 835 390 900 06;
423 837 488 889 τὸ
516 838 772 908 γεννηθὲν
805 840 1080 895 ἀναθεῖναι
1113 842 1190 914 τῷ
1219 843 1337 914 Θεῷ
1368 847 1746 918 ἐπηγγείλατο.

363 929 603 983 Τοιαῦτα
624 931 679 983 δὲ
719 932 813 986 καὶ
839 932 918 1004 τῷ
963 933 1216 1007 ’ἰωακεὶμ
1253 937 1282 989 6
1323 938 1550 1008 ἄγγελος
1575 941 1634 994 ὲν
1654 940 1733 1012 τῷ
1757 941 1871 1014 ὄρει

286 1022 603 1093 διεσήμανε.
654 1024 762 1076 Καὶ
821 1025 1064 1088 καταϐάς
1102 1027 1354 1101 Ἰωακεὶμ
1402 1030 1510 1084 ἀπὸ
1550 1031 1646 1085 τοῦ
1691 1033 1869 1103 ὅρους,

285 1114 421 1167 δέκα
453 1115 705 1186 ἀμνάδων
729 1115 917 1171 θυσίαν
940 1117 1018 1189 τῷ
1047 1119 1236 1190 Κυρίῳ
1263 1122 1624 1193 προσήνεγκε,
1647 1124 1872 1188 καὶτοῖς

292 1205 498 1275 ἱερεῦσι
531 1207 762 1277 μόσχους
789 1207 1033 1274 δεκαδύο,
1061 1211 1156 1264 καὶ
1184 1213 1249 1283 τῇ
1285 1215 1546 1287 γερουσίᾳ
1577 1217 1673 1270 καὶ
1709 1219 1872 1271 παντὶ

285 1298 364 1369 τῷ
396 1299 511 1371 λαῷ
540 1300 732 1355 ἑκατὸν
758 1303 1044 1375 χιμάρους.
1069 1305 1180 1359 Καὶ
1208 1306 1524 1373 ἐπιτελέσας
1553 1310 1651 1374 τὰς
1683 1310 1870 1378 Θυσίας

284 1394 492 1458 ταύτας
525 1396 582 1448 ὲν
611 1395 688 1467 τῷ
713 1395 826 1468 ναῷ
854 1397 947 1451 τοῦ
978 1397 1136 1463 Θεοῦ,
1169 1400 1477 1469 ἀφικνεῖται
1508 1404 1588 1467 είς
1609 1403 1700 1457 τὸν
1724 1401 1870 1460 οἷκον

284 1486 456 1539 αὐτοῦ
477 1503 491 1516 ’
533 1487 627 1541 καὶ
651 1489 811 1558 γνοὺς
836 1489 934 1561 τὴν
959 1493 1190 1559 γυναῖκα
1215 1493 1404 1557 αὐτοῦ,
1439 1498 1581 1549 ποιεῖ
1609 1496 1666 1563 ἐξ
1693 1497 1864 1568 αὐτῆς

285 1578 584 1650 θυγατέρα,
608 1579 702 1633 καὶ
727 1579 979 1651 ὀνομάζει
1001 1579 1172 1654 αὐτὴν
1194 1583 1448 1656 Μαριάμ,
1470 1585 1662 1655 ἥντινα
1681 1589 1866 1660 τριετῆ

283 1673 588 1743 γενομένην
619 1672 695 1744 τῷ
735 1673 848 1744 ναῷ
879 1673 972 1727 τοῦ
1007 1674 1141 1728 Θεοῦ
1179 1676 1513 1747 ἀφιέρωσαν.

1976 479 2233 547 Domine,
2284 486 2502 557 quando
2560 502 2660 542 nec
2717 486 2872 542 hisce
2918 489 3234 545 volucribus
3299 493 3544 551 fecundis

1974 569 2281 626 assimilor!
2314 593 2332 624 ι
2370 572 2434 627 Et
2462 576 2587 629 talia
2619 575 2849 644 dicenti,
2883 579 3108 648 angelus
3132 578 3344 638 Domini
3379 600 3546 657 appa-

1974 674 2102 716 rens
2124 701 2139 724 .
2168 663 2462 720 liberorum
2496 668 2827 736 praenuntiat
2855 670 3257 740 susceptionem
3283 715 3298 737 ,
3341 677 3542 745 quibus

1974 751 2179 808 auditis
2237 754 2568 826 gignendqu
2634 758 2782 814 illico
2840 759 2951 815 Deo
3017 760 3351 820 oilcrendum
3411 782 3540 838 pro-

1974 843 2142 899 misit.

2046 932 2168 988 Haec
2195 934 2382 990 eadem
2436 937 2489 991 in
2540 945 2723 993 monte
2764 937 3012 995 Joachim
3063 942 3287 1012 angelus
3321 945 3522 1000 mauife

1982 1025 2175 1088 stavit;
2222 1040 2390 1094 quare
2438 1029 2651 1085 rediens
2692 1040 2875 1088 monte
2915 1035 3099 1089 decem
3130 1046 3296 1107 agnas
3322 1037 3550 1095 Domino

1981 1114 2181 1180 praebet
2229 1117 2293 1171 ad
2343 1119 2704 1186 sacriﬁcium,
2753 1133 2806 1178 et
2850 1126 3221 1183 sacerdotibus
3267 1131 3548 1186 duodecim

1981 1203 2200 1270 vitulos,
2233 1220 2288 1262 et
2315 1212 2688 1278 senatoribus,
2732 1224 2784 1268 et
2814 1214 3012 1283 pupulo
3049 1219 3301 1274 universo
3334 1234 3548 1276 centum

1970 1295 2173 1353 hircos.
2230 1297 2327 1355 ilis
2378 1300 2777 1378 sacriticiiszin
2835 1304 3035 1370 templo
3081 1303 3291 1358 Domini
3340 1307 3537 1370 factis.

1969 1385 2192 1442 domum
2224 1405 2378 1444 suam
2430 1394 2746 1458 revertitur,
2795 1402 2848 1448 et
2883 1411 2941 1449 rc
2969 1411 3091 1450 cum
3119 1412 3288 1451 uxore
3325 1399 3539 1463 habita,

1969 1479 2198 1550 suscipit
2223 1496 2288 1536 ex
2320 1498 2381 1537 ea
2419 1482 2603 1548 ﬁliam,
2638 1495 2904 1557 vocatque
2938 1486 3159 1541 Mariam
3181 1529 3196 1554 ,
3230 1506 3396 1560 quam
3422 1491 3539 1560 jam

1969 1571 2242 1626 trimulam
2265 1572 2318 1627 in
2348 1575 2549 1647 templo
2579 1575 2690 1630 Deo
2720 1587 3134 1634 consecrarunt.

355 1764 662 1836 Γενομένης
710 1765 766 1818 δὲ
819 1767 988 1836 αὐτῆς
1035 1768 1419 1833 δωδεκαετοῦς,
1445 1771 1491 1824 οἱ
1532 1771 1694 1842 ἱερεῖς
1725 1789 1862 1843 συμ-

2038 1755 2239 1814 Verum
2293 1759 2383 1813 illa
2433 1760 2719 1817 duodecim
2771 1778 2946 1819 annos
3008 1776 3168 1832 nata,
3228 1769 3539 1823 sacerdotes

285 1857 499 1910 ϐούλιον
530 1859 873 1929 ἐποιήσαντο,
898 1860 1004 1913 τῶν
1027 1859 1132 1914 τίνι
1167 1861 1337 1934 αὐτὴν
1371 1861 1506 1933 πρὸς
1539 1863 1714 1934 γάμον
1740 1881 1865 1918 συν-

284 1950 488 2021 άψωσι.
516 1952 626 2004 Καὶ
670 1952 1022 2024 ἐπιτρέπουσι
1061 1952 1154 2006 τὸν
1181 1954 1440 2026 ἀρχιερέα
1465 1953 1755 2028 Ζαχαρίαν,
1787 1959 1866 2021 είς

284 2045 353 2097 τά
381 2045 548 2110 ’Ἅγια
581 2044 688 2097 τῶν
720 2045 890 2113 ἁγίων
917 2044 1244 2108 εἰσελθόντα,
1272 2047 1595 2117 αἰτήσασθαι
1623 2047 1713 2101 τὸν
1735 2048 1868 2102 Θεὸν

282 2134 640 2205 ἀποκαλύψαι
670 2135 836 2206 αὐτῷ,
856 2135 916 2189 τὸ
937 2135 1040 2189 τίνι
1071 2138 1335 2208 προσήκει
1361 2134 1652 2208 ζευχθῆναι
1675 2140 1860 2211 αύτήν.

282 2226 393 2278 Καὶ
426 2226 521 2278 τοῦ
555 2226 823 2296 Ζαχαρίου
853 2227 1166 2297 εὐχομένου,
1201 2227 1430 2296 ἄγγελος
1464 2229 1746 2299 ἐπιφανεὶς
1771 2247 1866 2302 ση-

285 2318 469 2389 μαίνει
495 2319 701 2382 πάντας
728 2321 1056 2388 συναγαγεῖν
1074 2319 1168 2373 τοῦ
1201 2320 1328 2374 λαοῦ
1360 2322 1485 2385 τοὺς
1515 2322 1862 2394 χηρεύοντας,

279 2411 378 2463 καὶ
419 2411 668 2482 κατέχειν
694 2411 920 2465 ἕκαστον
981 2412 1172 2484 ῥάϐδον
1193 2430 1205 2443 ·
1238 2415 1332 2468 καὶ
1361 2407 1405 2481 ᾧ
1433 2414 1498 2468 ἂν
1529 2417 1556 2468 6
1589 2414 1718 2478 Θεὸς
1747 2417 1865 2468 ἐπι-

277 2503 430 2574 δείξῃ
463 2507 704 2574 σημεῖον,
737 2503 909 2574 τούτῳ
941 2505 1171 2574 συνάψαι
1205 2504 1300 2576 τὴν
1329 2505 1614 2578 παρθένον.

365 2593 626 2658 Ἐξελθὼν
658 2595 716 2648 δὲ
743 2598 772 2648 6
798 2596 1071 2668 Ζαχαρίας
1107 2597 1360 2669 ἐποίησεν
1391 2596 1584 2660 οὕτως,
1616 2596 1795 2661 καθὼς
1837 2599 1864 2651 ὁ

281 2687 511 2754 ἄγγελος
561 2686 708 2756 αύτῷ
758 2687 1075 2759 προσέταξε.
1117 2688 1227 2743 Καὶ
1279 2687 1458 2742 λαϐὼν
1500 2689 1714 2741 πάντων
1766 2690 1864 2752 τάς

284 2778 515 2848 ῥάϐδους
546 2779 746 2846 αὐτῶν,
777 2779 1015 2850 ἀπῆλθεν
1039 2782 1096 2833 ὲν
1125 2779 1204 2850 τῷ
1249 2779 1396 2851 ἱερῷ,
1430 2781 1524 2833 καὶ
1557 2779 1864 2851 προσηύξα-

281 2887 364 2935 το,
396 2871 491 2925 καὶ
514 2871 742 2938 ἐξελθὼν
769 2873 983 2944 ἑκάστῳ
1025 2873 1124 2945 τὴν
1174 2873 1310 2927 ἰδίαν
1355 2873 1546 2942 ῥάϐδον
1581 2873 1858 2942 ἀπένειμε.

280 2963 605 3018 τελευταῖον
657 2965 714 3018 δὲ
761 2965 1030 3029 ἐπιδιδοὺς
1062 2965 1160 3034 τὴν
1189 2965 1382 3037 ῥάϐδον
1404 2965 1482 3036 τῷ
1523 2963 1740 3036 Ἰωσὴφ,
1770 2981 1865 3036 ση-

285 3060 441 3129 μεῖον
491 3057 632 3128 μέγα
679 3057 912 3127 ἐγένετο.
933 3057 1166 3129 Ἀθρόως
1196 3057 1306 3129 γὰρ
1336 3058 1434 3129 τὴν
1472 3057 1665 3129 ῥάϐδον
1699 3057 1860 3112 αὐτοῦ
1891 3091 1935 3152 C

285 3151 437 3222 παρὰ
461 3149 557 3204 τοῦ
591 3151 780 3223 ἱερέως
799 3150 1182 3221 λαμϐάνοντος,
1205 3149 1500 3223 περιστερὰ
1533 3151 1730 3222 ἐξέπτη
1757 3149 1864 3203 ἀπὸ

280 3242 383 3312 τῆς
415 3242 636 3314 ῥάϐδου,
667 3243 760 3296 καὶ
789 3243 882 3296 ἐπὶ
907 3241 1004 3315 τὴν
1045 3241 1286 3313 κεφαλὴν
1319 3241 1590 3312 ὲκαθέσθη
1623 3238 1714 3292 τοῦ
1755 3241 1863 3292 Ἰω-

286 3333 396 3402 σήφ
414 3349 427 3360 ·
456 3332 550 3385 καὶ
574 3334 602 3385 6
626 3333 914 3404 ἀρχιερεὺς
955 3332 1050 3386 καὶ¹
1079 3332 1277 3395 πάντες
1307 3332 1356 3384 οἱ
1391 3331 1641 3394 συνόντες
1669 3331 1853 3400 ἱερεῖς,

281 3424 666 3495 θαυμάσαντες
713 3425 775 3479 τὸ
813 3424 1053 3494 γεγονὸς,
1085 3423 1246 3478 αὑτὸν
1297 3422 1547 3490 γενέσθαι
1580 3420 1862 3492 μνηστῆρα

278 3515 383 3588 τῆς
410 3516 577 3588 κόρης
605 3516 843 3588 ἔκριναν,
873 3517 940 3588 ἢν
968 3515 1148 3569 λαϐὼν
1172 3518 1200 3569 ὁ
1227 3515 1422 3584 Ἰωσὴφ
1449 3513 1739 3584 ἐφύλασσε,
1767 3514 1861 3567 καὶ

281 3605 600 3660 καταλιπὼν
638 3609 696 3659 ὲν
726 3606 802 3677 τῷ
830 3607 964 3679 οἴκῳ
999 3606 1164 3661 αὑτοῦ
1203 3607 1508 3676 ἀφικνεῖται
1532 3605 1628 3670 τὰς
1660 3605 1862 3658 οἰκοδο-

283 3699 394 3772 μάς
427 3698 750 3751 ὲκτελέσωνο
781 3694 848 3771 ἦν
877 3699 984 3770 γὰρ
1011 3699 1218 3752 τέκτων
1243 3701 1308 3769 τῇ
1344 3699 1640 3771 ἐπιστήμῃ.

355 3788 492 3844 Κατ’
520 3791 724 3844 ἐκεῖνον
745 3789 801 3842 δὲ
831 3791 921 3842 τὸν
955 3790 1142 3861 καιρὸν
1168 3787 1314 3852 ἔδοξε
1333 3791 1446 3852 τοῖς
1479 3787 1678 3860 ἱερεῦσι
1699 3804 1860 3841 κατα-

281 3881 652 3952 σκευασθῆναι
685 3881 788 3935 ὑπὸ
820 3880 999 3950 άγνῶν
1029 3881 1311 3953 παρθένων
1339 3880 1416 3951 τῷ
1445 3878 1556 3950 ναῷ
1587 3878 1679 3932 τοῦ
1724 3879 1858 3932 Θεοῦ

279 3974 699 4046 καταπέτασμα,
728 3974 821 4027 καὶ
853 3973 1153 4045 εὑρέθησαν
1182 3974 1239 4024 ὲν
1263 3975 1328 4044 τῇ
1362 3971 1499 4042 φυλῇ
1535 3971 1700 4024 Ἰούδα
1729 3988 1862 4042 παρ-

279 4066 425 4120 θένοι
471 4066 630 4120 ἑπτά.
667 4067 779 4121 Καὶ
808 4067 907 4137 τῆς
937 4066 1154 4138 Μαρίας
1187 4065 1242 4118 δὲ
1277 4063 1533 4136 μνησθεὶς
1565 4064 1856 4135 Ζαχαρίας,

279 4158 535 4212 ἐκέλευσε
568 4159 662 4212 καὶ
698 4158 867 4230 αὐτὴν
895 4159 1151 4230 παρεῖναι
1176 4159 1256 4220 είς
1279 4157 1370 4210 τὸν
1399 4155 1696 4224 κατάλογον
1715 4171 1729 4186 ο
1765 4154 1860 4209 καὶ

280 4250 592 4320 εἰσαγαγὼν
623 4250 796 4314 αύτὰς
827 4253 906 4313 εἰς
932 4249 1022 4303 τὸν
1050 4239 1197 4303 οἷκον
1225 4248 1320 4302 τοῦ
1353 4247 1510 4312 Θεοῦ,
1539 4247 1739 4318 κλῆρον
1765 4246 1860 4316 βα-

277 4341 393 4395 λεῖν
422 4341 741 4413 προσέταξε,
769 4341 926 4394 ποίαν
952 4335 1093 4394 οἷσαι
1115 4340 1206 4393 τὸν
1230 4338 1429 4412 χρυσὸν
1461 4338 1637 4392 καὶτὸ
1661 4338 1857 4408 ἀμίαν-

277 4452 394 4497 τον,
435 4435 529 4488 καὶ
555 4433 653 4505 τὴν
686 4433 902 4503 βύσσον,
935 4433 1029 4486 καὶ
1059 4432 1120 4485 τὸ
1147 4432 1390 4503 σηρικδν,
1421 4431 1515 4484 καὶ
1544 4430 1641 4501 τὴν
1681 4428 1854 4501 ἀληθῆ
1891 4455 1934 4510 D

277 4525 591 4598 πορφύραν,
624 4526 717 4579 καὶ
760 4522 853 4578 τὸν
906 4523 1179 4588 ὑάκινθον,
1228 4523 1323 4577 καὶ¹
1361 4522 1451 4574 τὸν
1499 4521 1726 4575 κόκκοψ
1760 4521 1855 4574 καὶ

277 4617 564 4690 ἐκληρώθη
589 4618 778 4690 Μαρία
797 4617 895 4688 τὴν
922 4615 1203 4689 πορφύραν
1231 4615 1324 4669 καὶ
1351 4615 1442 4668 τὸν
1469 4615 1666 4667 κόκκον
1697 4613 1855 4684 ἐργά-

277 4713 488 4778 ζεσθαι.
520 4713 630 4766 Καὶ
651 4713 714 4784 δὴ
737 4714 830 4765 ἐπὶ
856 4711 949 4765 τοῦ
971 4712 1117 4765 οἴκου
1147 4708 1520 4781 ἐργαζομένης
1540 4706 1712 4775 αὐτῆς
1736 4706 1851 4760 ἐπιο

277 4806 472 4877 φανεὶς
519 4805 748 4876 ἄγγελος
790 4805 882 4858 τὸν
927 4802 1224 4875 παράδοξον
1251 4802 1406 4855 τόκον
1443 4797 1855 4870 εὐαγγελίζεται

275 4900 440 4970 αὐτῇ,
479 4897 657 4962 καθὼς
691 4899 892 4969 ἱστορεῖ
919 4895 988 4950 τά
1022 4894 1346 4962 Εύαγγέλια.

350 4991 428 5042 T6
467 4989 597 5058 γοῦν
639 4988 854 5060 ὁρισθὲν
894 4987 1030 5058 αὐτῇ
1087 4985 1244 5057 ἔργον
1293 4983 1646 5046 ὲκτελέσασα,
1677 4980 1858 5034 δίδωσι

278 5082 359 5154 τῷ
405 5083 670 5153 ἀρχιερεῖ,
711 5078 805 5135 καὶ
850 5076 1202 5149 εύλογηθεῖσα
1260 5077 1388 5148 παρ’
1422 5072 1584 5128 αὑτοῦ
1635 5073 1854 5126 ammt-

277 5178 377 5230 καὶ
409 5176 546 5245 μετὰ
578 5175 767 5246 χρόνον
793 5173 967 5226 τίκτει
990 5171 1081 5225 τὸν
1103 5169 1330 5241 Χριστὸν
1358 5167 1497 5220 κατὰ
1525 5166 1722 5236 σάρκα.
1751 5162 1861 5216 Καὶ

277 5269 388 5322 τῶν
411 5269 598 5338 μάγων
615 5267 722 5320 ἀπὸ
750 5265 1035 5335 Ἀνατολῆς
1050 5264 1124 5327 ὡς
1150 5261 1356 5333 βασιλεῖ
1368 5275 1640 5332 προσκυνη
1649 5257 1854 5310 σάντων

281 5359 423 5431 μετά
455 5359 643 5429 δώρων
676 5359 842 5429 αὐτῷ,
887 5359 915 5410 6
957 5355 1201 5428 Ἡρώδης
1240 5350 1532 5423 ἐταράχθη,
1568 5349 1662 5404 καὶ
1688 5348 1856 5403 διενο-

277 5456 391 5506 εῖτο
416 5453 627 5506 ἀνελεῖν
659 5451 996 5524 παραχρῆμα
1025 5449 1205 5503 αὐτόν.
1223 5448 1283 5500 Ὀ
1313 5447 1368 5501 δὲ
1403 5444 1508 5497 ὑπὸ
1540 5443 1734 5513 Ἰωσὴφ
1763 5441 1856 5495 καὶ

277 5546 382 5616 τῆς
423 5545 642 5618 Μαρίας
683 5547 760 5608 είς
802 5543 1073 5612 Αἴγυπτον
1117 5535 1484 5608 ἀπεκομίσθη,
1518 5533 1611 5586 καὶ
1656 5531 1745 5584 τὸν
1796 5527 1856 5592 ἐξ

355 5724 549 5781 “Luc.
576 5741 614 5790 I,
654 5722 745 5778 9.6.
819 5723 864 5755 ⁸⁵
888 5720 1017 5780 Luc.
1049 5735 1110 5784 ιι,
1144 5718 1193 5773 7.
1270 5717 1314 5750 ¹⁵⁶
1341 5714 1534 5770 Matth.
1562 5729 1624 5781 tt,
1660 5713 1710 5768 Ι.

1967 1850 2256 1906 consilium
2306 1854 2567 1922 capiunt,
2621 1855 2838 1909 cuinam
2891 1873 3010 1911 eam
3054 1859 3448 1931 conjungerent
3483 1863 3536 1915 iu

1967 1944 2398 1998 matrimonium.
2431 1943 2816 2017 Zacharizeque
2845 1948 3106 2017 primario
3139 1951 3412 2005 sacerdoti
3446 1951 3539 2006 de-

1966 2034 2250 2100 mandant,
2276 2044 2334 2089 ut
2360 2037 2412 2090 in
2448 2038 2646 2092 Sancta
2680 2049 3000 2095 sanctorum
3033 2041 3334 2112 ingressus,
3365 2043 3533 2097 Deum

1966 2137 2314 2200 precaretur,
2352 2138 2410 2183 ut
2457 2131 2561 2186 sibi
2621 2131 2882 2186 revelaret
2930 2133 3146 2187 cuinam
3185 2144 3332 2190 esset
3375 2137 3537 2190 collo-

1965 2222 2161 2287 cauda,
2185 2230 2238 2277 et
2258 2222 2540 2278 Zachariae
2569 2225 2780 2287 oranti,
2819 2225 3044 2294 angelus
3076 2240 3343 2296 apparens
3369 2242 3535 2296 expo-

1965 2313 2084 2375 nit,
2116 2328 2304 2367 omnes
2338 2313 2518 2382 populi
2557 2313 2752 2367 viduos
2796 2314 2848 2367 in
2883 2330 3050 2367 unmu
3084 2317 3529 2386 congregandus,

1963 2420 2194 2474 quorum
2219 2406 2453 2475 quisque
2483 2404 2689 2475 virgam
2716 2421 2879 2459 manu
2909 2415 3148 2482 teneret,
3178 2407 3361 2477 illique
3385 2408 3535 2478 virgo

1964 2496 2230 2557 nuberet,
2265 2511 2428 2564 quem
2460 2494 2602 2550 Deus
2631 2496 2788 2565 signo
2817 2496 3242 2552 manifestasset.

2036 2584 2302 2655 Egressus
2353 2585 2647 2641 Zacharias
2703 2587 2879 2658 angeli
2930 2588 3183 2642 mandata
3245 2595 3538 2646 exsecuti-.3

1962 2684 2077 2741 est,
2114 2679 2469 2750 omniumque
2504 2680 2670 2749 virgis
2721 2680 2960 2750 acceptis
2987 2722 3000 2744 ,
3035 2681 3296 2750 templum
3328 2681 3534 2753 ingres-

1963 2785 2080 2834 sus,
2113 2773 2310 2835 oravit,
2352 2771 2681 2841 rediensque
2705 2772 3000 2843 unicuique
3030 2776 3235 2844 virgam
3260 2777 3535 2845 propriam

1963 2862 2232 2930 reddidit;
2285 2863 2615 2934 tandemque
2665 2864 2755 2918 ubi
2801 2865 3004 2935 virgam
3057 2864 3297 2935 Josepho
3348 2868 3533 2922 consi~

1963 2962 2184 3025 gnasset
2225 2955 2424 3009 mirqu
2468 2954 2600 3026 quid
2631 2954 2853 3010 accidit.
2914 2954 3086 3009 Simul
3121 2957 3265 3011 enim
3307 2964 3470 3025 atque
3503 2973 3534 3011 a

1965 3047 2249 3102 sacerdote
2289 3046 2496 3118 virgam
2531 3046 2774 3117 accepit,
2818 3064 2882 3102 ex
2938 3062 3001 3102 ea
3046 3047 3297 3102 columba
3343 3048 3532 3104 volans

1965 3136 2128 3206 capiti
2157 3133 2356 3206 Joseph
2415 3134 2648 3203 insedit;
2681 3151 2850 3206 quare
2877 3139 3130 3206 princeps
3159 3138 3530 3202 sacerdotum,

1963 3228 2389 3299 sacerdotesque
2419 3243 2610 3283 omnes
2641 3229 2733 3298 qui
2777 3237 3146 3284 convenerant
3189 3245 3306 3284 rem
3359 3230 3534 3284 admi-

1960 3321 2102 3384 rati,
2143 3320 2260 3391 pari
2295 3331 2422 3375 voto
2474 3321 2550 3374 illi
2601 3321 2836 3390 puellam
2875 3319 3315 3391 desponderunt,
3368 3336 3531 3391 quam

1960 3409 2161 3480 Joseph
2190 3418 2468 3481 acceptam
2504 3411 2885 3479 custodiebat,
2930 3421 2984 3466 et
3015 3426 3077 3464 ea
3109 3410 3254 3466 domi
3300 3413 3490 3466 relicta
3514 3451 3529 3475 ,

1962 3501 2030 3555 ad
2063 3501 2396 3558 exstruenda
2419 3501 2647 3557 aedilicia
2677 3503 2831 3570 abit;
2864 3510 2986 3558 erat
3017 3504 3219 3574 quippe
3271 3503 3532 3558 exercitio

1960 3593 2131 3648 faber.

3539 3403 3567 3430 τ’

2030 3767 2134 3825 Per
2160 3769 2282 3825 illos
2314 3768 2431 3825 dies
2472 3768 2848 3824 sacerdotibus
2893 3767 3368 3823 immaculatarum
3423 3785 3532 3824 νη·-

1960 3863 2146 3934 ginum
2178 3861 2506 3925 ministerio,
2537 3861 2715 3914 velum
2752 3859 2934 3930 templi
2981 3858 3070 3914 Dei
3114 3861 3528 3916 accommodan-

1959 3956 2088 4010 dum
2141 3970 2262 4010 esse
2296 3957 2474 4010 visum
2521 3963 2625 4018 est,
2656 3964 2710 4008 et
2743 3954 2894 4008 lecta:
2927 3962 3054 4008 sunt
3095 3955 3149 4006 in
3199 3955 3343 4007 tribu
3387 3954 3454 4009 Ju
3482 3971 3528 4010 .a

1959 4047 2198 4119 virgines
2227 4055 2455 4114 septem.
2497 4045 2601 4102 Sed
2638 4061 2761 4101 cum
2799 4044 2982 4099 Mariae
3018 4044 3311 4099 Zacharias
3341 4047 3530 4099 meani-

1959 4141 2162 4202 nisset,
2217 4155 2325 4193 una
2354 4155 2479 4194 cum
2535 4139 2644 4193 illis
2700 4138 3049 4193 annumerari
3107 4139 3279 4207 ipsam
3329 4137 3526 4208 jussit,

1959 4232 2158 4302 quibus
2189 4230 2410 4285 domqu
2443 4229 2536 4284 Dei
2567 4229 2918 4293 introductis,
2955 4240 3133 4284 sortes
3159 4229 3342 4298 jacere
3373 4245 3527 4282 man-

1958 4325 2089 4390 dat,
2152 4339 2400 4394 quamam
2454 4323 2664 4379 sciliCet
2718 4337 2950 4383 aurum,
3002 4329 3055 4376 et
3105 4322 3440 4383 amiantum,
3475 4327 3528 4372 et
3619 4341 3626 4346 ·

1959 4417 2204 4488 byssum.
2225 4423 2277 4471 et
2294 4418 2550 4478 sericum,
2580 4421 2635 4468 et
2656 4428 2836 4468 veram
2868 4429 3187 4482 purpuram,
3219 4421 3271 4466 et
3303 4412 3529 4483 hyacin-

1960 4511 2136 4570 tbum,
2165 4519 2218 4562 et
2239 4521 2463 4561 coccum
2489 4513 2859 4575 prazparatura
2886 4513 3035 4559 esset
3059 4545 3073 4568 ,
3106 4512 3158 4559 et
3189 4505 3320 4558 sorti
3347 4502 3461 4556 Mar
3484 4519 3528 4556 ae

1961 4615 2234 4673 purpurae,
2277 4608 2329 4651 et
2373 4597 2524 4651 cocci
2579 4613 2716 4667 opus
2745 4597 2981 4652 obvenit.
3014 4595 3191 4665 Atque
3226 4609 3347 4648 cum
3381 4592 3530 4648 domi

1962 4697 2049 4750 his
2082 4693 2247 4748 rebus
2277 4689 2499 4760 agendis
2530 4705 2750 4760 operam
2775 4689 2948 4752 daret,
2977 4703 3246 4759 apparens
3277 4688 3524 4756 angelus,

1963 4785 2334 4842 admirabilem
2362 4782 2436 4835 illi
2458 4793 2693 4852 partum,
2720 4790 2778 4835 ut
2802 4783 2856 4835 in
2891 4780 3196 4852 Evangeliis
3220 4778 3528 4841 habetur”,

1959 4878 2306 4953 praenuntiat.

2027 4972 2212 5046 Itaque
2237 4987 2376 5043 opus
2423 4969 2526 5026 sibi
2573 4967 2890 5037 impositum
2930 4964 3234 5034 expletum,
3271 4956 3478 5014 sacerd:

1957 5075 2072 5122 tum
2105 5063 2337 5136 principi
2372 5061 2612 5118 exhibet.
2636 5066 2691 5114 et
2719 5056 3098 5112 benedictione
3126 5058 3347 5122 accepta
3372 5048 3524 5111 abiit,

1958 5167 2010 5215 el
2028 5158 2189 5229 paulo
2214 5153 2629 5228 postChristum
2657 5148 2956 5205 secundum
2980 5159 3196 5199 carnem
3220 5139 3527 5197 enititur”.

1962 5251 2096 5305 Eum
2131 5265 2254 5304 cum
2275 5246 2418 5318 magi
2453 5246 2521 5299 ab
2556 5243 2776 5298 Oriente
2810 5241 2884 5295 uti
2916 5252 3093 5309 regem
3123 5251 3247 5290 cum
3287 5231 3526 5286 muneri-

1961 5345 2064 5398 bus
2087 5340 2466 5397 adoravissent
2491 5337 2558 5405 ’⁸,
2589 5335 2828 5390 Herodes
2873 5330 3121 5385 turbatus
3161 5335 3276 5390 est,
3313 5338 3526 5380 secum-

1961 5451 2067 5506 que
2096 5434 2214 5504 ipsc
2259 5431 2566 5502 cogitabat,
2622 5427 2769 5482 illico
2814 5425 2965 5478 illum
3000 5421 3298 5492 perimere,
3350 5415 3442 5486 qui
3492 5428 3525 5468 a

1960 5525 2196 5596 Josepho
2223 5531 2276 5578 et
2319 5521 2488 5576 Maria
2521 5522 2573 5575 in
2604 5517 2896 5588 Egyptum
2924 5513 3138 5570 delatus
3175 5512 3219 5543 ’⁷
3243 5550 3258 5578 ,
3295 5524 3362 5564 mc
3387 5519 3524 5570 rtem

1786 5707 2002 5780 Nam.
2032 5707 2113 5761 tt.
