4080 6334
560 298 667 360 τῖ5
1334 248 1355 269 ’
1416 301 1491 361 ἓν
1519 291 1967 361 EUSTM‘HIUS
2003 292 2171 353 ANTI‘

2203 294 2495 354 lCHENUS
2549 295 2948 353 EPISCOPUS.
3698 278 3814 351 πθ

557 419 667 477 sibi
699 418 768 475 ab
803 403 1415 474 llerode'imminentem
1448 417 1671 489 depulit'.
1720 415 1922 472 Verum
1956 414 2128 471 llero-
2155 444 2168 481 λ

2208 426 2211 429 ‘
2239 413 2475 487 Ἡρώδου
2509 414 2730 484 διέφυγε
2780 412 3028 468 θάνατον.
3058 414 3230 479 Αὐτὸς
3281 413 3359 480 δὲ,
3387 413 3664 486 ἀγνοήσας
3698 412 3810 486 τὴν

559 511 678 574 des,
708 506 956 579 ignorata
989 493 1139 579 fuga
1164 528 1201 574 ,'
1246 524 1448 579 pueros
1495 524 1688 565 omnes
1734 507 1829 578 qui
1876 514 2035 563 erant
2065 506 2147 560 int

2224 507 2422 581 φυγὴν,
2457 507 2633 563 πάντα
2654 508 2804 561 τάὲν
2835 509 2900 578 τῇ
2936 493 3183 579 Βηθλεὲμ
3224 507 3413 563 παιδία
3445 507 3810 578 ἀναιρεθῆναι

559 602 930 665 Betltleliem,
958 585 1132 656 morte
1190 600 1328 656 aﬂici
1359 601 1514 671 jubet
1539 600 1623 662 ’³.
1674 588 1816 656 inter
1846 614 2019 670 quos,
2067 606 2127 654 et

2224 601 2555 672 προσέταξεν
2575 619 2590 633 ο
2626 603 2692 656 ἐν’
2709 598 2790 665 οἷς
2822 601 3030 655 καὶτὸν
3063 600 3316 672 Ἰωάννην
3346 602 3652 672 ἔτινήπιον
3671 600 3812 654 ὄντα

556 682 819 750 Joannem
845 692 1023 747 adhuc
1057 692 1319 748 infantem
1353 694 1420 748 de
1459 693 1639 749 medio
1668 692 1875 747 ‘tollere
1916 690 2125 748 niteba-

2223 692 2430 747 ἀνελεῖν
2468 693 2899 759 ὲσποὺδαζενζᾟ
2941 692 2999 746 δὲ
3043 691 3344 757 Ἐλισάόετ,
3383 693 3683 765 ἁρπάσασα
3710 692 3812 745 a6-

558 796 666 839 tur.
704 782 811 840 Sed
842 783 1117 839 Elisabeth
1144 824 1159 848 ,
1182 799 1249 839 eo
1272 784 1524 859 abrept0,‘
1551 783 1607 839 in
1636 770 1983 839 solitudinem
2033 797 2127 836 au-

2220 785 2333 849 76v,
2368 784 2450 848 είς
2492 784 2593 856 τὴν
2638 784 2842 855 ἔρημον
2886 783 3087 851 έφυγεο
3123 783 3218 837 καὶ
3249 781 3557 854 εὐξαμένης
3602 782 3807 851 αὐτῆς,

556 876 714 947 fugit,
737 888 792 930 et
815 877 1068 946 precibus
1094 876 1424 940 fusisnunns
1445 877 1499 930 in
1525 877 1865 953 duaspartes
1887 875 2118 939 divisus,
2140 888 2143 893 ‘

2221 874 2499 946 διεσχίσθη
2524 875 2589 950 τὸ
2618 875 2761 947 ὅρος,
2797 876 2891 931 καὶ
2926 876 3062 946 μετὰ
3100 875 3195 929 τοῦ
3238 876 3450 929 παιδίου
3494 875 3669 945 αὐτὴν
3693 873 3808 927 ἑδέ-

552 985 672 1024 eam
703 984 812 1024 una
843 986 966 1024 cum
999 961 1169 1040 puero
1205 971 1441 1041 excepit,
1475 978 1529 1027 et
1559 985 1653 1027 eas
1670 952 1901 1041 angelus
1932 967 2121 1025 defen-

2058 985 2121 1022 n-
2224 965 2369 1031 ξατο,
2399 968 2494 1020 καὶ
2522 966 2751 1036 ἄγγελος
2782 967 2876 1021 τοῦ
2909 966 3046 1023 Θεοῦ
3075 967 3424 1038 διεφύλαττεν
3451 966 3669 1033 αὐτούς.

554 1062 731 1117 dendo
765 1057 1100 1132 protegebat.
1125 1074 1132 1083 '
1871 1096 1878 1107 .
2528 1078 2529 1081 η
2627 1056 2636 1065 ⁸
3290 1102 3295 1105 ,

624 1153 788 1209 num
848 1143 1040 1223 itaque.
1076 1152 1144 1207 ad
1197 1149 1514 1207 Zachariam
1554 1134 1862 1230 Herodes:
1895 1149 2120 1205 Tradito

2291 1149 2507 1221 Πέμπει
2548 1150 2677 1218 γοῦν
2727 1148 2864 1222 πρὸς
2886 1151 3181 1220 -Ζαχαρίαν
3204 1153 3232 1205 6
3265 1147 3544 1220 Ἡρώδηςο
3575 1147 3677 1211 A6;
3705 1147 3805 1200 τὸν

553 1246 688 1303 mihi
720 1246 888 1300 filium
912 1254 1084 1312 tuum,
1113 1246 1205 1300 ubi
1230 1246 1481 1300 occultus
1507 1236 1665 1306 latet,
1684 1240 1935 1299 nuntiato
1960 1241 2129 1297 mihi;

2218 1239 2330 1293 υἱόν
2364 1257 2456 1293 σου
2476 1247 2491 1270 ⁸
2520 1239 2623 1294 ποῦ
2660 1236 2906 1313 ἔκρυψας
2937 1238 3120 1305 αὐτὸ),
3159 1240 3489 1310 ἀπάγγειλόν
3525 1240 3715 1311 μοι.’0
3739 1239 3804 1291 δὲ

552 1329 849 1393 Zacharias
883 1340 961 1394 sic
1004 1337 1343 1407 percontanti
1405 1335 1699 1406 respondet
1737 1346 1750 1387 ξ
1784 1333 1895 1405 Ego
1942 1334 2008 1387 ad
2039 1318 2142 1385 ιιι-³

2218 1334 2494 1411 Ζαχαρίας
2525 1333 2927 1387 ἀντεπιστέλλει
2960 1333 3183 1404 φάσκων
3216 1331 3362 1403 αὐτῷ
3381 1349 3395 1362 ⁸
3434 1328 3575 1400 Ἐγὼ
3601 1330 3682 1403 τῷ
3712 1331 3808 1383 θυι-

552 1438 668 1484 lare
701 1430 962 1484 continuo
1013 1428 1318 1491 assistens,
1364 1428 1496 1497 quid
1530 1436 1712 1482 actum
1767 1427 1840 1482 sit
1884 1426 1951 1482 de
2008 1426 2118 1481 [ilio

2220 1424 2926 1497 σιαστηρίῳ·προσεδρεύων
2978 1425 3087 1488 ἀεὶ,
3121 1424 3176 1477 τί
3209 1424 3424 1490 ἐγένετο
3464 1426 3495 1477 6
3527 1423 3643 1488 υίός
3691 1439 3800 1494 μου

552 1534 694 1587 meo,
732 1534 840 1576 non
870 1523 1018 1577 novi.
1060 1522 1156 1577 His
1188 1523 1455 1591 ingentem
1496 1521 1632 1574 iram
1662 1520 1911 1591 concepit
1952 1518 2118 1574 Hero-

2215 1515 2315 1568 οὐκ
2348 1516 2667 1586 ἐπίσταμαι.
2699 1516 2810 1569 Καὶ
2832 1513 3111 1586 ρργισθεὶς
3141 1517 3169 1568 6
3200 1512 3446 1585 Ἡρώδης
3477 1511 3641 1565 πάλιν
3662 1511 3802 1564 επέ-

551 1617 647 1672 des
667 1656 682 1680 ,
716 1632 1041 1691 rursumque
1063 1615 1129 1669 ad
1155 1632 1275 1671 eum
1304 1614 1531 1670 scr'ibit‘:
1565 1613 1769 1669 Exhibe
1784 1614 1915 1668 mihi
1946 1613 2115 1668 filium

2216 1607 2433 1678 στελλεν
2480 1607 2649 1679 αὐτῷ.
2693 1609 2792 1673 Δδς
2842 1608 3190 1681 ἔξωδδὶέγων,
3216 1604 3305 1662 τὸν
3352 1605 3468 1659 υἱόν
3524 1622 3642 1664 σου,
3677 1605 3801 1659 Οὐκ

553 1714 731 1774 tuum;
763 1714 943 1762 ncnne
971 1694 1307 1776 compertum
1342 1694 1436 1760 tibi
1466 1714 1570 1767 est,
1595 1693 1735 1773 apud
1763 1719 1850 1759 me
1879 1704 1958 1757 tui
1989 1718 2116 1783 san-

2213 1693 2379 1764 οἷδας,
2413 1699 2494 1752 ὅτι
2525 1699 2587 1753 76
2614 1693 2752 1770 αἷμά
2780 1709 2873 1752 σου
2905 1698 3009 1753 ὑπὸ
3034 1699 3133 1771 τὴν
3163 1699 3320 1769 χεῖρά
3348 1697 3449 1769 μού
3474 1700 3653 1761 ὲστινς
3682 1696 3800 1749 Καὶ

549 1801 731 1872 guinis
772 1797 1081 1856 efi‘undendi
1129 1814 1251 1854 esse
1282 1797 1644 1869 potestatem?
1690 1796 1982 1851 Zacharias
2031 1789 2160 1850 re-l

2184 1796 2189 1839 ι
2216 1792 2245 1844 6
2272 1789 2547 1862 Ζαχαρίας
2575 1790 2678 1862 ἔφη
2702 1808 2715 1821 ·
2749 1791 2976 1863 Μάρτυς
3003 1791 3118 1862 είμὶ
3150 1789 3242 1844 τοῦ
3269 1790 3424 1844 Θεοῦ.
3459 1791 3532 1843 Σὺ
3566 1790 3670 1861 μὲν
3696 1789 3795 1860 ἔχε

550 1893 773 1964 scripsit
801 1905 815 1947 ξ
844 1892 1025 1949 Testis
1051 1907 1171 1947 sum
1198 1891 1314 1947 Dei.
1346 1889 1426 1944 Tu
1459 1905 1635 1945 meum
1672 1889 1989 1959 sanguinem
2010 1927 2024 1947 ,
2059 1893 2115 1940 at

2220 1899 2320 1954 μου
2356 1882 2418 1935 τὸ
2448 1877 2606 1954 αἷμα,
2631 1883 2692 1936 76
2719 1883 2776 1937 δὲ
2809 1882 3028 1955 πνεῦμά
3052 1901 3150 1955 μου
3178 1885 3207 1938 6
3230 1882 3381 1948 Θεός.
3408 1882 3563 1948 Δέξαι
3592 1881 3651 1936 δὲ
3695 1883 3797 1937 καὶ

549 1981 800 2051 spiritmn
831 1999 1009 2038 meum
1045 1982 1184 2038 Deus
1210 1981 1511 2051 possideat,
1545 1983 1631 2035 l'ac
1664 1991 1723 2033 ut
1754 1980 1922 2034 lubet.
1951 1976 2115 2032 illud—

2215 1971 2470 2042 γίνωσκε,
2504 1973 2584 2027 ὅτι
2613 1972 2789 2026 ἀθῶον
2822 1970 2962 2045 αἷμα
2996 1973 3204 2044 ὲκχέεις
3225 1975 3304 2038 είς
3330 1973 3398 2027 τὰ
3427 1973 3677 2044 πρόθυρα
3695 1972 3791 2027 τοτὲ

547 2092 654 2148 que
710 2086 761 2131 te
810 2068 1188 2146 non‘fugia't‘,
1250 2070 2023 2147 sanguinem"iniiocentem-
2059 2071 2136 2124 in‘

2214 2064 2342 2118 ναοῦ
2374 2064 2598 2136 Κυρίου.
2622 2064 2740 2118 Καὶ
2773 2067 2801 2119 6
2839 2063 3098 2136 Ἡρώδης,
3135 2065 3228 2117 ἐπὶ
3255 2061 3460 2128 τούτοις
3491 2063 3794 2136 ὀργισθεὶς,

545 2161 1045 2237 νοεῑίυιιιῑεῑθιηριί
1086 2166 1301 2221 Domini
1328 2176 1379 2221 te
1408 2164 1726 2220 eﬂ‘usurum.
1759 2154 1999 2219 Herodes
2025 2161 2112 2216 bis

2217 2155 2417 2227 μεταξὺ
2446 2155 2538 2211 τοῦ
2574 2155 2957 2230 θυσιαστηρίου
2989 2155 3339 2228 ἀναιρεθῆναι
3365 2155 3526 2208 αὐτὸν
3559 2152 3669 2227 πρὸ
3695 2154 3794 2209 τοῦ

545 2262 721 2332 magis
750 2248 1028 2331 ac'magis
1059 2269 1414 2329 exasperatus
1434 2297 1448 2320 ,
1480 2262 1539 2311 ut
1570 2254 1711 2311 inter
1747 2256 1920 2310 altare
1952 2267 2112 2308 neca-

2211 2246 2502 2315 διαφαῦσαι
2537 2247 2882 2320 προσέταξεν,
2907 2245 3042 2318 πρὸς
3072 2247 3132 2300 76
3161 2247 3234 2318 μὴ
3270 2246 3374 2300 ὑπὸ
3404 2244 3498 2300 τοῦ
3519 2245 3651 2299 λαοῦ
3679 2263 3794 2299 κω-

545 2360 699 2408 retur
728 2359 1017 2420 antequam
1048 2350 1163 2406 dies
1212 2351 1553 2404 illucesceret
1577 2387 1590 2412 ,
1626 2347 1879 2425 mandat,
1911 2362 1979 2400 ne
2012 2361 2111 2414 p0-

1471 2355 1553 2403 rel
1577 2387 1590 2412 ,
1626 2347 1879 2423 mandat,
1911 2362 1979 2400 ne
2012 2361 2111 2414 [ιο-
2211 2340 2437 2411 λυθῆναι
2467 2340 2631 2394 αὑτοῦ
2668 2339 2767 2410 τὴν
2801 2339 3079 2407 ἀναίρεσιν

545 2442 707 2513 pulus
786 2440 1056 2496 obstando
1144 2429 1425 2509 impediret
1486 2435 1802 2509 quominus
1886 2435 2101 2491 occide-

544 2541 716 2587 ῐθιυτ.
1060 2544 1071 2553 ’
1320 2541 1323 2546 ’
1630 2548 1637 2553 ’
1918 2541 1925 2547 ’
2126 2552 2131 2563 ·
2490 2573 2495 2577 .

572 2622 579 2637 '
614 2620 799 2676 Primo
823 2627 1004 2675 autem
1027 2618 1268 2674 diluculo
1301 2616 1614 2673 sacerdotes
1641 2615 1696 2670 in
1726 2615 1983 2684 templum
2014 2627 2110 2669 ve-

2247 2622 2252 2626 ’
2287 2620 2524 2702 Ὀρθρου
2557 2628 2612 2683 δὲ
2641 2629 2691 2681 0i
2747 2629 2912 2701 ἱερεῖς
2943 2629 3370 2701 παραγενόμενοι
3403 2630 3483 2693 είς
3508 2622 3599 2682 τὸν
3633 2628 3785 2695 ναὸν,

545 2715 762 2770 nientes
790 2713 1282 2783 obstupescebant,
1313 2711 1457 2782 quod
1491 2711 1599 2765 illis
1618 2749 1634 2773 ,
1667 2715 1727 2762 ut
1758 2707 1928 2761 moris
1954 2711 2106 2769 erat,

2210 2721 2526 2787 ὲξενίζοντο,
2563 2720 2702 2775 κατὰ
2734 2722 2794 2774 τὸ
2825 2721 3014 2785 εἰωθὸς
3048 2721 3122 2792 μὴ
3155 2722 3561 2793 ὑπαντήσαντος
3601 2721 3788 2787 αὐτοῖς

532 2821 655 2873 ,ιιοιι
685 2805 901 2861 obviam
950 2805 1190 2874 prodiret
1247 2803 1456 2874 primus
1498 2799 1797 2863 sacerdos,
1864 2805 1919 2854 et
1974 2797 2109 2852 foris

2208 2811 2302 2866 τοῦ
2334 2803 2655 2884 ἀρχιερέως,
2697 2813 2793 2865 καὶ
2824 2810 3098 2882 ἐπέμενον.
3128 2809 3430 2884 εξω.“Ωρας
3458 2807 3551 2866 οὖν
3582 2813 3789 2884 παρελ-

541 2890 950 2969 οχεροοῑιιὺοιιι.
998 2890 1183 2975 Itaque
1214 2896 1349 2979 hora
1399 2894 1672 2978 dilabente
1692 2933 1707 2957 ,
1753 2907 1896 2947 unus
1926 2907 1991 2946 ex
2020 2891 2107 2946 bis

2208 2902 2432 2973 κούσης,
2468 2897 2549 2966 εἷς
2578 2920 2661 2965 τις
2687 2902 2745 2969 ἐξ
2776 2902 2952 2955 αὐτῶν
2998 2899 3258 2955 είσελθεῖν
3307 2901 3786 2972 ἀπετόλμησεν.’0

543 2990 751 3062 ingredi
786 3006 954 3047 ausus
978 2998 1061 3046 est
1081 3029 1095 3051 ,
1138 2990 1230 3060 qui
1255 2988 1322 3042 ad
1347 2988 1519 3042 altare
1545 2992 1859 3042 eoncretum
1895 2986 2109 3055 sangui-

2207 2993 2266 3046 δὲ
2298 2992 2492 3066 θεωρεῖ
2518 2987 2654 3064 αἷμα
2684 2992 2930 3064 πεπηγὸς
2954 2992 3104 3064 παρὰ
3148 2991 3209 3045 76
3253 2990 3654 3064 θυσιαστήριον,
3689 2993 3788 3046 καὶ

540 3098 664 3139 nem
687 3084 974 3153 conspicit,
998 3082 1460 3151 auditquevocem
1485 3079 1751 3134 dicentem
1775 3095 1788 3133 :
1813 3077 2105 3133 Zacharias
2135 3130 2151 3183 ‹

2210 3086 2396 3140 ἀκούει
2424 3085 2627 3155 φωνῆς
2669 3084 2958 3156 λεγούσης·
2991 3083 3265 3157 Ζαχαρίας
3304 3084 3648 3152 πεφόνευται,
3686 3083 3786 3137 καὶ

539 3173 769 3230 occisus
810 3180 936 3241 est,
990 3187 1092 3228 nec
1138 3173 1261 3241 ejus
1308 3170 1535 3241 sanguis
1585 3168 1877 3233 delebitur,
1916 3168 2105 3252 donec
2136 3168 2150 3183 ‘

2173 3168 2174 3172 “
2207 3175 2322 3231 οὐκ
2350 3177 2791 3249 ἐξαλειφθήσεται
2838 3176 2898 3230 76
2942 3171 3081 3247 αἷμα
3127 3173 3314 3240 αὐτοῦ,
3356 3176 3461 3239 ἓως
3492 3174 3557 3229 ἂν
3591 3174 3721 3249 ἔλθῃ
3750 3175 3784 3229 6

540 3267 721 3349 veniat
753 3267 933 3333 ultor;
984 3265 1071 3322 his
1101 3260 1327 3345 vocibus
1377 3261 1859 3339 animotfractus,
1919 3276 2105 3332 egres-
2206 3270 2686 3334 εκδικος.Ἀκούων
2732 3268 2862 3339 γοῦν
2901 3269 3072 3323 ταῦτα
3124 3268 3360 3341 ἔμφοϐος
3406 3268 3642 3336 ἐγένετο,
3684 3267 3784 3321 καὶ

519 3372 743 3435 θυειιιιο
775 3356 1159 3438 sacerdotibus
1212 3355 1457 3418 nuntiat,
1487 3354 1579 3424 qui
1610 3353 1946 3409 introeuntes
1977 3356 2123 3406 cor-'

2205 3361 2435 3428 ἐξελθὼν
2459 3364 2568 3425 τοῖς
2589 3356 2827 3433 ἱερεῦσιν
2853 3360 3201 3433 ἀπήγγειλεν.
3235 3363 3297 3415 Ui
3324 3360 3401 3425 δὲ,
3425 3359 3781 3424 εἰσελθόντες,

535 3463 640 3521 pus
672 3463 781 3503 non
820 3449 1039 3513 vident,
1075 3447 1168 3504 sed
1204 3449 1382 3503 solum
1410 3447 1731 3537 sanguinem
1757 3483 1772 3510 ,
1806 3442 2106 3513 scissisque

2204 3456 2266 3509 76
2286 3456 2398 3527 μὲν
2430 3456 2588 3526 σῶμα
2620 3456 2720 3508 οὐκ
2749 3451 2907 3519 εἶδον,
2937 3457 2987 3508 εί
3030 3455 3104 3527 μὴ
3133 3455 3195 3508 τὸ
3223 3452 3381 3526 αἷμα,
3418 3454 3514 3509 καὶ
3538 3454 3638 3517 τὰς
3666 3470 3784 3506 στο-

534 3542 916 3605 vestimentis,
962 3548 1190 3595 mortem
1248 3538 1396 3593 illius
1453 3535 1740 3609 lugebant,
1796 3535 2105 3606 populoque

2203 3547 2300 3611 λὰς
2322 3547 2529 3600 ἑαυτῶν
2542 3546 2629 3599 δια
2635 3547 2952 3618 ρῤήξαντες,
2974 3546 3255 3616 ἐκόψαντο,
3270 3547 3364 3600 καὶ
3380 3545 3458 3616 τῷ
3478 3544 3593 3616 λαῷ
3611 3546 3785 3616 ἀνήγο-

534 3632 895 3693 nuntiarunt,
926 3638 980 3684 et
1005 3631 1178 3684 tribus
1211 3629 1436 3694 diebus,
1473 3639 1526 3683 et
1548 3629 1725 3683 tribus
1768 3627 2019 3682 noctibus
2047 3627 2102 3678 in

2204 3637 2530 3708 γειλαν,“καὶ
2560 3639 2687 3709 τρία
2710 3638 3024 3711 νυχθήμερα
3061 3640 3149 3691 ἐπ’
3183 3637 3332 3708 αὐτῷ
3369 3638 3564 3709 θρῆνον
3590 3624 3781 3706 ἐποίη-

535 3721 685 3777 luctu
732 3721 973 3775 fuerunt.
1034 3720 1297 3791 Deinceps
1346 3718 1656 3775 Simeonem
1687 3726 1833 3774 sorte
1879 3719 1934 3772 in
1982 3717 2103 3798 ejus

2206 3750 2323 3787 σαν.
2358 3734 2465 3787 Καὶ
2501 3732 2636 3804 μετὰ
2667 3731 2839 3786 ταῦτα
2877 3732 3136 3803 Συμεῶνα
3181 3733 3262 3795 εἰς
3304 3730 3403 3802 τὴν
3430 3728 3583 3796 τάξιν
3611 3726 3780 3782 αὐτοῦ

534 3812 713 3867 locum
745 3819 1072 3881 posuerunt,
1124 3814 1217 3882 qui
1250 3827 1280 3864 a
1326 3811 1531 3880 Spiritu
1569 3814 1758 3865 sancto
1792 3810 2101 3865 admonitus

2204 3826 2388 3897 κλήρῳ
2421 3827 2777 3896 κατέστησαν,
2807 3825 2865 3889 ὃς
2892 3822 3133 3897 ὑπῆρχεν
3165 3821 3269 3876 ὑπὸ
3297 3820 3390 3875 τοῦ
3417 3821 3570 3890 ἁγίου
3601 3819 3779 3872 Πνεύν

535 3909 851 3973 acceperat,
899 3917 957 3958 se
995 3917 1102 3956 non
1155 3903 1307 3972 prius
1338 3902 1585 3957 visurum
1632 3909 1860 3958 mortem
1890 3942 1905 3968 ,
1938 3916 2101 3972 quam

2206 3935 2373 3987 ματος
2405 3916 2796 3989 χρηματισθεὶς
2828 3916 2902 3988 μὴ
2928 3917 3052 3970 ίδεῖν
3076 3915 3323 3978 θάνατον,
3352 3914 3456 3977 ἕως
3487 3912 3553 3966 ἂν
3579 3913 3661 3982 ἴδῃ
3684 3911 3782 3965 τὸν

533 3989 812 4048 Christum
843 3991 1056 4048 Domini
1091 3992 1285 4049 fuisset
1310 3993 1542 4048 intuitus
1564 3994 1630 4050 ”.
2112 4000 2117 4007 '

1186 4004 1285 4049 sset
1310 3993 1542 4048 intuitus
1564 3994 1630 4050 ”.
2112 4000 2117 4007 ’
2201 4009 2432 4081 Χριστὸν
2456 4010 2684 4080 Κυρίου.
2793 4046 2797 4051 ς

602 4082 870 4138 Narratur
902 4093 956 4139 et
988 4086 1091 4139 alia
1132 4086 1374 4166 quaedam
1410 4085 1477 4139 de
1525 4084 1788 4140 Zacharia
1835 4085 2095 4140 historia:

2276 4101 2440 4173 Ἀλλη
2476 4101 2531 4154 δέ
2565 4118 2647 4164 τις
2696 4096 2904 4172 ίστορία
2956 4099 3082 4172 περὶ
3114 4098 3207 4153 τοῦ
3240 4099 3509 4171 Ζαχαρίου
3543 4098 3782 4170 ἐμφέρε-

534 4175 703 4231 fuisse
737 4176 793 4230 in
825 4176 1027 4247 templo
1058 4177 1236 4232 locum
1268 4177 1320 4231 in
1365 4170 1773 4247 Quem'tanlum
1797 4177 2100 4247 virginibus

2199 4209 2318 4249 ται·
2367 4170 2443 4258 ὡς
2469 4194 2575 4266 ἄρα
2596 4189 2665 4265 ἦν
2690 4210 2773 4257 τις
2808 4170 2936 4266 περὶ
2964 4170 3057 4244 76v
3081 4191 3208 4245 ναὸν
3237 4170 3421 4254 τόπος,
3450 4189 3579 4243 ἔνθα
3609 4190 3796 4261 μόνας,

532 4270 818 4341 ingressis,
872 4267 1041 4325 Deum
1085 4270 1335 4335 adorare,
1370 4286 1477 4324 nnn
1508 4277 1685 4325 autem
1728 4271 1914 4341 nuptis
1936 4311 1952 4336 ,
1983 4271 2113 4341 lege

2198 4286 2297 4349 τὰς
2330 4285 2630 4357 παρθένους
2672 4284 2801 4355 ὲξῆν
2845 4283 3117 4345 είσιούσας
3163 4283 3485 4354 προσκυνεῖν
3511 4280 3589 4351 τῷ
3620 4279 3776 4349 eaq,-

532 4363 801 4418 sancitum
856 4377 919 4417 ae
960 4366 1293 4419 concessum
1352 4371 1489 4420 erat.
1525 4362 1694 4417 Maria
1750 4364 1915 4433 igitur
1976 4369 2099 4434 post

2197 4375 2297 4440 τὰς
2327 4376 2383 4429 δὲ
2412 4376 2751 4447 γαμηθείσας
2789 4376 2862 4447 μὴ
2901 4373 3040 4429 εἷναι
3079 4375 3325 4445 νόμιμον.
3345 4374 3408 4425 Ἠ
3441 4368 3533 4426 οὖν
3562 4372 3777 4443 Μαρία,

532 4454 868 4511 Salvatorem
901 4456 1142 4527 genitum
1176 4450 1435 4519 stetit,'in
1466 4450 1585 4512 l0eo
1617 4457 1740 4518 hoc,
1773 4471 1934 4526 quam
1966 4472 2091 4512 cum
2124 4472 2143 4525 1

2165 4487 2169 4512 ι
2199 4469 2517 4538 γεννήσασα
2554 4467 2644 4520 τὸν
2696 4467 2944 4537 Σωτῆρα,
2979 4464 3230 4530 ἐλθοῦσα,
3258 4464 3386 4537 ἔστη
3420 4466 3479 4519 ὲν
3509 4463 3586 4534 τῷ
3622 4463 3776 4535 τόπῳ

531 4545 896 4623 impedirent,
955 4548 1049 4617 qui
1107 4563 1226 4603 eam
1284 4548 1397 4617 jam
1467 4546 2093 4619 peperisse’noverant,

2195 4561 2388 4632 τούτῳ.
2425 4561 2757 4614 κωλυόντων
2807 4557 2898 4614 οὖν
2938 4560 3106 4633 αὐτὴν
3133 4559 3241 4613 τῶν
3278 4560 3492 4612 εἰδότων
3515 4575 3778 4630 γεγεννη-

530 4636 825 4694 Zacharias
874 4637 1174 4704 fatebatur,
1206 4656 1323 4695 eam
1360 4640 1578 4711 dignam
1623 4657 1778 4706 esse,
1820 4657 1941 4712 qum
1988 4658 2097 4697 una

2197 4657 2353 4709 κυῖαν
2382 4654 2569 4724 αὐτὴν,
2586 4652 2616 4704 ὁ
2636 4654 2907 4725 Ζαχαρίας
2931 4654 3115 4723 ἔλεγεν
3139 4653 3294 4720 ἀξίαν
3325 4652 3492 4725 αὐτὴν
3510 4649 3659 4727 ,εἶναι
3675 4652 3770 4706 τοῦ

527 4743 655 4784 cum
694 4729 1002 4801 virginibus
1033 4739 1485 4786 commoraretur.
1536 4732 1724 4803 Itaque
1758 4750 1882 4789 eum
1928 4734 2095 4789 veluti

2194 4748 2359 4801 τόπου
2381 4746 2486 4800 τῶν
2516 4746 2816 4819 παρθένων.
2835 4744 2922 4809 Ὠς
2948 4742 3041 4800 οὖν
3060 4744 3475 4818 παρανομοῦντα
3502 4743 3663 4799 αὑτὸν
3690 4745 3769 4805 εἰς

522 4819 731 4889 jurium
761 4822 1076 4878 violatorem
1097 4862 1113 4887 ,
1154 4823 1301 4893 etin
1334 4823 1512 4877 locum
1549 4824 1817 4894 virginum
1848 4826 2102 4896 iniquum

2193 4839 2285 4893 τὸν
2330 4839 2492 4892 τόπον
2523 4838 2630 4891 τῶν
2671 4838 2955 4909 παρθένων
2999 4837 3198 4909 μεταξὺ
3242 4835 3337 4890 τοῦ
3383 4835 3765 4909 θυσιαστηρίου

528 4911 672 4968 inter
720 4913 893 4969 altare
937 4914 1301 4971 trucidavere.
1347 4914 1414 4970 Et
1456 4915 1571 4970 bzec
1614 4932 1710 4986 per
1740 4924 2093 4973 transennam

2061 4934 2093 4971 [ι
2195 4930 2538 4983 ἀπέκτειναν.
2575 4931 2684 4983 Καὶ
2715 4929 2885 4983 ταῦτα
2912 4930 3011 5000 μὲν
3043 4929 3118 4993 ὡς
3142 4932 3199 4982 ὲν
3223 4929 3441 5001 παρόδῳ
3463 4928 3672 5000 ἐλέχθη.

526 5005 811 5077 obiterque
840 5006 983 5063 dicta
1004 5018 1153 5064 sunt.

597 5095 769 5153 Porro
793 5095 993 5168 Ioseph
1017 5113 1047 5153 a
1081 5098 1344 5156 fratribus
1364 5100 1419 5155 in
1446 5099 1681 5173 Egypto
1724 5101 1979 5167 traditus,
2011 5100 2103 5158 di-‘

2213 5113 2219 5118 ’
2277 5109 2471 5182 Ἰωσὴφ
2512 5109 2588 5175 δὲ,
2622 5108 2903 5173 ἀποδοθεὶς
2940 5110 2997 5162 ἐν
3046 5109 3305 5181 Αἰγύπτῳ
3343 5111 3448 5177 ὑπὸ
3479 5110 3587 5164 τῶν
3616 5109 3770 5165 ἀδελ-

526 5188 656 5254 vino
686 5188 896 5243 alllatus
916 5187 1168 5254 Numine,
1200 5189 1502 5249 Pharaonis
1520 5194 1748 5250 somniis
1769 5195 2093 5265 interpreta-

2195 5200 2331 5272 φῶν,
2350 5200 2469 5273 θείᾳ
2491 5202 2701 5273 ἐπινοίᾳ
2725 5199 2803 5272 τῷ
2832 5198 3029 5272 Φαραὼ
3047 5200 3323 5273 διακρίνας
3339 5202 3611 5274 ὀνείρατα,
3638 5203 3770 5273 ήγεοο

529 5276 675 5334 tione
706 5279 989 5350 explicatis
1026 5283 1066 5348 ¹,
1090 5283 1259 5340 totius
1292 5283 1511 5356 zEgypti
1551 5286 1804 5359 princeps
1844 5287 2095 5342 nomina-

2197 5291 2313 5363 μὼν
2356 5293 2537 5363 πάσης
2585 5293 3001 5365 τῆςΑίγύπτου
3042 5292 3386 5350 καθίσταται.
3447 5295 3558 5349 Καὶ
3608 5293 3766 5364 λιμοῦ

529 5379 620 5427 tas
649 5380 841 5459 est,et
864 5373 1007 5430 fame
1056 5383 1230 5431 totum
1265 5385 1533 5432 terrarum
1568 5379 1754 5433 orbem
1803 5378 2089 5450 amigente,

2193 5386 2372 5438 πᾶσαν
2403 5383 2680 5450 πιέζοντος
2699 5384 2798 5457 τὴν
2824 5386 2944 5457 γῆν,
2973 5388 3023 5440 οί
3053 5386 3271 5456 ἀδελφοὶ
3301 5386 3466 5440 αὐτοῦ
3499 5384 3766 5457 κατῆλθον

528 5458 819 5551 ῖτσῑνοθῖη
852 5463 1145 5551 τΕυψιωῃ
1193 5483 1252 5524 se
1283 5468 1592 5533 conferunt,
1639 5469 1992 5536 frumentum,
2038 5477 2094 5526 et

2258 5493 2272 5539 ;
2300 5470 2590 5546 Αἴγυπτον,
2634 5482 2778 5532 σῖτον
2808 5479 2901 5533 καὶ
2938 5481 3092 5534 αὐτοὶ
3130 5480 3220 5535 διὰ
3263 5481 3354 5534 τὸν
3379 5478 3536 5551 λιμὸν
3563 5478 3770 5548 ὡνησό-
3864 5489 3869 5493 ‘

527 5549 630 5622 ipsi
661 5562 720 5607 ut
748 5549 875 5609 fami
907 5555 1255 5613 mederentur
1274 5562 1509 5630 empturi
1532 5560 1685 5627 ',eta
1709 5559 1971 5619 fratribus
2001 5577 2090 5619 re-

2197 5582 2374 5639 μενοι’
2426 5570 2518 5625 καὶ
2561 5570 2986 5644 ἀναγνωρισθεὶς
3026 5573 3206 5637 αὐτοῖς
3256 5549 3487 5644 Ἰωσὴφ,
3537 5569 3769 5643 μεθιστᾷ

576 5730 648 5816 ’⁸⁸
673 5729 810 5790 Ibid.
848 5733 934 5790 16.
1000 5736 1055 5816 ῤ’
1078 5735 1207 5793 Luc.
1234 5753 1295 5801 ιι,
1329 5738 1415 5795 14.
1490 5741 1513 5813 ,⁸
1540 5737 1669 5796 σεῦε.
1698 5755 1808 5796 xu.
1836 5742 1904 5814 μ’
1944 5738 2087 5795 Ibid.
