4080 6334
329 341 435 396 777

1247 330 1519 391 SPURIA.
1559 363 1629 374 —
1664 322 2020 387 COMMENT.
2061 321 2127 382 IN
2163 320 2657 384 HEXAEMERON.

3450 323 3549 385 778

318 461 513 522 αὐτοὺς
551 459 665 528 ἅμα
690 454 766 527 τῷ
800 455 965 522 turpi.
997 455 1185 515 Ἰακὼϐ
1208 459 1285 519 είς
1314 456 1409 527 τὴν
1441 454 1712 522 Αἴγυπτον
1745 471 1883 523 παγ-

1988 448 2257 519 cognitus,
2294 446 2455 502 simul
2513 460 2638 500 cum
2697 451 2868 515 patre.
2924 459 3018 502 eos
3054 452 3111 501 et
3138 446 3411 503 universis
3458 465 3554 505 en-

317 552 470 623 γενῆ.
496 550 589 620 Τῷ
620 551 715 619 μὲν
750 547 856 619 γὰρ
894 548 1102 601 Ῥουὸὶν
1131 548 1389 617 τέσσαρες
1416 547 1598 608 παῖδες
1623 545 1886 614 ἐγένοντο,

328 640 519 711 Ἑνὼχ,
547 640 731 703 Φαλὲς,
776 636 1016 709 Ἀρρὼμ,
1057 636 1300 709 Χαρμείο
1334 635 1412 705 τῷ
1449 635 1504 687 δὲ
1548 633 1770 704 Συμεὼν
1808 633 1886 700 ἓξ,

327 732 582 804 ’Ῑεϐουὴλ,
628 730 824 801 Ἰαϐὴν,
866 729 1017 795 Ἀὼδ,
1063 729 1235 799 ’Δχιὴ,
1266 727 1425 797 Σαδὴ,
1455 727 1656 778 Σαούλ·
1694 725 1889 796 καὶτῷ

314 824 445 879 Λευϊ
496 824 662 894 τρεῖς,
717 819 945 883 Γεδσὼν,
1019 818 1190 882 Βωὰδ,
1245 818 1338 869 καὶ
1391 815 1662 887 Μεναρείο
1712 815 1789 886 τῷ
1830 815 1889 869 δὲ

326 916 500 970 ’ἰούδα
526 916 703 976 πέντε,
726 912 852 984 Ἢρ,
878 910 1079 973 Δύνὼν,
1101 910 1312 972 οἵτινες,
1335 909 1513 972 καθὼς
1543 910 1885 980 προεγράφη,

315 1004 606 1067 ἀπέθανον,
649 1000 865 1072 Σηλὼμ,
896 1002 1087 1070 Φαρὲς,
1122 999 1302 1070 Ζαρόι⁸
1340 998 1417 1069 τῷ
1460 999 1517 1051 δὲ
1558 1000 1732 1071 Φαρὲς
1774 999 1886 1065 δύο,

326 1094 581 1166 ’Δρῤὼμ,
639 1095 731 1147 καὶ
778 1092 1019 1163 ’1εμοήλ’
1068 1092 1146 1161 τῷ
1190 1092 1247 1144 δέ
1298 1092 1548 1163 ἰσσάχαρ
1604 1092 1885 1162 τέσσαρες,

316 1185 487 1247 Θαλά,
512 1184 668 1245 Φονά,
713 1184 947 1251 Ἰασοὺφ,
1000 1182 1239 1253 Ζαόράν·
1271 1180 1347 1251 τῷ
1389 1181 1667 1234 Σαῦουλὼν
1716 1184 1885 1253 τρεῖς,

316 1277 539 1348 Σερδέρ,
586 1275 802 1337 Ἀλδὼν,
852 1274 1015 1344 Αἱήλ·
1054 1275 1101 1327 οἱ
1143 1274 1341 1336 πάντες
1381 1275 1671 1344 τριάκοντα
1717 1277 1886 1345 τρεῖς,

312 1371 377 1424 ἐκ
413 1369 515 1439 τῆς
558 1367 718 1430 Λείας
750 1368 809 1420 τὸ
836 1368 988 1437 γένος
1028 1366 1257 1436 ἔχοντες,
1297 1368 1390 1420 καὶ
1439 1366 1707 1437 θυγατέρα
1740 1367 1884 1419 Δίνα.

320 1461 600 1529 Ἐγένοντο
620 1458 676 1510 δὲ
709 1459 802 1510 καὶ
835 1457 911 1528 τῷ
940 1455 1042 1509 Γάδ
1073 1457 1179 1509 υἱοὶ
1208 1454 1364 1516 ἐπτά,
1398 1454 1610 1523 Σαφὼν,
1644 1456 1883 1521 Ἀγγεις,

312 1553 545 1617 Σαῦνις,
594 1550 864 1612 Θασοϐἀθ,
921 1546 1132 1620 Ἀήδις,
1185 1548 1470 1618 Ἀνοήδης,
1516 1546 1760 1620 Ἀρίλης·
1808 1545 1886 1616 τῷ

311 1648 367 1701 δὲ
409 1646 577 1717 Ἀσὴρ
610 1644 891 1715 τέσσαρες,
928 1640 1123 1711 Ἰεμνά,
1171 1640 1324 1704 Ἰουλ,
1377 1638 1575 1710 Μερία,
1613 1640 1705 1692 καὶ
1747 1638 1887 1709 Σερά

310 1738 592 1809 θυγάτηρο
657 1738 721 1790 ἐκ
769 1735 824 1788 δέ
865 1734 958 1787 τοῦ
1006 1732 1168 1803 Βερία
1225 1732 1588 1803 ἐγεννήθησαν
1654 1729 1882 1800 Χοίίὼρ,

1993 555 2110 593 rum
2144 538 2363 593 familiis
2415 538 2469 592 in
2505 536 2798 609 {Egyptum
2832 545 3129 592 commutat
3180 540 3220 592 ³.
3256 539 3434 595 Rubin
3468 550 3550 595 et.

1988 630 2133 686 enim
2161 638 2393 699 quatuor
2406 630 2663 684 ﬁliierant
2686 630 2832 683 nati:
2865 628 3070 694 Enoch,
3088 629 3308 694 Phales.
3330 633 3548 697 Arrom,

1988 723 2241 787 Charini;
2274 720 2526 793 Symeoni
2557 737 2673 785 sex,
2712 720 2921 784 Jebuel,
2964 721 3155 787 Jaben,
3187 723 3323 789 Aod,
3358 724 3549 791 Achie,

1991 815 2152 881 Sadc,
2190 814 2349 882 Saul;
2382 813 2509 869 Levi
2547 824 2679 876 tres,
2735 814 2970 879 Gedson,
3006 814 3181 870 Boach
3212 825 3267 870 et
3308 815 3544 884 Menari;

1986 907 2138 962 Iuda:
2166 907 2402 977 quinque
2429 923 2441 958 :
2469 906 2593 971 Her,
2634 896 2850 970 Aumn,
2886 907 3001 976 qui,
3035 916 3092 961 ut
3122 910 3373 979 superius
3407 911 3547 963 scri‘

1989 1007 2140 1068 ptum
2168 1008 2272 1062 est,
2305 998 2698 1063 decesserunt;
2730 998 2931 1066 Sebon,
2955 998 3181 1065 Phares,
3212 1000 3380 1067 Zara;
3414 1000 3553 1055 Pha-

1988 1107 2078 1147 res
2139 1090 2268 1153 duo,
2328 1090 2538 1153 Arron,
2592 1099 2646 1146 et
2690 1091 2920 1158 Jemuel;
2979 1092 3227 1147 lssachar
3278 1107 3547 1164 quatuor,

1987 1179 2181 1244 Thala,
2244 1180 2453 1243 Phona,
2502 1180 2731 1251 Jasuph,
2799 1182 3046 1251 Zabran;
3104 1184 3346 1241 Zabulon
3413 1196 3547 1250 tres,

1990 1268 2209 1337 Serder,
2245 1272 2443 1336 Aldon,
2475 1272 2591 1334 Ael,
2619 1274 2709 1341 qui
2736 1289 2925 1329 omnes
2959 1276 3181 1343 triginta
3212 1284 3322 1332 tres
3355 1294 3419 1332 ex
3457 1277 3549 1333 l.ia

1987 1362 2248 1432 originem
2284 1365 2529 1427 trahunt,
2563 1373 2615 1418 et
2662 1365 2769 1417 ﬁlia
2804 1365 2958 1419 Dina.
3010 1366 3129 1421 Nati
3178 1378 3307 1423 sunt
3346 1379 3399 1425 et
3430 1369 3548 1425 Gad

1987 1465 2215 1525 septem,
2245 1454 2487 1524 Saphon,
2510 1457 2697 1525 Angis,
2736 1454 2956 1521 Saunis,
2992 1457 3327 1525 'l'hasobath,
3358 1463 3544 1528 Aedis.

1984 1548 2243 1611 Anocdis,
2275 1549 2487 1614 Ariles;
2527 1548 2692 1603 Asser
2724 1558 2977 1619 quatuor,
3029 1550 3222 1617 Jenna,
3258 1553 3399 1620 Jeul,
3438 1556 3553 1613 Me-

1986 1641 2086 1706 ria,
2126 1649 2179 1695 et
2233 1640 2367 1711 Syra
2428 1642 2570 1709 ﬁlia;
2602 1641 2788 1704 Berize,
2830 1642 3044 1698 Chebor
3085 1653 3139 1699 et
3173 1645 3438 1702 Melchiel.
3483 1647 3549 1703 lii

1985 1746 2173 1787 omnes
2223 1732 2494 1787 sexdecim
2531 1733 2644 1797 ﬁlii,
2709 1733 2961 1803 Zelplias,
3011 1738 3221 1792 ancillae
3267 1737 3398 1803 Lien,
3432 1752 3550 1810 quae

310 1832 405 1887 καὶ
428 1806 687 1899 Μελχιήλο
732 1820 874 1880 οὗτοι
908 1826 1105 1889 πάντες
1139 1825 1197 1891 ἐξ
1242 1824 1336 1877 καὶ
1365 1823 1493 1876 δέκα
1534 1822 1639 1875 υίοὶ
1677 1822 1883 1891 Ζελφᾶς

1988 1825 2207 1878 nomine
2236 1824 2341 1880 ἰδίω
2360 1842 2455 1881 eos
2488 1825 2690 1881 Jacobo
2706 1836 3073 1897 generaverat.
3100 1829 3188 1885 Sic
3208 1840 3262 1887 et
3294 1833 3348 1886 in
3381 1834 3551 1905 {Egya

306 1924 409 1993 τῆς
443 1921 725 1990 παιδίσκης
762 1920 944 1982 Λείας,
983 1920 1102 1988 ἥτις
1157 1920 1235 1981 είς
1284 1914 1453 1987 δνομα
1492 1916 1591 1986 τῆς
1618 1913 1780 1979 Λείας
1811 1914 1887 1985 τῷ

318 2015 517 2071 Ἴακὼὸ
568 2015 761 2076 αὐτοὺς
814 2012 1118 2081 ἐγέννησεν.
1174 2010 1496 2081 Ἐτέχθησαν
1548 2003 1606 2060 δέ
1666 2004 1758 2061 καὶ
1808 2007 1887 2077 τῷ

321 2106 522 2178 Ἰωσὴφ
574 2107 633 2159 ἐν
693 2103 948 2173 Αἰγύπτῳ
1003 2103 1189 2165 παῖδες
1242 2102 1370 2165 δύο,
1440 2099 1738 2170 Μανασσῆς
1794 2096 1887 2151 καὶ

317 2200 579 2272 Ἐφραὶμ,
629 2197 723 2262 οὓς
762 2198 946 2251 ἔτεκεν
993 2196 1138 2267 αὐτῷ
1176 2193 1381 2248 Ἀσινέθ
1436 2194 1681 2263 θυγάτηρ
1719 2193 1886 2245 Πετεο

310 2294 425 2365 φρῆ
456 2290 655 2344 Ἠλιοῦ.
688 2292 797 2343 Kal.
827 2292 889 2343 ἐκ
934 2290 1030 2360 μὲν
1062 2286 1156 2342 τοῦ
1186 2285 1448 2355 Μανασσῆ
1476 2283 1733 2355 ἐγεννήθη
1767 2284 1887 2337 Μα-

310 2387 434 2454 χεὶρ
463 2386 526 2437 ἐκ
557 2382 804 2453 παλακῆς
834 2382 1031 2453 Συρίας
1050 2380 1126 2450 τῷ
1149 2379 1326 2447 γένει’
1358 2381 1386 2432 ὁ
1412 2378 1468 2431 δὲ
1498 2378 1711 2449 Μαχεὶρ
1736 2376 1886 2445 ὲγέν-

307 2494 443 2549 νησε
486 2477 576 2530 τὸν
614 2476 851 2529 Γαλαάδ⁶
898 2477 963 2527 ἐκ
1006 2474 1061 2527 δὲ
1094 2473 1187 2526 τοῦ
1244 2472 1478 2544 Ἑφραῒμ
1520 2471 1885 2545 ἐγεννήθησαν

312 2568 420 2619 υἱοὶ
454 2566 754 2636 Σουταλάμ,
784 2564 907 2629 Βὰδ,
942 2566 1085 2634 Λάμ.
1122 2564 1213 2616 Ἐκ
1232 2564 1288 2617 δέ
1309 2562 1399 2617 τοῦ
1424 2563 1707 2634 Σουταλάμ
1735 2565 1887 2631 ἐγεν⁴⁵

306 2658 447 2731 νήθη
483 2658 647 2711 Ἑδέν.
687 2656 778 2727 Τῷ
817 2657 872 2710 δὲ
918 2657 1173 2727 Βενιαμὶν
1220 2658 1314 2709 καὶ
1361 2655 1508 2725 αὐτῷ
1555 2654 1646 2709 δύο
1698 2655 1883 2719 παῖδες

308 2752 577 2821 ἐγένοντο,
609 2749 964 2822 Βαλλαχοϐὼρ
1013 2751 1105 2804 καὶ
1140 2751 1408 2820 Ἀσσαήρ·
1442 2750 1504 2802 ἐκ
1536 2749 1591 2802 δὲ
1621 2748 1711 2802 τοῦ
1746 2748 1885 2802 Βαλ-

308 2843 561 2916 λαχοόὼρ
582 2844 781 2915 Γηρὰν,
802 2843 895 2897 καὶ
920 2844 1143 2914 Νοεμὶν,
1168 2844 1260 2896 καὶ
1278 2843 1480 2912 Λάχης,
1513 2843 1605 2896 καὶ
1646 2841 1881 2913 Ἐσρὼμ,

308 2939 404 2989 καὶ
426 2934 644 3008 Μαμφί.
685 2936 884 3005 Μαμφὶ
910 2935 966 2987 δὲ
990 2935 1246 3004 ἐγέννησε
1270 2934 1360 2987 τὸν
1399 2933 1559 3004 Ἀράδ
1578 2951 1590 2963 ³
1615 2928 1755 2987 οὗτοι
1781 2934 1884 2988 υίοὶ

321 3028 523 3100 Ῥαχὴλ
551 3032 599 3082 οί
632 3029 828 3092 πάντες
857 3027 1246 3082 ὀκτωκαίδεκα.
1288 3027 1413 3090 Υἱὸς
1451 3028 1507 3080 δὲ
1551 3028 1763 3095 ἐγένετο
1806 3026 1884 3098 τῷ

1986 1925 2079 1987 pto
2127 1917 2362 1987 Josepho
2425 1921 2539 1973 nati
2606 1929 2734 1975 sunt
2801 1922 2896 1976 lilii
2958 1923 3087 1990 duo,
3149 1924 3428 1982 Manasses
3492 1933 3547 1983 et

1984 2009 2260 2079 prraim,
2298 2027 2434 2081 quos
2460 2014 2662 2083 peperit
2693 2015 2768 2069 illi
2798 2015 3047 2080 Asineth,
3106 2016 3211 2071 lilia
3243 2017 3546 2091 Petephrze,

1985 2101 2077 2156 ﬁlii
2106 2102 2291 2166 Heliae,
2323 2112 2377 2160 et
2402 2122 2464 2160 ex
2492 2106 2739 2164 Manasse
2762 2118 2915 2165 ortus
2946 2117 3028 2165 est
3055 2111 3260 2166 Machir
3289 2129 3318 2168 e
3350 2116 3545 2184 pellice

1985 2191 2121 2263 Syra
2179 2210 2395 2264 genere.
2437 2196 2641 2251 Machir
2694 2201 2879 2269 genuit
2918 2199 3108 2257 Galad.
3168 2202 3245 2256 Ex
3290 2202 3545 2272 Ephraim

1982 2286 2094 2338 nati
2133 2293 2262 2341 sunt
2297 2288 2413 2353 lilii,
2447 2286 2713 2354 Sutalam,
2771 2291 2897 2353 Bad,
2952 2291 3114 2358 Lam;
3176 2311 3241 2349 ex
3272 2294 3544 2362 Sutulam,

1980 2375 2167 2431 Edem.
2204 2377 2481 2448 Benjamin
2508 2380 2633 2436 item
2686 2381 2794 2437 duo
2835 2383 2953 2446 ﬁlii,
2990 2384 3347 2440 Ballachobor
3367 2396 3419 2440 et
3443 2388 3547 2442 As-

1981 2482 2087 2523 ser.
2116 2467 2192 2522 Ex
2226 2468 2601 2535 Ballachobor,
2633 2471 2849 2541 Geram,
2872 2484 2923 2530 et
2957 2474 3202 2538 Noemin,
3227 2485 3281 2532 ct
3317 2474 3546 2543 Laches,

1981 2566 2035 2615 et
2060 2559 2272 2625 Esrom,
2308 2571 2363 2618 et
2392 2561 2645 2633 Memphi.
2674 2564 2904 2637 Mamphi
2926 2570 3113 2638 genuit
3140 2568 3317 2637 Arad;
3345 2571 3396 2623 bi
3427 2586 3544 2624 om-

1982 2668 2081 2710 nes
2104 2654 2307 2710 Rachel
2355 2654 2450 2709 ﬁlii
2482 2670 2712 2709 numero
2759 2659 2945 2714 decem
2994 2668 3048 2715 et
3085 2668 3231 2715 octo.
3262 2659 3371 2715 Dad
3402 2662 3543 2718 ﬁlius

1983 2744 2083 2799 fuit
2115 2743 2850 2818 Nephtbalim,Nephthalim
2884 2751 3047 2817 Asiel,
3092 2760 3146 2807 et
3198 2751 3452 2825 Goymin,
3493 2761 3548 2809 et

1983 2832 2152 2901 lsaar,
2186 2848 2239 2891 et
2269 2834 2487 2908 Sylem;
2520 2838 2573 2893 lii
2608 2840 2702 2894 ﬁlii
2752 2840 2931 2895 Ballas
2960 2843 3169 2896 ancilla:
3202 2841 3404 2899 Rachel
3444 2861 3546 2899 nu-

1984 2941 2132 2982 mero
2166 2939 2390 2998 septem.
2429 2927 2531 2983 Sed
2551 2931 2740 2985 beatus
2765 2929 2952 2995 Jacob,
2974 2934 3131 2987 annis
3165 2944 3381 2989 centum
3414 2950 3550 3005 qua‘

1984 3018 2231 3088 draginta
2262 3027 2466 3088 septem
2509 3024 2765 3090 peractis,
2798 3038 2828 3077 e
2858 3024 2965 3076 vita
2987 3025 3549 3094 migravit.Primum-

308 3121 443 3176 Δάδ·
490 3119 583 3173 τοῦ
634 3120 690 3173 δὲ
741 3119 1052 3189 Νεφθαλεὶμ
1096 3118 1311 3189 Ἀσιὴλ,
1361 3117 1455 3171 καὶ
1501 3118 1540 3168 Γ
1541 3119 1737 3187 οὓμὶν,
1791 3118 1883 3170 καὶ

1986 3122 2091 3177 que
2120 3124 2446 3180 unoquoque
2477 3110 2587 3165 ﬁlio
2619 3127 2879 3183 prospera
2910 3116 3223 3181 ominando,
3286 3120 3437 3172 varia
3464 3120 3549 3175 die

321 3215 528 3285 Ἰσαάρ,
549 3215 641 3265 καὶ
662 3212 845 3282 Συλήμ
862 3228 876 3241 '
903 3206 1045 3265 οὗτοι
1072 3211 1175 3263 ιίοὶ
1206 3209 1413 3275 Βάλλας
1443 3208 1727 3279 παιδίσκης
1759 3208 1883 3262 Ῥα-

307 3306 413 3378 χὴλ
443 3306 493 3357 οί
524 3305 719 3368 πάντες
753 3303 909 3357 ma
944 3304 1002 3355 ὐ
1047 3302 1105 3354 δὲ
1148 3299 1414 3372 μακάριος
1452 3298 1642 3352 Ἰακὼϐ
1683 3299 1775 3370 ἐτη
1820 3299 1885 3352 τὰ

308 3400 488 3452 πάντα
528 3395 727 3468 βιώσας
772 3395 915 3467 ρμζ,
944 3394 1001 3447 ἐν
1045 3393 1303 3463 Αἰγύπτῳ
1330 3392 1564 3446 ἀπέθανε
1584 3431 1599 3456 ,
1626 3392 1885 3463 πρότερον

309 3491 540 3545 ἕκαστον
567 3488 674 3541 τῶν
704 3488 835 3541 υἱῶν
867 3487 1030 3540 αὐτοῦ
1068 3486 1337 3557 διαφόροις
1364 3485 1633 3553 εὐλογίαις
1664 3484 1885 3555 εύλογήυ

312 3599 431 3647 σας.
465 3582 574 3634 Kal.
602 3580 697 3651 τὴν
737 3581 831 3651 μὲν
864 3580 1109 3647 εὐλογίαν
1152 3578 1257 3631 τῶν
1300 3578 1654 3651 πρωτοτόκων
1692 3576 1883 3647 Ἰωσὴφ

311 3674 635 3745 παρέσχετο,
658 3674 751 3725 καὶ
780 3673 900 3743 οὐχὶ
934 3671 1169 3725 Ῥουόίψ
1197 3671 1326 3724 διότι
1367 3672 1395 3723 ὁ
1445 3671 1541 3742 μὲν
1579 3669 1772 3740 Ἰωσὴφ
1811 3670 1884 3739 μὴ

307 3765 459 3831 εἴξας
489 3765 645 3835 ἡδονῇ
680 3764 777 3835 τῆς
812 3762 1111 3831 Αἰγυπτίας
1151 3761 1457 3833 ἐδικαιώθη,
1502 3763 1531 3814 ὁ
1577 3762 1631 3814 δὲ
1677 3762 1884 3813 Ῥουόὶν

306 3857 561 3928 ἡττηθεὶς
585 3857 854 3927 ἥμαρτενο
896 3855 1069 3917 ἄλλως
1100 3872 1157 3908 τε
1182 3856 1262 3907 ὅτι
1314 3855 1407 3907 καὶ
1455 3857 1517 3906 ἐκ
1549 3855 1649 3924 τῆς
1686 3854 1883 3925 Ῥαχὴλ

308 3951 652 4022 πρωτότοκος
679 3950 907 4020 ὑπῆρχε,
944 3950 1036 4001 καὶ
1066 3952 1129 4019 τῇ
1163 3948 1330 4001 Ἰούδα
1361 3948 1498 4019 φυλῇ
1528 3948 1882 4019 ἀπεκλήρωσε

307 4042 409 4111 τὴν
450 4038 738 4108 βασιλείαν,
780 4040 873 4091 καὶ
918 4040 977 4091 ού
1029 4041 1093 4109 τῇ
1140 4037 1233 4091 τοῦ
1273 4038 1507 4091 Ῥουὸίν⁸
1540 4038 1671 4091 διότι
1716 4041 1743 4092 ό
1785 4040 1884 4109 μὲν

319 4129 521 4193 ⁹Ιούδοιις
550 4134 607 4181 ἐν
638 4130 854 4197 γυναικὶ
880 4126 1184 4198 ὠνειδίσθη,
1210 4129 1237 4179 ὁ
1264 4128 1320 4180 δὲ
1361 4127 1669 4199 ἐδικαιώθη,
1695 4129 1883 4199 ὁμολοδ

308 4223 486 4290 γήσας
541 4220 893 4289 εὐγνωμόνως
951 4216 1139 4273 ἐαυτὸν
1184 4220 1468 4288 τυγχάνειν
1518 4221 1583 4289 τῇ
1644 4218 1882 4291 ἁμαρτίᾳ

308 4310 627 4375 ὑπύθυνον,
656 4314 749 4363 καὶ
776 4312 835 4364 οὐ
856 4312 952 4381 τὴν
976 4310 1224 4378 γυναῖκα.
1262 4310 1420 4363 Ἀλλά
1452 4312 1544 4364 καὶ
1568 4311 1703 4364 κατά
1729 4312 1884 4364 τοῦτο

310 4402 612 4472 βασιλεύειν
654 4401 873 4471 ἐτάχθη,
927 4400 1112 4471 ἐπειδὴ
1160 4400 1290 4469 μόνη
1335 4400 1442 4453 τῶν
1483 4400 1654 4454 ἄλλων
1704 4400 1882 4468 φυλῶν

1986 3215 2249 3268 versaque
2300 3200 2673 3257 benedictione
2730 3202 3037 3269 benedixit,
3089 3214 3141 3259 et
3204 3208 3548 3277 primogenitt

1949 3336 1961 3350 .
1982 3292 2415 3348 benedictionem
2443 3295 2702 3363 elargitus
2728 3302 2813 3348 est
2843 3293 3078 3366 Joseplio
3104 3306 3157 3352 et
3186 3315 3292 3353 non
3327 3300 3504 3355 Rubin
3528 3315 3547 3369 ς

1982 3386 2126 3456 quod
2155 3384 2354 3456 Josepb
2386 3385 2637 3457 Egyptia
2668 3387 2943 3457 voluptate
3000 3391 3221 3445 minime
3268 3394 3544 3459 delinitus,

1978 3479 2160 3548 justus
2182 3479 2399 3532 habitus
2428 3490 2529 3533 est.
2558 3478 2770 3533 Rubin‘
2798 3482 2866 3534 ab
2893 3496 2955 3534 ea
2978 3491 3264 3551 superatus
3283 3488 3544 3554 peccavit,

1986 3570 2280 3640 praesertim
2306 3585 2512 3624 cumex
2547 3568 2751 3624 Rachel
2800 3571 3191 3640 primogenilus
3221 3583 3384 3627 esset.
3419 3574 3545 3628 Tri-

1984 3662 2074 3715 bui
2103 3660 2254 3716 Judae
2283 3669 2335 3715 et
2369 3677 2473 3716 non
2497 3660 2673 3715 Rubin
2704 3663 3065 3732 principatum
3110 3667 3377 3729 attribuit,
3402 3667 3547 3735 quod

1981 3750 2132 3805 Judaa
2160 3767 2258 3821 pro
2292 3752 2519 3806 muliere
2547 3752 2807 3822 probrum
2861 3754 3130 3822 objectum
3180 3765 3296 3818 est;
3331 3759 3417 3811 hic
3450 3774 3550 3812 au-

1981 3851 2087 3897 tem
2114 3843 2295 3912 justus
2352 3843 2591 3906 habitus,
2624 3859 2746 3897 cum
2776 3844 3006 3900 candide
3057 3847 3236 3901 fassus
3290 3859 3436 3905 esset
3467 3866 3549 3920 se,

1984 3952 2090 3989 non
2119 3936 2421 3999 mulierem,
2448 3946 2669 4004 peccato
2699 3937 3014 3992 obnoxium.
3049 3939 3188 4004 Quin
3221 3950 3273 3995 et
3298 3952 3550 4012 propter.

1980 4042 2045 4080 ea
2078 4027 2152 4080 illi
2198 4027 2457 4097 regnandi
2504 4029 2784 4097 provincia
2855 4030 3030 4084 delata
3070 4042 3172 4094 est,
3230 4036 3356 4102 quia
3418 4035 3547 4090 reiio

1981 4118 2105 4187 quis
2130 4118 2381 4173 tribubus
2432 4120 2547 4174 sola
2579 4119 2691 4173 haec
2741 4129 3058 4176 constanter
3096 4126 3267 4194 magis
3345 4127 3548 4196 magis‘

1981 4226 2086 4279 que
2111 4226 2296 4265 severe
2328 4218 2384 4264 ut
2412 4211 2522 4266 Deo
2552 4212 2777 4281 injurias
2830 4214 3005 4271 illatas
3062 4217 3431 4285 ulcisceretur,
3464 4220 3547 4275 la:

1982 4301 2245 4368 borabat;
2277 4312 2605 4373 quapropter
2663 4313 2716 4360 et
2747 4304 3024 4361 Christum
3075 4312 3375 4365 secundum
3424 4327 3547 4367 cara

1984 4408 2143 4457 nem,
2183 4409 2249 4448 ex
2304 4408 2367 4448 ea
2418 4395 2708 4448 oriundum
2762 4396 3115 4463 vaticinatur,
3168 4406 3221 4452 et
3276 4414 3371 4468 per
3422 4414 3546 4454 eum

312 4493 625 4564 ίταμωτὲρα
646 4493 780 4565 πρὸς
800 4492 955 4561 ζῆλον
984 4494 1073 4544 καὶ
1096 4491 1369 4561 ἐκδίκησιν
1401 4490 1532 4544 Θεοῦ
1564 4492 1873 4562 ἐτύγχανενσ

1984 4485 2321 4539 vocationem
2377 4484 2617 4553 gentium
2679 4484 2937 4538 futuram.
2978 4485 3104 4542 Levi
3150 4502 3421 4543 summum
3457 4505 3549 4545 sa‘

305 4585 389 4641 διὸ
415 4584 509 4638 καὶ
536 4585 592 4650 ἐξ
630 4584 791 4637 αὑτοῦ
820 4583 978 4652 φῦναι
1003 4582 1330 4654 προφητεύει
1359 4584 1447 4635 τὸν
1479 4582 1707 4654 Χριστὸν
1738 4582 1876 4636 κατά

313 4678 513 4746 σάρκα,
540 4676 631 4728 καὶ
658 4676 754 4746 τὴν
790 4675 978 4745 κλῆσιν
1012 4675 1077 4727 δι’
1108 4673 1269 4727 αὐτοῦ
1309 4673 1414 4726 τῶν
1444 4675 1627 4727 ἐθνῶν,
1662 4676 1768 4728 Καὶ
1801 4672 1877 4745 τῷ

312 4769 441 4823 Λευῖ
475 4767 531 4820 δὲ
559 4768 658 4838 τὴν
685 4768 1086 4838 ἀρχιερωσύνην
1133 4767 1275 4838 μόνῳ
1315 4768 1591 4836 ἀπένειμε,
1624 4766 1811 4820 καθότι
1847 4769 1876 4821 ὁ

328 4859 547 4932 ’Δμράμ
587 4859 643 4925 ἐξ
677 4859 837 4912 αὐτοῦ
880 4864 1000 4929 φὺς,
1040 4859 1101 4911 τὸ
1144 4861 1319 4930 δόγμα
1367 4852 1459 4912 τοῦ
1502 4859 1699 4930 Φαραὼ
1740 4877 1878 4930 παρέ

312 4952 627 5023 εκρούσατο,
661 4953 867 5005 καὶτὸν
913 4954 1024 5005 υἱὸν
1067 4952 1258 5005 ἑαυτοῦ
1307 4947 1397 5005 τὸν
1432 4952 1674 5021 Μωῡσῆν
1716 4949 1879 5015 ἐξωθε-

310 5044 526 5114 ποίησε.
582 5044 753 5096 Μόνον
811 5043 868 5095 δέ
920 5040 1010 5095 τὸν
1054 5043 1262 5096 Ῥουϐὶν
1320 5043 1484 5096 πολὺν
1533 5042 1607 5113 τῷ
1664 5040 1881 5114 ἀριθμῷ

309 5136 557 5203 ἐποίησε,
603 5133 689 5186 διὰ
730 5129 788 5186 τὸ
836 5134 908 5205 μὴ
963 5134 1263 5187 συναινέσαι
1310 5138 1400 5187 ἐπὶ
1419 5137 1484 5205 τῇ
1525 5134 1719 5205 Ἰωσὴφ
1765 5135 1883 5185 ἐττει⁴

306 5225 496 5294 ϐουλῇ.
530 5225 955 5296 Τελευτήσαντος
996 5224 1125 5294 γοῦν
1156 5224 1249 5278 τοῦ
1290 5225 1479 5278 ’1ακὼ6
1510 5226 1565 5277 ἐν
1604 5225 1878 5295 Αἰγύπτῳ,

305 5318 391 5379 εἰς
432 5317 528 5388 τὴν
573 5318 881 5370 Χαναναίαν
920 5318 1022 5387 γῆν
1062 5317 1373 5389 κηδεύουσιν
1419 5319 1876 5388 ἀπ’τοκομίσαντες⁸

305 5407 513 5477 ὁμοίως
546 5408 602 5461 δὲ
647 5410 739 5462 καὶ
783 5410 908 5472 τοὺς
941 5410 1088 5471 υἱοὺς
1132 5409 1291 5461 αύτοῦ
1324 5410 1547 5472 πάντας.
1593 5408 1883 5463 Ἐπιτέλει

216 5506 219 5509 ‘
305 5500 365 5551 δὲ
418 5500 511 5550 καὶ
541 5499 632 5551 τὸν
677 5501 892 5570 Ἰωσὴφ,
938 5500 1037 5570 τῆς
1082 5500 1353 5568 Αἰγύπτου
1406 5502 1881 5571 ἀποχωρήσαντες,

312 5590 626 5662 κηδεύουσιν
656 5591 779 5643 ἔνθα
819 5594 847 5643 ὁ
882 5591 1178 5665 προπάτωρ
1209 5591 1385 5643 αὐτῶν
1416 5592 1659 5662 Ἀϐραὰμ
1690 5610 1887 5664 προκε·

1981 4575 2279 4630 cerdotium
2316 4576 2480 4637 dedit,
2503 4578 2645 4647 quod
2679 4578 2896 4630 Amram
2926 4594 2988 4632 ex
3014 4596 3079 4634 eo
3102 4588 3273 4642 ortus,
3310 4580 3550 4636 Pharao-

1983 4668 2070 4721 nis
2125 4668 2318 4739 dogma
2364 4669 2660 4725 refellendo
2716 4672 3006 4740 coarguit,
3059 4672 3334 4742 ﬁliumque
3386 4690 3548 4732 suunt

1984 4758 2222 4831 Moysem
2256 4761 2377 4815 vitLe
2400 4762 2654 4817 servavit.
2687 4760 2922 4816 Tantum
2980 4763 3159 4819 Rubin
3210 4768 3546 4836 lrequentem

1986 4852 2313 4922 uberemque
2357 4870 2582 4909 numero
2614 4854 2929 4920 declaravit,
2965 4860 3108 4928 quod
3160 4859 3226 4912 ad
3253 4860 3548 4929 Josephum

1984 4944 2318 5015 perdendum
2344 4962 2451 5001 non
2483 4949 2781 5003 consensit.
2838 4948 3022 5020 Itaque
3064 4962 3279 5007 mortuo
3305 4952 3473 5007 Iacob
3496 4953 3549 5007 in

1984 5036 2245 5108 Egypto,
2300 5039 2352 5092 in
2393 5039 2825 5095 Chananaaorum
2875 5045 3148 5112 regionem
3181 5046 3430 5099 translati
3465 5044 3553 5099 l‘u-

1988 5132 2137 5185 neris
2151 5133 2438 5202 exsequias
2466 5134 2736 5202 prosecuti
2755 5145 2880 5188 sunt
2908 5136 2948 5201 ⁸,
2967 5136 3217 5190 similiter
3235 5140 3288 5191 et
3319 5138 3550 5191 ﬁliorum

1987 5221 2107 5292 ejus
2139 5227 2400 5280 omnium.
2448 5224 2688 5279 Tandem
2718 5235 2772 5281 et
2798 5224 2997 5296 Ioseph
3026 5243 3086 5283 ex
3124 5227 3363 5299 Λεωτριο
3401 5244 3555 5284 sece-

1988 5314 2207 5381 dentes,
2271 5318 2537 5387 sepeliuut
2593 5320 2648 5382 ',
2710 5320 2799 5373 ubi
2831 5335 3021 5374 eorum
3078 5323 3296 5391 generis
3353 5330 3550 5375 auctor

1988 5410 2261 5464 Abraham
2288 5412 2438 5480 prius
2468 5414 2723 5467 humatus
2752 5413 2925 5467 fuerat
2948 5430 2961 5479 ;
2988 5428 3053 5468 eo
3087 5415 3138 5466 in
3165 5414 3283 5469 loco
3314 5413 3552 5469 terebin‘

1992 5502 2118 5556 thus
2148 5503 2318 5557 inerat
2348 5504 2449 5558 sub
2471 5520 2576 5573 qua
2606 5504 2775 5560 Jacob
2804 5504 2984 5559 Laban
3010 5506 3151 5560 idola
3182 5505 3470 5559 abscondit
3506 5505 3549 5569 ⁷,

1990 5608 2151 5663 quam
2184 5594 2248 5646 ad
2285 5594 2396 5650 haec
2426 5603 2668 5667 tempora
2700 5597 2755 5651 in
2786 5598 3047 5669 majorem
3076 5598 3361 5662 honorem,
3389 5596 3556 5654 vicin'.

416 5747 437 5777 '
459 5746 589 5801 Ceu.
617 5761 763 5801 XLVI.
840 5748 861 5776 ⁸
887 5746 1015 5804 Gen.
1034 5761 1157 5801 χιιι
1180 5748 1396 5810 passim.
1472 5750 1490 5781 ³
1516 5747 1640 5804 Cen.
1665 5765 1715 5804 ι..
1793 5750 1812 5781 ⁶
1836 5744 2010 5807 Exod.
2033 5767 2128 5807 xm
2150 5768 2163 5818 ;
2184 5746 2301 5807 Jos.
2344 5766 2496 5811 xxiv.
2578 5753 2598 5788 '
2626 5752 2753 5808 Gen.
2778 5757 2957 5829 nva

629 5841 901 5903 Parnoa.
933 5841 1051 5902 Gn.
1094 5843 1319 5905 XVIII.

3274 5850 3355 5911 εδ
