4080 6334
548 294 651 354 779

1407 296 1465 354 S.
1508 244 1945 355 ΕάετΑτηιυε
1981 296 2466 356 ANTIOCHENUS
2502 298 2899 357 EPISCOPUS.

3659 299 3764 356 780

539 408 663 485 ejus
688 414 877 470 incola:
907 425 1116 466 summa
1149 411 1409 484 religione
1430 419 1794 479 venerantur;
1815 427 1907 467 ara
1938 413 2098 484 quip-

2198 416 2452 488 κήδευτο·
2505 418 2562 470 ἐν
2603 409 2649 483 ᾧ
2679 415 2828 485 τόπῳ
2863 413 3087 485 ὑπῆρχε
3117 412 3211 468 καὶ
3238 414 3272 484 ἠ
3315 411 3643 485 τερέϐινθος,
3670 415 3741 483 ὑφ
3761 417 3773 435 '

544 507 784 577 peetiam
822 519 967 559 nunc
986 518 1051 558 ex
1077 504 1197 573 ejus
1245 504 1428 575 stipite
1480 511 1796 569 constructa
1829 505 2093 569 cernitur,

539 613 707 669 super
759 611 922 668 quam
966 595 1283 651 holocausta
1326 596 1783 665 becatombasque
1827 595 2094 663 oﬂ'erunt;

540 691 870 758 traduntque
916 703 1035 749 eam
1065 687 1320 742 baculum
1366 686 1536 743 fuisse
1567 688 1731 744 unius
1784 688 2096 759 angeli,qui

539 781 611 837 ab
636 779 908 836 Abraham
967 778 1205 849 hospitio
1251 779 1462 849 excepti
1522 780 1760 843 fuerunt,
1815 795 1975 851 quem
2004 780 2097 835 illo

539 873 660 927 loco
709 872 1022 942 praeteriens
1079 870 1376 940 plantav'n;
1424 884 1488 925 ex
1521 869 1624 925 hac
1651 870 1833 924 multa:
1862 869 2098 925 admira-

538 965 705 1020 tionis
752 963 1090 1020 terebinthus
1120 970 1323 1025 manat,
1364 962 1488 1031 igne
1519 960 1665 1015 enim
1715 961 1954 1024 admoto,
1983 967 2098 1016 tota

540 1056 598 1111 in
644 1057 821 1126 ignem
872 1053 1213 1121 accenditur,
1265 1053 1627 1122 omnibusque
1688 1068 1757 1107 ex
1798 1051 2012 1106 ﬂamma
2041 1052 2096 1107 i-n

540 1148 814 1217 pulverem
843 1145 1066 1202 dissolvi
1091 1143 1324 1210 videtur;
1356 1158 1541 1198 verum
1568 1142 1656 1197 ubi
1682 1143 1951 1198 exstincta
1982 1142 2097 1198 fue-

541 1241 633 1303 rit,
664 1237 951 1293 incolumis
972 1243 1103 1298 tota,
1130 1235 1490 1306 omnibusque
1541 1234 1658 1291 suis
1688 1234 1935 1305 partibus
1966 1250 2099 1290 con-

541 1339 696 1387 stans
717 1329 1156 1400 deprehenditur.

608 1506 738 1564 Post
769 1508 974 1564 obitum
999 1504 1223 1576 Ioseph,
1275 1500 1516 1575 Egyptii
1559 1502 1948 1560 beneﬁciorum
1997 1503 2100 1557 im-

543 1615 828 1662 memores,
856 1606 910 1655 et
938 1598 1138 1653 invidia
1166 1597 1615 1667 aemulationeque
1663 1595 1901 1659 accensi,
1935 1595 2100 1651 variis

543 1692 909 1749 calamitatum
940 1689 1228 1760 generibus
1281 1685 1552 1742 Israelitas
1594 1684 1900 1756 aﬂligebant
1928 1686 1970 1740 ⁸.
2005 1685 2099 1740 Et-

2194 501 2229 581 ᾖ
2275 507 2507 578 ἔκρυψεν
2550 504 2743 560 Ἰακὼϐ
2782 505 2880 577 τῆς
2922 505 3106 560 Δάϐαν
3152 505 3221 559 τὰ
3275 505 3486 569 εῐδωλα,
3529 506 3651 576 ἥτις
3683 506 3762 560 ἔτι

2193 600 2286 653 καὶ
2318 598 2412 653 νῦν
2435 601 2514 662 είς
2549 599 2711 671 τιμὴν
2751 598 2858 651 τῶν
2898 598 3174 670 προγόνων
3204 597 3309 651 ὑπὸ
3339 597 3448 650 τῶν
3478 595 3763 668 πλησιοχό-

2196 709 2303 764 ρων
2330 691 2688 762 θρησκεύεται
2706 707 2722 724 ο
2751 690 2863 744 ἐστι
2900 689 3008 762 γὰρ
3033 689 3159 759 ἄχρι
3188 688 3282 742 τοῦ
3311 687 3469 760 δεῦρο
3498 688 3649 759 παρά
3674 688 3764 743 τὸν

2194 783 2433 855 πρέμνον
2474 783 2643 854 αὐτῆς
2672 781 2870 853 βωμὸς,
2908 782 2992 850 ἐφ’
3020 780 3080 835 ὃν
3119 779 3187 833 τά
3220 796 3280 833 τε
3316 768 3760 850 ὁλοκαυτώματα,

2194 877 2286 929 καὶ
2326 876 2425 940 τὰς
2453 874 2761 946 ἐκατόμϐας
2788 873 3080 944 ἀνέφερονο
3124 865 3259 926 εἶναί
3302 888 3362 924 τε
3406 871 3539 940 φασὶ
3570 871 3764 943 ῥάϐδον

2194 966 2360 1039 αὐτὴν
2386 966 2502 1030 ἐνὸς
2527 965 2634 1019 τῶν
2666 963 3091 1033 ἐπιξενωθέντων
3122 962 3366 1032 ἀγγέλων
3383 962 3461 1034 τῷ
3490 963 3760 1035 Ἀϐραὰμ,

2193 1061 2369 1131 ἥνπερ
2393 1057 2471 1129 τῷ
2498 1059 2647 1128 τόπῳ
2671 1058 2791 1112 τότε
2815 1055 3000 1125 παρὼν
3019 1054 3362 1124 ἐνεφύτευσε,
3389 1055 3481 1109 καὶ
3514 1054 3575 1121 ἐξ
3595 1055 3764 1126 αὐτῆς

2196 1151 2573 1222 ηάξιάγαστος
2608 1148 2804 1220 ἐνεφύη
2845 1147 2911 1220 [ί.
2935 1147 3050 1220 ἀν-]
3071 1146 3400 1217 τερέϐινθος.
3422 1143 3766 1214 ’Υπαφθιῖσα

2194 1242 2301 1313 γὰρ
2346 1240 2441 1312 ὅλη
2466 1239 2575 1313 πῦρ
2613 1240 2839 1309 γίνεται,
2875 1239 2968 1293 καὶ
3014 1236 3293 1309 νομίζεται
3336 1240 3450 1301 τοῖς
3490 1239 3655 1290 πᾶσιν
3687 1239 3765 1301 εἰς

2196 1334 2341 1387 κόνιν
2380 1334 2444 1387 ἐκ
2494 1333 2593 1404 τῆς
2628 1331 2823 1402 φλογὸς
2870 1329 3231 1393 ἀναλύεσθαι,
3273 1329 3448 1383 καίτοι
3483 1329 3771 1384 ὤεσθείσα

2200 1424 2378 1496 μέντοι
2408 1424 2599 1496 ἀσινὴς
2624 1422 2744 1494 ὅλη,
2776 1423 2870 1477 καὶ
2889 1422 3142 1494 ἀκέραιος
3170 1420 3459 1475 δείκνυται.

2267 1514 2421 1570 Μετά
2469 1516 2528 1569 δὲ
2556 1491 2669 1587 ⁷τὴν
2707 1491 2964 1586 τελευτὴν
2994 1491 3100 1568 -τοῦ
3146 1513 3365 1584 Ἰωσὴφ,
3385 1512 3484 1584 τῆς
3524 1491 3767 1572 εύταῗιίᾶς

2198 1606 2705 1680 ἀμνημονεύσαντες
2742 1606 2793 1660 οἰ
2821 1605 3127 1680 Αἰγύπτιοι,
3159 1603 3431 1667 ποικίλαις
3464 1604 3769 1675 συμφοραῖς

2197 1700 2259 1754 τὸ
2289 1700 2441 1769 γένος
2475 1699 2578 1752 τῶν
2617 1697 2959 1771 Ἰσραηλιτῶν
2988 1679 3275 1758 ὑπέϐαλον,
3301 1695 3479 1766 φθόνῳ
3505 1695 3602 1749 καὶ
3624 1694 3772 1765 ζήλῳ

544 1785 686 1840 enim
719 1783 972 1840 Israelita:
1000 1780 1067 1835 ad
1094 1780 1308 1836 labores
1357 1775 1735 1847 suscipiendos
1775 1775 1970 1848 integri
2008 1791 2101 1831 ro-

2200 1790 2333 1863 πρὸς
2382 1790 2576 1854 αὐτοὺς
2620 1788 2966 1860 διακείμενοι.
3017 1789 3081 1842 Οἱ
3125 1788 3235 1859 γὰρ
3268 1785 3591 1857 Ἰσραηλῖται
3636 1784 3771 1856 πρὸς

545 1876 800 1946 hostique
840 1871 1128 1928 virtutibus
1150 1909 1166 1936 ,
1224 1878 1281 1925 et
1304 1868 1507 1924 divitiis
1560 1866 1842 1938 Egyptios
1874 1883 2100 1937 supera-

543 1976 692 2035 runt,
717 1970 841 2022 vino
864 1967 1090 2021 obrutos
1117 1971 1171 2018 et
1191 1964 1322 2026 otio,
1355 1969 1410 2017 et
1436 1961 1649 2032 ignavia
1686 1959 1945 2015 continua
1973 1960 2095 2017 eﬂ'e'

543 2063 796 2128 minatus.
824 2059 1022 2115 Verum
1043 2072 1186 2112 unus
1201 2071 1267 2111 ex
1284 2054 1454 2111 sacris
1478 2052 1854 2125 Egyptiorum
1878 2054 2097 2117 scribis.

542 2152 812 2210 Pharaoni
835 2149 1118 2221 quemdam
1148 2146 1289 2217 apud
1320 2144 1591 2202 lsraelitas
1635 2145 1876 2199 futurum
1908 2144 2102 2215 praedi-

543 2249 639 2312 cit,
671 2247 765 2316 qui
804 2247 1059 2299 universa
1111 2239 1345 2310 Egypto
1394 2238 1591 2292 mirum
1649 2236 1704 2292 in
1750 2237 1967 2292 modum
2005 2237 2100 2293 de-

542 2354 762 2409 pressa,
826 2333 1036 2390 nationi
1096 2332 1326 2403 propriae
1404 2326 1656 2384 maximis
1719 2327 2100 2400 progressibus

543 2427 845 2499 potentiam
903 2422 1086 2486 addet,
1131 2420 1302 2490 gloria
1356 2418 1483 2483 sibi,
1512 2434 1677 2489 quam
1707 2419 1854 2473 nulla
1900 2418 2099 2474 delebit

540 2518 767 2580 oblivio,
821 2522 1155 2584 comparata.
1202 2510 1542 2581 Quapropter
1592 2507 1805 2562 Pharao
1843 2506 2098 2564 Hebraeos

543 2609 720 2664 modis
745 2606 997 2663 omnibus
1057 2602 1282 2674 perdere
1324 2610 1602 2672 appetens,
1651 2601 1941 2671 animoque
1976 2616 2099 2656 ver-

543 2715 673 2754 sans
710 2697 1010 2752 laboriosas
1042 2709 1237 2763 operas
1283 2691 1516 2763 delegat,
1550 2699 1609 2746 ut
1642 2706 1830 2747 omnes
1879 2690 2099 2763 Egypti

540 2793 790 2850 civitates
845 2789 1118 2844 manibus
1173 2785 1362 2854 ejectis
1411 2785 1710 2855 cingerent,
1755 2790 1816 2837 ut
1858 2781 2098 2837 ﬂuminis

544 2886 805 2955 impetum
836 2881 1004 2936 variis
1042 2879 1209 2934 alveis
1271 2875 1484 2932 eﬂossis
1522 2882 1790 2938 arcerent,
1847 2889 2099 2945 aggeres-

538 2991 648 3048 que
668 2980 1029 3036 exstruerem,
1073 2979 1131 3024 ut
1154 2968 1421 3039 ejusdem,
1471 2966 1565 3021 ubi
1606 2964 1821 3036 evagari
1857 2966 2099 3034 incmpe-

541 3068 638 3130 rit.
696 3067 877 3122 aditus
933 3060 1387 3129 incommodaque
1437 3056 1816 3129 prohiberent;
1861 3055 1930 3110 ad
1982 3056 2098 3110 haec

539 3159 609 3219 ad
640 3158 948 3231 pyramidas
979 3153 1286 3226 erigendas,
1333 3165 1659 3223 puerosque,
1690 3150 1783 3220 qui
1833 3149 1975 3219 apud
2003 3164 2098 3206 eos
2123 3133 2167 3188 (ἶ

542 3257 913 3312 nascerentur,
970 3248 1024 3303 in
1051 3246 1250 3301 ﬂumen
1278 3239 1699 3317 praecipitandos
1744 3240 1966 3295 decreto
2012 3239 2097 3293 in-

541 3343 809 3414 terposito
823 3339 1164 3411 compulerit,
1181 3336 1504 3396 existimans
1518 3346 1645 3389 eum
1656 3347 1819 3405 quem
1843 3340 1993 3388 vates
2031 3329 2099 3384 ad

545 3432 834 3504 Egyptum
864 3429 1184 3486 abolendam
1224 3427 1465 3483 futurum
1512 3424 1743 3488 dixerat,
1772 3421 1936 3479 simul
1974 3437 2098 3477 cum

542 3521 664 3576 aliis
696 3522 750 3575 in
780 3519 999 3575 ﬂumine
1018 3516 1390 3588 mergendum.

612 3613 743 3667 Erat
763 3613 944 3681 itaque
985 3610 1202 3681 quidam
1235 3625 1301 3665 ex
1346 3609 1492 3663 tribu
1548 3605 1698 3672 Levi,
1727 3604 1944 3661 nomine
1970 3604 2101 3659 Am-

540 3722 657 3762 ram
685 3708 728 3768 ’,
758 3705 851 3775 qui
879 3701 1177 3759 Jochabeth
1207 3703 1391 3764 ducta,
1416 3717 1483 3757 ex
1505 3716 1568 3757 ea
1587 3701 1828 3756 divinum
1860 3697 2099 3768 Moysem

542 3804 873 3867 susceperat,
904 3805 956 3851 et
977 3794 1043 3850 ad
1069 3804 1285 3865 tempus
1313 3809 1437 3850 eum
1465 3792 1767 3850 studiosius
1796 3791 2100 3847 absconde-

539 3892 652 3947 bat.
681 3887 784 3945 Sed
848 3888 940 3943 ubi
991 3887 1192 3958 regiam
1245 3887 1414 3957 legem
1441 3885 1604 3940 nimis
1634 3884 1824 3939 acerbe
1857 3882 2101 3952 dureque

540 3981 753 4052 impleri
780 3980 931 4045 vidit,
963 3987 1107 4033 metu
1137 3994 1205 4033 ne
1234 3976 1746 4048 deprehenderetur,
1779 3975 1917 4028 cista
1969 3987 2102 4042 pueo

541 4072 720 4127 rulum
752 4068 1222 4125 accommodatum
1255 4066 1322 4121 ad
1355 4065 1503 4135 ripas
1541 4063 1782 4119 ﬂuminis
1819 4063 2096 4133 exposuit,

540 4172 597 4220 et
622 4164 729 4218 ﬁlia
750 4161 1049 4217 Pharaonis
1071 4160 1282 4215 lavandi
1308 4176 1368 4216 se
1391 4173 1555 4214 causa
1589 4158 1834 4222 veniens,
1869 4171 2103 4225 conspe-

541 4265 684 4313 ctam
713 4258 904 4313 cistam
928 4254 1122 4324 aperit,
1170 4254 1430 4324 puerique
1449 4249 1852 4322 pulchritudine
1867 4249 2102 4304 delecta-

540 4359 618 4415 ta,
646 4364 770 4404 cum
793 4356 1005 4403 careret
1034 4346 1180 4411 ﬁliis,
1229 4360 1355 4401 eum
1394 4344 1498 4400 sibi
1552 4342 1851 4412 adoptavit,
1884 4349 1939 4395 et
1980 4340 2101 4410 plu-

537 4442 692 4496 rimis
720 4439 1094 4511 Egyptiorum
1128 4437 1434 4492 nutricibus
1459 4434 1775 4491 convocatis
1821 4434 1889 4489 ad
1949 4434 2097 4488 alen~
2131 4478 2176 4532 Β

539 4534 667 4588 dum
699 4529 1221 4603 puerum,pcrdebat
1250 4542 1695 4598 operam,earum
1709 4528 1909 4597 quippe
1935 4525 2100 4580 ubera

537 4621 905 4686 abhorrebat;
945 4619 1159 4674 tandem
1191 4625 1365 4673 mater
1395 4618 1535 4671 clam
1584 4616 1846 4680 admissa,
1903 4615 2102 4686 reginae

534 4714 692 4783 jussu
727 4712 980 4776 Iactabat,
1014 4717 1222 4765 tantum
1252 4711 1397 4766 enim
1430 4709 1579 4764 illius
1613 4709 1779 4764 ubera
1824 4709 2051 4780 sugebat
2081 4724 2095 4761 :

538 4806 608 4859 ab
636 4804 792 4874 ipsis,
846 4814 905 4858 ut
955 4803 1172 4873 opinor,
1222 4801 1569 4856 incunabulis
1607 4800 1887 4870 preprium
1924 4815 2100 4872 genus

539 4896 877 4961 admittebat,
908 4902 1301 4965 externumque
1333 4893 1709 4949 aversabatur.
1740 4891 1928 4962 Itaque
1955 4893 2100 4946 hunc

538 4988 782 5042 adultum
841 4986 1190 5042 Thermuthis
1228 4984 1332 5056 (sic
1353 4985 1498 5040 enim
1548 4985 1736 5055 regina
1789 4983 2100 5055 appellaba-

539 5082 659 5150 tur)
709 5080 969 5152 Moysem,
997 5079 1143 5151 quod
1179 5094 1245 5135 ex
1284 5079 1441 5149 aquis
1469 5086 1717 5134 servatus
1749 5084 1886 5141 erat,
1926 5077 2101 5133 nomi-

540 5175 709 5229 navit.
730 5172 975 5245 JEg-yptii
1002 5187 1237 5242 namque
1259 5185 1455 5242 aquam
1515 5186 1656 5240 may.
1690 5176 1745 5225 et
1775 5168 1985 5224 servari
2017 5184 2099 5223 ses

538 5263 830 5335 appellant,
859 5263 954 5319 sed
984 5262 1137 5317 illum
1165 5261 1399 5332 primum
1421 5271 1674 5331 parentes
1705 5258 1931 5313 Melchis
1959 5274 2102 5312 nun-

538 5353 831 5426 cupabant.
880 5352 1011 5407 Erat
1036 5362 1220 5409 autem
1270 5360 1493 5423 aspectu
1547 5351 1778 5406 festivus
1807 5350 1996 5415 nimis,
2026 5350 2100 5404 ita

541 5460 595 5503 ut
619 5447 934 5519 quicunque
962 5446 1038 5500 illi
1069 5446 1125 5501 in
1154 5446 1242 5499 via
1290 5451 1629 5508 occurreret,
1686 5440 2100 5513 obstupefactus

539 5534 863 5600 discederet,
893 5536 1235 5606 maximeque
1259 5549 1379 5590 eam
1434 5532 1892 5605 pulchritudinem
1928 5530 2105 5586 admi-

539 5636 771 5682 raretur.
796 5627 961 5697 igitur
992 5627 1136 5681 hunc
1161 5633 1322 5681 aetate
1361 5631 1582 5681 auctum
1638 5623 1989 5682 Thermuthis
2009 5623 2104 5679 de-

612 5760 827 5818 ‘Exod.
854 5776 890 5816 ι.
963 5760 1172 5815 'Exod.
1207 5776 1267 5817 ιι.

2200 1882 2391 1946 πόνους
2422 1881 2571 1945 ὄντες
2602 1881 2876 1953 καρτεροὶ,
2900 1881 3065 1952 ἀρετῇ
3097 1880 3191 1933 καὶ
3217 1879 3427 1949 πλούτῳ
3455 1879 3582 1940 τοὺς
3606 1878 3769 1945 Αἰγυ-

2199 1973 2389 2037 πτίους
2434 1972 2720 2045 διήνεγκαν
2738 2011 2755 2037 ,
2781 1971 3002 2025 ἐκείνων
3033 1973 3112 2034 είς
3139 1969 3307 2042 μέθην
3347 1967 3774 2039 κεχαυνωμένων

2198 2063 2293 2116 καὶ
2328 2063 2542 2135 ἀργίαν,
2577 2063 2673 2117 καὶ
2704 2062 2945 2133 ῥᾳθυμίᾳ
2985 2060 3372 2131 πεπεδημένων
3417 2057 3524 2112 ἀεί.
3573 2055 3671 2122 Εἷς
3714 2056 3771 2111 δέ

2197 2171 2281 2219 τις
2313 2153 2418 2207 τῶν
2448 2154 2576 2226 παρ’
2603 2153 2916 2221 Αἰγυπτίοις
2948 2151 3432 2224 ἱερογραμματέων
3459 2146 3769 2222 προσημαί-

2198 2263 2278 2301 νει
2316 2245 2392 2317 τῷ
2432 2243 2630 2317 Φαραὼ
2667 2244 3025 2317 τεχθήσεσθαι
3072 2244 3224 2316 παρὰ
3262 2247 3372 2307 τοίς
3416 2240 3775 2314 Ἰσραηλίταις

2196 2336 2337 2401 τινὰ,
2366 2336 2424 2400 ὃς
2455 2338 2633 2390 πᾶσαν
2657 2336 2754 2408 μὲν
2778 2335 3099 2390 ταπεινώσει
3134 2335 3230 2408 τὴν
3269 2336 3564 2405 Αἴγυπτον,
3603 2332 3770 2404 αὐξή-

2200 2446 2281 2483 σει
2305 2429 2359 2482 δέ
2385 2429 2476 2482 ἐπὶ
2507 2428 2649 2500 μέγα
2680 2428 2963 2499 προκοπῆς
3003 2428 3065 2482 τὸ
3102 2430 3296 2482 οἰκεῖον
3335 2425 3506 2489 ἔθνος,
3544 2427 3768 2495 ἀειμνη-

2201 2520 2457 2592 μόνευτον
2482 2520 2637 2586 δόξαν
2667 2519 3026 2591 κτησάμενος.
3063 2519 3174 2572 Καὶ
3201 2517 3290 2573 διὰ
3315 2517 3476 2571 τοῦτο
3504 2515 3768 2581 παντοίοις

2197 2614 2321 2676 τοὺς
2362 2611 2643 2684 Ἑϐραίους
2687 2614 2716 2666 ὁ
2759 2610 2955 2686 Φαραὼ
2991 2610 3251 2665 ἀπολέσαι
3305 2610 3584 2665 διενοεῖτοο
3636 2609 3772 2682 ἔργα

2201 2704 2298 2775 μὲν
2343 2704 2523 2767 αὐτοῖς
2558 2704 2907 2775 προστάττων
2952 2701 3327 2775 ἐπιμοχθεύειν
3348 2743 3364 2767 ,
3409 2701 3662 2772 τειχίζειν
3715 2700 3774 2753 δὲ

2198 2793 2376 2857 πάσας
2401 2793 2502 2864 τῆς
2535 2792 2807 2862 Αἰγύπτου
2832 2792 2929 2857 τάς
2950 2793 3149 2858 πόλεις,
3182 2794 3276 2847 καὶ¹
3300 2793 3389 2847 τὸν
3422 2792 3662 2863 ποταμὸν
3695 2791 3774 2855 είς

2199 2885 2399 2950 πολλὰς
2437 2886 2741 2958 διατέμνειν
2766 2887 3069 2960 διωρυγάς’
3116 2888 3211 2941 καὶ⁵
3256 2887 3486 2959 χώματα
3515 2886 3770 2959 ἐγείρειν,

2198 2977 2453 3045 κελεύων,
2492 2979 2639 3042 ὅπως
2695 2979 2834 3033 κατὰ
2875 2978 3037 3051 μηδὲν
3084 2978 3182 3052 τὴν
3225 2978 3378 3034 πόλιν
3423 2977 3774 3050 ἐπιλιμνίζων

2196 3068 2553 3140 λυμαίνηται·
2582 3069 2718 3142 πρὸς
2750 3069 2806 3123 δὲ
2839 3069 3048 3134 τούτοις
3078 3070 3171 3124 καὶ
3195 3070 3503 3143 πυραμίδας
3520 3070 3779 3141 ἐγείρειν,

2200 3161 2294 3215 καὶ
2320 3160 2389 3215 τὰ
2424 3162 2553 3233 παρ’
2584 3161 2766 3224 αὐτοῖς
2791 3161 3084 3232 τικτόμενα
3112 3161 3282 3235 βρέφη
3314 3161 3778 3234 κατακρημνίζειν

2199 3253 2292 3306 ἐπὶ
2314 3253 2406 3307 τοῦ
2440 3253 2680 3325 ποταμοῦ
2709 3254 3044 3325 ἀπεφήνατο,
3069 3254 3313 3326 οἰόμενος
3340 3256 3434 3309 κα)⁸
3468 3254 3559 3308 τὸν
3591 3252 3778 3308 θεσπι-

2200 3343 2395 3398 σθέντα
2427 3343 2725 3398 καταλῦσαι
2757 3343 2855 3415 τὴν
2894 3343 3164 3412 Αἴγυπτον
3188 3345 3509 3419 ἀραιρήσειν
3536 3342 3605 3417 [Ῑ.
3640 3344 3777 3398 καθ-

2199 3435 2471 3508 αιρήσειν]
2505 3436 2597 3490 ἐπὶ
2634 3436 2726 3492 τοῦ
2764 3435 3034 3508 ποταμοῦ.

2281 3613 2549 3686 ’Υπῆρχεν
2591 3607 2684 3667 οὖν
2721 3631 2805 3677 τις
2833 3613 2898 3667 ἐκ
2928 3613 3026 3685 τῆς
3053 3611 3223 3681 φυλῆς
3252 3610 3346 3664 τοῦ
3385 3609 3516 3665 Λευτ
3554 3610 3777 3681 Ἀμρὰμ

2198 3704 2442 3774 ὀνόματι,
2488 3704 2548 3768 ὃς
2588 3706 2815 3774 γυναῖκα
2862 3702 2961 3775 τὴν
2995 3700 3246 3773 Ἰωχαϐἐθ
3293 3701 3669 3773 κτησάμενος,
3714 3697 3778 3767 ιε

2199 3795 2370 3866 αὐτῆς
2387 3795 2478 3849 τὸν
2500 3794 2782 3848 θεσπέσιον
2810 3793 3048 3865 Μωῦσῆν
3079 3792 3360 3863 ἐγέννησε,
3380 3793 3474 3845 καὶ
3505 3792 3778 3862 ἔκρυπτεν

2199 3887 2359 3940 αὐτὸν
2412 3887 2507 3941 ἐπὶ
2558 3886 2747 3959 χρόνον
2794 3885 2935 3941 τινά.
2983 3885 3069 3948 Ὣς
3112 3883 3168 3937 δὲ
3201 3882 3309 3938 εἶδε
3344 3883 3436 3937 τὸν
3476 3883 3638 3955 νόμον
3677 3878 3776 3938 τοῦ

2202 3976 2461 4047 βασιλέως
2506 3978 2904 4050 ἐπικρατοῦντα
2947 3975 3333 4049 σφοδρότερον,
3385 3974 3637 4040 δεδοικὼς
3698 3973 3775 4047 μὴ

2200 4069 2521 4142 κατάφωρος
2549 4070 2793 4142 γένηται,
2830 4073 2909 4134 εἰς
2941 4070 3113 4142 θήκην
3153 4067 3403 4139 ἐμϐαλὼν
3440 4067 3501 4121 τὸ
3542 4066 3778 4134 παιδίον,

2201 4161 2351 4233 παρά
2382 4162 2478 4227 τὰς
2500 4162 2663 4233 ὄχθας
2685 4160 2782 4215 τοῦ
2815 4161 3060 4233 ποταμοῦ
3091 4160 3376 4214 ἐκτίθεται.
3410 4159 3517 4214 Kal.
3546 4159 3580 4228 ἡ
3610 4157 3784 4227 θυγά-

2198 4270 2303 4324 τηρ
2335 4253 2429 4307 τοῦ
2455 4252 2673 4327 Φαραὼ,
2726 4252 2949 4325 λουτροῦ
3002 4252 3160 4324 χάριν
3213 4250 3539 4321 ἀφικομένη,
3566 4248 3777 4320 θεωρή-

2202 4362 2341 4399 σασα
2370 4344 2466 4417 τὴν
2494 4346 2668 4417 θήκην
2699 4344 2925 4413 ἀνοίγει,
2960 4345 3052 4397 καὶ
3083 4342 3218 4414 πρὸς
3240 4342 3300 4395 τὸ
3312 4341 3513 4404 οκάλλος
3537 4338 3630 4394 τοῦ
3660 4357 3784 4392 παι-

2202 4437 2313 4491 δίου
2364 4437 2588 4509 ἡσθεῖσα
2645 4437 3024 4508 εἰσεποιήσατο
3073 4433 3353 4506 ἀποροῦσα
3407 4432 3624 4496 παιδός’
3681 4432 3783 4485 καὶ

2201 4530 2401 4593 πολλὰς
2444 4529 2676 4602 τροφοὺς
2719 4528 3095 4598 συγκαλέσασα
3139 4526 3249 4580 τῶν
3284 4524 3628 4593 Αἰγυπτίων,
3676 4523 3782 4578 οὐκ

2201 4616 2344 4691 εἶχεν
2375 4620 2521 4685 ὅπως
2557 4620 2617 4672 τὸ
2646 4619 2852 4673 παιδίον
2885 4617 3197 4690 ἐκθρέψειεν
3219 4634 3233 4647 υ
3264 4615 3518 4687 οὐδεμιᾶς
3548 4615 3657 4686 γὰρ
3682 4614 3783 4667 αύ-

2199 4710 2309 4765 τῶν
2334 4708 2501 4783 μαζὸν
2532 4710 2802 4782 προσίετο.
2840 4710 2960 4763 Ἐπὶ
2981 4710 3123 4763 τέλει
3147 4707 3276 4778 γοῦν
3300 4709 3331 4779 ἡ
3362 4709 3563 4779 μήτηρ,
3589 4707 3782 4760 ἀνεῖσα

2200 4803 2437 4875 κρύϐδην
2469 4804 2535 4874 τῇ
2571 4801 2877 4872 βασιλίσσῃ,
2925 4800 3209 4870 γαλουχεῖν
3260 4797 3635 4871 προσετάχθη·
3677 4795 3777 4866 μό-

2199 4913 2298 4966 νης
2340 4895 2447 4966 γὰρ
2492 4894 2662 4965 αὐτῆς
2711 4893 2801 4947 τὸν
2848 4890 3015 4963 μαζὸν
3068 4888 3443 4962 προσεδέξατο,
3482 4887 3542 4953 ἐξ
3574 4886 3778 4951 αὐτῶν,

2200 4984 2371 5058 οῒμαι,
2406 4985 2730 5057 σπαργάνων
2758 4983 2818 5038 τὸ
2854 4983 2951 5055 μὲν
2986 4984 3182 5036 οἰκεῖον
3211 4980 3363 5051 γένος
3401 4980 3777 5052 προσιέμενον,

2201 5080 2262 5133 τὸ
2288 5080 2344 5132 δὲ
2369 5078 2644 5150 ἀλλότριον
2674 5075 3093 5149 μυσαττόμενον.
3124 5072 3482 5145 Ἀνδρωθέντα
3513 5071 3643 5141 γοῦν
3673 5070 3777 5124 αύ-

2201 5172 2315 5238 τδν,
2346 5171 2582 5242 Μωῦσῆν
2624 5172 2917 5242 προσεῖπεν
2948 5167 3292 5239 ἡΘέρμουθις
3345 5165 3534 5238 (τοῦτο
3570 5164 3676 5237 γὰρ
3704 5165 3776 5236 τῇ

2205 5263 2488 5336 βασιλίσσῃ
2536 5262 2749 5334 ὄνομα),
2798 5260 2982 5332 ὲττειδὴ
3031 5259 3260 5333 διεσώθη
3299 5261 3363 5314 ἐκ
3416 5259 3510 5313 τοῦ
3543 5257 3731 5321 ὓδατος
3757 5271 3777 5289 ο

2202 5354 2489 5427 Αἰγύπτιοι
2522 5353 2632 5427 γὰρ
2667 5355 2728 5408 τὸ
2772 5354 2916 5426 ὕδωρ
2939 5353 3090 5424 μῶῢ,
3131 5354 3227 5407 καὶ
3272 5352 3334 5407 τὸ
3370 5351 3494 5421 σὴς
3537 5350 3781 5422 σωθῆναι

2204 5446 2715 5521 προσαγορεύουσιν.
2754 5446 3011 5501 Ἐκάλουν
3046 5445 3102 5499 δέ
3138 5445 3200 5499 τὺ
3234 5446 3362 5517 πρὶν
3393 5441 3555 5497 αὑτὸν
3591 5442 3640 5496 οἱ
3681 5456 3780 5511 γο-

2204 5543 2313 5604 νεῖς
2333 5532 2610 5603 Μελχείς.
2633 5535 2740 5593 Ἦν
2781 5538 2839 5593 δὲ
2885 5538 3095 5603 ἀστεῖος
3136 5538 3273 5607 ἄγαν
3308 5539 3374 5609 τῇ
3412 5535 3552 5606 ὄψει,
3576 5533 3650 5598 ὡς
3686 5530 3783 5585 τὸν

2206 5626 2466 5687 καθ’όδὸν
2502 5630 2822 5687 ἀπαντῶντα
2866 5630 3013 5703 αὐτῷ
3055 5614 3378 5701 ἀφίστασθαι
3412 5624 3771 5699 ἐκπληττόμε-
