4080 6334
320 314 437 391 781⁴

1240 328 1514 392 SPURIA.
1539 367 1609 377 —
1648 328 2007 395 COMMENT.
2052 335 2119 393 ΙΝ
2158 330 2653 400 HEXAEMERON.

3457 339 3561 401 782

312 464 422 513 νον,
452 444 545 501 καὶ
573 447 1060 521 ὐπερθαυμάζοντα
1098 452 1160 504 τὸ
1202 453 1413 517 κάλλος.
1443 454 1715 524 Προσάγει
1741 457 1899 509 αὐτὸν

2006 456 2107 512 fert
2136 459 2203 512 ad
2228 469 2455 528 patrem,
2487 469 2546 515 ut
2570 461 2721 517 illum
2752 459 2903 532 regni
2938 462 3024 516 sui
3048 450 3314 518 scriberet
3338 479 3563 519 succes-

310 537 403 594 οὖν
434 540 733 611 αὐξηθέντα
775 543 1129 614 ἡθέρμουθις
1165 544 1243 614 τῷ
1279 546 1444 617 πατρί
1461 546 1650 616 αὐτῆς,
1675 546 1896 611 ἀξιοῦσα

312 632 538 701 ποιῆσαι
574 634 734 685 αὐτὸν
774 634 872 705 τῆς
919 628 1192 703 βασιλείας
1218 636 1379 689 αὐτοῦ
1409 636 1667 709 διάδοχον,
1697 639 1790 693 καὶ
1814 640 1895 693 τί-

314 725 472 797 θησιν
508 726 670 778 αὑτὸν
710 727 767 778 ἐν
803 730 922 789 ταῖς
950 728 1137 797 χερσὶν
1179 728 1363 781 αὐτοῦ.
1404 731 1462 783 Ὁ
1486 732 1541 783 δὲ
1568 730 1768 795 λαϐὼν,
1804 732 1898 785 καὶ

313 819 858 889 προστερνισάμενος,
920 819 1232 887 κατεφίλει·
1284 822 1750 894 χαριεντιζόμενος
1797 841 1894 887 τε,

314 909 582 981 περιελὼν
612 911 708 980 τῆς
733 911 921 964 ἐαυτοῦ
967 911 1203 983 κεφαλῆς
1239 913 1300 965 τὸ
1343 913 1597 984 διάδημα,
1627 916 1897 986 ἐπιτίθησι

312 1005 380 1075 τῇ
406 1005 614 1055 ἐκείνου
640 1003 866 1075 κεφαλῇ.
898 1004 954 1056 Ὀ
980 1004 1035 1057 δὲ
1064 1006 1322 1074 Μωῡσῆς,
1350 1007 1657 1077 ἀπορρίψας
1685 1009 1777 1061 ἐπὶ
1799 1009 1899 1079 τῆς

314 1093 419 1160 γῆς
446 1092 504 1143 τὸ
529 1091 781 1162 διάδημα,
815 1093 1128 1146 κατεπάτει.
1161 1096 1268 1147 Καὶ
1295 1095 1322 1146 6
1349 1099 1725 1166 γραμματεὺς,
1750 1098 1779 1149 6
1802 1098 1898 1169 τὴν

315 1184 530 1252 γένεσιν
601 1184 765 1236 αὑτοῦ
834 1184 1141 1255 προειπὼν,
1185 1186 1515 1256 θεασάμενος
1575 1189 1669 1241 καὶ
1724 1190 1899 1254 συνεὶς

315 1278 524 1329 ἐκεῖνον
551 1273 689 1329 εἶναι
716 1277 805 1329 τὸν
837 1278 1222 1350 θεσπιζόμενον
1256 1282 1355 1351 τῆς
1386 1282 1692 1350 Αἰγυπτίων
1728 1283 1901 1353 ἀρχῆς

318 1368 597 1439 πολέμιον,
624 1365 848 1438 ὥρμησε
896 1369 993 1438 μὲν
1042 1372 1378 1436 ἀποκτεῖναι,
1406 1373 1499 1425 καὶ
1540 1374 1638 1425 οὐκ
1676 1372 1859 1443 ἴσχυσε
1883 1386 1897 1402 ⁸

317 1458 525 1530 βοήσας
552 1458 609 1510 δὲ
643 1458 744 1529 ἔφη
780 1458 856 1529 τῷ
889 1459 1129 1529 βασιλεῖ·

396 1570 415 1603 ι
460 1546 627 1615 Οὗτος
651 1552 856 1615 ἐκεῖνός
885 1556 1021 1618 ἐστι,
1052 1554 1289 1624 βασιλεῦ,
1318 1558 1484 1629 ὅνπερ
1506 1559 1637 1629 ἡμῖν
1664 1560 1903 1630 ἀναφυῆι-

315 1662 405 1697 ναι
446 1647 511 1697 ἐκ
542 1644 652 1698 τῶν
690 1644 957 1716 Ἐϐραίων
983 1647 1045 1699 τὸ
1071 1648 1342 1719 δαιμόνιον
1374 1649 1569 1721 ἔχρησε
1611 1652 1711 1721 τῆς
1755 1652 1905 1721 βασι-

316 1737 470 1801 λείας
508 1738 816 1805 Αἰγυπτίων
864 1739 1177 1792 ἐπίϐουλον·
1207 1742 1335 1809 ὅσγε
1375 1745 1468 1796 καὶ
1509 1742 1603 1797 νῦν
1641 1744 1903 1815 σύμϐολον

317 1829 410 1882 τοῦ
443 1830 725 1901 μέλλοντος
757 1832 817 1883 οὐ
851 1831 1045 1903 μικρὸν
1080 1831 1409 1899 ἐπεδείξατο,
1435 1836 1565 1888 αὐτὸ
1587 1836 1648 1907 δὴ
1672 1838 1770 1907 τῆς
1806 1837 1904 1907 βα-

320 1918 525 1985 σιλείας
548 1922 607 1975 τὸ
626 1922 869 1994 σύνθημα
896 1924 1076 1996 ῥίψας,
1102 1925 1195 1978 καί
1218 1930 1609 1999 καταπατήσας
1630 1931 1707 1993 εἰς
1726 1930 1907 1984 τοῦδα-

319 2032 420 2083 φος
462 2014 660 2067 Τοῦτον
684 2016 811 2084 γοῦν
836 2016 1056 2082 ἀνελὼν,
1082 2019 1408 2086 Αἰγυπτίους
1438 2021 1534 2090 μὲν
1564 2021 1670 2073 τῶν
1690 2024 1907 2094 προσδο-

318 2106 586 2177 κωμένων
603 2110 881 2179 στερήσεις
907 2109 1109 2173 κακῶν,
1128 2110 1409 2182 Ἐϐραίους
1431 2112 1487 2165 δὲ
1518 2113 1782 2184 σφαλῆναι
1806 2110 1906 2186 τῆς

318 2198 535 2261 ἐλπίδος
564 2200 659 2270 τῆς
696 2201 780 2251 ἐπ’
805 2200 952 2270 αὐτῷ
978 2203 1359 2273 καταστήσεις.
1412 2222 1431 2255 ι

392 2285 579 2338 Ταῦτα
608 2287 848 2351 εἰπόντος
890 2289 1073 2353 αὑτοῦ,
1111 2292 1139 2342 6
1194 2292 1289 2361 μὲν
1316 2291 1570 2362 βασιλεὺς
1600 2295 1743 2349 κατά
1771 2296 1904 2368 πρό-

319 2395 472 2431 νοιαν
519 2378 654 2431 Θεοῦ
703 2380 931 2452 ὀκνηρὸς
978 2381 1112 2453 πρὸς
1155 2378 1249 2436 τὸν
1298 2386 1457 2455 φόνον
1487 2388 1736 2457 ἐγένετο·
1774 2392 1805 2461 ἡ
1847 2392 1904 2444 δὲ

318 2472 645 2543 Θέρμουθις,
672 2472 779 2526 τῶν
830 2473 1025 2545 χειρῶν
1074 2476 1167 2529 τοῦ
1222 2477 1484 2547 βασιλέως
1532 2481 1619 2535 τὸν
1667 2484 1906 2556 Μωῡσῆν

321 2564 701 2634 ἐξαρπάσασα,
731 2565 1027 2637 ἐφύλαττεν
1055 2570 1328 2639 ἀσφαλῶς.

393 2659 651 2723 Αἰθίοπες
682 2658 759 2724 δὲ,
806 2660 1085 2731 πρόσοικοι
1113 2666 1226 2727 τοῖς
1264 2665 1580 2733 Αἰγυπτίοις
1616 2670 1909 2739 τυγχάνον-

319 2768 435 2815 τες,
481 2752 632 2821 ἄφνω
682 2751 1013 2817 ἐπελθόντες,
1060 2755 1409 2827 ἐπολιόρκουν
1461 2758 1558 2829 τὴν
1610 2759 1903 2827 Αἴγυπτον,

322 2844 419 2895 καὶ
464 2843 1069 2914 ἁντιπαραταξαμένους
1108 2847 1231 2909 τοὺς
1264 2849 1590 2915 Αἰγυπτίους
1620 2854 1906 2922 τροπωσά-

327 2947 499 3003 μενοι,
531 2934 837 3004 προέϐησαν
869 2934 995 3007 ἄχρι
1028 2936 1305 3007 Μέμφεως
1339 2939 1431 2992 καὶ
1472 2942 1570 3011 τῆς
1613 2942 1903 3016 θαλάσσης,

323 3025 435 3094 ὅσῳ
479 3024 766 3092 Αἰγύπτιοι
831 3026 971 3079 κατά
1037 3027 1280 3098 χρησμὸν
1342 3031 1627 3103 σύμμαχον
1674 3035 1735 3087 τὸ
1798 3036 1906 3091 τῶν

1999 562 2175 603 sorem
2241 564 2498 616 exorans,
2529 551 2898 621 infantemque
2929 552 2984 606 in
3031 556 3197 623 patris
3236 571 3428 611 manus
3466 559 3563 611 im‘

1998 642 2197 711 posuit,
2229 642 2317 710 qui
2344 643 2431 697 ubi
2458 659 2579 698 eum
2609 647 2815 716 accepit
2851 647 3016 709 ulnis,
3053 650 3255 717 pectori
3278 651 3562 703 astrictum

1998 735 2374 800 osculabatur,
2405 744 2459 790 et
2486 738 2638 806 pueri
2685 740 2952 793 suavitate
3005 739 3270 795 hiloratus
3312 739 3563 795 diadema

1999 828 2162 895 capiti
2190 843 2289 879 suo
2312 827 2612 897 demptum,
2638 830 2784 884 illius
2811 832 2973 900 capiti
3005 832 3268 902 imponit;
3296 832 3390 887 sed
3416 831 3564 903 Moy—

2001 932 2089 971 ses
2114 918 2273 985 illud,
2312 920 2366 973 in
2416 929 2614 974 terram
2656 923 2982 991 projectum,
3036 925 3264 995 pedibus
3296 926 3561 988 calcabat,

2000 1022 2108 1076 quo
2136 1009 2254 1065 viso
2315 1010 2516 1075 scriba,
2548 1012 2641 1080 qui
2671 1012 2790 1079 ejus
2835 1021 3012 1066 ortum
3046 1014 3387 1082 przedixerat,
3438 1030 3561 1067 eum

2000 1115 2140 1163 esse,
2172 1103 2287 1171 qui,
2316 1110 2377 1155 ut
2411 1104 2646 1157 oraculis
2665 1114 2969 1173 acceperat,
2994 1105 3369 1176 Egyptiorum
3397 1119 3563 1175 regna

2002 1196 2259 1262 tanquam
2316 1194 2489 1249 hostis
2531 1203 2676 1250 esset
2730 1197 3021 1253 invasurus
3083 1213 3437 1268 cngnoscens,
3494 1197 3562 1250 ad

2001 1298 2124 1337 eum
2155 1285 2514 1339 occidendum
2573 1303 2865 1357 aggressus
2900 1297 3003 1352 est,
3041 1290 3135 1344 sed
3162 1290 3373 1346 viribus
3405 1289 3564 1344 fessis

2003 1375 2287 1443 abstinuit,
2318 1384 2373 1431 et
2408 1378 2649 1434 clamore
2677 1379 2823 1433 edito
2857 1374 2999 1435 dixit
3022 1382 3134 1451 regi
3164 1400 3176 1435 :

2079 1552 2219 1607 «Hic
2254 1553 2367 1624 ipse
2398 1558 2501 1617 est,
2549 1569 2581 1608 ο
2622 1569 2740 1621 rex,
2798 1570 2955 1625 quem
3007 1556 3165 1611 nobis
3200 1570 3265 1611 ex
3324 1548 3568 1613 Hebrmis

2004 1646 2293 1699 oriundum
2321 1646 2561 1700 divinum
2614 1664 2812 1701 numen
2845 1648 3183 1717 prmdixerat,
3210 1649 3358 1720 regni
3402 1649 3572 1719 Egy-

2006 1737 2243 1807 ptiorum
2298 1738 2697 1803 insidiatorem,
2729 1741 2820 1809 qui
2864 1750 2916 1794 et
2970 1756 3114 1794 nunc
3148 1757 3330 1796 rerum
3363 1742 3573 1795 futura-

2006 1842 2127 1880 rum
2160 1844 2269 1882 non
2297 1829 2412 1884 leve
2437 1831 2666 1899 praebuit
2696 1838 3094 1900 argumentum,
3129 1834 3347 1903 quando
3393 1834 3569 1903 ipsum

2006 1920 2158 1989 regni
2220 1920 2431 1991 insigne
2487 1922 2541 1976 in
2612 1930 2812 1977 terram
2880 1923 3147 1993 dejectum
3207 1926 3565 1980 conculcavit.

2006 2010 2162 2065 Hunc
2184 2012 2229 2065 si
2255 2014 2373 2066 neci
2404 2014 2715 2079 tradideris,
2749 2015 3034 2086 Egyptios
3065 2018 3132 2071 ab
3155 2017 3569 2073 imminentibus

2007 2103 2266 2171 periculis
2297 2105 2578 2169 liberabis,
2612 2107 2957 2177 Hebraeisque
2992 2124 3165 2178 spem,
3197 2118 3251 2165 et
3293 2109 3567 2175 ﬁduciam,

2006 2208 2168 2263 quam
2202 2194 2255 2247 in
2285 2210 2350 2249 eo
2380 2206 2693 2265 posuerant,
2723 2199 2948 2253 adimes.
2989 2221 3008 2252 ι

2080 2283 2206 2338 Haec
2228 2300 2348 2339 cum
2390 2287 2481 2341 ille
2530 2287 2751 2349 diceret,
2787 2303 2901 2349 rex,
2949 2289 3021 2341 ita
3072 2290 3389 2359 providente
3436 2292 3566 2355 Deo,

2007 2378 2289 2433 remissior
2318 2379 2371 2433 in
2400 2395 2466 2433 eo
2488 2380 2787 2435 occidendo
2804 2380 2921 2434 fuit.
2948 2381 3013 2434 Et
3034 2381 3407 2449 Thermuthis,
3432 2402 3461 2439 e
3483 2401 3570 2440 reo

2008 2471 2091 2541 gis
2136 2470 2391 2527 manibus
2450 2471 2689 2542 Moysem
2719 2474 3015 2537 sublatum,
3056 2490 3248 2531 secure
3304 2477 3566 2533 custodio

2006 2562 2118 2617 bat.

2080 2652 2253 2710 Porro
2308 2655 2594 2727 Ethiopes
2638 2654 2913 2730 Aigyptiis
2965 2660 3218 2725 ﬁnitimi,
3271 2661 3569 2732 improviso

2008 2743 2209 2814 impetu
2246 2744 2408 2811 facto,
2460 2748 2781 2803 obsidebant
2812 2750 3125 2821 AEgyptum,
3177 2753 3571 2825 Egyptiosque

2006 2850 2074 2891 ex
2110 2838 2341 2892 adverso
2366 2839 2685 2905 instructos,
2714 2842 2767 2895 in
2793 2842 2975 2917 fugam
3005 2851 3277 2900 vertentes
3309 2862 3479 2915 usque
3503 2848 3571 2901 ad

2010 2927 2297 2998 Memphim
2321 2938 2375 2984 et
2408 2947 2556 2985 mare
2602 2935 2874 3003 progressi
2906 2943 3062 3001 sunt;
3096 2939 3169 2991 ita
3220 2943 3278 2990 ut
3329 2935 3570 3007 [Egyptil

2009 3022 2215 3073 oraculi
2248 3023 2455 3076 monitu
2482 3022 2829 3079 Hebramrum
2865 3026 3166 3080 auxiliariis
3211 3026 3457 3094 copiisin
3475 3036 3572 3080 eos

336 3117 603 3187 Ἑϐραίων
645 3119 800 3186 γένος
840 3117 1092 3182 λαϐόντες
1142 3120 1399 3191 ἐπῄεσαν.
1450 3125 1559 3177 Καὶ
1603 3126 1631 3177 6
1686 3128 1903 3199 Φαραὼ,

2013 3111 2307 3168 irruerent.
2341 3110 2405 3167 Et
2422 3113 2637 3168 Pharao
2698 3123 2914 3185 tempus
2942 3116 2994 3171 id
3028 3124 3391 3186 opportunum
3423 3131 3568 3180 esse,

326 3214 518 3283 καιρὸν
546 3213 845 3283 ἐπιτήδειον
868 3213 1157 3282 εὑρηκέναι
1183 3215 1417 3286 νομίζων
1443 3216 1577 3289 πρὸς
1616 3219 1714 3289 τὴν
1752 3224 1912 3275 Mem-

329 3306 467 3368 σέως
510 3307 805 3377 ἀναίρεσιν,
850 3302 949 3376 τὴν
990 3306 1325 3377 Θερμούθιδα
1367 3309 1566 3379 ἠξίωσε
1615 3316 1911 3384 παρασχεῖν

328 3398 480 3468 αύτῷ
543 3404 633 3452 τὸν
691 3398 968 3470 Μωῦσῆν,
1019 3402 1167 3464 ὅπως
1227 3402 1390 3456 αὐτὸν
1452 3401 1753 3475 στρατηγὸν
1802 3404 1910 3459 τῶν

341 3489 608 3561 Ἐϐραίων
652 3493 945 3563 ποιήσειεν,
986 3493 1359 3565 ἐπομνύμενος
1403 3495 1566 3566 μηδὲν
1609 3496 1913 3569 κακουργή-

331 3598 446 3634 σειν
492 3584 671 3648 αύτδν,
708 3584 842 3639 ἀλλά
888 3585 1177 3658 ταξίαρχον
1227 3588 1384 3658 μόνον
1433 3590 1766 3660 καταστῆσαι
1803 3588 1910 3644 τῶν

340 3674 635 3747 Ἐϐραίων,
664 3676 1059 3749 ὑπολαμϐάνων
1090 3679 1281 3751 ῥᾳδίως
1306 3681 1464 3734 αὐτὸν
1488 3681 1590 3735 ὑπὸ
1615 3682 1722 3735 τῶν
1754 3683 1911 3735 πολε-

334 3768 475 3838 μίων
506 3769 893 3840 φθαρήσεσθαι,
917 3770 992 3835 ὡς
1021 3774 1199 3843 μάχης
1225 3772 1534 3844 ὑπάρχοντα
1561 3776 1804 3847 ἄπειρον.

428 3860 491 3911 Ἡ
547 3859 603 3912 δὲ
660 3861 826 3915 πολλά
886 3862 1147 3934 πρότερον
1204 3864 1295 3917 τὸν
1356 3866 1566 3938 πατέρα
1625 3868 1720 3920 καὶ
1781 3868 1909 3931 τοὺς

330 3954 679 4021 γραμματεῖς
703 3950 1029 4019 όνειδίσασα,
1064 3956 1145 4008 δτι
1181 3956 1347 4024 ὅνπερ
1380 3957 1455 4019 ὡς
1490 3956 1744 4027 πολέμιον
1778 3959 1909 4011 ἀπο-

331 4043 539 4093 κτεῖναι
583 4042 878 4109 ἐϐούλοντο,
918 4044 1012 4098 νῦν
1075 4045 1148 4109 ὡς
1181 4047 1467 4117 ἐπίκουρον
1510 4048 1904 4116 παρακαλοῦσι,

329 4133 546 4186 δίδωσιν
605 4134 785 4198 αὐτοῖς
844 4133 932 4188 τὸν
999 4134 1259 4205 Μωῡσῆν.
1333 4136 1388 4191 '0
1450 4138 1505 4191 δὲ
1563 4139 1656 4192 τοῦ
1708 4140 1906 4193 οἰκείου

332 4224 520 4289 ἔθνους
549 4226 849 4297 στρατηγὸς
878 4228 1189 4299 προαχθεὶς,
1225 4226 1395 4300 λάθρα
1423 4230 1529 4282 τῶν
1542 4231 1808 4285 Αἰθιόπων
1839 4230 1906 4285 δι’

333 4319 527 4390 ἐτέρας
559 4318 680 4372 όδοῦ
714 4318 833 4389 ἄγει
864 4321 1261 4392 τὴν.στρατιάν,
1292 4320 1387 4393 τῆς
1414 4322 1613 4375 ἀϐάτου
1671 4322 1765 4377 καὶ
1814 4324 1907 4395 θη-

334 4412 580 4483 ριοτόκου
642 4412 842 4483 (πᾶσαν
900 4415 1006 4486 γὰρ
1071 4411 1272 4485 θηρίων
1325 4416 1573 4485 ἐκτρέφει
1621 4414 1800 4487 φύσιν,
1832 4416 1906 4481 ὡς

2012 3219 2121 3273 quo
2153 3204 2363 3275 Moyses
2394 3214 2568 3260 morte
2593 3207 2959 3272 occumberet,
3007 3209 3280 3276 opinatus,
3308 3207 3573 3262 Themtud

2012 3297 2130 3351 thin
2158 3299 2385 3368 rogavit,
2420 3306 2478 3352 ut
2526 3299 2627 3354 sibi
2663 3298 2897 3370 Moysem
2931 3301 3230 3365 exhiberet,
3292 3302 3371 3356 sic
3425 3302 3570 3355 enim

2012 3401 2134 3441 eum
2174 3387 2365 3442 ducem
2422 3388 2770 3443 Hebraeorum
2830 3391 3072 3460 eligeret,
3106 3398 3163 3445 et
3211 3391 3572 3459 jurejurando

2010 3480 2400 3547 comprobavit,
2433 3495 2492 3535 se
2541 3481 2615 3534 illi
2666 3481 2864 3533 malum
2899 3480 3105 3534 nullum
3146 3481 3443 3544 illaturum,
3478 3479 3573 3535 sed

2010 3575 2221 3623 tantum
2267 3571 2544 3640 c0piarum
2604 3570 2990 3626 Hebraicarum
3053 3570 3333 3625 ductorem
3367 3573 3575 3625 consti.

2010 3664 2610 3721 tuturumzmeditatus
2660 3680 2787 3719 eum
2848 3663 3104 3719 facillimo
3151 3665 3387 3735 negotio,
3414 3666 3575 3735 quasi

2009 3754 2216 3807 militiae
2244 3754 2434 3807 rudem
2454 3755 2523 3809 ab
2548 3756 2794 3809 hostibus
2822 3755 3150 3809 trucidatum
3186 3756 3273 3809 iri.

2081 3841 2430 3900 Thermuthis
2482 3846 2643 3914 patri,
2675 3846 2974 3914 scribisque
3018 3846 3372 3915 exprobrans,
3431 3842 3575 3916 quod

2009 3950 2168 4004 quem
2222 3937 2389 3991 veluti
2446 3938 2654 3991 hostem
2703 3936 3007 3992 interﬁcere
3052 3938 3397 4007 satagebant,
3429 3953 3575 3991 nunc

2005 4028 2171 4081 veluti
2242 4027 2543 4096 adjutorcm
2589 4029 2995 4095 desiderarent,
3040 4028 3203 4082 tradit
3278 4029 3385 4083 illis
3424 4028 3574 4100 Moy-

2006 4133 2142 4182 sem,
2170 4120 2263 4188 qui
2326 4121 2557 4189 propriae
2611 4120 2847 4175 nationis
2902 4120 3012 4174 dux
3072 4121 3299 4184 electus,
3356 4119 3573 4175 Ᾱῖιιιίοι

2006 4210 2166 4279 pibus
2196 4211 2406 4274 insciis,
2439 4212 2623 4280 copias
2679 4211 2827 4265 ducit
2890 4227 2986 4280 per
3023 4211 3182 4263 aliam
3215 4210 3355 4263 viam
3378 4250 3391 4273 ,
3422 4211 3575 4263 inace

2006 4317 2217 4357 cessam
2274 4304 2515 4371 scilicet,
2570 4305 2868 4373 bestiisque
2920 4302 3214 4367 infamem,
3277 4304 3372 4356 alit
3428 4304 3573 4356 enim

2006 4394 2302 4449 bestiarum
2334 4411 2492 4450 omne
2514 4412 2704 4465 genus,
2731 4397 2803 4449 ita
2836 4404 2890 4449 ut
2912 4396 3157 4465 quaedam
3193 4411 3256 4449 ex
3298 4395 3381 4449 his
3408 4395 3573 4449 etiam

332 4500 473 4557 εἷναί
514 4522 633 4558 τινα
684 4506 739 4558 ἐν
771 4506 907 4577 αὐτῇ
942 4485 1035 4558 καὶ
1066 4504 1376 4577 πετόμενα),
1414 4508 1509 4562 καὶ
1537 4485 1670 4579 πρδς
1720 4508 1778 4561 τὸ
1829 4510 1901 4579 μὴ

2008 4487 2221 4551 volent;
2256 4502 2323 4540 ne
2359 4488 2482 4555 quis
2513 4496 2691 4541 autem
2724 4502 2753 4539 a
2779 4487 2964 4541 bestiis
3008 4485 3324 4549 caederetur,
3376 4500 3575 4555 capsua

332 4596 664 4667 πλήττεσθαι
696 4595 800 4649 ὑπὸ
818 4597 925 4649 τῶν
952 4596 1155 4668 θηρίων
1187 4595 1329 4662 τινὰ,
1365 4598 1628 4664 κιϐωτοὺς
1670 4600 1906 4663 πλεκτὰς

334 4671 660 4752 προστάττει
693 4684 918 4740 ἕκαστον
951 4684 1303 4758 ἐπιφέρεσθαι
1339 4690 1496 4743 ίϐεων
1542 4691 1905 4762 πεπληρωμέ-

332 4794 452 4839 νας’
486 4777 597 4829 ἐστι
652 4779 760 4849 γὰρ
809 4778 964 4831 τοῦτο
994 4777 1054 4831 τὸ
1092 4776 1227 4844 ζῶον
1262 4781 1380 4843 ταῖς
1412 4778 1600 4833 ἀσπίσι
1630 4780 1901 4852 πολέμιον.

344 4869 435 4932 Ὠς
468 4864 560 4922 οὖν
590 4869 681 4921 τὸν
730 4868 893 4922 τόπον
935 4871 1137 4923 ἐκεῖνον
1167 4868 1435 4933 διώδευον,
1482 4871 1579 4933 τὰς
1608 4869 1755 4933 ίϐεας
1795 4874 1905 4935 τοῖς

333 4959 545 5029 θηρίοις
604 4959 912 5031 ἐπαφῆκαν,
950 4963 1174 5015 κάκεῖνα
1222 4963 1318 5033 τὴν
1350 4962 1533 5031 ἔφοδον
1579 4962 1779 5016 τούτων
1831 4963 1903 5034 μὴ

334 5053 721 5122 ὑπομείναντα,
772 5050 1151 5126 διεφθείροντο·
1182 5056 1275 5108 καὶ
1326 5053 1511 5107 τοῦτον
1567 5055 1658 5107 τὸν
1706 5054 1904 5126 τρόπον

330 5139 610 5206 διοδεύσας
662 5144 813 5211 ἄφνω
862 5143 1193 5214 προσπίπτει
1226 5148 1335 5208 τοῖς
1364 5144 1596 5214 Αἰθίοψι,
1633 5144 1724 5198 καὶ
1769 5147 1902 5198 πολὺ

332 5232 537 5302 πλῆθος
570 5234 746 5288 αὐτῶν
779 5234 1146 5304 κατασφάξας,
1188 5236 1312 5300 τοὺς
1350 5235 1567 5300 λοιποὺς
1599 5236 1677 5300 εἰς
1728 5237 1904 5309 φυγὴν

330 5322 579 5394 ἔτρεψεν.

404 5417 467 5466 Οἱ
490 5415 546 5466 δὲ
576 5412 847 5479 Αἰθίοπες,
873 5414 1023 5486 μόλις
1049 5416 1207 5486 φόνον
1230 5418 1296 5489 τῇ
1328 5417 1472 5489 φυγῇ
1497 5415 1900 5489 διαδράσαντες,

327 5501 430 5573 τὴν
461 5504 616 5556 πόλιν
663 5505 809 5558 Σαϐἀ
853 5506 1376 5577 καταλαμϐάνουσιν.
1428 5504 1533 5560 Ἦν
1572 5508 1679 5580 γὰρ
1728 5508 1903 5560 αὐτῶν

328 5594 470 5663 αὕτη
541 5594 827 5663 βασίλειος,
885 5598 1218 5670 ὠχυρωμένη
1274 5598 1441 5669 τείχει
1499 5599 1748 5672 κρατερῷ
1810 5596 1903 5653 καὶ

328 5681 600 5752 χώμασιν,
636 5686 975 5757 ἀπρόσϐατος
1002 5688 1088 5741 διὰ
1120 5688 1209 5740 τὸν
1241 5689 1428 5741 Νεῖλον
1468 5684 1675 5759 (ἐπειδὴ
1724 5690 1901 5741 πᾶσαν

332 5771 501 5825 αὐτὴν
533 5774 878 5846 περιτειχίζει
904 5776 981 5846 τῷ
1018 5776 1292 5849 ρεύματι)ο
1321 5777 1506 5849 διόπερ
1541 5778 1630 5832 καὶ
1652 5777 1901 5832 δυσπολιε

2012 4578 2092 4632 las
2126 4578 2353 4646 plicatas
2385 4578 2563 4631 ibibus
2598 4578 2802 4646 plenas,
2837 4584 2894 4630 ut
2933 4577 3162 4646 quisque
3217 4590 3399 4631 secum
3453 4576 3573 4631 alie.

2011 4676 2116 4731 rat,
2140 4669 2314 4738 jubet.
2348 4668 2443 4725 Est
2485 4670 2628 4724 enim
2682 4670 2784 4724 hoc
2818 4670 3015 4723 animal
3058 4670 3233 4738 aspidi
3278 4669 3570 4724 infensum.

2011 4762 2238 4827 Quando
2268 4762 2435 4831 igitur
2483 4777 2577 4831 per
2619 4762 2735 4815 loca
2786 4762 2875 4813 illa
2922 4759 3422 4829 proﬁciscebantur,
3458 4761 3573 4814 ibes

2012 4855 2069 4908 in
2121 4854 2324 4908 bestias
2376 4854 2720 4917 dimiserunt,
2761 4868 2879 4922 quae
2912 4869 3034 4906 cum
3086 4867 3270 4906 eorum
3314 4851 3572 4918 impetum

2010 4945 2154 4999 ferre
2184 4962 2292 5000 non
2326 4955 2567 5015 possent,
2614 4946 3179 5005 comsummabantur;
3234 4950 3288 4997 et
3328 4944 3429 4996 hac
3485 4956 3575 4995 ra--

2008 5039 2155 5092 tione
2168 5048 2580 5109 praatergressus
2596 5040 2993 5107 inexspectatus
3010 5037 3290 5106 EtlliOpes
3310 5037 3572 5104 adoritur,

2011 5130 2229 5200 illisque
2278 5148 2472 5202 magna
2529 5131 2678 5185 clade
2726 5131 2872 5183 illata
2923 5131 3162 5200 reliquos
3211 5144 3432 5185 aversos
3490 5132 3576 5185 fu.

2008 5227 2171 5294 gavit.

2084 5404 2388 5475 Ethiopes,
2432 5403 2553 5475 fuga
2600 5404 2689 5458 vix
2738 5412 2909 5459 morte
2943 5404 3179 5474 repulsa,
3214 5404 3265 5458 in
3299 5402 3574 5459 civitatem

2011 5498 2150 5555 Saba
2184 5499 2532 5568 confugiunt;
2558 5498 2668 5551 haec
2697 5498 2838 5552 enim
2870 5505 2987 5551 erat
3008 5513 3193 5552 eorum
3217 5500 3361 5567 regia
3389 5497 3577 5554 mami-

2008 5594 2109 5648 bus
2152 5591 2521 5645 validissimis
2571 5589 2964 5659 aggeribusque
3005 5596 3190 5657 septa,
3247 5597 3302 5643 et
3358 5600 3576 5659 propter

2008 5683 2184 5739 Nilum
2212 5684 2512 5746 inaccessa,
2550 5682 2766 5752 quando
2792 5697 2911 5737 eam
2944 5681 3304 5751 undequaque
3328 5683 3578 5737 circum-

2008 5780 2201 5844 ﬂuens,
2237 5790 2388 5847 seque
2436 5789 2501 5830 ac
2560 5790 2747 5831 murus
2776 5774 3071 5843 concludit,
3101 5789 3269 5844 quare
3310 5781 3366 5829 et
3406 5772 3575 5841 Egy—
