4072 6342
529 282 645 340 ηὸὅ

1415 278 1475 337 S.
1511 281 1953 341 EUSTATIHUS
1988 282 2479 342 ANTIOCHENUS
2517 284 2910 345 EPISCOPUS.

3655 289 3763 347 ἰιι

522 397 664 468 p:iis
700 396 933 455 obsessu
978 380 1221 452 diﬁcilis‘
1248 405 1387 452 erat.
1432 395 1643 475 Moyses
1692 413 1872 454 rerum
1916 401 2073 457 censi

2197 401 2425 473 όρκητος
2444 403 2557 465 τοῖς
2585 401 2900 471 Αἰγυπτίοις
2926 402 3237 476 ἐτύγχανεν.
3279 404 3340 459 '0
3372 403 3505 475 γοῦν
3552 405 3761 479 Μωσῆς

531 490 702 565 liique
729 489 905 558 inops,
941 487 996 542 in
1031 488 1196 557 hujus
1238 489 1531 571 provinciae
1580 488 1913 555 difﬁcultate,
1936 506 2096 547 exer-

527 583 696 637 citum
733 579 803 634 ad
831 579 1021 635 urbem
1061 580 1345 644 conduxit,
1381 581 1639 652 variaque
1679 580 1949 651 Egyptiis
1987 598 2098 638 me-

507 669 827 730 rditantibus
888 686 1013 729 cum
1064 671 1204 725 nihil
1254 673 1335 728 eis
1391 672 1739 738 succederet,
1792 673 1899 727 lilia
1953 675 2099 744 regis

528 762 781 820 Tharmis
808 765 1046 828 nomine,
1077 775 1134 818 ut
1161 779 1256 834 per
1287 772 1464 820 turres
1495 763 1729 835 Moysem
1751 765 1906 833 vidit,
1950 767 2097 825 illius

524 857 724 912 eximia
761 855 932 911 forma
970 856 1253 921 delectata,
1288 871 1387 910 nec
1442 871 1551 910 non
1579 863 1633 911 et
1680 856 1735 911 in
1766 856 1932 913 rebus
1978 873 2097 912 ma-

522 944 646 1016 gnis
695 943 1115 1015 cogitationibus
1140 944 1574 1015 pervestigandis
1603 945 1889 1000 consilium
1920 945 2096 1000 admi-

523 1044 663 1098 rata,
696 1036 816 1106 ejus
847 1051 1032 1091 amore
1060 1036 1269 1100 saucia,
1305 1050 1462 1092 servo
1495 1036 1761 1093 ﬁdissimo
1795 1038 1985 1097 misso.
2027 1038 2094 1094 de

521 1127 730 1196 nuptiis
759 1144 881 1182 cum
929 1143 995 1182 eo
1047 1142 1355 1183 sermonem
1401 1126 1634 1183 confert.
1682 1127 1895 1200 Moyses
1935 1128 1990 1184 id
2034 1143 2094 1186 se

511 1216 793 1274 facturum
841 1219 1143 1288 pollicetur,
1189 1218 1237 1274 si
1294 1220 1370 1274 illi
1422 1220 1693 1275 civitatem
1741 1219 2088 1283 tradidisset:

518 1309 610 1365 iila
639 1316 858 1380 repente
889 1309 1063 1364 fmdus
1088 1309 1229 1376 ferit,
1253 1318 1307 1365 et
1326 1311 1516 1367 urbem
1545 1311 1712 1367 dedit.
1745 1311 1928 1383 itaque
1950 1312 2091 1369 bello

514 1398 757 1462 sublato,
783 1407 836 1455 et
877 1399 1148 1472 Egyptiis
1179 1401 1233 1455 in
1266 1402 1485 1474 propria
1528 1403 1644 1456 loca
1678 1405 1933 1468 reversis,
1969 1419 2087 1458 eam

521 1491 575 1547 in
610 1491 1019 1547 matrimonium
1073 1491 1245 1555 ducit,
1287 1500 1341 1547 et
1389 1492 1669 1547 civitatem
1709 1493 1972 1559 aedificat,
2034 1504 2089 1550 et

517 1581 874 1653 Hermupolin
896 1583 1175 1650 nominat;
1214 1584 1289 1638 ita
1322 1584 1467 1639 enim
1497 1583 1564 1638 ab
1589 1583 1860 1657 Egyptiis
1880 1586 2088 1658 Moyses

517 1683 885 1744 nuncupatur,
933 1682 1156 1744 propter
1208 1689 1490 1730 sacrarum
1549 1675 1888 1741 litterarum,
1922 1692 2082 1749 quam

514 1764 724 1833 habuit,
755 1764 1279 1835 interpretationem.

582 1963 714 2019 Erat
736 1971 787 2020 et
820 1964 961 2034 apud
997 1963 1279 2035 Ethiopas
1317 1971 1540 2034 propter
1579 1961 1948 2019 admirabilem
1978 1975 2083 2017 sa-

514 2056 775 2128 pientiam
831 2055 886 2110 in
919 2071 1136 2111 summo
1175 2056 1401 2110 honore.
1437 2054 1602 2111 Usum
1654 2055 1798 2112 enim
1841 2055 2079 2121 navium,

511 2147 794 2202 machinas
827 2145 894 2200 ad
942 2146 1145 2216 lapides
1191 2146 1541 2207 excidendus.
1574 2154 1877 2202 armaturas
1900 2144 2080 2219 Egy-

510 2243 673 2312 ptias,
698 2241 1058 2295 instrumenta
1088 2237 1154 2292 ad
1177 2237 1507 2292 hauriendus
1536 2253 1727 2306 aquas,
1766 2254 1828 2291 ac
1866 2238 2076 2303 bellica,

508 2333 718 2403 primus
750 2332 990 2386 omnium
1026 2331 1133 2386 illis
1168 2330 1514 2399 excogitavit.
1550 2329 1724 2384 Etiam
1768 2331 2075 2387 universam

507 2424 799 2496 Egyptum
825 2424 881 2478 in
921 2423 1139 2493 triginta
1168 2421 1520 2493 praefecturas
1540 2421 1743 2483 divisit,
1763 2420 1829 2474 ad
1853 2437 2074 2491 regnum

505 2516 846 2585 Chenaphrze
871 2513 1271 2579 stabiliendum,
1299 2528 1420 2567 cum
1448 2513 1653 2583 absque
1667 2511 1856 2567 ordine
1881 2526 1909 2564 a
1938 2507 2077 2580 regi-

505 2606 609 2660 bus
634 2611 952 2674 regerentur
974 2617 1071 2673 pro
1085 2600 1249 2655 animi
1273 2600 1499 2658 libidine
1527 2616 1702 2672 regem
1722 2600 2066 2670 appellantes,

501 2706 556 2754 et
575 2698 699 2751 item
725 2695 1069 2766 repudiautes
1079 2706 1240 2765 quem
1258 2689 1431 2761 magis
1445 2687 1663 2744 vellent.
1675 2686 1900 2758 Propter
1911 2691 2027 2749 hac
2042 2706 2094 2747 a-

504 2783 883 2842 saccrdotibus
915 2790 971 2838 ut
1003 2782 1142 2839 deus
1175 2781 1590 2845 observabatur,
1633 2782 1703 2837 ab
1725 2780 2073 2853 Ethiopibus

501 2883 563 2932 ut
596 2892 687 2932 rex
709 2891 723 2928 :
744 2875 942 2931 etenim
965 2883 1019 2930 et
1045 2873 1512 2929 circumcisionem
1538 2874 1607 2929 ab
1625 2888 1690 2929 eo
1712 2883 1988 2943 acceptam
2004 2874 2071 2928 ad

499 2968 646 3023 hunc
679 2967 820 3022 diem
859 2972 1206 3021 conservant.
1224 2964 1441 3022 Primus
1470 2979 1702 3035 namque
1734 2972 1792 3020 ut
1822 2965 2069 3023 historiis

499 3056 725 3113 tradidit
757 3055 1103 3127 Eupolemus,
1135 3056 1353 3125 sapiens
1396 3055 1516 3120 fuit,
1542 3064 1595 3111 et
1625 3057 1832 3127 primus
1862 3058 2070 3112 litteras
2097 3086 2137 3142 ο

497 3148 755 3205 Hebraeos
791 3148 1011 3210 erudiit,
1038 3163 1158 3219 quae
1196 3148 1388 3204 beatus
1442 3147 1713 3202 Abraham
1747 3164 1778 3205 e
1804 3147 2071 3206 Chaldaeis

498 3242 785 3298 detulerat.
819 3240 1022 3294 Harum
1068 3239 1214 3294 enim
1257 3238 1416 3309 primi
1444 3240 1754 3295 inventores
1785 3238 2065 3309 Chaldaei;

495 3349 563 3389 ex
617 3332 677 3387 li.
697 3332 858 3389 hrreis
891 3330 1178 3389 thnices
1205 3331 1461 3395 habuere,
1493 3330 1839 3402 Cadmusque
1875 3333 1976 3390 has
2002 3334 2069 3390 ad

496 3425 715 3481 Graecos
738 3425 1037 3481 transtulit.
1078 3422 1209 3481 Post
1236 3423 1498 3480 adversus
1539 3423 1822 3496 £tliiopas
1860 3426 2069 3484 exerci-

497 3523 612 3570 tum
656 3515 879 3570 ductum
913 3516 969 3569 in
1016 3514 1309 3585 Egyptum
1351 3515 1589 3585 appellit,
1620 3522 1674 3571 et
1718 3517 2067 3587 Chenepbras

496 3604 679 3660 verbis
734 3618 860 3659 eum
918 3604 1171 3660 laudibus
1202 3604 1375 3674 plenis
1420 3605 1641 3675 excipit,
1684 3620 1744 3662 re
1781 3615 1962 3663 tamen
2011 3608 2067 3663 in

494 3711 618 3750 cum
651 3704 878 3749 mortem
910 3695 1350 3762 machinabatur;
1378 3712 1501 3751 eum
1552 3698 1697 3754 enim
1758 3698 2067 3755 hominibus

492 3784 738 3853 ejusdem
766 3786 979 3855 generis
1002 3787 1292 3856 spoliatum
1321 3788 1377 3842 in
1412 3787 1699 3859 Memphim
1743 3805 1929 3847 secum
1951 3792 2067 3847 du-

494 3881 592 3945 cit,
623 3879 1049 3951 interrogatquc,
1083 3878 1214 3948 quid
1255 3879 1507 3937 humanis
1546 3882 1737 3939 usibus
1764 3892 1910 3940 esset
1959 3900 2067 3940 ac-

490 3971 926 4038 eommodatum;
983 3978 1037 4026 et
1084 3970 1175 4026 ille
1227 3974 1550 4043 respondit:
1586 3973 1809 4029 Borium
1867 3991 2060 4046 genus,

492 4064 598 4136 ipsi
623 4064 767 4119 enim
790 4071 990 4118 terram
1029 4070 1185 4118 arant
1214 4074 1268 4121 et
1293 4066 1498 4121 colunt.
1524 4064 1688 4136 Igitur
1716 4066 2062 4137 Chencphrcs

490 4156 639 4212 tauri
706 4155 897 4226 Apidis
954 4155 1139 4210 fanum
1187 4164 1245 4209 ut
1283 4155 1681 4223 era-dificaret,
1726 4158 2059 4215 multitudini

487 4264 615 4304 cum
646 4248 975 4311 mandasset,
1004 4247 1202 4319 Moysis
1233 4248 1451 4305 virtutis
1503 4256 1853 4305 monumenta
1883 4249 2060 4321 (erant

487 4345 670 4393 autem
720 4337 835 4391 haec
881 4352 987 4392 aere
1025 4337 1258 4392 conﬂata
1307 4338 1455 4393 ibum
1484 4340 1972 4408 excogitationem,
2005 4349 2059 4398 et

2196 492 2438 564 προσῆγε
2465 497 2530 565 τῇ
2558 494 2710 549 πόλει
2729 495 2825 567 τὴν
2851 496 3128 567 στρατιὰν,
3152 500 3211 551 ὲν
3224 498 3502 571 ἀμηχανίᾳ
3530 500 3763 574 μεγίστῃ

2194 583 2290 650 ῶν,
2315 584 2403 638 διά
2431 585 2492 638 τὸ
2515 581 2652 639 εἶναι
2681 585 3002 641 δυσάλωτον.
3031 587 3450 660 Μηχανωμένων
3473 585 3565 644 οὖν
3590 589 3762 645 πολλὰ

2192 676 2301 731 τῶν
2322 677 2648 747 Αἰγυπτίων,
2668 678 2763 732 καὶ
2788 678 2952 751 μηδὲν
2983 680 3294 749 ἰσχυόντων,
3326 680 3360 751 ή
3386 679 3632 754 θυγάτηρ
3663 680 3759 735 τοῦ

2194 765 2455 840 βασιλέως
2506 768 2744 842 Θάρμεις
2784 770 3027 840 ὀνόματι,
3086 771 3176 825 τὸν
3218 772 3453 826 Μωῡσέα
3513 773 3601 827 διὰ
3649 773 3760 827 τῶν

2193 856 2414 930 πύργων
2430 858 2756 930 θεασαμένη,
2782 859 3112 931 καὶήσθεῖσα
3142 861 3234 913 ἐπὶ
3258 860 3336 932 τῷ
3361 861 3545 916 κάλλει
3568 862 3757 929 αὑτοῦ,

2192 951 2286 1005 καὶ
2307 951 2628 1023 θαυμάσασα
2647 950 2753 1005 τῶν
2777 952 3166 1024 ἐπιχειρήσεων
3191 954 3354 1007 αὐτοῦ
3376 954 3472 1027 τήν
3492 955 3754 1018 ἐπίνοιαν.

2191 1044 2270 1107 είς
2295 1042 2456 1097 πόθον
2496 1042 2727 1116 ἔρχεται·
2762 1043 2856 1097 καὶ
2878 1045 3240 1099 ἀποστείλασα
3274 1046 3383 1100 τῶν
3409 1048 3632 1102 οἰκετῶν
3663 1047 3756 1101 τὸν

2190 1136 2527 1202 πιστότατον,
2557 1136 2683 1207 περὶ
2722 1136 2899 1207 γάμου
2930 1137 3065 1208 πρὸς
3094 1137 3250 1192 αὐτὸν
3273 1137 3532 1209 διελέχθη.
3584 1139 3646 1192 ’0
3698 1138 3757 1191 δὲ

2189 1228 2425 1299 Μωῢσῆς
2452 1228 2695 1300 ποιήσειν
2716 1225 2873 1282 τοῦτο
2893 1228 3176 1299 ὑπέσχετο,
3214 1231 3263 1283 εἰ
3307 1230 3405 1297 τὴν
3429 1229 3580 1283 πόλιν
3608 1229 3752 1302 αύτῷ

2190 1320 2577 1393 παραδώσειεν.
2615 1319 2678 1372 Ἡ
2703 1318 2761 1373 δὲ
2792 1320 3129 1391 παραχρῆμα
3150 1318 3246 1390 τήν
3274 1320 3493 1390 εἰρήνην
3534 1320 3757 1373 σπένδε-

2186 1430 2296 1477 ται,
2325 1411 2419 1466 καὶ
2443 1412 2540 1481 τὴν
2569 1411 2721 1464 πόλιν
2743 1410 2890 1482 αύτῷ
2920 1411 3301 1484 παραδίδωσιν.
3344 1410 3613 1482 Λυθείσης
3660 1407 3756 1467 οὖν

2187 1504 2285 1575 τῆς
2304 1504 2502 1575 μάχης,
2523 1501 2738 1557 καὶτῶν
2752 1502 3060 1571 Αἰγυπτίων
3073 1504 3151 1566 εἰς
3171 1504 3296 1566 τοὺς
3306 1502 3536 1566 οἰκείους
3555 1503 3756 1568 τόπους

2186 1599 2604 1662 ἐπανελθόντων,
2629 1598 2820 1668 άγεται
2853 1599 2989 1671 πρὸς
3023 1599 3200 1672 γάμον
3226 1598 3413 1669 αὐτὴν,
3446 1601 3541 1653 καὶ
3578 1598 3752 1663 κτίζει

2188 1692 2358 1757 πόλιν,
2409 1691 2502 1746 καὶ
2533 1689 2885 1763 Ἑρμούπολιν
2927 1691 3261 1762 ἀναγορεύει·
3312 1691 3455 1745 οὕτω
3506 1690 3615 1762 γὰρ
3647 1689 3754 1745 ὑπὸ

2183 1784 2291 1838 τῶν
2339 1784 2647 1853 Αἰγυπτίων
2689 1784 2719 1837 6
2753 1784 2990 1855 Μωῦσῆς
3020 1782 3505 1856 προσαγορεύεται,
3540 1783 3628 1836 διὰ
3652 1782 3749 1853 τὴν

2185 1875 2250 1947 [f.
2279 1874 2363 1947 τὸ]
2390 1874 2496 1929 τῶν
2531 1874 2689 1945 ίερῶν
2707 1875 3047 1946 γραμμάτων
3086 1874 3376 1947 ἑρμηνείαν
3402 1874 3749 1947 ποιήσασθαι.

2265 1967 2517 2038 Ἐτιμᾶτο
2543 1967 2599 2021 δὲ
2623 1968 2714 2022 καὶ
2742 1966 2893 2037 παρά
2924 1969 3035 2030 τοῖς
3052 1965 3293 2037 Αἰθίοψιν
3324 1966 3386 2020 ού
3424 1966 3630 2037 μικρῶς
3660 1965 3754 2022 διὰ

2180 2058 2279 2129 τὴν
2301 2057 2489 2127 σοφίαν
2516 2056 2613 2129 τὴν
2640 2057 2985 2125 ἀξιάγαστον.
3018 2055 3223 2109 Πλοίων
3264 2055 3374 2128 γάρ
3399 2056 3499 2128 τὴν
3525 2056 3747 2128 χρῆσιν,

2181 2148 2273 2201 καὶ
2303 2147 2547 2220 μηχανὰς
2568 2148 2707 2220 πρὸς
2727 2146 3044 2210 λιθοθεσίαν,
3066 2146 3160 2200 καὶ¹
3186 2145 3324 2200 ὅπλα
3344 2146 3631 2215 Αἰγύπτια,
3654 2147 3753 2200 καὶ

2179 2240 2386 2312 ὄργανα
2430 2239 2718 2312 ὑδρευτικά
2770 2240 2863 2293 καὶ
2891 2237 3120 2309 πολέμια
3161 2237 3373 2309 πρῶτος
3412 2239 3595 2302 αὐτοῖς
3652 2239 3750 2292 ἔπ-

2178 2328 2544 2401 ενόησεν.Ἕτι
2565 2329 2620 2383 δὲ
2638 2328 2731 2383 καὶ
2748 2328 2845 2401 τὴν
2865 2328 3138 2397 Αἴγυπτον
3161 2328 3339 2382 πᾶσαν
3360 2330 3437 2392 εἰς
3455 2328 3751 2401 τριάκοντα

2176 2417 2336 2472 διεῖλε
2382 2418 2599 2489 νομοὺς,
2644 2416 2779 2490 πρὸς
2826 2416 2886 2472 τὸ
2929 2417 3007 2489 τῷ
3032 2416 3279 2488 Χενεφρῇ
3332 2416 3430 2489 τὴν
3471 2416 3748 2488 βασιλείαν

2181 2509 2488 2580 βεϐαιῶσαι·
2524 2510 2710 2581 ἐπειδὴ
2749 2511 2997 2573 ἀτάκτως
3033 2508 3402 2563 ἐϐασιλεύοντο
3436 2508 3745 2579 Αἰγύπτιοι,

2174 2602 2365 2675 γνώμῃ
2419 2602 2782 2674 προσάγοντες
2823 2602 2916 2657 καὶ
2954 2599 3338 2673 καθαιροῦντες
3373 2601 3431 2655 δν
3482 2601 3549 2656 ἂν
3577 2600 3748 2673 προῄ-

2176 2710 2356 2768 ρηντο.
2391 2695 2471 2747 Δι’
2500 2692 2536 2747 ἂ
2559 2692 2687 2762 γοῦν
2721 2690 2830 2747 ὑπὸ
2858 2694 2955 2764 μὲν
2982 2692 3088 2745 τῶν
3131 2691 3320 2764 ἱερέων
3348 2691 3424 2757 ὡς
3464 2691 3586 2756 (εδς
3632 2694 3744 2746 ἑτι·

2177 2785 2333 2855 μᾶτο,
2365 2783 2469 2837 ὑπὸ
2488 2783 2544 2837 δὲ
2567 2783 2674 2839 τῶν
2701 2784 2970 2838 Αἰθιόπων
2993 2784 3067 2847 ὡς
3096 2782 3362 2854 βασιλεύς
3395 2782 3620 2856 καὶγὰρ
3651 2785 3747 2839 καλ⁵

2172 2879 2270 2951 τὴν
2301 2878 2598 2952 περιτομὴν
2623 2881 2751 2951 παρ’
2785 2878 2946 2933 αὐτοῦ
2981 2879 3241 2950 μαθόντες
3276 2881 3402 2952 ἄχρι
3449 2878 3544 2934 τοῦ
3587 2878 3746 2952 δεῦρο

2172 2970 2544 3039 φυλάττουσιν.
2566 2971 2785 3043 Πρῶτος
2809 2970 2918 3042 γάρ
2942 2963 3095 3035 οὗτος
3128 2970 3288 3041 σοφδς
3314 2970 3623 3042 γεγένηται,
3666 2970 3746 3035 ὡς

2174 3061 2376 3133 ἱστορεῖ
2393 3063 2421 3113 ό
2441 3060 2772 3131 Εὐπόλεμος,
2798 3060 2891 3114 καὶ
2904 3059 3204 3131 γράμματα
3224 3059 3437 3132 πρῶτος
3470 3058 3562 3113 'EG
3571 3058 3744 3130 ραίοις

2178 3152 2574 3224 παραδέδωκεν,
2615 3153 2756 3223 άπερ
2791 3153 2819 3207 6
2867 3152 3131 3224 μακάριος
3195 3151 3442 3224 ’Δϐραάμ
3485 3151 3596 3205 ἀπὸ
3633 3150 3742 3205 τῶν

2174 3242 2449 3297 Χαλδαίων
2480 3242 2722 3312 ἐκόμισεο
2752 3241 2956 3311 πρῶτοι
3012 3241 3122 3314 γάρ
3170 3240 3387 3312 εὑρεταὶ
3436 3240 3641 3295 τούτων
3688 3241 3739 3295 οι

2173 3333 2424 3387 Χαλδαῖοι
2458 3332 2796 3403 γεγένηνται·
2846 3331 2996 3404 παρὰ
3025 3333 3082 3387 δὲ
3115 3332 3222 3386 τῶν
3253 3331 3525 3406 Ἐὗραίων
3552 3331 3741 3386 ἔλαϐον

2171 3425 2439 3489 Φοίνικες·
2499 3424 2592 3478 καὶ
2642 3424 2862 3496 Κάδμος
2902 3424 3073 3479 ταῦτα
3130 3425 3437 3496 μετήγαγεν
3491 3424 3573 3487 εἰς
3614 3425 3742 3488 τοὺς

2174 3514 2456 3586 Ἕλληνας,
2474 3512 2629 3569 Μετά
2646 3513 2701 3567 δὲ
2722 3514 2821 3586 τὴν
2840 3512 2981 3567 κατά
2997 3514 3103 3566 τῶν
3118 3512 3387 3567 Αἰθιόπων
3407 3513 3741 3586 στρατηγίαν

2170 3607 2474 3674 ἀφικνεῖται
2505 3606 2584 3669 εἰς
2615 3603 2906 3672 Αἴγυπτον·
2939 3603 3032 3657 καὶ
3052 3604 3080 3656 ό
3111 3602 3395 3675 Χενεφρῆς
3427 3601 3606 3671 λόγοις
3639 3601 3740 3674 μὲν

2170 3698 2433 3768 εὐφήμοις
2464 3693 2727 3761 ἐδεξιοῦτο
2750 3693 2929 3758 αὐτὸν,
2948 3692 3128 3766 ἔργοις
3151 3692 3205 3746 δὲ
3229 3692 3319 3747 τδν
3340 3693 3567 3748 θάνατον
3596 3694 3740 3750 κατὰ

2169 3789 2333 3844 αὐτοῦ
2359 3791 2572 3861 ήρτυεν·
2597 3787 2800 3860 ἔρημον
2821 3786 2928 3858 γάρ
2950 3785 3058 3839 τῶν
3084 3786 3367 3856 ὁμοφύλων
3392 3791 3740 3861 καταστήσας

2167 3879 2350 3944 αὐτὸν,
2405 3879 2487 3942 εἰς
2526 3878 2748 3949 Μέμφιν
2803 3878 2920 3948 μετ’
2990 3874 3154 3929 αὐτοῦ
3213 3876 3591 3947 παραγίνεταν
3642 3878 3738 3931 καὶ

2168 3972 2345 4043 ἐρωτᾷ
2375 3968 2556 4034 αὐτὸν,
2585 3968 2637 4022 τί
2673 3970 2784 4032 τοῖς
2822 3967 3125 4041 ἀνθρώποις
3154 3968 3387 4040 ὑπάρχει
3414 3967 3733 4041 εὔχρηστον.

2159 4048 2236 4117 ⁵’0
2266 4063 2322 4116 δὲ
2348 4062 2470 4131 ἔφη’
2507 4061 2626 4115 Τῶν
2656 4061 2794 4131 βοῶν
2826 4062 2888 4115 τὸ
2918 4062 3092 4131 γένος,
3119 4059 3206 4115 διὰ
3228 4059 3289 4114 τὸ
3327 4060 3606 4134 ἀρώσιμον
3635 4062 3736 4133 τὴν

2165 4154 2270 4224 γῆν
2295 4155 2384 4206 ὑπ’
2401 4153 2577 4207 αὐτῶν
2600 4152 2977 4207 καθίστασθαι.
3004 4152 3277 4218 Κελεύσας
3296 4148 3388 4206 οὖν
3421 4155 3530 4217 τοῖς
3556 4153 3734 4225 ὄχλοις

2164 4245 2195 4297 6
2230 4245 2511 4316 Χενεφρῆς
2540 4243 2739 4316 ταύρου
2780 4243 3001 4307 ’Ἄπιδος
3041 4243 3208 4315 σηκὸν
3245 4243 3624 4314 τεκτήνασθαι,
3662 4244 3734 4300 τά

2162 4335 2258 4391 τοῦ
2284 4336 2559 4399 Μωῦσὲως
2587 4334 2686 4405 τῆς
2714 4335 2914 4408 ἀρετῆς
2964 4335 3331 4406 ὑπομνήματα
3356 4330 3445 4407 (ἦν
3474 4335 3530 4388 δὲ
3560 4334 3732 4388 ταῦτα

484 4430 771 4485 historiam
790 4444 966 4484 rerum
983 4428 1195 4484 fortiter
1210 4430 1471 4485 adversus
1483 4428 1769 4500 Ethiopas
1783 4442 2057 4503 gestarum

2174 4422 2229 4477 ἐκ
2252 4421 2453 4493 χαλκοῦ
2486 4422 2850 4493 πεποιημένα,
2875 4421 2984 4475 τῶν
3019 4420 3178 4473 ἴϐεων
3219 4420 3317 4491 τὴν
3342 4420 3583 4473 ἐπίνοιαν
3604 4459 3619 4482 ,
3648 4419 3746 4472 καὶ

486 4520 787 4590 narrantia)
821 4523 924 4575 sub
982 4521 1291 4590 pavimento
1329 4522 1515 4591 templi
1572 4522 1802 4586 abdidit,
1835 4536 1887 4578 ul
1937 4526 2058 4595 ejus

484 4627 577 4668 res
604 4620 787 4683 gestae,
821 4612 1093 4667 oblivione
1121 4613 1545 4667 obscuri-arenutr
1572 4630 1588 4680 ;
1627 4620 1680 4668 et
1710 4612 2058 4670 Hebraeorum

485 4700 913 4767 multitudinem,
944 4717 1066 4772 quae
1093 4718 1217 4757 eum
1250 4703 1519 4768 tuebatur,
1561 4703 1614 4755 in
1658 4703 1796 4760 duas
1827 4705 2061 4774 provin-

483 4794 600 4850 cias
643 4794 881 4864 partitus
909 4801 1034 4850 est:
1068 4794 1259 4864 partim
1291 4793 1434 4848 enim
1467 4793 1522 4848 in
1550 4792 1844 4864 IEthiopiaa
1880 4805 2060 4851 custo-

481 4885 628 4943 diam
656 4887 835 4949 misit,
869 4887 1065 4959 partim
1117 4886 1171 4942 in
1201 4884 1356 4942 Jovis
1409 4887 1545 4942 urbe
1603 4885 1671 4941 ad
1727 4894 2057 4943 structuram

483 4976 693 5048 templi,
739 4977 909 5048 quod,
956 4984 1140 5032 monte
1160 4976 1340 5031 vicino
1372 4977 1425 5032 in
1460 4976 1664 5048 lapides
1695 4978 1903 5043 exciso,
1941 4985 2060 5033 erat

481 5069 896 5128 exstruendum.
940 5070 1068 5125 olim
1124 5067 1268 5123 enim
1312 5083 1379 5124 ex
1411 5072 1582 5124 coctis
1614 5070 1891 5126 laterculis
1940 5077 2060 5126 erat

478 5171 853 5232 compactum;
890 5163 1017 5218 item
1047 5177 1169 5217 eum
1208 5161 1478 5234 Egyptiis
1529 5163 1789 5217 nudatum
1841 5163 2055 5227 amicis,

479 5253 788 5310 interficere
817 5255 1041 5325 iubebat
1056 5255 1412 5325 jurejurando
1436 5255 1592 5310 fidem
1626 5255 1958 5325 astringens,
1989 5271 2058 5310 ne

478 5346 556 5402 illi
584 5346 812 5403 insidias
846 5347 944 5404 has
988 5346 1158 5418 Moysi
1200 5348 1521 5403 revelarent.
1564 5347 1829 5402 Omnibus
1875 5347 2059 5417 itaque

477 5435 771 5491 consilium
831 5435 934 5493 hoc
992 5436 1375 5492 recusantibus
1405 5435 1791 5493 Chancnothes
1833 5437 2053 5506 quidam

474 5527 768 5583 sententia:
798 5527 957 5598 regiae
977 5542 1198 5597 operam
1221 5526 1473 5581 daturum
1498 5542 1557 5582 se
1583 5528 1852 5597 promisit.
1889 5527 2057 5583 deio-

478 5632 595 5685 que
637 5617 809 5689 Moysi
854 5627 1081 5677 mortem
1139 5619 1451 5686 illaturum;
1504 5629 1633 5675 tunc
1692 5622 1954 5690 temporis
1999 5629 2055 5677 et

478 5706 664 5767 Meroe
699 5710 803 5783 (sic
845 5710 992 5769 enim
1025 5709 1380 5800 Thermutbis
1406 5711 1724 5783 vocabatur)
1770 5711 2048 5782 defuncta,

2164 4519 2263 4592 τὴν
2297 4516 2536 4589 ἱστορίαν
2567 4517 2663 4587 τῆς
2685 4516 2807 4570 κατ’
2839 4514 3110 4573 Αἰθιόπων
3150 4513 3512 4587 ἀνδραγαθίας
3540 4514 3745 4586 κηρύτ-

2164 4609 2344 4679 τοντα)
2389 4606 2494 4662 ὑπὸ
2540 4607 2600 4661 τὸ
2640 4607 2834 4675 ἔδαφος
2871 4605 3133 4678 ἐνέκρυψε
3185 4605 3279 4659 τοῦ
3333 4603 3461 4660 ναοῦ
3509 4604 3645 4676 πρὸς
3683 4603 3746 4657 τὸ

2162 4702 2302 4775 λήθῃ
2339 4700 2672 4773 παραδοῦναι
2706 4700 2775 4754 τά
2823 4700 3011 4754 τούτου
3046 4698 3316 4771 δράματα.
3351 4698 3456 4751 Τὸν
3486 4698 3543 4751 δὲ
3582 4697 3740 4770 ὄχλον

2163 4794 2271 4847 τῶν
2308 4793 2573 4866 Ἐϐραίων
2602 4792 2694 4846 τὸν
2736 4792 3067 4864 περιέποντα
3108 4793 3291 4859 αὑτὸν,
3334 4796 3413 4857 είς
3462 4792 3555 4846 δύο
3600 4792 3739 4865 ἔργα

2164 4886 2397 4957 διένειμε
2419 4900 2433 4916 ·
2484 4884 2613 4948 τοὺς
2646 4885 2745 4954 μὲν
2788 4885 2896 4956 γὰρ
2939 4887 3018 4949 εἰς
3057 4884 3304 4955 φυλακὴν
3334 4884 3433 4955 τῆς
3455 4883 3737 4949 Αἰθιοπίας

2163 4978 2456 5051 ἐξέπεμψε,
2475 4980 2600 5043 τοὺς
2621 4977 2678 5031 δὲ
2701 4978 2791 5031 τὸν
2812 4980 2879 5046 ¹ὲν
2902 4977 3025 5041 Διὸς
3045 4977 3198 5032 πόλει
3227 4976 3353 5031 ναὸν
3375 4977 3440 5032 ὲκ
3463 4976 3610 5031 λίθου
3633 4993 3737 5030 καφ

2159 5072 2514 5136 τασκευάσαι,
2535 5070 2741 5141 λατομή
2750 5087 2946 5135 σαντας
2964 5070 3025 5123 τὸ
3047 5069 3271 5141 πλησίον
3286 5069 3431 5142 ὅρος,
3450 5067 3736 5140 ὲπέτρεψν

2158 5154 2322 5209 πάλαι
2338 5153 2444 5224 γάρ
2459 5152 2518 5218 ἐξ
2531 5154 2699 5225 ὀπτῆς
2716 5151 2933 5207 πλίνθου
2949 5153 2975 5205 ό
2989 5151 3113 5215 ναὸς
3131 5153 3547 5206 κατεσκεύαστο’
3567 5153 3726 5205 Ἀπο-

2159 5246 2394 5311 ξενώσας
2407 5246 2463 5298 δὲ
2480 5245 2689 5298 καὶτῶν
2705 5245 3010 5314 Αἰγυπτίων
3024 5243 3204 5305 αὐτὸν,
3221 5243 3426 5297 ἀνελεῖν
3440 5244 3599 5298 αὐτὸν
3610 5246 3725 5308 τοῖς

2159 5338 2333 5407 φίλοις
2357 5336 2519 5392 αὐτοῦ
2546 5337 2865 5402 ἐνετέλλετο,
2887 5339 3091 5401 πάντας
3102 5337 3449 5410 όρκωμοτῶν,
3471 5336 3545 5410 μὴ
3571 5337 3695 5408 ποιῆ
3710 5367 3722 5375 -

2158 5447 2247 5483 σαι
2268 5430 2414 5501 αὐτῷ
2434 5431 2531 5500 τὴν
2554 5430 2848 5484 κατάύτοῦ
2861 5431 3228 5504 τυρευομὲνην
3245 5430 3559 5501 κατάδηλον.
3574 5430 3719 5484 Πάν-

2154 5542 2263 5578 των
2290 5519 2383 5577 οὗν
2411 5522 2507 5593 τὴν
2522 5522 2716 5594 βουλὴν
2741 5525 2940 5593 ταύτην
2962 5523 3368 5595 ἀπειπαμένων,
3398 5520 3721 5593 Χανενὼθης

2152 5634 2237 5681 τις
2264 5613 2653 5685 διακονῆσαιτῇ
2674 5613 2865 5689 γνώμῃ
2890 5614 2983 5669 τοῦ
3003 5615 3263 5686 βασιλέως
3289 5612 3717 5676 κατέθετο,δολο-

2154 5706 2385 5781 φονῆσαι
2405 5707 2495 5762 τὸν
2515 5706 3248 5781 Μωῦσὲαέπαγγειλάμενος.
3267 5707 3397 5762 Τότε
3423 5706 3487 5780 δή
3511 5704 3719 5779 καὶτῆς
