4072 6342
325 363 429 421 735

1240 362 1511 420 SPURIA.
1557 395 1624 408 —
1659 364 2017 422 COMMENT.
2057 364 2126 420 IN
2165 364 2660 423 HEXAEMERON.

3459 365 3563 423 786

315 483 571 554 Μερᾕης
601 482 763 553 (οὕτω
774 482 1243 555 γὰρὴΘέρμουθις
1268 485 1531 557 ἐκαλεῖτο)
1575 487 1891 559 τελευτησά-

1997 488 2187 559 ingens
2251 489 2492 545 oblatum
2568 503 2627 543 se
2686 496 2905 542 nactum
2972 484 3181 541 Pharao
3242 486 3562 545 existimans

316 579 669 651 σης,έρμαιον
681 581 709 633 6
727 579 925 649 Φαραὼ
936 580 1026 632 τὸν
1039 581 1226 652 καιρὸν
1242 583 1603 652 ἡγησάμενος,
1622 598 1727 653 προ
1735 583 1887 636 στάτ-

312 688 394 727 τει
426 674 633 743 Μωῡσῇ
656 672 746 724 καὶ
790 671 1079 745 Χανενὼθῃ
1103 676 1181 735 εἰς
1196 676 1320 737 τοὺς
1344 675 1481 745 ὑπὲρ
1509 674 1782 741 Αἰγύπτου
1803 675 1885 729 τό-

313 781 449 830 πους
468 764 730 835 κηδεῦσαι
752 765 938 837 αὐτήν.
959 766 1207 834 Ἀφικνου
1215 766 1388 836 μένων
1403 766 1458 818 δὲ
1474 766 1668 830 αὐτῶν,
1691 761 1771 830 εἷς
1801 784 1885 831 τις

317 856 426 910 τῶν
448 856 762 909 συνειδότων
792 854 889 925 τὴν
917 855 1140 927 γνώμην
1173 857 1266 910 τοῦ
1298 857 1492 927 Φαραὼ
1510 859 1885 913 ἀνακοινοῦται

312 946 393 1017 τῷ
423 948 649 1016 Μωῦσῇ·
681 946 774 999 καὶ
805 946 1043 1016 φυλάξας
1070 948 1259 1000 ἑαυτὸν
1290 949 1551 1002 πάντοθεν
1579 953 1607 1003 6
1628 951 1885 1021 Μωῡσῆς,

314 1038 415 1108 τὴν
447 1037 699 1108 Μερῤόην
728 1037 913 1106 ἔθαψε,
947 1037 1153 1090 καὶτὸν
1176 1038 1337 1091 τόπον
1395 1040 1489 1093 καὶ
1516 1039 1607 1092 τὸν
1647 1043 1887 1111 ποταμὸν

310 1126 567 1197 Μερρόην
604 1127 661 1192 ἐξ
690 1127 857 1197 αὐτῆς
880 1125 1336 1197 προσηγόρευσεν.
1376 1128 1546 1192 Αὐτὸς
1589 1129 1645 1182 δὲ
1686 1132 1751 1183 ὲκ
1794 1131 1891 1201 μὲν

312 1218 590 1289 Μέμφεως
629 1218 720 1271 τὸν
766 1218 952 1271 Νεῖλον
1002 1218 1458 1289 διαπορθμεύσας,
1485 1221 1603 1274 καθ’
1638 1222 1890 1276 ὑπόθεσιν

324 1308 533 1382 Ἀαρὼν
559 1310 653 1364 τοῦ
672 1310 898 1379 ἀδελφοῦ
929 1310 1115 1373 αὐτοῦ,
1146 1315 1225 1375 είς
1245 1312 1341 1383 τὴν
1374 1313 1625 1383 Ἀραϐίαν
1654 1315 1893 1381 ἀπέφευ-

310 1419 408 1471 γεν
433 1419 445 1432 ·
473 1404 501 1455 6
533 1403 589 1455 δὲ
622 1402 945 1472 Χανενώθης
982 1402 1302 1473 πυθόμενος,
1324 1404 1615 1475 γυμνώσας
1637 1406 1697 1458 τὸ
1743 1407 1893 1475 ξίφος

310 1493 627 1557 ὀπαντιάξει
658 1494 822 1564 αὐτῷ·
866 1496 893 1547 6
946 1494 1003 1546 δὲ
1033 1497 1271 1566 Μωῦσῆς
1312 1498 1559 1566 κατεῖχεν
1590 1498 1751 1551 αὑτοῦ
1794 1498 1892 1569 τὴν

308 1589 490 1657 χεῖρα,
519 1587 613 1638 καὶ
638 1587 918 1649 ὲκσπάσας
938 1586 998 1639 τὸ
1036 1585 1185 1656 ξίφος
1223 1587 1386 1640 αὑτοῦ
1423 1588 1523 1657 τῆς
1566 1590 1765 1660 χειρὸς,
1814 1588 1891 1659 τῷ

309 1678 496 1749 οἰκείῳ
545 1677 689 1746 ξίφει
732 1678 894 1731 αὐτὸν
946 1679 1327 1749 διεχειρίσατο,
1374 1681 1467 1733 καὶ
1498 1682 1577 1743 είς
1638 1681 1891 1751 Ἀραϐῗαν

1992 589 2223 650 tempus,
2282 581 2453 653 Moysi
2501 588 2554 635 et
2596 579 2963 634 Chanenothaa
3008 579 3164 647 jubet
3216 587 3367 633 extra
3428 578 3581 635 ﬁnes.

1988 671 2206 747 Egypti
2252 674 2372 729 ﬁliae
2418 675 2565 743 justa
2622 672 2821 728 facere.
2848 670 2966 737 Quo
2997 687 3119 726 cum
3169 672 3581 741 pervenissent,

1990 787 2133 825 unus
2186 785 2251 823 ex
2303 769 2541 823 consciis
2580 776 2816 821 mentem
2870 765 3169 820 Pharaonis
3219 765 3292 818 illi
3325 780 3577 819 commur

1991 864 2157 919 nirat.
2185 860 2395 932 Moyses
2437 859 2537 915 sibi
2578 857 2939 925 undequaque
2970 869 3168 908 cavens
3206 852 3442 908 Mi-‘roem
3480 866 3570 907 se-

1991 954 2173 1023 peliit,
2208 960 2261 1005 et
2300 950 2503 1009 locum,
2543 955 2596 1000 et
2636 944 2858 999 ﬂuvium
2901 942 3134 997 Meroem
3174 958 3237 995 ex
3280 959 3341 997 ea
3385 943 3567 995 nomi-

1993 1045 2159 1100 navit.
2200 1041 2430 1111 Ipseque
2469 1054 2534 1092 ex
2574 1037 2842 1106 Memphi,
2883 1034 3005 1089 Nilo
3045 1035 3302 1105 trajecto,
3344 1036 3569 1090 nomine

1993 1136 2225 1191 Aaronis
2266 1132 2451 1187 fratris
2501 1130 2554 1184 in
2604 1129 2859 1182 Arabiam
2906 1128 3067 1197 fugit;
3110 1128 3254 1197 quod
3298 1128 3385 1181 ubi
3428 1142 3569 1196 prter

1992 1228 2163 1283 sensit
2182 1222 2585 1286 Chanenothes,
2613 1221 2802 1276 stricto
2830 1220 3008 1291 gladio
3033 1220 3291 1274 adversus
3320 1220 3565 1289 impetit:

1995 1332 2180 1367 verum
2252 1315 2463 1385 Moyses
2512 1315 2846 1384 deprehensa
2897 1330 3082 1377 manu,
3122 1328 3358 1382 enseque
3416 1312 3561 1367 illius

1993 1415 2227 1473 arrepto,
2263 1406 2493 1473 ejusmet
2516 1406 2661 1459 illius
2689 1406 2865 1475 gladio
2893 1405 3197 1474 jugulaI,et
3228 1405 3280 1457 in
3304 1402 3560 1457 Arabiam

1992 1498 2058 1551 ad
2093 1495 2383 1566 Rngnelem
2425 1496 2659 1566 regionis
2706 1497 3004 1566 principem
3060 1496 3256 1565 migrat
3309 1495 3373 1551 ⁸ο.
3402 1500 3454 1547 et
3493 1508 3559 1547 ex

1990 1589 2110 1657 ejus
2156 1588 2260 1641 lilia
2302 1586 2580 1657 Sepphora
2612 1589 2715 1645 sibi
2748 1589 2800 1641 in
2833 1588 3237 1642 matrimonium
3272 1585 3558 1649 collocata,

1990 1682 2127 1735 duos
2160 1684 2396 1751 suscepit
2419 1682 2575 1737 ﬁlios.

310 1770 452 1842 πρὸς
488 1771 811 1839 Ῥαγουῆλον
831 1770 922 1823 τὸν
948 1770 1055 1823 τῶν
1076 1772 1255 1824 τόπων
1280 1770 1515 1843 ἄρχοντα
1536 1775 1885 1844 παρεγένετο,
1938 1775 2029 1827 καὶ
2056 1772 2151 1845 τὴν
2175 1773 2444 1845 θυγατέρα
2472 1774 2634 1827 αὑτοῦ
2658 1773 2939 1845 Σεπφόραν
2966 1772 3248 1843 ἀγόμενος,
3275 1770 3333 1837 ἐξ
3390 1768 3559 1839 αὐτῆς

308 1857 405 1921 δτῦο
436 1861 629 1926 παῖδας
656 1861 843 1933 ὲγέννη
853 1876 962 1916 σεν.

394 1956 454 2007 ‘0
477 1955 532 2007 δὲ
557 1952 773 2024 Φαραὼ,
802 1956 979 2007 πᾶσαν
1004 1954 1103 2024 τὴν
1126 1953 1566 2026 δραματουργίαν
1594 1953 1688 2007 τοῦ
1716 1955 1880 2007 Μωῦ-

2051 1954 2261 2010 Pharao
2298 1956 2387 2010 ubi
2428 1956 2625 2027 Moysis
2655 1956 2853 2010 factum
2884 1954 3073 2017 audiit,
3102 1953 3237 2007 iram
3265 1955 3317 2008 in
3348 1953 3561 2009 Iudaeo-

311 2043 453 2108 σέως
482 2044 802 2115 πυθόμενος,
830 2045 921 2097 τὸν
951 2045 1117 2116 θυμὸν
1160 2047 1251 2099 ἐπὶ
1285 2048 1344 2099 τὸ
1377 2047 1575 2119 πλῆθος
1612 2048 1721 2102 τῶν
1761 2048 1891 2101 Ἰου-

309 2136 477 2191 δαίων
515 2136 655 2205 ἔχεε,
720 2138 814 2189 καὶ
863 2137 1031 2207 ἄρδην
1072 2137 1291 2201 τούτους
1333 2139 1670 2210 ἀναιρεῖσθαι
1718 2156 1887 2211 προσ-

314 2225 495 2290 έταξε·
530 2227 721 2296 μόνους
749 2226 857 2298 γὰρ
884 2229 1077 2293 αὐτοὺς
1105 2229 1251 2299 λινῆν
1279 2230 1478 2300 ἐσθῆτα
1510 2234 1693 2302 φορεῖν
1709 2230 1893 2285 κελεύ-

317 2334 421 2381 οις
450 2317 537 2371 διὰ
565 2319 626 2371 τὸ
661 2318 919 2390 εὔσημον,
966 2322 1044 2383 είς
1077 2321 1284 2391 σφαγὴν
1332 2324 1523 2386 αὐτοὺς
1576 2327 1686 2387 τοῖς
1728 2325 1893 2392 Λίγυ-

314 2409 494 2471 πτίοις
558 2409 865 2462 ἐκδίδωσιν·
903 2411 989 2479 ἐφ’
1040 2404 1082 2477 ᾧ
1131 2412 1158 2462 6
1212 2412 1342 2474 Θεὸς
1384 2413 1611 2484 μεγίστῃ
1654 2414 1893 2486 τιμωρίᾳ

311 2499 506 2552 τοῦτον
550 2500 773 2552 ἐκόλασε
794 2517 807 2529 ·
845 2500 1059 2571 πρῶτος
1090 2502 1196 2573 γὰρ
1242 2504 1441 2566 παντὸς
1467 2504 1751 2578 ἀνθρώπου
1780 2506 1893 2557 ἐλε-

313 2591 615 2658 φαπιάσας
644 2592 671 2643 6
703 2589 921 2661 Φαραὼ,
966 2592 1175 2662 αἰσχρῷ
1206 2594 1296 2646 τὸν
1344 2592 1456 2663 βίον
1494 2595 1636 2649 τέλει
1668 2596 1893 2649 κατέλυ-

315 2699 432 2737 σεν.
480 2683 537 2735 Ὀ
571 2683 625 2736 δὲ
677 2683 867 2741 τούτου
914 2683 1010 2754 τὴν
1052 2684 1217 2755 αὐτὴν
1261 2686 1433 2756 ἀρχὴν
1475 2687 1575 2757 τῆς
1620 2688 1894 2757 βασιλείας

312 2771 716 2843 διαδεξάμενος,
745 2774 879 2845 ὁμοῦ
910 2776 1118 2845 καὶτῆς
1148 2779 1407 2849 πονηρίας
1436 2780 1598 2833 αὐτοῦ
1624 2778 1690 2853 ἦν
1721 2782 1894 2835 διάδο-

312 2880 406 2932 χος
425 2879 439 2893 ·
459 2866 569 2926 τοῖς
585 2864 691 2936 γὰρ
719 2865 899 2928 αὐτοῖς
932 2869 1117 2929 κακοῖς
1145 2870 1269 2931 τοὺς
1302 2871 1582 2935 Ἰουδαίους
1606 2874 1891 2928 ὑπέϐαλλε.

386 2956 496 3007 Καὶ
528 2955 725 3027 θρήνου
766 2958 957 3012 πολλοῦ
986 2963 1326 3033 περιέχοντος
1354 2964 1568 3027 αὐτοὺς,
1609 2968 1637 3019 6
1666 2965 1797 3031 Θεὸς
1818 2964 1894 3020 οἵ-

315 3061 443 3097 κτον
489 3045 667 3099 λαϐὼν
713 3048 911 3113 αὐτῶν,
951 3050 1042 3103 τὸν
1089 3053 1325 3123 Μωῦσῆν
1353 3053 1655 3124 ἐξέπεμψεν
1679 3058 1759 3119 εἰς
1797 3057 1894 3128 τὴν

314 3136 610 3204 Αἴγυπτον,
640 3140 987 3209 προπάττων
1009 3141 1085 3213 τῷ
1104 3144 1302 3215 Φαραὼ
1339 3147 1601 3201 ἀπολῦσαι
1632 3148 1737 3201 τῶν
1775 3152 1896 3204 Ἰου-

1991 2064 2110 2102 rum
2142 2048 2541 2103 multitudinem
2565 2048 2773 2111 etludit,
2798 2062 2999 2117 eosque
3032 2046 3384 2100 internecioni
3417 2046 3557 2099 tradi

1989 2156 2215 2211 prorsus
2243 2140 2516 2193 mandavit
2536 2156 2550 2204 ;
2570 2146 2778 2193 tantum
2795 2138 2938 2193 enim
2969 2152 3061 2191 eos
3080 2137 3217 2190 lineo
3238 2135 3557 2191 vestimento

1993 2233 2140 2287 indui
2201 2232 2388 2301 jussit,
2432 2240 2491 2285 ut
2558 2232 2775 2285 facilius
2835 2234 3315 2297 cognoscerentur,
3368 2227 3560 2295 sicque

1990 2324 2317 2380 occidendos
2348 2322 2614 2393 Egyptiis
2641 2323 2837 2388 tradit;
2872 2335 2969 2389 pro
2999 2334 3107 2388 quo
3130 2317 3270 2372 Deus
3323 2317 3559 2370 maximo

1992 2415 2261 2485 supplicio
2289 2428 2413 2468 eum
2441 2413 2684 2482 punivit;
2707 2413 2948 2467 omnium
2971 2411 3115 2465 enim
3140 2408 3417 2462 hominum
3444 2406 3557 2476 pri-

1994 2524 2115 2561 mus
2143 2505 2377 2567 Pharao,
2426 2504 2812 2574 clephantiasi,
2872 2502 3173 2557 lmdissimo
3232 2499 3357 2563 line,
3392 2498 3557 2551 vitam

1994 2599 2194 2652 amisit.
2220 2596 2391 2667 llnjus
2414 2597 2466 2650 in
2501 2596 2779 2650 dominatu
2810 2608 3115 2668 successor,
3143 2591 3302 2646 simul
3324 2598 3376 2644 et
3410 2588 3562 2644 illius

1993 2692 2247 2746 vitiorum
2304 2692 2475 2746 hmres
2498 2689 2621 2744 fuit.
2661 2688 2858 2743 Iisdem
2908 2685 3107 2756 quippe
3143 2684 3302 2740 malis
3343 2680 3559 2737 ludatis

1994 2783 2339 2839 conﬁciebat.

2063 2961 2193 3017 Inde
2224 2962 2460 3015 maximo
2493 2960 2714 3030 planctu
2762 2958 3159 3028 interpellante,
3204 2954 3346 3009 Deus
3366 2965 3555 3009 eorum

1993 3054 2252 3108 misertus
2319 3051 2556 3123 Moysem
2579 3052 2631 3105 in
2663 3049 2955 3121 Egyptum
3015 3048 3162 3103 misit
3193 3048 3256 3113 “,
3288 3044 3559 3100 Pharaoni

1994 3144 2313 3216 praecipiens
2354 3142 2662 3197 Judzeorum
2711 3141 2984 3195 nationem
3021 3140 3242 3195 liberam
3286 3135 3558 3191 dimittere

311 3232 479 3287 δαίων
535 3236 594 3288 τὸ
648 3235 799 3301 ἔθνος
844 3240 923 3301 εἰς
968 3240 1067 3309 τὴν
1126 3240 1358 3311 ἔρημον,
1417 3241 1556 3295 ὥστε
1605 3244 1893 3316 λατρεῦσαι
1926 3307 1959 3316 Α
1995 3236 2049 3290 in
2088 3236 2384 3299 desertum,
2411 3244 2467 3289 υι
2493 3235 2569 3287 illi
2598 3233 2919 3288 desel‘Vil’elo

312 3323 487 3393 αὐτῷ.

399 3415 524 3469 Ἐπὶ
554 3417 684 3485 γοῦν
714 3421 780 3489 τῇ
810 3418 1030 3493 τοιαύτῃ
1057 3422 1208 3492 ῥήσει
1234 3421 1324 3475 τοῦ
1355 3424 1630 3487 Μωῦσέως
1658 3426 1893 3497 χαλεπή-

312 3525 414 3571 νας
453 3510 481 3560 6
523 3508 740 3579 Φαραὼ,
774 3512 852 3573 εἰς
894 3512 1114 3583 εἱρκτὴν
1180 3515 1518 3584 παραχρῆμα
1561 3516 1893 3587 ἐμϐληθῆναι

314 3600 478 3652 αὑτὸν
509 3601 803 3671 προσέταξε
826 3619 839 3632 ·
874 3605 968 3656 καὶ
999 3604 1084 3657 διὰ
1112 3606 1209 3674 τῆς
1245 3607 1434 3669 νυκτὸς
1466 3606 1670 3677 σεισμῷ
1698 3608 1892 3661 διεσεί-

316 3690 420 3759 σθη
447 3692 593 3742 πᾶσα
621 3693 652 3761 ἡ
686 3693 776 3761 γῆ,
808 3693 883 3756 ὠς
912 3693 1061 3757 τινὰς
1098 3694 1204 3748 τῶν
1235 3696 1487 3761 φυλάκων
1518 3698 1581 3749 ὲκ
1617 3696 1710 3749 τοῦ
1744 3696 1894 3761 δέους

314 3781 750 3855 ψυχορραγῆσαι,
793 3786 944 3848 τινὰς
984 3786 1039 3839 δὲ
1081 3786 1231 3856 ῦπνῳ
1269 3786 1422 3857 βαθεῖ
1469 3788 1781 3858 παρεθείναι
1827 3789 1894 3843 τὰ

320 3877 489 3947 μέλη·
516 3876 684 3938 αὐτὲις
709 3877 763 3929 δὲ
796 3878 896 3939 τὰς
938 3876 1109 3942 πύλας
1142 3878 1239 3949 τῆς
1268 3881 1488 3951 εἱρκτῆς
1529 3881 1895 3953 ἀναπετασθῆ-

314 3982 423 4029 vat,
481 3966 574 4017 καὶ
617 3966 847 4032 ἐξελθεῖν
888 3967 978 4020 τὸν
1033 3969 1308 4038 Μωῦσῆν,
1343 3970 1435 4022 καὶ
1490 3972 1892 4042 παραγενέσθαι

313 4056 513 4118 νυκτὸς
547 4059 626 4119 είς
663 4057 728 4110 τὰ
777 4057 1020 4127 βασίλεια
1042 4076 1054 4088 ·
1084 4059 1175 4111 καὶ
1210 4059 1318 4129 γὰρ
1348 4061 1601 4115 κάκείνου
1630 4065 1686 4116 αἱ
1732 4064 1891 4135 θύραι

314 4150 683 4221 κλονουμένης
704 4151 803 4220 τῆς
832 4152 933 4221 γῆς
955 4152 1270 4223 διέστησαν·
1302 4154 1394 4206 καὶ
1418 4154 1633 4208 πάντων
1663 4156 1770 4209 τῶν
1799 4173 1894 4209 σω·

322 4244 717 4315 ματοφυλάκων
774 4246 1169 4310 καθευδόντων,
1221 4249 1479 4320 διύπνησε
1538 4251 1630 4303 τὸν
1694 4250 1893 4323 Φαραὼ

318 4333 563 4401 λέγων’(
600 4334 657 4390 '0
674 4335 803 4399 Θεὸς
842 4335 1183 4401 ὲξαπέστειλέ
1209 4355 1274 4408 με
1317 4338 1582 4391 ἀπολῦσαι
1630 4341 1894 4410 προστάτ-

314 4441 429 4477 των
460 4440 539 4476 σοι
587 4425 675 4479 τὸν
707 4425 814 4478 τῶν
855 4426 1119 4479 Ἰουδαίων
1147 4428 1291 4483 λαόν.
1317 4447 1336 4480 ι
1373 4429 1428 4485 '0
1442 4429 1495 4482 δὲ
1526 4430 1892 4498 καταπλαγεὶς

316 4516 508 4587 ἠρώτα
554 4519 649 4571 καὶ
695 4523 844 4583 ποῖος
887 4512 1040 4583 οὗτός
1086 4523 1224 4582 ἐστι,
1266 4521 1359 4575 καὶ
1391 4522 1441 4573 τί
1476 4522 1537 4574 τὸ
1586 4522 1755 4593 ὄνομα
1796 4522 1889 4576 τοῦ

316 4611 731 4675 ἀποστείλαντος
772 4613 931 4665 αὐτὸν
983 4613 1149 4665 Θεοῦ·
1204 4610 1233 4662 6
1292 4612 1345 4665 δὲ
1387 4614 1643 4684 Μωῦσῆς,
1691 4612 1893 4685 προκῦ⁴

2066 3410 2180 3466 Hoc
2210 3410 2411 3482 Moysis
2446 3408 2649 3465 dictum
2678 3425 2818 3479 aagre
2844 3410 3025 3462 ferens
3055 3403 3265 3459 Pharao
3310 3416 3558 3473 compre-

1993 3503 2224 3558 hensum
2256 3504 2401 3558 illico
2426 3506 2479 3557 in
2505 3503 2809 3557 custodiam
2841 3500 3060 3555 tradidit
3083 3498 3485 3559 includendum,
3504 3502 3560 3551 et

1994 3614 2089 3668 per
2122 3606 2334 3652 noctem
2367 3607 2523 3651 terrae
2548 3596 2787 3651 motibus
2834 3594 3122 3648 universus
3174 3599 3439 3645 terrarum
3469 3606 3560 3644 oro

1994 3692 2078 3747 bis
2100 3699 2496 3759 conquassatus
2521 3698 2624 3750 est,
2657 3688 2729 3742 ita
2760 3696 2819 3741 ut
2850 3687 3001 3741 multi
3032 3702 3096 3741 ex
3125 3686 3439 3741 custodibus
3493 3686 3558 3741 ti-

1995 3799 2145 3837 more
2173 3782 2429 3852 perculsi,
2461 3782 2697 3835 animam
2729 3779 2989 3842 emarint,
3018 3778 3171 3832 multi
3203 3779 3367 3832 etiam
3408 3776 3556 3848 gravi

1995 3890 2187 3930 somno
2217 3874 2477 3943 correpti,
2539 3870 2800 3927 membris
2852 3855 3049 3924 iuerint
3104 3870 3375 3933 dissoluti,
3429 3872 3558 3938 ipsae

1994 3966 2258 4022 custodia:
2290 3966 2437 4019 fores
2463 3980 2618 4034 pares
2644 3970 2889 4033 patentes
2924 3969 3122 4030 apert-.e
3155 3962 3284 4021 sint,
3320 3959 3559 4028 Moyses-

1994 4075 2100 4128 qne
2133 4066 2354 4128 ereptus
2378 4058 2445 4111 ad
2477 4057 2674 4126 regiam
2702 4056 3024 4125 pervenerit,
3052 4054 3210 4122 cujus
3234 4064 3400 4122 porue
3429 4051 3557 4104 dum

1993 4161 2138 4207 terra
2168 4150 2633 4216 contremisceret,
2668 4149 2854 4202 divisa:
2883 4155 3039 4214 sunt;
3070 4157 3121 4201 et
3158 4145 3409 4201 omnibus
3461 4159 3560 4197 cn-

1995 4246 2245 4300 stodibus
2272 4244 2520 4316 corporis
2551 4258 2744 4297 somno
2772 4241 3057 4311 correptis,
3094 4238 3307 4310 Moyses
3352 4236 3557 4292 excita-

1994 4339 2072 4391 vit
2105 4338 2464 4400 Pharaonem,
2489 4336 2678 4392 dicens
2706 4357 2718 4390 :
2749 4355 2766 4387 ι
2798 4335 2935 4391 Dens
2960 4335 3105 4388 misit
3127 4349 3232 4397 me,
3265 4339 3321 4383 ut
3344 4328 3561 4384 Iudaeo—

1994 4446 2113 4483 rum
2150 4431 2406 4499 populum
2439 4430 2702 4489 dimittas,
2738 4427 2832 4481 tibi
2890 4426 3187 4490 mandans;
3233 4442 3252 4475 ι
3307 4423 3397 4476 ille
3439 4436 3562 4491 per-

1995 4522 2318 4575 terrel‘actns
2352 4521 2645 4589 quaerebat,
2679 4518 2908 4589 quishic
2938 4524 3101 4581 esset,
3127 4524 3178 4570 et
3198 4514 3342 4585 quod
3363 4528 3558 4568 nomen

1998 4610 2111 4675 Dei,
2144 4612 2234 4679 qui
2261 4612 2410 4663 illum
2436 4611 2677 4665 miserat.
2713 4609 2923 4680 Moyses
2966 4624 3024 4663 se
3056 4608 3122 4662 ad
3172 4622 3357 4661 aurem
3413 4606 3558 4660 illius

314 4702 425 4771 ψας
456 4704 535 4764 είς
568 4702 663 4773 τὴν
688 4704 855 4774 ἀκοὴν
894 4703 1078 4767 αὐτοῦ,
1114 4704 1207 4757 τοῦ
1268 4704 1403 4758 Θεοῦ
1438 4705 1498 4757 τὸ
1539 4705 1706 4776 ὄνομα
1746 4705 1891 4774 αὐτῷ

2000 4700 2317 4766 admovens,
2354 4716 2548 4755 nomen
2574 4699 2667 4754 Dei
2699 4700 3097 4766 manifestavit;
3131 4699 3363 4760 Pharao,
3422 4695 3558 4749 tanti

317 4796 644 4866 διεσάφησε·
676 4797 770 4849 καὶ
801 4797 874 4867 μὴ
896 4799 1239 4869 καρτερήσας
1270 4799 1369 4868 τὴν
1403 4798 1569 4869 ἀκοὴν
1602 4800 1630 4850 6
1668 4797 1886 4869 Φαραὼ,

316 4887 413 4939 ἐπὶ
441 4888 541 4958 τῆς
575 4888 678 4957 γῆς
714 4888 908 4941 ἔπεσεν
952 4890 1183 4957 ἄφωνος.
1212 4891 1319 4943 Καὶ
1382 4889 1693 4959 προσελθὼν
1743 4890 1890 4959 ἤγει-

320 4995 415 5050 ραν
453 4980 612 5032 αὑτὸν
660 4982 688 5033 ὁ
729 4980 986 5050 Μωῦσῆς,
1040 4982 1133 5033 καὶ
1176 4983 1255 5044 είς
1302 4982 1483 5035 δέλτον
1514 4981 1573 5034 τὸ
1628 4982 1889 5049 πανάγιον

315 5069 489 5139 ϐνομα
538 5071 863 5141 ἐγχαράξας,
929 5073 1253 5139 ἑσφράγισε·
1319 5072 1411 5125 καί
1467 5090 1550 5136 τις
1608 5072 1715 5125 τῶν
1759 5074 1890 5143 παρ’

317 5163 635 5231 Αἰγυπτίοις
668 5165 876 5232 ἱερέων,
912 5164 1165 5232 φαυλίσαι
1196 5164 1351 5218 τοῦτο
1383 5166 1657 5237 τολμήσας
1682 5166 1743 5219 τὸ
1776 5166 1889 5219 δνο-

318 5272 419 5327 μα,
461 5258 744 5325 σπασμονῇ
779 5256 979 5320 εὐθέως
1013 5256 1102 5309 τὸν
1135 5256 1245 5325 βίον
1269 5258 1549 5311 κατέλυσε.

398 5346 458 5398 Ὀ
486 5346 542 5398 δὲ
569 5345 765 5414 Φαραὼ
796 5347 1012 5417 ποιῆσαί
1045 5364 1098 5399 τι
1134 5352 1355 5419 σημεῖον
1387 5349 1477 5401 τὸν
1531 5350 1769 5420 Μωῦσῆν
1800 5351 1889 5402 έπ-

316 5436 540 5505 έτρεπε·
577 5439 669 5490 καὶ
696 5440 722 5490 6
749 5439 1007 5509 Μωῦσῆς,
1037 5440 1100 5509 ἢν
1141 5443 1358 5510 κατεῖχε
1389 5440 1582 5511 ῥάϐδον
1614 5443 1771 5511 ἀφεὶς
1798 5442 1890 5494 ἐπὶ

1995 4794 2233 4848 nominis
2259 4791 2511 4846 audiendi
2547 4794 2739 4862 impar,
2781 4808 2910 4846 voce
2930 4792 3131 4846 amissa
3156 4793 3211 4844 in
3243 4800 3438 4844 terram
3466 4789 3560 4841 de-

1995 4888 2149 4948 cidit,
2175 4894 2229 4940 et
2274 4886 2542 4940 accedens
2597 4885 2830 4957 Moyses,
2857 4900 2979 4939 eum
3026 4884 3219 4946 erexit,
3258 4894 3562 4948 nomenque

1996 4978 2402 5034 sanctissimum
2464 4974 2666 5029 chartae
2706 4975 3023 5045 inscriptum
3082 4973 3257 5042 sigillo
3303 4970 3560 5039 obsigna-

1997 5073 2091 5134 vit,
2123 5080 2177 5124 et
2212 5086 2355 5124 unus
2384 5084 2446 5124 ex
2486 5069 2860 5122 sacerdotibus
2892 5066 3184 5138 Egyptiis,
3220 5080 3416 5119 nomen
3456 5063 3560 5117 hoc

1999 5163 2153 5233 parvi
2184 5162 2363 5218 facere
2391 5178 2580 5227 ausus,
2614 5162 2797 5217 statim
2825 5175 3044 5230 spasmo
3065 5159 3231 5213 vitam
3254 5155 3472 5226 abiecit.

2068 5345 2279 5399 Pharao
2306 5344 2518 5414 signum
2544 5359 2572 5397 a
2593 5341 2775 5414 Moyse
2804 5340 3079 5412 poscebat,
3113 5346 3167 5395 et
3211 5336 3422 5409 Moyses
3464 5335 3560 5390 hac

1996 5439 2202 5500 culum,
2235 5452 2392 5507 quem
2424 5452 2535 5506 prae
2557 5437 2807 5490 manibus
2834 5434 3085 5497 habebat,
3119 5433 3168 5487 in
3195 5441 3393 5486 terram
3422 5442 3557 5485 eon-

316 5528 417 5597 τῆς
439 5528 561 5598 γῆς,
594 5529 673 5591 είς
704 5528 825 5597 ὅφιν
857 5528 1025 5599 αὐτὴν
1069 5529 1357 5598 μετέϐαλε·
1395 5532 1487 5583 καὶ
1530 5530 1688 5584 πάλιν
1722 5532 1890 5601 αὐτῆς

1993 5529 2218 5599 jeetum.
2249 5530 2301 5582 in
2326 5538 2628 5599 serpentem
2662 5527 3012 5583 commutavit
3046 5526 3107 5591 “,
3160 5539 3319 5595 quem
3361 5522 3555 5577 iterum

318 5618 620 5688 ἁψάμενος,
646 5622 724 5683 είς
748 5620 807 5673 τὸ
832 5623 1056 5691 ἀρχαῖον
1088 5622 1518 5693 ἀποκατέστησε.

398 5802 440 5834 ⁸⁸
468 5799 642 5857 Exod.
682 5816 740 5856 lt.
822 5801 860 5835 ¹¹
892 5800 1063 5886 Exod.
1110 5818 1191 5860 Ill.
1272 5803 1310 5835 "
1338 5800 1511 5857 Exod.
1539 5818 1633 5859 vit.

2000 5635 2122 5675 cum
2158 5621 2445 5695 tetigisset,
2478 5620 2762 5691 pristinam
2796 5619 2874 5676 illi
2902 5617 3127 5675 formam
3160 5616 3417 5672 restituit.
