4072 6342
545 349 646 410 ¹Ῐ8Ὶ

1408 351 1464 407 S.
1508 349 1950 406 EUSTATHIUS
1988 346 2474 405 ANTEOCHENUS
2510 345 2904 404 EPISCOPUS.

3664 347 3770 403 788’

613 467 784 523 Porro
809 482 933 521 cum
993 482 1166 535 neque
1214 465 1319 522 hoc
1360 469 1575 524 cederet
1615 469 1681 523 ad
1715 469 1971 538 po‘pulum
2021 467 2102 522 di-

2274 465 2474 519 Ἰίούτου
2512 465 2568 518 δὲ
2626 464 2717 517 ἐπὶ
2757 463 2914 517 τοῦτο
2961 463 3035 535 μὴ
3078 461 3321 531 εἴξαντος
3363 463 3630 518 ἀπολῦσαι
3677 470 3766 518 τὸν

543 557 887 615 mittendum,
920 563 1112 610 orante
1136 555 1525 626 MoyseDeum,
1559 573 1788 628 magnus
1811 566 1967 612 terrae
1988 574 2103 613 mo-

541 655 635 701 tus
661 661 765 700 una
787 660 910 699 cum
937 644 1202 713 grandine
1231 644 1406 700 factus
1427 655 1511 701 est
1537 654 1593 700 ut
1608 647 1702 716 qui
1727 655 1882 701 terrae
1899 658 2102 702 motum

543 738 842 794 evitandoe
870 736 1123 792 domibus
1145 753 1397 808 egressus
1427 739 1517 802 sit,
1554 755 1584 793 a
1621 741 1882 811 grandine
1914 741 2104 812 perde-

543 838 692 885 τριω-
716 849 731 896 ;
758 830 849 898 qui
882 844 1075 883 rursus
1093 829 1410 900 grandinem
1432 831 1775 898 declinando,
1825 833 1880 887 in
1914 833 2103 888 domos

542 923 848 993 aufugeret,
875 933 1032 978 terra:
1059 930 1205 976 motu
1240 932 1542 978 corrueret.

612 1015 841 1081 Quando
865 1024 1042 1070 autem
1082 1031 1255 1086 neque
1277 1015 1379 1072 hoc
1407 1017 1546 1072 ﬂecti
1567 1018 1760 1086 potuit,
1783 1018 1976 1073 baculo
1998 1017 2102 1072 Nili

544 1124 684 1178 aqua
707 1123 865 1173 cassa,
885 1116 1051 1161 totam
1072 1106 1183 1162 fore
1195 1107 1484 1178 {Egyptum
1505 1109 1776 1164 inundans
1797 1109 1994 1164 ﬂuvius
2013 1126 2106 1180 pa-

543 1212 663 1250 rum
688 1197 863 1252 abfuit
890 1199 1020 1268 quin
1043 1199 1391 1261 immerserit,
1419 1198 1492 1251 ita
1521 1209 1579 1252 ut
1601 1201 1667 1252 ab
1689 1214 1752 1254 eo
1781 1209 2020 1269 tempore
2037 1201 2104 1255 ad

543 1290 836 1359 hocusque
871 1292 985 1359 ipse
1017 1305 1146 1346 suos
1184 1290 1482 1346 descensus
1509 1291 1686 1346 iteret.
1720 1292 1906 1363 itaque
1962 1293 2106 1347 Pha-

543 1397 638 1437 rao
691 1383 1066 1438 sacerdotibus
1099 1385 1369 1449 omnibus,
1419 1385 1512 1454 qui
1568 1385 1856 1455 Memphim
1901 1387 2105 1442 incole-

543 1475 692 1543 bant,
735 1478 1067 1542 convocatis,
1093 1478 1147 1531 ni
1168 1478 1354 1532 eadem
1377 1494 1496 1548 qua:
1522 1489 1575 1533 et
1602 1479 1812 1550 Moyses
1843 1481 2102 1536 miracula

543 1567 840 1631 efﬁcerent,
876 1577 1102 1623 mortem
1136 1570 1263 1632 illis,
1299 1569 1633 1641 deorumque
1683 1571 1824 1627 fanis
1886 1573 2102 1628 ruinam

544 1661 780 1716 minatus
808 1668 911 1714 est.
949 1659 1051 1726 Qui
1074 1663 1408 1718 carminibus
1453 1664 1696 1734 magicis,
1737 1671 1796 1718 ut
1832 1664 2102 1728 solebant,

543 1749 808 1808 dracones
851 1761 909 1806 ut
942 1767 1219 1823 serperent
1259 1755 1522 1818 fecerunt,
1581 1754 1926 1825 ﬂuminisque
1959 1757 2107 1812 colo-

2200 557 2346 621 λαὸν,
2374 556 2669 626 εὐξαμένου
2697 555 2790 608 τοῦ
2825 555 3032 624 Μωῦσῆ
3081 555 3216 626 πρὸς
3241 555 3330 607 τὸν
3355 554 3509 618 Θεὸν,
3553 556 3766 625 σεισμὸς

2204 650 2375 720 μέγας
2409 647 2545 720 μετά
2565 644 2805 716 χαλάζης
2830 644 3146 716 ἐνέσκηψεν,
3174 644 3249 708 ὡς
3283 644 3375 697 τὸν
3407 643 3675 713 φεύγοντα
3705 646 3769 702 ἐκ

2199 739 2308 796 τῶν
2337 739 2600 810 δωμάτων
2628 737 2719 789 τὸν
2751 735 2973 805 σεισμὸν
3003 734 3108 788 ὑπὸ
3142 733 3242 803 τῆς
3273 732 3512 804 χαλάζης
3540 733 3772 786 ἀπόλλυο

2203 832 2355 895 σθαι,
2391 832 2514 894 τοὺς
2538 831 2581 884 δ’
2611 825 2677 883 αὖ
2715 827 2874 881 πάλιν
2911 827 3010 899 τὴν
3048 825 3285 898 χάλαζαν
3317 826 3583 879 ἐκκλίνειν
3605 825 3776 880 σπεύ-

2201 924 2391 986 δοντας
2419 922 2522 976 ὑπὸ
2553 921 2646 974 τοῦ
2683 918 2906 991 σεισμοῦ
2941 917 3417 987 καταφθείρεσθαι.

2282 1017 2369 1079 Ὡς
2399 1015 2455 1068 δὲ
2471 1014 2564 1068 καὶ⁴
2593 1011 2857 1068 ἐπὶτοῦτο
2879 1010 3089 1081 ἔμεινεν
3105 1007 3475 1078 ἀδυσώπητος,
3496 1011 3561 1079 τῇ
3593 1008 3777 1080 ῥάϐδῳ

2201 1109 2262 1161 τὺ
2286 1105 2541 1161 Νειλώῖον
2570 1104 2714 1174 ὕδωρ
2747 1099 3000 1164 ἐπάταξε,
3031 1100 3125 1153 καὶ
3151 1099 3250 1168 τὴν
3287 1098 3558 1166 Αἴγυπτον
3592 1097 3776 1168 πλημ-

2207 1219 2277 1273 μυ
2287 1202 2453 1271 ρήσας
2468 1197 2767 1267 ὁποταμὸς,
2801 1193 2998 1266 μικροῦ
3021 1193 3130 1246 δεῖν
3158 1194 3337 1248 πᾶσαν
3355 1191 3671 1254 ἐπέκλυσεν,
3697 1192 3776 1256 ὼς

2203 1293 2388 1346 ἔκτοτε
2414 1292 2541 1361 άχρι
2575 1289 2668 1342 τοῦ
2701 1288 2796 1344 νῦν
2826 1287 3090 1345 ποιεῖσθαι
3123 1286 3282 1339 αὑτὸν
3312 1284 3408 1356 τὴν
3450 1283 3766 1340 κατάϐασιν.

2216 1386 2272 1438 Ὀ
2297 1383 2427 1453 γοῦν
2473 1381 2692 1453 ⁴ῖιαραὼ,
2731 1381 2856 1444 τοὺς
2884 1380 3023 1450 ὑπὲρ
3067 1378 3288 1448 Μέμφιν
3340 1379 3504 1448 ἱερεῖς
3535 1393 3776 1448 προσκα-

2203 1478 2518 1546 λεσάμενος,
2541 1473 2834 1544 ἠπείλησεν
2860 1471 3053 1535 αὐτούς
3071 1488 3128 1523 τε
3155 1471 3250 1524 καὶ
3282 1469 3487 1532 πάντας
3514 1469 3640 1532 τοὺς
3663 1468 3776 1521 τῶν

2203 1566 2432 1619 εἰδώλων
2463 1565 2780 1634 ἐξαφανίσαι
2817 1563 3034 1633 σηκοὺς,
3067 1562 3115 1614 εί
3148 1560 3221 1633 μὴ
3254 1559 3330 1630 τῷ
3359 1560 3564 1630 Μωῦσῇ
3599 1576 3779 1629 παρα-

2204 1658 2446 1730 πλησίως
2501 1656 3010 1728 τερατουργήσειαν.
3059 1654 3120 1706 Oi
3179 1653 3268 1716 δὲ,
3323 1654 3442 1716 ταῖς
3500 1651 3777 1714 είωθυίαις

2205 1751 2478 1821 γοητείαις
2511 1749 2864 1822 χρησάμενοι,
2896 1747 3195 1818 δράκοντας
3218 1745 3464 1816 ἐξέρπειν
3491 1743 3779 1814 ἐποίησαν,

542 1859 655 1897 rem
688 1852 986 1907 mutarunt,
1019 1845 1092 1898 ita
1131 1853 1188 1900 ut
1224 1846 1308 1902 bis
1330 1847 1547 1903 inﬂatus
1571 1847 1804 1910 Pharao,
1851 1848 2102 1905 maximis

2207 1840 2300 1892 καὶ
2332 1837 2422 1890 τὸν
2457 1837 2694 1908 ποταμὸν
2727 1837 2944 1908 δοκήσει
2973 1836 3342 1907 μετέχρωσαν,
3376 1835 3450 1899 ὡς
3478 1837 3542 1888 ἐκ
3582 1835 3778 1892 τούτου

541 1935 821 2004 suppliciis
847 1936 1062 1992 Iudaeos
1087 1937 1348 2006 aﬂecerit;
1371 1947 1424 1993 et
1441 1938 1650 2011 Moyses
1677 1941 1870 1994 baculo
1893 1941 2105 2010 pulsata

541 2034 707 2088 terra,
740 2027 941 2080 alatum
979 2028 1179 2081 animal
1223 2029 1498 2098 produxit,
1539 2031 1682 2100 quod
1724 2031 2104 2103 {Egyptiorum

540 2118 783 2174 insidens
813 2121 1133 2189 corporibus
1164 2123 1428 2192 Operosis,
1459 2124 1809 2194 molestisque
1831 2124 2104 2179 ulceribus

539 2209 898 2279 defatigabat,
957 2212 1031 2266 ita
1077 2223 1133 2266 ut
1184 2213 1576 2273 medicamenta
1626 2215 1829 2270 nullam
1880 2223 2104 2285 possent

540 2300 734 2357 afferre
759 2303 1065 2360 utilitatem.

610 2475 681 2530 Ut
711 2485 764 2531 et
795 2478 849 2531 in
884 2478 986 2532 hac
1011 2479 1165 2551 plaga
1197 2478 1410 2536 Pharao
1442 2481 1731 2536 induratus
1765 2490 1849 2538 est
1883 2483 1948 2548 ¹⁸,
1980 2491 2104 2537 tan-

538 2563 662 2617 dem
711 2566 1101 2635 primogenitos
1140 2570 1305 2626 totius
1357 2570 1579 2642 Αἴθῃ)ιί
1635 2582 1807 2629 morte
1859 2574 2098 2630 delevit:

538 2672 708 2724 quare
731 2659 932 2730 ingenti
965 2661 1110 2722 luctu
1135 2662 1370 2735 Egypto
1395 2673 1658 2735 occupata
1681 2682 1712 2722 e
1737 2675 1882 2722 terra
1914 2682 2103 2722 omnes

538 2741 749 2802 Pharao
769 2747 985 2807 Judaaos
1009 2753 1210 2818 emisit,
1240 2756 1331 2824 qui
1364 2757 1587 2810 multam
1632 2757 1773 2811 viam
1807 2759 2099 2829 progressi,

539 2835 961 2912 ﬂuminibusque
1001 2845 1211 2901 Arabia:
1237 2847 1502 2916 trajectis,
1541 2849 1701 2903 tertia
1729 2849 1816 2904 die
1868 2851 1921 2903 in
1955 2866 2104 2906 mare

540 2927 784 2990 Rubrum
823 2939 1169 2992 conveniunt.
1217 2935 1323 2993 Sed
1388 2938 1498 2994 Deo
1541 2956 1637 2994 cor
1686 2940 1988 2997 Pharaonis
2018 2943 2103 2996 in-

537 3019 786 3088 durante,
810 3040 1004 3084 rursus
1061 3028 1323 3099 Egyptii,
1385 3032 1782 3099 praeteritorum
1835 3035 2100 3089 malorum

539 3111 712 3180 obliti,
747 3133 869 3171 cum
903 3117 1186 3175 Pharaone
1208 3120 1479 3178 Israelitas
1528 3126 1996 3194 persequebantur
2035 3127 2098 3182 “.

2206 1930 2521 2000 τυφωθέντα
2563 1929 2654 1983 τὸν
2691 1928 2888 1999 Φαραὼ
2923 1927 3162 2000 τιμωρίᾳ
3198 1927 3428 2000 μεγίστῃ
3471 1927 3598 1990 τοὺς
3643 1929 3779 1980 Ἰου-

2203 2023 2385 2086 δαίους
2423 2021 2731 2076 ὑποϐαλεῖν.
2771 2021 2881 2075 Καὶ
2925 2022 2953 2073 ὁ
2981 2019 3239 2088 Μωῦσῆς,
3267 2021 3331 2089 τῇ
3362 2018 3540 2089 ῥάϐδῳ
3574 2017 3780 2082 παίσας

2203 2114 2300 2185 τὴν
2326 2114 2447 2184 γῆν,
2472 2114 2671 2186 πτηνόν
2695 2131 2748 2168 τι
2771 2113 2906 2176 ζῶον
2929 2111 3222 2182 ἐξερπύσαι
3249 2110 3414 2181 αὐτὴν
3436 2109 3780 2182 παρεσκεύα-

2206 2224 2316 2271 σεν,
2375 2207 2510 2276 ὅπερ
2553 2208 2664 2269 τοῖς
2711 2203 2954 2274 σώμασιν
3013 2203 3262 2273 ὲφιζάνον
3304 2203 3412 2255 τῶν
3462 2202 3779 2270 Αἰγυπτίων

2203 2297 2461 2362 έλκώσεις
2482 2297 2711 2368 ἀνιαρὰς
2733 2297 2914 2359 αὐτοῖς
2939 2297 3246 2366 παρείχετο,
3273 2294 3349 2358 ὡς
3379 2294 3647 2364 μηδεμίαν
3675 2293 3779 2364 τὴν

2207 2391 2455 2462 ἰατρικὴν
2485 2390 2708 2460 ποιῆσαι
2739 2389 2945 2452 τούτοις
2971 2388 3289 2458 ἐπικουρίαν
3319 2385 3596 2440 δύνασθαι.

2284 2484 2370 2546 Ὠς
2394 2483 2454 2536 δὲ
2501 2482 2594 2534 καὶ
2638 2480 2730 2534 ἐπὶ
2750 2481 2849 2550 τῆς
2903 2481 3159 2550 μάστιγος
3200 2478 3400 2547 ταύτης
3434 2475 3776 2547 ἐσκληρύνθη

2201 2575 2417 2650 Φαραὼ,
2443 2575 2744 2628 τελευταῖον
2775 2571 2986 2642 Θανάτῳ
3015 2570 3080 2623 τά
3119 2571 3436 2642 πρωτότοκα
3474 2570 3572 2639 τῆς
3612 2564 3776 2636 Αίγύ-

2204 2684 2335 2720 πτου
2368 2667 2546 2736 πάσης
2578 2662 2834 2716 ὑπέϐαλε.
2866 2663 2975 2716 Καὶ
2991 2662 3218 2725 πένθους
3247 2660 3512 2726 ἐπὶτοῦτο
3537 2659 3778 2731 ἀμέτρου

2203 2759 2596 2821 καταλαϐόντος
2625 2759 2723 2829 τὴν
2747 2757 3040 2825 Αἴγυπτον,
3069 2755 3174 2808 ἀπὸ
3201 2754 3300 2823 τῆς
3323 2752 3504 2824 χώρας
3525 2748 3776 2819 παγγενῆ

2204 2851 2408 2914 πάντας
2440 2853 2468 2904 ὁ
2490 2849 2686 2921 Φαραὼ
2711 2851 2836 2912 τοὺς
2874 2846 3157 2910 Ἰουδαίους
3189 2845 3459 2915 ἐξέπεμψε
3482 2861 3496 2874 ·
3532 2843 3624 2896 καὶ
3648 2841 3778 2895 πολ-

2201 2942 2299 3014 λὴν
2330 2935 2473 2996 οὗτοι
2506 2942 2622 2997 ὁδὸν
2661 2940 3025 3003 διανύσαντες,
3062 2939 3154 2992 καὶ
3191 2939 3318 3000 τοὺς
3373 2934 3626 3006 Ἀραϐίας
3656 2933 3775 2985 δια-

2203 3036 2394 3100 ϐάντες
2425 3035 2720 3106 ποταμοὺς,
2749 3036 2977 3105 τριταῖοι
3024 3033 3116 3085 ἐπὶ
3143 3031 3243 3102 τὴν
3275 3027 3537 3102 Ἐρυθρὰν
3574 3026 3774 3079 θάλασ-

2206 3147 2304 3183 σαν
2338 3130 2714 3201 παρεγένοντο.
2741 3126 2846 3180 Τοῦ
2889 3126 2944 3180 δὲ
2972 3124 3106 3179 Θεοῦ
3145 3125 3242 3196 τὴν
3279 3123 3503 3194 καρδίαν
3537 3116 3778 3188 σκληρύ-

535 3223 723 3270 ναντος
755 3209 849 3262 τοῦ
895 3212 1112 3283 Φαραὼ,
1145 3214 1304 3269 πάλιν
1330 3217 1379 3268 οἱ
1419 3217 1702 3285 Αἰγύπτιοι
1735 3221 2117 3293 ἐπιλησθέντες
2155 3224 2262 3278 τῶν
2313 3225 2690 3297 προλαϐόντων
2740 3221 2945 3286 κακῶν,
2983 3223 3110 3284 τοὺς
3165 3217 3504 3291 Ἰσραηλίτας
3551 3215 3668 3285 ἅμα
3699 3211 3779 3282 τῷ

533 3298 730 3370 Φαραὼ
771 3302 1084 3358 ἐπεδίωκον.

609 3395 876 3452 Caeterum
907 3415 1066 3455 nemo
1089 3399 1425 3458 Pharaonem
1464 3404 1520 3458 in
1554 3421 1730 3459 rerum
1772 3409 2099 3478 agendarum

536 3494 812 3556 stuporem
837 3505 867 3542 a
893 3490 1001 3545 Deo
1049 3492 1100 3544 vi
1128 3501 1374 3547 coactum
1429 3494 1630 3565 impelli
1663 3498 1967 3565 existimet;
2019 3506 2102 3555 et-

536 3576 680 3629 enim
705 3576 873 3632 Deum
902 3579 950 3634 is
983 3580 1260 3650 injustitize
1288 3594 1530 3647 accusat,
1563 3587 1691 3640 dum
1709 3587 1873 3642 dicit:
1907 3588 1964 3643 Si
1988 3591 2103 3660 ipse

536 3679 622 3723 est
653 3671 744 3738 qui
778 3686 873 3724 cor
907 3672 1146 3735 indurat,
1179 3683 1238 3726 ut
1283 3676 1415 3744 quid
1462 3677 1714 3733 indurato
1777 3683 2104 3737 succenset?

540 3760 736 3815 Verum
770 3764 925 3826 sciat,
968 3765 1065 3818 has
1100 3767 1379 3836 plagarum
1436 3769 1686 3826 inducias
1739 3775 1982 3842 stuporis
2023 3776 2102 3828 illi

540 3867 762 3907 causam
802 3855 1004 3922 fuisse;
1035 3872 1156 3910 cum
1188 3859 1330 3912 enim
1363 3861 1414 3913 in
1448 3878 1568 3914 eum
1596 3864 1781 3933 plagas
1814 3865 2100 3930 inferebat,

541 3947 799 4016 populum
825 3947 1094 4003 dimittere
1119 3953 1493 4020 promittebat;
1525 3970 1708 4008 verum
1745 3957 1836 4011 ubi
1889 3973 1919 4010 a
1974 3974 2104 4030 sup-

539 4039 717 4107 pliciis
748 4041 1072 4104 abstinebat,
1117 4043 1206 4098 ille
1247 4043 1645 4114 indurabalur;
1682 4048 1785 4102 hoc
1831 4051 1999 4112 enim,
2050 4059 2104 4105 et

540 4131 717 4185 verbis
744 4133 878 4201 ipsis
910 4132 1190 4204 Scriptura
1214 4137 1370 4191 nobis
1421 4138 1682 4202 insinuat,
1727 4156 1850 4194 cum
1903 4143 1978 4195 ait
2008 4144 2051 4174 ¹⁸
2085 4159 2099 4196 :

553 4221 742 4277 Videas
771 4234 944 4279 autem
980 4226 1212 4292 Pharao,
1244 4229 1380 4298 quod
1412 4229 1555 4298 facta
1610 4240 1742 4285 esset
1801 4235 2100 4301 respiratio,

541 4320 842 4386 aggravavit
865 4335 956 4372 eor
980 4335 1155 4384 suum,
1174 4330 1223 4373 et
1253 4338 1356 4374 non
1384 4321 1583 4375 audivit
1613 4340 1722 4387 eos,
1748 4325 1882 4378 sicut
1902 4325 2102 4380 locutus

536 4420 616 4464 est
635 4410 917 4474 Dominus;
949 4419 1001 4466 et
1025 4412 1068 4443 ¹⁶
1094 4413 1188 4466 :In
1217 4413 1310 4466 hoc
1333 4414 1501 4482 ipsum
1524 4417 1746 4471 excitavi
1770 4427 1835 4483 te,
1858 4426 1913 4475 ut
1942 4427 2106 4473 osten-

538 4503 663 4559 dam
690 4505 743 4560 in
777 4515 822 4562 te
849 4516 1015 4564 totum
1045 4507 1203 4564 robur
1236 4525 1425 4572 meum,

610 4685 742 4751 Quae
774 4687 902 4741 dum
935 4689 1115 4752 audis,
1145 4706 1274 4744 cave
1300 4691 1352 4744 id
1394 4692 1536 4745 malo
1593 4707 1758 4746 sensu
1810 4691 2098 4761 percipias,

2272 3403 2475 3476 Μηδεὶς
2521 3403 2578 3456 δέ
2608 3399 2853 3471 ὑπολάϐῃ
2902 3399 2993 3452 τὸν
3029 3395 3229 3469 Φαραὼ
3257 3396 3362 3448 ὑπὸ
3404 3393 3499 3447 τοῦ
3527 3391 3662 3446 Θεοῦ
3697 3394 3778 3458 είς

2203 3498 2554 3568 ἀναισθησίαν
2601 3497 2708 3549 τῶν
2749 3494 3132 3566 πραττομένων
3169 3494 3362 3562 χωρεῖν
3393 3490 3776 3553 ἐκϐιάζεσθαι·

2203 3591 2412 3655 ἀδικίας
2437 3590 2548 3663 γὰρ
2583 3588 2712 3652 ἴσως
2743 3587 2835 3640 τοῦ
2865 3586 2998 3639 Θεοῦ
3021 3587 3048 3636 ὀ
3077 3583 3315 3646 τοιοῦτος
3346 3582 3779 3652 καταψηφίζεται

2203 3687 2454 3754 φάσκων·
2487 3685 2548 3736 Ei
2576 3682 2736 3744 αὐτὸς
2767 3678 3056 3751 σκληρύνει
3079 3677 3174 3748 τὴν
3201 3675 3446 3748 καρδίαν,
3475 3675 3527 3727 τί
3561 3675 3778 3745 μέμφε-

2202 3795 2290 3830 ται
2324 3775 2400 3847 τῷ
2446 3772 2895 3846 σκληρυνομένῳ;
2939 3769 3098 3823 Ἀλλὰ
3132 3768 3466 3837 γινωσκέτω,
3499 3768 3580 3820 ὃτι
3610 3767 3776 3838 ἁνοχὴ

2202 3869 2308 3929 τῶν
2359 3866 2635 3938 μαστίγων
2682 3864 2833 3922 αἰτία
2864 3864 2961 3934 τῆς
3001 3859 3310 3932 πωρώσεως
3341 3859 3490 3930 αὐτῷ
3537 3860 3774 3927 ἐγίνετοο

2203 3963 2361 4032 ἡνίκα
2397 3960 2507 4031 γὰρ
2542 3959 2746 4028 ἐπῆγεν
2793 3957 2879 4011 ἐπ’
2904 3955 3063 4008 αὐτὸν
3106 3955 3204 4017 τὰς
3253 3952 3486 4024 πληγὰς,
3521 3952 3779 4006 ἀπολύειν

2201 4054 2293 4108 τὸν
2324 4053 2450 4106 λαὸν
2479 4050 2840 4122 ἐπηγγείλατο
2863 4065 2878 4080 ·
2915 4049 3078 4119 ἡνίκα
3107 4047 3163 4100 δὲ
3195 4046 3344 4117 ὴφίει
3379 4045 3486 4097 τῶν
3525 4045 3776 4116 βασάνων

2203 4145 2383 4206 αὑτὸν,
2431 4143 2814 4214 ἐσκληρύνετοο
2847 4140 3002 4194 τοῦτο
3029 4138 3135 4211 γὰρ
3161 4140 3252 4190 ἐπὶ
3293 4136 3493 4201 λέξεως
3521 4136 3778 4206 σημαίνει

2203 4235 2296 4286 καὶ
2326 4236 2358 4304 ἡ
2382 4234 2570 4304 Γραφὴ
2596 4233 2849 4300 λέγουσαι⁹
2885 4230 3135 4298 Ἰδὼν-δὲ
3157 4229 3383 4298 Φαραὼ,
3409 4229 3499 4283 ὅτι
3531 4228 3778 4298 γέγονεν

2202 4325 2524 4394 ἀνάψυξις,
2563 4325 2813 4392 ἐϐάρυνε
2842 4327 2955 4392 τὴν
3001 4323 3254 4392 καρδίαν
3282 4321 3491 4387 αὐτοῦ,
3536 4320 3635 4374 καὶ
3665 4322 3776 4374 οὐκ

2201 4417 2566 4484 statim-vasi.
2599 4415 2815 4479 αὐτῶν,
2859 4413 3123 4482 καθάπερ
3141 4413 3447 4480 ἐλάλησεν
3475 4416 3506 4466 ό
3537 4415 3773 4480 Κύριος·

2205 4510 2319 4572 καὶ,
2343 4512 2447 4574 Εἰς
2466 4510 2612 4562 αὐτὸ
2626 4507 2802 4561 τοῦτο
2827 4506 3102 4575 ἐξήγειρά
3122 4522 3216 4571 σε,
3243 4505 3403 4571 ὅπως
3425 4504 3776 4572 ἐνδείξωμαι

2211 4603 2282 4655 ἐν
2310 4603 2410 4656 σοὶ
2437 4602 2644 4658 πᾶσαν
2673 4601 2789 4668 τὴν
2811 4600 3070 4669 δύναμιν
3088 4618 3229 4669 μου.

2287 4694 2422 4747 Ἀλλ’
2453 4693 2663 4746 ἀκούων
2693 4695 2766 4764 μὴ
2799 4693 3096 4764 δυσφήμως
3133 4691 3429 4764 ὑπολάϐῃς,
3456 4690 3648 4758 λέγων’
3677 4688 3775 4742 Διὰ

539 4777 726 4833 dicens
758 4798 772 4834 :
802 4778 948 4845 Quas
978 4781 1049 4834 ob
1083 4796 1278 4837 causas
1300 4797 1394 4836 eos
1429 4784 1581 4851 punit
1633 4784 1784 4852 prius
1830 4785 1972 4844 illos,
2038 4792 2095 4836 ut

2203 4787 2250 4840 τί
2267 4790 2581 4858 τιμωρεῖται
2604 4787 2817 4850 αὐτοὺς,
2843 4785 3155 4855 ἀντιστῆναι
3179 4783 3324 4854 αὐτῷ
3347 4781 3775 4854 παρασκευάζων

539 4868 642 4923 sibi
679 4870 914 4935 obstent,
944 4873 1295 4940 przeparans?
1331 4888 1500 4941 quare
1531 4874 1809 4942 vapulant,
1847 4875 1891 4928 si
1918 4876 1984 4928 ab
2015 4874 2099 4928 in-

531 4962 745 5031 justitia
773 4963 914 5018 Dens
939 4966 1230 5020 abhorret?
1254 4966 1357 5020 Sed
1381 4965 1519 5021 scito
1547 4967 1800 5034 primum,
1819 4983 1938 5037 qua:
1954 4967 2096 5036 apud

541 5054 876 5126 Scripturam
894 5059 1170 5113 adversari
1189 5061 1290 5114 sibi
1311 5059 1584 5124 videntur,
1607 5076 1714 5116 non
1729 5061 2093 5128 discursibus,

537 5149 631 5203 Sed
662 5151 922 5219 exemplis
945 5152 1290 5208 dissolvenda
1316 5169 1461 5209 esse.

608 5238 1073 5304 Quemadmodum
1107 5246 1251 5298 enim
1279 5247 1610 5301 medicorum
1648 5246 1839 5316 optimi
1872 5247 1966 5318 qui
1996 5247 2099 5302 hu-

537 5350 702 5389 mano
743 5337 924 5405 generi
964 5339 1250 5394 commodo
1300 5339 1631 5408 utilitatique
1681 5355 1804 5394 esse
1859 5341 2100 5408 student,

537 5425 754 5481 decreto
781 5427 970 5481 ultimo
1000 5423 1160 5484 morti
1190 5431 1446 5486 subactos
1473 5433 1901 5500 expostulantes,
1932 5448 2026 5490 eos
2049 5436 2103 5489 in

539 5520 781 5572 membra
807 5521 1073 5590 incidunt,
1110 5533 1168 5576 ut
1193 5540 1286 5592 per
1318 5525 1477 5577 morti
1511 5525 1804 5590 obnoxios,
1855 5527 2104 5581 homines

540 5609 776 5668 fructum
808 5613 1040 5684 aliquem
1066 5623 1473 5686 consequantur
1505 5633 1518 5668 :
1571 5618 1652 5673 sic
1700 5617 1842 5675 Deus
1888 5633 2102 5674 omnem

615 5791 658 5826 ¹³
690 5790 860 5852 Exod.
895 5809 989 5848 xu.
1072 5794 1112 5827 “
1138 5792 1305 5850 Exod.
1359 5812 1463 5851 xxv.

2204 4879 2399 4945 αὐτόν;
2435 4879 2521 4932 διὰ
2548 4878 2598 4932 τί
2642 4878 2854 4938 τύπτει,
2900 4879 2947 4929 εἰ
2979 4877 3078 4929 οὐκ
3106 4877 3250 4929 ἐστιν
3301 4875 3480 4929 ἀδικία
3519 4873 3668 4946 παρά
3696 4871 3773 4942 τῷ

2203 4971 2320 5042 Θεῷ
2341 4989 2354 5036 ;
2390 4972 2547 5026 Ἀλλά
2569 4973 2881 5040 γινωσκέτω
2904 4969 3139 5041 πρῶτον,
3168 4971 3248 5022 ὅτι
3268 4968 3337 5021 τὰ
3358 4966 3616 5021 δοκοῦντα
3636 4962 3774 5019 εἶναι

2204 5064 2590 5133 ἀντιλεγόμενα
2645 5063 2795 5135 παρὰ
2825 5066 2890 5133 τῇ
2943 5064 3154 5135 Γραφῇ,
3194 5061 3254 5114 οὺ
3299 5061 3598 5131 λογισμοῖς,
3639 5057 3776 5111 am

2203 5158 2603 5228 παραδείγμασι
2631 5157 2832 5210 λύεται.

2275 5252 2484 5321 Ὥσπερ
2505 5251 2610 5322 γὰρ
2633 5252 2681 5303 οἱ
2698 5251 2905 5321 ἄριστοι
2923 5248 3030 5300 τῶν
3054 5247 3268 5316 ἰατρῶν,
3296 5245 3568 5315 ὠφέλιμόν
3585 5260 3637 5296 τι
3653 5243 3775 5296 imo

2204 5341 2389 5412 νοῆσαι
2421 5343 2483 5411 τῇ
2529 5340 2841 5411 ἀνθρωπίνῃ
2876 5339 3033 5409 φύσει
3071 5338 3477 5400 σπουδάζοντες,
3521 5337 3643 5398 τοὺς
3671 5332 3770 5386 θα-

2203 5437 2392 5504 νατικῇ
2419 5433 2689 5501 ἀποφάσει
2741 5431 3140 5502 ὑποϐληθέντας
3167 5429 3517 5500 αἰτησάμενοι
3547 5425 3774 5495 ἀνατέμρ

2203 5543 2403 5588 νουσιν,
2429 5526 2515 5578 ἴνα
2543 5525 2628 5578 διὰ
2652 5525 2760 5577 τῶν
2794 5524 3060 5576 ὑποδίκων
3081 5522 3156 5592 τῷ
3181 5522 3392 5591 θανάτῳ
3416 5518 3691 5589 ὠφέλιμόν
3717 5533 3771 5570 τι

2202 5621 2314 5684 τοῖς
2343 5618 2646 5691 ἀνθρώποις
2679 5617 2999 5691 ἐφεύρωσιν·
3027 5617 3200 5680 οὕτως
3230 5618 3258 5670 ὁ
3289 5619 3465 5670 πᾶσαν
3495 5611 3776 5685 ἀνθρωπί-

1545 5797 1583 5828 ¹⁵
1607 5795 1780 5854 Exod.
1818 5813 1930 5853 vui.
2012 5796 2053 5829 ¹⁶
2079 5794 2253 5853 Exod.
2289 5813 2366 5854 ιι.
