4072 6342
367 322 469 378 ῗὸιι

1277 314 1547 371 SPURIA.
1587 342 1653 353 —
1689 307 2040 367 COMMENT.
2082 305 2150 361 ΙΝ
2188 298 2682 361 HEXAEMERON.

3484 299 3585 357 790

366 456 463 509 νην
496 434 685 504 σοφίαν
719 431 1059 506 ὑπερϐαίνων
1091 431 1220 496 Θεὸς
1248 433 1334 485 διὰ
1369 429 1462 484 τοῦ
1504 429 1717 483 άνίατον
1756 433 1932 500 ἡμαρ-

2034 425 2324 479 humanam
2395 422 2715 492 sapientiam
2782 433 3089 490 superans,
3141 435 3237 490 per
3300 434 3421 474 eum
3494 423 3584 490 qni

363 527 591 599 τηκάτος
638 523 837 596 Φαραὼ
886 526 1088 595 σημεῖα
1143 524 1350 594 μεγάλα
1395 522 1649 582 δείκνυσι,
1692 522 1780 574 τὸν
1831 523 1928 591 μὲν

364 618 516 684 ἄξιον
567 617 833 688 τιμωρίας
866 614 1127 678 κολάζων,
1161 616 1285 677 τοὺς
1324 614 1379 667 δὲ
1427 614 1562 683 μετὰ
1607 612 1779 666 ταῦτα
1803 629 1927 681 γεν-

364 707 639 778 νωμένους
668 704 1004 778 θεραπεύων,
1050 704 1317 775 σωτηρίας
1356 705 1608 757 ὑπόθεσιν
1638 704 1735 776 τὴν
1766 702 1929 757 αὑτοῦ

363 800 636 871 τιμωρίαν
661 798 842 862 αὑτοῖς
865 798 1250 870 παρεχόμενος.

434 978 763 1047 Συναγαγὼν
794 971 886 1031 οῦν
926 977 1104 1030 πᾶσαν
1130 976 1231 1049 τὴν
1261 975 1485 1045 δύναμιν
1521 977 1549 1028 6
1580 973 1795 1045 Φαραὼ,
1834 976 1929 1046 ἆρ-

370 1088 515 1142 ματα
561 1071 659 1141 μὲν
700 1069 966 1132 διακόσια,
1034 1068 1244 1121 ἱππέων
1296 1067 1352 1121 δὲ
1407 1067 1669 1138 μυριάδας
1701 1074 1771 1133 κ’,
1806 1069 1929 1130 τοὺς

379 1163 715 1235 Ἰσραηλίτας
761 1162 997 1215 ἐδίωκεν.
1031 1162 1093 1214 Οἱ
1130 1160 1206 1223 δὲ,
1241 1160 1602 1231 διαιρεθείσης
1640 1160 1741 1229 τῆς
1773 1160 1927 1229 Ἐρυ-

366 1257 504 1329 θρᾶς
560 1255 832 1325 Θαλάσσης
887 1252 990 1307 ὑπὸ
1017 1252 1311 1316 Μωὺσέως,
1365 1252 1742 1322 προστάγματι
1793 1249 1927 1303 Θεοῦ

367 1348 717 1415 ἐπορεύοντοο
752 1346 845 1398 καὶ
884 1343 1167 1411 Αἰγύπτιοι
1217 1343 1442 1395 κατόπιν
1472 1341 1647 1395 αὐτῶν
1687 1340 1933 1395 ἐλαύνον-

368 1456 458 1503 τες
485 1435 990 1506 κατεποντώθησαν,
1011 1436 1078 1504 τῇ
1112 1432 1291 1504 ράὄδῳ
1330 1433 1423 1486 τοῦ
1454 1434 1729 1495 Μωῦσέως
1758 1431 1929 1486 πατά-

370 1530 577 1597 ξαντος,
605 1530 698 1582 κα)⁵
718 1528 1110 1596 συναγαγόντος
1130 1526 1198 1579 τὰ
1228 1525 1415 1579 ὑδατα.

438 1623 516 1693 Τῇ
551 1621 594 1675 δ’
621 1618 875 1691 ὑστεραίᾳ
897 1616 1181 1689 ἡμέρᾳ,τά
1212 1617 1348 1669 ὅπλα
1379 1616 1488 1671 τῶν
1518 1617 1825 1684 Αἰγυπτίων
1853 1617 1930 1687 τῷ

369 1712 561 1785 πλήθει
583 1713 687 1766 τῶν
722 1713 984 1785 Ἐϐραίων
1007 1712 1344 1782 προσήνεγκε
1377 1710 1435 1764 τὸ
1465 1711 1605 1781 ὑδωρ
1628 1710 1929 1779 ὠθούμενον

2029 518 2146 572 sine
2193 530 2287 585 spe
2336 515 2442 569 ulla
2480 512 2757 568 medicina:
2797 511 3041 582 peccavit
3067 510 3401 567 Pharaonem
3433 514 3584 582 signa

2029 623 2223 679 magna
2284 605 2541 669 ostendit,
2607 618 2732 660 eum
2790 604 2883 673 qui
2942 602 3208 674 supplicio
3256 604 3452 675 dignus
3502 613 3585 661 est

2028 699 2335 768 castigans,
2385 706 2439 752 et
2501 710 2595 751 eos
2650 694 2743 764 qui
2795 694 2870 749 illi
2937 697 3229 750 succedent
3286 696 3474 753 fovens
3530 704 3585 753 et

2029 806 2249 856 sanans,
2304 789 2493 846 salutis
2548 789 2882 858 punitionem
2923 787 3067 844 illius
3116 789 3375 845 exhibens
3425 806 3584 861 argu-

2029 892 2289 939 mentum.

2100 976 2283 1045 Itaque
2326 973 2540 1029 Pharao
2566 976 2605 1005 "
2656 975 2909 1030 universo
2958 974 3198 1028 exercitu
3242 955 3538 1031 convocato
3564 1017 3579 1041 ,

2029 1066 2280 1121 curribus
2310 1066 2577 1129 ducentis,
2610 1065 2851 1135 equitatu
2883 1064 2949 1118 ad
2977 1065 3193 1134 triginta
3252 1068 3437 1133 millia,
3489 1083 3583 1124 su-

2030 1156 2347 1227 perveniens
2378 1156 2647 1213 lsraelitas
2677 1157 3023 1226 sequebatur,
3054 1158 3145 1227 qui
3184 1172 3331 1212 mare
3374 1157 3578 1225 Rubro,

2032 1247 2103 1299 ita
2132 1246 2356 1315 jubente
2387 1246 2517 1309 Deo,
2553 1248 2606 1299 in
2639 1247 2773 1301 duas
2798 1254 2978 1315 partes
3007 1247 3180 1302 diviso
3207 1264 3300 1319 per
3324 1248 3582 1321 Moysen),

2030 1339 2133 1392 iter
2157 1338 2446 1404 habebant,
2482 1346 2534 1392 et
2557 1336 2796 1408 Egyptii
2832 1352 3050 1393 aversos
3101 1355 3196 1394 eos
3243 1339 3580 1410 invadentes,

2030 1428 2271 1483 immersi
2295 1436 2441 1492 sunt,
2477 1429 2667 1483 baculo
2703 1428 2881 1500 Moyse
2909 1430 3261 1499 percutiente,
3314 1439 3367 1486 et
3414 1447 3582 1502 aquas

2029 1516 2085 1573 in
2125 1535 2291 1573 unum
2318 1528 2697 1591 congregante.

2100 1608 2326 1665 Postero
2348 1608 2436 1664 die
2450 1609 2821 1681 Egyptiorum
2841 1627 2987 1666 arma
3001 1613 3067 1667 ad
3082 1613 3476 1669 multitudinem
3488 1612 3583 1669 Ju-

2030 1704 2266 1757 dmorum
2286 1719 2479 1773 aquam
2498 1713 2656 1758 vento
2672 1704 2920 1773 peliente,
2940 1706 3114 1759 delata
3136 1714 3282 1760 snnt.
3298 1705 3360 1759 Et
3375 1705 3585 1777 Moyses

366 1777 473 1861 ὑπό
498 1806 591 1858 τοῦ
624 1777 943 1875 πνεύματος.
968 1777 1077 1857 Καὶι
1101 1805 1128 1856 6
1151 1777 1386 1873 Μωῦσῆς
1410 1777 1632 1865 εἰκάσας
1660 1803 1753 1855 καὶ
1776 1777 1931 1855 τοῦτο

2033 1795 2135 1849 hoc
2160 1810 2375 1865 quoque
2395 1795 2579 1848 divina
2607 1794 2946 1850 Providentia
2968 1798 3259 1869 contigisse
3281 1808 3432 1854 ratus
3477 1801 3585 1855 illis

366 1904 429 1970 ταῇ
466 1899 557 1953 τοῦ
588 1896 722 1951 Θεοῦ
754 1895 1078 1966 γεγενῆσθαι
1108 1895 1352 1966 προνοίᾳ,
1372 1894 1655 1947 ἐκέλευσεν
1680 1894 1817 1947 αὐτὰ
1838 1911 1934 1947 πο-

368 1991 645 2065 ρίσασθαι,
687 1992 834 2053 ὅπως
870 1988 944 2060 μὴ
983 1986 1090 2042 εἷεν
1131 1987 1368 2042 ἄνοπλοι.
1406 1986 1775 2056 Ἀφικνοῦνται
1802 1987 1932 2056 γοῦν

363 2086 447 2148 εις
467 2084 566 2153 τὴν
589 2082 808 2155 ἔρημον.

436 2174 550 2229 Καὶ
575 2173 604 2225 6
643 2171 964 2242 Ῥαγουῆλος
994 2170 1088 2224 καὶ
1132 2169 1314 2240 Ἰοθὼρ
1342 2168 1623 2240 (διώνυμος
1643 2166 1749 2238 γὰρ
1772 2165 1932 2237 ὲτύγ-

364 2268 549 2339 χανεν)
570 2266 872 2334 ἀφικνεῖται
895 2263 1029 2334 πρὸς
1048 2262 1137 2315 τὸν
1150 2263 1408 2332 Μωϋσῆν,
1428 2261 1761 2331 ἐπαγόμενος
1789 2259 1934 2331 αὑτῷ

364 2359 463 2429 τὴν
476 2359 708 2426 γυναῖκα
730 2355 822 2408 καὶ
850 2354 975 2416 τοὺς
988 2351 1137 2414 υἱούς
1157 2369 1169 2383 ·
1193 2352 1285 2405 καὶ
1305 2350 1488 2421 μαθὼν
1507 2352 1684 2402 πᾶσαν
1700 2352 1828 2421 παρ’
1841 2350 1937 2403 αὑ-

364 2448 461 2503 τοῦ
508 2447 605 2518 τὴν
638 2447 758 2499 κατ’
803 2443 1111 2513 Αἰγυπτίων
1155 2441 1248 2495 τοῦ
1294 2440 1427 2493 Θεοῦ
1476 2439 1931 2510 θαυματουργίαν,

366 2538 707 2609 κατεπλάγη,
741 2536 835 2590 καὶ
870 2534 1083 2599 ὲδόξασε
1116 2534 1206 2586 τὸν
1248 2532 1398 2585 Θεόν.
1428 2528 1537 2585 Ἦν
1570 2532 1626 2584 δὲ
1658 2526 1830 2596 οὗτος,
1860 2529 1934 2595 ὥς

366 2652 520 2702 φασι,
567 2631 658 2687 τοῦ
702 2629 949 2701 Ἀϐραὰμ
978 2629 1261 2696 ἀπόγονος,
1300 2624 1358 2692 ἐξ
1401 2626 1518 2689 ἐνὸς
1563 2625 1670 2677 τῶν
1702 2626 1767 2677 ἐκ
1796 2627 1933 2679 Χετ-

366 2727 562 2796 τόυρας
617 2723 980 2794 γεννηθέντων
1007 2720 1154 2790 αὑτῷ
1183 2720 1421 2789 τεχθείς·
1454 2720 1517 2771 ὲκ
1560 2718 1668 2788 γὰρ
1696 2717 1788 2771 τοῦ
1835 2719 1932 2770 Ἰε-

366 2819 468 2883 ζάν
514 2817 728 2886 ἐγένετο
781 2815 969 2877 Δάδαν,
1026 2812 1309 2883 Ῥαγουὴλ,
1357 2810 1539 2881 Ἰοθὼρ
1612 2812 1705 2863 καὶ
1746 2808 1929 2863 Ὀὸάὸ.

366 2908 565 2974 Δεξιῶς
596 2902 687 2959 οὑν
732 2905 892 2957 αὑτὸν
928 2902 1455 2973 φιλοφρονησάμενος
1503 2901 1531 2953 6
1559 2899 1817 2967 Μωῦσῆς,
1854 2900 1935 2960 είς

364 3003 493 3064 τοὺς
524 3000 755 3062 οἰκείους
783 2998 979 3059 τόπους
1007 2994 1379 3066 προέπεμψεν,

439 3096 611 3158 Αὐτὸς
641 3094 696 3147 δὲ
726 3092 923 3154 πολλάς
963 3090 1098 3160 πρὸς
1125 3090 1185 3141 τὸ
1215 3090 1478 3159 χρήσιμον
1514 3086 1626 3147 τοῖς
1669 3082 1935 3156 Ἑϐραίοις
1959 3107 2001 3166 c

366 3185 733 3257 νομοθετήσας
758 3185 785 3236 6
816 3181 1056 3250 Μωῦσῆς
1085 3180 1420 3249 ἐτελεύτησε,
1459 3176 1656 3247 βιώσας
1687 3176 1777 3246 ἔτη
1814 3175 1895 3247 ρκ’
1914 3193 1927 3207 ο

364 3285 460 3337 καὶ
508 3278 704 3349 Ἰησοῦς
731 3277 759 3328 6
790 3274 947 3344 Ναυῆ
978 3274 1074 3344 τὴν
1103 3270 1395 3342 ἡγεμονίαν
1422 3269 1585 3323 αὑτοῦ
1616 3268 1931 3338 διαδέχεται,

366 3372 462 3426 καὶ
496 3370 677 3437 ἐξάγει
724 3368 821 3438 τῆς
854 3367 1059 3437 ἐρήμου
1085 3364 1172 3418 τὸν
1205 3363 1353 3429 λαὸν,
1381 3361 1474 3432 ἐτη
1504 3362 1555 3431 μ’
1588 3363 1643 3413 ὲν
1662 3362 1804 3430 αὑτῇ.
1819 3361 1934 3414 δια-

365 3464 651 3536 τρίψαντα,
692 3462 775 3529 ὲφ’
803 3455 871 3529 ἦς
898 3458 975 3511 ἔτι
1003 3456 1073 3510 τὰ
1124 3455 1242 3525 ίχνη
1270 3455 1367 3525 τῆς
1417 3456 1784 3525 κατοικήσεως
1827 3454 1935 3506 τῶν

382 3555 643 3609 Ἰουδαίων
673 3552 918 3617 σώζεται.
946 3552 1006 3603 Οί
1036 3549 1144 3620 γάρ
1169 3550 1327 3619 χάριν
1357 3547 1598 3616 ἱστορίας
1619 3548 1731 3608 τοῖς
1750 3545 1935 3607 τόποις

366 3644 820 3715 ἐπιδημήσαντες,
853 3640 961 3692 τῶν
997 3638 1208 3708 σκηνῶν
1249 3636 1451 3699 τύπους
1482 3635 1561 3687 ἔτι
1616 3634 1934 3687 συνεστάναι

365 3735 678 3807 διηγοῦνται
722 3734 913 3805 μυρίου
978 3731 1215 3802 πλήθους
1254 3727 1603 3799 ὑπαρχούσας
1676 3725 1937 3797 [Ῑ.ὑπαρ-

368 3825 695 3899 χουσῶν],τό
713 3841 773 3879 τε
835 3826 1043 3877 Σιναῖον
1071 3823 1195 3893 ὅρος
1224 3819 1559 3891 θεωρεῖσθαι,
1607 3819 1735 3889 παρ’
1833 3819 1934 3882 τὰς

370 3915 689 3986 νομοθεσίας
741 3918 769 3969 6
805 3912 1048 3982 Μωῦσῆς
1095 3911 1305 3983 εἴληφε,
1349 3910 1443 3962 καὶ
1498 3908 1706 3961 ἕκαστα
1732 3905 1838 3958 τῶν
1878 3905 1937 3958 έν

374 4007 444 4077 μέ
454 4024 533 4078 ρει
567 4004 1081 4079 ἀναγεγραμμένων.

442 4098 709 4170 Ζητητέον
746 4096 821 4149 δέ’
844 4098 905 4149 Oi.
947 4095 1183 4166 Ἑϐραῖοι
1216 4094 1272 4145 ἐν
1301 4095 1365 4163 τῇ
1398 4089 1654 4160 Αἰγύπτῳ
1681 4086 1939 4159 παρῴκη-

371 4207 473 4243 σαν
498 4190 590 4260 έτη
620 4196 663 4240 υ¹
681 4189 773 4241 καὶ
796 4188 859 4251 λ’,
887 4186 981 4239 καὶ
1007 4186 1126 4256 οὐχὶ
1146 4192 1203 4237 ιε’
1236 4185 1326 4237 καὶ
1348 4182 1593 4236 διακόσια
1609 4183 1671 4250 ·ή
1712 4180 1807 4251 μὲν
1830 4177 1937 4249 γὰρ

369 4282 480 4337 τῶν
531 4282 735 4351 χρόνων
766 4278 962 4348 ἑφεξῆς
1013 4275 1300 4346 ἀναγραφὴ
1349 4280 1441 4327 σιε¹
1477 4274 1749 4345 σημαίνει,
1805 4272 1838 4340 η
1880 4269 1937 4322 δὲ

370 4371 563 4442 Γραφὴ
598 4378 641 4422 υ⁹
679 4371 773 4422 καὶ
808 4369 870 4423 λ’.
910 4368 1071 4435 Λέγει
1108 4368 1233 4438 γάρ,
1263 4366 1346 4417 ὅτι
1378 4363 1659 4432 πάροικον·
1678 4363 1847 4414 ἔσται
1870 4358 1936 4412 τὸ

367 4462 613 4532 σπέρμα
638 4461 743 4515 τοῦ
770 4459 1025 4529 Ἀϐραὰμ
1048 4459 1117 4511 ἐν
1137 4456 1213 4527 γῇ
1233 4456 1520 4523 ἀλλοτρίᾳ
1539 4454 1643 4520 ἐτη
1666 4457 1779 4507 υλ¹.

442 4556 667 4627 Πρῶτον
697 4555 793 4625 μὲν
819 4551 909 4606 οὖν
939 4554 1094 4622 ὲπιτη
1106 4551 1313 4621 ρητέον,
1337 4550 1418 4602 ὅτι
1445 4548 1544 4600 οὑκ
1571 4544 1722 4598 εἶπεν
1749 4545 1818 4597 ἐν
1841 4545 1937 4597 Αί-

371 4649 593 4718 τύπτῳ,
626 4646 739 4699 ἀλλ’
771 4647 838 4698 ἐν
898 4642 975 4713 γῆ
1020 4642 1304 4709 ἀλλοτρίᾳ
1334 4626 1620 4707 πάροικον
1670 4637 1838 4690 ἔσται
1870 4634 1937 4688 τὸ

371 4737 611 4805 σπέρμα
656 4733 761 4788 τοῦ
817 4732 1105 4799 Ἀϐραάμ·
1133 4730 1389 4799 ἀλλοτρία
1432 4728 1489 4780 δὲ
1531 4727 1739 4796 ὑπῆρχε
1782 4724 1934 4793 καὶὴ

372 4828 654 4882 Χαναναία
698 4827 790 4897 γῆ,
835 4827 899 4896 ἢν
931 4823 1256 4895 παρῴκησεν
1288 4824 1316 4875 6
1358 4819 1561 4881 Ἰσαὰκ,
1591 4818 1811 4888 σπέρμα
1840 4815 1933 4867 τοῦ

385 4921 634 4992 Ἀϐραὰμ
690 4919 796 4990 πρὸ
838 4917 1053 4970 πάντων
1097 4914 1256 4976 αὑτὸς
1303 4911 1581 4981 τυγχάνων
1628 4907 1931 4977 ἐξαίρετον·

373 5013 488 5076 υίὸς
502 5012 611 5082 γὰρ
637 5007 725 5082 ἦν.
744 5010 910 5082 Δῆλον
930 5005 1043 5071 οὖν,
1062 5009 1141 5060 ὅτι
1160 5006 1264 5077 πρὸ
1293 5004 1383 5058 τοῦ
1410 5000 1809 5073 κληρονομῆσαι
1829 4997 1935 5050 τῶν

371 5103 684 5171 ἀλλοφύλων
696 5102 794 5172 τὴν
808 5100 931 5171 γῆν,
944 5099 1186 5169 ὑπῆρχον
1204 5095 1452 5166 πάροικοι
1469 5092 1660 5162 μέχρις
1679 5089 1812 5141 ὲτῶν
1838 5087 1934 5151 υλ’,

372 5194 449 5258 ὥς
474 5212 578 5248 που
601 5195 694 5247 καί
721 5195 749 5247 6
787 5190 1101 5253 Ἀπόστολος
1119 5189 1283 5256 λέγει’
1314 5185 1608 5251 Ammian
1650 5196 1938 5249 προκεκυ-

364 5288 642 5357 ρωμένην
667 5285 785 5341 ὑπὸ
821 5282 967 5339 Θεοῦ
986 5282 1133 5351 μετὰ
1159 5281 1262 5346 ἐτη
1285 5282 1397 5342 υλ’,
1425 5280 1510 5342 εἰς
1548 5275 1614 5328 τὸ
1644 5287 1939 5341 καρποφο-

370 5380 554 5449 ιγῆσαι
607 5379 724 5445 τὴν
776 5374 1167 5445 ἐπαγγελίαν·
1216 5372 1310 5424 καὶ
1366 5369 1615 5439 ἐπιφέρει
1648 5384 1660 5397 ’
1730 5365 1813 5430 Τῷ
1871 5363 1938 5416 δὲ

384 5471 640 5538 Ἀϐραὰμ
667 5468 740 5522 δι’
765 5466 1122 5536 ἐπαγγελίας
1157 5461 1476 5530 ἐχαρίσατο
1520 5462 1551 5512 ό
1583 5459 1743 5521 Θεός.
1781 5453 1938 5515 Εἰκὸς

370 5558 486 5626 οὖν,
515 5564 598 5616 ὅτι
631 5562 687 5612 ἐν
722 5560 818 5631 μὲν
867 5561 931 5628 τῇ
968 5554 1243 5625 Χαναναία
1286 5560 1377 5607 σιε¹
1414 5550 1763 5621 παρῴκησαν,
1796 5550 1851 5600 ἐν
1882 5547 1936 5599 δὲ

448 5721 489 5754 ⁸⁷
517 5718 690 5773 Exod.
727 5733 835 5771 xiv.
915 5716 953 5747 "‘
979 5714 1149 5769 Exod.
1178 5728 1329 5767 xvm.

1410 5710 1449 5741 ¹⁹
1479 5708 1626 5762 Deut.
1656 5722 1764 5761 xw.
1828 5704 1901 5761 ,¹⁰
1927 5700 2052 5755 Cen.
2085 5717 2173 5756 xv.

2031 1901 2094 1941 ea
2121 1886 2221 1941 sibi
2250 1899 2564 1954 comparare
2584 1885 2878 1949 mandavit,
2903 1903 2971 1942 ne
3023 1888 3140 1943 sine
3176 1889 3340 1945 armis
3384 1889 3579 1945 forent.

2034 1976 2332 2033 Deveniunt
2360 1978 2573 2033 tandem
2599 1978 2653 2032 in
2688 1978 2959 2034 desertum
2993 1979 3057 2035 ¹⁸.

2104 2152 2169 2205 Ει
2200 2152 2489 2223 Ragnelus,
2533 2152 2647 2207 sive
2683 2151 2886 2218 Iothor,
2923 2160 3152 2223 utraque
3203 2154 3348 2209 enim
3395 2155 3581 2227 appel-

2033 2244 2234 2298 latione
2266 2244 2700 2314 nuncupabatur,
2726 2247 2873 2300 venit
2904 2245 2971 2299 ad
3020 2245 3275 2317 Moysem,
3302 2247 3402 2301 illi
3450 2262 3585 2302 uxo-

2034 2351 2147 2390 rem
2181 2335 2425 2406 ﬁliosque
2452 2336 2707 2399 alferens;
2729 2336 2822 2405 qui
2849 2352 2971 2390 cum
2997 2343 3170 2389 totum
3204 2336 3295 2391 Dei
3324 2337 3587 2392 adversus

2035 2425 2321 2496 Egyptios
2359 2441 2496 2495 opus
2519 2426 2836 2482 admirabile
2859 2427 3120 2492 audisset,
3154 2427 3584 2497 obstupefactus,

2032 2519 2259 2590 gloriam
2288 2520 2437 2575 dedit
2470 2520 2596 2574 Deo.
2643 2522 2771 2575 Erat
2820 2536 2949 2575 vero
2987 2521 3095 2585 hic,
3155 2528 3212 2575 ut
3262 2520 3461 2587 ferunt,
3520 2537 3589 2577 ex

2032 2612 2308 2666 Abraham
2349 2612 2635 2676 oriundus,
2668 2627 2735 2667 ex
2777 2629 2885 2668 uno
2926 2612 3179 2676 ﬁliorum,
3202 2628 3338 2683 quos
3389 2612 3477 2667 ille
3519 2627 3587 2669 ex

2033 2703 2298 2759 Chettura
2325 2704 2535 2768 habuit,
2566 2713 2755 2770 natus;
2783 2720 2848 2760 ex
2861 2703 3023 2759 Jezan
3036 2706 3178 2760 enim
3203 2716 3361 2762 natus
3381 2713 3465 2761 est
3480 2704 3589 2761 Da-

2034 2798 2159 2859 dan,
2188 2798 2412 2867 Raguel,
2443 2797 2622 2851 lothor
2652 2804 2705 2850 et
2731 2794 2901 2851 Obah.
2937 2795 3091 2850 Hunc
3138 2795 3367 2867 Moyses,
3392 2797 3469 2850 uti
3495 2813 3590 2867 par

2033 2896 2171 2953 erat,
2195 2888 2525 2957 perhumane
2550 2894 2828 2956 acceptum
2854 2886 2906 2940 in
2942 2887 3160 2957 propria
3190 2887 3308 2941 loca
3362 2886 3590 2943 dimisit.

2109 3060 2304 3115 Verum
2335 3059 2546 3131 Moyses
2582 3060 2647 3123 ι’,
2680 3060 2864 3115 multis
2912 3058 3121 3129 legibus
3174 3058 3409 3113 maximo
3463 3074 3588 3114 cum

2032 3152 2400 3207 emolumento
2430 3149 2630 3204 Judaeis
2653 3150 2799 3214 latis,
2825 3156 3073 3203 mortuus
3098 3157 3199 3211 est,
3226 3149 3399 3204 aetatis
3422 3164 3592 3213 anno-

2033 3259 2155 3298 rum
2175 3259 2301 3310 (ιιι,
2342 3250 2396 3299 et
2420 3241 2579 3297 Jesus
2605 3241 2746 3295 ﬁlius
2763 3240 2907 3295 Nave
2930 3240 3207 3311 copiarum
3239 3224 3432 3294 ductor
3467 3257 3592 3297 suc-

2033 3336 2196 3402 cedit,
2230 3344 2283 3391 et
2313 3335 2567 3405 papulum
2595 3335 2649 3387 in
2683 3332 3023 3388 solitudinem
3049 3346 3221 3386 annos
3235 3331 3592 3402 quadraginta

2033 3436 2427 3483 commoratum
2455 3426 2660 3493 eduxit,
2689 3425 2743 3477 in
2773 3440 2878 3494 qua
2908 3423 3085 3476 adhuc
3103 3421 3411 3476 Judaeorum
3440 3422 3591 3476 habi-

2034 3517 2255 3571 tationis
2282 3516 2507 3585 vestigia
2538 3499 2771 3584 'integra
2808 3519 3124 3567 cernuntur.
3165 3510 3267 3577 Qui
3316 3510 3460 3565 enim
3513 3512 3591 3565 vi—

2035 3610 2186 3665 sendi
2210 3624 2374 3663 causa
2405 3609 2470 3661 ad
2504 3608 2591 3661 illa
2611 3608 2725 3661 loca
2749 3604 2972 3675 profecti
3000 3610 3148 3667 sunt,
3182 3602 3359 3657 adhuc
3389 3602 3593 3658 formas

2036 3700 2387 3756 tentoriorum
2422 3697 2643 3752 infinitae
2674 3695 3038 3750 multitudinis
3083 3694 3323 3764 c0115pici
3378 3707 3593 3749 asseve-

2034 3800 2179 3857 rant,
2208 3801 2262 3847 et
2282 3791 2525 3847 Sinaium
2573 3796 2809 3845 montem
2840 3789 3016 3844 adhuc
3038 3794 3201 3850 stare,
3231 3787 3285 3842 in
3315 3800 3422 3856 quo
3450 3786 3592 3856 leges

2036 3887 2248 3957 Moyses
2270 3885 2497 3953 accepit,
2555 3890 2610 3938 et
2666 3896 3001 3953 quaecunque
3057 3879 3331 3951 sigillatim
3376 3878 3592 3948 scriptis

2036 3981 2250 4052 prodita
2273 3989 2417 4035 sunt.

2106 4070 2465 4139 Quaerendum
2499 4077 2678 4122 tamen
2701 4073 2783 4121 est
2808 4085 2821 4119 :
2846 4064 3055 4119 Hebraei
3087 4064 3139 4117 in
3170 4062 3402 4134 Egyplo
3434 4062 3592 4118 habi-

2035 4172 2221 4220 tarunt
2251 4162 2408 4217 annis
2440 4175 2566 4215 cccc
2592 4168 2643 4214 et
2665 4174 2771 4211 xxx
2821 4164 2873 4211 et
2897 4172 3001 4211 non
3049 4154 3359 4225 quindecim
3396 4161 3448 4208 et
3490 4169 3590 4220 cc;

2037 4272 2162 4311 nam
2194 4262 2499 4322 temporum
2532 4248 2845 4304 continuata
2876 4245 3191 4316 descriptio.
3220 4260 3353 4299 ccxv
3394 4244 3591 4309 innuit,

2039 4348 2131 4403 sed
2165 4346 2443 4415 Scriptura
2472 4356 2707 4396 ccccxxx
2734 4357 2748 4403 ;
2781 4339 2855 4390 ait
2884 4353 3115 4406 namque
3137 4337 3181 4368 ²⁰
3210 4356 3221 4391 :
3252 4335 3594 4405 Peregrinum

1967 4446 2012 4499 Ι)
2042 4438 2140 4491 erit
2166 4452 2339 4489 semen
2376 4432 2603 4486 Abrahw
2634 4433 2689 4484 in
2721 4440 2860 4483 terra
2888 4428 3061 4481 aliena
3099 4442 3262 4481 annos
3285 4441 3540 4479 ccccxxx.

2110 4529 2347 4581 Primum
2398 4527 2580 4594 itaque
2640 4521 3060 4582 observandum,
3106 4532 3213 4571 non
3262 4516 3488 4579 dixisse,
3543 4517 3595 4567 in

2041 4619 2290 4689 Egypto,
2314 4618 2405 4673 sed
2426 4619 2479 4670 in
2513 4626 2652 4669 terra
2690 4616 2863 4667 aliena
2902 4611 3227 4682 peregrinum
3278 4610 3376 4662 erit
3425 4625 3597 4662 semen

2041 4714 2287 4767 Abrahae.
2344 4711 2534 4764 Aliena
2581 4718 2761 4762 autem
2816 4714 2936 4761 erat
2988 4712 3041 4760 et
3104 4712 3247 4757 terra
3299 4700 3596 4766 Chanaam,

2040 4820 2201 4874 quam
2232 4803 2496 4857 habitavit
2518 4800 2690 4864 Isaac,
2713 4799 2807 4868 qui
2850 4811 2961 4866 pm
2982 4794 3235 4849 omnibus
3272 4794 3386 4863 ipse
3413 4807 3598 4845 semen

2040 4895 2270 4950 Abrahae
2297 4903 2412 4949 erat
2441 4892 2718 4947 eximium.
2751 4889 2879 4943 Erat
2920 4888 3119 4958 quippe
3172 4886 3333 4939 filius.
3376 4882 3603 4937 Manife-

2042 4998 2184 5043 stum
2217 4988 2398 5056 itaque
2434 4992 2539 5049 est,
2573 4998 2668 5038 eos
2717 4990 3006 5051 antequam
3061 4987 3407 5034 externorum
3444 4985 3601 5031 terra:

2081 5079 2286 5135 aeredes
2327 5077 2456 5132 facti
2508 5076 2759 5140 fuissent,
2801 5072 3116 5144 peregrinos
3168 5069 3383 5139 palassc
3429 5081 3601 5120 annos

2042 5191 2302 5239 ccccxxx,
2332 5169 2785 5243 quemadmodum
2803 5176 2857 5222 et
2875 5165 3164 5237 Apostolus
3190 5164 3266 5216 ait
3292 5161 3335 5192 “
3368 5180 3380 5217 :
3420 5160 3598 5214 Testa-

2044 5281 2271 5322 mentum
2298 5264 2803 5336 prwdetcrminamm
2831 5277 2861 5312 a
2886 5259 2989 5312 Deo
3014 5266 3129 5327 post
3152 5271 3315 5309 annos
3345 5268 3603 5317 cizccxxx,

2044 5369 2100 5411 ut
2133 5359 2477 5427 fructiﬁcaret
2504 5353 2817 5423 promissio;
2866 5359 2919 5404 et
2955 5349 3156 5416 subdit,
3207 5347 3473 5400 Abraham
3506 5361 3605 5397 au-

2045 5464 2145 5505 tem
2183 5467 2273 5520 per
2317 5448 2713 5517 promissionem
2760 5444 2903 5497 dedit
2963 5443 3121 5496 Deus.
3165 5440 3604 5494 Consentaneum

2046 5544 2226 5613 itaque
2255 5550 2358 5603 cst,
2395 5556 2487 5596 cos
2523 5541 2575 5593 in
2603 5538 2906 5592 Chananaea
2937 5534 3207 5589 habitasse
3230 5545 3402 5587 annos
3445 5544 3600 5594 ccxv,
3644 5600 3653 5608 ι

2283 5701 2322 5733 ²¹
2363 5697 2480 5753 (-al.
2516 5712 2589 5750 ιιι.
