4072 6342
534 299 633 358 ’191

1389 302 1450 360 8.
1487 300 1928 360 EUS‘I‘ATHIUS
1967 298 2456 361 ANTIOCHENUS
2491 299 2890 359 EPISCOPUS.

3648 302 3763 359 792

532 430 588 480 et
619 421 673 475 in
703 416 938 492 Egypto
963 417 1148 475 itidem
1170 434 1327 486 σοιν,
1362 423 1454 492 qui
1491 423 1652 478 simul
1680 431 1809 479 sunt
1825 437 2069 479 ccccxxx‘

2184 421 2250 491 τῇ
2279 418 2539 491 Αἰγύπτῳ
2556 418 2627 475 τὰ
2652 418 2793 474 αὑτὰ
2828 424 2945 485 σιε’,
2973 418 3116 491 ᾇπερ
3141 415 3274 489 ὁμοῦ
3297 418 3504 486 γίνεται
3535 417 3628 491 ἐτη
3651 418 3752 476 υλ’.

599 513 864 572 Caeterum
892 510 1125 567 ducente
1145 509 1274 567 Jesu
1294 515 1339 546 ”
1364 514 1642 584 populum,
1684 521 1737 570 et
1761 529 1943 569 arcam
1975 513 2083 569 Te-

532 604 784 666 stamenti
812 617 910 674 per
947 599 1264 667 Jordanem,
1288 618 1442 674 aqua:
1462 604 1650 660 divisae
1673 612 1800 660 sunt
1833 605 1889 659 in
1922 619 2085 661 unam

530 694 955 759 concretionem,
983 695 1237 750 maximis
1265 696 1460 769 spatiis
1480 696 1729 751 dissitam
1755 713 1771 764 ;
1801 712 1930 768 pars
1959 712 2085 753 vero

528 790 720 854 altera,
764 804 885 863 quas
927 790 983 844 in
1028 805 1179 845 mare
1224 791 1420 846 salium
1466 791 1783 856 ell‘unditur,
1834 793 1889 847 in
1934 807 2087 848 mare

526 880 765 943 Arabum
803 883 954 954 lapsa
979 890 1083 947 est,
1120 883 1293 940 donec
1326 884 1548 942 omnino
1568 884 1786 951 defecit,
1813 894 1869 941 et
1893 902 2085 944 omnes

526 977 676 1035 sicco
704 975 839 1046 pede
872 976 1239 1047 praetergressi
1291 981 1437 1033 circa
1485 976 1739 1034 Hiericho
1784 986 2085 1036 castrame—

524 1067 620 1125 tati
645 1074 770 1120 sunt
789 1067 853 1125 ”.
891 1065 1017 1121 Haec
1042 1066 1293 1121 maximis
1323 1076 1473 1137 septa
1497 1069 1770 1125 moenibus
1802 1073 2084 1128 munieba-

522 1167 630 1219 tur.
665 1158 754 1214 Dei
780 1158 960 1228 jussu,
989 1173 1106 1212 eam
1133 1173 1230 1228 per
1252 1159 1370 1214 dies
1401 1173 1492 1214 sex
1512 1161 1793 1220 obsidione
1820 1164 2079 1228 cinctam.

521 1250 751 1323 septima
780 1257 1068 1321 antequam
1107 1250 1224 1305 dies
1270 1250 1629 1317 illucesceret,
1662 1254 1901 1324 undique
1927 1257 2080 1312 inva-

522 1358 637 1400 sam
677 1342 821 1399 tubis
859 1342 1253 1412 clangentibus,
1294 1342 1655 1414 universeque
1695 1347 1895 1417 populo
1941 1364 2082 1403 nna-

520 1439 651 1496 nimi
680 1453 948 1494 consensu
983 1438 1048 1493 ad
1091 1437 1432 1493 clamandum
1462 1453 1492 1492 a
1521 1439 1898 1497 sacerdotibus
1927 1443 2078 1499 exci-

520 1540 656 1597 tato,
682 1541 735 1589 et
766 1547 922 1603 opem
970 1529 1199 1596 ferente,
1228 1529 1592 1600 diripuerunt,
1624 1540 1844 1602 repente
1883 1535 2079 1589 mami-

520 1625 623 1684 bus
654 1623 931 1694 collapsis,
967 1630 1245 1691 totamque
1271 1621 1497 1677 Domino
1526 1631 1831 1680 sacrarunt.

590 1712 720 1769 Post
745 1714 791 1746 ’δ
815 1712 1070 1769 Hiericho
1107 1713 1310 1768 civitati
1333 1711 1433 1768 Vai
1465 1714 1815 1780 insidiantur,
1844 1731 2077 1787 eamque

2255 512 2540 582 Διάγοντος
2566 511 2621 570 δὲ
2651 510 2746 570 τοῦ
2778 509 2950 583 Ἰησοῦ
2977 510 3068 565 τὸν
3095 509 3220 564 λαὸν
3272 510 3368 564 καὶ
3393 508 3492 582 τὴν
3523 510 3757 567 κιϐωτὸν

2182 602 2284 675 τῆς
2307 601 2579 674 Διαθήκης
2602 601 2689 657 διὰ
2722 600 2817 656 τοῦ
2861 601 3148 675 Ἰορδάνου,
3179 601 3361 674 διέστη
3388 602 3455 656 τὰ
3489 601 3658 658 ὕδατα
3674 605 3757 667 είς

2184 700 2379 772 πῆγμα
2417 699 2476 752 ἓν
2508 698 2813 768 ἀφεστηκὸς
2856 696 3071 773 μακρὰν
3109 696 3342 769 σφόδρα’
3377 696 3437 750 τὸ
3477 697 3535 753 δὲ
3585 714 3757 752 καταρ-

2186 789 2368 848 ϐαἰνον
2399 790 2479 852 είς
2503 787 2601 862 τὴν
2632 787 2905 845 Θάλασσαν
2934 787 3039 843 τῶν
3062 786 3202 840 ἀλῶν
3229 784 3442 859 Ἄραϐα
3462 788 3753 860 κατῆλθεν,

2182 882 2288 947 ἕως
2314 876 2375 937 οὗ
2403 885 2482 947 είς
2505 882 2657 945 τέλος
2687 880 2921 946 ἐξέλιπε,
2957 880 3052 935 καὶ
3083 879 3281 944 πάντες
3310 879 3399 932 επὶ
3442 878 3612 952 ξηρᾶς
3644 879 3755 935 διέ-

2184 972 2388 1046 ϐησαν,
2423 973 2517 1027 καὶ
2551 972 3061 1047 στρατοπεδεύουσιν
3109 971 3204 1024 ἐπὶ
3244 969 3342 1042 τὴν
3381 971 3603 1043 Ἰεριχὼ.
3641 968 3753 1030 Ἦν

2181 1062 2239 1117 δὲ
2285 1065 2423 1135 αὕτη
2474 1064 2747 1135 μεγίστοις
2804 1063 3138 1139 ὠχυρωμένη
3200 1064 3421 1134 τείχεσι.
3474 1063 3752 1119 Κυκλοῦσι

2179 1156 2310 1226 γοῦν
2339 1156 2506 1228 αὑτὴν
2535 1156 2626 1211 ἐπὶ
2655 1155 2864 1229 ἡμέρας
2904 1155 2983 1226 ἐξ,
3015 1154 3149 1209 Θεοῦ
3182 1154 3582 1228 προστάξαντος
3602 1170 3619 1191 ο
3652 1155 3753 1214 καὶ

2179 1248 2245 1317 τῇ
2275 1245 2471 1318 ἑϐδόμη
2494 1246 2688 1318 ὄρθρου
2715 1245 3005 1317 περιῆλθον
3027 1246 3194 1318 αὑτὴν
3218 1244 3443 1316 ἕϐδομον
3464 1244 3748 1314 κυκλόθεν,

2178 1338 2273 1392 καὶ
2313 1339 2363 1394 oi
2399 1338 2560 1409 ἱερεῖς
2601 1336 2993 1406 σαλπίγξαντες
3030 1343 3149 1401 ταῖς
3201 1335 3454 1405 σάλπιγξι
3490 1336 3582 1389 τὸν
3622 1334 3751 1391 λαὸν

2177 1428 2354 1487 πάντα
2388 1426 2647 1494 ἀλαλάξαι
2672 1428 3004 1501 ὁμοθυμαδὸν
3041 1429 3351 1502 διήγειραν·
3388 1430 3483 1483 καὶ
3515 1428 3750 1501 βοησάν-

2176 1537 2284 1575 των
2311 1517 2488 1578 αὑτῶν
2513 1558 2528 1582 ,
2571 1519 2906 1598 παραχρῆμα
2936 1519 2998 1575 τὸ
3032 1522 3207 1593 τεῖχος
3240 1518 3423 1581 ἔπεσε,
3462 1521 3555 1573 καί⁵
3605 1517 3750 1572 ἑάλω

2179 1609 2215 1684 ή
2247 1607 2420 1672 πόλις,
2450 1606 2544 1663 καὶ
2569 1609 2716 1661 πᾶσα
2742 1608 2819 1679 τῷ
2851 1608 3039 1681 Κυρίῳ
3067 1608 3308 1680 ὑπῆρξεν
3341 1607 3617 1679 ἀνάθημα.

2248 1702 2359 1756 Καὶ
2390 1702 2526 1773 μετὰ
2557 1703 2656 1771 τὴν
2686 1698 2891 1777 Ἱεριχὼ
2915 1700 3251 1773 ἐνεδρεύουσι
3281 1702 3378 1772 τὴν
3412 1701 3566 1754 πόλιν
3590 1699 3745 1769 Οὑαῒ,

519 1814 729 1877 captam
758 1806 882 1876 igne
905 1805 1280 1878 absumpsere,
1310 1816 1363 1863 et
1405 1821 1585 1878 regem
1631 1808 1779 1864 illius
1808 1808 1954 1880 ligno
1977 1824 2069 1880 ap-

2177 1794 2271 1850 καὶ
2291 1793 2543 1856 λαϐόντες
2562 1793 2731 1865 αὑτὴν
2753 1792 3078 1865 ἐνέπρησαν,
3103 1794 3196 1847 καὶ
3220 1794 3309 1846 τὸν
3337 1792 3557 1864 βασιλέα
3578 1792 3747 1862 αὑτῆς

518 1912 768 1968 pensum,
805 1897 879 1951 ita
907 1895 1035 1957 Iesu
1080 1901 1450 1971 praecipiente,
1489 1901 1638 1955 cruci
1676 1899 1980 1966 aﬂixerunt,
2022 1909 2077 1955 et

512 1989 798 2050 occidente
833 1994 967 2061 sole,
1013 1994 1067 2048 in
1105 1995 1300 2048 vallem
1342 2007 1545 2064 corpus
1587 1992 1733 2052 illius
1776 1993 2075 2066 projectum

519 2100 711 2143 acervo
742 2085 978 2161 lapidum
1008 2084 1326 2141 obruerunt.

587 2262 918 2326 Gabaonitaz,
949 2262 1042 2318 ubi
1090 2263 1157 2319 ad
1197 2278 1293 2319 eos
1328 2260 1678 2318 Iudaicarum
1730 2261 2076 2318 obsidionum

517 2355 660 2417 fama
683 2354 859 2410 delata
904 2361 990 2410 est
1025 2355 1200 2426 (erant
1225 2357 1367 2411 enim
1395 2369 1584 2409 eorum
1614 2352 1829 2409 ﬁnitimi
1867 2366 1922 2410 et
1950 2369 2077 2426 pro-

515 2446 752 2519 pinqui),
775 2446 1041 2501 malitiose
1071 2445 1339 2501 lsraelitas
1379 2446 1482 2501 hoc
1511 2452 1671 2517 pacto
1708 2447 1991 2502 eluserunt
2004 2449 2072 2499 ".

517 2537 598 2599 Ne
654 2540 797 2593 enim
848 2538 1291 2608 approximantes
1346 2538 1493 2593 circa
1548 2553 1734 2594 eorum
1801 2538 2075 2594 civitatem

520 2636 1065 2694 rastrametarentur,
1097 2637 1395 2685 occurrunt
1433 2630 1567 2694 illis,
1612 2638 1761 2685 veste
1792 2636 1845 2684 et
1877 2630 2077 2686 calceis

515 2719 768 2775 discissis
801 2718 995 2784 induti,
1030 2724 1188 2788 panis
1214 2719 1347 2775 sicci
1377 2720 1633 2791 carieque
1659 2719 1838 2786 obesi,
1884 2735 2076 2777 saccos

516 2819 777 2879 uiresque
813 2818 1059 2865 vetustos
1092 2819 1392 2880 portantes,
1413 2811 1774 2882 quidixerunt
1797 2831 1810 2868 :
1835 2830 1853 2863 ι
1876 2809 2076 2866 Nostra

513 2900 707 2956 civitas
765 2901 925 2971 longe
964 2901 1153 2957 dissita
1177 2909 1291 2967 est;
1325 2917 1495 2972 panes
1514 2903 1659 2958 enim
1695 2902 1797 2957 hos
1825 2907 2073 2958 recentes

510 2991 670 3055 nobis
690 2992 1017 3062 paravimus,
1044 2994 1530 3065 vestimentumque
1545 3008 1652 3064 quo
1672 2994 1957 3060 volvimur,
1976 3009 2076 3047 no-

514 3097 635 3140 rum
666 3090 804 3148 erat,
833 3097 959 3137 cum
1004 3082 1301 3147 induimus,
1333 3084 1612 3154 calceique
1644 3085 1791 3150 novi,
1822 3100 1948 3140 eum
1976 3100 2072 3141 eos

512 3174 738 3248 pedibus
768 3175 1142 3248 adaptavimus
1170 3194 1185 3244 ;
1210 3178 1303 3232 sed
1332 3176 1446 3232 haec
1473 3178 1652 3232 omnia
1699 3178 1916 3248 longum
1943 3193 2071 3248 pro-

511 3266 840 3338 ductumque
888 3269 993 3324 iter
1039 3266 1275 3324 cont‘ecit
1332 3269 1653 3324 inveterata.
1709 3269 1846 3325 lnite
1904 3270 2072 3341 igitur

508 3357 792 3420 nobiscum
817 3375 1025 3430 pacem,
1051 3366 1105 3416 et
1128 3361 1182 3415 in
1197 3360 1488 3415 amicitiam
1520 3358 1800 3431 foedusque
1828 3368 2071 3418 vestrum

508 3467 610 3508 nos
645 3451 931 3509 admittite.
968 3471 987 3505 ι
1010 3451 1457 3510 Etbeatuslesns
1476 3452 1838 3523 jurejurando
1876 3452 2070 3507 amici-

507 3543 636 3600 tiam
674 3558 797 3598 cum
848 3543 955 3599 illis
996 3543 1236 3599 habitam
1278 3544 1522 3599 stabiliit.
1567 3542 1853 3614 Deinceps,
1877 3557 2067 3598 eorum

507 3633 632 3690 dolo
680 3643 977 3706 comperto,
1008 3637 1075 3689 ab
1131 3636 1233 3701 eis,
1279 3652 1350 3692 ne
1384 3637 1769 3708 jusjurandum
1818 3636 2067 3702 violaret,

511 3724 794 3789 abstinuit,
824 3724 917 3778 sed
967 3725 1109 3795 ligna
1135 3733 1188 3779 et
1223 3740 1417 3795 aquam
1464 3726 1830 3787 lsraelitarum
1869 3725 2069 3799 populo

504 3812 794 3879 advehere,
819 3829 917 3885 pro
943 3814 1332 3886 fraudejussit.

576 3989 682 4051 Sed
711 3989 1069 4055 Adonlbezeo,
1087 4004 1180 4046 rex
1199 3989 1555 4060 Hierusalem,
1578 3991 1917 4059 Gabaonitis,
1944 4001 2067 4050 tan.

504 4097 668 4154 quam
697 4083 805 4138 illis
838 4083 931 4154 qui
963 4083 1030 4139 ad
1059 4081 1331 4140 lsraelitas
1370 4084 1556 4140 hostes
1572 4084 1926 4149 defecissent,
1956 4086 2066 4142 ira-

502 4183 615 4240 tus,
666 4189 855 4230 omnes
906 4175 1164 4230 ﬁnitimos
1217 4191 1372 4247 reges
1417 4177 1519 4233 sibi
1556 4177 1760 4232 auxilio
1796 4177 2057 4250 jungens,

503 4264 684 4330 AElam
708 4282 889 4336 regem
920 4266 1193 4335 Chebron,
1219 4275 1273 4323 et
1302 4266 1532 4325 Phidom
1562 4284 1741 4340 regem
1770 4268 2060 4337 Jerimuth,

502 4365 557 4413 et
582 4356 748 4430 Sipha
786 4373 964 4427 regem
999 4357 1218 4426 Lachis,
1250 4374 1349 4415 nec
1383 4374 1494 4414 non
1522 4367 1576 4416 et
1601 4358 1715 4415 Dad
1744 4376 1924 4432 regem
1962 4360 2064 4416 Sa-

2178 1885 2272 1940 ὲπὶ
2318 1884 2472 1950 ξύλου
2516 1885 2922 1956 κρεμάσαντες,
2970 1884 3369 1957 προστάξαντος
3408 1884 3501 1938 τοῦ
3547 1883 3743 1952 Ἰησοῦ,

2177 1975 2544 2049 ἐσταύρωσαν.
2564 1976 2671 2031 Καὶ
2691 1974 2935 2041 δύνοντος
2953 1976 3046 2030 τοῦ
3073 1976 3224 2047 ἡλίου
3249 1975 3474 2049 ἔρριψαν
3497 1974 3559 2027 τὸ
3586 1975 3745 2045 σῶμα

2175 2068 2341 2124 αὑτοῦ
2383 2070 2465 2133 είς
2515 2068 2803 2141 φάραγγα,
2831 2069 2926 2122 καὶ
2981 2067 3141 2144 σωρῷ
3185 2067 3316 2121 αὑτὸ
3346 2066 3507 2123 λίθων
3538 2066 3750 2136 ἐπέχω-

2177 2178 2297 2219 σαν.
3271 2204 3307 2226 ν
3342 2208 3351 2215 .

2246 2254 2311 2308 Οἱ
2337 2253 2392 2308 δὲ
2410 2252 2765 2316 Γαϐαωνῖται,
2785 2249 2988 2304 τούτων
3023 2248 3123 2314 τὰς
3156 2249 3470 2323 πολιορκίας
3499 2247 3743 2320 πυθόμε-

2176 2360 2259 2398 νοι
2311 2343 2581 2416 (ὑπῆρχον
2614 2343 2722 2415 γὰρ
2759 2340 2936 2396 αὑτῶν
2970 2340 3392 2411 ἀστυγείτονες),
3418 2340 3743 2411 πανούργως

2174 2436 2299 2499 τοὺς
2354 2434 2684 2506 Ἰσραηλίτας
2743 2433 3210 2503 κατασοφίζονται.
3239 2428 3419 2486 *Ησαν
3462 2431 3523 2503 (Ι.
3553 2432 3629 2494 ὡς
3652 2428 3741 2502 ἂν]

2175 2527 2285 2599 γὰρ
2311 2527 2384 2599 μὴ
2414 2526 2717 2597 φθάσαντες
2769 2529 2836 2598 τῇ
2874 2526 3022 2581 πόλει
3056 2525 3233 2580 αὑτῶν
3284 2524 3742 2598 παρεμϐάλωσιν,

2176 2619 2479 2674 ὑπαντῶσιν
2506 2620 2689 2684 αὑτοῖς
2719 2619 2921 2691 ἐσθῆτα
2944 2621 3035 2675 καὶ
3064 2619 3384 2690 ὑποδήματα
3407 2617 3741 2690 διερρωγότα

2174 2712 2568 2783 ἠμφιεσμένοι,
2603 2713 2696 2768 καὶ
2730 2713 2964 2777 σάκκους
3002 2713 3178 2785 ἄρτων
3212 2710 3389 2783 ξηρῶν
3444 2710 3537 2766 καὶ
3568 2711 3741 2781 εὑρω-

2175 2802 2412 2859 τιὼντων
2434 2844 2450 2870 ,
2486 2804 2579 2859 καὶΙ
2627 2805 2830 2869 άσκοὺς
2875 2804 3135 2869 παλαιοὺς
3178 2802 3565 2877 ὲπηχθισμένοι
3588 2842 3603 2866 ,
3639 2804 3743 2872 φάο

2175 2912 2396 2959 σκοντες
2424 2896 2604 2960 αὑτοῖς
2623 2912 2639 2928 ο
2666 2913 2685 2947 ι
2721 2897 2785 2950 Ἥ
2814 2897 2912 2968 μὲν
2936 2896 3088 2960 πόλις
3114 2896 3268 2968 ήμῶν
3296 2895 3430 2950 πολὺ
3454 2896 3545 2964 ἀφ’
3570 2893 3731 2965 ἡμῶν

2173 2984 2424 3058 διέστηκε
2442 3004 2455 3020 ·
2485 2989 2610 3053 τοὺς
2642 2987 2751 3060 γὰρ
2774 2987 2975 3061 ἄρτους
2993 2987 3214 3052 τούτους
3251 2988 3475 3061 νεαροὺς
3504 2985 3739 3056 ἐφωδιά-

2176 3078 2420 3151 σθημεν,
2477 3081 2569 3135 καὶ
2611 3082 2710 3153 τὴν
2760 3081 2965 3152 ἐσθῆτα
3017 3081 3084 3154 ἥν
3131 3079 3486 3153 περικείμεθα
3548 3078 3738 3149 καινὴν

2120 3178 2140 3198 ⁴
2172 3172 2544 3244 ἡμφιέσμεθα,
2579 3173 2674 3227 καὶ
2703 3173 2770 3228 τὰ
2796 3174 3120 3245 ὑποδήματα
3153 3174 3249 3227 νέα
3285 3175 3398 3237 τοῖς
3431 3172 3587 3226 ποσὶν
3636 3173 3741 3225 ὑπς

2170 3265 2433 3336 εϐάλομεν
2452 3283 2465 3296 ·
2496 3267 2588 3320 καὶ
2619 3265 2793 3321 ταῦτα
2819 3266 2996 3321 πάντα
3015 3266 3076 3320 τὸ
3100 3266 3270 3338 μῆκος
3294 3266 3392 3337 τῆς
3436 3262 3559 3318 όδοῦ
3606 3281 3738 3318 κατ-

2168 3358 2380 3432 ἐτριψε,
2403 3360 2498 3415 καὶ
2530 3359 2856 3420 ὲπαλαίωσε.
2884 3358 3140 3414 Διάθεσθε
3164 3354 3254 3412 οὖν
3292 3357 3427 3430 πρὸς
3477 3358 3625 3427 ἡμᾶς
3654 3356 3735 3409 εί-

2171 3452 2361 3522 ρήνην,
2393 3451 2485 3506 καὶ
2505 3451 2693 3521 φίλους
2723 3450 2878 3524 ήμῶν
2900 3452 3291 3523 καταστήσατε.
3317 3469 3336 3503 ›
3366 3448 3478 3503 Καὶ
3498 3450 3527 3503 ό
3554 3448 3736 3519 μακά·-

2171 3558 2288 3614 ριος
2328 3542 2534 3616 Ἰησοῦς
2577 3544 2759 3616 ὅρκοις
2802 3544 3024 3615 είρήνην
3055 3542 3151 3614 τὴν
3194 3542 3330 3615 πρὸς
3372 3542 3571 3606 αὐτοὺς
3615 3542 3737 3600 ἐπι-

2170 3630 2430 3687 στώσατο.
2464 3633 2727 3703 Ὕστερον
2770 3632 2829 3686 δὲ
2881 3632 2978 3704 τὴν
3019 3633 3348 3704 πανουργίαν
3393 3632 3570 3686 αὑτῶν
3615 3634 3735 3687 ὲπι-

2167 3724 2350 3791 γνοὺς,
2371 3724 2625 3793 ἐφείσατο
2655 3724 2751 3795 μὲν
2784 3723 2962 3777 αὐτῶν
2988 3723 3074 3778 διὰ
3098 3724 3189 3776 τὸν
3216 3724 3396 3796 ὅρκον,
3422 3722 3733 3796 ξυλοφορείν

2167 3814 2227 3869 δὲ
2259 3815 2352 3868 καὶ
2384 3815 2697 3887 ὑδροφορεῖν
2717 3817 2827 3878 τοῖς
2860 3815 3217 3887 Ἰσραηλίταις
3237 3817 3361 3871 ἀντὶ
3388 3816 3489 3888 τῆς
3515 3816 3732 3887 ἀπάτης

2168 3904 2524 3978 προσέταξεν.

2250 3995 2554 4068 Ὀργισθεὶς
2581 3996 2637 4050 δὲ
2671 3994 3019 4061 ’Δδωνιϐεζὲκ
3036 3996 3066 4049 ό
3090 3995 3340 4067 βασιλεῖις
3378 3998 3444 4051 Ἰε
3455 3996 3730 4070 ρουσαλήμ

2165 4088 2260 4143 ἐπὶ
2283 4088 2343 4141 τὸ
2363 4087 2730 4159 αὐτομολῆσαι
2759 4089 2872 4152 τοῖς
2908 4087 3262 4159 Ἰσραηλίταις
3292 4090 3418 4154 τοὺς
3450 4089 3725 4145 Γαϐαωνί-

2164 4200 2282 4248 τας,
2316 4182 2633 4253 συμμάχους
2659 4183 2785 4248 τοὺς
2817 4183 3221 4255 πλησιοχώρους
3254 4183 3433 4237 λαϐὼν
3467 4182 3726 4254 βασιλεῖς,

2162 4275 2255 4327 τὸν
2286 4272 2466 4344 Αίλὰμ
2498 4272 2721 4344 βασιλέα
2753 4271 3009 4344 Χεϐρὼν,
3037 4273 3131 4326 καὶ
3174 4272 3266 4325 τὸν
3309 4271 3480 4326 Φιδὼν
3505 4273 3598 4326 τὸν
3627 4272 3724 4342 τῆς

2177 4364 2460 4438 Ἰεριμοὺδ,
2495 4363 2589 4418 καὶ
2620 4362 2760 4433 Σιφὰ
2784 4363 2881 4417 τὸν
2909 4363 3127 4437 Λαχεὶς,
3155 4362 3235 4417 ἔτι
3281 4363 3336 4417 δὲ
3373 4364 3470 4418 καὶ
3500 4363 3593 4418 τὸν
3623 4363 3727 4419 Δὰδ

500 4448 1455 4515 dollam,castrametatus,obsidione
1470 4451 1747 4521 premebat
1768 4451 2058 4514 Gabaon“.

2169 4456 2262 4527 τῆς
2316 4453 2620 4525 Σοδολλὰμ,
2661 4453 3115 4524 ἐστρατοπέδευσε
3155 4454 3291 4527 πρὸς
3347 4454 3601 4521 αὑτοὺς(
3634 4457 3723 4510 καὶ

501 4536 813 4595 Gabaonitae
839 4540 997 4595 malis
1010 4542 1278 4612 oppressi,
1295 4541 1502 4613 legatos
1522 4542 1740 4597 mittunt
1760 4541 1825 4598 ad
1848 4541 2057 4606 Jesum,

498 4632 590 4703 qui
623 4633 676 4690 in
709 4632 944 4703 Galgalis
973 4648 1097 4689 cum
1136 4643 1300 4699 esset,
1344 4634 1461 4688 acie
1493 4648 1560 4689 ex
1598 4632 1829 4693 adverso
1855 4635 2060 4691 instru-

498 4731 609 4786 cta,
633 4739 958 4795 congressus
1015 4733 1101 4780 est
1159 4724 1436 4798 fugatique
1494 4727 1809 4796 alienigenae
1854 4728 2052 4798 partim

498 4812 676 4885 gladio
722 4813 1046 4877 occubuere,
1108 4814 1305 4884 partim
1364 4814 1645 4884 grandine.
1700 4812 2056 4885 Fugientibus

496 4904 639 4963 enim
668 4903 810 4962 Deus
841 4906 1157 4975 grandinem
1204 4906 1464 4971 immittit,
1491 4919 1612 4976 qua:
1657 4906 1840 4976 plures
1871 4905 2056 4961 inimi-

495 5010 683 5052 corum
713 5012 874 5066 quam
920 4997 1118 5053 bellum
1161 4997 1472 5053 interemit:
1523 5007 1583 5053 ut
1607 5005 1786 5053 autem
1832 4998 2056 5052 omnino

493 5103 589 5143 eos
621 5088 822 5143 deleret
854 5086 1032 5154 Jesus,
1066 5087 1233 5145 Deum
1263 5090 1456 5154 oravit,
1485 5101 1544 5144 nt
1563 5087 1704 5147 diem
1735 5097 1931 5158 praeter
1959 5104 2058 5143 na.

492 5184 629 5238 tunc
647 5178 888 5236 ordinem
911 5181 1250 5252 protraheret
1263 5196 1451 5238 versus
1476 5178 1720 5245 Gabaon,
1735 5179 1867 5235 solis
1889 5194 2054 5235 cursu

494 5270 777 5343 impedito,
814 5281 867 5329 et
898 5289 1087 5331 versus
1133 5273 1326 5329 vallem
1364 5275 1574 5337 Arnon,
1613 5274 1790 5338 lunae;
1819 5281 1874 5327 et
1909 5271 2052 5329 Deus

492 5364 662 5425 Solem
698 5381 728 5421 a
760 5381 924 5422 cursu
976 5367 1175 5433 arcuit,
1222 5375 1276 5423 et
1316 5368 1830 5438 lunam,quousque
1867 5368 1922 5421 in
1965 5367 2053 5423 die

493 5456 727 5530 integro,
764 5459 947 5515 hostes
968 5457 1240 5529 praedatus
1267 5470 1369 5514 est.
1419 5458 1672 5531 Quinque
1696 5467 1879 5514 autem
1915 5474 2049 5530 gen-

424 5584 431 5591 ο
492 5549 627 5608 tium
651 5566 807 5626 reges
835 5549 996 5610 Jesus
1040 5550 1186 5608 Nave
1232 5566 1356 5611 cum
1386 5551 1621 5625 abditos.
1653 5552 1954 5610 invenisset
1995 5551 2051 5609 in

2162 4546 2466 4619 ἐπολιόρκει
2496 4545 2591 4616 τὴν
2620 4545 2862 4601 Γαϐαών.
2898 4547 2959 4600 Oi
2993 4547 3050 4607 δὲ
3070 4546 3404 4599 Γαϐαωνῖται
3436 4547 3723 4619 συνεχόμε-

2162 4654 2242 4692 νοι
2274 4637 2661 4709 πρεσϐεύονται
2694 4638 2830 4708 πρὸς
2873 4636 3094 4709 Ἰησοῦν.
3146 4637 3203 4691 '0
3243 4636 3300 4691 δὲ
3343 4640 3400 4691 ὲν
3434 4637 3724 4705 Γαλγάλοις

2161 4729 2259 4794 ὣν,
2287 4728 2749 4801 ἁντιπαρετάξατο
2776 4729 2977 4792 αὑτοῖς,
3002 4728 3094 4782 καὶ
3126 4744 3190 4782 συ
3199 4727 3398 4799 μϐολῆς
3427 4729 3723 4801 γενομένης

2160 4808 2544 4894 ἐτροπώθησαν
2575 4821 2626 4875 οἱ
2686 4818 2968 4888 ἀλλόφυλοι
2990 4837 3004 4855 ο
3059 4821 3153 4873 καὶ
3204 4821 3254 4873 οἱ
3300 4820 3396 4891 μὲν
3451 4818 3595 4890 ξίφει
3649 4820 3724 4875 δι-

2162 4912 2496 4983 εφθάρησαν,
2535 4914 2584 4972 oi
2613 4912 2672 4967 δὲ
2704 4910 2930 4983 χαλάζῃ.
2965 4913 3275 4980 Φευγόντων
3307 4910 3416 4983 γὰρ
3453 4912 3659 4977 αὑτῶν,
3693 4914 3723 4967 ὁ

2160 5002 2293 5067 Θεὸς
2323 5004 2563 5074 χάλαζαν
2607 5005 2789 5068 αὑτοῖς
2824 5002 3251 5076 κατώμϐρησεν,
3280 5004 3403 5074 ήτις
3441 5003 3722 5068 πλείστους

2160 5095 2269 5150 τῶν
2296 5098 2550 5151 ἐναντίων
2586 5097 2784 5160 ἀνεῖλε,
2812 5096 2956 5168 ήπερ
2982 5098 3011 5153 ό
3035 5095 3287 5167 πόλεμος.
3317 5098 3431 5151 ’Ἰνα
3452 5097 3512 5159 δὲ
3542 5099 3720 5153 τέλεον

2159 5187 2457 5266 ἑξαφανίσῃ
2479 5190 2674 5252 αὑτοὺς
2719 5187 2944 5260 Ἰησοῦς,
2977 5186 3179 5259 ηὔξατο
3195 5188 3272 5261 τῷ
3292 5188 3431 5260 Θεῷ,
3449 5191 3600 5256 ὅπως
3624 5190 3721 5264 τὴν

2156 5280 2369 5351 ἡμέραν
2392 5279 2541 5350 παρὰ
2573 5280 2732 5350 φύσιν
2768 5278 2982 5353 μηκύνη
3008 5281 3193 5345 αὑτοῖς
3230 5283 3429 5353 στήσας
3452 5281 3544 5337 τὸν
3572 5284 3719 5356 ήλιον

2159 5370 2300 5423 κατὰ
2339 5370 2580 5435 Γαϐαὼν,
2615 5371 2709 5426 καὶ
2736 5373 2836 5440 τὴν
2871 5373 3097 5447 σελήνην
3128 5375 3269 5427 κατὰ
3306 5374 3569 5445 φάραγγα
3607 5376 3719 5447 ’Δρ⁴

2156 5460 2283 5514 νῶν.
2317 5461 2427 5517 Καὶ
2470 5461 2696 5534 ἔστησεν
2724 5465 2752 5517 ό
2783 5463 2915 5528 Θεὸς
2956 5464 3141 5518 στάσει
3169 5465 3258 5518 τὸν
3289 5466 3437 5537 ἥλιον
3481 5466 3578 5521 καὶ
3619 5467 3717 5537 τὴν

2159 5552 2409 5626 σελήνην,
2442 5553 2548 5617 ἓως
2603 5548 2665 5613 οὑ
2716 5556 3052 5630 πανημέριον
3100 5559 3224 5623 τοὺς
3267 5557 3555 5633 πολεμίους
3579 5557 3713 5631 ήλω.

566 5725 855 5789 "deum.
925 5728 1113 5793 ,"Jos.
1147 5746 1231 5809 τι.
1293 5729 1484 5802 εδιοε.
1518 5745 1637 5788 rm.
1713 5728 2018 5788 “105.3.
2097 5729 2375 5814 "leam
