4072 6342
328 283 433 340 795

1244 289 1520 348 SPURIA.
1554 320 1624 333 --
1657 287 2017 349 COMMENT.
2064 286 2131 344 IN
2164 285 2661 344 HEXAEMERON.

3456 288 3559 343 794

323 405 461 468 Τοὺς
494 404 553 459 εξ
605 406 765 460 πέντε
809 406 1047 478 βασιλεῖς
1098 408 1205 464 τῶν
1256 411 1425 464 ὲθνῶν
1471 409 1677 482 Ἰησοῦς
1726 409 1755 461 ὁ
1797 406 1886 461 τοῦ

1996 408 2277 479 spelunca,
2314 407 2541 477 supinos
2572 403 2721 459 humi
2758 402 3053 475 projectos.
3086 411 3140 459 et
3173 418 3203 458 a
3233 404 3430 475 populo
3465 421 3561 460 su-

321 496 475 567 Ναυῆ
530 500 936 569 κρυπτομένους
981 500 1187 574 εὑρὼν,
1239 504 1318 566 είς
1358 502 1616 574 σπήλαιον
1668 500 1893 565 ὑπτίους

321 589 414 641 ἐπὶ
442 589 545 658 τῆς
573 590 695 660 γῆς,
734 593 955 663 ῥιφῆναι
1000 594 1196 657 αὐτοὺς
1240 595 1535 665 πρόσεταξε
1556 637 1571 661 ,
1605 594 1697 647 καὶ
1724 610 1895 651 κατα-

319 680 611 734 πατεῖσθαι
643 682 746 735 ὑπδ
778 683 872 735 τοῦ
902 684 1031 738 λαοῦ
1072 687 1164 739 ἐπὶ
1205 687 1299 741 τοῦ
1327 687 1595 758 τραχήλου
1638 687 1887 757 ποιήσας.

316 773 607 830 ἀπέκτεινε
625 791 637 803 ·
666 774 755 829 καὶ
790 775 861 829 τά
888 776 1114 847 σώματα
1140 779 1318 833 αὐτῶν
1342 782 1434 833 ἐπὶ
1466 779 1623 846 ξύλου
1656 778 1888 849 ἀναρτήη

1994 517 2091 572 per
2109 500 2251 555 collo
2286 499 2640 555 conculcatos
2676 498 2969 561 interemit,
3012 504 3065 551 et
3107 511 3295 551 eorum
3325 512 3559 566 corpora

1993 591 2155 663 lignis
2187 606 2445 661 appensa,
2474 588 2692 643 tandem
2724 587 2777 641 in
2803 588 3062 656 spelunca
3093 587 3325 657 sepeliit,
3356 595 3409 642 et
3441 602 3562 640 om-

1991 683 2152 739 nibus
2182 698 2369 737 eoruin
2415 680 2729 734 civitatibus
2766 678 3018 749 expilatis
3056 689 3368 733 montanam
3412 693 3561 732 cam-

1991 782 2335 845 pestremque
2364 774 2635 842 regionem
2672 772 2902 840 subegit.

318 881 441 929 σας,
474 866 701 937 ὕστερον
734 868 813 931 είς
838 869 899 921 τὸ
937 871 1199 941 σπήλαιον
1225 870 1362 926 αὐτὰ
1390 871 1685 944 κατώρυξε.
1713 870 1897 933 Πάσας
1930 868 1987 921 δὲ
2018 866 2117 929 τὰς
2150 865 2332 928 πόλεις
2360 864 2703 936 ἐκπορθήσας
2752 862 2951 928 αὑτῶν,
3018 864 3195 916 πᾶσαν
3220 862 3319 933 τὴν
3347 861 3562 934 ὀρεινὴν

317 957 415 1013 καὶ
438 956 536 1027 τὴν
562 958 781 1028 πεδινὴν
810 958 1061 1025 ὑπέταξε.

404 1047 582 1120 ’Ᾱσὼρ
611 1049 688 1112 δὲ,
715 1052 742 1105 ὁ
770 1050 1019 1120 βασιλεὺς
1060 1051 1250 1118 Ἰασὶν,
1286 1055 1607 1126 συμμάχους
1639 1054 1763 1118 τοὺς
1794 1053 1891 1110 πέ-

320 1138 407 1211 ριξ
439 1138 619 1192 λαῦὼν
678 1139 913 1210 βασιλεῖς
939 1183 953 1205 ,
995 1142 1190 1215 πολλὴν
1224 1148 1495 1217 συνήγαγε
1526 1146 1774 1216 δύναμιν,
1816 1145 1892 1209 ὠς

315 1228 535 1281 εἰκάσαι
568 1229 628 1281 τὸ
672 1229 877 1298 πλῆθος
909 1231 1006 1301 τῆς
1044 1235 1331 1304 στρατείας
1372 1235 1549 1287 αὑτῶν
1594 1237 1660 1304 τῇ
1706 1236 1894 1306 ἀναρι-

316 1318 514 1390 θμήτῳ
540 1320 637 1388 τῆς
663 1319 935 1391 θαλάσσης
958 1322 1187 1393 ψάμμῳ,
1213 1326 1306 1377 καὶ
1322 1324 1785 1397 ἁντιπαρετάξατο
1812 1324 1890 1394 τῷ

329 1411 530 1483 Ἰησοῦ.
569 1413 625 1463 '0
657 1411 713 1464 δὲ
743 1414 922 1477 αὑτοῖς
974 1414 1125 1483 ἄφνω
1176 1415 1450 1470 ἐπιπεσὼν
1488 1416 1692 1487 Ἰησοῦς
1730 1417 1889 1470 αὑτόν

311 1521 375 1558 τε
399 1506 493 1558 καὶ
516 1505 719 1569 πάντας
748 1508 871 1569 τοὺς
897 1508 1217 1577 συμμάχους
1239 1510 1539 1578 πανστρατὶ⁵
1562 1508 1886 1577 κατέσφαξε,

313 1597 412 1653 καὶ
456 1599 581 1662 τοὺς
638 1598 837 1661 ἵππους
887 1599 1061 1651 αὑτῶν
1107 1600 1530 1671 ὲνευροκόπησε,
1586 1601 1678 1654 καὶ⁵
1711 1602 1888 1654 πᾶσαν

2065 1044 2237 1100 Porro
2271 1045 2409 1098 Asor
2447 1060 2538 1099 rex
2567 1042 2725 1098 Jabin
2746 1044 2814 1109 ",
2846 1057 3035 1098 omnes
3076 1058 3233 1113 reges
3262 1044 3473 1101 vicinos
3503 1046 3558 1100 iu

1998 1138 2257 1192 auxilium
2278 1144 2499 1190 vocatos
2518 1140 2834 1189 immensam
2852 1136 3133 1204 copiarum
3152 1137 3559 1195 multitudinem

1995 1229 2191 1297 coegit,
2218 1228 2293 1282 ita
2338 1235 2397 1281 ut
2431 1226 2811 1281 innumerabili
2844 1241 3022 1280 arena:
3056 1229 3223 1282 maris
3252 1228 3446 1282 similis
3476 1230 3560 1282 vi-

1995 1320 2238 1383 deretut‘,
2273 1320 2473 1389 quibus
2503 1336 2559 1373 se
2587 1317 2746 1373 Jesus
2772 1320 3047 1387 opposuit.
3066 1319 3133 1371 At
3162 1319 3559 1390 liicimproviso

1995 1411 2326 1480 irrumpens,
2353 1411 2530 1481 ipsum
2575 1425 2873 1479 omnesque
2900 1410 3021 1479 ejus
3053 1411 3347 1466 auxiliares
3375 1413 3559 1481 copias

1994 1503 2363 1558 internecione
2400 1502 2617 1566 delevit,
2658 1513 2918 1572 artusque
2969 1518 3232 1572 equorum
3285 1504 3557 1572 abscidit,

1992 1606 2047 1652 et
2086 1613 2274 1653 eorum
2311 1605 2510 1650 terram
2546 1598 2853 1649 universam
2895 1594 3151 1650 lsraelitis
3186 1596 3418 1665 partitus
3451 1603 3556 1651 est.

313 1688 497 1743 αὑτῶν
546 1690 643 1759 τὴν
674 1690 776 1759 γῆν
821 1693 931 1753 τοῖς
977 1690 1332 1761 Ἰσραηλίταις
1373 1690 1636 1761 διένειμε·
1685 1694 1750 1761 τῇ
1795 1692 1886 1761 μὲν

1994 1690 2059 1745 Et
2105 1690 2270 1746 tribui
2329 1688 2519 1743 Ruben
2563 1688 2801 1742 sortibus
2842 1688 3107 1756 conjectis
3156 1686 3304 1741 dedit
3357 1696 3557 1742 terrain

316 1780 460 1851 φυλῇ
490 1781 585 1833 τοῦ
625 1781 834 1833 Ῥουελν
871 1781 967 1852 τὴν
997 1782 1101 1835 τῶν
1139 1784 1476 1855 ’Λμορῤαίων
1513 1785 1614 1855 γῆν
1644 1785 1887 1856 ἀπεκλήο

319 1889 463 1942 ρωσε
496 1873 589 1925 καὶ
618 1873 715 1947 τὴν
758 1874 1049 1945 Ῥαφασὴν,
1087 1876 1183 1946 τὴν
1220 1875 1275 1928 δὲ
1325 1875 1431 1928 Γὰδ
1467 1876 1564 1946 τὴν
1590 1876 1758 1946 αὐτὴν
1787 1877 1889 1946 γῆν

312 1965 425 2019 τῶν
468 1966 832 2037 Ἀμορραίων,
858 1968 950 2019 καὶ
982 1967 1043 2019 τὸ
1075 1968 1245 2038 ἥμισυ
1308 1969 1446 2039 φυλῇ
1484 1970 1749 2040 Μανασσῆ
1785 1971 1891 2023 ἀπ-

313 2055 525 2126 ένειμε,
564 2058 657 2109 καὶ
685 2060 751 2127 τῇ
788 2058 927 2129 φυλῇ
969 2059 1134 2112 ’ἰούδα
1164 2059 1262 2131 τὴν
1287 2059 1393 2113 τῶν
1450 2061 1709 2131 Ἐὅραίων
1735 2100 1750 2125 ,
1796 2061 1889 2114 καὶ

311 2147 613 2208 Χετταίων,
670 2150 763 2201 καὶ
804 2149 899 2220 τὴν
948 2150 1222 2221 Ἑνακείμ.
1262 2154 1461 2220 Ἤγουν
1509 2152 1675 2207 Ἰούδα
1726 2153 1885 2225 φυλὴ,

312 2241 608 2311 σύμμαχον
642 2241 880 2295 λαϐοῦσα
922 2246 1020 2315 τὴν
1052 2246 1221 2315 φυλὴν
1256 2244 1509 2315 Συμεὼν,
1543 2248 1668 2308 τοὺς
1702 2247 1886 2300 Χανα-

311 2336 499 2398 ναίους
530 2336 623 2389 καὶ
673 2337 996 2406 Φερεζαίους
1036 2338 1333 2410 ἐπόρθησε,
1369 2340 1461 2392 καὶ
1502 2340 1771 2409 φεύγοντα
1797 2331 1887 2393 τὸν

324 2427 679 2491 Ἀδωνιὸεζὲκ
729 2430 1150 2499 χειρωσάμενοι,
1198 2432 1321 2495 τοὺς
1360 2432 1527 2495 πόδας
1570 2432 1733 2487 αὑτοῦ
1792 2433 1887 2486 καὶ

315 2519 412 2580 τὰς
444 2520 629 2590 χεῖρας
654 2521 1102 2592 ἠκρωτηρίασαν·
1128 2523 1218 2578 καὶ
1248 2525 1667 2595 κατοδυρόμενος
1695 2527 1884 2580 ἑαυτὸν

308 2610 416 2681 ἔφη
441 2629 454 2640 ·
481 2632 499 2663 ι
526 2612 723 2677 Καθὼς
747 2614 1148 2685 ὲποίησα,οὕτω
1167 2634 1254 2687 μοι
1280 2618 1308 2669 ὁ
1337 2618 1467 2681 Θεὸς
1480 2620 1879 2677 ἀνταπέδωκεν.

319 2702 724 2775 Ἐὁδομήκοντα
755 2706 863 2777 γὰρ
917 2706 1184 2777 βασιλεῖς,
1232 2708 1300 2765 τὰ
1362 2710 1506 2781 ἄκρα
1553 2711 1660 2763 τῶν
1706 2711 1880 2765 ποδῶν

304 2794 493 2847 αὑτῶν
527 2796 619 2848 καὶ
651 2795 757 2849 τῶν
799 2797 993 2869 χειρῶν
1023 2798 1436 2868 ἐκκεκομμένοι,
1465 2800 1721 2855 ὑποκάτω
1742 2796 1880 2872 ἦσαν

301 2886 410 2956 τῆς
452 2886 732 2958 τραπέζης
789 2906 888 2959 μου
942 2890 1008 2943 τὰ
1063 2891 1404 2960 ἐμπίπτοντα
1455 2893 1826 2961 ἀναλέγοντες.
1858 2914 1877 2946 ι

304 2979 609 3048 Κομισθεὶς
629 2976 719 3032 οὖν
733 2983 811 3043 είς
828 2982 1180 3053 Ἰερουσαλὴμ
1200 2984 1512 3054 παραυτίκα
1530 2986 1783 3039 ἀπέθανε.
1798 2987 1877 3057 Τῇ

301 3070 361 3124 δὲ
381 3070 519 3141 φυλῇ
548 3072 783 3143 Ἐφραῒμ
816 3074 1033 3144 τὴντῶν
1060 3076 1418 3150 Ἀμορραίων,
1438 3080 1529 3131 καὶ⁵
1557 3078 1883 3151 Φερεζαίων,
1913 3058 1953 3113 C

304 3162 405 3217 καὶ
428 3162 784 3233 Σαμαραίωνν
824 3165 916 3217 καὶ
966 3165 1044 3235 τῷ
1076 3168 1260 3237 ἡμίσει
1290 3170 1459 3239 φυλῆς
1491 3172 1755 3242 Μανασσῆ
1787 3172 1886 3244 τὴν

301 3253 418 3305 τῶν
434 3254 727 3324 Γερσαίων,
748 3258 839 3309 καὶ
866 3259 1203 3331 Ἀμορραίων
1219 3262 1324 3331 γῆν
1341 3262 1631 3333 ἀπένειμεν
1660 3264 1882 3334 Ἰησοῦς·

304 3346 409 3415 τὴν
446 3346 502 3399 δὲ
531 3347 639 3398 τῶν
683 3348 966 3419 Ἐϐραίων,
1014 3352 1108 3403 καὶ
1150 3354 1508 3425 Ἀμορραίων,
1556 3355 1649 3408 καὶ
1691 3356 1885 3408 Ἰεϐου-

306 3436 479 3489 σαίων
526 3441 592 3508 τῇ
626 3438 718 3491 τοῦ
778 3440 1032 3511 Βενιαμὶν
1082 3442 1505 3516 ὲκληροδότησεο
1565 3449 1628 3517 τῇ
1683 3446 1739 3500 δὲ
1788 3448 1882 3501 τοῦ

301 3529 533 3599 Συμεὼν
572 3532 670 3601 τὴν
711 3532 820 3585 τῶν
858 3535 1120 3605 Ἑϐραίων
1153 3538 1246 3589 καὶ
1292 3538 1631 3607 Φερεζαίων·
1675 3540 1769 3591 καὶ
1813 3543 1881 3612 τῇ

301 3620 400 3674 τοῦ
434 3622 715 3675 Ζαὸουλὼν
744 3625 843 3696 τὴν
884 3626 990 3679 τῶν
1031 3628 1369 3699 Φερεζαίωνο
1400 3631 1496 3701 τὴν
1525 3632 1582 3685 δὲ
1620 3632 1728 3686 τῶν
1779 3635 1881 3686 Κι-

299 3710 473 3763 ναίων
515 3714 580 3780 τῇ
627 3714 970 3784 Νεφθαλείμ·
1033 3719 1123 3769 καὶ
1172 3721 1237 3788 τῇ
1293 3718 1431 3789 φυλῇ
1487 3720 1579 3772 τοῦ
1628 3720 1734 3774 Δὰν
1782 3722 1882 3793 τὴν

316 3804 694 3874 Ἀμορραίων·
743 3809 807 3876 τῇ
852 3807 910 3860 δὲ
946 3809 1084 3880 φυλῇ
1149 3810 1434 3882 Ὶσσάχαρ,
1486 3812 1580 3866 καὶ
1632 3816 1695 3884 τῇ
1741 3814 1878 3887 φυλῇ

316 3895 489 3965 Ἀσὴρ
512 3896 611 3967 τὴν
647 3897 754 3950 τῶν
782 3900 1104 3971 Φερεζαίων.
1138 3904 1353 3974 Ταύτην
1388 3908 1566 3958 πᾶσαν
1600 3906 1881 3975 διανείμας

298 3985 403 4055 τὴν
458 3988 561 4055 γῆν
610 3989 813 4057 Ἰησοῦς
862 3999 903 4062 ρ’
946 3992 1041 4045 καὶ
1086 4000 1115 4046 ι’
1160 3994 1358 4063 βιώσας
1414 3996 1538 4067 ἔτη,
1591 3998 1876 4052 ἀπέθανεν.

314 4076 645 4148 Ἐλεαζάρου
676 4080 731 4135 δὲ
762 4081 855 4135 τοῦ
892 4082 1007 4135 υίοῦ
1063 4083 1270 4155 Ἀαρὼν
1316 4086 1732 4159 τελευτήσαντος
1779 4088 1878 4159 τὴν

302 4167 716 4237 ἀρχιερωσύνην
746 4170 899 4233 Φινὲς
928 4174 955 4224 ὁ
986 4173 1098 4235 υίὸς
1132 4173 1294 4226 αὑτοῦ
1324 4174 1607 4238 διεδέξατο.
1635 4176 1789 4229 Μετὰ
1820 4177 1878 4230 δὲ

301 4260 402 4330 τὴν
436 4260 689 4331 τελευτὴν
735 4263 906 4332 Ἰησοῦ
948 4266 1103 4345 Ναυῇ
1133 4267 1182 4319 oi
1224 4267 1579 4338 Ἰσραηλῖται,
1611 4268 1879 4321 ἀποστάν-

300 4366 395 4413 τες
435 4351 527 4404 τοῦ
559 4353 720 4415 Θεοῦ,
772 4358 836 4425 τῇ
884 4356 1151 4430 Ἀστάρτῃ
1210 4358 1539 4429 ἐλάτρευσαν
1588 4361 1680 4413 καὶ
1731 4377 1875 4431 παρ-

1991 1781 2455 1841 Amorrbaaorunt,
2486 1787 2542 1834 et
2573 1779 2885 1849 Raphasen,
2913 1785 2967 1832 et
2997 1776 3109 1832 Gad
3146 1779 3319 1849 ipsam
3354 1788 3558 1833 terram

1989 1873 2449 1936 Amorrhazorum,
2481 1880 2535 1927 et
2562 1872 2841 1925 dimidium
2875 1870 3037 1924 tribui
3066 1871 3346 1937 Manassae,
3371 1880 3425 1926 et
3458 1874 3557 1927 tri-

1991 1967 2083 2020 bui
2112 1964 2265 2020 Juda:
2298 1964 2648 2019 Hebraeorum
2671 1974 2724 2019 et
2754 1964 3139 2025 Cbettaaorum,
3162 1974 3215 2019 et
3246 1963 3553 2021 Enaciin".

1991 2057 2097 2113 Sed
2128 2057 2279 2113 Judae
2314 2058 2512 2120 tribus,
2546 2058 2689 2112 tribu
2720 2055 2952 2127 Symeon
2996 2057 3050 2110 in
3090 2058 3351 2112 auxilium
3383 2058 3555 2111 advo-

1989 2158 2110 2203 cata
2133 2151 2198 2211 ”.
2257 2150 2627 2213 Cbananmos,
2672 2157 2726 2203 et
2771 2148 3088 2204 Pluerezaaos
3145 2151 3384 2219 pragdata
3438 2157 3554 2215 est;

1988 2257 2223 2311 cumque
2272 2241 2543 2311 cepissent
2575 2241 2863 2311 fugientem
2914 2242 3275 2307 Adonibezec,
3308 2250 3555 2297 extrema

1988 2337 2184 2404 pedum
2229 2350 2291 2390 ac
2323 2350 2583 2389 manuum
2616 2335 3035 2398 obtruncarunt,
3077 2336 3169 2405 qui
3200 2336 3554 2405 semetipsum

1986 2428 2279 2499 deplorans
2326 2428 2504 2482 dixit:
2540 2445 2558 2478 ι
2594 2424 3059 2493 Quemadmodum
3110 2425 3232 2489 feci,
3290 2428 3364 2480 ita
3423 2425 3556 2479 inibi

1991 2520 2134 2576 Deus
2183 2521 2454 2575 retribuit.
2507 2518 2861 2589 Septuaginta
2908 2518 3055 2573 enim
3109 2533 3266 2588 reges
3311 2527 3556 2572 extrema

1992 2613 2219 2683 pedibus
2248 2628 2311 2668 ac
2346 2612 2596 2667 inanibus
2627 2612 2822 2675 mutili,
2854 2611 2956 2666 sub
2986 2626 3173 2665 mensa
3200 2626 3318 2665 mea
3351 2626 3413 2664 ea
3436 2625 3557 2680 quae

1990 2705 2258 2760 cadebant
2304 2706 2649 2777 colligebant.
2692 2724 2710 2757 ι
2750 2703 2849 2759 Hic
2877 2707 2930 2762 in
2965 2704 3301 2759 Hierusalem
3344 2703 3556 2759 delatus

1990 2798 2171 2852 subito
2195 2798 2372 2867 periit.
2395 2797 2582 2852 Tribui
2606 2796 3311 2867 prraimAmorrliaeorum
3336 2803 3390 2850 et
3415 2794 3557 2849 Phe-

1985 2906 2300 2952 rezaeorum,
2333 2901 2383 2945 et
2408 2890 2824 2954 Samarzeorum,
2865 2897 2918 2943 et
2945 2888 3183 2943 dimidia!
3210 2889 3349 2960 parti
3378 2889 3556 2945 tribus

1988 2982 2251 3038 Manassae
2283 2981 2646 3043 Gerszeorum,
2679 2990 2733 3037 et
2767 2982 3208 3036 Amorrbmorum
3241 2980 3431 3034 tribuit
3458 2979 3549 3035 Je-

1987 3091 2083 3130 sus
2116 3094 2128 3129 :
2158 3074 2505 3129 Hebraeorum
2544 3088 2671 3127 vero
2701 3082 2755 3128 et
2797 3073 3257 3135 Amorrbaaorum,
3281 3080 3333 3126 et
3357 3070 3556 3126 Jebus-

1986 3182 2219 3223 saaorum
2262 3167 2425 3221 tribui
2466 3166 2973 3236 Benjamin;tribui
3017 3164 3251 3236 Symeon
3301 3163 3554 3219 Hebraeo-

1985 3276 2129 3323 rum,
2160 3268 2213 3315 et
2236 3259 2669 3321 Pherezazorum,
2695 3267 2748 3313 et
2777 3258 2939 3312 tribui
2966 3257 3207 3311 Zabulon
3240 3256 3555 3311 Pheresz-

1984 3367 2129 3416 rum,
2158 3359 2211 3406 et
2241 3352 2402 3406 tribui
2432 3351 2774 3422 Nepbtlialim
2803 3352 3134 3415 Cinaeorum,
3159 3359 3212 3403 et
3242 3350 3407 3403 tribui
3437 3347 3553 3403 Dan

1984 3444 2447 3511 Amorrbazorum,
2487 3453 2540 3499 et
2582 3444 2742 3499 tribui
2796 3442 3063 3506 lssachar,
3108 3450 3161 3497 et
3202 3441 3365 3496 tribui
3415 3441 3554 3496 Aser

1984 3533 2419 3591 Pherezacorum.
2471 3534 2622 3588 Hanc
2654 3535 2963 3588 universam
3000 3543 3200 3587 terram
3241 3545 3366 3585 cum
3412 3529 3553 3584 divi-

1982 3628 2145 3682 sisset
2161 3625 2341 3689 Jesus,
2372 3628 2544 3681 artatis
2569 3642 2832 3680 annorum
2862 3633 3077 3679 centum
3100 3630 3154 3678 et
3182 3623 3365 3677 decem
3387 3638 3417 3677 e
3441 3621 3551 3675 vita

1982 3720 2301 3775 decessit”.
2340 3721 2403 3774 Et
2433 3722 2688 3775 Eleazaro
2720 3721 2829 3775 lilio
2855 3722 3034 3774 Aaron
3070 3728 3285 3775 mortuo
3317 3719 3370 3773 in
3402 3734 3553 3773 sum-

1984 3828 2072 3866 mo
2099 3813 2406 3869 sacerdotio
2445 3813 2647 3869 Pliines
2694 3815 2814 3882 ejus
2864 3814 3008 3869 [ilius
3053 3813 3337 3869 successit.
3380 3810 3550 3867 Czete—

1981 3918 2100 3957 rum
2138 3914 2260 3973 post
2294 3904 2422 3960 Jesu
2462 3904 2608 3959 Nave
2645 3904 2849 3959 obitum
2872 3904 2915 3935 ⁹¹
2945 3903 3220 3966 ιειδοειιιεε,
3250 3919 3373 3958 cum
3400 3900 3552 3957 defe-

1980 3995 2184 4051 cissent
2214 4013 2244 4050 a
2273 3996 2404 4063 Deo,
2434 3998 2708 4053 Astartam
2739 3999 2976 4061 eoluere,
3002 4006 3054 4051 et
3088 3994 3233 4050 dedit
3260 3995 3383 4049 illos
3405 3993 3549 4049 Deus

1978 4088 2224 4157 cap‘tivos
2270 4088 2616 4145 Cbursathan
2666 4089 2926 4160 Syrorum
2964 4090 3097 4159 regi,
3134 4088 3227 4158 qui
3257 4104 3351 4143 eos
3380 4088 3547 4142 variis

1978 4181 2159 4236 modis
2182 4183 2475 4251 multisque
2519 4184 2808 4254 afﬂigebat,
2845 4184 2917 4237 ita
2948 4191 3006 4237 ut
3052 4197 3377 4253 magnopere
3400 4182 3550 4237 cala-

1977 4272 2259 4327 mitatibus
2304 4273 2582 4344 defatigati
2622 4275 2911 4330 clamarint
2956 4272 3026 4328 ad
3073 4272 3281 4339 Deum,
3320 4271 3547 4342 datique

1977 4365 2087 4418 sint
2125 4366 2234 4419 illis
2265 4366 2499 4432 judices.

304 4440 507 4494 ἔδωκεν
563 4444 754 4508 αὐτοὺς
804 4446 1145 4519 ὑποχειρίους
1196 4451 1225 4503 ὁ
1271 4451 1402 4514 Θεὸς
1428 4451 1745 4525 Χουσαρθάν
1801 4452 1878 4523 τῷ
1928 4453 2114 4527 Σύρων
2168 4458 2414 4528 βασιλεῖ,
2485 4459 2632 4521 ὅστις
2698 4459 2779 4522 είς
2830 4456 3027 4528 πολλὴν
3082 4456 3309 4527 συνοχὴν
3349 4454 3547 4516 αὑτοὺς

302 4534 657 4604 κατέστησεν,
709 4535 785 4599 ὡς
828 4536 922 4589 ἐπὶ
972 4539 1105 4593 πολὺ
1158 4542 1635 4614 καταπονηθέντας
1704 4543 1901 4607 αὑτοὺς
1956 4543 2149 4615 βοῆσαι
2200 4547 2337 4617 πρὸς
2412 4546 2502 4602 τὸν
2558 4546 2724 4614 Θεὸν,
2778 4548 2872 4603 καὶ
2920 4547 3140 4621 δοθῆναι
3189 4548 3369 4614 αὑτοῖς
3420 4562 3546 4621 κριο

299 4627 423 4692 τάς.

406 4831 592 4889 "los.
626 4851 703 4893 xl.
781 4836 964 4895 "los.
998 4854 1121 4896 xm.
1198 4840 1393 4899 "Iud.
1429 4857 1468 4899 ι.
1544 4842 1591 4876 ³⁸
1609 4840 1726 4898 los.
1762 4858 1912 4899 xxiv.
1990 4842 2034 4875 ³¹
2064 4840 2197 4899 Jud.
2222 4856 2305 4898 ni.
