4072 6342
537 307 644 365 795

1872 302 2117 361 LEONIS
2151 305 2424 362 ALLATII

3649 295 3755 356 796

543 468 3743 508 ΜΝ

1487 619 2050 750 LEONIS
2141 617 2790 748 ALLATH

2098 874 2167 919 IN

744 1029 1522 1150 EUSTATHII
1601 1025 2486 1142 ANTIOCHENI
2567 1027 3535 1148 HEXAEMERON

1359 1267 1608 1332 ΝΟΤΑΕ
1661 1263 2129 1330 UBERIORES
2153 1263 2270 1326 ΕΤ
2294 1265 2918 1336 COLLECTANEA.

599 1517 717 1571 Col.
741 1515 862 1578 707,
894 1513 946 1566 in
987 1511 1232 1580 inscript.
1284 1508 1641 1563 Εὑσταθίου.
1694 1506 1768 1562 De
1803 1507 2085 1563 Eustathio
2117 1513 2162 1568 Α
2190 1511 2389 1564 tionem
2442 1519 2695 1581 exponat,
2734 1513 2826 1568 ubi
2878 1512 3020 1569 hanc
3065 1529 3250 1570 curam
3309 1515 3410 1572 sibi
3447 1515 3619 1572 fuisse
3655 1515 3753 1572 de.

532 1607 892 1669 Antiocheno,
912 1611 965 1659 et
985 1603 1103 1673 ejus
1134 1601 1540 1672 scriptis,plura
1560 1601 1612 1654 in
1638 1600 1950 1670 praefatione
1973 1615 2089 1654 mea

532 1701 599 1754 ad
635 1701 912 1754 lectorem.
948 1697 1048 1750 llic
1074 1696 1180 1750 duo
1206 1701 1438 1757 tantum,
1475 1709 1594 1763 qua:
1625 1693 1696 1746 ibi
1731 1692 1982 1747 consulto
2013 1692 2092 1747 si-

533 1792 702 1846 lentio
736 1788 1054 1860 praetermisi
1106 1788 1387 1841 tractanda
1454 1785 1712 1854 suscipio.
1749 1784 1814 1836 Et
1860 1784 2091 1855 primum

533 1885 638 1940 erit
683 1883 979 1936 discrimen
1027 1879 1164 1934 inter
1205 1878 1350 1931 hunc
1376 1884 1620 1931 nostrum
1647 1875 2007 1942 Eustathium,
2039 1882 2095 1929 et

533 1975 698 2030 alium
737 1973 1099 2037 Eustathium,
1142 1971 1234 2040 qui
1286 1968 1470 2022 Basilii
1518 1968 1690 2038 Magni
1730 1967 2090 2023 Hexaemeron

533 2070 590 2124 in
627 2069 866 2139 linguam
894 2065 1140 2120 Latinam
1173 2063 1459 2118 convertit.
1484 2060 1815 2124 Secundum,
1843 2059 2094 2114 ostende-

534 2175 656 2216 mus
709 2167 984 2214 auctorem
1037 2158 1182 2211 hunc
1210 2164 1481 2220 nostrum,
1503 2153 1752 2224 quisquis
1792 2152 1881 2206 ille
1913 2150 2092 2213 fuerit.

539 2253 713 2308 fuisse
753 2249 1203 2320 ‘antiquissimum
1258 2249 1361 2318 ipsi
1426 2245 1706 2301 Eustathio
1759 2243 2096 2298 Antiocheuo

533 2357 795 2399 comvum.
825 2341 889 2394 Et
923 2356 1056 2396 sane
1091 2339 1218 2393 dum
1251 2338 1433 2392 animo
1461 2351 1524 2392 ea
1553 2352 1674 2406 qua:
1703 2336 1756 2388 in
1789 2336 1892 2389 hoc
1917 2334 2096 2389 libello

532 2435 904 2495 continentur,
941 2432 1222 2501 agitarem,
1257 2428 1664 2497 inveniremque
1692 2425 1877 2481 Basilii
1916 2424 2096 2496 Magni

533 2525 841 2588 sententiis,
877 2525 1165 2593 verbisque
1209 2539 1372 2592 super
1399 2521 1588 2578 eadem
1624 2520 1850 2574 materia
1884 2519 2096 2574 similli-

535 2639 623 2678 ma
668 2638 790 2694 qua:
839 2622 928 2676 hic
987 2620 1278 2682 habentur,
1311 2619 1402 2672 diu
1440 2633 1528 2671 me
1558 2615 1716 2670 torsit
1742 2613 2012 2684 quomodo
2042 2613 2094 2668 id

535 2717 652 2772 ﬁeri
698 2715 895 2787 potuit,
932 2721 992 2768 ut
1040 2713 1124 2767 vel
1171 2712 1403 2767 Basilius
1433 2711 1502 2764 ab
1539 2707 1845 2772 Eustathio,
1875 2707 1958 2761 vel
1989 2705 2096 2760 Eu-

535 2809 769 2866 stathius
807 2824 837 2862 a
867 2806 1089 2870 Basilio,
1126 2817 1352 2873 uterque
1377 2811 1431 2858 et
1461 2805 1514 2856 in
1560 2801 1793 2855 dicendo
1834 2799 2097 2870 peritissi-

535 2918 678 2967 mus,
701 2915 801 2954 nec
834 2899 1021 2954 alienae
1047 2897 1370 2953 elocutionis
1404 2893 1648 2948 subsidio
1684 2893 1950 2964 indigens.
1976 2905 2097 2946 eas-

533 2995 656 3049 dem
717 2992 1046 3056 sententias,
1091 2999 1146 3045 et
1196 2989 1392 3054 verba,
1451 2989 1763 3058 luminaque
1829 2986 2094 3042 orationis

533 3085 699 3141 fuerit
731 3091 1026 3139 mutuatus.
1054 3081 1366 3153 Sigebertus
1391 3081 1484 3135 lib.
1519 3081 1597 3134 De
1629 3079 1927 3134 illustribus
1959 3079 2096 3133 scri-

534 3177 770 3247 ptoribus
808 3176 1150 3231 ecclesiaticis
1169 3216 1184 3239 ,
1209 3187 1330 3242 cap.
1355 3173 1446 3239 21,
1483 3173 1533 3226 in
1570 3173 1670 3227 hac
1697 3188 1756 3226 re
1785 3173 1955 3241 magis
1982 3170 2099 3224 ani-

535 3287 681 3325 mum
731 3271 954 3324 dubium
1011 3268 1262 3326 iaciebat,
1292 3268 1421 3321 dum
1456 3267 1741 3329 scriberet,
1781 3264 2096 3320 Eustathius

538 3364 813 3417 transtulit
845 3361 909 3417 de
936 3360 1116 3416 Gra'co
1139 3363 1192 3414 in
1221 3359 1468 3412 Latinum
1505 3357 1876 3412 Hexaemeron
1905 3356 2098 3410 Basilii

535 3455 902 3510 Ca'sariensis.
927 3453 1138 3519 Quibus
1169 3450 1500 3506 Possevinus
1524 3447 1577 3501 in
1597 3443 1875 3516 Apparatu
1891 3447 2093 3504 haeret:

535 3545 686 3612 Quod
732 3560 850 3598 vero
899 3541 1195 3612 Sigebertus
1244 3540 1411 3612 inquit
1485 3556 1539 3592 tn
1580 3537 1856 3610 Catalogo,
1901 3538 2098 3593 Eusta-

536 3639 701 3690 thium
734 3638 788 3689 in
827 3634 1074 3688 Latinum
1117 3634 1455 3688 transtulisse
1496 3631 1868 3688 Hexaemeron
1904 3631 2096 3686 Basilii

535 3726 897 3789 Caesariensis,
928 3725 1106 3778 nescio
1141 3723 1204 3777 de
1250 3740 1474 3794 quonam
1510 3725 1671 3776 dicat.
1709 3720 2094 3776 Existimabam

537 3813 874 3888 Sigebertum
893 3819 1304 3881 hallucinatum,
1318 3824 1370 3872 et
1393 3815 1732 3871 Eustathium
1753 3815 1930 3885 potius
1947 3828 2096 3868 com-

535 3910 838 3980 pilatorem,
857 3911 970 3964 sive
987 3908 1391 3978 epitomatorem
1413 3907 1594 3976 operis
1619 3906 1874 3960 Basiliani
1905 3905 2092 3966 fuisse,

533 4017 643 4056 non
673 4001 1040 4070 interpretem.
1066 3999 1264 4054 Verum
1299 4015 1327 4052 a
1361 3998 1630 4053 sententia
1658 3996 1936 4051 detorsere
1961 3997 2095 4051 Cas-

533 4093 788 4150 siodorus
835 4093 930 4148 lib.
982 4093 1055 4148 De
1103 4093 1432 4146 institutione
1461 4091 1758 4143 divinarum
1789 4085 2094 4156 Scriptu'ra-

2191 1600 2496 1653 mandatam
2551 1602 2768 1664 asserit,
2806 1611 2863 1656 ut
2910 1619 3046 1675 Opus
3103 1605 3310 1661 scilicet
3355 1608 3530 1661 sancti
3561 1605 3753 1662 Basilii

2191 1691 2431 1760 episcopi
2479 1690 2666 1748 Graeco
2709 1709 2958 1752 sermone
2985 1699 3354 1768 conscriptum
3387 1701 3757 1756 monumentis

2192 1782 2386 1852 linguae
2418 1782 2640 1840 Latialis
2675 1786 2958 1851 insereret,
2991 1802 3021 1842 a
3055 1787 3360 1860 Syncletlea
3409 1790 3750 1855 diaeonissa,

2191 1877 2277 1932 cui
2302 1883 2355 1932 et
2386 1879 2584 1948 paruit,
2613 1887 2669 1934 et
2698 1894 2916 1950 operam
2945 1896 3097 1935 suam
3124 1881 3352 1938 ﬁdeliter
3377 1883 3642 1938 exhibuit.

2261 1971 2488 2038 Quidam
2519 1973 2855 2030 allirmarunt
2870 1974 3033 2044 hujus
3058 1973 3379 2048 Syncletiea:
3402 1975 3752 2037 diaconissse,

2193 2062 2259 2116 ad
2301 2079 2462 2132 quam
2507 2062 2827 2121 Eustathius
2856 2081 3014 2121 suum
3043 2081 3180 2135 opus
3209 2065 3412 2137 dirigit,
3437 2066 3757 2121 meminisse

2196 2152 2497 2220 Sedulium,
2540 2157 2837 2227 multisque
2878 2173 2995 2212 eam
3028 2167 3371 2228 prosecutum
3416 2157 3670 2212 laudibus
3699 2158 3757 2211 in

2193 2247 2509 2318 praefatione
2551 2250 2732 2318 operis
2785 2248 3082 2305 Paschalis.
3131 2248 3260 2315 Qua:
3313 2249 3360 2304 si
3423 2264 3550 2304 vera
3601 2256 3754 2312 sunt,

2196 2331 2536 2395 Eustathium
2579 2341 2924 2411 interpretem
2974 2339 3194 2395 Sedulio
3223 2356 3464 2396 cozevum
3509 2347 3756 2410 tempore

2194 2435 2483 2492 Theodosii
2517 2433 2764 2490 ﬂoruisse
2807 2433 3120 2488 necessario
3147 2431 3419 2487 fatendum
3441 2439 3544 2495 est,
3576 2432 3753 2484 maxi-

2195 2544 2391 2599 meque
2445 2543 2542 2584 eos
2594 2527 2771 2598 decipi
2824 2527 2915 2598 qui
2971 2525 3232 2581 Junilium
3275 2541 3342 2581 eo
3390 2525 3754 2595 antiquiorem

2193 2624 2552 2683 constituunt,
2601 2635 2725 2674 eum
2770 2617 2960 2674 Junilii
3019 2623 3074 2673 et
3130 2615 3336 2672 Sedulii
3370 2624 3613 2687 tempora
3646 2631 3754 2671 non

2195 2712 2422 2766 multum
2454 2711 2679 2765 distent.

2269 2802 2373 2859 Sed
2417 2804 2484 2858 de
2521 2801 2858 2857 Antiocheno
2885 2806 3106 2855 auctore
3134 2799 3297 2868 hujus
3328 2804 3614 2860 tractatus,
3643 2811 3755 2867 quo

2197 2900 2403 2954 scilicet
2451 2905 2692 2967 tempore
2721 2896 2936 2958 vixerit,
2969 2908 3272 2950 sermonem
3301 2893 3606 2953 instituere,
3629 2905 3755 2945 cum

2195 2998 2532 3061 compertum
2565 2990 2636 3045 sit
2661 2990 2712 3043 in
2743 2988 2994 3051 historia,
3031 3001 3208 3056 operae
3237 2986 3472 3056 pretium
3513 2997 3622 3038 non
3648 2989 3753 3037 est.

2195 3086 2582 3156 Argumentum
2609 3089 2791 3136 tamen
2819 3079 3281 3137 evidentissimum
3318 3078 3464 3133 illius
3492 3076 3670 3132 aetatis
3699 3074 3756 3128 in

2195 3176 2299 3230 hoc
2331 3176 2449 3245 ipso
2473 3187 2634 3242 opere
2666 3171 2928 3225 habemus
2959 3184 3078 3239 pag.
3107 3168 3196 3230 85.
3225 3167 3340 3232 ubi,
3376 3181 3501 3221 eum
3548 3163 3616 3218 de
3651 3163 3757 3217 line

2195 3275 2250 3323 et
2293 3265 2760 3321 consummatione
2789 3262 2952 3331 hujus
2994 3260 3178 3314 mundi
3217 3259 3641 3328 disputationem
3675 3256 3757 3309 in-

2195 3361 2480 3423 stituisset,
2505 3373 2664 3428 quem
2694 3365 2902 3412 tantum
2937 3355 3002 3409 ad
3036 3369 3298 3410 annorum
3332 3369 3425 3408 sex
3455 3352 3624 3406 millia
3653 3349 3757 3405 du-

2195 3459 2440 3508 raturum
2482 3448 2858 3509 contendebat,
2889 3457 2942 3501 et
2973 3455 3280 3500 accuratam
3312 3457 3578 3497 annorum
3619 3456 3757 3496 εηιιο

2195 3541 2546 3597 merationem
2572 3545 3012 3609 prosequeretur,
3045 3542 3104 3588 ut
3132 3535 3222 3604 qui
3250 3529 3756 3604 praeterierat,quid

2196 3633 2373 3688 adhuc
2393 3631 2630 3684 futurum
2655 3637 2836 3700 posset
2851 3628 3150 3698 exspectari
3175 3626 3368 3696 legenti
3395 3624 3751 3695 signiﬁcaret,

2195 3739 2354 3780 suum
2384 3729 2693 3792 computum
2717 3720 2782 3774 ad
2821 3719 3154 3774 tricesimum
3183 3734 3384 3772 annum
3410 3716 3753 3772 Constantini

2195 3818 2325 3886 imp.
2351 3815 2664 3886 perductum
2695 3812 2831 3876 linit,
2857 3812 2992 3866 alios
3021 3825 3194 3866 annos
3212 3809 3646 3880 pratermittens.
3677 3807 3757 3861 Si-

2192 3923 2355 3976 gnum
2376 3921 2504 3977 ergo
2527 3906 2654 3959 dum
2678 3905 2789 3958 haec
2809 3903 2894 3957 hic
2918 3913 3108 3957 auctor
3135 3903 3417 3966 scriberet,
3433 3916 3608 3956 annos
3629 3911 3751 3954 tan-

2193 4007 2306 4052 tum
2325 4005 2634 4053 numeratos
2658 4013 2756 4050 nec
2774 3997 2958 4066 plures
2981 3995 3146 4051 fuisse
3159 3997 3394 4064 elapsos,
3409 4008 3547 4063 quos
3567 3993 3755 4062 utique

2193 4107 2300 4146 non
2334 4091 2630 4156 tacuisset;
2664 4089 2717 4143 id
2749 4087 2892 4142 enim
2922 4095 3040 4142 erat
3066 4088 3211 4141 illius
3241 4087 3574 4141 institutum.
3598 4082 3752 4150 Quod

533 4201 652 4238 rum
678 4200 696 4238 :
727 4182 1000 4246 Geneseos,
1054 4183 1252 4253 inquit,
1304 4182 1562 4251 principia
1592 4191 1804 4235 sanctus
1857 4179 2093 4233 Basilius
2120 4198 2161 4256 ρ
2196 4185 2324 4239 mihi
2357 4186 2492 4239 satis
2522 4197 2792 4252 superque
2817 4191 2921 4246 est,
2951 4182 2996 4235 si
3025 4183 3236 4236 vivente
3253 4177 3614 4234 Constantino
3638 4176 3748 4229 haec

532 4274 708 4326 Attico
737 4289 969 4327 sermone
1004 4273 1274 4334 lucidavit,
1304 4287 1455 4341 quem
1492 4269 1803 4324 Eustathius
1826 4271 1903 4324 vir
1923 4269 2089 4325 diser-

535 4364 766 4417 tissimus
805 4364 882 4416 ita
925 4363 1192 4416 transtulit
1223 4363 1276 4416 in
1304 4361 1572 4426 Latinum,
1606 4371 1661 4415 ut
1698 4362 1959 4432 ingenium
1998 4363 2094 4414 do-

531 4455 755 4508 ctissimi
780 4456 878 4508 viri
909 4455 1172 4523 facundiae
1192 4470 1303 4508 suae
1324 4453 1518 4507 viribus
1544 4454 1896 4522 a’quiparasse
1915 4453 2090 4506 videa-

533 4555 621 4600 tur
643 4563 661 4600 :
686 4548 774 4616 qui
802 4563 962 4616 usque
983 4547 1051 4601 ad
1080 4547 1309 4600 hominis
1343 4546 1691 4599 conditionem
1720 4562 1897 4600 novem
1931 4545 2090 4598 libros

533 4639 746 4694 tetendit
773 4655 792 4703 ;
835 4649 888 4694 et
915 4639 1151 4694 Junilius
1198 4641 1488 4710 episcopus
1515 4638 1828 4702 Africanus,
1856 4639 1968 4692 sive
1995 4652 2093 4707 po-

532 4732 642 4786 tius
696 4731 862 4796 Beda,
908 4746 1032 4786 nam
1075 4730 1310 4786 Junilius
1355 4731 1481 4786 Afer
1507 4730 1792 4785 Eustathio
1817 4730 2093 4798 antiquior

531 4820 703 4878 fuisse
729 4824 1046 4894 quibusdam
1079 4825 1230 4879 visus
1259 4832 1364 4888 est,
1397 4825 1448 4878 in
1473 4823 1787 4892 praefatione
1815 4821 2091 4878 Commen-

531 4915 658 4968 tarti
709 4916 760 4968 in
810 4912 1405 4984 Genes.:Deprincipio
1452 4916 1572 4969 libri
1617 4914 1850 4978 Genesis,
1900 4915 1954 4966 in
1989 4930 2089 4983 quo

530 5007 711 5060 mundi
738 5007 892 5076 hujus
923 5010 1120 5062 creatio
1149 5009 1409 5077 descripta
1439 5019 1536 5071 est,
1569 5010 1721 5062 multi
1749 5009 1916 5061 multa
1941 5008 2090 5062 dixe-

529 5113 605 5158 re,
621 5109 670 5151 et
688 5099 853 5152 multa
872 5102 1094 5168 posteris
1118 5102 1308 5170 ingenii
1337 5102 1420 5155 sui
1451 5112 1783 5155 monumenta
1815 5101 2086 5172 reliquere.

528 5187 632 5244 Sed
663 5192 942 5259 praecipue,
987 5201 1239 5262 quantum
1290 5204 1470 5246 nostra
1516 5193 1926 5262 pusillanimitas
1975 5191 2089 5246 edi-

524 5297 666 5334 scere
702 5284 891 5348 potuit,
934 5283 1169 5338 Basilius
1197 5283 1558 5351 Caesariensis,
1599 5302 1748 5356 quem
1778 5284 2086 5339 Eustathius

525 5371 782 5441 interpres
826 5373 890 5428 de
926 5373 1108 5430 Greece
1147 5376 1269 5445 fecit
1296 5394 1406 5432 esse
1437 5377 1706 5432 Latinum.
1743 5375 2084 5431 Manifestum

524 5464 707 5535 itaque
757 5468 1101 5524 Eustathium
1145 5470 1311 5534 hunc,
1345 5471 1436 5541 qui
1489 5471 1543 5525 in
1589 5471 1847 5524 vertendo
1885 5468 2086 5522 Basilio

526 5555 765 5612 laborem
796 5559 1106 5629 insumpsit,
1126 5562 1291 5615 alium
1320 5579 1440 5617 esse
1466 5563 1536 5616 ab
1557 5561 1840 5616 Eustathio
1863 5561 1966 5614 hoc
1989 5576 2082 5614 no-

525 5658 658 5706 ιιι-ο.
692 5663 814 5702 cum
842 5657 895 5704 et
926 5651 1072 5706 illius
1103 5654 1349 5708 versibus
1380 5655 1520 5708 edita
1564 5655 1652 5718 sit,
1677 5661 1730 5707 et
1771 5653 1993 5721 ipsemet
2030 5652 2081 5704 in

525 5737 841 5808 praefatione
884 5756 995 5797 suae
1047 5744 1311 5799 versionis
1343 5758 1564 5814 scopum
1611 5760 1790 5810 suum,
1819 5753 1871 5800 et
1908 5743 2082 5799 inten-

2192 4277 2588 4341 scribebantur,
2623 4275 2872 4346 quamvis
2928 4284 3120 4329 auctor
3173 4272 3266 4328 diu
3309 4272 3476 4326 vitam
3525 4270 3747 4324 trahens

2192 4377 2404 4438 tempus
2430 4368 2558 4422 illud
2587 4367 2902 4422 excesserit.

2260 4461 2396 4515 Ibid.
2427 4464 2530 4527 Εἰς
2552 4459 3056 4529 τὴνἘξαήμερον.
3074 4456 3442 4512 Hexaemeron
3465 4453 3640 4508 (Ἐπ’κοί
3658 4468 3742 4507 vo-

2190 4564 2405 4619 carunt,
2453 4555 2689 4624 spatium
2734 4553 2866 4608 illud
2915 4569 3008 4608 sex
3060 4551 3292 4613 dierum,
3354 4565 3464 4620 quo
3513 4545 3749 4603 mundus

2190 4647 2440 4702 conditus
2498 4657 2552 4702 et
2607 4647 2903 4701 fabricatus
2954 4644 3090 4710 fuit;
3121 4659 3229 4697 non
3295 4641 3439 4712 quod
3490 4639 3749 4708 temporis

2191 4739 2366 4810 spatio
2391 4753 2528 4808 opus
2559 4739 2806 4792 habuerit
2831 4737 3100 4799 conditor,
3121 4734 3263 4790 Deus
3286 4734 3430 4790 enim
3453 4747 3562 4787 non
3589 4733 3744 4801 jussu

2188 4839 2420 4894 tantum,
2451 4832 2545 4886 sed
2572 4839 2625 4885 et
2651 4831 2887 4903 cogitatu
2911 4838 3186 4899 operatur,
3206 4826 3300 4883 sed
3331 4827 3588 4896 quoniam
3612 4839 3745 4894 Opus

2187 4931 2304 4979 erat
2334 4939 2422 4979 res
2465 4924 2639 4978 creari
2682 4921 2914 4992 quodam
2939 4921 3130 4977 ordine
3162 4938 3176 4975 :
3210 4919 3386 4974 ordini
3428 4929 3610 4972 autem
3650 4931 3748 4971 nu-

2187 5033 2372 5071 merus
2399 5025 2482 5071 est
2507 5015 2777 5086 proprius.
2809 5012 2965 5068 Philo
2993 5012 3232 5076 Judaeus,
3273 5011 3350 5066 De
3388 5010 3570 5064 mundi
3594 5009 3747 5078 opiﬁ-

2187 5108 2266 5161 cio
2286 5123 2304 5159 :
2321 5107 2418 5172 Ἓξ
2436 5107 2480 5160 δ’
2502 5107 2733 5178 ἡμέραις
2762 5104 3220 5178 δημιουργηθῆναί
3245 5121 3376 5174 φησι
3402 5101 3493 5156 τὸν
3525 5103 3744 5172 κόσμον,

2185 5199 2283 5251 οὐκ
2311 5198 2495 5268 ἐπειδὴ
2531 5197 2835 5271 προσεδεῖτο
2877 5196 3080 5267 χρόνων
3123 5196 3329 5266 μήκους
3354 5194 3382 5245 ὁ
3415 5193 3605 5256 ποιῶν,
3634 5193 3746 5261 ἅμα

2187 5290 2294 5361 γὰρ
2323 5291 2452 5361 δρᾷν
2485 5291 2629 5353 εἰκὸς
2671 5289 2822 5351 Θεὸν,
2863 5291 2922 5343 οὑ
2969 5289 3368 5360 προστάττοντα
3402 5288 3582 5358 μόνον.
3614 5285 3748 5340 ἀλλὰ

2185 5380 2278 5432 καὶ
2318 5380 2708 5450 διανοούμενον,
2741 5379 2853 5434 ἀλλ’
2902 5380 3086 5452 ἐπειδὴ
3137 5383 3248 5442 τοῖς
3292 5379 3599 5449 γενομένοις
3642 5378 3747 5430 ἔδει

2184 5471 2406 5537 τάξεως,
2440 5471 2589 5534 τάξει
2629 5471 2685 5522 δὲ
2715 5471 2942 5542 ἀριθμὸς
2971 5473 3164 5524 οἰκεῖον
3187 5511 3200 5533 ,
3242 5478 3300 5525 et
3337 5470 3611 5526 senarium
3641 5484 3743 5522 nu-

2189 5577 2394 5616 merum
2447 5563 2588 5616 inter
2631 5563 2767 5616 alios
2813 5563 2926 5631 lege
2979 5571 3186 5616 natura:
3241 5578 3364 5619 esse
3407 5559 3745 5632 generationi

2189 5653 2527 5723 aptissimum
2559 5654 2745 5708 multis
2774 5656 3003 5723 explirat
3047 5655 3265 5710 ibidem.
3300 5654 3746 5721 Quotiescunque

2188 5743 2351 5814 igitur
2377 5742 2644 5812 quispiam
2676 5742 2740 5797 ad
2769 5743 3072 5799 enarranda
3101 5745 3191 5798 illa
3219 5760 3339 5814 quae
3364 5743 3419 5798 in
3447 5743 3539 5798 illo
3568 5744 3743 5815 spatio
