4072 6342
290 317 398 371 797
1287 315 1355 370 IN
1392 290 1761 372 eusnr‘nn
1810 308 2279 369 nnxsnnenon
2317 308 2549 366 nom.
3432 303 3536 361 793

292 438 511 490 luerunt
538 430 722 484 divina
745 431 1001 488 facultate
1028 434 1307 503 producta,
1338 433 1577 488 studium
1605 432 1855 487 confere-
1882 436 1901 491 ί

2002 430 2165 499 ρὸνοις
2209 430 2457 500 ἀκμάσαι
2503 427 2643 481 κατὰ
2674 426 2882 493 Ἴναχον
2923 422 3211 495 εἰρήκασιν
3244 421 3431 495 ἄνδρες
3476 424 3535 475 ὲν

292 525 403 585 bat,
450 525 506 576 in
564 522 927 577 Hexaemeron
982 527 1222 580 scribere
1264 526 1569 587 dicebatur,
1620 538 1851 593 quorum

2002 520 2234 575 αιδεύσει
2262 517 2553 588 γνώριμοι,
2606 514 2860 584 Κλήμης,
2900 511 3245 584 Ἀφρικανὸς,
3274 511 3535 589 Τατιανὺς

294 631 508 672 summa
560 622 676 670 toto
726 618 902 685 primo
957 615 1231 672 Geneseos
1263 618 1443 687 capite
1487 615 1852 679 concluditur,

2002 610 2049 662 r3
2084 609 2203 663 καθ’
2235 609 2381 679 ἡμᾶς
2403 607 2584 675 λόγου,
2619 603 2729 656 τῶν
2753 619 2812 656 τε
2846 603 2911 654 ὲκ
2933 600 3233 672 περιτομῆς
3247 600 3529 671 Ἰώσηπος,

295 708 455 773 cujus
486 722 549 761 ea
580 706 679 760 fuit
710 708 852 776 apud
886 723 1074 763 omnes
1130 707 1440 769 dillicultas,
1474 716 1534 761 ut
1571 707 1725 761 multi
1763 721 1858 776 ag-

2002 702 2052 754 αὶ
2090 700 2341 763 Ἰοῦστος,
2381 698 2523 760 ίδίως
2555 696 2774 749 ’ἐκαστοι
2795 692 2891 765 τὴν
2913 691 3186 755 ἀπόδειξιν
3209 693 3273 743 ὲκ
3295 691 3535 754 παλαιᾶς

296 800 472 869 gressi
514 799 624 852 sint
670 798 803 851 illud
847 814 1006 859 onus,
1031 800 1211 853 nullus
1241 807 1420 852 tamen
1464 814 1561 866 pro
1600 797 1863 867 dignitate

2002 793 2285 863 ποσχόντες
2334 791 2593 861 ἱστορίας.
2627 788 2834 856 Ἴναχον
2879 784 2933 836 δὲ
2958 783 3067 837 τῶν
3113 782 3353 835 Ἰλιακῶν
3387 783 3543 854 ἐστη-

299 889 672 959 compleverit,
698 889 834 943 adeo
858 889 1037 941 omnia
1076 898 1202 943 sunt
1218 887 1598 941 difﬁcultatum
1622 886 1863 940 tenebris

2002 903 2063 938 αν
2105 884 2453 945 ἑπτακοσίοις
2498 878 2841 952 πρεσϐεύειν.
2876 875 3079 928 Horum
3110 875 3399 930 verborum
3430 877 3541 943 pri-

297 980 577 1034 obvoluta.
609 978 939 1050 Theophilus
966 980 1336 1033 Antiochenus
1372 979 1464 1033 lib.
1501 993 1560 1041 tt,
1598 975 1665 1029 ad
1698 978 1865 1029 Auto-
1964 992 2107 1032 mam
2149 982 2353 1045 partem
2385 973 2568 1027 omisit
2610 969 2947 1031 Eustathius,
2975 965 3269 1023 secundam
3298 967 3383 1021 sui
3427 976 3545 1019 tra-

300 1072 477 1140 lycum
506 1087 526 1127 :
552 1072 661 1142 Τῆς
716 1070 814 1142 μὲν
853 1066 947 1124 οὖν
974 1068 1340 1138 Ἐξαημέρου
1371 1069 1543 1131 οὐδεὶς
1571 1067 1867 1138 ἀνθρώπων

298 1162 526 1226 δυνατὸς
546 1164 686 1217 κατὰ
714 1162 870 1227 ἀξίαν
899 1161 998 1233 την
1027 1161 1288 1233 ἐξήγησιν
1317 1161 1409 1214 καὶ
1435 1161 1532 1231 τὴν
1562 1161 1869 1231 οἰκονομίαν

300 1256 485 1307 πᾶσαν
517 1254 765 1317 ἐξειπεῖν,
797 1254 916 1307 οὐδὲ
940 1254 988 1306 εί
1014 1254 1180 1325 μυρία
1209 1251 1451 1321 στόματα
1480 1250 1610 1320 ἔχοι,
1647 1251 1741 1303 καὶ
1776 1267 1873 1320 μυ-

304 1347 428 1417 ρίας
475 1345 744 1414 γλώσσας,
775 1346 887 1399 ἀλλ’
914 1345 1034 1399 οὐδὲ
1064 1346 1109 1396 εί
1142 1344 1352 1414 μυρίοις
1384 1342 1526 1395 ἔτεσι
1560 1340 1743 1412 βιώσοι
1790 1357 1875 1403 τις

302 1437 586 1507 ἐπιδημῶν
637 1439 696 1490 ὲν
731 1437 864 1507 τῷδε
896 1437 973 1507 τῷ
1015 1436 1131 1507 βίῳ,
1163 1436 1281 1489 οὐδὲ
1312 1434 1481 1497 οὕτως
1512 1434 1663 1486 ἔσται
1696 1432 1875 1495 ἱκανὸς

301 1527 440 1597 πρὸς
463 1528 637 1581 ταῦτα
671 1527 835 1591 ἀξίως
856 1546 909 1581 τι
934 1532 1129 1591 εἰπεῖν,
1151 1528 1239 1581 διὰ
1265 1527 1328 1580 τὸ
1361 1526 1695 1597 ὑπερϐάλλον
1726 1525 1878 1595 μέγε-

1967 1075 2147 1121 ctatus
2179 1064 2397 1118 initium
2430 1077 2554 1117 esse
2582 1060 2774 1119 voluit,
2798 1058 3028 1128 Κλήμης
3055 1056 3152 1127 μὲν
3183 1051 3296 1118 οὖν,
3326 1071 3436 1126 qua
3459 1054 3546 1111 vel

1969 1172 2079 1211 una
2128 1153 2415 1226 particula,
2461 1151 2563 1206 etsi
2615 1148 2887 1205 sententia
2944 1147 3001 1201 in
3057 1145 3287 1215 reliquis
3332 1146 3403 1200 sit
3440 1145 3547 1200 sibi

1971 1253 2233 1301 constans
2270 1255 2323 1299 et
2353 1240 2780 1303 absolutissima,
2811 1237 3051 1293 libellum
3092 1236 3240 1292 hunc
3278 1237 3548 1307 principio

1973 1335 2227 1390 mutilum
2271 1346 2393 1387 esse
2412 1329 2684 1384 dictitant.
2721 1327 2817 1383 Est
2855 1327 3024 1389 enim,
3069 1326 3341 1396 inquiunt,
3385 1328 3549 1381 colle-

1975 1432 2115 1486 ctiva
2160 1435 2215 1484 et
2268 1424 2555 1480 rationalis
2578 1462 2593 1489 ,
2648 1423 3073 1492 necessarioque
3107 1422 3210 1474 alia
3241 1436 3549 1491 prmsuppo—

1977 1522 2079 1587 nit,
2096 1535 2163 1576 ex
2183 1518 2380 1590 quibus
2397 1514 2600 1570 dictum
2617 1514 2747 1569 illud
2775 1514 3005 1568 infertur
3039 1530 3051 1564 :
3075 1512 3319 1583 adeoque
3351 1514 3458 1567 illis
3482 1513 3551 1567 ab

303 1619 397 1682 θος
424 1619 518 1673 καὶ
550 1619 642 1672 τὸν
695 1619 920 1672 πλοῦτον
951 1620 1050 1689 τῆς
1076 1619 1264 1687 σοφίας
1293 1618 1386 1671 τοῦ
1410 1617 1565 1680 Θεοῦ,
1595 1616 1692 1686 τῆς
1716 1615 1879 1684 οὔσης

2002 1615 2069 1667 lla
2102 1611 2428 1682 principium
2457 1609 2719 1663 orationis
2746 1607 2946 1662 ducere
2974 1621 3185 1661 summa
3225 1607 3413 1676 religio
3444 1614 3548 1660 est.

304 1713 365 1765 ὲν
395 1712 567 1782 ταύτῃ
600 1714 664 1781 τῇ
692 1714 1157 1784 προγεγραμμένῃ
1197 1712 1545 1781 Ἐξαημέρῳ·
1573 1710 1757 1763 πολλοὶ
1785 1710 1881 1780 μὲν

2002 1703 2183 1759 i’erum
2210 1703 2302 1773 qui
2329 1702 2622 1771 gratiarum
2646 1698 2947 1752 Atticarum
2978 1714 3085 1752 non
3110 1697 3359 1768 ignarus,
3388 1698 3551 1754 lasci-

305 1800 400 1857 οὖν
422 1780 918 1875 τῶνήσυγγραφὲων
952 1780 1309 1876 ἐμιμήσαντο,
1337 1805 1428 1857 καὶ
1456 1802 1727 1873 ἠθέλησαν
1754 1801 1883 1871 περὶ

2002 1798 2197 1851 tientes
2252 1794 2539 1848 verborum
2581 1791 2853 1857 modulos,
2900 1806 3178 1860 novosque
3222 1792 3276 1845 in
3308 1793 3552 1847 oratione

306 1895 513 1947 τούτων
542 1895 793 1966 διήγησιν
835 1896 1183 1964 ποιήσασθαι,
1211 1896 1387 1948 καίτοι
1421 1894 1672 1958 λαϐόντες
1705 1893 1884 1947 ὲντεῦ-

311 1987 402 2040 θεν
431 1987 531 2051 τὰς
565 1988 836 2059 ἀφορμὰς,
862 1989 979 2059 ἦτοι
1014 1990 1143 2061 περὶ
1171 1990 1375 2059 κόσμου
1415 1988 1664 2052 κτίσεως,
1691 1986 1724 2058 ἢ
1762 1986 1888 2055 περὶ

312 2077 527 2147 φύσεως
561 2077 866 2149 ἀνθρώπου,
896 2080 991 2130 καὶ
1016 2078 1132 2131 οὐδὲ
1158 2077 1220 2131 τὸ
1246 2078 1408 2147 τυχὸν
1449 2078 1695 2149 ἒναυσμα
1743 2077 1890 2143 ἄξιόν

310 2186 364 2221 τι
390 2168 491 2237 τῆς
535 2166 789 2237 ἀληθείας
828 2166 1057 2232 ἐξεῖπον.
1092 2168 1326 2238 Ideoque
1375 2167 1579 2222 Judaeis
1620 2169 1890 2237 prohibita

314 2261 435 2328 ejus
489 2260 650 2315 lectio
705 2269 831 2315 ante
877 2261 1210 2316 tricesimum
1263 2277 1489 2316 annum.
1530 2260 1893 2331 Hieronymus

314 2350 535 2422 Prolog.
590 2353 645 2405 in
696 2352 1055 2415 Ezechielem,
1092 2362 1148 2407 et
1193 2351 1506 2408 Ludovicus
1562 2352 1763 2407 Fidelis
1816 2351 1894 2406 De

317 2452 589 2497 structura
616 2442 818 2506 mundi,
844 2444 899 2497 in
932 2444 1171 2513 prologo,
1198 2443 1253 2496 in
1276 2458 1386 2512 quo
1414 2452 1469 2496 et
1498 2442 1892 2504 dillicultatem,

318 2540 375 2587 et
406 2531 570 2600 hujus
603 2533 797 2602 capitis
824 2534 1079 2603 ambages
1111 2537 1181 2588 ita
1209 2533 1481 2605 expressit
1513 2549 1528 2586 :
1560 2532 1708 2584 Hanc
1731 2530 1897 2584 divini

327 2627 466 2678 vatis
520 2624 779 2689 Cenesim,
846 2642 937 2680 seu
993 2626 1208 2697 hujusce
1252 2626 1578 2697 prwgrandis
1619 2624 1897 2679 mundana:

322 2717 487 2771 molis
550 2733 643 2772 sea:
684 2718 863 2771 diebus
913 2718 1228 2786 descriptam
1268 2728 1591 2772 structuram
1620 2716 1777 2770 veluti
1803 2716 1898 2770 sil-

321 2830 439 2866 vam
465 2811 749 2881 quamdam
773 2830 1013 2881 opacam,
1041 2814 1255 2867 densam
1303 2830 1364 2867 ac
1405 2812 1749 2874 tenebrosam,
1777 2811 1899 2865 hor-

324 2903 500 2957 ridam
530 2921 762 2965 accessu,
795 2906 1058 2975 di/ficilem
1108 2906 1280 2969 aditu,
1323 2915 1373 2959 et
1410 2907 1583 2959 instar
1612 2904 1899 2975 labyrinthi

326 2994 637 3064 ambagibus
681 2996 909 3063 plenam,
936 3005 984 3050 et
1029 2999 1193 3051 maris
1242 2998 1530 3051 vastissimi
1563 2997 1789 3064 scopulis
1814 3012 1897 3049 re—

326 3085 693 3152 fertissimam,
736 3104 935 3157 semper
970 3089 1231 3157 judicavi.
1264 3088 1493 3159 Ingenue
1546 3088 1736 3157 fateor,
1773 3104 1899 3141 can-

327 3176 456 3230 dide
507 3177 686 3239 lector,
724 3196 803 3231 me
849 3181 903 3231 in
944 3189 1055 3233 tota
1084 3178 1361 3248 Scriptura
1401 3197 1553 3234 sacra
1608 3180 1706 3231 hac
1750 3196 1903 3231 mun-

330 3268 489 3323 dana:
532 3271 686 3324 molis
734 3271 1082 3339 descriptione
1130 3273 1260 3326 nihil
1314 3275 1567 3327 invenisse
1618 3271 1902 3340 difﬁcilius,

332 3361 655 3427 abstrusius,
702 3373 857 3433 atque
906 3366 1182 3431 occultius,
1228 3367 1306 3420 ita
1335 3375 1394 3419 ut
1450 3367 1633 3419 mirari
1688 3380 1902 3427 cessem,

334 3456 627 3523 antiquitus
690 3467 812 3510 ante
875 3459 1194 3511 tricesimum
1242 3475 1439 3512 annum
1483 3457 1615 3511 hanc
1662 3455 1904 3510 Genesim

337 3546 503 3616 legere
560 3563 661 3599 non
719 3545 949 3603 licuisse.
981 3547 1145 3617 Cujus
1202 3551 1493 3619 ingressum
1547 3549 1806 3609 tetricum,
1844 3563 1906 3600 ac

337 3637 751 3703 prosecutionem
804 3647 911 3691 tam
955 3639 1202 3701 arduam,
1248 3647 1322 3691 tot
1360 3640 1617 3707 tantisque
1649 3638 1904 3705 vepribus,

338 3729 630 3795 cuniculis,
662 3730 945 3785 mirandi-is
978 3749 1039 3784 ac
1072 3731 1437 3800 diﬁicuttatum
1469 3733 1664 3784 acervis
1704 3740 1909 3784 scaten-

337 3829 441 3873 tem
482 3820 674 3883 inveni,
703 3831 759 3874 ut
797 3839 901 3875 una
930 3840 1032 3876 non
1054 3822 1230 3887 modo,
1268 3834 1424 3893 atque
1450 3823 1620 3876 altera
1652 3823 1778 3886 vice,
1819 3820 1907 3875 sed

340 3921 421 3964 ter
441 3919 725 3979 quaterque
751 3928 781 3963 a
804 3912 1012 3967 calamo
1052 3912 1362 3974 destiterim,
1395 3914 1468 3965 rei
1504 3914 1693 3966 veritus
1726 3912 1909 3965 ardui-

341 4011 525 4064 tatem,
557 4011 605 4053 et
635 4004 1009 4071 emergentibus
1037 4001 1374 4071 undequaque
1403 4003 1617 4055 obrutus
1647 4002 1907 4071 ambigui-

341 4092 562 4145 tatibus.
595 4093 702 4148 Nec
736 4094 1028 4159 immerito,
1058 4109 1180 4147 cum
1211 4092 1398 4148 Jobius
1425 4095 1724 4148 monachus
1768 4093 1909 4162 apud

340 4183 595 4237 Pbotium
619 4185 673 4238 in
696 4184 1019 4238 Bibliotheca
1041 4183 1220 4237 tradat
1248 4199 1386 4253 opus
1415 4185 1519 4237 boc
1555 4200 1646 4239 sex
1676 4184 1907 4247 dierum,

341 4278 543 4346 quibus
575 4278 760 4331 mundi
793 4279 997 4332 creatio
1028 4276 1262 4346 perfecta
1291 4285 1392 4337 est,
1418 4292 1514 4331 sua
1540 4276 1913 4347 magnitudine

343 4385 409 4423 ac
455 4368 857 4438 pulchritudine
914 4368 1189 4424 Creatoris
1228 4383 1348 4422 esse
1402 4370 1710 4438 imaginem,
1749 4377 1804 4421 et
1843 4367 1910 4421 ad

1987 1890 2130 1945 sales
2181 1902 2292 1941 non
2345 1888 2623 1947 abhorret,
2649 1884 2908 1939 fatebitur
2958 1882 3011 1936 id
3058 1883 3275 1951 quidem
3305 1884 3423 1938 sine
3446 1884 3553 1938 ulla

1986 1980 2429 2053 reprehensionis
2456 1988 2581 2034 nota
2614 1980 2726 2032 ﬁeri
2750 1994 2930 2048 posse,
2949 1976 3111 2045 idque
3139 1978 3408 2032 sermonis
3434 1992 3556 2033 esse

1990 2072 2317 2144 principium
2340 2088 2448 2126 non
2492 2054 2918 2128 incdmmodum.
2951 2068 3059 2125 Nec
3090 2070 3285 2124 desunt
3306 2071 3555 2139 exempla

1990 2166 2131 2235 apud
2161 2164 2482 2229 Himerium,
2527 2164 2844 2234 Gregorium
2871 2163 3268 2217 Nazianzenum
3303 2169 3359 2216 et
3395 2163 3553 2217 alios.

1990 2256 2161 2313 Porro
2180 2258 2508 2313 Clementem
2534 2258 2771 2329 Cyrillus
2801 2255 3200 2311 Alexandrinus
3225 2254 3387 2326 ἄνδρα
3412 2255 3558 2308 ὲ).λό-

1990 2365 2150 2419 γιμον
2175 2348 2266 2400 καὶ
2295 2346 2615 2419 πολυῖστορα
2638 2356 2827 2415 vocat;
2859 2354 2913 2399 et
2938 2359 3128 2400 rursus
3159 2347 3325 2421 ἄνδρα
3354 2344 3560 2412 ἐλλόγι-

1995 2457 2115 2510 μον,
2150 2439 2240 2491 καὶ
2292 2438 2584 2509 φιλομαθῆ,
2620 2438 2711 2491 καὶ
2761 2439 3197 2509 ἀναγνωσμάτων
3239 2434 3560 2507 Ἑλληνικῶν

1994 2532 2592 2603 πολυπραγμονήσαντα
2624 2530 2784 2601 βάθος
2819 2531 2893 2593 ὼς
2929 2530 3097 2599 ὀλίγοι
3127 2530 3267 2599 τάχα
3308 2545 3408 2581 που
3458 2526 3565 2580 τῶν

1995 2626 2102 2697 πρὸ
2124 2624 2308 2678 αὑτοῦ.
2339 2622 2503 2677 Plura
2542 2624 2609 2678 de
2644 2622 2942 2687 Clemente,
2983 2631 3038 2677 et
3066 2622 3186 2692 ejus
3214 2621 3433 2691 scriptis
3460 2619 3568 2673 Eu-

1994 2718 2178 2773 sebius
2210 2715 2285 2770 De
2341 2716 2722 2784 pra’paratione
2753 2715 3069 2784 evangelica,
3124 2714 3218 2768 lib.
3261 2727 3341 2779 tt;
3380 2710 3567 2764 Eccle-

1995 2811 2149 2864 siast.
2185 2809 2395 2872 histor.,
2425 2808 2522 2863 lib.
2574 2824 2657 2871 nt,
2688 2823 2809 2877 cap.
2842 2809 2929 2872 11,
2954 2816 3008 2861 et
3049 2809 3141 2862 lib.
3172 2824 3246 2870 v1,
3281 2823 3404 2875 cap.
3430 2808 3464 2861 5
3516 2816 3570 2860 et

1998 2916 2118 2971 cap.
2151 2901 2210 2955 11
2235 2919 2249 2967 ;
2275 2899 2635 2971 Hieronymus
2680 2900 2732 2953 in
2762 2899 3014 2968 Catalogo
3047 2900 3230 2967 script.
3250 2898 3568 2963 ecclesiast.;

1999 2992 2359 3048 Cassiodorus
2401 2993 2494 3045 lib.
2548 3008 2565 3045 ι
2628 2990 2814 3045 Divin.
2854 2992 3289 3053 institutionum;
3336 2989 3566 3059 Epiphao

2003 3088 2127 3142 nius
2176 3086 2367 3141 haeresi
2420 3085 2509 3152 52,
2570 3085 2771 3140 Contra
2817 3082 3199 3146 Secundianos,
3258 3082 3351 3151 qui
3408 3082 3572 3137 refert

2006 3179 2269 3250 quosdam
2322 3178 2769 3240 Alexandrinum,
2801 3178 2936 3231 alios
2973 3176 3356 3231 Atheniensem
3404 3174 3573 3229 fuisse

2003 3273 2328 3336 tradidisse;
2380 3271 2608 3327 Photius
2660 3272 2713 3325 in
2756 3270 3119 3333 Bibliotheca;
3148 3268 3486 3339 Nicephorus
3517 3271 3571 3322 in

2009 3365 2151 3419 Hist.
2183 3365 2278 3420 lib.
2298 3380 2371 3427 Iv,
2398 3379 2517 3433 cap.
2543 3363 2632 3429 55,
2664 3370 2717 3417 et
2740 3362 2866 3427 alii;
2894 3360 3127 3433 llloysem
3158 3376 3284 3415 vero
3321 3360 3573 3415 omnibus

2004 3456 2226 3512 Graecia:
2254 3456 2590 3525 sapientibus
2621 3454 2982 3524 antiquiorem
3019 3460 3073 3508 et
3120 3452 3301 3507 Inachi
3332 3466 3573 3507 coaevum

2006 3548 2176 3603 fuisse
2232 3548 2570 3602 demonstrat
2615 3546 2754 3599 libro
2817 3560 3040 3601 suorum
3087 3545 3484 3611 Stromatuml‘,
3517 3545 3574 3599 in

2006 3655 2114 3710 quo
2158 3646 2211 3693 et
2249 3636 2498 3693 Cassiani
2528 3635 2810 3705 cujusdam
2836 3636 3245 3708 Χρονογραφὶας
3279 3634 3524 3689 meminit
3557 3652 3570 3688 :

2010 3745 2221 3785 necnon
2279 3737 2334 3784 et
2375 3728 2441 3782 de
2460 3727 2663 3783 Iudaeis
2688 3728 3058 3783 Aristobulum
3086 3727 3372 3798 quemdam
3403 3734 3455 3781 et
3482 3724 3579 3781 De-

2009 3822 2285 3885 metrium,
2317 3828 2369 3875 et
2393 3820 2745 3889 Eupolemum
2769 3821 3066 3890 scriptores
3107 3818 3369 3873 adversus
3389 3827 3576 3889 gentes

2010 3912 2309 3981 rel'ert,qui
2350 3913 2405 3966 in
2445 3913 2850 3967 similitudinem
2876 3910 3101 3980 Josepbi
3149 3911 3573 3981 Ἀρχαιογονίας,

2011 4004 2210 4075 Muysis
2236 4001 2537 4057 etJudaicaz
2558 4002 2733 4073 gentis
2755 4001 3133 4071 antiquitatem
3158 4009 3573 4056 asseverarunt:

2011 4094 2058 4149 is
2086 4094 2226 4148 inter
2255 4101 2450 4148 caetera
2466 4093 2628 4146 habet
2647 4112 2658 4147 :
2680 4094 2880 4145 Ἀπίων
2903 4090 3080 4143 τοίνυν
3111 4091 3139 4141 ὁ
3170 4089 3572 4159 γραμματικὸς,

2009 4188 2040 4242 ὁ
2064 4185 2437 4255 πλειστονίκης
2464 4184 2774 4255 ἐπικληθεὶς
2815 4186 2871 4236 ὲν
2906 4185 2971 4253 τῇ
3012 4181 3243 4253 τετάρτῃ
3267 4181 3375 4235 τῶν
3401 4182 3578 4248 Αιγυ-

2012 4277 2280 4335 πτιακῶν
2325 4277 2620 4348 ἱστοριῶν,
2676 4277 2852 4330 καίτοι
2909 4273 3391 4344 φιλαπεχθημένως
3448 4271 3582 4343 πρὸς

2023 4372 2305 4444 Ἐϐραίους
2349 4372 2708 4441 διακείμενος,
2739 4369 2834 4425 ἆτε
2884 4368 3177 4437 Αἰγύπτιος
3218 4366 3277 4418 τὸ
3308 4364 3480 4433 γένος,
3507 4365 3582 4427 ὼς

347 4459 895 4530 mysteriiTrinitatis
926 4463 1288 4530 cognitionem
1315 4462 1550 4515 maxime
1581 4460 1901 4526 conducere,

2019 4465 2112 4517 καὶ
2147 4464 2286 4517 κατὰ
2329 4462 2593 4516 Ἰουδαίων
2636 4460 2891 4525 συντάξαι
2927 4458 3146 4529 βιϐλίον,
3188 4457 3452 4527 Ἀμώσιος
3488 4455 3581 4508 τοῦ

344 4561 396 4603 et
434 4567 527 4620 per
566 4552 706 4606 hanc
751 4553 1106 4617 materialem,
1141 4561 1300 4621 atque
1329 4554 1686 4622 compositam
1722 4554 1910 4623 cogni-

349 4646 575 4708 tionem,
626 4648 891 4716 simplicis
934 4654 1095 4716 atque
1142 4648 1513 4719 incomposita:
1544 4658 1751 4702 natura:
1780 4650 1911 4703 sub-

350 4735 671 4803 stantiaaqne
734 4737 979 4789 notitiam
1039 4737 1314 4800 advenire,
1347 4739 1505 4807 idque
1554 4753 1723 4793 sacrae
1769 4738 1916 4792 Scri-

356 4834 529 4895 ptura:
562 4828 890 4883 testimoniis
913 4828 1218 4883 conﬁrmat.
1256 4831 1406 4884 Multi
1445 4841 1622 4884 tamen
1654 4846 1760 4883 non
1795 4840 1917 4883 tan-

355 4927 468 4972 tum
515 4935 581 4973 ex
627 4921 1027 4989 antiquioribus
1049 4923 1383 4990 provinciam
1434 4922 1574 4976 hanc
1610 4922 1914 4988 subierunt,

356 5011 451 5066 sed
481 5028 545 5066 ex
586 5015 979 5069 recentioribus
1005 5014 1279 5071 Vicentius
1314 5016 1681 5070 Belluacensis
1705 5016 1919 5086 episco-

356 5118 459 5170 pus
480 5105 661 5156 omnia
689 5104 891 5174 ingenti
915 5107 1206 5171 volumine,
1226 5108 1447 5175 triginta
1473 5108 1684 5163 duobus
1709 5112 1919 5177 magnis

357 5194 513 5248 libris
557 5194 755 5260 diviso,
792 5197 893 5251 sub
943 5196 1156 5266 Speculi
1200 5199 1463 5253 naturalis
1494 5201 1713 5255 nomine
1766 5215 1919 5255 com-

358 5286 548 5355 plexns
577 5294 678 5341 est.

427 5376 547 5433 Col.
593 5378 839 5442 708,!in.
876 5380 926 5433 l.
978 5384 1229 5451 Κλήμης
1262 5384 1380 5452 μὲν
1405 5382 1537 5440 οὖν.
1568 5384 1836 5439 Eusebius
1870 5385 1924 5438 in

358 5466 642 5533 Chronico,
660 5472 894 5524 Μωύσέα
919 5474 1070 5539 γένος
1086 5475 1332 5545 Ἐϐραίον
1359 5478 1648 5549 προφητῶν
1672 5477 1924 5530 ἁπάντων

358 5559 575 5629 πρῶτον
610 5562 751 5631 ἀμφὶ
775 5564 867 5615 τοῦ
900 5566 1150 5636 Σωτῆρος
1179 5569 1210 5636 ἡ
1222 5568 1357 5637 μῶν,
1394 5568 1537 5637 λέγω
1567 5568 1624 5621 δὲ
1656 5568 1748 5619 τοῦ
1791 5568 1924 5635 Χρι-

359 5650 510 5713 στοῦ,
544 5653 685 5721 ἀμφί
736 5671 793 5705 τε
849 5658 945 5725 τῆς
974 5656 1080 5709 τῶν
1120 5658 1286 5711 ἐθνῶν
1318 5660 1384 5713 δι’
1417 5660 1576 5712 αὐτὸν
1604 5657 1926 5727 Θεογνωσίας

361 5746 642 5815 χρησμοὺς
677 5746 767 5799 καὶ
792 5746 943 5815 λόγια
977 5748 1093 5821 θεία
1129 5750 1312 5823 Γραφῇ
1351 5752 1783 5824 παραδεδωκότα,
1817 5751 1925 5812 τοῖς

2011 4556 2321 4624 Αἰγυπτίων
2351 4554 2612 4625 βασιλέως
2637 4551 3000 4624 μεμνημένος,
3023 4551 3115 4604 καὶ
3143 4550 3249 4603 τῶν
3277 4549 3395 4603 κατ’
3422 4547 3582 4600 αὑτὸν

2014 4646 2282 4719 πράξεων,
2303 4647 2551 4718 μάρτυρα
2564 4643 2951 4719 παρατίθεσθαι
2980 4641 3305 4710 Πτολεμαῖον
3328 4639 3418 4693 τὸν
3441 4640 3582 4692 Μεν-

2014 4740 2214 4810 δήσιον,
2266 4740 2360 4791 καὶ
2414 4738 2483 4791 τὰ
2526 4737 2627 4807 τῆς
2674 4736 2869 4800 λέξεως
2914 4734 3077 4788 αὑτοῦ
3129 4727 3230 4787 ὧδε
3275 4732 3404 4802 ἔχει·
3434 4732 3581 4783 Κατ-

2016 4828 2217 4897 ἐσκαψε
2247 4827 2301 4880 δὲ
2330 4827 2428 4897 τὴν
2462 4826 2712 4896 Ἀθυρίαν
2738 4827 3000 4895 Ἀμωσις,
3045 4823 3185 4878 κατὰ
3215 4822 3304 4875 τὸν
3346 4822 3584 4891 Ἀργεῖον

2016 4920 2305 4991 γενόμενος
2350 4923 2579 4990 Ἴναχον,
2624 4918 2698 4981 ὼς
2733 4920 2790 4973 ὲν
2837 4921 2948 4981 τοῖς
2994 4916 3201 4987 χρόνοις
3226 4912 3528 4985 ἀνέγραψεν
3556 4913 3585 4964 ὁ

2019 5012 2312 5082 Μενδήσιος
2363 5011 2712 5081 Πτολεμαῖος.
2754 5010 2812 5063 Ὀ
2852 5009 2910 5061 δὲ
2955 5006 3282 5076 Πτολεμαῖος
3324 5000 3476 5066 οὗτος
3515 5005 3587 5056 ἱε-

2022 5106 2146 5177 ρεὺς
2176 5105 2272 5175 μὲν
2302 5099 2369 5175 ἦν
2386 5121 2400 5135 ο
2424 5104 2523 5167 τὰς
2541 5104 2597 5157 δὲ
2624 5101 3060 5169 τῶνΛίγυπτίων
3082 5097 3342 5167 βασιλέων
3364 5094 3584 5167 πράξεις

2020 5198 2077 5250 ὲν
2092 5196 2266 5266 τρισὶν
2282 5196 2427 5259 ὅλαις
2441 5195 2728 5265 ἐκθέμενος
2750 5193 2969 5263 βίϐλοις,
2991 5190 3131 5245 κατὰ
3144 5188 3385 5260 Ἀμωσίν
3403 5204 3582 5258 φησιν,

2022 5288 2296 5357 Αἰγύπτου
2360 5286 2601 5357 βασιλέα,
2648 5285 2921 5347 Μωῦσέως
2967 5281 3265 5353 ἡγουμένου
3312 5278 3585 5347 γεγονέναι

2037 5379 2309 5442 Ἰουδαίοις
2329 5379 2427 5449 τὴν
2457 5378 2516 5443 ἐξ
2539 5376 2812 5446 Αἰγύπτου
2843 5375 3083 5447 πορείαν·
3114 5371 3171 5438 ἐξ
3205 5365 3278 5424 ὧν
3312 5370 3586 5423 συνῶπται

2026 5469 2167 5525 κατὰ
2202 5472 2409 5539 Ἴναχον
2454 5467 2760 5539 ἠκμακέναι
2798 5467 2888 5520 τὸν
2926 5464 3146 5520 Μωσέα.
3178 5461 3418 5516 Firmum
3470 5475 3589 5529 pro-

1981 5596 1989 5602 -
2029 5561 2170 5616 lecto
2197 5568 2573 5631 argumentum
2602 5561 2668 5614 ad
2699 5560 3133 5630 probantlum,et
3160 5571 3224 5611 ex
3255 5555 3374 5625 ipso
3404 5552 3589 5607 adver-

2026 5654 2172 5710 sario
2218 5653 2463 5708 ductum.
2510 5652 2726 5707 Amosis
2797 5660 3037 5721 tempore
3100 5648 3283 5703 Inachi
3340 5646 3587 5711 vivebat;

2016 5746 2239 5819 Moyses
2284 5754 2528 5817 tempore
2577 5744 2872 5801 Amosidis.
2902 5742 3033 5810 Quis
3070 5740 3175 5797 nisi
3220 5739 3444 5795 demens
3472 5735 3593 5791 lna—
