4072 6342
518 311 626 382 199'

1867 319 2111 381 LEONIS
2139 318 2422 379 ALLATll

3671 320 3780 374 800

519 446 682 496 chum
728 449 783 498 et
835 439 1073 514 Moysem
1114 440 1308 499 iisdem
1347 442 1687 515 temporibus
1715 443 1967 501 ﬂoruisse
1997 461 2096 502 ne.
2121 453 2168 508 Α
2197 443 2252 496 in
2278 440 2542 504 Tacticis,
2577 439 2682 496 nisi
2717 437 2882 494 semel
2911 452 3036 492 cum
3066 435 3188 507 ejus
3215 435 3393 507 carpit
3422 435 3778 496 sententiam.

518 535 670 607 gabit
695 534 720 587 ?

590 624 724 680 lbid.
758 625 863 680 Kal
903 627 1272 694 Ἀφρικανός.
1313 626 1389 682 De
1415 626 1695 691 Africano,
1733 629 1858 685 vide
1899 628 2096 686 Hiero-

517 733 763 786 nymum,
800 716 1145 780 Tritemium,
1209 719 1456 784 Suidam,
1483 720 1696 774 Sixtum
1724 721 2017 777 Senensem
2041 730 2096 778 et

517 810 687 865 alios:
707 809 872 863 multa
895 825 958 863 ac
980 810 1126 864 varia
1153 809 1354 880 ingenii
1375 812 1454 867 sui
1481 823 1830 866 monumenta
1857 816 2094 868 maximo

518 901 882 956 litteratorum
928 902 1214 957 commodo
1265 904 1528 974 reliquit;
1593 921 1823 975 quorum
1887 907 2090 975 passim

517 993 724 1046 mentio
751 993 890 1061 apud
923 999 1178 1047 auctores
1207 990 1425 1048 Graecos
1473 1005 1525 1049 et
1564 992 1808 1049 Latinos.
1841 995 2093 1064 Legatio-

515 1097 638 1136 nem
671 1097 768 1153 pro
794 1085 1190 1140 instauratione
1225 1087 1376 1140 urbis
1404 1084 1659 1141 Emmaus
1691 1089 2093 1157 suscepit;quze

514 1183 701 1245 postea
726 1173 1002 1246 Nic0polis
1031 1179 1299 1246 appellata
1321 1191 1425 1239 est,
1451 1189 1504 1233 et
1528 1177 1782 1232 obtinuit.
1820 1177 2088 1234 Eusebius

513 1263 868 1329 inClirouico,
890 1268 1252 1340 Παλαιστίνης
1284 1270 1576 1333 Νικόπολις
1606 1273 1637 1344 ἡ
1675 1271 1935 1343 πρότερον
1969 1273 2094 1342 Ἐμ-

516 1361 685 1432 μαοὺς
717 1360 938 1432 ἐκτίσθη
984 1361 1156 1428 πόλις,
1194 1362 1588 1434 πρεσϐεύοντος
1631 1364 1770 1434 ὑπὲρ
1803 1365 1972 1434 αὐτῆς
1996 1362 2087 1416 καὶ

511 1450 908 1524 προῖστὰμένου
977 1453 1192 1507 Ἰουλίου
1255 1453 1580 1523 Ἀφρικανοῦ
1631 1455 1799 1508 ταῦτα
1831 1456 2088 1524 Χρονικὰ

513 1546 942 1619 συγγράψαντος.
979 1545 1092 1600 Sub
1126 1547 1450 1618 imperatore
1503 1545 1685 1600 Marco
1720 1548 1939 1602 Aurelio
1972 1549 2088 1602 An-

513 1639 722 1700 tonino,
754 1638 846 1708 qui
889 1637 1128 1692 Macrino
1163 1646 1525 1692 successerat.
1572 1636 1824 1706 Quinque
1857 1638 1922 1691 de
1947 1645 2086 1708 tem-

512 1728 738 1796 poribus
761 1728 1032 1780 Volumina
1066 1727 1413 1796 conscripsit;
1453 1726 1641 1796 incipit
1664 1742 1694 1780 a
1726 1727 1910 1781 mundi
1935 1743 2085 1781 crea-

2195 532 2407 604 Optima
2441 533 2626 588 Dionis
2652 530 2922 587 sententia
2969 531 3215 584 oratione
3258 527 3556 590 Rhodiaca,
3603 527 3678 581 Τὸ
3716 527 3780 586 δι

2195 627 2305 680 τῶν
2351 625 2588 697 ἀρίστων
2637 622 2846 694 ἀνδρῶν
2893 621 3356 684 ἐπιλανθάνεσθαι,
3413 621 3507 674 καὶ
3554 620 3622 674 τὰ
3669 620 3778 690 τῆς

2196 718 2398 791 ἀρετῆς
2442 713 2580 770 ἆθλα
2623 717 2942 786 ἀποστερεῖν
2991 715 3091 768 οὐκ
3143 714 3222 767 ἔνι
3256 714 3545 784 τυγχάνειν
3615 712 3774 766 065c-

2199 813 2326 882 μιᾶς
2357 809 2645 880 εὐπρεπῶς
2671 809 3014 878 προφάσεως,
3050 805 3177 859 ἀλλ’
3208 804 3516 876 ἀχαριστία,
3555 803 3772 873 φθόνος,

2197 901 2513 974 μικρολογία
2563 900 2733 952 ἅπασι
2775 901 2888 960 τοῖς
2939 897 3239 967 αἰσχίστοις
3298 895 3508 966 ἀνάγκη
3560 896 3772 966 προσή-

2193 1012 2328 1048 κειν.
2366 993 2548 1063 Neque
2582 992 2762 1046 minus
2793 990 2879 1044 fur
2907 998 3012 1050 est,
3048 990 3138 1059 qui
3171 989 3312 1043 bona
3345 989 3574 1042 aliorum
3599 987 3773 1042 surri-

2193 1089 2291 1158 pit,
2323 1102 2485 1156 quam
2508 1086 2600 1156 qui
2631 1085 2829 1139 mentis
2863 1083 3216 1143 monimenta,
3245 1089 3300 1136 et
3329 1082 3558 1136 aliorum
3585 1080 3768 1136 studia

2192 1179 2510 1238 sufl‘uratur,
2536 1183 2589 1229 et
2619 1185 2895 1229 auctorem
2931 1173 3151 1228 silentio
3180 1174 3436 1242 praeterit.
3477 1170 3552 1226 De
3581 1187 3690 1240 quo
3716 1172 3767 1226 si

2189 1272 2314 1342 quis
2359 1271 2511 1340 plura
2545 1265 2840 1328 desiderat,
2879 1265 3035 1319 adeat
3069 1271 3286 1318 nostros
3325 1263 3377 1317 in
3413 1261 3644 1334 Longini
3678 1263 3762 1318 De

2189 1361 2404 1416 sublimi
2468 1373 2654 1428 genere
2686 1356 2940 1410 orationis
2999 1354 3237 1408 libellum
3307 1352 3763 1408 Commentarios.

2187 1453 2583 1510 Chronicorum
2616 1448 2857 1502 Africani
2903 1445 3330 1514 ἀποσπασμάτια
3375 1444 3622 1514 quaedam
3652 1459 3764 1500 una

2187 1563 2311 1602 cum
2341 1542 2647 1598 Eusebiano
2679 1540 2934 1596 Chronico
2968 1537 3110 1592 edita
3153 1545 3280 1592 sunt
3313 1552 3344 1590 a
3371 1532 3608 1607 Josepbo
3635 1535 3768 1591 Sca-

2187 1639 2374 1709 ligero.
2403 1636 2574 1689 Porro
2599 1634 2758 1688 verba
2784 1631 3048 1695 Africani,
3070 1631 3271 1700 quibus
3294 1627 3527 1699 Moysein
3557 1630 3763 1684 Inacho

2187 1746 2432 1786 coaevum
2468 1727 2680 1788 scribit,
2718 1725 2882 1780 habes
2909 1725 3046 1794 apud
3075 1723 3364 1778 Eusebium
3393 1725 3447 1776 in
3477 1721 3760 1791 Chronico,

513 1817 660 1870 tione
702 1815 842 1887 apud
878 1816 1134 1886 Moysem,
1169 1817 1526 1886 pervenitque
1559 1830 1731 1884 usque
1773 1815 1837 1867 ad
1879 1812 2080 1868 Christi
2119 1809 2158 1862 Β
2186 1826 2324 1880 mm,
2389 1822 2577 1893 priori,
2639 1818 2749 1875 Nec
2816 1818 2947 1872 illud
3004 1817 3222 1872 silentio
3283 1817 3756 1886 praetereundum.

511 1907 823 1971 adventum,
862 1909 1141 1964 succincte
1175 1923 1390 1978 quoque
1421 1915 1572 1978 gesta
1604 1922 1633 1960 a
1677 1906 1878 1961 Christi
1925 1914 2083 1961 aetate

509 2017 683 2072 usque
713 2001 778 2055 ad
812 2001 1034 2056 Macrini
1062 1999 1403 2070 imperatoris
1433 2009 1675 2069 tempora
1708 2001 2076 2069 prosequitur,

509 2093 584 2145 ita
615 2100 793 2146 tamen
830 2102 884 2144 ut
919 2093 1126 2146 nullum
1173 2094 1538 2148 necessarium
1587 2093 1808 2164 cognitu
1841 2092 2075 2144 omittat.

510 2182 732 2238 Photius
775 2184 829 2237 in
851 2182 1143 2239 Biblioth.:
1176 2183 1513 2254 Ἀνεγνώσθη
1561 2183 1885 2256 Ἀφρικανοῦ
1924 2183 2080 2235 ιστο-

508 2275 679 2346 ρικόν.
717 2271 883 2338 Οὗτός
916 2277 1063 2328 ἐστιν
1091 2279 1118 2330 ὀ
1150 2277 1244 2330 καὶ
1279 2278 1404 2340 τοὺς
1450 2276 1774 2346 λεγομένους
1808 2274 2077 2341 Κεστοὺς

503 2370 561 2421 ὲν
587 2367 763 2436 λόγοις
793 2367 1057 2432 συντάξας
1092 2367 1170 2423 ιδ’.
1198 2369 1352 2420 Ἔστι
1383 2368 1437 2420 δὲ
1487 2368 1748 2437 σύντομος
1788 2367 1903 2436 μὲν,
1941 2366 2075 2421 ἀλλὰ

506 2460 671 2530 μηδὲν
711 2459 818 2511 τῶν
875 2460 1183 2528 ἀναγκαίων
1227 2459 1574 2530 ἱστορηθῆναι
1621 2459 2068 2530 παραλιμπάνων.

505 2551 764 2623 Ἀρχεται
803 2549 859 2603 δὲ
909 2551 1016 2606 ἀπὺ
1055 2551 1154 2621 τῆς
1204 2551 1500 2620 Μωσαῖκῆς
1552 2550 1928 2620 κοσμογονεας,
1980 2551 2072 2603 καὶ

500 2644 744 2697 κάτεισιν
772 2643 878 2704 ἕως
921 2643 1020 2712 τῆς
1060 2644 1292 2714 Χριστοῦ
1325 2645 1639 2714 παρουσίας.
1685 2643 2072 2714 Ἐπιτροχάδην

497 2735 553 2790 δὲ
580 2733 931 2806 διαλαμϐάνει
973 2735 1064 2787 καὶ
1107 2735 1176 2788 τὰ
1215 2735 1322 2788 ἀπὸ
1360 2735 1592 2805 Χριστοῦ
1627 2734 1787 2805 μέχρι
1814 2735 1912 2805 τῆς
1949 2736 2070 2788 Μα-

497 2828 682 2900 κρίνου
716 2827 809 2881 τοῦ
851 2829 1134 2898 Ῥωμαίων
1169 2827 1429 2898 βασιλέως
1456 2827 1748 2896 βασιλείας.
1779 2828 1867 2880 ὅτε
1895 2827 2065 2898 αὐτῷ,

495 2918 572 2983 ὣς
629 2936 790 2990 φησι,
855 2919 949 2972 καὶ
997 2919 1091 2990 ἥδε
1140 2921 1172 2990 ἡ
1224 2919 1512 2990 συγγραφὴ
1561 2918 1889 2972 συνετελεῖτο
1930 2919 2067 2972 ἐτῶν

493 3009 625 3065 οὖσα
659 3013 842 3082 ,εψκγ’.
881 3011 1057 3084 Τεύχη
1104 3013 1158 3067 δὲ
1188 3012 1280 3065 τοῦ
1318 3011 1522 3082 βιϐλίου
1553 3012 1738 3066 πέντε.
1779 3012 1838 3067 In
1873 3013 1976 3078 his,
2005 3020 2065 3067 ut

492 3103 713 3174 quidam
742 3105 981 3169 tradunt,
1001 3107 1180 3160 omnia
1205 3120 1514 3176 regnorum,
1546 3106 1846 3170 nationum,
1878 3120 2059 3158 rerum

493 3195 832 3266 publicarum
885 3195 1038 3249 initia
1085 3211 1115 3249 a
1149 3198 1326 3266 capite
1376 3197 1601 3266 repetita
1651 3195 1717 3249 ad
1767 3194 1924 3249 linem
1968 3195 2062 3248 de-

489 3287 644 3341 duxit
690 3305 705 3341 :
748 3288 944 3343 deinde
999 3303 1096 3358 per
1153 3297 1301 3344 certa
1346 3289 1668 3351 intervalla,
1736 3303 1873 3357 quas
1927 3287 2063 3357 ὁμά-

487 3376 585 3440 δας
620 3387 835 3438 vocaut,
869 3393 931 3433 ea
983 3379 1124 3432 inter
1154 3393 1213 3432 se
1243 3378 1618 3447 comparavit;
1658 3387 1932 3446 postremo
1969 3391 2065 3428 eo-

490 3485 612 3523 rum
647 3469 878 3524 indicem
908 3469 1127 3539 adjecit,
1163 3485 1322 3539 quem
1345 3469 1570 3523 Canona
1600 3468 1836 3528 vocavit,
1874 3467 1926 3521 in
1953 3481 2063 3536 quo

486 3571 612 3626 quae
664 3556 785 3610 καθ’
832 3557 1006 3627 ὁμάδα
1055 3559 1108 3611 in
1165 3558 1540 3627 superioribus
1598 3558 1752 3612 libris
1803 3565 2062 3626 congesta

487 3655 666 3710 erant,
704 3663 798 3716 per
845 3663 1020 3703 annos
1065 3659 1359 3717 expansos,
1391 3664 1512 3718 qua:
1555 3648 1726 3704 Graeci
1775 3649 1922 3703 άπλᾶ
1965 3648 2060 3721 ἔτη

488 3747 830 3808 nuncupant,
864 3740 1110 3809 digessit,
1144 3741 1464 3810 quos'falli,
1513 3755 1645 3810 pace
1673 3749 1946 3796 tantorum
1981 3742 2062 3795 vi-

486 3843 674 3884 rorum
703 3829 955 3896 dixerim,
1007 3831 1214 3885 nemini
1260 3831 1486 3886 dubium
1516 3847 1642 3886 esse
1671 3832 1865 3895 debet;
1914 3833 2060 3886 aliud

485 3921 632 3975 enim
656 3928 739 3976 est
765 3935 941 3976 canon
961 3924 1014 3976 in
1035 3922 1342 3987 Chronicis,
1362 3932 1413 3977 et
1432 3923 1578 3977 aliud
1604 3924 1786 3987 index,
1817 3942 1914 3979 nec
1929 3926 2062 3996 ὁμάο

485 4012 574 4066 δαι
606 4028 683 4068 e:e
713 4022 839 4068 sunt
868 4029 1005 4084 quas
1035 4015 1138 4084 ipsi
1170 4015 1382 4078 dicunt,
1430 4016 1523 4070 sed
1557 4023 1764 4069 tantum
1802 4018 2059 4087 pleraque

485 4120 593 4159 non
625 4105 698 4160 ita
731 4107 1062 4170 necessaria,
1099 4121 1198 4161 nec
1219 4122 1450 4176 quorum
1498 4115 1645 4160 certa
1682 4109 1941 4177 temporis
1970 4124 2061 4163 ra-

481 4199 562 4251 tio
608 4198 783 4268 potuit
833 4199 1023 4254 haberi
1076 4199 1181 4253 sub
1225 4200 1404 4269 aliqua
1438 4201 1579 4254 serie
1638 4208 1942 4270 temporum
2001 4204 2056 4256 in

483 4306 651 4345 unum
699 4301 980 4362 congesta,
1011 4293 1188 4364 ὁμάδα
1235 4292 1414 4349 facere
1464 4295 1620 4349 facile
1673 4296 2053 4361 existimarim,

479 4385 943 4454 quemadmodum
971 4395 1100 4442 sunt
1143 4403 1264 4457 quae
1295 4387 1347 4440 in
1391 4386 1651 4443 Chronico
1700 4388 2056 4443 Eustathiano

477 4476 638 4531 titulo
682 4478 955 4549 σποράδην
1002 4480 1363 4549 explicantur.
1411 4478 1682 4548 Quidquid
1729 4487 1910 4534 tamen
1962 4481 2054 4545 sit,

477 4565 843 4620 certissimum
873 4575 957 4622 est
983 4567 1278 4623 Eusebium
1303 4571 1484 4622 omnia
1519 4570 1763 4624 Africani
1806 4571 1858 4624 in
1890 4587 2049 4626 suum

476 4654 792 4712 Clu-unicum
845 4663 1299 4732 transcripsisse,
1350 4663 1418 4715 ab
1463 4677 1636 4731 eoque
1685 4663 1869 4717 omnia
1916 4663 2051 4717 hau-

476 4748 636 4803 sisse.
658 4748 838 4816 Quare
857 4751 1023 4822 hujus
1039 4753 1405 4824 chronologici
1431 4757 1611 4824 operis
1631 4755 1910 4825 potissima
1933 4756 2050 4810 laus

474 4837 733 4895 Africano
763 4840 1012 4906 debetur,
1049 4844 1207 4914 cujus
1253 4853 1306 4899 et
1338 4845 1509 4911 labor,
1544 4863 1650 4901 non
1687 4845 1921 4900 Eusebio
1949 4847 2050 4900 tri-

473 4929 723 4998 buenda;
760 4949 936 5004 neque
966 4935 1259 4991 defuerunt
1301 4937 1394 5006 qui
1433 4937 1722 4993 Eusebium
1751 4938 2048 5007 reprehen-

473 5023 684 5089 derent,
720 5027 865 5096 quod
905 5036 1054 5082 tanta
1103 5030 1401 5084 securitate
1446 5031 1680 5084 alienam
1715 5029 2041 5084 industriam

471 5116 580 5172 sibi
628 5117 950 5179 vindicaret.
985 5135 1162 5190 neque
1209 5120 1419 5175 crimen
1469 5120 1664 5191 ingrati
1702 5121 1868 5175 animi
1919 5121 2046 5174 hor-

470 5209 665 5273 ruerit,
707 5225 832 5264 cum
862 5211 951 5266 vix
984 5213 1130 5268 illius
1160 5213 1491 5276 meminerit,
1523 5214 1626 5270 nisi
1663 5212 1715 5268 in
1749 5214 1816 5269 iis
1845 5214 1898 5268 in
1931 5213 2048 5282 qui-

470 5300 574 5356 bus
595 5301 665 5356 ab
691 5300 810 5371 ejus
845 5303 1114 5358 sententia
1142 5305 1395 5369 discedit,
1421 5305 1554 5374 quin
1586 5312 1640 5360 et
1668 5305 1876 5374 optimo
1907 5306 2046 5359 scri-

469 5391 613 5461 ptori
639 5390 884 5448 fraudem
917 5392 1136 5460 fecisse,
1168 5410 1293 5449 cum
1323 5395 1486 5449 verba
1525 5395 1770 5448 Africani
1804 5396 2047 5464 interpo-

471 5481 633 5538 lando
679 5484 932 5541 invertat.
975 5483 1228 5542 Solemne
1261 5487 1450 5541 vitium
1485 5489 1587 5541 hoc
1631 5487 1878 5558 pluribus
1920 5487 2042 5552 fuit,

470 5584 903 5650 magnorumque
953 5580 1195 5634 virorum
1250 5581 1460 5635 animos
1511 5581 1706 5652 tetigit,
1758 5580 1901 5635 inter
1946 5596 2043 5636 eos

469 5665 669 5725 Leonis
706 5672 1050 5742 imperatoris
1089 5673 1181 5743 qui
1225 5669 1534 5729 Onosandri
1579 5689 1794 5736 nomen,
1851 5688 1880 5726 a
1932 5689 2043 5741 quo

469 5760 698 5817 multum
749 5761 1078 5832 profecerat,
1115 5764 1326 5837 ingrato
1353 5780 1569 5834 semper
1597 5765 1779 5821 obruit
1822 5765 2041 5821 silentio

2182 1917 2402 1988 quando
2429 1915 2496 1970 dc
2530 1912 2773 1969 historiis
2809 1911 2876 1964 ab
2915 1909 3172 1962 Africano
3201 1909 3421 1977 scriptis
3446 1923 3755 1962 sermonem

2182 2008 2466 2068 habemus,
2490 2003 2750 2058 Jacobuin
2773 1999 3238 2070 archiepiscopum
3263 1996 3628 2062 Genuensem,
3657 1999 3755 2053 lib.

2179 2098 2490 2151 Annuarum
2570 2094 2994 2155 solemnitatum,
3037 2099 3090 2146 et
3153 2089 3370 2144 Petrum
3431 2092 3753 2162 episcopum

2179 2187 2514 2258 Equilinum,
2572 2185 2667 2242 lib.
2720 2201 2774 2238 Ix
2844 2180 3090 2251 Outalogi
3135 2191 3459 2246 sanctorum,
3523 2183 3750 2242 referre.

2175 2281 2404 2334 Abdiain
2451 2279 2683 2349 primum
2723 2275 3012 2346 Babylonis
3040 2273 3379 2344 episcOpum,
3414 2283 3470 2328 et
3499 2274 3569 2328 ab
3614 2275 3756 2344 ipsis

2176 2373 2440 2442 apostolis
2485 2371 2819 2427 ordinatum,
2849 2367 2990 2420 vitas
3037 2367 3323 2421 duodecim
3377 2367 3748 2436 apostolorum

2175 2463 2487 2532 scripsisse,
2515 2475 2651 2530 quas
2682 2458 2974 2527 Eutropius
2993 2456 3176 2510 Abdiae
3195 2455 3496 2526 discipulus
3513 2465 3750 2510 transtu-

2174 2554 2235 2607 lit
2267 2570 2330 2608 ex
2354 2551 2576 2606 Hebraeo
2610 2551 2664 2604 in
2689 2547 3220 2610 Cracunhetlulius
3236 2546 3526 2603 Africanus
3556 2549 3609 2601 in
3642 2548 3750 2602 La-

2173 2644 2347 2696 tinum
2385 2663 2397 2698 :
2430 2655 2483 2697 et
2517 2642 2620 2696 sub
2649 2641 2806 2695 titulo
2837 2640 3000 2707 hujus
3029 2639 3215 2693 Abdiae
3247 2640 3432 2694 emissi
3467 2648 3596 2693 sunt
3641 2640 3746 2695 Ba-

2171 2735 2319 2789 sica:
2349 2748 2514 2804 opera
2543 2731 2813 2800 Wolfangi
2846 2729 2991 2784 Lazii
3027 2732 3095 2783 ab
3122 2730 3362 2800 Oporino
3392 2732 3514 2786 libri
3555 2735 3742 2789 decem

2170 2824 2489 2878 certaminis
2505 2821 2812 2892 apostolici,
2827 2835 2967 2889 quos
2985 2828 3043 2872 ut
3072 2821 3174 2875 fide
3195 2821 3468 2892 indignos,
3487 2825 3744 2891 quemad-

2167 2917 2388 2970 modum
2411 2915 2576 2970 refert
2599 2914 2784 2969 Sixtus
2816 2911 3076 2966 Senensis
3095 2914 3147 2966 in
3166 2913 3510 2979 Bibliotheca,
3539 2917 3633 2970 lib.
3666 2931 3703 2969 Il
3724 2958 3738 2976 ,

2166 3007 2368 3063 Paulus
2415 3025 2552 3081 papa
2600 3005 2692 3072 iV,
2733 3007 2875 3062 inter
2917 3005 3120 3076 scripta
3183 3022 3213 3061 a
3278 3023 3338 3062 se
3367 3008 3622 3062 damnata
3654 3024 3742 3065 re-

2161 3101 2316 3171 jecit.

2234 3193 2367 3248 Ibid.
2431 3193 2542 3247 Kal
2605 3192 2756 3262 πρὸς
2808 3196 3040 3261 τούτοις
3109 3193 3404 3258 Τατιανός.
3483 3191 3740 3247 Clemens

2164 3283 2567 3339 Alexandrinus
2613 3286 2708 3338 lib.
2745 3282 2981 3341 iSIrom.
3016 3297 3034 3336 :
3064 3285 3330 3356 Πρότερον
3365 3283 3422 3336 δὲ
3448 3284 3586 3356 ὅπερ
3612 3284 3742 3336 ἀκό-

2162 3377 2349 3431 λουθον
2380 3373 2448 3448 ἧν
2473 3378 2601 3448 περὶ
2624 3378 2732 3430 τῶν
2754 3379 2891 3432 κατὰ
2920 3378 3121 3432 Μωσέα
3147 3377 3350 3450 χρόνων
3375 3376 3475 3447 ἤδη
3499 3376 3737 3440 λεκτέον,

2161 3469 2226 3522 δι’
2256 3463 2330 3522 ὧν
2373 3468 2711 3540 δειχθήσεται
2746 3468 3170 3540 ἀναμφηρίστως
3198 3468 3379 3536 πάσης
3425 3465 3614 3532 σοφίας
3638 3466 3739 3537 ἀρ·-

2162 3561 2420 3630 χαιοτάτη
2452 3562 2485 3630 ἡ
2518 3559 2657 3612 κατά
2703 3560 2986 3631 Ἐϐραίους
3017 3557 3320 3627 φιλοσοφία.
3369 3556 3595 3627 Εἴρηται
3639 3557 3737 3626 μὲν

2161 3650 2251 3706 οὖν
2285 3655 2408 3724 περὶ
2433 3653 2635 3706 τούτων
2661 3652 2901 3724 ἀκριϐῶς
2940 3649 3187 3720 Τατιανῷ
3217 3651 3274 3702 ὲν
3310 3648 3388 3719 τῷ
3415 3647 3568 3716 πρὸς
3595 3649 3733 3700 ’Έλ-

2159 3751 2372 3813 ληνας·
2413 3745 2626 3815 εἴρηται
2647 3744 2702 3796 δὲ
2735 3744 2828 3796 καὶ
2844 3742 3176 3811 Κασιανῷέν
3207 3739 3406 3813 πρώτῳ
3427 3739 3535 3792 τῶν
3572 3739 3735 3807 7561;-

2158 3835 2449 3906 γητικῶνο
2485 3839 2705 3890 ἀπαιτεῖ
2743 3837 2798 3888 δὲ
2841 3837 2990 3906 ὅμως
3022 3834 3082 3887 τὸ
3119 3834 3415 3904 ὑπόμνημα
3455 3834 3550 3885 καὶ
3589 3834 3734 3904 ἡμᾶς

2159 3930 2479 4000 ἐπιδραμεῖν
2497 3929 2565 3981 τά
2593 3928 2730 3982 κατὰ
2757 3927 2846 3982 τὸν
2873 3928 3036 3981 τόπον
3076 3925 3360 3998 εἰρημένα.
3393 3925 3730 3978 Sententiam

2159 4022 2226 4076 de
2256 4030 2413 4076 aetate
2441 4021 2640 4092 Moysis
2661 4019 2922 4075 Tatianus
2955 4027 3248 4089 pertractat
3277 4017 3331 4070 in
3360 4017 3615 4070 Oratione
3636 4014 3733 4069 ad-

2158 4130 2334 4168 versus
2364 4113 2570 4172 Gentes.
2604 4115 2670 4168 de
2705 4130 2810 4184 qua
2848 4113 3096 4168 inferius.
3147 4110 3220 4165 De
3246 4111 3497 4172 Tatiano,
3528 4121 3582 4165 et
3609 4109 3728 4179 ejus

2158 4205 2350 4259 haeresi
2395 4214 2448 4259 et
2487 4204 2705 4274 scriptis
2758 4205 2909 4272 plura
2943 4201 3302 4272 Hieronymus
3337 4200 3388 4253 in
3433 4199 3726 4269 Catalogo;

2157 4296 2414 4360 lrcnmus,
2462 4297 2557 4350 lib.
2607 4312 2646 4355 ι,
2680 4310 2800 4362 cap.
2829 4295 2930 4360 51;
2983 4292 3272 4354 Eusebius.
3309 4292 3404 4346 lib.
3452 4309 3528 4354 vn,
3581 4290 3723 4345 Hist.

2155 4391 2315 4443 ercfes
2348 4429 2362 4452 ,
2399 4403 2519 4458 cap.
2572 4387 2659 4448 16,
2719 4387 2808 4450 Π,
2845 4387 2944 4451 l9;
3001 4385 3336 4456 Epiphanius
3381 4385 3577 4440 hmres.
3621 4384 3722 4450 46;

2091 4499 2132 4552 ι)
2163 4481 2485 4552 Rodiginus,
2539 4482 2630 4535 lib.
2673 4497 2754 4542 Ill,
2781 4495 2899 4549 cap.
2933 4479 3031 4544 10;
3065 4478 3380 4532 Clironicum
3407 4475 3726 4532 Alexandri-

2155 4591 2300 4636 num,
2331 4590 2450 4644 pag.
2484 4574 2588 4628 6l0
2613 4582 2666 4628 et
2694 4574 2832 4638 6l2;
2861 4571 3225 4642 Nicephorus,
3262 4573 3355 4628 lib.
3393 4589 3467 4634 Iv,
3499 4586 3622 4640 cap.
3651 4569 3721 4634 ις

2153 4665 2550 4726 Theodoretus,
2581 4665 2673 4719 lib.
2701 4663 3112 4730 i;Philastrius,
3142 4663 3508 4719 Dainascenus
3532 4669 3587 4715 ct
3609 4660 3718 4714 alii.

2151 4757 2308 4812 llunc
2347 4757 2568 4828 quidam
2611 4763 2898 4819 vocarunt,
2948 4755 3128 4826 inepte
3173 4763 3376 4817 tamen,
3401 4751 3723 4808 Alexandri.

2149 4868 2313 4918 num;
2371 4851 2462 4904 alii
2505 4849 2822 4922 Assyrium;
2877 4848 3073 4920 Syrum
3127 4848 3296 4904 fuisse
3344 4849 3566 4901 tradunt
3609 4845 3723 4900 Cle-

2149 4959 2303 4996 mens
2329 4942 2729 4996 Alexandrinus
2759 4941 2855 4994 lib.
2894 4955 2952 4994 Ill
2987 4940 3270 5002 Slromat.,
3302 4949 3355 4993 et
3385 4938 3718 5008 Epiphanius

2147 5036 2238 5103 qui
2293 5035 2404 5088 haec
2450 5032 2649 5088 addit:
2689 5032 2941 5086 Scholam
2981 5047 3137 5085 suam
3205 5031 3372 5087 erexit
3425 5032 3494 5083 ab
3564 5031 3718 5084 initio

2147 5125 2200 5176 in
2235 5122 2618 5194 Mesopotamia
2653 5125 2798 5176 circa
2836 5135 2909 5174 xu
2952 5121 3062 5176 fere
3093 5135 3296 5174 annum
3343 5119 3604 5175 Antonini
3635 5118 3714 5174 Pii

2146 5216 2401 5278 Caesaris,
2432 5217 2722 5269 maximam
2741 5229 2868 5268 vero
2885 5223 3086 5283 partem
3115 5213 3640 5282 pmdicatiouissua:
3661 5213 3712 5266 in

2145 5308 2454 5370 Antiochia,
2500 5323 2620 5376 qua:
2664 5307 2728 5360 ad
2775 5306 3054 5377 Daphnem
3090 5309 3195 5361 sita
3235 5315 3341 5370 est,
3381 5307 3528 5370 fecit,
3563 5315 3617 5363 et
3658 5307 3714 5362 in

2143 5399 2370 5453 Cilicum
2404 5399 2666 5468 partibus,
2692 5400 2920 5451 multum
2952 5405 3131 5451 autem
3166 5406 3222 5451 et
3266 5400 3319 5452 in
3348 5396 3571 5458 Pisidia,
3603 5397 3715 5462 tibi,

2143 5499 2267 5538 cum
2303 5493 2548 5554 tempora
2584 5485 2787 5554 quibus
2816 5486 2949 5540 v'rxit
2984 5485 3254 5557 significat
3287 5487 3391 5542 sub
3416 5488 3712 5545 Antonino.

2145 5591 2372 5633 necesse
2411 5586 2495 5632 est
2541 5578 2796 5632 mendum
2828 5593 2952 5632 esse
2981 5580 3033 5633 in
3080 5579 3372 5634 Philastrio
3401 5581 3560 5643 illud,
3590 5580 3716 5634 Post

2147 5672 2291 5726 Decii
2359 5675 2804 5740 persecutionem,
2876 5688 2976 5742 pro
3034 5689 3144 5743 quo
3211 5672 3352 5728 forte
3426 5674 3712 5743 legendum

2144 5766 2390 5834 Adriani,
2422 5780 2547 5823 nam
2587 5767 2690 5822 sub
2722 5765 2815 5823 illo
2847 5781 3069 5838 passum
3108 5765 3386 5822 lustinum
3421 5765 3711 5837 Martyrem
