4072 6342
305 298 409 355 801

1320 302 1386 357 IN
1425 301 1797 361 EUSTATHH
1836 302 2309 360 HEXAEHERON
2345 303 2577 371 NOT£.

304 412 464 470 testis
495 418 581 468 est
623 420 820 483 printer
862 413 1000 470 alios
1043 412 1397 486 Epiphanius.
1447 414 1635 487 Neque
1682 417 1881 472 mirum
1911 426 1959 483 Α
1985 417 2144 473 detur
2170 434 2315 485 esse,
2362 421 2408 475 si
2443 436 2617 490 pauca
2657 422 2725 479 de
2756 438 2825 479 eo
2862 422 3187 493 edisseram,
3220 434 3280 480 ut
3319 433 3555 485 maxima

302 507 478 561 videri
516 506 675 562 debet
712 522 878 560 unum
901 516 957 562 et
974 508 1226 563 eumdem
1255 517 1558 575 auctorem,
1589 511 1751 566 modo
1775 512 1878 567 As-

301 599 537 669 syrium,
581 598 742 653 modo
786 596 983 668 Syrum
1016 604 1342 669 nuncupari.
1374 598 1511 654 Nam
1540 600 1765 672 Assyria
1823 608 1877 655 et

303 691 462 762 Syria
513 700 697 760 partes
746 689 891 744 Asiae
944 690 1080 746 adeo
1115 692 1256 745 inter
1294 708 1353 746 se
1402 699 1533 747 sunt
1579 692 1773 748 vicina:
1818 699 1878 745 ut

301 798 447 855 saepe
487 782 917 846 confundantur,
960 784 1103 837 unde
1147 782 1472 848 Herodotus,
1520 784 1611 839 lib.
1656 801 1779 839 vn:
1814 784 1876 839 Oi

300 874 407 927 ὑπὸ
443 871 711 942 Ἐλλήνων
746 872 1028 926 ἐκαλέοντο
1072 874 1273 944 Σύριοι,
1306 876 1409 928 ὑπὸ
1444 876 1551 929 τῶν
1589 875 1877 947 βαρϐάρων

311 964 589 1035 Ἀσσύριοι
624 964 950 1035 ἐκλήθησαν,
1005 980 1166 1034 quem
1226 966 1405 1019 locum
1458 967 1639 1020 laudat
1688 966 1879 1021 Eusta-

298 1057 449 1112 thius
471 1058 525 1108 in
546 1055 852 1126 Dionysium
876 1072 895 1109 :
923 1058 1041 1109 Ὅτι
1071 1056 1127 1110 δὲ
1158 1056 1306 1110 ἄλλοι
1329 1057 1477 1128 παρὰ
1502 1059 1627 1120 τοὺς
1653 1058 1878 1129 Συρίους

294 1150 345 1202 ol
390 1148 684 1219 ’Δσσύριοι,
728 1148 879 1218 δηλοί
922 1151 1014 1202 καὶ
1057 1150 1305 1218 Ξενοψῶν
1348 1153 1405 1202 ἐν
1450 1153 1559 1214 τοῖς
1603 1151 1874 1215 Ἑλληνι-

296 1240 449 1307 κοῖς.
494 1240 775 1312 Ἡρόδοτος
799 1241 854 1294 δὲ
880 1241 1024 1294 δοκεῖ
1056 1241 1208 1309 ἄγειν
1236 1242 1432 1305 αὐτοὺς
1474 1245 1552 1305 εἰς
1588 1242 1784 1296 ταύτὸν
1817 1242 1876 1294 ἐν

294 1328 378 1399 οἷς
412 1352 598 1405 φησιν,
624 1336 706 1389 ὅτι
751 1334 1042 1406 Ἀσσύριοι,
1067 1347 1196 1397 ete.,
1221 1345 1275 1390 et
1301 1334 1550 1391 Justinus
1587 1335 1681 1388 lib.
1718 1349 1757 1396 ι,
1782 1334 1874 1403 qui

292 1442 326 1482 a
377 1428 625 1483 barbaris
657 1428 888 1499 Assyrii,
919 1444 947 1480 a
992 1426 1197 1482 Grtecis
1236 1427 1380 1498 Syri,
1425 1436 1479 1482 et
1522 1436 1579 1480 ιιι
1628 1428 1875 1482 scribunt

292 1519 502 1583 Acron,
549 1525 603 1573 et
645 1517 982 1589 Porphyrius
1036 1535 1199 1589 super
1256 1518 1361 1574 0d.
1418 1519 1485 1573 l2
1536 1518 1776 1585 Horatii,
1820 1528 1874 1575 et

290 1611 617 1666 Ammianus
650 1609 997 1666 Marcellinus
1028 1611 1119 1664 lib.
1164 1626 1320 1674 mu,
1366 1610 1497 1675 Qua:
1525 1628 1661 1664 nunc
1694 1609 1871 1680 Syria,

292 1706 428 1759 olim
452 1704 674 1773 Assyria
707 1703 1012 1758 vocabatur.
1042 1702 1287 1774 Hyginus
1319 1701 1495 1755 fabula
1527 1703 1656 1767 2'75,
1699 1700 1870 1757 Semi-

292 1800 461 1851 ramis
515 1770 748 1850 Dercetis
786 1797 902 1865 ﬁlia
948 1797 1001 1849 in
1050 1770 1211 1866 Spria
1246 1795 1566 1864 Babylonem
1611 1796 1867 1849 condidit.
1904 1770 1947 1826 Β

291 1890 660 1960 Hieronymus
679 1887 831 1944 lsaize
858 1905 946 1953 xx,
966 1888 1108 1955 Quos
1126 1899 1315 1942 veteres
1331 1889 1601 1959 Assyrios,
1620 1905 1760 1941 nunc
1777 1906 1869 1943 nos

290 2000 537 2039 vocamus
561 1981 743 2054 Syros.
772 1980 1099 2037 Transmisit
1125 1983 1213 2036 hic
1238 1983 1403 2035 multa
1424 1983 1728 2051 posteritati
1763 1999 1856 2037 ι·οο

290 2077 605 2138 lumina,“
628 2075 826 2147 quibus
861 2075 1090 2146 insignis
1122 2074 1211 2129 ille
1227 2074 1307 2128 Ad
1337 2085 1507 2144 gentes
1539 2075 1678 2129 liber
1710 2090 1870 2145 quem

289 2164 436 2236 apud
484 2167 683 2219 multos
744 2165 982 2219 maximo
1019 2165 1199 2219 fuisse
1244 2166 1299 2219 in
1346 2166 1521 2235 pretio
1565 2174 1619 2218 et
1666 2165 1873 2218 honore

290 2258 667 2311 monumentis
710 2257 964 2311 traditum
1000 2264 1105 2318 est,
1158 2256 1211 2309 in
1243 2272 1352 2326 quo
1385 2257 1451 2312 de
1495 2256 1695 2327 Moysis
1735 2257 1873 2310 anti-

289 2349 503 2417 quitate
542 2349 710 2401 multa
745 2348 987 2402 disserit.
1022 2346 1323 2401 Chronicon
1348 2346 1768 2401 Alexandrinum
1802 2362 1868 2400 ex

288 2437 514 2493 Eusebii
548 2438 625 2492 De
658 2438 780 2493 hist.
807 2439 1099 2494 ecclesiast.
1132 2440 1206 2494 lib
1238 2454 1312 2505 tv,
1343 2454 1463 2508 cap.
1497 2440 1566 2492 27
1595 2440 1871 2493 εΚαταλέ-

289 2528 443 2581 λοιπε
482 2530 540 2582 δὲ
579 2523 732 2592 οὗτος
778 2529 910 2583 πολύ
952 2548 1003 2583 τι
1046 2530 1245 2601 πλῆθος
1291 2532 1756 2601 συγγραμμάτων,
1794 2526 1869 2585 ὧν

290 2620 528 2690 μάλιστα
559 2622 711 2691 παρά
745 2622 954 2680 πολλοῖς
983 2622 1377 2692 μνημονεύεται
1396 2622 1675 2693 διαϐόητος
1705 2623 1868 2677 αὐτοῦ

287 2714 443 2781 λόγος
470 2715 500 2767 6
538 2715 1019 2783 πρὸςἝλληνας,
1058 2718 1114 2768 ὲν
1138 2710 1181 2783 ᾧ
1202 2717 1295 2769 καὶ
1323 2715 1432 2768 τῶν
1454 2716 1714 2769 ἀνέκαθεν
1745 2717 1869 2788 χρό-

286 2822 393 2857 νων
450 2806 863 2876 μνημονεύσας,
908 2806 1015 2859 τῶν
1073 2808 1203 2877 παρ’
1256 2807 1513 2877 Ἕλλησιν
1563 2809 1864 2879 εὐδοκίμων

285 2896 543 2949 ἁπάντων
595 2897 798 2950 Μωσέα
846 2913 905 2949 τε
949 2897 1043 2949 καὶ
1087 2898 1216 2960 τοὺς
1275 2897 1539 2968 Ἐϐραίων
1580 2900 1866 2969 προφήτας

284 2990 535 3058 ἀπέφηνε
580 2989 1066 3061 προγενεστέρους·
1096 2990 1154 3052 ὃς
1182 2989 1245 3059 δὴ
1282 2990 1375 3042 καὶ
1410 2990 1558 3043 δοκεῖ
1592 2990 1700 3042 τῶν
1730 3007 1863 3058 συγ-

284 3082 629 3153 γραμμάτων
658 3081 821 3136 αὑτοῦ
854 3084 1069 3136 πάντων
1103 3082 1333 3136 καλλίων
1360 3100 1419 3135 τε
1450 3085 1541 3136 καὶ
1574 3083 1861 3155 ὠφελιμὼ-

282 3188 445 3235 τατος
476 3172 759 3243 ὑπάρχειν.
788 3170 843 3225 lu
872 3187 938 3227 eo
962 3188 1084 3225 cum
1118 3181 1262 3227 retro
1291 3182 1411 3226 acta
1439 3181 1682 3243 tempora
1714 3190 1863 3228 com-

284 3273 666 3328 memorasset,
716 3265 971 3319 omnibus
1010 3265 1153 3334 apud
1197 3263 1414 3320 Graecos
1455 3267 1708 3330 laudatis,
1744 3284 1867 3337 pro-

290 3356 545 3424 batisque
567 3356 661 3425 (ita
687 3357 831 3410 enim
855 3365 1028 3421 verto,
1058 3372 1165 3412 non
1199 3366 1257 3411 ut
1297 3356 1590 3431 interpres)
1622 3358 1860 3430 Moysem

284 3454 339 3499 et
383 3445 734 3500 Hebraeorum
762 3458 914 3501 vates
954 3448 1286 3503 vetustiores
1316 3451 1591 3531 .ostendit.
1631 3451 1862 3522 Scripsit

286 3532 597 3591 Orationem
627 3538 697 3591 ad
735 3537 943 3604 Gentes,
994 3541 1085 3610 qui
1119 3542 1258 3596 liber
1301 3543 1475 3613 ipsius
1505 3560 1568 3598 ex
1608 3546 1861 3600 omnibus

283 3645 423 3699 quos
467 3631 691 3701 scripsit
734 3633 890 3702 longe
944 3634 1343 3703 pulcherrimus
1390 3643 1493 3700 est,
1542 3644 1596 3690 et
1641 3637 1865 3690 utilissi-

282 3738 430 3787 mus,
465 3736 517 3776 et
550 3723 639 3776 hic
668 3724 803 3779 liber
828 3724 963 3778 idem
991 3735 1043 3780 et
1069 3743 1211 3782 unus
1241 3734 1345 3789 est,
1378 3743 1486 3781 non
1519 3729 1768 3782 diversus
1802 3737 1861 3781 ut

282 3815 613 3883 opinabatur
649 3814 1002 3881 Possevinus,
1039 3834 1161 3872 cum
1210 3819 1301 3872 illo
1326 3827 1559 3873 tractatu
1595 3820 1859 3876 adversus

282 3911 527 3972 eosdem,
548 3908 639 3978 qui
668 3908 813 3963 linit:
846 3909 1029 3962 Ταῦτα
1051 3910 1169 3980 μὲν,
1206 3903 1251 3963 ὧ
1279 3909 1471 3981 ἄνδρες
1503 3911 1781 3983 Ἕλληνες,
1831 3914 1861 3965 6

282 4000 423 4052 κατὰ
454 3999 758 4072 βαρϐάρους
787 4001 1088 4071 φιλοσοφῶν
1116 4004 1374 4067 Τατιανὸς
1407 4004 1688 4070 συνέταξα,
1731 4021 1856 4072 γεν-

281 4092 465 4161 νηθεὶς
500 4093 597 4163 μὲν
624 4095 680 4146 ὲν
701 4095 766 4163 τῇ
787 4094 895 4146 τῶν
933 4095 1230 4165 Ἀσσυρίων
1257 4098 1348 4165 γῇ,
1379 4094 1687 4159 παιδευθεὶς
1709 4095 1861 4167 πρῶ-

276 4200 369 4237 τον
402 4184 501 4255 μὲν
528 4185 597 4237 τὰ
626 4184 889 4256 ὑμέτερα,
921 4185 1147 4255 δεύτερα
1184 4186 1241 4239 δὲ
1274 4188 1429 4239 ἅτινα
1458 4186 1554 4239 νῦν
1594 4187 1856 4258 κρύπτειν

276 4276 432 4347 (fort.
471 4276 781 4349 κηρύττειν)
813 4278 1235 4348 ἐπαγγέλλομαι.
1272 4279 1559 4333 Γινώσκων
1595 4282 1651 4334 δὲ
1674 4282 1858 4335 λοιπὸν

271 4371 361 4433 τίς
384 4372 414 4422 6
432 4370 585 4434 Θεὸς,
610 4372 703 4424 καὶ
731 4372 814 4434 τίς
838 4372 977 4425 κατὰ
1002 4373 1164 4425 αὐτὸν
1197 4375 1430 4444 ποίησις,
1460 4374 1674 4445 ἕτοιμον
1697 4377 1860 4445 ἐμαυ-

1978 510 2289 575 dilIicultas,
2320 528 2442 581 qua:
2486 514 2629 569 inter
2654 524 2908 571 auctores
2936 517 3160 571 maximi
3204 518 3444 575 nominis
3473 531 3559 577 est

1977 604 2221 658 tollatur.
2248 602 2305 658 In
2332 603 2666 659 Bibliotheca
2694 605 2911 661 Patrum
2934 606 3065 662 editi
3091 610 3398 665 suntlibelli
3423 612 3554 677 duo,

1978 712 2121 751 unus
2154 696 2534 763 inscriptione,
2563 696 2879 751 Sanctorum
2898 708 3126 767 quatuor
3145 697 3554 770 Evangeliorum

1976 792 2253 845 harmonia
2280 791 2508 845 Tatiano
2530 792 2892 846 Alexandrino
2929 802 3165 859 auctore;
3189 793 3348 858 alter,
3378 792 3553 847 Evan-

1975 880 2229 949 geliorum
2284 888 2513 949 quatuor
2555 881 2793 934 narratio
2843 882 3120 935 Ammonio
3165 880 3552 946 Alexandrino,

1976 978 2083 1024 etc.
2122 969 2472 1024 Harmoniam
2509 969 2698 1026 Victor
2734 972 3029 1042 Capuanus
3072 974 3405 1041 coniecturis
3429 974 3553 1044 qui—

1976 1062 2205 1117 busdam
2253 1063 2442 1116 tribuit
2503 1062 2752 1126 Tatiano,
2801 1073 2855 1120 et
2899 1080 3007 1118 non
3053 1065 3359 1132 Ammonio,
3389 1083 3549 1138 quem

1975 1154 2210 1207 maxime
2235 1154 2363 1219 labi,
2388 1161 2442 1208 et
2463 1154 2517 1207 in
2551 1172 2606 1209 re
2636 1164 2821 1225 aperta
2849 1156 3100 1211 caacutire
3126 1158 3279 1227 plura
3307 1168 3435 1214 sunt
3462 1175 3553 1213 ar-

1975 1253 2253 1316 gumento,
2294 1253 2347 1301 et
2390 1246 2444 1299 in
2492 1246 2595 1303 hoc
2643 1263 2860 1302 errasse
2883 1244 3156 1303 Victorem
3201 1250 3549 1307 mnifestum

1974 1344 2078 1401 est,
2105 1354 2211 1390 non
2246 1342 2369 1407 quia
2400 1353 2538 1409 opus
2594 1338 2671 1393 De
2694 1342 2982 1394 canonibus
3052 1342 3360 1409 euangelicis
3387 1343 3556 1399 ascri-

1976 1430 2145 1498 pserit
2178 1428 2429 1496 Tatiano,
2464 1431 2608 1500 quod
2643 1432 2777 1486 falso
2806 1432 2881 1485 illi
2918 1432 3148 1502 imputat
3193 1432 3547 1500 Possevinus,

1974 1536 2243 1590 nusquam
2277 1522 2408 1575 illud
2435 1522 2737 1578 allirmante
2767 1522 3003 1588 Victore,
3050 1526 3158 1579 imo
3187 1527 3547 1591 contrarium,

1974 1612 2019 1665 si
2050 1620 2196 1666 recte
2227 1617 2388 1667 verba
2420 1614 2565 1669 illius
2587 1615 3137 1679 considerentur;ait
3163 1616 3309 1670 enim
3346 1617 3399 1671 in
3418 1616 3553 1671 Prte-

1976 1700 2210 1754 fatione:
2237 1701 2371 1755 Dum
2404 1702 2625 1771 fortuito
2645 1705 2697 1755 in
2724 1720 2912 1757 manus
2950 1720 3090 1756 meas
3126 1702 3551 1757 incideretunum

1975 1808 2038 1845 ex
2058 1804 2289 1863 quatuor
2317 1793 2655 1866 Evangelium
2688 1796 3118 1863 compasitum,et
3150 1794 3361 1849 absente
3394 1795 3551 1849 titulo

1977 1902 2079 1938 non
2118 1886 2401 1940 invenirem
2437 1904 2620 1940 nomen
2661 1888 2919 1947 auctoris,
2961 1885 3240 1956 diligenter
3278 1886 3550 1956 inquirens

1973 1978 2063 2047 qui
2090 1988 2235 2048 gesta
2258 1979 2334 2032 vel
2357 1982 2499 2033 dicta
2532 1980 2744 2033 Domini
2782 1989 2830 2033 et
2855 1978 3151 2034 Saluatoris
3175 1980 3343 2033 nostri
3392 1995 3551 2033 evan-

1972 2069 2139 2139 gelica
2177 2070 2391 2124 lectione
2423 2071 2671 2131 discreta,
2721 2073 2774 2125 in
2810 2072 3046 2125 ordinem
3078 2089 3178 2142 quo
3218 2089 3273 2125 se
3303 2071 3549 2141 consequi

1972 2160 2302 2221 uidebantur,
2338 2179 2440 2216 non
2481 2163 2697 2216 minimo
2742 2162 2906 2216 studii
2941 2163 3119 2216 labore
3149 2162 3423 2232 redegerit,
3464 2180 3546 2217 re-

1969 2253 2079 2320 peri
2118 2254 2455 2307 Ammonium
2485 2254 2761 2323 quemdam
2803 2254 3244 2318 Alexandrinum,
3266 2256 3354 2325 qui
3380 2270 3550 2310 cmo-

1970 2359 2077 2397 iwu
2106 2360 2313 2407 quoque
2369 2361 2655 2399 EVANGELII
2713 2360 2924 2400 renum
2958 2362 3256 2409 INVENTOB,
3300 2345 3545 2400 Matthtri

1972 2434 2259 2505 Evangelia
2300 2438 2623 2506 reliquorum
2652 2438 2811 2490 trium
2840 2449 3081 2506 excerpta
3098 2438 3365 2507 junxisse,
3398 2455 3461 2493 ac
3489 2440 3546 2491 in

1970 2543 2132 2581 unam
2180 2530 2368 2582 seriem
2410 2528 2755 2599 Evangelium
2798 2533 3063 2591 nexuisse,
3108 2540 3243 2583 sicut
3288 2530 3553 2586 Eusebius

1968 2621 2243 2689 episcopus
2294 2618 2566 2689 Carpiano
2611 2620 2823 2673 cuidam
2871 2620 3101 2674 scribens
3141 2624 3196 2673 in
3234 2620 3548 2689 prwfatione

1968 2711 2217 2765 editionis
2238 2728 2369 2777 sum,
2403 2729 2504 2782 qua
2548 2729 2772 2765 canones
2812 2714 3088 2766 memorati
3132 2712 3404 2784 Evangelii
3433 2714 3547 2767 edi-

1968 2804 2068 2862 dit,
2107 2805 2397 2873 supradicti
2430 2807 2526 2859 viri
2558 2807 2799 2859 imitatus
2827 2805 3092 2868 studium,
3128 2806 3285 2875 refert
3316 2806 3368 2859 in
3404 2806 3546 2860 hunc

1968 2896 2179 2949 modum
2198 2912 2215 2949 :
2232 2899 2540 2952 Ammonius
2564 2899 2780 2969 quidam
2806 2900 3458 2965 Alexandrinus,mnltum
3488 2909 3545 2954 ut

1968 2983 2201 3038 arbitror
2234 2984 2430 3040 laboris
2464 2996 2512 3039 et
2550 2989 2716 3042 studii
2752 2990 3078 3056 impendens,
3121 3004 3280 3041 unum
3323 3003 3388 3041 ex
3419 3004 3547 3056 qua-

1970 3089 2089 3129 tuor
2133 3076 2281 3131 nobis
2322 3078 2532 3148 reliquit
2561 3078 2906 3149 Evangelium
2936 3096 3041 3144 ;ex
3082 3080 3306 3133 historia
3344 3092 3545 3149 quoque

1964 3170 2079 3238 ejus
2113 3173 2363 3240 comperi,
2393 3183 2496 3226 etc.
2527 3170 2714 3226 Graeca
2756 3172 2974 3227 Eusebii
3021 3174 3186 3227 verba
3230 3170 3320 3226 illa
3367 3179 3540 3228 sunt:

1977 3260 2283 3332 Ἀμμώνιος
2328 3263 2425 3333 μὲν
2479 3265 2506 3316 6
2542 3255 2944 3336 Ἀλεξανδρεὺς,
2983 3262 3203 3332 πολλὴν,
3250 3261 3326 3326 ὥς
3372 3261 3539 3325 εἰκὸς,

1965 3350 2277 3419 φιλοπονίαν
2303 3353 2396 3405 καὶ
2420 3352 2655 3423 σπουδὴν
2686 3352 3045 3424 εἰσαγηοχὼς,
3067 3353 3125 3405 τὸ
3150 3352 3235 3405 διὰ
3262 3351 3541 3423 τεσσάρων

1964 3446 2094 3516 ἡμῖν
2125 3446 2508 3500 καταλέλοιπεν
2558 3448 2911 3517 Εὐαγγέλιον,
2948 3445 3026 3517 τῷ
3074 3445 3215 3499 κατὰ
3264 3444 3541 3499 Ματθαῖον

1960 3538 2060 3602 τὰς
2086 3538 2401 3609 ὁμοφώνους
2430 3540 2538 3593 τῶν
2567 3541 2767 3593 λοιπῶν
2809 3537 3210 3607 εύαγγελιστῶν
3238 3536 3542 3608 περικοπὰς

1962 3630 2252 3701 παραθεὶς,
2282 3632 2357 3695 ὼς
2388 3632 2447 3697 ἐξ
2479 3632 2724 3703 ἀνάγκης
2765 3631 3038 3702 συμϐῆναι
3080 3632 3170 3685 τὸν
3195 3629 3294 3699 τῆς
3319 3628 3544 3683 ἀκολου-

1962 3721 2083 3786 Οίας
2119 3724 2306 3795 εἱρμὸν
2337 3724 2446 3775 τῶν
2470 3724 2636 3796 τριῶν
2658 3724 3021 3794 διαφθαρῆναι
3046 3724 3167 3776 ὅσον
3192 3722 3284 3774 ὲπὶ
3310 3720 3386 3791 τῷ
3415 3719 3541 3789 ὕφει

1959 3814 2058 3885 τῆς
2089 3815 2467 3884 ἀναγνώσεως,
2506 3825 2559 3871 et
2592 3816 2824 3871 inferius
2861 3816 3003 3870 idem
3050 3813 3256 3877 Victor,
3285 3813 3537 3866 Arbitror

1958 3910 2097 3962 enim
2126 3919 2397 3977 propterea
2423 3927 2525 3963 non
2553 3910 2842 3975 Ammonii,
2885 3908 2976 3963 sed
3017 3908 3173 3976 hujus
3204 3924 3317 3961 esse
3358 3906 3543 3962 editio-

1962 4018 2080 4054 nem
2112 4004 2389 4055 memorati
2433 4004 2737 4067 roluminis,
2777 4002 2916 4072 quod
2952 4002 3260 4055 Ammonius
3295 3998 3540 4053 Mattltwi

1958 4091 2131 4159 fertur
2163 4094 2440 4157 relationi,
2477 4094 2914 4164 evangelistarum
2971 4094 3291 4161 reliquorum
3322 4090 3540 4143 relatio-

1960 4200 2083 4235 num
2120 4184 2373 4238 discretos
2407 4187 2720 4239 annexuisse
2746 4202 3027 4239 sermones.
3068 4184 3171 4238 Hic
3212 4200 3330 4237 vero
3368 4182 3540 4236 sancti

1961 4275 2118 4335 Lucw
2156 4279 2417 4348 principia
2466 4290 2763 4347 assumpta,
2812 4281 3135 4349 reliquorum
3186 4278 3344 4331 trium
3393 4275 3538 4329 dicta

1960 4371 2291 4439 conjunxei'it
2319 4372 2510 4439 utjure
2540 4371 2736 4440 ambigi
2760 4372 2925 4440 possit
2955 4381 3131 4423 utrum
3156 4368 3442 4429 Ammonii,
3465 4384 3537 4421 an

270 4463 370 4514 τὸν
418 4464 548 4532 ἡμῖν
594 4462 729 4531 πρὸς
763 4463 862 4532 τὴν
915 4462 1199 4533 ἀνάκρισιν
1253 4463 1360 4516 τῶν
1410 4464 1693 4534 δογμάτων
1723 4482 1863 4536 παρ-

1967 4460 2179 4514 Tatiani
2224 4464 2451 4515 inventio
2509 4464 2743 4532 ejusdem
2785 4464 2954 4531 operis
3012 4462 3195 4515 debeat
3257 4460 3534 4515 a'stimari.

276 4550 493 4624 ιστημι,
563 4553 827 4624 μενούσης
874 4570 963 4623 μοι
1003 4554 1143 4607 κατὰ
1173 4553 1305 4607 Θεὸν
1331 4555 1607 4619 πολιτείας
1644 4555 1865 4628 ἁνεξαρ-

273 4646 463 4714 νήτου.
503 4641 737 4713 Scripsit
764 4652 817 4698 et
846 4643 993 4696 aliud
1035 4659 1173 4713 opus
1196 4645 1337 4713 quod
1394 4643 1729 4700 Dratessaron
1768 4661 1864 4716 ap-

275 4736 525 4805 pellavit,
556 4750 619 4791 ex
653 4744 891 4805 quatuor
932 4735 1292 4806 Evangelistis
1320 4736 1610 4789 collectum
1639 4752 1653 4800 ;
1687 4737 1753 4791 de
1798 4752 1864 4791 eo

275 4828 394 4881 haec
437 4827 599 4881 habet
621 4828 915 4882 Clironicon
953 4828 1365 4881 Alexandrinum
1396 4844 1461 4882 ex
1494 4827 1726 4883 Eusebio
1760 4847 1773 4881 :
1803 4829 1859 4883 '0

278 4920 535 4990 μέντοιγε
587 4920 849 4991 πρότερος
889 4921 1066 4972 αὐτῶν
1113 4920 1375 4983 Τατιανὸς
1423 4919 1714 4988 συνάφειάν
1742 4938 1863 4974 τινα

276 5012 375 5066 καὶ
411 5012 753 5082 συναγωγὴν,
780 5013 879 5066 οὐκ
903 5011 998 5065 οἶδ’
1017 5015 1184 5077 ὅπως,
1208 5013 1315 5065 τῶν
1340 5013 1684 5081 Εὑαγγελὶων
1707 5030 1863 5084 ποιη-

278 5106 538 5174 σάμενος,
576 5104 637 5156 τὸ
676 5105 777 5158 Διά
814 5103 1125 5171 τεσσάρων
1170 5105 1328 5157 τοῦτο
1356 5106 1803 5176 προσωνόμασεν,
1833 5108 1861 5159 6

276 5197 432 5268 παρὰ
461 5212 603 5249 τισιν
639 5197 806 5250 εἰσέτι
849 5199 941 5251 καὶ
980 5197 1076 5251 νῦν
1130 5198 1373 5268 φέρεται.
1411 5203 1542 5264 Qua:
1575 5200 1650 5252 ita
1696 5200 1859 5252 veiti-

276 5305 404 5343 mus
466 5306 481 5342 :
551 5287 841 5342 Enimvero
894 5290 979 5344 bis
1034 5289 1310 5359 antiquior
1359 5289 1623 5344 Tatianus
1673 5292 1861 5345 nescio

278 5398 384 5451 qua
432 5380 853 5451 Evangeliorum
883 5383 1230 5445 cohaerentia,
1283 5391 1337 5437 ct
1387 5384 1707 5439 collectione
1736 5401 1859 5454 per-

280 5476 443 5532 fecta,
471 5483 658 5535 quam,
677 5478 924 5529 etc.,non
944 5473 1299 5542 confusionem
1331 5485 1379 5529 et
1410 5474 1762 5547 Sgnagogam,
1799 5484 1858 5529 ut

279 5573 399 5635 ejus
430 5567 718 5635 interpres,
736 5565 829 5619 sed
862 5581 984 5618 cum
1025 5571 1228 5622 mentio
1259 5568 1331 5623 sit
1358 5568 1427 5622 de
1454 5569 1592 5622 libro
1622 5570 1721 5622 hoc
1753 5565 1859 5621 Ta-

282 5658 415 5711 tiani
453 5674 611 5727 quem
645 5657 1044 5729 Διατεσσάρων,
1088 5673 1196 5712 non
1228 5669 1286 5712 ut
1333 5661 1499 5715 refert
1536 5659 1719 5716 Victor
1753 5660 1857 5715 Ca-

289 5757 523 5819 puanus,
566 5750 840 5821 Diapente,
891 5751 1188 5823 inscripsit,
1223 5768 1329 5807 non
1363 5753 1461 5809 abs
1491 5769 1548 5808 re
1596 5753 1731 5808 mihi
1762 5754 1856 5809 vi-

1963 4553 2157 4607 Nullus
2188 4569 2251 4608 ex
2299 4556 2386 4609 bis
2431 4554 2673 4609 Victoris
2724 4571 2880 4610 error
2932 4554 3383 4625 deprehenditur,
3412 4569 3536 4608 cum

1962 4660 2101 4715 Opus
2128 4646 2200 4699 De
2247 4647 2539 4701 canonibus
2581 4649 2912 4715 apostolicis,
2946 4648 3090 4719 quod
3136 4648 3303 4702 fuisse
3357 4647 3537 4701 diver-

1963 4754 2082 4792 sum
2115 4738 2183 4792 ab
2212 4755 2376 4809 opere
2411 4750 2464 4795 et
2496 4739 2791 4795 Harmonia
2840 4743 3085 4809 ejusdem
3130 4741 3538 4811 Erangeliorum

1965 4846 2189 4885 necesse
2221 4831 2341 4891 fuit,
2372 4848 2479 4886 non
2512 4841 2664 4903 putat
2690 4850 2813 4889 esse
2840 4832 3059 4888 Tatiani
3099 4834 3193 4889 sed
3239 4831 3535 4887 Ammonii.

1964 4920 2069 4975 Sed
2099 4939 2254 4977 error
2286 4925 2432 4979 illius
2473 4934 2557 4979 est
2586 4942 2747 4996 quem
2786 4942 2892 4980 non
2926 4936 3010 4981 est
3042 4926 3305 4981 odoratus
3344 4924 3538 4979 Posse-

1960 5013 2142 5076 vinus,
2175 5015 2427 5082 quamvis
2477 5016 2614 5070 alios
2663 5017 2913 5085 habuerit
2967 5023 3092 5070 ante
3137 5024 3413 5077 auctores,
3442 5012 3535 5083 qui

1962 5101 2113 5154 illum
2137 5104 2474 5165 adnotarint,
2510 5105 2657 5173 quod
2696 5105 3049 5159 Harmoniam
3100 5104 3528 5174 Evangelioruns,

1962 5211 2084 5264 qua:
2106 5206 2223 5250 erat
2265 5197 2568 5266 legitimum
2612 5214 2751 5268 Opus
2786 5198 3083 5259 Ammonii,
3116 5197 3353 5252 Tatiano
3398 5196 3536 5252 falso

1960 5288 2301 5357 ascripserit.
2356 5288 2641 5343 Consimili
2692 5289 2932 5345 Victoris
2983 5305 3171 5344 errore
3222 5289 3356 5359 lapsi
3407 5296 3535 5343 sunt

1959 5378 2257 5448 Gregorius
2290 5380 2498 5436 Ederus
2535 5382 2629 5437 lib.
2664 5397 2724 5435 ιιι
2780 5380 3117 5436 (Εεοηοηιίω
3133 5381 3451 5448 Bibliorum,
3482 5389 3532 5437 et

1961 5480 2147 5533 Sixtus
2173 5479 2434 5536 Senensis
2458 5481 2553 5535 lib.
2586 5498 2638 5535 IV
2685 5481 3025 5535 Bibliotheca:
3055 5483 3108 5535 in
3138 5481 3430 5535 Ammonio
3476 5488 3531 5536 et

1958 5569 2207 5626 Tatiano.
2263 5572 2562 5628 Reddimus
2607 5574 2791 5643 itaque
2835 5575 3073 5643 genuino
3105 5574 3317 5645 parenti
3372 5588 3532 5629 suum

1960 5662 2147 5725 fetum,
2180 5672 2233 5717 et
2258 5664 2484 5718 mutatis
2519 5665 2571 5717 in
2600 5664 2955 5733 inscriptione
3000 5665 3337 5727 nominibus,
3378 5664 3531 5718 libel-

1958 5756 2069 5810 lum
2100 5756 2215 5812 sive
2242 5754 2657 5826 Evangeliorum
2699 5758 3175 5823 concordantiam,
3214 5765 3268 5813 et
3307 5756 3527 5811 "arma
