4072 6342
472 308 581 368 803

1813 305 2062 364 LEONIS
2095 303 2372 361 ALLATII

3601 311 3712 366 801

469 428 634 491 niam,
660 441 781 496 quae
807 425 912 481 sub
937 425 1152 481 Tatiani
1182 428 1403 484 nomine
1434 427 1840 492 circumfertur,
1867 437 1922 483 et
1952 430 2038 482 in-
2066 433 2111 488 Α
2141 427 2351 491 sebius,
2375 425 2577 482 Eccles.
2609 425 2735 484 hist.
2765 429 2862 485 lib.
2883 444 2965 493 tn,
2995 445 3118 500 cap.
3145 429 3213 499 9;
3248 425 3632 503 Hieronymus,
3654 435 3712 490 in

469 522 620 591 cipit,
651 520 915 586 Quoniam
936 519 1145 589 quidem
1169 521 1323 574 multi
1361 523 1539 575 conati
1579 530 1721 583 sunt,
1754 537 1917 591 quam
1953 520 2036 575 Vi-

472 620 592 664 ctor
620 609 868 672 Tatiano,
913 617 967 662 et
1009 625 1134 664 cum
1164 625 1230 664 eo
1259 613 1442 680 plures
1479 612 1570 666 alii
1619 611 1882 676 referunt,
1907 613 2037 665 Am-

473 701 657 754 monio
705 702 1075 756 Alexandrino
1105 703 1182 756 uti
1229 705 1527 772 genuinum
1575 705 1742 760 fetum
1787 707 2036 760 restitui-

471 808 613 854 mus,
631 793 856 847 alteram
901 808 1052 860 vero,
1092 809 1212 863 quas
1253 796 1470 865 praefert
1501 811 1699 851 nomen
1739 797 2034 862 Ammonii,

471 881 703 937 Tatiano
735 883 802 938 de
820 899 928 954 quo
955 886 1112 940 nobis
1142 893 1227 942 est
1256 903 1456 951 sermo,
1489 896 1542 942 et
1562 889 1772 960 incipit,
1810 889 1870 943 1η
1890 892 2040 959 prin-

472 973 606 1040 cipio
640 983 754 1026 erat
781 973 1022 1029 Verbum.
1059 975 1270 1029 Etenim
1325 993 1446 1047 qua:
1479 977 1770 1044 Eusebius,
1814 981 2036 1037 Chroni-

470 1081 588 1119 cum
633 1066 1076 1135 Alexandrinum,
1120 1068 1528 1136 Theodoretus,
1575 1073 1642 1128 de
1692 1075 2038 1132 Dialessaron

473 1159 687 1213 Tatiani
715 1160 1000 1230 prodidere
1016 1162 1143 1218 huic
1160 1166 1513 1220 conveniunt.
1544 1166 1831 1234 Eusebius,
1858 1169 1955 1225 lib.
1989 1183 2044 1222 tv

477 1251 618 1306 Hist.
654 1252 863 1317 ποια,
896 1268 1017 1322 cap.
1049 1245 1140 1317 27,
1173 1255 1246 1309 ita
1283 1259 1513 1313 scribit:
1550 1260 1806 1316 Tatianus
1834 1263 1924 1317 ille
1948 1263 2039 1334 qui

473 1351 588 1396 erat
610 1344 811 1411 primus
845 1359 1023 1398 eorum
1041 1356 1245 1412 auctor,
1276 1357 1327 1401 et
1358 1350 1596 1420 princeps
1624 1353 2037 1421 conjunctionem

474 1435 779 1505 quamdam,
808 1438 968 1490 etiam
1018 1438 1377 1494 collectionem
1424 1441 1827 1513 Evangeliorum
1867 1448 2038 1500 nescio

475 1523 735 1590 quomodo
780 1528 1089 1593 composuit,
1126 1527 1359 1600 illudque
1383 1546 1510 1600 opus
1552 1533 1654 1588 Διὰ
1686 1534 1998 1604 τεσσάρων
2022 1577 2038 1602 ,

475 1611 531 1664 id
559 1621 659 1677 est,
701 1611 874 1667 Unum
897 1615 1237 1686 Evangelium
1262 1636 1326 1673 ea:
1351 1632 1579 1691 quatuor
1607 1623 1882 1679 collectum
1908 1644 2043 1681 nun-

473 1706 702 1774 cupavit,
736 1707 874 1776 quod
913 1710 1073 1763 etiam
1125 1710 1298 1766 adhuc
1331 1715 1680 1784 quorumdam
1727 1718 1948 1774 habetur
1985 1722 2040 1775 in

2147 517 2240 572 lib.
2268 517 2344 571 De
2372 519 2718 588 scriptoribus
2762 521 2967 585 eccles.,
2999 532 3054 578 et
3080 521 3321 590 Epistola
3349 522 3710 597 adMagnum,

2143 617 2414 664 oratorem
2433 609 2761 676 Romanum;
2786 611 3143 676 Sozomeuus,
3167 615 3260 668 lib.
3287 630 3324 678 ι,
3347 629 3466 685 cap.
3489 617 3539 681 l;
3567 615 3714 669 Eva.-

2146 703 2317 771 grius,
2355 703 2448 758 lib.
2478 721 2529 767 v,
2559 719 2681 774 cap.
2711 705 2813 772 εις
2839 705 3082 770 Photius,
3116 707 3170 761 in
3193 705 3557 768 Bibliotheca;
3584 706 3714 762 Sui-

2147 793 2266 857 das,
2298 793 2415 863 ipse
2443 795 2511 849 de
2541 810 2599 850 se
2615 797 2863 866 pluribus
2881 798 2934 851 in
2965 799 3134 863 locis;
3164 795 3436 868 Iosephus
3465 797 3716 871 Scaliger

2144 883 2197 936 in
2222 883 2524 955 Prolegom.
2553 889 2607 940 in
2642 888 2735 941 lib.
2769 887 2847 942 De
2862 889 3224 944 emendatione
3255 901 3568 957 temporum,
3619 893 3712 947 vi-

2143 991 2264 1030 rum
2291 977 2438 1031 hunc
2471 994 2815 1048 summopere
2863 980 3066 1045 laudat,
3107 982 3493 1052 historicisque
3527 984 3713 1038 omni-

2144 1067 2248 1122 bus
2285 1067 2488 1123 Graacis
2555 1080 2610 1123 et
2646 1069 2856 1126 Latinis
2897 1075 3197 1143 anteponit.
3230 1074 3710 1144 Ditigentissimus,

2143 1157 2338 1226 inquit,
2371 1159 2464 1211 καὶ
2501 1158 2954 1230 φιλαληθέστατος
2989 1165 3226 1218 omnium
3259 1168 3577 1236 scriptorum
3609 1166 3712 1223 Jo-

2147 1250 2354 1316 sephus,
2391 1251 2455 1304 de
2490 1269 2592 1321 quo
2623 1269 2717 1306 nos
2758 1254 3011 1310 audacter
3040 1257 3285 1322 dicimus,
3319 1276 3420 1312 non
3451 1261 3625 1314 solum
3655 1263 3712 1315 in

2147 1340 2298 1395 rebus
2321 1341 2590 1408 Judaicis,
2615 1345 2704 1399 sed
2725 1348 2884 1400 etiam
2908 1349 2961 1402 in
2989 1352 3216 1404 externis
3241 1353 3403 1404 tutius
3433 1352 3516 1405 illi
3541 1353 3710 1418 credi,

2150 1449 2310 1502 quam
2345 1435 2588 1489 omnibus
2635 1435 2833 1493 Graecis
2898 1449 2949 1494 et
2987 1439 3196 1496 Latinis
3232 1460 3251 1496 :
3285 1445 3462 1514 itaque
3501 1445 3713 1499 desinat

2148 1525 2336 1579 mirari
2365 1525 2549 1580 doctus
2583 1528 2662 1582 vir
2685 1570 2698 1592 ,
2733 1545 2823 1583 cur
2855 1539 2929 1584 tot
2973 1533 3170 1588 eruditi
3193 1545 3242 1588 et
3271 1552 3365 1590 nos
3392 1553 3594 1607 quoque
3619 1540 3713 1606 qui

2149 1629 2253 1667 non
2285 1616 2340 1668 in
2384 1616 2494 1671 illis
2533 1620 2778 1683 eruditis,
2817 1623 2905 1676 sed
2949 1623 3105 1694 hujus
3159 1627 3436 1694 scriptoris
3491 1628 3733 1682 lectione

2148 1707 2406 1776 peregrini
2433 1725 2534 1762 non
2579 1727 2783 1774 sumus,
2819 1722 3024 1767 tantum
3058 1716 3142 1768 illi
3186 1716 3506 1786 deferamus,
3555 1735 3712 1789 cujus

473 1797 740 1852 manibus.
780 1799 858 1853 Ex
893 1799 1127 1859 Eusebio
1166 1805 1344 1860 locum
1376 1806 1520 1863 hunc
1543 1816 1714 1863 totum
1749 1811 2041 1883 descripsit
2072 1792 2113 1846 Β
2148 1794 2278 1863 ﬁdes
2305 1806 2354 1850 et
2382 1798 2612 1853 eruditio
2658 1802 2713 1854 in
2739 1804 2980 1859 omnibus
3023 1806 3212 1860 elucet.
3257 1807 3479 1864 Gaudeo
3520 1810 3711 1867 laudes

473 1887 792 1944 Chronicum
827 1893 1237 1950 Alexandrinum
1275 1907 1329 1953 et
1364 1898 1722 1972 Nicephorus,
1746 1903 1888 1960 Hist.
1912 1906 2038 1961 eccl.

473 1979 511 2033 ι.
550 1997 622 2040 tv.
655 1996 703 2035 c.
741 1983 794 2048 4,
827 1985 881 2038 in
912 2002 1021 2056 quo
1067 2003 1198 2044 sane
1238 1990 1390 2057 illud,
1424 1990 1616 2048 Nescio
1639 1996 1915 2064 quomodo,
1942 1998 2044 2051 οὐκ

472 2067 567 2125 οἷδ’
597 2073 766 2140 ὅπως,
805 2079 1260 2136 considerandum
1291 2091 1411 2150 est;
1440 2084 1590 2142 fraus
1625 2087 1768 2142 enim
1813 2089 1899 2143 vel
1943 2091 2042 2144 do—

474 2164 560 2221 lus
620 2166 857 2224 haeretici
919 2173 1157 2228 auctoris
1221 2174 1476 2232 indecore
1525 2185 1581 2232 et
1637 2193 1777 2244 non,
1821 2188 1880 2234 ut
1945 2195 2044 2251 par

473 2261 634 2323 erat,
677 2273 816 2327 opus
863 2260 996 2315 illud
1040 2264 1425 2322 conrinnantis
1478 2267 1640 2323 nobis
1682 2270 2040 2340 signiﬁcatur,

473 2348 620 2417 quod
669 2347 1047 2409 Theodoretus
1100 2355 1276 2423 palam
1319 2360 1560 2427 exponit,
1604 2361 1699 2416 lib.
1751 2378 1767 2415 ι
1838 2361 2037 2417 eret.

476 2439 669 2506 fabul.,
702 2442 786 2497 his
815 2444 996 2500 verbis
1031 2447 1318 2504 :Tatianus
1351 2454 1640 2520 composuit
1679 2455 1837 2509 etiam
1867 2455 2043 2511 Evan-

474 2533 670 2601 gelium
699 2536 840 2604 quod
887 2537 1082 2592 dicitur
1118 2542 1221 2594 Διὰ
1262 2543 1592 2613 τεσσάρων,
1635 2550 1922 2616 amputatis
1963 2566 2047 2620 ge-

476 2624 731 2695 nealogiis
766 2637 816 2680 et
863 2628 1008 2693 aliis,
1055 2647 1373 2704 quwcunque
1425 2637 1704 2692 ostendunt
1759 2640 2042 2695 Dominum

476 2727 663 2772 natum
701 2735 812 2774 esse
847 2737 911 2776 ea:
960 2723 1129 2778 David
1155 2728 1442 2783 secundum
1486 2748 1714 2790 carnem.
1754 2733 1833 2789 Eo
1869 2745 2044 2790 autem

476 2810 563 2864 usi
587 2823 728 2874 sunt,
763 2829 862 2866 non
886 2815 926 2867 ii
953 2816 1054 2869 soli
1085 2819 1174 2886 qui
1202 2836 1323 2873 sunt
1349 2822 1496 2876 illius
1511 2833 1688 2886 secta,
1710 2828 1799 2878 sed
1823 2826 1860 2878 ii
1885 2827 2044 2880 etiam

476 2903 567 2972 qui
595 2903 842 2974 dogmata
863 2910 1152 2976 apostolica
1170 2927 1457 2983 sequuntur
1474 2917 1865 2986 compositionis
1889 2919 2044 2988 frau-

479 2994 597 3048 dem
642 3013 746 3050 non
780 3013 1166 3068 cognoscentes,
1207 3004 1298 3058 sed
1343 3008 1636 3077 simplicius
1682 3026 1742 3064 eo
1792 3019 2044 3081 tanquam

481 3087 616 3142 libro
664 3094 1029 3159 compendiosa
1068 3104 1286 3154 utentes.
1321 3097 1432 3169 Ego
1459 3117 1660 3172 quoque
1699 3103 1870 3157 inveni
1899 3104 2045 3172 plus-

478 3185 633 3251 qua'm
658 3181 910 3240 ducentos
941 3186 1242 3256 hujusmodi
1265 3189 1447 3262 libros,
1475 3193 1564 3263 qui
1576 3194 1641 3263 .in
1667 3193 1860 3250 honore
1883 3197 2043 3250 habe-

481 3274 673 3329 bantur
709 3278 763 3333 in
803 3279 998 3335 nostris
1036 3279 1308 3349 Ecclesi’is,
1348 3301 1477 3354 quos
1508 3301 1626 3338 cum
1671 3300 1846 3341 omnes
1884 3286 2044 3340 simul

480 3371 778 3439 coegissem,
827 3371 1066 3441 deposui,
1095 3384 1144 3429 et
1177 3376 1290 3430 loco
1336 3393 1517 3432 eorum
1568 3380 1773 3448 reposui
1818 3391 2047 3451 quatuor

479 3463 919 3531 evangelistarum
942 3465 1247 3536 Evangelia.
1272 3467 1378 3524 Sed
1410 3470 1465 3524 in
1493 3471 1596 3524 hoc
1619 3471 1860 3527 secundo
1883 3486 2047 3542 opere

481 3560 667 3621 aperte
697 3553 901 3610 recisas
925 3558 1271 3630 genealogias
1293 3575 1482 3616 omnes
1505 3559 1742 3626 Domini,
1769 3577 1889 3632 quas
1920 3578 2045 3618 eum

481 3657 548 3697 ex
602 3642 770 3697 David
797 3647 1097 3702 secundum
1137 3665 1356 3705 carnem
1391 3652 1632 3721 genitum
1669 3653 2046 3709 demonstrant

482 3737 850 3804 comperimus
898 3745 952 3792 ct
991 3741 1098 3794 alia
1143 3744 1328 3797 omnia
1382 3744 1744 3814 detruncata,
1794 3758 1848 3804 et
1905 3763 2046 3804 nova

484 3824 658 3878 forma
687 3837 1069 3901 structuraque
1094 3834 1358 3890 orationis
1379 3851 1660 3902 conversa,
1694 3855 1801 3894 non
1831 3841 1958 3896 item
1989 3841 2045 3895 in

484 3917 682 3989 primo,
707 3923 762 3972 in
787 3935 894 3990 quo
922 3923 1104 3976 omnia
1133 3934 1364 3994 quatuor
1396 3931 1850 3999 evangeliStarum
1877 3933 2043 3998 dicta,

483 4009 633 4064 nullo
667 4010 779 4066 fere
807 4014 1173 4081 pmtermisso
1215 4017 1282 4071 ad
1320 4019 1544 4072 verbum
1589 4020 1864 4091 descripta
1893 4039 2048 4094 repe-

485 4103 716 4157 riuntur.
749 4102 952 4159 Deinde
989 4107 1224 4176 primum
1266 4124 1406 4176 opus
1435 4127 1558 4164 cum
1597 4113 1756 4167 titulo
1787 4129 1896 4183 quo
1941 4115 2050 4169 cir-

482 4194 804 4262 cumfertur,
828 4195 1122 4253 Harmonia
1150 4201 1379 4264 scilicet,
1411 4219 1477 4258 ex
1511 4205 1786 4273 expressis
1815 4205 2049 4276 Evange-

484 4287 680 4340 liorum
713 4288 895 4344 verbis
922 4290 1309 4346 concinnatum
1344 4293 1476 4348 illud
1518 4309 1642 4350 esse
1686 4295 2048 4366 deprehendi-

482 4387 574 4431 tur
600 4378 871 4432 Ammonii
913 4378 1289 4445 Alexandrini,
1321 4386 1464 4454 quod
1493 4384 1784 4440 Zacharias
1811 4385 2047 4457 Chryso-

484 4468 760 4539 politanus
783 4470 1072 4542 episcopus
1102 4481 1228 4528 ante
1249 4477 1576 4545 quingentos
1608 4493 1780 4534 annos
1803 4479 2049 4534 illustra-
2077 4490 2123 4546 ι)

485 4561 563 4614 vit
602 4565 1046 4628 commentariis,
1091 4582 1232 4636 quos
1275 4583 1339 4622 ex
1385 4573 1674 4626 sententiis
1729 4581 2045 4628 sanctorum

484 4648 706 4704 Patrum
732 4653 786 4707 in
817 4670 977 4708 unam
1002 4663 1250 4711 catenam
1267 4661 1536 4715 contextis
1565 4660 1794 4730 pulchro
1815 4662 2048 4718 artiﬁcio

485 4743 778 4811 coaptavit.
813 4743 1082 4801 Praeterea
1128 4748 1254 4817 quis
1282 4751 1455 4805 nescit
1499 4749 1789 4806 Tatianum
1849 4752 2046 4824 Syrum

487 4834 569 4887 vel
601 4834 907 4906 Assyrium,
947 4853 1056 4892 non
1093 4847 1272 4894 autem
1320 4841 1769 4908 Alexandrinum,
1828 4845 2051 4901 Ammo-

488 4925 637 4978 nium
667 4941 797 4981 vero
823 4927 1245 4982 Alexandrinum
1285 4929 1494 4986 fuisse?
1525 4930 1900 4988 Restituamus
1920 4950 2050 5004 ergo

489 5017 677 5071 titulos
727 5017 910 5082 libris,
955 5018 1126 5073 libros
1179 5021 1518 5090 parentibus,
1565 5030 1625 5076 ut
1675 5025 2052 5094 unusquisque

490 5123 620 5162 suos
675 5107 819 5164 fetus
880 5115 1173 5180 agnoscat,
1230 5110 1700 5182 inscribamusque
1749 5115 1804 5168 in
1850 5116 2048 5184 primo,

491 5196 810 5260 Sanctorum
840 5211 1067 5268 quatuor
1091 5198 1492 5268 Evangeliorum
1523 5201 1818 5258 Harmonia
1844 5209 2053 5259 Ammo-

491 5287 580 5341 nio
605 5287 964 5342 Alexandrino
998 5300 1240 5354 auctore;
1269 5291 1322 5344 in
1363 5292 1626 5359 secundo,
1650 5291 2053 5362 Evangeliorum

491 5377 838 5434 Dialessaron
871 5380 1097 5434 Tatiano
1133 5381 1352 5452 Assyrio
1382 5393 1614 5437 auctore.
1657 5383 1713 5439 Si
1745 5386 1868 5454 quis
1896 5387 2053 5456 plura

492 5472 766 5527 desiderat
795 5472 953 5527 adeat
992 5472 1261 5528 Caesarem
1286 5473 1604 5540 Baronium,
1629 5483 1778 5532 torno
1819 5479 1863 5532 ll
1882 5516 1896 5540 ,
1926 5495 2051 5533 ann.

493 5563 617 5628 174,
643 5564 734 5617 ubi
764 5573 1017 5620 accurate
1043 5567 1273 5635 plurima
1297 5567 1364 5622 de
1385 5583 1450 5622 eo
1463 5583 1626 5637 opere
1652 5570 2051 5625 animadvertit.

561 5656 678 5709 Col.
711 5655 834 5721 708,
857 5657 953 5711 lin.
973 5658 1026 5712 2.
1068 5658 1190 5712 Τῶν
1215 5658 1366 5712 δὲέκ
1400 5661 1720 5729 περιτομῆς
1757 5661 2052 5730 Ἰώσηπος.

489 5745 565 5802 De
588 5743 822 5815 Josepho
849 5748 1129 5815 historico,
1162 5750 1280 5822 ejus
1298 5751 1406 5804 vita
1437 5759 1490 5806 et
1522 5753 1914 5822 scriptisiplnra
1949 5753 2055 5806 En-

2147 1885 2314 1943 hasce
2349 1886 2589 1960 Josepbo
2629 1892 2944 1952 decantatas
2977 1897 3236 1954 audacter
3276 1898 3462 1964 dictas
3487 1916 3612 1956 esse
3639 1902 3712 1957 ab

2140 1980 2260 2050 ipso
2297 1983 2460 2036 etiam
2499 1982 2786 2040 laudatore
2825 1989 3110 2056 cognosci.
3141 1988 3278 2054 Quis
3322 2006 3479 2062 aequo
3525 1993 3713 2045 animo

2137 2065 2304 2122 terret
2331 2068 2628 2135 hominem,
2670 2072 2763 2141 qui
2800 2075 3008 2128 nesciat
3049 2075 3150 2130 sibi
3193 2076 3483 2145 imperare,
3521 2092 3588 2130 ne
3625 2077 3711 2130 di-

2143 2165 2233 2212 cat
2253 2159 2397 2228 quod
2434 2169 2629 2216 contra
2665 2178 2881 2234 aequum
2913 2180 3075 2221 omne
3097 2181 3222 2222 esse
3259 2167 3500 2222 fatetur:
3538 2168 3710 2223 auda-

2143 2249 2280 2304 citer
2307 2251 2546 2318 dicitur,
2588 2269 2717 2326 ergo
2762 2271 2948 2311 verum
3000 2272 3108 2310 non
3153 2266 3256 2321 est,
3282 2274 3410 2328 ergo
3441 2259 3534 2329 qui
3574 2260 3712 2315 dicit

2144 2337 2433 2410 decipitur,
2467 2344 2512 2399 si
2553 2344 2830 2401 Aristoteli
2884 2348 3162 2404 credimus
3203 2349 3491 2404 Moralium
3530 2350 3710 2406 Eude-

2145 2432 2372 2486 miorum
2400 2435 2492 2490 lib.
2523 2453 2605 2500 Ill,
2634 2453 2752 2508 cap.
2787 2439 2851 2506 5;
2888 2455 2976 2495 res
3022 2441 3164 2506 enim
3197 2443 3352 2498 aliter
3379 2458 3444 2497 ac
3473 2452 3602 2499 sunt
3629 2446 3710 2500 vi—

2145 2520 2362 2580 dentur.
2405 2525 2592 2582 Tutius
2631 2529 2713 2582 illi
2761 2531 2902 2584 credi
2945 2547 3102 2600 quam
3136 2534 3375 2589 omnibus
3419 2533 3617 2591 Grascis
3657 2547 3710 2591 et

2146 2611 2376 2684 Latinis,
2407 2635 2683 2689 nunquam
2733 2622 3131 2678 existimassem
3188 2627 3462 2682 hominem
3498 2628 3572 2682 ita
3611 2642 3710 2682 au-

2146 2707 2335 2764 dacter
2362 2709 2544 2766 dicere
2575 2728 2755 2782 posse,
2785 2723 2841 2769 et
2866 2715 3156 2770 humanam
3187 2718 3494 2783 historiam,
3515 2719 3582 2774 ab
3611 2721 3711 2776 hoc

2151 2802 2301 2857 mine
2329 2813 2383 2857 et
2421 2802 2668 2860 fortassis
2708 2807 2946 2876 pessimo
2987 2811 3354 2882 conscriptam
3391 2811 3590 2868 divinae
3616 2829 3711 2869 sa-

2147 2905 2360 2962 craque
2390 2893 2648 2962 praeferri.
2677 2895 2868 2952 Tutius
2884 2898 3062 2954 credis
3089 2897 3324 2969 Josepho
3343 2916 3504 2970 quam
3535 2900 3715 2955 Evan-

2148 2983 2330 3054 gelio?
2391 2988 2564 3043 tutius
2617 2987 2843 3051 homini,
2879 3006 3039 3060 quam
3089 2991 3234 3048 Deo?
3270 2991 3427 3049 Dices
3474 2995 3570 3049 sed
3620 3009 3715 3048 au-

2150 3077 2337 3133 dacter
2383 3079 2562 3144 dices,
2615 3082 2760 3150 quod
2808 3083 2973 3138 etiam
3023 3087 3177 3154 prius
3227 3085 3410 3141 animo
3452 3084 3715 3140 audacter

2149 3177 2472 3239 conceptum
2499 3172 2755 3229 audacter
2778 3181 2832 3228 et
2857 3176 3084 3238 evomis,
3120 3191 3275 3231 sacra
3305 3177 3452 3232 omni
3485 3176 3714 3231 historia

2151 3261 2402 3314 tutiorem
2432 3275 2555 3316 esse
2597 3260 2838 3332 Iosephi,
2868 3264 2954 3319 vis
2981 3264 3160 3319 dicam
3189 3281 3298 3320 uno
3334 3267 3536 3320 verbo?
3572 3266 3618 3322 si
3653 3275 3714 3320 ut

2146 3368 2310 3409 verus
2341 3361 2426 3408 est
2465 3353 2518 3408 in
2546 3354 2774 3411 historia
2803 3355 3094 3427 Iosephus,
3120 3359 3194 3412 ita
3223 3366 3277 3413 et
3298 3369 3352 3412 tu
3379 3359 3433 3412 in
3457 3359 3715 3414 emenda-

2148 3443 2294 3498 tione
2345 3451 2876 3536 temporum,.ruent
2927 3457 3192 3518 tempora.
3253 3449 3449 3504 Multos
3491 3449 3714 3521 Josepbi

2150 3550 2367 3592 errores
2397 3537 2452 3591 in
2481 3537 2730 3601 historia,
2765 3547 2819 3593 et
2847 3539 3301 3596 hallucinationes
3347 3541 3713 3612 prudentissi-

2150 3642 2236 3682 me
2256 3629 2436 3700 magni
2464 3630 2567 3684 viri
2585 3631 2965 3694 observarunt,
2989 3640 3043 3686 et
3065 3642 3438 3698 correxerunt,
3463 3634 3606 3689 inter
3619 3649 3716 3690 eos

2149 3717 2333 3774 Cmsar
2373 3717 2671 3784 Baronius,
2715 3721 2770 3774 in
2806 3721 3128 3788 Annalibus;
3169 3721 3442 3790 Pererius,
3478 3725 3532 3778 in
3561 3722 3714 3788 Gem;

2152 3809 2490 3882 Hegesippus
2534 3821 2588 3867 et
2623 3813 2738 3866 alii.
2781 3811 2849 3867 Et
2899 3829 3032 3870 sane
3099 3815 3315 3870 etiamsi
3357 3811 3718 3871 concederem

2151 3901 2446 3976 Josephum
2475 3904 2927 3976 φιλαληθέστατον
2965 3907 3021 3961 in
3051 3907 3241 3971 rebus,
3271 3923 3408 3977 quas
3437 3912 3552 3979 ipse
3575 3909 3721 3965 vide-

2153 3996 2246 4060 rit,
2275 4012 2552 4068 nunquam
2581 4004 2764 4054 tamen
2813 3999 3007 4054 adduci
3055 4015 3278 4070 possum
3310 4009 3369 4055 ut
3398 4000 3620 4056 credam
3661 4002 3720 4058 in

2153 4097 2302 4144 tanta
2333 4091 2666 4145 obscuritate
2695 4091 3048 4162 scriptorum,
3093 4093 3357 4148 varietate
3385 4102 3717 4164 temporum,

2154 4182 2469 4238 diversitate
2495 4184 2911 4251 sententiarum,
2956 4200 3224 4240 annorum
3272 4187 3413 4242 serie
3433 4187 3720 4242 veritatem

2154 4274 2210 4329 in
2257 4275 2511 4330 omnibus
2558 4275 2923 4348 κατορθῶσαι,
2988 4278 3203 4333 etiamsi
3265 4279 3719 4348 diligentissimus

2159 4365 2339 4420 fuerit.
2377 4363 2513 4420 Illud
2539 4374 2798 4435 praeterea
2844 4364 3037 4419 addam
3075 4365 3220 4435 quod
3250 4366 3362 4434 jam
3397 4367 3526 4420 olim
3553 4364 3722 4420 Joan-

2158 4469 2256 4508 nes
2290 4452 2452 4508 Picus
2482 4454 2710 4522 epistola
2755 4451 2989 4522 quadam
3018 4452 3084 4507 ad
3115 4455 3357 4524 ignotum
3386 4457 3621 4509 amicum
3651 4454 3723 4510 de

2154 4543 2393 4610 Josepho
2447 4542 2930 4598 animadverterat.
2977 4541 3131 4608 Quod
3183 4543 3312 4610 petis
3367 4541 3431 4596 de
3468 4540 3716 4612 Josepho,

2153 4634 2292 4687 scias
2322 4633 2528 4701 justum
2557 4631 2841 4702 Josephum
2888 4634 3026 4697 apud
3063 4631 3312 4686 Hebra'os
3337 4650 3436 4686 non
3479 4634 3719 4704 reperiri,

2155 4725 2243 4780 sed
2282 4724 2496 4794 Iosephi
2539 4727 2816 4793 epitomen,
2858 4724 2914 4777 id
2940 4734 3038 4788 est,
3069 4723 3384 4778 breuiarium
3432 4725 3718 4795 quoddam,

2156 4817 2211 4870 in
2234 4834 2334 4887 quo
2367 4825 2416 4871 et
2445 4817 2615 4870 multa
2651 4826 2771 4870 sunt
2802 4817 3180 4878 commentitia,
3208 4827 3256 4870 et
3287 4833 3403 4887 qua:
3451 4818 3515 4871 de
3546 4819 3720 4872 decem

2160 4908 2398 4962 tribubus
2428 4908 2500 4960 ibi
2533 4908 2796 4976 leguntur,
2826 4923 2943 4978 qua:
2969 4918 3083 4976 post
3101 4907 3480 4978 Babylonicam
3510 4909 3725 4978 captivi-

2159 5013 2321 5056 tatem
2373 5001 2698 5071 postliminio
2730 5017 2832 5054 non
2869 5001 3160 5065 redierunt,
3202 5018 3264 5054 ea
3300 5017 3414 5056 esse
3459 5005 3622 5056 notha
3670 5013 3721 5056 et

2160 5091 2484 5157 aduherina,
2528 5107 2594 5145 ea:
2629 5090 2864 5145 Hebrazis
2905 5092 3031 5144 mihi
3077 5091 3254 5160 plures
3309 5093 3539 5161 confessi
3577 5103 3722 5156 sunt,

2159 5193 2473 5254 quapropter
2502 5183 2713 5238 illorum
2743 5181 2972 5251 Josepho
2994 5184 3144 5236 nulla
3177 5184 3388 5236 omnino
3417 5184 3549 5252 ﬁdes
3573 5184 3725 5236 adhi-

2162 5275 2346 5329 benda.
2381 5275 2445 5329 In
2469 5274 2694 5344 Josepho
2729 5273 2909 5330 Graeco
2937 5275 3045 5328 scio
3078 5291 3188 5328 esse
3225 5275 3490 5345 quwdam,
3521 5291 3638 5344 qua:
3663 5276 3722 5329 de

2162 5367 2372 5423 Christo
2403 5377 2453 5421 et
2482 5366 2658 5436 ﬁdem.
2689 5377 2737 5420 et
2768 5367 3112 5436 honoriﬁcam
3144 5367 3346 5435 faciant
3388 5368 3718 5426 mentionem,

2163 5463 2250 5515 sed
2287 5459 2467 5513 eadem
2499 5474 2610 5511 esse
2641 5459 2848 5526 penitus
2879 5475 2996 5511 cum
3026 5457 3129 5519 his,
3162 5474 3278 5528 qua:
3317 5458 3371 5511 in
3403 5456 3610 5511 Latinis
3637 5473 3723 5511 co-

2165 5551 2366 5606 dicibus
2400 5551 2641 5620 legunt-ur
2670 5567 2773 5604 non
2821 5566 3107 5604 assererem
3141 5551 3244 5604 nisi
3283 5553 3555 5620 exemplar
3581 5549 3728 5604 Grie-

2165 5659 2304 5705 cum,
2334 5640 2482 5709 cujus
2513 5640 2594 5693 hic
2633 5641 2760 5693 mihi
2790 5641 2938 5694 nulla
2969 5650 3046 5694 est
3069 5641 3242 5709 copia,
3272 5657 3446 5695 recens
3483 5641 3727 5710 legerem.

2237 5734 2369 5788 Ibid.
2403 5733 2508 5786 Kal
2555 5732 2844 5798 Ἰοῦστος.
2887 5732 3063 5802 Hujus
3112 5741 3388 5804 parentes,
3433 5731 3730 5800 πολιτείαν,
