4072 6342
312 312 419 368 805

1344 310 1410 365 IN
1440 308 1810 366 EUSTATHII
1852 308 2596 367 HEXAEMERONiNOTIE.

3446 316 3555 369 800

308 430 621 495 historiam,
655 440 710 486 et
751 431 950 501 stylum
989 432 1259 504 expressit
1304 432 1535 487 Photius
1586 431 1641 485 in
1688 430 1879 484 Biblio-
1918 436 1962 490 Α
1991 430 2179 486 sebius
2212 431 2283 485 de
2319 432 2620 500 semetipso
2648 431 2702 485 in
2747 432 2974 502 prologo
3031 430 3289 488 Historia:
3314 432 3566 488 ecclesia-

308 520 478 574 tlieca.
510 520 723 589 Oppido
746 518 1104 583 Tiberiensis,
1132 527 1353 590 parente
1372 517 1523 572 Pisto
1558 516 1777 571 homine
1797 530 1886 569 ne-

307 612 604 681 quissimo,
657 612 705 667 si
752 609 993 682 Josepho
1038 613 1339 675 credimus,
1391 624 1591 681 genere
1638 606 1882 673 Iudaeus,

306 707 631 775 auspicatus
671 712 755 759 est
785 704 1067 759 historiam
1100 719 1131 757 a
1166 703 1372 774 Moyse,
1412 701 1773 772 perduxitque
1816 700 1885 755 ad

307 796 517 851 exitum
559 810 732 865 usque
763 794 1018 865 Agrippa:
1051 795 1266 865 septimi
1302 810 1333 849 e
1378 793 1582 848 familia
1630 791 1882 853 Herodis,

307 896 363 942 et
413 885 769 941 Iudaicarum
823 902 1010 956 regum
1070 886 1370 955 postremi;
1422 886 1597 956 stylus
1651 885 1887 939 maxime

308 980 593 1044 concisus,
616 986 671 1033 et
714 980 967 1048 pleraque
995 978 1165 1032 relatu
1194 994 1317 1033 cum
1352 979 1546 1048 primis
1579 977 1886 1031 necessaria

308 1070 677 1137 praetermisit.
702 1070 896 1125 Adesis
922 1068 1309 1139 Hieronymum
1340 1071 1392 1123 in
1424 1069 1699 1139 Calalogo,
1728 1068 1885 1123 Joseo

311 1160 478 1229 phum
501 1160 558 1213 in
593 1158 714 1213 Vita
731 1174 851 1222 sua,
880 1158 1121 1214 Suidam.
1158 1159 1467 1230 Stephanus
1488 1162 1613 1214 item
1644 1160 1711 1215 de
1740 1160 1888 1215 urbi-

313 1254 420 1307 bus
452 1252 568 1305 hate
595 1250 661 1305 de
686 1266 753 1306 eo
779 1271 791 1306 :
830 1250 924 1305 Ἐκ
939 1251 1138 1322 ταύτης
1155 1252 1273 1323 [τῆς
1302 1251 1638 1323 Τιϐερίαδος]
1671 1248 1738 1323 ἦν
1761 1251 1888 1305 ’Ιοῦ-

313 1360 438 1406 στος
466 1343 495 1394 ὁ
517 1342 606 1395 τὸν
623 1343 911 1397 Ἰουδαϊκὸν
936 1344 1168 1415 πόλεμον
1189 1344 1279 1395 τὸν
1318 1344 1459 1396 κατὰ
1484 1343 1885 1397 Οὐεσπασιανοῦ

311 1436 625 1507 ἱστορήσας.
666 1432 866 1487 Verum
890 1450 1000 1488 non
1034 1443 1244 1487 tantum
1279 1433 1346 1488 de
1372 1433 1528 1489 Justo
1558 1434 1682 1497 hoc,
1717 1434 1811 1489 sed
1838 1444 1890 1489 et

310 1527 380 1581 de
422 1526 659 1595 Josephn
688 1524 900 1592 Iudaeo,
953 1525 1208 1592 Tatiano,
1249 1526 1531 1590 Africano,
1584 1524 1887 1589 Clemente,

311 1618 573 1678 Eusebio.
629 1633 845 1673 necnon
890 1626 944 1673 et
987 1618 1112 1674 aliis
1148 1618 1529 1688 scriptoribus,
1564 1632 1796 1687 quorum
1834 1618 1887 1671 in

311 1710 419 1764 hoc
453 1714 694 1763 tractatu
727 1707 785 1761 ﬁt
813 1710 1039 1773 mentio,
1069 1717 1123 1764 et
1148 1724 1335 1763 eorum
1379 1708 1601 1778 scriptis
1629 1707 1804 1763 fusius
1833 1709 1887 1763 in

313 1811 504 1857 nostra
564 1802 632 1857 de
701 1802 1061 1871 scriptoribus
1128 1800 1513 1856 ecclesiasticis
1564 1800 1887 1854 Bibliotheca

312 1910 481 1965 quam
520 1894 845 1964 jamdudum
891 1909 1169 1963 paramus.
1214 1892 1315 1947 Hic
1348 1908 1411 1947 ea
1457 1900 1673 1947 tantum
1718 1894 1891 1965 tetigi-

315 2002 442 2041 mus
470 2002 593 2057 qua:
620 1986 690 2041 ad
729 2002 843 2040 rem
880 1985 1058 2040 facere
1091 1985 1433 2039 videbantur.

385 2080 504 2134 Col.
541 2079 667 2143 708,
704 2078 801 2132 lin.
850 2076 902 2132 6.
941 2076 1062 2132 Τῶν
1103 2076 1168 2129 δὲ
1218 2078 1402 2146 ἁγίων
1438 2094 1548 2143 τις.
1596 2074 1888 2130 Eusebium

314 2188 440 2229 esse
479 2173 617 2227 nulli
648 2172 897 2236 dubium,
938 2186 1099 2241 quem
1135 2171 1303 2231 tacito
1354 2170 1577 2224 nomine
1624 2168 1888 2240 praaterit,

317 2261 484 2331 idque
519 2262 647 2316 odio
675 2270 729 2317 et
779 2261 1056 2317 simultate
1080 2261 1317 2331 quadam
1348 2258 1590 2315 oﬁ‘ensus
1636 2259 1891 2313 consulto

316 2354 452 2424 agit.
483 2352 659 2407 Homo
687 2354 1003 2423 apostolicae
1052 2353 1301 2407 veritatis
1343 2359 1614 2421 rectaeque
1646 2351 1769 2406 ﬁdei
1804 2365 1891 2406 se-

314 2454 513 2512 ctator,
537 2453 773 2499 tutorem
800 2462 864 2499 ac
894 2445 1164 2500 vindicem
1189 2444 1407 2497 Arianae
1446 2445 1742 2508 haereseos,
1782 2443 1893 2497 vnl-

312 2545 501 2608 gatum
529 2545 585 2593 et
628 2545 821 2591 notum
860 2538 1115 2593 omnibus
1147 2536 1366 2591 Eusebii
1414 2538 1689 2607 negotium
1718 2554 1731 2590 :
1767 2536 1892 2589 illu-

314 2631 451 2685 stris
499 2631 555 2684 in
588 2630 691 2684 ﬁde
712 2630 1089 2685 conservanda
1121 2628 1390 2683 Eustathii
1427 2628 1707 2699 provincia
1728 2643 1895 2698 syno-

313 2723 423 2778 dus
454 2724 545 2776 illa
590 2721 807 2776 Nicaana
839 2722 864 2775 1
933 2731 987 2777 et
1023 2721 1079 2783 2,
1112 2721 1365 2791 dictaque
1394 2732 1635 2776 veterum
1668 2721 1894 2777 histori-

315 2829 512 2868 corum
561 2814 892 2867 conﬁrmant
942 2813 1073 2882 ipsa:
1122 2811 1340 2866 Eusebii
1395 2812 1744 2882 scriptiones.
1797 2811 1894 2867 Pio

320 2914 626 2974 sanctoque
648 2905 829 2958 animo
855 2904 921 2957 ad
946 2903 1362 2973 concipiendum
1393 2902 1575 2957 odium
1598 2917 1763 2956 causa
1782 2903 1894 2957 haec

321 2997 451 3066 plus
468 2997 630 3050 etiam
658 2996 814 3050 satis.
848 2994 1024 3063 Hujus
1053 2997 1217 3049 etiam
1242 2993 1456 3049 dissidii
1489 2994 1750 3064 Origenes
1779 2996 1895 3064 ipse

324 3104 498 3144 causa
534 3090 703 3143 altera
736 3096 791 3143 et
845 3088 1161 3158 singularis.
1196 3085 1466 3141 Eusebius
1505 3095 1653 3141 totus
1704 3093 1789 3140 est
1839 3087 1892 3140 in

319 3180 560 3251 Origene
607 3180 981 3244 defendendo;
1031 3194 1192 3234 suum
1258 3178 1498 3233 studium
1564 3186 1619 3232 et
1671 3193 1890 3248 operam

322 3270 591 3341 impendit
624 3276 679 3323 in
708 3270 960 3333 historia;
995 3269 1161 3322 etiam
1188 3269 1573 3337 Apologeticos
1607 3281 1636 3319 a
1669 3282 1727 3321 se
1757 3266 1894 3321 scri—

323 3368 471 3430 ptos,
508 3368 567 3413 ut
601 3361 680 3415 eis
713 3360 875 3414 addat
905 3368 959 3414 et
992 3359 1161 3413 robur
1220 3368 1274 3412 et
1304 3355 1515 3426 pondus
1546 3357 1894 3412 sanctissimo

317 3451 608 3521 Pamphilo
662 3451 885 3522 martyri
944 3451 1189 3505 ascribit.
1242 3448 1456 3519 Susque
1508 3449 1681 3518 deque
1735 3457 1896 3503 ruant

322 3546 532 3607 omnia,
562 3552 772 3598 tantum
808 3544 883 3597 illi
914 3544 1065 3599 solus
1107 3549 1355 3598 servetur
1392 3541 1683 3595 incolumis
1713 3539 1897 3612 Orige-

323 3652 446 3701 nes,
472 3636 542 3690 ab
578 3636 1020 3691 accusationibus
1082 3642 1135 3689 et
1161 3649 1191 3688 a
1220 3633 1433 3688 delictis
1472 3632 1626 3687 liber.
1662 3632 1894 3687 Tantum

326 3728 627 3791 hominem,
661 3734 715 3781 et
746 3734 953 3780 tantum
984 3726 1146 3780 heroa
1170 3727 1224 3778 in
1248 3724 1489 3779 Ecclesia
1516 3723 1725 3794 (quidni
1748 3724 1892 3778 enim

325 3820 573 3874 dubitem
608 3820 689 3872 sic
736 3816 1024 3885 Origenem
1058 3816 1351 3886 appellare,
1388 3815 1684 3869 multorum
1717 3824 1769 3868 et
1806 3829 1894 3869 ve-

325 3912 785 3975 tustissimorum,
824 3924 1122 3979 eorumque
1174 3909 1647 3965 sanctissimorum
1673 3907 1893 3962 Patrum

326 4005 645 4060 testimonio
699 4002 892 4074 fultus)
926 4018 956 4056 a
986 4001 1279 4057 calumniis
1330 4001 1664 4056 vindicatum
1705 4001 1895 4056 defen-

326 4100 459 4155 dere
486 4100 638 4169 pium
675 4106 779 4160 est,
803 4097 1071 4165 amicique
1101 4096 1285 4157 animi,
1312 4096 1406 4150 sed
1452 4095 1504 4148 in
1531 4094 1775 4150 criminis
1804 4095 1897 4150 de-

326 4193 619 4256 fensione,
675 4198 728 4245 et
769 4189 1054 4259 dignitatis
1118 4187 1551 4257 propugnatione
1609 4187 1895 4241 veritatem

325 4265 636 4344 obvertere,
661 4289 714 4337 et
754 4281 954 4334 malum
991 4278 1134 4332 malo
1162 4278 1378 4331 trudere
1422 4276 1615 4346 pejori,
1663 4276 1896 4332 Eusebio

323 4382 563 4437 tantum,
606 4381 660 4428 et
710 4372 857 4426 illius
900 4370 1089 4423 farina:
1142 4368 1453 4421 hominibus
1508 4368 1893 4423 concedamus.

1984 526 2150 585 σηοω,
2186 523 2324 593 Ἤδη
2354 524 2451 594 μὲν
2488 518 2583 599 οὖν
2610 523 2816 576 τούτων
2859 523 2953 575 καὶ
2982 522 3245 594 πρότερον
3269 526 3326 577 ὲν
3350 517 3430 586 οἷς
3459 523 3566 576 διε-

1982 614 2325 684 τυπωσάμην
2370 617 2643 685 χρονικοῖς
2684 615 2902 667 κανόσιν
2934 614 3202 685 ἐπιτομὴν
3231 613 3567 684 κατεστησά-

1987 723 2113 777 μηνο
2131 707 2513 778 πληρεστάτην
2538 707 2584 759 δ’
2603 703 2695 760 οὖν
2716 708 2863 777 ὅμως
2885 705 3061 760 αὐτῶν
3082 708 3173 758 ἐπὶ
3187 706 3279 759 τοῦ
3301 706 3567 778 παρόντος

1983 796 2245 868 ὡρμήθην
2277 797 2375 868 τὴν
2399 798 2673 869 ἀφήγησιν
2724 798 3075 868 ποιήσασθαι.
3103 797 3295 851 Mirum
3327 812 3459 852 sane
3484 802 3570 850 est

1986 898 2046 943 ut
2074 888 2343 959 Josephus
2376 889 2619 960 Scaliger
2649 890 2703 943 in
2760 890 2955 945 horum
2996 890 3291 946 verborum
3373 904 3561 957 perce-

1985 982 2171 1054 ptione
2198 983 2467 1045 czecutiat,
2488 993 2542 1038 et
2573 983 2804 1036 aliorum
2841 983 3087 1037 omnium
3139 997 3341 1037 censor
3373 982 3428 1034 in
3474 979 3564 1036 his

1986 1071 2312 1125 clarissimis
2344 1072 2526 1127 verbis
2559 1073 2800 1143 indigeat
2840 1089 3109 1141 censore;
3135 1076 3212 1128 ait
3233 1088 3466 1143 namque
3504 1074 3562 1128 in

1988 1160 2558 1216 animadversionibus
2603 1166 2670 1215 ad
2721 1162 3055 1227 Eusebium,
3111 1178 3233 1216 cum
3287 1162 3356 1217 de
3415 1162 3563 1216 illius

1988 1251 2169 1321 operis
2219 1252 2377 1306 titulo
2432 1260 2652 1319 tractat,
2714 1251 2969 1308 Eusebius
3012 1254 3259 1323 prooemio
3308 1250 3565 1307 Historia:

1986 1344 2358 1398 ecclesiastica:
2385 1344 2715 1412 simpliciter,
2747 1362 2809 1397 ac
2833 1345 2887 1398 in
2922 1357 3103 1412 genere
3123 1342 3361 1415 Κρονικά
3384 1344 3563 1412 appel-

1990 1438 2098 1501 lat,
2165 1454 2445 1508 eorumque
2510 1455 2622 1492 sese
2670 1440 2930 1506 cpitomen
2985 1439 3356 1507 conscripsisse
3410 1436 3562 1490 dicit.

1988 1529 2264 1599 Nusquam
2289 1529 2404 1583 haec
2430 1530 2698 1583 sententia
2726 1531 2779 1583 in
2816 1528 3035 1583 Eusebii
3064 1529 3266 1592 verbis,
3295 1544 3565 1597 nusquam

1988 1621 2387 1674 Chronieorum
2425 1619 2691 1688 Epitome.
2725 1618 2831 1674 Sed
2861 1618 2930 1674 de
2954 1628 3136 1673 mente
3166 1618 3388 1673 Eusebii
3422 1615 3565 1670 inle-

1990 1711 2128 1765 rius.
2159 1711 2371 1778 Quibus
2405 1710 2626 1765 Eusebii
2655 1712 2856 1775 verbis,
2907 1727 3030 1765 cum
3064 1726 3173 1764 non
3215 1710 3564 1763 animadver-

1988 1804 2148 1859 tisset
2182 1801 2401 1863 Suidas,
2437 1802 2542 1858 sibi
2575 1803 2809 1871 aliisque
2844 1802 3114 1871 pluribus,
3150 1800 3288 1854 forte
3313 1799 3477 1854 etiam
3506 1805 3563 1852 et

1992 1892 2267 1963 Scaligero
2300 1893 2448 1945 varia
2480 1892 2885 1947 commentandi
2915 1901 3105 1945 auctor
3133 1891 3268 1957 fuit;
3296 1888 3565 1961 χρονικῶν

1990 1985 2229 2038 κανόνων
2259 1983 2607 2054 παντοδαπῆς
2656 1984 2917 2054 ἱστορίας,
2954 1984 3048 2035 καὶ
3075 1982 3279 2035 τούτων
3310 1982 3562 2052 ὲπιτομή.

2062 2075 2241 2131 Unum
2275 2092 2413 2145 opus
2442 2076 2742 2147 perfectum
2782 2075 3205 2145 absolutumque
3254 2076 3309 2128 in
3339 2075 3448 2128 duo
3477 2088 3567 2129 se-

1987 2168 2238 2239 junctum
2285 2169 2495 2230 divisit,
2528 2184 2762 2238 quorum
2798 2169 3028 2223 alterum
3079 2173 3223 2221 esset
3272 2164 3567 2221 Cltronicon

1992 2263 2099 2317 late
2131 2269 2344 2332 patens,
2376 2262 2607 2315 alterum
2637 2260 2825 2315 eadem
2852 2275 2973 2331 qua:
3006 2267 3061 2314 et
3088 2258 3349 2328 primum,
3369 2255 3566 2310 decur—

1992 2348 2101 2409 tata
2128 2362 2331 2416 tamen,
2349 2359 2403 2407 et
2432 2352 2483 2406 in
2512 2352 2785 2421 cpitomen
2808 2353 3026 2407 redacta
3050 2346 3564 2403 contineret..loan~

1991 2464 2090 2503 nes
2122 2447 2406 2502 Curterius
2442 2446 2497 2500 in
2531 2447 2761 2517 epistola
2788 2462 2951 2517 quam
2988 2445 3215 2515 praeﬁxit
3247 2443 3565 2514 fragmentis

1991 2540 2213 2595 Eusebii
2260 2539 2311 2593 in
2356 2540 2595 2594 editione
2643 2540 2909 2593 librorum
2970 2537 3109 2591 Hist.
3158 2536 3563 2599 ecclesiasticw,

1993 2631 2191 2686 asserit
2234 2630 2407 2683 solam
2453 2630 2727 2700 cpitomen
2776 2631 2934 2685 nobis
2974 2645 3287 2701 superesse,
3325 2642 3568 2685 canones

1994 2733 2173 2778 autem
2226 2722 2520 2777 chronicos
2558 2722 2852 2785 excidisse,
2885 2735 3206 2793 argumento
3247 2729 3467 2793 sumpto
3494 2734 3565 2775 ex

1994 2818 2102 2872 illis
2135 2815 2456 2887 fragmentis
2491 2831 2611 2885 qua:
2632 2816 2870 2871 citantur
2893 2816 2962 2870 ab
2990 2816 3280 2871 Anastasio
3308 2817 3570 2884 episcopo

1993 2908 2243 2975 Nicazno,
2296 2906 2412 2961 Lib.
2454 2914 2637 2973 quiest.
2681 2906 2736 2957 in
2772 2904 2831 2960 S.
2857 2902 3191 2972 Scripturam
3240 2923 3304 2961 ex.
3336 2908 3561 2962 Eusebio

1994 3002 2050 3055 in
2069 3001 2362 3060 Chronicis,
2414 3011 2535 3065 qua:
2560 3002 2741 3048 tamen
2768 3009 2875 3048 non
2913 2994 3183 3048 habentur
3215 2996 3267 3048 in
3298 2995 3566 3050 Eusebia-

1994 3092 2081 3145 nis
2120 3088 2408 3143 Chronicis
2440 3102 2560 3155 qum
2607 3086 3091 3141 circumferuntur.
3138 3085 3276 3139 Huic
3321 3086 3565 3155 Opinioni

1996 3180 2208 3237 videtur
2232 3178 2412 3233 favere
2437 3176 2792 3239 Trithemius,
2818 3177 2971 3240 dum,
2990 3177 3083 3231 lib.
3120 3176 3197 3231 De
3223 3178 3564 3246 scriptoribus

1994 3271 2364 3327 ecclesiasticis
2399 3269 2619 3324 Eusebii
2649 3284 2814 3339 opera
2865 3284 3218 3333 enumerans,
3269 3281 3429 3325 vocat
3460 3272 3565 3325 hoc

1994 3365 2170 3433 ipsum
2216 3378 2355 3432 opus
2394 3360 2612 3415 Eusebii
2658 3379 2765 3415 non
2818 3360 3137 3425 Chronicon,
3176 3362 3268 3416 sed
3292 3361 3569 3430 Epitomen

1991 3456 2266 3514 Chronica:
2295 3473 2313 3510 :
2347 3456 2426 3511 sic
2463 3455 2609 3509 enim
2646 3454 2756 3515 ille,
2804 3452 3072 3523 Epitomes
3117 3452 3391 3507 Chronica:
3435 3450 3569 3505 liber

1994 3563 2128 3601 unus
2162 3562 2278 3598 cum
2305 3544 2401 3598 hoc
2432 3543 2588 3596 initio
2613 3557 2633 3595 :
2658 3541 2889 3611 Moysem
2924 3544 3091 3612 gentis
3126 3540 3423 3593 Hebraicis.
3462 3539 3569 3593 Alii

1993 3632 2717 3692 existimaruntChronicum
2741 3631 2885 3700 quod
2922 3638 3097 3685 exstat
3124 3646 3232 3685 non
3275 3647 3395 3686 esse
3421 3631 3566 3683 illam

1994 3730 2061 3784 ab
2093 3727 2329 3782 Eusebio
2358 3724 2663 3781 confectam
2695 3722 3005 3794 Epitomen,
3037 3738 3135 3776 nec
3172 3722 3565 3792 Hieronymum

1994 3823 2141 3876 illam
2170 3819 2397 3875 vertisse
2432 3837 2445 3873 :
2484 3817 2577 3872 sed
2607 3833 2731 3871 esse
2768 3832 2960 3871 verum
2992 3814 3302 3870 Chronicon
3331 3813 3572 3868 historia:

1996 3913 2197 3967 factum
2246 3912 2312 3965 ab
2356 3909 2612 3973 Eusebio,
2649 3918 2704 3963 et
2742 3908 3067 3963 translatum
3121 3907 3189 3959 ab
3214 3906 3569 3976 Hieronymo,

1996 4007 2119 4062 licet
2152 4006 2206 4060 in
2227 4005 2387 4059 aliam
2422 4004 2648 4057 formam
2695 4002 2978 4057 redactum
3023 4010 3076 4053 et
3104 4000 3430 4052 mutilatum.
3463 3996 3574 4051 Ln-

1994 4097 2222 4153 dovicus
2259 4092 2422 4148 Vives
2467 4092 2522 4146 in
2552 4091 2788 4161 August.
2820 4090 2916 4143 lib.
2963 4104 3116 4151 xvm,
3156 4086 3230 4140 lie
3272 4088 3414 4140 civit.
3449 4086 3568 4149 Dei,

1995 4203 2119 4257 cap.
2153 4187 2207 4251 8,
2252 4195 2304 4240 et
2332 4184 2612 4238 Arnoldus
2657 4182 2935 4237 Pontacus
2978 4181 3223 4235 sentiunt
3276 4187 3571 4247 utrumque

1996 4289 2213 4334 exstare
2254 4285 2307 4333 et
2351 4276 2672 4340 Chronicon,
2719 4282 2773 4330 et
2820 4272 3115 4343 Epitomen.
3158 4272 3345 4327 ethoc
3388 4272 3569 4341 ipsum

1998 4386 2121 4425 esse
2162 4368 2296 4423 illud
2338 4384 2477 4437 opus
2522 4367 2667 4435 quod
2709 4365 2977 4420 habemus
3021 4380 3133 4435 pra:
3180 4363 3463 4425 manibus,
3516 4370 3571 4415 et

328 4464 499 4534 A‘lgre
528 4465 629 4519 fert
658 4464 759 4517 hoc
791 4463 1059 4532 ingenuus
1088 4459 1359 4514 Eustathii
1383 4459 1605 4522 candor,
1622 4468 1673 4513 et
1688 4475 1783 4529 pro
1806 4474 1899 4513 vc-
1934 4483 1975 4536 ο
2001 4461 2145 4531 quod
2174 4468 2402 4514 vocatur
2432 4474 2462 4511 a
2496 4457 2828 4527 Ilieronymo
2857 4465 2913 4510 et
2937 4456 3060 4509 aliis
3106 4453 3321 4508 Eusebii
3349 4452 3574 4507 Chroni-

332 4564 520 4624 ritate,
551 4560 697 4631 quod
722 4559 895 4623 aiunt,
922 4558 1102 4627 γυμνῇ
1134 4554 1339 4625 κεφαλῇ
1374 4569 1497 4608 cum
1531 4554 1765 4624 Origene
1788 4571 1903 4610 cer-

336 4663 520 4708 tamen
544 4653 683 4706 init:
717 4651 1001 4721 palamque
1038 4657 1090 4702 et
1127 4662 1281 4710 voce,
1328 4654 1383 4700 et
1422 4646 1643 4715 scriptis
1685 4661 1902 4703 errores

331 4748 482 4801 illius
532 4745 833 4814 impugnat,
871 4749 924 4797 et
965 4749 1205 4811 apertam
1237 4739 1487 4793 veritatis
1537 4738 1750 4802 faciem,
1795 4754 1903 4792 non

336 4838 662 4907 ambagibus
710 4844 765 4891 et
813 4835 953 4889 dolis
1000 4840 1309 4902 suspectam
1360 4831 1698 4885 amatoribus
1746 4846 1907 4900 expo-

333 4935 435 4996 nit,
468 4923 1494 4998 volentibusquejudiciumcomtnittit.
1530 4921 1907 4991 ldeoquequo-

331 5041 452 5080 rum
496 5024 699 5093 scripta
732 5022 835 5077 sibi
874 5020 1123 5081 molesta,
1168 5026 1222 5073 et
1253 5017 1475 5071 nomina
1511 5016 1698 5069 odiosa
1730 5014 1900 5067 ducit.

330 5119 409 5174 Ne
431 5128 610 5173 tamen
628 5117 849 5171 omnino
869 5114 1023 5168 fama:
1043 5113 1329 5167 detrahere
1350 5110 1624 5164 videretur
1642 5107 1907 5166 illius.co-

332 5220 605 5281 natusque
632 5224 740 5264 non
772 5210 1064 5268 aestimare,
1089 5208 1191 5260 hoc
1220 5220 1342 5260 eum
1374 5203 1573 5273 elogio,
1602 5200 1709 5253 τῶν
1734 5200 1903 5267 ἁγίων

330 5320 438 5365 τις,
471 5317 580 5371 quo
613 5310 667 5355 et
694 5298 1196 5369 perniciosissimos
1236 5293 1487 5349 homines
1531 5298 1787 5360 exceptos
1830 5289 1906 5342 le-

330 5396 535 5465 gimus,
572 5392 870 5447 decoravit.

400 5486 535 5542 Ibid.
582 5484 1033 5555 Ἀκριϐεοετάτην
1058 5482 1179 5535 τῶν
1202 5481 1454 5549 χρόνων.
1475 5475 1740 5544 Georgius
1766 5473 1906 5543 Syn-

332 5582 530 5644 cellus,
574 5582 632 5632 '0
661 5582 845 5651 μέντοι
866 5575 1145 5639 Εὐσέϐιος,
1170 5574 1372 5643 καίπερ
1434 5570 1815 5642 πραγματείαν
1845 5567 1903 5619 οὐ
1968 5636 1976 5643 ε

332 5676 431 5744 τὴν
456 5674 724 5743 τυχοῦσαν
765 5670 1151 5739 συλλεξάμενος
1212 5666 1534 5737 φιλοπόνως,
1569 5664 1664 5715 καὶ
1702 5661 1907 5732 τᾳύμην

332 5768 430 5840 τὴν
446 5767 637 5822 ἑαυτοῦ
655 5765 910 5838 χρονικὴν
929 5760 1247 5834 συγγραφὴν
1265 5775 1463 5814 κατασε
1473 5755 1691 5827 μνύνας.
1715 5754 1776 5808 Ει
1798 5753 1906 5809 Eu-

2002 4569 2117 4606 con.
2146 4550 2351 4605 Horum
2388 4549 2569 4603 varias
2597 4548 2838 4602 rationes
2862 4555 2915 4599 et
2945 4546 3339 4615 explicationes
3372 4545 3418 4599 si
3447 4546 3571 4613 quis

2003 4644 2298 4705 desiderat,
2328 4643 2469 4711 legat
2500 4638 3138 4708 ApparatumPontaciin
3172 4646 3331 4693 notas
3368 4637 3434 4691 ad
3458 4636 3571 4689 Eu-

2004 4736 2140 4791 sebii
2174 4735 2488 4790 Clzronicon.
2508 4731 2581 4786 lbi
2608 4732 2775 4795 enim,
2800 4730 2928 4785 dum
2962 4731 3060 4785 has
3085 4745 3221 4799 quas
3252 4731 3571 4799 scripsimus

2004 4826 2291 4897 opiniones
2330 4824 2547 4886 refellit,
2592 4838 2746 4877 suam
2783 4823 2998 4892 probat,
3040 4829 3093 4876 et
3134 4829 3195 4876 ut
3241 4821 3358 4890 ipse
3384 4820 3572 4875 existi-

2006 4924 2117 4970 mat
2148 4914 2502 4969 validissimis
2542 4912 2846 4967 rationibus
2862 4913 3185 4966 conﬁrmare
3217 4911 3433 4976 nititur,
3464 4927 3571 4964 non

2006 5008 2151 5079 quod
2201 5008 2302 5063 sibi
2345 5012 2727 5079 proposuerat,
2765 5006 2861 5060 sed
2893 5006 3041 5059 aliud
3075 5012 3273 5075 praeter
3316 5019 3467 5074 spem
3520 5015 3574 5057 et

2005 5100 2469 5170 exspectationem
2503 5097 2872 5161 demonstrat;
2909 5097 2985 5150 ait
3014 5108 3277 5163 namque:
3319 5094 3573 5148 Eusebius

2006 5198 2145 5251 enim
2162 5196 2438 5265 distinguit
2465 5193 2626 5247 libros
2646 5192 2899 5247 Historiae
2914 5191 3301 5247 ecclesiastica
3350 5207 3381 5242 a
3409 5188 3577 5245 Chro-

2006 5290 2154 5354 nico,
2201 5289 2341 5358 quod
2371 5288 2426 5341 in
2468 5288 2580 5341 illis
2622 5287 2850 5356 plenius,
2885 5286 2940 5338 in
2975 5285 3069 5337 hoc
3110 5283 3336 5345 brevius,
3369 5284 3421 5336 in
3467 5283 3577 5336 illis

2009 5382 2347 5453 singillatim,
2380 5382 2433 5434 in
2458 5380 2552 5433 hoc
2577 5381 2901 5434 summatim.
2933 5386 2980 5430 et
3011 5378 3192 5445 utipse
3211 5377 3457 5446 loquitur.
3487 5389 3580 5443 per

2006 5476 2283 5543 epitomen,
2314 5482 2361 5526 et
2393 5474 2469 5525 ita
2496 5471 2781 5527 Chronicos
2810 5486 3035 5523 canones
3067 5479 3116 5522 et
3149 5469 3403 5536 cpitomen
3441 5466 3578 5518 idem

2008 5580 2135 5632 opus
2163 5580 2276 5617 esse
2310 5562 2457 5616 docet
2491 5560 2954 5627 manifestissime;
2989 5574 3110 5628 quae
3136 5573 3259 5611 eum
3284 5573 3411 5612 vera
3441 5555 3575 5618 sint,

2008 5672 2117 5711 non
2154 5664 2336 5710 tamen
2372 5656 2712 5726 propositum
2745 5653 2893 5711 illius
2936 5652 3211 5721 probant:
3244 5650 3388 5705 aliud
3429 5650 3575 5704 enim

2008 5762 2093 5810 est
2148 5768 2256 5808 una
2299 5768 2422 5807 cum
2477 5750 2755 5805 Ludovico
2800 5746 2963 5803 Vives
3011 5748 3236 5813 sentire,
3284 5753 3577 5814 utrumque
