4072 6342
498 306 605 362 807

1841 297 2090 354 LEOle
2126 299 2398 359 ALLATII

3639 300 3749 356 808

498 421 718 479 Eusebii
737 432 898 491 opus,
932 427 990 474 et
1010 416 1310 474 Chronieon
1351 426 1405 472 et
1434 415 1714 486 Epitomen
1748 427 1986 479 exstare,
2021 423 2075 469 et
2103 423 2149 478 Α
2177 435 2306 475 suas
2338 428 2518 484 notas,
2546 419 2859 490 multosque
2873 417 3002 474 dum
3031 418 3169 474 alios
3184 418 3490 489 corrigunt,
3520 419 3598 473 vel
3614 433 3749 472 exa-

499 515 646 570 aliud
705 511 1001 568 Eusebium
1045 512 1217 566 libros
1258 525 1372 566 sua:
1414 509 1677 564 Historia:
1718 524 1751 562 a
1810 506 2074 562 Chronico

499 603 836 667 distinxisse,
882 611 937 657 et
983 603 1038 656 in
1087 602 1179 655 ille
1234 603 1451 671 plenius
1526 609 1579 655 et
1626 600 1970 669 singillatim,
2020 599 2076 651 in

501 696 761 752 Chronico
785 693 1006 749 brevius
1025 701 1079 749 et
1108 695 1419 749 summatim
1437 732 1452 756 ,
1483 708 1571 748 res
1599 699 1805 762 gestas,
1831 699 1886 746 et
1909 706 2079 745 anno-

499 801 622 840 rum
652 787 851 840 seriem
885 799 1194 838 enarrasse.
1231 783 1543 838 Ridiculum
1577 785 1704 838 item
1753 790 1899 837 esset
1926 797 2078 837 asse-

502 875 810 944 rere,quod
832 875 1052 944 quidam
1075 873 1476 936 existimarunt,
1505 875 1578 927 ita
1602 888 1743 943 opus
1775 873 1878 927 hoc
1909 871 2077 926 Chro-

502 967 654 1020 nicon
679 968 732 1020 in
760 967 898 1021 duas
931 974 1115 1036 partes
1159 965 1479 1035 digessisse,
1511 975 1567 1018 ut
1597 966 1652 1019 in
1677 967 1845 1035 priori
1891 972 2076 1020 essent

502 1060 640 1114 certi
669 1073 911 1112 canones
947 1072 1040 1111 seu
1073 1057 1298 1112 ordines
1337 1066 1433 1110 aut
1466 1058 1754 1118 columnae,
1787 1057 1840 1110 in
1877 1057 2076 1126 quibus

505 1149 640 1204 nihil
680 1147 828 1202 aliud
868 1148 1219 1210 cernebatur,
1258 1161 1421 1215 quam
1456 1162 1653 1201 nomen
1685 1145 1851 1214 regis,
1891 1153 1943 1199 et
1974 1161 2077 1198 nu-

504 1240 640 1294 meri
659 1253 926 1292 annorum
953 1237 1156 1306 ipsius;
1179 1236 1231 1288 in
1257 1235 1548 1303 posteriori
1572 1235 1989 1290 continerentur
2011 1251 2076 1290 ea

505 1333 708 1395 omnia,
732 1344 853 1400 qua:
881 1328 946 1383 ad
975 1328 1260 1382 historiam
1287 1327 1641 1396 pertinerent,
1675 1343 1902 1397 quaeque
1931 1343 2076 1382 nunc

498 1423 756 1477 diversas
787 1421 886 1475 has
913 1420 1197 1474 columnas
1227 1428 1516 1488 occupant.
1563 1417 1695 1473 Rem
1736 1419 1898 1489 igitur
1937 1419 2076 1474 hanc

505 1513 694 1568 multis
716 1511 1124 1566 dillicultatihus
1165 1511 1525 1574 obstructam,
1566 1510 1652 1565 vel
1683 1525 1750 1564 ex
1797 1511 1910 1565 sola
1953 1526 2077 1564 ver-

506 1603 699 1658 borum
735 1602 949 1658 Eusebii
979 1602 1444 1671 interpretatione,
1479 1601 1850 1670 planissimam
1880 1600 2079 1656 elﬁcie-

506 1709 652 1759 mus,
684 1696 730 1750 si
770 1709 890 1764 qua:
916 1692 1029 1763 jam
1072 1693 1316 1764 praedicti
1357 1702 1610 1748 auctores
1640 1693 1694 1746 in
1728 1691 1962 1747 Eusebio
1992 1693 2077 1748 di-

507 1780 719 1840 vidunt.
747 1789 802 1835 et
841 1782 917 1834 uti
957 1781 1095 1836 duos
1133 1789 1400 1835 tractatus
1439 1788 1778 1851 agnoscunt,
1817 1795 1984 1836 unum
2019 1789 2074 1836 et
2103 1781 2146 1836 Β

505 1868 756 1924 eumdem
788 1885 910 1925 esse
940 1870 1327 1926 existimarint.
1362 1867 1574 1923 Etenim
1599 1867 1866 1925 Eusebius
1893 1885 2074 1924 rerum

508 1961 906 2031 praeteritarum
938 1961 1325 2030 peritissimus,
1356 1961 1410 2013 iu
1441 1958 1686 2014 Historia
1721 1961 2076 2014 ecclesiastica

508 2067 690 2106 rerum
724 2052 907 2107 varios
938 2062 1170 2107 eventus
1207 2053 1436 2121 prolixe,
1470 2058 1525 2106 et
1559 2058 1618 2106 ut
1650 2051 1916 2106 historico
1949 2067 2073 2106 mu-

506 2143 625 2197 neri
667 2143 1356 2208 iucumbebat,enartavit,
1401 2143 1537 2197 nulli
1582 2142 1898 2206 verborum,
1941 2142 2074 2196 nulli

507 2246 737 2301 parcens
759 2233 1154 2287 sententiarum
1181 2240 1490 2286 structurae.
1521 2229 1644 2285 Haec
1668 2231 1850 2285 omnia
1876 2238 1935 2286 ut
1959 2248 2077 2286 me-

510 2321 617 2377 lius
650 2322 864 2385 lectori,
896 2322 1221 2391 faciliusque
1262 2330 1487 2392 possent
1521 2337 1835 2387 occurrere,
1884 2337 2079 2392 super-

509 2410 633 2465 (lnis
687 2411 953 2466 detractis
993 2413 1288 2482 minusque
1339 2413 1668 2468 necessariis
1720 2413 2074 2477 detruncatis,

511 2513 798 2573 antequam
819 2503 1110 2560 Historiam
1125 2503 1521 2568 conscriberet,
1551 2505 1714 2559 veluti
1747 2505 1801 2558 in
1835 2506 2077 2574 epitome

511 2598 569 2650 in
611 2611 712 2652 suo
747 2594 1002 2649 Chronico
1029 2596 1352 2665 digesserat.
1389 2591 1506 2648 Hoc
1552 2595 1698 2648 enim
1751 2595 1913 2649 verba
1959 2593 2076 2662 ipsa

515 2686 731 2742 Eusebii
755 2687 913 2741 nobis
943 2686 1196 2751 innuuut,
1223 2702 1344 2757 qua}
1381 2687 1524 2742 male
1553 2687 1910 2756 interpretum
1943 2687 2076 2738 vitio

510 2793 760 2852 excerpta
795 2783 927 2838 viris
965 2782 1356 2839 eruditissimis
1412 2797 1622 2852 magna:
1657 2783 1810 2837 luere
1855 2781 2079 2836 diﬂicul~

510 2877 630 2930 tati.
679 2873 958 2929 Sententia
1000 2875 1202 2946 quippe
1249 2874 1469 2929 illorum
1515 2875 1808 2928 verborum
1858 2881 2002 2928 recte
2044 2887 2076 2926 a

510 2965 722 3020 Ruliino
761 2979 1021 3035 expressa
1054 2980 1117 3020 ea
1145 2971 1269 3020 est:
1305 2964 1560 3030 Quamvis
1579 2962 1700 3032 jam
1744 2963 1808 3016 de
1845 2962 1926 3016 his
1946 2963 2076 3032 ipsis

509 3057 764 3113 nonnulla
789 3057 947 3111 etiam
972 3058 1024 3110 in
1056 3054 1332 3110 Chronicis
1368 3053 1443 3124 (id
1475 3062 1574 3116 est,
1602 3053 1654 3106 in
1674 3069 1732 3106 eo
1767 3068 1918 3122 opere
1937 3053 2075 3123 quod

509 3147 574 3203 tle
607 3157 894 3216 temporum
923 3147 1129 3200 ratione
1153 3145 1582 3214 conscripsimus)
1613 3143 1833 3196 breviter
1866 3146 2072 3197 succin-

509 3249 685 3311 eteque
703 3237 1119 3307 perstrinxerim,
1139 3238 1344 3306 plenius
1375 3245 1548 3289 tamen
1579 3237 1630 3288 in
1652 3235 1899 3303 prtesenti
1922 3249 2072 3304 opere

509 3332 834 3403 singulorum
859 3330 1216 3385 narrationem
1238 3331 1440 3397 aperire
1463 3326 1797 3381 tentabimus.
1826 3326 2074 3397 Epitome

511 3423 694 3493 itaque
721 3438 882 3492 quam
905 3423 992 3476 hic
1019 3421 1204 3476 laudat
1225 3420 1515 3485 Eusebius,
1549 3435 1660 3474 non
1687 3427 1770 3474 est
1792 3420 1877 3474 sui
1905 3418 2074 3474 Chro-

512 3513 618 3566 nici
644 3513 898 3583 epitome,
926 3524 984 3564 ut
1018 3509 1130 3564 fere
1166 3524 1357 3562 omnes
1397 3505 1606 3577 opinati
1649 3512 1780 3560 sunt
1809 3504 1878 3558 ad
1927 3505 2071 3558 hunc

510 3603 675 3665 diem,
704 3603 799 3657 sed
822 3610 905 3656 est
931 3603 1166 3671 epitome
1195 3615 1397 3662 rerum,
1427 3615 1561 3669 quas
1591 3597 1824 3668 plenius,
1861 3604 1914 3651 et
1949 3611 2072 3665 pro-

513 3691 692 3745 lixiori
727 3693 1010 3746 verborum
1039 3698 1092 3745 et
1119 3690 1512 3745 sententiarum
1555 3691 1761 3744 ambitu
1797 3693 1850 3742 in
1888 3687 2070 3742 Histo-

513 3783 598 3836 ria
624 3781 798 3835 fuerat
828 3787 1169 3850 prosecutus.
1207 3778 1396 3850 Neque
1439 3778 1661 3834 Suidam
1693 3781 1740 3836 si
1791 3781 2071 3834 minimam

495 3874 801 3942 .verborum
829 3873 1024 3927 seriem
1059 3873 1318 3937 invertas,
1362 3872 1430 3926 ab
1457 3872 1558 3925 hac
1586 3884 1772 3927 nostra
1801 3875 2071 3928 sententia

511 3964 777 4020 dissidere
822 3967 903 4020 vel
953 3964 1270 4020 discordare
1316 3965 1661 4035 comperies;
1696 3965 1773 4020 ait
1809 3968 1954 4020 enim
2004 3965 2071 4020 de

511 4055 824 4120 Eusebio,et
835 4057 956 4125 ejus
969 4060 1186 4131 scriptis
1204 4079 1217 4116 ε
1249 4057 1796 4127 Ἐκκλησιαστικῆς
1808 4060 2074 4129 ἱστορίας

511 4147 661 4218 λόγοι
685 4147 738 4212 ι’,
774 4147 1052 4217 Χρονικῶν
1124 4149 1360 4202 κανόνων
1407 4149 1752 4220 παντοδαπῆς
1809 4151 2068 4222 ἱστορίας,

513 4244 607 4296 καὶ
639 4241 838 4296 τούτων
860 4236 1205 4311 ὲπιτομή.’1“ιι
1224 4240 1296 4294 ita
1315 4238 1505 4311 legito:
1538 4237 2081 4308 Ἐκκλησιαο-τικῆς

513 4321 776 4390 ἱστορίας
790 4326 935 4396 λόγοι
969 4327 1018 4392 t',
1049 4329 1142 4382 καὶ
1172 4330 1373 4384 τούτων
1402 4331 1635 4402 ἐπιτομὴ
1663 4331 1938 4404 Χρονικῶν
1972 4350 2072 4388 κα-

2175 511 2367 580 gitant,
2396 527 2622 582 peccare
2654 521 2708 567 et
2739 511 3039 567 foedissime
3068 511 3466 582 deprehensum
3487 519 3605 575 est;
3631 509 3750 562 llo-

2176 605 2340 658 mines
2372 621 2576 667 sumus,
2623 605 2806 660 aiebat
2850 605 2963 666 ille,
2999 620 3102 658 non
3136 605 3234 658 dii.
3278 604 3413 658 Illud
3448 612 3629 658 tamen
3659 611 3750 659 est

2175 697 2356 763 aliqua
2389 696 2830 751 consideratione
2871 711 2980 750 non
3034 696 3361 766 indignum:
3388 711 3517 751 num
3551 696 3749 751 videli-

2173 795 2260 841 cet
2305 787 2571 843 Eusebius
2603 789 2801 858 dignus
2833 803 2931 842 sua
2965 789 3124 843 laude
3145 788 3238 852 sit,
3267 789 3397 842 dum
3436 796 3620 858 spreta
3664 797 3749 844 tot

2175 877 2506 946 scriptorum
2551 877 2864 933 Judreorum
2909 887 2965 934 et
3013 878 3450 934 Christianorum
3487 881 3555 936 de
3582 889 3750 936 atate

2175 968 2376 1040 Moysis
2409 971 2699 1036 sententia,
2723 971 2788 1024 ad
2814 986 2950 1024 nova
2983 972 3228 1042 quaedam
3249 982 3460 1042 reperta
3484 972 3744 1030 recurrit.

2175 1061 2319 1116 Sane
2341 1063 2652 1118 veneranda
2685 1062 3008 1132 antiquitas,
3039 1071 3094 1117 et
3123 1064 3428 1134 sapientum
3456 1063 3743 1118 hominum

2175 1155 2458 1208 sententia:
2493 1155 2672 1224 dignae
2723 1162 2870 1217 sunt,
2907 1170 3047 1225 quas
3079 1164 3132 1211 et
3164 1156 3521 1215 admiremur.
3552 1165 3607 1211 et
3645 1156 3747 1210 hoc

2173 1259 2452 1308 noremus,
2471 1254 2526 1299 et
2560 1257 2711 1300 extra
2728 1260 2823 1301 eas
2842 1246 3024 1315 vagari
3050 1247 3212 1302 nimis
3241 1249 3607 1317 periculosum
3634 1253 3745 1303 est.

2173 1337 2354 1404 Quare
2382 1336 2648 1409 Georgius
2680 1337 2968 1409 Syncellus
2998 1340 3194 1393 mirum
3229 1339 3281 1392 in
3315 1341 3534 1394 modum
3573 1339 3746 1395 Euse-

2173 1430 2246 1484 bii
2277 1429 2566 1483 consilium
2585 1431 2824 1500 exagitat
2857 1431 2942 1486 his
2966 1432 3148 1486 verbis
3184 1450 3198 1486 :
3229 1431 3350 1485 Ὀτι
3380 1431 3480 1502 μὲν
3515 1428 3609 1486 οὖν
3635 1433 3742 1487 αὑ-

2171 1522 2265 1586 τὸς
2313 1519 2499 1592 ἑαυτῷ
2536 1522 2636 1592 τὴν
2687 1523 2918 1576 ἀτοπίαν
2962 1522 3055 1576 τοῦ
3107 1522 3265 1591 λόγου
3317 1525 3746 1598 μεμαρτύρηκεν

2174 1611 2454 1675 Εὐσέϐιος,
2473 1613 2634 1682 ἀρκεῖ
2663 1612 2798 1682 πρὸς
2822 1615 3145 1685 κατανόησιν
3174 1617 3286 1678 τοῖς
3315 1632 3374 1684 γε
3393 1616 3576 1680 ποσῶς
3607 1635 3742 1687 μετ-

2173 1701 2432 1774 εσχηκόσι
2490 1703 2844 1768 παιδεύσεως,
2887 1705 3052 1776 ἄλλης
3104 1722 3164 1758 τε
3208 1706 3302 1760 καὶ
3352 1708 3452 1779 τῆς
3495 1709 3556 1761 ὲν
3599 1710 3746 1762 loro.

2177 1793 2318 1866 ρὶαις
2345 1794 2600 1858 παλαιαῖς
2649 1796 3100 1868 ὁμολογουμένης.
3143 1797 3238 1851 Ἔν
3277 1796 3384 1870 γὰρ
3421 1799 3572 1870 αὐτῷ
3603 1799 3745 1872 πρὸς

2175 1884 2482 1955 ἀνατροπὴν
2533 1883 2641 1937 τῶν
2696 1883 3196 1956 συγγεγραμμένων
3240 1886 3400 1956 ἢρκει
3442 1884 3622 1947 τοῦτο,
3647 1887 3744 1940 καὶ

2177 1973 2334 2046 μόνον
2351 1975 2409 2028 τὸ
2435 1977 2554 2039 ταῖς
2577 1975 2862 2037 τοσαύταις
2881 1974 3212 2047 τηλικούτων
3240 1977 3417 2043 δόξαις
3430 1977 3640 2049 ἀνδρῶν
3660 1996 3745 2047 cpt-

2173 2066 2415 2136 λοσόφων
2468 2067 2796 2132 ἀντιπεσεῖν,
2848 2068 3162 2140 ἀμάρτυρόν
3191 2085 3250 2122 τε
3281 2068 3382 2139 τὴν
3423 2069 3554 2140 παρ’
3573 2071 3740 2124 αὐτοῦ

2175 2160 2624 2229 παρεισαγαγεῖν.
2660 2159 2740 2212 Τὰ
2771 2157 2880 2229 γὰρ
2911 2161 3031 2223 ταῖς
3057 2159 3166 2212 τῶν
3195 2159 3424 2223 πολλῶν,
3459 2160 3659 2231 μᾶλλον
3683 2161 3744 2215 δὲ

2172 2249 2282 2302 τῶν
2309 2250 2522 2304 πάντων
2537 2249 2716 2315 δόξαις
2735 2251 3161 2322 ἀντεισαγόμενα
3181 2251 3336 2322 μόλις
3352 2251 3437 2317 ἂν,
3471 2252 3565 2304 καὶ
3603 2252 3744 2322 μετὰ

2175 2339 2377 2409 πολλῆς
2402 2340 2778 2410 προσδεχθεϊεν
2806 2340 2873 2393 ἂν
2905 2339 3231 2404 ἀποδείξεως
3259 2341 3410 2412 παρὰ
3437 2343 3549 2406 τοῖς
3576 2338 3637 2395 εὗ
3664 2345 3745 2396 εἰει

2173 2427 2287 2480 δόσι
2318 2427 2490 2482 ταῦτα
2522 2427 2746 2499 κρίνειν.
2770 2426 3043 2496 Iosephus
3075 2427 3317 2499 Scaliger
3345 2428 3641 2484 Eusebium
3669 2431 3744 2484 ab

2176 2521 2279 2576 hac
2331 2519 2547 2590 Georgii
2595 2521 3034 2591 expostulatione
3087 2522 3348 2577 vindicat.
3410 2521 3554 2575 Nam
3601 2521 3742 2590 quod

2175 2614 2407 2666 omnium
2436 2629 2687 2666 consensu
2723 2623 2980 2681 receptum
2995 2622 3094 2677 est,
3120 2622 3170 2668 et
3199 2624 3428 2681 tempore
3448 2614 3627 2683 fidem,
3653 2623 3744 2667 at-

2174 2721 2272 2777 que
2303 2707 2673 2758 auctoritatem
2705 2707 2917 2771 meruit,
2957 2721 3062 2759 non
3093 2706 3329 2775 sequitur
3349 2706 3645 2760 necessario
3659 2719 3746 2760 re-

2177 2813 2292 2848 rum
2345 2813 2474 2850 esre.
2538 2795 2683 2849 Bona
2741 2798 2903 2860 ratio,
2956 2798 3144 2852 nescio
3176 2813 3246 2852 an
3291 2809 3508 2875 a.recta
3536 2807 3741 2854 mente.

2177 2887 2384 2943 Nollem
2418 2888 2754 2960 Scaligerum
2788 2890 2892 2945 hoc
2941 2892 3162 2946 nomine
3200 2902 3448 2945 veterum
3515 2889 3744 2946 Patrum

2177 2979 2564 3049 catholicteque
2612 2979 2867 3038 Ecclesiae
2895 2995 2924 3033 a
2955 2995 3058 3034 suo
3107 2979 3335 3035 exordio
3390 2981 3743 3036 continuatae

2101 3113 2144 3172 ϐ
2179 3073 2482 3127 sententias
2520 3074 2955 3142 auctoritateque
2987 3072 3198 3125 ﬁrmata
3227 3071 3484 3142 dogmata
3544 3073 3742 3141 rejice-

2175 3177 2235 3218 re
2254 3204 2272 3231 ,
2320 3163 2649 3218 intrudendo
2679 3178 2817 3217 nova
2845 3181 2859 3218 :
2891 3163 3018 3233 quia
3047 3179 3150 3216 non
3181 3163 3418 3231 sequitur
3443 3164 3743 3218 necessario

2177 3272 2298 3310 vera
2321 3271 2454 3311 esse.
2480 3253 2843 3311 Novatoribus
2860 3254 3003 3311 lavet
3025 3254 3142 3326 ipse
3162 3263 3411 3310 novatur.
3433 3253 3586 3309 Sciat
3603 3271 3743 3311 nova

2177 3348 2361 3403 omnia
2395 3359 2648 3418 suspecta
2685 3363 2827 3404 esse.

2248 3441 2410 3504 lbid.,
2445 3441 2540 3495 lin.
2567 3441 2618 3495 9.
2649 3439 2938 3509 Χρονικοῦ
2966 3441 3244 3506 κανόνος.
3273 3439 3622 3501 Es'Eusebio,
3653 3437 3744 3493 Ἐν

2176 3532 2231 3586 δὲ
2257 3531 2336 3602 τῷ
2365 3532 2589 3602 παρόντι
2622 3533 2714 3585 ἐπὶ
2737 3531 2797 3584 τὸ
2823 3529 2954 3586 αὐτὸ
2987 3532 3112 3595 τοὺς
3139 3531 3363 3603 χρόνους
3393 3531 3740 3601 συναγαγὼν,

2175 3624 2565 3696 ἀντιπαραθεὶς
2593 3624 2656 3677 ἐκ
2686 3623 3028 3696 παραλλήλου
3063 3622 3153 3676 τὸν
3181 3623 3308 3694 παρ’
3324 3623 3540 3694 ἑκάστῳ
3597 3623 3741 3675 ἔθνει

2175 3716 2284 3770 τῶν
2307 3716 2443 3768 ἑτῶν
2473 3715 2722 3786 ἀριθμὸν,
2753 3715 3002 3787 χρονικοῦ
3029 3715 3252 3777 κανόνος
3276 3714 3527 3778 σύνταξιν
3553 3716 3744 3784 ἐποιη-

2179 3807 2378 3877 σάμην.
2401 3805 2552 3877 Opus
2575 3806 2675 3859 hoc
2715 3804 2931 3859 Eusebii
2958 3805 3127 3858 variis
3159 3805 3350 3868 titulis,
3382 3819 3477 3858 seu
3506 3804 3744 3857 nomini-

2176 3894 2280 3948 bus
2333 3895 2653 3966 insignitur;
2701 3895 3030 3964 quibusdam
3065 3894 3209 3948 enim
3239 3893 3442 3948 dicitur
3474 3891 3745 3947 Chronica

2177 3986 2233 4039 in
2268 3987 2530 4057 singulari
2576 3986 2856 4049 feminino,
2890 3984 3013 4040 aliis
3036 3979 3330 4045 Chronicw,
3359 3984 3481 4038 aliis
3510 3982 3741 4038 Chroni-

2176 4094 2314 4137 cum.
2345 4079 2467 4133 aliis
2502 4076 2771 4141 Chronici,
2805 4078 2928 4132 aliis
2958 4076 3243 4138 Chronica,
3278 4075 3402 4129 aliis
3436 4073 3733 4128 Chronico-

2175 4185 2293 4221 rum
2325 4169 2468 4233 libri,
2501 4170 2623 4224 aliis
2654 4169 2880 4222 historia
2921 4167 3204 4229 Chronica,
3248 4165 3490 4219 Historia
3536 4175 3737 4232 tempo-

2176 4277 2312 4325 rum,
2346 4259 2589 4314 Historia
2620 4259 3023 4326 Chronicorum,
3059 4261 3312 4322 Annales,
3345 4258 3502 4314 Liber
3537 4268 3737 4326 tempo‘

2174 4369 2315 4416 rum,
2383 4350 2763 4408 Chronicorum
2822 4351 3098 4407 Canonum
3145 4353 3422 4420 multiplex
3477 4350 3738 4414 historia,

512 4415 678 4469 νόνων
721 4417 1066 4488 παντοδαπῆς
1107 4419 1390 4489 ἱστορίαςε
1428 4436 1623 4491 nempe
1672 4421 2070 4479 Ecclesiastica:

2175 4443 2470 4498 Chronicon
2521 4443 2834 4497 omnimodae
2885 4443 3143 4498 historiae.
3199 4442 3399 4499 Verum
3442 4451 3500 4497 ut
3531 4444 3739 4497 clarius

513 4507 754 4561 historia:
779 4506 901 4561 libri
926 4507 1119 4569 decem,
1137 4520 1186 4562 et
1211 4509 1392 4562 horum
1419 4509 1663 4580 Epitome
1694 4511 2070 4568 Chronicorum

513 4615 773 4653 canonum
805 4599 1118 4654 omnimodw
1147 4600 1403 4664 historiw,
1430 4608 1586 4671 quasi
1637 4603 1864 4668 diceret,
1897 4605 2073 4661 Cano-

513 4705 614 4745 nes
644 4689 971 4744 omnimoda:
1001 4689 1246 4745 historiae
1281 4691 1548 4745 librorum
1592 4691 2072 4758 decem,llistorite

515 4779 887 4835 ecclesiastica!
962 4789 1092 4836 sunt
1163 4783 1420 4852 epitome.
1483 4781 1824 4856 Conscripsit
1886 4787 2071 4858 itaque

511 4869 804 4924 Chronicon
856 4869 1124 4926 Eusebius
1173 4874 1319 4942 quod
1364 4885 1448 4929 est
1477 4876 1641 4930 veluti
1687 4880 2067 4947 compendium

510 4975 694 5014 rerqu
729 4975 760 5013 a
791 4977 850 5016 se
883 4962 1212 5032 scriptarum
1245 4966 1300 5018 in
1335 4965 1577 5020 Historia
1609 4968 1986 5034 ecclesiastica,
2017 4983 2070 5026 et

508 5067 616 5107 non
647 5052 976 5117 Chronicon,
1004 5063 1058 5109 et
1097 5055 1489 5129 Compendium
1517 5061 1795 5130 chronici,
1826 5074 1886 5120 ut
1914 5067 2068 5121 multi

509 5153 709 5199 temere
740 5146 949 5216 Opinati
983 5155 1134 5203 sunt.

579 5235 697 5291 Col.
735 5236 858 5302 708,
896 5239 991 5293 lin.
1019 5240 1068 5294 7.
1114 5242 1242 5307 Τοῖς
1259 5246 1500 5313 χρόνοις
1541 5248 1771 5318 Ἰνάχου
1793 5251 1901 5305 τὸν
1925 5251 2064 5321 μέν.

506 5318 796 5377 Eusebium
823 5325 877 5380 in
902 5342 1002 5381 suo
1025 5327 1284 5386 Chronico
1317 5335 1370 5388 in
1402 5337 1589 5391 multis
1618 5355 1740 5394 esse
1771 5318 2070 5396 hallucina-

505 5420 618 5466 tum
653 5416 852 5485 reperit
879 5416 1152 5489 Jos:=phus
1186 5422 1453 5496 Scaliger,
1502 5437 1558 5484 et
1589 5431 1702 5496 alii,
1738 5442 1790 5487 et
1824 5443 1950 5490 ante
1974 5452 2069 5493 eos

504 5502 769 5578 Georgius
804 5510 1114 5582 Syncellus.
1172 5516 1282 5571 Nec
1319 5521 1516 5578 tuirum
1569 5533 1655 5578 est
1699 5525 1975 5582 hominem
2013 5531 2069 5585 in

505 5605 653 5689 tanta
690 5617 870 5656 rerum
898 5606 1258 5669 obscuritate,
1292 5626 1355 5665 ac
1385 5613 1728 5682 ignoratione
1775 5621 2068 5689 aliquando

505 5686 717 5755 lapsum
749 5696 936 5756 fuisse.
969 5699 1180 5757 Habent
1213 5711 1267 5760 et
1294 5707 1486 5779 reliqui
1526 5725 1720 5769 omnes
1768 5686 2066 5787 scriptores

2171 4535 2355 4589 omnia
2411 4535 2526 4589 haec
2575 4537 2943 4599 innotescunt,
2998 4551 3068 4590 ne
3107 4535 3274 4589 variis
3306 4536 3482 4590 titulis
3502 4550 3594 4590 res
3627 4550 3740 4589 una

2170 4627 2470 4696 eademque
2490 4629 2834 4693 obscuretur,
2858 4643 3034 4696 Opera:
3058 4628 3291 4698 pretium
3316 4628 3736 4697 eritesplicare,

2169 4719 2422 4788 quisnam
2481 4718 2644 4774 fuerit
2674 4719 2762 4773 hic
2802 4717 3023 4773 Eusebii
3075 4728 3362 4780 tractatus.
3404 4729 3459 4774 et
3507 4719 3563 4773 in
3617 4733 3739 4788 qua

2171 4811 2411 4865 membra
2435 4811 2665 4877 divisus,
2695 4818 2748 4865 et
2781 4811 2906 4880 quis
2937 4812 3245 4882 przecipuus
3276 4813 3598 4882 primusque
3616 4811 3735 4880 ejus

2169 4915 2390 4970 scapus.
2459 4900 2637 4955 Unum
2715 4900 2901 4970 itaque
2957 4902 3256 4971 perfectum
3313 4901 3736 4969 absolutumque

2168 4992 2272 5046 fuit
2302 4991 2517 5047 Eusebii
2548 4990 2861 5050 Chronicon,
2883 4991 3054 5059 Quod,
3086 5000 3144 5046 ut
3175 4992 3526 5048 Marcellinus
3551 5008 3735 5048 comes

2171 5085 2224 5138 in
2262 5084 2576 5153 praefatione
2601 5087 2688 5140 sui
2717 5083 2964 5138 Chronici
2999 5085 3218 5147 asserit,
3255 5102 3288 5138 α
3321 5085 3505 5138 mundi
3529 5086 3732 5155 fabrica

2169 5190 2330 5244 usque
2382 5174 2450 5228 atl
2507 5173 2910 5229 Constantinum
2966 5176 3254 5244 principem
3313 5173 3574 5230 Eusebius
3618 5173 3735 5230 Cte-

2168 5268 2420 5321 sariensis
2442 5268 2598 5336 hujus
2626 5268 2807 5322 sa’euli
2830 5268 3106 5337 originem,
3139 5279 3392 5337 tempora,
3428 5285 3617 5331 annos,
3653 5284 3733 5322 re-

2169 5375 2292 5428 gna,
2325 5361 2637 5429 virtutesque
2666 5361 2991 5423 mortalium,
3029 5370 3077 5414 et
3104 5361 3376 5414 variarum
3421 5361 3621 5414 artium
3651 5376 3737 5413 re-

2168 5459 2422 5516 pertores.
2451 5450 2780 5520 omniumque
2807 5465 2933 5520 pene
2970 5453 3357 5519 provinciarum
3398 5462 3734 5506 monumenta

2171 5536 2352 5591 Crasso
2377 5537 2537 5591 edidit
2565 5543 2728 5610 siglo,
2762 5553 3038 5614 nosterque
3071 5542 3424 5615 Hieronymus
3459 5546 3734 5599 transtulit

2168 5630 2220 5683 in
2247 5627 2515 5691 Latinum,
2543 5641 2592 5684 et
2625 5649 2784 5701 usque
2809 5635 2863 5688 in
2900 5635 3168 5689 Valentem
3197 5636 3460 5691 Ctesarem
3495 5636 3734 5692 Romano

2171 5719 2361 5788 adjecit
2417 5718 2644 5788 eloquio.
2699 5723 2874 5793 Igitur
2917 5735 3129 5796 uterque
3168 5727 3324 5796 hujus
3351 5728 3520 5797 operis
3549 5737 3734 5796 auctor
