4072 6342
332 328 440 385 809

1354 339 1419 394 IN
1458 339 1827 397 EUS'I‘ATIIII
1863 340 2333 401 HEXAEMERON
2372 347 2595 406 NOTAE.

3437 363 3543 423 810

327 456 681 498 vloLxxxvnr
716 454 971 501 annorum
1013 450 1149 504 hunc
1180 454 1430 507 mundum
1457 464 1579 511 tunc
1609 459 1723 526 fore
1748 461 1883 515 miro
1912 472 1958 526 Α
1984 472 2038 517 et
2059 463 2137 517 rei
2165 464 2603 522 demonstrandae
2630 471 2973 540 prOpositum
2999 476 3178 543 potius
3208 476 3260 530 id
3285 492 3549 551 exposce-

326 538 646 604 computarit
690 539 915 608 ingenio.
975 541 1148 612 Hujus
1221 548 1535 604 excellentis
1593 561 1647 605 et
1714 553 1879 609 unius

324 629 509 698 operis
551 637 734 699 partes
770 633 906 688 duas
934 644 1123 691 auctor
1159 638 1322 694 fecit:
1362 642 1595 711 priorem
1643 647 1884 712 Κανόνας

321 715 674 786 παντοδαπῆς
722 720 956 791 ἱστορίας
982 740 995 753 ·
1046 730 1418 793 posteriorem,
1450 733 1660 787 Κανόνα
1701 753 1881 807 χρονι-

320 804 419 857 κόν
447 805 820 877 inscripsit.ln
850 813 1083 880 priorem
1113 820 1352 872 omnium
1386 824 1647 890 gentium,
1687 804 1882 898 regno-

319 911 465 958 rum,
503 898 803 965 civitatum,
852 905 1141 969 cunabula,
1205 910 1463 979 origines,
1526 917 1877 987 antiquitates

318 988 628 1042 contulerat
654 1008 669 1047 :
695 990 751 1045 in
777 994 1067 1049 secundam
1088 999 1263 1053 solum
1289 1006 1480 1058 seriem
1499 1022 1874 1079 numerorum,

319 1093 418 1132 seu
438 1093 706 1134 annorum
742 1082 1149 1152 imperatorum,
1177 1096 1230 1142 et
1257 1094 1516 1147 nonnulla
1543 1097 1666 1151 alia'.
1694 1097 1875 1155 Prima

317 1185 449 1240 pars
492 1172 758 1241 prolixior
815 1191 881 1229 ex
929 1178 1096 1233 variis
1159 1184 1474 1239 auctoribus
1529 1189 1870 1259 concinnata,-

314 1260 476 1330 quasi
524 1261 739 1327 din‘usa,
786 1272 840 1319 et
880 1281 1017 1334 pene
1075 1274 1380 1326 communis
1417 1274 1483 1327 ad
1521 1293 1874 1350 quascunque

311 1352 450 1407 alias
481 1354 719 1410 rationes
751 1362 1054 1425 temporum
1080 1362 1239 1417 nobis
1272 1368 1617 1434 proponitur.
1663 1371 1872 1427 Secun-

311 1443 383 1497 da
415 1444 659 1501 strictior
683 1454 735 1501 et
765 1450 1006 1517 pressior
1049 1454 1149 1507 soli
1180 1455 1628 1515 demonstrationi
1658 1462 1862 1531 dedita,

308 1550 488 1591 annos
525 1551 821 1609 eorumque
873 1542 1072 1597 seriem
1122 1561 1218 1614 per
1265 1549 1462 1620 strigas
1515 1561 1570 1607 et
1627 1554 1867 1625 virgulas

307 1625 655 1694 manifestat;
688 1631 857 1684 multa
899 1648 1018 1702 quae
1071 1635 1127 1690 in
1167 1638 1336 1707 priori
1390 1650 1542 1711 parte
1597 1647 1859 1715 confusa,

304 1716 397 1773 in.
444 1720 685 1774 secunda
747 1721 1002 1780 distincta
1081 1736 1382 1785 cernuntur
1438 1752 1451 1788 :
1524 1735 1578 1789 in
1651 1737 1867 1795 Canone

1985 554 2116 608 bant
2147 563 2205 609 ut
2229 557 2297 610 ab
2339 558 2531 623 Adam,
2562 562 2644 615 vel
2679 562 2725 616 si
2779 577 2808 617 a
2857 565 3074 635 regibus
3114 582 3144 620 a
3197 568 3345 637 Belo,
3380 574 3461 627 vel
3508 588 3548 631 ι

1986 646 2242 713 Saturno,
2271 651 2355 706 vel
2378 652 2502 706 aliis
2526 654 2931 723 antiquioribus
2971 658 3183 715 initium
3214 661 3427 719 dicendi
3463 667 3546 723 fa-

1982 750 2149 798 ceret.
2196 742 2316 813 lpse
2360 760 2489 799 vero
2550 762 2580 800 a
2614 746 2753 802 Nino
2784 765 2880 805 seu
2937 751 3207 808 Abraham
3240 758 3541 820 exorditur.

1980 830 2247 888 Caeterum
2282 835 2537 903 Eusebio,
2571 840 2822 911 aliisque,
2866 844 2958 913 qui
2987 860 3086 914 pro
3117 848 3460 918 antiquitate,
3487 862 3541 906 et

1980 926 2221 981 veritatis
2252 928 2517 1000 religione
2551 947 2674 986 cum
2702 936 2953 1004 gentibus
2982 929 3286 1006 cerlabant,
3315 958 3539 1001 necesse

1978 1026 2124 1084 erat,
2156 1029 2217 1072 ut
2248 1035 2313 1074 ex
2368 1023 2531 1079 rebus
2560 1026 2699 1094 apud
2743 1028 2865 1082 illos
2895 1030 3059 1092 nolis,
3125 1033 3367 1103 nullique
3401 1052 3536 1091 con-

1979 1111 2237 1166 troversis
2259 1114 2457 1184 scripta
2473 1129 2874 1187 componerent.
2897 1122 3136 1177 Etlmicis
3162 1135 3339 1179 autem
3360 1128 3536 1184 histo-

1976 1201 2303 1273 riographis,
2357 1215 2466 1261 tam
2519 1210 2721 1265 Grtccis
2774 1227 2936 1282 quam
2998 1214 3205 1271 Latinis
3249 1233 3536 1278 commune

1975 1292 2097 1359 fuit,
2131 1304 2188 1349 ut
2218 1305 2448 1353 testatur
2477 1299 2681 1358 Paulus
2715 1303 2963 1371 Orosius,
2997 1317 3056 1361 ut
3097 1312 3319 1365 annales
3347 1328 3476 1368 suos
3501 1329 3532 1368 a

1972 1384 2111 1440 Nino
2136 1387 2456 1459 inciperent,
2482 1408 2605 1447 cum
2629 1397 2812 1449 omnia
2846 1407 2969 1452 ante
2988 1414 3112 1453 eum
3144 1402 3359 1469 penitus
3381 1404 3537 1473 ign04

1972 1488 2174 1540 rarent,
2205 1495 2305 1534 nec
2336 1484 2588 1551 gentilem
2632 1487 2799 1541 ullam
2834 1488 3094 1544 haberent
3128 1491 3428 1550 historiam.
3468 1496 3537 1559 Et

1971 1566 2088 1635 ipse
2124 1567 2387 1625 Eusebius
2422 1572 2476 1627 in
2516 1574 2830 1644 praefatione
2865 1597 2877 1630 :
2914 1580 3000 1632 Ἐν
3027 1574 3107 1641 οἷς
3156 1582 3305 1634 οὐδὲν
3340 1585 3528 1655 ἐπίση-

1973 1677 2068 1730 μον
2101 1662 2321 1730 γεγονὸς
2358 1665 2645 1738 ἱστορεῖται
2688 1671 2815 1741 παρ’
2839 1672 3111 1744 Ἕλλησιν.
3138 1673 3274 1729 Hinc
3315 1676 3532 1731 Tertul-

1969 1749 2147 1805 Iiauus
2196 1753 2289 1807 lib.
2346 1754 2422 1809 De
2462 1758 2626 1826 pallio
2664 1774 2682 1811 :
2737 1760 2887 1829 I’iget
2939 1765 3115 1816 tristia
3168 1782 3269 1818 non
3329 1768 3525 1831 minus,

2462 1809 2472 1826 ,
2603 1809 2615 1811 -
2667 1809 2673 1811 .
2737 1809 2752 1811 _
2788 1809 2883 1829 ν--
2939 1809 3114 1816 ω----
3168 1809 3269 1818 ..-..
3331 1809 3525 1831 ..........,

303 1809 452 1864 enim
520 1810 762 1867 chronico
839 1816 1221 1873 consideratur
1284 1832 1340 1877 et
1406 1826 1576 1882 series
1640 1838 1694 1884 et
1770 1847 1852 1886 re-
1893 1836 1934 1890 Β
1961 1858 2119 1910 quam
2155 1862 2429 1914 regnorum
2473 1852 2603 1904 vires
2643 1869 2921 1907 recensere.
2960 1856 3174 1921 Quoties
3201 1868 3251 1911 et
3282 1861 3386 1913 ista
3415 1877 3532 1913 mu-

301 1910 427 1956 ειυε
487 1904 624 1958 οι·ᾱο
695 1922 1041 1962 numerorum
1122 1927 1219 1967 seu
1286 1930 1592 1985 annorum,
1652 1937 1862 1979 necnon

299 1994 618 2050 eorumdem
654 2000 922 2067 oppositio
955 2002 1292 2059 diversorum
1340 2009 1610 2065 ordinum.
1662 2016 1858 2069 Arna!-

297 2084 404 2138 dus
439 2084 712 2143 Pontacus
763 2099 911 2159 putat
955 2092 1205 2151 Canones
1263 2098 1551 2156 chronicos
1585 2104 1662 2158 nil
1710 2107 1855 2161 aliud

296 2190 442 2239 esse,
474 2192 634 2246 quam
666 2182 875 2236 tabulas
901 2184 1132 2253 aliquas,
1172 2187 1225 2239 id
1256 2196 1359 2252 est,
1421 2192 1636 2247 diversa
1680 2197 1854 2264 spatia

294 2264 546 2320 dimensa
580 2268 738 2325 lineis
767 2286 831 2325 ac
853 2272 1149 2339 laterculis,
1202 2294 1321 2346 quae
1345 2281 1630 2337 continent
1664 2301 1854 2341 nume-

292 2368 390 2410 ros
419 2356 522 2411 sibi
562 2361 837 2428 Oppositos
872 2377 935 2416 ex
983 2364 1232 2434 adverso,
1294 2371 1492 2438 quibus
1543 2373 1853 2430 indicantur

290 2453 541 2516 tempora
573 2464 669 2503 seu
694 2452 821 2503 anni
859 2453 1198 2511 diversorum
1231 2472 1418 2529 regum
1454 2462 1681 2518 invicem
1719 2481 1851 2520 con-

289 2545 598 2601 currentes,
628 2555 722 2594 seu
765 2544 1180 2609 concordantes,
1234 2555 1286 2600 et
1312 2566 1375 2602 ex
1423 2566 1651 2619 quorum
1682 2556 1850 2609 colla-

288 2628 461 2691 tione,
487 2644 581 2685 seu
608 2634 1027 2701 computatione,
1052 2638 1323 2708 colligitur
1341 2645 1619 2710 canonica,
1640 2661 1735 2701 seu
1760 2662 1847 2702 re-

285 2721 495 2790 gularis
523 2730 577 2776 et
605 2730 754 2777 certa
780 2735 1083 2795 temporum
1121 2735 1451 2801 supputatio,
1484 2742 1537 2789 et
1572 2738 1841 2794 collectio.

283 2807 521 2882 Ideoque
551 2816 699 2881 unio,
745 2832 838 2871 seu
872 2820 1161 2873 concordia
1210 2832 1444 2891 quatuor
1489 2830 1846 2900 evangelista-

280 2917 433 2967 rum,
472 2921 592 2975 qua:
628 2908 694 2960 ab
730 2906 963 2963 Eusebio
1001 2910 1348 2977 describitur,
1403 2932 1497 2985 per
1532 2918 1841 2989 hujusmodi

278 2992 465 3050 lineas
514 3007 692 3054 rectas
741 3008 794 3053 et
841 3009 1205 3067 transversas,
1256 3022 1377 3076 qua:
1408 3011 1841 3079 complectuntur

278 3095 470 3143 certos
512 3097 565 3142 et
596 3090 839 3146 diversos
870 3109 1126 3150 numeros
1150 3096 1380 3151 invicem
1407 3100 1509 3154 sibi
1533 3106 1832 3172 oppositos,

275 3178 485 3247 quibus
546 3178 854 3235 indicantur
906 3184 1120 3239 diversa
1172 3188 1348 3257 capita
1401 3190 1456 3244 in
1496 3195 1691 3261 quibus
1728 3198 1833 3266 ipsi

272 3270 625 3338 evangelista:
653 3275 1003 3339 conveniunt,
1052 3277 1287 3333 Canones
1322 3284 1600 3353 evangelici
1640 3286 1833 3344 dicun-

271 3368 389 3416 tur.
423 3362 528 3417 Sed
554 3365 683 3434 quid
714 3368 889 3422 verbis
918 3383 1213 3438 opus,cum
1240 3372 1327 3427 hic
1355 3376 1466 3445 ipse
1495 3376 1830 3447 Eustathius,

269 3453 531 3522 quisnam
577 3455 737 3511 fuerit
770 3456 1058 3514 Chronicus
1087 3479 1252 3517 canon
1285 3464 1503 3521 Eusebii
1532 3471 1834 3528 clarissime

268 3546 550 3615 explicet?
577 3550 838 3618 Χρονικοῦ
871 3552 979 3625 γὰρ
1014 3556 1233 3619 κανόνος
1262 3559 1510 3624 σύνταξιν
1543 3564 1830 3636 ἐπινοήσας

265 3639 339 3690 ὲκ
369 3639 708 3713 παραλλήλου
736 3644 1133 3718 ἀντιπαρέθηκε
1165 3649 1253 3703 τὸν
1283 3653 1409 3722 παρ’
1440 3653 1653 3725 ἑκάστῳ
1689 3657 1830 3712 ἔθνει

262 3728 677 3786 δυναστεύοντα.
711 3732 961 3790 Omnium
996 3740 1198 3808 optime
1221 3740 1272 3795 id
1296 3742 1534 3799 declarat
1562 3745 1828 3806 Eusebius

262 3818 322 3871 in
354 3820 619 3888 prooemio
642 3824 893 3879 secundae
915 3827 1103 3894 partis,
1136 3830 1189 3881 in
1219 3846 1328 3900 quo
1349 3832 1476 3901 quid
1504 3836 1675 3903 prima
1701 3853 1826 3908 pars

268 3926 299 3963 a
350 3911 591 3964 secunda
621 3913 831 3969 diﬂ'crat
856 3915 1004 3970 hisce
1026 3921 1245 3988 exponit
1278 3922 1445 3990 εἘγὼ
1470 3925 1525 3977 δὲ
1549 3928 1674 3999 περὶ
1694 3929 1825 3982 πολ-

258 3992 359 4052 λοῦ
380 4000 472 4053 τὸν
498 4001 666 4073 ἀληθῆ
701 4004 854 4073 λόγον
882 4008 1204 4080 τιμώμενος,
1250 4016 1342 4068 καὶ
1372 4018 1430 4070 τὸ
1464 3992 1687 4090 ἀκριέὲς
1712 4024 1825 4076 ἁνι-

258 4092 485 4163 χνεῦσαι
519 4095 605 4149 διὰ
627 4100 858 4172 σπουδῆς
885 4106 1216 4179 προύθέμην.
1246 4111 1435 4166 Ἔνθεν
1457 4116 1737 4187 ὁρμηθεὶς,
1766 4122 1821 4175 ἐν

257 4184 364 4254 μὲν
398 4187 465 4255 τῇ
496 4188 598 4257 πρὸ
630 4190 831 4263 ταύτης
853 4197 1098 4263 συντάξει
1129 4199 1256 4265 ὕλας
1285 4205 1584 4277 ἐκπορίζων
1605 4212 1821 4283 ἐμαυτῷ

254 4272 466 4345 χρόνων
503 4277 819 4349 ἀναγραφὰς
853 4286 1236 4360 συνελεξάμην,
1262 4272 1516 4360 παντοίας
1552 4272 1821 4367 βασιλείας

251 4368 367 4419 τῶν
379 4368 676 4437 Χαλδαίων,
696 4374 1009 4448 Ἀσσυρίων,
1024 4382 1240 4451 Μήδων,
1260 4386 1501 4457 Περσῶν,
1518 4392 1719 4457 Λυδῶν,
1735 4396 1820 4447 Ἐ-

254 4460 828 4534 6ραίων,Αἰγυπτίων,
847 4470 1159 4540 ’Λθηναίων,
1180 4476 1455 4547 Ἀργείων,
1487 4481 1811 4551 Σικυωνίων,
1845 4508 1889 4563 ι)

249 4552 712 4625 Λακεδαιμονίων,
769 4561 1082 4632 Κορινθίων,
1133 4566 1433 4638 Θετταλῶν,
1471 4575 1809 4645 Μακεδόνων,

246 4643 518 4711 Λατίνων,
532 4642 610 4710 οἷς
627 4649 750 4702 ὗστε
757 4669 846 4722 ρον
861 4654 1078 4724 γέγονεν
1091 4661 1315 4735 ἐπίκλην
1335 4666 1503 4738 ὄνομα
1526 4671 1779 4742 Ῥωμαῖοι
1794 4642 1807 4705 λ

245 4732 389 4802 ὁμοῦ
406 4735 643 4802 γίνονται
676 4750 732 4793 ιε’
752 4760 764 4772 -
797 4746 855 4797 ἐν
882 4746 936 4798 δέ
969 4749 1045 4819 τῷ
1068 4732 1311 4823 παρόντι,
1335 4732 1439 4811 ἐπὶ*
1456 4760 1516 4813 τὸ
1536 4732 1665 4815 abab
1688 4766 1811 4830 τοὺς

245 4824 478 4894 χρόνους
504 4832 838 4900 συναγαγὼν,
858 4839 949 4890 καὶ
974 4840 1357 4913 ἀντιπαραθεὶς
1384 4851 1445 4902 ἐκ
1468 4824 1809 4926 παραλλήλου

244 4914 339 4965 τὸν
370 4918 729 4992 παρ’ἐκάστῳ
779 4924 917 4979 ἐθνει
951 4929 1057 4981 τῶν
1096 4931 1231 4986 ἐτῶν
1265 4937 1512 5007 ἀριθμὸν,
1551 4914 1807 5013 ’χρονίκοῦ

244 5008 474 5071 κανόνος
504 5010 751 5079 σύνταξιν
789 5016 1151 5092 ἐποιησάμην.
1184 5024 1261 5080 En
1296 5029 1454 5084 unius
1475 5036 1654 5101 operis
1688 5052 1798 5105 per-

241 5096 371 5150 fecti
408 5114 472 5153 ex
504 5100 619 5171 ipso
651 5116 873 5164 auctare
902 5111 1009 5166 duo
1038 5117 1275 5171 membra
1307 5120 1584 5185 distincta,
1615 5135 1668 5179 et
1692 5143 1807 5183 am-

245 5190 439 5244 borum
473 5208 719 5265 scopum,
771 5209 932 5271 atque
964 5210 1325 5275 pr0positum,
1376 5215 1575 5282 quibus
1605 5219 1805 5286 optime

239 5283 403 5338 nobis
424 5289 547 5353 quis
578 5290 648 5342 sit
677 5292 937 5362 Χρονικὸς
966 5298 1140 5352 κανών
1173 5302 1485 5359 innotescit.

308 5374 428 5431 Col.
467 5378 588 5441 708,
632 5382 726 5436 lin.
765 5386 851 5439 10.
898 5388 989 5441 Ἐκ
1033 5395 1429 5460 παραλλήλου
1485 5401 1798 5471 ἀντιπαρέ-

236 5465 400 5531 wine.
459 5468 668 5539 Optime
702 5486 885 5531 noster
929 5478 1250 5541 Eustathius
1303 5490 1486 5545 verbis
1542 5465 1715 5557 hisce;
1767 5512 1797 5551 a

235 5568 474 5623 quonam
498 5563 578 5616 vel
605 5566 747 5620 unde
774 5569 858 5621 sui
889 5569 1143 5628 Chronici
1175 5581 1399 5635 canonis
1429 5583 1639 5637 initium
1680 5588 1797 5642 fne-

234 5646 306 5699 rit
337 5652 653 5722 auspicatus
686 5662 927 5728 exponit,
963 5664 1215 5723 videlicet
1262 5673 1325 5723 ἐκ
1367 5674 1467 5743 τῆς
1493 5676 1793 5749 ἀντιπαρα-

238 5737 455 5806 θέσεως·
490 5746 659 5800 series
692 5749 833 5802 enim
882 5759 1208 5822 temporum,
1252 5762 1462 5819 ratione
1499 5780 1786 5836 annorum,

552 5840 819 5918 Ps'raot.
859 5841 972 5905 Gn.
1017 5846 1241 5910 XVIII.

1965 1936 2336 2001 taverint,iam
2366 1941 2484 1995 inde
2535 1961 2568 1994 a
2614 1942 2754 1997 Nino
2790 1944 2904 1998 Beli
2949 1952 3190 2018 progenie
3207 1951 3227 2002 .'
3275 1954 3323 2003 si
3349 1962 3525 2008 tamen

1963 2022 2136 2080 Ninus
2161 2032 2393 2098 regnavit
2422 2033 2644 2100 primus,
2688 2046 2741 2087 ut
2773 2046 3013 2090 autumat
3044 2044 3371 2108 superiorum
3397 2061 3525 2113 pro-

1960 2118 2177 2185 fanitas,
2218 2121 2476 2191 fermeque
2516 2126 2655 2193 apud
2702 2144 2786 2180 vos
2837 2130 2982 2183 ultra
3034 2133 3202 2202 stylus
3263 2152 3365 2189 non
3397 2153 3523 2205 pro-

1956 2208 2207 2275 greditur.
2236 2213 2299 2267 Et
2320 2215 2573 2272 Albertus
2605 2221 2772 2277 abbas
2801 2220 3081 2279 Stadensis
3118 2225 3172 2278 in
3207 2225 3466 2283 Chronico
3497 2244 3520 2284 :

1956 2297 1994 2347 Α
2025 2300 2194 2363 primo
2233 2315 2446 2369 parente
2497 2308 2765 2364 hominum
2810 2330 2970 2383 usque
2999 2315 3067 2366 ad
3114 2314 3314 2370 Ninum
3342 2320 3517 2375 nullas

1956 2397 2100 2442 actus
2138 2409 2311 2446 rerum
2334 2399 2659 2453 mundalium
2691 2402 3099 2476 historiographi
3120 2412 3341 2477 posteris
3369 2422 3515 2465 attu-

1956 2481 2145 2537 lerunt.
2178 2483 2403 2558 Ideoque
2434 2491 2498 2543 ab
2538 2495 2650 2560 ipso
2694 2510 2979 2564 coeperunt,
3009 2501 3133 2569 quia
3170 2502 3280 2572 ipse
3311 2506 3513 2572 primus

1951 2574 2124 2627 aliena
2158 2576 2405 2632 invadens
2439 2585 2650 2640 minime
2677 2589 2786 2641 suis
2817 2594 3051 2645 terminis
3084 2604 3197 2647 erat
3218 2607 3510 2652 contentus.

1950 2663 2062 2719 IIac
2088 2668 2270 2739 itaque
2313 2674 2521 2729 ratione
2557 2676 2708 2731 ducti
2757 2695 2967 2745 omnes,
3002 2694 3051 2737 et
3089 2686 3203 2753 ipse
3241 2685 3509 2746 Eusebius

1947 2767 1977 2806 a
2013 2755 2150 2811 Nino
2181 2760 2412 2818 orditur.
2448 2763 2581 2820 Vide
2637 2767 2935 2837 Justinum,
3008 2772 3324 2844 Diodorum,
3372 2781 3509 2838 Oro-

1946 2847 2108 2909 sium.
2128 2849 2517 2909 Cassiodorum
2544 2867 2595 2913 et
2622 2860 2778 2915 alios.

2015 2939 2131 2997 Coi.
2167 2942 2287 3007 708,
2320 2946 2415 3000 lin.
2446 2949 2530 3003 II.
2577 2952 2885 3024 Συνήγαγε
2912 2954 2980 3008 δὲ
3010 2960 3284 3026 χρόνους.
3329 2960 3504 3019 Verba

1945 3038 2071 3086 Sunt
2106 3031 2321 3090 Eusebii
2361 3037 2416 3091 in
2457 3043 2722 3108 prooemio
2768 3046 2852 3098 sui
2883 3045 3130 3103 Chronici
3168 3056 3416 3120 canonis,
3448 3067 3504 3112 et

1944 3138 1973 3175 a
2006 3124 2162 3179 nobis
2214 3133 2463 3197 superius
2504 3134 2749 3189 recitata.
2811 3137 2886 3191 Ex
2935 3140 3131 3209 quibus
3178 3146 3360 3215 regnis
3392 3148 3501 3205 duo

1938 3215 2253 3271 exciderunt
2284 3220 2338 3274 in
2371 3219 2611 3289 Canone,
2644 3225 2994 3285 Chaldaicum
3021 3241 3075 3286 et
3101 3233 3496 3297 Thessalicum.

1939 3303 2044 3360 Sed
2072 3307 2447 3367 Chaldaeorum
2470 3330 2696 3386 regnum
2728 3321 2936 3375 salvum
2961 3325 3138 3380 adhuc
3162 3343 3408 3398 superest
3440 3334 3495 3388 in

1935 3398 2181 3468 reliquiis
2209 3400 2412 3460 Graecis
2435 3407 2631 3474 prioris
2659 3409 2804 3478 libri,
2824 3411 3208 3472 Thessalorum
3242 3425 3494 3479 neutrubi

1932 3499 2129 3546 exstat.

2001 3578 2161 3645 Ihid.,
2199 3583 2294 3637 lin.
2340 3584 2425 3641 16.
2488 3589 2597 3643 Καὶ
2635 3593 2858 3648 τούτων
2902 3597 3042 3666 τοὺς
3095 3604 3366 3671 χρόνους.
3416 3608 3493 3663 Ita

1928 3681 2059 3741 puto
2100 3678 2481 3747 supplendum,
2533 3683 2642 3737 Καὶ
2670 3686 2871 3742 τούτων
2903 3695 3028 3757 τοὺς
3063 3697 3286 3766 χρόνους
3314 3703 3406 3755 ἐπὶ
3431 3705 3494 3758 τὸ

1927 3764 2058 3817 αύτὸ
2119 3769 2473 3841 συναθροίσας
2532 3776 2758 3832 ἑκάστου
2822 3781 3007 3848 ἔθνους
3062 3764 3171 3843 των
3230 3792 3492 3861 βασιλέων

1927 3857 2298 3925 ωνεξελέξατο
2317 3865 2555 3935 χρόνους,
2587 3878 2679 3923 aut
2712 3873 2839 3942 quid
2873 3875 3070 3933 simile.

1993 3948 2155 4014 Ihid.,
2186 3953 2395 4010 1ἱη.·20.
2426 3959 2588 4013 Κατὰ
2628 3963 2739 4031 γὰρ
2777 3964 2892 4033 τὴν
2917 3971 3256 4042 Σεμίραμιν.
3322 3976 3491 4034 Ευδε-

1922 4039 2047 4097 bius
2079 4061 2092 4096 :
2121 4043 2267 4115 Πλὴν
2308 4046 2444 4101 ἀλλὰ
2490 4052 2581 4105 καὶ
2618 4052 2789 4119 οὕτως
2838 4058 2979 4112 κατὰ
3034 4039 3144 4132 μὲν.
3163 4067 3392 4138 Ἴναχον,
3425 4070 3484 4123 ὃν

1922 4130 2137 4201 πρῶτον
2188 4135 2445 4208 Ἕλληνες
2500 4142 2733 4213 Ἀργους
2793 4130 3104 4216 βασιλεῦσαί
3159 4130 3316 4222 φασί,
3391 4161 3481 4213 τὸν

1933 4223 2194 4295 Ἐϐραίων
2224 4232 2538 4305 προπάτορα
2571 4235 2783 4308 Ἰσραὴλ
2812 4240 3097 4312 γενόμενον
3128 4244 3302 4318 εὗρον,
3338 4251 3393 4318 ἐξ
3418 4245 3479 4306 οὗ

1917 4312 1979 4365 τὸ
1994 4314 2366 4386 δωδεκάφυλον
2398 4321 2489 4375 τοῦ
2519 4324 2784 4380 Ἰουδαίων
2814 4329 2998 4394 ἔθνους
3027 4334 3125 4403 τῆς
3148 4312 3241 4389 τοῦ
3269 4312 3482 4411 Ἰσραὴλ

1920 4405 2232 4477 ἐπωνυμίας
2260 4410 2479 4484 ἠξιώθη,
2500 4417 2639 4469 κατὰ
2671 4418 2725 4470 δὲ
2749 4420 3048 4493 Σεμίραμιν
3085 4426 3176 4480 τὸν
3209 4405 3474 4503 Ἀϐραὰμ,

1918 4492 2181 4549 Χαλδαῖον
2217 4499 2314 4569 μὲν
2354 4501 2414 4554 τὸ
2447 4504 2619 4571 γένος,
2638 4505 2809 4572 ἄλλως
2840 4528 2901 4578 γε
2934 4514 3099 4585 ἄνδρα
3131 4492 3477 4590 θεοφιλῆ,καί

1913 4586 2124 4658 πρῶτον
2152 4590 2259 4644 τῶν
2304 4596 2432 4665 παρ’
2473 4595 2741 4668 Ἑϐραίοις
2781 4606 3070 4675 προφητῶν
3119 4586 3253 4664 εἶναι
3310 4586 3474 4669 πεπι-

1914 4678 2220 4747 στευμένον.
2257 4680 2320 4734 Et
2341 4680 2578 4740 Joannes
2600 4686 2971 4749 Antiochenus
2995 4696 3050 4749 in
3068 4697 3431 4773 Archwologia
3451 4722 3472 4761 :

1913 4766 2033 4820 ’Ότι
2083 4770 2223 4823 κατά
2254 4774 2379 4837 τοὺς
2420 4775 2667 4850 Ἀϐραὰμ
2708 4783 2926 4852 χρόνους
2970 4787 3149 4856 Νίνος,
3192 4795 3285 4847 καὶ
3310 4766 3473 4868 έεμί-

1910 4875 2077 4929 ραμις
2105 4861 2432 4925 ἐϐασίλευον.

1977 4947 2135 5015 lbid.,
2164 4953 2258 5010 liu.
2283 4955 2371 5012 25.
2423 4960 2684 5031 Μωῢσῆς
2712 4963 2781 5018 δὲ
2811 4968 2962 5023 κατὰ
2991 4974 3280 5041 Κέκροπα.
3303 4979 3472 5039 Euse-

1906 5041 2065 5097 bius:
2103 5046 2313 5101 Τούτων
2344 5050 2453 5123 γὰρ
2494 5054 2749 5111 ἁπάντων
2784 5060 2885 5131 τὴν
2920 5063 3155 5138 ἱστορίαν
3198 5075 3470 5145 νεωτέραν

1903 5134 2003 5203 τῆς
2039 5137 2321 5209 Κέκροπος
2375 5144 2590 5213 ἡλικίας
2636 5152 2821 5218 παῖδες
2871 5134 3133 5230 Ἑλλήνων
3162 5134 3470 5238 παραδεδώ-

1902 5238 2048 5277 κασι.
2082 5229 2316 5284 Μωϋσέα
2354 5234 2409 5287 δὲ
2446 5239 2478 5308 ἡ
2526 5242 2775 5311 παροῦσα
2818 5229 3061 5316 ἐξέτασις
3102 5255 3209 5309 τῶν
3241 5229 3468 5333 ’χρόνων

1900 5319 2150 5384 γενέσθαι
2190 5326 2328 5380 κατὰ
2360 5330 2620 5403 Κέκροπα
2665 5336 2753 5391 τὸν
2781 5339 2963 5414 διφυῆ,
2998 5346 3057 5399 ὃν
3092 5319 3309 5418 πρῶτόν
3335 5371 3466 5423 φασι

1897 5408 1996 5478 τῆς
2025 5411 2270 5486 Ἀττικῆς
2318 5418 2649 5491 βασιλεῦσαι,
2689 5432 2964 5505 συνίστησι
3020 5438 3124 5508 πρὸ
3159 5441 3263 5493 τῶν
3310 5444 3467 5498 Ἰλια-

1898 5500 2005 5553 κῶν
2038 5503 2179 5572 ἀμφὶ
2242 5515 2317 5561 τν¹
2371 5510 2485 5583 ἔτη.
2542 5515 2619 5570 Ex
2676 5500 3218 5595 quibus-suppienda
3270 5533 3463 5590 lacuna

1897 5593 1952 5645 in
1996 5604 2185 5651 nostro
2229 5598 2513 5659 Eustathio
2551 5625 2563 5661 :
2596 5612 2692 5664 ’⁸ον
2747 5614 2852 5684 πρὸ
2883 5616 2989 5669 τῶν
3035 5620 3274 5677 Ἰλιακων
3320 5625 3465 5681 ἔτεσι

1893 5688 2219 5757 τριακοσίοις
2274 5696 2612 5766 πεντήκοντα
2673 5705 3089 5773 παραδεδώκασι
3152 5714 3465 5783 βασιλεῦσαι

1894 5777 2106 5847 πρῶτον
2139 5775 2237 5852 τῆς
2266 5784 2514 5854 ’Λττικῆς
2554 5792 2819 5863 Ἑλλήνων
2861 5800 3067 5866 παῖδες.
3122 5806 3231 5861 Imo
3262 5818 3468 5865 utrum-

3100 5896 3180 5959 26
