  <div class='ocr_page' id='page_1' title='image "/cluster/home/n/w/nwhite01/storage/ocr_20150623/18/hvd.32044073501215/415.png"; bbox 0 0 4072 6342; ppageno 0'>
   <div class='ocr_carea' id='block_1_1' title="bbox 534 297 2414 384">
    <p class='ocr_par' dir='ltr' id='par_1_1' title="bbox 534 297 2414 384">
     <span class='ocr_line' id='line_1_1' title="bbox 534 297 2414 384; baseline -0.002 0"><span class='ocrx_word' id='word_1_1' title='bbox 534 323 626 384; x_wconf 79' lang='lat' dir='ltr'><strong>su</strong></span> <span class='ocrx_word' id='word_1_2' title='bbox 1741 297 1746 300; x_wconf 76' lang='grc'><em>’</em></span> <span class='ocrx_word' id='word_1_3' title='bbox 1865 325 2112 383; x_wconf 81' lang='lat' dir='ltr'><strong>LEONlS</strong></span> <span class='ocrx_word' id='word_1_4' title='bbox 2141 323 2414 380; x_wconf 72' lang='lat' dir='ltr'><strong>ALLATII</strong></span> 
     </span>
    </p>
   </div>
   <div class='ocr_carea' id='block_1_2' title="bbox 3659 322 3770 382">
    <p class='ocr_par' dir='ltr' id='par_1_2' title="bbox 3659 322 3770 382">
     <span class='ocr_line' id='line_1_2' title="bbox 3659 322 3770 382; baseline 0 -1"><span class='ocrx_word' id='word_1_5' title='bbox 3659 322 3770 382; x_wconf 69' lang='grc'><strong>81⁸2</strong></span> 
     </span>
    </p>
   </div>
   <div class='ocr_carea' id='block_1_3' title="bbox 533 444 3799 520">
    <p class='ocr_par' dir='ltr' id='par_1_3' title="bbox 533 444 3799 520">
     <span class='ocr_line' id='line_1_3' title="bbox 533 444 3799 520; baseline -0.001 -17"><span class='ocrx_word' id='word_1_6' title='bbox 533 465 637 518; x_wconf 81' lang='lat' dir='ltr'><strong>que</strong></span> <span class='ocrx_word' id='word_1_7' title='bbox 678 449 1056 518; x_wconf 76' lang='lat' dir='ltr'><strong>corrigamus:</strong></span> <span class='ocrx_word' id='word_1_8' title='bbox 1114 449 1312 504; x_wconf 83' lang='lat' dir='ltr'><strong>misere</strong></span> <span class='ocrx_word' id='word_1_9' title='bbox 1355 450 1499 504; x_wconf 88' lang='lat' dir='ltr'><strong>enim</strong></span> <span class='ocrx_word' id='word_1_10' title='bbox 1551 449 1606 503; x_wconf 92' lang='lat' dir='ltr'><strong>in</strong></span> <span class='ocrx_word' id='word_1_11' title='bbox 1638 447 1894 513; x_wconf 88' lang='lat' dir='ltr'><strong>Eusebio,</strong></span> <span class='ocrx_word' id='word_1_12' title='bbox 1927 465 1957 502; x_wconf 90' lang='lat' dir='ltr'><strong>a</strong></span> <span class='ocrx_word' id='word_1_13' title='bbox 1981 465 2091 520; x_wconf 87' lang='lat' dir='ltr'><strong>quo</strong></span> <span class='ocrx_word' id='word_1_14' title='bbox 2119 457 2163 513; x_wconf 79' lang='grc' dir='ltr'><strong>Α</strong></span> <span class='ocrx_word' id='word_1_15' title='bbox 2193 451 2446 520; x_wconf 86' lang='lat' dir='ltr'><strong>placent;</strong></span> <span class='ocrx_word' id='word_1_16' title='bbox 2481 448 2612 520; x_wconf 91' lang='lat' dir='ltr'><strong>quid</strong></span> <span class='ocrx_word' id='word_1_17' title='bbox 2665 447 2906 502; x_wconf 85' lang='lat' dir='ltr'><strong>mirum?</strong></span> <span class='ocrx_word' id='word_1_18' title='bbox 2935 445 3213 517; x_wconf 75' lang='lat' dir='ltr'><strong>displicuit</strong></span> <span class='ocrx_word' id='word_1_19' title='bbox 3253 452 3409 499; x_wconf 89' lang='lat' dir='ltr'><strong>antea</strong></span> <span class='ocrx_word' id='word_1_20' title='bbox 3453 452 3507 499; x_wconf 90' lang='lat' dir='ltr'><strong>et</strong></span> <span class='ocrx_word' id='word_1_21' title='bbox 3555 444 3799 502; x_wconf 71' lang='lat' dir='ltr'><strong>divino-~</strong></span> 
     </span>
    </p>
   </div>
   <div class='ocr_carea' id='block_1_4' title="bbox 532 541 2095 605">
    <p class='ocr_par' dir='ltr' id='par_1_4' title="bbox 532 541 2095 605">
     <span class='ocr_line' id='line_1_4' title="bbox 532 541 2095 605; baseline 0.001 -8"><span class='ocrx_word' id='word_1_22' title='bbox 532 549 739 605; x_wconf 85' lang='lat' dir='ltr'><strong>noster,</strong></span> <span class='ocrx_word' id='word_1_23' title='bbox 776 556 884 594; x_wconf 88' lang='lat' dir='ltr'><strong>non</strong></span> <span class='ocrx_word' id='word_1_24' title='bbox 911 550 1118 602; x_wconf 83' lang='lat' dir='ltr'><strong>tantum</strong></span> <span class='ocrx_word' id='word_1_25' title='bbox 1149 543 1202 596; x_wconf 87' lang='lat' dir='ltr'><strong>in</strong></span> <span class='ocrx_word' id='word_1_26' title='bbox 1233 542 1414 605; x_wconf 89' lang='lat' dir='ltr'><strong>editis,</strong></span> <span class='ocrx_word' id='word_1_27' title='bbox 1465 543 1558 596; x_wconf 84' lang='lat' dir='ltr'><strong>sed</strong></span> <span class='ocrx_word' id='word_1_28' title='bbox 1599 541 1655 596; x_wconf 92' lang='lat' dir='ltr'><strong>in</strong></span> <span class='ocrx_word' id='word_1_29' title='bbox 1685 543 1942 598; x_wconf 88' lang='lat' dir='ltr'><strong>omnibus</strong></span> <span class='ocrx_word' id='word_1_30' title='bbox 1983 545 2095 599; x_wconf 89' lang='lat' dir='ltr'><strong>fere</strong></span> 
     </span>
    </p>
   </div>
   <div class='ocr_carea' id='block_1_5' title="bbox 531 633 2093 705">
    <p class='ocr_par' dir='ltr' id='par_1_5' title="bbox 531 633 2093 705">
     <span class='ocr_line' id='line_1_5' title="bbox 531 633 2093 705; baseline 0.001 -17"><span class='ocrx_word' id='word_1_31' title='bbox 531 633 915 702; x_wconf 88' lang='lat' dir='ltr'><strong>manuscriptis</strong></span> <span class='ocrx_word' id='word_1_32' title='bbox 945 635 1178 703; x_wconf 83' lang='lat' dir='ltr'><strong>positum</strong></span> <span class='ocrx_word' id='word_1_33' title='bbox 1203 642 1289 688; x_wconf 92' lang='lat' dir='ltr'><strong>est</strong></span> <span class='ocrx_word' id='word_1_34' title='bbox 1317 641 1390 687; x_wconf 77' lang='grc' dir='ltr'>τν¹</span> <span class='ocrx_word' id='word_1_35' title='bbox 1411 649 1559 698; x_wconf 70' lang='lat' dir='ltr'><strong>cccc,</strong></span> <span class='ocrx_word' id='word_1_36' title='bbox 1582 651 1680 705; x_wconf 89' lang='lat' dir='ltr'><strong>pro</strong></span> <span class='ocrx_word' id='word_1_37' title='bbox 1702 650 1969 702; x_wconf 75' lang='lat' dir='ltr'><strong>cccuxv;</strong></span> <span class='ocrx_word' id='word_1_38' title='bbox 2001 637 2093 690; x_wconf 89' lang='lat' dir='ltr'><strong>sed</strong></span> 
     </span>
    </p>
   </div>
   <div class='ocr_carea' id='block_1_6' title="bbox 531 727 2093 799">
    <p class='ocr_par' dir='ltr' id='par_1_6' title="bbox 531 727 2093 799">
     <span class='ocr_line' id='line_1_6' title="bbox 531 727 2093 799; baseline 0.001 -17"><span class='ocrx_word' id='word_1_39' title='bbox 531 728 814 799; x_wconf 76' lang='lat' dir='ltr'><strong>castigatio</strong></span> <span class='ocrx_word' id='word_1_40' title='bbox 840 727 951 781; x_wconf 77' lang='lat' dir='ltr'><strong>haec</strong></span> <span class='ocrx_word' id='word_1_41' title='bbox 982 729 1114 781; x_wconf 88' lang='lat' dir='ltr'><strong>inita</strong></span> <span class='ocrx_word' id='word_1_42' title='bbox 1157 729 1540 799; x_wconf 76' lang='lat' dir='ltr'><strong>supputatione</strong></span> <span class='ocrx_word' id='word_1_43' title='bbox 1582 729 1848 784; x_wconf 81' lang='lat' dir='ltr'><strong>firmatur.</strong></span> <span class='ocrx_word' id='word_1_44' title='bbox 1879 729 2010 783; x_wconf 85' lang='lat' dir='ltr'><strong>Nam</strong></span> <span class='ocrx_word' id='word_1_45' title='bbox 2047 731 2093 784; x_wconf 91' lang='lat' dir='ltr'><strong>si</strong></span> 
     </span>
    </p>
   </div>
   <div class='ocr_carea' id='block_1_7' title="bbox 533 817 2093 890">
    <p class='ocr_par' dir='ltr' id='par_1_7' title="bbox 533 817 2093 890">
     <span class='ocr_line' id='line_1_7' title="bbox 533 817 2093 890; baseline 0.001 -16"><span class='ocrx_word' id='word_1_46' title='bbox 533 834 678 876; x_wconf 89' lang='lat' dir='ltr'><strong>anno</strong></span> <span class='ocrx_word' id='word_1_47' title='bbox 717 833 913 872; x_wconf 67' lang='lat' dir='ltr'><strong>eccam</strong></span> <span class='ocrx_word' id='word_1_48' title='bbox 966 818 1034 872; x_wconf 93' lang='lat' dir='ltr'><strong>ab</strong></span> <span class='ocrx_word' id='word_1_49' title='bbox 1059 817 1332 873; x_wconf 80' lang='lat' dir='ltr'><strong>Abraham</strong></span> <span class='ocrx_word' id='word_1_50' title='bbox 1371 820 1424 874; x_wconf 91' lang='lat' dir='ltr'><strong>in</strong></span> <span class='ocrx_word' id='word_1_51' title='bbox 1474 836 1633 890; x_wconf 83' lang='lat' dir='ltr'><strong>quem</strong></span> <span class='ocrx_word' id='word_1_52' title='bbox 1687 820 1874 874; x_wconf 86' lang='lat' dir='ltr'><strong>incidit</strong></span> <span class='ocrx_word' id='word_1_53' title='bbox 1919 835 2093 875; x_wconf 88' lang='lat' dir='ltr'><strong>annus</strong></span> 
     </span>
    </p>
   </div>
   <div class='ocr_carea' id='block_1_8' title="bbox 534 906 2092 980">
    <p class='ocr_par' dir='ltr' id='par_1_8' title="bbox 534 906 2092 980">
     <span class='ocr_line' id='line_1_8' title="bbox 534 906 2092 980; baseline 0.002 -19"><span class='ocrx_word' id='word_1_54' title='bbox 534 925 673 962; x_wconf 82' lang='lat' dir='ltr'><strong>xxxv</strong></span> <span class='ocrx_word' id='word_1_55' title='bbox 730 906 948 978; x_wconf 78' lang='lat' dir='ltr'><strong>Moysis,</strong></span> <span class='ocrx_word' id='word_1_56' title='bbox 1001 913 1053 961; x_wconf 90' lang='lat' dir='ltr'><strong>et</strong></span> <span class='ocrx_word' id='word_1_57' title='bbox 1117 909 1326 976; x_wconf 88' lang='lat' dir='ltr'><strong>primus</strong></span> <span class='ocrx_word' id='word_1_58' title='bbox 1379 909 1661 980; x_wconf 72' lang='lat' dir='ltr'><strong>Cecropis,</strong></span> <span class='ocrx_word' id='word_1_59' title='bbox 1715 910 2092 979; x_wconf 82' lang='lat' dir='ltr'><strong>aggregaveris</strong></span> 
     </span>
    </p>
   </div>
   <div class='ocr_carea' id='block_1_9' title="bbox 529 997 2090 1070">
    <p class='ocr_par' dir='ltr' id='par_1_9' title="bbox 529 997 2090 1070">
     <span class='ocr_line' id='line_1_9' title="bbox 529 997 2090 1070; baseline 0.001 -17"><span class='ocrx_word' id='word_1_60' title='bbox 529 1013 784 1063; x_wconf 69' lang='lat' dir='ltr'><strong>ceccxxv,</strong></span> <span class='ocrx_word' id='word_1_61' title='bbox 827 997 1068 1068; x_wconf 84' lang='lat' dir='ltr'><strong>reperies</strong></span> <span class='ocrx_word' id='word_1_62' title='bbox 1093 1012 1266 1054; x_wconf 90' lang='lat' dir='ltr'><strong>annos</strong></span> <span class='ocrx_word' id='word_1_63' title='bbox 1311 1014 1606 1062; x_wconf 75' lang='lat' dir='ltr'><strong>Deccxxxv,</strong></span> <span class='ocrx_word' id='word_1_64' title='bbox 1643 1014 1750 1070; x_wconf 90' lang='lat' dir='ltr'><strong>quo</strong></span> <span class='ocrx_word' id='word_1_65' title='bbox 1796 997 2090 1069; x_wconf 86' lang='lat' dir='ltr'><strong>Trojanutn</strong></span> 
     </span>
    </p>
   </div>
   <div class='ocr_carea' id='block_1_10' title="bbox 527 1088 2093 1161">
    <p class='ocr_par' dir='ltr' id='par_1_10' title="bbox 527 1088 2093 1161">
     <span class='ocr_line' id='line_1_10' title="bbox 527 1088 2093 1161; baseline 0.001 -17"><span class='ocrx_word' id='word_1_66' title='bbox 527 1091 759 1161; x_wconf 86' lang='lat' dir='ltr'><strong>contigit</strong></span> <span class='ocrx_word' id='word_1_67' title='bbox 785 1088 1077 1152; x_wconf 77' lang='lat' dir='ltr'><strong>excidium,</strong></span> <span class='ocrx_word' id='word_1_68' title='bbox 1106 1097 1160 1144; x_wconf 93' lang='lat' dir='ltr'><strong>et</strong></span> <span class='ocrx_word' id='word_1_69' title='bbox 1194 1090 1282 1145; x_wconf 91' lang='lat' dir='ltr'><strong>hic</strong></span> <span class='ocrx_word' id='word_1_70' title='bbox 1307 1107 1427 1161; x_wconf 72' lang='lat' dir='ltr'><strong>quae</strong></span> <span class='ocrx_word' id='word_1_71' title='bbox 1453 1091 1647 1146; x_wconf 86' lang='lat' dir='ltr'><strong>scribit</strong></span> <span class='ocrx_word' id='word_1_72' title='bbox 1673 1089 1943 1146; x_wconf 86' lang='lat' dir='ltr'><strong>Eusebius</strong></span> <span class='ocrx_word' id='word_1_73' title='bbox 1974 1090 2093 1160; x_wconf 90' lang='lat' dir='ltr'><strong>ipse</strong></span> 
     </span>
    </p>
   </div>
   <div class='ocr_carea' id='block_1_11' title="bbox 529 1181 2092 1246">
    <p class='ocr_par' dir='ltr' id='par_1_11' title="bbox 529 1181 2092 1246">
     <span class='ocr_line' id='line_1_11' title="bbox 529 1181 2092 1246; baseline -0.001 -11"><span class='ocrx_word' id='word_1_74' title='bbox 529 1181 674 1236; x_wconf 90' lang='lat' dir='ltr'><strong>circa</strong></span> <span class='ocrx_word' id='word_1_75' title='bbox 707 1197 908 1236; x_wconf 90' lang='lat' dir='ltr'><strong>annum</strong></span> <span class='ocrx_word' id='word_1_76' title='bbox 949 1182 1017 1235; x_wconf 88' lang='lat' dir='ltr'><strong>ab</strong></span> <span class='ocrx_word' id='word_1_77' title='bbox 1046 1181 1318 1236; x_wconf 85' lang='lat' dir='ltr'><strong>Abraham</strong></span> <span class='ocrx_word' id='word_1_78' title='bbox 1357 1196 1652 1238; x_wconf 76' lang='lat' dir='ltr'><strong>ncccxuv.</strong></span> <span class='ocrx_word' id='word_1_79' title='bbox 1684 1181 1839 1246; x_wconf 85' lang='lat' dir='ltr'><strong>Quod</strong></span> <span class='ocrx_word' id='word_1_80' title='bbox 1872 1192 1927 1235; x_wconf 89' lang='lat' dir='ltr'><strong>ut</strong></span> <span class='ocrx_word' id='word_1_81' title='bbox 1959 1181 2092 1236; x_wconf 89' lang='lat' dir='ltr'><strong>faei-</strong></span> 
     </span>
    </p>
   </div>
   <div class='ocr_carea' id='block_1_12' title="bbox 526 1266 2088 1339">
    <p class='ocr_par' dir='ltr' id='par_1_12' title="bbox 526 1266 2088 1339">
     <span class='ocr_line' id='line_1_12' title="bbox 526 1266 2088 1339; baseline 0.001 -13"><span class='ocrx_word' id='word_1_82' title='bbox 526 1273 634 1326; x_wconf 87' lang='lat' dir='ltr'><strong>lius</strong></span> <span class='ocrx_word' id='word_1_83' title='bbox 679 1273 895 1327; x_wconf 88' lang='lat' dir='ltr'><strong>crcdam</strong></span> <span class='ocrx_word' id='word_1_84' title='bbox 937 1273 1063 1326; x_wconf 76' lang='lat' dir='ltr'><strong>facit</strong></span> <span class='ocrx_word' id='word_1_85' title='bbox 1097 1273 1338 1328; x_wconf 83' lang='lat' dir='ltr'><strong>Africani</strong></span> <span class='ocrx_word' id='word_1_86' title='bbox 1390 1274 1689 1328; x_wconf 85' lang='lat' dir='ltr'><strong>auctoritas</strong></span> <span class='ocrx_word' id='word_1_87' title='bbox 1725 1274 1779 1327; x_wconf 91' lang='lat' dir='ltr'><strong>in</strong></span> <span class='ocrx_word' id='word_1_88' title='bbox 1810 1266 2088 1339; x_wconf 83' lang='lat' dir='ltr'><strong>Chronico,</strong></span> 
     </span>
    </p>
   </div>
   <div class='ocr_carea' id='block_1_13' title="bbox 526 1365 2092 1438">
    <p class='ocr_par' dir='ltr' id='par_1_13' title="bbox 526 1365 2092 1438">
     <span class='ocr_line' id='line_1_13' title="bbox 526 1365 2092 1438; baseline 0 -20"><span class='ocrx_word' id='word_1_89' title='bbox 526 1366 614 1418; x_wconf 92' lang='lat' dir='ltr'><strong>ubi</strong></span> <span class='ocrx_word' id='word_1_90' title='bbox 647 1366 723 1418; x_wconf 85' lang='lat' dir='ltr'><strong>ait</strong></span> <span class='ocrx_word' id='word_1_91' title='bbox 751 1385 764 1421; x_wconf 88' lang='lat'><strong>:</strong></span> <span class='ocrx_word' id='word_1_92' title='bbox 815 1367 945 1418; x_wconf 85' lang='grc' dir='ltr'>Ἀπὸ</span> <span class='ocrx_word' id='word_1_93' title='bbox 975 1365 1264 1437; x_wconf 83' lang='grc' dir='ltr'>Κέκροπος</span> <span class='ocrx_word' id='word_1_94' title='bbox 1303 1368 1396 1420; x_wconf 73' lang='grc' dir='ltr'><strong>ἐπὶ</strong></span> <span class='ocrx_word' id='word_1_95' title='bbox 1427 1366 1525 1438; x_wconf 79' lang='grc' dir='ltr'>τὴν</span> <span class='ocrx_word' id='word_1_96' title='bbox 1557 1365 1712 1420; x_wconf 75' lang='grc' dir='ltr'>Ἰλίου</span> <span class='ocrx_word' id='word_1_97' title='bbox 1742 1365 1940 1420; x_wconf 79' lang='grc' dir='ltr'>ἅλωσιν</span> <span class='ocrx_word' id='word_1_98' title='bbox 1970 1383 2092 1419; x_wconf 86' lang='grc' dir='ltr'>συν-</span> 
     </span>
    </p>
   </div>
   <div class='ocr_carea' id='block_1_14' title="bbox 525 1457 1413 1530">
    <p class='ocr_par' dir='ltr' id='par_1_14' title="bbox 525 1457 1413 1530">
     <span class='ocr_line' id='line_1_14' title="bbox 525 1457 1413 1530; baseline 0.002 -20"><span class='ocrx_word' id='word_1_99' title='bbox 525 1457 745 1525; x_wconf 77' lang='grc' dir='ltr'>άγονται</span> <span class='ocrx_word' id='word_1_100' title='bbox 781 1457 960 1530; x_wconf 85' lang='grc' dir='ltr'>μικρῷ</span> <span class='ocrx_word' id='word_1_101' title='bbox 993 1459 1182 1512; x_wconf 74' lang='grc' dir='ltr'>δέοντα</span> <span class='ocrx_word' id='word_1_102' title='bbox 1219 1459 1312 1527; x_wconf 77' lang='grc' dir='ltr'><strong>ἔτη</strong></span> <span class='ocrx_word' id='word_1_103' title='bbox 1347 1463 1413 1512; x_wconf 82' lang='lat' dir='ltr'><strong>u&#39;.</strong></span> 
     </span>
    </p>
   </div>
   <div class='ocr_carea' id='block_1_15' title="bbox 593 1546 2088 1616">
    <p class='ocr_par' dir='ltr' id='par_1_15' title="bbox 593 1546 2088 1616">
     <span class='ocr_line' id='line_1_15' title="bbox 593 1546 2088 1616; baseline -0.001 -12"><span class='ocrx_word' id='word_1_104' title='bbox 593 1551 708 1606; x_wconf 85' lang='lat' dir='ltr'><strong>Col.</strong></span> <span class='ocrx_word' id='word_1_105' title='bbox 743 1551 864 1614; x_wconf 78' lang='lat'><strong>708,</strong></span> <span class='ocrx_word' id='word_1_106' title='bbox 884 1551 977 1605; x_wconf 88' lang='lat' dir='ltr'><strong>lin.</strong></span> <span class='ocrx_word' id='word_1_107' title='bbox 1009 1551 1099 1606; x_wconf 70' lang='grc'><strong>24.</strong></span> <span class='ocrx_word' id='word_1_108' title='bbox 1117 1551 1212 1616; x_wconf 84' lang='grc' dir='ltr'>Ὡς</span> <span class='ocrx_word' id='word_1_109' title='bbox 1231 1546 1381 1603; x_wconf 80' lang='grc' dir='ltr'>εἶναι</span> <span class='ocrx_word' id='word_1_110' title='bbox 1407 1547 1526 1603; x_wconf 81' lang='grc' dir='ltr'>τῶν</span> <span class='ocrx_word' id='word_1_111' title='bbox 1558 1547 1691 1616; x_wconf 74' lang='grc' dir='ltr'>παρ’</span> <span class='ocrx_word' id='word_1_112' title='bbox 1712 1549 1990 1615; x_wconf 57' lang='lat' dir='ltr'><strong>&quot;Ellum.</strong></span> <span class='ocrx_word' id='word_1_113' title='bbox 2015 1546 2088 1602; x_wconf 84' lang='lat' dir='ltr'><strong>Ex</strong></span> 
     </span>
    </p>
   </div>
   <div class='ocr_carea' id='block_1_16' title="bbox 522 1637 2088 1711">
    <p class='ocr_par' dir='ltr' id='par_1_16' title="bbox 522 1637 2088 1711">
     <span class='ocr_line' id='line_1_16' title="bbox 522 1637 2088 1711; baseline -0.001 -17"><span class='ocrx_word' id='word_1_114' title='bbox 522 1641 790 1697; x_wconf 86' lang='lat' dir='ltr'><strong>Eusebio:</strong></span> <span class='ocrx_word' id='word_1_115' title='bbox 818 1641 1053 1694; x_wconf 80' lang='grc' dir='ltr'>Μωῦσέα</span> <span class='ocrx_word' id='word_1_116' title='bbox 1084 1639 1160 1704; x_wconf 83' lang='grc' dir='ltr'>δὲ,</span> <span class='ocrx_word' id='word_1_117' title='bbox 1195 1639 1498 1711; x_wconf 75' lang='grc' dir='ltr'><strong>φιλαλήθως</strong></span> <span class='ocrx_word' id='word_1_118' title='bbox 1535 1643 1728 1702; x_wconf 85' lang='grc' dir='ltr'>εἰπεῖν,</span> <span class='ocrx_word' id='word_1_119' title='bbox 1749 1637 1953 1693; x_wconf 85' lang='grc' dir='ltr'>τούτων</span> <span class='ocrx_word' id='word_1_120' title='bbox 1992 1639 2088 1710; x_wconf 84' lang='grc' dir='ltr'><strong>μὲν</strong></span> 
     </span>
    </p>
   </div>
   <div class='ocr_carea' id='block_1_17' title="bbox 522 1729 2088 1804">
    <p class='ocr_par' dir='ltr' id='par_1_17' title="bbox 522 1729 2088 1804">
     <span class='ocr_line' id='line_1_17' title="bbox 522 1729 2088 1804; baseline -0.003 -18"><span class='ocrx_word' id='word_1_121' title='bbox 522 1733 802 1804; x_wconf 85' lang='grc' dir='ltr'>νεώτερον,</span> <span class='ocrx_word' id='word_1_122' title='bbox 836 1731 947 1785; x_wconf 86' lang='grc' dir='ltr'><strong>τῶν</strong></span> <span class='ocrx_word' id='word_1_123' title='bbox 991 1732 1045 1784; x_wconf 81' lang='grc' dir='ltr'><strong>δὲ</strong></span> <span class='ocrx_word' id='word_1_124' title='bbox 1087 1733 1214 1802; x_wconf 75' lang='grc' dir='ltr'>παρ’</span> <span class='ocrx_word' id='word_1_125' title='bbox 1255 1731 1507 1800; x_wconf 79' lang='grc' dir='ltr'>’Ἓλλησιν</span> <span class='ocrx_word' id='word_1_126' title='bbox 1559 1729 2088 1802; x_wconf 77' lang='grc' dir='ltr'><strong>ἀρχαιολογουμένων</strong></span> 
     </span>
    </p>
   </div>
   <div class='ocr_carea' id='block_1_18' title="bbox 522 1804 2164 1898">
    <p class='ocr_par' dir='ltr' id='par_1_18' title="bbox 522 1804 2164 1898">
     <span class='ocr_line' id='line_1_18' title="bbox 522 1804 2164 1898; baseline -0.004 -17"><span class='ocrx_word' id='word_1_127' title='bbox 522 1826 910 1898; x_wconf 77' lang='grc' dir='ltr'>πρεσϐύτατον,</span> <span class='ocrx_word' id='word_1_128' title='bbox 941 1821 1176 1895; x_wconf 86' lang='grc' dir='ltr'>Ὁμήρου</span> <span class='ocrx_word' id='word_1_129' title='bbox 1205 1821 1366 1892; x_wconf 76' lang='grc' dir='ltr'>λέγω,</span> <span class='ocrx_word' id='word_1_130' title='bbox 1384 1824 1478 1876; x_wconf 69' lang='grc' dir='ltr'>καὶ</span> <span class='ocrx_word' id='word_1_131' title='bbox 1503 1823 1768 1885; x_wconf 83' lang='grc' dir='ltr'>Ἠσιόδου,</span> <span class='ocrx_word' id='word_1_132' title='bbox 1794 1822 1886 1876; x_wconf 80' lang='grc' dir='ltr'>καὶ</span> <span class='ocrx_word' id='word_1_133' title='bbox 1911 1821 2088 1875; x_wconf 83' lang='grc' dir='ltr'>αὐτῶν</span> <span class='ocrx_word' id='word_1_134' title='bbox 2122 1804 2164 1859; x_wconf 74' lang='grc' dir='ltr'><strong><em>Β</em></strong></span> 
     </span>
    </p>
   </div>
   <div class='ocr_carea' id='block_1_19' title="bbox 520 1916 2084 1990">
    <p class='ocr_par' dir='ltr' id='par_1_19' title="bbox 520 1916 2084 1990">
     <span class='ocr_line' id='line_1_19' title="bbox 520 1916 2084 1990; baseline -0.004 -18"><span class='ocrx_word' id='word_1_135' title='bbox 520 1919 628 1972; x_wconf 82' lang='grc' dir='ltr'><strong>τῶν</strong></span> <span class='ocrx_word' id='word_1_136' title='bbox 671 1918 932 1990; x_wconf 82' lang='grc' dir='ltr'>Τρωῖκῶν</span> <span class='ocrx_word' id='word_1_137' title='bbox 953 1957 966 1980; x_wconf 92' lang='grc'><strong>,</strong></span> <span class='ocrx_word' id='word_1_138' title='bbox 1016 1917 1109 1970; x_wconf 78' lang='grc' dir='ltr'>καὶ</span> <span class='ocrx_word' id='word_1_139' title='bbox 1165 1917 1244 1970; x_wconf 75' lang='grc' dir='ltr'>ἔτι</span> <span class='ocrx_word' id='word_1_140' title='bbox 1300 1916 1634 1988; x_wconf 77' lang='grc' dir='ltr'><strong>Διοσκούρων</strong></span> <span class='ocrx_word' id='word_1_141' title='bbox 1660 1957 1675 1982; x_wconf 86' lang='grc'><strong>,</strong></span> <span class='ocrx_word' id='word_1_142' title='bbox 1726 1916 2084 1985; x_wconf 75' lang='grc' dir='ltr'><strong>Ἀσκληπιοῦ,</strong></span> 
     </span>
    </p>
   </div>
   <div class='ocr_carea' id='block_1_20' title="bbox 519 2007 2087 2081">
    <p class='ocr_par' dir='ltr' id='par_1_20' title="bbox 519 2007 2087 2081">
     <span class='ocr_line' id='line_1_20' title="bbox 519 2007 2087 2081; baseline -0.003 -17"><span class='ocrx_word' id='word_1_143' title='bbox 519 2011 793 2075; x_wconf 79' lang='grc' dir='ltr'>Διονύσου,</span> <span class='ocrx_word' id='word_1_144' title='bbox 812 2009 1006 2081; x_wconf 79' lang='grc' dir='ltr'>ἡρώων</span> <span class='ocrx_word' id='word_1_145' title='bbox 1033 2026 1093 2061; x_wconf 85' lang='grc' dir='ltr'><strong>τε</strong></span> <span class='ocrx_word' id='word_1_146' title='bbox 1119 2008 1353 2069; x_wconf 75' lang='grc' dir='ltr'>πάντων,</span> <span class='ocrx_word' id='word_1_147' title='bbox 1371 2008 1571 2080; x_wconf 82' lang='grc' dir='ltr'>Ἐρμοῦ</span> <span class='ocrx_word' id='word_1_148' title='bbox 1611 2025 1669 2060; x_wconf 89' lang='grc' dir='ltr'><strong>τε</strong></span> <span class='ocrx_word' id='word_1_149' title='bbox 1695 2007 1788 2060; x_wconf 79' lang='grc' dir='ltr'><strong>καὶ</strong></span> <span class='ocrx_word' id='word_1_150' title='bbox 1825 2007 2087 2060; x_wconf 81' lang='grc' dir='ltr'><strong>Ἀπόλλω⁶</strong></span> 
     </span>
    </p>
   </div>
   <div class='ocr_carea' id='block_1_21' title="bbox 520 2098 2088 2172">
    <p class='ocr_par' dir='ltr' id='par_1_21' title="bbox 520 2098 2088 2172">
     <span class='ocr_line' id='line_1_21' title="bbox 520 2098 2088 2172; baseline -0.002 -17"><span class='ocrx_word' id='word_1_151' title='bbox 520 2121 627 2166; x_wconf 87' lang='grc' dir='ltr'>νος,</span> <span class='ocrx_word' id='word_1_152' title='bbox 668 2102 775 2155; x_wconf 82' lang='grc' dir='ltr'><strong>τῶν</strong></span> <span class='ocrx_word' id='word_1_153' title='bbox 816 2120 872 2154; x_wconf 88' lang='grc' dir='ltr'><strong>τε</strong></span> <span class='ocrx_word' id='word_1_154' title='bbox 915 2100 1114 2154; x_wconf 82' lang='grc' dir='ltr'>λοιπῶν</span> <span class='ocrx_word' id='word_1_155' title='bbox 1161 2102 1286 2172; x_wconf 53' lang='grc' dir='ltr'><strong>⁴παρ’</strong></span> <span class='ocrx_word' id='word_1_156' title='bbox 1315 2099 1535 2169; x_wconf 81' lang='grc' dir='ltr'>Ἕλλησι</span> <span class='ocrx_word' id='word_1_157' title='bbox 1572 2099 1727 2160; x_wconf 83' lang='grc' dir='ltr'>θεῶν,</span> <span class='ocrx_word' id='word_1_158' title='bbox 1775 2098 2088 2170; x_wconf 82' lang='grc' dir='ltr'>μυστηρίων</span> 
     </span>
    </p>
   </div>
   <div class='ocr_carea' id='block_1_22' title="bbox 516 2189 2086 2263">
    <p class='ocr_par' dir='ltr' id='par_1_22' title="bbox 516 2189 2086 2263">
     <span class='ocr_line' id='line_1_22' title="bbox 516 2189 2086 2263; baseline -0.003 -14"><span class='ocrx_word' id='word_1_159' title='bbox 516 2211 600 2257; x_wconf 79' lang='grc' dir='ltr'><strong>τε,</strong></span> <span class='ocrx_word' id='word_1_160' title='bbox 637 2196 730 2249; x_wconf 78' lang='grc' dir='ltr'><strong>καὶ</strong></span> <span class='ocrx_word' id='word_1_161' title='bbox 773 2195 1021 2258; x_wconf 76' lang='grc' dir='ltr'>τελετῶν,</span> <span class='ocrx_word' id='word_1_162' title='bbox 1047 2194 1165 2255; x_wconf 83' lang='grc' dir='ltr'>Διός</span> <span class='ocrx_word' id='word_1_163' title='bbox 1207 2209 1266 2246; x_wconf 85' lang='grc' dir='ltr'><strong>τε</strong></span> <span class='ocrx_word' id='word_1_164' title='bbox 1311 2192 1471 2245; x_wconf 77' lang='grc' dir='ltr'>αὑτοῦ</span> <span class='ocrx_word' id='word_1_165' title='bbox 1523 2189 1770 2263; x_wconf 83' lang='grc' dir='ltr'>πράξεων</span> <span class='ocrx_word' id='word_1_166' title='bbox 1808 2191 1916 2243; x_wconf 82' lang='grc' dir='ltr'><strong>τῶν</strong></span> <span class='ocrx_word' id='word_1_167' title='bbox 1959 2192 2086 2261; x_wconf 84' lang='grc' dir='ltr'>παρ’</span> 
     </span>
    </p>
   </div>
   <div class='ocr_carea' id='block_1_23' title="bbox 519 2283 2087 2358">
    <p class='ocr_par' dir='ltr' id='par_1_23' title="bbox 519 2283 2087 2358">
     <span class='ocr_line' id='line_1_23' title="bbox 519 2283 2087 2358; baseline -0.003 -18"><span class='ocrx_word' id='word_1_168' title='bbox 519 2287 742 2358; x_wconf 74' lang='grc' dir='ltr'>Ἕλλησι</span> <span class='ocrx_word' id='word_1_169' title='bbox 767 2286 1288 2357; x_wconf 57' lang='grc' dir='ltr'>’μνημονευομένωνι</span> <span class='ocrx_word' id='word_1_170' title='bbox 1335 2283 1401 2336; x_wconf 88' lang='lat' dir='ltr'><strong>Et</strong></span> <span class='ocrx_word' id='word_1_171' title='bbox 1440 2283 1704 2338; x_wconf 82' lang='lat' dir='ltr'><strong>inferius:</strong></span> <span class='ocrx_word' id='word_1_172' title='bbox 1738 2283 1948 2338; x_wconf 82' lang='grc' dir='ltr'>Γίνεται</span> <span class='ocrx_word' id='word_1_173' title='bbox 1979 2283 2087 2355; x_wconf 84' lang='grc' dir='ltr'><strong>γὰρ</strong></span> 
     </span>
    </p>
   </div>
   <div class='ocr_carea' id='block_1_24' title="bbox 521 2376 2088 2449">
    <p class='ocr_par' dir='ltr' id='par_1_24' title="bbox 521 2376 2088 2449">
     <span class='ocr_line' id='line_1_24' title="bbox 521 2376 2088 2449; baseline -0.003 -17"><span class='ocrx_word' id='word_1_174' title='bbox 521 2379 660 2448; x_wconf 71' lang='grc' dir='ltr'>μετὰ</span> <span class='ocrx_word' id='word_1_175' title='bbox 689 2380 947 2449; x_wconf 79' lang='grc' dir='ltr'>Κέκροπα</span> <span class='ocrx_word' id='word_1_176' title='bbox 972 2380 1000 2430; x_wconf 85' lang='grc' dir='ltr'><strong>ὁ</strong></span> <span class='ocrx_word' id='word_1_177' title='bbox 1028 2377 1166 2432; x_wconf 87' lang='grc' dir='ltr'>κατὰ</span> <span class='ocrx_word' id='word_1_178' title='bbox 1192 2378 1533 2430; x_wconf 76' lang='grc' dir='ltr'>Δευκαλίωνα</span> <span class='ocrx_word' id='word_1_179' title='bbox 1563 2376 1963 2447; x_wconf 82' lang='grc' dir='ltr'>κατακλυσμὸς,</span> <span class='ocrx_word' id='word_1_180' title='bbox 1991 2376 2088 2429; x_wconf 74' lang='grc' dir='ltr'><strong>καὶ</strong></span> 
     </span>
    </p>
   </div>
   <div class='ocr_carea' id='block_1_25' title="bbox 516 2469 2083 2540">
    <p class='ocr_par' dir='ltr' id='par_1_25' title="bbox 516 2469 2083 2540">
     <span class='ocr_line' id='line_1_25' title="bbox 516 2469 2083 2540; baseline -0.001 -19"><span class='ocrx_word' id='word_1_181' title='bbox 516 2470 551 2540; x_wconf 80' lang='grc' dir='ltr'>ἠ</span> <span class='ocrx_word' id='word_1_182' title='bbox 582 2470 674 2522; x_wconf 71' lang='grc' dir='ltr'>ἐπὶ</span> <span class='ocrx_word' id='word_1_183' title='bbox 702 2470 991 2532; x_wconf 80' lang='grc' dir='ltr'>Φαέθοντος</span> <span class='ocrx_word' id='word_1_184' title='bbox 1017 2470 1342 2540; x_wconf 75' lang='grc' dir='ltr'>ἐκπύρωσις,</span> <span class='ocrx_word' id='word_1_185' title='bbox 1379 2469 1708 2540; x_wconf 75' lang='grc' dir='ltr'>Ἐριχθονίου</span> <span class='ocrx_word' id='word_1_186' title='bbox 1750 2485 1809 2520; x_wconf 90' lang='grc' dir='ltr'><strong>τε</strong></span> <span class='ocrx_word' id='word_1_187' title='bbox 1854 2469 2083 2536; x_wconf 78' lang='grc' dir='ltr'>γένεσις,</span> 
     </span>
    </p>
   </div>
   <div class='ocr_carea' id='block_1_26' title="bbox 516 2558 2088 2634">
    <p class='ocr_par' dir='ltr' id='par_1_26' title="bbox 516 2558 2088 2634">
     <span class='ocr_line' id='line_1_26' title="bbox 516 2558 2088 2634; baseline -0.001 -20"><span class='ocrx_word' id='word_1_188' title='bbox 516 2564 610 2615; x_wconf 75' lang='grc' dir='ltr'><strong>καὶ</strong></span> <span class='ocrx_word' id='word_1_189' title='bbox 640 2564 671 2632; x_wconf 81' lang='grc' dir='ltr'>ἡ</span> <span class='ocrx_word' id='word_1_190' title='bbox 705 2561 807 2613; x_wconf 73' lang='grc' dir='ltr'><strong>ὑπὸ</strong></span> <span class='ocrx_word' id='word_1_191' title='bbox 833 2562 1105 2634; x_wconf 75' lang='grc' dir='ltr'>Δαρδάνου</span> <span class='ocrx_word' id='word_1_192' title='bbox 1139 2562 1235 2631; x_wconf 73' lang='grc' dir='ltr'><strong>τῆς</strong></span> <span class='ocrx_word' id='word_1_193' title='bbox 1279 2559 1570 2633; x_wconf 75' lang='grc' dir='ltr'>Δαρδανίας</span> <span class='ocrx_word' id='word_1_194' title='bbox 1615 2560 1808 2623; x_wconf 82' lang='grc' dir='ltr'>κτίσις,</span> <span class='ocrx_word' id='word_1_195' title='bbox 1844 2558 1902 2613; x_wconf 76' lang='grc' dir='ltr'>ὃν</span> <span class='ocrx_word' id='word_1_196' title='bbox 1949 2561 2088 2631; x_wconf 85' lang='grc' dir='ltr'>πρῶ-</span> 
     </span>
    </p>
   </div>
   <div class='ocr_carea' id='block_1_27' title="bbox 514 2653 1101 2724">
    <p class='ocr_par' dir='ltr' id='par_1_27' title="bbox 514 2653 1101 2724">
     <span class='ocr_line' id='line_1_27' title="bbox 514 2653 1101 2724; baseline 0 -19"><span class='ocrx_word' id='word_1_197' title='bbox 514 2670 604 2708; x_wconf 88' lang='grc' dir='ltr'><strong>τον</strong></span> <span class='ocrx_word' id='word_1_198' title='bbox 646 2654 808 2723; x_wconf 68' lang='grc' dir='ltr'>φησιν</span> <span class='ocrx_word' id='word_1_199' title='bbox 834 2653 901 2704; x_wconf 89' lang='grc' dir='ltr'>Ὅ</span> <span class='ocrx_word' id='word_1_200' title='bbox 909 2671 980 2723; x_wconf 83' lang='grc' dir='ltr'>μη</span> <span class='ocrx_word' id='word_1_201' title='bbox 991 2670 1101 2724; x_wconf 82' lang='grc' dir='ltr'>ρος,</span> 
     </span>
    </p>
   </div>
   <div class='ocr_carea' id='block_1_28' title="bbox 587 2741 1825 2812">
    <p class='ocr_par' dir='ltr' id='par_1_28' title="bbox 587 2741 1825 2812">
     <span class='ocr_line' id='line_1_28' title="bbox 587 2741 1825 2812; baseline -0.004 -15"><span class='ocrx_word' id='word_1_202' title='bbox 587 2782 604 2797; x_wconf 88' lang='grc'><strong>.</strong></span> <span class='ocrx_word' id='word_1_203' title='bbox 684 2785 696 2796; x_wconf 95' lang='grc'><strong>.</strong></span> <span class='ocrx_word' id='word_1_204' title='bbox 777 2783 790 2795; x_wconf 93' lang='grc'><strong>.</strong></span> <span class='ocrx_word' id='word_1_205' title='bbox 869 2784 884 2797; x_wconf 92' lang='grc'><strong>.</strong></span> <span class='ocrx_word' id='word_1_206' title='bbox 966 2743 1166 2796; x_wconf 81' lang='grc' dir='ltr'>Τέκετο</span> <span class='ocrx_word' id='word_1_207' title='bbox 1193 2741 1624 2812; x_wconf 63' lang='grc' dir='ltr'><strong>νεφεληγερέτα</strong></span> <span class='ocrx_word' id='word_1_208' title='bbox 1647 2743 1825 2808; x_wconf 76' lang='grc' dir='ltr'><strong>Ζεύς⁹</strong></span> 
     </span>
    </p>
   </div>
   <div class='ocr_carea' id='block_1_29' title="bbox 515 2833 2086 2906">
    <p class='ocr_par' dir='ltr' id='par_1_29' title="bbox 515 2833 2086 2906">
     <span class='ocr_line' id='line_1_29' title="bbox 515 2833 2086 2906; baseline 0.001 -18"><span class='ocrx_word' id='word_1_209' title='bbox 515 2835 698 2906; x_wconf 79' lang='grc' dir='ltr'>Κόρης</span> <span class='ocrx_word' id='word_1_210' title='bbox 721 2852 778 2888; x_wconf 80' lang='grc' dir='ltr'><strong>τε</strong></span> <span class='ocrx_word' id='word_1_211' title='bbox 806 2835 1046 2906; x_wconf 79' lang='grc' dir='ltr'>ἁρπαγὴ,</span> <span class='ocrx_word' id='word_1_212' title='bbox 1075 2837 1167 2887; x_wconf 79' lang='grc' dir='ltr'>καὶ</span> <span class='ocrx_word' id='word_1_213' title='bbox 1210 2837 1493 2906; x_wconf 81' lang='grc' dir='ltr'>Δήμητρος</span> <span class='ocrx_word' id='word_1_214' title='bbox 1523 2836 1816 2904; x_wconf 75' lang='grc' dir='ltr'>μυστήρια,</span> <span class='ocrx_word' id='word_1_215' title='bbox 1849 2843 1951 2888; x_wconf 87' lang='lat' dir='ltr'><strong>etc.</strong></span> <span class='ocrx_word' id='word_1_216' title='bbox 1982 2833 2086 2899; x_wconf 86' lang='lat' dir='ltr'><strong>Qui</strong></span> 
     </span>
    </p>
   </div>
   <div class='ocr_carea' id='block_1_30' title="bbox 515 2927 2086 3000">
    <p class='ocr_par' dir='ltr' id='par_1_30' title="bbox 515 2927 2086 3000">
     <span class='ocr_line' id='line_1_30' title="bbox 515 2927 2086 3000; baseline 0.001 -18"><span class='ocrx_word' id='word_1_217' title='bbox 515 2929 668 2983; x_wconf 85' lang='lat' dir='ltr'><strong>locus</strong></span> <span class='ocrx_word' id='word_1_218' title='bbox 697 2927 915 2984; x_wconf 84' lang='lat' dir='ltr'><strong>Eusebii</strong></span> <span class='ocrx_word' id='word_1_219' title='bbox 953 2945 1019 2984; x_wconf 74' lang='lat' dir='ltr'><strong>ex</strong></span> <span class='ocrx_word' id='word_1_220' title='bbox 1056 2931 1156 2983; x_wconf 90' lang='lat' dir='ltr'><strong>hoc</strong></span> <span class='ocrx_word' id='word_1_221' title='bbox 1207 2937 1397 2986; x_wconf 89' lang='lat' dir='ltr'><strong>nostro</strong></span> <span class='ocrx_word' id='word_1_222' title='bbox 1428 2929 1716 2983; x_wconf 87' lang='lat' dir='ltr'><strong>Eustathio</strong></span> <span class='ocrx_word' id='word_1_223' title='bbox 1758 2927 2086 3000; x_wconf 73' lang='lat' dir='ltr'><strong>Hieronymo</strong></span> 
     </span>
    </p>
   </div>
   <div class='ocr_carea' id='block_1_31' title="bbox 514 3020 2086 3093">
    <p class='ocr_par' dir='ltr' id='par_1_31' title="bbox 514 3020 2086 3093">
     <span class='ocr_line' id='line_1_31' title="bbox 514 3020 2086 3093; baseline 0.005 -17"><span class='ocrx_word' id='word_1_224' title='bbox 514 3021 652 3077; x_wconf 89' lang='lat' dir='ltr'><strong>duce</strong></span> <span class='ocrx_word' id='word_1_225' title='bbox 695 3022 1030 3091; x_wconf 83' lang='lat' dir='ltr'><strong>supplendus</strong></span> <span class='ocrx_word' id='word_1_226' title='bbox 1090 3030 1212 3085; x_wconf 83' lang='lat' dir='ltr'><strong>est,</strong></span> <span class='ocrx_word' id='word_1_227' title='bbox 1268 3020 1593 3093; x_wconf 83' lang='grc' dir='ltr'>Ἐριχθονίου</span> <span class='ocrx_word' id='word_1_228' title='bbox 1661 3035 1720 3072; x_wconf 77' lang='grc' dir='ltr'><strong>τε</strong></span> <span class='ocrx_word' id='word_1_229' title='bbox 1758 3020 1968 3088; x_wconf 80' lang='grc' dir='ltr'>γένεσις</span> <span class='ocrx_word' id='word_1_230' title='bbox 2028 3021 2086 3086; x_wconf 76' lang='grc' dir='ltr'>ἐξ</span> 
     </span>
    </p>
   </div>
   <div class='ocr_carea' id='block_1_32' title="bbox 524 3109 2081 3183">
    <p class='ocr_par' dir='ltr' id='par_1_32' title="bbox 524 3109 2081 3183">
     <span class='ocr_line' id='line_1_32' title="bbox 524 3109 2081 3183; baseline 0.001 -17"><span class='ocrx_word' id='word_1_231' title='bbox 524 3113 814 3181; x_wconf 76' lang='grc' dir='ltr'>Ἡφαίστου</span> <span class='ocrx_word' id='word_1_232' title='bbox 869 3109 961 3166; x_wconf 70' lang='grc' dir='ltr'>καὶ</span> <span class='ocrx_word' id='word_1_233' title='bbox 1006 3113 1144 3183; x_wconf 78' lang='grc' dir='ltr'>Γῆς,</span> <span class='ocrx_word' id='word_1_234' title='bbox 1179 3129 1299 3183; x_wconf 82' lang='lat' dir='ltr'><strong>qua:</strong></span> <span class='ocrx_word' id='word_1_235' title='bbox 1343 3113 1725 3168; x_wconf 83' lang='lat' dir='ltr'><strong>desiderantur</strong></span> <span class='ocrx_word' id='word_1_236' title='bbox 1771 3115 1824 3168; x_wconf 87' lang='lat' dir='ltr'><strong>in</strong></span> <span class='ocrx_word' id='word_1_237' title='bbox 1873 3113 2081 3170; x_wconf 51' lang='lat' dir='ltr'><strong>Graeco.</strong></span> 
     </span>
    </p>
   </div>
   <div class='ocr_carea' id='block_1_33' title="bbox 516 3202 2076 3276">
    <p class='ocr_par' dir='ltr' id='par_1_33' title="bbox 516 3202 2076 3276">
     <span class='ocr_line' id='line_1_33' title="bbox 516 3202 2076 3276; baseline 0 -20"><span class='ocrx_word' id='word_1_238' title='bbox 516 3203 656 3257; x_wconf 89' lang='lat' dir='ltr'><strong>Idem</strong></span> <span class='ocrx_word' id='word_1_239' title='bbox 691 3202 955 3259; x_wconf 83' lang='lat' dir='ltr'><strong>Eusebius</strong></span> <span class='ocrx_word' id='word_1_240' title='bbox 985 3204 1038 3258; x_wconf 93' lang='lat' dir='ltr'><strong>in</strong></span> <span class='ocrx_word' id='word_1_241' title='bbox 1069 3205 1172 3258; x_wconf 89' lang='lat' dir='ltr'><strong>hoc</strong></span> <span class='ocrx_word' id='word_1_242' title='bbox 1200 3204 1389 3260; x_wconf 86' lang='lat' dir='ltr'><strong>eodem</strong></span> <span class='ocrx_word' id='word_1_243' title='bbox 1415 3203 1676 3260; x_wconf 83' lang='lat' dir='ltr'><strong>Chronico</strong></span> <span class='ocrx_word' id='word_1_244' title='bbox 1699 3215 1850 3274; x_wconf 85' lang='lat' dir='ltr'><strong>parte</strong></span> <span class='ocrx_word' id='word_1_245' title='bbox 1870 3208 2040 3276; x_wconf 86' lang='lat' dir='ltr'><strong>prima</strong></span> <span class='ocrx_word' id='word_1_246' title='bbox 2063 3223 2076 3256; x_wconf 90' lang='lat'>:</span> 
     </span>
    </p>
   </div>
   <div class='ocr_carea' id='block_1_34' title="bbox 511 3295 2083 3368">
    <p class='ocr_par' dir='ltr' id='par_1_34' title="bbox 511 3295 2083 3368">
     <span class='ocr_line' id='line_1_34' title="bbox 511 3295 2083 3368; baseline 0 -18"><span class='ocrx_word' id='word_1_247' title='bbox 511 3298 668 3350; x_wconf 74' lang='grc' dir='ltr'>Πᾶσα</span> <span class='ocrx_word' id='word_1_248' title='bbox 715 3298 842 3368; x_wconf 81' lang='grc' dir='ltr'>παρ’</span> <span class='ocrx_word' id='word_1_249' title='bbox 886 3295 1110 3367; x_wconf 82' lang='grc' dir='ltr'>Ἕλλησι</span> <span class='ocrx_word' id='word_1_250' title='bbox 1159 3295 1546 3367; x_wconf 77' lang='grc' dir='ltr'>Θαυμαζομένη</span> <span class='ocrx_word' id='word_1_251' title='bbox 1596 3297 1793 3368; x_wconf 81' lang='grc' dir='ltr'>πρᾶξις</span> <span class='ocrx_word' id='word_1_252' title='bbox 1832 3298 1937 3350; x_wconf 79' lang='grc' dir='ltr'><strong>ἀπὸ</strong></span> <span class='ocrx_word' id='word_1_253' title='bbox 1977 3298 2083 3350; x_wconf 84' lang='grc' dir='ltr'><strong>τῶν</strong></span> 
     </span>
    </p>
   </div>
   <div class='ocr_carea' id='block_1_35' title="bbox 525 3378 2083 3458">
    <p class='ocr_par' dir='ltr' id='par_1_35' title="bbox 525 3378 2083 3458">
     <span class='ocr_line' id='line_1_35' title="bbox 525 3378 2083 3458; baseline 0.001 -20"><span class='ocrx_word' id='word_1_254' title='bbox 525 3386 727 3456; x_wconf 82' lang='grc' dir='ltr'>Ἰνάχου</span> <span class='ocrx_word' id='word_1_255' title='bbox 780 3378 984 3456; x_wconf 80' lang='grc' dir='ltr'>χρόνων</span> <span class='ocrx_word' id='word_1_256' title='bbox 1005 3423 1020 3451; x_wconf 89' lang='grc'><strong>,</strong></span> <span class='ocrx_word' id='word_1_257' title='bbox 1065 3386 1158 3439; x_wconf 78' lang='grc' dir='ltr'><strong>καὶ</strong></span> <span class='ocrx_word' id='word_1_258' title='bbox 1198 3387 1487 3457; x_wconf 81' lang='grc' dir='ltr'>Φορωνέως</span> <span class='ocrx_word' id='word_1_259' title='bbox 1531 3389 1611 3450; x_wconf 83' lang='grc' dir='ltr'><strong>εις</strong></span> <span class='ocrx_word' id='word_1_260' title='bbox 1650 3385 1739 3440; x_wconf 84' lang='grc' dir='ltr'><strong>τὸν</strong></span> <span class='ocrx_word' id='word_1_261' title='bbox 1793 3388 2083 3458; x_wconf 70' lang='grc' dir='ltr'>μετέπειτα</span> 
     </span>
    </p>
   </div>
   <div class='ocr_carea' id='block_1_36' title="bbox 512 3478 2081 3550">
    <p class='ocr_par' dir='ltr' id='par_1_36' title="bbox 512 3478 2081 3550">
     <span class='ocr_line' id='line_1_36' title="bbox 512 3478 2081 3550; baseline 0.002 -20"><span class='ocrx_word' id='word_1_262' title='bbox 512 3478 754 3548; x_wconf 79' lang='grc' dir='ltr'>φέρεται.</span> <span class='ocrx_word' id='word_1_263' title='bbox 799 3478 887 3531; x_wconf 85' lang='grc' dir='ltr'>Διὸ</span> <span class='ocrx_word' id='word_1_264' title='bbox 914 3479 1005 3531; x_wconf 71' lang='grc' dir='ltr'><strong>καὶ</strong></span> <span class='ocrx_word' id='word_1_265' title='bbox 1042 3478 1264 3531; x_wconf 86' lang='grc' dir='ltr'>Πλάτων</span> <span class='ocrx_word' id='word_1_266' title='bbox 1296 3480 1353 3530; x_wconf 86' lang='grc' dir='ltr'>ὲν</span> <span class='ocrx_word' id='word_1_267' title='bbox 1383 3479 1591 3548; x_wconf 78' lang='grc' dir='ltr'><strong>Τιμαίῳ</strong></span> <span class='ocrx_word' id='word_1_268' title='bbox 1627 3478 1704 3549; x_wconf 79' lang='grc' dir='ltr'>τῷ</span> <span class='ocrx_word' id='word_1_269' title='bbox 1730 3479 1958 3550; x_wconf 83' lang='grc' dir='ltr'><strong>διαλόγῳ</strong></span> <span class='ocrx_word' id='word_1_270' title='bbox 1989 3480 2081 3533; x_wconf 82' lang='grc' dir='ltr'>τοῦ</span> 
     </span>
    </p>
   </div>
   <div class='ocr_carea' id='block_1_37' title="bbox 510 3568 2080 3639">
    <p class='ocr_par' dir='ltr' id='par_1_37' title="bbox 510 3568 2080 3639">
     <span class='ocr_line' id='line_1_37' title="bbox 510 3568 2080 3639; baseline 0.003 -19"><span class='ocrx_word' id='word_1_271' title='bbox 510 3568 798 3638; x_wconf 76' lang='grc' dir='ltr'>Φορωνέως</span> <span class='ocrx_word' id='word_1_272' title='bbox 842 3569 1205 3638; x_wconf 75' lang='grc' dir='ltr'>ἐπιμέμνηται</span> <span class='ocrx_word' id='word_1_273' title='bbox 1247 3569 1472 3639; x_wconf 81' lang='grc' dir='ltr'>χρόνων,</span> <span class='ocrx_word' id='word_1_274' title='bbox 1513 3570 1588 3632; x_wconf 81' lang='grc' dir='ltr'>ὡς</span> <span class='ocrx_word' id='word_1_275' title='bbox 1636 3570 1774 3622; x_wconf 85' lang='grc' dir='ltr'>πάνυ</span> <span class='ocrx_word' id='word_1_276' title='bbox 1819 3571 2080 3636; x_wconf 78' lang='grc' dir='ltr'>παλαιῶν,</span> 
     </span>
    </p>
   </div>
   <div class='ocr_carea' id='block_1_38' title="bbox 513 3658 2084 3731">
    <p class='ocr_par' dir='ltr' id='par_1_38' title="bbox 513 3658 2084 3731">
     <span class='ocr_line' id='line_1_38' title="bbox 513 3658 2084 3731; baseline 0.002 -19"><span class='ocrx_word' id='word_1_277' title='bbox 513 3659 608 3712; x_wconf 70' lang='grc' dir='ltr'><strong>καὶ</strong></span> <span class='ocrx_word' id='word_1_278' title='bbox 630 3659 676 3710; x_wconf 90' lang='grc' dir='ltr'><strong>Ν</strong></span> <span class='ocrx_word' id='word_1_279' title='bbox 683 3658 852 3728; x_wconf 80' lang='grc' dir='ltr'>ιόόης,</span> <span class='ocrx_word' id='word_1_280' title='bbox 877 3660 968 3712; x_wconf 78' lang='grc' dir='ltr'><strong>καὶ</strong></span> <span class='ocrx_word' id='word_1_281' title='bbox 995 3658 1090 3710; x_wconf 80' lang='grc' dir='ltr'>τοῦ</span> <span class='ocrx_word' id='word_1_282' title='bbox 1121 3659 1239 3712; x_wconf 81' lang='grc' dir='ltr'>κατ’</span> <span class='ocrx_word' id='word_1_283' title='bbox 1277 3659 1499 3728; x_wconf 82' lang='grc' dir='ltr'>Ὠγύγου</span> <span class='ocrx_word' id='word_1_284' title='bbox 1536 3661 1890 3731; x_wconf 80' lang='grc' dir='ltr'>ἀρχαιοτάτου</span> <span class='ocrx_word' id='word_1_285' title='bbox 1917 3678 2084 3715; x_wconf 83' lang='grc' dir='ltr'>κατα-</span> 
     </span>
    </p>
   </div>
   <div class='ocr_carea' id='block_1_39' title="bbox 513 3749 1139 3819">
    <p class='ocr_par' dir='ltr' id='par_1_39' title="bbox 513 3749 1139 3819">
     <span class='ocr_line' id='line_1_39' title="bbox 513 3749 1139 3819; baseline -0.002 -16"><span class='ocrx_word' id='word_1_286' title='bbox 513 3749 774 3819; x_wconf 80' lang='grc' dir='ltr'>κλυσμοῦ,</span> <span class='ocrx_word' id='word_1_287' title='bbox 798 3751 871 3812; x_wconf 80' lang='grc' dir='ltr'>ὡς</span> <span class='ocrx_word' id='word_1_288' title='bbox 902 3749 1139 3818; x_wconf 71' lang='grc' dir='ltr'>λέγεται.</span> 
     </span>
    </p>
   </div>
   <div class='ocr_carea' id='block_1_40' title="bbox 583 3841 2082 3914">
    <p class='ocr_par' dir='ltr' id='par_1_40' title="bbox 583 3841 2082 3914">
     <span class='ocr_line' id='line_1_40' title="bbox 583 3841 2082 3914; baseline 0.007 -20"><span class='ocrx_word' id='word_1_289' title='bbox 583 3841 742 3906; x_wconf 90' lang='lat' dir='ltr'><strong>Ibid.,</strong></span> <span class='ocrx_word' id='word_1_290' title='bbox 761 3843 853 3898; x_wconf 87' lang='lat' dir='ltr'><strong>lin.</strong></span> <span class='ocrx_word' id='word_1_291' title='bbox 873 3843 960 3897; x_wconf 74' lang='grc'><strong>25.</strong></span> <span class='ocrx_word' id='word_1_292' title='bbox 979 3844 1225 3911; x_wconf 75' lang='grc' dir='ltr'>Ὀμήρου</span> <span class='ocrx_word' id='word_1_293' title='bbox 1250 3846 1443 3914; x_wconf 70' lang='grc' dir='ltr'>λέγων</span> <span class='ocrx_word' id='word_1_294' title='bbox 1461 3847 1560 3899; x_wconf 82' lang='grc' dir='ltr'><strong>καὶ</strong></span> <span class='ocrx_word' id='word_1_295' title='bbox 1587 3847 1876 3902; x_wconf 83' lang='grc' dir='ltr'>Ἠσιόδου.</span> <span class='ocrx_word' id='word_1_296' title='bbox 1901 3846 1974 3903; x_wconf 90' lang='lat' dir='ltr'><strong>De</strong></span> <span class='ocrx_word' id='word_1_297' title='bbox 1998 3849 2082 3904; x_wconf 78' lang='lat' dir='ltr'><strong>his</strong></span> 
     </span>
    </p>
   </div>
   <div class='ocr_carea' id='block_1_41' title="bbox 513 3933 2084 3995">
    <p class='ocr_par' dir='ltr' id='par_1_41' title="bbox 513 3933 2084 3995">
     <span class='ocr_line' id='line_1_41' title="bbox 513 3933 2084 3995; baseline 0.003 -5"><span class='ocrx_word' id='word_1_298' title='bbox 513 3941 566 3990; x_wconf 86' lang='lat' dir='ltr'><strong>et</strong></span> <span class='ocrx_word' id='word_1_299' title='bbox 605 3934 728 3990; x_wconf 88' lang='lat' dir='ltr'><strong>aliis</strong></span> <span class='ocrx_word' id='word_1_300' title='bbox 767 3935 1082 3989; x_wconf 86' lang='lat' dir='ltr'><strong>auctoribus</strong></span> <span class='ocrx_word' id='word_1_301' title='bbox 1121 3937 1188 3989; x_wconf 90' lang='lat' dir='ltr'><strong>ab</strong></span> <span class='ocrx_word' id='word_1_302' title='bbox 1232 3933 1517 3991; x_wconf 84' lang='lat' dir='ltr'><strong>Eustathio</strong></span> <span class='ocrx_word' id='word_1_303' title='bbox 1550 3942 1987 3995; x_wconf 85' lang='lat' dir='ltr'><strong>commemoratis</strong></span> <span class='ocrx_word' id='word_1_304' title='bbox 2027 3941 2084 3994; x_wconf 90' lang='lat' dir='ltr'><strong>in</strong></span> 
     </span>
    </p>
   </div>
   <div class='ocr_carea' id='block_1_42' title="bbox 515 4027 2082 4101">
    <p class='ocr_par' dir='ltr' id='par_1_42' title="bbox 515 4027 2082 4101">
     <span class='ocr_line' id='line_1_42' title="bbox 515 4027 2082 4101; baseline 0.003 -21"><span class='ocrx_word' id='word_1_305' title='bbox 515 4035 701 4081; x_wconf 86' lang='lat' dir='ltr'><strong>nostra</strong></span> <span class='ocrx_word' id='word_1_306' title='bbox 755 4027 821 4080; x_wconf 91' lang='lat' dir='ltr'><strong>de</strong></span> <span class='ocrx_word' id='word_1_307' title='bbox 869 4028 1225 4096; x_wconf 83' lang='lat' dir='ltr'><strong>scriptoribus</strong></span> <span class='ocrx_word' id='word_1_308' title='bbox 1271 4030 1516 4099; x_wconf 87' lang='lat' dir='ltr'><strong>profanis</strong></span> <span class='ocrx_word' id='word_1_309' title='bbox 1566 4029 1891 4084; x_wconf 78' lang='lat' dir='ltr'><strong>Bibliotheca</strong></span> <span class='ocrx_word' id='word_1_310' title='bbox 1929 4033 2082 4101; x_wconf 90' lang='lat' dir='ltr'><strong>plura</strong></span> 
     </span>
    </p>
   </div>
   <div class='ocr_carea' id='block_1_43' title="bbox 513 4110 2083 4190">
    <p class='ocr_par' dir='ltr' id='par_1_43' title="bbox 513 4110 2083 4190">
     <span class='ocr_line' id='line_1_43' title="bbox 513 4110 2083 4190; baseline 0.003 -21"><span class='ocrx_word' id='word_1_311' title='bbox 513 4110 778 4171; x_wconf 87' lang='lat' dir='ltr'><strong>dicemus.</strong></span> <span class='ocrx_word' id='word_1_312' title='bbox 805 4115 920 4168; x_wconf 82' lang='lat' dir='ltr'><strong>Non</strong></span> <span class='ocrx_word' id='word_1_313' title='bbox 955 4118 1100 4170; x_wconf 88' lang='lat' dir='ltr'><strong>enim</strong></span> <span class='ocrx_word' id='word_1_314' title='bbox 1141 4117 1356 4171; x_wconf 79' lang='lat' dir='ltr'><strong>videtur</strong></span> <span class='ocrx_word' id='word_1_315' title='bbox 1385 4121 1665 4188; x_wconf 77' lang='lat' dir='ltr'><strong>praesentis</strong></span> <span class='ocrx_word' id='word_1_316' title='bbox 1698 4121 1896 4190; x_wconf 78' lang='lat' dir='ltr'><strong>negotii</strong></span> <span class='ocrx_word' id='word_1_317' title='bbox 1927 4122 2083 4190; x_wconf 87' lang='lat' dir='ltr'><strong>plura</strong></span> 
     </span>
    </p>
   </div>
   <div class='ocr_carea' id='block_1_44' title="bbox 513 4205 2083 4275">
    <p class='ocr_par' dir='ltr' id='par_1_44' title="bbox 513 4205 2083 4275">
     <span class='ocr_line' id='line_1_44' title="bbox 513 4205 2083 4275; baseline 0.004 -15"><span class='ocrx_word' id='word_1_318' title='bbox 513 4205 581 4262; x_wconf 91' lang='lat' dir='ltr'><strong>de</strong></span> <span class='ocrx_word' id='word_1_319' title='bbox 607 4206 713 4262; x_wconf 91' lang='lat' dir='ltr'><strong>illis</strong></span> <span class='ocrx_word' id='word_1_320' title='bbox 744 4206 968 4269; x_wconf 82' lang='lat' dir='ltr'><strong>referre,</strong></span> <span class='ocrx_word' id='word_1_321' title='bbox 1005 4208 1458 4275; x_wconf 87' lang='lat' dir='ltr'><strong>quemadmodum</strong></span> <span class='ocrx_word' id='word_1_322' title='bbox 1491 4217 1544 4263; x_wconf 88' lang='lat' dir='ltr'><strong>et</strong></span> <span class='ocrx_word' id='word_1_323' title='bbox 1576 4210 1644 4264; x_wconf 91' lang='lat' dir='ltr'><strong>de</strong></span> <span class='ocrx_word' id='word_1_324' title='bbox 1670 4211 1792 4266; x_wconf 90' lang='lat' dir='ltr'><strong>aliis</strong></span> <span class='ocrx_word' id='word_1_325' title='bbox 1823 4211 2083 4266; x_wconf 80' lang='lat' dir='ltr'><strong>fabulosis</strong></span> 
     </span>
    </p>
   </div>
   <div class='ocr_carea' id='block_1_45' title="bbox 513 4297 2085 4372">
    <p class='ocr_par' dir='ltr' id='par_1_45' title="bbox 513 4297 2085 4372">
     <span class='ocr_line' id='line_1_45' title="bbox 513 4297 2085 4372; baseline 0.006 -23"><span class='ocrx_word' id='word_1_326' title='bbox 513 4313 745 4367; x_wconf 88' lang='lat' dir='ltr'><strong>quorum</strong></span> <span class='ocrx_word' id='word_1_327' title='bbox 797 4297 882 4351; x_wconf 85' lang='lat' dir='ltr'><strong>hic</strong></span> <span class='ocrx_word' id='word_1_328' title='bbox 929 4298 985 4351; x_wconf 87' lang='lat' dir='ltr'><strong>fit</strong></span> <span class='ocrx_word' id='word_1_329' title='bbox 1031 4299 1255 4354; x_wconf 85' lang='lat' dir='ltr'><strong>mentio.</strong></span> <span class='ocrx_word' id='word_1_330' title='bbox 1286 4298 1428 4370; x_wconf 88' lang='lat' dir='ltr'><strong>Lege</strong></span> <span class='ocrx_word' id='word_1_331' title='bbox 1467 4301 1514 4355; x_wconf 86' lang='lat' dir='ltr'><strong>si</strong></span> <span class='ocrx_word' id='word_1_332' title='bbox 1561 4303 1733 4371; x_wconf 88' lang='lat' dir='ltr'><strong>placet</strong></span> <span class='ocrx_word' id='word_1_333' title='bbox 1793 4304 2085 4372; x_wconf 83' lang='lat' dir='ltr'><strong>Apollodo-</strong></span> 
     </span>
    </p>
   </div>
   <div class='ocr_carea' id='block_1_46' title="bbox 513 4390 2082 4464">
    <p class='ocr_par' dir='ltr' id='par_1_46' title="bbox 513 4390 2082 4464">
     <span class='ocr_line' id='line_1_46' title="bbox 513 4390 2082 4464; baseline 0.004 -21"><span class='ocrx_word' id='word_1_334' title='bbox 513 4404 657 4455; x_wconf 87' lang='lat' dir='ltr'><strong>rum,</strong></span> <span class='ocrx_word' id='word_1_335' title='bbox 689 4390 1046 4456; x_wconf 85' lang='lat' dir='ltr'><strong>Phornutum,</strong></span> <span class='ocrx_word' id='word_1_336' title='bbox 1094 4390 1415 4456; x_wconf 84' lang='lat' dir='ltr'><strong>Palefatum,</strong></span> <span class='ocrx_word' id='word_1_337' title='bbox 1452 4393 1716 4464; x_wconf 81' lang='lat' dir='ltr'><strong>Hyginum</strong></span> <span class='ocrx_word' id='word_1_338' title='bbox 1748 4401 2082 4464; x_wconf 74' lang='lat' dir='ltr'><strong>eteterosque</strong></span> 
     </span>
    </p>
   </div>
   <div class='ocr_carea' id='block_1_47' title="bbox 2195 535 3773 610">
    <p class='ocr_par' dir='ltr' id='par_1_47' title="bbox 2195 535 3773 610">
     <span class='ocr_line' id='line_1_47' title="bbox 2195 535 3773 610; baseline -0.001 -15"><span class='ocrx_word' id='word_1_339' title='bbox 2195 558 2314 596; x_wconf 88' lang='lat' dir='ltr'><strong>rum</strong></span> <span class='ocrx_word' id='word_1_340' title='bbox 2361 541 2634 594; x_wconf 84' lang='lat' dir='ltr'><strong>hominum</strong></span> <span class='ocrx_word' id='word_1_341' title='bbox 2684 555 2806 594; x_wconf 89' lang='lat' dir='ltr'><strong>aere</strong></span> <span class='ocrx_word' id='word_1_342' title='bbox 2857 539 3301 610; x_wconf 89' lang='lat' dir='ltr'><strong>ineulpatumque</strong></span> <span class='ocrx_word' id='word_1_343' title='bbox 3356 535 3666 605; x_wconf 88' lang='lat' dir='ltr'><strong>judicium;</strong></span> <span class='ocrx_word' id='word_1_344' title='bbox 3714 547 3773 594; x_wconf 89' lang='lat' dir='ltr'><strong>et</strong></span> 
     </span>
    </p>
   </div>
   <div class='ocr_carea' id='block_1_48' title="bbox 2194 628 3772 705">
    <p class='ocr_par' dir='ltr' id='par_1_48' title="bbox 2194 628 3772 705">
     <span class='ocr_line' id='line_1_48' title="bbox 2194 628 3772 705; baseline -0.001 -17"><span class='ocrx_word' id='word_1_345' title='bbox 2194 635 2358 705; x_wconf 91' lang='lat' dir='ltr'><strong>quod,</strong></span> <span class='ocrx_word' id='word_1_346' title='bbox 2394 633 2597 687; x_wconf 82' lang='lat' dir='ltr'><strong>utinam</strong></span> <span class='ocrx_word' id='word_1_347' title='bbox 2631 634 2774 686; x_wconf 85' lang='lat' dir='ltr'><strong>bono</strong></span> <span class='ocrx_word' id='word_1_348' title='bbox 2805 647 2906 685; x_wconf 88' lang='lat' dir='ltr'><strong>suo</strong></span> <span class='ocrx_word' id='word_1_349' title='bbox 2941 631 3134 684; x_wconf 83' lang='lat' dir='ltr'><strong>falsum</strong></span> <span class='ocrx_word' id='word_1_350' title='bbox 3155 631 3258 685; x_wconf 84' lang='lat' dir='ltr'><strong>sit!</strong></span> <span class='ocrx_word' id='word_1_351' title='bbox 3291 644 3433 685; x_wconf 70' lang='lat' dir='ltr'><strong>verte</strong></span> <span class='ocrx_word' id='word_1_352' title='bbox 3461 628 3772 686; x_wconf 68' lang='lat' dir='ltr'><strong>catholicae-</strong></span> 
     </span>
    </p>
   </div>
   <div class='ocr_carea' id='block_1_49' title="bbox 2194 723 3770 797">
    <p class='ocr_par' dir='ltr' id='par_1_49' title="bbox 2194 723 3770 797">
     <span class='ocr_line' id='line_1_49' title="bbox 2194 723 3770 797; baseline -0.002 -17"><span class='ocrx_word' id='word_1_353' title='bbox 2194 743 2299 797; x_wconf 88' lang='lat' dir='ltr'><strong>que</strong></span> <span class='ocrx_word' id='word_1_354' title='bbox 2343 727 2624 790; x_wconf 78' lang='lat' dir='ltr'><strong>veritatis;</strong></span> <span class='ocrx_word' id='word_1_355' title='bbox 2661 723 2753 780; x_wconf 81' lang='lat' dir='ltr'><strong>sed</strong></span> <span class='ocrx_word' id='word_1_356' title='bbox 2806 725 2874 778; x_wconf 87' lang='lat' dir='ltr'><strong>ad</strong></span> <span class='ocrx_word' id='word_1_357' title='bbox 2914 724 3034 792; x_wconf 93' lang='lat' dir='ltr'><strong>ejus</strong></span> <span class='ocrx_word' id='word_1_358' title='bbox 3065 723 3206 778; x_wconf 87' lang='lat' dir='ltr'><strong>sicut</strong></span> <span class='ocrx_word' id='word_1_359' title='bbox 3248 732 3303 778; x_wconf 83' lang='lat' dir='ltr'><strong>et</strong></span> <span class='ocrx_word' id='word_1_360' title='bbox 3347 730 3665 778; x_wconf 59' lang='lat' dir='ltr'><strong>cancrorum</strong></span> <span class='ocrx_word' id='word_1_361' title='bbox 3713 723 3770 777; x_wconf 89' lang='lat' dir='ltr'><strong>in</strong></span> 
     </span>
    </p>
   </div>
   <div class='ocr_carea' id='block_1_50' title="bbox 2194 814 3771 874">
    <p class='ocr_par' dir='ltr' id='par_1_50' title="bbox 2194 814 3771 874">
     <span class='ocr_line' id='line_1_50' title="bbox 2194 814 3771 874; baseline -0.004 0"><span class='ocrx_word' id='word_1_362' title='bbox 2194 820 2484 874; x_wconf 86' lang='lat' dir='ltr'><strong>Homerum</strong></span> <span class='ocrx_word' id='word_1_363' title='bbox 2511 828 2744 872; x_wconf 84' lang='lat' dir='ltr'><strong>conatus</strong></span> <span class='ocrx_word' id='word_1_364' title='bbox 2782 825 2835 871; x_wconf 87' lang='lat' dir='ltr'><strong>et</strong></span> <span class='ocrx_word' id='word_1_365' title='bbox 2873 818 3132 874; x_wconf 83' lang='lat' dir='ltr'><strong>rationes.</strong></span> <span class='ocrx_word' id='word_1_366' title='bbox 3167 816 3220 869; x_wconf 88' lang='lat' dir='ltr'><strong>in</strong></span> <span class='ocrx_word' id='word_1_367' title='bbox 3261 814 3494 870; x_wconf 88' lang='lat' dir='ltr'><strong>Homero</strong></span> <span class='ocrx_word' id='word_1_368' title='bbox 3524 821 3713 869; x_wconf 83' lang='lat' dir='ltr'><strong>nostro</strong></span> <span class='ocrx_word' id='word_1_369' title='bbox 3737 829 3771 868; x_wconf 89' lang='lat' dir='ltr'><strong>a</strong></span> 
     </span>
    </p>
   </div>
   <div class='ocr_carea' id='block_1_51' title="bbox 2193 907 3769 986">
    <p class='ocr_par' dir='ltr' id='par_1_51' title="bbox 2193 907 3769 986">
     <span class='ocr_line' id='line_1_51' title="bbox 2193 907 3769 986; baseline -0.004 -19"><span class='ocrx_word' id='word_1_370' title='bbox 2193 912 2480 967; x_wconf 84' lang='lat' dir='ltr'><strong>calumniis</strong></span> <span class='ocrx_word' id='word_1_371' title='bbox 2508 910 2808 986; x_wconf 74' lang='lat' dir='ltr'><strong>vindicatp,</strong></span> <span class='ocrx_word' id='word_1_372' title='bbox 2839 917 2897 962; x_wconf 91' lang='lat' dir='ltr'><strong>ut</strong></span> <span class='ocrx_word' id='word_1_373' title='bbox 2928 907 3130 962; x_wconf 89' lang='lat' dir='ltr'><strong>veritas</strong></span> <span class='ocrx_word' id='word_1_374' title='bbox 3171 920 3349 962; x_wconf 62' lang='lat' dir='ltr'><strong>causa!</strong></span> <span class='ocrx_word' id='word_1_375' title='bbox 3395 907 3646 978; x_wconf 83' lang='lat' dir='ltr'><strong>exposcit</strong></span> <span class='ocrx_word' id='word_1_376' title='bbox 3677 922 3769 961; x_wconf 83' lang='lat' dir='ltr'><strong>re-</strong></span> 
     </span>
    </p>
   </div>
   <div class='ocr_carea' id='block_1_52' title="bbox 2193 997 3770 1075">
    <p class='ocr_par' dir='ltr' id='par_1_52' title="bbox 2193 997 3770 1075">
     <span class='ocr_line' id='line_1_52' title="bbox 2193 997 3770 1075; baseline -0.004 -15"><span class='ocrx_word' id='word_1_377' title='bbox 2193 1003 2538 1075; x_wconf 86' lang='lat' dir='ltr'><strong>spondemus.</strong></span> <span class='ocrx_word' id='word_1_378' title='bbox 2573 1000 2646 1056; x_wconf 90' lang='lat' dir='ltr'><strong>De</strong></span> <span class='ocrx_word' id='word_1_379' title='bbox 2685 1000 2904 1054; x_wconf 80' lang='lat' dir='ltr'><strong>Homeri</strong></span> <span class='ocrx_word' id='word_1_380' title='bbox 2949 1010 3002 1054; x_wconf 91' lang='lat' dir='ltr'><strong>et</strong></span> <span class='ocrx_word' id='word_1_381' title='bbox 3033 997 3252 1053; x_wconf 84' lang='lat' dir='ltr'><strong>Hesiodi</strong></span> <span class='ocrx_word' id='word_1_382' title='bbox 3282 999 3622 1069; x_wconf 85' lang='lat' dir='ltr'><strong>temporibus</strong></span> <span class='ocrx_word' id='word_1_383' title='bbox 3651 999 3770 1054; x_wconf 59' lang='lat' dir='ltr'><strong>haec</strong></span> 
     </span>
    </p>
   </div>
   <div class='ocr_carea' id='block_1_53' title="bbox 2192 1085 3768 1162">
    <p class='ocr_par' dir='ltr' id='par_1_53' title="bbox 2192 1085 3768 1162">
     <span class='ocr_line' id='line_1_53' title="bbox 2192 1085 3768 1162; baseline -0.003 -13"><span class='ocrx_word' id='word_1_384' title='bbox 2192 1095 2352 1149; x_wconf 88' lang='lat' dir='ltr'><strong>habet</strong></span> <span class='ocrx_word' id='word_1_385' title='bbox 2387 1085 2625 1147; x_wconf 67' lang='lat' dir='ltr'><strong>Ioannes</strong></span> <span class='ocrx_word' id='word_1_386' title='bbox 2671 1091 3062 1155; x_wconf 84' lang='lat' dir='ltr'><strong>Antiochenus,</strong></span> <span class='ocrx_word' id='word_1_387' title='bbox 3097 1090 3150 1144; x_wconf 88' lang='lat' dir='ltr'><strong>in</strong></span> <span class='ocrx_word' id='word_1_388' title='bbox 3181 1090 3544 1162; x_wconf 69' lang='lat' dir='ltr'><strong>Archarologia</strong></span> <span class='ocrx_word' id='word_1_389' title='bbox 3580 1105 3600 1145; x_wconf 88' lang='lat'><strong><em>:</em></strong></span> <span class='ocrx_word' id='word_1_390' title='bbox 3628 1091 3768 1146; x_wconf 68' lang='grc' dir='ltr'>Φασὶ</span> 
     </span>
    </p>
   </div>
   <div class='ocr_carea' id='block_1_54' title="bbox 2191 1181 3767 1254">
    <p class='ocr_par' dir='ltr' id='par_1_54' title="bbox 2191 1181 3767 1254">
     <span class='ocr_line' id='line_1_54' title="bbox 2191 1181 3767 1254; baseline -0.003 -15"><span class='ocrx_word' id='word_1_391' title='bbox 2191 1202 2332 1248; x_wconf 83' lang='grc' dir='ltr'>τινες</span> <span class='ocrx_word' id='word_1_392' title='bbox 2362 1185 2508 1254; x_wconf 85' lang='grc' dir='ltr'><strong>’Όμη</strong></span> <span class='ocrx_word' id='word_1_393' title='bbox 2520 1201 2607 1252; x_wconf 90' lang='grc' dir='ltr'><strong>ρον</strong></span> <span class='ocrx_word' id='word_1_394' title='bbox 2644 1185 2736 1237; x_wconf 73' lang='grc' dir='ltr'>καὶ</span> <span class='ocrx_word' id='word_1_395' title='bbox 2769 1182 3007 1236; x_wconf 82' lang='grc' dir='ltr'>Ἡσίοδον</span> <span class='ocrx_word' id='word_1_396' title='bbox 3027 1181 3188 1234; x_wconf 78' lang='grc' dir='ltr'><strong>Δαὸὶδ</strong></span> <span class='ocrx_word' id='word_1_397' title='bbox 3212 1183 3554 1253; x_wconf 82' lang='grc' dir='ltr'>συνακμάσαι</span> <span class='ocrx_word' id='word_1_398' title='bbox 3578 1221 3594 1245; x_wconf 92' lang='grc'><strong>,</strong></span> <span class='ocrx_word' id='word_1_399' title='bbox 3631 1183 3680 1236; x_wconf 82' lang='grc' dir='ltr'>οἱ</span> <span class='ocrx_word' id='word_1_400' title='bbox 3709 1182 3767 1235; x_wconf 68' lang='grc' dir='ltr'>δι</span> 
     </span>
    </p>
   </div>
   <div class='ocr_carea' id='block_1_55' title="bbox 2190 1276 3520 1349">
    <p class='ocr_par' dir='ltr' id='par_1_55' title="bbox 2190 1276 3520 1349">
     <span class='ocr_line' id='line_1_55' title="bbox 2190 1276 3520 1349; baseline 0 -19"><span class='ocrx_word' id='word_1_401' title='bbox 2190 1277 2355 1348; x_wconf 80' lang='grc' dir='ltr'>ὀλίγῳ</span> <span class='ocrx_word' id='word_1_402' title='bbox 2396 1277 2678 1349; x_wconf 80' lang='grc' dir='ltr'>πρότερον,</span> <span class='ocrx_word' id='word_1_403' title='bbox 2715 1277 2840 1329; x_wconf 80' lang='grc' dir='ltr'><strong>οἱδὲ</strong></span> <span class='ocrx_word' id='word_1_404' title='bbox 2875 1277 3011 1347; x_wconf 83' lang='grc' dir='ltr'>μετὰ</span> <span class='ocrx_word' id='word_1_405' title='bbox 3049 1276 3216 1330; x_wconf 80' lang='grc' dir='ltr'>ταῦτα</span> <span class='ocrx_word' id='word_1_406' title='bbox 3253 1276 3520 1344; x_wconf 84' lang='grc' dir='ltr'>γενέσθαι.</span> 
     </span>
    </p>
   </div>
   <div class='ocr_carea' id='block_1_56' title="bbox 2261 1363 3764 1437">
    <p class='ocr_par' dir='ltr' id='par_1_56' title="bbox 2261 1363 3764 1437">
     <span class='ocr_line' id='line_1_56' title="bbox 2261 1363 3764 1437; baseline 0 -13"><span class='ocrx_word' id='word_1_407' title='bbox 2261 1369 2420 1433; x_wconf 91' lang='lat' dir='ltr'><strong>lbid.,</strong></span> <span class='ocrx_word' id='word_1_408' title='bbox 2455 1370 2552 1422; x_wconf 91' lang='lat' dir='ltr'><strong>lin.</strong></span> <span class='ocrx_word' id='word_1_409' title='bbox 2595 1366 2684 1421; x_wconf 81' lang='lat'><strong>‘27.</strong></span> <span class='ocrx_word' id='word_1_410' title='bbox 2716 1369 2842 1420; x_wconf 80' lang='grc' dir='ltr'>Ἔτι</span> <span class='ocrx_word' id='word_1_411' title='bbox 2879 1384 2944 1420; x_wconf 78' lang='lat' dir='ltr'><strong>re</strong></span> <span class='ocrx_word' id='word_1_412' title='bbox 2973 1369 3282 1434; x_wconf 77' lang='grc' dir='ltr'>Χείρωνος.</span> <span class='ocrx_word' id='word_1_413' title='bbox 3315 1363 3586 1437; x_wconf 73' lang='lat' dir='ltr'><strong>Iosephus</strong></span> <span class='ocrx_word' id='word_1_414' title='bbox 3627 1365 3764 1424; x_wconf 82' lang='lat' dir='ltr'><strong>Sca-</strong></span> 
     </span>
    </p>
   </div>
   <div class='ocr_carea' id='block_1_57' title="bbox 2190 1458 3764 1533">
    <p class='ocr_par' dir='ltr' id='par_1_57' title="bbox 2190 1458 3764 1533">
     <span class='ocr_line' id='line_1_57' title="bbox 2190 1458 3764 1533; baseline -0.001 -17"><span class='ocrx_word' id='word_1_415' title='bbox 2190 1462 2322 1533; x_wconf 79' lang='lat' dir='ltr'><strong>liger</strong></span> <span class='ocrx_word' id='word_1_416' title='bbox 2348 1459 2722 1515; x_wconf 80' lang='lat' dir='ltr'><strong>Animadvers.</strong></span> <span class='ocrx_word' id='word_1_417' title='bbox 2765 1459 2817 1512; x_wconf 92' lang='lat' dir='ltr'><strong>in</strong></span> <span class='ocrx_word' id='word_1_418' title='bbox 2850 1458 3068 1513; x_wconf 88' lang='lat' dir='ltr'><strong>Eusebii</strong></span> <span class='ocrx_word' id='word_1_419' title='bbox 3099 1458 3436 1524; x_wconf 82' lang='lat' dir='ltr'><strong>Chronicum,</strong></span> <span class='ocrx_word' id='word_1_420' title='bbox 3473 1460 3675 1514; x_wconf 81' lang='lat' dir='ltr'><strong>acriter</strong></span> <span class='ocrx_word' id='word_1_421' title='bbox 3705 1461 3764 1516; x_wconf 76' lang='lat' dir='ltr'><strong>in</strong></span> 
     </span>
    </p>
   </div>
   <div class='ocr_carea' id='block_1_58' title="bbox 2189 1551 3759 1626">
    <p class='ocr_par' dir='ltr' id='par_1_58' title="bbox 2189 1551 3759 1626">
     <span class='ocr_line' id='line_1_58' title="bbox 2189 1551 3759 1626; baseline -0.002 -17"><span class='ocrx_word' id='word_1_422' title='bbox 2189 1554 2575 1626; x_wconf 85' lang='lat' dir='ltr'><strong>Hieronymum</strong></span> <span class='ocrx_word' id='word_1_423' title='bbox 2621 1552 2913 1616; x_wconf 87' lang='lat' dir='ltr'><strong>invehitur,</strong></span> <span class='ocrx_word' id='word_1_424' title='bbox 2971 1551 3265 1621; x_wconf 87' lang='lat' dir='ltr'><strong>multisque</strong></span> <span class='ocrx_word' id='word_1_425' title='bbox 3313 1567 3436 1606; x_wconf 89' lang='lat' dir='ltr'><strong>cum</strong></span> <span class='ocrx_word' id='word_1_426' title='bbox 3487 1554 3759 1622; x_wconf 81' lang='lat' dir='ltr'><strong>exagitat,</strong></span> 
     </span>
    </p>
   </div>
   <div class='ocr_carea' id='block_1_59' title="bbox 2190 1643 3764 1718">
    <p class='ocr_par' dir='ltr' id='par_1_59' title="bbox 2190 1643 3764 1718">
     <span class='ocr_line' id='line_1_59' title="bbox 2190 1643 3764 1718; baseline -0.003 -17"><span class='ocrx_word' id='word_1_427' title='bbox 2190 1648 2329 1718; x_wconf 90' lang='lat' dir='ltr'><strong>quod</strong></span> <span class='ocrx_word' id='word_1_428' title='bbox 2364 1647 2532 1700; x_wconf 88' lang='lat' dir='ltr'><strong>multa</strong></span> <span class='ocrx_word' id='word_1_429' title='bbox 2571 1646 2626 1699; x_wconf 90' lang='lat' dir='ltr'><strong>in</strong></span> <span class='ocrx_word' id='word_1_430' title='bbox 2656 1645 2746 1698; x_wconf 88' lang='lat' dir='ltr'><strong>illa</strong></span> <span class='ocrx_word' id='word_1_431' title='bbox 2781 1643 3225 1712; x_wconf 85' lang='lat' dir='ltr'><strong>interpretatione</strong></span> <span class='ocrx_word' id='word_1_432' title='bbox 3273 1643 3586 1698; x_wconf 82' lang='lat' dir='ltr'><strong>necessaria</strong></span> <span class='ocrx_word' id='word_1_433' title='bbox 3626 1644 3764 1697; x_wconf 85' lang='lat' dir='ltr'><strong>omi-</strong></span> 
     </span>
    </p>
   </div>
   <div class='ocr_carea' id='block_1_60' title="bbox 2189 1734 3760 1808">
    <p class='ocr_par' dir='ltr' id='par_1_60' title="bbox 2189 1734 3760 1808">
     <span class='ocr_line' id='line_1_60' title="bbox 2189 1734 3760 1808; baseline -0.002 -15"><span class='ocrx_word' id='word_1_434' title='bbox 2189 1739 2340 1802; x_wconf 87' lang='lat' dir='ltr'><strong>serit,</strong></span> <span class='ocrx_word' id='word_1_435' title='bbox 2392 1739 2548 1808; x_wconf 87' lang='lat' dir='ltr'><strong>plura</strong></span> <span class='ocrx_word' id='word_1_436' title='bbox 2589 1737 2656 1792; x_wconf 90' lang='lat' dir='ltr'><strong>de</strong></span> <span class='ocrx_word' id='word_1_437' title='bbox 2702 1751 2802 1791; x_wconf 87' lang='lat' dir='ltr'><strong>suo</strong></span> <span class='ocrx_word' id='word_1_438' title='bbox 2836 1734 3124 1801; x_wconf 84' lang='lat' dir='ltr'><strong>addiderit,</strong></span> <span class='ocrx_word' id='word_1_439' title='bbox 3154 1735 3210 1788; x_wconf 81' lang='lat' dir='ltr'><strong>in</strong></span> <span class='ocrx_word' id='word_1_440' title='bbox 3243 1736 3430 1790; x_wconf 88' lang='lat' dir='ltr'><strong>multis</strong></span> <span class='ocrx_word' id='word_1_441' title='bbox 3455 1737 3621 1790; x_wconf 86' lang='lat' dir='ltr'><strong>etiam</strong></span> <span class='ocrx_word' id='word_1_442' title='bbox 3651 1751 3760 1790; x_wconf 89' lang='lat' dir='ltr'><strong>non</strong></span> 
     </span>
    </p>
   </div>
   <div class='ocr_carea' id='block_1_61' title="bbox 2189 1826 3759 1886">
    <p class='ocr_par' dir='ltr' id='par_1_61' title="bbox 2189 1826 3759 1886">
     <span class='ocr_line' id='line_1_61' title="bbox 2189 1826 3759 1886; baseline -0.003 0"><span class='ocrx_word' id='word_1_443' title='bbox 2189 1833 2259 1886; x_wconf 90' lang='lat' dir='ltr'><strong>sit</strong></span> <span class='ocrx_word' id='word_1_444' title='bbox 2291 1830 2510 1886; x_wconf 88' lang='lat' dir='ltr'><strong>Eusebii</strong></span> <span class='ocrx_word' id='word_1_445' title='bbox 2558 1837 2792 1884; x_wconf 88' lang='lat' dir='ltr'><strong>mentem</strong></span> <span class='ocrx_word' id='word_1_446' title='bbox 2841 1836 3126 1883; x_wconf 87' lang='lat' dir='ltr'><strong>assecutus</strong></span> <span class='ocrx_word' id='word_1_447' title='bbox 3163 1845 3178 1882; x_wconf 91' lang='lat'><strong>:</strong></span> <span class='ocrx_word' id='word_1_448' title='bbox 3220 1827 3300 1882; x_wconf 92' lang='lat' dir='ltr'><strong>sic</strong></span> <span class='ocrx_word' id='word_1_449' title='bbox 3346 1827 3512 1883; x_wconf 88' lang='lat' dir='ltr'><strong>etiam</strong></span> <span class='ocrx_word' id='word_1_450' title='bbox 3552 1826 3659 1882; x_wconf 88' lang='lat' dir='ltr'><strong>hoc</strong></span> <span class='ocrx_word' id='word_1_451' title='bbox 3705 1829 3759 1882; x_wconf 83' lang='lat' dir='ltr'><strong>in</strong></span> 
     </span>
    </p>
   </div>
   <div class='ocr_carea' id='block_1_62' title="bbox 2190 1917 3762 1974">
    <p class='ocr_par' dir='ltr' id='par_1_62' title="bbox 2190 1917 3762 1974">
     <span class='ocr_line' id='line_1_62' title="bbox 2190 1917 3762 1974; baseline -0.001 0"><span class='ocrx_word' id='word_1_452' title='bbox 2190 1921 2308 1974; x_wconf 93' lang='lat' dir='ltr'><strong>loco</strong></span> <span class='ocrx_word' id='word_1_453' title='bbox 2354 1919 2421 1974; x_wconf 88' lang='lat' dir='ltr'><strong>de</strong></span> <span class='ocrx_word' id='word_1_454' title='bbox 2468 1917 2691 1973; x_wconf 78' lang='lat' dir='ltr'><strong>Chirone</strong></span> <span class='ocrx_word' id='word_1_455' title='bbox 2729 1919 2802 1971; x_wconf 91' lang='lat' dir='ltr'><strong>ait</strong></span> <span class='ocrx_word' id='word_1_456' title='bbox 2835 1932 3032 1972; x_wconf 87' lang='lat' dir='ltr'><strong>nomen</strong></span> <span class='ocrx_word' id='word_1_457' title='bbox 3090 1917 3193 1971; x_wconf 90' lang='lat' dir='ltr'><strong>hoc</strong></span> <span class='ocrx_word' id='word_1_458' title='bbox 3245 1917 3308 1970; x_wconf 87' lang='lat' dir='ltr'><strong>de</strong></span> <span class='ocrx_word' id='word_1_459' title='bbox 3355 1935 3452 1970; x_wconf 85' lang='lat' dir='ltr'><strong>suo</strong></span> <span class='ocrx_word' id='word_1_460' title='bbox 3493 1918 3762 1972; x_wconf 75' lang='lat' dir='ltr'><strong>addidisse</strong></span> 
     </span>
    </p>
   </div>
   <div class='ocr_carea' id='block_1_63' title="bbox 2188 2011 3759 2081">
    <p class='ocr_par' dir='ltr' id='par_1_63' title="bbox 2188 2011 3759 2081">
     <span class='ocr_line' id='line_1_63' title="bbox 2188 2011 3759 2081; baseline 0.001 -16"><span class='ocrx_word' id='word_1_461' title='bbox 2188 2013 2582 2081; x_wconf 76' lang='lat' dir='ltr'><strong>Hieronymum,</strong></span> <span class='ocrx_word' id='word_1_462' title='bbox 2615 2027 2776 2077; x_wconf 84' lang='lat' dir='ltr'><strong>neque</strong></span> <span class='ocrx_word' id='word_1_463' title='bbox 2800 2027 2891 2079; x_wconf 85' lang='lat' dir='ltr'><strong>per</strong></span> <span class='ocrx_word' id='word_1_464' title='bbox 2928 2011 3106 2064; x_wconf 84' lang='lat' dir='ltr'><strong>omnia</strong></span> <span class='ocrx_word' id='word_1_465' title='bbox 3138 2011 3372 2066; x_wconf 83' lang='lat' dir='ltr'><strong>auctoris</strong></span> <span class='ocrx_word' id='word_1_466' title='bbox 3417 2012 3501 2064; x_wconf 73' lang='lat' dir='ltr'><strong>sui</strong></span> <span class='ocrx_word' id='word_1_467' title='bbox 3529 2012 3759 2081; x_wconf 72' lang='lat' dir='ltr'><strong>vestigiis</strong></span> 
     </span>
    </p>
   </div>
   <div class='ocr_carea' id='block_1_64' title="bbox 2187 2102 3757 2172">
    <p class='ocr_par' dir='ltr' id='par_1_64' title="bbox 2187 2102 3757 2172">
     <span class='ocr_line' id='line_1_64' title="bbox 2187 2102 3757 2172; baseline 0 -14"><span class='ocrx_word' id='word_1_468' title='bbox 2187 2105 2462 2158; x_wconf 75' lang='lat' dir='ltr'><strong>institisse.</strong></span> <span class='ocrx_word' id='word_1_469' title='bbox 2495 2103 2654 2157; x_wconf 83' lang='lat' dir='ltr'><strong>Aliud</strong></span> <span class='ocrx_word' id='word_1_470' title='bbox 2689 2113 2767 2158; x_wconf 88' lang='lat' dir='ltr'><strong>est</strong></span> <span class='ocrx_word' id='word_1_471' title='bbox 2800 2102 3071 2157; x_wconf 89' lang='lat' dir='ltr'><strong>infensum</strong></span> <span class='ocrx_word' id='word_1_472' title='bbox 3112 2119 3234 2158; x_wconf 82' lang='lat' dir='ltr'><strong>esse</strong></span> <span class='ocrx_word' id='word_1_473' title='bbox 3265 2104 3469 2157; x_wconf 90' lang='lat' dir='ltr'><strong>nomini</strong></span> <span class='ocrx_word' id='word_1_474' title='bbox 3503 2104 3757 2172; x_wconf 81' lang='lat' dir='ltr'><strong>alicujus,</strong></span> 
     </span>
    </p>
   </div>
   <div class='ocr_carea' id='block_1_65' title="bbox 2188 2192 3760 2264">
    <p class='ocr_par' dir='ltr' id='par_1_65' title="bbox 2188 2192 3760 2264">
     <span class='ocr_line' id='line_1_65' title="bbox 2188 2192 3760 2264; baseline 0.002 -20"><span class='ocrx_word' id='word_1_475' title='bbox 2188 2192 2335 2246; x_wconf 89' lang='lat' dir='ltr'><strong>aliud</strong></span> <span class='ocrx_word' id='word_1_476' title='bbox 2357 2192 2635 2246; x_wconf 78' lang='lat' dir='ltr'><strong>veritatem</strong></span> <span class='ocrx_word' id='word_1_477' title='bbox 2661 2206 2780 2260; x_wconf 65' lang='lat' dir='ltr'><strong>quae</strong></span> <span class='ocrx_word' id='word_1_478' title='bbox 2812 2193 2865 2245; x_wconf 91' lang='lat' dir='ltr'><strong>in</strong></span> <span class='ocrx_word' id='word_1_479' title='bbox 2901 2193 3118 2261; x_wconf 86' lang='lat' dir='ltr'><strong>scriptis</strong></span> <span class='ocrx_word' id='word_1_480' title='bbox 3147 2202 3231 2246; x_wconf 87' lang='lat' dir='ltr'><strong>est</strong></span> <span class='ocrx_word' id='word_1_481' title='bbox 3262 2193 3558 2264; x_wconf 76' lang='lat' dir='ltr'><strong>indagare;</strong></span> <span class='ocrx_word' id='word_1_482' title='bbox 3591 2196 3760 2249; x_wconf 90' lang='lat' dir='ltr'><strong>multa</strong></span> 
     </span>
    </p>
   </div>
   <div class='ocr_carea' id='block_1_66' title="bbox 2188 2285 3765 2362">
    <p class='ocr_par' dir='ltr' id='par_1_66' title="bbox 2188 2285 3765 2362">
     <span class='ocr_line' id='line_1_66' title="bbox 2188 2285 3765 2362; baseline 0.002 -25"><span class='ocrx_word' id='word_1_483' title='bbox 2188 2299 2420 2354; x_wconf 89' lang='lat' dir='ltr'><strong>namque</strong></span> <span class='ocrx_word' id='word_1_484' title='bbox 2476 2285 2612 2339; x_wconf 87' lang='lat' dir='ltr'><strong>forte</strong></span> <span class='ocrx_word' id='word_1_485' title='bbox 2661 2287 2713 2339; x_wconf 91' lang='lat' dir='ltr'><strong>in</strong></span> <span class='ocrx_word' id='word_1_486' title='bbox 2749 2285 2936 2340; x_wconf 91' lang='lat' dir='ltr'><strong>codice</strong></span> <span class='ocrx_word' id='word_1_487' title='bbox 2970 2301 3129 2362; x_wconf 87' lang='lat' dir='ltr'><strong>quem</strong></span> <span class='ocrx_word' id='word_1_488' title='bbox 3181 2285 3544 2358; x_wconf 78' lang='lat' dir='ltr'><strong>Hieronymus</strong></span> <span class='ocrx_word' id='word_1_489' title='bbox 3588 2287 3765 2362; x_wconf 81' lang='lat' dir='ltr'><strong>inter-</strong></span> 
     </span>
    </p>
   </div>
   <div class='ocr_carea' id='block_1_67' title="bbox 2187 2361 3758 2448">
    <p class='ocr_par' dir='ltr' id='par_1_67' title="bbox 2187 2361 3758 2448">
     <span class='ocr_line' id='line_1_67' title="bbox 2187 2361 3758 2448; baseline 0.003 -18"><span class='ocrx_word' id='word_1_490' title='bbox 2187 2377 2504 2447; x_wconf 83' lang='lat' dir='ltr'><strong>pretabatur</strong></span> <span class='ocrx_word' id='word_1_491' title='bbox 2553 2378 2711 2432; x_wconf 86' lang='lat' dir='ltr'><strong>aliter</strong></span> <span class='ocrx_word' id='word_1_492' title='bbox 2755 2378 2857 2447; x_wconf 88' lang='lat' dir='ltr'><strong>legi</strong></span> <span class='ocrx_word' id='word_1_493' title='bbox 2910 2361 3178 2447; x_wconf 84' lang='lat' dir='ltr'><strong>poterant,</strong></span> <span class='ocrx_word' id='word_1_494' title='bbox 3223 2390 3342 2448; x_wconf 74' lang='lat' dir='ltr'><strong>qua:</strong></span> <span class='ocrx_word' id='word_1_495' title='bbox 3385 2379 3500 2448; x_wconf 90' lang='lat' dir='ltr'><strong>ipse</strong></span> <span class='ocrx_word' id='word_1_496' title='bbox 3549 2378 3758 2435; x_wconf 87' lang='lat' dir='ltr'><strong>Latinis</strong></span> 
     </span>
    </p>
   </div>
   <div class='ocr_carea' id='block_1_68' title="bbox 2187 2468 3760 2539">
    <p class='ocr_par' dir='ltr' id='par_1_68' title="bbox 2187 2468 3760 2539">
     <span class='ocr_line' id='line_1_68' title="bbox 2187 2468 3760 2539; baseline 0 -15"><span class='ocrx_word' id='word_1_497' title='bbox 2187 2469 2352 2534; x_wconf 87' lang='lat' dir='ltr'><strong>dedit,</strong></span> <span class='ocrx_word' id='word_1_498' title='bbox 2405 2469 2508 2524; x_wconf 87' lang='lat' dir='ltr'><strong>etsi</strong></span> <span class='ocrx_word' id='word_1_499' title='bbox 2553 2468 2712 2521; x_wconf 90' lang='lat' dir='ltr'><strong>modo</strong></span> <span class='ocrx_word' id='word_1_500' title='bbox 2744 2468 2798 2522; x_wconf 89' lang='lat' dir='ltr'><strong>in</strong></span> <span class='ocrx_word' id='word_1_501' title='bbox 2849 2476 2998 2521; x_wconf 81' lang='lat' dir='ltr'><strong>textu</strong></span> <span class='ocrx_word' id='word_1_502' title='bbox 3039 2484 3198 2539; x_wconf 85' lang='lat' dir='ltr'><strong>quem</strong></span> <span class='ocrx_word' id='word_1_503' title='bbox 3237 2485 3346 2538; x_wconf 64' lang='lat' dir='ltr'><strong>prae</strong></span> <span class='ocrx_word' id='word_1_504' title='bbox 3376 2470 3629 2526; x_wconf 86' lang='lat' dir='ltr'><strong>manibus</strong></span> <span class='ocrx_word' id='word_1_505' title='bbox 3660 2470 3760 2525; x_wconf 60' lang='lat' dir='ltr'><strong>hac</strong></span> 
     </span>
    </p>
   </div>
   <div class='ocr_carea' id='block_1_69' title="bbox 2188 2559 3760 2632">
    <p class='ocr_par' dir='ltr' id='par_1_69' title="bbox 2188 2559 3760 2632">
     <span class='ocr_line' id='line_1_69' title="bbox 2188 2559 3760 2632; baseline 0.001 -16"><span class='ocrx_word' id='word_1_506' title='bbox 2188 2562 2378 2616; x_wconf 85' lang='lat' dir='ltr'><strong>bemus</strong></span> <span class='ocrx_word' id='word_1_507' title='bbox 2423 2561 2508 2614; x_wconf 89' lang='lat' dir='ltr'><strong>vel</strong></span> <span class='ocrx_word' id='word_1_508' title='bbox 2552 2575 2830 2630; x_wconf 88' lang='lat' dir='ltr'><strong>superare,</strong></span> <span class='ocrx_word' id='word_1_509' title='bbox 2860 2560 2941 2613; x_wconf 85' lang='lat' dir='ltr'><strong>vel</strong></span> <span class='ocrx_word' id='word_1_510' title='bbox 2971 2559 3200 2615; x_wconf 82' lang='lat' dir='ltr'><strong>deiicere</strong></span> <span class='ocrx_word' id='word_1_511' title='bbox 3227 2567 3561 2627; x_wconf 86' lang='lat' dir='ltr'><strong>cernuntur;</strong></span> <span class='ocrx_word' id='word_1_512' title='bbox 3595 2561 3760 2632; x_wconf 88' lang='lat' dir='ltr'><strong>idque</strong></span> 
     </span>
    </p>
   </div>
   <div class='ocr_carea' id='block_1_70' title="bbox 2186 2651 3758 2722">
    <p class='ocr_par' dir='ltr' id='par_1_70' title="bbox 2186 2651 3758 2722">
     <span class='ocr_line' id='line_1_70' title="bbox 2186 2651 3758 2722; baseline -0.001 -14"><span class='ocrx_word' id='word_1_513' title='bbox 2186 2670 2252 2709; x_wconf 83' lang='lat' dir='ltr'><strong>ex</strong></span> <span class='ocrx_word' id='word_1_514' title='bbox 2295 2655 2396 2708; x_wconf 93' lang='lat' dir='ltr'><strong>hoc</strong></span> <span class='ocrx_word' id='word_1_515' title='bbox 2451 2653 2670 2707; x_wconf 91' lang='lat' dir='ltr'><strong>nomine</strong></span> <span class='ocrx_word' id='word_1_516' title='bbox 2715 2651 2969 2707; x_wconf 82' lang='lat' dir='ltr'><strong>Chironis</strong></span> <span class='ocrx_word' id='word_1_517' title='bbox 3009 2659 3175 2720; x_wconf 88' lang='lat' dir='ltr'><strong>patet,</strong></span> <span class='ocrx_word' id='word_1_518' title='bbox 3217 2652 3362 2722; x_wconf 89' lang='lat' dir='ltr'><strong>quod</strong></span> <span class='ocrx_word' id='word_1_519' title='bbox 3411 2653 3452 2706; x_wconf 91' lang='lat' dir='ltr'><strong>si</strong></span> <span class='ocrx_word' id='word_1_520' title='bbox 3504 2653 3558 2706; x_wconf 91' lang='lat' dir='ltr'><strong>in</strong></span> <span class='ocrx_word' id='word_1_521' title='bbox 3606 2662 3758 2708; x_wconf 73' lang='lat' dir='ltr'><strong>textu</strong></span> 
     </span>
    </p>
   </div>
   <div class='ocr_carea' id='block_1_71' title="bbox 2187 2743 3758 2814">
    <p class='ocr_par' dir='ltr' id='par_1_71' title="bbox 2187 2743 3758 2814">
     <span class='ocr_line' id='line_1_71' title="bbox 2187 2743 3758 2814; baseline 0.002 -16"><span class='ocrx_word' id='word_1_522' title='bbox 2187 2744 2492 2800; x_wconf 82' lang='lat' dir='ltr'><strong>Eusebiano</strong></span> <span class='ocrx_word' id='word_1_523' title='bbox 2523 2762 2631 2799; x_wconf 90' lang='lat' dir='ltr'><strong>non</strong></span> <span class='ocrx_word' id='word_1_524' title='bbox 2660 2743 2870 2807; x_wconf 86' lang='lat' dir='ltr'><strong>fuisset,</strong></span> <span class='ocrx_word' id='word_1_525' title='bbox 2902 2754 3181 2814; x_wconf 85' lang='lat' dir='ltr'><strong>nunquam</strong></span> <span class='ocrx_word' id='word_1_526' title='bbox 3214 2743 3527 2801; x_wconf 83' lang='lat' dir='ltr'><strong>Eustathius</strong></span> <span class='ocrx_word' id='word_1_527' title='bbox 3558 2746 3614 2800; x_wconf 91' lang='lat' dir='ltr'><strong>in</strong></span> <span class='ocrx_word' id='word_1_528' title='bbox 3642 2747 3758 2801; x_wconf 89' lang='lat' dir='ltr'><strong>suis</strong></span> 
     </span>
    </p>
   </div>
   <div class='ocr_carea' id='block_1_72' title="bbox 2187 2836 3756 2906">
    <p class='ocr_par' dir='ltr' id='par_1_72' title="bbox 2187 2836 3756 2906">
     <span class='ocr_line' id='line_1_72' title="bbox 2187 2836 3756 2906; baseline 0.001 -14"><span class='ocrx_word' id='word_1_529' title='bbox 2187 2839 2406 2906; x_wconf 87' lang='lat' dir='ltr'><strong>scriptis</strong></span> <span class='ocrx_word' id='word_1_530' title='bbox 2444 2838 2739 2892; x_wconf 87' lang='lat' dir='ltr'><strong>retulisset.</strong></span> <span class='ocrx_word' id='word_1_531' title='bbox 2783 2836 2873 2891; x_wconf 91' lang='lat' dir='ltr'><strong>Sic</strong></span> <span class='ocrx_word' id='word_1_532' title='bbox 2919 2836 3152 2891; x_wconf 86' lang='lat' dir='ltr'><strong>dicimus</strong></span> <span class='ocrx_word' id='word_1_533' title='bbox 3193 2843 3247 2891; x_wconf 90' lang='lat' dir='ltr'><strong>et</strong></span> <span class='ocrx_word' id='word_1_534' title='bbox 3283 2838 3339 2892; x_wconf 92' lang='lat' dir='ltr'><strong>in</strong></span> <span class='ocrx_word' id='word_1_535' title='bbox 3387 2837 3529 2892; x_wconf 90' lang='lat' dir='ltr'><strong>aliis.</strong></span> <span class='ocrx_word' id='word_1_536' title='bbox 3586 2839 3657 2893; x_wconf 77' lang='lat' dir='ltr'><strong>At</strong></span> <span class='ocrx_word' id='word_1_537' title='bbox 3701 2838 3756 2893; x_wconf 91' lang='lat' dir='ltr'><strong>in</strong></span> 
     </span>
    </p>
   </div>
   <div class='ocr_carea' id='block_1_73' title="bbox 2187 2930 3760 3001">
    <p class='ocr_par' dir='ltr' id='par_1_73' title="bbox 2187 2930 3760 3001">
     <span class='ocr_line' id='line_1_73' title="bbox 2187 2930 3760 3001; baseline 0.001 -16"><span class='ocrx_word' id='word_1_538' title='bbox 2187 2932 2371 2986; x_wconf 90' lang='lat' dir='ltr'><strong>multis</strong></span> <span class='ocrx_word' id='word_1_539' title='bbox 2404 2930 2603 2984; x_wconf 83' lang='lat' dir='ltr'><strong>erravit</strong></span> <span class='ocrx_word' id='word_1_540' title='bbox 2637 2930 3016 3001; x_wconf 74' lang='lat' dir='ltr'><strong>llieronynius,</strong></span> <span class='ocrx_word' id='word_1_541' title='bbox 3062 2945 3163 2985; x_wconf 89' lang='lat' dir='ltr'><strong>nec</strong></span> <span class='ocrx_word' id='word_1_542' title='bbox 3215 2930 3389 2986; x_wconf 81' lang='lat' dir='ltr'><strong>fidelis</strong></span> <span class='ocrx_word' id='word_1_543' title='bbox 3439 2931 3760 3001; x_wconf 83' lang='lat' dir='ltr'><strong>interpretis</strong></span> 
     </span>
    </p>
   </div>
   <div class='ocr_carea' id='block_1_74' title="bbox 2189 3020 3759 3092">
    <p class='ocr_par' dir='ltr' id='par_1_74' title="bbox 2189 3020 3759 3092">
     <span class='ocr_line' id='line_1_74' title="bbox 2189 3020 3759 3092; baseline 0.002 -19"><span class='ocrx_word' id='word_1_544' title='bbox 2189 3036 2430 3084; x_wconf 87' lang='lat' dir='ltr'><strong>munere,</strong></span> <span class='ocrx_word' id='word_1_545' title='bbox 2464 3021 2538 3074; x_wconf 91' lang='lat' dir='ltr'><strong>uti</strong></span> <span class='ocrx_word' id='word_1_546' title='bbox 2571 3035 2668 3090; x_wconf 87' lang='lat' dir='ltr'><strong>par</strong></span> <span class='ocrx_word' id='word_1_547' title='bbox 2697 3029 2833 3085; x_wconf 87' lang='lat' dir='ltr'><strong>erat,</strong></span> <span class='ocrx_word' id='word_1_548' title='bbox 2868 3021 3086 3075; x_wconf 86' lang='lat' dir='ltr'><strong>functus</strong></span> <span class='ocrx_word' id='word_1_549' title='bbox 3131 3029 3234 3075; x_wconf 82' lang='lat' dir='ltr'><strong>est.</strong></span> <span class='ocrx_word' id='word_1_550' title='bbox 3282 3021 3466 3075; x_wconf 88' lang='lat' dir='ltr'><strong>Dicam</strong></span> <span class='ocrx_word' id='word_1_551' title='bbox 3513 3020 3759 3092; x_wconf 78' lang='lat' dir='ltr'><strong>Scaliger</strong></span> 
     </span>
    </p>
   </div>
   <div class='ocr_carea' id='block_1_75' title="bbox 2187 3110 3756 3181">
    <p class='ocr_par' dir='ltr' id='par_1_75' title="bbox 2187 3110 3756 3181">
     <span class='ocr_line' id='line_1_75' title="bbox 2187 3110 3756 3181; baseline 0.003 -19"><span class='ocrx_word' id='word_1_552' title='bbox 2187 3110 2329 3179; x_wconf 91' lang='lat' dir='ltr'><strong>quod</strong></span> <span class='ocrx_word' id='word_1_553' title='bbox 2390 3111 2585 3165; x_wconf 90' lang='lat' dir='ltr'><strong>sentio.</strong></span> <span class='ocrx_word' id='word_1_554' title='bbox 2635 3111 2825 3164; x_wconf 85' lang='lat' dir='ltr'><strong>Errata</strong></span> <span class='ocrx_word' id='word_1_555' title='bbox 2882 3111 3419 3181; x_wconf 69' lang='lat' dir='ltr'><strong>prazelarissimorum</strong></span> <span class='ocrx_word' id='word_1_556' title='bbox 3473 3112 3756 3166; x_wconf 76' lang='lat' dir='ltr'><strong>hominum</strong></span> 
     </span>
    </p>
   </div>
   <div class='ocr_carea' id='block_1_76' title="bbox 2188 3204 3760 3272">
    <p class='ocr_par' dir='ltr' id='par_1_76' title="bbox 2188 3204 3760 3272">
     <span class='ocr_line' id='line_1_76' title="bbox 2188 3204 3760 3272; baseline 0.002 -17"><span class='ocrx_word' id='word_1_557' title='bbox 2188 3213 2486 3272; x_wconf 87' lang='lat' dir='ltr'><strong>stuporem,</strong></span> <span class='ocrx_word' id='word_1_558' title='bbox 2523 3218 2630 3257; x_wconf 93' lang='lat' dir='ltr'><strong>non</strong></span> <span class='ocrx_word' id='word_1_559' title='bbox 2662 3211 3027 3272; x_wconf 83' lang='lat' dir='ltr'><strong>contemptum</strong></span> <span class='ocrx_word' id='word_1_560' title='bbox 3051 3211 3394 3258; x_wconf 81' lang='lat' dir='ltr'><strong>commovent</strong></span> <span class='ocrx_word' id='word_1_561' title='bbox 3420 3220 3433 3265; x_wconf 89' lang='lat'><strong>;</strong></span> <span class='ocrx_word' id='word_1_562' title='bbox 3462 3205 3542 3259; x_wconf 91' lang='lat' dir='ltr'><strong>sic</strong></span> <span class='ocrx_word' id='word_1_563' title='bbox 3574 3204 3627 3258; x_wconf 91' lang='lat' dir='ltr'><strong>in</strong></span> <span class='ocrx_word' id='word_1_564' title='bbox 3667 3221 3760 3259; x_wconf 84' lang='lat' dir='ltr'><strong>ro-</strong></span> 
     </span>
    </p>
   </div>
   <div class='ocr_carea' id='block_1_77' title="bbox 2183 3293 3757 3367">
    <p class='ocr_par' dir='ltr' id='par_1_77' title="bbox 2183 3293 3757 3367">
     <span class='ocr_line' id='line_1_77' title="bbox 2183 3293 3757 3367; baseline 0.003 -20"><span class='ocrx_word' id='word_1_565' title='bbox 2183 3293 2344 3348; x_wconf 87' lang='lat' dir='ltr'><strong>busto</strong></span> <span class='ocrx_word' id='word_1_566' title='bbox 2372 3295 2590 3348; x_wconf 90' lang='lat' dir='ltr'><strong>homine</strong></span> <span class='ocrx_word' id='word_1_567' title='bbox 2622 3295 2838 3365; x_wconf 77' lang='lat' dir='ltr'><strong>gravior</strong></span> <span class='ocrx_word' id='word_1_568' title='bbox 2866 3294 3110 3358; x_wconf 84' lang='lat' dir='ltr'><strong>morbus,</strong></span> <span class='ocrx_word' id='word_1_569' title='bbox 3141 3302 3194 3348; x_wconf 90' lang='lat' dir='ltr'><strong>et</strong></span> <span class='ocrx_word' id='word_1_570' title='bbox 3222 3309 3368 3350; x_wconf 91' lang='lat' dir='ltr'><strong>mors</strong></span> <span class='ocrx_word' id='word_1_571' title='bbox 3392 3297 3613 3367; x_wconf 86' lang='lat' dir='ltr'><strong>inepina</strong></span> <span class='ocrx_word' id='word_1_572' title='bbox 3642 3311 3757 3352; x_wconf 84' lang='lat' dir='ltr'><strong>me-</strong></span> 
     </span>
    </p>
   </div>
   <div class='ocr_carea' id='block_1_78' title="bbox 2185 3385 3758 3456">
    <p class='ocr_par' dir='ltr' id='par_1_78' title="bbox 2185 3385 3758 3456">
     <span class='ocr_line' id='line_1_78' title="bbox 2185 3385 3758 3456; baseline 0.005 -19"><span class='ocrx_word' id='word_1_573' title='bbox 2185 3391 2296 3439; x_wconf 85' lang='lat' dir='ltr'><strong>tunt</strong></span> <span class='ocrx_word' id='word_1_574' title='bbox 2327 3385 2541 3452; x_wconf 89' lang='lat' dir='ltr'><strong>incutit,</strong></span> <span class='ocrx_word' id='word_1_575' title='bbox 2577 3386 2826 3440; x_wconf 70' lang='lat' dir='ltr'><strong>humana:</strong></span> <span class='ocrx_word' id='word_1_576' title='bbox 2862 3386 3172 3456; x_wconf 78' lang='lat' dir='ltr'><strong>fragilitatis</strong></span> <span class='ocrx_word' id='word_1_577' title='bbox 3218 3403 3324 3442; x_wconf 89' lang='lat' dir='ltr'><strong>non</strong></span> <span class='ocrx_word' id='word_1_578' title='bbox 3363 3390 3544 3444; x_wconf 91' lang='lat' dir='ltr'><strong>minus</strong></span> <span class='ocrx_word' id='word_1_579' title='bbox 3575 3391 3758 3444; x_wconf 76' lang='lat' dir='ltr'><strong>valen-</strong></span> 
     </span>
    </p>
   </div>
   <div class='ocr_carea' id='block_1_79' title="bbox 2183 3478 3757 3539">
    <p class='ocr_par' dir='ltr' id='par_1_79' title="bbox 2183 3478 3757 3539">
     <span class='ocr_line' id='line_1_79' title="bbox 2183 3478 3757 3539; baseline 0.004 -8"><span class='ocrx_word' id='word_1_580' title='bbox 2183 3487 2284 3539; x_wconf 86' lang='lat' dir='ltr'><strong>tes,</strong></span> <span class='ocrx_word' id='word_1_581' title='bbox 2316 3478 2409 3533; x_wconf 86' lang='lat' dir='ltr'><strong>sed</strong></span> <span class='ocrx_word' id='word_1_582' title='bbox 2440 3490 2492 3534; x_wconf 88' lang='lat' dir='ltr'><strong>et</strong></span> <span class='ocrx_word' id='word_1_583' title='bbox 2517 3479 2930 3534; x_wconf 81' lang='lat' dir='ltr'><strong>robustissimos</strong></span> <span class='ocrx_word' id='word_1_584' title='bbox 2957 3479 3214 3534; x_wconf 85' lang='lat' dir='ltr'><strong>admonet</strong></span> <span class='ocrx_word' id='word_1_585' title='bbox 3241 3487 3292 3532; x_wconf 90' lang='lat' dir='ltr'><strong>et</strong></span> <span class='ocrx_word' id='word_1_586' title='bbox 3326 3480 3601 3537; x_wconf 86' lang='lat' dir='ltr'><strong>cautiores</strong></span> <span class='ocrx_word' id='word_1_587' title='bbox 3630 3483 3757 3536; x_wconf 86' lang='lat' dir='ltr'><strong>red-</strong></span> 
     </span>
    </p>
   </div>
   <div class='ocr_carea' id='block_1_80' title="bbox 2183 3570 3755 3640">
    <p class='ocr_par' dir='ltr' id='par_1_80' title="bbox 2183 3570 3755 3640">
     <span class='ocr_line' id='line_1_80' title="bbox 2183 3570 3755 3640; baseline 0.001 -14"><span class='ocrx_word' id='word_1_588' title='bbox 2183 3573 2278 3627; x_wconf 72' lang='lat' dir='ltr'><strong>dit.</strong></span> <span class='ocrx_word' id='word_1_589' title='bbox 2305 3571 2405 3638; x_wconf 87' lang='lat' dir='ltr'><strong>Qui</strong></span> <span class='ocrx_word' id='word_1_590' title='bbox 2445 3574 2702 3626; x_wconf 77' lang='lat' dir='ltr'><strong>Catonem</strong></span> <span class='ocrx_word' id='word_1_591' title='bbox 2742 3571 2953 3624; x_wconf 89' lang='lat' dir='ltr'><strong>ebrium</strong></span> <span class='ocrx_word' id='word_1_592' title='bbox 2998 3570 3282 3634; x_wconf 75' lang='lat' dir='ltr'><strong>viderunt,</strong></span> <span class='ocrx_word' id='word_1_593' title='bbox 3334 3587 3442 3625; x_wconf 94' lang='lat' dir='ltr'><strong>non</strong></span> <span class='ocrx_word' id='word_1_594' title='bbox 3492 3574 3755 3640; x_wconf 87' lang='lat' dir='ltr'><strong>riserunt,</strong></span> 
     </span>
    </p>
   </div>
   <div class='ocr_carea' id='block_1_81' title="bbox 2185 3661 3756 3734">
    <p class='ocr_par' dir='ltr' id='par_1_81' title="bbox 2185 3661 3756 3734">
     <span class='ocr_line' id='line_1_81' title="bbox 2185 3661 3756 3734; baseline 0.003 -17"><span class='ocrx_word' id='word_1_595' title='bbox 2185 3664 2278 3718; x_wconf 89' lang='lat' dir='ltr'><strong>sed</strong></span> <span class='ocrx_word' id='word_1_596' title='bbox 2317 3663 2668 3718; x_wconf 89' lang='lat' dir='ltr'><strong>erubuerunt.</strong></span> <span class='ocrx_word' id='word_1_597' title='bbox 2723 3661 2954 3733; x_wconf 91' lang='lat' dir='ltr'><strong>Ideoque</strong></span> <span class='ocrx_word' id='word_1_598' title='bbox 3000 3664 3202 3734; x_wconf 88' lang='lat' dir='ltr'><strong>optime</strong></span> <span class='ocrx_word' id='word_1_599' title='bbox 3248 3663 3476 3728; x_wconf 89' lang='lat' dir='ltr'><strong>dictum,</strong></span> <span class='ocrx_word' id='word_1_600' title='bbox 3524 3680 3636 3720; x_wconf 90' lang='lat' dir='ltr'><strong>non</strong></span> <span class='ocrx_word' id='word_1_601' title='bbox 3687 3667 3756 3722; x_wconf 83' lang='lat' dir='ltr'><strong>ab</strong></span> 
     </span>
    </p>
   </div>
   <div class='ocr_carea' id='block_1_82' title="bbox 2183 3753 3752 3824">
    <p class='ocr_par' dir='ltr' id='par_1_82' title="bbox 2183 3753 3752 3824">
     <span class='ocr_line' id='line_1_82' title="bbox 2183 3753 3752 3824; baseline 0.003 -16"><span class='ocrx_word' id='word_1_602' title='bbox 2183 3756 2290 3809; x_wconf 90' lang='lat' dir='ltr'><strong>illis</strong></span> <span class='ocrx_word' id='word_1_603' title='bbox 2313 3753 2593 3819; x_wconf 89' lang='lat' dir='ltr'><strong>Catonem,</strong></span> <span class='ocrx_word' id='word_1_604' title='bbox 2625 3753 2720 3808; x_wconf 92' lang='lat' dir='ltr'><strong>sed</strong></span> <span class='ocrx_word' id='word_1_605' title='bbox 2755 3755 2876 3809; x_wconf 88' lang='lat' dir='ltr'><strong>illos</strong></span> <span class='ocrx_word' id='word_1_606' title='bbox 2905 3769 2935 3807; x_wconf 88' lang='lat' dir='ltr'><strong>a</strong></span> <span class='ocrx_word' id='word_1_607' title='bbox 2969 3753 3174 3810; x_wconf 86' lang='lat' dir='ltr'><strong>Catone</strong></span> <span class='ocrx_word' id='word_1_608' title='bbox 3213 3755 3602 3824; x_wconf 87' lang='lat' dir='ltr'><strong>deprehensos.</strong></span> <span class='ocrx_word' id='word_1_609' title='bbox 3639 3755 3752 3814; x_wconf 84' lang='lat' dir='ltr'><strong>Nec</strong></span> 
     </span>
    </p>
   </div>
   <div class='ocr_carea' id='block_1_83' title="bbox 2184 3844 3745 3917">
    <p class='ocr_par' dir='ltr' id='par_1_83' title="bbox 2184 3844 3745 3917">
     <span class='ocr_line' id='line_1_83' title="bbox 2184 3844 3745 3917; baseline 0.001 -17"><span class='ocrx_word' id='word_1_610' title='bbox 2184 3849 2362 3901; x_wconf 89' lang='lat' dir='ltr'><strong>minus</strong></span> <span class='ocrx_word' id='word_1_611' title='bbox 2401 3862 2552 3917; x_wconf 76' lang='lat' dir='ltr'><strong>aeque</strong></span> <span class='ocrx_word' id='word_1_612' title='bbox 2598 3844 2804 3900; x_wconf 89' lang='lat' dir='ltr'><strong>Seneca</strong></span> <span class='ocrx_word' id='word_1_613' title='bbox 2847 3845 2940 3900; x_wconf 89' lang='lat' dir='ltr'><strong>lib.</strong></span> <span class='ocrx_word' id='word_1_614' title='bbox 2996 3845 3072 3900; x_wconf 90' lang='lat' dir='ltr'><strong>De</strong></span> <span class='ocrx_word' id='word_1_615' title='bbox 3126 3847 3508 3916; x_wconf 80' lang='lat' dir='ltr'><strong>tranquillitate</strong></span> <span class='ocrx_word' id='word_1_616' title='bbox 3558 3849 3745 3911; x_wconf 85' lang='lat' dir='ltr'><strong>animi,</strong></span> 
     </span>
    </p>
   </div>
   <div class='ocr_carea' id='block_1_84' title="bbox 2183 3937 3755 4010">
    <p class='ocr_par' dir='ltr' id='par_1_84' title="bbox 2183 3937 3755 4010">
     <span class='ocr_line' id='line_1_84' title="bbox 2183 3937 3755 4010; baseline 0 -18"><span class='ocrx_word' id='word_1_617' title='bbox 2183 3954 2302 4008; x_wconf 90' lang='lat' dir='ltr'><strong>cap.</strong></span> <span class='ocrx_word' id='word_1_618' title='bbox 2339 3938 2405 3992; x_wconf 78' lang='grc'><strong>15</strong></span> <span class='ocrx_word' id='word_1_619' title='bbox 2426 3955 2437 3993; x_wconf 87' lang='lat'>:</span> <span class='ocrx_word' id='word_1_620' title='bbox 2459 3938 2649 3992; x_wconf 82' lang='lat' dir='ltr'><strong>Catoni</strong></span> <span class='ocrx_word' id='word_1_621' title='bbox 2672 3937 2896 3991; x_wconf 81' lang='lat' dir='ltr'><strong>ebrietas</strong></span> <span class='ocrx_word' id='word_1_622' title='bbox 2925 3937 3127 4004; x_wconf 76' lang='lat' dir='ltr'><strong>obiecta</strong></span> <span class='ocrx_word' id='word_1_623' title='bbox 3154 3947 3249 3995; x_wconf 85' lang='lat' dir='ltr'><strong>est.</strong></span> <span class='ocrx_word' id='word_1_624' title='bbox 3281 3939 3348 3990; x_wconf 82' lang='lat' dir='ltr'><strong>At</strong></span> <span class='ocrx_word' id='word_1_625' title='bbox 3381 3939 3594 4008; x_wconf 74' lang='lat' dir='ltr'><strong>facilius</strong></span> <span class='ocrx_word' id='word_1_626' title='bbox 3626 3939 3755 4010; x_wconf 77' lang='lat' dir='ltr'><strong>effi-</strong></span> 
     </span>
    </p>
   </div>
   <div class='ocr_carea' id='block_1_85' title="bbox 2184 4029 3754 4101">
    <p class='ocr_par' dir='ltr' id='par_1_85' title="bbox 2184 4029 3754 4101">
     <span class='ocr_line' id='line_1_85' title="bbox 2184 4029 3754 4101; baseline 0.001 -17"><span class='ocrx_word' id='word_1_627' title='bbox 2184 4033 2278 4085; x_wconf 83' lang='lat' dir='ltr'><strong>ciet</strong></span> <span class='ocrx_word' id='word_1_628' title='bbox 2311 4031 2543 4101; x_wconf 83' lang='lat' dir='ltr'><strong>quisquis</strong></span> <span class='ocrx_word' id='word_1_629' title='bbox 2585 4029 2827 4099; x_wconf 86' lang='lat' dir='ltr'><strong>objecerit</strong></span> <span class='ocrx_word' id='word_1_630' title='bbox 2885 4029 2980 4082; x_wconf 84' lang='lat' dir='ltr'><strong>hoc</strong></span> <span class='ocrx_word' id='word_1_631' title='bbox 3027 4032 3221 4084; x_wconf 85' lang='lat' dir='ltr'><strong>crimen</strong></span> <span class='ocrx_word' id='word_1_632' title='bbox 3272 4031 3563 4096; x_wconf 81' lang='lat' dir='ltr'><strong>honestum,</strong></span> <span class='ocrx_word' id='word_1_633' title='bbox 3595 4047 3754 4100; x_wconf 62' lang='lat' dir='ltr'><strong>quam</strong></span> 
     </span>
    </p>
   </div>
   <div class='ocr_carea' id='block_1_86' title="bbox 2185 4119 3754 4190">
    <p class='ocr_par' dir='ltr' id='par_1_86' title="bbox 2185 4119 3754 4190">
     <span class='ocr_line' id='line_1_86' title="bbox 2185 4119 3754 4190; baseline 0.001 -16"><span class='ocrx_word' id='word_1_634' title='bbox 2185 4133 2381 4190; x_wconf 72' lang='lat' dir='ltr'><strong>turpem</strong></span> <span class='ocrx_word' id='word_1_635' title='bbox 2421 4121 2691 4175; x_wconf 85' lang='lat' dir='ltr'><strong>Catonem.</strong></span> <span class='ocrx_word' id='word_1_636' title='bbox 2723 4120 3089 4176; x_wconf 83' lang='lat' dir='ltr'><strong>Humanitatis</strong></span> <span class='ocrx_word' id='word_1_637' title='bbox 3131 4130 3214 4176; x_wconf 88' lang='lat' dir='ltr'><strong>est</strong></span> <span class='ocrx_word' id='word_1_638' title='bbox 3249 4121 3522 4174; x_wconf 86' lang='lat' dir='ltr'><strong>hominem</strong></span> <span class='ocrx_word' id='word_1_639' title='bbox 3561 4119 3631 4174; x_wconf 90' lang='lat' dir='ltr'><strong>de</strong></span> <span class='ocrx_word' id='word_1_640' title='bbox 3665 4136 3754 4175; x_wconf 78' lang='lat' dir='ltr'><strong>re—</strong></span> 
     </span>
    </p>
   </div>
   <div class='ocr_carea' id='block_1_87' title="bbox 2186 4211 3753 4284">
    <p class='ocr_par' dir='ltr' id='par_1_87' title="bbox 2186 4211 3753 4284">
     <span class='ocr_line' id='line_1_87' title="bbox 2186 4211 3753 4284; baseline 0.001 -17"><span class='ocrx_word' id='word_1_641' title='bbox 2186 4213 2420 4284; x_wconf 80' lang='lat' dir='ltr'><strong>publica,</strong></span> <span class='ocrx_word' id='word_1_642' title='bbox 2449 4213 2515 4268; x_wconf 89' lang='lat' dir='ltr'><strong>dc</strong></span> <span class='ocrx_word' id='word_1_643' title='bbox 2552 4213 2764 4272; x_wconf 84' lang='lat' dir='ltr'><strong>litteris.</strong></span> <span class='ocrx_word' id='word_1_644' title='bbox 2805 4211 2872 4266; x_wconf 91' lang='lat' dir='ltr'><strong>de</strong></span> <span class='ocrx_word' id='word_1_645' title='bbox 2913 4212 3140 4266; x_wconf 89' lang='lat' dir='ltr'><strong>historia</strong></span> <span class='ocrx_word' id='word_1_646' title='bbox 3163 4251 3178 4276; x_wconf 97' lang='lat'><strong>,</strong></span> <span class='ocrx_word' id='word_1_647' title='bbox 3211 4212 3278 4267; x_wconf 92' lang='lat' dir='ltr'><strong>de</strong></span> <span class='ocrx_word' id='word_1_648' title='bbox 3326 4213 3580 4267; x_wconf 91' lang='lat' dir='ltr'><strong>omnibus</strong></span> <span class='ocrx_word' id='word_1_649' title='bbox 3615 4212 3753 4268; x_wconf 65' lang='lat' dir='ltr'><strong>bene</strong></span> 
     </span>
    </p>
   </div>
   <div class='ocr_carea' id='block_1_88' title="bbox 2184 4302 3754 4374">
    <p class='ocr_par' dir='ltr' id='par_1_88' title="bbox 2184 4302 3754 4374">
     <span class='ocr_line' id='line_1_88' title="bbox 2184 4302 3754 4374; baseline 0.001 -17"><span class='ocrx_word' id='word_1_650' title='bbox 2184 4305 2456 4366; x_wconf 86' lang='lat' dir='ltr'><strong>meritum,</strong></span> <span class='ocrx_word' id='word_1_651' title='bbox 2489 4313 2542 4358; x_wconf 86' lang='lat' dir='ltr'><strong>et</strong></span> <span class='ocrx_word' id='word_1_652' title='bbox 2587 4305 2856 4373; x_wconf 86' lang='lat' dir='ltr'><strong>praecipue</strong></span> <span class='ocrx_word' id='word_1_653' title='bbox 2897 4302 3303 4374; x_wconf 82' lang='lat' dir='ltr'><strong>Hieronymum,</strong></span> <span class='ocrx_word' id='word_1_654' title='bbox 3335 4303 3381 4358; x_wconf 88' lang='lat' dir='ltr'><strong>si</strong></span> <span class='ocrx_word' id='word_1_655' title='bbox 3411 4303 3632 4374; x_wconf 89' lang='lat' dir='ltr'><strong>quando</strong></span> <span class='ocrx_word' id='word_1_656' title='bbox 3657 4304 3754 4358; x_wconf 58' lang='lat' dir='ltr'><strong>de.</strong></span> 
     </span>
    </p>
   </div>
   <div class='ocr_carea' id='block_1_89' title="bbox 2187 4394 3750 4466">
    <p class='ocr_par' dir='ltr' id='par_1_89' title="bbox 2187 4394 3750 4466">
     <span class='ocr_line' id='line_1_89' title="bbox 2187 4394 3750 4466; baseline 0.001 -18"><span class='ocrx_word' id='word_1_657' title='bbox 2187 4396 2316 4458; x_wconf 78' lang='lat' dir='ltr'><strong>lit-it,</strong></span> <span class='ocrx_word' id='word_1_658' title='bbox 2350 4395 2615 4450; x_wconf 79' lang='lat' dir='ltr'><strong>venerari.</strong></span> <span class='ocrx_word' id='word_1_659' title='bbox 2661 4394 2768 4450; x_wconf 89' lang='lat' dir='ltr'><strong>Sed</strong></span> <span class='ocrx_word' id='word_1_660' title='bbox 2815 4396 3122 4450; x_wconf 90' lang='lat' dir='ltr'><strong>machinam</strong></span> <span class='ocrx_word' id='word_1_661' title='bbox 3174 4397 3436 4466; x_wconf 78' lang='lat' dir='ltr'><strong>aperiam.</strong></span> <span class='ocrx_word' id='word_1_662' title='bbox 3464 4395 3750 4452; x_wconf 74' lang='lat' dir='ltr'><strong>Existimat</strong></span> 
     </span>
    </p>
   </div>
   <div class='ocr_carea' id='block_1_90' title="bbox 515 4481 3752 4557">
    <p class='ocr_par' dir='ltr' id='par_1_90' title="bbox 515 4481 3752 4557">
     <span class='ocr_line' id='line_1_90' title="bbox 515 4481 3752 4557; baseline 0.002 -21"><span class='ocrx_word' id='word_1_663' title='bbox 515 4481 820 4537; x_wconf 86' lang='lat' dir='ltr'><strong>fabularum</strong></span> <span class='ocrx_word' id='word_1_664' title='bbox 874 4485 1187 4554; x_wconf 86' lang='lat' dir='ltr'><strong>scriptores.</strong></span> <span class='ocrx_word' id='word_1_665' title='bbox 1234 4483 1352 4538; x_wconf 86' lang='lat' dir='ltr'><strong>Non</strong></span> <span class='ocrx_word' id='word_1_666' title='bbox 1398 4489 1600 4556; x_wconf 88' lang='lat' dir='ltr'><strong>patitur</strong></span> <span class='ocrx_word' id='word_1_667' title='bbox 1645 4495 1822 4541; x_wconf 86' lang='lat' dir='ltr'><strong>tamen</strong></span> <span class='ocrx_word' id='word_1_668' title='bbox 1865 4485 2081 4541; x_wconf 87' lang='lat' dir='ltr'><strong>Homeri</strong></span> <span class='ocrx_word' id='word_1_669' title='bbox 2115 4498 2157 4552; x_wconf 76' lang='grc' dir='ltr'><strong>ι)</strong></span> <span class='ocrx_word' id='word_1_670' title='bbox 2189 4483 2446 4556; x_wconf 88' lang='lat' dir='ltr'><strong>Scaliger,</strong></span> <span class='ocrx_word' id='word_1_671' title='bbox 2486 4493 2546 4539; x_wconf 90' lang='lat' dir='ltr'><strong>ut</strong></span> <span class='ocrx_word' id='word_1_672' title='bbox 2584 4494 2638 4541; x_wconf 91' lang='lat' dir='ltr'><strong>et</strong></span> <span class='ocrx_word' id='word_1_673' title='bbox 2681 4486 2773 4540; x_wconf 90' lang='lat' dir='ltr'><strong>alii</strong></span> <span class='ocrx_word' id='word_1_674' title='bbox 2806 4487 2983 4550; x_wconf 90' lang='lat' dir='ltr'><strong>multi,</strong></span> <span class='ocrx_word' id='word_1_675' title='bbox 3021 4487 3068 4542; x_wconf 91' lang='lat' dir='ltr'><strong>si</strong></span> <span class='ocrx_word' id='word_1_676' title='bbox 3104 4486 3581 4557; x_wconf 87' lang='lat' dir='ltr'><strong>interpretationes</strong></span> <span class='ocrx_word' id='word_1_677' title='bbox 3626 4487 3752 4545; x_wconf 87' lang='lat' dir='ltr'><strong>Hie-</strong></span> 
     </span>
    </p>
   </div>
   <div class='ocr_carea' id='block_1_91' title="bbox 513 4575 2080 4647">
    <p class='ocr_par' dir='ltr' id='par_1_91' title="bbox 513 4575 2080 4647">
     <span class='ocr_line' id='line_1_91' title="bbox 513 4575 2080 4647; baseline 0.001 -18"><span class='ocrx_word' id='word_1_678' title='bbox 513 4575 748 4645; x_wconf 84' lang='lat' dir='ltr'><strong>dignitas</strong></span> <span class='ocrx_word' id='word_1_679' title='bbox 788 4576 860 4628; x_wconf 90' lang='lat' dir='ltr'><strong>ita</strong></span> <span class='ocrx_word' id='word_1_680' title='bbox 889 4577 1034 4630; x_wconf 89' lang='lat' dir='ltr'><strong>sicce</strong></span> <span class='ocrx_word' id='word_1_681' title='bbox 1066 4577 1366 4645; x_wconf 83' lang='lat' dir='ltr'><strong>praeteriri;</strong></span> <span class='ocrx_word' id='word_1_682' title='bbox 1399 4592 1569 4647; x_wconf 87' lang='lat' dir='ltr'><strong>quare</strong></span> <span class='ocrx_word' id='word_1_683' title='bbox 1599 4593 1716 4647; x_wconf 66' lang='lat' dir='ltr'><strong>quae</strong></span> <span class='ocrx_word' id='word_1_684' title='bbox 1746 4577 1812 4632; x_wconf 92' lang='lat' dir='ltr'><strong>de</strong></span> <span class='ocrx_word' id='word_1_685' title='bbox 1838 4593 1902 4632; x_wconf 90' lang='lat' dir='ltr'><strong>eo</strong></span> <span class='ocrx_word' id='word_1_686' title='bbox 1940 4579 2080 4632; x_wconf 89' lang='lat' dir='ltr'><strong>scri-</strong></span> 
     </span>
    </p>
   </div>
   <div class='ocr_carea' id='block_1_92' title="bbox 515 4666 2081 4736">
    <p class='ocr_par' dir='ltr' id='par_1_92' title="bbox 515 4666 2081 4736">
     <span class='ocr_line' id='line_1_92' title="bbox 515 4666 2081 4736; baseline 0.003 -17"><span class='ocrx_word' id='word_1_687' title='bbox 515 4669 619 4736; x_wconf 85' lang='lat' dir='ltr'><strong>ptis</strong></span> <span class='ocrx_word' id='word_1_688' title='bbox 657 4667 879 4721; x_wconf 88' lang='lat' dir='ltr'><strong>tradidit</strong></span> <span class='ocrx_word' id='word_1_689' title='bbox 913 4666 1153 4723; x_wconf 74' lang='lat' dir='ltr'><strong>Velleius</strong></span> <span class='ocrx_word' id='word_1_690' title='bbox 1185 4667 1272 4721; x_wconf 85' lang='lat' dir='ltr'><strong>ltie</strong></span> <span class='ocrx_word' id='word_1_691' title='bbox 1299 4669 1660 4722; x_wconf 88' lang='lat' dir='ltr'><strong>trauseribam</strong></span> <span class='ocrx_word' id='word_1_692' title='bbox 1682 4667 2081 4723; x_wconf 86' lang='lat' dir='ltr'><strong>:Clarissimum</strong></span> 
     </span>
    </p>
   </div>
   <div class='ocr_carea' id='block_1_93' title="bbox 511 4757 2082 4828">
    <p class='ocr_par' dir='ltr' id='par_1_93' title="bbox 511 4757 2082 4828">
     <span class='ocr_line' id='line_1_93' title="bbox 511 4757 2082 4828; baseline 0.002 -17"><span class='ocrx_word' id='word_1_693' title='bbox 511 4757 697 4812; x_wconf 79' lang='lat' dir='ltr'><strong>deinde</strong></span> <span class='ocrx_word' id='word_1_694' title='bbox 736 4758 953 4812; x_wconf 85' lang='lat' dir='ltr'><strong>Homeri</strong></span> <span class='ocrx_word' id='word_1_695' title='bbox 987 4758 1167 4811; x_wconf 73' lang='lat' dir='ltr'><strong>illuxit</strong></span> <span class='ocrx_word' id='word_1_696' title='bbox 1218 4759 1484 4827; x_wconf 71' lang='lat' dir='ltr'><strong>ingenium</strong></span> <span class='ocrx_word' id='word_1_697' title='bbox 1510 4759 1620 4812; x_wconf 76' lang='lat' dir='ltr'><strong>sine</strong></span> <span class='ocrx_word' id='word_1_698' title='bbox 1641 4759 1875 4828; x_wconf 75' lang='lat' dir='ltr'><strong>exemplo</strong></span> <span class='ocrx_word' id='word_1_699' title='bbox 1909 4761 2082 4814; x_wconf 74' lang='lat' dir='ltr'><strong>maxi-</strong></span> 
     </span>
    </p>
   </div>
   <div class='ocr_carea' id='block_1_94' title="bbox 511 4849 2082 4921">
    <p class='ocr_par' dir='ltr' id='par_1_94' title="bbox 511 4849 2082 4921">
     <span class='ocr_line' id='line_1_94' title="bbox 511 4849 2082 4921; baseline 0 -18"><span class='ocrx_word' id='word_1_700' title='bbox 511 4867 654 4904; x_wconf 84' lang='lat' dir='ltr'><strong>mum</strong></span> <span class='ocrx_word' id='word_1_701' title='bbox 687 4866 705 4904; x_wconf 87' lang='lat'><strong><em>:</em></strong></span> <span class='ocrx_word' id='word_1_702' title='bbox 735 4851 822 4921; x_wconf 85' lang='lat' dir='ltr'><strong>qui</strong></span> <span class='ocrx_word' id='word_1_703' title='bbox 875 4849 1232 4920; x_wconf 85' lang='lat' dir='ltr'><strong>magnitudine</strong></span> <span class='ocrx_word' id='word_1_704' title='bbox 1263 4865 1472 4917; x_wconf 87' lang='lat' dir='ltr'><strong>operum</strong></span> <span class='ocrx_word' id='word_1_705' title='bbox 1493 4890 1507 4914; x_wconf 91' lang='lat'><strong>,</strong></span> <span class='ocrx_word' id='word_1_706' title='bbox 1554 4859 1604 4903; x_wconf 89' lang='lat' dir='ltr'><strong>et</strong></span> <span class='ocrx_word' id='word_1_707' title='bbox 1649 4850 1854 4920; x_wconf 75' lang='lat' dir='ltr'><strong>fulgore</strong></span> <span class='ocrx_word' id='word_1_708' title='bbox 1887 4851 2082 4903; x_wconf 86' lang='lat' dir='ltr'><strong>carmi-</strong></span> 
     </span>
    </p>
   </div>
   <div class='ocr_carea' id='block_1_95' title="bbox 511 4941 2084 5014">
    <p class='ocr_par' dir='ltr' id='par_1_95' title="bbox 511 4941 2084 5014">
     <span class='ocr_line' id='line_1_95' title="bbox 511 4941 2084 5014; baseline -0.001 -16"><span class='ocrx_word' id='word_1_709' title='bbox 511 4961 635 4998; x_wconf 83' lang='lat' dir='ltr'><strong>num</strong></span> <span class='ocrx_word' id='word_1_710' title='bbox 666 4943 809 4998; x_wconf 76' lang='lat' dir='ltr'><strong>solus</strong></span> <span class='ocrx_word' id='word_1_711' title='bbox 838 4943 1091 5011; x_wconf 76' lang='lat' dir='ltr'><strong>appellari</strong></span> <span class='ocrx_word' id='word_1_712' title='bbox 1117 4953 1270 5012; x_wconf 86' lang='lat' dir='ltr'><strong>poeta</strong></span> <span class='ocrx_word' id='word_1_713' title='bbox 1315 4946 1524 4999; x_wconf 82' lang='lat' dir='ltr'><strong>meruit.</strong></span> <span class='ocrx_word' id='word_1_714' title='bbox 1563 4941 1631 4996; x_wconf 82' lang='lat' dir='ltr'><strong>In</strong></span> <span class='ocrx_word' id='word_1_715' title='bbox 1660 4959 1758 5014; x_wconf 85' lang='lat' dir='ltr'><strong>quo</strong></span> <span class='ocrx_word' id='word_1_716' title='bbox 1789 4943 1886 4996; x_wconf 83' lang='lat' dir='ltr'><strong>hoc</strong></span> <span class='ocrx_word' id='word_1_717' title='bbox 1917 4944 2084 4996; x_wconf 76' lang='lat' dir='ltr'><strong>maxi-</strong></span> 
     </span>
    </p>
   </div>
   <div class='ocr_carea' id='block_1_96' title="bbox 511 5035 2078 5106">
    <p class='ocr_par' dir='ltr' id='par_1_96' title="bbox 511 5035 2078 5106">
     <span class='ocr_line' id='line_1_96' title="bbox 511 5035 2078 5106; baseline -0.001 -15"><span class='ocrx_word' id='word_1_718' title='bbox 511 5053 654 5091; x_wconf 87' lang='lat' dir='ltr'><strong>mum</strong></span> <span class='ocrx_word' id='word_1_719' title='bbox 682 5047 780 5100; x_wconf 86' lang='lat' dir='ltr'><strong>est,</strong></span> <span class='ocrx_word' id='word_1_720' title='bbox 813 5036 948 5106; x_wconf 86' lang='lat' dir='ltr'><strong>quod</strong></span> <span class='ocrx_word' id='word_1_721' title='bbox 977 5052 1136 5106; x_wconf 85' lang='lat' dir='ltr'><strong>neque</strong></span> <span class='ocrx_word' id='word_1_722' title='bbox 1180 5046 1299 5090; x_wconf 83' lang='lat' dir='ltr'><strong>ante</strong></span> <span class='ocrx_word' id='word_1_723' title='bbox 1325 5035 1498 5097; x_wconf 85' lang='lat' dir='ltr'><strong>illum,</strong></span> <span class='ocrx_word' id='word_1_724' title='bbox 1536 5053 1683 5104; x_wconf 82' lang='lat' dir='ltr'><strong>quem</strong></span> <span class='ocrx_word' id='word_1_725' title='bbox 1730 5037 1816 5089; x_wconf 87' lang='lat' dir='ltr'><strong>ille</strong></span> <span class='ocrx_word' id='word_1_726' title='bbox 1843 5037 2078 5089; x_wconf 84' lang='lat' dir='ltr'><strong>imitare-</strong></span> 
     </span>
    </p>
   </div>
   <div class='ocr_carea' id='block_1_97' title="bbox 513 5127 2081 5196">
    <p class='ocr_par' dir='ltr' id='par_1_97' title="bbox 513 5127 2081 5196">
     <span class='ocr_line' id='line_1_97' title="bbox 513 5127 2081 5196; baseline 0 -17"><span class='ocrx_word' id='word_1_727' title='bbox 513 5136 618 5191; x_wconf 88' lang='lat' dir='ltr'><strong>tur,</strong></span> <span class='ocrx_word' id='word_1_728' title='bbox 649 5143 810 5196; x_wconf 82' lang='lat' dir='ltr'><strong>ueque</strong></span> <span class='ocrx_word' id='word_1_729' title='bbox 849 5137 967 5194; x_wconf 86' lang='lat' dir='ltr'><strong>post</strong></span> <span class='ocrx_word' id='word_1_730' title='bbox 1002 5127 1176 5190; x_wconf 88' lang='lat' dir='ltr'><strong>illum,</strong></span> <span class='ocrx_word' id='word_1_731' title='bbox 1208 5129 1300 5196; x_wconf 88' lang='lat' dir='ltr'><strong>qui</strong></span> <span class='ocrx_word' id='word_1_732' title='bbox 1327 5144 1445 5181; x_wconf 88' lang='lat' dir='ltr'><strong>eum</strong></span> <span class='ocrx_word' id='word_1_733' title='bbox 1470 5128 1668 5180; x_wconf 86' lang='lat' dir='ltr'><strong>imitari</strong></span> <span class='ocrx_word' id='word_1_734' title='bbox 1699 5128 1860 5194; x_wconf 85' lang='lat' dir='ltr'><strong>possit</strong></span> <span class='ocrx_word' id='word_1_735' title='bbox 1901 5128 2081 5179; x_wconf 86' lang='lat' dir='ltr'><strong>inven-</strong></span> 
     </span>
    </p>
   </div>
   <div class='ocr_carea' id='block_1_98' title="bbox 513 5217 2078 5288">
    <p class='ocr_par' dir='ltr' id='par_1_98' title="bbox 513 5217 2078 5288">
     <span class='ocr_line' id='line_1_98' title="bbox 513 5217 2078 5288; baseline 0.001 -18"><span class='ocrx_word' id='word_1_736' title='bbox 513 5225 594 5272; x_wconf 83' lang='lat' dir='ltr'><strong>tus</strong></span> <span class='ocrx_word' id='word_1_737' title='bbox 625 5227 738 5274; x_wconf 81' lang='lat' dir='ltr'><strong>est:</strong></span> <span class='ocrx_word' id='word_1_738' title='bbox 769 5235 928 5287; x_wconf 85' lang='lat' dir='ltr'><strong>neque</strong></span> <span class='ocrx_word' id='word_1_739' title='bbox 947 5235 1255 5288; x_wconf 81' lang='lat' dir='ltr'><strong>quemquam</strong></span> <span class='ocrx_word' id='word_1_740' title='bbox 1287 5217 1474 5284; x_wconf 82' lang='lat' dir='ltr'><strong>alium,</strong></span> <span class='ocrx_word' id='word_1_741' title='bbox 1507 5219 1656 5286; x_wconf 81' lang='lat' dir='ltr'><strong>cujus</strong></span> <span class='ocrx_word' id='word_1_742' title='bbox 1685 5219 1852 5287; x_wconf 83' lang='lat' dir='ltr'><strong>operis</strong></span> <span class='ocrx_word' id='word_1_743' title='bbox 1879 5219 2078 5287; x_wconf 79' lang='lat' dir='ltr'><strong>primus</strong></span> 
     </span>
    </p>
   </div>
   <div class='ocr_carea' id='block_1_99' title="bbox 513 5301 2080 5380">
    <p class='ocr_par' dir='ltr' id='par_1_99' title="bbox 513 5301 2080 5380">
     <span class='ocr_line' id='line_1_99' title="bbox 513 5301 2080 5380; baseline -0.001 -18"><span class='ocrx_word' id='word_1_744' title='bbox 513 5321 697 5362; x_wconf 85' lang='lat' dir='ltr'><strong>auctor</strong></span> <span class='ocrx_word' id='word_1_745' title='bbox 742 5308 919 5378; x_wconf 78' lang='lat' dir='ltr'><strong>fuerit,</strong></span> <span class='ocrx_word' id='word_1_746' title='bbox 966 5309 1021 5361; x_wconf 84' lang='lat' dir='ltr'><strong>in</strong></span> <span class='ocrx_word' id='word_1_747' title='bbox 1056 5323 1115 5361; x_wconf 90' lang='lat' dir='ltr'><strong>eo</strong></span> <span class='ocrx_word' id='word_1_748' title='bbox 1151 5308 1609 5378; x_wconf 75' lang='lat' dir='ltr'><strong>perfectissimum,</strong></span> <span class='ocrx_word' id='word_1_749' title='bbox 1655 5320 1845 5375; x_wconf 78' lang='lat' dir='ltr'><strong>prwter</strong></span> <span class='ocrx_word' id='word_1_750' title='bbox 1885 5301 2080 5380; x_wconf 69' lang='lat' dir='ltr'><strong>&quot;orne-</strong></span> 
     </span>
    </p>
   </div>
   <div class='ocr_carea' id='block_1_100' title="bbox 511 5397 2083 5470">
    <p class='ocr_par' dir='ltr' id='par_1_100' title="bbox 511 5397 2083 5470">
     <span class='ocr_line' id='line_1_100' title="bbox 511 5397 2083 5470; baseline 0.002 -19"><span class='ocrx_word' id='word_1_751' title='bbox 511 5416 627 5454; x_wconf 89' lang='lat' dir='ltr'><strong>rum</strong></span> <span class='ocrx_word' id='word_1_752' title='bbox 661 5411 709 5454; x_wconf 82' lang='lat' dir='ltr'><strong>et</strong></span> <span class='ocrx_word' id='word_1_753' title='bbox 739 5401 1105 5455; x_wconf 78' lang='lat' dir='ltr'><strong>Archilochum</strong></span> <span class='ocrx_word' id='word_1_754' title='bbox 1145 5402 1474 5469; x_wconf 86' lang='lat' dir='ltr'><strong>reperiemus.</strong></span> <span class='ocrx_word' id='word_1_755' title='bbox 1512 5397 1611 5453; x_wconf 77' lang='lat' dir='ltr'><strong>llic</strong></span> <span class='ocrx_word' id='word_1_756' title='bbox 1645 5401 1847 5470; x_wconf 83' lang='lat' dir='ltr'><strong>longius</strong></span> <span class='ocrx_word' id='word_1_757' title='bbox 1887 5417 1919 5453; x_wconf 90' lang='lat' dir='ltr'><strong>a</strong></span> <span class='ocrx_word' id='word_1_758' title='bbox 1951 5412 2083 5454; x_wconf 85' lang='lat' dir='ltr'><strong>tent-</strong></span> 
     </span>
    </p>
   </div>
   <div class='ocr_carea' id='block_1_101' title="bbox 507 5491 2078 5562">
    <p class='ocr_par' dir='ltr' id='par_1_101' title="bbox 507 5491 2078 5562">
     <span class='ocr_line' id='line_1_101' title="bbox 507 5491 2078 5562; baseline 0 -18"><span class='ocrx_word' id='word_1_759' title='bbox 507 5493 718 5557; x_wconf 79' lang='lat' dir='ltr'><strong>porilms</strong></span> <span class='ocrx_word' id='word_1_760' title='bbox 751 5493 872 5546; x_wconf 81' lang='lat' dir='ltr'><strong>belli</strong></span> <span class='ocrx_word' id='word_1_761' title='bbox 917 5493 1053 5562; x_wconf 84' lang='lat' dir='ltr'><strong>quod</strong></span> <span class='ocrx_word' id='word_1_762' title='bbox 1095 5493 1404 5560; x_wconf 78' lang='lat' dir='ltr'><strong>composuit,</strong></span> <span class='ocrx_word' id='word_1_763' title='bbox 1458 5491 1650 5553; x_wconf 83' lang='lat' dir='ltr'><strong>Troici,</strong></span> <span class='ocrx_word' id='word_1_764' title='bbox 1678 5509 1834 5560; x_wconf 82' lang='lat' dir='ltr'><strong>quant</strong></span> <span class='ocrx_word' id='word_1_765' title='bbox 1865 5491 2078 5554; x_wconf 81' lang='lat' dir='ltr'><strong>quidam</strong></span> 
     </span>
    </p>
   </div>
   <div class='ocr_carea' id='block_1_102' title="bbox 507 5583 2080 5655">
    <p class='ocr_par' dir='ltr' id='par_1_102' title="bbox 507 5583 2080 5655">
     <span class='ocr_line' id='line_1_102' title="bbox 507 5583 2080 5655; baseline 0.001 -18"><span class='ocrx_word' id='word_1_766' title='bbox 507 5594 709 5646; x_wconf 80' lang='lat' dir='ltr'><strong>rentur,</strong></span> <span class='ocrx_word' id='word_1_767' title='bbox 743 5584 952 5653; x_wconf 77' lang='lat' dir='ltr'><strong>abfuit;</strong></span> <span class='ocrx_word' id='word_1_768' title='bbox 993 5603 1114 5639; x_wconf 87' lang='lat' dir='ltr'><strong>nam</strong></span> <span class='ocrx_word' id='word_1_769' title='bbox 1161 5586 1341 5655; x_wconf 77' lang='lat' dir='ltr'><strong>ferme,</strong></span> <span class='ocrx_word' id='word_1_770' title='bbox 1378 5594 1486 5640; x_wconf 88' lang='lat' dir='ltr'><strong>etc.</strong></span> <span class='ocrx_word' id='word_1_771' title='bbox 1525 5583 1596 5640; x_wconf 84' lang='lat' dir='ltr'><strong>De</strong></span> <span class='ocrx_word' id='word_1_772' title='bbox 1645 5585 1763 5654; x_wconf 86' lang='lat' dir='ltr'><strong>ejus</strong></span> <span class='ocrx_word' id='word_1_773' title='bbox 1805 5593 1980 5649; x_wconf 74' lang='lat' dir='ltr'><strong>mtate,</strong></span> <span class='ocrx_word' id='word_1_774' title='bbox 2027 5591 2080 5638; x_wconf 87' lang='lat' dir='ltr'><strong>et</strong></span> 
     </span>
    </p>
   </div>
   <div class='ocr_carea' id='block_1_103' title="bbox 509 5674 2080 5744">
    <p class='ocr_par' dir='ltr' id='par_1_103' title="bbox 509 5674 2080 5744">
     <span class='ocr_line' id='line_1_103' title="bbox 509 5674 2080 5744; baseline 0 -16"><span class='ocrx_word' id='word_1_775' title='bbox 509 5675 792 5728; x_wconf 81' lang='lat' dir='ltr'><strong>excellenti</strong></span> <span class='ocrx_word' id='word_1_776' title='bbox 831 5684 1023 5730; x_wconf 88' lang='lat' dir='ltr'><strong>natura</strong></span> <span class='ocrx_word' id='word_1_777' title='bbox 1053 5676 1343 5744; x_wconf 86' lang='lat' dir='ltr'><strong>divinaque</strong></span> <span class='ocrx_word' id='word_1_778' title='bbox 1369 5715 1384 5738; x_wconf 91' lang='lat'><strong>,</strong></span> <span class='ocrx_word' id='word_1_779' title='bbox 1421 5675 1544 5729; x_wconf 82' lang='lat' dir='ltr'><strong>vide</strong></span> <span class='ocrx_word' id='word_1_780' title='bbox 1586 5674 1724 5730; x_wconf 87' lang='lat' dir='ltr'><strong>Justi</strong></span> <span class='ocrx_word' id='word_1_781' title='bbox 1765 5674 1931 5744; x_wconf 80' lang='lat' dir='ltr'><strong>Lipsii</strong></span> <span class='ocrx_word' id='word_1_782' title='bbox 1961 5676 2080 5728; x_wconf 86' lang='lat' dir='ltr'><strong>ani-</strong></span> 
     </span>
    </p>
   </div>
   <div class='ocr_carea' id='block_1_104' title="bbox 511 5761 2075 5836">
    <p class='ocr_par' dir='ltr' id='par_1_104' title="bbox 511 5761 2075 5836">
     <span class='ocr_line' id='line_1_104' title="bbox 511 5761 2075 5836; baseline 0.001 -18"><span class='ocrx_word' id='word_1_783' title='bbox 511 5763 914 5819; x_wconf 82' lang='lat' dir='ltr'><strong>madversiones</strong></span> <span class='ocrx_word' id='word_1_784' title='bbox 966 5763 1185 5820; x_wconf 84' lang='lat' dir='ltr'><strong>ibidem.</strong></span> <span class='ocrx_word' id='word_1_785' title='bbox 1239 5763 1362 5823; x_wconf 58' lang='lat' dir='ltr'><strong>Haec</strong></span> <span class='ocrx_word' id='word_1_786' title='bbox 1417 5761 1562 5818; x_wconf 86' lang='lat' dir='ltr'><strong>.lulio</strong></span> <span class='ocrx_word' id='word_1_787' title='bbox 1621 5765 1900 5836; x_wconf 80' lang='lat' dir='ltr'><strong>Scaligero</strong></span> <span class='ocrx_word' id='word_1_788' title='bbox 1963 5779 2075 5820; x_wconf 89' lang='lat' dir='ltr'><strong>non</strong></span> 
     </span>
    </p>
   </div>
   <div class='ocr_carea' id='block_1_105' title="bbox 2184 4577 3750 4649">
    <p class='ocr_par' dir='ltr' id='par_1_105' title="bbox 2184 4577 3750 4649">
     <span class='ocr_line' id='line_1_105' title="bbox 2184 4577 3750 4649; baseline 0.001 -18"><span class='ocrx_word' id='word_1_789' title='bbox 2184 4578 2395 4649; x_wconf 88' lang='lat' dir='ltr'><strong>ronymi</strong></span> <span class='ocrx_word' id='word_1_790' title='bbox 2445 4578 2768 4648; x_wconf 83' lang='lat' dir='ltr'><strong>exagitando</strong></span> <span class='ocrx_word' id='word_1_791' title='bbox 2809 4577 3080 4640; x_wconf 85' lang='lat' dir='ltr'><strong>refellant,</strong></span> <span class='ocrx_word' id='word_1_792' title='bbox 3125 4577 3272 4634; x_wconf 91' lang='lat' dir='ltr'><strong>illius</strong></span> <span class='ocrx_word' id='word_1_793' title='bbox 3315 4580 3414 4632; x_wconf 86' lang='lat' dir='ltr'><strong>viri</strong></span> <span class='ocrx_word' id='word_1_794' title='bbox 3454 4582 3750 4634; x_wconf 44' lang='lat' dir='ltr'><strong>auctoritas</strong></span> 
     </span>
    </p>
   </div>
   <div class='ocr_carea' id='block_1_106' title="bbox 2183 4668 3750 4737">
    <p class='ocr_par' dir='ltr' id='par_1_106' title="bbox 2183 4668 3750 4737">
     <span class='ocr_line' id='line_1_106' title="bbox 2183 4668 3750 4737; baseline 0.001 -13"><span class='ocrx_word' id='word_1_795' title='bbox 2183 4678 2289 4724; x_wconf 90' lang='lat' dir='ltr'><strong>tem</strong></span> <span class='ocrx_word' id='word_1_796' title='bbox 2322 4668 2587 4731; x_wconf 89' lang='lat' dir='ltr'><strong>minuere,</strong></span> <span class='ocrx_word' id='word_1_797' title='bbox 2620 4678 2673 4724; x_wconf 93' lang='lat' dir='ltr'><strong>et</strong></span> <span class='ocrx_word' id='word_1_798' title='bbox 2707 4671 2760 4723; x_wconf 94' lang='lat' dir='ltr'><strong>in</strong></span> <span class='ocrx_word' id='word_1_799' title='bbox 2795 4668 2915 4737; x_wconf 87' lang='lat' dir='ltr'><strong>ejus</strong></span> <span class='ocrx_word' id='word_1_800' title='bbox 2943 4669 3287 4724; x_wconf 78' lang='lat' dir='ltr'><strong>versionibus</strong></span> <span class='ocrx_word' id='word_1_801' title='bbox 3333 4670 3489 4724; x_wconf 81' lang='lat' dir='ltr'><strong>fidem</strong></span> <span class='ocrx_word' id='word_1_802' title='bbox 3534 4669 3750 4725; x_wconf 82' lang='lat' dir='ltr'><strong>deside-</strong></span> 
     </span>
    </p>
   </div>
   <div class='ocr_carea' id='block_1_107' title="bbox 2183 4758 3751 4830">
    <p class='ocr_par' dir='ltr' id='par_1_107' title="bbox 2183 4758 3751 4830">
     <span class='ocr_line' id='line_1_107' title="bbox 2183 4758 3751 4830; baseline 0.002 -18"><span class='ocrx_word' id='word_1_803' title='bbox 2183 4774 2344 4813; x_wconf 88' lang='lat' dir='ltr'><strong>rare:</strong></span> <span class='ocrx_word' id='word_1_804' title='bbox 2378 4774 2546 4828; x_wconf 88' lang='lat' dir='ltr'><strong>quare</strong></span> <span class='ocrx_word' id='word_1_805' title='bbox 2568 4766 2752 4828; x_wconf 88' lang='lat' dir='ltr'><strong>postea</strong></span> <span class='ocrx_word' id='word_1_806' title='bbox 2799 4758 3127 4822; x_wconf 79' lang='lat' dir='ltr'><strong>concludant</strong></span> <span class='ocrx_word' id='word_1_807' title='bbox 3165 4767 3218 4815; x_wconf 89' lang='lat' dir='ltr'><strong>et</strong></span> <span class='ocrx_word' id='word_1_808' title='bbox 3262 4761 3532 4830; x_wconf 84' lang='lat' dir='ltr'><strong>vulgatam</strong></span> <span class='ocrx_word' id='word_1_809' title='bbox 3583 4775 3751 4815; x_wconf 62' lang='lat' dir='ltr'><strong>sacra!</strong></span> 
     </span>
    </p>
   </div>
   <div class='ocr_carea' id='block_1_108' title="bbox 2184 4850 3751 4922">
    <p class='ocr_par' dir='ltr' id='par_1_108' title="bbox 2184 4850 3751 4922">
     <span class='ocr_line' id='line_1_108' title="bbox 2184 4850 3751 4922; baseline 0 -18"><span class='ocrx_word' id='word_1_810' title='bbox 2184 4850 2477 4921; x_wconf 81' lang='lat' dir='ltr'><strong>Scripturae</strong></span> <span class='ocrx_word' id='word_1_811' title='bbox 2527 4852 2816 4906; x_wconf 88' lang='lat' dir='ltr'><strong>editionem</strong></span> <span class='ocrx_word' id='word_1_812' title='bbox 2863 4866 2972 4905; x_wconf 92' lang='lat' dir='ltr'><strong>non</strong></span> <span class='ocrx_word' id='word_1_813' title='bbox 3013 4867 3134 4907; x_wconf 88' lang='lat' dir='ltr'><strong>esse</strong></span> <span class='ocrx_word' id='word_1_814' title='bbox 3205 4852 3352 4906; x_wconf 89' lang='lat' dir='ltr'><strong>illius</strong></span> <span class='ocrx_word' id='word_1_815' title='bbox 3392 4851 3646 4922; x_wconf 85' lang='lat' dir='ltr'><strong>ponderis</strong></span> <span class='ocrx_word' id='word_1_816' title='bbox 3695 4859 3751 4906; x_wconf 89' lang='lat' dir='ltr'><strong>et</strong></span> 
     </span>
    </p>
   </div>
   <div class='ocr_carea' id='block_1_109' title="bbox 2181 4939 3745 5017">
    <p class='ocr_par' dir='ltr' id='par_1_109' title="bbox 2181 4939 3745 5017">
     <span class='ocr_line' id='line_1_109' title="bbox 2181 4939 3745 5017; baseline 0.001 -24"><span class='ocrx_word' id='word_1_817' title='bbox 2181 4939 2494 5011; x_wconf 82' lang='lat' dir='ltr'><strong>dignitatis,</strong></span> <span class='ocrx_word' id='word_1_818' title='bbox 2549 4947 2709 5010; x_wconf 81' lang='lat' dir='ltr'><strong>prout</strong></span> <span class='ocrx_word' id='word_1_819' title='bbox 2758 4941 2904 4995; x_wconf 89' lang='lat' dir='ltr'><strong>illam</strong></span> <span class='ocrx_word' id='word_1_820' title='bbox 2937 4941 3096 4996; x_wconf 89' lang='lat' dir='ltr'><strong>habet</strong></span> <span class='ocrx_word' id='word_1_821' title='bbox 3142 4942 3408 4997; x_wconf 89' lang='lat' dir='ltr'><strong>catholica</strong></span> <span class='ocrx_word' id='word_1_822' title='bbox 3467 4940 3745 5017; x_wconf 87' lang='lat' dir='ltr'><strong>Ecclesia;</strong></span> 
     </span>
    </p>
   </div>
   <div class='ocr_carea' id='block_1_110' title="bbox 2180 5033 3750 5103">
    <p class='ocr_par' dir='ltr' id='par_1_110' title="bbox 2180 5033 3750 5103">
     <span class='ocr_line' id='line_1_110' title="bbox 2180 5033 3750 5103; baseline 0 -17"><span class='ocrx_word' id='word_1_823' title='bbox 2180 5048 2348 5101; x_wconf 87' lang='lat' dir='ltr'><strong>quare</strong></span> <span class='ocrx_word' id='word_1_824' title='bbox 2389 5048 2557 5087; x_wconf 88' lang='lat' dir='ltr'><strong>novas</strong></span> <span class='ocrx_word' id='word_1_825' title='bbox 2596 5033 2700 5103; x_wconf 87' lang='lat' dir='ltr'><strong>ipsi</strong></span> <span class='ocrx_word' id='word_1_826' title='bbox 2742 5033 3034 5088; x_wconf 82' lang='lat' dir='ltr'><strong>moliantur</strong></span> <span class='ocrx_word' id='word_1_827' title='bbox 3069 5034 3561 5102; x_wconf 86' lang='lat' dir='ltr'><strong>interpretationes.</strong></span> <span class='ocrx_word' id='word_1_828' title='bbox 3596 5050 3750 5090; x_wconf 81' lang='lat' dir='ltr'><strong>vera-</strong></span> 
     </span>
    </p>
   </div>
   <div class='ocr_carea' id='block_1_111' title="bbox 2180 5123 3749 5194">
    <p class='ocr_par' dir='ltr' id='par_1_111' title="bbox 2180 5123 3749 5194">
     <span class='ocr_line' id='line_1_111' title="bbox 2180 5123 3749 5194; baseline 0.001 -17"><span class='ocrx_word' id='word_1_829' title='bbox 2180 5141 2284 5194; x_wconf 88' lang='lat' dir='ltr'><strong>que</strong></span> <span class='ocrx_word' id='word_1_830' title='bbox 2312 5124 2562 5194; x_wconf 78' lang='lat' dir='ltr'><strong>dogmata</strong></span> <span class='ocrx_word' id='word_1_831' title='bbox 2595 5125 2706 5193; x_wconf 88' lang='lat' dir='ltr'><strong>jam</strong></span> <span class='ocrx_word' id='word_1_832' title='bbox 2737 5123 2830 5178; x_wconf 92' lang='lat' dir='ltr'><strong>diu</strong></span> <span class='ocrx_word' id='word_1_833' title='bbox 2865 5125 3182 5178; x_wconf 84' lang='lat' dir='ltr'><strong>confirmata</strong></span> <span class='ocrx_word' id='word_1_834' title='bbox 3213 5139 3275 5178; x_wconf 86' lang='lat' dir='ltr'><strong>ea</strong></span> <span class='ocrx_word' id='word_1_835' title='bbox 3313 5125 3658 5190; x_wconf 89' lang='lat' dir='ltr'><strong>conturbent,</strong></span> <span class='ocrx_word' id='word_1_836' title='bbox 3691 5135 3749 5179; x_wconf 88' lang='lat' dir='ltr'><strong>ut</strong></span> 
     </span>
    </p>
   </div>
   <div class='ocr_carea' id='block_1_112' title="bbox 2181 5214 3750 5284">
    <p class='ocr_par' dir='ltr' id='par_1_112' title="bbox 2181 5214 3750 5284">
     <span class='ocr_line' id='line_1_112' title="bbox 2181 5214 3750 5284; baseline 0.001 -16"><span class='ocrx_word' id='word_1_837' title='bbox 2181 5231 2317 5269; x_wconf 80' lang='lat' dir='ltr'><strong>nova</strong></span> <span class='ocrx_word' id='word_1_838' title='bbox 2347 5230 2444 5270; x_wconf 88' lang='lat' dir='ltr'><strong>sua</strong></span> <span class='ocrx_word' id='word_1_839' title='bbox 2475 5214 2900 5284; x_wconf 84' lang='lat' dir='ltr'><strong>simplicioribus</strong></span> <span class='ocrx_word' id='word_1_840' title='bbox 2930 5216 3368 5270; x_wconf 88' lang='lat' dir='ltr'><strong>communicent:</strong></span> <span class='ocrx_word' id='word_1_841' title='bbox 3406 5215 3500 5271; x_wconf 80' lang='lat' dir='ltr'><strong>sed</strong></span> <span class='ocrx_word' id='word_1_842' title='bbox 3527 5217 3750 5272; x_wconf 84' lang='lat' dir='ltr'><strong>stabunt</strong></span> 
     </span>
    </p>
   </div>
   <div class='ocr_carea' id='block_1_113' title="bbox 2179 5305 3748 5378">
    <p class='ocr_par' dir='ltr' id='par_1_113' title="bbox 2179 5305 3748 5378">
     <span class='ocr_line' id='line_1_113' title="bbox 2179 5305 3748 5378; baseline 0.005 -22"><span class='ocrx_word' id='word_1_843' title='bbox 2179 5306 2367 5372; x_wconf 86' lang='lat' dir='ltr'><strong>quales</strong></span> <span class='ocrx_word' id='word_1_844' title='bbox 2422 5305 2610 5373; x_wconf 89' lang='lat' dir='ltr'><strong>quales</strong></span> <span class='ocrx_word' id='word_1_845' title='bbox 2669 5314 2796 5360; x_wconf 90' lang='lat' dir='ltr'><strong>sunt</strong></span> <span class='ocrx_word' id='word_1_846' title='bbox 2855 5305 3164 5377; x_wconf 79' lang='lat' dir='ltr'><strong>Hieronymi</strong></span> <span class='ocrx_word' id='word_1_847' title='bbox 3228 5307 3748 5378; x_wconf 87' lang='lat' dir='ltr'><strong>interpretationes;</strong></span> 
     </span>
    </p>
   </div>
   <div class='ocr_carea' id='block_1_114' title="bbox 2183 5396 3750 5471">
    <p class='ocr_par' dir='ltr' id='par_1_114' title="bbox 2183 5396 3750 5471">
     <span class='ocr_line' id='line_1_114' title="bbox 2183 5396 3750 5471; baseline 0.004 -23"><span class='ocrx_word' id='word_1_848' title='bbox 2183 5396 2437 5466; x_wconf 79' lang='lat' dir='ltr'><strong>Scaligeri</strong></span> <span class='ocrx_word' id='word_1_849' title='bbox 2469 5396 2515 5450; x_wconf 86' lang='lat' dir='ltr'><strong>si</strong></span> <span class='ocrx_word' id='word_1_850' title='bbox 2543 5411 2662 5465; x_wconf 66' lang='lat' dir='ltr'><strong>qua:</strong></span> <span class='ocrx_word' id='word_1_851' title='bbox 2689 5404 2815 5452; x_wconf 91' lang='lat' dir='ltr'><strong>sunt</strong></span> <span class='ocrx_word' id='word_1_852' title='bbox 2855 5399 3106 5468; x_wconf 73' lang='lat' dir='ltr'><strong>perbellae</strong></span> <span class='ocrx_word' id='word_1_853' title='bbox 3129 5409 3182 5455; x_wconf 90' lang='lat' dir='ltr'><strong>et</strong></span> <span class='ocrx_word' id='word_1_854' title='bbox 3209 5400 3507 5471; x_wconf 89' lang='lat' dir='ltr'><strong>elegantes,</strong></span> <span class='ocrx_word' id='word_1_855' title='bbox 3531 5409 3585 5455; x_wconf 90' lang='lat' dir='ltr'><strong>et</strong></span> <span class='ocrx_word' id='word_1_856' title='bbox 3615 5402 3750 5455; x_wconf 84' lang='lat' dir='ltr'><strong>alio-</strong></span> 
     </span>
    </p>
   </div>
   <div class='ocr_carea' id='block_1_115' title="bbox 2181 5487 2842 5544">
    <p class='ocr_par' dir='ltr' id='par_1_115' title="bbox 2181 5487 2842 5544">
     <span class='ocr_line' id='line_1_115' title="bbox 2181 5487 2842 5544; baseline 0.002 -3"><span class='ocrx_word' id='word_1_857' title='bbox 2181 5504 2300 5541; x_wconf 88' lang='lat' dir='ltr'><strong>rum</strong></span> <span class='ocrx_word' id='word_1_858' title='bbox 2335 5488 2594 5542; x_wconf 82' lang='lat' dir='ltr'><strong>similiqu</strong></span> <span class='ocrx_word' id='word_1_859' title='bbox 2626 5487 2842 5544; x_wconf 87' lang='lat' dir='ltr'><strong>cadent.</strong></span> 
     </span>
    </p>
   </div>
   <div class='ocr_carea' id='block_1_116' title="bbox 2249 5577 3750 5647">
    <p class='ocr_par' dir='ltr' id='par_1_116' title="bbox 2249 5577 3750 5647">
     <span class='ocr_line' id='line_1_116' title="bbox 2249 5577 3750 5647; baseline 0.001 -14"><span class='ocrx_word' id='word_1_860' title='bbox 2249 5579 2365 5634; x_wconf 88' lang='lat' dir='ltr'><strong>Col.</strong></span> <span class='ocrx_word' id='word_1_861' title='bbox 2413 5580 2532 5645; x_wconf 82' lang='lat'><strong>709,</strong></span> <span class='ocrx_word' id='word_1_862' title='bbox 2576 5581 2672 5636; x_wconf 85' lang='lat' dir='ltr'><strong>litt.</strong></span> <span class='ocrx_word' id='word_1_863' title='bbox 2714 5578 2765 5636; x_wconf 75' lang='grc' dir='ltr'><strong>ὅ.</strong></span> <span class='ocrx_word' id='word_1_864' title='bbox 2819 5577 3004 5647; x_wconf 80' lang='grc' dir='ltr'>Οὗτος</span> <span class='ocrx_word' id='word_1_865' title='bbox 3034 5583 3261 5635; x_wconf 67' lang='grc' dir='ltr'>τοίνυν.</span> <span class='ocrx_word' id='word_1_866' title='bbox 3311 5581 3563 5638; x_wconf 76' lang='lat' dir='ltr'><strong>Justinus</strong></span> <span class='ocrx_word' id='word_1_867' title='bbox 3608 5581 3750 5636; x_wconf 77' lang='lat' dir='ltr'><strong>Mar~</strong></span> 
     </span>
    </p>
   </div>
   <div class='ocr_carea' id='block_1_117' title="bbox 2180 5671 3744 5744">
    <p class='ocr_par' dir='ltr' id='par_1_117' title="bbox 2180 5671 3744 5744">
     <span class='ocr_line' id='line_1_117' title="bbox 2180 5671 3744 5744; baseline -0.001 -16"><span class='ocrx_word' id='word_1_868' title='bbox 2180 5685 2263 5744; x_wconf 78' lang='lat' dir='ltr'><strong>tyr</strong></span> <span class='ocrx_word' id='word_1_869' title='bbox 2319 5671 2690 5728; x_wconf 82' lang='lat' dir='ltr'><strong>Cohartatione</strong></span> <span class='ocrx_word' id='word_1_870' title='bbox 2735 5674 2803 5726; x_wconf 84' lang='lat' dir='ltr'><strong>ad</strong></span> <span class='ocrx_word' id='word_1_871' title='bbox 2839 5671 3048 5727; x_wconf 63' lang='grc' dir='ltr'>(ἔνατος</span> <span class='ocrx_word' id='word_1_872' title='bbox 3080 5713 3094 5738; x_wconf 95' lang='grc'><strong>,</strong></span> <span class='ocrx_word' id='word_1_873' title='bbox 3157 5673 3222 5726; x_wconf 85' lang='lat' dir='ltr'><strong>de</strong></span> <span class='ocrx_word' id='word_1_874' title='bbox 3266 5673 3456 5728; x_wconf 89' lang='lat' dir='ltr'><strong>eodem</strong></span> <span class='ocrx_word' id='word_1_875' title='bbox 3509 5674 3744 5744; x_wconf 75' lang='lat' dir='ltr'><strong>Moyse:</strong></span> 
     </span>
    </p>
   </div>
   <div class='ocr_carea' id='block_1_118' title="bbox 2180 5761 3749 5834">
    <p class='ocr_par' dir='ltr' id='par_1_118' title="bbox 2180 5761 3749 5834">
     <span class='ocr_line' id='line_1_118' title="bbox 2180 5761 3749 5834; baseline 0 -16"><span class='ocrx_word' id='word_1_876' title='bbox 2180 5763 2363 5834; x_wconf 80' lang='grc' dir='ltr'>Τούτῳ</span> <span class='ocrx_word' id='word_1_877' title='bbox 2405 5763 2618 5834; x_wconf 76' lang='grc' dir='ltr'>πρῶτον</span> <span class='ocrx_word' id='word_1_878' title='bbox 2667 5766 2696 5816; x_wconf 88' lang='grc' dir='ltr'><strong>ό</strong></span> <span class='ocrx_word' id='word_1_879' title='bbox 2747 5763 2896 5828; x_wconf 73' lang='grc' dir='ltr'>Θεὸς,</span> <span class='ocrx_word' id='word_1_880' title='bbox 2948 5761 3040 5816; x_wconf 73' lang='grc' dir='ltr'>καὶ</span> <span class='ocrx_word' id='word_1_881' title='bbox 3090 5763 3187 5834; x_wconf 71' lang='grc' dir='ltr'>τὴν</span> <span class='ocrx_word' id='word_1_882' title='bbox 3237 5761 3436 5818; x_wconf 79' lang='grc' dir='ltr'>ἀνωθεν</span> <span class='ocrx_word' id='word_1_883' title='bbox 3485 5763 3580 5818; x_wconf 68' lang='grc' dir='ltr'><strong>ἐπὶ</strong></span> <span class='ocrx_word' id='word_1_884' title='bbox 3620 5761 3749 5826; x_wconf 72' lang='grc' dir='ltr'>τοὺς</span> 
     </span>
    </p>
   </div>
   <div class='ocr_carea' id='block_1_119' title="bbox 3333 5866 3362 5875">
    <p class='ocr_par' dir='ltr' id='par_1_119' title="bbox 3333 5866 3362 5875">
     <span class='ocr_line' id='line_1_119' title="bbox 3333 5866 3362 5875; baseline 0 0"><span class='ocrx_word' id='word_1_885' title='bbox 3333 5866 3362 5875; x_wconf 51' lang='grc' dir='ltr'>δ</span> 
     </span>
    </p>
   </div>
  </div>
