4072 6342
563 358 666 414 815

1883 354 2126 413 ιΕΟΝιε
2164 351 2438 408 ALLATII

3676 353 3776 414 816

563 482 801 534 enarrat,
845 477 901 524 ut
949 470 1387 525 contrarietatem
1442 486 1562 541 qua
1610 472 1664 525 in
1695 486 1882 526 eorum
1927 473 2131 542 cpinio-
2159 474 2204 531 Α
2229 469 2470 536 Percrio,
2500 472 2546 528 si
2596 472 2876 529 sententia
2904 471 3130 528 Joannis
3156 471 3267 525 Pici
3302 471 3374 525 ita
3409 471 3702 527 elaborata
3727 465 3781 527 ει

565 567 724 622 nibus
751 571 834 619 est
865 561 1173 633 patefaciat,
1211 572 1263 618 et
1299 563 1705 631 inquisitionem
1749 578 1932 618 rerum
1967 579 2126 634 quam

565 652 867 720 suscipiunt
916 649 970 702 in
1017 649 1286 703 infinitum
1324 650 1543 720 vagari,
1587 659 1641 706 et
1690 652 1838 706 nullo
1898 653 2128 707 termino

561 743 846 805 contineri,
865 757 1159 812 eorumque
1182 741 1342 798 ﬁnem
1367 757 1488 797 esse
1511 743 1938 813 inexplicabilem
1968 753 2127 814 atque

560 835 825 894 inutilem,
861 833 1060 903 quippe
1089 835 1232 903 quod
1280 834 1426 887 nulla
1461 849 1518 888 re
1545 837 1800 899 evidenti,
1836 843 1889 889 et
1920 837 2128 891 ratione

560 926 845 996 perspicua
875 925 1247 980 conﬁrmetur.
1282 925 1382 990 Qui
1427 940 1534 979 non
1563 933 1771 981 tantum
1799 943 1978 982 rerum
2017 936 2129 981 sta-

563 1029 672 1072 tum
705 1019 1030 1086 modumque
1073 1033 1178 1070 non
1210 1028 1599 1087 cognoverunt,
1633 1018 1726 1074 sed
1771 1020 2004 1072 maxima
2045 1021 2128 1074 in-

561 1110 716 1164 scitia
759 1111 1029 1178 stultaque
1075 1109 1237 1162 animi
1269 1111 1612 1164 contentione
1644 1109 1920 1164 veritatem
1955 1111 2126 1180 ipsam

559 1209 872 1274 oppugnare
921 1216 1128 1255 summa
1176 1216 1278 1270 ope
1324 1203 1505 1256 conati
1555 1210 1716 1265 sunt,
1774 1203 2124 1273 Porphyrius,

559 1293 822 1357 Proclus,
869 1293 1177 1362 Eunapius,
1211 1292 1482 1358 Zosimus,
1529 1295 1876 1364 sexcentique
1921 1295 2010 1348 alii
2059 1293 2127 1350 de

559 1386 756 1457 quibus
789 1387 840 1438 in
876 1385 1100 1438 historia
1133 1399 1411 1440 sermones
1436 1385 1653 1455 prolixi.

631 1478 747 1531 Col.
771 1476 890 1540 709,
917 1477 1012 1530 lin.
1043 1475 1128 1530 12.
1163 1475 1236 1530 Τὰ
1262 1476 1370 1546 γὰρ
1405 1477 1473 1541 ἐξ
1499 1477 1894 1546 ἀνθρωπίνης.
1921 1475 2126 1532 Tamen

560 1569 995 1642 quandocunque
1029 1568 1476 1638 philosophorum
1509 1569 1706 1639 placita
1741 1577 1901 1638 atque
1921 1569 2128 1623 doctri-

559 1676 642 1716 na
670 1675 699 1713 a
729 1661 954 1714 veritate
987 1675 1095 1713 non
1125 1661 1398 1726 vacillant,
1422 1662 1511 1716 ubi
1546 1662 1683 1716 ratio
1713 1677 1902 1716 eorum
1936 1662 2126 1716 mani-

559 1755 697 1810 festa
739 1762 842 1818 est,
889 1762 1205 1824 certumque
1257 1756 1707 1825 experimentum,
1766 1770 1889 1809 cum
1953 1755 2124 1810 sacris

559 1847 756 1901 litteris
791 1846 1011 1900 minime
1036 1846 1324 1900 contraria
1355 1847 1483 1912 sint,
1530 1861 1638 1901 non
1684 1855 1770 1902 est
1812 1861 1913 1901 cur
1943 1847 2010 1902 ah
2041 1849 2121 1903 eis

559 1937 949 1991 abborreamus
993 1951 1007 1987 :
1057 1937 1258 1991 veritas
1292 1937 1436 1992 enim
1479 1953 1766 1992 sacrarum
1818 1938 2120 1993 litterarum

559 2045 827 2099 nusquam
858 2029 1109 2084 humanis
1135 2029 1438 2084 rationibus
1467 2038 1521 2084 et
1572 2029 1956 2099 experimentis
1994 2046 2124 2084 con-

557 2123 726 2176 traria
755 2128 858 2176 est.
909 2119 1049 2174 Tuta
1078 2127 1162 2176 est
1187 2135 1351 2191 super
1381 2120 1481 2175 hoc
1505 2121 1792 2191 Augustini
1833 2122 2120 2185 sententia,

557 2216 653 2272 lib.
679 2231 694 2268 ι
724 2217 776 2268 in
805 2214 984 2271 Genes.
1023 2215 1090 2270 ad
1112 2215 1296 2279 litter.,
1333 2230 1452 2284 cap.
1479 2214 1539 2268 Ἡ
1583 2237 1596 2269 :
1633 2214 1746 2268 Hoc
1772 2214 2124 2270 indubitanter

561 2307 836 2361 tenendum
865 2317 962 2373 est,
994 2316 1049 2360 ut
1081 2305 1331 2378 quidquid
1359 2308 1615 2374 sapientes
1647 2308 1809 2376 hujus
1855 2312 2035 2363 mundi
2059 2311 2123 2366 de

558 2408 754 2452 natura
780 2415 952 2452 rerum
982 2400 1232 2452 ueraciter
1252 2397 1611 2453 demonstrare
1631 2403 1914 2469 potuerint,
1947 2413 2090 2457 esten
2108 2433 2123 2445 ο

560 2489 749 2544 damus
782 2490 974 2543 nostris
1000 2491 1190 2548 litteris
1211 2505 1313 2544 non
1339 2507 1449 2545 esse
1477 2494 1798 2546 contrarium
1823 2511 1845 2558 ;
1873 2495 2122 2565 quidquid

561 2591 735 2634 autem
757 2581 841 2635 illi
869 2581 922 2634 in
955 2582 1066 2635 suis
1103 2581 1449 2636 uoluminibus
1483 2585 1808 2638 contrarium
1847 2587 2012 2640 sacris
2035 2587 2124 2639 lit-

559 2673 686 2727 teris
711 2672 914 2739 docent,
932 2675 1044 2726 sine
1071 2672 1183 2726 ulla
1208 2672 1530 2729 dubitatione
1548 2677 1819 2730 credamus
1845 2677 1898 2731 id
1927 2678 2122 2746 falsum

558 2779 691 2828 esse,
731 2773 780 2818 et
818 2780 1022 2834 quoquo
1066 2763 1217 2820 modo
1249 2781 1522 2834 possumus
1555 2769 1714 2822 etiam
1739 2769 2070 2824 ostendamus
2101 2787 2121 2825 :

555 2863 714 2924 atque
757 2855 835 2908 ita
859 2864 1120 2908 teneamus
1147 2855 1302 2924 ﬁdem
1324 2855 1539 2910 Domini
1561 2859 1748 2920 nostri,
1779 2859 1837 2912 in
1873 2875 1974 2928 quo
1998 2854 2122 2913 sun‘

561 2946 854 3000 absconditi
882 2964 1058 3002 omnes
1089 2949 1319 3003 thesauri
1354 2951 1642 3018 sapientia,
1683 2963 1740 3006 ut
1777 2970 1936 3022 neque
1968 2955 2123 3024 [alue

558 3037 898 3106 philosophice
943 3039 1260 3108 loquacitate
1315 3041 1627 3096 seducamur
1657 3060 1818 3113 neque
1861 3046 2123 3102 simulata!

2229 564 2507 633 explicata:
2534 563 2820 619 dissonant
2865 579 2895 618 a
2929 563 3212 619 sententiis
3247 563 3468 634 Moysis,
3494 571 3783 634 textusque

2227 655 2374 709 illius
2403 654 2750 711 discordant?
2783 655 2829 711 si
2865 655 3200 722 discordant,
3235 671 3354 725 qua
3394 661 3478 710 est
3526 654 3644 708 hac
3672 653 3786 710 dis-

2227 747 2542 802 cordantia?
2575 746 2828 812 fateatur,
2887 745 3082 801 deinde
3115 745 3530 801 animadvertat.
3598 743 3656 799 Si
3699 744 3786 801 in-

2225 840 2434 894 haerent
2467 841 2747 896 sententia
2772 839 2992 910 Moysis,
3021 846 3075 894 et
3111 838 3291 894 verbis
3318 846 3443 893 sunt
3473 851 3786 892 accommo-

2227 932 2388 998 data,
2425 939 2480 987 et
2524 938 2855 1002 congruunt,
2899 945 3000 986 nec
3031 946 3060 985 a
3092 929 3373 985 Catholica
3405 929 3653 991 veritate,
3683 941 3789 982 nec

2227 1032 2537 1078 sanctorum
2571 1023 2789 1077 Patrum
2822 1023 2984 1077 dictis
3013 1023 3326 1081 abhorrent,
3373 1019 3568 1090 utquid
3602 1019 3789 1090 culpat

2227 1114 2598 1185 inculpatum?
2647 1112 2992 1169 Tentandum
3023 1121 3108 1170 est
3159 1113 3366 1184 aliquid
3411 1111 3666 1168 maximis
3694 1109 3788 1164 in-

2224 1206 2420 1277 geniis,
2450 1221 2570 1276 qua
2600 1204 2752 1261 frena
2787 1207 2897 1276 pati
2930 1207 3183 1262 nesciunt
3213 1248 3228 1272 ,
3257 1205 3502 1260 laxanda
3534 1209 3665 1257 sunt
3693 1200 3788 1258 in-

2223 1299 2368 1370 genii
2391 1299 2552 1362 vires,
2579 1313 2678 1353 nec
2719 1300 3110 1370 angustissimo
3135 1299 3485 1370 antiquorum
3528 1310 3662 1369 gyro
3692 1310 3790 1351 eo—

2225 1405 2344 1445 rum
2387 1390 2617 1460 impetus
2649 1389 3000 1462 refringendi.
3055 1390 3178 1444 Haec
3214 1390 3374 1445 sicuti
3410 1386 3592 1451 laudo,
3627 1385 3708 1441 sic
3730 1391 3793 1439 et

2225 1480 2471 1550 Cajetani
2532 1481 2855 1535 sententiam
2904 1480 3059 1534 initio
3094 1478 3621 1536 Commentariorum
3655 1489 3790 1531 suo-

2225 1584 2344 1624 rum
2395 1571 2448 1623 in
2507 1567 2748 1623 Genesim
2823 1569 3119 1632 accusavi;
3165 1584 3227 1624 ea
3280 1576 3461 1622 autem
3516 1575 3603 1622 est
3661 1583 3677 1622 :
3724 1562 3790 1619 Si

2223 1660 2430 1730 quando
2469 1661 2752 1714 occurrerit
2811 1660 3002 1730 aliquis
3057 1675 3236 1713 sensus
3287 1658 3451 1711 textui
3498 1672 3787 1720 consonus,

2223 1752 2458 1822 quamvis
2487 1769 2521 1805 a
2554 1759 2779 1807 torrente
2823 1750 3095 1804 doctorum
3125 1750 3350 1816 alienus,
3381 1749 3541 1802 lector
3575 1764 3787 1817 (equum

2223 1860 2276 1898 se
2311 1844 2539 1914 praebeat
2567 1860 2856 1910 censorem,
2882 1842 3158 1912 nullusque
3178 1841 3478 1904 detestetur,
3503 1839 3642 1909 quod
3671 1837 3787 1892 dis-

2222 1946 2367 1991 sonet
2401 1953 2432 1990 a
2454 1936 2639 2005 priscis
2671 1934 2992 1989 doctoribus.
3035 1933 3156 1988 Non
3197 1934 3334 1987 enim
3359 1931 3603 2002 alligavit
3641 1929 3787 1984 Deus

2221 2031 2596 2099 expositionem
2616 2029 2901 2096 Scriptura
2920 2030 3215 2097 priscorum
3231 2025 3501 2079 doctorum
3523 2022 3786 2086 sensibus,

2224 2124 2456 2192 alioquin
2486 2139 2600 2192 spes
2635 2121 2780 2176 nobis
2817 2122 3087 2176 tolleretur
3109 2120 3397 2189 exponendi
3428 2117 3786 2185 Scripturam,

2224 2216 2326 2268 nisi
2373 2213 2756 2282 transferendo,
2803 2221 2860 2266 ut
2893 2215 3064 2275 aiunt,
3094 2211 3156 2264 de
3187 2209 3320 2264 libro
3350 2210 3404 2262 in
3427 2207 3783 2278 quinternum.

2224 2304 2454 2360 Textum
2488 2314 2670 2360 autem
2703 2304 2970 2360 Eustathii
3015 2303 3260 2357 Gracum
3287 2301 3360 2355 ita
3395 2299 3627 2354 restituo
3662 2317 3674 2350 :
3704 2297 3789 2348 Τὰ

2223 2397 2332 2469 γὰρ
2357 2398 2416 2464 ἐξ
2451 2397 2790 2469 ἀνθρωπίνης
2824 2396 3059 2460 διανοίας
3099 2393 3497 2467 περιφερόμενα
3540 2391 3790 2460 δόγματα

2223 2491 2406 2561 ἀσαφῆ
2435 2491 2688 2560 τυγχάνει
2717 2490 2810 2544 καὶ
2839 2489 3230 2560 ἀνερμάτιστα.
3279 2487 3531 2541 Consona
3562 2483 3784 2537 tandem

2224 2592 2352 2638 sunt
2386 2585 2547 2639 verba
2581 2582 2766 2638 Basilii
2823 2581 2877 2636 in
2910 2580 3282 2652 philosophos,
3316 2578 3462 2633 hom.
3498 2579 3520 2631 i
3557 2595 3570 2631 :
3605 2574 3788 2628 Πολλὰ

2223 2675 2352 2747 περὶ
2379 2675 2592 2744 φύσεως
2625 2672 3145 2746 ἐπραγματεύσαντο
3183 2673 3232 2724 οἱ
3257 2671 3366 2723 τῶν
3395 2670 3664 2739 Ἐλλήνων
3692 2684 3784 2721 σο-

2223 2767 2332 2835 φοὶ,
2359 2768 2452 2820 καὶ
2485 2766 2602 2818 οὐδὲ
2635 2761 2714 2829 εἷς
2744 2765 2871 2836 παρ’
2897 2764 3076 2826 αὐτοῖς
3102 2761 3256 2830 λόγος
3278 2760 3503 2830 ἕστηκεν
3531 2759 3788 2829 ἀκίνητος

2224 2861 2316 2914 καὶ
2342 2861 2654 2926 ἀσάλευτος,
2672 2861 2757 2913 ἀεὶ
2781 2857 2875 2913 τοῦ
2901 2859 3152 2930 δευτέρου
3180 2859 3271 2913 τὸν
3291 2857 3396 2928 πρὸ
3426 2854 3589 2909 αὑτοῦ
3619 2870 3787 2909 κατα-

2223 2952 2506 3015 ϐάλλοντος
2531 2969 2544 2982 ο
2568 2951 2708 3004 ὥστε
2737 2952 2867 3022 ἡμῖν
2909 2949 3072 3020 μηδὲν
3099 2947 3259 3019 ἔργον
3290 2943 3426 3000 εἶναι
3453 2945 3522 2998 τὰ
3561 2942 3788 2998 ἐκείνων

2223 3045 2494 3117 ἐλέγχειν·
2533 3043 2759 3115 ἀρκοῦσι
2801 3043 2907 3114 γὰρ
2952 3041 3199 3112 ἀλλήλοις
3253 3041 3388 3112 πρὸς
3434 3038 3530 3110 τὴν
3579 3036 3787 3090 οἰκείαν

561 3131 829 3200 religionis
860 3133 1230 3200 superstitione
1253 3143 1561 3190 terreamur.
1590 3133 1656 3188 Et
1690 3146 1749 3190 ut
1785 3138 1837 3191 in
1873 3153 1932 3191 re
1960 3140 2122 3196 nimis

2224 3139 2553 3209 ἀνατροπὴν.
2589 3137 2651 3190 Ει
2686 3138 2830 3192 hom.
2873 3137 2907 3190 5
2938 3152 2950 3188 :
2980 3135 3089 3190 Καὶ
3119 3135 3171 3187 τί
3199 3135 3279 3188 δεῖ
3318 3135 3610 3205 πράγματα
3641 3131 3786 3203 ἔχειν

561 3225 758 3296 agitata
785 3233 838 3280 et
863 3233 1230 3289 controversa,
1259 3224 1433 3280 dicam
1462 3226 1604 3296 quod
1631 3228 1861 3283 sentiam
1897 3230 2063 3286 libere
2105 3248 2121 3284 :

562 3318 790 3388 Semper
821 3318 944 3373 illos
972 3317 1329 3373 stultissimos
1363 3318 1689 3383 existimavi,
1744 3319 1838 3389 qui
1895 3320 1967 3374 ita
2000 3327 2128 3375 sunt

560 3410 918 3481 philosophia
963 3418 1016 3465 et
1041 3409 1363 3464 cultioribus
1397 3410 1591 3465 litteris
1614 3409 1832 3476 infensi,
1857 3419 1914 3465 ut
1941 3427 2008 3467 ne
2031 3429 2128 3467 au-

558 3504 729 3559 ditum
764 3503 978 3574 quidem
1005 3518 1191 3559 earum
1224 3504 1557 3573 permittant.
1585 3504 1703 3559 Alia
1725 3506 1904 3559 omnia
1931 3507 1998 3561 ab
2021 3506 2127 3562 illis

560 3596 782 3650 habent.
818 3594 1219 3666 Scripturaque
1255 3595 1420 3649 verba
1450 3595 1522 3650 ita
1563 3597 1886 3667 detorquent
1931 3607 1990 3652 ut
2015 3615 2126 3654 non

562 3687 713 3741 illius
743 3687 1092 3752 sententiam,
1118 3686 1212 3742 sed
1240 3687 1369 3757 quid
1399 3688 1572 3742 exteri
1609 3691 1880 3744 senserint
1907 3691 2125 3747 curiose

560 3776 898 3846 perquirant,
931 3784 984 3831 ct
1008 3777 1080 3831 ita
1113 3778 1326 3832 illorum
1356 3781 1636 3835 sententia
1660 3780 1996 3852 Scripturam
2027 3799 2122 3839 ac-

562 3867 932 3924 commodant.
969 3867 1062 3923 Na
1089 3885 1302 3939 semper
1324 3873 1399 3925 uti
1430 3873 1884 3942 prudentissimos
1907 3875 2121 3930 laudavi

561 3976 658 4016 eos
686 3962 777 4031 qui
804 3961 1046 4018 rationes
1075 3962 1341 4018 humanas
1390 3980 1624 4036 veraque
1655 3969 2025 4037 experimenta
2050 3971 2123 4024 ita

561 4053 856 4122 explicant,
881 4062 942 4108 ut
977 4053 1118 4108 idem
1151 4069 1275 4109 cum
1300 4054 1500 4111 divinis
1548 4057 1745 4112 litteris
1779 4061 1980 4118 sentire
2007 4064 2122 4118 cla-

560 4145 781 4202 rissime
809 4146 1203 4209 demonstrent,
1239 4155 1293 4202 et
1322 4155 1555 4204 mentem
1597 4149 1809 4206 illorum
1840 4169 1961 4207 cum
1994 4169 2122 4210 vero

564 4239 863 4308 Scriptura
910 4254 1078 4294 sensu
1125 4253 1424 4310 congruere
1465 4240 1838 4300 efﬁcacissime
1866 4246 2117 4314 probant.

562 4327 822 4394 Quamvis
868 4329 1011 4383 enim
1051 4329 1248 4386 divina
1298 4331 1491 4388 littera
1522 4335 1671 4388 nullo
1713 4335 1984 4406 indigeant
2024 4353 2120 4392 ett--

561 4427 721 4474 terno
749 4421 1011 4488 subsidio,
1049 4422 1143 4477 sed
1169 4432 1380 4477 suomet
1412 4424 1595 4479 divino
1621 4428 1814 4497 spiritu
1855 4427 2004 4483 fulta
2030 4445 2116 4485 ve-

560 4511 777 4567 ritatem
813 4511 949 4566 nulli
1004 4511 1221 4567 dubiam
1265 4515 1518 4570 omnibus
1570 4517 1920 4572 manilestant
1962 4538 1975 4574 :
2009 4536 2118 4576 non

561 4611 647 4658 est
675 4611 852 4659 tamen
884 4604 954 4659 ab
978 4619 1164 4659 earum
1197 4605 1477 4675 majestate
1496 4614 1550 4660 et
1572 4607 1835 4679 dignitate
1883 4610 2120 4668 alienum

559 4703 615 4749 et
654 4694 992 4757 indecorum,
1033 4696 1078 4751 si
1131 4695 1276 4752 illius
1310 4697 1555 4753 veritatis
1602 4707 1809 4754 tantam
1850 4715 1970 4757 esse
2011 4703 2120 4757 vim

559 4802 956 4858 cognoscamus
983 4790 1053 4842 ita
1101 4797 1157 4844 ut
1185 4799 1238 4844 et
1270 4789 1391 4845 aliis
1421 4791 1553 4845 satis
1586 4800 1776 4861 patens
1805 4793 1968 4848 fuerit
2000 4809 2119 4848 ma-

563 4878 837 4936 nifestata.
861 4879 1136 4936 Immerito
1165 4880 1346 4951 itaque
1367 4882 1420 4934 in
1451 4880 1771 4949 Genes.,lib.
1800 4900 1838 4949 ι,
1869 4884 2120 4942 Pererius

562 4971 908 5040 reprehendit
965 4971 1226 5026 Joannem
1279 4970 1466 5026 Picum
1521 4973 1977 5042 Mirandulanum,
2026 4979 2120 5049 qui

562 5077 728 5133 super
755 5071 917 5133 caput
971 5065 1204 5134 primum
1247 5065 1518 5122 Gencseos
1552 5067 1871 5136 Heptaplum
1900 5085 2121 5141 compo-

563 5161 768 5220 suerat,
800 5161 854 5208 et
881 5163 1087 5224 septem
1122 5171 1290 5211 novas
1335 5157 1723 5227 expositiones,
1756 5160 2121 5233 doctrinaque

565 5243 761 5316 Moysis
793 5245 860 5299 de
915 5247 1170 5315 operibus
1204 5262 1296 5301 sex
1352 5246 1563 5302 dierum
1597 5264 1627 5304 a
1676 5251 1827 5304 nullo
1878 5253 2118 5322 priorum

561 5337 888 5408 scriptorum
927 5346 1180 5403 tentatas,
1219 5352 1247 5391 a
1279 5353 1338 5393 se
1380 5349 1560 5394 autem
1617 5340 1794 5411 primo
1831 5344 2118 5415 cogitatas,

561 5427 830 5490 inventas,
857 5429 1182 5495 elaboratas,
1218 5433 1595 5503 perfectasque
1628 5435 2001 5504 pertractavit,
2055 5436 2121 5490 li-

561 5520 826 5590 brumque
858 5520 1006 5574 illum
1044 5536 1231 5590 parum
1271 5522 1335 5576 ad
1355 5523 1658 5577 doctrinam
1691 5523 1892 5594 Moysis
1917 5524 2119 5579 intelli—

561 5609 788 5680 gendum
840 5610 1162 5668 conducere.
1216 5613 1542 5679 Quasissem
1593 5616 1779 5685 utique
1823 5616 2052 5670 libenter
2083 5632 2115 5671 a

640 5789 660 5824 ⁸
692 5787 840 5846 Psal.
878 5806 992 5858 CIII,
1025 5794 1080 5851 2.
1155 5795 1176 5826 ¹
1205 5794 1232 5847 1
1271 5795 1495 5867 Τέηιηγι,
1524 5795 1606 5853 16.
1680 5795 1880 5852 ’Joatt.
1915 5795 2119 5876 xvn,5.

2227 3231 2373 3302 ἡμᾶς
2413 3230 2472 3282 τὸ
2513 3228 2703 3298 ψευδὲς
2753 3227 2927 3281 αὐτῶν
2976 3225 3367 3297 διελέγχοντας,
3416 3219 3494 3289 οἷς
3544 3225 3785 3294 ἐξαρκεῖ,

2225 3321 2323 3385 τὰς
2341 3319 2520 3374 αὐτῶν
2543 3319 2764 3372 ἐκείνων
2785 3317 2995 3389 βίϐλους
3017 3317 3270 3387 ἀλλήλαις
3297 3314 3783 3386 ἀντιπαραθέντας,

2225 3415 2282 3467 ὲν
2298 3413 2496 3486 ἠσυχίᾳ
2518 3411 2685 3482 πολλῇ
2707 3409 2902 3473 θεατὰς
2922 3409 3096 3465 αὐτῶν
3111 3409 3203 3462 τοῦ
3231 3408 3356 3482 πειλέ
3364 3425 3464 3478 μου
3485 3407 3782 3482 καθῆᾳθαις

2225 3506 2361 3561 Οὔτε
2412 3505 2520 3577 γὰρ
2563 3503 2779 3575 ἀριθμῷ
2823 3502 3094 3566 ἐλάττους,
3145 3501 3266 3555 οὔτε
3321 3499 3586 3570 ἀξιώματι
3629 3501 3785 3571 ὑφει-

2228 3600 2396 3670 μένοι,
2421 3596 2730 3668 πολυφωνίᾳ
2751 3595 2807 3649 δὲ
2830 3595 2922 3649 καὶ
2943 3595 3090 3666 παρὰ
3116 3595 3249 3649 πολὺ
3278 3594 3620 3666 διαφέροντες
3649 3594 3786 3667 πρὸς

2222 3689 2282 3740 τὸ
2312 3685 2548 3740 ἐναντίον
2581 3685 2764 3747 αὐτοῖς
2799 3681 3268 3737 ἀντικαθίστανται
3298 3681 3474 3750 λόγον.

2293 3782 2453 3846 lbid.,
2484 3779 2578 3834 lin.
2628 3777 2712 3832 19.
2771 3777 3089 3843 Ἐποίησεν
3117 3777 3149 3829 ό
3183 3775 3322 3839 Θεὸς
3364 3773 3469 3828 τὸν
3505 3773 3782 3840 οὐρανόν.

2223 3875 2380 3931 Circa
2428 3873 2590 3943 hujus
2646 3871 2751 3926 loci
2804 3867 3199 3940 expositionem
3237 3882 3267 3920 a
3307 3865 3626 3936 quibusdam
3675 3865 3784 3918 Au-

2221 3967 2474 4039 gustinus
2530 3963 2844 4036 Eugubinus
2900 3961 3093 4016 acerbe
3149 3957 3437 4014 admodum
3489 3958 3784 4027 reprelien-

2222 4059 2390 4125 ditur,
2421 4065 2476 4112 et
2518 4057 2637 4126 eius
2669 4053 2941 4126 expositio
2971 4053 3135 4109 veluti
3176 4052 3311 4108 falsa
3342 4060 3396 4107 et
3427 4051 3782 4122 perabsurda,

2221 4162 2272 4208 et
2314 4168 2344 4206 a
2389 4151 2695 4207 Christiana
2744 4149 3033 4219 disciplina
3083 4147 3382 4203 abhorrens
3426 4161 3534 4201 non
3579 4148 3781 4211 solum,

2220 4245 2316 4300 sed
2345 4240 2603 4312 tanquam
2640 4254 2955 4311 perversum
2994 4248 3046 4294 et
3081 4239 3312 4312 impium
3367 4237 3561 4308 dogma
3593 4237 3784 4306 explo-

2221 4339 2390 4393 ditur.
2422 4333 2522 4389 Hic
2560 4348 2794 4404 namque
2823 4331 2878 4386 in
2916 4347 3014 4387 sua
3046 4329 3390 4398 Cosmopaia,
3417 4338 3470 4384 et
3503 4336 3666 4384 tract.
3707 4326 3786 4384 De

2222 4429 2425 4483 naturis
2472 4425 2809 4494 incorporeis,
2843 4423 3032 4478 scribit
3075 4423 3271 4477 calum
3318 4436 3630 4491 empyreum
3660 4435 3783 4477 esse

2149 4503 2500 4586 unidpiam
2551 4524 2811 4567 alet-num
2857 4519 2911 4566 et
2974 4511 3295 4575 increatum,
3343 4509 3446 4564 hoc
3499 4517 3604 4576 est,
3658 4527 3784 4567 esse

2223 4607 2420 4670 lucem,
2467 4615 2520 4660 et
2566 4603 2866 4659 claritatem
2907 4603 3194 4673 quamdam
3241 4610 3548 4657 manantem
3590 4618 3657 4657 ex
3690 4603 3782 4658 Dei

2223 4697 2479 4759 essentia,
2525 4695 2580 4748 in
2621 4709 2727 4764 qua
2769 4693 2912 4748 Deus
2953 4702 3056 4758 est,
3098 4701 3152 4748 et
3187 4692 3252 4746 ad
3291 4692 3450 4762 cujus
3495 4695 3782 4764 particips.

2223 4789 2425 4845 tionem
2476 4796 2639 4858 atque
2691 4785 3002 4841 fruitionem
3048 4793 3158 4838 tam
3213 4784 3338 4838 boni
3386 4784 3564 4854 angeli
3617 4799 3780 4854 quam

2221 4883 2324 4938 viri
2362 4881 2495 4953 justi
2533 4880 2912 4935 admittuntur.
2966 4876 3091 4932 Ilac
3135 4876 3280 4932 enim
3312 4883 3416 4941 est,
3458 4876 3659 4948 inquit,
3692 4877 3783 4931 illa

2222 4983 2423 5031 aterna
2451 4974 2540 5028 lux
2569 4981 2623 5029 et
2653 4971 2876 5026 claritas
2910 4969 3024 5032 Dei,
3059 4984 3180 5039 qua
3222 4969 3275 5023 in
3308 4967 3586 5038 Scriptura
3620 4971 3784 5024 toties

2220 5067 2382 5138 justis
2428 5064 2738 5120 hominibus
2773 5077 2870 5132 pro
2919 5060 3168 5115 mercede
3218 5059 3464 5112 laborum
3513 5057 3784 5128 promitti-

2223 5168 2345 5215 tur:
2379 5160 2446 5215 de
2465 5174 2571 5230 qua
2598 5155 3002 5228 intelligendum
3037 5161 3188 5224 putat
3226 5150 3356 5205 illud
3385 5151 3529 5221 quod
3563 5153 3629 5208 de
3675 5151 3784 5206 Deo

2223 5255 2278 5310 in
2297 5253 2545 5324 psal.cut
2591 5249 2738 5306 canit
2761 5247 2949 5312 David,
2983 5247 3222 5301 Amictus
3246 5245 3438 5300 lumine
3460 5247 3596 5300 sicut
3630 5248 3781 5300 vesti-

2222 5355 2392 5401 meuto
2427 5347 2483 5409 ’ς
2514 5351 2567 5398 et
2598 5341 2728 5396 illud
2757 5339 2912 5394 Pauli
2934 5359 2946 5393 ε
2969 5338 3072 5406 Qui
3097 5339 3262 5392 lucem
3307 5337 3512 5392 habitat
3547 5340 3785 5395 inacces-

2222 5437 2420 5493 sibilem
2449 5438 2501 5504 ²;
2531 5443 2584 5490 et
2611 5433 2738 5487 illud
2772 5432 2985 5488 Domini
3020 5431 3159 5502 apud
3194 5429 3493 5486 Joannem:
3529 5429 3786 5499 Cleri/ica

2223 5544 2332 5592 me,
2397 5535 2452 5579 tu
2511 5524 2707 5591 Pater,
2761 5523 3004 5576 claritate
3052 5536 3210 5591 quant
3261 5519 3421 5573 habui
3475 5520 3782 5590 priusquam

2224 5620 2446 5675 mundus
2492 5619 2660 5689 ﬁeret,
2710 5616 2848 5686 apud
2891 5625 2938 5670 te
2971 5612 3288 5686 '.Ejusdem
3326 5612 3468 5668 lucis
3507 5615 3783 5684 specimen
