4072 6342
304 358 406 416 817

1282 354 1349 409 ΙΝ
1388 345 1759 409 E’USTATHII
1800 349 2267 407 HEXAEMERON
2301 348 2531 406 ΝΟΤᾸΞ.

3420 342 3521 400 818

299 471 573 548 quoddam
625 471 809 526 datum
865 478 948 525 est
997 469 1054 524 in
1108 467 1588 539 transﬁguratione
1641 465 1859 520 Domini
1887 473 1932 528 Α
1960 464 2203 519 Platonis
2251 465 2395 518 varie
2433 462 2687 533 explicat,
2725 472 2777 516 et
2821 461 3059 515 rationes
3102 460 3272 531 aperit
3305 460 3528 517 Prot-lus

299 564 494 628 nostri,
508 572 563 618 et
578 563 631 617 in
650 563 785 616 rubo
808 561 1026 632 Moysis,
1040 570 1093 616 et
1118 562 1169 614 in
1194 560 1311 630 ejus
1326 560 1474 615 vultu
1491 574 1555 613 ex
1572 558 1860 628 colloquio,

301 666 353 710 et
386 653 783 709 consuetudine
821 668 943 707 cum
986 653 1092 709 Deo
1129 652 1311 707 habita
1357 666 1521 721 supra
1564 651 1861 705 humanum

299 745 553 801 obtutum
607 743 1016 813 resplendente;
1068 750 1121 797 et
1168 744 1307 798 hanc
1355 742 1861 813 suam’opinionem

299 835 588 890 conﬁrmat
630 833 941 888 testimonio
992 832 1178 887 Basilii
1235 832 1433 902 Magni.
1479 834 1569 903 qui
1631 833 1776 887 hom.
1828 832 1863 885 2

300 940 457 992 super
508 921 747 978 Genesim
794 924 959 978 tradit
990 924 1176 979 eadem
1221 925 1403 978 omnia
1450 924 1640 979 iisdem
1683 924 1864 978 verbis

304 1032 427 1087 quae
463 1023 518 1071 et
564 1022 751 1071 noster
785 1013 1105 1070 Eustathius
1140 1032 1262 1085 pag.
1299 1016 1387 1070 50.
1419 1014 1569 1069 Hanc
1599 1014 1864 1085 Eugubini

302 1106 627 1164 sententiam
657 1107 704 1163 si
727 1107 848 1178 quis
875 1107 1001 1161 velit
1028 1106 1338 1171 defendere,
1359 1108 1508 1161 omni
1538 1107 1652 1177 ipse
1685 1106 1865 1161 defen-

301 1200 458 1253 sione
497 1197 752 1269 indignus
800 1197 925 1252 erit.
960 1197 1169 1251 leum
1216 1212 1527 1269 empyreum
1574 1196 1714 1251 Deus
1756 1212 1865 1251 non

302 1296 408 1354 est,
437 1288 712 1359 quomodo
746 1304 874 1360 ergo
903 1296 1188 1353 aeternum,
1224 1289 1496 1359 quomodo
1527 1289 1865 1345 increatum?

300 1377 419 1432 Lux
470 1377 587 1432 haec
635 1387 817 1431 manat
867 1393 933 1432 ex
980 1377 1075 1433 Dei
1119 1376 1377 1439 essentia,
1415 1375 1687 1446 quomodo
1737 1388 1866 1443 ergo

302 1470 502 1524 caelum
545 1470 901 1541 empyreum?
945 1477 998 1525 et
1047 1470 1093 1523 si
1129 1470 1326 1523 coelum
1373 1481 1686 1538 empyreum
1723 1465 1865 1519 Deus

301 1568 408 1626 est,
443 1561 717 1631 quomodo
749 1559 1028 1631 Scriptura
1058 1576 1168 1616 non
1197 1560 1398 1615 insanit
1436 1558 1504 1613 de
1534 1560 1626 1613 illo
1653 1559 1862 1623 dicens,

304 1656 371 1710 In
404 1656 659 1724 principio
698 1656 888 1709 creavit
927 1653 1065 1709 Deus
1095 1654 1279 1709 caelum
1308 1654 1330 1685 ⁸
1352 1655 1374 1706 ?
1400 1668 1677 1723 nunquam
1719 1652 1866 1707 dice-

306 1762 423 1803 rem
454 1761 569 1802 rem
598 1746 839 1817 ejusdem
868 1761 989 1799 cum
1013 1744 1122 1800 Deo
1144 1746 1393 1801 essentia:
1416 1761 1521 1798 non
1539 1760 1659 1799 esse
1677 1742 1862 1797 Deum.

300 1837 423 1893 Lux
469 1852 596 1909 ergo
638 1837 750 1892 haec
788 1844 903 1902 tua,
931 1843 983 1891 et
1025 1836 1221 1891 malum
1250 1852 1560 1909 empyreum
1597 1835 1739 1891 Deus
1767 1844 1872 1903 est,
1905 1825 1945 1880 Β

299 1937 356 1984 et
400 1939 636 1994 creator,
664 1938 717 1985 et
742 1944 960 1984 rursum
990 1927 1268 1984 diversum
1312 1943 1342 1981 a
1380 1927 1488 1982 Deo
1518 1938 1571 1982 et
1600 1936 1869 1981 creatura.

299 2019 489 2092 Neque
536 2022 800 2077 sententia
854 2018 1122 2075 Eustathii
1168 2027 1222 2074 et
1275 2019 1481 2087 Basilii,
1528 2036 1663 2090 quos
1708 2022 1874 2074 etiam

301 2113 519 2168 videtur
546 2119 767 2168 secutus
797 2110 1174 2166 Theodoretus
1206 2111 1260 2164 in
1297 2110 1557 2174 Genesim,
1593 2119 1647 2167 et
1677 2110 1877 2166 Metho-

302 2205 429 2259 dius
453 2244 468 2267 ,
507 2204 622 2260 sive
665 2202 990 2258 Timotheus
1034 2205 1320 2275 presbyter
1356 2202 1876 2274 llierosolymitanus

302 2296 551 2350 oratione
579 2296 633 2349 in
664 2297 1053 2364 Hypapantem,
1091 2295 1236 2350 illius
1252 2296 1577 2350 sententiam
1617 2297 1870 2365 probant,

303 2401 407 2442 nec
458 2384 671 2456 pondus
724 2385 953 2453 addunt,
1010 2402 1109 2441 nec
1166 2386 1498 2442 ﬁrmitatem.
1558 2383 1768 2441 Etenim
1817 2383 1879 2441 hi

304 2475 497 2531 Patres
540 2476 713 2531 lucem
754 2476 899 2530 illam
961 2478 1024 2547 et:
1051 2477 1350 2532 claritatem
1382 2494 1541 2548 quam
1578 2479 1874 2533 increatam

305 2572 574 2628 statuunt,
625 2564 895 2620 diversam
942 2566 1010 2620 ab
1059 2580 1122 2621 ea
1167 2582 1288 2637 qua:
1333 2582 1435 2620 una
1470 2583 1590 2621 cum
1628 2568 1787 2631 caelo,
1821 2574 1877 2621 et

301 2666 477 2718 terra,
512 2664 565 2712 et
601 2657 788 2711 eadem
827 2658 1038 2712 ratione
1080 2674 1187 2727 qua
1232 2659 1428 2713 caelum
1458 2666 1512 2712 et
1560 2665 1703 2713 terra
1744 2672 1874 2729 pro-

301 2750 471 2805 ducta
516 2757 624 2814 est,
689 2751 937 2820 quamvis
997 2751 1164 2806 nullis
1221 2750 1497 2815 tenebris,
1552 2752 1686 2806 nulli
1748 2765 1874 2805 cor—-

302 2841 568 2912 ruptioni,
604 2842 741 2895 nulli
788 2841 1017 2911 tempori
1054 2841 1290 2896 obnoxia
1325 2842 1414 2905 sit,
1461 2856 1569 2896 non
1610 2841 1876 2896 alﬁrmant

301 2947 430 2988 esse
472 2933 669 2987 caelum
715 2947 1048 3003 empyreum,
1095 2948 1195 2988 nec
1238 2933 1432 2987 cmlum
1478 2933 1613 2987 illud
1656 2934 1722 2988 de
1767 2949 1875 3002 quo

302 3023 545 3087 dicitur,
577 3022 643 3077 In
682 3024 933 3092 principio
968 3023 1159 3076 creavit
1194 3021 1331 3077 Deus
1366 3022 1550 3076 caelum
1578 3031 1626 3077 et
1657 3033 1870 3078 terram.

306 3114 420 3170 Sed
474 3115 541 3169 de
586 3115 687 3170 hac
739 3114 962 3169 Patrum
1021 3115 1293 3169 sententia
1350 3114 1481 3185 quid
1530 3115 1873 3171 sentiendum

306 3207 404 3274 sit,
440 3213 495 3262 et
520 3222 589 3261 an
626 3206 698 3263 sit
741 3207 883 3262 inter
924 3205 1318 3272 memorabilia,
1356 3212 1408 3257 et
1447 3206 1718 3275 paradoxa
1748 3206 1877 3275 reji-

307 3299 530 3366 cienda,
566 3300 621 3354 in
661 3300 915 3370 prmsenti
940 3315 1048 3353 non
1072 3299 1262 3369 judico
1293 3318 1305 3349 :
1340 3298 1565 3354 inferius
1593 3301 1736 3353 enim
1769 3316 1876 3355 una

305 3406 437 3445 cum
464 3390 749 3445 Eustathio
776 3407 897 3462 pag.
926 3390 1023 3453 60,
1048 3391 1291 3444 dicemus
1334 3389 1533 3459 aliqua,
1568 3400 1877 3446 reverenter

305 3492 515 3537 tamen.
536 3480 1035 3553 Veneror'namque
1061 3482 1201 3537 dicta
1218 3482 1438 3536 Patrum
1462 3483 1874 3547 catholicorum,

307 3578 367 3627 et
394 3586 581 3627 verum
614 3572 813 3635 dicam,
851 3572 1037 3626 adoro.

388 3666 506 3721 Col.
524 3664 647 3727 709,
667 3665 763 3719 lin.
780 3663 869 3718 20.
901 3664 961 3717 '0
978 3663 1212 3731 στήσας
1227 3665 1331 3719 τὸν
1351 3666 1627 3733 οὐρανόν.
1646 3663 1880 3719 Basilius

309 3760 464 3813 hom.
514 3757 537 3811 i
590 3759 648 3810 in
701 3756 1060 3811 Hexaemeron
1091 3757 1237 3809 :Kat
1296 3758 1421 3827 περὶ
1464 3756 1556 3810 τοῦ
1606 3759 1878 3828 σχήματος

308 3853 370 3906 δὲ
403 3851 564 3905 ἱκανὰ
601 3852 730 3921 ἡμῖν
763 3850 830 3903 τὰ
866 3851 995 3922 παρ’
1041 3850 1205 3904 αὑτοῦ
1238 3850 1479 3914 εἰπόντος
1521 3853 1579 3904 ὲν
1607 3851 1881 3923 δοξολογίᾳ

309 3942 474 4008 Θεοῦ,
512 3943 575 3995 '0
623 3939 859 4007 στήσας
890 3940 993 3994 τὸν
1031 3941 1287 4009 οὐρανὸν
1318 3940 1457 3994 ὡσεὶ
1483 3940 1770 4011 καμάραν.
1800 3941 1880 3994 Τὰ

311 4036 458 4091 αὐτὰ
485 4035 542 4088 δὲ
574 4035 743 4088 ταῦτα
773 4036 869 4088 καὶ
896 4035 1137 4105 περὶτῆς
1164 4035 1266 4106 γῆς
1304 4035 1736 4106 συμϐουλεύομεν
1757 4034 1892 4119 suo:

310 4132 446 4192 τοῖς,
482 4129 557 4198 μὴ
591 4128 1060 4200 πολυπραγμονεῖν
1091 4129 1259 4198 αὐτῆς
1286 4129 1382 4200 τὴν
1410 4129 1592 4182 οὐσίαν
1611 4130 1733 4199 ἥτις
1753 4130 1879 4189 ποτέ

313 4222 486 4273 ἐστιν.
524 4218 598 4273 De
648 4217 819 4288 figura
857 4219 982 4272 coeli
1020 4218 1162 4288 apud
1204 4225 1416 4273 veteres
1455 4219 1747 4272 maximum
1781 4219 1883 4273 fuit

314 4308 639 4373 dissidium;
674 4324 862 4362 eorum
905 4309 1100 4378 placita
1143 4317 1340 4379 printer
1382 4310 1517 4366 alios
1548 4310 1714 4364 refert
1753 4308 1882 4362 Plu-

313 4401 564 4463 tarchus,
590 4401 684 4454 lib.
709 4415 743 4455 Ιι
768 4400 839 4454 De
855 4401 1032 4469 placit.
1052 4400 1764 4470 philosoph.;Theodoretus,
1784 4402 1877 4455 lib.

318 4494 399 4547 De
427 4504 619 4547 natura
647 4504 696 4548 et
741 4494 971 4559 mundo;
1014 4494 1353 4559 Aristoteles,
1384 4494 1476 4549 lib.
1527 4511 1563 4548 ιι
1604 4494 1678 4549 De
1731 4496 1877 4558 caelo,
1912 4531 1956 4585 Β

317 4602 437 4655 cap.
470 4586 538 4651 4;
573 4586 912 4649 Ptolemaeus,
948 4587 1042 4642 lib.
1091 4604 1126 4651 ι,
1166 4602 1217 4641 c.
1253 4588 1286 4641 5
1318 4586 1570 4641 editionis
1612 4600 1776 4656 mag.,
1827 4592 1881 4639 et

317 4677 442 4745 ejus
467 4688 857 4733 commentator
884 4678 1065 4733 Theon
1106 4677 1535 4743 Alexandrinus;
1568 4677 1880 4732 Cleomedes

320 4769 380 4822 in
411 4767 630 4823 Meteor.
662 4768 753 4823 lib.
778 4786 816 4833 ι,
843 4780 897 4825 et
925 4771 1013 4824 alii
1043 4770 1229 4825 multis
1254 4770 1556 4824 rationibus
1588 4778 1640 4823 et
1667 4770 1879 4839 experi-

318 4861 524 4916 mentis
556 4861 880 4931 sphaericum
914 4877 1034 4917 esse
1058 4862 1310 4931 probant.
1342 4860 1493 4915 Plato
1525 4876 1587 4916 ea
1627 4862 1692 4915 de
1722 4876 1785 4915 re
1807 4861 1879 4914 ita

318 4950 544 5020 scripsit
580 4952 636 5005 in
666 4951 860 5005 Timwo
887 4966 904 5003 :
933 4950 1021 5022 Τῷ
1048 4951 1153 5022 γὰρ
1193 4949 1261 5003 τὰ
1288 4949 1462 5003 πάντα
1502 4951 1559 5001 ὲν
1597 4950 1744 5019 αὐτῷ
1770 4951 1882 5014 ζῶα

316 5042 592 5115 περιέχειν
619 5043 859 5113 μέλλοντι
892 5041 1014 5114 ζὼῳ
1059 5042 1263 5113 πρέπον
1296 5042 1360 5095 ἂν
1387 5041 1471 5113 εἴη
1498 5044 1677 5113 σχῆμα
1703 5043 1763 5095 τὸ
1789 5060 1884 5095 πε-

324 5132 600 5203 ριειληφὸς
633 5136 689 5186 ἐν
741 5133 1094 5205 αὑτῷπάντα
1139 5135 1307 5187 ὀπόσα
1344 5135 1618 5204 σχήματαο
1663 5133 1741 5185 διὸ
1790 5135 1882 5186 καὶ

322 5223 660 5291 σφαιροειδὲς
697 5225 759 5276 ἐκ
791 5225 953 5295 μέσον
996 5226 1168 5296 πάντη
1201 5225 1336 5295 πρὸς
1369 5225 1463 5287 τὰς,
1494 5224 1746 5287 τελευτὰς
1776 5226 1886 5277 ἴσον

326 5317 530 5386 ἀπέχον
554 5316 872 5389 κυκλοτερὲς
904 5316 1032 5371 αὐτὸ
1064 5318 1413 5388 ὲτορνεύσατο
1441 5317 1656 5370 πάντων
1696 5317 1889 5370 τελειόλ

322 5423 508 5471 τατον,
542 5407 850 5476 ὁμοιότατόν
878 5425 937 5460 τε
963 5407 1092 5459 αὐτὸ
1116 5406 1291 5477 ἑαυτῷ
1326 5407 1637 5479 σχημάτων,
1664 5408 1887 5478 νομίσας

330 5500 509 5571 μυρίῳ
539 5499 750 5552 κάλλιον
774 5500 956 5570 ὅμοιον
1001 5500 1280 5569 ἀνομοίου·
1310 5497 1449 5551 λεῖον
1473 5498 1528 5550 δὲ
1567 5498 1749 5568 κύκλῳ
1779 5499 1886 5551 πᾶν

325 5592 525 5659 ἔξωθεν
554 5591 684 5644 αὐτὸ
715 5590 1082 5663 ἀπηκριϐοὓτο
1107 5591 1314 5645 πολλῶν
1336 5592 1512 5663 χάριν.
1558 5590 1680 5646 "tce
1725 5590 1885 5645 verba

402 5746 424 5779 ‘
464 5747 592 5801 Gen.
632 5765 685 5815 ιν,
732 5749 785 5809 l,
856 5749 875 5783 ⁸
922 5748 1091 5801 Eccle.
1134 5762 1185 5809 ι,
1227 5746 1279 5810 5,
1318 5748 1369 5799 fi.

1962 556 2315 612 Commentar.
2333 558 2387 610 in
2407 555 2683 621 Timceum,
2696 562 2748 607 et
2764 552 2953 608 Cicero
2961 558 3120 609 etiam
3138 569 3175 607 ιι
3195 552 3268 607 De
3280 562 3391 608 nat.
3408 552 3531 607 a'eo-

1963 666 2099 711 rum,
2117 649 2277 716 Quid,
2294 648 2490 718 inquit,
2509 646 2779 715 pulchrius
2792 660 2853 699 ea
2870 645 3062 714 ﬁgura,
3086 660 3200 714 quae
3220 643 3335 698 sola
3354 661 3529 698 omnes

1967 748 2104 800 alias
2122 746 2320 815 ﬁguras
2343 741 2610 807 complexa
2632 740 3106 807 continet,qua’que
3127 737 3254 790 nihil
3274 738 3533 807 asperita-

1968 840 2035 893 tis
2049 836 2257 899 habere,
2280 833 2409 889 nihil
2432 831 2735 901 offensionis
2770 827 3346 899 potest.nihil~incisum
3373 844 3535 899 angu-

1968 931 2054 995 lis,
2082 929 2211 984 nihil
2229 925 2577 995 anfractibus,
2599 922 2730 976 nihil
2755 922 3006 983 eminens,
3031 919 3163 973 nihil
3189 920 3532 974 lacunosum?

1966 1022 2255 1077 Alcinoriaa
2302 1017 2707 1072 lntroductione
2744 1014 2798 1067 in
2832 1012 3076 1066 Platonis
3111 1012 3531 1082 philosophiam,

1966 1114 2156 1184 Σχῆμα
2177 1112 2219 1165 δ’
2238 1110 2383 1180 αὐτῷ
2399 1107 2687 1179 περιέθηκε
2699 1106 2760 1158 τὸ
2772 1103 3123 1175 σφαιροειδὲς,
3140 1102 3536 1174 εὐμορφότατον

1969 1203 2281 1274 σχημάτων,
2301 1201 2393 1254 καὶ
2408 1196 2848 1269 πολυχωρότατον
2861 1194 2953 1248 καὶ
2964 1194 3368 1265 εὑκινητότατον
3378 1237 3389 1248 .
3408 1193 3537 1259 Quae

1967 1311 2078 1351 non
2112 1307 2415 1363 repugnare
2456 1288 2659 1346 divinis
2706 1287 2923 1350 litteris,
2955 1285 3088 1356 quin
3138 1285 3263 1341 inde
3301 1302 3409 1339 non
3439 1287 3537 1340 ob-

1969 1403 2128 1443 scure
2156 1384 2363 1455 colligi.
2412 1381 2727 1438 conﬁrmari
2770 1386 2948 1449 potest
2982 1394 3046 1433 ex
3082 1377 3190 1432 illis
3222 1377 3402 1431 verbis
3433 1377 3537 1430 ini-

1968 1479 2045 1533 tio
2076 1477 2475 1531 Ecclesiastes:
2510 1473 2604 1528 Sol
2637 1471 2848 1532 occidit,
2880 1482 2927 1525 et
2971 1472 3023 1524 in
3066 1470 3236 1523 locum
3275 1486 3425 1523 suum
3457 1487 3537 1523 rc-

1968 1570 2208 1633 vertitur,
2230 1567 2401 1637 ibique
2423 1582 2698 1619 renascens
2725 1574 2879 1635 gyrat
2908 1579 2997 1631 per
3044 1561 3317 1617 meridiem
3344 1570 3392 1615 et
3439 1562 3535 1629 ﬂe-

1970 1662 2130 1716 ctitur
2175 1659 2243 1713 ad
2277 1658 2613 1729 aquilonem:
2646 1658 2879 1710 lustrans
2927 1656 3167 1709 universa
3216 1655 3269 1707 in
3316 1654 3538 1707 circuitu

1972 1753 2135 1823 pergit
2158 1752 2399 1820 spiritus,
2432 1759 2479 1804 et
2504 1750 2557 1802 in
2582 1748 2808 1802 circulos
2839 1764 2961 1801 suos
2987 1747 3263 1801 revertitur
3289 1747 3332 1802 ⁸.
3364 1744 3540 1811 Quare

1972 1845 2333 1916 Hieronymus
2378 1844 2434 1898 in
2475 1842 2676 1897 Comm.
2709 1856 2830 1911 cap.
2857 1856 2890 1895 v
2933 1838 3105 1908 Epist.
3156 1838 3223 1892 ad
3288 1836 3537 1907 Ephesios

1975 1937 2213 2007 graviter
2250 1949 2343 1989 eos
2376 1935 2642 2003 increpat,
2674 1932 2768 2002 qui
2814 1933 3008 1985 emtum
3040 1946 3146 1985 non
3175 1929 3412 1999 undique
3448 1944 3537 1981 ro-

1975 2027 2225 2090 tundum,
2252 2024 2347 2079 sed
2368 2023 2594 2079 fornicis
2627 2023 2786 2077 modo
2813 2029 3099 2076 curvatum
3124 2019 3348 2074 faciunt.
3383 2018 3537 2085 Quod

1974 2121 2197 2175 omnino
2225 2124 2431 2173 eertum
2457 2124 2541 2172 est
2558 2131 2682 2171 cum
2704 2131 2815 2170 non
2835 2114 3141 2169 rationibus
3168 2121 3381 2167 tantum
3408 2126 3539 2165 con-

1975 2212 2247 2273 vincatur,
2292 2209 2387 2264 sed
2431 2208 2803 2277 experimento
2847 2208 3010 2260 etiam
3066 2214 3401 2274 compertum
3445 2205 3536 2267 sit,

1976 2300 2173 2371 duplex
2222 2300 2326 2355 hoc
2369 2297 2806 2367 hemisphaerium
2842 2312 2984 2359 esse,
3027 2305 3080 2351 et
3123 2296 3406 2367 antipodas
3444 2294 3540 2349 ad-

1975 2407 2131 2448 versa
2162 2391 2319 2446 nobis
2368 2390 2599 2461 vestigia
2632 2403 2897 2462 premere,
2951 2388 3017 2443 de
3052 2387 3252 2458 quibus
3290 2386 3539 2442 Manilius

1976 2497 2031 2552 in
2062 2499 2363 2551 Astronom.
2382 2513 2402 2550 :

2049 2588 2158 2643 Nec
2182 2589 2353 2642 minor
2383 2596 2458 2641 est
2487 2587 2593 2640 illis
2628 2586 2872 2648 mundus,
2902 2601 2990 2639 nec
3018 2585 3211 2637 lumine
3238 2584 3385 2653 pejor
3412 2600 3432 2646 ;

2049 2658 2160 2713 Nec
2184 2675 2458 2712 numerosa
2488 2659 2660 2711 minus
2688 2665 2975 2711 nascuntur
3002 2656 3178 2709 sidera
3207 2656 3258 2707 in
3298 2654 3418 2708 orbe
3451 2667 3470 2706 :

1975 2769 2028 2815 et
2068 2760 2157 2814 alii
2191 2773 2430 2829 quorum
2452 2756 2691 2811 rationes
2727 2757 2871 2826 leges
2913 2755 2968 2807 in
3006 2753 3141 2809 locis
3168 2767 3197 2805 a
3223 2750 3541 2806 nobis-lau-

1976 2851 2137 2907 datis.
2165 2849 2289 2904 Ηαθσ
2325 2866 2546 2918 namque
2574 2850 2767 2918 figura,
2791 2856 2850 2900 ut
2873 2847 2947 2898 ait
2964 2845 3171 2898 Plinius
3198 2844 3289 2897 lib.
3313 2858 3373 2905 ιι,
3410 2857 3461 2896 c.
3484 2844 3540 2906 ‘2,

1977 2944 2216 2999 omnibus
2247 2943 2357 2995 suis
2388 2941 2625 3009 partibus
2654 2939 2813 3006 tergit
2848 2939 2903 2990 in
2934 2953 3063 2999 sese,
3104 2952 3165 2988 ac
3185 2933 3284 2988 sibi
3305 2935 3421 3001 ipsa
3461 2944 3543 2986 to.

1976 3034 2196 3089 leranda
2245 3042 2343 3099 est,
2385 3049 2537 3103 seque
2592 3030 2834 3096 includit,
2877 3038 2926 3083 et
2983 3030 3229 3093 continet,
3272 3024 3543 3079 nullarum

1977 3144 2126 3200 egens
2158 3126 2544 3197 compaginum.
2597 3122 2708 3177 Nec
2752 3123 2907 3192 finem
2947 3131 3040 3174 aut
3075 3120 3390 3188 principium
3417 3116 3540 3172 ullis

1978 3221 2086 3274 suis
2103 3219 2342 3288 partibus
2382 3218 2630 3279 sentiens,
2662 3231 2752 3269 nec
2780 3215 2903 3284 quia
2928 3212 2995 3265 ad
3027 3223 3244 3275 motum,
3276 3227 3376 3281 quo
3414 3210 3540 3263 sub-

1978 3311 2095 3366 inde
2122 3312 2250 3366 verti
2300 3310 2501 3369 debeat,
2525 3318 2580 3361 ut
2613 3322 2734 3360 mox
2772 3306 3060 3374 apparebit,
3101 3304 3225 3356 talis
3264 3302 3542 3371 aptissima

1975 3410 2073 3465 est,
2107 3402 2196 3456 sed
2227 3401 2494 3456 oculorum
2536 3414 2735 3469 quoque
2762 3396 3067 3465 probatione
3089 3393 3233 3465 quod
3263 3408 3538 3456 convexus,

1977 3494 2279 3563 mediusque
2326 3507 2631 3564 quacunque
2677 3498 2942 3552 cernatur,
2980 3503 3099 3539 cum
3140 3486 3194 3538 id
3232 3486 3462 3539 accidere
3486 3487 3542 3538 in

1979 3588 2088 3642 alia
2138 3604 2242 3640 non
2293 3584 2457 3650 possit
2492 3584 2683 3653 ﬁgura.
2731 3580 2795 3634 Et
2842 3579 3161 3634 Theodorus
3210 3576 3543 3632 Prodromus

1978 3677 2183 3747 Dialog.
2221 3674 2287 3730 tle
2320 3676 2481 3729 amic.
2516 3673 2701 3727 exsule
2734 3692 2746 3727 :
2782 3673 2852 3725 Ἣ
2886 3671 2965 3734 τίς
3001 3669 3091 3722 τὸν
3117 3670 3277 3739 εὐρὺν
3320 3668 3544 3739 οὐρανὸν

1979 3766 2073 3820 καὶ
2112 3767 2203 3820 τὸν
2237 3765 2407 3841 μέγαν
2455 3764 2739 3833 ἄκαμπτον
2784 3760 2912 3813 ὄντα
2958 3761 3017 3813 τὸ
3057 3763 3186 3829 πρὶν
3222 3758 3542 3828 εὐθυωρίαν,

1980 3860 2120 3929 ἀρχῇ
2158 3856 2418 3915 πυθέσθαι
2450 3855 2541 3908 τοῦ
2588 3855 2765 3922 λόγοις
2788 3853 2880 3906 τοῦ
2910 3852 3148 3923 φαμένου
3191 3849 3432 3922 ἔκαμψεν
3468 3853 3546 3915 εἰς

1977 3947 2075 4018 τὴν
2109 3949 2341 4017 σφαῖραν
2380 3947 2428 3997 εἰ
2456 3946 2529 4015 μὴ
2558 3943 2736 4013 φιλία;
2774 3938 2885 3997 οἷον
2914 3943 3021 4013 γὰρ
3050 3945 3221 3994 εἰπεῖν
3260 3943 3336 4003 ὡς
3377 3940 3545 3994 καλοῦ

1979 4039 2074 4090 καὶ⁸
2103 4038 2329 4107 κοσμίου
2369 4037 2509 4107 ἐρῶν
2551 4036 2741 4088 ἑαυτοῦ
2777 4035 2913 4108 πρὸς
2955 4034 3151 4087 κύκλον
3180 4034 3544 4104 συνεστράφη,

1982 4126 2169 4179 ἑαυτὸν
2220 4125 2367 4195 αὐτῷ
2421 4124 2608 4195 φιλιῶν
2688 4124 3020 4194 πανταχόθεν
3088 4124 3181 4175 καὶ
3235 4124 3545 4175 παντάπασι.

1983 4216 2467 4288 συμπερισφίγγων
2502 4217 2660 4286 μέρη.
2690 4214 2747 4268 In
2771 4216 2913 4269 hanc
2941 4214 3264 4268 sententiam
3296 4213 3397 4282 legi
3424 4228 3548 4281 pos-

1983 4316 2110 4362 sunt
2145 4316 2198 4363 et
2228 4323 2349 4377 qua:
2377 4308 2537 4361 habet
2566 4308 2813 4361 Clemens
2856 4305 3155 4367 Romanus,
3184 4305 3277 4358 lib.
3303 4319 3395 4356 vni
3446 4303 3547 4355 lle-

1983 4400 2177 4471 cognit.
2208 4398 2409 4453 Verum
2459 4399 2698 4467 antiquis
2740 4396 2995 4450 Pati-ibus
3038 4396 3208 4451 mirus
3238 4396 3289 4448 in
3316 4395 3417 4447 hoc
3447 4394 3547 4447 fuit

1985 4509 2309 4555 consensus,
2352 4492 2549 4545 cmlum
2593 4491 2803 4545 scilicet
2832 4505 2939 4543 non
2979 4504 3102 4543 esse
3133 4488 3419 4543 rotundum
3451 4487 3546 4540 sed

1988 4584 2161 4638 instar
2178 4582 2423 4644 fornicis,
2446 4589 2504 4634 ut
2532 4581 2794 4634 habemus
2820 4580 2906 4633 hic
2927 4595 2992 4633 ex
3022 4586 3208 4633 nostro
3239 4576 3547 4641 Eustathio.

1986 4674 2219 4737 Basilio,
2276 4672 2667 4743 Chrysostomo
2728 4671 2875 4725 hom.
2944 4671 3009 4723 Η
3072 4678 3125 4725 et
3185 4670 3250 4723 17
3307 4670 3375 4722 ad
3435 4668 3545 4721 lle-

1987 4764 2174 4827 brazos,
2216 4763 2542 4833 Augustino,
2572 4763 2607 4814 l.
2642 4775 2682 4815 ιι
2731 4760 2808 4815 De
2844 4759 3030 4815 Geues.
3069 4760 3137 4814 ad
3168 4762 3417 4823 litteram,
3451 4759 3545 4830 qui

1986 4864 2040 4912 et
2073 4857 2200 4911 alibi
2239 4856 2311 4910 ait
2342 4872 2401 4910 se
2433 4856 2700 4919 dubitare,
2736 4856 2817 4908 An
2843 4867 2983 4909 terra
3026 4855 3151 4908 cwlo
3190 4853 3412 4924 undique
3449 4854 3549 4906 cir-

1987 4948 2226 5018 cumfuso
2253 4948 2599 5002 contineatur.
2628 4946 2884 5016 Ejusdem
2911 4947 3192 5001 sententiae
3225 4945 3327 4999 fuit
3357 4952 3548 4998 auctor

1984 5041 2109 5095 libri
2158 5040 2595 5095 Christianorum
2640 5039 2956 5107 nuncupati,
3013 5047 3070 5090 ut
3117 5037 3280 5091 refert
3323 5036 3548 5091 Photius

1983 5131 2037 5184 in
2072 5129 2321 5184 Biblioth.
2355 5130 2509 5183 :"O'ct
2540 5130 2568 5180 ὁ
2594 5127 2817 5199 οὐρανὸς
2832 5128 2928 5181 οὐκ
2944 5126 3056 5179 ἐστι
3092 5125 3396 5197 σφαιρικὸς,
3426 5124 3548 5177 οὐδὲ

1983 5226 2016 5294 ἡ
2044 5224 2137 5293 γῆ,
2173 5222 2286 5276 ἀλλ’
2310 5224 2338 5275 ὁ
2373 5222 2473 5293 μὲν
2501 5221 2633 5273 ὡσεὶ
2664 5221 2911 5291 καμάρα,
2944 5220 3035 5288 ἡδὲ
3061 5219 3418 5290 ἑτερομήκης,
3453 5216 3546 5269 καὶ
3614 5284 3617 5287 Α

1984 5315 2301 5386 κεκόλληται
2343 5314 2412 5368 τὰ
2441 5314 2652 5384 πέρατα
2674 5312 2767 5365 τοῦ
2806 5312 3032 5384 οὐρανοῦ
3066 5311 3199 5383 πρὸς
3228 5312 3294 5364 τὰ
3335 5309 3551 5380 πέρατα
3614 5336 3621 5361 ι,

1981 5409 2079 5478 τῆς
2100 5410 2222 5477 γῆς.
2256 5406 2573 5462 Theodorus
2599 5407 2723 5461 item
2751 5405 3045 5475 episcopus
3099 5402 3383 5457 Tarsensis
3416 5402 3448 5453 l.
3483 5414 3545 5453 ιιι

1982 5498 2182 5553 Contra
2230 5498 2398 5553 fatum
2437 5499 2619 5553 multis
2658 5497 2762 5551 hoc
2801 5495 2944 5549 idem
2990 5494 3258 5565 capitibus
3296 5491 3548 5561 exsequi-

1983 5598 2091 5657 tur,
2118 5598 2175 5645 ut
2207 5591 2436 5649 habetur
2466 5590 2606 5660 apud
2638 5590 2881 5645 Photium
2906 5590 3022 5642 :‘Ev
3050 5588 3106 5641 δὶ
3128 5588 3203 5658 τῷ
3231 5586 3397 5657 τρίτῳ
3427 5603 3555 5639 πεις,
