4072 6342
584 311 691 373 819

1911 302 2159 367 LEONIS
2194 303 2470 374 ALLATLI

3698 293 3803 363 ω

587 431 747 509 ρᾶται
780 418 876 500 μὶν
899 426 988 481 διὰ
1010 442 1070 479 τε
1098 422 1192 478 τοῦ
1232 431 1316 479 καθ
1348 424 1500 481 κάτω
1527 427 1621 481 καὶ
1652 424 1746 487 τοῦ
1784 423 1888 497 κβ’,
1915 426 2010 495 καὶ
2036 425 2122 497 pip

2242 422 2457 493 Elenclti
2471 428 2654 479 contra
2669 423 2852 478 literas.
2875 438 2894 477 .'
2913 419 3200 489 Γεγονέναι
3224 418 3302 483 δὲ,
3322 418 3394 473 τὰ
3420 419 3595 509 ἄστρα
3616 417 3681 473 ὲκ
3702 419 3804 489 γῆς

583 522 680 580 καὶ
710 519 803 575 τοῦ
846 514 1030 590 τρίτου
1061 518 1156 573 καί
1188 517 1456 584 εἰκοστοῦ,
1496 518 1590 572 καὶ
1626 525 1674 573 κ’
1711 517 1805 586 καί
1831 517 1873 572 δ’
1906 518 2145 589 ἐλέγχειν

581 614 706 677 τοὺς
732 613 825 667 τὸν
860 610 1087 682 οὐρανὸν
1120 611 1406 681 σφαιρικὸν
1446 610 1881 681 ὑποτιθεμένους.
1914 610 1987 679 Οὐ
2022 610 2147 682 μὲν-

578 719 725 772 τοιγε
750 701 839 755 διὰ
877 701 984 755 τῶν
1020 703 1170 773 ἰσχὺν
1209 703 1438 773 ἐχόντων
1479 703 1528 756 οἰ
1566 702 1772 772 ἔλεγχοι
1806 702 2036 773 πρόεισι.
2072 702 2145 757 Τὸ

579 793 933 865 σφαιρικὸνδὲ
964 794 1023 847 οὐ
1056 793 1295 864 βούλεται
1322 798 1619 866 συγχωρεῖν
1642 794 1719 864 τῷ
1750 794 1981 866 οὐρανῷ
2013 794 2142 849 διότι

574 885 785 956 νομίζει
816 886 912 958 τὴν
959 885 1297 957 εἱμαρμένην
1325 887 1389 939 ὲκ
1422 887 1518 957 τῆς
1555 887 1804 958 τοιαύτης
1830 885 2141 956 εἰσάγεσθαι

576 975 795 1040 θέσεως.
834 975 1097 1042 Quamvis
1146 976 1310 1046 hujus
1342 977 1610 1040 rationem
1654 978 1730 1032 uti
1769 977 1981 1033 minimi
2024 994 2142 1033 mo-

572 1068 742 1123 menti
767 1067 981 1124 refellat
1010 1068 1148 1123 idem
1178 1067 1407 1125 Photius
1429 1068 1626 1123 ibidem
1660 1087 1673 1123 :
1706 1068 1896 1139 Καίτοι
1917 1069 2139 1141 οὐδεμία

568 1158 729 1212 τοῦτο
760 1160 1028 1231 ἀπόδειξις
1056 1159 1393 1224 ἐκϐιάζεταμ
1424 1162 1485 1215 οὐ
1528 1161 1656 1233 γὰρ,
1689 1160 1742 1214 εἴ
1769 1178 1831 1230 γε
1858 1162 2141 1233 σφαιρικὸς

571 1252 601 1303 ὁ
627 1251 872 1321 οὐρανὸς,
915 1252 1008 1305 καὶ
1035 1252 1095 1305 τὸ
1122 1254 1220 1323 τῆς
1261 1252 1602 1323 εἰμαρμένης
1653 1252 1711 1319 ἐξ
1738 1253 1979 1325 ἀνάγκης
2015 1269 2139 1306 συν-

576 1338 809 1395 ίσταται.
843 1339 1160 1403 Lactantius
1185 1341 1220 1394 Ι.
1255 1356 1288 1395 v
1320 1339 1498 1409 Dipin.
1538 1342 1688 1411 ἔκηα,
1729 1356 1779 1396 c.
1804 1341 1896 1406 24,
1929 1340 2137 1398 deridet

570 1445 666 1487 eos
690 1432 785 1502 qui
813 1432 1011 1494 cmlum
1066 1431 1386 1501 rotundum,
1418 1442 1470 1489 et
1500 1433 1557 1488 in
1602 1449 1793 1490 omnes
1822 1443 2006 1505 partes
2037 1435 2135 1491 de-

566 1536 766 1578 vexum
815 1522 1184 1581 crediderunt.
1219 1523 1519 1596 Procopius
1566 1540 1687 1585 eam
1734 1526 2017 1586 mordicus
2060 1525 2136 1582 ita

565 1614 811 1671 defendit
840 1614 1047 1689 Comm.
1078 1616 1132 1670 in
1158 1614 1313 1684 Gem,
1346 1625 1409 1674 ut
1436 1632 1626 1674 eorum
1656 1618 2007 1683 sententiam,
2038 1618 2134 1688 qui

565 1705 767 1775 omium
799 1706 1099 1779 praedicant
1125 1708 1443 1777 rotundum,
1475 1723 1508 1763 a
1550 1708 1820 1771 catholica
1849 1709 2134 1780 disciplina

562 1809 721 1856 vocet
751 1799 1021 1868 alienam;
1050 1801 1127 1866 ait
1163 1802 1307 1857 enim
1335 1819 1350 1858 :
1384 1801 1633 1858 Assertio
1675 1800 1971 1857 dicentium
2021 1815 2133 1871 coe-

561 1892 674 1948 lum
716 1907 839 1956 esse
869 1893 1053 1964 ﬁgurat
1098 1894 1396 1964 sphaericaa,
1432 1902 1488 1950 et
1529 1893 1784 1950 circulari
1811 1900 1961 1963 motu
1996 1908 2129 1948 con-

560 1984 720 2055 verti,
754 2000 865 2048 non
895 1984 1190 2041 concordat
1233 1985 1545 2043 orthodoxae
1581 1985 1820 2052 veritati,
1863 1985 1956 2040 sed
1996 2000 2128 2043 con-

559 2073 780 2143 tradicit
822 2073 1015 2146 Moysi,
1062 2076 1358 2146 prophetis,
1406 2074 1593 2141 Paulo,
1640 2083 1695 2131 et
1740 2074 1983 2142 Christo,
2032 2075 2127 2146 qui

556 2163 701 2230 hanc
729 2167 1041 2239 opinionem
1072 2167 1275 2238 ubique
1318 2168 1376 2224 in
1402 2166 1604 2224 divinis
1637 2166 1934 2238 Scripturis
1964 2166 2126 2223 refel-

557 2247 695 2314 lunt,
750 2250 1010 2311 docentes
1046 2252 1269 2318 coelum,
1310 2266 1487 2323 neque
1515 2252 1723 2308 circulo
1768 2252 1920 2321 ferri,
1950 2267 2128 2323 neque

557 2339 880 2411 splnaricam
925 2340 1157 2398 formam
1191 2340 1414 2405 habere,
1440 2340 1538 2399 sed
1573 2341 1854 2400 immobile
1896 2357 2125 2413 prorsus

557 2445 702 2490 esse.
732 2433 910 2501 Atque
930 2431 1074 2487 idem
1103 2433 1208 2490 hoc
1236 2433 1432 2504 repetit
1465 2432 1629 2499 infra,
1654 2448 1775 2504 cap.
1806 2433 1857 2499 7,
1892 2441 1947 2490 et
1974 2434 2125 2491 vide-

556 2531 648 2577 tur
674 2531 955 2580 mutuatus
982 2540 1013 2580 a
1041 2523 1453 2597 ChrySostomo,
1486 2540 1517 2581 a
1547 2542 1656 2597 quo
1686 2527 1815 2582 item
1861 2542 1961 2583 sua
1990 2526 2127 2591 hau-

555 2624 750 2678 serunt
796 2613 1232 2687 TheOphylactus
1280 2624 1334 2672 et
1376 2616 1767 2674 Theodoretus.
1827 2617 1963 2675 Vide
2013 2618 2124 2676 Da-

553 2719 873 2765 mascenum
907 2707 1005 2763 lib.
1040 2722 1077 2763 ιι
1122 2706 1277 2775 Fidei
1327 2708 1558 2775 orthod.,
1600 2724 1720 2781 cap.
1754 2710 1808 2765 6.
1849 2709 1928 2765 lta
1963 2710 2124 2767 indu-

552 2798 820 2866 cebantur
853 2807 913 2854 ut
946 2800 1258 2867 crederent,
1298 2802 1611 2857 testimonio
1640 2803 1786 2858 dlicti
1822 2802 2123 2873 Scriptum

552 2891 695 2960 psal.
726 2906 842 2957 out,
877 2890 1175 2961 Extendens
1223 2893 1407 2951 caelum
1426 2894 1563 2951 sicut
1585 2894 1769 2963 pellem
1792 2894 1833 2959 ⁸,
1865 2903 1920 2949 et
1948 2893 2120 2962 Isaia,

552 2979 825 3052 Expendit
848 2983 1003 3045 caelos
1028 2985 1165 3047 sicut
1196 2984 1556 3041 habitaculum
1599 2984 1667 3039 ad
1701 2983 2047 3041 habitandum
2076 2988 2119 3042 ".

622 3072 739 3135 COI.
758 3075 882 3139 709,
901 3076 999 3131 lin.
1020 3076 1108 3132 l5.
1124 3076 1320 3131 Αὑτοῦ
1335 3076 1587 3145 λεπτὴν.
1605 3076 1836 3134 Basilius
1851 3077 2121 3134 hom-lin

2244 515 2330 573 διὰ
2356 515 2416 570 τὸ
2436 514 2533 587 τὴν
2559 515 2757 589 ἰκμάδα
2786 514 2851 569 ὲκ
2886 512 3086 586 ταύτης
3114 510 3442 578 ἐνίστασθαι,
3481 507 3550 585 ἧς
3586 510 3805 581 ἀραιου-

2247 609 2411 682 μένης
2437 607 2496 661 τὸ
2522 608 2633 680 πῦρ
2662 607 2936 678 γίνεσθαι·
2967 607 3030 660 ὲκ
3066 605 3123 659 δὲ
3154 604 3246 659 τοῦ
3280 602 3450 675 πυρὸς
3482 599 3803 674 μετεωριζοε

2247 701 2407 772 μένου
2444 701 2567 765 τοὺς
2597 701 2829 773 ἀστέρας
2863 696 3229 754 συνίστασθαι.
3258 691 3410 750 Εἶναι
3443 693 3500 747 δὲ
3533 694 3630 749 καὶ
3670 691 3805 762 γεώ-

2241 793 2352 856 δεις
2382 791 2570 863 φύσεις
2598 792 2655 845 ὲν
2697 791 2775 863 τῷ
2802 792 2949 861 τόπῳ
2970 789 3078 844 τῶν
3106 787 3348 860 ἀστέρων
3385 784 3806 858 συμψερομένας

2241 886 2486 949 ἐκείνοις.
2514 882 2666 949 Hanc
2686 882 2958 939 Eustathii
2982 881 3310 939 sententiam
3337 887 3520 934 tuetur
3543 886 3601 934 et
3623 877 3806 949 Olym-

2240 975 2500 1047 piodorus
2524 976 2581 1037 in
2594 972 2695 1029 Job
2710 989 2875 1045 super
2896 973 3006 1030 illis
3032 972 3214 1029 verbis
3234 986 3357 1043 cap.
3377 985 3611 1039 xxxviii,
3628 968 3804 1038 Dimi-

2239 1083 2356 1120 sum
2386 1076 2559 1123 autem
2587 1074 2665 1122 est
2707 1067 2841 1120 sicut
2876 1074 3028 1121 terra:
3066 1065 3199 1133 cinia
3229 1064 3272 1119 ⁸.
3299 1061 3548 1118 Notanda
3572 1060 3802 1117 Joannis

2237 1154 2618 1227 Chrysostomi
2658 1158 2949 1225 sententia,
2996 1158 3114 1212 Ὅτι
3170 1157 3267 1229 μὲν
3313 1155 3568 1228 καμάρας
3618 1151 3803 1209 εἰκόνα

2237 1245 2510 1312 διασώζει,
2539 1247 2723 1319 ἴσμεν·
2745 1248 2828 1312 τίς
2866 1248 2923 1301 δέ
2965 1250 3080 1304 ἐστι
3109 1249 3207 1323 τὴν
3225 1248 3432 1315 οὐσίαν,
3475 1248 3799 1320 ἀγνοοῦμεν.

2239 1333 2637 1408 Stolidissimus
2663 1339 3000 1396 Mohametus
3033 1324 3262 1401 allirmat
3291 1353 3470 1397 aerem
3496 1336 3705 1393 factum
3735 1354 3802 1407 ex

2235 1427 2407 1492 fumo,
2442 1428 2650 1486 fumum
2690 1447 2757 1493 ex
2797 1446 2999 1502 vapore
3046 1437 3144 1491 aut
3189 1430 3533 1488 exhalatione
3566 1431 3798 1500 marina.

2234 1515 2477 1585 Primum
2505 1520 2702 1576 caelum
2739 1536 2804 1576 ex
2833 1534 2974 1590 aqua
2994 1519 3157 1576 viridi
3185 1527 3462 1585 constare,
3495 1519 3800 1576 secundum

2234 1623 2299 1664 ex
2329 1624 2471 1681 aqua
2515 1610 2684 1677 clara,
2714 1609 2939 1667 tertium
2973 1626 3042 1668 ex
3087 1610 3400 1682 smaragdo,
3432 1617 3694 1682 quartum
3732 1624 3799 1673 ex

2234 1714 2387 1765 auro,
2432 1701 2682 1772 quintum
2722 1718 2790 1769 ex
2816 1702 3133 1774 hiacyntho,
3163 1713 3375 1758 sextum
3401 1718 3469 1759 ex
3502 1701 3690 1756 tabula
3716 1700 3799 1755 lu-

2161 1786 2204 1841 Β
2232 1792 2376 1858 cida,
2402 1794 2691 1863 septimum
2723 1810 2790 1856 ex
2835 1794 3087 1859 claritate
3115 1795 3277 1867 ignis,
3307 1801 3364 1851 ct
3404 1794 3472 1849 de
3504 1810 3615 1849 uno
3658 1793 3799 1850 caelo

2234 1885 2303 1954 ad
2336 1885 2482 1947 aliud
2521 1901 2645 1943 esse
2672 1885 2985 1943 distantiam
3012 1885 3225 1952 itineris
3239 1886 3663 1960 quingentorum
3704 1899 3799 1939 an-

2232 1991 2450 2035 norum.
2472 1974 2604 2053 Quis
2620 1992 2729 2033 non
2740 1978 2967 2037 miretur
2990 1976 3229 2035 hominis
3250 1977 3552 2048 ingenium,
3586 1975 3798 2032 in.his-

2232 2077 2403 2135 ceque
2446 2062 2820 2133 describendis
2850 2066 3207 2138 patientiam?
3243 2074 3301 2120 ut
3330 2066 3584 2125 oculatus
3602 2074 3691 2122 est
3712 2066 3797 2123 vir

2230 2156 2377 2213 iste!
2410 2166 2469 2212 ut
2511 2158 2683 2217 multa
2711 2159 2893 2221 videt!
2937 2160 3147 2223 Abeant
3174 2175 3303 2231 ergo
3334 2160 3709 2216 mathematici
3744 2167 3800 2231 et

2231 2256 2523 2320 geometrae
2564 2265 2688 2315 cum
2732 2252 2849 2307 suis
2890 2252 3165 2322 mensuris
3217 2259 3273 2307 et
3320 2252 3586 2308 numeris.
3633 2251 3799 2313 Solus

2229 2340 2367 2395 vidit
2389 2340 2706 2397 distantiam
2752 2357 2915 2413 quam
2943 2358 3052 2405 non
3089 2343 3285 2417 reliqui
3313 2358 3503 2402 omnes
3545 2344 3799 2408 homines,

2230 2448 2334 2490 nec
2367 2442 2559 2497 auctor
2587 2435 2704 2506 ipse
2731 2443 2963 2493 naturae.

2300 2525 2462 2592 lbid.,
2510 2526 2606 2582 lin.
2650 2527 2740 2584 25.
2786 2527 2902 2597 Τὴν
2934 2526 3002 2581 δὲ
3030 2525 3146 2598 γῆν
3172 2527 3411 2598 φάσκει.
3438 2527 3677 2585 Basilius
3703 2534 3791 2584 ta-

2229 2636 2356 2677 men
2397 2621 2474 2676 ait
2512 2621 2661 2685 hom.
2702 2621 2754 2687 ἰ,
2794 2629 2953 2676 terra:
2982 2619 3336 2675 fundamenta
3374 2627 3584 2675 natura:
3616 2619 3793 2675 homio

2230 2726 2360 2766 num
2391 2725 2513 2767 esse
2540 2710 2837 2782 incognita,
2862 2717 2916 2766 et
2943 2711 3123 2769 locum
3154 2708 3349 2774 Palmi,
3384 2724 3547 2779 quem
3580 2711 3673 2764 hic
3698 2709 3790 2765 ad.

2228 2803 2379 2861 ducit
2408 2802 2748 2868 Eustathius,
2779 2802 3029 2873 explicat.
3053 2800 3126 2855 Τὸ
3160 2799 3435 2872 γὰρ,Ἐπί
3465 2800 3792 2855 Balaam?»

2227 2896 2619 2965 ἐθεμελίωσεν
2657 2893 2870 2962 αὐτὴν,
2916 2894 2967 2947 τί
3009 2893 3160 2964 δηλοῖ
3190 2892 3224 2963 ἢ
3255 2892 3316 2946 τὸ
3345 2891 3605 2963 πάντοθεν
3636 2909 3792 2964 περι-

2227 2983 2487 3056 κεχύσθαι
2507 2986 2573 3057 τῇ
2606 2986 2676 3055 γῇ
2709 2984 2807 3054 τὴν
2834 2982 2927 3036 τοῦ
2959 2981 3147 3047 ὓδατος
3172 2981 3373 3053 φύσινί
3406 2982 3531 3045 Πῶς
3551 2976 3666 3045 οὗν,
3699 2984 3791 3054 ῥυ-

2225 3077 2317 3133 τὺν
2349 3076 2590 3148 ὑπάρχον
2631 3075 2692 3128 τὸ
2729 3073 2894 3145 ὕδωρ,
2939 3073 3034 3128 καὶ
3078 3072 3171 3126 ἐπὶ
3207 3073 3268 3126 τὸ
3309 3073 3510 3144 πρανὲς
3550 3072 3792 3141 πεφυκὸς

551 3166 807 3238 Ηεςιταθηι.
824 3183 843 3221 .'
860 3167 1017 3221 Ἀλλὰ
1033 3185 1098 3221 πε
1106 3168 1160 3239 ρί
1174 3168 1270 3239 μὲν
1284 3170 1382 3236 τῆς
1391 3169 1575 3238 οὐσίας
1585 3168 1677 3222 τοῦ
1693 3168 1918 3241 οὐρανοῦ
1929 3168 2126 3242 ἀρκού-
2152 3157 2199 3218 C
2228 3167 2607 3240 καταπίπτειν,
2635 3165 2783 3238 μένει
2800 3165 3235 3236 ἀπεωρούμενον,
3257 3165 3351 3236 καὶ
3369 3162 3605 3234 οὐδαμοῦ
3627 3164 3793 3236 ἀπορο

553 3259 693 3335 μεθα
705 3262 817 3324 τοῖς
832 3260 982 3331 παρὰ
994 3258 1086 3312 τοῦ
1116 3260 1332 3319 Ἡσαΐου
1357 3260 1680 3333 εἰρημένοις,
1695 3259 1754 3325 ὃς
1766 3262 1822 3317 ὲν
1842 3261 2124 3329 ἰδιωτικοῖς

552 3351 788 3423 ῥήμασιν
819 3351 1007 3424 ἱκανὴν
1039 3353 1172 3423 ἡμῖν
1194 3350 1294 3422 τῆς
1325 3350 1540 3420 φύσεως
1565 3352 1725 3406 αὐτοῦ
1753 3352 1853 3427 τὴν
1884 3353 2120 3408 διάνοιαν

549 3442 861 3515 ἐνεποίησεν
879 3483 894 3508 ,
946 3443 1145 3497 εἰπών·
1201 3443 1265 3496 '0
1322 3442 1656 3512 στερεώσας
1702 3444 1809 3499 τὸν
1865 3445 2123 3514 οὐρανὸν

548 3533 691 3589 ὡσεὶ
725 3534 981 3603 καπνὸν,
1019 3534 1265 3589 τουτέστι
1301 3534 1503 3607 λεπτὴν
1548 3534 1733 3605 φύσιν
1790 3536 1884 3590 καὶ
1906 3538 1966 3591 οὐ
2000 3555 2120 3592 στε-

553 3624 702 3697 ρεὰν³
747 3614 887 3684 οὐδὲν
929 3628 1158 3701 παχεῖαν
1191 3628 1250 3690 ὲς
1281 3626 1381 3699 τὴν
1433 3626 1528 3681 τοῦ
1574 3626 1803 3699 οὐρανοῦ
1862 3629 2118 3686 σύστασιν

548 3715 835 3785 οὑσιώσας.
863 3716 941 3782 Ex
971 3720 1130 3787 cujus
1158 3720 1342 3776 verbis
1374 3721 1553 3775 locum
1580 3720 1724 3776 hunc
1745 3721 1820 3775 ita
1849 3721 2117 3794 restituo;

546 3806 733 3879 Ταινινῷ
757 3808 944 3877 οἰισίηαν
974 3809 1160 3879 αὑτοῦ,
1184 3811 1269 3867 vel
1307 3812 1403 3884 τὴν
1434 3812 1629 3881 φύσιν;
1666 3812 1723 3867 in
1763 3811 1966 3884 quibus
1990 3812 2116 3867 illu-

547 3907 715 3957 strom
744 3901 894 3959 illam
936 3904 1366 3963 controversiam
1414 3905 1761 3970 determinat,
1802 3905 1927 3960 coeli
1967 3905 2118 3963 vide-

545 3989 671 4047 licet
711 3993 1075 4058 substantiam
1104 4009 1213 4051 non
1241 4009 1363 4051 esse
1394 3995 1633 4060 mistam,
1666 3997 1760 4052 sed
1788 3995 2112 4066 simplicem,

547 4080 615 4137 de
641 4099 749 4155 qua
772 4085 942 4140 multa
990 4084 1151 4141 nobis
1192 4092 1249 4155 et
1277 4084 1526 4141 Plotinus
1570 4085 1650 4143 De
1677 4087 1891 4153 mundo,
1924 4096 1978 4143 et
2023 4088 2113 4154 alii

547 4173 913 4231 tradiderunt.
939 4174 1169 4242 Quidam
1192 4176 1336 4231 enim
1375 4177 1576 4235 omium
1607 4178 1850 4247 ejusdem
1873 4194 1995 4237 esse
2025 4195 2115 4239 na-

545 4274 686 4320 tura)
733 4281 858 4323 cum
909 4267 1191 4325 elementis
1244 4268 1493 4329 arbitrati
1540 4278 1686 4335 sunt,
1743 4270 1888 4341 quod
1946 4270 2114 4327 refert

545 4351 920 4413 Theodoretus
952 4356 1026 4413 De
1055 4359 1281 4415 materia
1308 4368 1360 4419 et
1387 4360 1604 4427 munda,
1632 4369 1686 4415 et
1713 4359 1867 4416 Philo
1895 4360 2112 4419 Iudaeus

542 4444 622 4500 De
652 4463 857 4512 somno,
892 4454 948 4503 et
986 4447 1334 4506 Plutarchus.
1370 4448 1474 4511 Alii
1516 4449 1686 4520 igneae
1714 4466 1837 4507 esse
1878 4461 2106 4517 naturae,

541 4537 702 4607 cujus
736 4538 1011 4613 opinionis
1042 4548 1297 4596 auctores
1341 4538 1506 4598 tradit
1537 4540 1826 4614 Egyptios
1854 4543 2108 4603 Albertus

543 4628 773 4701 Magnus
814 4640 970 4689 tract.
1016 4633 1043 4686 ἰ
1077 4632 1155 4689 De
1205 4634 1355 4698 caelo,
1398 4650 1519 4704 cap.
1559 4634 1613 4691 4.
1674 4633 1919 4704 Platonis
1962 4638 2110 4705 circa

540 4721 646 4776 hoc
676 4724 987 4793 opinionem
1026 4724 1196 4783 habes
1217 4726 1273 4781 in
1319 4726 1542 4791 Alcinoo
1555 4743 1574 4791 ;
1608 4725 1884 4782 Macrobio
1928 4728 2021 4784 lib.
2055 4730 2110 4783 in

540 4812 724 4871 Somn.
777 4814 1045 4884 Scipion.,'
1080 4817 1405 4887 Augustino.
1445 4834 1544 4872 vm
1598 4817 1677 4885 De
1731 4819 1939 4877 civitate
1990 4818 2108 4885 Dei,

539 4920 661 4977 (ap.
687 4907 787 4973 il;
819 4907 1116 4979 Philopono
1160 4908 1227 4964 ad
1251 4925 1302 4963 vr
1339 4917 1391 4965 et
1415 4925 1513 4963 xm
1536 4907 1738 4972 Procli.
1765 4908 1870 4965 Sed
1905 4909 1972 4964 de
2010 4910 2112 4966 hoc

541 4998 698 5068 plura
726 4997 955 5055 interius
996 5008 1186 5057 noster
1213 4999 1533 5059 Eustathius
1574 5016 1641 5056 ex
1675 5001 1877 5070 quibus
1907 5002 2107 5058 uelum

539 5099 855 5148 concretum
877 5090 950 5157 sit
972 5090 1096 5158 aliis
1126 5091 1514 5153 declarandum
1561 5093 1896 5164 relinquens,
1923 5093 2107 5165 verbis

536 5180 693 5243 Isaia;
728 5182 849 5252 ejus
896 5190 1150 5249 naturam
1194 5193 1434 5249 tenuem,
1479 5200 1590 5240 non
1635 5185 1885 5248 solidam,
1928 5199 2105 5255 neque

538 5287 782 5331 crassam
804 5290 930 5332 esse
947 5276 1136 5344 tradit,
1163 5292 1355 5345 eorum
1379 5277 1696 5349 opinionem
1726 5276 1981 5339 refellens
2007 5278 2100 5349 qui

538 5364 738 5421 cmlum
803 5366 1038 5437 solidum
1080 5368 1248 5434 veluti
1312 5369 1631 5442 crystallum
1685 5370 1997 5440 ponebant,
2046 5376 2102 5437 et

538 5468 727 5511 eorum
760 5457 855 5530 qui
881 5465 1142 5529 terreum,
1164 5475 1513 5533 gravemque,
1541 5468 1596 5516 et
1622 5460 1978 5517 Anaximenis
2006 5462 2100 5531 qui

540 5542 677 5603 illud
706 5564 739 5605 e
782 5560 928 5607 terra
972 5549 1357 5620 fabricaverat,
1391 5552 1460 5610 de
1502 5568 1613 5624 quo
1655 5552 1916 5625 Origenes
1957 5552 2101 5609 ΗΒΑ

613 5706 636 5742 ⁸
671 5704 824 5765 Paul.
858 5722 983 5776 riu,
1016 5710 1074 5772 2.
1142 5707 1169 5763 ε
1208 5709 1320 5768 lea.
1353 5727 1454 5780 ιι..
1493 5711 1582 5768 22.

2226 3260 2346 3331 ῥέον
2365 3276 2379 3331 ;
2404 3260 2477 3312 Σὺ
2504 3258 2562 3312 δὲ
2589 3258 2650 3311 οὐ
2675 3256 2904 3328 λογίζει,
2922 3257 3003 3310 ὅτι
3022 3256 3118 3327 τὴν
3139 3256 3330 3328 αὐτὴν,
3350 3256 3443 3310 καὶ
3466 3254 3546 3308 ἔτι
3569 3255 3790 3311 πλείονα

2221 3348 2452 3420 ἀπορίαν
2490 3347 2567 3419 τῷ
2598 3347 2739 3418 λόγῳ
2778 3346 3004 3418 παρέχει
3034 3348 3067 3418 ή
3097 3345 3170 3416 γῆ
3202 3345 3322 3403 καθ’
3356 3344 3551 3417 ἑαυτὴν
3579 3363 3791 3418 κρεμα·

2225 3440 2359 3513 μένη
2396 3438 2669 3511 βαρυτέρα
2693 3439 2791 3510 τὴν
2828 3438 2986 3508 φύσιν
3014 3434 3169 3492 οὖσα.
3209 3435 3570 3502 Externorum
3602 3444 3789 3494 tamen

2220 3532 2665 3604 phil050phorum
2703 3533 2885 3606 opinio
2913 3540 2998 3587 est
3025 3530 3195 3603 magis
3222 3538 3440 3605 recepta
3470 3529 3790 3588 :Fundasse

2219 3622 2389 3680 Deum
2427 3633 2631 3680 terram
2676 3624 2731 3678 in
2777 3623 3019 3701 sphaerae,
3064 3637 3184 3693 quae
3233 3621 3496 3685 mundum
3547 3620 3788 3693 undique

2218 3718 2616 3787 complectitur,
2663 3724 2874 3785 centro,
2932 3717 3132 3788 quippe
3180 3730 3302 3786 quae
3359 3725 3583 3784 propter
3624 3729 3785 3779 suum

2216 3808 2579 3880 aequilibrium
2622 3823 2688 3864 ex
2732 3807 2883 3877 omni
2929 3815 3085 3878 parte
3143 3804 3477 3863 tantumdem
3532 3804 3706 3861 distat
3752 3820 3785 3861 a

2217 3902 2378 3966 caelo,
2412 3907 2473 3956 ut
2508 3900 2581 3957 ob
2619 3900 2674 3956 id
2704 3901 2882 3972 ipsum
2913 3906 2968 3965 et
2996 3898 3206 3967 ﬁrmam
3236 3897 3420 3954 sedem
3457 3896 3781 3963 obtinuerit,

2215 4001 2270 4053 et
2301 3993 2526 4050 immota
2554 3992 2781 4057 nitatur,
2814 3999 2870 4047 et
2895 3991 3054 4046 ﬁxam
3081 3990 3153 4046 sit
3179 4000 3338 4050 nacta
3365 3988 3538 4047 basim
3561 4005 3576 4056 ;
3598 3996 3655 4044 et
3678 3988 3783 4044 hoc

2202 4075 2256 4141 ἰι
2302 4084 2374 4155 De
2400 4088 2526 4140 caelo
2559 4101 2685 4157 cap.
2733 4086 2800 4141 M
2850 4083 3202 4142 validissimis
3249 4081 3554 4154 rationibus
3587 4082 3783 4152 probat

2213 4178 2557 4244 Aristoteles,
2590 4185 2646 4233 et
2694 4192 2827 4234 sane
2871 4175 3251 4248 despicaciori,
3287 4185 3342 4230 et
3372 4174 3635 4231 deteriori
3667 4175 3777 4229 ele-

2212 4278 2416 4336 mento,
2443 4270 2665 4326 inﬁmus
2695 4271 2849 4326 locus
2869 4270 3185 4334 debebatur,
3208 4276 3367 4331 terrae
3387 4267 3776 4336 elementorum

2212 4361 2535 4428 deterrimae,
2566 4362 2719 4419 locus
2741 4362 2837 4433 qui
2862 4362 3094 4417 maxime
3125 4375 3152 4414 a
3184 4359 3324 4424 caelo
3347 4359 3510 4415 distat
3532 4358 3774 4414 inﬁmus.

2211 4451 2469 4510 Centrum
2504 4454 2691 4511 mundi
2726 4454 2963 4510 maxime
2994 4470 3026 4508 a
3057 4454 3198 4510 coelo
3233 4454 3421 4521 distat,
3457 4452 3688 4523 ideoque
3717 4451 3777 4519 in

2211 4561 2278 4602 eo
2308 4556 2424 4601 erat
2456 4545 2774 4601 collocanda
2812 4561 2912 4601 sua
2953 4553 3173 4611 natura,
3215 4545 3360 4609 unde
3394 4553 3541 4599 terra
3579 4559 3771 4615 aquas,

2210 4651 2320 4700 non
2359 4651 2390 4692 e
2428 4637 2711 4692 contrario
2748 4644 2950 4692 terram
2985 4652 3138 4707 aquae
3184 4643 3511 4705 sustentant.
3552 4634 3631 4690 En
3672 4652 3770 4691 no-

2210 4746 2334 4788 vam
2371 4729 2666 4787 Nebulonis
2706 4730 3117 4805 physiologiam.
3152 4728 3346 4793 Terra,
3387 4731 3462 4784 ait
3498 4728 3771 4786 Mobame—

2211 4831 2321 4887 tus,
2363 4824 2663 4889 Sustinetur
2687 4839 2717 4891 a
2750 4838 2945 4893 magno
2972 4821 3108 4878 bove
3138 4822 3297 4891 cujus
3331 4829 3494 4893 caput
3526 4822 3772 4878 extendi-

2212 4923 2303 4971 tur
2323 4914 2378 4969 iu
2399 4915 2688 4979 orientem,
2716 4915 2889 4981 cauda
2920 4915 2975 4969 in
2996 4914 3359 4979 occidentem,
3381 4923 3616 4985 quatuor
3645 4928 3773 4975 vero.

2208 5006 2375 5078 pedes
2426 5006 2734 5061 innituntur
2780 5006 2945 5076 lapidi
2992 5006 3244 5065 candido.
3286 5003 3344 5058 In
3379 5006 3567 5075 capite
3606 5004 3768 5058 habet

2209 5098 2563 5170 quadraginta
2590 5113 2818 5161 cornua,
2849 5112 3081 5168 quorum
3109 5112 3277 5152 unum
3306 5097 3376 5152 ab
3406 5098 3577 5152 altero
3603 5096 3769 5151 distat

2206 5191 2402 5251 itinere
2444 5191 2592 5253 mille
2636 5206 2926 5252 annorum.
2976 5189 3180 5246 Subtus
3232 5189 3464 5261 lapidem
3512 5203 3643 5243 vero
3683 5194 3768 5251 est

2206 5298 2367 5340 mons
2407 5282 2694 5345 infernalis
2744 5282 2925 5339 dictus
2978 5282 3137 5345 Zoth,
3187 5298 3346 5354 quem
3397 5279 3771 5336 conscendam

2206 5385 2476 5446 coguntur
2505 5384 2841 5444 peccatores,
2868 5384 2923 5432 et
2950 5376 3043 5431 ubi
3075 5376 3214 5432 bene
3247 5382 3506 5430 oneratus
3541 5381 3625 5426 "st
3658 5370 3767 5426 col-

2207 5464 2455 5529 labascit,
2476 5478 2681 5534 eosqma
2709 5466 3025 5523 submersos
3049 5466 3103 5521 in
3127 5464 3400 5522 infernum
3424 5460 3760 5534 praecipitat:

2207 5552 2309 5613 sub
2338 5553 2441 5610 hoc
2473 5564 2655 5611 monte
2681 5565 2825 5613 terra
2854 5563 2938 5614 cst
2968 5568 3024 5613 et
3056 5565 3245 5629 postea
3281 5568 3452 5623 mare,
3486 5559 3541 5609 et
3568 5560 3766 5615 rursus

1659 5712 1680 5747 ⁸
1715 5710 1818 5768 Job
1847 5728 2075 5782 xxxviii,
2110 5712 2195 5773 38.
