4072 6342
320 355 417 413 821

1306 354 1374 409 IN
1415 354 1784 410 EUSTATlIll
1824 350 2292 408 HEXAEMERON
2330 348 2561 405 ΝΟΤιΕ.

3428 345 3534 404 822

318 479 464 526 terra
494 469 748 539 aliudque
780 485 927 524 mare
968 486 1138 540 usque
1177 472 1241 525 ad
1283 479 1487 541 septem
1520 481 1783 525 tenrarum
1820 479 1873 524 et

1976 468 2073 538 τῆς
2101 467 2379 529 εὑσεϐείας
2417 464 2701 535 χαρακτὴρ
2735 461 2961 525 ἐνιζάνει
2992 458 3167 512 αὑτῶν
3191 461 3300 523 τοῖς
3328 461 3533 531 ἤθεσιν,

317 561 548 616 marium
584 574 888 613 numerum.
924 558 1120 614 Ultima
1165 576 1290 615 vero
1332 569 1597 615 terrarum
1636 570 1718 615 est
1754 562 1875 615 alba

320 661 376 704 ut
407 652 511 715 lac,
548 650 726 705 mollis
748 658 804 707 ut
824 665 1038 715 crocus,
1073 651 1237 705 odora
1266 661 1321 705 ut
1354 652 1630 716 moschus,
1655 660 1706 705 et
1732 652 1875 705 clara

318 749 378 796 ut
406 741 559 805 luna,
590 741 730 796 infra
774 757 893 796 eam
941 746 1173 812 magnus
1214 744 1377 812 piscis
1417 743 1575 811 cujus
1619 751 1781 812 caput
1822 745 1877 798 in

317 838 605 899 orientem,
634 836 803 889 cauda
830 850 1020 889 versus
1056 835 1391 889 occidentem
1430 836 1746 905 porrigitur,
1781 854 1877 891 su-

318 940 416 994 per
452 925 611 993 cujus
647 925 811 979 dorso
845 925 1140 978 fundantur
1168 942 1229 978 ac
1264 926 1447 995 jacenl.
1476 935 1653 985 terrae,
1686 927 1877 989 maria,

318 1029 434 1079 aer,
471 1031 641 1085 usque
672 1015 739 1069 ad
777 1016 933 1068 linem
967 1014 1175 1068 mundi.
1208 1014 1412 1068 Subtus
1452 1016 1650 1085 piscem
1687 1026 1878 1069 ventus

318 1116 423 1172 est,
451 1108 542 1177 qui
575 1122 697 1161 eum
734 1107 986 1171 sustinet,
1023 1107 1218 1163 subtus
1257 1108 1398 1161 hunc
1426 1108 1652 1171 tonitru,
1684 1124 1878 1162 rursus

317 1200 422 1255 sub
467 1200 569 1254 hoc
614 1214 761 1254 mare
804 1200 1117 1263 obscurum,
1171 1201 1512 1269 postmodum
1558 1200 1765 1264 laudes,
1810 1200 1879 1253 ab

319 1290 472 1344 hisce
515 1290 707 1359 gloria,
761 1290 1016 1358 deinceps
1059 1289 1313 1356 thronus,
1364 1303 1486 1361 post
1532 1308 1654 1345 eum
1696 1291 1877 1344 tabula

318 1382 486 1452 picta.
518 1387 571 1435 et
600 1396 799 1450 penna.
826 1390 878 1435 et
908 1381 1132 1437 inferius
1158 1397 1353 1452 magna
1377 1382 1468 1438 Dei
1497 1383 1713 1436 nomina
1748 1402 1759 1436 :
1784 1382 1877 1436 sed

318 1476 463 1545 piget
495 1474 842 1543 ineptiarum,
871 1490 1103 1545 quarum
1134 1476 1318 1529 nullus
1344 1475 1537 1530 modus
1561 1476 1702 1546 apud
1734 1475 1877 1529 hunc

318 1574 661 1635 nugatorem.

392 1653 510 1707 Col.
530 1654 651 1709 709.
686 1656 779 1710 lin.
812 1656 899 1709 9.6.
929 1657 1037 1711 Kal
1066 1657 1130 1711 τὸ
1168 1656 1291 1722 πῶς
1326 1658 1396 1710 οὐ
1428 1656 1521 1713 δεῖ
1560 1660 1735 1711 πολύ.
1774 1657 1878 1717 Ubi

320 1760 561 1815 namque
580 1746 713 1802 ﬁdes
744 1748 1043 1803 humanum
1065 1749 1396 1805 intellectum
1416 1747 1807 1815 informaverit,
1824 1758 1878 1805 et

1977 558 2347 630 ἁναζωπυρῶν
2370 558 2431 609 τὸ
2459 560 2521 608 ἐκ
2550 557 2648 625 τῆς
2672 554 2924 622 τοιαύτης
2954 551 3236 621 συνηθείας
3260 554 3538 625 συνειλημ·

1982 652 2137 721 μένον
2164 647 2313 721 ἦθος,
2339 650 2431 702 καὶ
2458 649 2576 700 κατ’
2603 646 2780 713 ὀλίγον
2806 647 2883 707 εἰς
2912 646 3011 715 τὴν
3040 643 3129 697 τοῦ
3157 644 3318 698 καλοῦ
3342 646 3535 710 αὑτοὺς

1978 742 2153 813 δρεξιν
2184 741 2411 811 ὁδηγῶν.
2448 741 2541 800 El;
2573 739 2799 790 πλεῖστα
2834 736 2889 790 δὲ
2918 736 3120 805 ταύτης
3152 736 3254 789 ὑπὸ
3285 736 3390 789 τῶν
3420 739 3538 790 ἐπι-

1977 834 2284 904 γενομένων
2322 830 2690 902 μερισθείσης,
2723 829 2977 900 ζητήσεις
3002 829 3331 898 συνέστησαν
3360 828 3537 881 πλείο-

1978 941 2085 987 νες,
2113 923 2359 992 καθάπερ
2386 923 2442 973 ἐν
2474 924 2584 983 τοῖς
2614 921 2922 989 ἐριστικοῖς,
2963 918 3055 985 ἀφ’
3096 912 3170 970 ὧν
3196 919 3536 989 ἐντρεχεστέ-

1982 1031 2105 1082 ρους
2153 1012 2251 1083 μὲν
2293 1011 2481 1073 ἄλλους
2514 1010 2713 1081 ἐτέρων
2754 1008 2969 1079 μᾶλλον,
3000 1008 3093 1061 καὶ
3126 1007 3537 1077 ζητικωτέρους,

1979 1104 2053 1166 ὡς
2082 1103 2145 1156 ἄν
2174 1120 2256 1165 τις
2282 1101 2445 1163 εἴποι,
2478 1100 2756 1169 γεγονέναι
2794 1098 3124 1169 συμϐέϐηκε,
3161 1099 3253 1151 καί
3275 1116 3415 1159 τινες
3437 1098 3536 1169 ἤδη

1979 1197 2071 1248 καὶ
2100 1194 2361 1265 αἱρέσεων
2391 1192 2753 1264 προῦστησαν,
2800 1192 2891 1260 ἀφ’
2932 1185 3005 1243 ὧν
3051 1193 3082 1259 ἠ
3132 1190 3269 1243 κατά
3310 1190 3369 1242 τὸ
3408 1186 3539 1261 ἦθος

1979 1285 2169 1355 ἄδηλος
2201 1283 2506 1354 κατασκευὴ
2535 1283 2857 1353 ἐμαραίνετο
2879 1299 2890 1310 ·
2920 1282 3014 1353 τῆς
3053 1283 3149 1351 μὲν
3178 1281 3315 1332 κατὰ
3346 1281 3435 1333 τὸν
3453 1281 3541 1333 λόε-

1978 1391 2070 1442 γον
2110 1373 2389 1445 ἀκριϐείας
2431 1373 2528 1425 οὑκ
2580 1370 2978 1439 ἐφικνουμένων
3021 1368 3240 1429 τούτων,
3282 1369 3395 1419 ὅσοι
3431 1368 3541 1420 τῶν

1978 1466 2237 1536 αἱρέσεων
2290 1464 2537 1534 ἡγεῖσθαι
2583 1463 2784 1530 ἡξίουν,
2813 1460 2904 1513 τοῦ
2953 1460 3010 1521 δὲ
3058 1459 3249 1512 πολλοῦ
3308 1458 3541 1529 πλήθους

1981 1556 2493 1626 στασιαστικώτερον
2541 1556 2675 1625 πρὸς
2725 1554 2854 1607 αὑτὸ
2911 1552 3261 1617 διατεθέντος,
3324 1552 3541 1614 κανόνος

1978 1650 2034 1703 δὲ
2058 1650 2267 1711 οὐδενὸς
2304 1649 2565 1709 εἰπόντος,
2612 1647 2729 1699 οὑδὲ
2763 1646 2957 1717 νόμων.
2994 1646 3084 1712 ἀφ’
3118 1638 3189 1696 ὧν
3229 1644 3335 1695 τῶν
3364 1642 3540 1714 ζητή-

1982 1759 2117 1796 σεων
2145 1740 2464 1812 πορίσασθαι
2492 1739 2663 1793 λύσιν.
2696 1737 2957 1807 Καθάπερ
2985 1737 3041 1789 δέ
3081 1738 3136 1788 ἐν
3168 1740 3275 1799 τοῖς
3305 1735 3480 1799 ἄλλοις
3507 1738 3540 1805 ή

318 1839 562 1894 rationes
595 1840 845 1901 humanae
874 1850 927 1895 et
946 1842 1314 1910 experimenta
1344 1840 1509 1895 veluti
1538 1841 1741 1896 nullius
1766 1856 1874 1896 mo‘

1980 1830 2277 1901 φιλοτιμία,
2309 1830 2387 1892 είς
2416 1826 2719 1899 ὑπερϐολὰς
2746 1827 3103 1890 ἐκπίπτουσα,
3135 1826 3233 1878 οὑκ
3266 1826 3409 1877 ἐστιν
3442 1826 3541 1877 ὅτι

321 1930 493 1984 menti
515 1932 669 1998 rejici
693 1932 909 1993 debent.
938 1934 992 1986 in
1021 1947 1127 2002 qua
1159 1933 1307 1986 nulla
1334 1933 1539 2003 Opinio,
1570 1933 1716 1986 nulla
1740 1934 1881 1986 veri-

317 2020 639 2085 similitudo,
667 2022 811 2075 nulla
836 2021 1065 2084 fallacia,
1093 2022 1239 2075 nulla
1259 2022 1547 2086 haesitatio,
1572 2022 1717 2075 nulla
1739 2024 1880 2076 inest

321 2110 611 2176 dubitatio,
651 2114 745 2167 sed
788 2113 842 2167 in
870 2115 1199 2169 obscuritate
1226 2115 1462 2185 patentia
1492 2114 1691 2178 omnia,
1718 2122 1879 2183 atque

320 2210 510 2270 aperta
553 2202 907 2273 intelligendo
948 2204 1173 2259 ﬁrmiter
1214 2211 1398 2271 tenet;
1425 2211 1476 2258 et
1503 2219 1622 2273 quae
1656 2220 1761 2257 non
1796 2206 1875 2259 vi-

319 2297 433 2360 det,
460 2298 540 2351 uti
574 2298 875 2353 certissima
909 2300 1081 2354 credit
1106 2299 1454 2354 Christianus
1483 2307 1536 2353 et
1564 2299 1671 2353 illis
1694 2313 1880 2353 assen-

317 2389 473 2442 titur.
510 2386 672 2443 Fides
704 2388 1083 2460 haec'qualihet
1129 2389 1592 2444 demonStratioue
1633 2390 1880 2458 superior

312 2485 424 2541 est,
455 2479 699 2547 qualibet
724 2479 1049 2533 certitudine
1077 2480 1295 2544 certior,
1323 2478 1561 2549 qualibet
1590 2478 1878 2547 disciplina

315 2570 609 2623 excelsior.
663 2570 840 2636 Quare
885 2569 1123 2625 Joannes
1171 2570 1335 2624 Picus
1382 2569 1779 2639 sapientissime
1821 2570 1876 2623 in

312 2661 760 2716 conclusionibus
792 2662 1120 2715 alﬁrmabat:
1152 2659 1319 2716 Sicuti
1347 2662 1496 2729 ﬁdes,
1523 2677 1637 2730 qua:
1664 2671 1740 2715 εει
1770 2678 1878 2715 cre-

313 2751 540 2815 dulitas,
573 2762 650 2806 εει
679 2753 819 2822 infra
856 2754 1160 2816 scientiam;
1190 2753 1266 2805 ita
1302 2752 1454 2821 ﬁdes,
1494 2770 1609 2822 qua:
1648 2762 1723 2806 est
1766 2769 1877 2806 rere

311 2836 471 2903 ﬁdes,
501 2846 577 2891 est
604 2837 1181 2906 supersubstantialiter
1218 2853 1376 2905 supra
1411 2838 1683 2892 scientiam
1707 2849 1753 2892 et
1783 2839 1877 2893 in—

312 2926 582 2980 tellectum
620 2943 711 2979 nos
746 2927 853 2982 Deo
885 2926 1185 2985 immediate
1221 2928 1553 2998 conjungens.
1585 2927 1759 2983 Furor
1796 2937 1879 2991 est

310 3019 516 3073 divinae
553 3020 804 3089 potentia:
838 3036 1001 3089 opera
1035 3021 1107 3074 ita
1137 3022 1389 3086 scrutari,
1424 3029 1482 3075 ut
1510 3032 1694 3078 noster
1728 3023 1877 3076 intel-

310 3113 491 3166 lectus
530 3112 601 3167 sit
640 3112 758 3181 ejus
790 3128 1079 3178 mensura;
1118 3113 1268 3169 l'uror
1297 3123 1380 3169 est
1408 3114 1643 3169 humana
1673 3124 1873 3178 mente,

314 3203 505 3257 divina
537 3203 645 3267 illa,
683 3212 737 3258 et
768 3220 888 3274 quae
921 3206 1160 3261 mundus
1201 3222 1309 3260 non
1344 3208 1489 3275 capit
1524 3206 1779 3276 agitasse,
1822 3215 1876 3261 et

316 3295 529 3348 incerta
570 3294 779 3348 modica
806 3295 1094 3366 fragilique
1124 3298 1438 3364 conjectura
1469 3296 1757 3361 immensa,
1787 3312 1875 3352 sa—

313 3401 433 3444 cra,
464 3396 685 3449 aeterna,
717 3387 1142 3456 admirandaque
1175 3387 1452 3458 indagare.

390 3477 548 3542 lbid.,
578 3478 672 3532 lin.
698 3478 787 3534 27.
831 3478 899 3532 Τὸ
924 3480 1031 3549 γὰρ
1059 3479 1295 3534 ἁπλοῦν
1323 3481 1432 3549 τῆς
1462 3481 1737 3546 πίστεως.
1771 3479 1874 3532 Ba-

316 3572 478 3628 silius
507 3572 651 3626 bom.
681 3573 733 3637 1,
766 3573 827 3625 Εἰ
854 3572 908 3631 δὲ
941 3574 1037 3644 μὴ,
1072 3572 1205 3626 ἀλλά
1235 3573 1293 3625 τό
1328 3591 1391 3642 γε
1429 3574 1628 3627 ἀπλοῦν
1659 3574 1758 3643 τῆς
1787 3575 1874 3626 πί-

315 3677 491 3724 στεως
538 3662 875 3734 ἰσχυρότερον
920 3661 1057 3715 ἔστω
1101 3662 1207 3716 τῶν
1255 3663 1481 3731 λογικῶν
1534 3663 1871 3730 ἀποδείξεων.

312 3752 751 3808 Christianorum
779 3754 1175 3825 pliilOSOpliiam
1201 3756 1500 3825 simplicem
1526 3764 1578 3811 et
1601 3755 1719 3825 ejus
1741 3771 1873 3810 cau-

314 3859 438 3902 sam
487 3845 886 3901 eruditissimus
938 3855 989 3901 et
1037 3847 1524 3917 φιλοσοφικὼτατος
1576 3846 1876 3902 Alexander

311 3934 633 4006 Lycopolita
688 3936 870 3989 libello
923 3951 1050 3990 vere
1098 3952 1264 3990 aureo
1310 3944 1499 3991 contra
1551 3936 1873 3997 Manichaeos

312 4026 692 4083 disertissimis
733 4027 912 4081 verbis
957 4027 1209 4098 explicat,
1272 4044 1430 4099 quem
1467 4029 1578 4098 jam
1621 4045 1875 4100 paramus

314 4118 697 4173 commoditati
748 4118 976 4189 publica:
1021 4118 1310 4174 edendum.
1365 4119 1495 4189 Ejus
1537 4121 1701 4175 verba
1748 4138 1870 4177 cum

310 4225 426 4265 non
462 4211 571 4264 sint
609 4209 753 4279 quod
795 4225 895 4285 ego
939 4210 1105 4263 sciam
1142 4210 1208 4263 ad
1249 4210 1389 4265 hanc
1430 4211 1568 4267 diem
1600 4213 1742 4266 edita
1774 4230 1872 4268 nec

312 4300 523 4367 Graece,
549 4316 648 4356 nec
679 4299 887 4365 Latine,
925 4317 1029 4355 nou
1066 4302 1332 4371 gravabor
1373 4303 1461 4358 hic
1497 4303 1680 4369 Grieca
1707 4319 1874 4375 appo-

313 4410 470 4459 nere,
500 4402 559 4447 ut
600 4394 723 4464 quis
755 4395 824 4450 sit
862 4402 1070 4459 auctor,
1110 4396 1483 4466 unusquisque
1515 4404 1769 4467 tanquam
1806 4414 1871 4457 ex

1979 1925 2038 1977 οὑ
2064 1922 2402 1993 λυμαίνεται,
2432 1920 2572 1973 οὑτω
2597 1921 2651 1973 δέ
2679 1919 2772 1972 καὶ
2801 1918 2891 1971 ἐπὶ
2921 1919 3143 1979 τούτων,
3172 1920 3236 1987 τῇ
3266 1918 3540 1984 καινότητι

1978 2013 2084 2065 τῶν
2116 2011 2281 2077 δοξῶν
2333 2011 2587 2081 ἐκάτερος
2632 2010 2722 2061 τὸν
2766 2008 2870 2080 πρὸ
2911 2008 3073 2063 αὑτοῦ
3113 2007 3539 2078 ὑπερϐάλλεσθαι

1982 2103 2313 2168 σπουδάζων,
2347 2105 2426 2165 είς
2465 2104 2720 2172 ἀνήνυτον
2760 2102 2987 2171 πρᾶγμα
3019 2101 3115 2167 τὴν
3147 2100 3311 2169 αὑτὴν
3338 2099 3541 2167 ταύτην

1979 2196 2345 2267 ἐπιϐεϐλήκασι
2380 2193 2713 2263 φιλοσοφίαν·
2750 2193 2934 2262 ὥσπερ
2970 2194 2997 2244 ό
3036 2190 3323 2261 λεγόμενος
3370 2192 3541 2243 Μανι-

1978 2293 2150 2361 χαίος,
2184 2290 2240 2351 ὃς
2272 2290 2487 2359 Πέρσης
2516 2287 2613 2358 μέν
2644 2287 2725 2349 τίς
2758 2288 2867 2338 ἐστι
2898 2285 2957 2337 τὸ
2982 2285 3153 2352 γένος,
3188 2283 3325 2336 κατά
3350 2300 3412 2349 γε
3442 2284 3539 2354 τὴν

1978 2381 2116 2453 ἐμὴν
2150 2380 2326 2447 δόξαν,
2358 2380 2563 2441 πάντας
2596 2374 2915 2448 ὑπερϐαλὼν
2947 2376 3006 2428 τὸ
3039 2374 3313 2445 θαυμάσια
3340 2374 3537 2442 λέγειν.

1978 2473 2087 2525 Καὶ
2120 2473 2177 2525 οὑ
2218 2472 2381 2525 πάλαι
2417 2471 2515 2542 μὲν
2553 2468 2883 2521 ἐπεπόλασεν
2912 2469 2945 2535 ἡ
2983 2464 3172 2517 τούτου
3204 2464 3537 2534 καινοτομία.

1978 2565 2199 2637 Πρῶτός
2226 2565 2288 2632 γέ
2306 2577 2394 2627 τις
2424 2556 2608 2624 Πάπος
2634 2558 2887 2629 τοῦνομα,
2922 2565 3027 2611 etc.

2050 2658 2210 2718 lbid.,
2273 2657 2369 2709 lin.
2428 2654 2519 2709 '28.
2586 2653 2889 2720 Ἀνέερικτιι
2935 2646 3067 2716 γάρ.
3127 2645 3543 2713 Elegantissima

1978 2751 2327 2820 prosequitur
2361 2747 2682 2802 sententiam
2726 2745 2867 2797 hanc
2909 2738 3172 2809 Georgius
3216 2737 3432 2799 Pisidas
3464 2736 3541 2789 De

1979 2843 2159 2897 mrnrdi
2193 2841 2400 2909 opiﬁcio
2440 2854 2536 2908 per
2560 2847 2754 2897 totum,
2786 2849 2946 2903 quem
2982 2832 3123 2886 vide.

2048 2930 2207 2993 lbid.,
2247 2930 2339 2983 lin.
2386 2929 2473 2981 55.
2518 2926 2626 2980 Kal
2673 2923 2741 2978 τὸ
2783 2922 2929 2993 φῶς.
2986 2922 3101 2976 Hoc
3152 2922 3329 2975 lumen
3372 2918 3541 2971 fuisse

1978 3024 2248 3093 quoddam
2282 3020 2612 3074 luminosum
2652 3032 2747 3086 per
2786 3022 2953 3069 totam
2998 3012 3186 3067 mundi
3231 3012 3539 3065 machinam

1978 3112 2232 3169 diﬂ‘usum
2270 3113 2505 3167 Basilius
2553 3110 2698 3163 hom.
2749 3109 2781 3162 6
2822 3110 2875 3159 in
2924 3104 3181 3158 Ilexaem.
3243 3101 3538 3170 Gregorius

1978 3207 2353 3261 Nazianzenus
2378 3206 2431 3256 in
2466 3192 2651 3257 noram
2678 3201 3033 3263 Dominicam,
3063 3196 3154 3265 qui
3190 3210 3294 3264 qua
3329 3196 3539 3247 ratione

1979 3299 2205 3369 intelligi
2254 3298 2447 3352 debeat
2493 3296 2728 3365 explicat
2776 3291 3010 3349 Nicetas.
3056 3288 3201 3341 ldem
3244 3292 3538 3341 tenuerunt

1978 3391 2065 3444 alii
2084 3388 2277 3455 ϐτιεοί,
2302 3388 2675 3442 Theodoretus
2700 3392 2888 3454 quast.
2921 3381 2985 3435 Η
3005 3388 3058 3433 et
3090 3378 3153 3431 l6
3171 3376 3536 3445 ;,Athanasius

1976 3492 2171 3555 quast.
2198 3483 2284 3548 74;
2316 3480 2642 3537 Anastasius
2674 3476 3038 3539 Antiocllenus
3066 3473 3118 3525 in
3157 3467 3408 3523 "exacm.
3442 3470 3533 3521 lib.

1977 3592 2059 3640 iv;
2091 3573 2423 3642 Procopius,
2457 3573 2508 3624 in
2550 3569 2817 3631 Genesim;
2856 3566 3242 3625 Damascenus,
3273 3562 3365 3613 lib.
3399 3575 3436 3612 ιι
3464 3560 3538 3613 De

1975 3664 2082 3731 ﬁde
2122 3663 2355 3727 orthod.,
2402 3679 2521 3733 cap.
2564 3663 2628 3727 7;
2663 3660 2924 3729 Didymus
2966 3670 3019 3714 et
3067 3658 3436 3729 Apollinarius
3482 3657 3538 3710 in

1975 3756 2199 3819 Catena,
2238 3756 2381 3825 quod
2429 3762 2611 3824 postea
2650 3762 2845 3822 quarto
2876 3752 2962 3806 die
2996 3752 3227 3805 inditum
3262 3756 3345 3804 est
3374 3750 3535 3802 lumi-

1975 3847 2200 3903 naribus
2227 3846 2371 3902 caeli.
2407 3845 2509 3899 Sed
2547 3844 2612 3898 de
2642 3844 2743 3896 hoc
2770 3842 3028 3897 nonnulla
3062 3840 3311 3895 inferius.

2045 3937 2181 3991 lbid.
2238 3937 2346 3990 Kal
2395 3936 2589 3989 πάντα
2641 3934 2824 4003 ὀξείᾳ.
2894 3933 3129 3987 Basilius
3198 3936 3342 3987 1ιοιη.
3398 3933 3433 3985 2
3483 3933 3536 3985 in

1978 4028 2226 4083 Hexaem.
2262 4046 2279 4081 :
2312 4029 2398 4082 Ἐν
2434 4028 2489 4081 δὲ
2520 4027 2595 4097 τῷ
2625 4027 2811 4081 πλάτει
2844 4026 3017 4080 πάντα
3041 4024 3108 4077 τὰ
3150 4023 3285 4094 μέρη
3315 4022 3405 4075 τοῦ
3446 4024 3539 4075 κό-

1976 4139 2132 4192 σμου,
2155 4122 2338 4193 βόρειὰ
2362 4138 2440 4182 τε.
2476 4123 2568 4174 καὶ
2597 4122 2764 4185 νότια,
2791 4121 2882 4179 καὶ
2911 4118 3038 4189 ἑῷα,
3075 4119 3167 4171 καὶ
3194 4118 3259 4171 τά
3282 4118 3534 4187 ἑσπέρια,

1974 4215 2029 4266 ἐν
2059 4212 2204 4283 ὀξείᾳ
2230 4210 2420 4283 καιροῦ
2449 4214 2585 4281 ῥοπῇ
2614 4207 2970 4279 κατεφώτιζε,
2999 4208 3159 4276 cujus
3182 4208 3343 4260 etiam
3376 4221 3535 4259 usum

1973 4311 2026 4357 et
2074 4304 2340 4357 rationem
2396 4302 2593 4367 reddit,
2659 4318 2821 4373 quam
2869 4304 2914 4358 si
2960 4303 3090 4356 libet
3152 4301 3331 4371 legito.
3401 4296 3543 4357 Mira

1975 4392 2122 4447 illius
2166 4393 2458 4462 praeconia,
2500 4401 2553 4446 et
2596 4394 2882 4467 plusquam
2916 4392 3137 4463 triginta
3170 4391 3530 4459 proprietates

313 4501 497 4555 ungue
529 4485 734 4539 leonem
775 4485 947 4553 possit
979 4485 1277 4552 coniicere:
1328 4487 1393 4539 Ἡ
1420 4486 1754 4558 Χριστιανῶν
1782 4506 1869 4557 φι-

1976 4484 2141 4539 relert
2184 4484 2477 4556 Dionysius
2522 4485 2842 4557 Areopagita
2903 4486 3080 4554 capite
3126 4484 3159 4537 4
3207 4483 3278 4535 De
3341 4481 3532 4534 divinis

314 4576 539 4645 Αοσοφία
574 4575 715 4644 ἁπλῆ
749 4575 1008 4630 καλεῖται·
1057 4577 1192 4649 αὑτὴ
1236 4577 1291 4630 δὲ
1331 4579 1420 4629 ἐπὶ
1446 4579 1544 4649 τὴν
1582 4579 1673 4631 τοῦ
1714 4580 1871 4651 ἤθους

314 4665 658 4735 κατασκευὴν
694 4665 790 4735 τὴν
823 4666 1076 4737 πλείστην
1102 4667 1414 4737 ἐπιμέλειαν
1450 4672 1677 4721 ποιεῖται
1709 4672 1873 4721 αἰνιτ-

312 4756 514 4828 τομένη
545 4756 671 4828 περὶ
705 4756 811 4809 τῶν
843 4758 1241 4829 ἀκριϐεστέρων
1270 4758 1441 4826 λόγων
1464 4760 1587 4830 περὶ
1609 4760 1762 4826 Θεοῦ,
1799 4755 1872 4814 ὧν

309 4847 375 4901 τὸ
416 4849 705 4917 κεφάλαιον
739 4848 837 4918 τῆς
879 4851 1002 4919 περὶ
1050 4850 1222 4904 ταῦτα
1271 4851 1503 4919 σπουδῆς
1546 4852 1766 4915 εἰκότως
1807 4853 1872 4906 ἂν

312 4942 552 5003 ἅπαντες
581 4940 944 5004 ἀποδέξαιντο.
984 4942 1148 4995 Ἔνθα
1192 4944 1252 4995 τὸ
1286 4944 1562 5010 ποιητικὸν
1596 4944 1763 4997 αἴτιον
1796 4964 1873 4998 τιν-

316 5032 582 5103 μιώτατον
628 5034 881 5094 τίθενται,
943 5034 1034 5086 κού⁸
1079 5036 1475 5106 πρεσϐύτατον,
1524 5037 1615 5090 καὶ
1661 5037 1873 5091 πάντων

311 5126 485 5180 αἴτιον
512 5125 617 5179 τῶν
648 5126 834 5181 ὅντων.
878 5127 1027 5179 Ἐπεὶ
1072 5129 1165 5181 καὶ
1206 5131 1317 5192 τοῖς
1349 5128 1555 5198 ἠθικοῖς
1593 5127 1660 5182 τὰ
1698 5130 1871 5201 ἐργωο

311 5219 540 5290 δέστερα
584 5220 1026 5291 παραλείποντες,
1075 5213 1184 5273 οἷόν
1216 5221 1299 5284 τίς
1328 5238 1385 5274 τε
1428 5224 1460 5293 ἡ
1490 5221 1652 5293 ἠθικὴ
1683 5224 1869 5294 ἀρετὴ,

312 5308 408 5360 καὶ
436 5307 646 5378 λογικὴ,
682 5309 773 5360 καὶ
813 5310 909 5361 ὅσα
954 5309 1169 5377 λέγεται
1206 5312 1332 5381 περὶ
1368 5311 1512 5374 ἠθῶν
1545 5314 1636 5365 καὶ
1664 5313 1869 5380 παθῶν,

311 5400 441 5470 περὶ
474 5399 564 5451 τὸν
594 5399 907 5452 ὑποθετικδν
935 5400 1264 5471 διατρίϐουσι
1294 5403 1471 5456 τόπονι
1513 5408 1748 5475 στοιχεῖα
1773 5408 1872 5475 μὲν

310 5490 448 5563 πρὸς
475 5491 708 5560 ἑκάστης
732 5493 927 5563 ἀρετῆς
954 5493 1216 5563 ἀνάληψιν
1242 5495 1338 5546 οὑκ
1358 5495 1715 5559 ἀποδιδόντες,
1738 5513 1873 5565 παρ-

310 5582 628 5652 αγγέλματα
668 5583 721 5636 δὲ
761 5585 1051 5657 παχύτερα,
1086 5586 1159 5650 ὡς
1182 5588 1493 5657 ἐτύγχανεν,
1524 5590 1871 5660 ἐπισωρεὺονο

309 5689 420 5736 τες,
465 5667 541 5727 ὧν
587 5676 615 5725 ὁ
659 5676 820 5739 πολὺς
865 5676 1030 5749 δῆμος
1072 5677 1300 5741 ἀκούων,
1343 5678 1417 5741 ὡς
1454 5680 1519 5732 ἐκ
1548 5680 1643 5749 τῆς
1678 5680 1869 5749 πείρας

313 5766 425 5820 ἐστὶ
471 5766 681 5838 μαθεῖν,
738 5769 935 5842 σφόδρα
975 5769 1276 5825 ἐπιδίδωσιν
1311 5771 1390 5834 είς
1428 5772 1744 5836 ἐπιείκειαν,
1776 5772 1867 5825 καὶ

1974 4577 2195 4639 nomim,
2246 4585 2301 4635 et
2358 4591 2477 4647 cap.
2530 4578 2595 4631 15
2639 4577 2714 4629 De
2763 4577 2956 4631 caelesti
3021 4576 3335 4630 Iticrarchia.
3390 4573 3537 4629 Nihil

1972 4670 2116 4726 enim
2153 4669 2220 4723 ad
2266 4669 2453 4723 mundi
2498 4669 2747 4723 decorem
2782 4677 2835 4722 ct
2864 4676 3115 4721 ornatum
3147 4667 3358 4737 aptius;
3390 4666 3540 4721 unde

1974 4760 2127 4832 llugo
2171 4762 2238 4815 de
2286 4759 2485 4815 Sancto
2517 4760 2755 4823 Victore,
2792 4760 2929 4825 Quid
2961 4760 3227 4829 pulchrius
3246 4758 3395 4812 luce?
3418 4774 3534 4827 quae

1972 4872 2087 4908 cum
2131 4856 2186 4908 in
2224 4871 2278 4908 εε
2304 4854 2527 4907 colorem
2559 4871 2657 4906 non
2686 4854 2857 4915 habet,
2886 4855 3117 4908 omnium
3154 4864 3324 4906 tamen
3362 4868 3534 4905 rerum

1973 4948 2170 5003 Colores
2194 4948 2308 5015 ipsa
2338 4945 2720 5017 quodammodo
2752 4948 2970 5002 colorat.
3006 4945 3131 5000 Haec
3162 4946 3287 4999 item
3324 4962 3445 4998 cum
3474 4945 3533 5000 in

1972 5054 2163 5095 omnes
2212 5046 2395 5109 partes
2448 5052 2506 5092 se
2552 5036 2721 5092 ell'use
2773 5038 3160 5101 communicat,
3201 5037 3531 5106 praecipuum

1972 5130 2175 5189 dicitur
2228 5131 2674 5192 instrumentum,
2725 5144 2832 5198 quo
2885 5129 3127 5185 coelestia
3181 5142 3409 5197 corpora
3448 5126 3531 5181 in-

1972 5220 2140 5275 ﬂuant
2181 5223 2234 5275 in
2273 5221 2554 5282 inferiora,
2592 5236 2765 5290 eoque
2814 5220 3043 5275 vellente
3090 5218 3155 5271 ad
3197 5235 3297 5273 nos
3332 5235 3359 5271 a
3391 5220 3531 5273 caelo

1973 5314 2313 5383 perveniunt.
2350 5311 2505 5380 Quod
2541 5312 2815 5366 Avicenna
2856 5326 3071 5381 quoque
3103 5312 3258 5374 dixit,
3292 5310 3385 5364 lib.
3419 5309 3531 5365 Με-

1974 5412 2125 5467 teon,
2161 5405 2342 5457 lumen
2381 5418 2583 5457 vocans
2617 5404 2925 5457 vehiculum
2976 5404 3235 5456 virtutum
3286 5404 3530 5457 omnium

1970 5496 2299 5557 cmlestium,
2329 5504 2381 5551 et
2411 5494 2666 5549 Albertus
2706 5495 2929 5564 Magnus
2973 5495 3064 5549 lib.
3100 5496 3173 5549 De
3202 5512 3333 5549 sont.
3377 5506 3425 5549 et
3450 5512 3528 5549 υι-

1969 5588 2060 5657 gil.
2084 5586 2391 5641 conlinunt.
2422 5587 2601 5652 Quare
2630 5586 2689 5639 D.
2720 5587 3043 5641 Ambrosius
3080 5587 3172 5641 lib.
3207 5604 3219 5640 ι
3250 5586 3526 5651 llexaem.,

1970 5696 2090 5749 cap.
2125 5678 2179 5741 9,
2204 5679 2446 5749 scripsit,
2479 5680 2641 5734 unius
2676 5686 2924 5733 naturam
2958 5696 3062 5734 non
3094 5681 3384 5742 immerito,
3420 5695 3527 5733 non

1969 5773 2023 5829 in
2068 5786 2344 5839 mensura,
2394 5788 2501 5827 non
2552 5772 2604 5828 in
2643 5772 2885 5845 pondere
2923 5788 3062 5834 esse.
3098 5778 3154 5824 ut
3185 5787 3270 5828 res
3301 5779 3527 5833 caeteras
