4072 6342
526 298 634 356 8S3

1864 302 2113 360 LEONIS
2149 304 2430 361 ALLATII

3657 299 3763 361 ω.

526 433 558 473 a
600 415 712 473 Deo
756 422 989 471 creatas.
1021 414 1179 483 Quod
1228 424 1409 474 tamen
1458 419 1695 492 explicat
1740 419 1804 478 D.
1851 419 2093 479 Thomas
2120 427 2169 484 Α
2197 433 2279 481 tes
2323 423 2492 480 hasce
2538 423 2797 483 tenebras
2838 439 2979 491 esse,
3010 423 3267 496 quoniam
3317 423 3400 479 ba:
3441 436 3473 478 e
3502 420 3642 476 lucis
3677 435 3763 483 re:-

527 508 703 579 prima
729 515 893 579 part.,
942 517 1136 578 quaest.
1179 509 1232 574 5,
1273 518 1329 565 et
1370 510 1523 566 alibi.
1560 509 1764 567 Verum
1811 511 1954 568 hanc
1990 513 2101 568 Eu-

527 601 717 656 stathii
773 600 1102 657 sententiam
1171 603 1238 660 de
1284 604 1570 660 celerrima
1615 620 1680 660 ac
1718 615 2099 669 momentanea

526 692 667 749 lucis
722 692 956 758 actione,
989 711 1099 765 qua
1146 710 1269 751 sese
1314 698 1551 768 explicat
1584 698 1870 759 conﬁrmat
1906 708 2101 770 praeter

527 782 787 838 Basilium
824 792 878 841 et
926 785 1299 852 Ambrosium,
1348 788 1518 844 Arist.
1558 789 1657 845 lib.
1699 807 1739 847 ιι
1790 789 1868 847 De
1907 794 2097 860 anim.,

528 884 637 931 tex.
683 875 770 941 70,
816 876 1050 948 aliisque
1098 886 1289 934 contra
1341 879 1746 951 Empedoclem,
1789 884 1883 954 qui
1923 886 2100 941 lucem

527 969 735 1023 moveri
763 969 964 1026 aiebat.
999 969 1134 1025 Nam
1162 971 1207 1027 si
1234 971 1488 1042 traiectio
1522 973 1613 1027 illa
1647 990 1756 1029 non
1787 974 1938 1033 ﬂeret
1962 992 2102 1047 pun-

526 1071 619 1118 cto
641 1064 926 1133 temporis,
958 1065 1139 1119 saltim
1168 1079 1321 1119 mora
1351 1064 1409 1119 in
1444 1080 1643 1137 magno
1673 1066 1893 1138 quidem
1922 1070 2101 1140 spatio

527 1157 1049 1228 deprehenderetur.
1085 1157 1241 1224 Quod
1281 1158 1448 1214 etiam
1488 1159 1690 1218 rationi
1720 1160 1976 1219 convenit
2003 1178 2103 1217 na-

526 1257 775 1322 turaeque
804 1250 978 1322 ipsius
1008 1251 1169 1316 lucis,
1198 1266 1322 1307 cum
1353 1252 1444 1307 lux
1482 1254 1818 1309 contrarium
1868 1270 1977 1310 non
2008 1255 2105 1311 ha-

527 1341 654 1397 beat
695 1361 709 1397 :
748 1357 874 1397 nam
913 1349 970 1398 et
1018 1343 1342 1423 substantiae
1369 1344 1509 1423 nihil
1536 1352 1622 1401 est
1648 1329 2006 1412 contrarium,
2048 1354 2105 1403 et

529 1434 659 1505 quia
711 1433 787 1489 ita
816 1420 1114 1491 effunditur
1164 1420 1225 1490 ut
1267 1451 1376 1491 non
1408 1420 1599 1493 eadem
1641 1437 1782 1494 lucis
1819 1439 1996 1509 portio
2035 1436 2105 1494 ab

531 1542 639 1582 una
663 1535 816 1600 parte
839 1527 894 1584 in
923 1528 1083 1605 aliam
1109 1534 1372 1593 transeat,
1407 1529 1567 1586 sicuti
1598 1531 1798 1586 accidit
1821 1531 1900 1588 rei
1925 1532 2104 1589 locum

530 1618 789 1679 mutanti.
829 1634 951 1689 quas
1000 1634 1109 1701 una
1140 1627 1319 1693 .atque
1367 1610 1560 1677 eadem
1632 1622 1879 1693 singulas
1919 1628 2105 1694 partes

531 1711 694 1782 spatii
726 1711 992 1791 decurrit,
1024 1713 1213 1784 eisque
1241 1714 1541 1795 secundum
1565 1730 1624 1771 se
1642 1714 1970 1787 respondet;
1997 1731 2106 1787 quo

2200 531 2360 573 cessu
2393 515 2721 581 efﬁciuntur,
2749 526 2804 573 et
2841 533 2964 572 cum
3001 532 3189 573 eorum
3221 523 3416 571 natura
3448 513 3506 569 in
3542 511 3763 568 luminis

2203 608 2507 679 privatione
2535 608 2641 665 sita
2670 610 2741 666 sit
2768 610 2988 681 proprie
3014 608 3325 665 ell‘ectorem
3362 606 3535 662 Deum
3564 605 3765 661 habere

2201 715 2309 755 non
2354 709 2671 771 potuerunt,
2725 717 2851 756 cum
2898 692 3042 758 Deus
3086 715 3194 756 non
3237 699 3622 772 privationum,
3670 694 3765 751 sed

2202 806 2383 848 rerum
2417 806 2539 863 quae.
2574 808 2699 849 vere
2728 794 3002 849 exsistunt
3031 803 3223 855 auctor
3258 793 3351 856 sit,
3380 806 3503 862 quae
3544 788 3765 860 quidem

2202 883 2439 947 tenebrat
2463 885 2777 954 spectabilis
2797 886 2959 956 hujus
2990 886 3130 941 lucis
3162 884 3531 940 conditionem
3562 897 3594 937 e
3620 876 3768 938 Gneo

2201 987 2391 1032 corum
2435 975 2655 1030 Patrum
2681 977 2950 1032 sententia
2982 981 3414 1031 antecesserunt.
3453 971 3627 1027 Verba
3660 969 3769 1031 Ile-

2203 1066 2374 1124 thodii
2400 1076 2560 1125 sunt:
2587 1070 2738 1141 Ἐμοὶ
2764 1070 3102 1139 φιλονεικεῖς,
3121 1070 3215 1122 καὶ
3242 1067 3379 1140 πρὸς
3408 1066 3508 1138 ἐμὲ
3529 1066 3766 1131 ἴστασαι,

2203 1162 2298 1216 καὶ
2322 1164 2434 1226 τοῖς
2466 1164 2620 1233 ἐμοῖς
2647 1161 2905 1233 ἀθληταῖς
2935 1159 3292 1231 ἀνταγωνίζῃ.
3326 1158 3450 1213 Ποῦ
3476 1157 3545 1211 δὲ
3563 1152 3640 1227 ἦς
3673 1156 3770 1211 ὅτε

2202 1252 2317 1324 ἐγὼ
2336 1253 2450 1322 τὴν
2477 1253 2597 1324 γῆν
2631 1252 3013 1326 εὶρταζόμηνς
3034 1253 3117 1316 τίς
3140 1248 3210 1324 ἧς
3227 1252 3382 1317 adre;
3421 1250 3582 1321 Ἤδη.
3615 1248 3767 1319 φησι,

2204 1345 2533 1410 πεπτώκεις.
2582 1347 2694 1401 Καὶ
2725 1348 2834 1421 γὰρ
2876 1348 2931 1402 ὲν
2959 1348 3024 1418 τῇ
3065 1346 3205 1418 ἀρχῇ
3249 1345 3348 1415 τῆς
3392 1341 3768 1415 κοσμοποιίας,

2204 1440 2429 1506 Σκότος
2453 1434 2552 1509 ἦν,
2598 1439 2762 1512 φησὶν
2780 1478 2796 1503 ,
2842 1437 3041 1493 ἐπάνω
3078 1437 3188 1506 τῆς
3233 1438 3530 1499 ἀϐύσσου,
3584 1433 3769 1497 σκότος

2203 1529 2360 1605 τοῦτο
2384 1531 2445 1585 οὐ
2471 1530 2688 1584 κτισθὲν
2713 1530 2920 1596 σκότος,
2957 1529 3095 1584 ἀλλά
3118 1526 3515 1605 προαιρετικῶς
3539 1524 3773 1598 ἀρξάμιο

2204 1602 2295 1679 νον
2361 1608 2553 1687 σκότος
2726 1622 2821 1676 τοῦ
2856 1606 3062 1690 ’φωτὸς
3110 1602 3384 1693 στερήσει.
3428 1616 3508 1673 Ex
3571 1616 3771 1695 quibus

2205 1715 2388 1772 verbis
2461 1714 2734 1786 quomodo
2802 1713 3104 1770 Comitolus
3175 1713 3361 1769 eliciat
3420 1725 3540 1767 eam
3601 1708 3774 1789 fuisse

530 1804 591 1859 ﬁt
630 1813 689 1859 ut
730 1820 875 1860 nunc
908 1805 1007 1860 has
1041 1822 1185 1863 nunc
1220 1807 1341 1881 illas
1383 1808 1736 1881 successione
1759 1807 2104 1866 decurrendo
2134 1798 2177 1854 Β
2206 1807 2464 1889 Methodii
2493 1810 2819 1864 sententiam
2859 1821 3023 1878 quam
3067 1805 3184 1877 ipse
3211 1803 3378 1861 refert
3404 1802 3651 1859 nondum
3693 1799 3774 1867 vi:

530 1911 714 1951 moras
747 1897 948 1962 trahat,
988 1905 1043 1953 et
1085 1907 1301 1970 tempus
1331 1907 1640 1955 consumat.
1687 1900 1867 1968 Quare
1900 1902 2104 1973 optime

531 1985 853 2061 Aristoteles
880 1988 1193 2060 opinionem
1221 1992 1553 2046 contrariam
1574 1990 1647 2045 ita
1671 1991 1971 2048 refellendo
1994 1992 2098 2049 ait.

529 2076 701 2151 Τοῦτο
726 2079 834 2151 γάρ
864 2079 979 2134 ἐστι
1018 2082 1111 2135 καὶ
1154 2082 1301 2155 παρὰ
1336 2081 1433 2154 τὴν
1462 2084 1520 2157 ὲν
1554 2082 1634 2153 τῷ
1661 2082 1804 2152 λόγῳ
1847 2084 2103 2156 ἀλήθειαν

531 2172 625 2225 καὶ
664 2171 816 2243 παρᾶ
846 2172 913 2226 τὰ
942 2172 1261 2244 φαινόμενα,
1308 2172 1423 2229 Hoc
1468 2174 1608 2229 idem
1654 2175 1894 2231 voluisse
1935 2173 2104 2231 Ploti-

530 2279 686 2327 num,
720 2264 813 2343 lib.
847 2281 917 2343 1v,
951 2264 1188 2343 Ennead.
1216 2266 1281 2332 6,
1327 2266 1605 2342 existimo,
1635 2282 1759 2344 cum
1797 2267 1865 2323 de
1899 2268 2104 2324 lumine

529 2356 698 2410 verba
743 2354 951 2425 faciens
998 2358 1187 2413 multis
1234 2358 1541 2420 rationibus
1582 2357 1882 2414 declaravit
1919 2360 2102 2415 lumen

528 2461 639 2501 non
672 2463 796 2503 esse.
824 2447 1118 2516 divisibile,
1163 2460 1257 2506 aut
1297 2452 1577 2524 multiplex
1607 2463 1829 2525 propter
1855 2453 2102 2510 diversas

529 2543 739 2613 partes,
778 2538 873 2615 sed
905 2554 1027 2614 esse
1064 2530 1233 2594 totum
1275 2540 1329 2596 in
1365 2540 1607 2611 qualibet
1638 2551 1812 2614 parte,
1843 2541 2103 2612 quemad-

528 2630 751 2707 modum
792 2638 847 2709 et
871 2631 1047 2687 virtus
1091 2632 1293 2705 rectrix
1319 2641 1435 2711 tota
1464 2643 1549 2691 est
1582 2635 1639 2690 in
1670 2636 1911 2706 qualibet
1948 2642 2103 2705 parte

513 2706 815 2794 'ponderis,
854 2730 910 2779 et
952 2725 1133 2779 anima
1177 2706 1444 2797 corporis.
1493 2725 1649 2794 Quod
1685 2727 1829 2781 enim
1862 2720 2099 2799 partium

530 2815 883 2889 successione
910 2831 1018 2870 non
1051 2812 1381 2889 extenditur,
1406 2833 1587 2891 neque
1614 2814 1965 2873 successione
1987 2834 2103 2873 mo-

528 2913 641 2983 tus,
677 2906 772 2963 sed
805 2916 1011 2986 puncto
1038 2908 1305 2981 temporis
1336 2924 1434 2993 per
1466 2902 1658 2966 omnes
1689 2917 1874 2985 partes
1903 2910 2102 2987 dill'un-

526 2998 697 3055 ditur.
815 2994 820 2999 ’
1160 2994 1169 2999 ’

598 3088 852 3166 σοι-109,
870 3090 970 3147 lin.
988 3088 1081 3150 55.
1096 3092 1217 3162 Πρὸ
1233 3093 1342 3164 γὰρ
1358 3094 1594 3149 τούτου.
1613 3091 1849 3148 Basilius
1864 3091 2012 3150 hom.
2030 3092 2066 3146 2
2087 3114 2098 3148 :

514 3184 602 3239 ,Τδ
622 3183 731 3257 γὰρ
759 3185 946 3251 σκότος
972 3188 1070 3260 οὐχ
1098 3189 1174 3252 ὡς
1197 3187 1435 3258 πέφυκεν
1456 3187 1797 3260 ἐξηγοῦνται,
1823 3188 1961 3259 ἀέρα
1982 3186 2103 3242 τινὰ

511 3264 853 3377 Ιἀιριῖιτιστονς
899 3279 931 3351 ἢ
975 3256 1138 3361 τόξον
1180 3280 1237 3347 ἐξ
1282 3256 1653 3353 ἀντιφράξεως
1687 3256 1938 3351 σώματος
1970 3281 2104 3333 ἀπο-

530 3370 908 3444 σκιαζόμενον,
956 3373 988 3445 ἢ
1038 3372 1173 3438 ὅλως
1216 3374 1337 3427 καθ’
1380 3372 1664 3429 ὁποιανοῦν
1714 3373 1891 3449 αἰτίαν
1940 3372 2102 3426 τόπον

514 3465 707 3542 φωτὸς
733 3465 1116 3540 ἐστερημένον,
1149 3466 1283 3521 ἀλλά
1318 3465 1545 3542 δύναμιν
1577 3465 1773 3538 κακὴν,
1814 3466 2014 3538 μᾶλλον
2045 3466 2103 3519 δὲ

511 3539 662 3628 ἀὐτὸ
693 3551 755 3610 τὸ
775 3539 943 3611 κακὸν
972 3560 1103 3630 παρ’
1133 3557 1324 3612 ἑαυτοῦ
1362 3557 1459 3630 τὴν
1487 3539 1662 3631 ἀρχὴν
1696 3557 1839 3630 ἔχον,
1876 3567 2012 3625 cte.;
2048 3564 2103 3627 et

511 3646 761 3719 inferius
797 3666 811 3725 :_
852 3648 1004 3700 Ἐπεὶ
1046 3644 1140 3702 οὖν
1171 3648 1386 3717 ἐγένετο
1414 3649 1659 3720 οὐρανὸς,
1696 3648 2099 3720 προστάγματι,

526 3737 664 3791 Θεοῦ
699 3737 910 3817 ἁθρόως
942 3740 1257 3815 crepitabat;
1287 3743 1398 3804 τοῖς
1432 3740 1582 3805 ἐντὸς
1622 3741 1726 3795 ὑπὸ
1761 3741 1859 3812 τῆς
1896 3740 2100 3806 οἰκείας

527 3828 694 3907 αὐτου
738 3832 1089 3902 περιφερείας
1137 3831 1583 3911 ἀπειλημμένοις,
1625 3832 1783 3904 σῶμα
1818 3833 1940 3905 ἕχον
1977 3851 2101 3888 συν-

510 3921 650 4002 δεχὲς
684 3921 864 3976 ἱκανὸν
891 3921 996 3978 τῶν
1035 3922 1139 3990 ἔξω
1173 3910 1457 3993 διαστῆσαι
1489 3923 1557 3976 τά
1586 3922 1748 3991 ἔνδον,
1789 3910 2099 4002 ἀναγκαίως

527 4014 618 4069 τὸν
645 4015 1099 4087 ἐναπολειφθέντα
1138 4014 1284 4086 οι)τῷ
1321 4015 1484 4070 τόπον
1520 4016 1734 4086 ἀφεγγῆ
1766 4016 2092 4086 κατέστησε.

525 4092 625 4182 τὴν
654 4091 850 4174 ἔξωθεν
877 4109 1048 4182 αὐγὴν
1069 4109 1350 4180 διακόψας.
1377 4109 1517 4181 Τρία
1543 4108 1653 4183 γὰρ
1672 4109 1753 4162 δεῖ
1777 4109 2099 4180 συνδραμεῖν

525 4203 620 4256 ἐπὶ
650 4204 748 4273 τῆς
776 4190 1044 4279 σκιᾶςρ’τὸ
1076 4204 1214 4273 φῶς,
1246 4204 1307 4257 τὸ
1342 4204 1518 4275 σῶμα,
1545 4203 1636 4257 τὸν
1662 4202 1889 4274 ἀλαμπῆ
1912 4202 2097 4256 τόπον.

526 4295 602 4348 Τὸ
648 4296 825 4349 τοίνυν
876 4295 1165 4367 ὲγκόσμιον
1212 4296 1399 4360 σκότος
1441 4299 1506 4368 τῇ
1550 4296 1678 4367 σκιᾷ
1717 4293 1808 4348 τοῦ
1848 4294 2097 4367 οὐρανίου

527 4371 778 4459 σώματος
822 4368 1164 4459 παρυπέστηξ
1203 4384 1300 4443 His
1331 4401 1570 4442 consona
1610 4392 1738 4442 sunt
1780 4400 1899 4454 qua:
1936 4384 2098 4439 habet

524 4474 761 4533 Joannes
782 4476 1113 4543 Philoiionus
1143 4476 1197 4543 in
1230 4475 1483 4532 llexaem.
1517 4475 1787 4547 referente
1816 4473 2011 4528 Photio
2042 4474 2096 4527 in

524 4567 816 4624 Bibliotli.:
845 4568 957 4621 Kal
984 4569 1201 4634 σκότος
1232 4567 1431 4621 ἐπάνω
1459 4566 1568 4636 τῆς
1582 4568 1878 4622 ἁϐύσσου’
1908 4564 1968 4620 τὸ
1997 4564 2096 4637 μὲν

524 4661 670 4733 ὕδωρ
698 4660 930 4715 ἄϐυσσον
972 4660 1160 4723 εἰπὼν,
1205 4659 1266 4712 τὸ
1304 4659 1362 4713 δὲ
1410 4659 1600 4729 σκότος
1650 4658 1741 4712 τὸν
1792 4656 2094 4727 ἀφώτιστον

522 4754 680 4825 ἀέρα.
729 4753 840 4807 Καὶ
888 4752 996 4825 γὰρ
1038 4751 1238 4824 κυρίως
1285 4750 1473 4815 σκότος
1517 4751 1665 4803 ἐστὶν
1712 4752 1746 4822 ἡ
1782 4749 1875 4803 τοῦ
1918 4748 2094 4819 φωτὸς

521 4844 778 4899 ἀπουσία.
832 4845 943 4898 Καὶ
1001 4831 1255 4915 συνήθεια
1306 4842 1363 4896 δὲ
1415 4843 1603 4907 σκότος
1651 4843 1740 4896 τὸν
1791 4842 2091 4913 ἀφώτιστον

520 4938 669 5009 λέγει
713 4937 872 5010 ἀέρα,
925 4938 1043 5009 ἤτοι
1090 4936 1150 4990 τὸ
1202 4934 1509 5011 νυκτερινὸν
1566 4932 1659 5015 του
1714 4934 1875 5016 ἀέρος
1918 4933 2092 4989 κατά-

523 5049 705 5104 στημα
731 5072 746 5097 ,
801 5030 835 5103 ἢ
887 5030 982 5085 καὶ
1037 5030 1099 5083 τὸ
1155 5029 1330 5093 ἄλλως
1383 5028 1500 5094 πῶς
1560 5026 1873 5108 συμϐαῖνον.
1934 5028 2094 5084 Certe

520 5124 765 5180 notanda
816 5131 902 5181 est
946 5123 1220 5180 sententia
1279 5122 1536 5177 Methodii
1591 5137 1756 5198 super
1804 5121 1914 5177 illis
1968 5136 2093 5176 ver-

520 5217 609 5273 bis
663 5215 785 5284 Job,
842 5215 942 5271 Ubi
998 5232 1291 5282 eras,cum
1340 5214 1621 5287 funderent
1669 5203 1763 5287 ego
1820 5223 2013 5291 terram
2036 5213 2097 5268 ’?

521 5311 626 5379 Qui
685 5321 866 5384 negat,
913 5320 973 5366 ut
1029 5312 1307 5368 existimat
1350 5309 1551 5366 Paulus
1609 5309 1931 5377 Comitolus,
1992 5309 2094 5365 has

519 5407 777 5462 tenebras
831 5404 1082 5461 conditas
1142 5405 1336 5473 fuisse,
1398 5411 1454 5457 et
1525 5404 1780 5473 tenebras
1842 5416 1961 5481 quae
2018 5401 2096 5456 illi

515 5497 755 5554 horridas
800 5507 964 5571 atque
1011 5498 1298 5568 incomptrc
1343 5511 1527 5562 rerum
1583 5496 1827 5550 omnium
1860 5495 1988 5555 moli
2038 5494 2096 5549 in

518 5590 693 5662 prima
737 5591 924 5645 mundi
957 5590 1364 5656 constitutione,
1395 5595 1551 5645 erant
1575 5587 1844 5665 obductas,
1882 5593 2098 5645 nostra-

508 4356 512 4387 ί

2204 1899 2328 1965 deo,
2359 1915 2485 1955 cum
2516 1899 2680 1955 verba
2714 1897 2971 1953 Methodii
3011 1895 3161 1952 aliud
3209 1895 3462 1959 innuant,
3496 1908 3599 1948 nec
3646 1906 3770 1963 per-

2204 1991 2381 2062 plexe.
2420 1988 2636 2045 Etenim
2680 1988 2921 2045 tenebrae
2968 1987 3075 2042 illa:
3122 2002 3287 2059 super
3338 1985 3620 2057 abyssum,
3663 1997 3773 2037 non

2202 2091 2359 2139 erant
2409 2067 2604 2161 creata:
2648 2081 2907 2146 tenebrae,
2951 2079 3048 2137 sed
3091 2078 3273 2135 liberas
3317 2076 3450 2148 ipsas
3487 2078 3775 2151 corperunt

2203 2192 2327 2234 esse
2356 2176 2593 2253 tenebrae
2624 2175 2764 2233 lucis
2792 2176 3115 2247 privatione.
3152 2171 3308 2228 Unde
3346 2185 3475 2241 ergo
3515 2175 3621 2234 est,
3652 2166 3773 2245 illas

2204 2269 2412 2340 primas
2444 2269 2702 2333 tenebras
2750 2275 3026 2323 nostrates
3055 2266 3158 2321 has
3207 2263 3365 2321 esse?
3395 2259 3551 2318 Unde
3583 2273 3777 2315 eorum

2202 2359 2516 2417 effectorem
2549 2358 2720 2416 Deum
2752 2374 2862 2414 non
2892 2357 3100 2414 fuisse?
3128 2354 3285 2433 Unde
3317 2353 3486 2409 Deum
3520 2367 3633 2408 non
3654 2365 3777 2406 esse

2203 2452 2603 2523 privationum,
2652 2450 2750 2507 sed
2798 2465 2982 2506 rerum
3024 2464 3147 2519 quas
3192 2454 3412 2521 exstant
3456 2443 3776 2499 auctorem?

2202 2547 2286 2599 An
2317 2560 2446 2601 vero
2478 2545 2567 2600 hic
2616 2543 2925 2619 Methodius
2978 2558 3089 2598 una
3122 2556 3247 2620 cum
3288 2538 3565 2594 Ludovico
3602 2535 3776 2592 Fideli

2204 2635 2406 2692 sentiat
2436 2637 2491 2691 in
2523 2635 2671 2691 notis
2714 2635 2780 2715 ad
2831 2634 3009 2707 ipsum
3056 2632 3388 2689 Methodium
3436 2629 3655 2702 planius
3682 2643 3779 2684 ex-

2204 2728 2563 2799 plicabimus;
2599 2735 2652 2783 et
2680 2743 2747 2781 an
2781 2716 2945 2783 idem
2967 2726 3214 2781 videatur
3252 2722 3493 2781 sensisse
3534 2720 3777 2776 Joannes

2203 2819 2332 2874 Pius
2368 2820 2420 2874 in
2471 2819 2751 2890 llcptaplo,
2789 2818 2883 2874 lib.
2936 2834 3034 2881 vn,
3078 2816 3242 2887 capit.
3275 2815 3302 2869 1
3338 2832 3354 2869 :
3397 2814 3560 2869 Terra
3598 2820 3778 2866 autem

2202 2921 2317 2966 erat
2343 2911 2519 2965 inanis
2557 2919 2607 2965 et
2630 2926 2815 2975 vacua,
2848 2918 2898 2964 et
2930 2894 3166 2973 tenebrae.
3192 2916 3353 2962 erant
3394 2920 3551 2982 super
3582 2904 3779 2974 {aciem

2204 3001 2380 3073 abyssi
2400 3002 2539 3058 ".=——
2551 2999 2673 3056 Non
2691 3009 2833 3056 creat
2851 2999 2991 3054 Deus
3010 3000 3339 3079 inanitatem,
3355 3014 3458 3051 non
3472 3005 3616 3051 creat
3634 3005 3777 3062 tenes

2204 3096 2350 3160 bras,
2381 3096 2471 3150 sed
2494 3113 2513 3147 ι
2538 3104 2697 3161 terra,
2716 3095 2904 3166 inquit,
2923 3092 3094 3148 inanis
3110 3078 3159 3147 et
3176 3078 3398 3147 tenebris
3425 3099 3611 3154 erant;
3640 3105 3778 3144 inore

2206 3188 2336 3244 dicit
2365 3189 2475 3243 lure
2505 3189 2667 3258 {uisse
2699 3197 2897 3253 creata,
2934 3186 3039 3242 sed».
3064 3185 3249 3259 fuisse.
3268 3184 3347 3240 'Et
3382 3184 3570 3255 paucis
3600 3183 3776 3238 inter-

2201 3263 2387 3353 jectis,
2424 3279 2605 3352 Neque
2642 3280 2753 3335 lucc
2798 3280 2922 3350 fecit
2950 3278 3117 3344 Deus,
3165 3276 3258 3332 sed
3281 3276 3506 3331 hominis
3542 3276 3778 3340 malitia,

2204 3374 2296 3446 qui
2318 3373 2491 3441 volens
2534 3390 2589 3428 sc
2626 3373 2707 3427 his
2752 3372 2901 3427 bonis
2930 3371 3172 3441 privavit,
3204 3368 3392 3444 quibus
3439 3368 3591 3421 illum
3633 3354 3782 3421 Deus~

2204 3463 2485 3535 ditaverat.
2535 3462 2674 3518 Sunt
2699 3466 2789 3535 qui
2844 3461 2948 3517 hoc
2996 3462 3118 3517 loco
3155 3461 3503 3517 tenebrarum
3554 3458 3778 3513 nomine

2205 3573 2345 3630 quos
2390 3556 2701 3631 Ludovicus
2761 3556 2965 3611 Fidelis
3001 3553 3100 3611 lib.
3134 3568 3174 3611 ιι
3215 3552 3291 3631 De
3338 3551 3521 3607 mundi
3561 3560 3775 3615 struct.,

2205 3665 2329 3721 cap.
2366 3650 2397 3703 7
2426 3634 2482 3705 et
2512 3650 2565 3713 8,
2595 3665 2702 3704 non
2745 3648 3037 3719 improbat,
3077 3660 3257 3704 aerem
3294 3644 3659 3716 caliginosum
3694 3644 3779 3698 lu-

2204 3743 2352 3798 mine
2399 3743 2720 3812 destitutum
2783 3740 3010 3811 intelligi
3059 3739 3257 3804 velint,
3314 3753 3381 3793 ex
3434 3752 3543 3808 quo
3594 3734 3777 3807 angeli

2201 3848 2360 3888 suum
2382 3833 2558 3907 sortiti
2590 3839 2718 3888 sunt
2746 3839 2945 3896 ortum,
2968 3846 3095 3886 nam
3126 3838 3186 3885 ut
3209 3845 3274 3887 ex
3299 3830 3430 3894 limo
3461 3836 3623 3907 terra:
3653 3836 3775 3882 tan-

2202 3941 2363 3995 quam
2398 3926 2719 3995 praejacente
2747 3924 2972 3979 materia
2990 3924 3289 3987 hominem,
3328 3922 3409 3997 sic
3434 3937 3500 3997 ex
3533 3936 3660 3976 aere
3684 3935 3773 3975 ca-

2202 4000 2434 4091 liginoso
2472 4001 2657 4093 veluti
2719 4019 3037 4089 subjacente
3088 4016 3489 4086 substerniculo
3547 4015 3783 4091 angelos.

2202 4111 2372 4167 Deum
2431 4112 2745 4168 condidisse
2792 4111 3165 4177 arbitrantur,
3211 4108 3366 4164 Pauli
3416 4107 3781 4181 fundamento

2200 4203 2397 4269 innixi,
2428 4204 2661 4259 dicentis
2684 4223 2696 4258 :
2724 4202 2985 4275 Quoniam
3007 4200 3172 4267 Deus,
3188 4202 3278 4271 qui
3299 4201 3437 4254 dixit
3464 4198 3770 4277 dc‘lencbris

2202 4298 2367 4352 lucem
2414 4295 2796 4369 splendescere,
2844 4296 2952 4365 ipse
2995 4293 3174 4349 illuxit
3204 4295 3257 4347 in
3288 4292 3531 4347 cordibus
3572 4291 3779 4365 nostris.

2201 4390 2269 4443 ad
2316 4387 2754 4461 illuminationem
2794 4389 3026 4460 scientia:
3072 4387 3337 4442 claritatis
3381 4384 3479 4440 Dei
3523 4386 3578 4438 in
3634 4384 3770 4454 facie

2128 4503 2172 4556 ι)
2203 4480 2401 4536 Christi
2448 4479 2575 4534 Jesu
2620 4481 2683 4534 ¹¹.
2734 4479 2877 4554 Deus
2910 4470 3076 4546 enim,
3104 4479 3198 4549 qui
3234 4478 3373 4533 dixit
3412 4476 3480 4533 de
3525 4475 3778 4553 tenebris

2204 4573 2381 4627 lucem
2416 4571 2815 4643 splendescere.
2849 4572 2897 4628 is
2924 4580 3028 4637 est,
3074 4574 3168 4641 qui
3208 4573 3275 4627 de
3320 4570 3563 4626 tenebris
3593 4569 3733 4625 dixit
3747 4609 3773 4647 ,_

2204 4663 2336 4720 Fiat
2369 4669 2482 4728 lux,
2505 4674 2555 4719 et
2588 4665 2731 4729 facta
2751 4675 2828 4738 est
2848 4667 2913 4743 "._
2929 4665 2987 4721 Id
3008 4664 3425 4734 antemintelligi
3454 4679 3564 4718 non
3590 4669 3769 4739 potest

2201 4760 2269 4817 de
2296 4760 2532 4831 simplici
2565 4760 2790 4827 luminis
2827 4759 3092 4821 carentia,
3122 4758 3379 4827 quoniam
3426 4772 3494 4811 ex
3536 4756 3640 4811 hoc
3668 4770 3766 4812 ne-

2200 4854 2319 4925 quit
2351 4853 2645 4924 quidquam
2681 4851 2839 4916 oriri,
2875 4860 2928 4919 et
2955 4850 3187 4921 proinde
3217 4864 3340 4905 cum
3366 4849 3513 4904 dicat
3544 4847 3763 4915 Paulus,

2198 4946 2263 5002 de
2322 4946 2544 5001 tenebris
2592 4944 2758 5000 lucem
2807 4943 3198 5015 splendescere,
3244 4949 3457 5014 oportet
3513 4941 3764 4997 tenebras

2197 5040 2347 5112 ipsas
2403 5039 2549 5096 unde
2603 5039 2697 5107 lux
2753 5036 2980 5109 prodeat
3035 5035 3243 5108 aliquid
3298 5051 3440 5099 esse.
3494 5034 3565 5089 At
3609 5033 3760 5107 quid,

2200 5150 2407 5205 quaso,
2436 5133 2741 5203 existimas,
2771 5131 3150 5212 hujuscemodi
3182 5130 3439 5187 tenebras
3480 5144 3624 5192 esse,
3657 5124 3761 5182 nisi

2193 5241 2371 5283 aerem
2404 5226 2583 5296 ipsum
2622 5223 2867 5280 tenebris
2889 5223 3148 5291 obsitum,
3181 5222 3277 5281 sed
3318 5220 3543 5276 luminis
3571 5233 3758 5275 susce-

2193 5317 2441 5389 ptivum?
2461 5315 2604 5387 quod
2635 5315 2959 5395 perpulcbre
2997 5314 3084 5369 his
3104 5312 3284 5375 verbis
3306 5311 3550 5368 insinuat
3569 5308 3760 5374 Isaias.

2194 5407 2468 5478 inquiens,
2493 5405 2604 5478 Ego
2630 5406 2913 5471 Dominus,
2943 5416 2993 5461 et
3014 5422 3118 5461 non
3143 5413 3222 5459 est
3249 5403 3387 5458 alter
3409 5402 3647 5474 formans
3681 5399 3764 5455 lu-

2194 5513 2302 5552 cem
2317 5506 2366 5552 et
2392 5514 2574 5552 creans
2601 5496 2837 5559 tenebras
2867 5498 2941 5559 “z
2970 5496 3191 5552 nomine
3210 5503 3388 5550 autem
3413 5492 3761 5551 tenebrarum

2198 5586 2314 5641 boc'
2334 5586 2457 5641 loco
2488 5586 2696 5657 aliquid
2731 5587 3026 5658 positivum
3063 5585 3473 5658 intelligendum
3499 5592 3605 5641 est.
3643 5580 3767 5661 Non

595 5771 617 5803 ’
661 5767 761 5829 Jub
796 5783 1035 5832 xxxun,
1075 5769 1127 5823 ι.
1207 5768 1249 5801 ⁸ο
1289 5767 1413 5823 Cen.
1451 5783 1503 5833 ι,
1536 5767 1591 5823 2.
1677 5768 1716 5798 ¹¹
1759 5764 1799 5821 ΙΙ
1840 5765 1965 5822 Cor.
2006 5783 2079 5837 Iv,

2252 5766 2293 5797 "
2334 5764 2461 5824 Cen.
2499 5782 2545 5834 ι,
2583 5765 2635 5822 5.
2717 5766 2758 5796 ’³
2800 5764 2915 5822 lsa.
2951 5781 3073 5831 xxv,
3112 5764 3163 5817 7.
