4072 6342
248 342 359 401 225

1237 343 1305 398 IN
1336 341 1710 401 EUSTATHII
1748 345 2225 401 HEXAEMERON
2264 346 2495 401 ἲξΟΤΑΞ.

3378 345 3482 403 826

246 457 395 515 enim
425 456 649 511 luminis
689 455 988 511 carentiam
1030 455 1239 525 creavit
1279 456 1442 523 Deus.
1479 457 1605 519 Haec
1639 468 1817 515 tamen

1932 460 2039 532 ρίου
2084 463 2443 531 γενησόμενον
2493 459 2808 531 ὑπερόριον,
2864 459 3063 530 μηδένα
3105 458 3161 512 δὲ
3210 459 3299 514 τὸν
3344 460 3485 531 μετά

244 550 434 620 Opinio
480 548 706 603 minime
749 547 1029 617 probanda
1081 548 1319 613 videtur,
1367 551 1453 606 vel
1495 567 1562 607 ex
1606 567 1671 606 eo
1705 552 1821 605 solo

245 639 394 710 quod
429 638 661 709 angelis,
701 636 793 707 qui
825 646 953 707 sunt
993 637 1115 706 puri
1146 638 1373 713 spiritus
1408 641 1557 711 nullo
1595 654 1822 711 corpore

245 729 536 790 obstricti,
595 724 880 780 nsateriale
928 725 1254 796 principium
1310 729 1532 795 tribuat,
1590 730 1822 799 indeque

241 834 340 876 eos
354 834 649 888 corporeos
678 817 1089 888 materialesque
1115 818 1331 873 eiliciat.
1354 818 1526 886 Λᾶόν,
1560 820 1689 875 hinc
1714 837 1821 875 nou

246 908 414 962 simul
444 922 571 961 cum
607 906 746 969 cmlo
796 914 849 962 et
883 914 1029 961 terra
1061 907 1237 978 angeli
1285 908 1540 978 producti
1574 909 1823 966 referun-

243 1010 357 1062 tur.
394 1001 487 1057 sed
517 1007 637 1071 post
670 999 790 1061 cmli
818 1008 871 1054 et
895 1006 1052 1057 terrae
1078 1000 1433 1057 creationem.

316 1093 438 1148 Col.
470 1093 593 1160 709,
626 1091 722 1146 lin.
752 1090 841 1146 58.
886 1090 1141 1154 Ἕξωθεν
1169 1090 1237 1144 δὲ
1270 1092 1376 1146 τοῦ
1398 1091 1679 1160 οὐρανοῦ.
1709 1092 1824 1146 Me-

244 1185 476 1241 tliodius
508 1182 791 1255 presbyter
825 1181 1376 1254 Hierosolymitanus,
1425 1193 1563 1239 orat.
1613 1185 1668 1237 in
1710 1182 1825 1253 Hy-

241 1285 555 1346 papantem,
588 1276 704 1331 sive
749 1272 1071 1329 Timotheus
1116 1274 1220 1329 sub
1257 1274 1414 1343 cujus
1447 1272 1664 1328 nomine
1711 1273 1823 1327 hzec

242 1372 428 1425 oratio
468 1369 757 1441 praeteritis
810 1368 970 1423 annis
1013 1368 1169 1423 initio
1216 1368 1408 1422 mutila
1454 1382 1652 1423 excusa
1717 1374 1821 1433 est,

240 1478 412 1533 quam
436 1462 697 1531 integram
713 1458 936 1529 suisque
957 1460 1201 1530 partibus
1230 1459 1535 1514 absolutam
1558 1458 1678 1522 tibi,
1708 1458 1824 1513 lec—

242 1562 354 1615 tor,
394 1566 503 1606 una
535 1566 659 1605 cum
696 1550 820 1605 aliis
850 1548 1252 1604 Methodiorum
1277 1548 1579 1620 opusculis,
1599 1555 1653 1603 et
1680 1547 1824 1618 frag-

241 1644 469 1708 mentis,
486 1641 597 1699 Deo
613 1642 793 1706 dante,
816 1656 977 1712 quam
995 1641 1231 1712 primum
1246 1639 1500 1696 dabimus
1542 1658 1555 1695 :
1578 1640 1627 1696 is
1643 1639 1826 1711 itaque

241 1737 317 1792 de
334 1737 441 1791 hoc
460 1733 649 1790 eodem
669 1734 876 1789 lumine
892 1747 1199 1795 sermonem
1218 1746 1386 1803 agens
1404 1732 1478 1785 ita
1495 1730 1778 1786 exorditur
1808 1749 1822 1784 :

1919 552 2090 607 ταῦτα
2141 552 2443 623 ἀνθρώπων
2483 550 2741 622 μέλλοντα
2790 551 2949 604 πάλιν
2995 552 3232 621 οἰκήσειν
3284 554 3481 619 αύτόν;

1922 645 1983 696 Εἰ
2015 643 2122 714 γὰρ
2152 643 2381 707 ἕκαστος
2426 642 2656 697 καὶτῶν
2700 642 2936 705 εὐσεϐῶς
2983 641 3337 711 βεϐιωκότων,
3389 645 3485 698 καὶ

1921 733 2028 787 τῶν
2055 733 2327 795 δυσσεϐῶς
2361 730 2849 802 πολιτευσαμένων,
2890 730 3026 801 μετὰ
3050 730 3111 784 τὸ
3144 732 3356 785 στάδιον
3387 732 3484 786 τοῦ

1924 826 2185 896 παρόντος
2213 824 2327 894 βίου
2363 825 2498 897 πρὸς
2534 824 2596 876 τὸ
2627 823 2700 894 μὴ
2746 823 2804 876 ὃν
2835 822 3146 890 ἀναλύεται,
3186 823 3279 876 καὶ
3310 824 3484 890 οὐδεὶς

1922 917 2021 971 οὑκ
2045 916 2126 970 ἔτι
2155 917 2417 987 διαμένει,
2448 917 2587 973 ὥστε
2622 916 2714 970 καὶ
2746 915 3068 987 παράδεισον
3110 915 3484 987 κληρονομεῖν,

1923 1010 2141 1080 καὶτῆς
2177 1010 2236 1061 ἐν
2275 1008 2421 1079 αὑτῷ
2451 1008 2660 1080 τρυφῆς
2704 1005 2995 1060 ἀπολαύειν
3040 1006 3192 1077 ἱερᾶς
3215 1023 3227 1045 ε
3264 1004 3380 1069 πῶς
3423 1006 3485 1059 οὑ

1927 1100 2102 1170 μάτην
2153 1098 2314 1152 αὑτὸν
2359 1095 2680 1167 γεγενῆσθαι
2737 1096 2770 1166 ἡ
2820 1094 3038 1166 τοιαύτη
3086 1094 3352 1165 ἀγνώμων
3393 1095 3489 1149 καὶ

1922 1190 2184 1261 δυσσεϐὴς
2205 1188 2470 1260 ὑπόληψις
2500 1188 2788 1257 ἀποφανεῖ,
2820 1188 2913 1241 καὶ
2942 1187 3028 1241 διὰ
3047 1187 3149 1257 τῆς
3180 1188 3258 1251 εἰς
3287 1188 3490 1242 ἐκεῖνον

1925 1283 2132 1356 ὖόρεως
2147 1282 2235 1335 τὸν
2262 1281 2435 1335 κοινὸν
2450 1280 2717 1351 ἐξυϐρίσει
2732 1279 3086 1351 δημιουργὸν,
3106 1280 3292 1332 ἐκεῖνα
3311 1278 3486 1350 πράτ-

1923 1394 2038 1431 τειν
2076 1375 2416 1447 κατηγορῶν,
2453 1374 2489 1428 ἃ
2525 1376 2659 1447 μηδὲ
2700 1375 2916 1446 μέτριος
2960 1374 3025 1430 άν
3045 1390 3129 1436 τις
3148 1372 3491 1444 διαπράξαιτο

1922 1468 2061 1539 ἀνήρ
2090 1484 2105 1533 3
2144 1466 2249 1523 Sed
2268 1466 2584 1522 Eustathius
2602 1481 2808 1537 magna:
2828 1465 3085 1520 Ecclesiae
3100 1463 3384 1534 presbyter
3401 1478 3493 1518 eo-

1925 1557 2048 1613 dem
2070 1555 2262 1611 Photio
2282 1555 2546 1612 referente
2561 1571 2659 1625 pro
2676 1554 2899 1610 veritate
2914 1560 3129 1624 sumpta
3147 1553 3494 1610 contentione

1924 1648 2196 1719 probavit,
2226 1648 2348 1701 Ὅτι
2374 1648 2510 1719 μετᾲ
2536 1647 2634 1718 τὴν
2664 1645 2981 1716 ἀπαλλαγὴν
3010 1644 3103 1698 τοῦ
3130 1644 3381 1715 σώματος
3398 1643 3495 1697 αὑ-

1925 1740 2053 1795 τίκα
2097 1739 2413 1811 εὑεργοῦσιν
2456 1740 2512 1792 αἱ
2543 1737 2652 1791 τῶν
2694 1737 2866 1806 ἁγίων
2892 1736 3080 1806 ψυχαί.
3130 1736 3204 1788 Οὑ
3257 1734 3494 1806 μόνονδὲ

240 1828 425 1892 Μόνος
436 1829 494 1881 ὲν
505 1825 809 1896 ἀνθρώποις
819 1826 1019 1889 τέλειος
1037 1823 1132 1879 ἄνθ
1142 1840 1319 1895 ρωπος
1335 1825 1363 1877 ὁ
1379 1822 1474 1896 τῆς
1488 1822 1827 1892 δικαιοσύνης
1856 1824 1899 1879 Β
1926 1831 2033 1886 τῶν
2060 1832 2251 1900 ἁγίων,
2285 1830 2420 1886 ἀλλὰ
2450 1830 2543 1885 καὶ
2562 1826 2750 1892 ἁπλῶς
2771 1830 2911 1883 κατὰ
2940 1828 3037 1898 τὴν
3059 1828 3264 1881 οίκείαν
3288 1828 3495 1900 ἑκάστῃ

241 1922 377 1994 περὶ
425 1919 620 1975 πολλοῦ
651 1918 929 1989 τιθέμενος
982 1918 1187 1988 κτῆμα.
1238 1916 1528 1987 Ἀείφωτον
1563 1917 1672 1989 γὰρ
1715 1920 1827 1981 τοῖς

239 2008 699 2082 δικαιοπραγοῦσι
747 2010 806 2062 τὸ
837 2010 939 2080 τῆς
973 2008 1321 2080 δικαιοσύνης
1356 2010 1541 2081 κτῆμα
1585 2010 1726 2063 κατὰ
1768 2010 1829 2063 τὸ

240 2102 456 2172 φάσκον
506 2101 647 2155 θεῖον
702 2100 896 2173 ῥητόνο
946 2097 1077 2166 Φῶς
1115 2098 1369 2166 δικαίοις
1429 2099 1528 2154 διὰ
1583 2103 1826 2168 παντός.

238 2194 406 2249 Ποῖον
437 2192 585 2262 φῶς;
622 2192 696 2245 Οὐ
729 2192 789 2245 τὸ
824 2191 979 2246 νυκτὶ
1010 2191 1430 2261 διαμαχόμενον,
1461 2193 1556 2245 καὶ
1576 2193 1831 2263 ἡλιακαῖς

238 2288 428 2349 ἀκτῖσι
485 2285 762 2341 διπλάσιον
831 2283 1253 2356 εὑρισκόμενον,
1310 2282 1405 2336 καὶ
1463 2283 1541 2354 τῷ
1606 2286 1830 2355 παρόντι

239 2380 403 2445 αξῶνι
450 2377 525 2441 ὼς
567 2376 884 2448 προσκαίρῳ
918 2376 1353 2447 συντριϐόμενον.
1401 2374 1531 2441 Φῶς
1583 2375 1832 2443 δικαίοις

241 2472 346 2527 διὰ
380 2472 619 2537 παντός.
658 2471 815 2523 Ποῖον
856 2468 1005 2539 (pix;
1054 2469 1127 2521 Τὸ
1166 2468 1423 2524 ἐπέκεινα
1452 2470 1560 2523 τῶν
1588 2471 1829 2542 οὐρανῶν

241 2563 619 2635 αὑλιζόμενον,
649 2563 743 2616 καὶ
780 2561 841 2614 τὸ
864 2559 1169 2631 δεσποτικῷ
1199 2559 1373 2631 θρόνῳ
1405 2563 1829 2634 παριστάμενον.

243 2659 429 2728 Ὅπερ
474 2659 502 2710 ό
542 2655 749 2718 δίκαιος
784 2654 1031 2724 Ἀϐραὰμ
1063 2653 1321 2723 ἐννοήσας
1359 2654 1484 2716 τοὺς
1516 2654 1662 2725 αὑτῷ
1702 2673 1828 2725 προ-

242 2748 570 2820 δεχομένους
618 2747 1002 2819 προσδέχεται,
1048 2746 1176 2810 τοὺς
1214 2746 1270 2799 δὲ
1314 2747 1388 2820 μὴ
1438 2746 1712 2810 τοιούτους
1753 2746 1832 2817 τῷ

242 2841 482 2910 ἁφεγγεῖ
504 2840 602 2911 τῆς
633 2837 843 2901 δικαίας
886 2837 1183 2909 καταδίκης
1222 2841 1406 2913 χωρίῳ
1447 2838 1829 2912 παραπέμπει.

244 2931 349 2985 Διὰ
375 2930 535 2985 τοῦτο
582 2930 850 3002 κέκραγεν
880 2931 909 2982 ὁ
960 2930 1177 3002 κράζων
1206 2948 1220 2962 ·
1281 2932 1409 2999 Φῶς
1435 2930 1684 2997 δικαίοις
1737 2929 1835 2983 διὰ

246 3024 501 3091 παντός.
554 3023 681 3089 Φῶς
713 3022 780 3076 δὲ
812 3021 1047 3076 ἀσεϐῶν
1083 3024 1427 3079 σϐέννυται.

319 3116 487 3179 Ihid.,
513 3117 605 3170 lin.
639 3116 727 3170 41.
748 3118 851 3182 Εἰς
876 3116 906 3170 ὃ
936 3116 1031 3169 καὶ
1054 3113 1836 3186 οὶκαλῶςβιώσαντεςῶτεο

250 3209 443 3266 statim
476 3218 600 3278 post
626 3208 790 3278 hujus
818 3209 942 3265 vita:
971 3209 1265 3264 terminum
1292 3217 1607 3265 sanctorum
1638 3209 1831 3263 animae

1928 1924 2149 1991 ἀξίωσιν
2195 1926 2342 1979 πᾶσα
2371 1922 2682 1994 ἀνθρωπίνη
2713 1922 2877 1994 ψυχή.
2914 1920 3084 1990 Cujus
3115 1921 3204 1975 hic
3235 1921 3398 1976 verba
3428 1912 3495 1974 li-

1929 2014 2252 2072 bentissime
2291 2014 2737 2076 transcriberem,
2786 2014 2831 2069 si
2864 2012 3030 2067 libelli
3073 2012 3227 2083 copia
3272 2012 3410 2067 foret
3435 2020 3498 2067 ut

1928 2122 2117 2163 eorum
2158 2108 2523 2178 pervicaciam
2582 2108 3018 2176 comprimerem,
3073 2106 3259 2176 quiin
3312 2115 3497 2176 aperta

1930 2206 1984 2255 et
2011 2214 2071 2255 re
2114 2198 2402 2255 manifesta
2452 2199 2522 2253 ita
2552 2199 2868 2260 caecutiunt,
2904 2209 2963 2251 ut
2989 2207 3042 2253 et
3089 2197 3210 2253 aliis
3239 2198 3494 2253 tenebras

1932 2290 2213 2347 oﬁundere
2248 2290 2592 2360 impudenter
2625 2290 2893 2344 nitantur.
2925 2288 3059 2355 Quis
3078 2289 3220 2343 enim
3243 2296 3494 2358 portenta

1931 2384 2079 2441 circa
2112 2382 2215 2437 hoc
2250 2382 2613 2452 pessimorum
2641 2381 2918 2435 hominum
2952 2379 3094 2436 ferre
3123 2381 3347 2449 posset?
3378 2380 3496 2434 Ma-

1932 2475 2110 2530 lorum
2134 2472 2344 2528 scilicet
2379 2472 2589 2527 animas
2617 2471 2673 2527 in
2704 2470 2980 2527 daemonas
3004 2472 3268 2533 converti,
3299 2471 3355 2524 in
3383 2470 3498 2526 leo-

1932 2582 2053 2633 nes,
2085 2565 2265 2635 lupos,
2302 2563 2545 2634 aliasque
2577 2563 2805 2627 bestias,
2840 2563 2983 2618 sicut
3014 2571 3068 2619 et
3089 2562 3364 2631 justorum
3396 2561 3500 2617 mi-

1936 2673 2113 2730 grare.
2176 2656 2531 2722 Paradisum,
2591 2671 2992 2727 supernamque
3048 2654 3384 2711 Hierusalem
3442 2654 3499 2711 in

1934 2752 2095 2806 tertio
2123 2750 2263 2805 cmlo
2297 2750 2459 2805 sitam
2492 2764 2634 2816 esse,
2669 2749 2802 2818 quin
2843 2763 3018 2818 neque
3050 2748 3102 2802 in
3136 2749 3296 2812 caelo,
3324 2763 3500 2819 neque

1934 2841 1991 2897 in
2019 2843 2201 2898 terris.
2241 2840 2348 2897 Sed
2392 2841 2587 2896 horum
2622 2840 2796 2910 magis
2826 2846 3133 2895 accuratam
3175 2839 3499 2909 explicatio-

1934 2948 2059 2988 nem
2084 2933 2139 2987 in
2170 2938 2405 2987 tractatu
2453 2944 2614 3000 quem
2652 2928 2719 2983 de
2757 2928 3078 2984 differentiis
3108 2927 3419 2984 Graecorum
3447 2937 3502 2982 et

1934 3023 2255 3080 Latinorum
2301 3023 2623 3089 scribimus,
2674 3021 2975 3077 trademus.
3031 3019 3186 3075 Nunc
3242 3021 3349 3076 ista
3389 3020 3503 3076 sint

1939 3120 2093 3175 satis.

2010 3210 2172 3271 Ibid..
2202 3209 2299 3265 lin.
2342 3209 2432 3263 42.
2471 3209 2729 3274 Νοήσεις
2770 3206 2837 3260 δὲ
2871 3205 3082 3261 τούτου
3126 3203 3240 3273 τὴν
3269 3206 3502 3257 οἰκονοσι

248 3302 311 3357 in
365 3301 708 3371 sempiterum
751 3301 890 3356 lucis
930 3301 1233 3357 claritatem
1266 3301 1475 3365 delatae,
1521 3300 1692 3371 gloria
1726 3300 1832 3355 sibi
1927 3303 2093 3375 μίαν.
2125 3302 2359 3358 Basilius
2394 3302 2540 3357 hom.
2575 3301 2609 3355 2
2661 3301 2715 3355 in
2753 3299 3045 3354 Hexaem:
3074 3298 3282 3368 Νόησον
3326 3296 3382 3349 δέ
3414 3312 3503 3366 μοι

250 3392 441 3450 debita
487 3390 843 3462 perfruuntur
880 3391 1246 3461 felicitateque
1295 3391 1561 3447 immensa
1607 3391 1830 3461 potiun-

252 3494 368 3541 tur.
405 3482 523 3539 Hoc
554 3484 700 3540 enim
745 3492 988 3555 tempore
1018 3483 1113 3555 qui
1162 3484 1298 3539 bene
1342 3491 1637 3554 sancteque
1665 3484 1830 3539 vitam

254 3578 537 3633 duxerunt
569 3576 637 3630 ab
664 3589 727 3631 ea
760 3575 1016 3630 illustrati
1066 3574 1379 3646 quiescunt,
1431 3590 1531 3628 nec
1565 3572 1713 3627 aliud
1739 3588 1834 3628 ex—

254 3676 536 3740 spectant.
572 3667 725 3733 Quod
751 3665 1198 3722 manifestissime
1232 3664 1509 3735 colligitur
1539 3679 1606 3720 ex
1653 3664 1833 3719 verbis

254 3757 329 3813 ad
361 3773 483 3829 qua:
508 3755 882 3812 confirmanda
919 3769 1027 3809 non
1072 3761 1156 3809 est
1189 3768 1327 3823 opus
1362 3752 1451 3808 hic
1495 3752 1834 3823 reliquorum

252 3849 484 3903 Patrum
536 3847 839 3904 sententias
902 3846 1168 3902 intexere.
1223 3844 1599 3902 Theodoretus
1640 3846 1735 3901 lib.
1779 3862 1835 3900 ix

256 3942 339 3998 De
374 3941 550 4009 affect.
587 3939 784 4003 (ἔταξα,
818 3939 873 3993 in
906 3938 1030 4003 ﬁne,
1079 3940 1177 3993 Ἐν
1208 3938 1287 4004 τῷ
1310 3939 1515 4008 κόσμῳ
1547 3941 1678 4009 γάρ,
1705 3938 1832 4011 ἔφη.

256 4035 474 4102 θλίψιν
500 4032 687 4101 ἔχετε,
718 4031 818 4085 καὶ
855 4030 1135 4101 μακάριοί
1162 4032 1327 4097 ἐστε,
1349 4031 1496 4087 ὅταν
1535 4031 1837 4086 ὀνειδίσω-

257 4148 367 4186 σιν
391 4129 568 4200 ὑμᾶς,
606 4130 703 4184 καὶ
732 4122 1009 4194 διώξωσι,
1043 4128 1143 4183 καὶ
1184 4130 1396 4184 εἴπωσι
1422 4129 1546 4186 πᾶν
1569 4131 1838 4198 πον-ιωὸν

250 4223 423 4292 ῥῆμα
468 4224 594 4276 καθ’
617 4221 783 4291 ὑμῶν
806 4221 1015 4279 ἕνεκεν
1038 4221 1201 4291 ἐμοῦ.
1232 4222 1495 4290 Χαίρετε,
1528 4223 1625 4277 καί
1654 4224 1838 4293 dral-

257 4311 495 4374 λιᾶσθε,
514 4312 602 4366 ὅτι
629 4315 660 4366 ό
671 4310 888 4381 μισθὸς
902 4312 1066 4381 ὑμῶν
1084 4312 1278 4377 πολὺς
1297 4313 1366 4366 ἐν
1388 4314 1515 4380 τοῖς
1537 4314 1832 4383 οὐρανοῖς.

258 4405 375 4459 Καὶ
415 4406 541 4468 τοὺς
572 4405 668 4475 μὲν
700 4404 890 4466 πόνους
925 4402 1020 4455 καὶ
1063 4402 1338 4466 κινδύνους
1367 4403 1641 4469 ὑπέδειξεν
1676 4404 1745 4457 τὰ
1779 4404 1836 4457 δὲ

1933 3396 2041 3451 ἀπὸ
2079 3394 2518 3467 παραδείγματος
2546 3391 2810 3465 ἐναργοῦς
2841 3391 2903 3445 τὸ
2930 3391 3241 3460 λεγόμενον,
3277 3390 3334 3441 ἐν
3372 3406 3500 3441 στα-

1934 3488 2076 3559 θηρᾷ
2106 3486 2425 3558 μεσημϐρίᾳ
2458 3485 2661 3556 σκηνήν
2699 3500 2819 3539 τινα
2845 3482 2910 3534 ἐκ
2943 3480 3152 3549 πυκνῆς
3184 3478 3279 3531 καὶ
3312 3494 3505 3545 στεγα-

1933 3581 2030 3652 νῆς
2071 3579 2202 3648 ὕλης
2250 3577 2427 3648 ἐαυτῷ
2476 3577 2918 3648 παραστήσαντα,
2950 3572 3045 3627 καὶ
3082 3573 3140 3625 ἐν
3184 3571 3357 3641 σκότῳ
3409 3570 3505 3623 αὑ-

1933 3671 2188 3743 τοσχεδίῳ
2224 3670 2414 3725 ἑαυτὸν
2448 3666 2860 3739 καθειργοῦντα.

2003 3765 2163 3830 lbid.,
2188 3766 2283 3820 lin.
2311 3767 2397 3822 49.
2423 3764 2583 3819 Οὕτω
2598 3762 2867 3817 τοιοῦτον
2894 3759 3331 3814 ἀνυπόστατον.
3356 3755 3509 3812 Basi-

1935 3856 2041 3912 lius
2060 3857 2293 3926 explicat
2310 3854 2455 3909 hom.
2479 3854 2514 3907 2
2542 3872 2554 3907 :
2575 3852 2820 3923 Λέγομεν
2839 3850 3016 3904 τοίνυν
3034 3848 3290 3903 καὶτοῦτο
3305 3848 3365 3901 τὸ
3392 3848 3510 3902 σκό-

1934 3964 2024 4010 τος
2059 3945 2132 4017 μὴ
2183 3944 2325 4005 κατὰ
2352 3944 2539 3998 οὑσίαν
2586 3942 2971 4013 ὑφεστηκέναι,
3022 3940 3119 3993 καὶ
3163 3939 3335 4001 πάθος
3368 3934 3509 3994 εἶναι

1936 4040 2062 4113 περὶ
2091 4039 2179 4092 τὸν
2208 4038 2344 4109 ἀέρα
2378 4038 2630 4109 στερήσει
2648 4035 2822 4105 φωτὸς
2844 4032 3239 4103 ἐπιγινόμενον.
3268 4031 3333 4085 Et
3363 4032 3508 4087 infe-

1936 4131 2054 4186 rius
2091 4149 2103 4204 ξ
2137 4129 2387 4184 Τοιοῦτον
2430 4124 2523 4182 οῦν
2577 4129 2797 4182 κάκεῖνο
2846 4124 2905 4179 τὸ
2961 4123 3150 4186 σκότος
3193 4122 3391 4175 ὑπόθου
3444 4122 3507 4175 οὑ

1936 4221 2358 4294 προηγουμένως
2414 4219 2735 4291 ὑφεστηκὸς,
2779 4217 2893 4272 ἀλλ’
2930 4213 3365 4284 ὲπακολουθῆσαν
3402 4212 3511 4266 ἐτέ-

1938 4334 2069 4389 ροις.
2092 4314 2159 4368 Et
2187 4314 2300 4370 harc
2319 4315 2463 4370 dicta
2495 4321 2622 4369 sunt
2649 4318 2837 4367 contra
2866 4324 3039 4379 nugas
3054 4306 3505 4370 Manichaeorum,

1938 4413 2298 4467 asserentium
2347 4407 2603 4463 tenebras
2649 4419 2770 4460 esse
2818 4401 3111 4474 quamdam
3146 4397 3507 4456 substantiam

261 4494 495 4566 βραὸεῐα
528 4494 773 4557 καὶτοὺς
803 4492 1098 4561 στεφάνους
1129 4490 1267 4561 μετὰ
1308 4492 1368 4544 τὸ
1407 4491 1502 4545 τοῦ
1537 4491 1650 4562 βίου
1683 4490 1832 4553 τέλος

1937 4511 2216 4563 aeternam.
2259 4508 2312 4557 et
2362 4497 2689 4570 principium
2735 4510 2917 4549 rerum
2966 4506 3075 4546 non
3130 4490 3311 4543 minus
3344 4503 3508 4557 quam

259 4585 564 4641 ἀποδώσειν
608 4585 855 4654 ὑπέχετο.
888 4583 993 4639 Sed
1025 4584 1109 4637 his
1143 4583 1350 4636 diutius
1385 4581 1664 4637 immorari
1691 4588 1838 4636 esset

261 4680 367 4734 soli
403 4679 584 4732 lumen
610 4676 810 4732 addere
846 4695 859 4730 :
897 4676 1012 4729 haec
1043 4682 1223 4729 tamen
1262 4690 1351 4729 res
1380 4690 1409 4727 a
1437 4674 1686 4744 pluribus
1706 4687 1838 4728 con-

261 4782 514 4826 trovcrsa
542 4769 732 4826 habuit
778 4783 908 4825 suos
947 4767 1264 4823 defensores
1299 4776 1351 4822 et
1385 4770 1835 4835 propugnatores.

260 4864 515 4925 Andreas
540 4859 894 4925 Caesariensis
926 4860 979 4912 in
1006 4858 1399 4928 Apocalypsim,
1430 4872 1594 4912 serm.
1624 4855 1712 4919 15,
1743 4869 1837 4910 ca-

262 4958 371 5029 pit.
406 4955 507 5020 45;
535 4965 586 5009 et
618 4969 781 5011 serm.
820 4951 872 5019 6,
900 4966 1021 5022 cap.
1056 4952 1156 5017 l7;
1189 4958 1242 5005 et
1274 4965 1440 5006 serm.
1478 4949 1566 5013 ll,
1590 4962 1711 5018 cap.
1747 4947 1837 5009 53,

263 5047 603 5117 existimavit
645 5046 919 5116 justorum
963 5042 1174 5097 animas
1208 5042 1450 5098 nondum
1483 5041 1667 5112 gloriae
1699 5039 1841 5094 divi-

234 5155 354 5205 ,nae
383 5137 673 5209 participes
694 5136 858 5206 hujus
878 5133 1066 5189 mundi
1092 5132 1619 5191 consummationem
1650 5145 1842 5199 exspe-

266 5239 441 5285 ctare.
475 5228 533 5284 S.
557 5228 817 5299 Eulogius
850 5228 905 5282 in
943 5227 1198 5296 paradiso
1226 5226 1467 5280 terrestri
1497 5239 1591 5280 eas
1608 5222 1839 5289 deferri;

269 5323 479 5377 frustra
523 5322 665 5376 enim
699 5321 893 5375 hortus
941 5318 1032 5373 ille
1070 5302 1392 5373 deliciarum
1427 5325 1645 5372 creatus
1675 5322 1840 5377 esset,

266 5413 375 5468 nisi
405 5413 519 5481 jam
554 5416 864 5479 sanctorum
896 5409 1200 5463 animorum
1230 5414 1376 5475 esset
1415 5406 1839 5475 receptaculum.

269 5503 406 5571 Ejus
442 5503 607 5556 verba
634 5501 821 5557 'refert
860 5498 1091 5556 Photius
1134 5500 1188 5553 in
1224 5499 1473 5553 Biblioth.
1506 5496 1607 5552 :Tt
1652 5497 1709 5550 δὲ
1732 5497 1844 5565 [atat

272 5595 368 5649 τὸν
422 5594 565 5648 κατὰ
613 5592 873 5655 ἀνατολὰς
930 5592 1256 5663 παράδεισον
1322 5588 1585 5658 ἐφύτευσε
1641 5588 1732 5641 τὸν
1786 5589 1845 5641 ἐν

288 5685 473 5756 Ἐδὲμ,
517 5684 574 5737 ἐν
609 5677 654 5751 ᾧ
699 5683 790 5737 τὸν
823 5682 1130 5754 ἄνθρωπον,
1159 5682 1218 5748 ὃν
1266 5680 1518 5746 ἔπλασεν,
1569 5678 1741 5742 ἔθετο,
1795 5680 1844 5732 εἱ

280 5777 483 5851 ἐκεῖνον
532 5776 630 5848 μὲν
672 5775 831 5839 εὐθὺς
871 5773 1283 5851 παραϐήσεσθαι
1319 5773 1453 5843 ᾔδει,
1490 5770 1583 5825 καὶ
1614 5771 1708 5825 τοῦ
1737 5789 1843 5842 χω·-

1938 4598 2133 4653 lucem.
2171 4595 2476 4652 Alexander
2505 4590 2813 4663 Lycopolita
2846 4596 3029 4641 contra
3050 4582 3410 4637 Manichwos:
3434 4578 3509 4631 Τὸ

1937 4690 1995 4742 δὲ
2020 4688 2395 4761 λαμπρὸν,κα⁴ι
2415 4685 2476 4740 τὸ
2512 4684 2646 4754 φῶς,
2664 4683 2757 4735 καὶ
2787 4681 2846 4735 τὸ
2870 4680 3001 4742 ἅνω,
3019 4677 3193 4731 πάντα
3210 4674 3383 4729 ταῦτα
3412 4671 3509 4725 σὺν

1937 4779 2015 4851 τῷ
2029 4779 2146 4849 Θεῷ
2166 4777 2322 4837 εἶναιέ
2347 4778 2407 4829 τὺ
2425 4773 2661 4847 ἀμυδρὸν
2680 4773 2738 4826 δὲ
2764 4770 2933 4825 καὶτὸ
2955 4770 3162 4831 σκότος,
3176 4765 3341 4819 καὶτὸ
3360 4763 3509 4817 κάτω

1942 4872 2038 4925 σὺν
2063 4873 2128 4941 τῇ
2149 4869 2270 4942 ὕλῃ.
2296 4867 2362 4921 Ει
2383 4867 2576 4922 iterum
2600 4884 2613 4920 :
2634 4864 2742 4934 Τῆς
2773 4857 2864 4916 οὖν
2894 4861 3023 4932 ὑλης
3045 4856 3113 4933 ἦς
3138 4856 3508 4928 ἀπεκρίθησαν

1938 4962 2089 5033 ἥλιος
2121 4963 2212 5016 καὶ
2244 4960 2439 5030 σελήνη
2474 4959 2535 5012 τὸ
2569 4956 2735 5029 μέρος
2768 4954 2922 5017 ἐκτὸς
2951 4951 3045 5006 τοῦ
3076 4951 3280 5018 κόσμου
3312 4947 3510 5017 ἀπελη-

1940 5053 2156 5118 λάσθαι,
2192 5053 2285 5105 καὶ
2326 5049 2463 5105 εἶναι
2494 5050 2669 5109 ἐκεῖνο
2702 5046 2813 5117 πῦρ
2839 5042 3128 5097 καυστικὸν
3163 5040 3282 5111 μὲν,
3315 5036 3513 5092 σκοτῶ-

1940 5145 2029 5209 δες
2052 5144 2108 5198 δὲ
2139 5144 2233 5198 καὶ
2261 5142 2499 5213 ἀφεγγὲς
2528 5141 2682 5196 νυκτὶ
2706 5136 3048 5210 προσόμοιον.
3071 5130 3208 5188 Vide
3224 5131 3508 5202 Didymum
3534 5176 3537 5183 ,

1942 5247 2126 5293 contra
2154 5236 2498 5300 Manichwos,
2528 5241 2583 5291 et
2605 5233 2763 5289 alios.

2013 5329 2175 5396 Ibid.,
2219 5330 2315 5384 lin.
2362 5328 2449 5383 52.
2504 5323 2940 5396 Ἀναχεομὲνου
2989 5321 3099 5391 γὰρ
3142 5318 3249 5373 τοῦ
3293 5318 3508 5389 φωτός.

1942 5422 2177 5478 Basilius
2216 5421 2365 5475 hom.
2392 5419 2427 5472 2
2460 5436 2473 5473 :
2508 5418 2641 5471 Τότε
2673 5416 2729 5470 δὲ
2756 5415 2816 5469 οὑ
2846 5413 2989 5469 κατὰ
3015 5413 3229 5484 κίνησιν
3261 5407 3510 5482 ἡλιακὴν,

1942 5514 2057 5566 ἀλλ’
2083 5512 2441 5583 ἀναχεομένου
2466 5509 2559 5564 τοῦ
2582 5507 2798 5583 πρώτου
2828 5506 3002 5577 φωτὸς
3028 5504 3259 5568 ἐκείνου,
3290 5501 3386 5557 καὶ
3412 5500 3514 5555 πά-

1942 5604 2024 5659 λιν
2079 5604 2497 5675 συστελλομένου
2544 5601 2686 5655 κατά
2734 5600 2796 5654 τὺ
2842 5598 3054 5671 ὁρισθὲν
3115 5597 3309 5669 μέτρον
3363 5592 3515 5665 παρὰ

1943 5696 2077 5752 Θεοῦ
2118 5695 2296 5767 ἡμέρα
2333 5694 2567 5763 ἐγένετο,
2608 5692 2702 5747 καὶ
2742 5690 2837 5758 νὺξ
2866 5689 3143 5761 ἀντεπῄει.
3192 5689 3370 5755 Quare
3400 5700 3510 5740 non

1947 5786 2215 5867 immerito
2249 5785 2400 5853 illum
2430 5784 2572 5840 diem
2604 5783 2894 5857 Africanus
2918 5781 3127 5839 vocavit
3160 5780 3352 5852 νοητὴν
3375 5776 3511 5848 ήμέε

2228 5942 2407 6047 Γ
