4072 6342
589 316 690 371 82⁸7

1917 333 2164 391 LEONIS
2189 335 2457 392 ALLATII

3708 344 3812 402 828

592 455 712 510 ραν.
765 435 1028 508 Georgius
1086 435 1409 510 Syncellus:
1458 444 1568 514 Τὴν
1607 446 1828 518 πρώτην
1882 449 2091 520 ⁴ἡμέραν
2135 470 2141 499 4

2270 453 2378 504 Ὃν
2397 450 2521 518 τοῖς
2546 452 2616 506 ἐν
2655 452 2732 523 γῇ
2759 455 3136 525 παντοστεγῆ
3174 456 3623 526 δημιουργήσας
3673 462 3809 515 στέ-

602 528 924 600 ’Δφρικανὺς
942 529 1137 602 νοητὴν
1160 531 1327 602 λέγει,
1356 535 1442 588 διὰ
1471 537 1529 589 τὸ
1555 537 1766 608 πρῶτον
1795 539 2159 614 διοργανισθῆ-

589 639 676 675 ναι
703 621 838 684 τέως
863 621 926 674 τὸ
960 622 1360 693 πρωτόκτιστον
1392 627 1506 697 φῶς
1542 631 1636 682 καὶ
1662 631 1979 701 κεχυμένον.

657 711 819 778 lbid.,
862 713 958 767 lin.
997 713 1086 769 54.
1136 716 1305 772 Ὅθεν
1357 719 1454 772 καὶ
1500 722 1568 774 ἐν
1611 720 1684 789 τῇ
1731 723 2152 792 συμμετρήσει.

586 803 822 861 Basilius
850 805 998 861 hom.
1033 807 1088 873 2,
1129 809 1324 863 Οὐκέτι
1374 813 1810 884 προσηγόρευσεν
1843 816 2024 887 ἡμέρα
2065 818 2156 870 καὶ

585 896 701 964 νὺξ,
745 897 885 953 ἀλλὰ
930 899 1008 970 τῷ
1040 901 1420 971 ὲπικρατοῦντι
1449 905 1545 976 τὴν
1579 908 1757 960 πᾶσαν
1786 911 2157 980 προσηγορίαν

584 990 869 1063 ἀπένειμε.
931 993 1148 1064 Ταύτην
1180 995 1246 1048 ἂν
1282 997 1376 1049 καὶ
1410 999 1467 1050 ὲν
1499 997 1644 1070 πάσῃ
1675 1000 1864 1071 Γραφῇ
1901 1001 2000 1072 τὴν
2030 1018 2154 1054 συν-

584 1083 772 1154 ήθειαν
793 1083 974 1157 εὕροις
1002 1087 1062 1140 ὲν
1087 1090 1152 1158 τῇ
1169 1087 1262 1141 τοῦ
1285 1090 1473 1160 χρόνου
1495 1093 1747 1162 μετρήσει
1765 1094 1972 1164 ἡμέρας
2001 1094 2154 1165 ἀριθ-

587 1175 879 1245 μουμένας,
931 1176 1050 1247 οὐχὶ
1097 1178 1153 1231 δὲ
1203 1182 1296 1233 καὶ
1344 1180 1545 1245 νύκτας
1577 1182 1714 1253 μετὰ
1756 1184 1864 1236 τῶν
1910 1185 2148 1257 ἡμερῶν,

584 1266 756 1336 quue
787 1269 956 1326 variis
985 1270 1180 1325 divina:
1203 1270 1500 1343 Scripturae
1527 1277 1856 1331 testimoniis
1889 1279 2150 1334 ostendit.

582 1355 854 1415 Nomades
897 1361 1060 1422 etiam
1093 1363 1197 1433 ipsi
1231 1363 1490 1436 Libycum
1544 1383 1715 1436 genus
1750 1368 1804 1422 in
1848 1377 2150 1439 temporum

547 1465 549 1470 ·
583 1447 1025 1510 dinumeratione
1051 1469 1161 1509 non
1191 1455 1402 1524 diebus,
1435 1467 1495 1512 ut
1528 1458 1826 1530 Scriptura,
1857 1462 1948 1516 sed
1979 1463 2153 1516 nocti-

583 1535 687 1593 bus
717 1547 965 1603 utuntur.
996 1541 1250 1601 Nicolaus
1287 1545 1653 1604 Damascenus
1675 1551 1814 1618 apud
1842 1550 2108 1606 Stobaum
2131 1569 2150 1606 :

581 1625 648 1680 οι
675 1627 902 1698 νομάδες
931 1630 1037 1685 τῶν
1073 1632 1285 1688 Λιϐύων
1313 1636 1374 1688 οὐ
1408 1639 1527 1700 ταῖς
1573 1639 1825 1710 ἡμέραις,
1871 1641 2006 1694 ἀλλὰ
2031 1647 2150 1706 ταῖς

581 1717 731 1783 νυξὶν
761 1721 922 1774 αὐτὸν
954 1724 1246 1795 ἀριθμοῦσι
1297 1727 1390 1780 τὸν
1428 1729 1636 1800 χρόνον.
1683 1730 1738 1784 ld
1778 1731 1918 1787 idem
1957 1733 2148 1789 obser-

2271 594 2556 663 Ὡνόμασε
2585 596 2886 666 στερέωμα
2910 597 3053 662 Θεὸς
3078 601 3110 650 ό
3143 595 3543 666 κωλιτέχνης
3577 531 3738 601 “nr.

2255 665 2419 732 Παρὰ
2435 665 2547 734 τὴν
2572 665 2812 736 πρώτην
2824 667 3124 734 ἄναστρον
3144 667 3352 737 ἑτέραν
3367 665 3511 724 ὄντα
3523 671 3810 739 σφαῖραν.

2327 799 2482 864 lbid.,
2517 803 2614 858 lin.
2639 802 2694 858 8.
2715 801 2822 856 Kal
2850 802 3018 870 χρεία
3045 801 3363 863 ἱδιάζουσα.
3400 804 3475 860 De
3497 821 3599 861 usu
3625 807 3814 862 firma-

2254 892 2420 944 menti
2443 892 2597 961 plura
2625 894 2680 948 in
2707 894 3125 963 astrologorum,
3149 895 3711 969 philosophorumque
3743 901 3811 954 li-

2254 980 2386 1037 bris.
2419 983 2960 1048 LudovicusFidelis,
2991 988 3085 1040 lib.
3120 1004 3203 1050 ιιι,
3239 1005 3358 1058 cap.
3383 989 3440 1050 2,
3470 991 3568 1053 ait,
3618 1000 3675 1045 nt
3712 993 3812 1048 ho-

2252 1069 2386 1124 mini
2414 1069 2557 1127 Deus
2591 1073 2853 1141 plantavit
2902 1077 3212 1145 paradisum
3243 1075 3573 1141 terrestrem,
3615 1081 3670 1134 in
3704 1099 3810 1152 quo

2256 1160 2485 1217 feliciter
2512 1175 2629 1218 erat
2659 1181 2779 1218 cum
2809 1175 2920 1220 tota
2957 1169 3277 1236 posteritate
3298 1170 3544 1226 victurus
3583 1172 3758 1227 Adam
3795 1193 3808 1228 :

2254 1254 2334 1308 sic
2359 1253 2568 1324 angelis
2593 1255 2752 1311 hodie
2778 1258 2957 1311 locum
2985 1275 3096 1313 sua)
3128 1257 3372 1314 felicitati
3391 1264 3811 1318 convenientem

2253 1344 2381 1404 fecit
2407 1345 2550 1402 Deus
2579 1347 2977 1405 ﬁrmamentum
3002 1371 3013 1406 :
3036 1353 3138 1406 hoc
3161 1352 3281 1422 ipso
3301 1354 3492 1423 agendi
3513 1355 3680 1410 modo
3705 1358 3813 1412 loci

2251 1437 2542 1507 designans
2589 1441 2960 1496 excellentiam
2991 1459 3004 1508 ;
3042 1459 3153 1497 non
3190 1445 3334 1502 enim
3375 1453 3598 1516 propter
3626 1448 3811 1514 bruta,

2251 1529 2335 1583 vel
2373 1530 2672 1586 animantia
2701 1535 2906 1604 qumvis
2941 1536 3118 1590 locum
3153 1538 3459 1606 quempiam
3501 1538 3700 1594 fecisse
3733 1540 3812 1595 le-

2251 1619 2414 1688 gitur,
2443 1621 2541 1676 sed
2576 1623 2709 1679 solis
2744 1625 3053 1682 hominibus
3086 1635 3142 1679 et
3186 1628 3426 1698 angelis;
3479 1638 3538 1684 et
3578 1632 3814 1701 perinde

2251 1721 2414 1782 atque
2443 1712 2602 1769 humo
2627 1716 2696 1770 ob
2721 1725 3003 1786 peccatum
3023 1727 3286 1790 perpetuo
3315 1722 3470 1776 exsul
3495 1721 3676 1778 factus
3705 1732 3808 1783 est.

581 1825 741 1867 vasse
771 1811 1088 1883 Britannos,
1122 1826 1177 1871 et
1201 1816 1406 1880 Gallos,
1443 1821 1698 1892 illiusque
1733 1839 1955 1882 causam
1987 1824 2141 1880 refert

2253 1809 2306 1857 et
2335 1819 2363 1859 a
2385 1805 2638 1875 paradiso
2674 1810 2968 1879 voluptatis
2991 1812 3267 1876 exclusus,
3311 1812 3458 1867 haud
3505 1829 3671 1870 secus
3715 1829 3813 1870 an-

582 1901 884 1962 Gulielmus
921 1907 1230 1965 Camdenus
1269 1913 1324 1965 in
1358 1913 1661 1968 Britannia.

647 1992 767 2049 Col.
789 1995 910 2061 712,
955 1997 1050 2060 lin.
1082 1999 1132 2054 1.
1166 2001 1220 2054 Ὀ
1249 2002 1392 2069 Θεὸς
1418 2004 1484 2058 τὸ
1511 2005 1832 2076 στερέωμα.
1861 2007 2150 2063 Zoroaster

582 2084 962 2144 et-Damascius
979 2091 1252 2154 variorum
1267 2094 1728 2153 firmamentorum
1744 2101 1903 2156 orbes
1921 2111 2144 2170 ponunt,

582 2188 636 2237 et
663 2196 852 2237 eorum
885 2185 1120 2253 primum
1156 2203 1496 2259 empyreum,
1530 2199 1640 2248 tres
1671 2204 1960 2263 sequentes
1982 2195 2142 2250 aulae-

580 2287 727 2337 reos,
765 2281 821 2329 et
852 2282 964 2331 tres
1005 2277 1227 2334 ultimos
1259 2282 1568 2337 materiales
1601 2295 1937 2355 nuncupant.
1963 2283 2144 2344 Ludo-

578 2365 733 2421 vicus
776 2365 976 2425 Fidelis
1008 2368 1085 2423 De
1114 2372 1296 2426 mundi
1344 2383 1632 2442 structura,
1664 2379 1761 2433 lib.
1793 2396 1875 2443 ιιι,
1915 2395 1964 2435 c.
2007 2384 2056 2448 l,
2089 2384 2144 2438 in

578 2458 940 2526 explicatione
987 2461 1180 2517 horum
1225 2467 1512 2521 verborum
1543 2471 1739 2540 duplex.
1785 2487 1907 2529 esse
1944 2475 2019 2528 ait
2050 2474 2146 2528 tiro

581 2559 948 2617 mamentum,
1003 2571 1170 2610 unum
1217 2559 1363 2628 quod
1411 2562 1644 2630 primum
1681 2567 1880 2622 mobile
1927 2577 2141 2636 vocant,

579 2641 725 2711 quod
775 2658 877 2698 suo
927 2652 1076 2700 motu
1122 2650 1406 2708 universos
1452 2668 1756 2712 commovet
1798 2659 1979 2725 orbes,
2031 2668 2086 2716 et
2113 2676 2144 2716 a

580 2733 733 2788 nullo
771 2746 1039 2807 movetur,
1081 2741 1327 2796 omnium
1369 2744 1584 2800 orbium
1621 2750 1922 2806 cmlestium
1957 2768 2146 2824 supre-

579 2843 749 2896 mum,
783 2833 929 2902 quod
961 2850 1062 2890 suo
1104 2838 1309 2894 ambitu
1340 2841 1582 2912 reliquos
1611 2845 1713 2901 sub
1741 2861 1800 2902 se
1829 2849 2145 2920 complecti-

579 2928 670 2976 tur
704 2924 886 2993 orbes,
934 2931 1081 2999 quod
1124 2947 1438 3005 empyreum
1478 2941 1769 3008 appellant,
1811 2960 1906 2999 seu
1952 2945 2142 3001 beato-

577 3029 700 3069 rum
747 3018 930 3074 sedem
963 3039 977 3076 :
1009 3026 1266 3093 quoniam
1314 3029 1407 3099 qui
1449 3030 1502 3086 in
1555 3047 1620 3088 eo
1667 3037 1904 3092 resident
1943 3040 2142 3097 divinis

577 3105 841 3163 continuo
871 3123 1177 3170 exuruntur
1227 3119 1557 3188 ardoribus;
1588 3134 1641 3181 et
1683 3127 1736 3182 id
1782 3131 2000 3200 quidem
2047 3150 2144 3204 per

577 3202 1014 3257 antonomasiam
1061 3215 1314 3262 vocatum
1367 3213 1564 3267 cmlum
1604 3217 1749 3282 coeli,
1796 3235 1893 3274 seu
1944 3202 2142 3279 ctelum

577 3289 866 3358 caelorum,
892 3292 1008 3349 sive
1033 3298 1155 3351 cceli
1189 3301 1474 3369 caelorum,
1518 3307 1714 3360 caelum
1743 3323 1978 3381 namque
1999 3313 2142 3384 apud

577 3374 834 3436 Hebraeos
885 3397 1114 3440 numero
1162 3395 1313 3447 caret
1355 3391 1636 3463 singulari,
1677 3397 1822 3454 unde
1862 3374 2003 3470 apud
2036 3374 2142 3460 .eos

575 3469 702 3524 cali
751 3485 1138 3544 nonnunquam
1174 3494 1271 3548 pro
1294 3481 1453 3549 caelo,
1487 3485 1813 3557 quandoque
1853 3469 1953 3560 pro
1989 3495 2141 3551 ctelis

578 3569 890 3626 sumuntur.
933 3564 1146 3624 Dicitur
1169 3582 1346 3628 autem
1370 3576 1768 3637 firmamentum
1801 3582 1870 3636 ob
1901 3584 2142 3656 singula-

575 3667 693 3710 rem
737 3656 823 3712 sui
871 3657 1042 3727 ipsius
1074 3659 1406 3730 firmitatem,
1440 3669 1584 3737 quod
1634 3686 1732 3727 sua
1775 3683 1971 3730 natura
2018 3693 2142 3734 ron-.

576 3752 734 3802 stans
780 3748 872 3814 sit,
919 3758 1086 3821 atque
1124 3769 1339 3824 semper
1375 3758 1610 3828 ﬁrmum,
1661 3764 1728 3820 de
1754 3782 1862 3836 quo
1891 3785 2037 3825 nunc
2083 3772 2141 3826 fit

575 3837 801 3892 mentio.
851 3839 1099 3896 Alterum
1128 3853 1212 3898 est
1241 3845 1638 3906 firmamentum
1673 3858 1818 3925 quod
1861 3870 2039 3917 movet
2066 3864 2142 3917 si-

576 3926 692 3983 mul
719 3935 774 3984 et
818 3939 1089 3998 movetur,
1141 3934 1196 3988 in
1244 3951 1351 4006 quo
1401 3938 1692 3998 luminaria
1729 3956 1924 4016 quarto
1969 3951 2057 4006 die
2108 3967 2140 4014 a

573 4019 763 4091 Moyse
781 4020 1093 4080 referuntur
1122 4027 1403 4097 producta.
1435 4030 1539 4088 Sed
1568 4033 1680 4090 haec
1695 4040 1878 4108 Opinio
1909 4041 1976 4096 de
2001 4060 2140 4100 vera:

573 4112 931 4186 philosophiae
965 4119 1265 4190 principiis
1301 4122 1606 4183 abhorrens
1665 4131 1742 4184 uti
1781 4130 1914 4189 falsa
1958 4136 2139 4206 rejici-

573 4212 688 4272 tur,
721 4208 820 4263 sed
844 4209 1238 4278 experimentis
1266 4213 1400 4282 ipsis
1427 4219 1702 4273 contraria
1725 4229 1829 4278 est.

639 4295 919 4367 lbid.,lin.
961 4301 1015 4355 3.
1047 4301 1157 4356 Καὶ
1181 4303 1406 4372 εῐρηται
1433 4307 1578 4374 τοῖς.
1627 4309 1858 4368 Basilius
1885 4314 2030 4372 hom.
2066 4319 2134 4377 3:

570 4391 801 4463 Εἴρηται
835 4392 936 4464 μὲν
967 4389 1060 4448 οὖν
1091 4412 1202 4450 τισι
1234 4397 1342 4451 τῶν
1360 4399 1464 4471 πρὸ
1495 4404 1526 4473 ἡ
1537 4402 1652 4473 μῶν
1674 4405 1748 4478 μὴ
1776 4407 2026 4482 δευτέρου
2048 4414 2137 4466 οὐ-

571 4482 734 4555 ρανοῦ
766 4485 978 4554 γένεσιν
1000 4484 1140 4542 εἶναι
1158 4491 1381 4564 ταύτην,
1405 4494 1517 4549 ἀλλ’
1537 4497 1862 4571 ἐπεξήγησιν
1890 4504 1980 4557 τοῦ
2006 4523 2133 4578 προ-
2161 4517 2208 4572 ι)

567 4575 750 4648 τέρου,
769 4579 858 4633 διὰ
879 4579 942 4633 τὸ
965 4583 1082 4635 ἐκεῖ
1108 4583 1208 4654 μὲν
1231 4587 1290 4638 ὲν
1324 4587 1602 4661 κεφαλαίῳ
1629 4595 2023 4665 παραδεδόσθαι
2041 4575 2132 4654 o6-

572 4668 734 4740 ρανοῦ
764 4673 862 4726 καὶ
889 4674 993 4744 γῆς
1025 4677 1262 4747 ποίησιν,
1295 4680 1527 4736 ἐνταῦθα
1558 4684 1617 4737 δὲ
1659 4687 2130 4760 ὲπεξεργαστικώ-

565 4776 724 4832 τερον
781 4762 871 4816 τὸν
905 4765 1127 4835 τρόπον,
1161 4769 1350 4824 καθ’δν
1376 4769 1602 4828 ἕκαστον
1629 4777 1838 4846 γέγονε,
1867 4780 1964 4853 τὴν
1992 4784 2132 4855 Γρα-

566 4851 674 4924 φὴν
701 4854 832 4925 ἡμῖν
865 4857 1249 4929 παραδιδόναις
1304 4878 1370 4917 ex
1410 4866 1613 4922 quibus
1652 4873 1848 4940 poterit
1905 4851 2130 4933 mutilus

564 4944 656 5000 hic
679 4946 834 5003 locus
857 4950 1079 5022 corrigi.

620 5031 797 5104 ibid”
825 5038 924 5096 lin.
961 5041 1011 5093 7.
1056 5043 1252 5112 Ἡμεῖς
1271 5045 1340 5100 δέ
1365 5061 1578 5118 φαμεν,
1619 5052 1852 5110 Basilius
1875 5055 2021 5112 hom.
2053 5059 2085 5111 5
2109 5079 2124 5115 :

575 5129 765 5220 Ἡμεῖς
798 5132 858 5186 δέ
907 5152 1086 5205 φαμεν
1137 5139 1238 5203 ὅτι,
1300 5140 1487 5212 ἐπειδὴ
1537 5144 1706 5215 ὄνομα
1757 5148 1962 5220 ἕτερον,
2014 5152 2108 5206 xa‘t

562 5219 722 5292 χρεία
750 5221 1026 5288 [διάξουσα
1049 5226 1144 5280 τοῦ
1179 5228 1432 5302 δευτέρου
1471 5233 1700 5306 οὐρανοῦ
1747 5219 2123 5310 παραδέδοται,

562 5311 747 5383 ἕτερός
776 5315 896 5369 ἐστι
923 5317 1076 5389 παρὰ
1107 5319 1200 5375 τὸν
1233 5323 1291 5375 ὲν
1327 5323 1469 5398 ἀρχῇ
1532 5331 1897 5403 πεποιημένον
1949 5327 2122 5402 οὗτος,

564 5405 932 5478 στερεωτέρας
951 5409 1185 5480 φύσεως,
1217 5415 1310 5468 καὶ
1338 5416 1526 5488 χρείαν
1559 5417 1831 5494 ἐξαίρετον
1855 5425 1932 5496 τῷ
1965 5431 2124 5482 παντὶ

564 5497 960 5569 παρεχόμενος.
1004 5499 1156 5557 Idem
1199 5505 1373 5560 sentit
1411 5503 1806 5570 Constantinus
1848 5515 2123 5577 Manasses

566 5587 620 5640 in
651 5588 949 5647 Annalibus
973 5609 998 5647 :

697 5699 768 5791 δέ
777 5703 1080 5791 βλεφάροηυ
1103 5709 1451 5791 λῄμψαντος
1472 5717 1693 5791 ἡμέρας
1716 5718 1787 5788 τῆ
1793 5742 1821 5786 ς
1843 5720 2121 5791 δευτέρας

567 5769 679 5828 Τὸν
705 5769 1095 5842 σι’φανῦίτὸν
1124 5769 1399 5851 δέὐὶερον
1425 5769 2116 5864 ἓανσόφᾌςῖ

2253 1895 2358 1965 geli
2391 1899 2516 1952 mali
2547 1913 2578 1952 a
2611 1901 2950 1955 firmamento
3008 1903 3239 1973 sejuncti
3289 1914 3440 1962 sunt.
3476 1906 3614 1966 illuc
3667 1923 3812 1963 nun-

2250 2001 2410 2056 quam
2449 1990 2744 2044 reversuri.
2837 2020 2864 2047 ο

2314 2077 2471 2143 lbid.,
2495 2081 2589 2134 lin.
2611 2082 2696 2136 l0.
2715 2083 3112 2152 Στερεωτέρεις
3134 2086 3434 2155 ὑπάρχων.
3455 2087 3810 2144 Firmamenti

2248 2185 2446 2242 corpus
2497 2174 2754 2238 solidum,
2785 2188 2836 2231 et
2865 2177 3078 2231 firmum
3114 2176 3284 2234 fuisse
3319 2190 3562 2235 creatum
3615 2197 3808 2236 omnes

2245 2263 2589 2333 existimant;
2649 2266 2822 2336 placet
2868 2268 3192 2339 Augustino,
3236 2273 3330 2324 lib.
3371 2287 3431 2335 ιι,
3469 2265 3544 2326 De
3575 2271 3706 2328 Gen.
3740 2289 3808 2327 an

2249 2352 2498 2422 litteram,
2531 2371 2581 2410 c.
2613 2355 2700 2420 10,
2734 2358 2806 2412 ita
2846 2360 3029 2413 vocari
3061 2373 3283 2434 pr0pter
3325 2365 3662 2429 ﬁrmitatem,
3714 2377 3807 2421 aut

2245 2453 2468 2515 prapter
2497 2447 3046 2520 intransgressibilem
3125 2455 3416 2507 terminum
3461 2455 3805 2525 superiorum

2245 2544 2299 2591 et
2330 2537 2647 2593 inferiorum
2673 2555 2958 2611 aquarum.
2999 2543 3150 2598 Philo
3199 2543 3276 2598 De
3330 2545 3512 2599 nmndi
3566 2546 3801 2614 api/icio,

2245 2627 2318 2680 ita
2350 2629 2424 2682 ait
2466 2633 2793 2701 appellatum
2829 2643 2886 2688 ut
2915 2650 3031 2690 rem
3060 2651 3400 2706 corpoream,
3439 2653 3563 2691 cum
3597 2653 3802 2707 corpus

2245 2723 2566 2779 naturaliter
2586 2725 2798 2781 firmum
2828 2727 3171 2799 solidumque
3193 2730 3264 2785 sit
3294 2730 3470 2786 trinas
3500 2730 3802 2786 dimensio-

2243 2829 2341 2870 nes
2374 2815 2599 2872 habens.
2657 2817 2859 2872 Ἐποίει
2886 2820 2974 2874 τὸν
3005 2820 3231 2892 οὐρανὸν
3279 2823 3308 2875 ό
3340 2822 3704 2892 Δημιουργὸς,
3749 2820 3807 2875 ὃν

2244 2907 2457 2978 ἐτύμως
2504 2910 2788 2983 στερέωμα
2836 2914 3295 2986 προσηγόρευκεν,
3346 2914 3444 2966 ἅτε
3497 2913 3806 2984 σωματικδν

2243 2998 2395 3053 ὄντα.
2432 3001 2505 3054 Τὸ
2534 3002 2640 3073 γὰρ
2665 3002 2824 3074 σῶμα
2853 3004 3013 3072 φύσει
3044 3005 3280 3076 στερεὸν,
3309 3005 3500 3076 ὅτιπερ
3522 3007 3614 3060 καὶ
3644 3007 3805 3077 τριχῆ

2243 3090 2524 3147 διαστατόν
2553 3112 2566 3125 ο
2603 3097 2822 3168 στερεοῦ
2848 3098 2904 3150 δὲ
2930 3098 3023 3151 καὶ
3057 3095 3304 3167 σώματος
3331 3097 3508 3150 ἔννοιά
3528 3116 3610 3161 τις
3640 3100 3805 3171 ἑτέρα

2244 3184 2382 3257 πλὴν
2407 3187 2468 3240 τὸ
2501 3189 2672 3260 πάντη
2702 3189 3003 3259 διεστηκός.
3031 3188 3271 3246 Joannes
3328 3189 3571 3247 Zonares
3621 3192 3808 3245 Anna-

2244 3278 2372 3333 lium
2403 3287 2533 3334 tom.
2569 3281 2584 3334 ι
2611 3300 2623 3335 ι
2651 3281 2944 3352 Στερέωμα
2987 3281 3045 3334 δὲ
3093 3281 3317 3354 ἐκλήθη,
3343 3283 3424 3335 ὅτι
3461 3284 3716 3350 στεγανὸν
3744 3282 3810 3336 τδ

2244 3369 2402 3441 σῶμα
2423 3371 2627 3437 τούτου,
2650 3373 2744 3426 καὶ
2787 3374 2847 3426 οὐ
2875 3373 3076 3445 λεπτὴν
3122 3373 3241 3428 οὐδὲ
3287 3375 3484 3446 ἀραιὰν
3515 3375 3612 3447 τὴν
3641 3375 3806 3444 φύσιν

2242 3462 2374 3532 ἔχει,
2409 3463 2548 3517 κατὰ
2569 3464 2636 3517 τὰ
2667 3464 2854 3528 ὕδατα,
2882 3464 2942 3530 ἐξ
2969 3458 3042 3518 ὧν
3078 3464 3174 3536 τὴν
3199 3466 3458 3520 σύστασιν
3488 3466 3744 3537 ἔσχηκεν,
3776 3465 3807 3520 δ

2241 3557 2577 3628 καὶοὺρανὸς
2623 3557 2936 3630 ὠνομάσθη.
2987 3556 3316 3614 Ambrosius
3367 3558 3706 3614 Catharinus
3749 3560 3806 3612 in

2245 3645 2482 3703 Genesim
2515 3658 2670 3716 putat
2701 3667 2825 3707 esse
2853 3659 3101 3707 octavam
3147 3651 3438 3721 sphaeram,
3463 3653 3606 3723 quod
3656 3653 3710 3706 in
3740 3665 3810 3708 ea

2242 3739 2410 3794 stella:
2452 3755 2642 3797 omnes
2677 3741 2983 3798 inerrantes
3037 3743 3157 3797 fixa;
3197 3742 3474 3812 ﬁrmatque
3513 3743 3645 3807 sint,
3700 3757 3805 3797 nec

2241 3831 2410 3887 variis
2457 3834 2692 3889 motibus
2724 3836 3078 3907 divagentur;
3115 3841 3276 3893 aliam
3323 3837 3488 3905 hujus
3518 3836 3672 3889 vocis
3701 3849 3801 3888 ex-

2241 3926 2564 3994 positionem
2597 3927 2757 3984 habet
2783 3932 2923 4001 apud
2942 3932 3292 3988 Benedictum
3317 3931 3622 3995 Pererium,
3640 3927 3806 3983 Com-

2239 4025 2464 4072 mentar.
2495 4021 2550 4070 in
2597 4018 2778 4075 Gener.
2835 4022 2930 4076 lib.
2963 4038 3002 4077 ι.
3056 4022 3115 4078 In
3153 4024 3299 4078 illius
3340 4031 3522 4076 tamen
3571 4022 3815 4078 materia.

2238 4109 2552 4178 exponenda
2592 4111 2817 4168 minime
2844 4116 3196 4171 conveniunt.
3232 4113 3607 4170 Theodoretus
3653 4129 3806 4185 qua.»

2239 4201 2403 4255 stion.
2441 4201 2502 4256 11
2529 4203 2583 4256 in
2617 4201 3159 4276 Genes.iPropterea,
3215 4206 3413 4276 inquit,
3467 4207 3806 4277 appellatum

2239 4291 2656 4361 firmamentum,
2681 4296 2826 4365 quod
2855 4310 2922 4352 ex
2961 4312 3124 4368 aqua,
3171 4313 3292 4368 qua:
3324 4299 3477 4367 prius
3495 4304 3610 4352 erat
3633 4296 3804 4362 ﬂuxa,

2237 4391 2288 4435 et
2321 4382 2619 4452 liquabilis,
2650 4387 3129 4443 vehementissime
3173 4389 3424 4458 spissata,
3474 4388 3806 4444 fortissime-

2237 4488 2342 4543 que
2359 4474 2608 4529 indurata
2625 4485 2939 4534 concretum
2963 4479 3138 4536 fuerit.
3156 4479 3300 4535 idem
3337 4480 3502 4534 tradit
3527 4479 3807 4550 Iosephus

2237 4566 2332 4622 lib.
2362 4567 2663 4640 tAntiquit.
2693 4569 2934 4637 Judaic.,
2980 4589 3102 4642 cap.
3141 4575 3165 4627 1
3193 4592 3208 4639 ;
3257 4572 3600 4636 Gennadius.
3632 4574 3805 4628 Seve-

2233 4661 2422 4717 rianus
2443 4670 2636 4718 catena
2661 4665 2713 4720 in
2731 4666 2876 4722 hunc
2895 4667 3097 4731 locum,
3119 4667 3316 4737 quibus
3339 4669 3613 4723 consentit
3629 4667 3806 4734 Beda;

2232 4760 2287 4807 et
2308 4755 2595 4810 conﬁrmat
2623 4759 2800 4815 verbis
2825 4759 2970 4814 Petri
2995 4764 3434 4817 commemoratis
3464 4778 3493 4816 a
3519 4761 3808 4818 Clemente

2232 4845 2325 4900 lib.
2349 4863 2385 4900 ιι
2413 4847 2680 4920 Rocogm't.
2718 4849 2872 4923 Hugo
2913 4852 3108 4908 Adnot.
3140 4855 3193 4906 in
3229 4852 3438 4919 Genes.,
3466 4856 3634 4925 capit.
3670 4855 3800 4920 6,et

2231 4939 2582 5000 alii.Basilius
2598 4945 2735 5000 hanc
2753 4946 3073 5001 sententiam
3091 4947 3376 5010 deridet,et
3389 4950 3596 5018 puerile
3613 4957 3794 5013 vocat,

2229 5035 2427 5090 (tm-lum
2457 5037 2710 5092 arbitrari
2741 5038 2912 5094 fuisse
2942 5055 3008 5094 ex
3039 5055 3176 5109 aqua
3210 5050 3504 5108 concreta;
3531 5050 3585 5098 et
3609 5053 3800 5098 censet

2228 5129 2627 5184 firmamentum
2663 5146 2728 5186 ex
2766 5134 2916 5188 tenui
2945 5131 3179 5202 quadam
3218 5134 3448 5190 materia
3486 5135 3668 5205 qualis
3711 5143 3797 5190 est

2228 5232 2407 5287 aerea,
2443 5221 2794 5277 vehementer
2833 5231 3015 5278 tamen
3077 5223 3304 5279 densata
3359 5235 3415 5279 et
3462 5225 3792 5295 constipata,

2227 5309 2400 5367 fuisse
2418 5312 2732 5381 conflatum,
2764 5331 2926 5386 quem
2955 5317 3205 5387 sequitur
3231 5317 3577 5375 Ambrosius.

2294 5427 2456 5492 lbid.,
2492 5429 2589 5484 lin.
2634 5431 2722 5486 Η.
2751 5432 2860 5486 Καὶ
2895 5432 3260 5501 διεχώρησεν
3280 5437 3313 5488 d
3333 5435 3499 5500 Θεός.
3530 5431 3789 5499 Quaenam

2227 5517 2334 5573 sint
2367 5518 2449 5574 ha:
2476 5536 2630 5589 aqua?
2655 5537 2775 5590 quae
2809 5534 2936 5578 sunt
2962 5539 3125 5594 supra
3148 5523 3546 5578 firmamentum
3581 5523 3673 5577 diu
3705 5529 3789 5576 est

2223 5613 2509 5681 q1l1£$lllllll
2555 5622 2609 5668 et
2656 5613 3013 5686 disputatum.
3045 5617 3304 5673 Albertus
3342 5616 3569 5687 Magnus
3597 5616 3652 5680 ἓ,
3702 5615 3787 5669 di-

2225 5705 2410 5760 stinct.
2434 5707 2521 5773 li,
2548 5707 2765 5764 articul.
2798 5711 2862 5777 l;
2897 5708 3220 5780 [Egidiusin
3252 5709 3506 5765 Ilexaem.
3540 5725 3664 5779 cap.
3693 5706 3787 5768 li:

2223 5798 2554 5857 Catbarinus
2585 5809 2635 5859 et
2680 5801 2770 5856 alii
2804 5802 3140 5879 Scripturam
3176 5803 3247 5860 ita
3278 5804 3572 5875 explicant,
3605 5810 3661 5857 ut
3693 5814 3789 5855 no-
