4072 6342
265 333 375 390 829

1254 329 1320 383 IN
1362 328 1736 386 EUSTATHII
1772 331 2245 392 HEXAEMERON
2283 334 2515 393 NO'UE.

3390 334 3494 391 850

263 450 413 504 mine
450 444 775 501 firmamenti
813 445 1147 517 intelligatur
1188 447 1384 503 ccelum
1413 448 1685 504 stellatum
1730 465 1826 505 su-
1857 451 2059 517 Alius,
2096 454 2242 508 hom.
2270 454 2305 508 5
2347 455 2402 507 in
2435 448 2726 515 Hexaem.;
2758 450 3091 523 Epiphanius
3125 452 3179 506 in
3223 451 3392 521 Epist.
3426 451 3496 507 ad

264 554 365 611 pra
392 536 542 608 quod
566 536 920 607 perhibentur
938 552 1061 599 esse
1083 553 1256 608 aqua,
1281 537 1333 603 id
1356 547 1442 594 est
1460 555 1639 597 nonus
1668 552 1722 595 et
1737 542 1830 597 de-
1928 542 2185 598 Joannem
2206 544 2750 615 Hierosolymitanum
2770 560 2789 610 ;
2810 545 3255 615 Cltrysostomus,
3274 545 3421 600 hom.
3440 545 3497 614 4,

266 633 446 687 cimus
489 631 641 685 orbis
683 646 837 700 aqua:
890 630 1302 686 similitudinem
1355 630 1678 699 referentes,
1736 634 1829 703 qui
1928 636 2062 689 etin
2092 635 2492 705 psat.cxr.vm;
2531 636 2771 707 Cyrillus
2807 632 3355 705 Hierosolymitanus,
3394 633 3501 695 Ca-

269 723 516 793 undique
546 721 867 776 translucidi
901 731 1051 787 sunt,
1090 738 1188 777 nec
1227 723 1391 783 ullam
1428 723 1482 777 in
1524 740 1582 779 se
1621 725 1830 780 stellam

267 816 502 883 habent;
547 816 634 872 vel
686 816 762 870 ita
820 823 879 870 ut
932 831 1028 886 per
1076 815 1479 871 firmamentum
1514 816 1833 888 designetur

270 921 388 972 aer,
425 920 597 977 aquas
621 921 749 960 vero
779 920 873 961 eas
910 906 1114 971 vocari,
1150 921 1271 975 quae
1302 906 1538 977 pluendo
1575 907 1834 962 decidunt

190 1020 207 1035 π
270 997 329 1053 in
352 1006 579 1063 terram,
615 998 847 1068 illasque
875 998 944 1053 ab
965 998 1067 1061 his,
1102 1014 1223 1068 quae
1253 1014 1420 1069 supra
1453 1006 1659 1054 terram
1682 1008 1831 1064 sunt,

271 1088 521 1157 separari
547 1087 708 1149 calo,
746 1089 845 1141 hoc
900 1095 984 1141 est
1015 1102 1160 1142 aere.
1194 1087 1260 1142 Et
1298 1090 1399 1144 hoc
1438 1089 1690 1146 videntur
1721 1106 1838 1143 am-

271 1181 443 1250 plecti
473 1179 815 1250 Augustinus
850 1179 943 1234 lib.
976 1194 1015 1233 ιι
1050 1177 1122 1233 De
1152 1178 1338 1235 Genesi
1369 1180 1437 1234 ad
1465 1183 1594 1248 litt.,
1622 1197 1741 1251 cap.
1768 1182 1835 1248 είς

273 1268 640 1341 Hieronymus
669 1270 822 1338 epist.
842 1270 930 1339 85,
955 1269 1023 1323 ad
1047 1268 1336 1335 Oceanum,
1366 1271 1632 1327 refellitur
1658 1282 1839 1330 tamen

272 1377 307 1416 a
341 1361 640 1418 Francisco
672 1360 889 1417 Valesio
916 1362 991 1417 De
1021 1382 1177 1418 sacra
1208 1364 1559 1434 philosophia.
1585 1367 1748 1436 capit.
1786 1368 1838 1423 1.

272 1452 562 1524 Origenes,
599 1461 658 1509 ut
700 1453 864 1517 refert
898 1454 1237 1526 Epiphanius
1261 1456 1433 1527 Epist.
1467 1458 1535 1511 ad
1582 1457 1842 1515 Joannem

272 1545 846 1616 Hierosolymitanum,
873 1555 926 1602 et
947 1546 1309 1619 Hieronymus
1331 1551 1481 1617 epist.
1503 1549 1571 1603 ad
1598 1548 1845 1604 Pamma-

272 1636 475 1704 chium,
525 1636 661 1692 dixit
686 1652 877 1708 aquas,
900 1654 1021 1709 qua:
1062 1654 1229 1709 super
1262 1639 1654 1696 firmamentum
1691 1651 1841 1706 sunt,

272 1744 394 1800 non
448 1744 571 1785 esse
621 1744 813 1799 aquas,
846 1730 941 1785 sed
970 1746 1093 1787 esse
1138 1732 1359 1802 angelos
1387 1742 1641 1798 sanctos;
1674 1749 1845 1803 aquas

1932 726 2063 781 tech.
2094 727 2165 795 9;
2217 724 2591 783 Theodoretus
2638 727 2691 781 in
2740 724 2889 791 Gem,
2939 734 3131 796 quast.
3164 725 3259 793 11;
3304 725 3502 781 Proco-

1933 819 2055 890 pius
2084 820 2141 873 in
2168 817 2380 883 Cenem,
2405 834 2526 889 cap.
2562 820 2587 873 1
2612 837 2627 885 ;
2658 817 2983 889 Hippolytus
3012 825 3066 872 et
3097 817 3423 873 Severianus
3444 819 3500 873 in

1934 921 2145 976 catena,
2199 908 2520 981 Hithymius
2564 911 2620 963 in
2656 910 2793 979 psat.
2824 924 2949 974 cm;
3000 907 3239 965 Hilarius
3289 909 3341 960 in
3360 908 3497 975 psal.

1936 1016 2165 1067 cum;
2217 1002 2562 1064 Ambrosius,
2588 1000 2682 1054 lib.
2736 1015 2775 1054 ιι
2812 999 3092 1064 Heraea,
3128 1014 3247 1069 cap.
3293 998 3327 1051 5
3357 1004 3409 1053 et
3437 999 3503 1065 ις

1938 1088 2303 1160 Hieronymus
2329 1089 2498 1159 Epist.
2535 1090 2603 1144 ad
2639 1089 2937 1153 Oceanum;
2962 1090 3215 1158 August.,
3240 1088 3332 1141 lib.
3361 1104 3398 1141 ιι
3430 1088 3509 1144 De

1941 1180 2068 1238 Gen.
2125 1182 2192 1241 ad
2254 1184 2382 1247 litt.,
2426 1198 2544 1253 cap.
2599 1184 2654 1245 5,
2711 1189 2768 1237 et
2804 1181 2898 1235 lib.
2936 1196 2988 1234 xt
3028 1178 3103 1233 De
3149 1179 3356 1234 civitate
3388 1178 3506 1243 Dei,

1941 1291 2063 1346 cap.
2088 1276 2300 1342 ultimo,
2333 1285 2387 1330 et
2415 1276 2472 1327 in
2492 1274 2628 1344 psal.
2659 1289 2789 1340 cm;
2846 1271 3172 1327 Dracontius
3215 1271 3508 1342 llispanus,

1942 1369 2147 1425 Marius
2182 1368 2372 1423 Victor
2397 1368 2471 1423 De
2499 1382 2650 1436 opere
2679 1384 2772 1421 sex
2800 1365 3037 1429 dierum;
3063 1363 3365 1435 Drepanius
3388 1363 3513 1419 Flo-

1944 1478 2069 1526 rus,
2119 1463 2176 1516 in
2237 1459 2455 1531 Hymno
2518 1458 2684 1516 trium
2738 1470 3069 1527 puerorum;
3128 1454 3512 1519 Cassiodorus,

1945 1553 2173 1624 Haymo,
2198 1551 2405 1616 Bruno,
2428 1560 2481 1607 et
2504 1552 2593 1604 alii
2624 1565 2765 1619 quos
2789 1549 2976 1604 laudat
3004 1547 3269 1603 Martinus
3299 1547 3516 1603 Delrius

1945 1640 1999 1695 in
2031 1654 2151 1709 cap.
2193 1654 2209 1692 ι
2249 1636 2447 1692 Cenes.
2492 1636 2871 1707 ’Δμαϐἐστατα
2908 1635 3073 1705 igitur
3109 1632 3367 1689 Calvinus
3394 1632 3515 1688 bla-

1946 1741 2084 1788 terat
2126 1732 2267 1788 hanc
2312 1732 2638 1787 sententiam
2691 1747 2834 1798 esse,
2866 1738 2920 1787 et
2957 1745 2989 1784 a
3032 1745 3197 1785 sensu
3241 1728 3518 1785 communi

273 1837 411 1879 vero
441 1838 560 1893 qua:
584 1823 687 1879 sub
716 1822 1055 1881 firmamento
1081 1831 1207 1879 sunt
1238 1840 1359 1880 csse
1380 1824 1652 1881 diemones
1677 1827 1848 1882 malos
1882 1799 1921 1861 Β
1947 1825 2199 1886 alienam,
2228 1838 2349 1879 cum
2380 1836 2410 1875 a
2434 1832 2511 1876 tot
2540 1821 2816 1885 Patribus,
2848 1822 3024 1891 iisque
3057 1819 3413 1885 doctissimis,
3448 1819 3521 1875 sit

274 1929 308 1969 e
341 1914 486 1969 coelo
536 1914 738 1985 lapsos.
791 1916 851 1969 ln
890 1915 1032 1984 hanc
1060 1914 1388 1971 sententiam
1424 1932 1588 1986 quam
1615 1917 1848 1987 Epipha-

276 2005 409 2060 nius
432 2013 486 2060 et
509 2004 870 2078 Hieronymus
927 2007 1278 2072 damnarunt,
1315 2008 1550 2066 Basilius
1604 2008 1752 2066 hom.
1793 2011 1848 2073 5,

278 2096 337 2149 in
384 2095 662 2163 Heraean,
704 2112 999 2167 suppresso
1027 2097 1278 2169 Origenis
1307 2098 1549 2162 nomine,
1576 2098 1691 2153 haec
1726 2115 1853 2169 pro-

279 2186 365 2241 dit
386 2206 400 2241 :
427 2188 587 2258 Ἡμῖν
612 2188 670 2242 δὲ
700 2190 793 2244 καὶ
818 2189 952 2260 πρὸς
973 2191 1100 2255 τοὺς
1134 2191 1243 2244 ἀπὸ
1268 2190 1366 2260 τῆς
1382 2190 1706 2260 Ἐκκλησίας
1739 2190 1853 2245 ἐστι

279 2293 368 2340 τις
418 2277 573 2346 λόγος
624 2280 751 2351 περὶ
799 2278 905 2331 τῶν
946 2280 1325 2350 διακριθέντων
1368 2281 1591 2345 ὑδάτων,
1634 2282 1683 2335 οἳ
1726 2299 1856 2354 προ-

282 2371 449 2439 φάσει
481 2371 767 2443 ἀναγωγῆς
795 2373 888 2424 καὶ
913 2373 1197 2443 νοημάτων
1223 2372 1566 2445 ὑψηλοτέρων
1593 2374 1672 2437 είς
1696 2374 1858 2446 ἀλλη-

283 2460 478 2530 γορίας
510 2462 834 2532 κατέφυγον,
884 2463 1137 2534 δυνάμεις
1184 2463 1432 2533 λέγοντες
1484 2466 1858 2535 πνευματικὰς

286 2556 384 2608 καὶ
423 2555 743 2625 ἀσωμάτους
780 2557 1051 2627 τροπικῶς
1102 2559 1166 2609 ὲκ
1213 2556 1320 2610 τῶν
1351 2557 1557 2611 ὑδάτων
1604 2559 1860 2629 σημαίνε-

286 2644 446 2698 σθαι·
483 2647 573 2698 καὶ
608 2647 718 2700 ἄνω
754 2646 852 2718 μὲν
877 2646 968 2700 ἐπὶ
986 2646 1077 2699 τοῦ
1102 2646 1475 2717 στερεώματος
1500 2648 1860 2719 μεμενηκέναι

282 2733 390 2798 τὰς
428 2736 761 2805 κρείττονας.
788 2738 937 2790 κάτω
978 2737 1035 2790 δὲ
1063 2740 1173 2801 τοῖς
1209 2739 1501 2810 περιγείοις
1534 2740 1626 2795 καὶ
1660 2740 1860 2804 ὑλικοϊς

281 2826 477 2890 τόποις
498 2831 929 2898 προσαπομεῖναι
952 2827 1048 2895 τὰς
1066 2829 1325 2898 πονηράς.
1347 2829 1445 2883 Διὰ
1467 2830 1625 2882 τοῦτο
1648 2830 1703 2884 δέ
1732 2848 1862 2899 φασι

285 2916 390 2970 καὶ
434 2916 505 2969 τά
552 2917 735 2985 ἐπάνω
766 2917 871 2969 τῶν
900 2916 1142 2989 οὐρανῶν
1184 2917 1351 2971 ὑδατα
1398 2920 1564 2971 αἰνεῖν
1592 2920 1680 2972 τὸν
1710 2920 1861 2985 Θεὸν,

282 3008 541 3061 τουτέστι
575 3007 673 3069 τάς
706 3008 913 3076 ἀγαθὰς
943 3008 1195 3078 δυνάμεις
1218 3008 1371 3074 ἀξίας
1400 3007 1561 3071 οὔσας
1581 3007 1668 3060 διὰ
1695 3006 1865 3061 καθα-

291 3101 499 3172 ρότητα
541 3099 635 3154 τοῦ
682 3099 1006 3171 ἡγεμονικοῦ
1036 3099 1124 3151 τὸν
1153 3099 1434 3170 πρέποντα
1472 3100 1641 3170 ὕμνον
1676 3101 1863 3156 ἀποδι-

288 3194 444 3250 δόναι
476 3194 551 3265 τῷ
584 3194 827 3259 κτίσαντι
845 3211 858 3223 ·
892 3193 961 3246 τὰ
984 3193 1040 3247 δὲ
1062 3193 1316 3247 ὑποκάτω
1336 3193 1444 3251 τῶν
1470 3194 1711 3265 οὑρανῶν
1741 3194 1865 3248 ὑδαη

286 3302 367 3344 τα
394 3285 738 3356 πνευματικά
759 3280 896 3337 εἶναι
920 3288 1017 3355 τῆς
1046 3284 1306 3355 πονηρίας
1337 3284 1445 3339 ἀπὸ
1477 3285 1570 3337 τοῦ
1600 3285 1740 3353 κατά
1768 3285 1867 3355 φύ-

292 3398 384 3436 σιν
408 3379 575 3450 ὕψους
595 3380 673 3443 είς
695 3378 754 3431 τὸ
784 3378 881 3448 τῆς
904 3376 1099 3440 κακίας
1126 3376 1286 3446 βάθος
1313 3379 1708 3443 καταπεσόντα,
1725 3379 1867 3450 ἆπερ

290 3470 375 3536 ὡς
406 3470 695 3543 ταραχώδη
725 3470 874 3537 ὄντα,
896 3470 989 3523 καὶ
1038 3470 1415 3537 στασιαπικά,
1438 3471 1533 3532 καὶ
1566 3473 1677 3533 τοῖς
1707 3470 1868 3541 θορύ-

292 3566 417 3628 σοις
446 3562 554 3617 τῶν
585 3561 771 3616 παθῶν
813 3560 1206 3632 κυμαινὸμενα,
1233 3559 1502 3613 Θάλασσαν
1533 3560 1871 3631 ὠνομάσθαι,

292 3654 391 3710 διά
420 3653 483 3707 τὸ
524 3651 822 3723 μετάὸητον
860 3652 952 3704 καὶ
977 3650 1206 3704 ἄστατον
1239 3650 1346 3707 τῶν
1378 3649 1519 3703 κατά
1552 3652 1867 3723 προαίρεσιν

293 3746 637 3817 κινημάτων.
669 3744 807 3806 Τοὺς
849 3742 912 3813 δὴ
954 3741 1225 3806 τοιούτους
1252 3742 1444 3811 λόγους
1472 3742 1546 3806 ὼς
1580 3743 1869 3814 ὀνειράτων

298 3838 644 3909 συγκρίσεις,
674 3836 768 3889 καὶ
791 3833 1052 3906 γραώδεις
1089 3833 1289 3904 μύθους
1316 3834 1791 3905 ἀποπεμψάμενοι,
1811 3834 1871 3887 τὸ

298 3930 451 4001 ὕδωρ
478 3928 618 3999 ὕδωρ
645 3927 944 3998 νοήσωμεν,
972 3926 1066 3980 καὶ
1098 3925 1195 3997 τὴν
1218 3925 1488 3997 διάκρισιν
1521 3924 1617 3997 τὴν
1650 3926 1753 3979 ὑπὸ
1777 3924 1871 3979 τοῦ

301 4019 683 4091 στερεώματος
714 4018 1009 4087 γενομένην
1040 4016 1181 4070 κατά
1202 4016 1299 4087 τὴν
1329 4016 1678 4070 ἀποδοθεῖσαν
1696 4016 1873 4070 αἰτίαν

300 4112 603 4183 δεξώμεθα.
633 4110 886 4165 Valesius
913 4110 1033 4163 loco
1058 4108 1171 4179 jam
1198 4109 1345 4163 dicto
1371 4110 1464 4173 ait,
1492 4109 1689 4163 cwlum
1721 4108 1873 4175 illud,

304 4205 455 4275 quod
522 4203 738 4274 plurimi
788 4202 927 4256 hanc
991 4200 1059 4255 ob
1110 4216 1327 4257 causam
1379 4210 1575 4256 vocant
1611 4200 1877 4271 crystalli-

308 4312 468 4359 num,
494 4310 725 4365 aqueum
755 4310 873 4350 esse
907 4309 1046 4363 aqua
1074 4294 1306 4364 quadam
1334 4293 1541 4348 caelesti
1580 4307 1700 4362 qua:
1728 4292 1879 4361 puri-

309 4397 427 4446 tate
456 4404 651 4458 aquam
677 4388 897 4454 referat,
920 4403 1030 4442 non
1064 4395 1242 4441 tamen
1271 4386 1488 4456 frigore,
1510 4394 1603 4439 aut
1629 4385 1873 4448 humore,

1949 1933 2059 1972 uno
2103 1932 2195 1970 ore
2238 1924 2491 1984 recepta;
2523 1922 2575 1969 et
2604 1930 2834 1985 prorsus
2864 1913 3261 1977 incredibilem,
3283 1927 3405 1965 cum
3432 1926 3521 1967 sa-

1950 2023 2045 2063 cra
2070 2006 2353 2077 Scriptura
2376 2008 2428 2062 id
2459 2006 2823 2076 apertissimis
2850 2005 3051 2070 verbis,
3070 2012 3123 2058 et
3147 2003 3276 2058 alibi
3304 2002 3521 2066 innuat,

1950 2101 2100 2170 cujus
2149 2100 2321 2169 major
2352 2109 2430 2154 est
2486 2099 2801 2161 auctoritas,
2864 2113 2930 2155 ex
2990 2095 3317 2167 Augustino,
3363 2110 3524 2164 quam

1952 2194 2121 2247 omnis
2149 2193 2339 2262 ingenii
2357 2192 2573 2245 humani
2588 2192 2878 2259 capacitas.
2896 2187 2961 2243 Et
2982 2185 3431 2259 quemadmodum
3466 2184 3523 2239 in

1954 2284 2039 2340 his
2071 2284 2217 2339 fatue
2232 2284 2446 2348 delirat,
2471 2284 2545 2341 ita
2569 2292 2623 2338 et
2646 2282 2780 2339 fides
2801 2282 2921 2351 ejus
2944 2288 3257 2345 accusatur,
3280 2287 3335 2334 et
3355 2277 3523 2333 veluti

1955 2379 2240 2447 impostor,
2310 2377 2651 2446 mendaxquo
2710 2374 3002 2434 refellitur,
3057 2386 3183 2426 cum
3238 2368 3527 2425 manifesto

1956 2471 2220 2526 mentitur
2265 2471 2534 2533 scribens,
2566 2468 2880 2523 Catholicos
2902 2466 3039 2521 velle
3076 2480 3177 2535 pro
3205 2463 3308 2517 fide
3340 2472 3529 2517 tenen-

1958 2562 2109 2627 dum,
2159 2562 2257 2616 has
2321 2576 2492 2631 aquas
2547 2575 2710 2630 supra
2761 2559 2931 2613 cmlos
2969 2572 3127 2612 veras
3174 2569 3344 2626 aquas
3384 2567 3526 2616 esse,

1960 2667 2084 2706 cum
2114 2651 2272 2704 aliam
2321 2650 2646 2706 sententiam
2679 2664 2799 2719 quae
2830 2663 2955 2707 cum
2997 2646 3102 2701 ista
3137 2644 3360 2703 minime
3397 2656 3531 2696 con-

1962 2745 2129 2807 venit,
2156 2743 2421 2797 Catholici
2462 2742 2585 2808 viri,
2615 2742 2970 2810 maximaeque
2997 2736 3320 2793 eruditionis
3344 2733 3533 2803 vulga-

1963 2836 2071 2890 rint
2102 2834 2337 2905 publice,
2381 2840 2435 2888 et
2487 2834 2663 2903 palam
2697 2831 2855 2886 tutati
2896 2831 3023 2885 sint.
3060 2827 3447 2883 [hereticorum
3482 2824 3532 2878 is

1963 2941 2081 2981 mos
2116 2935 2220 2991 est,
2259 2932 2314 2979 et
2344 2922 2636 2986 dementia,
2667 2929 2726 2974 ut
2775 2934 2895 2989 qua:
2920 2918 3123 2972 dixeris
3166 2920 3445 2977 accusent,
3478 2917 3533 2966 ot

1964 3018 2213 3073 refellent
2260 3016 2475 3071 etiamsi
2530 3014 2815 3069 verissima
2860 3013 2989 3073 sint,
3029 3025 3150 3079 quas
3189 3023 3295 3062 non
3327 3004 3532 3061 dixeris

1890 3142 1935 3200 ο
1967 3112 2269 3181 imponant,
2292 3117 2351 3163 ut
2382 3108 2603 3171 iterum,
2634 3114 2689 3161 et
2720 3102 3091 3159 accusationis
3139 3110 3193 3155 et
3240 3097 3534 3168 reprehen-

1966 3199 2138 3255 sionis
2177 3212 2365 3253 ansam
2398 3196 2687 3266 arripiant.

2033 3291 2150 3347 Col.
2198 3289 2321 3354 712,
2355 3289 2451 3343 lin.
2486 3287 2575 3345 14.
2602 3287 2782 3341 Ὥστε
2814 3283 2913 3339 καὶ
2950 3281 3150 3338 ἐπάνω
3184 3276 3355 3335 εἶναι.
3392 3278 3537 3336 Cou-

1967 3382 2242 3439 stantiuus
2276 3378 2555 3434 Manasses
2587 3378 2639 3431 in
2669 3374 2866 3430 Annal.
2886 3387 2906 3426 :

1974 3510 2109 3563 Τότε
2133 3506 2231 3561 καὶ
2256 3506 2369 3573 τήν
2396 3504 2774 3573 scaneili-rer
2806 3500 3002 3573 sariam
3020 3497 3135 3564 τὴν
3161 3496 3413 3573 bifaria?-

1968 3581 2077 3634 Καὶ
2091 3578 2195 3643 τὰς
2210 3568 2522 3640 ἀϐύσσους
2537 3568 2768 3637 διελὼν,
2791 3568 3129 3643 καὶτούτων
3143 3568 3259 3643 per
3282 3568 3538 3635 ἀρίστην

1970 3650 2126 3720 Πρὸς
2164 3638 2719 3720 ῧψξοςμάνεγκόῃτον
2747 3642 2982 3720 κούφως
3008 3638 3365 3720 μετεωρίσας

1977 3708 2045 3774 Τί)
2067 3708 2133 3773 δὲ
2156 3708 2253 3772 evil
2284 3708 2396 3787 ﬁo
2427 3708 2737 3769 ἀπολιπὼν
2761 3712 2984 3778 ἔστησε
3012 3709 3224 3761 τούτων
3253 3708 3466 3777 μέσον.

2040 3842 2143 3895 Τὸν
2178 3840 2405 3911 οὐρανὸν
2434 3837 2621 3908 ὥσπερ
2648 3832 2920 3906 φραγμὸν,
2946 3831 3134 3901 ὥσπερ
3179 3829 3402 3902 στερρὸν
3430 3842 3541 3881 τει-

1975 3934 2108 4006 χίον.
2144 3935 2202 3989 ln
2230 3946 2393 3989 versu
2424 3928 2667 3985 secundo
2689 3924 3007 3983 καὶτούτων
3035 3924 3131 3995 μὲν
3166 3923 3395 3993 ἀρίστην
3411 3920 3540 3992 quid

1975 4032 2048 4086 sit
2094 4043 2202 4083 non
2254 4026 2431 4096 capio.
2460 4023 2686 4093 Corrigo
2719 4022 2813 4074 καὶ
2853 4020 3060 4073 τούτων
3085 4018 3146 4070 τὸ
3175 4018 3273 4087 μὲν
3301 4018 3431 4071 ἅνω.
3463 4015 3541 4069 Ita

1974 4121 2118 4179 enim
2169 4129 2222 4175 et
2254 4119 2539 4174 veritatem
2587 4115 2703 4179 Dei,
2742 4123 2796 4169 et
2836 4110 3079 4167 auctoris
3112 4117 3349 4163 mentem
3386 4122 3543 4161 asse-

1977 4227 2226 4283 quemur.
2267 4210 2372 4266 Sed
2416 4209 2484 4263 ad
2531 4207 2663 4279 quid
2699 4222 2853 4277 aqua:
2880 4206 2987 4260 illa;
3012 4217 3134 4274 qua:
3170 4215 3336 4272 supra
3373 4200 3542 4255 ccelos

1978 4304 2136 4360 sunt?
2185 4301 2483 4371 Procopius
2538 4307 2595 4354 et
2642 4296 3039 4359 Theodoretus,
3070 4308 3139 4348 ne
3170 4293 3272 4358 sol,
3312 4293 3442 4345 luna
3488 4298 3544 4346 et

1980 4404 2127 4451 astra
2159 4404 2345 4466 utpote
2377 4394 2568 4465 ignita,
2625 4391 2823 4446 cmlum
2860 4406 2926 4444 ex
2956 4388 3113 4458 aquis
3143 4386 3298 4456 quasi
3324 4384 3546 4454 congla-

308 4479 769 4552 quemadmodum
824 4480 1044 4543 coelum,
1094 4486 1148 4533 et
1198 4486 1347 4533 astra
1398 4478 1556 4548 ignea
1598 4492 1719 4533 esse
1754 4477 1863 4546 igne

1979 4491 2179 4545 ciatum
2212 4488 2546 4551 dissolvant;
2588 4484 2751 4552 Beda,
2772 4484 2838 4537 ad
2865 4480 3272 4551 temperandum
3309 4478 3544 4533 calorem

307 4572 547 4644 quodam
578 4572 807 4635 ccelesti,
830 4572 921 4643 qui
953 4570 1364 4643 praestantioris,
1395 4586 1556 4640 quam
1584 4571 1879 4625 elementa-

309 4666 396 4731 ris
447 4671 531 4719 est
574 4674 800 4726 naturae,
836 4663 1044 4734 fulgore
1092 4663 1267 4718 solum
1302 4661 1541 4717 referens
1571 4663 1743 4725 illum,
1769 4676 1880 4717 non

311 4757 483 4813 etiam
532 4757 713 4811 calore
759 4763 813 4809 et
868 4755 1131 4811 siccitate.
1179 4755 1364 4825 Itaque
1404 4769 1600 4808 nomen
1630 4754 1790 4824 ignis,
1828 4762 1882 4821 et

312 4861 473 4921 aqua!
522 4866 628 4905 non
686 4852 903 4918 proprie
949 4847 1055 4902 dici
1101 4847 1167 4902 de
1205 4848 1469 4917 utrisque,
1504 4847 1599 4904 sed
1634 4848 1882 4918 analogia

311 4945 573 5014 quadam,
607 4949 666 4999 ut
694 4942 765 4997 sit
793 4941 989 5011 duplex
1030 4939 1170 5009 ignis
1197 4946 1251 4993 et
1280 4939 1475 5008 duplex
1510 4954 1651 5009 aqua
1684 4955 1883 4995 secun-

314 5035 449 5090 dum
497 5032 823 5104 analogiam,
848 5032 1194 5087 elementaris
1245 5031 1454 5091 scilicet
1506 5040 1559 5088 et
1624 5032 1880 5101 caelestis.

315 5125 613 5181 Multorum
647 5132 829 5180 tamen
884 5124 1107 5177 Patrum
1135 5123 1587 5193 quemadmodum
1612 5130 1665 5178 et
1691 5122 1885 5179 Eusta-

314 5218 420 5272 thii
445 5216 544 5272 fuit
569 5217 857 5281 sententia,
889 5230 984 5270 eas
1009 5228 1178 5285 aquas
1201 5229 1325 5277 esse
1351 5229 1506 5270 veras
1534 5229 1725 5283 aquas,
1743 5215 1887 5285 ejus-

316 5309 557 5384 demun
604 5307 818 5380 generis
874 5313 929 5361 et
989 5304 1176 5360 formae
1220 5318 1345 5359 cum
1390 5305 1477 5361 bis
1515 5304 1884 5367 inferioribus.

318 5399 554 5470 Ideoque
582 5401 679 5456 has
703 5416 872 5471 aquas
902 5414 933 5453 a
963 5397 1076 5454 Deo
1106 5413 1273 5469 supra
1302 5397 1501 5455 caelum
1522 5397 1729 5467 positas
1758 5412 1887 5453 ceu-

318 5505 463 5560 scnt,
516 5506 571 5550 ut
630 5493 787 5549 insiti
841 5490 1043 5563 algoris
1071 5490 1507 5560 Propinquitate,
1536 5488 1722 5561 ignem
1745 5487 1889 5545 side-

320 5604 500 5651 reum,
526 5588 899 5655 fervoremque
934 5584 1051 5639 axis
1072 5581 1294 5637 aetherei
1322 5582 1649 5646 minuerent,
1669 5596 1734 5637 ac
1754 5592 1890 5637 tem-

326 5688 596 5749 perarent.
637 5676 714 5732 lta
753 5676 1004 5733 Clemens
1036 5675 1316 5731 Romanus
1351 5673 1447 5728 lib.
1490 5688 1528 5727 ιι
1588 5672 1886 5744 Recognit.;

324 5770 574 5835 Justinus
624 5776 848 5842 martyr,
879 5775 1071 5840 quaest.
1106 5765 1193 5833 95,
1243 5764 1311 5819 ad
1347 5762 1715 5830 Orthodozos;
1742 5764 1889 5823 Basi-

1982 4598 2047 4637 ex
2075 4582 2127 4635 vi
2160 4587 2215 4635 et
2254 4587 2405 4633 motu
2454 4578 2691 4634 siderum
2718 4584 2933 4643 ortum;
2964 4572 3236 4635 Justinus,
3264 4571 3332 4625 ad
3364 4568 3548 4638 depri-

1982 4670 2233 4729 mendum
2285 4669 2705 4732 ﬁrmamentum,
2732 4681 2801 4720 ne
2842 4679 3064 4719 sursum
3084 4662 3326 4728 feratur;
3357 4658 3549 4713 Hiero-

1983 4776 2178 4833 nymus
2225 4759 2493 4824 Oleaster,
2521 4766 2584 4813 ut
2636 4758 2692 4813 in
2742 4757 2949 4812 diluvio
2976 4755 3088 4811 Noe
3114 4771 3211 4826 per
3241 4760 3549 4809 cataractas

1983 4853 2195 4909 emissa:
2216 4861 2417 4907 terram
2439 4852 2753 4906 obruerent.
2768 4850 2872 4904 Alii
2894 4857 2953 4913 ut
2975 4849 3107 4904 solis
3131 4856 3185 4904 et
3206 4848 3346 4901 lunae
3365 4843 3548 4899 radios

1985 4946 2328 5001 reverberent
2376 4960 2582 5015 eosque
2629 4944 2886 4999 deorsum
2921 4941 2990 4997 ad
3019 4950 3219 4996 terram
3260 4936 3546 5007 repellant.

1984 5037 2089 5091 Alii
2123 5036 2193 5091 ad
2232 5044 2486 5092 ornatum
2518 5036 2780 5099 universi,
2810 5043 2921 5088 tum
2962 5040 3022 5093 ut
3054 5031 3252 5086 matrix
3282 5029 3399 5084 hac
3432 5039 3547 5081 cut-

1986 5128 2162 5189 lorum
2214 5127 2509 5185 creationis
2564 5126 2729 5182 index
2775 5130 3036 5188 exstaret,
3068 5135 3232 5193 quam
3280 5132 3447 5189 supra
3489 5131 3550 5171 se

1987 5218 2113 5280 caeli
2146 5232 2362 5286 semper
2412 5217 2774 5279 intuerentur,
2806 5221 2919 5267 tum
2952 5213 3018 5267 ad
3048 5212 3380 5281 voluptatem
3422 5222 3550 5264 sane

1986 5319 2222 5375 Clarum,
2267 5321 2330 5368 ut
2378 5312 2534 5382 aquis
2588 5311 2739 5367 hisce
2778 5306 3107 5379 crystallinis
3151 5303 3295 5359 oculi
3322 5314 3552 5373 pascan-

1986 5412 2097 5461 tur.
2131 5403 2229 5459 Vel
2259 5411 2320 5459 ut
2362 5404 2506 5459 sicut
2560 5418 2701 5474 aqua
2748 5402 2861 5457 ha‘c
2909 5399 3020 5459 aeri
3056 5404 3267 5461 nostro,
3297 5394 3373 5450 ita
3398 5404 3553 5463 aqua

1988 5494 2093 5548 illze
2138 5493 2739 5556 subservirentanheri,
2762 5489 2857 5562 qui
2885 5495 2969 5545 est
2997 5488 3057 5544 in
3090 5486 3231 5542 caelo
3275 5496 3550 5555 empyreo.

1991 5585 2142 5641 Mitto
2168 5600 2342 5655 nugas
2370 5586 2622 5641 aliorum.

2063 5670 2225 5733 lbid.,
2265 5672 2361 5725 lin.
2396 5671 2485 5725 18.
2531 5672 2595 5724 '0
2657 5670 2724 5726 δὲ
2777 5668 2952 5738 αἰθὴρ
2989 5664 3283 5734 πυρώδης.
3318 5657 3554 5716 Basilius

1993 5764 2139 5820 hom.
2172 5765 2205 5820 5
2233 5784 2245 5820 :
2282 5763 2383 5818 Τὸν
2424 5763 2480 5816 δὲ
2512 5761 2705 5845 αίθέρα
2728 5779 2810 5826 τις
2839 5760 3165 5832 ἀμφιϐάλλει
3202 5755 3274 5829 μὴ
3301 5754 3421 5824 οὑ)ιί¹
3457 5766 3553 5802 πυ-
