4072 6342
583 267 684 324 851

1925 276 2171 334 ιΕοΝιε
2206 277 2478 336 Αιιλτη

3712 288 3816 343 832

587 386 728 458 ρώόη
781 381 916 440 εἶναι
966 389 1058 442 καὶ
1101 389 1322 462 διακαῆ,
1361 392 1420 456 ὃς
1449 395 1497 447 εἰ
1543 395 1618 466 μὴ
1650 395 1724 466 τῷ
1757 396 2035 467 ἀναγκαίῳ
2063 396 2133 450 τοῐ

2255 404 2364 463 tur,
2394 406 2449 454 et
2473 407 2556 454 est
2592 398 2794 468 pluvia,
2833 415 2927 454 seu
2964 402 3158 469 stillae;
3203 401 3249 458 si
3279 403 3384 458 erit
3404 404 3654 476 spissior,
3679 405 3822 463 ﬁunt

584 480 903 550 ποιήσαντος
951 480 1112 534 αὑτὸν
1162 483 1271 554 ὅρῳ
1323 487 1625 556 κατείχετο,
1677 487 1728 540 τί
1765 487 1830 542 ἂν
1879 487 2148 543 ἐκώλυσεν

579 570 744 625 αὐτὸν
774 571 948 626 πάντα
979 573 1314 643 φλογίζοντα,
1335 578 1428 631 καὶ
1461 579 1928 651 καταπιμπρῶντα
1954 581 2148 652 συνεχῆ

584 663 763 715 πᾶσαν
810 664 943 733 ὁμοῦ
983 665 1084 737 τὴν
1116 668 1174 718 ὲν
1217 671 1332 732 τοῖς
1381 666 1532 723 οὖσιν
1576 669 1910 738 ἐξαναλῶσαι
1942 671 2148 738 νοτίδα;

581 754 679 807 Διὰ
707 753 879 808 ταῦτα
916 756 1059 828 ὕδωρ
1101 758 1282 831 ἀέριον
1311 761 1518 829 γίνεται
1542 762 1868 832 νεφουμένου
1906 763 1998 816 τοῦ
2037 764 2148 818 ἀνω

579 860 743 899 τοπου
773 849 838 900 ἐκ
867 848 964 916 τῆς
990 849 1263 920 ἀναφορᾶς
1294 851 1402 904 τῶν
1430 851 1639 923 ἀτμῶν,
1655 853 1749 918 οὒς
1775 855 2026 926 πααμοὶ,
2052 855 2148 908 καὶ

481 937 498 956 ”
578 937 797 1009 κρῆναι,
839 941 932 992 καὶ
961 940 1186 1012 τενάγη,
1219 941 1316 996 κα)⁸
1342 941 1550 1013 λίμναι,
1581 946 1675 1002 καὶ
1724 946 1932 1018 πελάγη
1968 947 2145 1000 πάντα

581 1030 856 1098 προΐενται
906 1031 980 1096 ὡς
1021 1031 1087 1096 ἂν
1117 1033 1193 1104 μὴ
1228 1033 1406 1088 πάντα
1437 1035 1728 1107 πυρακτῶν
1765 1039 1794 1090 ό
1830 1036 1991 1109 αἰθὴρ
2022 1038 2144 1092 ὲπι-

579 1119 752 1174 λάϐοι.
783 1121 976 1178 ,λΕιιιει-
995 1123 1126 1195 quid
1157 1126 1250 1191 sit,
1282 1141 1388 1181 non
1414 1142 1520 1181 una
1551 1133 1636 1184 est
1661 1128 1901 1184 omnium
1926 1137 2145 1184 senteno

578 1212 686 1280 tia;
722 1213 939 1283 quidam
974 1216 1353 1272 existimarunt
1395 1233 1518 1274 esse
1567 1234 1744 1276 aerem
1777 1219 2028 1290 ignitum,
2052 1223 2144 1279 alii

580 1304 802 1358 caelum.
833 1303 1168 1377 Porphyrius
1198 1318 1252 1364 et
1289 1318 1415 1366 ante
1461 1327 1585 1366 eum
1635 1312 1884 1383 Orpbeus
1909 1321 2141 1370 mentem

579 1403 634 1451 et
665 1397 992 1452 intellectum
1027 1399 1177 1456 Jovis
1223 1405 1582 1473 appellarunt,
1611 1405 1929 1462 Aristoteles
1985 1408 2078 1462 lib.
2125 1423 2141 1461 ι

578 1485 656 1540 De
681 1488 830 1552 cwlo,
862 1504 981 1559 cap.
1013 1491 1067 1551 5.
1113 1499 1166 1548 et
1196 1495 1371 1563 primo
1400 1493 1644 1560 Meteon,
1693 1511 1907 1552 necnon
1938 1506 1994 1553 et
2041 1497 2138 1554 lib.

577 1579 656 1632 De
681 1579 895 1643 mundo,
923 1583 970 1636 si
1004 1591 1182 1638 tamen
1229 1584 1550 1642 Aristoteles
1587 1587 1712 1641 libri
1757 1586 1905 1642 illius
1954 1599 2142 1644 auctor

577 1676 694 1734 est,
751 1672 820 1726 ad
879 1671 1267 1742 Alexandrum,
1324 1679 1522 1734 aethera
1598 1679 1719 1735 cmli
1796 1679 2140 1752 siderumque

2250 486 2473 551 imbres,
2510 497 2672 558 atque
2704 489 2894 545 nimbi.
2932 490 3007 544 Ex
3049 492 3248 562 quibus
3286 492 3361 547 ita
3400 494 3653 548 lacunam
3681 509 3816 565 sup—

2249 579 2336 648 ple
2371 598 2383 632 :
2416 579 2622 632 Γίνεται
2676 579 2732 632 δὲ
2778 579 2950 644 οὕτως
2997 582 3025 633 ὁ
3084 581 3252 645 ὑετός.
3306 581 3630 652 Συνάγονται
3685 587 3814 655 apt

2246 671 2325 734 τὸ,
2351 680 2454 728 etc.

2316 768 2474 835 lbid.,
2510 771 2606 826 lin.
2631 771 2719 824 ‘27.
2762 772 2833 826 Ἠ
2853 771 2920 824 δὲ
2945 771 3090 842 χιὼν
3120 774 3189 827 ἐκ
3216 772 3331 827 τῶν
3355 773 3607 829 ὑδάτων.
3651 774 3810 831 Basi-

2245 857 2370 922 lius,
2418 859 2564 914 hom.
2619 861 2692 917 3:
2727 863 2893 916 Ὅταν
2946 862 3005 916 δὲ
3062 863 3123 917 τὸ
3163 865 3324 936 ὑγρὸν
3355 863 3651 939 ὲξαφρισθῇ
3689 873 3810 933 ταῖς

2247 950 2388 1020 βίαις
2413 952 2520 1005 τῶν
2548 954 2760 1025 ἀνέμων
2783 955 3072 1020 ἀνακοπὲν,
3102 953 3217 1010 εἶτα
3245 959 3326 1021 εἰς
3351 959 3519 1031 ἀκρον
3560 960 3807 1034 καταψυ-

2243 1048 2370 1119 χθὲν
2399 1049 2517 1103 ὅλον
2547 1048 2614 1102 δι’
2657 1049 2777 1104 ὅλου
2808 1052 2986 1120 παγῇ,
3026 1050 3357 1123 θραυομένου
3387 1053 3480 1106 τοῦ
3520 1053 3742 1126 νέφους,
3771 1058 3806 1128 ἡ

2243 1139 2376 1211 χιὼν
2417 1140 2802 1212 καταφέρεται.
2841 1140 2961 1195 Non
3009 1141 3295 1198 dissimilia
3337 1145 3498 1202 habet
3538 1144 3809 1220 Georgius

2245 1229 2455 1288 Pisides
2505 1232 2583 1288 De
2634 1235 2815 1289 mundi
2862 1238 3104 1306 opiﬁcio;
3161 1237 3369 1294 Plinius
3424 1241 3519 1294 lib.
3550 1257 3613 1306 ιι,
3637 1257 3691 1296 c.
3714 1242 3806 1309 60,

2245 1323 2562 1378 Crandinem
2594 1327 2920 1396 conglacialo
2954 1328 3116 1382 imbre
3146 1331 3318 1400 gigni,
3347 1340 3395 1384 et
3425 1332 3592 1399 nivem
3628 1332 3808 1387 eodem

2245 1413 2462 1466 humore
2493 1415 2706 1469 mollius
2760 1426 2960 1482 coacto,
2991 1419 3234 1488 pruinam
3268 1430 3440 1474 autem
3468 1437 3535 1476 ea:
3571 1437 3692 1476 rore
3723 1440 3809 1492 ge-

2243 1504 2372 1560 lido.
2414 1506 2519 1562 Sed
2564 1507 2712 1563 brevi
2748 1508 2800 1563 id
2827 1511 3160 1580 explicemus
3213 1527 3484 1568 sermone.
3529 1511 3588 1567 Si
3638 1529 3808 1584 vapor

2242 1597 2499 1654 humidus
2535 1599 2590 1654 in
2625 1601 2767 1655 aeris
2813 1601 2988 1656 media
3032 1602 3253 1673 regione
3281 1603 3574 1659 subvectus
3603 1605 3806 1661 densa-

2241 1699 2351 1756 tur,
2379 1706 2480 1746 nec
2520 1699 2635 1746 tum
2681 1694 3015 1763 congelatur,
3041 1694 3099 1748 iit
3126 1695 3327 1764 pluvia,
3356 1697 3440 1751 vel
3481 1699 3804 1768 congelatur

577 1761 957 1828 substantiam,
985 1765 1308 1822 elementum
1353 1783 1383 1822 a
1423 1778 1655 1839 quatuor
1681 1770 1803 1826 aliis
1823 1771 2136 1827 sublunari-
2163 1752 2210 1813 Β
2237 1752 2550 1856 priusquam
2619 1785 2676 1839 in
2747 1752 2940 1856 aquam
2989 1752 3352 1856 convertatur,
3394 1796 3448 1844 et
3492 1789 3551 1842 llt
3591 1752 3691 1845 nix
3735 1806 3800 1847 ex

574 1852 680 1908 bus
703 1853 1000 1921 diversum,
1021 1857 1286 1923 divinum,
1310 1869 1362 1916 et
1395 1862 1760 1932 corruptionis
1789 1878 2005 1933 expers,
2028 1878 2138 1918 non

572 1961 640 2002 eo
691 1949 908 2018 quidem
964 1953 1386 2024 nomine;quod
1434 1971 1558 2010 cum
1611 1957 1766 2028 ignea
1818 1957 1890 2019 sit
1925 1957 2135 2029 ﬂagret.

575 2035 681 2091 Sed
709 2039 855 2108 quod
874 2042 963 2095 ἀεὶ
982 2041 1081 2097 θεῖ.
1111 2044 1356 2115 Οὐρανοῦ
1384 2045 1440 2099 δὲ
1466 2048 1558 2101 καὶ
1583 2047 1796 2120 ἄστρων
1826 2048 2010 2102 οὐσίαν
2039 2050 2140 2120 μὲν

573 2131 765 2203 αἰθέρα
800 2131 1087 2204 καλοῦμεν,
1117 2136 1213 2206 οὐχ
1240 2136 1314 2201 ῶς
1341 2155 1502 2202 τινες,
1534 2138 1619 2192 διὰ
1640 2139 1700 2192 τὸ
1728 2139 1946 2212 πυρώδη
1971 2135 2136 2195 οὖσαν

573 2224 840 2288 αἴθεσθαι,
873 2227 1314 2298 πλημμελοῦντες
1364 2231 1492 2302 περὶ
1536 2232 1633 2302 τὴν
1685 2231 1930 2287 πλεῖστον
1969 2233 2136 2304 πυρὸς

569 2315 996 2390 ἀπηλλαγμένην
1035 2319 1280 2392 δύναμιν,
1317 2323 1450 2375 ἀλλὰ
1477 2323 1563 2376 διὰ
1585 2325 1646 2377 τὸ
1675 2325 1761 2378 ἀεὶ
1797 2325 1907 2379 θεῖν
1941 2327 2134 2380 κυκλο-

573 2409 919 2480 φορουμένην
968 2415 1225 2482 στοιχεῖον
1262 2409 1425 2468 οὖσαν
1483 2415 1664 2488 ἕτερον
1710 2416 1816 2471 τῶν
1859 2417 2134 2491 τεσσάρων

572 2499 849 2571 ἀκήρατόν
879 2521 938 2555 τε
967 2506 1059 2558 καὶ
1092 2504 1249 2559 θεῖον.
1281 2506 1343 2561 Et
1375 2509 1467 2564 lib.
1511 2525 1527 2562 ι
1578 2510 1656 2566 De
1684 2511 1808 2565 conlo
1842 2512 2134 2581 reprehen-

570 2589 656 2645 dit
703 2591 1097 2664 Anaxagoram,
1155 2597 1297 2667 quod
1355 2613 1453 2668 pro
1486 2599 1626 2672 igne,
1675 2601 1928 2658 aetherem
1974 2603 2129 2669 dixit,

567 2683 718 2752 quod
753 2691 807 2738 et
840 2686 979 2741 alios
1021 2686 1216 2744 fecisse
1268 2693 1403 2746 satis
1432 2701 1619 2747 notum
1659 2703 1760 2750 est.
1794 2693 1861 2748 Hi
1900 2710 2132 2765 namque

567 2772 642 2826 ab
684 2773 838 2839 αῐθω,
865 2792 973 2832 non
1032 2780 1100 2834 ab
1141 2781 1228 2834 ἀεὶ
1274 2781 1404 2843 θεῖν.
1442 2784 1693 2841 aetherem
1739 2786 2032 2851 deducunt,
2074 2787 2129 2842 in

566 2879 732 2934 quam
787 2871 1106 2926 sententiam
1139 2881 1194 2928 et
1230 2873 1420 2930 Cicero
1456 2876 1549 2930 lib.
1580 2891 1617 2929 ιι
1671 2876 1749 2932 De
1779 2887 1968 2933 natura
2010 2879 2132 2934 deo-

577 2972 699 3009 rum
734 2958 898 3015 ivisse
926 2960 1173 3030 videtur;
1211 2973 1265 3021 et
1309 2963 1622 3022 Phornutus
1649 2967 1779 3023 item
1813 2969 1888 3024 De
1939 2979 2131 3025 natura

565 3049 807 3116 deorum,
838 3068 957 3123 cap.
990 3052 1063 3110 De
1087 3057 1226 3111 coelo
1253 3059 1349 3112 :‘H
1379 3058 1434 3112 δὲ
1479 3060 1632 3113 οὐσία
1679 3060 1840 3114 αὐτοῦ
1877 3062 2128 3135 πυρώδης
2155 3091 2198 3150 c

567 3141 742 3208 ἐστιν,
775 3145 851 3209 ὡς
903 3146 1057 3218 δῆλον
1106 3150 1171 3202 ὲκ
1229 3149 1322 3204 τοῦ
1368 3151 1516 3222 ἡλίου
1568 3153 1660 3206 καὶ
1709 3155 1774 3206 ἐκ
1811 3153 1917 3206 τῶν
1956 3154 2129 3210 ἄλλων

565 3235 800 3309 ἄστρων.
836 3237 998 3293 Ὅθεν
1032 3241 1126 3294 καὶ
1155 3241 1318 3313 αἰθὴρ
1348 3243 1549 3316 ἐκλήθη
1579 3244 1640 3296 τὸ
1671 3243 1933 3309 ἐξώτατον
1966 3247 2129 3316 μέρος

567 3328 662 3384 τοῦ
693 3330 894 3402 κόσμου
914 3331 1022 3386 ἀπὸ
1044 3333 1136 3387 τοῦ
1167 3334 1434 3391 αἴθεσθαι.
1462 3335 1784 3392 Eustathius
1815 3347 1997 3392 tamen
2040 3339 2128 3393 hic

567 3437 670 3492 pro
696 3423 895 3502 aethere
922 3434 1175 3494 quartum
1209 3428 1538 3483 elementum
1574 3429 1844 3502 intelligit,
1877 3431 2128 3487 videlicet

568 3497 769 3584 ignem,
800 3517 893 3586 qui
923 3525 1089 3573 totam
1118 3526 1318 3574 terram
1347 3535 1444 3574 sua
1474 3520 1527 3573 vi
1561 3527 1615 3576 et
1645 3497 1898 3578 facultate
1929 3539 2128 3579 consu-

568 3614 759 3673 meret,
785 3609 889 3662 nisi
921 3616 976 3664 et
1014 3609 1174 3680 jussu
1215 3610 1423 3674 divino,
1455 3618 1510 3667 et
1544 3614 1699 3690 aquis
1725 3615 1900 3672 aereis
1918 3615 2128 3679 detine-

566 3703 739 3752 retur.

639 3786 758 3843 Col.
780 3789 899 3857 712,
926 3791 1021 3847 lin.
1045 3791 1134 3848 22.
1158 3796 1520 3866 Svrdmrtat
1546 3799 1678 3867 περὶ
1700 3799 1767 3853 τὸ
1783 3799 1956 3867 ὕψος.
1975 3799 2128 3855 Basi-

565 3875 675 3932 lius
721 3879 866 3934 hom.
919 3881 951 3934 5
978 3883 1398 3954 ιΣυναγομένων
1435 3887 1542 3958 γάρ
1580 3888 1688 3942 τῶν
1719 3889 2126 3960 ἀναθυμιάσεων

568 3971 697 4042 περὶ
719 3971 780 4025 τὸ
809 3972 962 4044 ὕψος,
989 3975 1082 4028 καὶ
1109 3979 1480 4049 πυκνουμένου
1501 3980 1594 4033 τοῦ
1621 3981 1780 4051 ἀέρος
1800 3986 1918 4045 ταῖς
1935 3985 1998 4035 ὲκ
2020 3982 2126 4036 τῶν

567 4063 891 4134 πνευμάτων
917 4065 1187 4138 πιλήσεσι,
1203 4069 1330 4122 ὅταν
1353 4070 1450 4140 μὲν
1474 4071 1528 4124 αἱ
1555 4071 1690 4135 τέως
1718 4071 2012 4142 ἀτμοειδῶς
2033 4075 2127 4126 καὶ

566 4155 777 4220 λεπτῶς
794 4157 1187 4232 ὲνεσπαρμέναι
1204 4161 1282 4233 τῷ
1301 4161 1449 4232 νέφει
1464 4163 1663 4228 νοτίδες
1685 4163 1939 4235 ἀλλήλαις
1959 4181 2125 4236 1:906.-

567 4251 884 4321 χωρήσωσι,
922 4254 1176 4322 σταγόνες
1223 4255 1460 4323 γίνονται
1529 4257 1604 4327 τῷ
1639 4257 1792 4327 βάρει
1838 4257 1947 4311 τῶν
1998 4275 2126 4327 συγ-

568 4341 860 4414 κριθέντων
915 4347 1208 4418 φερόμεναι
1246 4349 1307 4401 τὸ
1335 4349 1502 4403 κάτω.
1538 4351 1646 4404 Καὶ
1679 4350 1816 4421 αὕτη
1846 4351 1999 4404 ὑετοῦ
2030 4352 2124 4420 γέ-

2236 1871 2433 1942 frigore
2486 1879 2600 1927 tum
2639 1873 2849 1929 fortiori
2873 1857 3031 1944 quam
3065 1875 3269 1945 pluvia,
3299 1877 3382 1931 vel
3419 1886 3712 1954 postquam
3746 1881 3802 1936 in

2235 1977 2428 2033 aquam
2476 1963 2750 2019 resolutus
2810 1963 2994 2031 fuerit,
3026 1974 3080 2020 et
3109 1964 3167 2019 iit
3209 1968 3446 2037 grando;
3472 1969 3518 2026 si
3543 1985 3716 2040 vapor
3745 1972 3800 2028 in

2234 2052 2418 2106 infima
2466 2054 2687 2124 regione
2734 2053 2878 2111 aeris
2925 2055 3192 2120 subsidet,
3242 2058 3331 2113 vel
3380 2060 3703 2129 congelatur
3747 2069 3802 2117 et

2234 2141 2294 2198 fit
2345 2143 2560 2213 pruina,
2609 2145 2693 2200 vel
2746 2159 2854 2200 non
2915 2147 3253 2216 congelatur,
3291 2157 3339 2202 et
3373 2148 3430 2204 fit
3462 2165 3571 2205 ros.
3607 2151 3798 2208 Nivem

2233 2233 2676 2288 candidissimam
2705 2235 2912 2305 nigram
2943 2235 3128 2290 invitis
3157 2239 3410 2302 sensibus
3430 2241 3646 2296 volebat
3674 2258 3798 2298 esse

2233 2326 2738 2393 Anaxagoras,quia
2762 2332 2906 2379 esset
2927 2341 3065 2396 aqua
3089 2337 3365 2385 concreta.
3395 2328 3592 2385 Sextus
3614 2330 3798 2402 Empi-

2232 2415 2379 2471 ricus
2425 2414 2720 2486 Pyrrhon.,
2750 2415 3013 2488 Hypotyp.
3043 2419 3136 2475 lib.
3170 2437 3208 2484 1,
3243 2435 3363 2490 cap.
3396 2421 3482 2486 13,
3513 2421 3797 2493 Νοοὸμενα

2230 2509 2286 2562 δὲ
2321 2509 2678 2580 φαινομένοις,
2729 2510 2804 2573 ὡς
2846 2511 2875 2563 ὁ
2917 2510 3280 2584 Ἀναξαγόρας
3328 2513 3386 2565 τὸ
3430 2512 3629 2584 λευκὴν
3657 2509 3802 2568 εἶναι

2231 2602 2326 2674 τὴν
2371 2602 2542 2674 χιόνα,
2591 2603 2874 2668 ἀντετίθει,
2902 2603 2983 2656 ὅτι
3019 2602 3150 2673 χιὼν
3192 2602 3335 2675 ὕδωρ
3369 2605 3483 2657 ἐστὶ
3516 2606 3791 2676 πεπηγός·

2228 2695 2290 2748 τὸ
2315 2694 2369 2746 δὲ
2392 2693 2535 2766 ὕδωρ
2565 2695 2681 2747 ἐστὶ
2712 2694 2898 2765 μέλαν,
2926 2696 3020 2749 καὶ
3047 2696 3078 2765 ή
3111 2694 3240 2765 χιὼν
3266 2696 3373 2768 ἀρα
3401 2695 3626 2767 μέλαινά
3652 2699 3791 2752 ἐστι.

2231 2786 2362 2853 Quae
2419 2787 2815 2858 argumentatio
2851 2787 2937 2842 vel
2980 2804 3046 2841 ex
3089 2787 3182 2841 illo
3222 2788 3342 2842 solo
3385 2787 3558 2844 refelli
3592 2797 3790 2859 potest,

2230 2879 2374 2948 quod
2431 2878 2693 2933 terminos
2747 2879 2804 2932 in
2851 2879 3314 2949 prapositionibus
3345 2887 3538 2945 mutet,
3560 2896 3698 2950 quos
3745 2882 3795 2937 si

2229 2985 2340 3024 non
2385 2976 2638 3034 mutaret,
2677 2969 2793 3039 ipsa
2819 2985 2917 3039 per
2948 2986 3006 3026 se
3030 2980 3211 3026 rueret
3232 2980 3484 3042 essetque
3507 2972 3737 3026 ridicula
3775 2991 3789 3027 :

2231 3062 2346 3132 ipse
2373 3060 2453 3116 sic
2496 3059 2785 3126 formabat,
2821 3059 2924 3115 Nix
2952 3069 3036 3116 est
3065 3077 3203 3133 aqua
3230 3072 3513 3125 concreta;
3541 3078 3678 3133 aqua
3708 3071 3797 3118 est-

2229 3153 2406 3224 nigra,
2431 3165 2560 3222 ergo
2587 3151 2680 3206 nix
2708 3158 2792 3206 est
2817 3152 2968 3221 nigra
2999 3171 3012 3206 :
3045 3167 3169 3207 cum
3200 3153 3274 3210 ita
3307 3161 3452 3210 esset
3482 3153 3790 3210 formanda.

2226 3243 2326 3298 Nix
2379 3251 2462 3300 est
2504 3258 2645 3314 aqua
2704 3251 2984 3309 concreta,
3012 3237 3443 3314 aqua‘concreta
3487 3253 3570 3299 est
3612 3246 3790 3315 nigra,

2227 3344 2359 3389 tunc
2409 3334 2596 3404 utique
2642 3341 2979 3404 sequeretur,
3031 3349 3161 3405 ergo
3213 3336 3308 3390 nix
3352 3343 3440 3390 est
3475 3335 3650 3406 nigra.
3687 3337 3794 3392 Sed

2226 3427 2350 3497 quis
2400 3425 2719 3481 concederet
2765 3440 2959 3495 aquam
3018 3430 3328 3480 concretam
3383 3442 3506 3482 esse
3546 3428 3802 3500 nigram?

2227 3535 2350 3574 cum
2389 3533 2583 3588 aquam
2641 3518 2804 3584 etiam
2838 3519 3010 3588 ipsam
3051 3518 3153 3573 etsi
3188 3534 3298 3573 non
3366 3527 3674 3575 concretam
3702 3521 3792 3574 ni-

2226 3627 2376 3683 gram
2402 3625 2524 3666 esse
2544 3626 2652 3666 non
2676 3609 2989 3667 aﬂirmaret.

2297 3701 2455 3766 lbid.,
2503 3701 2599 3756 lin.
2655 3702 2743 3756 5|.
2786 3702 2852 3755 Ἡ
2880 3701 2948 3753 δὲ
2990 3701 3218 3770 βροντὴ
3248 3701 3399 3755 κατά
3429 3702 3643 3757 τοῦτον
3685 3703 3794 3756 τὸν

2223 3798 2427 3865 λόγον.
2489 3795 2762 3858 Basilius,
2821 3794 2967 3849 hom.
3007 3795 3042 3848 '5
3083 3794 3239 3865 εΤὴν
3299 3793 3407 3864 γὰρ
3457 3794 3794 3866 στερρότητα

2226 3884 2320 3939 καὶ
2397 3884 2713 3938 ἀντιτυπίαν
2777 3883 2870 3936 τοῦ
2947 3882 3252 3953 πνεύματος
3320 3881 3414 3936 τοῦ
3487 3884 3794 3954 ἐναπολαμ-

2225 3977 2519 4049 ϐανομένου
2556 3979 2674 4040 ταῖς
2729 3975 3000 4047 κοιλότησι
3051 3975 3157 4028 τῶν
3200 3975 3397 4044 νεφῶν,
3452 3977 3546 4029 καὶ
3599 3975 3686 4028 διὰ
3730 3975 3794 4029 τὸ

2227 4068 2418 4139 βιαίως
2490 4066 2853 4139 ὲκρήγνυσθαι
2920 4068 3044 4129 τοὺς
3127 4067 3227 4128 τὰς
3295 4066 3520 4138 βροντὰς
3594 4067 3797 4120 ἀποτες

2224 4161 2450 4225 λοῦντας
2503 4160 2725 4231 ψόφους,
2766 4160 3051 4230 στερέωσιν
3075 4158 3300 4229 βροντῆς
3335 4161 3367 4228 ἡ
3396 4157 3585 4229 Γραφὴ
3623 4176 3794 4230 προσ-

2225 4252 2538 4323 ηγόρευσεν.
2593 4248 2886 4321 Gregorius
2940 4249 3314 4304 Nazianzenus
3374 4249 3451 4304 De
3477 4250 3791 4321 theologia:

2227 4345 2292 4398 Τί
2360 4347 2450 4415 μοὶ
2509 4344 2883 4414 φιλοσοφήσεις
2945 4343 3073 4413 περὶ
3131 4342 3422 4413 ἀστραπῶν
3484 4342 3578 4395 καὶ
3637 4342 3794 4414 βρον-

575 4450 733 4499 θεσις.
767 4435 1031 4506 Georgius
1069 4437 1277 4496 Pisides
1307 4440 1386 4495 De
1413 4442 1594 4496 mundi
1624 4443 1861 4512 opiﬁcio,
1888 4457 2009 4513 pag.
2037 4441 2123 4507 19,

2232 4437 2356 4502 τῶν,
2393 4431 2437 4489 ὦ
2469 4433 2701 4507 βροντῶν
2736 4434 2841 4488 ἀπὸ
2870 4434 2970 4503 γῆς
3005 4433 3091 4497 σὺ,
3120 4433 3214 4485 καὶ
3244 4432 3363 4485 οὐδὲ
3399 4433 3615 4502 μικροῖς
3638 4449 3793 4484 σπιν-

569 4534 625 4583 et
663 4527 870 4585 Plinius
893 4531 993 4586 lib.
1049 4547 1112 4596 ιι,
1145 4534 1310 4602 capit.
1340 4533 1409 4588 42
1435 4553 1449 4588 :
1486 4533 1655 4588 Extra
1681 4536 1776 4588 has
1806 4551 1994 4589 causas
2024 4551 2126 4588 non

567 4623 860 4690 negaverim
906 4624 1156 4678 exsistere
1194 4625 1386 4680 imbres
1414 4635 1709 4696 ventosque.
1737 4626 1999 4692 Quoniam
2026 4626 2126 4679 Im-

569 4716 769 4771 midam
805 4735 837 4772 a
871 4728 1034 4783 terra,
1059 4720 1196 4775 alias
1226 4737 1344 4776 vero
1369 4732 1582 4792 propter
1609 4737 1848 4790 vaporem
1870 4722 2126 4791 [umidam

565 4812 816 4867 exhalare
865 4813 1141 4885 caliginem
1206 4825 1401 4870 certum
1465 4825 1561 4871 est.
1612 4815 1890 4886 Nubesque
1927 4815 2128 4886 liquore

537 4920 772 4974 ‘egresso
804 4904 860 4958 in
907 4905 1152 4972 sublime,
1193 4918 1285 4960 aut
1316 4923 1380 4962 ea:
1408 4925 1525 4963 aere
1575 4917 1755 4963 coacto
1786 4911 1840 4961 in
1873 4907 2125 4978 liquorem

564 4996 728 5067 gigni.
763 4995 1007 5052 Densitas
1046 5013 1227 5053 earum
1269 5015 1554 5071 corpusque
1579 5000 1720 5054 haud
1747 5000 1906 5055 dubio
1952 5000 2126 5068 conje-

567 5095 743 5142 clatur
795 5098 1121 5159 argumento,
1172 5106 1289 5143 cum
1337 5090 1497 5144 solem
1548 5090 1873 5156 obumbrent,
1925 5093 2126 5160 perspi-

565 5193 725 5233 cuum
760 5179 898 5234 alias
936 5181 1096 5234 etiam
1133 5180 1466 5235 urinantibus
1517 5181 1572 5235 in
1621 5182 1851 5252 qualibet
1905 5183 2127 5252 profun-

566 5269 694 5325 dam
734 5287 991 5343 aquarum
1033 5272 1386 5330 altitudinem.
1417 5272 1628 5330 Etenim
1663 5289 1730 5329 ex
1760 5289 1960 5346 vapore
1991 5275 2122 5331 solis

565 5359 619 5416 vi
649 5361 860 5418 elevato
888 5363 944 5417 in
974 5361 1205 5419 mediam
1244 5366 1518 5436 regionem
1555 5365 1696 5421 aeris
1737 5367 1996 5435 paulatim
2025 5366 2124 5421 fri-

566 5465 697 5522 gore
724 5453 899 5510 nubes
917 5453 1370 5526 densantur,quae
1396 5457 1597 5520 calore,
1627 5456 1710 5511 vel
1743 5457 1850 5512 alio
1869 5459 2122 5528 quopiam

568 5541 882 5599 stimulante
913 5544 1214 5615 liqueﬁunt,
1241 5554 1295 5600 et
1323 5547 1671 5602 resolvuntur
1699 5546 1754 5600 in
1785 5562 2000 5617 aquam,
2024 5547 2122 5602 de-

568 5635 940 5705 scenduntque
988 5637 1349 5696 diversimode
1383 5656 1480 5710 pro
1510 5640 1730 5711 vaporis
1781 5639 2123 5696 dissimilitu-

567 5726 695 5782 dine
729 5744 742 5781 ε
777 5727 823 5782 si
862 5731 1003 5785 enim
1032 5747 1198 5806 vapor
1233 5733 1331 5787 fuit
1362 5735 1555 5801 rarior,
1587 5733 1838 5806 guttatim
1867 5733 2119 5789 dilabun-

2230 4530 2391 4601 θῆρσι
2416 4529 2514 4599 τῆς
2535 4527 2788 4599 ἀληθείας
2811 4525 3149 4597 λαμπόμενε,
3170 4525 3321 4588 τίνας
3343 4526 3548 4596 ἀτμοὺς
3571 4524 3792 4594 αἰτιάσῃ

2230 4623 2421 4691 νέφους
2447 4619 2827 4692 δημιουργοὺς,
2849 4619 2880 4691 ἢ
2908 4617 3065 4689 ἀέρος
3090 4615 3361 4671 πύκνωσίν
3384 4633 3525 4679 τινα,
3552 4617 3584 4685 ἢ
3614 4615 3792 4684 νεφῶν

2231 4713 2337 4767 τῶν
2369 4713 2680 4782 μανοτάτων
2713 4709 2946 4779 θλίψινῆ
2981 4707 3270 4779 σύρῤηξιν;
3311 4707 3396 4760 ἴνα
3423 4710 3456 4778 ἡ
3493 4708 3588 4776 μὲν
3613 4706 3792 4775 Θλίψις

2233 4807 2315 4859 σοὶ
2347 4805 2445 4876 τὴν
2475 4801 2781 4876 ἀστραπὴν,
2812 4803 2846 4872 ἡ
2886 4800 2943 4853 δὲ
2971 4799 3124 4871 ῥῆξις
3156 4799 3250 4870 τὴν
3291 4799 3516 4869 βροντὴν
3545 4798 3790 4869 ἀπεργά-

2232 4916 2412 4969 σηται,
2439 4899 2585 4950 ποῖον
2636 4895 2691 4948 δὲ
2737 4892 2953 4963 πνεῦμα
3001 4890 3512 4962 στενοχωρούμενον,
3544 4885 3665 4943 εἶτα
3690 4890 3794 4942 οὐκ

2227 4991 2348 5061 ἔχον
2369 4988 2615 5054 διέξοδον,
2636 4988 2722 5040 ἵνα
2749 4983 2998 5057 ἀστράψῃ
3027 4982 3360 5054 θλιϐόμενον,
3395 4982 3489 5036 καὶ¹
3521 4981 3789 5053 βροντήσῃ

2228 5082 2562 5155 ῥηγνύμενον
2582 5097 2596 5144 ;
2623 5095 2688 5136 ex
2711 5078 2907 5147 quibus
2930 5077 3106 5130 locum
3124 5073 3392 5128 Eustathii
3421 5075 3493 5128 ita
3519 5075 3749 5128 restituo
3773 5093 3787 5126 :

2238 5177 2306 5229 Ἥ
2333 5175 2388 5228 δὲ
2419 5173 2611 5246 βροντὴ
2643 5173 2782 5226 κατά
2809 5169 2995 5223 τοῦτον
3022 5168 3113 5220 τὸν
3153 5167 3310 5234 λόγον
3356 5169 3422 5235 τῇ
3471 5165 3791 5239 στερρότητι

2226 5270 2322 5326 καὶ
2351 5267 2445 5322 τοῦ
2485 5264 2791 5334 πνεύματος
2830 5261 3120 5332 ἀντιτυπία
3156 5261 3382 5329 γίνεται.
3410 5259 3652 5320 Celelris
3686 5259 3792 5313 fuit

2227 5375 2418 5419 eorum
2441 5357 2625 5429 opinio
2650 5356 2748 5428 qui
2769 5354 3173 5419 existimarunt,
3202 5353 3412 5408 tonitru
3434 5351 3550 5407 ﬁeri
3577 5350 3792 5407 exstin-

2224 5455 2406 5510 ctione
2453 5448 2598 5520 ignis
2636 5447 2875 5502 nubibus
2904 5444 3207 5515 intercepti.
3237 5443 3306 5497 Et
3330 5442 3791 5514 quemadmodum

2225 5547 2431 5603 ferrum
2475 5543 2715 5600 candens
2759 5541 2814 5595 in
2858 5554 3052 5610 aquam
3097 5539 3412 5593 immersum
3453 5535 3672 5601 stridet,
3712 5536 3790 5590 ita

2223 5640 2368 5711 ignis
2387 5639 2498 5697 ille.
2527 5635 2610 5691 vel
2639 5633 2795 5689 stella
2825 5633 3013 5703 ignita,
3039 5637 3100 5684 ut
3127 5629 3452 5700 opinabatur
3494 5626 3789 5695 Epicurus.

2227 5735 2281 5792 in
2313 5732 2511 5800 nubem,
2537 5728 2757 5798 delapsa
2783 5724 3070 5782 stridorem
3096 5722 3318 5788 excitat,
3350 5723 3431 5777 sic
3461 5721 3513 5775 in
3548 5719 3788 5775 nubibus
