4072 6342
557 363 666 420 835

556 485 766 550 aspectu
795 471 1148 546 -percipiebam
1193 490 1212 529 :

553 571 783 624 scientia:
827 579 1014 632 artem,
1059 571 1107 623 si
1135 585 1220 622 ars
1255 569 1362 623 lucc
1395 568 1625 623 vocanda
1662 575 1760 621 est.
1805 565 2011 621 Etenim
2054 575 2111 620 ut

558 659 850 713 Homericis
881 659 991 714 illis
1018 659 1248 714 versibus
1268 659 1488 714 relatum
1511 669 1626 712 est:

623 792 774 848 Sicut
801 804 974 848 autem
1003 795 1136 849 venti
1153 795 1256 848 duo
1281 804 1494 861 pontum
1513 800 1829 848 commovent
1849 793 2110 860 piscosunt

620 863 819 934 Boreas
848 873 896 918 et
925 863 1214 934 Zephyrus,
1243 867 1332 934 qui
1359 882 1386 918 e
1423 863 1644 918 Thracia
1679 865 1884 932 spirant

622 932 845 988 [luentes
876 932 1105 1004 repente,
1137 932 1297 988 simul
1327 951 1444 988 vero
1473 945 1522 988 et
1550 934 1690 987 unda
1721 935 1869 1004 nigra
1961 1002 1969 1004 _
2093 999 2096 1003 .

620 1003 917 1071 Attollitnr,
937 1002 1255 1072 multamque
1285 1011 1436 1058 extra
1467 1019 1609 1058 mare
1641 1002 1814 1074 algam
1841 1002 2104 1071 fundunt:

550 1116 630 1169 ita
681 1116 806 1169 mihi
839 1117 948 1172 heri
977 1118 1256 1187 contigisse
1290 1117 1492 1171 videtur
1519 1115 1940 1170 :summitatibus
1971 1116 2111 1168 enim

554 1210 807 1262 montium
829 1209 1026 1263 similes
1054 1208 1368 1278 aspiciebam
1401 1207 1591 1270 undas,
1617 1223 1735 1278 qua:
1757 1209 1802 1260 si
1831 1207 2000 1260 dicere
2026 1207 2110 1276 fas

550 1310 651 1364 est,
683 1303 853 1370 ipsum
888 1303 1069 1355 malum
1104 1305 1416 1372 tangebant;
1453 1302 1589 1355 unde
1619 1301 1737 1353 hinc
1777 1309 1979 1352 tantum
2016 1299 2111 1353 hoc

553 1395 939 1464 exspectabam,
971 1397 1263 1448 universam
1294 1396 1490 1448 scilicet
1533 1405 1725 1448 terram
1762 1395 2112 1464 submergené-

553 1486 714 1547 dam;
739 1497 786 1539 et
807 1487 932 1540 mihi
958 1487 1126 1539 locum
1152 1488 1205 1540 in
1233 1503 1332 1557 quo
1358 1504 1437 1541 me
1460 1488 1587 1557 fuga
1611 1487 1907 1555 reciperem,
1935 1487 2109 1538 animo

555 1579 832 1649 ﬁngebam,
864 1588 913 1632 et
949 1578 1184 1632 Noetica:
1214 1595 1352 1632 arca:
1392 1582 1658 1647 exemplar
1691 1578 2106 1633 considerabam.

565 1669 753 1724 Verum
781 1672 1098 1739 exspectatio
1129 1687 1240 1724 mea
1272 1670 1533 1740 frustrata
1555 1682 1653 1724 est.
1685 1669 1857 1724 Simul
1884 1669 2021 1723 enim
2049 1683 2111 1721 ac

556 1778 698 1815 mare
723 1763 989 1827 intumuit,
1024 1764 1214 1820 iterum
1239 1763 1344 1816 uice
1371 1779 1520 1817 versa
1558 1763 1786 1832 fractum
1818 1777 1960 1814 mare
1987 1760 2114 1814 dis—

1884 360 2132 418 LEONIS
2167 359 2438 417 ALLATII

1253 484 1304 530 et
1362 475 1658 530 excellentis
1711 491 1773 528 ac
1829 475 2114 545 singularis
2143 479 2187 537 Α
2215 475 2324 530 duo
2345 473 2489 546 globi
2517 473 2880 536 obicerentur,
2913 471 3014 527 sed
3031 470 3105 527 ita
3129 468 3351 526 fuerunt
3375 467 3560 524 omnia
3583 465 3778 538 dispo-

3668 353 3778 413 856

2215 567 2340 631 sita,
2373 578 2429 620 ut
2456 583 2523 622 ex
2560 567 2647 622 his
2686 567 2899 621 duobus
2937 565 3224 636 separatis,
3262 560 3535 632 contiguis
3561 568 3776 624 tamen,

2214 676 2381 714 unum
2409 659 2712 715 eﬂiceretur
2739 659 3056 722 rotundum,
3097 665 3150 712 et
3188 657 3379 728 globus
3419 670 3560 710 unus
3591 654 3779 726 perfe—

2214 751 2514 816 ctissimus,
2550 765 2660 806 non
2695 750 3024 820 geometrica
3053 747 3405 801 rotunditate.
3439 743 3595 810 Quod
3624 745 3777 799 enim

2215 840 2270 895 in
2320 842 2476 912 aquis
2525 841 2854 902 abundabat,
2904 839 2959 893 in
3001 838 3248 892 cavernis
3287 845 3444 891 terra
3487 837 3777 891 occlusum

2215 940 2316 994 est,
2347 942 2399 987 et
2432 933 2485 987 in
2516 932 2961 1003 profundissimis
3002 932 3235 985 vallibus
3277 934 3578 999 receptum,
3623 927 3778 998 quod

2216 1021 2271 1075 in
2301 1022 2462 1076 terris
2510 1036 2674 1090 super
2725 1035 2895 1090 aquas
2939 1020 3184 1083 emersit,
3235 1019 3290 1074 in
3341 1018 3778 1088 impendentium

2213 1114 2480 1167 montium
2529 1112 2844 1167 altitudines
2900 1120 3209 1182 porrectum
3270 1109 3537 1176 surrexit;
3583 1116 3638 1163 et
3687 1107 3778 1163 sic

2213 1203 2492 1272 aequaliter
2512 1203 2748 1272 undique
2765 1214 2906 1257 terra
2941 1210 2994 1257 et
3015 1218 3169 1273 aqua:
3191 1202 3552 1261 sustinentur,
3569 1208 3620 1253 et
3651 1214 3780 1253 sus-

2214 1297 2411 1358 tinent,
2459 1310 2634 1365 neque
2686 1296 3022 1350 exceduntur
3067 1311 3244 1364 neque
3285 1293 3574 1348 excedunt.
3627 1290 3779 1345 Fieri

2214 1395 2395 1441 tamen
2442 1394 2642 1456 potest,
2687 1396 2746 1440 ut
2796 1387 3253 1457 quemadmodum
3304 1401 3412 1440 una
3451 1400 3578 1456 pars
3611 1393 3780 1440 terra

2215 1480 2319 1532 alia
2342 1479 2670 1534 eminentior
2700 1486 2806 1544 est,
2827 1479 2933 1532 alia
2964 1478 3067 1532 alia
3092 1478 3422 1548 depressior,
3452 1493 3554 1531 nec
3587 1486 3780 1531 tamen

2216 1579 2412 1626 terram
2435 1586 2558 1625 esse
2583 1572 2872 1624 rotundam
2899 1569 3240 1640 negabimus,
3272 1568 3353 1623 sic
3381 1575 3435 1622 et
3467 1582 3573 1621 una
3597 1566 3776 1637 regio,

2215 1670 2267 1717 et
2301 1664 2451 1719 locus
2489 1664 2560 1718 sit
2593 1664 2712 1733 ipso
2757 1676 2906 1716 mare
2956 1660 3243 1721 humilior,
3293 1661 3369 1713 ita
3411 1666 3470 1712 ut
3508 1659 3554 1712 si
3589 1658 3778 1712 aditus

2217 1765 2422 1828 pateret
2459 1757 2616 1827 aquis
2650 1756 3113 1825 submergeretur,
3145 1754 3318 1807 altera
3364 1752 3526 1806 altior
3552 1759 3606 1805 et
3635 1751 3778 1805 emi-

552 1851 868 1915 soloebatur,
905 1852 1047 1906 ultra
1076 1853 1344 1923 proprium
1380 1856 1548 1906 locum
1574 1865 1676 1908 non
1706 1855 2007 1916 concedens,
2033 1852 2116 1906 di-
2143 1838 2185 1896 Β
2215 1849 2462 1915 nentior;
2517 1846 2972 1918 quemadmodum
3027 1844 3350 1901 Aristoteles
3412 1843 3480 1898 de
3548 1841 3779 1912 regione

555 1943 672 1997 nino
716 1943 964 2014 quodam,
1015 1954 1072 1998 ut
1116 1946 1419 1999 summatim
1448 1945 1644 2009 dicam,
1672 1946 1830 2015 jussu
1861 1945 2112 2014 perterri-

550 2041 684 2091 tum.
734 2035 802 2090 Et
832 2037 1268 2108 quemadmodum
1305 2039 1496 2106 sa'pius
1531 2051 1708 2092 servus
1748 2037 2030 2108 quispiam,
2065 2036 2114 2091 si

557 2129 753 2183 invitus
787 2146 820 2181 a
857 2130 1068 2183 domino
1095 2129 1163 2183 ad
1192 2145 1319 2198 opus
1352 2131 1715 2198 compellatur,
1741 2130 1954 2198 imperio
1982 2130 2116 2199 qui-

552 2221 668 2277 dem
691 2223 874 2277 timore
896 2221 1082 2276 ductus
1119 2223 1288 2289 audit,
1328 2232 1381 2276 at
1414 2223 1551 2294 quod
1581 2222 1741 2286 subit,
1779 2237 1897 2276 cum
1931 2222 2111 2277 nolens

555 2321 698 2382 agat,
736 2313 912 2380 palam
941 2313 1094 2382 eﬁ'ari
1126 2329 1229 2365 non
1264 2329 1426 2366 ausus
1457 2312 1549 2366 sub
1584 2313 1764 2383 lingua
1792 2313 2117 2365 immurmu-

553 2411 663 2466 rat,
705 2402 981 2455 iracundia
1023 2401 1322 2457 exardens:
1368 2405 1442 2456 sic
1482 2403 1608 2456 mihi
1646 2402 2026 2472 quodammodo
2063 2410 2113 2458 et

555 2509 702 2547 mare
729 2492 1034 2556 videbatur;
1065 2495 1166 2548 etsi
1193 2494 1330 2547 enim
1377 2495 1458 2548 ira
1497 2494 1828 2563 e/I‘erbuerat,
1863 2496 1916 2548 in
1954 2503 2113 2550 semet

555 2586 694 2638 iram
755 2587 1053 2640 continebat
1094 2585 1194 2640 sibi
1247 2586 1420 2655 frenos
1465 2587 1724 2653 iniiciens,
1781 2596 1830 2640 et
1883 2586 2113 2656 furorem

554 2691 708 2730 suum
750 2675 972 2728 Domino
1023 2675 1360 2745 manifestare
1415 2687 1612 2732 nolens.
1675 2674 1902 2746 Reliqua
1949 2676 2112 2744 hujus

554 2767 819 2822 orationis
877 2767 1062 2822 Graeca
1121 2776 1174 2822 et
1234 2765 1426 2821 Latina
1487 2783 1608 2821 cum
1672 2776 1860 2822 nostro
1909 2766 2114 2822 Metho-

556 2858 645 2912 dio
693 2859 854 2914 dabo.
911 2857 1043 2914 Vide
1097 2867 1355 2928 praeterea
1411 2858 1702 2932 Georgium
1753 2857 1986 2914 Pisidem
2040 2859 2114 2912 De

557 2951 740 3004 mundi
787 2952 1016 3020 opiﬁcio,
1063 2959 1116 3005 et
1159 2950 1422 3005 Joannem
1466 2950 1914 3021 Chrysostomum
1949 2966 2113 3022 super

554 3040 690 3094 illud
734 3039 974 3096 Hierem.
1009 3055 1130 3110 cap.
1182 3056 1234 3104 v,
1268 3055 1409 3095 vers.
1449 3039 1538 3101 22,
1569 3039 1672 3106 Qui
1707 3038 1858 3107 posui
1896 3049 2111 3092 arenam

557 3132 839 3185 terminum
865 3131 1020 3195 mari,
1045 3131 1100 3185 in
1132 3139 1323 3186 catena
1353 3146 1471 3201 quae
1495 3145 1527 3183 a
1560 3129 1721 3184 nobis
1743 3127 1934 3183 Latina
1969 3128 2110 3183 facta

549 3223 662 3294 jam
693 3233 775 3280 est
800 3225 997 3295 publici
1032 3223 1194 3294 juris.

622 3315 740 3370 Col.
761 3316 882 3377 7i2,
903 3317 998 3370 lin.
1021 3316 1110 3370 45.
1143 3314 1293 3367 Ἐπεὶ
1311 3315 1367 3367 τί
1394 3313 1680 3367 ἐκώλυσε.
1707 3311 1941 3367 Basilius
1965 3312 2109 3366 hom.

553 3409 588 3463 4
621 3408 801 3462 εἘπεὶ
835 3407 887 3459 τί
935 3405 1137 3459 ἐκώλυε
1177 3406 1274 3478 τὴν
1335 3405 1597 3476 Ἐρυθρὰν
1635 3404 1903 3457 θάλασσαν
1924 3406 2113 3457 πᾶσαν

552 3500 651 3571 τὴν
679 3497 950 3566 Αἴγυπτον
979 3497 1290 3568 κοιλοτέραν
1320 3493 1481 3550 οὖσαν
1513 3497 1710 3566 ἑαυτῆς
1740 3495 2115 3561 ὲπελθεῖν,καὶ

553 3589 884 3660 συναφθῆναι
903 3587 980 3659 τῷ
1003 3587 1388 3659 παρακειμένῳ
1414 3590 1481 3658 τῇ
1508 3588 1765 3659 Αἰγύπτῳ
1794 3588 2040 3657 πελάγει,
2065 3587 2113 3641 εἰ

555 3681 632 3754 μὴ
663 3679 1155 3752 τῷπροστάγματι
1195 3675 1263 3749 ἦν
1301 3679 1647 3749 πεπεδημένη
1675 3679 1765 3732 τοῦ
1801 3681 2110 3745 κτίσαντος;

555 3771 622 3827 Et
647 3788 704 3827 in
732 3772 838 3826 hoc
867 3773 1028 3826 etiam
1064 3780 1191 3826 sunt
1220 3772 1496 3826 variantes
1524 3772 1968 3842 philosophorum
1996 3788 2116 3827 sen-

553 3862 756 3918 tentiae.
811 3859 1042 3928 Quidam
1087 3861 1232 3915 enim
1282 3868 1484 3914 terram
1535 3862 1671 3915 mari
1717 3861 2113 3932 depressiorem

553 3953 842 4020 afﬁrmant,
886 3951 1215 4007 Catharinus
1265 3949 1332 4004 ad
1386 3965 1506 4020 cap.
1561 3966 1580 4005 ι
1641 3951 1861 4017 Genes.,
1895 3955 2101 4020 Canus,

553 4046 868 4117 Burgensis,
900 4052 1090 4099 noster
1127 4043 1216 4098 hic
1247 4052 1458 4108 auctor,
1495 4043 1727 4098 Basilius
1753 4051 1807 4098 et
1827 4045 1916 4098 alii
1945 4065 1957 4098 :
1993 4059 2112 4100 eam

555 4139 974 4210 probabiliorem
1010 4144 1197 4191 censet
1239 4133 1295 4189 S.
1333 4133 1592 4200 Thomas,
1650 4149 1666 4188 ι
1710 4143 1878 4206 part.,
1924 4151 1977 4206 q.
2019 4135 2108 4200 69,

555 4240 659 4283 art.
690 4228 715 4280 1
751 4247 764 4282 :
797 4227 937 4281 idem
969 4239 1023 4282 et
1049 4226 1244 4280 Cicero
1279 4226 1563 4281 censuisse
1587 4225 1822 4289 videtur.
1855 4242 1870 4280 ι
1904 4226 1975 4280 De
2003 4244 2114 4280 na—

556 4330 678 4373 tura
702 4319 917 4373 deorum
943 4335 978 4372 ιι
1003 4337 1016 4374 :
1049 4316 1220 4383 Mare,
1245 4318 1439 4388 inquit,
1472 4334 1588 4372 cum
1617 4334 1775 4386 supra
1800 4329 1994 4372 terram
2021 4320 2109 4386 sit,

554 4413 783 4468 medium
834 4420 1008 4465 tamen
1056 4415 1207 4466 terra:
1259 4412 1428 4465 locum
1484 4420 1722 4480 expetens
1773 4425 2113 4482 congregatur

2211 1939 2591 2011 Egyptiorum
2645 1947 2699 1993 et
2723 1954 2873 1994 mare
2898 1937 3086 1993 Rubro
3116 1945 3374 2007 tanquam
3398 1934 3774 1992 certissimum

2212 2041 2365 2088 notat
2403 2034 2529 2088 libr.
2560 2034 2734 2104 primo
2764 2031 3008 2098 Meteon,
3041 2045 3163 2102 cap.
3196 2031 3418 2096 ultimo;
3452 2037 3506 2084 et
3547 2028 3622 2081 ita
3657 2027 3778 2082 exi-

2212 2127 2374 2180 sumo
2419 2133 2672 2180 auctores
2711 2140 2850 2195 quos
2896 2138 3064 2194 supra
3101 2121 3376 2178 nominavi
3405 2135 3528 2176 esse
3564 2119 3776 2173 intelli-

2214 2216 2436 2287 gendos,
2469 2219 2756 2284 omniaque
2788 2217 2949 2271 dubia
2980 2225 3034 2271 et
3078 2221 3417 2284 argumenta,
3468 2211 3524 2264 in
3563 2216 3778 2263 utram-

2212 2322 2318 2378 que
2353 2315 2559 2377 partem
2602 2307 2836 2362 adducta
2879 2307 3138 2361 facillimo
3178 2303 3393 2374 negotio
3425 2300 3562 2356 solvi
3592 2320 3606 2355 :
3633 2299 3779 2354 divi-

2212 2415 2446 2471 namque
2502 2401 2825 2472 sapientiam
2869 2405 2923 2454 et
2961 2399 3258 2454 bonitatem
3288 2393 3584 2450 dilucidius
3613 2393 3779 2446 inno-

2212 2499 2441 2559 tescere,
2472 2507 2594 2563 qua:
2618 2493 2800 2547 omnia
2828 2492 2902 2546 ita
2939 2492 2995 2546 in
3025 2489 3264 2561 pondere
3293 2495 3347 2544 et
3378 2499 3637 2541 mensura
3659 2484 3778 2539 disc

2211 2583 2414 2652 posuit.

2281 2674 2440 2740 lbid.,
2481 2675 2580 2730 lin.
2626 2675 2716 2730 b9.
2758 2675 2885 2728 ’Ὀτι
2929 2672 2998 2726 δὲ
3032 2672 3253 2741 ἀληθὲς
3298 2671 3492 2726 τοῦτο.
3539 2669 3779 2724 Basilius

2211 2766 2358 2822 hom.
2416 2767 2451 2821 4
2485 2784 2498 2821 :
2533 2767 2684 2820 Ἐπεὶ
2730 2767 2783 2820 τί
2822 2765 3022 2820 ἐκώλυε
3055 2765 3151 2836 τὴν
3189 2765 3453 2837 Ἐρυθρὰν
3502 2763 3780 2816 Θάλασσαν

2212 2861 2389 2911 πᾶσαν
2422 2858 2520 2930 τὴν
2553 2859 2820 2928 Αἴγυπτον
2850 2858 3158 2928 κοιλοτέραν
3195 2854 3358 2912 οὖσαν
3390 2855 3587 2924 ἑαυτῆς
3623 2854 3780 2908 ἐπελ-

2213 2950 2342 3012 θεῖν,
2377 2951 2470 3004 καὶ
2506 2950 2836 3020 συναφθῆναι
2885 2948 2959 3020 τῷ
2995 2949 3376 3020 παρακειμένῳ
3419 2949 3484 3018 τῇ
3516 2947 3779 3016 Αἰγύπτῳ

2213 3043 2456 3111 πελάγει,
2485 3044 2533 3095 εἰ
2575 3042 2650 3113 μὴ
2674 3042 2749 3112 τῷ
2783 3041 3160 3112 προστάγματι
3198 3036 3266 3111 ἦν
3299 3039 3641 3108 πεπεδημένη
3678 3035 3778 3090 τοῦ

2215 3137 2528 3202 κτίσαντος;
2571 3137 2689 3189 Ὅτι
2727 3135 2834 3205 γὰρ
2865 3134 3215 3205 ταπεινοτέρα
3254 3135 3352 3204 τῆς
3387 3132 3649 3204 Ἐρυθρᾶς
3681 3131 3782 3185 Θα-

2215 3227 2417 3298 λάσσης
2442 3228 2475 3298 ἡ
2507 3225 2792 3296 Αἴγυπτος,
2813 3225 2953 3298 ἔργῳ
2977 3225 3199 3279 ἔπεισαν
3220 3227 3365 3297 ἡμᾶς
3392 3227 3440 3278 οἱ
3454 3223 3784 3295 θελήσαντες

2210 3319 2454 3388 ἀλλήλοις
2474 3316 2544 3370 τὰ
2570 3317 2776 3387 πελάγη
2811 3316 3062 3386 συνάψαι,
3093 3316 3154 3369 τό
3173 3333 3230 3369 τε
3272 3315 3564 3384 Αἰγύπτιον
3592 3319 3686 3370 καὶ
3711 3319 3780 3371 τὸ

2223 3408 2457 3473 Ἰνδικὸν,
2487 3411 2546 3462 ὲν
2586 3401 2630 3476 ᾧ
2669 3411 2702 3479 ἡ
2744 3407 2976 3481 Ἐρυθρὰ
3010 3408 3272 3464 θάλασσα.
3316 3409 3514 3478 Διόπερ
3547 3409 3780 3478 ἐπέσχον

2209 3497 2306 3570 τὴν
2339 3498 2677 3570 ἐπιχείρησιν
2704 3499 2918 3572 πρῶτος
2949 3499 3250 3571 ἀρξάμενος
3285 3500 3586 3572 Σέσωστρις
3619 3502 3648 3554 6
3683 3502 3783 3554 Al—

2211 3589 2456 3659 γύπτιος,
2493 3591 2587 3644 καὶ
2621 3591 2650 3643 6
2693 3590 2830 3661 μετὰ
2861 3591 3032 3645 ταῦτα
3079 3591 3359 3662 βουληθεὶς
3403 3593 3780 3664 ὲπεξεργάσα-

2212 3681 2334 3736 σθαι
2354 3683 2574 3753 Δαρεῖος
2595 3683 2622 3734 6
2646 3680 2844 3753 Μῆδος.
2866 3681 3266 3739 Habueruntab
3295 3685 3584 3743 Aristotele
3613 3689 3708 3744 lib.
3738 3704 3780 3743 ιι

2211 3772 2456 3840 Meteon,
2486 3789 2608 3844 cap.
2635 3776 2748 3828 ult:
2782 3775 2941 3847 Δηλοϊ
2988 3774 3044 3828 δὲ
3084 3773 3144 3828 τὸ
3176 3776 3455 3846 γινόμενον
3475 3795 3489 3810 ο
3522 3779 3630 3842 Οὓς
3669 3780 3782 3852 γάρ

2212 3883 2389 3938 φαμεν
2412 3865 2800 3937 ἀρχαιοτάτους
2825 3863 3085 3920 εἶναιτῶν
3107 3866 3402 3938 ἀνθρώπων
3422 3871 3781 3938 Αἰγυπτίους,

2209 3957 2412 4012 τούτων
2462 3960 2496 4030 ἡ
2530 3957 2681 4030 χώρα
2727 3961 2875 4011 πᾶσα
2919 3963 3170 4029 γεγονυῖα
3220 3961 3464 4030 φαίνεται
3511 3964 3603 4016 καὶ
3642 3960 3784 4018 οὖσα

2209 4049 2301 4104 τοῦ
2345 4050 2588 4121 ποταμοῦ
2637 4049 2813 4121 ἔργον.
2845 4051 2955 4104 Καὶ
2981 4051 3137 4106 τοῦτο
3182 4053 3322 4106 κατά
3363 4070 3421 4106 τε
3446 4053 3543 4124 τὴν
3591 4055 3783 4127 χώραν

2211 4143 2378 4213 αὐτὴν
2404 4141 2598 4214 ὁρῶντι
2629 4141 2782 4213 δῆλόν
2820 4143 2957 4206 ὲστι,
2983 4143 3077 4196 καὶ
3109 4143 3177 4197 τὰ
3209 4143 3336 4216 περὶ
3372 4144 3468 4215 τὴν
3511 4146 3783 4217 Ἐρυθρὰν

2213 4231 2484 4286 θάλασσαν
2512 4232 2805 4304 τεκμήριον
2850 4234 3050 4287 ἱκανόν.
3085 4234 3297 4306 Ταύτην
3336 4236 3444 4306 γὰρ
3473 4237 3582 4289 τῶν
3627 4237 3784 4306 βασι-

2210 4323 2341 4376 λέων
2373 4340 2455 4386 τις
2492 4324 2751 4396 ἐπειράθη
2798 4325 3114 4397 διορύττειν.
3147 4327 3219 4380 Οὐ
3250 4326 3359 4398 γὰρ
3399 4327 3600 4399 μικρὰς
3627 4327 3781 4400 εἶχεν

2211 4415 2276 4470 ἂν
2308 4416 2487 4478 αὐτοῖς
2513 4414 2776 4484 ὡφελείας
2806 4413 3012 4479 πλωτὸς
3037 4416 3181 4480 ἅπας
3201 4417 3228 4469 6
3256 4417 3416 4480 τόπος
3436 4419 3776 4488 γιγνόμενος.

555 4506 781 4576 undique
809 4504 1100 4575 (equaliter,
1127 4520 1286 4574 neque
1317 4503 1592 4566 redundat,
1627 4519 1784 4573 neque
1803 4503 2108 4572 effunditur.

2214 4507 2440 4574 Λέγεται
2471 4505 2528 4558 δὲ
2568 4506 2788 4576 πρῶτος
2820 4507 3124 4578 Σέσωστρις
3169 4509 3506 4580 ἐπιχειρῆσαι
3538 4510 3646 4563 τῶν
3674 4527 3783 4564 πα-

557 4598 663 4652 Alii
704 4605 905 4652 terram
934 4612 1056 4653 esse
1088 4613 1238 4652 mare
1271 4597 1542 4660 altiorem,
1594 4604 1653 4650 ut
1694 4595 2114 4668 Chrysostomus

557 4689 703 4746 hom.
725 4690 758 4746 9
781 4688 848 4744 ad
865 4705 984 4760 pop.
1003 4689 1273 4754 Antioch.;
1317 4692 1656 4762 Augustinus
1679 4690 1731 4743 in
1751 4689 1886 4758 psal.
1917 4705 2112 4755 cxxxv;

555 4782 918 4854 Hieronymus
944 4782 1000 4836 in
1038 4781 1171 4836 illud
1215 4785 1354 4853 psal.
1374 4799 1544 4849 χχχιι,
1566 4781 1894 4853 Congregans
1909 4782 2044 4836 sicut
2060 4783 2114 4835 in

553 4885 671 4928 utre
711 4891 874 4946 aquas
910 4876 1110 4940 maris;
1149 4874 1516 4930 Damasccnus
1556 4874 1651 4928 lib.
1685 4890 1722 4928 ιι
1755 4873 1879 4930 Fid.
1908 4874 2111 4928 orthod.

555 4979 675 5034 cap.
698 4964 731 5018 9
755 4975 808 5020 et
836 4964 937 5031 10;
967 4963 1309 5020 Contarenus
1333 4964 1428 5018 lib.
1457 4979 1494 5016 ιι
1519 4963 1591 5018 De
1615 4965 1902 5028 elementis,
1925 4972 1980 5020 et
2000 4966 2112 5020 alii.

556 5055 686 5121 Qua:
723 5055 844 5110 dum
896 5055 1179 5125 opiniones
1233 5055 1333 5110 etsi
1384 5057 1613 5110 multum
1656 5057 1797 5111 inter
1827 5073 1886 5112 se
1911 5057 2116 5113 distare

555 5139 830 5205 videntur,
869 5155 969 5210 ego
1003 5147 1186 5194 tamen
1218 5139 1446 5195 dixerim
1489 5149 1736 5196 neutram
1770 5139 1983 5208 falsam,
2019 5140 2115 5197 sed

556 5229 918 5284 certissimam
943 5237 1230 5300 utramque
1251 5237 1306 5284 et
1328 5244 1533 5295 veram,
1559 5230 1606 5284 si
1634 5246 1742 5285 non
1768 5231 1835 5286 de
1857 5231 2115 5287 universo

556 5329 714 5374 terra:
735 5320 1022 5385 elemento,
1053 5337 1230 5391 neque
1251 5336 1424 5392 aqum,
1455 5322 1549 5378 sed
1588 5331 1742 5392 parte
1767 5323 2001 5394 quadam
2028 5324 2114 5379 in.

553 5412 847 5483 telligatur.
896 5411 1157 5479 Quamvis
1187 5415 1334 5468 enim
1372 5414 1515 5470 Deus
1545 5430 1717 5487 aquas
1757 5423 1958 5471 terram
1997 5431 2116 5470 om-

554 5520 678 5560 nem
709 5521 809 5560 suo
843 5505 992 5560 ﬂuxu
1029 5515 1358 5576 occupantes
1385 5518 1664 5579 separatas
1708 5508 1761 5562 in
1800 5524 1968 5563 unum
2000 5509 2116 5564 vel-

556 5597 632 5650 uti
672 5597 872 5661 locum,
903 5606 957 5652 et
1012 5601 1298 5654 stationem
1348 5601 1628 5666 detulerit,
1663 5609 1717 5656 et
1749 5608 1892 5655 terra
1930 5615 2024 5655 eas
2059 5601 2112 5654 in

558 5688 778 5755 proprio
802 5689 946 5750 sinu,
978 5705 1209 5745 caverna
1239 5692 1506 5745 duntaxat
1538 5691 1896 5762 amplissima,
1923 5700 2114 5746 mutuo

559 5778 838 5846 complexu
866 5785 1156 5850 exceperit.
1192 5798 1300 5837 non
1347 5791 1526 5836 tamen
1567 5782 1619 5836 id
1652 5783 1724 5836 ita
1764 5783 2012 5853 contigit,
2052 5792 2110 5839 ut

2215 4599 2411 4652 λαιῶνο
2457 4596 2568 4650 ἀλλ’
2598 4591 2756 4668 εὗρεν
2801 4598 3132 4670 ὑψηλοτέραν
3177 4596 3339 4653 οὖσαν
3365 4601 3463 4672 τὴν
3509 4601 3778 4656 θάλατταν

2213 4691 2308 4760 τῆς
2341 4687 2460 4761 γῆς.
2496 4688 2586 4741 Διὸ
2618 4689 2820 4752 ἐκεῖνός
2841 4706 2900 4741 τε
2942 4689 3223 4762 πρότερον,
3253 4693 3342 4744 καὶ
3369 4694 3590 4762 Δαρεῖος
3621 4692 3782 4746 ὕει-τεο

2216 4799 2305 4853 ρον
2326 4779 2597 4834 ἐπαύσατο
2624 4778 2932 4852 διορύττων,
2951 4781 3098 4845 ὅπως
3127 4783 3199 4854 μὴ
3221 4782 3488 4855 διαφθαρῇ
3509 4784 3572 4837 τὺ
3601 4784 3778 4854 ῥεῦμα

2214 4872 2304 4926 τοῦ
2361 4870 2605 4942 ποταμοῦ
2657 4873 3020 4943 συμμιγείσης
3078 4874 3175 4942 τῆς
3222 4873 3508 4944 θαλάττης.
3576 4875 3777 4930 Strabo

2216 4965 2309 5017 lib.
2337 4979 2350 5017 l
2390 4963 2720 5027 εἈπιθάνως
2744 4964 2800 5017 δὲ
2831 4963 2992 5032 λέγω,
3022 4966 3102 5018 ὅτι
3135 4965 3240 5038 πρὸ
3267 4966 3373 5018 τῶν
3404 4967 3663 5038 Τρωῖκῶν
3685 4966 3781 5018 οὺ-

2212 5057 2373 5126 δεμία
2410 5051 2478 5126 ἦν
2502 5055 2718 5127 διώρυξ.
2742 5057 2845 5110 Τὺν
2879 5055 2936 5110 δὲ
2978 5057 3396 5128 ἐπιχειρήσαντα
3429 5059 3650 5128 ποιῆσαι
3681 5058 3779 5110 Σέ-

2216 5167 2444 5221 σωστριν
2475 5150 2773 5221 ἀποστῆναι
2806 5165 2957 5220 φασι,
3007 5152 3404 5223 μετεωροτέραν
3439 5151 3777 5205 ὑπολαϐόντα

2212 5239 2309 5312 τὴν
2334 5240 2430 5311 τῆς
2469 5240 2735 5311 θαλάττης
2771 5241 3108 5310 ἐπιφάνειαν.
3141 5243 3205 5296 Et
3230 5242 3324 5296 lib.
3359 5257 3468 5296 xvn
3501 5242 3775 5314 εἘτμήθη

2212 5331 2268 5384 δὲ
2297 5333 2330 5400 ἠ
2357 5329 2553 5402 διώρυξ
2576 5331 2853 5404 καταρχὰς
2887 5333 2983 5403 μὲν
3011 5331 3114 5386 ὑπὸ
3146 5331 3480 5404 Σεσώστριος
3525 5333 3632 5404 πρὸ
3662 5333 3774 5386 τῶν

2213 5420 2494 5491 Τρωῖκῶν,
2519 5421 2567 5472 οἰ
2593 5420 2649 5473 δὲ
2695 5422 2800 5474 ὑπὸ
2847 5421 2941 5474 τοῦ
2977 5423 3343 5494 Ψαμμητίχου
3379 5423 3564 5486 παιδὸς
3611 5422 3777 5494 ἀρξα-

2218 5512 2377 5583 μένου
2414 5511 2592 5583 μόνον,
2639 5509 2756 5568 εἶτα
2801 5513 3108 5576 ἐκλιπόντος
3147 5515 3239 5568 τὸν
3284 5514 3422 5584 βίον*
3466 5514 3688 5585 ὕστερον
3718 5513 3777 5566 δὲ

2215 5603 2318 5655 ὑπὸ
2345 5603 2568 5674 Δαρείου
2591 5603 2684 5656 τοῦ
2710 5603 2921 5676 πρώτου
2948 5605 3325 5675 διαδεξαμένου
3355 5603 3413 5658 τὸ
3440 5605 3567 5673 ἑξῆς
3597 5607 3777 5675 ἔργον.

2215 5693 2316 5749 Καὶ
2359 5691 2509 5759 οὗτος
2531 5695 2607 5760 δὲ,
2635 5695 2761 5771 δόξῃ
2789 5697 2971 5766 ψευδεῖ
3011 5697 3273 5761 πεισθεὶς,
3305 5699 3480 5769 ἀφῆκε
3510 5698 3572 5750 τὸ
3620 5699 3780 5768 ἔργον

2217 5789 2342 5859 περὶ
2390 5788 2691 5844 συντέλειαν
2736 5790 2856 5864 ἤδη.
2901 5788 3152 5863 Ἐπείσθη
3206 5790 3314 5862 γὰρ
3373 5790 3779 5861 μετεωροτέραν
