3986 6336
173 348 285 405 857

1202 341 1268 395 ΞΝ
1310 342 1677 397 ΕῙΣΞΤΑΤΗΠ
1718 342 2189 400 HEXAEMEBON
2227 344 2455 402 ΝΟΤᾸΕ.

3297 351 3401 407 838

168 456 315 515 εῖναι
362 459 460 529 τὴν
505 456 766 528 Ἐρυθρὰν
810 456 1073 512 θάλατταν
1105 457 1203 527 τῆς
1238 458 1534 526 Αἰγύπτου,
1564 459 1656 513 xui
1691 460 1738 511 εἰ

1847 457 2071 528 Reliqua
2124 459 2239 529 lege
2277 460 2420 529 apud
2469 460 2683 529 ipsum;
2722 460 2838 531 lege
2890 469 3149 531 praeterea
3200 462 3404 520 Macro-

170 552 457 623 διακοπείη
493 553 599 614 πᾶς
621 551 649 602 6
680 549 878 621 μεταξὺ
911 550 1117 620 ἰσθμὸς,
1152 551 1641 622 ὲπικλυσθήσεσθαι
1668 554 1731 622 τῇ

172 643 414 717 Θαλάττῃ
464 643 561 713 τὴν
606 643 901 711 Αἴγυπτον.
935 642 1001 696 iii
1050 651 1231 696 tamen
1283 643 1613 698 dissentiunt
1668 644 1736 697 ab

171 734 473 801 Herodoto,
508 736 601 805 qui
653 750 843 793 omnes
873 734 1050 790 fossas
1095 744 1148 789 et
1196 734 1450 805 dioryg‘es
1494 750 1524 788 a
1571 734 1736 791 Seso-

170 828 347 884 stride
370 826 540 880 fuisse
563 823 792 881 effossas
826 832 1016 880 auctor
1036 834 1143 888 est,
1176 823 1269 879 sed
1301 825 1366 877 de
1395 824 1497 876 hac
1523 840 1589 878 ne
1624 839 1737 879 ver-

170 918 307 974 bum
333 918 571 988 quidem,
606 918 698 973 sed
728 918 847 987 ejus
888 918 1230 973 emissionem
1266 917 1473 977 tribuit,
1538 915 1630 969 lib.
1676 930 1734 977 ιι,

169 1006 576 1065 Psammeticho
603 1009 736 1078 regi,
772 1010 862 1079 qui
893 1010 1080 1064 multis
1104 1017 1224 1077 post
1260 1007 1546 1062 Sesostrim
1581 1009 1737 1073 annis

172 1101 314 1155 vixit
339 1120 351 1154 :
390 1100 757 1171 Ψαμμητίχου
786 1101 840 1153 δὲ
864 1099 1052 1163 Νεκὼς
1086 1103 1214 1163 παῖς
1242 1100 1474 1168 ἐγένετο,
1500 1099 1591 1152 xui
1608 1099 1737 1152 ἐϐα-

173 1192 355 1245 σίλευε
388 1190 682 1259 Αἰγύπτου,
721 1192 779 1255 ὃς
812 1194 876 1263 τῇ
909 1190 1130 1262 διώρυχι
1160 1192 1483 1261 ἐπεχείρησε
1526 1192 1739 1261 πρῶτος

168 1286 242 1355 τῇ
289 1286 366 1345 εἰς
404 1282 664 1355 Ἐρυθρὰν
704 1282 972 1337 Θάλασσαν
1014 1282 1269 1355 φερούσῃ,
1319 1282 1414 1353 τὴν
1451 1285 1671 1354 Δαρεῖος
1710 1285 1737 1336 6

174 1374 394 1445 Πέρσης
420 1375 648 1445 δεύτερα
684 1374 931 1446 διώρυξε.
962 1374 1106 1430 Idem
1153 1375 1383 1429 habetur
1432 1376 1569 1444 apud
1606 1376 1736 1428 Dio-

172 1460 385 1517 dorum.
446 1462 598 1518 Unde
646 1462 920 1518 immerito
972 1463 1389 1533 reprehenditur
1436 1482 1464 1518 a
1520 1465 1737 1519 Pererio

172 1552 414 1609 Basilius
452 1554 618 1607 veluti
668 1555 925 1609 memoria
979 1556 1187 1624 lapsus,
1228 1564 1319 1609 aut
1347 1556 1596 1609 mendum
1619 1558 1737 1625 ejus

172 1646 400 1715 scriptis
429 1646 644 1701 aliunde
670 1646 974 1715 irrepsisse.

236 1736 357 1790 Col.
382 1735 506 1800 712,
528 1737 623 1791 lin.
651 1737 737 1790 55.
769 1736 976 1806 Καὶμὴ
1008 1736 1125 1791 ἀπὸ
1146 1738 1364 1804 ταύτης
1384 1737 1601 1805 ἄλλην.
1634 1737 1736 1791 Ba—

1837 548 1984 601 bium
2035 549 2399 603 Salurnalium
2442 549 2537 606 lib.
2586 565 2685 615 vn,
2732 549 2989 617 Plinium,
3043 551 3401 623 Pomponium

1838 642 2051 709 Melam,
2087 643 2358 707 Solinum,
2384 642 2729 709 Strabonem,
2755 655 2808 699 et
2839 646 2996 701 alios.
3202 640 3203 643 “

1908 735 2070 800 lbid.,
2122 736 2220 790 lin.
2269 737 2321 789 7.
2357 738 2439 789 Οὐ
2480 737 2551 789 τὰ
2593 739 2851 805 τυχόντα
2892 736 2960 789 δὲ
2997 737 3116 792 τῶν
3149 734 3402 793 ὑδάτων.

1837 825 2036 881 Fusius
2066 826 2167 880 hoc
2203 826 2344 881 idem
2369 824 2600 880 Basilius
2637 826 2783 880 hom.
2835 828 2869 880 4
2905 846 2918 881 :
2959 829 3031 879 Οὑ
3081 828 3190 899 γὰρ
3235 829 3405 897 δήπου

1838 920 2028 972 καὶτὰ
2054 919 2396 989 τελματιαῖα,
2450 922 2543 974 καὶ
2587 921 2653 971 τὰ
2687 919 2745 982 ἐξ
2791 918 3010 989 ὄμϐρων
3055 920 3408 991 συναθροιζό-

1842 1028 1974 1081 μενα
2006 1011 2299 1081 προφέρειν
2342 1013 2471 1081 ἡμῖν
2516 1009 2803 1077 ὀφείλουσι,
2832 1010 2926 1062 xui
2964 1009 3050 1062 διὰ
3082 1009 3283 1065 τούτων
3317 1012 3410 1065 τὸν

1837 1104 1993 1172 λόγον
2041 1104 2196 1173 ἡμῶν
2245 1104 2491 1173 ἐλέγχειν
2537 1103 2773 1155 οἴεσθαι·
2810 1100 2943 1153 ἀλλὰ
2980 1102 3078 1171 τὴν
3123 1103 3408 1173 μεγίστην,

1838 1198 1931 1251 xui
1959 1196 2294 1267 τελεωτάτην
2309 1195 2609 1266 συνδρομὴν
2625 1195 2732 1246 τῶν
2763 1195 2967 1248 ὑδάτων
2990 1195 3242 1266 ὠνόμασε
3277 1213 3409 1248 συνοι

1838 1288 2056 1359 αγωγὴν
2117 1289 2263 1357 μίαν.
2297 1289 2407 1339 Καὶ
2440 1286 2546 1358 γὰρ
2592 1287 2658 1339 τὰ
2692 1287 2897 1356 φρέατα
2930 1290 3239 1355 συναγωγαὶ
3282 1288 3410 1342 ὑδά-
3455 1350 3462 1363 ⁵

1835 1400 1943 1437 των
1973 1384 2079 1436 εἰσί
2106 1381 2488 1453 χειροποίητοι,
2538 1383 2629 1435 καὶ
2662 1382 2722 1434 τὸ
2762 1380 3039 1433 κοιλανθὲν
3064 1384 3162 1452 τῆς
3190 1384 3291 1453 γῆς
3310 1384 3409 1453 τῆς

1837 1472 2245 1543 ὲνεσπαρμένης
2278 1470 2475 1531 νοτίδος
2503 1470 2877 1541 ἐπιρρεούσης.
2910 1472 2983 1523 Οὑ
3016 1471 3193 1522 τοίνυν
3224 1472 3289 1523 τὰ
3316 1488 3408 1523 τυ-

1836 1562 1997 1632 χόντα
2028 1562 2135 1613 τῶν
2166 1560 2369 1614 ὑδάτων
2397 1560 2738 1631 ἀθροίσματα
2767 1562 2798 1629 ἠ
2835 1560 2933 1629 τῆς
2958 1561 3275 1631 συναγωγῆς
3308 1563 3408 1631 ἐμ-

1838 1653 2015 1722 φαίνει
2040 1651 2396 1724 προσηγορία,
2418 1650 2553 1704 am
2580 1650 2674 1720 τὴν
2699 1650 2981 1720 ἐξέχουσαν
3007 1651 3098 1704 xui
3122 1651 3402 1723 μεγίστην,

1839 1750 1894 1800 ὲν
1990 1748 2096 1799 πᾶν
2118 1744 2179 1797 τὸ
2210 1748 2469 1815 στοιχεῖον
2516 1745 2707 1814 ἀθρόον
2735 1744 3114 1798 διαδείκνυται.
3148 1743 3215 1798 Ut
3258 1746 3403 1799 enim

168 1827 336 1883 silius
362 1828 508 1884 hom.
544 1828 577 1881 4
608 1846 622 1883 :
659 1828 940 1880 Τουτέστιν
968 1828 1099 1899 άλλη
1138 1829 1245 1881 ἀπὸ
1268 1827 1468 1899 ταύτης
1497 1829 1570 1900 μὴ
1607 1830 1737 1883 ἁπο-

1847 1846 2051 1892 vastam
2093 1838 2237 1891 illam
2271 1838 2437 1892 maris
2470 1837 2663 1890 molem
2711 1835 2961 1897 eliiceret,
2996 1851 3102 1888 non
3146 1852 3404 1905 quazcun-

168 1919 479 1990 γενηθήτω,
507 1918 618 1972 ἀλλ’
648 1921 704 1973 ὲν
736 1923 801 1991 τῇ
838 1918 1025 1992 πρώτῃ
1060 1919 1284 1991 συλλογῇ
1316 1921 1659 1991 άπομεινάτω
1684 1922 1742 1974 τὸ

170 2011 557 2082 συναγόμενον.

248 2104 411 2169 lbid.,
444 2105 539 2159 lin.
569 2103 657 2158 56.
689 2101 892 2157 Πολλὰ
925 2103 1033 2172 γὰρ
1076 2096 1174 2173 ἦν.
1206 2101 1440 2158 Basilius
1473 2103 1616 2159 hom.
1660 2104 1696 2158 4
1723 2123 1737 2159 :

172 2196 415 2250 Ἔπειτα
441 2198 468 2249 6
498 2193 665 2249 εἰπὼν
686 2194 1011 2265 συναχθῆναι
1037 2192 1103 2245 τὰ
1124 2186 1292 2248 ὕδατα
1317 2195 1394 2259 εἰς
1425 2197 1742 2267 συναγωγὴν

173 2287 332 2358 μίαν,
368 2286 531 2351 ἒδειξέ
571 2304 672 2351 σοι,
710 2287 790 2339 ὅτι
830 2286 996 2338 πολλὰ
1026 2282 1093 2357 ἧν
1116 2286 1253 2340 κατὰ
1295 2287 1519 2350 πολλοὺς
1546 2288 1741 2353 τόπους

167 2380 482 2451 διῃρημένα
500 2378 566 2431 τὰ
595 2378 778 2431 ὑδατα.
811 2378 879 2430 Αἵ
900 2395 959 2430 τε
1001 2377 1110 2448 γὰρ
1133 2377 1239 2431 τῶν
1272 2378 1412 2450 ὀρῶν
1439 2380 1745 2451 κοιλότητες

170 2469 420 2540 φάραγξι
472 2469 710 2538 βαθείαις
754 2469 1160 2540 ὑπερρηγμέναι
1200 2466 1341 2541 εἶχον
1390 2471 1495 2522 τῶν
1539 2470 1743 2524 ὑδάτων

169 2563 279 2633 τὴν
315 2561 593 2632 συλλογήν.
639 2561 717 2615 Ex
752 2563 949 2632 quibus
999 2562 1119 2615 loco
1158 2562 1283 2615 huic
1329 2563 1520 2617 mutilo
1568 2578 1743 2618 reme-

170 2650 355 2715 dium,
400 2652 472 2705 ita
505 2653 648 2706 enim
680 2654 907 2707 restitue
943 2672 955 2707 :
987 2652 1163 2706 Πολλὰ
1211 2650 1303 2707 οὖν
1344 2653 1484 2707 κατὰ
1519 2654 1745 2720 πολλοὺς

169 2741 376 2807 τόπους
402 2744 700 2817 διῃρημένα
733 2744 800 2797 τὰ
828 2744 1010 2798 ὕδατα.
1039 2746 1106 2799 Αἵ
1123 2763 1181 2798 τε
1211 2746 1318 2817 γὰρ
1338 2748 1446 2800 τῶν
1474 2747 1613 2818 ὀρῶν
1640 2765 1745 2801 κοι-

168 2833 399 2907 λότητες
442 2831 581 2904 εἶχον
628 2835 733 2888 τῶν
775 2836 978 2890 ὑδάτων
1006 2839 1100 2908 τὴν
1134 2838 1396 2909 συλλογὴν
1430 2840 1523 2893 καὶ
1557 2842 1610 2892 αἰ
1639 2840 1743 2909 φά-

172 2946 383 3000 ραγγες
391 2970 404 2982 .

247 3018 365 3070 Col.
399 3016 519 3077 715,
553 3016 645 3070 lin.
678 3018 730 3071 ’5.
770 3017 913 3085 Τοὺς
945 3020 1212 3085 κόλπους
1250 3021 1545 3089 σημαίνει.
1592 3021 1746 3077 Basi-

1842 1946 1948 1999 que
1981 1944 2089 1991 res,
2123 1929 2216 1983 sed
2259 1928 2513 1998 grandes,
2544 1936 2597 1981 et
2640 1928 2917 1980 immensa:
2966 1927 3405 1995 requirebantur.

1843 2018 1982 2086 Quid
2027 2020 2171 2076 stilla
2216 2018 2281 2073 ad
2313 2029 2518 2072 tantam
2572 2034 2837 2087 aquarum
2886 2018 3158 2073 illuviem?
3186 2017 3249 2070 Et
3297 2018 3411 2071 hac

1843 2110 2114 2167 sententia
2164 2110 2264 2164 fuit
2313 2112 2495 2165 etiam-
2529 2110 2694 2163 Arist.
2748 2108 2839 2161 lib.
2895 2123 2932 2160 ιι
2976 2106 3194 2163 Meteor.
3235 2108 3411 2177 Atque

1840 2203 2026 2257 omnia
2065 2202 2283 2272 quidem
2313 2202 2508 2267 maria,
2536 2211 2688 2255 extra
2728 2215 2943 2254 omnem
2981 2201 3407 2255 controversiam

1839 2307 1965 2348 cum
1997 2293 2214 2347 Oceano
2261 2293 2522 2346 continua
2564 2298 2712 2354 sunt,
2752 2300 2947 2359 praeter
2974 2304 3125 2344 mare
3153 2288 3410 2357 Caspium

1841 2384 1907 2439 de
1934 2400 2045 2455 quo
2070 2399 2176 2438 non
2210 2383 2344 2438 satis
2367 2382 2623 2438 convenit
2652 2382 2796 2434 inter
2825 2389 3098 2436 auctores.

1911 2476 2070 2538 lbid.,
2124 2478 2218 2530 lin.
2287 2478 2369 2529 Η.
2418 2476 2642 2541 ’Ὠσπερ
2694 2474 2803 2543 γὰρ
2856 2473 2923 2526 τὸ
2976 2473 3115 2541 πῦρ.
3176 2472 3414 2526 Basilius

1840 2568 1989 2625 hom.
2020 2565 2093 2622 4:
2129 2568 2339 2637 ’Ὠσπερ
2385 2565 2493 2638 γὰρ
2531 2565 2591 2618 τὸ
2634 2564 2745 2635 πῦρ
2781 2564 2874 2617 καὶ
2922 2566 3001 2627 εἰς
3029 2564 3200 2635 μικρὰ
3240 2581 3414 2618 κατα-

1839 2660 2275 2732 κερματισμένον
2300 2660 2447 2712 ἐστὶν
2469 2657 2560 2711 ἐπὶ
2589 2656 2689 2729 τῆς
2737 2652 2838 2711 ὧδε
2867 2658 3077 2727 χρείας,
3110 2658 3203 2712 καὶ
3223 2657 3415 2729 ἀθρόον

1847 2749 1942 2801 ἐπὶ
1968 2749 2060 2803 τοῦ
2083 2749 2296 2819 αἰθέρος
2320 2748 2565 2816 κέχυταιο
2597 2747 2733 2799 xui6
2761 2747 2894 2815 ’Λὴρ
2915 2747 3166 2817 διῄρηται
3199 2748 3293 2817 μὲν
3323 2748 3418 2801 xui

1840 2841 1981 2897 κατὰ
2006 2841 2175 2911 μικρὰ
2197 2840 2289 2893 xui
2307 2839 2515 2909 ἁθρόως
2537 2840 2592 2892 δὲ
2626 2840 2715 2893 τὸν
2736 2839 2925 2910 περίγε
2936 2856 3011 2892 ιον
3028 2840 3418 2910 ὲκπεριείληφε

1840 2931 2002 2983 τόπον
2023 2947 2035 2959 ·
2051 2929 2192 2982 οὑτω
2208 2930 2303 2982 καὶ
2320 2927 2408 2979 ἐπὶ
2425 2925 2519 2980 τοῦ
2539 2927 2752 2991 ὓδατος,
2772 2929 2818 2979 εἰ
2837 2930 2933 2981 xui
2954 2929 3301 2999 αικραίτινές
3312 2930 3418 2982 εἰσι

1842 3021 2163 3091 διῃρημέναι
2210 3020 2515 3084 συστάσεις,
2556 3017 2691 3072 ἀλλὰ
2735 3020 2833 3089 μία
2862 3036 2924 3086 γε
2970 3022 3263 3090 συναγωγὴ
3295 3021 3327 3090 ὴ
3358 3019 3420 3073 τὸ

171 3111 286 3165 lius
319 3110 465 3162 hom.
489 3109 521 3161 ιὶ
548 3128 561 3163 :
595 3110 672 3162 Τὰ
693 3110 749 3162 δὲ
782 3114 1098 3181 συστήματα
1114 3111 1220 3164 τῶν
1245 3112 1471 3179 ὑδάτων,
1498 3115 1739 3169 τουτέστι

1847 3108 1961 3162 ὅλον
1995 3110 2251 3178 στοιχεῖον
2283 3107 2390 3160 τῶν
2438 3107 2641 3161 λοιπῶν
2689 3110 3051 3179 ἁποκρίνασα.
3108 3108 3231 3163 Haec
3276 3109 3418 3178 ignis

172 3205 302 3266 τοὺς
333 3203 561 3266 κόλπους
599 3202 723 3265 τοὺς
756 3202 898 3255 κατὰ
941 3204 1067 3257 ἴδιον
1102 3206 1283 3277 σχῆμα
1328 3206 1430 3258 ὑπὸ
1454 3209 1551 3278 τῆς
1591 3226 1744 3279 περι-

172 3296 436 3364 κειμένης
488 3294 591 3364 γῆς
646 3294 1088 3363 ἀπολειφθέντας,
1141 3294 1411 3359 θαλάσσας
1460 3299 1488 3350 6
1542 3297 1743 3370 Κύριος

173 3384 624 3456 προσηγόρευσε·
659 3384 898 3438 θάλασσα
950 3386 1184 3455 Βόρειος,
1235 3386 1475 3441 θάλασσα
1517 3389 1739 3454 Νότιος,

186 3475 336 3547 'Eq'iu
361 3476 621 3539 θάλασσα,
653 3477 746 3530 xui
789 3477 1049 3547 Ἑσπερία
1090 3477 1250 3530 πάλιν
1279 3479 1457 3549 ἑτέρα.
1496 3480 1602 3532 Kui
1626 3480 1742 3532 ὀνό⁴

176 3586 333 3641 ματα
369 3568 472 3621 τῶν
518 3568 764 3637 πελαγῶν
802 3568 1062 3632 ἰδιάζοντα
1113 3569 1311 3634 Πόντος
1346 3570 1615 3636 Εὔξεινος,
1646 3574 1741 3626 xui

171 3661 532 3733 Προπόντιος,
602 3662 1016 3732 Ἑλλήσποντος,
1079 3663 1300 3732 Αἰγαῖος
1352 3665 1446 3718 xui
1523 3665 1701 3729 Ἰόνιος
1728 3706 1742 3731 ,

170 3755 502 3825 Σαρδονικὸν
562 3756 824 3825 πέλαγος,
875 3758 969 3810 xui
1018 3757 1324 3819 Σικελικὸν,
1382 3759 1477 3811 xui
1535 3756 1747 3831 Τυρῤη.

170 3846 333 3898 νικδν
389 3846 605 3917 ἕτερον,
660 3845 753 3901 xui
799 3848 965 3918 μυρία
1008 3863 1072 3915 γε
1115 3846 1352 3917 ὀνόματα
1402 3847 1674 3917 πελαγῶν,
1709 3851 1745 3904 ἃ

174 3935 397 4005 μακρὸν
417 3936 481 3988 ἂν
505 3936 590 4007 εἴη
622 3938 713 3989 xui
734 3934 1117 4007 ἀπειροκαλίας
1147 3938 1339 4008 μεστὸν
1370 3937 1435 3991 δι’
1465 3939 1745 4013 ἀκριϐείας

170 4031 690 4102 ἀπαριθμήσασθαι.
736 4033 1031 4103 Gregorius
1074 4034 1306 4104 Cyprius
1350 4035 1404 4089 in
1433 4034 1603 4087 Maris
1655 4048 1746 4087 en-

174 4124 351 4177 comio
377 4124 653 4187 ιΚόλπους
694 4126 791 4195 μὲν
824 4124 1115 4189 πολυειδεῖς
1143 4126 1525 4187 άναλίσσουσα,
1549 4128 1746 4196 νήσους

172 4218 233 4271 δὲ
269 4213 337 4270 αὖ
364 4218 427 4270 ἐκ
461 4217 631 4288 μέσης
662 4217 859 4289 μικρὰς
896 4218 990 4271 xui
1022 4216 1235 4288 μείζους
1276 4218 1617 4282 ἀναδιδοῦσα,
1654 4219 1747 4271 xui

171 4308 461 4381 πορθμοὺς
492 4310 551 4362 ἐν
602 4309 768 4380 στενῴ
796 4311 875 4372 εἰς
919 4309 1078 4380 μέσον
1120 4310 1400 4382 διήκοντας
1444 4310 1747 4383 ἀπεργαζο-

175 4402 345 4473 μένη,
388 4400 470 4464 τίς
497 4400 564 4455 ἂν
594 4400 748 4469 λόγος
782 4400 1015 4473 μετρίως
1045 4403 1217 4456 εἰπεῖν
1257 4402 1575 4474 ἀποχρήσοι.
1618 4400 1749 4467 Qum

1846 3199 2168 3263 similitudo,
2202 3199 2452 3268 quamvis
2491 3214 2604 3253 rem
2636 3199 2703 3253 de
2737 3215 2841 3267 qua
2880 3214 3062 3253 sermo
3084 3207 3165 3254 est
3197 3199 3419 3255 institu-

1844 3301 1932 3348 tus
1960 3292 2245 3346 commode
2286 3292 2540 3360 explicet,
2574 3307 2682 3344 non
2722 3299 2901 3344 tamen
2934 3290 2987 3343 in
3015 3291 3273 3347 omnibus
3302 3292 3418 3349 suis

1844 3385 2090 3455 partibus
2122 3399 2245 3438 esse
2272 3400 2454 3439 veram
2491 3384 2801 3453 opinamur.
2833 3384 3003 3451 Aqua:
3034 3398 3270 3452 namque
3297 3399 3420 3454 quae

1844 3474 1899 3528 in
1932 3474 2242 3543 paludibus,
2280 3475 2527 3538 lacubus,
2570 3475 2797 3543 aliisque
2836 3475 2970 3530 locis
3008 3474 3241 3539 ﬂuitant,
3273 3476 3419 3544 ejus-

1844 3565 1966 3620 dem
2001 3573 2127 3621 sunt
2165 3565 2394 3620 rationis
2425 3574 2478 3620 et
2522 3578 2730 3619 naturae
2768 3581 2891 3620 cum
2916 3568 3188 3623 elemento
3220 3583 3417 3639 aqueo,

1844 3666 1898 3713 et
1933 3660 1986 3711 in
2032 3659 2143 3713 ullo
2187 3658 2293 3713 alio
2320 3658 2425 3712 nisi
2460 3659 2600 3721 loco,
2642 3674 2857 3727 sapore,
2895 3668 2949 3714 et
2989 3662 3233 3731 pondere
3264 3662 3419 3719 diﬂ‘e-

1846 3760 1975 3805 runt
2003 3768 2017 3818 ;
2051 3750 2193 3820 ignis
2232 3759 2415 3804 autem
2448 3766 2558 3820 quo
2594 3751 2798 3806 utimur
2828 3766 2929 3807 nos
2958 3752 3101 3807 infra
3141 3753 3417 3824 regionem

1847 3846 1989 3896 aeris
2021 3856 2131 3895 non
2166 3850 2249 3897 est
2280 3841 2525 3911 ejusdem
2556 3840 2743 3896 forma:
2780 3857 2905 3898 cum
2952 3843 3048 3898 illo
3077 3844 3415 3911 elementari,

1846 3948 1973 3989 cum
2015 3940 2203 3987 noster
2245 3932 2513 4003 impurior
2546 3933 2618 3988 sit
2653 3942 2707 3989 et
2733 3934 2998 3999 crassior,
3029 3942 3082 3990 et
3110 3935 3231 3990 ideo
3260 3936 3420 3990 lumi-

1847 4025 2054 4089 nosior,
2085 4039 2187 4079 nec
2232 4024 2378 4079 illam
2415 4026 2715 4081 siccitatem
2754 4032 2808 4080 et
2848 4026 3086 4082 calorem
3120 4027 3175 4081 in
3221 4043 3280 4083 se
3322 4028 3420 4081 ha-

1846 4116 1956 4182 bet,
1992 4132 2152 4186 quem
2199 4117 2341 4187 ignis
2375 4118 2743 4182 elementaris,
2778 4118 2874 4172 sed
2908 4118 3064 4186 longe
3086 4117 3300 4174 diversa
3330 4134 3419 4173 ra-

1846 4208 1995 4265 tione
2026 4209 2200 4273 ardet,
2236 4219 2288 4264 et
2314 4210 2608 4273 comburit,
2657 4224 2898 4279 suosque
2929 4218 3149 4279 praestat
3170 4208 3415 4264 eii‘ectus.

1917 4299 2079 4367 lbid.,
2122 4302 2219 4355 lin.
2270 4302 2357 4356 15.
2401 4300 2570 4369 Πηγὴ
2616 4298 2726 4369 γάρ
2764 4300 2896 4353 ἐστι
2938 4300 3046 4367 τῆς
3103 4301 3235 4368 περὶ
3279 4300 3416 4370 γῆν.

1849 4389 2048 4446 Eadem
2082 4391 2245 4446 habet
2270 4391 2504 4446 Basilius
2532 4390 2677 4445 hom.
2699 4390 2755 4451 4,
2786 4397 2841 4445 ct
2870 4387 3163 4457 Gregorius
3187 4390 3420 4459 Cyprius

170 4494 367 4549 omnia
419 4493 819 4564 elegantissime
868 4491 1158 4562 Dionysius
1211 4492 1609 4549 Alexandrinus
1668 4492 1739 4547 De

1851 4485 1905 4538 in
1923 4482 2093 4538 Maris
2113 4484 2346 4538 encomio
2363 4499 2382 4537 .'
2407 4485 2603 4554 Μήτηρ
2624 4482 2679 4535 δὲ
2698 4480 2790 4534 τοῦ
2808 4481 3008 4545 παντὸς
3035 4482 3241 4545 ὕδατος,
3257 4499 3422 4553 προσ-

171 4586 292 4639 situ
319 4584 481 4647 orbis,
505 4599 625 4655 qua:
654 4584 780 4654 quia
810 4583 1199 4639 Commentarii
1228 4583 1346 4638 loco
1366 4600 1489 4641 esse
1518 4594 1749 4656 possunt

170 4693 295 4732 non
329 4676 598 4748 gravabor
631 4677 904 4733 ascribere
929 4695 942 4731 :

251 4787 453 4855 Πάντη
491 4784 543 4841 δ’
576 4787 880 4856 ἀκαμάτου
919 4789 1153 4856 φέρεται
1173 4789 1317 4855 ῥόος
1342 4788 1623 4856 ὠκεανοῖο

170 4853 287 4922 Εἷς
313 4843 590 4926 μέν’ἐὼν,
621 4843 888 4926 ποίλλῇσι
909 4843 958 4910 δ’
988 4843 1404 4927 ’ἐπωνῦμίῃσιν
1426 4852 1673 4925 ἀρημὺς.

175 4931 344 4981 Ἤτοι
372 4932 403 4980 ό
425 4929 541 4996 μὲν
568 4928 804 4997 .ἰοκροῖο
842 4932 978 4995 παρ’
1016 4928 1306 4997 ἐσχατιὴν
1337 4928 1601 4996 ζεφύροιο

175 5000 409 5061 Ἀτλας
438 4998 712 5066 ἑσπέριος
744 4998 1131 5068 κικλήσκεται
1152 5016 1163 5026 ·
1194 4998 1379 5068 αὐτὰρ
1412 4999 1664 5068 ὕπερθεν

170 5068 337 5135 Πρὸς
354 5064 597 5135 βορέην,
625 5071 724 5122 ἵνα
743 5069 948 5131 παῖδες
967 5064 1325 5137 ἀρειμανέων
1344 5064 1744 5136 Ἃριμιισπῶν,

170 5140 416 5192 Πόντον
438 5139 859 5208 μινᾼκαλέουσι
898 5142 1200 5208 πεπηγότα
1235 5156 1317 5199 τε,
1354 5140 1595 5206 κρόνιόν
1624 5156 1705 5191 τε.

175 5210 395 5261 ’Ἄλλοι
411 5200 462 5261 δ’
491 5200 566 5264 αὗ
586 5209 681 5278 καὶ
696 5209 912 5278 νεκρὸν
925 5200 1247 5278 ἐφήβισαν,
1261 5200 1454 5263 οὕνεκ’
1475 5208 1746 5277 ἀφαυροῦ

185 5277 450 5349 Ἠελίου.
480 5277 732 5346 Βράδιον
752 5277 863 5349 γὰρ
893 5277 1068 5348 ὑπεὶρ
1096 5280 1213 5334 ἅλα
1242 5279 1355 5347 τήν
1391 5280 1457 5332 δε
1496 5280 1744 5348 φαείνει,

168 5347 407 5419 Αίεὶμὸὲ
430 5350 729 5419 ίσκιεροῖσι
754 5347 1078 5419 παχύνεται
1102 5351 1170 5402 ἐν
1191 5347 1543 5418 νεφέλῃσιν.

169 5416 379 5488 ᾼὺτὰρ
416 5418 505 5472 ὅθι
528 5416 823 5487 πρώτιστα
839 5416 1150 5488 ἐσαείνεται
1177 5416 1579 5488 ἀνθρώποισιν

185 5484 381 5552 Ἰιῷον
403 5484 688 5558 καλέουσι
718 5489 815 5542 καὶ
851 5484 1112 5544 ’Ἰνδικὸν
1138 5484 1311 5558 οἶδμα
1339 5490 1673 5558 θαλάσσης.

173 5558 357 5625 Ἀγχι
386 5557 438 5610 δ’
480 5560 823 5626 Ἐρυθραῐόν
850 5577 932 5623 τε,
954 5560 1049 5612 καὶ
1079 5557 1380 5615 Αἱθιόπιον
1416 5557 1746 5615 καλέουσιν

173 5628 336 5695 Πρὸς
364 5626 562 5682 νότον.
600 5631 786 5684 Ἔνθα
822 5630 889 5684 δὲ
933 5630 1161 5695 πολλός
1207 5630 1485 5695 ἀοικήτου
1531 5633 1745 5699 χθονὸς

914 5720 921 5725 ·
1448 5700 1675 5754 [αὐλὼν

914 5720 921 5725 -
1471 5700 1633 5754 αὺλὼ

186 5765 543 5839 ἐκτέταται,
577 5770 887 5842 ιιαιιεροῖσι
917 5766 1281 5840 κεκαυμένος
1316 5699 1633 5837 ἠελὶἱκσιν.

1848 4578 2045 4633 κείσθω
2093 4577 2149 4630 δὲ
2205 4576 2299 4629 xui
2342 4575 2541 4639 παντὸς
2575 4574 2743 4647 ὑγροῦ
2775 4573 3043 4628 Θάλασσα·
3073 4573 3314 4643 εῦδηλον,
3344 4573 3419 4637 ὼς

1847 4670 1941 4722 xui
1971 4668 2171 4722 τούτων
2191 4669 2289 4721 οὑκ
2314 4669 2445 4738 ἄλλη
2478 4686 2560 4731 τις
2576 4668 2721 4721 αἰτία
2747 4668 2806 4721 τὸ
2833 4668 2996 4739 μέρος
3030 4666 3202 4729 τοῦτο,
3231 4668 3312 4719 ὅτι
3344 4667 3419 4737 μὴ

1849 4760 2114 4814 θάλασσα·
2152 4762 2210 4813 οὑ
2244 4761 2307 4833 δὴ
2342 4762 2479 4832 μόνα
2513 4760 2686 4814 ταῦτα
2716 4762 2813 4831 τὴν
2847 4760 3041 4831 ὑγρὰν,
3074 4760 3149 4823 ὡς
3187 4760 3416 4830 μητέρα,

1847 4852 1986 4907 κατὰ
2017 4853 2106 4906 τὸν
2141 4855 2428 4924 εἰρημένον
2469 4854 2727 4923 κέκτηται
2769 4854 2991 4922 τρόπον.

1918 4945 2076 5009 1ὺῐι1.,
2108 4946 2203 4999 lin.
2234 4947 2319 5000 l7.
2353 4946 2459 4999 Καὶ
2496 4945 2661 5000 πᾶσα
2687 4947 2723 5011 ἡ
2760 4946 2833 5016 γῆ
2865 4947 3187 5013 ὑπόνομος.
3226 4942 3420 4997 Fusior

1847 5037 2079 5094 Basilius
2113 5040 2310 5093 1ιοηι.ἆ
2339 5059 2350 5093 :
2382 5038 2603 5109 Πρῶτον
2632 5033 2728 5108 μὲν
2762 5039 2844 5090 ὅτι
2875 5037 3023 5106 πηγὴ
3052 5037 3149 5106 τῆς
3176 5037 3301 5106 περὶ
3317 5035 3419 5106 γῆν

1848 5131 2064 5201 ἀπάσης
2085 5129 2285 5194 νοτίδος
2307 5130 2421 5183 ὲστί
2443 5126 2504 5181 τὸ
2528 5128 2626 5197 τῆς
2651 5127 2925 5198 θαλάσσης
2950 5126 3112 5199 ὕδωρ,
3138 5126 3297 5181 τοῦτο
3321 5127 3419 5197 μὲν

1847 5227 1904 5278 ὲν
1926 5228 2035 5289 τοῖς
2070 5224 2297 5293 ἀφανέσι
2342 5220 2526 5293 πόροις
2557 5222 2940 5293 διαδιδόμενον,
2971 5221 3045 5286 ὡς
3082 5220 3330 5292 δηλοῦσιν
3360 5220 3418 5273 αἱ

1850 5314 2148 5388 σομφὼδεις
2177 5316 2283 5369 τῶν
2304 5309 2568 5385 ήπείρων,
2594 5314 2687 5367 xui
2707 5313 2987 5385 ὑπαντροι,
3012 5314 3099 5382 ὑφ’
3128 5313 3195 5376 ἃς
3225 5314 3257 5382 ἡ
3283 5311 3418 5383 ροὠο

1847 5409 1943 5478 δης
1982 5408 2401 5470 διαυλωνίζουσα
2460 5406 2723 5470 θάλασσα,
2774 5405 2992 5459 ἐπειδὰν
3044 5404 3282 5466 σκολιαῖς
3324 5403 3419 5457 xui

1847 5498 1983 5568 πρὸς
2016 5496 2077 5550 τὸ
2126 5496 2307 5568 ὅρθιον
2354 5495 2683 5566 φερομέναις
2732 5494 3089 5565 ἐναπολειφθῇ
3139 5493 3417 5560 διεξόδοις,

1845 5589 1950 5642 ὑπὸ
1975 5588 2067 5641 τοῦ
2090 5588 2371 5652 κενοῦντος
2402 5586 2569 5660 αὐτὴν
2596 5586 2903 5657 πνεύματος
2943 5587 3223 5657 ὠθουμένη
3257 5584 3419 5657 φέρε-

1844 5696 1933 5732 ται
1964 5678 2066 5744 ,ἔξω
2091 5679 2189 5748 τὴν
2222 5678 2543 5746 ἐπιφάνειαν
2578 5675 2935 5748 διαῤῥήξασα,
2970 5676 3067 5729 καὶ
3094 5676 3302 5742 γίνεται
3322 5672 3420 5725 πό-

1846 5788 2001 5842 τιμος
2033 5772 2097 5825 ἐκ
2121 5771 2217 5834 τῆς
2244 5769 2543 5842 διηθήσεως
2579 5769 2641 5823 τὸ
2673 5769 2869 5839 πικρὸν
2923 5767 3147 5822 ἱαθεῖσα.
3184 5767 3321 5839 Ἤδη
3360 5764 3423 5820 δὲ
