4072 6342
633 285 740 345 839

1960 278 2206 342 LEOle
2244 274 2520 342 ALLATII

3661 267 3668 275 '
3757 281 3877 337 sto

632 401 726 454 καὶ
774 399 1108 471 θερμοτέρας
1155 400 1218 451 ἐκ
1269 398 1545 470 μετάλλων
1583 398 1862 469 ποιότητος
1895 399 2038 452 κατὰ
2093 398 2172 470 τὴς

2292 414 2520 469 corpora
2551 398 2695 454 enim
2739 393 3090 455 elementaria
3129 403 3339 453 naturae
3386 399 3502 468 lege
3569 405 3734 467 atque
3771 411 3877 450 or-

630 489 858 556 διέξοδον
887 487 1264 560 προσλαϐοῦσα
1293 489 1355 540 ὲκ
1378 487 1478 557 τῆς
1507 488 1673 559 αὐτῆς
1697 487 1791 540 τού
1815 488 2085 553 κινοῦντος
2109 492 2191 542 αί-

630 581 750 644 τίεις
771 579 964 644 ζέουσα
984 580 1188 648 γίνεται
1211 579 1285 643 ὡς
1311 579 1375 633 τὰ
1401 579 1590 640 πολλὰ,
1614 580 1710 634 καὶ
1727 581 1995 654 πυρώδηςλ
2016 583 2190 655 Ὅπερ

631 671 895 741 πολλαχοῦ
923 673 1019 742 μὲν
1037 670 1145 724 τῶν
1171 673 1368 742 νήσων,
1403 671 1666 742 πολλαχοῦ
1693 671 1751 724 δὲ
1777 671 1884 724 τῶν
1915 673 2191 744 παραλίων

627 763 804 816 τόπων
833 763 1038 827 ἔξεστιν
1067 763 1342 834 ἱστορῆσαι
1364 779 1377 793 ⁸
1409 763 1605 830 ὄπουγε
1637 765 1728 842 καὶ
1759 765 1898 817 κατά
1939 766 2037 836 τὴν
2097 784 2192 837 με-

629 854 834 922 σόγειον
870 855 1022 906 τόποι
1065 855 1207 917 τινὲς
1235 855 1342 908 τῶν
1376 855 1650 926 ποταμίων
1685 856 1888 908 ὑδάτων
1931 858 2187 924 γείτονες,

625 946 700 1009 ὼς
733 945 901 1016 μικρὰ
928 945 1179 1015 μεγάλοις
1201 946 1433 1010 εἰκάσαι,
1453 944 1518 997 τὰ
1532 945 1878 1016 παραπλήσια
1902 946 2188 1015 πάσχουσι.

625 1037 770 1107 Πρὸς
795 1034 886 1090 οὖν
909 1037 961 1088 τί
988 1035 1146 1089 τοῦτο
1171 1035 1384 1108 εἴρηταί
1418 1054 1539 1106 μοι;
1570 1037 1686 1089 Ὅτι
1728 1038 1874 1090 πᾶσα
1919 1037 2188 1107 ύπόνομός

623 1129 772 1180 ὲστιν
799 1131 832 1199 ή
859 1129 929 1199 γῆ
949 1127 1036 1182 διὰ
1067 1130 1246 1198 πόρων
1280 1127 1498 1197 ἀφανῶν
1519 1129 1582 1180 ὲκ
1611 1127 1718 1181 τῶν
1746 1127 1926 1198 ἀρχῶν
1955 1127 2055 1197 τῆς
2093 1127 2190 1180 θα-

626 1218 830 1289 λάσσης
860 1219 1274 1283 ὑπονοστοῦντος
1318 1219 1412 1272 τοῦ
1447 1219 1654 1283 ὓδατος.
1699 1217 1773 1273 De
1815 1233 2079 1288 aquarum
2107 1219 2188 1274 vi-

625 1311 802 1373 ribus,
838 1319 892 1365 et
921 1310 1229 1379 saporibus,
1255 1311 1482 1381 aliisque
1505 1310 1882 1381 qualitatibus,
1924 1310 2044 1364 vide
2068 1325 2188 1380 quae

624 1417 692 1456 ex
721 1401 1011 1457 Aristotele
1040 1401 1360 1472 compendio
1397 1403 1530 1457 dicit
1571 1402 1818 1458 Stobaeus
1857 1402 1914 1457 in
1951 1401 2186 1471 Physicis

625 1493 820 1564 eclogis
854 1535 870 1561 ,
899 1509 1020 1564 cap.
1047 1493 1135 1548 54.

694 1607 811 1661 Col.
839 1605 966 1671 715,
1005 1607 1100 1661 lin.
1146 1607 1234 1662 i9.
1270 1607 1331 1662 Ἠ
1358 1607 1465 1676 γὰρ
1499 1606 1740 1675 ῥοώδης
1777 1604 2080 1660 θάλασσα.
2111 1603 2187 1660 De

623 1698 902 1752 ﬂuminum
928 1697 1263 1769 fontiumque
1291 1713 1453 1754 causa
1477 1705 1531 1752 et
1560 1698 1767 1766 origine
1795 1697 1947 1766 plura
1969 1696 2185 1751 Aristo-

2298 492 2424 546 dine
2456 492 2772 548 coelestibus
2801 492 3086 547 obediunt.
3129 491 3385 546 Albertus
3416 492 3513 546 lib.
3546 505 3586 544 ιι
3610 489 3877 552 Πειθοῖ..

2298 589 2456 636 tract.
2494 581 2550 647 2,
2581 596 2698 652 cap.
2727 581 2812 645 l2,
2845 583 3020 652 inquit
3046 596 3275 652 vapores
3298 582 3352 636 in
3380 581 3563 645 terris,
3609 578 3882 634 cavernis

2297 673 2534 728 elevatos
2569 673 2908 744 reﬂexosque
2932 673 3209 729 attrahere
3232 671 3299 726 ad
3322 689 3380 729 se
3395 687 3614 742 aquam,
3629 684 3885 740 eamque

2296 779 2516 820 sursum
2550 763 2762 827 eﬂ‘erre,
2793 773 2848 819 et
2891 764 3152 819 continua
3189 778 3288 819 sua
3339 764 3576 826 actione,
3613 772 3668 817 et
3709 763 3878 816 illisu

2296 855 2364 907 ad
2415 855 2619 910 montis
2655 855 2822 910 latera
2859 871 3024 925 poros
3067 856 3311 926 aperire,
3377 854 3576 924 quibus
3635 853 3883 908 tandem

2296 947 2548 1016 erumpit.
2593 946 2696 1000 Alii
2735 948 2946 1012 dicunt,
2992 962 3116 1002 cum
3148 956 3294 1002 terra
3328 948 3510 1002 multis
3545 947 3617 1000 sit
3670 945 3875 1014 pervia

2296 1040 2588 1109 specubus,
2613 1054 2808 1108 aquam
2838 1041 3004 1094 maris
3028 1041 3082 1094 in
3113 1039 3381 1108 ejusmodi
3413 1053 3544 1094 cava
3586 1038 3704 1092 loca
3734 1052 3878 1093 sese

2297 1129 2574 1194 inducere,
2630 1145 2751 1199 qua:
2775 1131 2906 1200 quia
2940 1138 3069 1186 sunt
3116 1133 3370 1200 anguista,
3421 1144 3598 1199 neque
3644 1136 3876 1182 tantam

2295 1222 2463 1276 maris
2494 1223 2689 1276 molem
2722 1237 2918 1292 capere
2949 1228 3178 1290 queunt,
3223 1235 3340 1275 eam
3367 1234 3519 1290 aqua:
3546 1218 3873 1288 portionem

2294 1325 2661 1382 compressam
2687 1312 2752 1366 ad
2774 1312 3118 1367 extrinsecus
3135 1311 3484 1365 incumbente
3507 1309 3639 1362 mari
3665 1323 3872 1378 egres-

2294 1419 2412 1458 sum
2443 1419 2549 1474 qua
2576 1404 2661 1458 via
2696 1405 2888 1474 possit,
2915 1415 3178 1474 quaerere,
3222 1404 3410 1474 sicque
3439 1402 3554 1459 ﬁeri
3585 1417 3870 1473 aquarum

2292 1497 2652 1552 exsilitiones.
2673 1497 2916 1552 Aliorum
2938 1497 3075 1554 alios
3101 1495 3292 1553 modos
3313 1504 3367 1552 et
3398 1497 3639 1552 rationes
3667 1509 3870 1565 quaere

2292 1588 2348 1642 in
2376 1590 2536 1644 dictis
2575 1591 2911 1647 auctoribus.

2361 1702 2522 1769 Ihid.,
2557 1702 2654 1758 lin.
2687 1703 2778 1758 ει.
2836 1683 3030 1760 Πάλιν
3056 1703 3124 1758 δὲ
3153 1703 3414 1758 ἐπειδάν.
3467 1701 3705 1758 Causam
3733 1717 3870 1773 pro-

625 1788 758 1842 teles
804 1788 897 1841 lib.
939 1804 955 1841 ι
1005 1761 1248 1852 Memor,
1315 1803 1436 1858 cap.
1487 1785 1576 1851 15,
1623 1761 1676 1840 et
1724 1761 1820 1842 libi.
1869 1802 1928 1849 ιι,
1961 1801 2081 1855 cap.
2121 1783 2184 1851 2;
2220 1761 2263 1818 Β
2290 1800 2409 1864 pler
2435 1761 2598 1865 quam
2632 1811 2785 1866 aqua;
2807 1804 2932 1849 cum
2953 1811 3019 1851 ex
3053 1812 3163 1852 υηο
3190 1795 3458 1852 eteadem
3503 1792 3672 1857 fonte,
3703 1761 3869 1848 mare

621 1873 796 1939 Plato,
829 1880 882 1930 in
926 1876 1218 1942 Phaedone;
1250 1875 1517 1945 Georgius
1560 1875 1840 1946 Agricola,
1900 1875 1998 1928 lib.
2039 1891 2055 1928 ι
2107 1873 2186 1928 De

623 1978 742 2020 ortu
783 1978 832 2022 et
881 1970 1054 2023 causis
1103 1968 1598 2031 subterraneorum;
1631 1966 1884 2021 Albertus
1933 1966 2182 2036 Magnus,

620 2056 716 2111 lib.
781 2072 822 2111 ιι
858 2056 1102 2123 Meteon,
1133 2066 1290 2112 tract.
1352 2057 1436 2123 l2,
1467 2057 1627 2127 oapit.
1660 2057 1746 2123 ll;
1773 2055 2006 2111 Jacobus
2048 2055 2187 2110 Mili.

619 2148 796 2213 chius,
842 2148 896 2202 in
943 2150 1107 2218 capit.
1149 2148 1250 2203 103
1296 2148 1388 2202 lib.
1443 2163 1483 2202 ιι
1551 2145 1743 2213 Plinii;
1788 2144 2036 2203 Valesius
2105 2147 2185 2202 De

618 2255 772 2292 sacra
801 2239 1151 2308 philosophia,
1186 2255 1304 2309 cap.
1328 2240 1416 2303 6'5,
1451 2247 1504 2294 et
1526 2239 1636 2293 alii.
1666 2235 1790 2292 Fuit
1822 2237 2182 2308 quorumdam

617 2325 804 2392 opinio
841 2326 982 2379 intra
1019 2334 1217 2380 terram
1259 2341 1381 2381 esse
1423 2325 1687 2397 quasdam
1737 2327 2000 2382 cavitates
2026 2335 2080 2382 et
2103 2327 2184 2380 al-

619 2428 772 2478 veos,
798 2414 994 2484 quibus
1016 2414 1215 2471 imbres
1235 2416 1595 2486 excipiantur,
1623 2424 1786 2487 atque
1805 2432 1873 2472 ex
1904 2418 1971 2472 iis
2007 2416 2182 2473 fontes

614 2511 670 2559 et
689 2505 881 2559 ﬂuvios
909 2505 1206 2568 dimanare,
1229 2513 1283 2561 et
1313 2522 1481 2577 aquas
1504 2507 1624 2562 illas
1650 2524 1822 2578 usque
1844 2507 1911 2562 ad
1945 2509 2180 2563 futuram

615 2594 849 2650 hiemem
878 2595 1143 2660 sulIicere,
1175 2610 1275 2650 nec
1303 2611 1619 2652 exarescere
1651 2606 1944 2668 antequam
1984 2611 2179 2654 rursus

614 2689 766 2762 pluat
791 2707 806 2745 :
842 2689 1038 2744 siccari
1064 2704 1193 2745 vero
1218 2703 1312 2746 eos
1339 2706 1570 2761 quorum
1601 2692 1738 2748 alvei
1766 2693 2004 2749 minores
2029 2699 2176 2760 sunt,

611 2789 668 2837 et
687 2781 757 2836 ob
787 2779 1060 2836 defectum
1093 2796 1358 2852 aquarum
1389 2798 1500 2837 non
1531 2781 1743 2839 ﬂuitant
1785 2801 1958 2855 usque
1983 2786 2050 2841 ad
2080 2803 2179 2842 no-

610 2889 709 2928 vas
740 2873 965 2944 pluvias.
997 2873 1320 2930 Aristoteles
1355 2883 1409 2930 et
1448 2875 1537 2929 alii
1565 2891 1787 2932 causam
1827 2879 2057 2947 primam
2089 2888 2179 2950 ge-

611 2965 912 3020 nerationis
959 2964 1246 3020 ﬂuviorum
1307 2973 1557 3022 statuunt
1610 2967 1714 3021 loci
1761 2977 2031 3035 naturam,
2085 2970 2176 3024 ubi

609 3065 832 3128 propter
864 3057 967 3113 soli
1002 3057 1302 3122 raritatem,
1330 3057 1538 3114 multus
1567 3066 1623 3114 et
1658 3062 1914 3130 copiosus
1948 3061 2171 3130 spiritus

609 3153 920 3216 generatur,
955 3147 1049 3217 qui
1092 3161 1254 3217 quam
1289 3147 1537 3217 proxime
1567 3147 1632 3202 ad
1673 3150 1892 3218 vaporis
1923 3157 2174 3204 naturam

603 3235 840 3292 accedit.
890 3236 1094 3293 Deinde
1139 3253 1270 3293 vero
1328 3236 1530 3309 frigore
1586 3239 1692 3293 loci
1738 3240 1792 3292 in
1839 3255 2036 3310 aquam
2083 3255 2178 3296 co-

609 3329 775 3398 gitur,
831 3344 954 3400 quae
999 3329 1172 3400 ejecta
1238 3329 1360 3385 fons
1414 3337 1470 3386 et
1521 3331 1673 3402 origo
1721 3329 2007 3386 ﬂuviorum
2071 3340 2172 3388 est.

605 3417 717 3475 Nec
773 3421 986 3476 videtur
1037 3421 1334 3477 absurdum
1386 3423 1435 3478 si
1483 3431 1704 3494 propter
1753 3423 1995 3478 eamdem
2046 3438 2177 3478 cau-

607 3527 724 3567 sam
781 3512 837 3567 in
863 3521 1019 3569 terra:
1072 3514 1374 3570 visceribus
1432 3521 1722 3585 generatur
1773 3528 1912 3586 aqua
1957 3523 2175 3587 propter

605 3618 771 3673 quam
805 3618 970 3673 supra
1005 3613 1206 3658 terram
1259 3604 1313 3660 in
1350 3619 1504 3672 aere;
1539 3606 1656 3676 pari
1686 3606 1831 3660 enim
1867 3608 2078 3661 ratione
2117 3607 2172 3661 in

605 3702 905 3764 vaporante
949 3710 1074 3750 aere
1125 3696 1297 3766 frigus
1345 3707 1622 3766 operatur.
1688 3697 1818 3762 Qua:
1865 3697 2172 3754 Aristotelis

605 3787 792 3857 opinio
813 3786 859 3841 si
889 3795 1036 3842 recte
1061 3788 1443 3844 consideretur
1467 3805 1624 3845 suam
1655 3789 1818 3844 habet
1873 3792 2170 3861 probabili-

608 3885 798 3943 tatem,
831 3892 933 3933 nec
974 3878 1050 3932 ita
1091 3879 1295 3934 absona
1328 3887 1412 3934 est
1466 3880 1521 3933 in
1571 3880 1913 3952 philosophia
1967 3891 2028 3938 ut
2074 3899 2167 3939 ex-

605 3970 732 4042 pelli
760 3971 983 4028 omnino
1011 3979 1302 4027 mereatur.
1325 3971 1638 4028 Christiano
1660 3981 1839 4029 tamen
1863 3974 2086 4043 homini,
2104 3993 2167 4033 ea

605 4079 769 4134 super
802 4063 908 4118 hoc
939 4063 1207 4118 sententia
1238 4073 1322 4118 est
1346 4064 1724 4134 amplexanda,
1759 4081 1880 4136 quae
1913 4077 1996 4148 est
2038 4083 2167 4123 εειμ

603 4164 816 4211 ctorum
836 4154 1058 4210 Patrum
1079 4155 1407 4219 communis,
1426 4162 1480 4210 et
1500 4171 1668 4212 sacra:
1695 4154 1989 4228 Scriptura
2011 4161 2164 4216 testi-

601 4246 810 4302 moniis
832 4245 1204 4302 conﬁrmatur.
1243 4243 1518 4317 Originem
1564 4247 1791 4302 fontium
1825 4265 1856 4304 e
1881 4252 2016 4305 mari
2041 4266 2164 4308 esse

602 4353 634 4393 a
669 4353 778 4409 quo
807 4335 1050 4400 elliuunt,
1100 4344 1155 4393 et
1210 4336 1266 4392 in
1318 4337 1465 4408 quod
1491 4336 1742 4405 inﬂuunt,
1794 4340 1866 4394 ita
1903 4340 2157 4407 Basilius,

2287 1883 2521 1947 Scilicet,
2549 1884 2815 1954 originem
2851 1885 3091 1950 trahant,
3129 1901 3238 1940 non
3280 1884 3524 1940 eamdem
3561 1892 3782 1939 servent
3807 1890 3866 1938 et

2297 1975 2636 2044 qualitatem,
2671 1984 2725 2030 et
2755 1991 3024 2046 saporem,
3052 1977 3147 2032 sed
3178 1977 3481 2033 secundum
3519 1975 3625 2032 loci
3674 1974 3866 2029 varie-

2282 2073 2447 2122 tatem
2480 2067 2608 2137 ipste
2638 2069 2800 2123 etiam
2835 2071 3108 2125 varientur
3138 2076 3260 2141 pete
3301 2086 3329 2123 a
3358 2068 3723 2140 philosophis.

2359 2153 2518 2226 Ibid.,
2537 2163 2633 2216 lin.
2661 2162 2752 2220 27.
2781 2163 2944 2233 Αὕτη
2965 2164 3060 2217 καὶ
3102 2163 3220 2217 τῶν
3244 2165 3456 2233 ἀερίων
3474 2157 3728 2218 ὑδάτων.
3756 2163 3866 2216 Ba-

2284 2252 2458 2319 silius,
2507 2253 2654 2308 hom.
2682 2256 2716 2309 4
2759 2271 2773 2309 :
2805 2254 2960 2327 Καλὴ
2995 2253 3089 2308 καὶ
3116 2255 3248 2309 διότι
3278 2255 3391 2319 τοῖς
3427 2255 3633 2327 ἀερίοις
3658 2255 3857 2309 ὕδασιν

2281 2347 2422 2417 ἀρχή
2461 2345 2545 2409 τίς
2582 2349 2695 2400 ἐστι
2736 2347 2829 2400 καὶ
2865 2348 3036 2420 πηγὴ,
3075 2347 3382 2420 Θαλπομένη
3434 2347 3532 2418 μὲν
3570 2349 3637 2420 τῇ
3671 2349 3858 2402 ἀκτῖνι

2283 2436 2378 2489 τοῦ
2410 2436 2582 2506 ἡλίου,
2609 2435 2972 2509 ἀποτιθεμένη
2997 2437 3052 2491 δὲ
3087 2438 3146 2491 τὸ
3193 2438 3385 2491 λεπτὸν
3414 2438 3506 2491 τοῦ
3538 2435 3728 2502 ὓδατος
3759 2440 3859 2492 διά

2278 2528 2384 2582 τῶν
2402 2528 2607 2599 ἀτμῶν,
2625 2529 2760 2602 ὅπερ
2772 2529 2897 2583 ἐλκυ
2905 2528 3026 2583 σΘὲν
3039 2532 3116 2594 είς
3129 2530 3220 2583 τὸν
3235 2531 3343 2584 ἀνω
3355 2531 3535 2594 τόπον,
3555 2526 3672 2584 εἶτα
3688 2548 3859 2584 κατα-

2278 2618 2480 2691 ψυχθὲν
2507 2621 2594 2674 διά
2626 2619 2686 2674 τὸ
2709 2621 3038 2693 ὑψηλότερον
3063 2621 3311 2690 γενέσθαι
3339 2621 3436 2694 τῆς
3467 2612 3573 2676 ἀπὸ
3595 2622 3688 2676 τοῦ
3722 2623 3856 2676 ἐδά-

2279 2731 2410 2782 φους
2434 2712 2780 2778 ἀνακλάσεως
2810 2713 2918 2766 τῶν
2950 2710 3203 2780 ἀκτίνων,
3239 2714 3331 2768 καὶ
3372 2714 3507 2785 όμοῦ
3541 2715 3640 2785 τῆς
3663 2716 3728 2768 ὲκ
3750 2715 3853 2768 τοῦ

2276 2804 2470 2873 νέφους
2508 2806 2665 2868 σκιᾶς
2695 2805 2793 2874 τὴν
2838 2804 2996 2874 ψύξιν
3029 2804 3401 2874 ἐπιτεινούσης
3440 2795 3592 2868 ὑετὸς
3615 2805 3851 2873 γίνεται,

2276 2899 2368 2950 καὶ
2392 2898 2590 2951 πιαίνει
2621 2897 2718 2969 τὴν
2750 2899 2872 2968 γῆν.
2895 2895 3188 2968 Gregorius
3215 2896 3446 2968 Cyprius
3473 2896 3528 2950 in
3549 2895 3721 2950 Horis
3752 2914 3856 2951 en-

2275 2991 2442 3044 comio
2464 3007 2482 3044 :
2513 2991 2746 3063 Ὄμόροι
2777 2991 2833 3044 δὲ
2857 2990 2992 3062 πρὸς
3025 2993 3136 3054 τοῖς
3162 2988 3491 3062 εἰρημένοις,
3520 2990 3613 3043 καὶ
3635 2991 3848 3060 δρόσοι,

2276 3083 2369 3136 καὶ
2390 3082 2616 3152 νιφετοὶ,
2646 3081 2864 3152 νεφέλαι
2895 3100 2954 3136 τε
2989 3077 3054 3136 αὖ
3090 3083 3146 3136 αἱ
3175 3082 3398 3147 τούτους
3432 3082 3714 3152 γεννῶσαι,
3745 3086 3848 3139 καὶ

2278 3173 2376 3228 ὅσα
2391 3174 2603 3245 πρῶτον
2635 3175 2714 3238 είς
2733 3175 2823 3228 τὸν
2855 3174 2966 3228 ἀνω
2985 3172 3346 3246 συνιστάμενα
3371 3175 3552 3240 τόπον,
3584 3172 3681 3228 εἴτ’
3702 3178 3850 3229 ἐκεί-

2277 3264 2366 3317 θεν
2393 3267 2472 3329 είς
2495 3263 2597 3337 γῆν
2622 3266 2878 3319 κάτεισιν.
2915 3264 3197 3331 Quomodo
3234 3274 3417 3322 autem
3444 3267 3498 3322 in
3539 3282 3664 3323 aere
3685 3283 3846 3339 aqua

2276 3365 2605 3423 generentur
2625 3355 3014 3412 exolicavimus
3041 3354 3314 3424 superius.

2350 3512 2506 3580 lbid.,
2530 3513 2624 3566 lin.
2660 3513 2748 3567 55:
2781 3512 2886 3566 Καὶ
2915 3512 3000 3566 ἔτι
3029 3513 3122 3567 καὶ
3151 3513 3286 3568 νῦν.
3308 3511 3560 3576 Basilius,
3590 3525 3736 3567 nom.
3765 3513 3838 3569 5:

2285 3603 2349 3657 Ἦ
2375 3601 2487 3674 γὰρ
2499 3603 2624 3656 τότε
2659 3601 2829 3672 φωνὴ,
2863 3601 2958 3655 καὶ
2983 3600 3042 3654 τὸ
3071 3601 3282 3674 πρῶτον
3309 3602 3482 3654 έκεῖνο
3513 3601 3842 3672 πρόσταγμα

2270 3689 2380 3749 οἷον
2407 3696 2569 3765 νόμος
2615 3711 2700 3758 τις
2735 3695 2950 3762 ἐγένετο
2996 3693 3228 3764 φύσεως,
3279 3694 3372 3746 καὶ
3403 3693 3725 3763 ὲναπέμεινε
3765 3698 3835 3766 τῇ

2269 3790 2361 3858 γῇ,
2393 3786 2489 3857 τὴν
2508 3786 2600 3840 τοῦ
2631 3787 2822 3856 γεννᾷν
2843 3786 2979 3856 αὐτῇ
3007 3786 3100 3838 καὶ
3115 3788 3479 3858 καρποφορεῖν
3502 3785 3729 3858 δύναμιν
3756 3791 3840 3854 εἰς

2267 3879 2329 3932 τὸ
2358 3878 2484 3950 ἑξῆς
2512 3881 2899 3949 παρεχόμενος.
2931 3876 2996 3930 Ει
3038 3876 3303 3934 inferius:
3333 3877 3449 3930 Ἵνα
3494 3877 3710 3949 πρῶτον
3745 3882 3841 3934 ὲκ-

2267 3971 2375 4022 εῖνο
2410 3969 2736 4040 πρόσταγμα
2767 3966 3130 4021 διδασκαλεῖον
3160 3971 3224 4039 τῇ
3257 3968 3412 4038 φύσει
3445 3970 3668 4042 γένηται
3700 3972 3841 4044 πρὸς

2265 4061 2363 4131 τὴν
2395 4059 2522 4130 ἑξῆς
2553 4058 2888 4113 ἀκολουθίαν.
2919 4058 2984 4113 Ει
3016 4060 3162 4115 ιιοιιι.
3194 4062 3227 4116 9
3250 4080 3262 4115 :
3283 4061 3491 4132 Νόησον
3519 4063 3672 4135 ῥῆμα
3697 4065 3834 4119 Θεοῦ

2263 4153 2350 4207 διὰ
2384 4153 2485 4222 τῆς
2511 4152 2738 4216 κτίσεως
2769 4153 2978 4224 τρέχον,
3002 4154 3098 4206 καὶ
3116 4153 3235 4206 τότε
3270 4153 3594 4226 ἀρξάμενον,
3631 4157 3724 4208 καὶ
3748 4157 3839 4227 μέ-

2263 4261 2354 4315 χρι
2379 4242 2475 4298 νῦν
2505 4238 2785 4315 ἐνεργοῦν,
2810 4244 2902 4297 καὶ
2937 4246 3016 4307 είς
3035 4243 3184 4308 τέλος
3214 4243 3409 4311 διεξιὸν
3445 4246 3549 4310 ἕως
3589 4245 3657 4301 ἂν
3685 4249 3716 4302 6
3746 4248 3836 4301 κό-

2265 4351 2398 4406 apo;
2427 4334 2827 4406 συμπληρωοῇ.
2854 4333 2989 4389 Vide
3025 4335 3242 4404 locum;
3275 4345 3359 4392 est
3389 4338 3534 4393 enim
3566 4342 3830 4409 Optimus.

599 4430 788 4486 homil.
807 4432 862 4496 4,
882 4441 1068 4487 noster
1083 4429 1400 4487 Eustathius
1422 4432 1477 4486 in
1499 4431 1603 4486 hoc
1625 4433 1765 4502 loco,
1802 4432 2162 4506 Hieronymus
2193 4452 2236 4506 ι)
2265 4425 2522 4482 Leontius
2552 4426 2799 4482 Arabissi
2829 4426 3120 4497 episcopus
3168 4442 3417 4485 sermone
3449 4428 3517 4485 de
3549 4431 3831 4487 creatione

601 4521 669 4578 ad
694 4523 928 4593 primum
971 4529 1136 4593 caput
1178 4521 1542 4584 Ecclesiastaz,
1575 4523 1839 4593 Isidorus,
1877 4525 1915 4580 l.
1944 4541 2006 4580 ιιι
2038 4525 2163 4581 Ori-

598 4615 796 4685 ginum,
822 4614 990 4680 c.90;
1013 4613 1428 4669 Damascenusu
1479 4614 1553 4668 De
1580 4615 1674 4685 βό.
1705 4616 1934 4683 orthod.,
1960 4633 2077 4687 cap.
2096 4617 2158 4685 9;

601 4704 892 4775 Gregorius
921 4705 1152 4777 Cyprius
1186 4705 1241 4758 in
1273 4701 1445 4759 Maris
1487 4707 1744 4770 encomio,
1800 4717 1856 4762 et-
1903 4707 2156 4780 exqaliis;

599 4795 752 4852 Plato
779 4797 834 4851 in
871 4795 1176 4862 Phwdnne;
1227 4795 1436 4852 Plinius
1471 4798 1567 4854 lib.
1605 4813 1666 4862 ιι,
1703 4813 1824 4868 cap.
1860 4798 1968 4867 65;
2004 4798 2160 4854 Philo

596 4885 815 4942 Judmus
845 4885 921 4941 De
950 4886 1132 4941 mundi
1158 4888 1387 4957 api/icio.
1423 4887 1646 4942 Variant
1684 4896 1865 4943 tamen
1899 4889 1953 4942 in
1984 4890 2156 4959 expli-

597 4979 815 5034 catione
869 4979 1034 5046 illius,
1077 4979 1351 5048 quomodo
1402 4979 1657 5034 videlicet
1707 4989 1900 5051 suapte
1940 4981 2157 5052 ingenio

597 5072 778 5141 gravis
809 5071 981 5141 possit
1007 5086 1038 5125 e
1081 5071 1216 5124 mari
1261 5071 1558 5126 ascendere
1585 5071 1642 5125 in
1672 5071 1971 5127 altissimos
2000 5087 2156 5126 mon-

597 5171 700 5225 tes,
731 5175 762 5215 e
806 5160 1005 5231 quibus
1033 5161 1268 5230 erumpit
1306 5161 1361 5214 in
1414 5168 1567 5214 tanta
1603 5161 1780 5232 copia.
1835 5159 2154 5218 Eustathius

595 5269 794 5326 aquam
822 5255 988 5309 maris
1017 5255 1232 5324 spiritu,
1260 5253 1457 5308 ﬂatuve
1488 5252 1716 5308 interius
1746 5262 1999 5309 movente
2031 5270 2155 5309 sur-o

593 5362 715 5402 sum
743 5345 811 5400 ad
833 5347 1196 5417 scaturigines
1229 5345 1452 5416 impelli.
1477 5343 1571 5401 His
1606 5347 1876 5401 consentit.
1896 5343 2150 5411 Basilius,

593 5436 822 5502 Plinius,
881 5435 1056 5492 Plato.
1100 5435 1157 5491 S.
1183 5435 1457 5502 Thomas,
1506 5449 1544 5488 ιι
1614 5435 1850 5490 Sentent.
1897 5437 2025 5490 dist.
2061 5436 2148 5499 14,

593 5539 785 5598 quast.
825 5530 874 5592 Ι,
905 5529 1000 5595 ait,
1059 5528 1336 5583 l‘ontanam
1382 5537 1437 5582 et
1484 5527 1797 5581 ﬂuviatilem
1835 5542 2030 5598 aquam
2064 5535 2150 5581 at-

594 5620 736 5674 trahi
785 5635 1002 5676 sursum
1052 5621 1106 5675 vi
1158 5619 1463 5674 caelestium
1517 5634 1808 5690 corporum
1841 5619 2147 5674 communis

592 5710 721 5768 boni
749 5711 940 5784 gratia.
961 5708 1068 5767 Nec
1098 5719 1304 5767 motum
1328 5709 1472 5768 hunc
1503 5725 1656 5782 aqua:
1683 5725 1801 5769 osse
1823 5711 2144 5780 violentum,

2263 4525 2318 4574 et
2347 4516 2557 4572 Lazaro
2580 4517 2845 4582 redivivo,
2871 4535 2980 4573 non
3013 4519 3288 4590 incompta
3323 4521 3685 4578 similitudine
3710 4540 3830 4579 ver-

2261 4609 2388 4666 bum
2426 4609 2559 4664 illud
2589 4610 2856 4676 divinum,
2878 4611 2975 4675 ait,
3009 4611 3129 4665 loco
3176 4612 3400 4668 seminis
3434 4613 3488 4666 in
3523 4614 3693 4670 rebus
3735 4632 3827 4686 ge-

2261 4702 2519 4758 nerandis
2551 4701 2740 4768 fuisse,
2767 4717 2999 4773 eamque
3021 4702 3077 4756 in
3103 4703 3268 4759 rebus
3295 4704 3405 4759 illis
3431 4704 3538 4758 vim
3569 4706 3830 4762 habuisse

2261 4807 2422 4862 quam
2452 4801 2506 4848 et
2535 4806 2761 4860 semen;
2810 4801 2864 4846 et
2918 4793 3096 4847 adhuc
3135 4791 3202 4846 ad
3249 4795 3664 4865 conceptionem
3694 4812 3828 4851 con-

2260 4898 2500 4938 currere.
2540 4882 2604 4936 Τί
2659 4883 2837 4951 λέγεις
2887 4883 3162 4954 αἱρετικές
3221 4886 3449 4952 Βλέπεις
3493 4889 3614 4942 ἀντὶ
3655 4907 3827 4945 κατα-

2259 4974 2418 5047 ϐολῆς
2442 4974 2750 5047 σπέρματος
2779 4965 2839 5028 τό
2859 4975 2950 5028 τοῦ
2981 4975 3138 5045 λόγου
3167 4979 3444 5048 γινόμενον
3477 4980 3822 5053 πρόσταγμα.

2256 5068 2366 5121 Καὶ
2393 5066 2507 5130 πῶς
2534 5058 2827 5138 ἀμφίϐολον
2844 5066 3022 5136 λέγεις
3043 5069 3143 5140 τῆς
3168 5070 3498 5142 παρθενικῆς
3518 5074 3824 5144 γεννήσεως

2253 5158 2314 5212 τὸ
2343 5159 2635 5230 μυστήριον
2659 5174 2672 5223 ;
2693 5158 2758 5210 Ἃ
2782 5159 2891 5232 γὰρ
2921 5159 3016 5214 νῦν
3051 5161 3358 5233 σπέρματος
3385 5163 3510 5218 ἄνευ
3544 5165 3606 5216 ού
3641 5164 3822 5217 τίκτε-

2252 5267 2360 5316 ται,
2390 5245 2597 5314 τούτοις
2635 5253 2666 5322 ή
2711 5252 2861 5322 φωνὴ
2893 5251 3013 5306 τότε
3054 5253 3337 5325 συνέτρεχε
3386 5254 3476 5307 τοῦ
3526 5255 3822 5320 καλοῦντος

2252 5342 2388 5410 πρὸς
2410 5341 2680 5412 γέννησιν,
2711 5345 2804 5397 καὶ
2834 5343 3144 5415 συλλήψεως
3175 5345 3391 5418 τρόπον,
3447 5348 3476 5399 ὁ
3507 5347 3604 5417 τῆς
3633 5346 3820 5402 κελεύ-

2253 5449 2387 5495 σεως
2423 5435 2673 5503 ἐμιμεῖτο
2697 5436 2878 5505 νόμος,
2913 5437 3005 5489 καὶ
3033 5436 3118 5489 διὰ
3154 5439 3281 5508 μιᾶς
3313 5440 3492 5508 φωνῆς
3519 5437 3818 5509 ὲσαρκοῦτο

2248 5523 2317 5577 τὰ
2345 5524 2542 5579 πάντα.
2600 5527 2708 5578 Καὶ
2755 5528 2783 5580 ὁ
2830 5528 2950 5581 τότε
3000 5530 3287 5600 σαρκώσας
3332 5530 3427 5600 τὴν
3460 5530 3660 5592 κτίσιν,
3721 5529 3816 5584 καὶ

2252 5616 2448 5688 σπόρον
2479 5616 2731 5689 ἀσπόρως
2763 5621 3074 5693 χορηγήσας
3103 5625 3214 5685 τοῖς
3260 5623 3442 5686 πᾶσιν,
3497 5621 3660 5684 αὐτὸς
3709 5620 3815 5674 ἀπὸ

2249 5710 2471 5782 λογικῆς
2503 5708 2804 5781 σαρκωθεὶς
2837 5712 2938 5782 γῆς
2986 5712 3251 5783 προῐιλθεν
3298 5714 3550 5784 ἀπόρως
3586 5713 3685 5782 τὴν
3725 5709 3813 5764 διὰ
