4072 6342
332 290 429 342 841

1265 286 1328 341 ΙΝ
1369 281 1735 341 ΕυετΑηηι
1777 276 2249 335 HEXAEMEBON
2292 275 2519 331 NOTAS.

3468 272 3574 330 842

334 404 533 476 σαρκὸς
565 405 915 474 φυτευθεῖσαν
964 405 1057 460 τοῦ
1108 404 1335 459 θανάτου
1371 404 1523 476 ῥίζαν
1564 403 1629 473 τῇ
1659 400 1898 487 δρεπάνῃ
1930 401 1973 457 Α
2003 398 2067 466 τῇ
2102 395 2230 465 ὁλκῇ
2266 393 2357 487 τού
2392 390 2593 463 θερμοῦ
2629 389 3021 487 συνεπάγεσθαι
3054 389 3449 487 τούῂτροφίμου

330 500 429 570 τῆς
451 498 782 570 παρθενικῆς
816 500 1095 552 ἐκκόπτων
1130 499 1450 567 γεννήσεως.

416 589 533 646 Col.
556 590 680 656 715,
726 590 819 645 lin.
856 590 944 645 57.
974 591 1042 645 Ἠ
1056 591 1164 659 γὰρ
1182 589 1525 655 βλάστησις
1545 583 1900 653 καθηγεῖται.

340 681 604 745 Basilius,
633 680 779 734 hom.
802 681 835 734 5
864 700 876 735 :
909 680 1129 753 Πρῶτον
1160 681 1305 733 ἐστιν
1337 680 1397 730 ἐν
1440 681 1506 748 τῇ
1556 675 1765 745 γενέσει
1798 673 1905 724 τῶν

336 774 623 846 φυομένων
659 774 693 843 ἠ
734 771 1043 844 βλάστησις,
1097 772 1304 833 ἔπειτα,
1351 771 1479 822 ὅταν
1515 767 1766 840 προκύψῃ
1815 783 1903 836 μι-

343 866 479 938 κρὸν
502 865 569 919 τὰ
601 865 973 935 βλαστήματα,
1012 864 1206 934 βοτάνη
1243 865 1470 931 γίνεται,
1517 858 1656 923 εἶτα,
1687 859 1906 913 ἐπειδὰν

341 955 578 1027 αὐξηθῇ,
603 954 794 1025 χόρτος
824 955 938 1007 ἐστί
971 955 1111 1008 κατά
1136 953 1327 1026 μικρὸν
1347 953 1778 1024 διαρθρουμένων
1800 950 1907 1004 τῶν

339 1047 643 1119 φυομένων,
678 1049 771 1101 καὶ
799 1047 957 1119 μέχρι
986 1047 1086 1117 τῆς
1117 1048 1208 1101 ἐπὶ
1234 1047 1295 1099 τὸ
1329 1046 1547 1116 σπέρμα
1581 1042 1906 1109 τελειώσεως

337 1140 655 1214 προϊόντων.
698 1140 959 1206 Quamvis
1003 1140 1147 1195 enim
1204 1140 1659 1211 germinationum
1707 1151 1907 1209 genera

336 1233 514 1297 varia,
550 1233 692 1288 sicut
724 1238 778 1287 et
830 1232 1161 1302 plantarum,
1212 1247 1312 1285 nec
1348 1248 1455 1286 uno
1500 1238 1762 1300 tempore,
1806 1244 1909 1284 nec

336 1326 461 1380 loco
510 1324 859 1390 conveniant,
900 1332 1081 1379 tamen
1144 1340 1360 1395 semper
1412 1324 1646 1395 priorem
1703 1337 1825 1379 esse
1854 1328 1909 1378 et

340 1412 633 1475 fructibus,
665 1419 718 1467 et
765 1410 989 1465 ﬂoribus
1041 1411 1487 1480 germinationem
1526 1424 1750 1464 necesse
1801 1414 1906 1471 est,

337 1503 798 1578 quemadmodum
838 1511 891 1557 et
938 1503 992 1557 in
1036 1503 1350 1557 animalium
1387 1501 1736 1572 generatione
1777 1516 1909 1555 con-

338 1605 579 1667 ceptum.
622 1593 789 1656 Plin.,
826 1593 1018 1647 Natur.
1052 1593 1202 1659 hist.,
1237 1594 1274 1648 l.
1309 1610 1420 1657 xw,
1457 1608 1505 1647 c.
1540 1592 1649 1647 25:
1684 1592 1909 1649 Catula-

340 1693 531 1745 tionem
562 1688 747 1741 rustici
787 1695 990 1746 vocant,
1026 1686 1272 1755 gestiente
1309 1693 1500 1738 natura
1539 1684 1738 1738 semina
1770 1685 1910 1737 acri-

2009 489 2111 556 γῆς
2138 488 2260 540 ὅσον
2292 486 2530 557 μέτριον,
2567 482 2837 537 καὶτοῦτο
2873 481 3260 553 καταμερίζειν
3301 485 3380 546 εἰς
3404 482 3573 537 καλά-

2014 599 2140 651 μην,
2175 580 2271 634 καὶ
2305 579 2505 649 φλοιὸν,
2536 578 2750 643 καὶτὰς
2779 578 2947 649 θήκας
2996 575 3087 629 τοῦ
3115 576 3259 644 σίτου
3295 576 3385 628 καὶ
3415 573 3577 628 αὑτὸν

2009 675 2099 727 τὸν
2128 676 2269 725 σῖτον
2296 673 2389 726 καὶ
2420 674 2544 735 τοὺς
2574 670 2886 744 ἀνθέρικας.
2912 668 2976 722 Et
3005 668 3126 724 ideo
3154 668 3476 723 Aristoteles
3511 667 3578 720 li-

2010 765 2151 819 bello
2183 762 2259 817 De
2282 764 2552 832 jucentute
2584 770 2634 815 et
2672 771 2857 815 senect.
2892 761 2981 814 vit.
3022 770 3180 813 mort.
3214 768 3263 813 et
3304 759 3576 826 respirat.,

2012 859 2208 928 capit.,
2232 858 2285 921 1,
2322 856 2534 911 radices
2550 871 2671 910 esse
2687 854 2762 908 ait
2783 869 2845 909 os
2868 854 3207 925 plantarum;
3229 849 3581 923 quemadmo-

2013 947 2139 1000 dum
2168 947 2311 1001 enim
2365 947 2621 1001 animalia
2677 961 2772 1017 per
2802 960 2864 999 os
2900 945 3081 1000 cibum
3134 944 3436 1014 excipiunt,
3472 955 3583 1011 quo

2012 1039 2203 1093 vivunt
2245 1045 2299 1092 et
2347 1044 2765 1102 conservantur,
2820 1035 3006 1091 eadem
3042 1036 3254 1090 ratione
3299 1041 3353 1089 et
3386 1034 3586 1102 planta

2014 1148 2111 1204 per
2157 1131 2371 1187 radices
2436 1130 2716 1185 humorem
2771 1140 2824 1184 et
2869 1128 3182 1182 alimentum
3255 1126 3585 1181 contrahunt

2020 1239 2130 1293 quo
2164 1230 2558 1280 sustentantur.
2612 1221 2792 1289 Quare
2836 1228 3014 1275 autem
3065 1220 3169 1274 hoc
3212 1218 3487 1274 contrarie
3526 1230 3587 1271 se

2014 1315 2177 1371 habet
2206 1314 2261 1369 in
2289 1315 2490 1385 plantis
2512 1322 2565 1368 et
2593 1313 2920 1369 animalibus
2966 1311 3084 1367 fuse
3109 1311 3307 1366 ibidem
3328 1309 3584 1380 explicat,

2014 1423 2174 1479 quem
2222 1408 2377 1474 vide;
2408 1413 2462 1462 et
2490 1405 2903 1475 Theophrastus
2936 1404 3015 1458 De
3036 1405 3161 1458 hist.
3186 1404 3379 1473 plant.
3413 1402 3505 1455 lib.
3544 1416 3582 1463 ι,

2015 1516 2134 1571 cap.
2156 1501 2192 1554 2
2222 1518 2235 1554 :
2264 1500 2419 1553 Ἔστι
2454 1498 2511 1551 δέ
2556 1497 2681 1570 ῥίζα
2714 1498 2810 1570 μὲν
2839 1498 2903 1551 δι’
2933 1490 2993 1551 οὗ
3018 1498 3190 1569 τροφὴ
3219 1496 3501 1564 ἐπάγεται.

2089 1592 2251 1658 lbid.,
2281 1592 2376 1646 lin.
2405 1592 2493 1646 50.
2514 1591 2583 1645 Ἠ
2604 1590 2672 1643 δὲ
2700 1590 2937 1659 καλάμη
2964 1590 3069 1644 τοῦ
3105 1591 3301 1644 σίτου.
3329 1588 3586 1652 Basilius,

2018 1685 2164 1739 hom.
2196 1685 2228 1738 5
2260 1702 2272 1737 :
2309 1684 2433 1748 Πῶς
2457 1682 2646 1752 γόνασι
2679 1680 3035 1745 διαζώννυται
3071 1684 3103 1753 η
3130 1682 3349 1753 καλάμη
3376 1680 3467 1734 τοῦ
3503 1681 3588 1733 σί-

338 1798 457 1851 pere
482 1797 641 1851 eoque
676 1780 908 1833 animam
956 1777 1207 1847 inferente
1249 1776 1489 1830 omnibus
1531 1777 1683 1829 satis.
1718 1774 1911 1831 Conci—

2026 1794 2127 1840 ιου,
2154 1778 2239 1829 ἵνα
2266 1776 2454 1847 ὥσπερ
2487 1774 2772 1846 σύνδεσμοί
2799 1792 2941 1838 τινες
2970 1775 3167 1846 ῥαδίως
3199 1773 3260 1828 τὸ
3289 1772 3453 1845 βάρος
3479 1772 3589 1827 τῶν

338 1877 488 1945 piunt
528 1873 687 1927 variis
723 1872 927 1935 diebus,
952 1880 1001 1924 et
1033 1886 1128 1938 pro
1170 1886 1267 1923 sua
1304 1885 1519 1939 qumque
1551 1878 1770 1933 natura,
1804 1870 1913 1923 alia

338 1969 581 2039 protinus
606 1975 659 2019 ut
685 1964 965 2025 animalia,
1008 1964 1213 2016 tardius
1246 1963 1447 2032 aliqua,
1481 1973 1529 2016 et
1559 1962 1758 2016 diutius
1792 1980 1916 2033 gra-

338 2062 460 2117 oida
489 2068 674 2130 partus
723 2054 1113 2129 gerunt:quod
1165 2058 1475 2127 germinatio
1523 2057 1637 2109 ideo
1677 2065 1912 2110 vocatur.

340 2154 569 2210 Pariunt
621 2168 738 2205 vero
767 2166 881 2203 cum
912 2149 1124 2218 ﬂorent,
1167 2149 1364 2217 ﬂosque
1393 2147 1482 2201 ille
1516 2148 1683 2216 ruptis
1709 2154 1915 2200 constat

358 2246 622 2299 utriculis.
677 2243 935 2296 Educatio
977 2243 1027 2294 in
1057 2258 1208 2311 pomo
1235 2250 1311 2294 est
1335 2260 1347 2294 :
1374 2240 1467 2293 hoc
1496 2249 1545 2293 et
1577 2240 1911 2310 germinatio.

348 2340 482 2395 Vide
501 2337 955 2407 Theophrastum,
982 2334 1053 2388 De
1073 2334 1257 2387 histor.
1282 2336 1473 2400 plant.,
1502 2333 1592 2388 lib.
1613 2350 1693 2397 ιιι,
1722 2350 1840 2403 cap.
1861 2332 1914 2399 6,

358 2445 423 2483 ex
475 2445 583 2498 quo
639 2443 737 2480 sua
790 2433 1068 2479 mutuatus
1128 2436 1210 2479 est
1262 2422 1491 2477 Plinius.
1548 2423 1917 2479 Pulcherrime

344 2520 568 2577 Ocellus
588 2518 864 2583 Lucanus,
894 2518 987 2571 lib.
1042 2533 1137 2571 vin
1179 2517 1251 2570 De
1275 2516 1616 2582 universo,de
1645 2516 1915 2570 seminum

343 2621 490 2678 ortu,
534 2622 587 2668 et
615 2612 876 2666 arborum
921 2610 1279 2680 productione
1313 2608 1578 2663 circulum
1612 2609 1914 2663 constituit.

344 2705 585 2760 Arbores
605 2705 751 2760 enim
776 2703 1007 2757 fructum
1032 2702 1287 2767 ferentes,
1312 2711 1625 2771 caloneque
1639 2702 1835 2771 plantae
1852 2717 1917 2756 ex

342 2797 647 2852 seminibus
686 2795 771 2851 sui
814 2803 971 2848 ortus
1010 2794 1224 2848 initium
1270 2792 1492 2858 habent,
1549 2793 1759 2848 fructus
1788 2808 1918 2847 vero

344 2888 599 2960 producti
629 2897 683 2941 et
711 2887 823 2955 jam
854 2884 1080 2956 perfecti
1132 2901 1326 2941 rursus
1358 2886 1426 2939 ab
1451 2885 1638 2940 eodem
1671 2886 1726 2939 in
1776 2884 1917 2938 idem

344 2986 689 3033 commeante
731 2983 931 3030 natura
964 2975 1363 3030 dissolvuntur.
1410 2973 1563 3041 Quod
1598 2982 1652 3029 et
1683 2974 1749 3030 de
1785 2989 1916 3044 qua-

346 3082 475 3127 tuor
502 3072 892 3124 elementorum
924 3070 1268 3140 generatione
1284 3070 1479 3123 asserit
1506 3087 1518 3122 :
1548 3069 1666 3139 Πῦρ
1692 3068 1788 3139 μὲν
1811 3067 1919 3141 γὰρ

347 3166 429 3227 εἰς
460 3162 517 3215 ἒν
568 3161 956 3232 συνερχόμενον
994 3161 1134 3233 ἀέρα
1176 3161 1471 3231 ἀπογεννᾷ,
1524 3160 1631 3231 ἀὴρ
1662 3160 1719 3213 δέ
1753 3159 1917 3231 ὕδωρ,

349 3256 495 3327 ὕδωρ
528 3255 583 3307 δὲ
614 3256 737 3326 γῆν,
769 3255 875 3307 ἀπὸ
902 3255 1005 3325 γῆς
1031 3254 1087 3307 δὲ
1122 3255 1154 3325 ἡ
1188 3253 1324 3306 αὐτῇ
1359 3252 1604 3324 περίοδος
1628 3254 1727 3324 τῆς
1758 3270 1924 3324 μετα-

348 3346 512 3415 6ολῆς
547 3345 708 3416 μέχρι
740 3343 932 3416 πυρὸς,
967 3344 1089 3397 ὅθεν
1123 3343 1327 3416 ἦρξατο
1372 3343 1745 3415 μεταϐάλλειν.
1768 3346 1829 3397 Ol
1866 3343 1924 3396 δὲ

350 3439 551 3509 καρποὶ
588 3439 681 3490 καὶ
704 3436 771 3489 τά
803 3436 1029 3489 πλεῖστα
1062 3437 1167 3491 τῶν
1201 3436 1499 3508 ῥιζοφύτων
1533 3436 1640 3492 ἀπὸ
1675 3438 1927 3508 σπερμά-

351 3549 458 3585 των
478 3531 734 3585 ἀνέλαϐον
761 3530 859 3602 τὴν
885 3529 1056 3603 ἀρχὴν
1089 3533 1188 3602 τῆς
1216 3532 1510 3601 γενέσεως’
1566 3532 1926 3603 καρπωθέντα

350 3622 409 3676 δὲ
451 3623 542 3675 καὶ
599 3622 1089 3693 τελεσφορήσαντα,
1137 3622 1308 3676 πάλιν
1356 3623 1448 3677 ἐπὶ
1496 3623 1556 3676 τὸ
1586 3622 1803 3694 σπέρμα
1827 3624 1926 3694 τὴν

352 3715 608 3769 ἀνάλυσιν
639 3716 873 3766 ποιεῖται
916 3714 1024 3767 ἀπὸ
1072 3714 1165 3768 τοῦ
1216 3715 1402 3777 αὑτοῦ,
1451 3716 1544 3768 καὶ
1578 3716 1670 3769 ἐπὶ
1702 3716 1764 3769 τὸ
1797 3716 1928 3769 αὐτὸ

351 3807 443 3876 sip
489 3802 717 3867 διέξοδον
738 3803 1159 3874 ἐπιτελουμένης
1188 3805 1284 3875 τῆς
1316 3804 1547 3869 φύσεως.

429 3897 588 3958 lbid.,
632 3897 728 3951 lin.
781 3897 866 3950 38.
913 3897 1132 3950 Νοτίδα
1175 3897 1284 3967 γὰρ
1345 3899 1589 3967 θερμήν.
1651 3898 1926 3965 Basilius,

356 3990 505 4045 hom.
533 3988 567 4043 5
599 4009 611 4043 :
647 3989 814 4041 Ὅταν
853 3991 907 4051 ἐς
936 3990 1037 4059 γῆν
1067 3990 1349 4060 καταπέσῃ
1376 3990 1437 4043 τὸ
1465 3990 1683 4061 σπέρμα
1715 3992 1929 4062 συμμέ-

358 4098 505 4154 τρως
530 4080 731 4144 νοτίδος
757 4080 849 4133 καὶ
879 4080 1085 4152 θέρμης
1130 4081 1376 4151 ἔχουσαν.
1422 4083 1614 4153 χαῦνον
1644 4083 1930 4154 γενόμενον

356 4175 451 4227 καὶ
488 4172 813 4243 πολύπορον,
840 4173 939 4243 τῆς
969 4175 1377 4245 παρακειμένης
1407 4176 1512 4246 γῆς
1536 4174 1932 4247 περιδραξάμε-

360 4281 481 4328 νον,
520 4262 587 4314 τά
621 4265 794 4315 οἰκεῖα
836 4264 930 4316 καὶ
965 4264 1215 4334 σύμφυλα
1250 4266 1385 4335 πρὸς
1418 4265 1576 4318 ἐαυτὺ
1609 4267 1927 4319 ἐπισπᾶται.

372 4354 740 4426 Ἐμπίπτοντα
767 4355 823 4408 δὲ
838 4358 949 4419 τοῖς
975 4357 1180 4428 πόροις,
1198 4358 1291 4410 καὶ
1319 4373 1387 4410 πε
1396 4357 1815 4429 ριολισθαίνοντα
1836 4359 1931 4429 τῆς

360 4446 464 4516 γῆς
512 4446 581 4499 τὰ
627 4444 925 4497 λεπτότατα
954 4447 1138 4517 μόρια,
1173 4447 1263 4499 ἐπὶ
1311 4448 1469 4500 πλέον
1497 4447 1776 4520 ἁνευρύνει
1806 4448 1932 4510 τοὺς
1966 4455 2007 4508 ι)

360 4539 555 4607 ὄγκους
583 4537 768 4601 αὑτοῦ,
811 4536 948 4590 ὥστε
975 4537 1251 4609 ῥιζοῦσθαι
1287 4539 1382 4609 μὲν
1413 4541 1492 4603 είς
1539 4539 1599 4591 τὸ
1639 4540 1807 4603 κάτω,
1843 4539 1934 4593 ἐπὶ

360 4631 421 4684 τὸ
442 4632 555 4685 ἄνω
586 4630 643 4683 δὲ
678 4629 1009 4701 προκύπτειν
1041 4631 1340 4703 ἰσαρίθμων
1360 4635 1479 4694 ταῖς
1502 4631 1677 4703 ῥίζαις
1703 4632 1809 4685 τῶν
1834 4649 1933 4685 κα-

362 4724 549 4796 λάμων
580 4724 1050 4795 προϐαλλομένων.
1075 4724 1304 4781 Joannis
1326 4742 1423 4789 χιι,
1447 4725 1697 4781 Christus
1730 4729 1936 4795 optima

364 4815 725 4870 similitudine
755 4830 819 4867 ex
850 4830 1019 4884 grano
1042 4814 1097 4867 in
1120 4824 1261 4869 terra
1289 4817 1553 4870 moriente
1581 4815 1935 4881 ducta,suam

362 4906 836 4979 gloriﬁcationem,
880 4922 979 4960 nec
1016 4922 1121 4960 non
1150 4914 1204 4961 et
1231 4908 1461 4963 aliorum
1495 4909 1750 4963 ostendit.
1791 4908 1939 4975 Quo-

366 4999 529 5054 modo
562 5006 741 5052 autem
772 5016 838 5053 ex
866 5000 1090 5062 semine,
1126 5009 1219 5053 aut
1240 5001 1445 5070 planta,
1482 5008 1574 5055 aut
1608 5002 1807 5055 animal
1840 5016 1935 5070 ge-

365 5099 593 5146 neretur
627 5090 794 5145 habes
823 5107 887 5144 ex
922 5090 1212 5146 Aristotele
1250 5107 1288 5146 ιι
1348 5092 1424 5148 De
1464 5102 1696 5162 generat.
1746 5094 1936 5156 anim.,

364 5198 488 5252 cap.
520 5181 573 5243 l,
605 5181 697 5235 ubi
732 5181 846 5234 hac
878 5180 1035 5251 longe
1063 5181 1252 5245 dubia,
1302 5191 1355 5237 et
1385 5192 1756 5250 controversa,
1803 5184 1939 5239 satis

367 5279 527 5325 acute
564 5271 707 5324 sicut
737 5280 790 5325 et
832 5278 1027 5325 caetera
1081 5272 1265 5325 omnia
1297 5272 1709 5342 perpenduntur
1759 5279 1813 5325 et
1847 5287 1941 5326 ex-

370 5366 663 5434 plicantur.

440 5456 600 5518 lbid.,
625 5458 721 5513 lin.
753 5456 843 5513 45.
890 5456 1280 5527 Θαλπομένου
1308 5457 1376 5511 δὲ
1403 5458 1493 5512 ἀεὶ
1528 5458 1631 5513 τοῦ
1667 5458 1940 5525 ,ϐλαστή-

365 5567 571 5618 parce.
628 5549 880 5614 Basilius,
930 5550 1079 5605 hom.
1116 5551 1149 5606 5
1199 5570 1212 5604 :
1265 5550 1609 5622 Θαλπομένου
1651 5551 1706 5605 δὲ
1734 5553 1818 5605 ἀεὶ
1847 5552 1939 5605 τοῦ

373 5642 749 5714 βλαστήματος
783 5642 1087 5716 συρομένην
1128 5642 1214 5696 διά
1248 5642 1354 5697 τῶν
1397 5642 1560 5715 ῥιζῶν
1604 5644 1701 5715 τὴν
1739 5644 1935 5710 νοτίδα,

455 5733 499 5765 ιι
538 5732 663 5788 Cen.
701 5734 902 5806 lll._18.

818 5832 1087 5893 Ps'raoa.
1127 5830 1244 5892 Gn.
1281 5830 1510 5893 XVlll.

2016 1870 2299 1940 ἀσταχύων
2332 1870 2589 1939 φέρωσιν,
2616 1869 2742 1921 ὅταν
2767 1867 2993 1938 πλήρεις
3022 1869 3171 1932 ὄντες
3198 1867 3425 1939 καρπῶν
3453 1868 3590 1938 πρὸς

2014 1965 2111 2034 τὴν
2140 1964 2240 2033 γῆν
2271 1962 2738 2027 κατακλίνωνται;
2794 1961 2892 2015 Διὰ
2929 1961 3085 2015 τοῦτο
3113 1962 3141 2013 ό
3171 1961 3267 2031 μὲν
3296 1960 3495 2031 βρόμος
3522 1960 3587 2012 δι’

2015 2057 2064 2110 ὅ)
2076 2074 2136 2109 ου
2168 2056 2340 2121 κενὸς,
2367 2056 2459 2108 ἆτε
2486 2055 2677 2126 μηδενὶ
2705 2054 2803 2125 τὴν
2830 2053 3067 2123 κεφαλὴν
3091 2052 3475 2124 βαρυνόμενος,
3496 2051 3590 2106 τὸν

2015 2147 2070 2199 δέ
2106 2150 2250 2200 σῖτον
2276 2150 2386 2210 τοῖς
2420 2146 2735 2217 συνδέσμοις
2768 2146 2975 2209 τούτοις
3003 2147 3034 2217 ἡ
3072 2146 3232 2214 φύσις
3256 2145 3590 2217 κατησφαλί-

2019 2256 2166 2294 σατο.
2204 2241 2291 2293 Ἐν
2319 2239 2460 2312 θήκῃ
2510 2240 2567 2293 δὲ
2599 2241 2690 2293 τὸν
2721 2240 2919 2294 κόκκον
2946 2239 3275 2311 ἀποθεμένη,
3300 2240 3373 2303 ὼς
3401 2242 3475 2311 μὴ
3502 2240 3591 2293 εύ-

2016 2330 2347 2402 διάρπαστον
2374 2327 2511 2384 εἶναι
2542 2333 2653 2393 τοῖς
2682 2330 3094 2403 σπερμολόγοις,
3114 2331 3192 2383 ἔτι
3223 2331 3317 2383 καὶ
3343 2333 3406 2401 τῇ
3438 2346 3593 2401 περι-

2018 2425 2144 2498 ϐολῇ
2178 2426 2286 2479 τῶν
2332 2425 2635 2497 ἀνθερίκων
2678 2420 2789 2478 οἷον
2833 2426 2980 2479 ἀκίσι
3011 2424 3108 2489 τὰς
3138 2427 3201 2478 ἐκ
3232 2425 3339 2478 τῶν
3383 2426 3593 2497 μικρῶν

2018 2517 2171 2583 ζώων
2218 2518 2475 2588 ἀφίστησι
2524 2518 2747 2589 βλάϐας.
2785 2517 2979 2572 Cicero
3023 2516 3091 2572 de
3146 2524 3424 2572 senectute
3478 2516 3593 2571 hac

2018 2610 2200 2664 omnia
2224 2610 2588 2666 disertissime
2616 2611 2964 2681 prosequitur
2991 2625 3005 2660 :
3038 2608 3350 2681 Quanquam
3377 2626 3458 2663 me
3479 2611 3595 2679 qui-

2018 2701 2137 2754 dem
2166 2718 2269 2755 non
2301 2702 2504 2771 fructus
2533 2702 2707 2759 modo.
2732 2702 2821 2756 sed
2843 2703 3002 2755 etiam
3026 2702 3189 2769 ipsius
3219 2711 3373 2756 terrce
3396 2702 3488 2770 jus
3533 2715 3596 2754 ac

2022 2803 2217 2850 natura
2259 2794 2483 2848 delectat
2513 2811 2531 2847 :
2562 2811 2676 2863 qum
2698 2811 2813 2847 cum
2876 2794 3072 2864 gremio
3108 2794 3310 2847 mollito
3368 2811 3428 2847 ac
3466 2794 3596 2848 sub-

2021 2893 2137 2938 acto
2158 2901 2330 2939 semen
2362 2900 2604 2952 sparsum
2628 2886 2818 2953 excipit
2851 2901 2870 2939 :
2917 2885 3146 2954 primum
3175 2884 3230 2937 id
3278 2897 3597 2939 occwcatum

2021 2975 2267 3038 cohibet;
2317 2991 2382 3030 ex
2409 2992 2508 3046 quo
2542 2978 2766 3041 occatio,
2819 2993 2935 3047 qua:
2984 2977 3079 3030 hoc
3119 2977 3291 3046 efﬁcit,
3325 2978 3597 3031 nominata

2025 3078 2102 3123 est
2127 3085 2143 3122 :
2171 3068 2360 3123 deinde
2392 3069 2702 3139 tepefactum
2734 3085 2920 3138 vapore
2950 3080 2995 3123 et
3032 3085 3329 3138 compressu
3359 3085 3456 3123 suo
3497 3069 3599 3139 dif-

2025 3164 2226 3233 fundit,
2250 3174 2298 3219 et
2336 3165 2480 3218 elicit
2511 3164 2887 3219 herbescentem
2919 3181 2983 3218 ea:
3007 3181 3066 3218 eo
3096 3164 3454 3229 viriditatem;
3482 3180 3599 3236 qua:

2033 3259 2121 3311 vix
2164 3275 2197 3311 a
2229 3257 2377 3327 ﬁbris
2422 3258 2698 3327 stirpium,
2756 3259 2950 3311 sensim
2994 3257 3265 3323 adolescit,
3328 3257 3601 3328 culmoque

2037 3365 2209 3404 erecta
2236 3350 2555 3418 geniculato,
2587 3351 2789 3421 vaginis
2812 3351 2932 3420 jam
2946 3351 3101 3421 quasi
3126 3349 3404 3419 pubescens
3427 3351 3601 3404 inclu-

2027 3441 2194 3508 ditur,
2228 3459 2257 3496 e
2293 3441 2480 3513 quibus
2523 3459 2640 3496 cum
2680 3444 2944 3497 emerserit
2965 3483 2978 3507 ,
3007 3442 3179 3511 fundit
3205 3443 3405 3513 frugem
3431 3444 3601 3514 spisso

2029 3532 2211 3586 ordine
2244 3543 2500 3597 sructam,
2542 3542 2589 3587 et
2621 3542 2803 3588 contra
2852 3536 3028 3588 avium
3076 3537 3338 3589 minorum
3368 3552 3601 3591 morsum

2030 3626 2266 3679 munitur
2311 3625 2451 3679 vallo
2494 3626 2808 3680 aristarum.
2859 3625 3011 3681 Hanc
3069 3628 3195 3683 item
3257 3636 3463 3684 natura:
3493 3631 3601 3683 vim

2030 3720 2104 3773 ita
2137 3718 2370 3787 explicat
2395 3716 2702 3772 Alexander
2728 3717 3105 3788 Aphrodiscus
3146 3719 3201 3773 in
3235 3720 3327 3774 lib.
3374 3738 3411 3786 ι,
3462 3720 3602 3775 Pro-

2033 3811 2187 3864 blem.
2218 3810 2271 3863 in
2298 3825 2528 3880 promm.
2554 3829 2566 3864 :
2599 3809 2853 3882 Καρποὺς
2883 3810 2938 3863 δὲ
2964 3812 3172 3875 πάντας
3199 3814 3292 3865 καὶ
3315 3815 3603 3885 σπέρματα

2032 3903 2168 3974 πρὸς
2194 3903 2406 3971 γένεσιν
2440 3903 2533 3957 καὶ⁸
2565 3902 2813 3975 διαδοχὴν
2844 3902 2938 3956 τοῦ
2959 3904 3148 3973 γένους
3171 3908 3540 3980 τεκτηναμὲνη
3567 3911 3599 3978 ἡ

2033 3996 2461 4066 φύσις,λεπίσιν,
2491 3998 2523 4068 ἢ
2556 3996 2766 4066 σώμασί
2795 4014 2935 4049 τισιν
2956 3998 3192 4068 ύγροῖςῆ
3230 3998 3534 4063 ξυλώδεσιν,
3568 4001 3600 4071 ἦ

2032 4091 2314 4162 δέρμασιν,
2355 4092 2554 4160 ὁμοίως
2610 4090 2945 4161 ἠσφαλίσατο
2971 4106 2984 4118 ·
3010 4090 3255 4161 καθάπερ
3303 4093 3359 4144 ἐν
3390 4093 3604 4163 κιίωτῷ

2033 4186 2251 4249 τούτους
2291 4184 2655 4256 ἀποκρύψασα
2690 4186 2825 4257 πρὸς
2857 4184 3142 4256 ἀποφυγὴν
3186 4185 3382 4255 κρύους
3414 4186 3446 4258 ἦ
3481 4186 3605 4239 θάλ-

2037 4277 2241 4348 πους,ἧ
2274 4276 2428 4341 ζώων
2456 4276 2614 4330 τινῶν
2633 4276 2977 4329 ἀδικούντων.
2996 4277 3104 4328 Καὶ
3137 4276 3263 4331 αὐτὸ
3283 4277 3337 4330 δὲ
3362 4279 3422 4331 τὸ
3451 4280 3605 4350 περί-

2037 4368 2222 4440 6λημα
2262 4368 2542 4432 παντελῶς
2586 4371 2801 4440 ἀχρεῖον
2832 4370 2889 4421 ού
2923 4369 3255 4439 κατέλειψεν,
3290 4370 3423 4423 ἀλλὰ
3472 4372 3607 4442 πρὸς

2037 4459 2240 4530 τροφὴν
2267 4459 2695 4532 παρεσκεύασεν.

2109 4549 2270 4615 lbid.,
2320 4551 2416 4604 lin.
2455 4550 2545 4605 57.
2580 4549 2689 4605 Καὶ
2723 4552 2775 4603 εὶ
2807 4549 3269 4619 συνεϐλάστησε
3320 4551 3442 4617 τοῖς
3487 4570 3612 4617 τρο-

2036 4640 2254 4709 φίμοις.
2323 4640 2580 4705 Basilius,
2614 4640 2762 4695 hom.
2799 4641 2833 4695 5
2865 4660 2877 4694 :
2912 4641 3021 4693 Kal.
3063 4641 3262 4705 εὐθέως
3297 4641 3609 4713 συνεξεδόθη

2036 4733 2149 4794 τοῖς
2181 4732 2466 4801 τροφίμοις
2492 4731 2559 4784 τὰ
2593 4731 2913 4804 δηλητήρια,
2950 4733 3085 4802 μετὰ
3109 4733 3200 4786 τοῦ
3236 4734 3380 4787 σίτου
3412 4734 3472 4787 τὸ
3504 4740 3612 4788 κω-

2038 4840 2199 4887 νειον,
2254 4822 2393 4894 μετὰ
2446 4823 2552 4876 τῶν
2586 4824 2785 4877 λοιπῶν
2831 4825 3132 4895 τροφίμων,
3185 4826 3463 4898 ἐλλέϐορος
3518 4829 3612 4881 καὶ

2039 4914 2304 4977 ἀκόνιτον,
2346 4916 2437 4967 καὶ
2466 4915 2843 4986 μανδραγόρας
2873 4915 2966 4969 καὶ
2994 4916 3021 4967 ὁ
3046 4917 3144 4985 τῆς
3179 4917 3426 4987 μήκωνος
3458 4917 3607 4981 ὀπός.

2040 5005 2224 5061 Multis
2261 5008 2399 5061 hanc
2435 5008 2793 5076 quaestionem
2829 5009 3104 5078 proponit,
3135 5018 3188 5062 et
3216 5010 3465 5065 dissolvit
3504 5009 3614 5064 Lu-

2041 5098 2267 5153 dovicus
2300 5096 2520 5161 Fidelis,
2548 5097 2619 5151 De
2648 5098 2832 5151 mundi
2859 5108 3150 5163 structura,
3172 5100 3266 5153 lib.
3302 5115 3373 5167 Iv,
3410 5115 3529 5169 cap.
3555 5100 3611 5163 6,

2042 5201 2094 5248 et
2132 5194 2427 5263 respondet
2466 5209 2655 5247 eorum
2712 5193 2980 5263 opinioni,
3032 5194 3125 5264 qui
3181 5193 3378 5250 herbas
3420 5195 3613 5251 noxias

2044 5293 2198 5340 sexto
2222 5286 2310 5340 die
2331 5294 2453 5355 post
2484 5285 2643 5355 primi
2679 5285 2921 5355 parentis
2945 5286 3436 5356 transgressionem
3478 5303 3613 5341 con-

2043 5378 2185 5432 ditas
2224 5376 2556 5439 sentiebant,
2592 5376 2683 5429 illa
2727 5377 2984 5431 suasione
3013 5376 3265 5445 permoti,
3295 5378 3441 5447 quod
3472 5377 3616 5433 Deus

2044 5465 2319 5520 hominem
2345 5465 2739 5532 condemnans,
2770 5465 3013 5520 futurum
3047 5467 3348 5538 respiciens
3371 5468 3567 5523 dixerit
3596 5488 3609 5524 :

2045 5555 2369 5611 Germinabit
2405 5558 2499 5611 tibi
2528 5566 2670 5633 terra
2710 5559 2930 5613 tribulos
2972 5567 3022 5613 et
3061 5561 3240 5630 spinas
3262 5560 3326 5626 “,
3384 5562 3617 5632 ideoque

2042 5659 2231 5706 rentur
2263 5652 2318 5709 in
2369 5650 2751 5723 hujuscemodi
2797 5652 3260 5724 transgressionis
3294 5669 3513 5725 poenam
3550 5668 3615 5709 ac

3226 5834 3301 5894 ΞΤ
