4072 6342
503 255 606 314 845

1817 250 2079 308 ,LEONIS
2116 251 2393 307 ALLATII

3615 251 3729 308 ειι

501 375 796 434 vindictam
821 373 1017 429 herbas
1041 372 1231 427 noxias
1254 374 1527 444 post'Adae
1556 374 2056 445 praevaricationem

2160 375 2379 447 λέὸορον
2402 378 2510 438 τοῖς
2536 373 2842 445 ἀνθρώποις
2861 372 3180 446 δηλητήριον
3206 372 3354 436 ὄντα,
3383 370 3556 445 ψᾶρες
3580 372 3635 426 δὲ
3661 373 3729 427 τὸ

501 466 679 525 solum
713 463 882 518 fuisse
924 460 1234 524 productas.
1270 460 1411 517 Vera
1446 469 1626 517 tamen
1657 466 1741 517 est
1795 459 2064 515 sententia

505 555 771 614 Eustatbii
797 561 851 609 et
880 554 1110 609 aliorum
1129 554 1225 624 qui
1254 554 1451 612 herbas
1474 554 1571 609 has
1600 554 1788 607 noxias
1813 567 1919 607 una
1939 566 2062 606 cum

506 649 625 705 aliis
659 646 843 703 herbis
869 654 1151 716 generatas
1180 645 1474 701 existimat.
1514 643 1683 699 Noxia
1721 643 1867 699 enim
1892 651 1945 698 et
1975 658 2054 698 ve

509 753 712 795 nenosa
744 737 907 793 rebus
938 736 1060 792 aliis
1087 738 1372 792 commista
1398 737 1636 791 humano
1652 735 1835 807 generi
1863 735 1915 789 in
1939 750 2064 789 cor—

510 831 657 903 poris
686 826 1102 900 mgritudinibus
1152 826 1412 883 sanandis
1460 827 1584 881 usui
1615 836 1760 882 sunt.
1801 824 1910 880 Nec
1956 840 2064 879 non

507 920 832 976 animalibus
862 919 1210 990 quibusdam,
1263 932 1452 973 eorum
1502 917 1750 988 corporis
1797 918 2065 971 constitu-

508 1014 655 1069 tione
697 1013 772 1067 ita
819 1020 1099 1082 poscente,
1150 1024 1251 1083 pro
1303 1011 1562 1065 alimento
1619 1010 1964 1078 deserviunt,
2007 1017 2065 1064 ut

507 1105 768 1175 exemplis
801 1102 1029 1158 inferius
1059 1100 1619 1173 patebithueretius,
1656 1102 1751 1154 lib.
1780 1117 1810 1154 v
1844 1118 1859 1154 :

611 1279 875 1335 Prwterea
908 1279 1055 1334 nobis
1082 1286 1446 1334 veratrumvest
1468 1295 1596 1332 -acre
1630 1294 1897 1341 reuenum,

611 1354 682 1404 At
730 1351 900 1418 capris
939 1350 1142 1420 adipes,
1187 1359 1237 1404 et
1272 1348 1630 1403 coturnicibus
1669 1359 1846 1418 auget.

614 1420 815 1489 Quippe
841 1419 1009 1474 videre
1045 1422 1159 1473 licet
1189 1421 1520 1489 pinguescere
1555 1434 1689 1487 sa’pe
1709 1422 1883 1472 cicuta

609 1491 923 1561 Barbigeras
940 1490 1180 1559 pecudes,
1211 1490 1407 1543 homini
1429 1505 1543 1559 qua:
1555 1501 1631 1543 est
1658 1506 1778 1542 acre
1796 1506 2060 1543 venenum.

509 1670 652 1725 Ideni
698 1669 938 1725 sentiunt
989 1668 1359 1727 Theodoretus
1401 1678 1455 1727 et
1484 1669 1840 1738 Ambrosius;
1871 1680 1925 1727 et
1957 1670 2064 1724 Au-

510 1763 698 1817 sonius
728 1761 803 1815 ait
832 1781 848 1817 :

580 1942 778 1997 Toxica
803 1941 1038 2012 zelotypo
1060 1939 1203 1993 dedit
1235 1956 1368 1994 uxor
1390 1941 1586 1995 intre/ia
1609 1958 1816 2006 veneno,

651 2012 762 2067 Nec
788 2014 917 2067 satis
941 2010 1019 2063 'ad
1046 2020 1259 2064 mortem
1302 2011 1519 2064 credidit
1545 2029 1656 2066 esse
1671 2012 1877 2067 datum.

584 2082 797 2137 Miscuit
823 2084 1025 2151 argenti
1045 2080 1262 2134 letltalia
1281 2082 1514 2148 pondera
1542 2082 1663 2147 vivi,

646 2152 863 2223 Cogeret
882 2162 938 2204 ut
960 2152 1173 2223 celerem
1190 2151 1265 2223 οἰδ
1282 2153 1544 2223 geminata
1572 2169 1767 2206 necem.

580 2220 793 2278 Dividat
819 2223 928 2276 lucc
951 2222 1145 2290 siquis,
1176 2220 1620 2289 faciuntdiscreta
1653 2239 1920 2288 venenum,

651 2292 956 2346 Antidotum
979 2300 1179 2345 sument
1210 2307 1325 2358 qua:
1354 2292 1552 2345 sociata
1577 2292 1734 2348 bibet.

511 2446 600 2501 Sic
629 2454 680 2500 et
708 2444 1064 2501 animantium
1095 2460 1293 2516 genera
1315 2446 1541 2516 pulchra
1560 2457 1709 2513 sunt,
1738 2456 1794 2501 et
1824 2446 2062 2502 homini-

510 2541 611 2595 bus
642 2555 748 2594 non
783 2538 964 2593 minus
1010 2539 1161 2592 utilia
1199 2555 1360 2608 quam
1400 2539 1709 2595 necessaria
1740 2558 1762 2593 .:
1799 2541 2061 2594 nonnulla

507 2637 687 2686 tamen
718 2631 1021 2701 perniciosa
1045 2638 1175 2685 sunt
1203 2640 1257 2686 et
1293 2631 1508 2687 nociva.
1535 2630 1745 2687 Plinius
1777 2630 2062 2687 Naturalis

510 2722 655 2777 llist.
698 2723 793 2777 lib.
825 2739 885 2785 ιι,
921 2737 1039 2793 cap.
1075 2723 1163 2785 63,
1197 2723 1361 2777 aliam
1396 2723 1558 2791 hujus
1597 2723 1675 2778 rei
1714 2738 1934 2778 causam
1973 2739 2063 2779 as-

509 2812 727 2882 signat:
761 2812 900 2878 Quin
951 2820 999 2866 et
1046 2827 1239 2866 uenena
1269 2819 1463 2865 terram
1491 2814 1657 2867 nostri
1693 2814 1960 2867 misertam
1981 2814 2063 2868 itt-

507 2904 740 2957 stituisse
773 2902 915 2957 credi
954 2911 1153 2970 potest,
1200 2917 1262 2955 ne
1304 2903 1359 2954 in
1405 2901 1562 2956 ttedio
1588 2902 1719 2956 dira?
1742 2903 1864 2957 rita:
1902 2902 2061 2971 fatuis

506 3012 670 3060 mors,
701 3004 853 3049 terra:
880 2995 1078 3049 meritis
1103 2995 1449 3058 alienissima,
1481 2995 1620 3049 lenta
1651 3012 1745 3049 nos
1788 3011 2063 3050 consume-

507 3095 584 3141 ret
611 3086 749 3149 tabe,
782 3102 844 3140 ne
874 3086 1103 3139 lacerum
1130 3100 1316 3153 corpus
1340 3086 1564 3154 abrupta
1596 3085 1972 3155 dispergerent,
2000 3101 2063 3140 ne
2090 3068 2132 3124 (ἶ

507 3179 680 3250 laquei
733 3187 990 3248 torqueret
1038 3194 1189 3246 paena
1236 3188 1579 3247 pra’postera,
1631 3177 1836 3231 incluso
1874 3178 2065 3246 spiritu

504 3274 594 3327 cui
612 3282 930 3342 quereretur
950 3272 1121 3326 exitus
1148 3287 1167 3324 :
1189 3287 1251 3325 ne
1292 3271 1343 3324 in
1359 3270 1621 3341 profundo
1638 3273 1862 3341 qutesita
1879 3282 2066 3339 morte,

504 3364 775 3435 sepultura
801 3362 993 3434 pabulo
1024 3362 1193 3431 ﬁeret,
1238 3379 1300 3416 ne
1344 3362 1475 3431 ferri
1512 3365 1779 3418 cruciatus
1809 3362 2066 3418 scinderet

504 3474 717 3528 corpus.
754 3455 842 3512 Ita
872 3466 948 3510 est
992 3457 1230 3517 miserta,
1291 3457 1465 3525 genuit
1505 3455 1559 3508 id
1593 3456 1743 3523 cuius
1799 3456 2063 3526 facillimo

503 3549 718 3616 haustu,
748 3548 953 3602 illibata
989 3562 1222 3616 corpore,
1247 3556 1296 3601 et
1324 3563 1440 3600 cum
1476 3556 1583 3601 toto
1614 3549 1866 3618 sanguine
1893 3550 2067 3602 extiti-

502 3655 799 3712 gueremur,
826 3638 971 3692 nulla
1007 3639 1204 3703 labore,
1230 3637 1529 3692 sitientibus
1560 3639 1757 3694 similes
1791 3655 1809 3693 :
1838 3640 2066 3709 qualiter

502 3730 776 3800 defunctos
805 3744 908 3783 non
929 3726 1176 3792 volucris,
1204 3743 1307 3781 non
1328 3727 1444 3795 fera
1483 3729 1782 3797 attingeret,
1813 3737 2064 3800 ternaque

501 3830 813 3885 servaretur,
827 3820 916 3890 qui
929 3817 1029 3872 sibi
1049 3819 1145 3887 ipsi
1160 3818 1426 3888 periisset;
1443 3828 1512 3884 et,
1526 3829 1581 3872 ut
1594 3836 1765 3874 verum
1781 3821 2060 3889 fateamur,

503 3924 645 3970 terra
696 3914 843 3969 nobis
898 3914 1158 3967 malorum
1217 3912 1500 3967 remedium
1545 3922 1745 3984 genuit,
1790 3930 1882 3969 nos
1926 3913 2061 3968 illud

502 4007 619 4066 rita:
673 4006 901 4080 facimus
957 4022 1226 4061 venenum.
1276 4004 1382 4061 Sed
1434 4005 1567 4075 quid
1629 4005 1835 4060 diceret
1898 4005 2062 4061 homo

498 4097 774 4160 ethnicus,
810 4097 958 4152 omni
1000 4096 1186 4151 divino
1230 4096 1436 4151 lumine
1476 4097 1790 4162 destitutus,
1843 4113 2061 4168 praeque

503 4188 688 4245 mundi
749 4188 911 4258 hujus
976 4189 1200 4243 caducis
1253 4188 1554 4255 blanditiis,
1608 4189 1744 4243 nihil
1779 4191 2059 4249 aestimans

497 4287 780 4347 aeternum,
802 4280 1003 4334 nullam
1029 4290 1353 4351 exspectans
1387 4280 1698 4338 felicitatem
1722 4282 1745 4335 ?

2165 467 2407 522 κώνειον.
2434 467 2757 523 Coturniees
2794 467 2921 520 item
2961 465 3189 521 venenis
3221 465 3583 536 pinguescere
3614 472 3730 519 tra-

2165 556 2246 611 dit
2267 555 2477 611 Plinius
2503 556 2601 610 lib.
2633 572 2690 618 ι,
2734 570 2858 626 cap.
2896 554 2992 620 25,
3023 554 3397 609 Cotus-uicibus
3442 555 3733 610 renenise-

2165 670 2280 707 men
2302 654 2636 723 gratissimus
2659 652 2841 706 cibus:
2866 669 3022 722 quam
3048 651 3111 706 ob
3138 670 3356 707 causam
3388 669 3476 706 eas
3497 651 3731 707 damna-

2165 762 2276 800 vere
2322 762 2535 809 mensw,
2571 746 2825 815 simulque
2865 745 3183 799 comitialem
3232 755 3443 815 propter
3479 745 3726 800 morbum

2163 839 2345 907 despui
2377 848 2602 902 suetum,
2636 854 2787 907 quem
2817 837 2945 891 sola:
2966 836 3282 891 animalium
3312 837 3731 920 sentiunt,prtz.-

2166 940 2242 984 ter
2263 930 2543 984 hominem.
2594 928 2651 983 ln
2681 930 2767 985 his
2799 928 2960 984 Plinii
2984 929 3166 984 verbis
3197 929 3373 984 obiter
3400 926 3456 981 id
3476 928 3733 982 animad-

2163 1019 2478 1074 vertendum
2522 1018 2589 1072 de
2637 1018 2900 1072 comitiali
2950 1018 3113 1072 verbo
3164 1032 3272 1070 non
3302 1016 3556 1071 omnibus
3601 1031 3733 1072 esse

2164 1125 2327 1164 unam
2365 1107 2717 1164 sententiam.
2750 1108 3070 1163 Aristoteles
3112 1108 3166 1161 in
3212 1106 3471 1160 Problem.
3503 1108 3598 1171 ait,
3621 1107 3736 1161 Μό-

2163 1210 2285 1257 νους
2337 1190 2653 1263 ἀνθρώπους
2691 1195 2748 1246 ἐν
2781 1193 2858 1264 τῷ
2877 1192 2983 1246 τῶν
3024 1182 3182 1257 ζώων
3205 1192 3350 1261 γένει
3386 1191 3733 1263 ἐπιλήπτους

2163 1284 2429 1354 γίνεσθαι.
2461 1284 2791 1339 Plutarchus
2818 1283 2967 1338 addit
3013 1281 3529 1353 capramﬂacobus
3568 1281 3735 1338 Dele—

2165 1376 2431 1448 campius,
2492 1384 2546 1431 et
2603 1390 2789 1441 canes,
2841 1383 2894 1429 et
2935 1374 3067 1430 feles
3101 1384 3154 1430 et
3190 1375 3389 1429 arietes
3432 1390 3496 1430 eo
3526 1375 3734 1429 morbo

2153 1470 2391 1541 periisse
2407 1483 2465 1523 se
2495 1467 2695 1523 vidisse
2724 1474 2995 1533 testatur;
3030 1480 3227 1536 capras
3256 1475 3309 1522 et
3339 1482 3467 1521 oves
3492 1482 3557 1522 eo
3576 1481 3735 1520 mor-

2164 1561 2234 1615 bo
2269 1560 2451 1615 vexari
2481 1561 2646 1614 tradit
2692 1557 3049 1628 Hippocrates
3103 1558 3200 1613 lib.
3247 1558 3386 1626 Περὶ
3409 1558 3521 1627 τῆς
3557 1558 3734 1628 ἱερῆς

2162 1653 2373 1705 νόσυυ’
2402 1664 2571 1720 equos
2588 1648 2875 1721 Apsyrtus;
2896 1648 3205 1719 accipitres,
3231 1656 3283 1703 et
3312 1650 3563 1719 graculos
3592 1648 3735 1703 Bro-

2080 1731 2137 1785 ’Β
2165 1743 2316 1798 decus
2342 1742 2437 1797 lib.
2463 1757 2545 1807 ιιι,
2577 1756 2678 1811 cap
2698 1741 2802 1807 ‘23;
2844 1740 3041 1796 Sextus
3073 1757 3202 1796 vero
3235 1740 3543 1812 Empiricus
3582 1740 3732 1813 Pyr-

2163 1833 2519 1905 rlionJIypot.
2550 1832 2643 1887 lib.
2676 1849 2712 1894 ι,
2741 1847 2850 1886 non
2874 1832 3232 1898 helleborum,
3251 1832 3342 1889 sed
3363 1834 3597 1889 cicutam
3624 1849 3728 1888 co—

2162 1925 2404 1978 turnices
2421 1922 2819 1993 pinguefacere,
2835 1923 2993 1978 sicuti
3013 1923 3377 1996 hyoscyamus
3389 1940 3515 1979 sues
3532 1924 3726 1980 refert;

2162 2017 2237 2069 Τὸ
2259 2014 2386 2084 γοῦν
2410 2013 2629 2067 κώνειον
2663 2014 2862 2068 πιαίνει
2889 2013 3016 2077 τοὺς
3031 2013 3283 2084 ὄρτυγας,
3309 2016 3402 2069 καὶ
3432 2018 3459 2069 ό
3485 2016 3728 2069 ὑοσκύα-

2165 2125 2264 2179 μος
2285 2107 2382 2171 τὰς
2395 2101 2478 2173 ὗς,
2497 2106 2550 2159 αἲ
2567 2106 2628 2177 δὴ
2645 2107 2892 2178 χαίρουσι
2914 2109 3006 2161 καὶ
3029 2108 3406 2180 σαλαμάνδρας
3423 2108 3727 2162 ὲσθίουσαι..

2236 2196 2393 2263 lbid.,
2424 2198 2520 2252 lin.
2550 2199 2602 2252 9.
2639 2198 2739 2251 Διὰ
2773 2197 2842 2251 δὲ
2870 2199 2977 2253 τοῦ
2998 2198 3430 2270 μανδραγόρου.
3462 2198 3721 2262 Basilius.

2164 2290 2309 2345 hom.
2343 2290 2412 2344 5:
2440 2291 2558 2343 Ἔτι
2587 2291 2642 2343 δὲ
2676 2292 2768 2344 καὶ
2795 2291 2930 2344 αύτά
2962 2292 3130 2345 ταῦτα
3164 2294 3221 2344 ὲν
3261 2290 3434 2364 καιρῷ
3463 2309 3592 2344 ποτε
3625 2293 3724 2344 καὶ

2164 2382 2295 2451 ἡμῖν
2335 2381 2598 2452 χρήσιμα.
2627 2380 2724 2434 Διά
2763 2381 2861 2453 μὲν
2890 2381 2997 2456 γὰρ
3029 2381 3120 2435 τοῦ
3149 2383 3523 2455 μανδραγόρου
3553 2382 3724 2436 ὕπνον

2165 2471 2339 2543 ίατροὶ
2390 2473 2787 2541 κατεπάγουσιν
2828 2490 2841 2503 θ
2882 2472 3021 2541 ὀπίῳ
3049 2472 3104 2526 δὲ
3131 2474 3229 2537 τὰς
3273 2474 3507 2546 σφοδρὰς
3531 2474 3727 2538 ὀδύνας

2160 2564 2269 2617 τῶν
2294 2563 2558 2634 σωμάτων
2584 2564 3061 2635 κατακοιμίζουσιν
3085 2582 3099 2595 ’
3126 2565 3224 2636 ἤδη
3265 2565 3321 2618 δέ
3343 2583 3485 2630 τινες
3506 2566 3583 2636 τῷ
3617 2583 3727 2620 κω-

2162 2654 2287 2727 νείῳ
2316 2657 2408 2709 καὶ
2448 2656 2509 2708 τὸ
2554 2655 2822 2720 λυσσῶδες
2876 2657 2983 2709 τῶν
3026 2657 3255 2728 ὀρέξεων
3315 2658 3724 2729 κατεμάραναν,

2164 2747 2257 2800 καὶ
2292 2745 2371 2817 τῷ
2422 2746 2686 2820 ἐλλεϐόρῳ
2715 2747 2884 2801 πολλὰ
2914 2747 3023 2801 τῶν
3049 2749 3278 2819 χρονίων
3318 2749 3504 2803 παθῶν
3535 2747 3727 2822 ἐξεμό-

2163 2839 2412 2909 χλευσαν.
2445 2838 2663 2894 Plenam
2701 2839 3074 2910 mandragorae
3107 2840 3287 2896 herbae
3323 2840 3723 2898 consideratio-

2163 2946 2285 2986 nem
2313 2930 2479 2988 habes
2512 2933 2652 3003 apud
2687 2930 2921 2986 Plinium
2954 2932 3048 2987 lib.
3080 2948 3204 2999 xxv,
3242 2948 3361 3003 cap.
3390 2933 3476 2998 1⁸5,
3509 2933 3562 2987 in
3590 2948 3723 3004 quo,

2164 3032 2218 3077 et
2250 3022 2369 3091 ejus
2397 3022 2451 3076 in
2482 3024 2771 3078 medicinis
2797 3039 2929 3078 usus
2959 3023 3283 3093 explicatur,
3309 3022 3433 3093 ejus
3461 3024 3588 3077 item
3611 3024 3721 3077 vim

2168 3113 2503 3169 somniﬁeam
2535 3117 2608 3168 ita
2630 3115 2901 3185 explicat:
2931 3099 3086 3168 Folia
3117 3124 3490 3168 conservantur
3516 3114 3571 3167 in
3605 3131 3724 3168 mu-

2169 3207 2251 3257 ria
2279 3203 2559 3274 efﬁcacius,
2594 3204 2730 3257 alias
2762 3205 3047 3259 recentium
3081 3221 3265 3259 succus
3304 3206 3464 3273 pestis
3485 3214 3563 3259 est
3599 3221 3619 3258 :
3648 3208 3723 3259 sic

2166 3313 2366 3366 quoque
2392 3297 2565 3350 noxia:
2588 3298 2739 3351 vires.
2778 3294 3120 3352 Gravedinem
3149 3300 3312 3352 etiam
3334 3300 3563 3368 u/ferunt
3581 3299 3723 3370 olla—

2167 3400 2251 3442 ctu
2282 3405 2300 3443 :
2325 3405 2622 3460 quanquam
2648 3390 2791 3443 mala
2811 3392 2864 3444 in
2890 3392 3151 3462 aliquibus
3190 3394 3343 3447 terris
3375 3393 3720 3455 mandantur,

2165 3481 2328 3536 nimio
2364 3491 2535 3534 tamen
2552 3480 2710 3535 odore
2739 3481 3096 3536 obmutescunt
3118 3484 3309 3552 ignari.
3349 3482 3487 3538 Potu
3515 3486 3723 3555 quidem

2165 3570 2394 3642 largiore
2429 3572 2588 3626 etiam
2616 3573 2931 3629 moriuntur.
2981 3572 3066 3627 Vis
3096 3574 3370 3644 somniﬁca
3395 3592 3488 3645 pro
3525 3576 3723 3631 viribus

2166 3664 2467 3719 bibentium.
2507 3662 2682 3718 Media
2710 3666 2852 3734 potio
2876 3666 3052 3737 cyathi
3081 3674 3255 3721 unius.
3284 3666 3494 3721 Ribitur
3512 3680 3563 3722 et
3594 3685 3723 3723 can-

2165 3763 2248 3808 tra
2277 3764 2558 3824 serpentes,
2586 3765 2637 3809 et
2668 3767 2786 3809 ante
2814 3758 3065 3811 sectiones
3106 3758 3499 3829 punitionesque
3520 3775 3581 3812 ne
3601 3777 3721 3814 sen-

2165 3845 2386 3900 tiantur.
2419 3844 2497 3900 οι
2542 3846 2651 3900 [nec
2684 3848 2815 3900 satis
2856 3855 2931 3900 est
2976 3847 3236 3915 aliquibus
3274 3864 3516 3903 somnum
3563 3849 3722 3905 odore

2161 3938 2431 4006 qua’sisse.
2454 3936 2681 3993 .Bibitur
2723 3947 2772 3992 et
2812 3946 2907 4005 pro
2948 3937 3207 3992 Itellebaro
3236 3939 3436 3993 duobus
3471 3941 3638 3995 abolis
3668 3944 3724 3997 in

2162 4028 2354 4085 mulso.
2391 4028 2455 4083 Et
2477 4028 2834 4099 Tlieoplirast.
2870 4029 3014 4084 Hist.
3043 4032 3214 4100 plant.
3252 4035 3344 4087 lib.
3379 4050 3452 4100 ix,
3482 4051 3602 4105 cap.
3629 4038 3718 4101 i0,

2161 4122 2427 4194 Καθάπερ
2463 4125 2557 4178 καὶ
2582 4124 2675 4177 τοῦ
2700 4123 3073 4197 μανδραγόρου
3103 4126 3164 4178 τὸ
3188 4128 3282 4182 μὲν
3307 4127 3502 4196 φύλλον
3531 4132 3723 4202 χρήσι-

2164 4232 2263 4286 μον
2308 4211 2444 4268 εἷναί
2490 4232 2616 4285 φασι
2659 4216 2794 4286 πρὸς
2842 4217 2909 4270 τὰ
2943 4216 3073 4289 ’ἑλκη
3110 4220 3229 4289 μετ’
3268 4219 3511 4289 ἀλφίτου,
3542 4222 3640 4295 τὴν
3667 4223 3723 4276 δὲ.

2160 4308 2317 4381 ῥίζαν
2345 4308 2480 4380 πρὸς
2512 4309 2836 4380 ἐρυσίπελας
2867 4309 3149 4374 ξανθείσάν
3187 4331 3247 4366 τε
3271 4314 3363 4367 καὶ
3390 4315 3500 4379 ὄξει
3520 4316 3722 4372 δευθείο

566 4396 685 4451 Col.
721 4395 846 4460 716,
879 4395 977 4453 lin.
1026 4396 1079 4451 4.
1122 4395 1193 4449 Τὸ
1227 4394 1346 4466 μὲν
1382 4398 1491 4466 γὰρ
1513 4394 1780 4451 κώνειον.
1820 4396 2054 4453 Basilius

2163 4417 2280 4464 σαν,
2307 4400 2401 4453 καὶ
2433 4400 2571 4471 πρὸς
2595 4401 2661 4454 τὰ
2694 4401 3023 4474 ποδαγρικὰ,
3041 4405 3136 4458 καὶ
3157 4406 3291 4477 πρὸς
3314 4405 3478 4460 ὖπνον
3499 4410 3593 4461 καὶ
3612 4409 3724 4479 cpt?-

498 4486 645 4541 hom.
680 4486 746 4542 5:
772 4486 845 4539 Τὸ
874 4487 971 4557 μὲν
1001 4486 1108 4559 γὰρ
1139 4485 1360 4541 κώνειον
1378 4489 1430 4542 οἱ
1458 4486 1631 4561 ψᾶρες
1654 4489 1938 4560 βόσκονται
1967 4491 2055 4545 διὰ

496 4579 593 4651 τὴν
614 4579 953 4651 κατασκευὴν
996 4579 1089 4633 τοῦ
1109 4578 1356 4649 σώματος
1382 4580 1478 4652 τὴν
1509 4584 1573 4635 ὲκ
1594 4582 1688 4636 τοῦ
1725 4582 2050 4656 δηλητηρίου

498 4665 702 4737 βλάϐην
747 4665 1243 4738 ἀποδιδράσκοντες.
1273 4670 1520 4733 Λεπτοὺς
1537 4671 1645 4743 γὰρ
1681 4672 1895 4744 ἔχοντες
1926 4675 2053 4737 τοὺς

494 4756 602 4810 ἀπὸ
629 4759 726 4828 τῆς
754 4757 975 4826 καρδίας
999 4758 1220 4830 πόρους,
1257 4759 1547 4828 φθάνουσιν
1583 4763 1815 4833 ἐκπέψαι
1844 4767 1905 4819 τὸ
1950 4782 2054 4819 κα-

494 4847 748 4913 ταποθὲν,
781 4850 906 4923 πρὶν
937 4850 1033 4923 τὴν
1061 4852 1154 4905 ἀπ’
1175 4852 1340 4907 αὐτοῦ
1372 4852 1530 4924 ψῦξιν
1550 4855 1657 4908 τῶν
1690 4856 1918 4928 καιρίων
1951 4875 2052 4912 κα·-

494 4937 784 5010 οάψασθαι.
818 4941 1127 4998 Alexander
1170 4944 1540 5015 Aphrodiseus
1574 4946 1669 5003 lib.
1700 4964 1740 5015 ι,
1779 4945 2050 5002 Problem.

494 5033 548 5087 in
576 5033 913 5104 prmlatione.
944 5034 1126 5101 Quare
1158 5047 1376 5092 veratro
1417 5039 1745 5104 coturnices,
1785 5049 1839 5094 et
1874 5041 2051 5095 sturni

491 5125 669 5181 cicuta
702 5135 1012 5193 vescantur,
1040 5128 1182 5183 inter
1232 5130 1564 5199 quaestiones
1616 5131 2047 5202 inexplicabiles,

492 5215 709 5288 Deoque
736 5218 837 5274 soli
875 5217 1139 5274 duntaxat
1179 5228 1437 5292 tanquam
1474 5238 1664 5277 eorum
1717 5224 1916 5279 artilici
1964 5240 2052 5281 so-

491 5306 782 5363 lertissimo
802 5310 1047 5379 cognitas
1078 5311 1275 5380 rejicit.

558 5396 719 5464 lbid.,
747 5400 841 5455 lin.
872 5401 927 5458 8.
968 5402 1078 5456 Τὸν
1107 5403 1175 5456 δὲ
1210 5405 1531 5476 ἐλλέϐορον
1552 5406 1847 5463 ἐσθίουσι.
1894 5408 2050 5464 Basi-

490 5487 595 5544 lius
616 5489 760 5547 hom.
787 5492 820 5547 5
841 5512 853 5547 :
894 5494 1205 5567 Ἑλλέϐορος
1227 5497 1282 5551 δὲ
1299 5499 1544 5569 ὀρτύγων
1560 5501 1677 5554 ἐστὶ
1701 5501 1895 5572 τροφὴ,
1925 5502 2053 5556 ἰδιό-

487 5595 612 5650 τητι
638 5581 886 5655 κράσεως
907 5584 1004 5657 τὴν
1045 5585 1249 5658 βλάϐην
1275 5590 1712 5659 ἀποφευγόντων.
1747 5593 2055 5650 Alexander

486 5669 782 5740 Aplirodis.
820 5672 939 5729 loco
962 5677 1139 5743 citat.,
1174 5681 1440 5751 Ὄρτυγές
1460 5700 1516 5736 τε
1547 5683 1814 5739 σιτοῦνται
1844 5688 1934 5741 τὸν
1963 5690 2051 5742 ἐλ-

2157 4510 2281 4567 τρα.
2318 4493 2530 4547 Διδόασι
2558 4493 2613 4546 δὲ
2650 4496 2710 4548 ἐν
2737 4496 2919 4568 οίνῳῆ
2952 4500 3009 4550 ὲν
3042 4497 3174 4562 ὄξει.
3208 4498 3473 4570 Τέμνουσι
3503 4501 3563 4554 δὲ
3596 4519 3722 4575 τρο-

2159 4588 2381 4659 χίσκους
2430 4586 2613 4660 ὥςπερ
2660 4589 3295 4661 ραφανίδος,ὲνείραντες
3322 4591 3377 4645 δὲ
3413 4594 3471 4646 ἐν
3505 4594 3721 4662 γλεύκει

2161 4679 2468 4750 ἐκρέμασαν
2484 4679 2623 4750 ὑπὲρ
2641 4680 2866 4734 καπνοῦ.
2897 4681 2962 4736 Et
2992 4681 3289 4753 Xetmphon
3315 4684 3369 4737 in
3391 4684 3669 4755 Symposio
3700 4707 3713 4742 :

2161 4770 2249 4841 Τῷ
2280 4771 2389 4843 γάρ
2414 4771 2525 4826 ὄντι
2549 4769 2689 4836 οἶνος
2716 4774 2889 4846 ἄρδων
2915 4773 3013 4837 τὰς
3040 4773 3218 4846 ψυχάς
3275 4776 3371 4841 τάς
3418 4778 3516 4848 μὲν
3544 4778 3718 4843 λύπας

2152 4863 2342 4935 ὥσπερ
2370 4865 2398 4916 ό
2429 4865 2808 4936 μανδραγόρας
2835 4865 2960 4930 τοὺς
2991 4865 3309 4939 ἀνθρώπους
3338 4871 3594 4940 κοιμίζει,
3622 4872 3717 4934 τὰς

2152 4956 2207 5009 δὲ
2240 4956 2651 5028 φιλοφροσύνας,
2674 4956 2862 5029 ὥσπερ
2888 4957 3065 5012 ἔλαιον
3091 4959 3262 5030 φλόγα
3278 4961 3502 5033 ἐγείρει.
3529 4963 3584 5017 Ιιι
3612 4980 3720 5033 quo

2156 5047 2535 5118 Xenophontis
2570 5051 2688 5105 loco
2719 5050 3065 5121 interpretem
3097 5054 3476 5118 allucinatum,
3511 5064 3567 5110 et
3597 5054 3718 5109 Pie-

2157 5142 2299 5195 rium
2343 5139 2685 5205 Valerianus,
2716 5142 2809 5197 lib.
2865 5159 3016 5210 Lvm,
3047 5159 3095 5199 c.
3115 5144 3183 5199 de
3217 5144 3569 5213 Mandragora
3599 5162 3719 5200 vcr-

2157 5235 2309 5287 sione
2346 5232 2512 5302 hujus
2540 5232 2851 5303 deceptum,
2884 5236 3086 5304 optime
3131 5238 3414 5291 annotavit
3437 5238 3523 5293 vir
3554 5239 3608 5293 in
3631 5253 3718 5291 sa-

2156 5324 2267 5378 cris
2289 5323 2626 5393 explicandis
2655 5324 2957 5395 Seripturis
2976 5326 3178 5381 nemini
3199 5328 3473 5383 secundus
3490 5329 3715 5384 Michael

2156 5413 2442 5480 Gislerius,
2462 5430 2619 5485 quem
2644 5432 2860 5487 semper
2878 5418 3109 5474 maxime
3120 5419 3418 5475 admiratus
3435 5436 3556 5476 sum
3571 5422 3715 5492 ejus—

2155 5519 2261 5575 que
2305 5509 2469 5561 verba
2510 5508 2746 5563 maximo
2775 5524 2896 5564 meo
2942 5525 3044 5564 usu
3070 5517 3125 5564 et
3167 5514 3451 5568 commodo
3502 5529 3717 5584 semper

2157 5598 2368 5670 excepi,
2389 5607 2443 5653 et
2464 5599 2517 5652 in
2554 5599 2696 5653 hanc
2719 5598 2861 5654 diem
2881 5601 3116 5671 excipio,
3145 5616 3307 5671 quem
3331 5603 3521 5659 multis
3558 5608 3714 5661 annis

2156 5687 2414 5747 Ecclesia
2441 5691 2722 5747 catholica:
2749 5691 2968 5747 utilitati
2990 5692 3256 5748 bonorum
3291 5696 3533 5751 omnium
3577 5700 3717 5754 votis
