4072 6342
323 373 428 427 8-15

1280 377 1346 430 1N
1383 373 1752 431 EUSTATllll
1795 369 2265 426 llEXA‘EMERON
2297 368 2524 424 ΝΟΤΑΞ.

3451 359 3556 421 816

333 490 473 546 Deus
504 491 851 560 superstitem
881 501 934 548 et
965 493 1289 550 incolumem
1327 507 1635 558 conservet,
1678 496 1731 548 in
1761 510 1889 549 eru-
1920 499 1960 554 Α
1991 492 2244 562 superius
2291 489 2504 544 diverat
2555 501 2718 540 anum
2757 485 3049 556 quamdam
3091 483 3325 538 Atticam
3369 484 3561 540 cicutas

331 581 634 648 ditissimis,
667 584 950 654 solidaque
972 585 1240 649 doctrina,
1277 589 1475 656 pietate
1503 603 1566 641 ac
1595 602 1723 642 vera
1759 586 1888 640 reli-

330 676 485 744 gione
518 674 736 730 refertis
770 675 1179 732 Commentariis
1213 680 1266 732 in
1315 681 1472 734 Cant.
1524 681 1746 740 cantic.,
1798 693 1885 732 ca-

329 761 425 828 pit.
457 776 552 820 vu.
577 775 720 815 vers.
761 761 846 825 15,
871 763 1211 831 expositione
1247 763 1444 832 prima.
1472 763 1546 819 De
1567 765 1668 819 hac
1699 764 1890 820 eadem

328 870 385 908 re
417 854 607 908 eadem
646 851 1009 916 Dioscorides,
1047 856 1280 926 indeque
1307 857 1511 912 factum
1541 859 1889 928 proverbium

328 945 569 1002 Luciano
596 948 648 1000 in
683 947 915 1013 Timone,
941 949 1074 1001 ὅπου
1095 965 1158 1016 γε
1191 949 1444 1022 καθάπερ
1462 951 1567 1004 ὑπὸ
1593 951 1892 1022 μανδραγό-

327 1055 422 1108 ρου
450 1037 749 1101 καθεύδεις,
773 1047 825 1092 et
851 1037 1195 1093 Demostheni
1215 1039 1269 1093 in
1291 1055 1344 1093 tv
1376 1039 1688 1108 Philippica,
1721 1039 1892 1092 Ἀλλ’-

333 1131 444 1183 ούδ’
496 1129 855 1200 ἀνεγερθῆναι
923 1130 1196 1201 δυνάμεθα
1227 1171 1240 1194 ,
1310 1131 1444 1184 ἀλλὰ
1516 1132 1892 1204 μανδραγόραν

326 1221 637 1300 πεπτωκόσι,
672 1220 725 1272 εἴ
753 1239 805 1273 τι
848 1222 1135 1291 φάρμακον
1165 1223 1292 1276 ἄλλο
1340 1223 1600 1286 τοιοῦτον,
1639 1224 1893 1295 ἐοίκαμεν

325 1312 650 1384 ἀνθρώποις.
711 1312 844 1368 Vide
875 1313 1213 1384 Rodiginum,
1250 1315 1374 1370 lahr.
1416 1333 1548 1381 xvtt,
1594 1318 1758 1387 capit.
1799 1317 1889 1371 21.

324 1401 633 1458 Notandum
657 1405 801 1473 quod
836 1403 1246 1474 Theophrastus
1269 1408 1343 1460 ait
1371 1409 1787 1478 mandragoram
1824 1409 1891 1463 ad

327 1511 563 1558 amores.
595 1504 649 1549 et
680 1496 877 1565 philtra
907 1497 1235 1562 conducere,
1270 1508 1324 1553 et
1353 1508 1548 1568 praeter
1576 1499 1894 1570 Theophra-

327 1596 470 1640 stum
495 1587 636 1641 idem
667 1596 899 1643 testatur
928 1587 1292 1656 Dioscorides,
1316 1591 1648 1661 Epiphanius
1674 1592 1727 1644 in
1748 1592 1895 1662 Phy-

326 1676 548 1746 siologo,
568 1685 621 1732 et
638 1679 726 1731 alii
749 1695 764 1738 ;
787 1678 867 1732 sic
887 1677 1031 1731 enim
1063 1679 1239 1732 locum
1261 1680 1409 1732 illum
1439 1677 1714 1734 Geneseos
1740 1681 1896 1733 intel-

327 1766 481 1836 liges,
520 1768 614 1822 sed
634 1767 700 1823 de
733 1768 837 1823 hoc
868 1769 925 1821 in
957 1770 1162 1824 nostris
1196 1771 1681 1827 exercitationibus
1713 1772 1888 1842 plura.

1991 585 2209 655 triginta
2238 582 2424 636 holcas
2450 581 2569 636 sine
2599 579 2798 631 damno
2827 577 3126 632 sorbuisse.
3158 571 3266 629 Ἦν
3291 575 3370 639 δὲ,
3407 575 3556 646 φασὶ,

1989 675 2161 748 γραῦς
2201 673 2418 743 Ἀττικὴ
2465 672 2752 743 τριάκοντα
2811 669 2972 731 ὁλκὰς
3005 667 3229 721 κωνείου
3266 667 3562 732 ἀκινδύνως

1989 766 2422 838 προσφερομένη.
2459 763 2567 818 Res
2611 763 2774 817 etiam
2827 769 3014 815 notatu
3045 761 3208 831 digna
3235 768 3336 814 est.
3378 759 3564 815 Refert

1990 859 2400 930 Theophrastus
2462 855 2537 909 De
2567 855 2753 908 histor.
2794 854 2984 923 plant.,
3037 853 3131 909 lib.
3187 867 3262 915 tx,
3310 866 3432 922 cap.
3472 851 3562 913 18,

1991 952 2291 1005 Eudemum
2334 949 2532 1024 Chium
2573 946 2764 1016 viginti
2803 945 2940 1000 duas
2984 944 3279 1014 aliquando
3313 945 3564 1014 potiones

1995 1040 2257 1095 hellebori
2291 1055 2400 1095 uno
2433 1040 2521 1093 die
2550 1038 2870 1106 sumpsisse,
2891 1052 3013 1091 cum
3044 1035 3149 1090 fori
3186 1035 3328 1106 apud
3358 1050 3565 1090 merces

1993 1131 2225 1194 sederet,
2260 1147 2358 1185 nec
2399 1129 2706 1185 surrexisse
2744 1129 3062 1198 priusquam
3098 1135 3243 1181 esset
3283 1127 3563 1190 meridies,

1993 1235 2122 1278 tunc
2166 1237 2299 1278 vero
2341 1221 2502 1276 domo
2543 1221 2712 1291 petita
2747 1219 2968 1274 balneas
3014 1218 3343 1289 ingressum,
3378 1231 3566 1272 cmna-

1993 1327 2219 1385 tumque
2267 1329 2420 1369 more
2454 1314 2636 1378 solito,
2687 1327 2784 1367 nec
2817 1311 3113 1382 quidquam
3145 1310 3473 1366 evomuisse.
3508 1309 3568 1364 Id

1994 1415 2174 1461 tamen
2208 1406 2412 1461 auxilio
2437 1405 2670 1475 quodam
2705 1413 3008 1476 praeparato
3032 1404 3347 1474 perfecisse,
3378 1418 3570 1474 quam-

1994 1499 2078 1554 vis
2128 1508 2347 1568 propter
2397 1499 2633 1554 hominis
2691 1497 3143 1554 consuetudinem
3193 1498 3450 1567 pleraque
3502 1512 3571 1551 ex

1994 1593 2410 1646 medicamentis
2440 1594 2544 1645 vim
2579 1608 2730 1646 suam
2762 1593 3011 1647 amittere
3049 1606 3148 1646 nec
3187 1590 3422 1662 amplius
3454 1605 3570 1644 me-

1995 1678 2302 1733 dicamenta
2349 1696 2471 1735 esse
2516 1695 2676 1750 posse
2724 1681 3032 1750 negandum
3077 1697 3184 1735 non
3217 1682 3324 1748 sit,
3357 1680 3571 1751 hocque

1996 1770 2161 1825 refert
2191 1788 2255 1826 ex
2290 1771 2666 1842 Theophrasto
2702 1773 3020 1843 Apollonius
3065 1774 3117 1828 in
3174 1774 3364 1829 histor.
3400 1773 3571 1828 Mira-

326 1857 466 1932 Quid
499 1861 738 1915 herbarii
774 1862 1096 1932 praacipiant
1123 1864 1173 1918 in
1201 1865 1455 1930 secanda,
1479 1867 1892 1938 colligendaque
1924 1863 1964 1917 B
1995 1862 2209 1924 bilibris,
2261 1863 2362 1917 etsi
2402 1871 2610 1917 mutato
2654 1865 2870 1920 nomine
2915 1875 2968 1920 et
3013 1880 3110 1935 pro
3152 1864 3426 1929 Eudemo,
3461 1865 3569 1920 Eu-

330 1953 697 2022 mandragora
750 1954 981 2008 habetur
1029 1956 1167 2024 apud
1206 1957 1637 2024 Theophrastum
1679 1957 1886 2013 Histor.

323 2044 491 2108 plant.
518 2044 612 2098 lib.
633 2060 702 2108 Ix,
731 2059 778 2099 c.
816 2045 871 2111 9,
900 2054 952 2100 et
974 2045 1312 2102 Pliniumlib.
1331 2065 1456 2113 xxv,
1481 2064 1598 2118 cap.
1625 2051 1710 2104 15.
1730 2049 1891 2105 Plura

324 2136 394 2188 de
427 2135 527 2188 hac
550 2136 715 2191 herba
742 2145 795 2190 et
821 2139 941 2207 ejus
970 2140 1267 2195 virtutibus
1299 2139 1535 2196 Levinus
1560 2141 1890 2198 Lcmniasin

326 2223 699 2294 Explicatione
723 2227 931 2286 herbar.
962 2229 1162 2295 biblic.,
1193 2247 1310 2300 cap.
1335 2232 1389 2287 2.

397 2317 512 2372 Col.
538 2318 661 2384 716,
689 2320 783 2373 lin.
813 2319 891 2374 10.
923 2322 1033 2374 Kal
1056 2321 1135 2388 τῷ
1175 2324 1322 2390 ὀπίῳ
1361 2325 1466 2389 τὰς
1499 2325 1784 2393 σφοδράς.
1819 2326 1893 2382 De

325 2410 435 2480 opii
472 2413 860 2480 praeparatione
888 2420 940 2467 et
967 2430 1066 2468 usu
1098 2416 1149 2468 in
1191 2417 1475 2472 medicinis
1500 2415 1708 2473 Plinius
1747 2417 1890 2475 Hist.

326 2511 506 2557 natur.
536 2502 630 2558 lib.
670 2518 762 2568 xx,
796 2518 915 2572 cap.
947 2504 1049 2570 18;
1090 2506 1216 2560 huic
1248 2507 1354 2560 vim
1382 2522 1488 2562 non
1537 2509 1893 2578 soporiferam

325 2594 510 2656 modo,
562 2608 750 2646 verum
807 2594 852 2648 si
899 2595 1174 2664 copiosior
1227 2597 1509 2652 hauriatur
1557 2601 1894 2656 mortiferam

326 2687 544 2746 tribuit,
583 2695 636 2738 et
663 2684 902 2743 Galenus
935 2690 1182 2759 pluribus
1215 2691 1266 2744 in
1301 2692 1453 2747 locis.

399 2777 531 2856 Ibid.
564 2771 646 2844 Τῷ
673 2778 740 2832 δὲ
781 2782 1001 2848 κωνείῳ
1041 2783 1146 2847 τὰς
1184 2784 1540 2852 λυσσώόεις.
1599 2787 1672 2844 De
1718 2789 1894 2844 cicuta

325 2878 381 2924 et
412 2872 533 2939 ejus
561 2871 810 2928 remediis
840 2873 1048 2929 Plinius
1085 2875 1177 2929 lib.
1220 2892 1340 2939 xxv,
1373 2894 1492 2948 cap.
1536 2881 1768 2945 ultimo;
1805 2899 1898 2936 va-

326 2962 464 3014 riam
504 2975 681 3017 autem
720 2967 910 3018 cicuta:
955 2969 1404 3035 praeparationem
1451 2972 1516 3025 ad
1566 2975 1774 3027 obitum
1809 2975 1894 3028 in-

326 3053 611 3108 ferendum
667 3056 878 3110 lacilem
928 3063 981 3110 et
1035 3059 1240 3127 absque
1314 3061 1424 3112 ullo
1482 3060 1668 3117 dolore
1735 3064 1898 3119 refert

324 3144 685 3216 Theophrast.
718 3148 861 3203 llist.
911 3151 1080 3219 plant.
1127 3152 1159 3205 1.
1211 3167 1285 3215 Ix,
1326 3169 1446 3224 cap.
1483 3155 1568 3218 17,
1606 3165 1898 3230 narratque

323 3237 490 3290 etiam
532 3238 786 3292 Chiorum
837 3240 982 3294 circa
1029 3241 1128 3296 hoc
1183 3245 1423 3299 studium
1461 3257 1512 3301 et
1547 3248 1892 3313 industriam,

324 3329 420 3396 qui
459 3329 604 3382 illam
641 3347 748 3385 non
787 3333 1050 3399 terebant,
1088 3337 1178 3390 sed
1218 3338 1463 3392 detracto
1491 3340 1725 3409 tegmine
1752 3341 1898 3411 quod

325 3419 697 3477 difﬁcultatem
746 3433 945 3486 movet,
998 3427 1255 3495 quoniam
1304 3431 1569 3500 concoqui
1613 3448 1753 3500 aegre
1802 3449 1897 3503 po-

325 3523 452 3573 test,
503 3514 702 3582 pistam
751 3515 804 3568 in
854 3519 1116 3571 mortario
1177 3519 1494 3585 tundebant,
1540 3532 1592 3576 et
1638 3527 1898 3593 praetenui

324 3605 512 3658 cribro
542 3608 916 3662 transmissam
943 3649 956 3671 ,
996 3623 1135 3679 aqua
1173 3611 1475 3680 inspersam
1507 3613 1782 3678 bibebant,
1814 3624 1890 3669 at-

324 3711 432 3764 que
476 3695 549 3748 ita
595 3697 778 3752 obitus
825 3699 969 3753 celer
1018 3701 1302 3770 facilisque
1353 3703 1656 3758 eveniebat.
1691 3706 1810 3758 Ὅτι
1843 3705 1899 3758 δὲ

319 3788 568 3858 διαφέρει
605 3789 666 3840 τὸ
705 3790 938 3862 χρῆσθαι
986 3810 1102 3857 πως
1145 3792 1358 3865 ἑκάστῳ
1386 3795 1618 3866 φανερὸν
1659 3798 1723 3849 ὲκ
1772 3797 1901 3850 πολ-

323 3881 452 3934 λῶν.
498 3882 651 3935 Ἐπεὶ
682 3884 774 3935 καὶ
801 3884 964 3946 Χίους
997 3886 1129 3955 φασὶ
1160 3886 1237 3957 τῷ
1282 3888 1488 3958 κωνείῳ
1517 3889 1776 3962 πρότερον
1804 3891 1901 3961 οὐχ

322 3972 486 4037 οὕτω,
531 3975 662 4027 ἀλλὰ
689 3976 989 4047 τρίϐοντας,
1038 3978 1290 4051 καθάπερ
1337 3984 1384 4034 οἱ
1428 3981 1595 4048 ἄλλοι,
1642 3983 1898 4054 χρῆσθαι.

322 4066 439 4118 Νῦν
484 4067 544 4119 δὲ
593 4067 713 4120 οὐδὲ
764 4068 830 4121 ἂν
883 4066 963 4132 εἷς
999 4071 1259 4141 τρίψειεν,
1300 4072 1436 4126 ἀλλὰ
1485 4076 1902 4146 περιπτίσαντες

323 4157 418 4208 καὶ
449 4155 736 4224 ἀφελόντες
767 4157 827 4210 τὸ
863 4157 1090 4226 κέλυφος
1142 4159 1319 4231 (τοῦτο
1351 4161 1458 4233 γὰρ
1488 4162 1548 4214 τὸ
1576 4163 1673 4234 τὴν
1713 4164 1902 4234 δυσχέ-

326 4264 473 4318 ρειαν
507 4247 743 4319 παρέχον
782 4249 1244 4322 δυσκατέργαστον
1265 4251 1381 4324 ὃν),
1427 4255 1562 4323 μετὰ
1611 4253 1781 4307 ταῦτα
1815 4255 1904 4308 κό-

325 4355 546 4391 πτουσιν
593 4341 650 4392 ἐν
689 4341 768 4412 τῷ
804 4342 973 4412 ὅλμῳ,
1006 4345 1100 4397 καί
1125 4345 1502 4408 διαπτίσαντες
1533 4344 1736 4404 λεπτὰ,
1782 4347 1900 4400 ἐπι-

326 4431 620 4495 πάττοντες
653 4433 737 4501 ἐφ’
765 4433 906 4504 ὕδωρ
942 4435 1206 4497 πίνουσιν,
1248 4435 1386 4492 ὥστε
1415 4441 1634 4506 ταχεῖαν
1663 4438 1755 4490 καὶ
1783 4435 1905 4489 ἐλα-

1993 1971 2214 2008 nomum
2248 1957 2475 2020 scribat,
2505 1966 2557 2012 et
2585 1958 2885 2015 Eudemum
2916 1961 3412 2032 Pharmacopolam,
3447 1978 3572 2017 cum

1993 2046 2234 2102 Eudemo
2280 2050 2415 2104 Chio
2467 2052 2787 2119 confundat,
2821 2055 2916 2110 sed
2964 2054 3031 2111 de
3074 2057 3160 2110 his
3199 2057 3354 2127 plura
3389 2056 3444 2110 in
3476 2072 3574 2111 no-

1995 2140 2126 2193 stris
2153 2155 2490 2212 synonymis.

2067 2230 2225 2295 lhid.,
2259 2233 2355 2286 lin.
2385 2235 2468 2287 13.
2497 2236 2603 2288 Kal
2639 2236 2833 2290 πάντα
2864 2237 2932 2291 ἐν
2951 2237 3057 2306 μιᾷ
3086 2239 3312 2307 καιροῦ.
3341 2238 3574 2294 Basilius

1993 2321 2141 2375 hom.
2177 2339 2228 2376 tv
2256 2341 2268 2376 :
2300 2324 2482 2377 Πάντα
2514 2326 2571 2378 ἐν
2608 2328 2704 2396 μιᾷ
2736 2326 2924 2397 καιροῦ
2959 2329 3121 2399 ῥοπῇ,
3153 2329 3251 2380 οὐκ
3283 2327 3410 2381 ὄντα
3445 2328 3576 2398 πρό-

1994 2429 2167 2484 τερον,
2202 2413 2342 2484 ὑπὲρ
2371 2415 2469 2484 τῆς
2497 2416 2598 2485 γῆς
2621 2419 2700 2479 εἰς
2726 2417 2786 2469 τὸ
2818 2413 2957 2469 εἶναι
3001 2417 3265 2489 παρῆλθε,
3312 2417 3446 2486 μετὰ
3475 2417 3576 2486 τῆς

1995 2505 2199 2567 οἰκείας
2219 2504 2448 2558 ἕκαστον
2469 2504 2726 2577 ἰδιότητος
2751 2507 3170 2578 ἐναργεστάτοις
3190 2509 3285 2578 μὲν
3298 2507 3578 2578 διαφοραῖς

1996 2595 2102 2648 ἀπὸ
2134 2595 2240 2648 τῶν
2279 2597 2606 2666 ἑτερογενῶν
2644 2597 3004 2670 χωριζόμενα,
3035 2599 3219 2670 οίκείῳ
3248 2598 3304 2655 δὲ
3348 2598 3577 2653 ἕκαστον

1997 2685 2392 2757 γνωριζόμενον
2422 2689 2749 2761 χαρακτῆρι.

2066 2777 2224 2843 lbid.,
2254 2780 2350 2834 lin.
2396 2780 2482 2833 17.
2513 2782 2623 2834 Καὶ
2683 2782 2908 2835 τούτων
2948 2783 3020 2837 τὰ
3051 2785 3168 2853 μέν
3204 2785 3356 2841 ἐστι.
3400 2785 3456 2838 In
3489 2799 3580 2838 ar~

1997 2867 2221 2924 boribus
2252 2871 2392 2925 sicut
2415 2879 2468 2926 et
2498 2871 2552 2925 in
2581 2871 2908 2928 animalibus
2945 2889 3068 2930 esse
3114 2875 3349 2944 speciem
3386 2890 3580 2944 quam-

1998 2960 2144 3023 dam,
2174 2968 2228 3013 et
2265 2961 2521 3032 ﬁguram,
2553 2978 2717 3033 quam
2753 2973 2954 3019 auctor
2981 2973 3168 3020 noster
3198 2967 3578 3021 characterem

1999 3050 2254 3119 appellat,
2287 3066 2393 3120 qua
2435 3061 2488 3106 et
2542 3053 2612 3108 ab
2649 3053 2774 3116 aliis
2818 3053 3005 3110 divisa:
3052 3064 3482 3126 cognoscuntur,
3527 3065 3582 3116 οι

1950 3204 1968 3224 ἱ
2003 3155 2114 3195 sua:
2157 3152 2366 3196 natura;
2417 3158 2555 3213 Opus
2603 3160 2859 3200 exercere
2903 3147 3138 3210 valeant,
3175 3148 3309 3202 nulli
3351 3147 3579 3203 dubium

2003 3247 2240 3304 unquam
2269 3233 2372 3288 fuit
2400 3250 2502 3289 nec
2534 3237 2660 3290 erit.
2695 3236 2826 3303 Quae
2857 3237 3026 3292 forma
3069 3256 3132 3294 ex
3166 3240 3421 3294 omnibus
3452 3255 3578 3310 par-

2001 3327 2149 3381 tibus
2197 3328 2339 3382 sumi
2392 3335 2592 3397 potest,
2635 3330 2688 3384 in
2722 3346 2827 3384 una
2858 3332 3002 3385 enim
3045 3332 3174 3387 dum
3209 3333 3444 3399 variant,
3476 3332 3580 3388 etsi

2000 3417 2056 3472 in
2099 3419 2223 3474 aliis
2266 3423 2618 3486 conveniunt,
2670 3424 2899 3481 diversae
2949 3431 3129 3481 tamen
3182 3443 3283 3483 nec
3333 3425 3580 3498 ejusdem

2001 3513 2200 3582 speciei
2246 3513 2663 3582 judicabuntur.
2716 3518 2853 3573 Hinc
2906 3520 3153 3591 quadam
3212 3522 3338 3576 latis
3392 3522 3576 3590 foliis,

2002 3603 2120 3658 aliae
2148 3604 2376 3669 strictis,
2403 3609 2651 3671 ,serratis
2693 3610 2832 3676 alite,
2877 3611 2996 3666 alia:
3046 3612 3100 3666 in
3146 3613 3313 3667 alium
3357 3614 3579 3669 modum

2002 3699 2278 3766 expansis.
2319 3697 2410 3753 Sic
2458 3700 2525 3755 de
2567 3703 2792 3765 cortice,
2827 3705 3018 3768 rantis,
3050 3705 3349 3771 radicibus,
3381 3706 3579 3762 fructi-

2003 3788 2125 3848 bus.
2151 3798 2204 3844 et
2231 3791 2375 3846 aliis.
2409 3791 2631 3846 Summa
2665 3802 2844 3850 tamen
2869 3811 3059 3851 eorum
3087 3813 3287 3867 genera
3315 3798 3582 3856 habemus

2002 3894 2066 3932 ex
2105 3878 2482 3950 Theophrasto
2531 3883 2628 3938 lib.
2667 3899 2683 3937 ι
2718 3882 2794 3938 De
2824 3885 3011 3940 histor.
3057 3886 3251 3955 plant.,
3289 3903 3410 3957 cap.
3443 3888 3496 3952 6,
3527 3897 3584 3943 et

2005 3972 2133 4024 alibi
2167 3992 2184 4025 -.
2216 3973 2464 4042 quaedam
2494 3975 2640 4029 enim
2679 3991 2868 4031 earum
2900 3985 3028 4032 sunt
3059 3979 3299 4046 urbana,
3332 3981 3579 4048 qumdam

2005 4065 2317 4128 silvestres,
2361 4067 2609 4135 quaedam
2658 4065 2986 4133 fructifera},
3037 4067 3285 4138 quaedam
3339 4071 3577 4130 steriles.

2004 4155 2248 4224 quaedam
2281 4154 2552 4220 ﬂoriferte,
2577 4155 2697 4211 alia;
2729 4156 2861 4212 ﬂore
2887 4165 3160 4224 carentes,
3185 4159 3431 4230 quaedam
3456 4176 3580 4229 per-

2005 4254 2168 4314 petuo
2203 4246 2458 4311 virentes,
2489 4247 2734 4316 quaedam
2781 4249 3069 4322 perdentes
3116 4250 3262 4311 folia.
3299 4245 3409 4305 οἷον
3443 4253 3579 4323 ἡμέ-

2006 4354 2153 4408 ρων,
2195 4338 2422 4406 ἀγρίων,
2475 4339 2836 4410 καρποφόρων
2860 4379 2874 4402 ,
2917 4341 3208 4412 ἀκάρπων,
3249 4342 3576 4414 ἀνθοφόρων,

2005 4428 2267 4492 ἀνανθῶν,
2304 4430 2624 4500 ἁειφύλλων,
2661 4431 3014 4499 φυλλοεόλων.
3050 4432 3258 4487 Plinius
3288 4433 3450 4486 etiam
3484 4433 3575 4486 lib.

326 4524 465 4594 φρέιν
491 4523 734 4592 γίνεσθαι
780 4525 877 4596 τὴν
927 4527 1262 4598 ἀπαλλαγήν.
1298 4527 1529 4598 Ideoque
1558 4527 1895 4582 Dioscorides

2007 4537 2116 4580 xvi,
2149 4537 2269 4591 cap.
2315 4522 2403 4584 18,
2441 4522 2694 4576 arborum
2736 4522 3069 4577 differentias
3118 4523 3488 4592 prosequitur,
3527 4531 3580 4575 ct

327 4616 420 4669 lib.
469 4633 542 4678 iv,
571 4632 690 4686 cap.
727 4617 813 4681 79,
848 4617 1278 4674 eﬂicacissimam
1327 4622 1432 4674 vim
1465 4621 1653 4675 tribuit
1684 4623 1894 4683 cicutm,

325 4723 445 4776 qum
475 4708 529 4760 in
564 4709 740 4762 insula
769 4709 904 4763 Chio
938 4715 1203 4768 nascitur.

395 4799 512 4854 Col.
539 4801 659 4864 716,
689 4803 782 4857 lin.
819 4803 904 4857 11.
924 4806 1031 4858 Καὶ
1065 4805 1142 4871 τῷ
1174 4807 1466 4874 ἐλλεϐόρῳ
1487 4805 1557 4858 τὰ
1580 4808 1802 4874 χρόνια.
1825 4804 1899 4859 De

325 4894 589 4949 hellebori
621 4898 926 4966 speciebus,
956 4899 1168 4968 ﬁguris,
1189 4900 1262 4962 vi,
1284 4901 1537 4953 facultate
1568 4906 1618 4952 et
1652 4915 1752 4953 usu
1785 4899 1899 4966 lege

323 4986 465 5041 Plin.
500 4989 534 5040 l.
571 5005 697 5052 xxv,
727 5003 776 5042 c.
806 4990 879 5054 5;
916 4989 1285 5045 Dioscoridem
1314 4992 1349 5046 l.
1386 5007 1457 5054 Iv,
1488 5006 1535 5043 c.
1569 4989 1670 5043 150
1689 4996 1742 5042 ct
1776 4990 1894 5043 151.

324 5081 574 5134 Advertit
608 5078 806 5134 Sextus
839 5080 1146 5151 Empiricus
1188 5082 1448 5153 Pyrrhon.
1498 5081 1694 5150 Ilypot.
1730 5081 1823 5135 lib.
1860 5098 1896 5143 ι,

326 5186 448 5240 cap.
485 5171 569 5232 14,
608 5172 970 5239 helleborum,
1004 5176 1047 5227 si
1082 5185 1240 5229 tenue
1263 5183 1316 5229 et
1365 5175 1745 5244 lanuginosum
1776 5171 1900 5243 quis

325 5264 506 5330 ipsum
537 5264 685 5329 edat,
719 5276 949 5320 mortem
977 5265 1191 5331 alTerre,
1216 5267 1299 5322 sin
1327 5281 1575 5321 crassum
1608 5280 1714 5318 non
1749 5265 1898 5320 item.

326 5355 434 5407 Καὶ
461 5357 490 5408 ό
520 5355 794 5428 ἐλλέϐορος
825 5357 1017 5420 λεπτὸς
1051 5359 1146 5428 μὲν
1188 5358 1280 5410 καὶ
1323 5356 1556 5427 χνοώδης
1603 5354 1904 5424 προσφερό-

329 5464 488 5516 μενον
519 5449 748 5518 πνιγμὸν
777 5451 1047 5520 ἐπιφέρει,
1075 5447 1382 5521 κριμνώδης
1414 5448 1469 5500 δὲ
1517 5448 1590 5500 ὢν
1616 5447 1820 5510 οὐκέτι,
1851 5452 1904 5499 et

330 5539 583 5594 Ruﬁnum
622 5542 910 5610 quemdam
950 5542 1089 5611 apud
1123 5541 1438 5595 Chalcidem
1469 5540 1587 5595 sine
1617 5539 1726 5592 ulla
1762 5552 1902 5592 noxa

331 5635 514 5690 bibere
557 5637 777 5690 solitum
823 5637 1013 5692 fuisse.
1049 5639 1159 5691 Καὶ
1197 5638 1470 5704 Ῥουφῖνος
1512 5637 1567 5689 δὲ
1611 5638 1638 5688 ό
1671 5637 1728 5687 ἐν
1760 5634 1902 5687 Χαλ-

334 5727 432 5778 κίδι
455 5727 623 5780 πίνων
652 5727 926 5800 ἐλλέϐορον
948 5729 1068 5781 οὔτε
1094 5731 1242 5800 ἤμει,
1269 5728 1388 5781 οὔτε
1408 5729 1540 5790 ὅλως
1563 5725 1901 5797 ἐκαθαίρετο,

334 5817 442 5873 ἀλλ’
471 5818 545 5886 ὥς
569 5836 621 5876 τι
650 5820 758 5874 τῶν
788 5821 1026 5894 συνήθων
1056 5821 1421 5893 προςεφέρετο
1469 5821 1561 5875 καὶ
1605 5818 1820 5883 ἔπεσσε,
1851 5826 1904 5871 et

2000 4631 2119 4684 cap.
2153 4618 2213 4667 '19
2244 4633 2254 4667 :
2283 4613 2542 4668 f’ratterea
2573 4615 2815 4668 arborum
2842 4615 2962 4668 aliis
2992 4614 3235 4668 decidunt
3263 4615 3392 4683 [alia
3406 4631 3425 4679 ;
3458 4615 3580 4668 alia:

2000 4707 2314 4773 sempiterna
2349 4723 2496 4759 conta
2531 4707 2712 4767 virent,
2736 4723 2890 4777 quam
2925 4705 3276 4776 (li/Terentiam
3309 4710 3578 4760 antecedat

2001 4816 2201 4852 necesse
2232 4808 2307 4850 est
2353 4800 2515 4866 prior.
2551 4797 2685 4851 Sunt
2717 4801 2854 4852 enim
2904 4799 3153 4852 arborum
3193 4800 3433 4869 quaedam
3467 4816 3579 4866 ain-

2001 4890 2122 4941 m'no
2152 4889 2434 4951 silvestres,
2467 4887 2706 4959 qua’dam
2753 4880 3060 4944 urbaniores
3086 4907 3104 4944 :
3133 4907 3265 4961 quas
3298 4890 3381 4944 hic
3409 4889 3578 4959 placet

2002 4979 2293 5033 nominibus
2335 4981 2672 5051 distinguere.
2707 4981 2844 5052 Ergo
2893 4984 3064 5047 mites,
3103 5000 3218 5053 qutr
3252 4983 3449 5052 fructu,
3488 4991 3580 5033 aut

2003 5072 2181 5141 aliqua
2223 5073 2374 5138 dote,
2411 5075 2832 5137 nmbramineve,
2876 5075 3037 5146 ofﬁcio
3058 5074 3338 5127 humanius
3364 5073 3575 5142 juvant,
3665 5097 3671 5116 ι

2005 5184 2107 5220 non
2135 5168 2366 5235 improbe
2393 5167 2640 5218 dicantur
2669 5165 2907 5219 urbanw.

2075 5259 2232 5323 lbid.,
2271 5261 2365 5313 lin.
2404 5259 2494 5312 ΞΟ.
2531 5259 2845 5327 Ὰείφυλλα
2874 5257 2942 5311 δέ
2967 5259 3136 5312 ἐστιν
3171 5259 3362 5312 ἐλαία.
3401 5256 3580 5311 Theo-

2003 5352 2262 5422 phrastus
2287 5353 2335 5414 1,
2362 5350 2438 5404 De
2454 5350 2576 5405 hist.
2595 5350 2788 5418 plant.,
2813 5365 2932 5422 cap.
2955 5348 3020 5403 15
3052 5369 3064 5403 :
3097 5349 3216 5402 Τῶν
3247 5349 3342 5421 μὲν
3361 5349 3578 5420 ἡμέρων

2004 5446 2262 5514 ἀείφυλλα
2300 5445 2471 5506 ἐλαία,
2511 5444 2702 5513 φοίνιξ,
2734 5444 2928 5514 δάφνη,
2964 5443 3242 5514 μύρῤινος,
3275 5445 3484 5512 πεύκης
3526 5457 3582 5496 τι

2004 5539 2176 5607 γένος,
2205 5539 2554 5608 κυπάριττοςο
2603 5537 2709 5588 τῶν
2761 5536 2815 5588 δὲ
2863 5535 3100 5606 ἀγρίων,
3144 5534 3331 5606 ἐλάτη,
3379 5533 3578 5604 πεύκη,

2005 5629 2288 5702 ἄρκευθος,
2334 5629 2550 5700 σμῖλαξ,
2593 5627 2748 5690 Θυία,
2800 5629 2893 5681 καὶ
2940 5627 3005 5698 ἢν
3055 5627 3310 5699 Ἀρκάδες
3357 5624 3583 5679 καλοῦσι

2006 5723 2312 5796 φελλόδρυν,
2345 5721 2562 5794 φιλύρα,
2611 5721 2818 5794 κέδρος,
2857 5721 3037 5784 πίτυς,
3081 5720 3342 5792 μυρῤίκη,
3391 5717 3578 5784 πύξος,

2006 5818 2215 5888 πρῖνος,
2258 5815 2441 5886 ἀγρία,
2492 5813 2812 5884 κήλαστρον,
2857 5809 3076 5882 φιλύκη,
3128 5809 3366 5884 ἁφάρκη.
3400 5806 3580 5866 Ταῦτα
