4072 6342
517 289 621 345 8ό7

1843 290 2092 348 LEONIS
2130 290 2401 346 ALLATII

3642 291 3706 346 8-5
3722 291 3758 343 8

514 411 574 465 δὲ
613 409 804 482 φύεται
843 409 979 481 ’περὶ
1014 409 1104 462 τὸν
1141 409 1418 481 Ὄλυμπον
1442 451 1457 475 ,
1499 411 1787 483 ἀνδράχνη.
1827 412 2084 483 κόμαρος,
2118 414 2161 470 Α
2187 410 2247 463 τὸ
2292 409 2508 482 χρῶμα,
2561 409 2900 480 φλοῖσθέντος
2945 408 3041 462 τοῦ
3091 408 3265 474 ξύλου,
3296 407 3612 478 λευκότερον
3658 409 3765 479 μὲν

515 498 822 573 τέρμινθος,
850 500 1055 570 ἀγρία,
1093 498 1300 571 δάφνη.
1335 504 1492 554 Δοκεῖ
1539 501 1593 555 δὲ
1627 503 1659 572 ὴ
1693 501 1960 573 ἀνδράχνη
1997 501 2091 555 καὶ

514 592 542 644 δ
572 591 786 662 οῖναρος
833 589 901 643 τά
945 589 1041 658 μὲν
1086 590 1234 642 κάτω
1282 591 1642 660 φυλλοϐολέῖν,
1684 592 1752 645 τά
1792 592 1850 644 δὲ
1891 591 2092 664 ἔσχατα

513 681 620 734 τῶν
647 681 964 751 ἀκρεμόνων
996 678 1254 748 aeuum
1295 680 1466 752 ἔχειν’
1499 681 1745 752 ὲπιφύειν
1770 683 1826 736 δὲ
1855 683 1940 736 ἀεὶ
1967 683 2091 747 τοὺς

513 771 840 842 ἀκρέμονας.
881 769 947 824 Ει
989 769 1201 826 Plinius
1231 787 1297 826 ex
1330 771 1705 844 Theophrasto
1739 773 1884 829 Hist.
1929 784 2040 830 nat.
2069 815 2086 841 ,

514 860 608 914 lib.
637 876 749 924 xvr,
781 875 902 930 cap.
932 860 1003 914 20
1037 879 1048 914 :
1086 859 1419 914 Urbanarum
1451 865 1626 932 generi
1666 881 1764 917 non
1809 863 2085 929 decidunt,

513 951 657 1012 oleaz.
690 951 862 1017 lauro,
893 957 1105 1022 palmae,
1141 963 1332 1024 myrto,
1364 971 1624 1022 cupresso.
1669 957 1826 1024 pinis,
1863 956 2086 1022 hederae,

513 1042 911 1106 rhododendro;
945 1055 999 1100 et
1045 1061 1165 1116 cap.
1210 1047 1273 1100 2t
1328 1045 1714 1101 :-‘Silrestrium
1751 1049 1921 1118 generi
1956 1049 2088 1118 folia

513 1151 614 1188 non
643 1135 911 1200 decidunt,
935 1136 1114 1200 abieti,
1143 1137 1317 1201 larici,
1341 1139 1600 1205 pinastro,
1613 1139 1880 1208 junipero,
1910 1139 2099 1204 cedro,-

514 1228 860 1294 thcrebintho,
892 1228 1050 1292 buxo,
1099 1229 1209 1282 ilici
1234 1270 1248 1293 ,
1280 1231 1566 1300 a’quifolio,
1598 1231 1792 1295 suberi,
1827 1242 1972 1296 taxo,
2006 1243 2090 1286 ta-

513 1317 731 1383 marici;
764 1320 897 1372 inter
926 1329 1144 1389 utraque
1187 1336 1375 1389 genera
1417 1331 1538 1375 sunt
1569 1322 1828 1376 adrachne
1861 1323 1911 1376 in
1941 1321 2089 1376 Cra?-

513 1409 619 1472 cia,
655 1418 702 1462 et
756 1409 942 1479 ubique
993 1411 1178 1464 unedo.
1231 1411 1448 1483 Reliqua
1483 1414 1620 1466 enim
1667 1414 1797 1481 [alia
1825 1415 2088 1468 «decidunt

518 1498 617 1562 his,
665 1512 1014 1571 pra'terquam
1062 1504 1114 1556 in
1148 1504 1525 1558 cacuminibus.
1561 1505 1624 1558 lit
1654 1517 1844 1560 auctor
1877 1504 2088 1577 Geopo-

2188 497 2282 552 τοῦ
2309 498 2521 569 πρίνου,
2551 499 2905 571 οίνωπότερον
2941 498 2997 551 δὲ
3024 498 3123 569 τῆς
3151 498 3336 570 δρυός·
3374 497 3440 551 τά
3486 498 3545 551 δὲ
3589 497 3766 567 φύλλα

2191 589 2474 661 προσέοικε
2539 589 2635 660 μὲν
2675 590 2894 660 ἀμφοῖν,
2942 588 3053 658 ἔχει
3085 587 3142 641 δὲ
3181 587 3349 658 μείζω
3379 588 3413 658 ἢ
3447 588 3524 651 ὡς
3551 592 3766 659 πρῖνος,

2190 681 2393 736 ἐλάττω
2419 683 2476 736 δὲ
2505 683 2536 754 ἢ
2567 683 2642 746 ὡς
2678 681 2827 752 δρῦς.
2865 682 2974 734 Καὶ
3004 681 3096 734 τὸν
3132 680 3340 751 καρπὸν
3375 681 3474 751 μὲν
3499 681 3593 734 τοῦ
3632 682 3767 752 πρί-

2189 789 2279 826 νου
2309 773 2448 827 κατά
2475 774 2535 826 τὸ
2570 772 2795 844 μέγεθος
2833 771 3057 836 ὲλάττω,
3089 774 3207 835 cui;
3251 771 3560 841 ἐλαχίσταις
3582 770 3640 824 δὲ
3665 770 3771 841 βα-

2188 863 2365 929 λάνοις
2397 866 2535 919 ἴσον·
2570 865 2663 919 καὶ
2691 863 3016 934 γλυκύτερον
3047 863 3147 934 μὲν
3179 861 3274 915 τοῦ
3312 860 3527 934 πρίνου,
3559 863 3770 934 πικρό-

2187 972 2340 1028 τερον
2379 956 2434 1010 δὲ
2478 957 2574 1028 τῆς
2611 957 2788 1028 δρυός.
2828 954 3066 1011 Καλοῦσι
3110 954 3166 1008 δέ
3211 971 3351 1018 τινες
3391 954 3481 1008 τδν
3527 953 3626 1025 μὲν
3665 953 3770 1008 τοῦ

2190 1048 2398 1119 πρίνου,
2431 1049 2522 1101 καὶ
2554 1049 2645 1101 τὸν
2685 1047 2885 1119 ταύτης
2926 1046 3134 1117 καρπὸν
3170 1047 3385 1108 ἄκυλον,
3423 1044 3518 1100 τὸν
3563 1046 3620 1099 δὲ
3661 1047 3770 1116 τῆς

2186 1138 2346 1210 δρυὸς
2389 1139 2633 1209 βάλανον.
2685 1140 2914 1210 Μήτραν
2961 1139 3017 1192 δὲ
3067 1137 3177 1208 ἔχει
3228 1138 3620 1209 φανερώτερον,
3657 1137 3694 1210 ἢ
3739 1142 3772 1192 ὁ

2179 1231 2374 1300 ’πρῖνος
2436 1230 2544 1283 Καὶ
2589 1230 2620 1300 ή
2669 1229 2766 1300 μὲν
2821 1228 3108 1299 φελλόδρυς
3167 1229 3420 1298 τοιαύτην
3477 1229 3596 1281 τινά
3647 1227 3772 1298 εχει

2189 1319 2369 1388 φύσιν,
2404 1319 2566 1374 Plura
2603 1334 2816 1390 possem
2847 1335 3141 1389 congerere
3180 1321 3248 1374 ab
3284 1320 3407 1374 aliis
3446 1319 3514 1374 de
3548 1319 3771 1374 arbori-

2187 1409 2310 1473 bus,
2344 1425 2576 1479 quorum
2614 1410 2702 1464 hic
2733 1409 2791 1464 tit
2837 1409 3060 1472 mentio,
3090 1408 3236 1462 dicta
3267 1416 3320 1462 et
3353 1407 3619 1473 dubitata,
3663 1407 3770 1463 sed

2189 1509 2347 1555 notas
2398 1502 2452 1554 in
2510 1500 2888 1563 Eustathium,
2953 1515 3060 1554 non
3125 1500 3415 1554 herbarum
3471 1499 3767 1554 historiam

518 1592 622 1646 nic.
650 1607 662 1642 :
693 1592 889 1662 Δένδρα
935 1592 1157 1662 ἀειθαλῆ
1187 1595 1320 1657 ἐστι,
1354 1594 1486 1665 με,δέ
1505 1612 1631 1647 ποτε
1661 1595 2086 1667 φυλλορῤοοῦντα

2192 1592 2499 1647 scribimus.
2548 1591 2753 1646 Suiiicit
2798 1591 2919 1660 ejus
2971 1591 3117 1646 dicta
3165 1591 3326 1646 dictis
3360 1591 3590 1644 aliorum
3631 1607 3770 1646 con—

519 1687 569 1736 ὲν
593 1683 671 1752 τῷ
707 1683 950 1754 χειμῶνι,
991 1683 1055 1740 ίδ.
1092 1683 1285 1752 φοίνιξ,
1316 1687 1519 1756 κίτρον,
1559 1687 1848 1756 στρόϐιλος,
1891 1687 2084 1757 δάφνη,

2187 1681 2432 1737 ﬁrmasse
2467 1682 2547 1736 vel
2578 1682 2906 1736 declarasse.

517 1775 684 1839 ἐλαία,
737 1777 1086 1848 κυπάρισσος,
1140 1778 1386 1848 κερατία.
1433 1778 1610 1842 πίτυς,
1657 1781 1861 1850 πρῖνος,
1900 1780 2084 1846 πύξος,

2260 1772 2390 1829 Ibid.
2417 1775 2511 1828 lin.
2537 1774 2626 1828 23.
2658 1772 2724 1826 Τὸ
2749 1772 2935 1841 ῥόδον
2961 1771 3106 1827 ἄνευ
3151 1770 3262 1840 τῆς
3294 1772 3574 1839 ἀκάνθης.
3609 1771 3767 1826 Basi-

517 1868 770 1938 μυρσίνη,
821 1869 1026 1938 κέδρος,
1077 1869 1210 1932 ἰτέα,
1258 1870 1350 1922 καὶ
1382 1869 1663 1941 ἄρκευθος.
1712 1871 2088 1928 Artemidorus

516 1955 790 2014 Oueirocr.
857 1959 948 2012 lib.
1000 1974 1037 2022 ι,
1083 1974 1204 2028 cap.
1249 1958 1318 2012 79
1364 1977 1376 2013 :
1416 1960 1654 2024 Φοίνικος
1685 1960 1742 2012 δὲ
1785 1961 1875 2014 καὶ
1905 1961 2088 2026 ἐλαίας

515 2048 764 2118 στέφανοι
825 2050 1033 2120 γάμους
1091 2050 1390 2122 ἐλευθέρων
1436 2053 1773 2124 περιποιοῦσι
1815 2057 2088 2123 γυναικῶν

514 2137 598 2191 διά
639 2139 738 2210 τὴν
777 2139 999 2210 πλοκήν.
1058 2141 1166 2192 Καὶ
1204 2141 1369 2194 τέκνα
1417 2145 1877 2215 προσαγορεύουσι
1929 2148 2090 2201 πολυ-

515 2231 699 2302 χρόνια
733 2231 818 2285 διά
850 2230 910 2283 τὸ
939 2229 1202 2294 ἀειθαλὲς,
1235 2231 1348 2284 υίὸν
1391 2233 1488 2302 μὲν
1516 2235 1543 2286 ὁ
1589 2235 1782 2301 φοίνιξ,
1821 2237 2089 2310 θυγατέρα

514 2319 570 2371 δὲ
598 2321 631 2389 ἠ
658 2319 831 2373 ἐλαία.
864 2319 1187 2375 Plutarchus
1216 2324 1265 2374 in
1297 2319 1534 2391 ngpos.
1576 2323 1627 2385 8,
1663 2328 1924 2394 qtimst.9,
1961 2331 2092 2398 pal-

518 2425 660 2463 mam
709 2425 832 2465 esse
886 2413 962 2464 ait
1025 2413 1346 2483 μακρόϐιον,
1395 2414 1820 2484 ἐμπεδόφυλλον,
1863 2420 2090 2488 βεϐαίως

516 2501 820 2570 ἀείφυλλον,
856 2503 1086 2574 ideoque
1116 2520 1238 2561 esse
1269 2507 1493 2562 victoris
1524 2512 1827 2578 praemium,
1865 2513 1984 2567 ’Ότι
2012 2514 2092 2568 δεῖ

515 2589 613 2660 τὴν
651 2591 758 2643 τῶν
805 2593 1109 2663 νικηφόρων
1147 2594 1302 2658 δόξαν
1356 2595 1576 2664 ἄφθιτον
1620 2601 1711 2652 καὶ
1759 2600 1946 2672 ἀγήρω
1977 2602 2091 2656 δια-

519 2681 717 2752 μένειν.
751 2681 1082 2748 Phornutus,
1113 2687 1276 2756 capit.
1323 2687 1391 2743 de
1442 2688 1630 2753 Musis,
1674 2692 1724 2744 in
1753 2707 1815 2746 ea
1845 2696 2092 2763 agnoscit

517 2771 577 2824 τὸ
604 2772 844 2838 ἀείζωον.
890 2773 944 2828 lu
998 2775 1132 2849 Tylo
1173 2777 1370 2842 insula,
1427 2777 1636 2834 Plinius
1689 2781 1783 2836 lib.
1833 2799 1931 2848 xu,
1967 2801 2086 2855 cap.

521 2861 608 2926 Η,
637 2863 768 2916 nulli
800 2865 1056 2919 arborum
1091 2866 1218 2919 folia
1248 2866 1501 2922 decidere
1537 2869 1736 2934 tradit;
1762 2877 1814 2923 et
1848 2871 1940 2926 lib.
1975 2887 2089 2934 xvi,

519 2967 641 3023 cap.
676 2952 739 3007 ει
776 2973 791 3007 :
825 2955 888 3008 In
931 2953 1162 3009 Thurino
1193 2975 1341 3026 agro,
1381 2958 1471 3012 ubi
1497 2958 1715 3030 Sybaris
1733 2961 1859 3030 fuit,
1886 2979 1949 3016 ea:
1978 2965 2092 3034 ipsa

2188 1865 2314 1925 lius.
2349 1864 2494 1920 hom.
2519 1865 2554 1919 5
2585 1882 2598 1918 :
2633 1864 2780 1934 Πλήν
2807 1881 2869 1933 γε
2897 1865 2977 1916 ὅτι
3009 1865 3068 1918 τὸ
3101 1863 3248 1934 ῥόδον
3270 1865 3389 1917 τότε
3419 1865 3545 1918 ἄνευ
3590 1863 3765 1917 ἀκάν-

2187 1957 2285 2028 θης
2318 1953 2404 2028 ἦν.
2438 1957 2700 2028 ’Ὑστερον
2727 1956 2783 2010 δὲ
2812 1955 2885 2026 τῷ
2919 1956 3103 2010 κάλλει
3131 1956 3223 2010 τοῦ
3260 1956 3451 2019 ἄνθους
3483 1958 3516 2028 ἡ
3549 1955 3766 2010 ἄκανθα

2188 2051 2550 2121 παρεζεύχθη,
2579 2051 2666 2104 ἵνα
2686 2050 2744 2102 τὸ
2770 2049 2998 2120 τερπνὸν
3035 2049 3132 2120 τῆς
3157 2049 3503 2113 ἀπολαύσεως
3531 2047 3765 2118 ἐγγύθεν

2187 2141 2396 2211 ἔχωμεν
2436 2143 2844 2214 παρακειμένην
2889 2141 2986 2213 τὴν
3029 2141 3227 2213 λύπην,
3283 2142 3617 2214 μεμνημένοι
3660 2145 3766 2214 τῆς

2188 2233 2477 2303 ἁμαρτίας.
2506 2232 2570 2284 δι’
2604 2233 2669 2302 ἣν
2706 2234 2942 2300 ἀκάνθας
2993 2235 3085 2288 καὶ
3133 2233 3412 2306 τριϐόλους
3454 2236 3586 2305 ἡμῖν
3626 2235 3764 2290 ἀνα-

2187 2323 2388 2376 τέλλειν
2432 2325 2790 2397 κατεδικάσθη
2827 2329 2858 2397 ἡ
2897 2327 2990 2397 γῆ.
3030 2326 3123 2381 Pia
3157 2334 3212 2383 et
3246 2327 3487 2398 prudens
3512 2343 3759 2382 commo-

2187 2416 2446 2479 nefactio,
2483 2425 2542 2470 ut
2572 2417 2825 2472 videlicet
2855 2419 3019 2474 homo
3071 2419 3126 2473 in
3175 2433 3354 2473 rosam
3407 2427 3630 2488 aspectu
3670 2419 3761 2473 in-

2183 2505 2352 2574 jecto,
2399 2507 2580 2561 statim
2633 2509 2847 2577 pristini
2876 2518 2928 2563 et
2966 2508 3174 2578 antiqui
3216 2508 3376 2578 primi
3407 2509 3674 2578 parentis,
3705 2517 3762 2563 et

2191 2598 2275 2653 sui
2317 2599 2501 2668 lapsus
2549 2602 2861 2655 memoriam
2918 2609 3165 2670 repetat;
3223 2611 3277 2656 et
3321 2601 3630 2656 calamitate
3663 2602 3762 2654 in-

2191 2700 2399 2763 specta,
2439 2694 2492 2747 in
2530 2709 2689 2763 quam
2722 2703 2945 2764 propter
2988 2703 3268 2765 peccatum
3329 2695 3554 2759 incidit,
3595 2697 3764 2753 corde

2192 2783 2384 2839 fremat
2409 2793 2462 2840 et
2497 2785 2686 2840 intime
2717 2787 2914 2848 doleat,
2948 2789 3140 2856 suique
3173 2791 3436 2844 creatoris
3465 2805 3622 2858 opem
3660 2803 3760 2845 ex-

2191 2888 2401 2948 poscat.
2427 2890 2480 2934 et
2512 2879 2615 2933 sibi
2643 2890 2850 2933 caveat.
2885 2877 3210 2934 Continuata
3242 2883 3386 2934 enim
3412 2889 3759 2950 peccatorum

2193 2970 2454 3024 memoria
2479 2971 2684 3024 nullum
2720 2970 3018 3026 remedium
3051 2973 3232 3041 aptius
3265 2973 3332 3026 ad
3357 2972 3568 3025 veniam
3599 2973 3764 3042 impc-

520 3042 645 3096 urbe
675 3047 1090 3114 prospiciebatur
1117 3066 1335 3118 quercus
1381 3067 1505 3115 una,
1556 3069 1822 3122 nunquam
1851 3054 1981 3123 folia
2009 3057 2093 3110 di-
2117 3103 2159 3160 ϐ
2194 3062 2465 3123 trandam,
2499 3076 2598 3116 nec
2633 3063 2799 3115 ullum
2840 3062 2982 3116 aliud
3019 3063 3091 3117 ita
3124 3079 3342 3134 segnem
3379 3063 3555 3117 reddit
3586 3063 3764 3118 homi-

519 3137 751 3197 mittens,
783 3155 873 3190 nec
907 3150 1028 3193 ante
1062 3140 1283 3194 me'liam
1315 3153 1549 3198 wstatem
1578 3147 1898 3215 germinans.
1927 3147 2092 3219 quue
2118 3137 2159 3160 υ
2195 3168 2316 3206 nem
2364 3153 2431 3206 ad
2479 3154 2775 3224 nequitiam
2808 3155 3246 3224 perpetrandam,
3279 3163 3339 3210 ut
3369 3156 3560 3210 scribit
3587 3155 3762 3227 Chry-

520 3231 710 3284 mirum
758 3241 856 3294 est,
891 3230 1088 3287 ercis
1138 3235 1442 3291 auctoribus
1491 3237 1776 3306 proditum,
1819 3241 1958 3308 apud
1995 3230 2090 3296 nos

516 3331 696 3388 postea
740 3323 910 3379 sileri.
948 3322 1090 3378 Nam
1135 3326 1368 3381 locorum
1417 3338 1564 3384 tanta
1605 3332 1679 3384 vis
1720 3342 1817 3393 est,
1861 3343 1917 3386 ut
1951 3336 2092 3388 circa

520 3411 801 3481 Memphim
834 3414 1076 3485 .Egypti,
1108 3426 1156 3470 et
1188 3419 1241 3470 in
1274 3415 1618 3488 Elephantine
1652 3421 1930 3477 Thebaidis
1959 3425 2093 3478 nulli

519 3503 697 3557 arbori
724 3503 986 3571 decidant,
1023 3524 1086 3562 ne
1133 3508 1319 3563 vitibus
1353 3511 1580 3580 quidem.
1615 3511 1748 3568 Vide
1788 3512 2088 3571 Varronem

522 3596 615 3649 lib.
659 3610 697 3660 I,
736 3610 854 3667 cap.
893 3597 944 3662 7,
980 3597 1055 3652 De
1089 3615 1142 3653 re
1174 3601 1404 3664 rustica;
1449 3611 1503 3656 et
1537 3601 1974 3673 Theophrastum
2019 3608 2095 3662 De

522 3687 708 3742 histor.
759 3689 928 3757 plant.
965 3691 1057 3744 lib.
1097 3707 1147 3756 ι,
1177 3693 1345 3762 capit.
1378 3694 1465 3757 15,
1521 3696 1612 3750 ubi
1657 3705 1710 3751 et
1758 3698 1825 3753 de
1878 3700 2094 3770 platano

521 3777 832 3835 Gortinensi
860 3789 914 3834 et
944 3781 1011 3836 de
1047 3780 1408 3859 Elephantino
1443 3801 1591 3856 agro.
1634 3789 1769 3860 Περὶ
1805 3790 1912 3862 γάρ
1955 3792 2092 3845 Ἐλες

523 3871 782 3942 φαντίνην
824 3871 941 3926 οὐδὲ
975 3872 1070 3938 τὰς
1117 3873 1410 3945 ἀμπέλους,
1448 3877 1566 3931 οὐδὲ
1613 3880 1712 3944 τάς
1761 3885 1930 3946 συκᾶς
1965 3901 2095 3952 φασι

522 3961 883 4031 φυλλοϐολεῖν.
921 3963 980 4020 1η
1019 3965 1216 4036 quibus
1248 3966 1391 4021 sicut
1433 3977 1487 4022 et
1528 3969 1582 4023 in
1627 3971 1748 4027 aliis
1781 3988 1848 4027 an
1886 3973 2095 4032 Plinius

523 4053 697 4110 tidelis
736 4056 1051 4127 interpretis
1081 4074 1306 4116 munere
1334 4061 1554 4118 functus
1597 4064 1668 4118 sit
1701 4065 2094 4135 aliisjudican-

521 4149 649 4201 dum
684 4148 932 4218 relinquo
959 4169 971 4204 ε
1007 4149 1110 4205 hoc
1138 4167 1324 4206 verum
1356 4161 1464 4220 est,
1489 4155 1734 4224 quaedam
1773 4157 1840 4212 de
1871 4173 1971 4212 suo
1999 4159 2097 4214 ad-

520 4240 768 4304 didisse,
827 4239 930 4295 alia
980 4243 1249 4298 omisisse.
1309 4244 1378 4299 At
1435 4261 1543 4302 non
1595 4264 1660 4303 ex
1723 4247 2096 4320 TheOpbrasto

522 4334 822 4398 transtulit,
850 4333 942 4389 sed
979 4351 1044 4390 ex
1075 4337 1219 4403 aliis,
1256 4338 1551 4411 Graecaque
1586 4348 1646 4394 ut
1689 4348 1844 4395 erant
1895 4343 1947 4396 in
1990 4342 2096 4400 illis

2191 3251 2465 3298 sostomus
2497 3245 2549 3296 in
2582 3244 2750 3311 Epist.
2785 3245 2852 3297 ad
2889 3245 3166 3309 Uebra'os,
3202 3262 3322 3316 cap.
3361 3263 3458 3308 xu.
3493 3248 3640 3303 hom.
3670 3247 3762 3311 3t,

2192 3342 2245 3389 et
2271 3335 2324 3388 in
2355 3337 2614 3390 catenain
2645 3352 2760 3405 cap.
2791 3353 2877 3390 xw
2913 3336 3195 3391 Hieremias
3224 3354 3242 3391 :
3277 3338 3398 3391 Ἐπὶ
3421 3339 3480 3391 τὸ
3504 3339 3763 3409 λειπόμε-

2190 3444 2280 3480 νον
2303 3427 2586 3498 φάρμακον
2609 3427 2938 3496 καταφεύγει
2959 3429 3062 3481 τῶν
3086 3429 3493 3500 ἁμαρτημάτων
3509 3430 3611 3500 τὴν
3630 3429 3766 3498 γνῶ-

2196 3535 2296 3571 σιν.
2323 3516 2431 3573 Ncc
2459 3519 2706 3573 dissentit
2726 3519 2951 3590 August.
2974 3521 3066 3574 lib.
3088 3537 3128 3586 ι,
3150 3520 3220 3574 De
3242 3519 3369 3574 Cen.
3388 3531 3568 3575 contra
3593 3519 3761 3575 Mani-

2195 3613 2382 3673 chams,
2411 3625 2460 3664 ε.
2491 3611 2557 3664 15
2579 3627 2597 3664 ;
2623 3610 2724 3664 Ρει·
2755 3623 3021 3679 peccatum
3059 3613 3282 3666 hominis
3313 3623 3452 3666 terra
3482 3615 3761 3668 maledicta

2193 3709 2293 3764 est,
2325 3710 2381 3754 ut
2427 3703 2604 3770 spinas
2633 3713 2857 3770 pareret,
2905 3720 3007 3756 non
3049 3713 3102 3756 ut
3149 3706 3261 3772 ipsa
3303 3720 3480 3774 paruas
3519 3707 3757 3770 sentiret,

2194 3810 2311 3864 qua:
2348 3795 2458 3847 sine
2496 3811 2649 3848 sensu
2689 3803 2801 3858 est,
2849 3795 2938 3849 sed
2981 3805 3037 3847 ut
3078 3797 3278 3863 peccati
3318 3795 3534 3850 humani
3567 3799 3758 3852 crimen

2196 3901 2395 3953 semper
2422 3885 2716 3938 hominibus
2745 3897 2864 3939 ante
2901 3886 3078 3940 oculos
3116 3897 3342 3955 poneret,
3375 3903 3476 3958 quo
3512 3887 3761 3942 admone-

2196 3990 2375 4033 rentur
2415 3978 2701 4049 aliquando
2737 3981 2900 4033 arerti
2943 3997 2975 4032 a
3020 3981 3265 4050 peccatis,
3297 3991 3345 4035 et
3393 3981 3462 4035 ad
3494 3982 3589 4036 Dei
3626 3999 3760 4050 pra:-

2197 4082 2346 4142 cepta
2374 4073 2622 4126 converti.
2663 4072 2852 4126 Herba?
2884 4083 3080 4134 autem,
3111 4084 3217 4127 etc.
3272 4072 3396 4128 "me
3426 4082 3610 4128 tamen
3637 4091 3759 4130 sen-

2197 4163 2367 4217 tentia
2399 4161 2619 4217 Pererio
2645 4161 2682 4217 l.
2712 4177 2749 4228 ι,
2781 4162 2832 4214 in
2880 4161 3007 4215 Gen.
3045 4179 3154 4216 non
3195 4161 3421 4217 arridet.
3464 4161 3574 4218 Nec
3616 4165 3760 4218 enim

2199 4260 2375 4323 potest
2413 4251 2608 4306 adduci
2657 4259 2713 4304 ut
2743 4250 2930 4305 credat
2976 4266 3156 4306 rosam
3201 4261 3326 4306 ante
3358 4260 3644 4321 peccatum
3685 4252 3760 4306 la-

2197 4355 2336 4398 ctam
2365 4343 2535 4398 fuisse
2568 4343 2773 4412 absque
2807 4343 3001 4413 Spinis.
3041 4341 3182 4398 Deus
3211 4344 3354 4397 enim
3387 4344 3523 4398 tales
3565 4343 3759 4397 condi-

523 4424 836 4481 auctoribus
880 4425 1071 4481 Latina
1098 4425 1238 4483 fecit.
1269 4429 1398 4486 Esto
1425 4451 1438 4486 :
1475 4439 1654 4486 tamen
1689 4443 1973 4502 suspectus
1999 4434 2092 4488 ad-
2125 4439 2167 4494 D
2195 4436 2275 4492 dit
2319 4451 2406 4490 res
2438 4435 2628 4505 quales
2667 4441 2796 4489 sunt
2828 4435 3128 4490 secundum
3159 4443 3410 4490 naturam
3447 4449 3626 4502 suam,
3662 4450 3762 4490 nec

523 4515 628 4570 huc
659 4524 743 4572 est
779 4533 904 4572 cum
931 4528 984 4574 et
1022 4521 1077 4576 in
1111 4522 1233 4577 aliis
1267 4523 1455 4580 eodem
1484 4524 1646 4579 modo
1680 4540 1739 4580 se
1766 4532 1954 4595 gerat;
2001 4526 2095 4582 sed

520 4619 632 4660 non
657 4614 741 4682 est
775 4611 1056 4678 praesentis
1083 4614 1307 4683 negotii.

593 4697 710 4754 Col.
739 4701 863 4766 716,
885 4702 1084 4759 lin.22.
1101 4706 1208 4759 Kal
1231 4704 1605 4774 ῆνἈρκάδες
1626 4705 1936 4776 φίλοδρυν.
1965 4707 2096 4762 Cor-

521 4794 636 4863 rige
664 4807 730 4847 ex
762 4791 1160 4864 Theophrasto,
1189 4797 1496 4866 φελλόδρυν.
1544 4796 1718 4866 Hujus
1761 4807 2013 4853 naturam
2042 4807 2096 4855 et

520 4891 833 4938 accuratam
873 4886 1295 4958 descriptionem
1326 4889 1488 4944 habet
1522 4890 1656 4946 idem
1684 4890 2094 4962 Theophrastus

521 4975 598 5029 De
626 4976 792 5030 histor
841 4978 1009 5048 plant.
1039 4980 1134 5035 lib.
1180 4996 1259 5045 ut,
1299 4983 1466 5052 capit.
1505 4983 1572 5038 16
1604 5001 1616 5037 :
1655 4986 1720 5036 Ὀ
1749 4984 1804 5036 δὲ
1841 4981 2094 5037 καλοῦσιν

533 5067 790 5139 Ἀρκάδες
816 5069 1105 5140 φελλόδρυν
1143 5071 1348 5126 τοιάνδε
1396 5073 1506 5144 ἔχει
1552 5074 1650 5142 τὴν
1680 5075 1860 5144 φύσιν,
1890 5073 1964 5138 ὡς
1998 5074 2094 5145 μὲν

518 5157 704 5222 ἁπλῶς
734 5161 926 5223 εἰπεῖν,
959 5161 1062 5214 ἀνά
1093 5161 1256 5232 μέσον
1288 5163 1475 5234 πρίνου
1506 5164 1598 5217 καὶ
1626 5164 1784 5237 δρυός
1811 5167 1945 5217 ἐστι.
1985 5164 2095 5217 Καὶ

517 5249 647 5303 ἔνιοι
702 5251 1171 5324 ὑπολαμϐάνουσιν
1228 5251 1364 5309 εἷναι
1410 5256 1574 5327 θῆλυν
1617 5259 1824 5327 πρῖνον,
1875 5256 1956 5310 διὸ
2002 5257 2095 5310 καὶ

516 5336 647 5390 ὅπου
693 5339 767 5412 μὴ
812 5340 1001 5410 φύεται
1056 5343 1260 5412 πρῖνος,
1311 5343 1484 5414 τούτῳ
1529 5345 1761 5416 χρῶνται
1819 5345 1953 5415 πρὸς
1997 5344 2096 5407 τάς

518 5429 754 5499 ἀμάξας.
795 5432 890 5486 καὶ
932 5432 1000 5486 τά
1036 5433 1278 5499 τοιαῦτα,
1310 5436 1561 5509 καθάπερ
1590 5439 1622 5508 ἡ
1677 5439 1804 5508 περὶ
1836 5436 2096 5490 Λακεδαί-

519 5537 657 5588 μονα
707 5523 798 5574 καὶ
838 5523 1068 5576 Ἠλείαν.
1123 5523 1360 5578 Καλοῦσι
1411 5525 1466 5578 δὲ
1523 5526 1576 5580 οἵ
1623 5543 1685 5594 γε
1733 5528 1956 5596 Δωριεῖς
2003 5529 2095 5581 καὶ

515 5611 712 5681 ἀγρίαν
743 5612 804 5664 τὸ
841 5613 1074 5683 δένδρον,
1107 5615 1261 5667 Ἐστι
1309 5615 1364 5668 δὲ
1413 5616 1798 5687 μαλακώτερον
1845 5617 1940 5672 τοῦ
1972 5620 2096 5690 πρί-

513 5716 625 5765 νου,
663 5701 1019 5774 σκληρότερον
1056 5704 1112 5757 δὲ
1153 5705 1244 5758 καὶ
1288 5708 1615 5762 πυκνότερον
1643 5709 1741 5780 τῆς
1774 5709 1950 5781 δρυός.
1985 5713 2093 5765 Καὶ

2197 4534 2477 4598 peccatum
2507 4525 2635 4581 Ada:
2684 4526 2916 4580 mutavit
2945 4542 3136 4580 earum
3187 4527 3550 4597 proprietates
3601 4535 3761 4596 atque

2196 4617 2559 4681 conditiones,
2611 4631 2734 4670 cum
2781 4631 2880 4670 nec
2921 4631 2986 4670 ea
3032 4615 3274 4686 quidem,
3309 4632 3432 4686 quae
3477 4631 3605 4671 vera
3637 4623 3763 4671 sunt

2198 4708 2498 4765 secundum
2550 4715 2806 4762 naturam
2852 4708 3093 4762 hominis
3138 4717 3420 4779 peccatum
3463 4709 3584 4777 ejus
3609 4707 3760 4778 quid-

2197 4814 2358 4871 quam
2405 4799 2718 4853 variaverit.
2769 4796 2971 4853 Rosam
3007 4814 3136 4853 vero
3180 4799 3333 4853 nasci
3379 4799 3522 4852 inter
3577 4799 3760 4868 spinas

2197 4889 2501 4945 naturalem
2559 4904 2700 4944 rosae
2748 4889 3196 4944 constitutionem
3244 4897 3407 4959 atque
3457 4891 3760 4958 generatio-

2197 4993 2320 5034 nem
2355 4979 2732 5048 consequitur.
2776 4978 2956 5045 Quare
2989 4979 3094 5034 etsi
3144 4987 3275 5034 ante
3316 4989 3602 5050 peccatum
3637 4980 3760 5033 Adae

2196 5077 2352 5124 erant
2387 5069 2501 5124 lucc
2541 5069 2794 5124 humana:
2824 5079 3034 5124 natura:
3075 5071 3259 5132 noxia,
3304 5085 3413 5124 non
3449 5069 3685 5126 fuissent
3711 5067 3759 5121 ei

2197 5161 2252 5214 in
2283 5174 2521 5231 pmnam,
2562 5161 2609 5216 si
2655 5175 2763 5215 non
2803 5169 3107 5230 peccasset.
3139 5159 3236 5214 sed
3285 5161 3359 5214 ita
3387 5169 3536 5215 esset
3583 5160 3761 5213 animo
3819 5169 3826 5176 '

2197 5268 2536 5323 corporcque
2569 5253 2817 5317 ell‘ectus,
2860 5262 2920 5307 ut
2961 5252 3218 5308 facillime
3256 5252 3372 5307 haec
3413 5252 3648 5308 exitiosa
3681 5253 3760 5304 in-

2196 5355 2507 5400 ternoscere
2539 5352 2589 5398 et
2618 5344 2788 5399 vitare
2815 5351 3022 5413 posset.
3056 5341 3252 5400 Verum
3291 5351 3398 5405 est.
3433 5341 3598 5397 Deum
3630 5333 3762 5395 tales

2198 5455 2287 5494 res
2333 5438 2649 5494 condidisse
2701 5439 2892 5510 quales
2949 5447 3078 5494 sunt
3131 5437 3433 5494 secundum
3488 5445 3757 5491 naturam.

2200 5530 2357 5586 Sana:
2386 5532 2589 5588 mentis
2620 5540 2705 5586 est
2747 5530 2907 5586 lateri
2955 5546 3136 5586 rerum
3179 5529 3547 5600 prOpI-ietates
3585 5539 3640 5582 et
3670 5542 3760 5580 na-

2197 5632 2350 5680 turas
2372 5633 2596 5694 peccato
2621 5624 2922 5694 primorum
2942 5632 3226 5693 parentum
3248 5640 3354 5677 non
3372 5621 3541 5676 fuisse
3570 5621 3760 5674 immu-

2198 5722 2362 5773 tatas.
2408 5715 2762 5786 Exploratum
2793 5722 2899 5783 est,
2939 5724 3065 5771 ante
3112 5723 3396 5785 peccatum
3450 5729 3575 5769 cum
3617 5708 3762 5767 nulla
