4072 6342
348 314 454 372 εις)

1376 319 1444 374 IN
1481 319 1854 376 EUSTATHII
1890 320 2365 380 IlEXAEMERON
2400 326 2622 382 ΝΟΤιΕ.

3488 335 3594 390 850

344 430 507 500 culpa
537 444 714 499 neque
742 444 942 500 corpus
966 448 1141 503 neque.
1168 434 1409 487 animum
1452 432 1710 499 alliceret,
1746 450 1923 505 neque
1952 441 2168 496 A,mum
2204 450 2472 502 maturat;
2515 448 2569 495 et
2601 456 2722 511 cap.
2756 442 2848 509 26,
2890 441 3125 505 Perdunt
3169 444 3423 514 facillime
3475 457 3596 501 ante

345 536 561 593 poenam
598 522 761 576 ullam
796 521 965 578 fuisse
998 524 1243 581 inditam.
1271 525 1411 581 Vero
1439 529 1621 582 verius
1659 535 1743 583 est
1771 527 1916 583 Ada-

348 629 495 667 mum
528 620 657 667 tunc
684 613 760 667 ita
784 614 965 669 animo
992 625 1047 670 et
1075 631 1301 686 corpore
1344 616 1512 673 fuisse
1543 616 1817 681 effectum,
1857 626 1916 672 ut

346 714 400 760 et
428 706 658 761 exitiosa
683 718 1061 778 cognosceret,
1088 717 1141 764 et
1170 717 1351 778 posset
1378 711 1569 765 vitare.
1602 708 1728 765 ideo
1748 718 1807 765 et
1834 725 1925 764 ro-

349 814 466 853 sam
504 814 627 852 cum
672 800 846 868 spinis
890 810 1073 854 natam
1116 801 1526 866 alIirmabimus,
1563 810 1617 857 et
1656 804 1711 856 in
1755 803 1928 873 spinis

350 892 525 957 nasci,
552 893 853 947 naturalem
885 908 1022 947 rosa:
1050 895 1489 950 constitutionem
1519 903 1589 950 et"
1625 896 1929 965 generatio-

352 999 479 1037 nem
519 984 822 1054 consequi?
855 985 971 1038 Alia
1008 985 1168 1040 nobis
1199 986 1420 1042 aliunde
1457 994 1525 1041 ei;
1558 1003 1695 1042 rosa:
1735 996 1929 1041 natura

351 1084 407 1130 et
440 1076 708 1129 naturalis
729 1077 1053 1131 constitutio
1078 1078 1394 1148 quaerenda.
1436 1078 1591 1144 Quod
1627 1088 1820 1133 natura
1846 1078 1932 1132 in-

355 1169 525 1223 situm
575 1176 662 1224 est
698 1178 861 1240 atque
892 1169 1101 1236 datum,
1132 1178 1187 1225 et
1228 1172 1533 1227 naturalem
1581 1172 1931 1227 constitutio-

356 1276 482 1313 nem
509 1262 881 1330 consequitur,
914 1261 997 1315 lex
1025 1270 1125 1324 est,
1155 1277 1274 1330 qua:
1299 1262 1453 1317 nullor
1468 1264 1747 1317 hominum
1778 1263 1931 1334 inge-

358 1353 475 1408 nio.
522 1352 669 1405 nulla
726 1359 1030 1421 temporum
1082 1353 1493 1417 vicissitudine,
1545 1355 1697 1409 nulla
1746 1371 1931 1411 rerum

356 1448 642 1511 varietate,
678 1449 826 1503 nullo
849 1451 1010 1504 etiam
1045 1449 1218 1519 ipsius
1242 1459 1471 1517 naturze,
1503 1453 1548 1506 si
1582 1452 1695 1506 ﬁeri
1727 1458 1929 1522 posset,

360 1543 588 1611 impetu,
620 1543 884 1607 violatur;
924 1541 1018 1597 sed
1041 1558 1254 1613 semper
1279 1543 1526 1597 eamdem
1567 1560 1680 1598 rem
1717 1544 1782 1597 ad
1813 1544 1931 1597 exi-

362 1641 477 1687 tum
507 1649 678 1702 usque
705 1634 1079 1703 consequitur.
1113 1632 1267 1699 Quod
1294 1635 1337 1688 si
1364 1635 1546 1697 tollas,
1580 1636 1661 1690 vel
1697 1636 1749 1689 in
1784 1635 1933 1689 aliud

360 1733 734 1778 transmutare
760 1726 1075 1787 tentavcris,
1109 1740 1223 1779 rem
1256 1735 1310 1780 et
1354 1726 1523 1795 ipsam
1558 1726 1771 1795 perdes.
1805 1736 1857 1782 et
1879 1728 1931 1781 in

362 1817 524 1871 aliam
573 1817 905 1873 immutabis.
938 1817 1004 1871 Et
1041 1818 1245 1874 scimus
1284 1794 1446 1873 etiam
1487 1794 1722 1874 dubitari
1775 1836 1843 1873 an
1878 1822 1929 1874 id
1966 1794 2003 1847 Β

363 1907 564 1962 virtute
596 1915 649 1962 et
684 1907 938 1964 facultate
986 1909 1169 1963 divina
1226 1909 1339 1963 tieri
1386 1920 1589 1979 posset,
1620 1922 1672 1965 et
1710 1912 1931 1967 conclu-

362 2001 499 2055 dunt
546 2016 615 2055 ex
662 2008 854 2055 natura
904 1999 981 2054 rei
1030 1998 1084 2053 id
1124 2000 1421 2069 implicare.
1475 2002 1542 2053 At
1586 2018 1685 2057 nos
1728 2004 1931 2058 nostris

363 2092 515 2147 hisce
564 2092 904 2163 temporibus
932 2093 1293 2162 agricolarum
1345 2092 1611 2147 industria
1656 2094 1728 2147 ita
1778 2110 1932 2150 rosas

362 2185 573 2239 insutui
601 2184 896 2247 cernimus,
922 2192 981 2238 ut
1002 2184 1206 2255 absque
1233 2183 1407 2255 spinis
1426 2193 1733 2254 erumpant,
1757 2201 1931 2254 neque

364 2275 547 2330 minus
580 2274 939 2338 venustiores,
972 2289 1147 2344 neque
1183 2274 1362 2328 minus
1395 2274 1748 2328 odoratiores.
1785 2272 1932 2338 Quo-

367 2366 527 2421 modo
560 2381 689 2435 ergo
720 2380 749 2417 a
789 2374 984 2419 natura
1023 2366 1095 2419 ita
1126 2374 1496 2435 comparatum
1539 2380 1660 2419 esse
1690 2363 1927 2418 affirma-

368 2458 580 2517 himus?
611 2457 754 2512 Idem
784 2465 867 2513 est
902 2459 1041 2512 inter
1067 2459 1251 2526 spinas
1281 2457 1432 2511 nasci
1466 2457 1763 2511 naturalem
1795 2471 1933 2511 rosae

370 2549 815 2605 constitutionem
838 2550 1093 2618 consequi
1118 2548 1404 2612 allii-mare,
1435 2563 1498 2601 ac
1514 2546 1654 2602 inter
1674 2549 1936 2602 domesti-

370 2655 463 2694 cos
487 2638 735 2708 parietes
783 2639 1055 2692 hominem
1117 2639 1293 2702 nasci,
1346 2637 1648 2692 naturalem
1697 2638 1934 2693 hominis

369 2734 837 2787 constitutionem.
887 2732 951 2785 Et
996 2734 1193 2787 mirum
1246 2741 1352 2795 est,
1393 2733 1539 2803 quod
1571 2748 1693 2788 cum
1730 2734 1784 2787 in
1830 2733 1934 2787 hoc

370 2824 502 2880 ﬂore
523 2826 769 2878 omnium
804 2824 1170 2895 pulcherrimo
1216 2825 1371 2895 plura
1414 2834 1642 2895 possunt
1684 2825 1934 2880 conside-

368 2918 479 2970 rari
514 2932 636 2987 qua:
668 2917 788 2986 ejus
817 2924 1062 2969 naturam
1097 2918 1355 2987 consequi
1394 2934 1502 2972 non
1534 2920 1768 2972 absurde
1791 2917 1936 2972 dice-

371 3024 579 3070 remus,
613 3009 875 3079 neglectis
901 3008 1029 3071 illis,
1052 3008 1117 3062 ad
1147 3009 1355 3079 spinas,
1376 3024 1495 3078 qua:
1524 3009 1756 3078 pessima
1787 3015 1933 3073 sunt,

374 3102 613 3154 animum
652 3100 1024 3156 attendamus.
1056 3098 1133 3154 Ex
1171 3100 1651 3168 Peripateticorum
1699 3109 1751 3154 et
1792 3100 1937 3170 inge-

374 3208 609 3246 nuorum
652 3193 1100 3262 philosophorum
1144 3192 1331 3247 schola
1371 3201 1558 3246 notum
1606 3193 1678 3256 id,
1713 3206 1776 3246 ac
1804 3193 1938 3247 satis

374 3295 586 3340 certum
624 3286 912 3351 habemus,
954 3286 1027 3339 ita
1057 3287 1278 3355 pr0pria
1304 3301 1427 3341 esse
1466 3285 1543 3340 rei
1577 3285 1691 3348 illa,
1720 3299 1840 3355 quae
1872 3285 1939 3339 ad

374 3381 676 3434 naturalem
704 3379 1589 3447 constitutionemconsequuntur,
1632 3386 1689 3432 ut
1718 3378 1785 3434 de
1820 3378 1941 3434 aliis

375 3472 512 3535 dici,
550 3479 603 3526 et
646 3472 765 3526 aliis
816 3472 1203 3526 communicari
1252 3471 1475 3525 minime
1534 3472 1745 3541 possint
1793 3471 1941 3526 salva

379 3575 735 3635 utrorumque
784 3574 1000 3620 natura.
1045 3566 1114 3618 At
1160 3565 1300 3619 inter
1334 3564 1519 3633 spinas
1570 3564 1720 3618 nasci
1768 3564 1942 3619 soline

376 3674 515 3713 rosae
541 3657 826 3712 convenit?
868 3656 1008 3727 Ergo
1040 3657 1182 3710 inter
1206 3657 1392 3726 spinas
1414 3656 1564 3710 nasci
1600 3672 1707 3710 non
1747 3671 1944 3711 conse-

380 3750 568 3819 quitur
612 3750 913 3805 naturalem
962 3765 1102 3803 rosa:
1125 3748 1593 3803 constitutionem.
1628 3748 1695 3801 At
1729 3764 1837 3802 non
1870 3748 1943 3801 ita

378 3842 598 3911 propria
642 3849 700 3893 ut
729 3842 799 3895 sit
830 3840 954 3895 aliis
1000 3841 1372 3910 inconjuncta,
1418 3855 1549 3910 ergo
1594 3856 1701 3894 non
1752 3849 1945 3893 natura

379 3934 530 3997 data,
555 3948 684 4001 ergo
713 3940 890 4003 potest
923 3933 1168 4002 generari
1204 3948 1349 3995 rosa,
1381 3941 1436 3987 et
1489 3932 1607 3986 sine
1649 3930 1821 4000 spinis
1850 3945 1946 4000 ge-

381 4028 584 4081 nerari.
634 4025 737 4078 Sed
782 4024 973 4079 domus
1019 4025 1180 4077 etiam
1226 4039 1337 4077 rem
1389 4024 1462 4076 ita
1522 4038 1580 4078 se
1621 4023 1857 4089 habere,
1894 4030 1948 4078 et

383 4118 526 4172 inter
550 4118 731 4186 spinas
756 4116 928 4177 nasci,
958 4116 1216 4185 consequi
1244 4132 1381 4170 rosae
1412 4116 1714 4169 naturalem
1747 4116 1949 4170 consti-

382 4210 667 4262 tutionem.
716 4208 854 4273 Quid
897 4208 1059 4262 inde?
1101 4205 1369 4271 Culturaz,
1425 4208 1561 4270 soli,
1606 4222 1780 4277 aquae,
1823 4206 1943 4259 caeli

370 4308 585 4354 tantam
612 4314 732 4355 esse
769 4299 881 4367 jam
909 4307 962 4354 et
998 4298 1307 4353 facultatem
1339 4300 1393 4352 in
1427 4299 1647 4369 plantis,
1676 4298 1721 4354 si
1768 4297 1949 4352 Theo-

381 4396 607 4464 plirasto
661 4392 892 4462 aliisque
930 4391 1242 4453 credimus,
1281 4391 1545 4445 utmiras
1601 4391 1951 4445 alterationes

2030 530 2411 594 maturitatem,
2464 532 2664 599 palma,
2702 533 2857 602 ﬁcus,
2906 535 3212 606 amygdala,
3250 539 3439 604 malus,
3501 556 3598 610 py-

2029 637 2140 684 ras,
2173 622 2294 675 item
2320 624 2537 692 punica,
2559 640 2675 693 qua:
2715 625 2874 679 etiam
2904 627 3109 681 roribus
3142 627 3341 693 nimiis,
3370 640 3419 683 et
3448 630 3597 697 prui-

2027 714 2110 767 nis
2161 714 2346 782 ﬂorem
2395 717 2609 771 amittit.
2646 716 2764 783 Qua
2799 718 2862 772 de
2907 736 3069 773 causa
3110 720 3383 789 inﬂectunt
3422 738 3597 774 ramos

2030 808 2143 877 ejus
2178 824 2239 862 ne
2269 808 2488 878 subjecti
2520 810 2791 865 humorem
2820 812 3068 879 infestum
3116 814 3403 882 excipiant,
3447 823 3599 884 atque

2030 903 2349 955 contineant.
2384 900 2556 973 Pyrus
2597 913 2644 957 et
2691 905 2995 974 amygdala,
3019 906 3179 959 etiam
3210 906 3256 959 si
3298 922 3400 960 non
3427 906 3596 974 pluat,

2031 994 2120 1047 sed
2154 996 2251 1064 ﬁat
2301 997 2597 1049 austrinum
2644 996 2851 1061 caelum,
2903 1006 2995 1050 aut
3038 997 3298 1065 nubilum,
3348 999 3598 1052 amittunt

2031 1088 2239 1156 ﬂorem,
2282 1099 2331 1143 et
2363 1090 2557 1157 primos
2601 1090 2840 1158 fructus,
2878 1091 2924 1144 si
2972 1106 3089 1144 cum
3132 1091 3419 1160 deﬂoruere
3467 1092 3599 1146 tales

2031 1178 2142 1233 dies
2172 1178 2386 1248 fuerint.
2433 1181 2575 1235 Idem
2607 1180 2769 1236 refert
2805 1182 2896 1236 lib‘.
2934 1199 3066 1247 xvu,
3102 1198 3222 1253 cap.
3251 1183 3306 1249 2,
3348 1200 3469 1254 qua:
3495 1183 3597 1237 ba-

2032 1271 2150 1327 buit
2190 1288 2255 1327 ex
2303 1273 2698 1343 Tlie0phrasto,
2733 1274 2808 1328 De
2849 1276 3025 1329 causis
3052 1276 3219 1341 plant.
3252 1277 3348 1331 lib.
3385 1294 3441 1343 ιι,
3477 1294 3597 1349 cap.

2033 1362 2091 1416 11
2121 1383 2132 1417 ;
2166 1362 2526 1434 Ἀποϐλητικά
2566 1364 2621 1417 δὲ
2668 1364 2898 1435 μάλιστα
2928 1363 3037 1419 τῶν
3070 1365 3296 1437 καρπῶν
3338 1367 3464 1437 πρὶν
3506 1384 3601 1420 πε-

2032 1455 2201 1505 πᾶναι
2234 1453 2390 1522 συκῆ,
2437 1454 2528 1505 καὶ
2560 1452 2752 1521 φοίνιξ,
2802 1455 2894 1507 καὶ
2925 1454 3229 1525 ἀμυγδαλῆ,
3263 1456 3356 1509 καὶ
3404 1455 3598 1526 μηλέα,

2032 1547 2126 1600 καὶ
2174 1546 2347 1609 ἄπιος.
2394 1545 2595 1598 Ἱκανὸν
2644 1546 2752 1617 γὰρ
2786 1548 2878 1600 καὶ
2928 1547 3101 1601 ὁτιοῦν
3149 1548 3463 1620 διυγρᾶναι,
3510 1552 3603 1604 καὶ

2033 1638 2255 1700 ἀσθενὲς
2288 1637 2530 1707 ποιῆσαι,
2558 1638 2650 1691 καὶ
2679 1639 2793 1709 ἅμα
2826 1639 3035 1704 τούτοις
3066 1657 3129 1709 γε
3158 1642 3253 1695 καὶ
3280 1641 3603 1713 πνευμάτων

2034 1728 2327 1798 ἐπιγίνεται
2361 1729 2603 1799 μέγεθος.
2654 1731 2717 1783 Ἠ
2745 1731 2799 1783 δὲ
2840 1732 2937 1801 ῥόα
2978 1735 3090 1795 τοῖς
3128 1733 3223 1803 μὲν
3269 1732 3481 1787 ἄνθεσιν
3511 1734 3604 1787 εὺι

2037 1819 2406 1882 κατάπτωτος.
2457 1818 2709 1889 Ἀσθενὴς
2737 1818 2845 1891 γὰρ
2880 1820 3057 1873 αὐτῶν
3092 1821 3125 1891 ἡ
3156 1821 3458 1892 πρόσφυσις
3479 1839 3493 1852 ·
3529 1822 3605 1886 ὡς

2036 1912 2079 1964 δ’
2126 1912 2253 1964 ὅταν
2298 1909 2561 1980 ψεκάδια,
2615 1911 2709 1964 καὶ
2744 1911 2921 1982 δρόσοι
2967 1912 3224 1977 πέσωσιν,
3286 1914 3604 1985 εἰσδυόμενα

2038 2000 2176 2054 κατὰ
2206 2001 2267 2053 τὸ
2303 1999 2460 2063 ἀνθος
2493 2000 2801 2071 ἀνυγραίνει
2846 2003 2939 2054 καὶ
2982 2005 3127 2055 ποιεῖ
3155 2001 3252 2073 τὴν
3292 2000 3468 2075 βολήν.
3515 2004 3606 2056 Διὸ

2037 2095 2131 2146 καὶ
2162 2092 2453 2161 κατάγουσι
2484 2092 2551 2147 τά
2577 2092 2787 2164 δένδρα,
2821 2095 2914 2147 καὶ
2954 2093 3053 2149 οὐκ
3082 2094 3302 2164 ἀφιᾶσιν
3345 2095 3425 2159 εἰς
3450 2094 3601 2164 ὖψος,

2036 2187 2183 2249 ὅπως
2237 2187 2286 2239 οἱ
2337 2186 2540 2239 κύτινοι
2599 2185 2671 2257 μὴ
2721 2186 2872 2257 ὀρθοὶ
2920 2187 3200 2257 γενόμενοι
3248 2186 3506 2258 δέχωνται
3544 2186 3607 2241 τὸ

2039 2279 2220 2349 ὑγρόν.
2254 2279 2316 2330 Οἱ
2347 2277 2403 2330 δὲ
2446 2278 2539 2331 καὶ
2576 2278 2841 2332 ἀνάπαλιν
2887 2277 3163 2332 κελεύουσι
3206 2278 3456 2349 φυτεύειν
3506 2279 3607 2343 τὰς

2040 2370 2267 2440 ῥάϐδους
2306 2369 2494 2423 τούτου
2554 2372 2735 2441 χάριν,
2788 2371 2937 2435 ὅπως
2975 2372 3135 2436 εὐθὺς
3178 2369 3604 2427 κατανεύσωσιν.

2041 2463 2160 2514 Ὅτι
2189 2461 2233 2513 δ’
2262 2462 2496 2533 ὑγρότης
2525 2462 2669 2515 αἰτία
2700 2462 2799 2533 τῆς
2838 2460 3126 2531 ἀποϐολῆς,
3150 2460 3400 2515 κάκεῖθεν
3428 2459 3603 2531 δῆλον.

2039 2556 2102 2606 Αἰ
2133 2553 2238 2624 γὰρ
2283 2554 2431 2607 ἄπιοι
2459 2554 2553 2606 καὶ
2586 2552 2916 2624 ἀμυγδαλαῖ,
2945 2552 3067 2605 κᾶνπ
3094 2552 3169 2623 μὴ
3215 2552 3403 2624 βρέχῃ,
3436 2552 3607 2614 νότιος

2038 2646 2092 2698 δὲ
2195 2648 2222 2699 ὁ
2257 2646 2362 2717 ἀὴρ
2393 2647 2488 2700 καὶ
2521 2646 2803 2716 ὲπινεφὴς,
2837 2644 3197 2699 ἀποϐάλλουσι
3240 2646 3334 2697 καὶ
3374 2643 3441 2697 τὰ
3473 2642 3608 2714 ἄνθη

2041 2751 2132 2790 και
2181 2738 2305 2801 τοὺς
2355 2732 2604 2809 πρώτους
2656 2736 2927 2807 καρποὺς,
2983 2735 3077 2790 ἐὰν
3124 2733 3284 2799 εὐθὺς
3329 2732 3468 2805 μετὰ
3513 2733 3611 2806 τὴν

2038 2827 2340 2897 ἁπάνθησιν
2519 2825 2891 2881 Theodoretus
2944 2826 2999 2880 in
3048 2826 3261 2895 capit.i
3310 2823 3609 2890 "terentia,

2052 2919 2261 2983 Ἰστέον,
2294 2920 2374 2971 ὄτι
2421 2921 2449 2971 ὁ
2488 2918 2733 2990 Ἐϐραῖος
2767 2919 2887 2971 ἀντὶ¹
2934 2919 3197 2988 καρυῖνης
3243 2916 3612 2988 ἀμυγδαλίνην

2041 3010 2222 3081 φησίν.
2270 3012 2330 3062 Ἦ
2371 3010 2425 3063 δὲ
2460 3008 2798 3080 ἀμυγδαλίνη
2832 3009 2892 3061 τὸ
2933 3010 3070 3080 ταχὺ
3100 3010 3198 3078 τῆς
3236 3008 3503 3079 τιμωρίας
3532 3009 3614 3061 αἰ-

2039 3101 2272 3154 νίττεται
2292 3117 2305 3132 ·
2338 3101 2441 3171 πρὸ
2470 3101 2576 3171 γὰρ
2600 3101 2707 3153 τῶν
2745 3100 2919 3153 ἀλλων
2945 3100 3173 3171 δένδρων
3203 3099 3371 3153 ἀνθεῖ.

2110 3193 2271 3256 κήδη
2305 3193 2403 3248 lin.
2434 3194 2522 3248 so.
2562 3196 2623 3249 Ἠ
2647 3192 2715 3247 δὲ
2752 3193 2933 3261 πικρά
2963 3190 3299 3262 ἀμυγδαλῆ.
3354 3190 3611 3254 Basilius,

2040 3285 2197 3339 Hom.
2217 3285 2250 3339 5
2284 3305 2295 3338 :
2332 3286 2463 3339 Τινὰ
2490 3284 2549 3338 δὲ
2586 3287 2679 3337 καὶ
2710 3285 2808 3356 τὴν
2837 3286 2900 3337 ὲκ
2943 3283 3154 3352 φύσεως
3186 3282 3381 3336 κακίαν
3425 3283 3617 3354 ἐπιμε-

2041 3375 2211 3439 λείαις
2257 3376 2516 3447 γεωργῶν
2564 3375 2975 3447 θεραπευόμενα
3024 3375 3298 3445 ἕγνωμεν·
3353 3370 3465 3429 οἷον
3516 3375 3616 3439 τὰς

2042 3467 2219 3531 ὀξείας
2263 3468 2433 3539 ῥοιὰς,
2479 3468 2571 3522 καὶ¹
2612 3468 2720 3521 τῶν
2769 3466 3088 3539 ἀμυγδαλῶν
3133 3466 3231 3531 τὰς
3265 3466 3612 3538 πικροτέρας,

2044 3562 2170 3615 ὅταν
2200 3560 2570 3633 διατρηθεῖσαι
2602 3561 2662 3613 τὸ
2705 3560 2841 3630 πρὸς
2873 3563 2939 3631 τῇ
2988 3560 3111 3632 ῥίζῃ
3161 3558 3407 3629 στέλεχος
3439 3559 3616 3629 σφῆνα

2046 3655 2252 3726 πεύκης
2303 3653 2533 3724 λιπαρὸν
2564 3653 2664 3724 τῆς
2710 3652 3031 3723 ὲντεριὼνης
3084 3652 3254 3722 μέσης
3303 3650 3617 3707 διελαθέντα

2043 3748 2318 3814 δέξωνται,
2356 3748 2434 3810 είς
2459 3746 2783 3818 εὐχρηστίαν
2818 3744 3209 3816 μεταϐάλλουσι
3233 3745 3354 3798 τότε
3392 3743 3486 3799 τοῦ
3520 3761 3616 3814 χυ-
3708 3790 3713 3795 .

2051 3839 2150 3910 μού
2200 3839 2301 3908 τὴν
2350 3835 3139 3907 δυσχέρειαν.ΤΙιοοριιι·οεῑιιε,
3181 3833 3384 3889 Ilistor.
3440 3834 3617 3903 plant.

2048 3934 2143 3986 lib.
2170 3947 2229 3993 ιι,
2274 3946 2394 3996 cap.
2427 3931 2480 3994 8,
2525 3929 2861 4001 amygdalam
2904 3944 2969 3984 ex
3011 3943 3196 3982 amara
3240 3929 3451 3984 dulcem
3475 3928 3612 3984 ellici

2048 4026 2183 4085 vult,
2216 4024 2261 4079 si
2308 4025 2431 4094 quis
2474 4023 2702 4077 caudice
2739 4021 3102 4077 circumfosso
3137 4021 3619 4090 prazterforatoque

2050 4133 2306 4172 mensura
2350 4114 2656 4170 dodrantali
2694 4113 2935 4184 undique
2975 4115 3267 4185 lacrymam
3315 4111 3617 4167 eﬂluentem

2052 4211 2105 4264 in
2160 4210 2300 4265 idem
2360 4210 2597 4264 deﬂuere
2646 4207 2809 4263 sinat.
2849 4206 2985 4262 Vide
3027 4206 3300 4277 ejusdem,
3342 4204 3421 4259 De
3447 4203 3619 4258 causis

2050 4300 2218 4368 plant.
2256 4299 2348 4353 lib.
2385 4316 2422 4363 ι,
2454 4300 2621 4369 capit.
2648 4297 2739 4361 2i.
2770 4313 2879 4367 quo
2907 4297 3028 4351 loco
3070 4296 3405 4367 amygdalam
3430 4294 3622 4348 humo-

2054 4392 2143 4447 ris.
2171 4392 2501 4447 abundantia
2548 4389 2787 4446 sterilem
2843 4389 2925 4442 sic
2960 4388 3213 4459 castigari
3263 4385 3431 4441 tradit
3477 4384 3618 4440 Plin.

381 4485 820 4553 mutationesque
841 4484 911 4547 _in
951 4483 1017 4537 iis
1044 4482 1288 4553 quotidie
1310 4488 1623 4544 cernantur,
1655 4488 1709 4535 et
1732 4480 1945 4551 Hippon
1979 4484 2165 4556 Dliba
2184 4500 2325 4547 xvu,
2346 4498 2465 4553 cap.
2496 4483 2592 4537 27:
2616 4481 2926 4554 Amygdala:
2949 4497 3014 4537 ea:
3041 4481 3238 4534 amaris
3271 4477 3448 4533 dulces
3489 4478 3623 4547 ﬁunt

381 4586 573 4632 auctor
592 4582 700 4637 est,
721 4590 936 4629 omnem
970 4575 1233 4645 plantam,
1263 4574 1670 4638 etsilvestrem,
1700 4584 1752 4628 et
1784 4574 1948 4628 urba-

380 4685 508 4724 nam
541 4669 747 4723 rultum
781 4668 1050 4737 adeptam,
1081 4677 1175 4722 aut
1199 4684 1307 4721 non
1338 4668 1588 4738 adeptam
1612 4666 1946 4737 elﬁcipnsse,

380 4774 434 4818 et
488 4770 770 4833 peccatum
822 4759 875 4814 id
925 4775 1030 4813 non
1068 4758 1265 4814 faciet?
1308 4774 1465 4829 plena
1518 4758 1763 4828 peccati?
1809 4756 1974 4813 Deus»

383 4858 539 4928 ipse?
597 4854 773 4919 Adde,
804 4856 992 4924 spinas
1021 4860 1074 4907 et
1110 4852 1343 4907 tribulos
1375 4850 1698 4930 germinabit
1747 4849 1863 4904 tibi.
1894 4848 1951 4903 Si

376 4956 488 5025 jam
522 4961 674 5009 erant
707 4953 895 5023 Spinze,
932 4951 976 5006 si
1015 4950 1127 5020 jam
1163 4948 1369 5013 tribuli,
1405 4948 1586 5003 inania
1616 4947 1794 5001 divina
1831 4962 1952 5002 ver-

382 5047 471 5110 ba,
496 5044 678 5099 inanis
700 5058 858 5113 poena
882 5050 935 5096 et
961 5039 1291 5105 maledictio,
1308 5038 1560 5109 quamvis
1582 5037 1732 5092 dicas
1762 5036 1950 5100 fuisse,

380 5138 476 5194 sed
524 5153 631 5191 non
681 5137 735 5189 in
770 5148 1011 5205 poenam.
1047 5132 1171 5188 llzec
1210 5140 1359 5193 sunt,
1405 5129 1607 5192 Pereri,
1639 5145 1780 5199 quae,
1814 5137 1869 5184 et
1908 5130 1953 5183 si

381 5244 489 5282 non
514 5233 661 5282 esset
694 5224 989 5281 Eustathii.
1027 5223 1235 5285 Basilii,
1267 5220 1578 5291 Augustini,
1604 5235 1835 5289 quorum
1862 5234 1955 5289 pa-

384 5331 529 5375 trum
556 5322 569 5374 !
601 5320 922 5379 auctmitas,
974 5316 1239 5371 inducunt
1277 5326 1333 5370 ut
1362 5314 1578 5369 credam
1627 5330 1804 5367 rosam
1832 5319 1957 5367 ante

384 5422 666 5483 peccatum
696 5410 891 5465 factam
925 5426 1047 5464 esse
1078 5410 1284 5478 absque
1316 5408 1509 5477 spinis.

454 5508 572 5562 Col.
603 5505 726 5560 ’1.16.
749 5504 843 5557 lin.
866 5503 955 5557 98.
989 5503 1047 5557 Ἡ
1087 5502 1154 5555 δὲ
1176 5500 1491 5571 ἀμυγδαλῆ
1517 5500 1731 5569 πρώτη.
1748 5499 1957 5557 Plinius

384 5600 510 5654 libr.
547 5615 661 5659 3m.
699 5594 899 5649 Natur.
940 5593 1107 5656 Hist,
1141 5609 1260 5663 cap.
1290 5593 1382 5657 25,
1418 5591 1501 5646 Ea:
1544 5592 1623 5647 Itis
1652 5610 1767 5663 qua:
1794 5594 1959 5649 hieme

386 5692 567 5761 aquila
599 5691 886 5749 exoriente,
906 5698 960 5741 ut
991 5686 1244 5753 diximus,
1271 5688 1591 5754 concipiunt,
1615 5688 1766 5756 ﬂoret
1787 5690 1957 5757 prima

389 5786 621 5841 omnium
656 5780 939 5853 amygdala
982 5797 1155 5835 mense
1180 5778 1466 5846 Januario,
1505 5778 1847 5836 Martiali-cro
1868 5798 1959 5849 po-

2052 4576 2473 4644 si-circumfosso
2521 4576 2715 4642 stipite,
2744 4583 2793 4630 et
2821 4575 2886 4629 ab
2926 4576 3035 4628 ima
3071 4583 3219 4640 parte
3248 4570 3624 4639 circumforato

2050 4668 2282 4736 deﬂuens
2310 4668 2503 4738 pituita
2549 4668 2902 4737 abstergatur.
2947 4665 3238 4720 Africanus
3275 4664 3416 4735 apud
3454 4662 3623 4718 Geor-

2051 4761 2283 4829 gicorum
2319 4761 2664 4816 collectorem
2694 4760 2787 4813 lib.
2834 4776 2890 4819 x.
2931 4757 3214 4813 medicina:
3242 4754 3405 4825 hujus
3434 4754 3626 4811 memi-

2053 4851 2133 4906 nit
2166 4860 2220 4906 et
2247 4851 2383 4905 alias
2419 4851 2603 4905 subdit
2635 4851 2927 4904 εΓλυκείαν
2957 4850 3013 4902 δὲ
3048 4850 3111 4902 ὲκ
3143 4849 3346 4920 πικρᾶς
3382 4848 3626 4918 ποιήσεις

2054 4949 2123 5011 εί,
2163 4948 2510 5019 ὲκτρυπήσας
2536 4946 2596 4999 τὸ
2625 4946 2866 5020 πρέμνον
2893 4945 2983 4998 ἐπὶ
3008 4943 3311 5015 παλαιστὴν
3336 4944 3394 4996 ὲν
3425 4957 3622 5011 τετρα-

2055 5040 2233 5112 γώνῳ,
2276 5041 2338 5095 τὸ
2376 5040 2608 5107 δάκρυον
2642 5040 2833 5113 ὲκδέξῃ
2878 5040 2937 5092 τὸ
2972 5040 3089 5090 κατ’
3133 5026 3395 5099 ἐνιαυτὸν,
3426 5035 3530 5099 ἓως
3560 5032 3627 5087 ἃν

2054 5134 2348 5205 γλυκανθῇ.
2379 5134 2607 5187 Κάλλιον
2638 5134 2693 5186 δέ
2721 5149 2863 5195 τινες
2886 5130 3163 5192 ποιοῦντες
3192 5126 3625 5199 περιορύττουσι,

2058 5227 2150 5279 καὶ
2193 5225 2575 5295 περιϐάλλουσι
2604 5226 2803 5295 κόπρον
2846 5224 2996 5276 ὑείαν
3046 5221 3362 5292 ὲπιχέαντες
3412 5218 3506 5272 καὶ
3540 5212 3629 5269 οὗ·

2060 5336 2172 5389 ρον,
2221 5313 2338 5371 εἶτα
2395 5318 2809 5390 προσχώσαντες
2862 5314 3145 5387 ἀρδεύουσι
3201 5313 3321 5366 κατ’
3362 5309 3624 5372 ἐνιαυτὸν,

2058 5411 2162 5474 ἕως
2186 5403 2245 5463 οὗ
2283 5410 2646 5479 γλυκανθῶσι.
2683 5410 2797 5461 Πᾶν
2826 5407 2881 5460 δὲ
2922 5406 3169 5474 στέλεχος
3199 5401 3511 5473 ἀμυγδαλῆς
3538 5401 3628 5453 ὲκ-

2059 5503 2225 5558 κοπὲν
2263 5503 2551 5557 ἀποϐάλλει
2589 5502 2677 5553 τὸν
2722 5499 2957 5568 καρπόν.
2996 5498 3231 5569 Ἀπαλὴν
3275 5495 3331 5549 δὲ
3375 5495 3468 5547 καὶ
3496 5492 3627 5560 γλυ-

2060 5600 2209 5650 κεῖαν
2254 5598 2317 5649 ὲκ
2348 5595 2585 5665 σκληρᾶς
2627 5593 2720 5645 καὶ
2771 5592 2970 5662 πικρᾶς
3001 5590 3264 5659 ποιήσεις,
3306 5588 3353 5639 εί
3388 5585 3456 5638 τὰ
3501 5586 3629 5655 περὶ

2058 5690 2117 5741 τὸ
2153 5688 2399 5758 στέλεχος
2431 5687 2534 5750 ἕως
2564 5686 2671 5739 τῶν
2710 5685 2800 5737 ἐπὶ
2832 5682 3028 5752 πολλῆς
3059 5680 3221 5752 ῥιζῶν
3261 5675 3627 5747 γυμνώοειας,

2060 5781 2154 5834 καὶ
2201 5779 2518 5853 ἀρδεύσειας
2568 5777 2804 5848 συνεχῶς
2855 5776 3007 5829 ὕδατι
3039 5771 3225 5845 θερμῷ
3258 5771 3363 5842 πρὸ
3411 5768 3507 5837 τῆς
3540 5766 3633 5820 ἀν·-
