4072 6342
544 261 642 319 851

1872 271 2120 330 LEONIS
2160 272 2429 328 ALL.\'l‘ll

3667 279 3771 335 852

544 379 898 451 θοόολήσεως.
939 381 996 437 In
1037 385 1236 461 quibus
1286 387 1494 444 ultimis
1541 390 1720 446 verbis
1760 406 1823 446 ea
1877 393 1958 447 sic
1981 407 2103 445 cor—
2130 397 2176 453 Α
2204 390 2323 448 visu
2343 391 2459 462 ipso
2488 392 2741 457 recreari,
2765 406 3100 463 corporeque
3121 393 3435 455 excitari,et
3451 394 3605 465 quasi
3621 410 3769 451 com-

543 473 682 545 figo,
708 475 810 539 ἕως
834 475 941 528 τῶν
972 477 1236 548 ἐπιπολῆς
1269 479 1453 551 ῥιζῶν.

610 564 728 619 Col.
761 564 881 628 716,
912 565 1010 619 lin.
1046 566 1134 621 ‘54.
1164 567 1282 635 Τὴν
1308 568 1583 637 αὺτὴνδὲ
1601 572 1935 639 θεραπείαν.
1955 572 2108 627 Aris-

542 655 735 709 toteles
753 655 845 710 lib.
870 671 909 719 ι,
930 657 1004 711 De
1028 660 1247 726 plantis,
1274 676 1394 732 cap.
1418 663 1473 723 3.
1496 661 1792 732 Amygdala
1816 680 2036 733 quoque,
2057 673 2106 717 et

539 749 681 802 mala
709 760 937 820 granata
956 768 1110 806 suam
1136 755 1397 811 malitiam
1417 771 1507 824 per
1539 757 1803 811 culturam
1835 760 2103 814 amittunt.

537 850 586 893 et
617 841 760 894 mala
783 852 1012 914 grauata
1035 854 1260 901 stercore
1281 848 1497 915 porcina
1520 847 1787 902 radicibus
1816 849 2024 919 injecto,
2055 857 2105 901 et

538 948 677 1000 aqua
720 932 869 987 dulci
910 934 1111 1006 [rigida
1157 939 1332 1008 rigata
1380 939 1601 993 meliora
1651 938 1960 995 redduntur.
2001 938 2105 995 Sed

538 1025 807 1095 amygdali
831 1027 993 1081 clavis
1024 1030 1266 1099 con/iane,
1303 1032 1501 1100 gummi
1536 1047 1626 1100 per
1657 1032 1877 1086 multum
1909 1041 2104 1099 tempus

536 1118 802 1173 stillantes
847 1120 1087 1175 meliores
1147 1120 1457 1187 redduntur,
1513 1124 1794 1194 multa'que
1845 1124 2102 1180 silvestres

534 1211 734 1274 planta!
760 1227 852 1280 per
878 1211 973 1265 hoc
1006 1212 1294 1281 artiﬁcium
1323 1214 1592 1269 hartenses
1628 1215 1807 1286 ﬁunt;
1837 1223 1890 1270 et
1924 1215 2101 1271 Paxa-

536 1318 658 1358 mus
690 1304 833 1373 apud
877 1304 1222 1359 collectorem
1272 1302 1642 1376 Georgicorum
1685 1306 1775 1361 lib.
1807 1324 1861 1371 ι,
1912 1308 2104 1378 Περισ-

537 1393 702 1466 ρυξας
730 1394 823 1448 τοῦ
858 1396 1073 1467 δένδρου
1107 1397 1205 1462 τὰς
1230 1399 1383 1469 ῥίζας
1406 1400 1608 1471 κόπρον
1630 1401 1779 1453 ὑείαν
1800 1401 2098 1471 ἐπίχρισον,

535 1488 628 1539 καὶ
661 1487 842 1559 χώσας
873 1491 1029 1560 ῥᾶνον
1055 1490 1199 1563 οὔρῳ
1232 1490 1573 1562 ἀνθρωπείῳ.
1624 1491 1668 1544 T
1673 1491 1705 1546 ἀ
1741 1491 1799 1545 δέ
1829 1494 1955 1564 περὶ
1982 1492 2102 1546 τού-

534 1594 626 1630 του
654 1580 711 1631 ἐν
740 1579 817 1649 τῷ
844 1580 986 1651 ἄλλῳ
1016 1598 1116 1651 μου
1162 1582 1447 1654 γεωργικῷ
1478 1582 1666 1655 βιϐλίῳ
1704 1584 1871 1655 τρίτῳ
1920 1586 1978 1638 ἐν
2021 1584 2099 1656 τῷ

534 1689 657 1739 κεφ.
700 1671 812 1736 ζκε⁹
843 1672 1165 1745 τελεώτερον
1193 1676 1460 1746 εὑρήσεις.

2209 484 2368 553 ριοιυ
2416 484 2651 554 quodam
2708 486 3049 541 reviviscere.
3104 486 3366 554 Agricolae
3399 486 3767 554 subscribunt,

2209 582 2481 629 testantur
2526 575 2857 646 philosophi,
2889 576 3220 645 experientia
3267 578 3384 647 ipsa
3433 594 3616 634 rerum
3658 595 3771 633 ma-

2206 667 2375 735 gistra
2398 668 2649 721 ducimur
2679 668 2745 721 ad
2776 669 3244 723 consentiendum.
3272 669 3385 724 Hoc
3406 685 3562 741 aequo
3591 672 3771 726 animo

2207 753 2349 810 ferre
2377 771 2680 825 possemus,
2714 769 2768 812 at
2795 759 2940 828 quod
2970 760 3134 816 refert
3158 759 3503 816 Florentinus
3530 763 3584 815 in
3610 759 3771 815 Geor-

2205 847 2357 917 gicis,
2386 849 2618 916 palmam
2651 848 2909 903 feminam
2940 866 3049 905 non
3081 852 3247 907 maris
3275 852 3651 923 cujuscunque
3674 853 3770 908 de-

2207 937 2410 991 siderio
2429 938 2618 1001 teneri,
2637 940 2732 993 sed
2757 940 2918 995 unius
2935 949 3143 995 tantum
3163 942 3228 995 ad
3250 956 3408 1011 quem
3426 941 3675 1007 inclinat,
3694 943 3767 996 ita

2203 1044 2273 1084 ne
2291 1036 2345 1084 et
2375 1030 2706 1099 apprehensa
2734 1032 3076 1100 pulchritudo
3098 1033 3311 1088 arboris
3340 1032 3614 1104 ingenium
3635 1034 3771 1089 alte-

2204 1129 2310 1185 rat,
2328 1128 2382 1176 et
2410 1121 2567 1191 cujus
2586 1122 2765 1178 solius
2783 1125 3086 1193 amplexum
3108 1125 3353 1195 exposcit
3371 1141 3561 1195 ;.quem
3580 1133 3768 1195 postea

2204 1213 2456 1283 agricolae
2498 1221 2614 1270 arte
2649 1214 2880 1283 quadam
2910 1216 3340 1286 deprehendunt,
3373 1218 3559 1272 multis
3603 1218 3770 1273 simul

2201 1308 2370 1360 ramis
2400 1321 2463 1361 ex
2503 1306 2735 1363 diversis
2763 1308 3003 1363 maribus
3031 1309 3297 1373 collectis,
3330 1317 3384 1364 et
3411 1310 3477 1364 ad
3508 1309 3768 1366 feminam

2200 1411 2400 1467 aegram
2448 1404 2614 1468 atque
2660 1413 2845 1453 amore
2888 1397 3163 1470 fatigatam
3209 1401 3539 1471 propositis;
3580 1403 3767 1458 statim

2200 1488 2341 1543 enim
2359 1489 2497 1558 ipsa,
2514 1491 3013 1561 neglectiscatteris,
3034 1491 3101 1545 ad
3122 1493 3369 1548 arborem
3389 1493 3495 1549 sibi
3511 1494 3769 1551 dilectam

2200 1578 2443 1646 inclinat,
2457 1591 2515 1637 et
2534 1583 2716 1637 latitia
2741 1582 2972 1653 quadam
2990 1585 3208 1639 subsilit
3229 1586 3336 1639 voti
3353 1601 3612 1656 compos;
3642 1588 3765 1651 hoc,

2198 1672 2442 1741 inquam,
2459 1673 2583 1741 quis
2599 1674 2877 1729 crederet?
2892 1674 3164 1741 allectum,
3182 1678 3768 1743 ::morem,.iuclinatio-

603 1762 764 1825 lbid.,
799 1764 897 1818 lin.
941 1765 1030 1821 εδ.
1075 1743 1152 1820 Ἦ
1192 1743 1269 1819 δε(
1301 1743 1511 1834 θήλεια
1556 1766 1781 1835 φοίνιξ.
1838 1765 2087 1830 Basilius,

2203 1777 2433 1833 nemque
2466 1765 2537 1841 ad
2567 1766 2773 1822 similes
2820 1768 3047 1824 arbores
3095 1769 3285 1838 palma:
3312 1785 3419 1825 non
3460 1769 3767 1841 denegave-

529 1855 680 1909 hom.
714 1856 785 1910 ὃς
819 1857 931 1910 Καὶ
959 1857 1088 1922 ἴδοις
1118 1858 1184 1912 ἄν
1222 1876 1352 1912 ποτε
1396 1860 1494 1932 τὴν
1532 1862 1661 1932 παρ’
1693 1861 1870 1914 αὐτῶν
1903 1861 2099 1930 ὀνομα-

532 1948 762 2021 ζομένην
806 1947 1027 2021 θήλειαν
1070 1951 1326 2005 καθεῖσαν
1366 1953 1491 2017 τοὺς
1520 1953 1743 2017 κλάδους
1773 1948 1880 2006 οἷον
1922 1953 2097 2024 ὀργῶ-

531 2055 660 2104 σαν,
712 2040 803 2095 καὶ
849 2041 947 2112 τῆς
994 2042 1311 2114 συμπλοκῆς
1350 2044 1641 2115 ἐφιεμένην
1689 2044 1782 2098 τοῦ
1835 2044 2091 2117 ἄρρενος·

527 2126 651 2190 τοὺς
692 2126 751 2181 δὲ
795 2127 1135 2201 θεραπευτὰς
1179 2132 1287 2188 τῶν
1335 2134 1514 2205 φυτῶν
1571 2134 1939 2206 ἐμϐάλλοντας
1984 2138 2097 2200 τοῖς

528 2215 742 2281 ιιλάδοις
769 2212 879 2271 οἷόν
918 2236 1038 2273 τινα
1085 2221 1372 2292 σπέρματα
1402 2224 1509 2277 τῶν
1538 2224 1800 2295 ἀρῤένων,
1844 2227 1969 2290 τοὺς
2006 2225 2095 2278 λε-

534 2306 789 2377 γομένους
814 2309 1008 2379 ψῆνας.
1039 2312 1133 2366 καὶ
1152 2312 1322 2377 οὕτως
1347 2309 1457 2368 οἷον
1484 2317 1542 2368 ἐν
1572 2314 1819 2388 αἰσθήσει
1843 2316 1941 2387 τῆς
1961 2317 2096 2370 ἀπο-

528 2398 771 2464 Ααύσεως
810 2402 1051 2470 γίνεσθαι
1090 2403 1182 2457 καὶ
1220 2404 1573 2477 ἀνορθοῦσθαι
1616 2406 1774 2461 πάλιν
1810 2409 1935 2470 τοὺς
1966 2407 2094 2462 κλά-

527 2489 666 2555 δους,
713 2493 805 2546 καὶ
842 2494 977 2564 πρὸς
1010 2496 1072 2549 τὸ
1102 2498 1297 2550 οἰκεῖον
1328 2499 1509 2570 σχῆμα
1540 2499 1632 2553 τοῦ
1667 2500 1833 2570 φυτοῦ
1858 2502 1957 2572 τὴν
1998 2503 2090 2555 κό-

526 2600 634 2652 μην
648 2584 1129 2641 ἀποκαθίστασθαι.
1154 2587 1293 2644 Plin.
1313 2590 1407 2647 lib.
1428 2607 1549 2655 xui,
1564 2607 1682 2662 cap.
1701 2592 1734 2647 4
1752 2612 1765 2647 :
1782 2593 1819 2645 Α
1831 2594 2089 2660 rboribus,

525 2676 628 2729 imo
640 2678 813 2745 potius
836 2680 1075 2736 omnibus
1104 2699 1218 2753 qua:
1248 2692 1386 2738 terra
1406 2685 1607 2754 gignat,
1637 2686 1907 2756 herbisque
1931 2689 2089 2741 etiam

524 2778 799 2840 utrumque
830 2788 1012 2826 sexum
1037 2791 1148 2828 esse
1181 2775 1571 2847 diligentissimi
1607 2789 1817 2832 natura:
1845 2779 2089 2835 tradunt.

524 2859 679 2926 Quod
709 2862 763 2914 in
803 2862 1012 2931 plenum
1040 2867 1172 2921 satis
1194 2868 1260 2922 sit
1290 2867 1492 2923 dixisse
1535 2870 1628 2925 hoc
1658 2873 1714 2925 in
1742 2872 1855 2926 loco
1880 2873 2088 2938 ;.nullis

524 2960 702 3005 tamen
729 2952 1007 3009 arboribus
1035 2958 1385 3026 manifestius,
1416 2976 1529 3015 mas
1560 2961 1614 3015 in
1652 2961 1867 3030 palmite
1912 2964 2085 3032 ﬂoret,

2200 1855 2337 1919 rim;
2366 1838 2731 1924 cognitionem
2757 1858 3031 1925 quomodo
3063 1856 3362 1912 concedere
3398 1856 3627 1912 debeam
3666 1858 3766 1913 ad-

2200 1944 2306 1999 huc
2359 1945 2559 2001 haereo.
2614 1946 2877 2004 Surculos
2930 1949 2999 2003 ab
3048 1950 3240 2004 arbore
3260 1948 3493 2014 decisos,
3530 1950 3765 2021 ideoque

2199 2034 2309 2089 vita
2350 2036 2611 2105 privatos,
2650 2039 2853 2109 Optime
2881 2039 3287 2111 distinguendo,
3324 2055 3388 2094 ac
3418 2055 3762 2111 cognoscen-

2202 2124 2294 2187 do.
2327 2125 2480 2198 signa
2513 2128 2568 2182 in
2601 2128 2822 2183 surculo
2848 2129 3059 2184 arboris
3104 2137 3298 2183 amata:
3325 2128 3526 2198 optime
3558 2129 3760 2196 dijudi-

2195 2225 2315 2283 cat.;
2365 2218 2459 2273 sed
2486 2219 2770 2275 audiamus
2799 2220 2962 2276 verba
3013 2219 3312 2275 Florentini
3348 2238 3362 2275 :
3405 2222 3462 2273 ὐ
3491 2217 3548 2274 δὲ
3583 2218 3758 2290 φοίνιξ

2197 2311 2299 2381 ἐρᾷ
2334 2309 2429 2365 καὶ
2474 2309 2711 2381 δριμέως
2749 2310 2935 2381 ἐτέρου
2974 2310 3231 2379 φοίνικος,
3268 2310 3362 2364 καὶ
3402 2311 3464 2363 οὐ
3498 2310 3757 2381 πρότερον

2195 2417 2426 2454 παυεται
2455 2400 2547 2453 τοῦ
2572 2399 2756 2465 πόθου,
2778 2400 2882 2465 ἕως
2902 2401 2969 2455 ἂν
2992 2400 3159 2473 αὐτὴν
3199 2403 3228 2454 ὁ
3268 2400 3541 2473 ἐρώμενος
3578 2418 3756 2481 παρα-

2197 2492 2516 2564 μυθήσεται.
2552 2494 2707 2546 Ἔστι
2740 2492 2848 2565 γὰρ
2881 2493 3006 2546 ίδεῖν
3043 2492 3102 2546 τὸ
3133 2492 3343 2565 δένδρον
3375 2492 3755 2563 ἐπικεκαμμέ-

2193 2602 2303 2651 νον,
2338 2586 2429 2638 καὶ
2477 2585 2551 2656 μὴ
2585 2586 2759 2657 φέρον,
2782 2586 2879 2657 τὴν
2917 2586 3052 2639 ἰδίαν
3091 2584 3267 2655 βάσιν,
3310 2586 3442 2658 μηδὲ
3474 2602 3754 2657 καρποφο-

2193 2672 2338 2744 ροῦν.
2372 2673 2540 2727 Τοῦτο
2565 2674 2626 2727 οὐ
2657 2673 2899 2727 λανθάνει
2919 2673 3007 2727 τὸν
3030 2674 3288 2745 γεωργὸν,
3306 2673 3511 2728 ἀλλ’ὅτι
3538 2675 3635 2747 μὲν
3655 2677 3757 2748 ἐρᾷ

2192 2765 2285 2817 καὶ
2312 2765 2501 2834 ἐρᾶται
2529 2764 2904 2837 τεκμαίρεται,
2935 2764 3192 2834 ἀγνοεῖ.δέ
3231 2768 3383 2819 ποίου
3419 2783 3433 2797 ·
3471 2765 3552 2819 διὸ
3581 2783 3754 2838 παρα-

2192 2854 2458 2926 πτόμενος
2489 2857 2743 2925 φοινίκων
2778 2857 3006 2922 πολλῶν,
3037 2859 3129 2912 καὶ
3169 2857 3329 2913 πάλιν
3358 2858 3451 2911 ἐπὶ⁸
3472 2858 3572 2930 τὴν
3618 2858 3753 2929 ἐρῶ-

2193 2965 2291 3002 σαν
2315 2949 2569 3015 ἐπανιὼν,
2592 2952 2686 3004 καὶ
2698 2950 3070 3022 ἐφαπτόμενος
3090 2954 3159 3022 τῇ
3172 2951 3335 3021 χειρὶ,
3350 2950 3498 3004 δοκεῖ
3517 2950 3642 3022 φιλή
3651 2968 3752 3021 μα-

520 3040 716 3110 femina
764 3044 899 3098 citra
943 3048 1126 3114 florem
1170 3049 1425 3117 germinat
1466 3059 1671 3104 tantum
1706 3054 1870 3121 spina:
1900 3056 2087 3118 modo;

2192 3041 2441 3113 τιῶσπερ
2459 3041 2907 3096 διακονεῖνΠοίου
2920 3043 2975 3096 δὲ
2990 3043 3225 3113 φοίνικος
3243 3044 3391 3095 ἐστιν
3410 3043 3548 3113 αὐτῇ
3569 3042 3749 3107 πόθος,

520 3141 573 3187 et
603 3133 849 3198 inferius,
872 3136 1075 3193 Ca'tero
1104 3156 1207 3194 non
1233 3141 1347 3195 sine
1374 3142 1607 3198 maribus
1631 3145 1838 3214 gignere
1858 3145 2082 3216 feminas

518 3240 701 3294 sponte
743 3227 881 3281 edito
916 3246 1123 3285 nemore
1170 3233 1483 3303 conﬁrmant
1513 3248 1533 3286 :
1563 3235 1804 3307 circaque
1850 3237 2082 3307 singulos

515 3314 692 3384 plures
722 3328 909 3372 nutare
946 3320 998 3373 in
1028 3336 1145 3375 eum
1178 3338 1372 3391 pronas
1408 3320 1983 3387 blandioribuscomis,
2016 3326 2083 3379 il-

521 3407 635 3460 lum.
654 3409 838 3463 erectis
868 3411 1132 3481 hispidum
1160 3415 1361 3485 aﬁlatu,
1393 3415 1607 3484 visuque
1632 3416 1764 3484 ipso,
1796 3427 1846 3471 et
1875 3418 2083 3487 pulvere

514 3500 676 3554 etiam
706 3503 933 3573 reliquas
960 3507 1226 3561 maritare.
1271 3507 1447 3577 Ilujus
1474 3509 1660 3565 arbore
1700 3512 1878 3565 excisa
1899 3512 2097 3568 viduas“

514 3600 633 3660 post
662 3595 978 3649 sterilescere
1036 3597 1283 3666 feminas.
1326 3600 1569 3671 Adeoque
1596 3612 1671 3656 est
1696 3604 1891 3657 ueneris
1925 3605 2080 3658 intel-

516 3690 703 3751 lectus,
735 3698 791 3739 ut
822 3690 987 3742 coitus
1015 3692 1175 3744 etiam
1206 3694 1531 3762 excogitatas
1564 3696 1631 3749 sit
1664 3696 1728 3748 ab
1765 3697 1971 3752 homine
2017 3714 2082 3752 ea:

515 3779 754 3834 maribus
784 3780 935 3849 ﬂore,
967 3798 1028 3834 ac
1049 3782 1313 3853 lanugine,
1342 3785 1552 3838 interim
1586 3802 1702 3841 vero
1730 3798 1933 3842 tantum
1959 3790 2081 3857 pul-

514 3888 631 3926 uere
674 3873 905 3940 inspersa
954 3875 1184 3941 feminis.
1238 3875 1620 3934 Guillandinus
1663 3880 1716 3934 in
1764 3879 1997 3952 Αἴθρη)
2026 3890 2080 3936 et

514 3962 734 4019 Oriente
763 3965 1073 4019 observavit
1103 3982 1171 4019 ne
1197 3965 1409 4021 feminae
1440 3969 1655 4024 steriles
1690 3971 1821 4035 sint,
1857 3981 1949 4024 aut
1980 3974 2075 4025 im-

513 4065 791 4112 maturum
819 4058 1053 4113 fructum
1081 4060 1327 4129 perdant;
1360 4077 1544 4117 mares
1564 4078 1629 4118 eo
1661 4063 1945 4118 intervallo
1970 4064 2078 4119 seri

513 4159 575 4205 ut
614 4152 683 4207 ab
705 4151 773 4207 iis
810 4152 1081 4221 pulverem
1103 4160 1295 4207 ventus
1323 4152 1379 4207 in
1407 4152 1526 4208 illas
1551 4153 1805 4223 perferat.
1833 4155 1987 4221 Quod
2032 4156 2078 4209 si

512 4246 730 4316 longius
768 4244 996 4307 distent,
1042 4261 1202 4316 quam
1240 4254 1299 4300 ut
1344 4246 1520 4317 pulvis
1555 4248 1754 4303 odorve
1794 4247 2078 4317 pervenire

511 4336 708 4403 possit,
745 4346 857 4391 tum
899 4351 930 4389 a
981 4352 1129 4392 mare
1159 4336 1655 4408 funemreligatum
1703 4339 1771 4393 ad
1818 4337 2075 4393 feminam

2192 3134 2442 3204 σημαίνει
2457 3134 2654 3204 τρόπον
2676 3133 2871 3206 τινάτῇ
2885 3134 2992 3189 τῶν
3011 3134 3196 3188 παθῶν
3223 3136 3391 3207 καίτῇ
3410 3134 3517 3188 τῶν
3535 3134 3749 3206 χειρῶν,

2188 3226 2263 3289 ὡς
2285 3226 2348 3280 ἀν
2364 3243 2446 3289 τις
2459 3227 2585 3297 εἴπῃ
2601 3226 2799 3280 νεύσει.
2818 3226 2961 3299 II
2974 3227 3175 3280 ἐκεῖνον
3196 3226 3303 3299 γὰρ
3328 3225 3644 3288 ἀποϐλέπει,
3662 3227 3751 3280 καὶ

2188 3315 2280 3368 ἐπὶ
2299 3316 2502 3369 ἐκεῖνον
2536 3315 2827 3388 πρόρριζος
2857 3316 3044 3387 ὥσπερ
3072 3315 3371 3370 σπεύδουσα
3389 3315 3585 3387 ἑαυτὴν
3602 3317 3753 3387 ἐπιρ-

2189 3407 2388 3479 ῥίπτει.
2421 3408 2587 3471 Ἀκος
2617 3404 2711 3462 οὖν
2736 3410 2944 3478 γίνεται
2972 3410 3035 3479 τῇ
3066 3406 3247 3480 ἐρὼσῃ
3280 3406 3341 3461 τὸ
3380 3406 3472 3461 τοῦ
3502 3407 3748 3479 γεωργοῦ

2190 3500 2427 3571 συνεχῶς
2476 3500 2783 3571 ἁπτομένου
2829 3500 2923 3554 τοῦ
2973 3500 3198 3573 ἄρρενος
3224 3500 3322 3563 τὰς
3347 3502 3535 3572 χεῖρας
3585 3498 3748 3554 αὑτοῦ

2188 3592 2584 3663 προσπελάζειν
2611 3597 2676 3664 τῇ
2721 3593 2969 3665 ἐρωμένῃ
3032 3593 3262 3663 μάλιστα
3293 3593 3348 3645 δὲ
3395 3594 3637 3664 πραΰνει
3660 3592 3748 3646 τὸν

2188 3685 2387 3758 ἔρωτα,
2423 3689 2471 3739 εί
2502 3687 2643 3740 κατὰ
2680 3686 2778 3757 τὴν
2822 3686 2988 3756 ἄνθην
3025 3682 3220 3752 ἐξελὼν
3259 3686 3367 3738 ἀπο
3394 3686 3494 3756 τῆς
3537 3686 3749 3756 σκαφῆς

2185 3778 2280 3830 τοῦ
2315 3778 2542 3850 ἄρρενος
2564 3776 2776 3848 ὲνθήσει
2808 3780 2875 3849 τῇ
2904 3778 3110 3848 κεφαλῇ
3151 3777 3247 3847 τῆς
3266 3775 3496 3847 ἐρώσης,
3525 3776 3622 3831 καὶ
3645 3775 3750 3829 λοι-

2188 3870 2287 3923 πὸν
2316 3873 2348 3941 ή
2379 3871 2550 3939 φοίνιξ
2598 3870 2963 3941 ἀγλαῖζομένη
3007 3870 3286 3925 κάλλιστον
3334 3868 3540 3940 καρπὸν
3596 3868 3748 3922 οἴσει.

2188 3964 2244 4018 ln
2291 3964 2489 4033 quibus
2520 3964 2829 4018 necessario
2860 3962 3223 4032 ‘corrigendus
3256 3970 3340 4016 est
3370 3962 3543 4027 locus,
3587 3969 3643 4015 et
3676 3960 3747 4012 ila

2186 4055 2576 4119 restituendus,
2628 4056 2676 4107 εἰ
2732 4054 2873 4108 κατὰ
2925 4053 3023 4125 τὴν
3071 4052 3237 4123 ἀνθην
3276 4051 3472 4119 ἐξελὼν
3522 4052 3629 4105 ἀπὸ
3652 4053 3747 4122 τῆς

2189 4144 2517 4217 σπάθηςτοῦ
2549 4145 2812 4218 ἄρρενος;
2856 4145 2930 4199 ita
2972 4144 3116 4198 enim
3163 4159 3225 4198 ea
3258 4143 3471 4197 arboris
3511 4158 3641 4213 pars
3682 4158 3747 4196 ex

2184 4254 2292 4307 qua
2343 4238 2553 4294 fructus
2584 4238 2821 4309 pendent
2870 4244 3116 4292 vocatur.
3143 4234 3321 4290 Julius
3353 4231 3567 4299 Pollux,
3602 4233 3745 4291 Ono-

2185 4340 2345 4386 mast.
2378 4330 2472 4385 lib.
2499 4347 2537 4393 ι,
2580 4345 2701 4400 cap.
2747 4330 2831 4393 19.,
2878 4330 2934 4382 Ὀ
2964 4328 3020 4382 δὲ
3042 4328 3252 4400 καρπὸς
3278 4330 3306 4382 ό
3336 4329 3434 4400 μὲν
3462 4327 3553 4382 τοῦ
3587 4328 3746 4401 ἂρῤε-

442 4502 445 4505 Δ
512 4426 757 4495 perduci.
791 4436 852 4481 ut
883 4428 1051 4484 maris
1083 4428 1313 4485 fecunda
1349 4430 1432 4485 vis
1464 4445 1560 4501 per
1586 4445 1705 4484 eam
1734 4432 1983 4501 copulam
2014 4446 2078 4486 ac

2192 4441 2271 4488 νος
2422 4461 2436 4482 .
2471 4423 2499 4475 ὁ
2523 4422 2579 4475 δὲ
2597 4423 2697 4493 τῆς
2717 4421 2935 4492 θηλείας
2965 4422 3213 4492 βάλανος,
3243 4420 3301 4487 ἐξ
3329 4415 3388 4473 οὗ
3414 4421 3470 4474 δὲ
3509 4421 3746 4493 κρέμαν-

508 4515 787 4571 vinculum
819 4517 1042 4587 irrepat.
1091 4516 1284 4574 Refert
1324 4517 1586 4575 Jovianus
1632 4519 1911 4575 Pontanus
1952 4519 2078 4574 Eri-

510 4605 652 4660 dani.
670 4608 709 4662 Ι.
740 4624 779 4673 ι,
807 4608 1016 4677 palmas
1042 4609 1197 4675 duas,
1221 4626 1422 4665 marem
1448 4609 1740 4666 Brundusii
1768 4619 1969 4676 satum,
2005 4612 2083 4667 fe-

508 4698 713 4753 minam
773 4700 1039 4772 llydrunti
1111 4704 1325 4757 steriles
1383 4704 1570 4758 tandiu
1647 4703 1857 4769 fuisse,
1899 4704 2079 4775 quoad

509 4790 706 4846 adultas
733 4790 874 4848 fusis
901 4793 1067 4847 ramis
1100 4808 1159 4848 se
1189 4794 1417 4849 invicem
1442 4795 1848 4863 conspexerunt,
1888 4804 1941 4851 et
1968 4808 2077 4850 tum

508 4884 760 4952 quamvis
811 4886 973 4956 longo
1023 4895 1198 4942 tractu
1253 4886 1476 4943 dissitas
1525 4886 1775 4942 fructum.
1818 4888 2076 4945 edidisse.

508 4973 737 5030 Nonnus
769 4975 1160 5046 Dionysiacor...
1191 4978 1280 5032 42.

618 5069 878 5136 Ἀρσενα
907 5068 1006 5121 καὶ
1034 5072 1272 5139 φοίνικα
1299 5072 1588 5139 γεγηθότα
1618 5069 1791 5137 θήλει·
1812 5072 2028 5142 μίσγω.

508 5157 679 5214 Mirus
713 5174 776 5214 ac
801 5159 1044 5230 perditus
1068 5177 1221 5215 amor
1254 5162 1475 5217 arbores
1496 5164 1656 5217 etiam
1688 5178 1893 5219 vexans
1929 5163 2076 5219 omni

507 5265 675 5304 sensu
721 5249 1044 5306 destitutas!
1089 5251 1222 5317 Quis
1251 5252 1367 5307 haec
1397 5269 1504 5306 non
1552 5253 1799 5308 fabulosa
1827 5256 2079 5323 putaret?

506 5340 728 5400 Plantas
776 5353 964 5399 mutuo
1014 5360 1197 5401 amore
1238 5346 1382 5416 capi,
1425 5363 1489 5401 ex
1532 5347 1598 5402 iis
1630 5346 2074 5402 molestissimum

508 5435 742 5502 palmam
776 5441 993 5500 sentire,
1027 5438 1070 5492 si
1103 5439 1290 5507 procul
1325 5453 1524 5493 marem
1559 5454 1588 5491 a
1620 5438 1823 5493 femina
1859 5439 2072 5495 conseri

412 5532 419 5539 ‘
508 5528 808 5596 contingat,
844 5530 1067 5583 alteram
1105 5538 1375 5586 amantem
1410 5547 1675 5597 arescere,
1709 5546 1898 5587 versus
1926 5546 2074 5584 ama-

508 5625 623 5669 tum
655 5633 774 5672 sese
799 5619 1082 5683 inclinare,
1112 5622 1353 5686 surculo,
1379 5624 1629 5693 lanugine
1651 5624 1733 5677 vel
1766 5623 1926 5677 etiam
1952 5623 2073 5693 pul-

512 5726 636 5766 vere
671 5709 715 5766 si
765 5720 1102 5781 aspergatur,
1132 5720 1204 5777 ct,
1250 5714 1394 5783 quod
1447 5715 1839 5781 admirabilius,
1882 5715 2067 5782 odore,

2184 4532 2274 4568 ται
2299 4515 2349 4568 οἱ
2383 4513 2602 4584 βάλανοι
2628 4514 2829 4585 σπάθη.
2860 4512 3062 4584 Εἴρηκε
3089 4513 3150 4565 τὸ
3176 4511 3345 4582 ὄνομα
3370 4511 3621 4581 Ξενοφῶν
3654 4512 3744 4565 καὶ

2195 4608 2493 4680 Ἡρόδοτος,
2534 4606 2730 4676 λέγων,
2756 4608 2837 4660 ὅτι
2868 4609 2961 4660 καὶ
2974 4607 3102 4674 τόξα
3121 4606 3262 4668 τινὲς
3290 4601 3433 4677 εἶχον
3460 4608 3525 4659 ἐκ
3544 4605 3745 4677 ταύτης

2184 4700 2282 4771 τῆς
2314 4700 2548 4772 σπάθης.
2582 4698 2663 4754 Ad
2694 4700 2796 4753 hoc
2814 4699 2979 4768 hujus
3015 4696 3536 4767 arborisingenium
3576 4698 3742 4767 expli—

2180 4791 2413 4845 candum
2441 4791 2594 4844 multi
2619 4789 2816 4845 summi
2851 4782 2949 4842 viri
2968 4789 3113 4843 vires
3135 4788 3334 4858 ingenii
3370 4787 3738 4852 contulerunt,

2183 4894 2251 4937 ut
2282 4886 2422 4939 alter
2446 4885 2618 4939 altero
2648 4883 2992 4952 eloquentior
3024 4881 3319 4936 videretur.
3356 4879 3500 4935 Inter
3519 4887 3739 4936 casteros

2183 4973 2545 5028 Philostratus
2586 4974 2640 5027 in
2696 4972 2867 5036 Icon.,
2895 4972 2987 5025 lib.
3030 4986 3067 5030 ι.
3104 4971 3158 5024 in
3196 4969 3314 5040 ἐλη,
3368 4969 3612 5025 Achilles
3640 4968 3739 5022 Ta-

2179 5068 2290 5121 tius
2327 5066 2400 5118 Ue
2429 5066 2810 5132 Clisophroutis
2838 5073 2886 5118 et
2931 5062 3211 5131 Leueippes
3250 5063 3530 5117 Amo'ibus
3550 5062 3676 5126 ,lib.
3701 5078 3734 5124 t,

2177 5167 2235 5215 et
2252 5158 2689 5229 Theophylactus
2721 5156 3050 5219 Simoeatus,
3072 5156 3233 5225 epist.
3256 5155 3343 5219 t8,
3370 5162 3425 5210 et
3448 5154 3505 5210 in
3536 5154 3733 5221 Qumst.

2177 5250 2509 5302 naturalibus
2532 5289 2546 5311 ,
2579 5257 2775 5319 quiest.

2248 5341 2406 5406 lbid.,
2441 5342 2536 5395 lin.
2567 5342 2656 5397 39.
2692 5342 2843 5396 Ἡδὲ
2857 5343 3189 5411 συκάμινος
3216 5342 3330 5412 ὀψὲ
3353 5342 3484 5413 μέν.
3506 5340 3751 5405 Plinius...

2178 5434 2271 5488 lib.
2305 5450 2415 5496 x-vi,
2444 5448 2564 5502 cap.
2590 5433 2680 5496 22,
2723 5434 2908 5489 Morus
2929 5447 3105 5489 autem
3141 5437 3421 5490 novissima
3456 5438 3732 5506 germinat.

2176 5543 2294 5579 cum
2316 5527 2501 5593 primis
2529 5526 2661 5596 folia
2689 5528 2946 5591 demittit;
2975 5537 3028 5584 et
3062 5545 3182 5599 cap.
3221 5528 3310 5593 25,
3343 5528 3585 5583 Serotino
3609 5545 3737 5598 quo-

2176 5620 2299 5674 dant
2338 5622 2633 5690 germinatu
2655 5621 2864 5689 ﬂorent,
2895 5632 3265 5693 maturantque
3298 5621 3554 5684 celeriter,
3583 5619 3737 5675 sicuti

2178 5731 2378 5779 morus,
2406 5731 2521 5781 qua:
2552 5715 2834 5769 uorissimu
2854 5715 3176 5768 urbanarum
3199 5715 3476 5782 germinat,
3503 5732 3615 5781 nec,
3634 5717 3750 5773 nisi.
