4072 6342
518 335 625 392 855

1851 307 2096 367 LEONIS
2131 300 2403 360 ALLATll

3645 283 3746 340 856

516 455 763 530 κρύουσι.
809 454 939 517 Qua
960 446 1070 503 sint
1111 444 1368 499 arborum
1404 441 1675 509 lacrymte,
1697 442 1753 490 et
1797 430 1894 502 qui
1937 430 2089 487 succi
2121 435 2164 490 Α
2190 438 2309 479 eam
2348 436 2469 493 quae
2526 412 2939 530 supercstmsibi
2994 422 3306 472 reservare;
3370 404 3564 458 falsqu
3622 399 3748 530 item

1818 526 1871 530 ---
2287 512 2322 530 ιο
2449 504 2744 530 μ--.;,.ι-,...
2837 500 3018 530 ιικηῖΛΛ
3045 491 3353 530 Smmmlnri
3395 490 3613 530 numine
3669 485 3747 530 ri.

516 526 753 618 esplicat
807 540 1170 611 Theophrast.
1218 535 1296 590 De
1349 533 1529 589 causis
1580 530 1750 601 plant.
1817 526 1942 581 libr.
2002 539 2078 586 vn,

516 637 635 710 eap.
672 637 758 699 18,
817 632 1055 689 Καλοῦσι
1101 631 1158 684 δέ
1196 628 1266 683 τὰ
1295 627 1391 699 μὲν
1421 625 1608 688 omits,
1657 622 1725 676 τὰ
1757 621 1815 675 δὲ
1851 618 2079 710 δάκρυα..

515 705 837 799 Κοινότερον
877 725 934 778 δέ
963 726 992 777 ὁ
1034 721 1184 785 ὁπός.
1218 718 1472 789 Διαφέρει
1498 714 1555 769 δὲ
1592 714 1722 776 ἴσως
1753 709 1924 771 οὐδὲν,
1964 705 2084 760 ἐπεὶ

512 822 574 875 τό
616 837 679 889 γε
702 817 1008 872 κοινότατον
1058 811 1357 883 ἁνωνύμως
1402 806 1717 878 λεγόμενον·
1764 803 1797 875 ἢ
1850 800 2084 871 ὑγρρτης

512 912 690 966 οἰκεία
716 909 837 964 καθ’
867 908 1094 961 ἕκαστον
1120 903 1279 974 πέψιν
1301 902 1516 972 ἔχουσα.
1539 898 1637 953 Διὰ
1657 898 1712 953 δὲ
1738 898 1799 951 τὸ
1832 910 2086 966 σωματω-

514 1004 771 1075 δεστέρας
797 996 935 1055 εἶναι
964 998 1058 1053 καὶ
1090 997 1373 1067 γλίσχρας,
1403 992 1501 1058 τὰς
1521 992 1564 1047 δ’
1593 988 1899 1052 ύδατὼδεις,
1935 983 2085 1055 ἀγλε-

506 1111 731 1166 εσχρους,
748 1091 855 1145 τῶν
888 1091 985 1162 μὲν
1012 1088 1219 1157 γίνεται
1240 1084 1425 1158 πῆξαι,
1450 1083 1556 1137 τῶν
1583 1082 1627 1143 δ’
1654 1080 1737 1135 οὓ.
1766 1080 1909 1152 Πρὸς
1934 1077 2081 1141 ἐνίας

513 1187 571 1241 δὲ
608 1186 702 1240 καὶ
740 1179 1181 1256 παρεμϐάλλουσί
1219 1196 1270 1232 τι
1296 1176 1386 1230 τοῦ
1428 1175 1617 1246 πῆξαι,
1652 1173 1745 1228 καὶ
1781 1170 2079 1239 συλλέγειν.

586 1275 749 1338 lbid.,
784 1274 884 1329 lin.
918 1271 1005 1326 10.
1041 1272 1229 1326 Ἀλλο
1272 1268 1382 1338 γὰρ
1413 1264 1525 1335 τῆς
1562 1264 1800 1335 σχίνου.
1847 1260 2083 1315 Lentisci

515 1369 811 1440 lacrymam
837 1364 1155 1421 maslicltem
1184 1376 1308 1417 esse
1328 1356 1605 1427 colligitur
1619 1371 1683 1411 ex
1710 1351 2087 1423 Theophrasto

514 1458 594 1515 De
616 1458 742 1512 Itist.
774 1454 944 1524 plant,
988 1453 1083 1506 lib.
1121 1468 1192 1505 Ix.
1229 1465 1277 1505 c.
1325 1445 1373 1510 1,
1410 1446 1731 1500 Συνίσταται
1772 1442 1829 1497 δέ
1861 1442 1953 1496 καὶ
1994 1440 2087 1494 ἐπὶ

512 1552 616 1622 τῆς
642 1549 845 1620 σχίνου,
877 1545 973 1600 καὶ
1001 1545 1093 1598 ἐπὶ
1127 1543 1224 1614 τῆς
1263 1538 1502 1610 ἀκάνθης
1546 1538 1644 1609 τῆς
1692 1535 1861 1607 ίξίνης
1897 1533 2090 1587 καλου-

518 1644 709 1718 μένης,
736 1641 796 1708 se
833 1635 907 1697 ὧν
951 1642 985 1712 η
1027 1638 1282 1710 μαστίχη.
1327 1633 1459 1701 Quae
1497 1640 1676 1687 autem
1725 1631 1798 1687 sit
1841 1627 1987 1682 ixine
2035 1631 2090 1680 et

515 1752 680 1808 quam
706 1733 1025 1791 masticbem
1056 1736 1302 1801 procreet
1322 1727 1462 1781 idem
1488 1722 1861 1795 prosequitur,
1891 1718 1985 1774 lib.
2005 1732 2086 1782 Vl,

515 1846 638 1900 cap.
661 1828 717 1894 4,
760 1827 825 1880 Ἦ
858 1823 995 1895 ίξίνη
1024 1822 1217 1892 φύεται
1241 1819 1339 1891 μὲν
1364 1818 1423 1870 οὑ
1452 1812 1738 1887 πολλαχοῦ·
1772 1808 2083 1885 ριζόφυλλον
2112 1819 2157 1875 Β

513 1923 573 1978 δέ
603 1925 769 1977 ἐστιν·
801 1918 909 1974 ἀπὸ
935 1915 991 1971 δὲ
1014 1916 1113 1987 τῆς
1134 1913 1288 1988 ῥίζης
1319 1910 1488 1984 μέσης
1514 1910 1543 1962 ὁ
1559 1903 1926 1979 σπερματικὸς
1946 1903 2080 1958 ἄκα-

514 2032 605 2078 νος
618 2011 975 2083 ἐπιπέφυκεν,
991 2007 1176 2077 ὥσπερ
1195 2004 1359 2076 μῆλον
1374 1998 1433 2056 εὖ
1454 1999 1597 2074 μάλα
1611 1992 2081 2083 ἐπικεκρυμμένον

516 2105 609 2160 ἐπὶ
649 2103 761 2160 τῶν
795 2080 1030 2173 ιρύλλων.
1081 2093 1247 2161 Οὗτος
1286 2095 1342 2149 δι
1372 2094 1465 2147 ἐπὶ
1496 2091 1590 2146 τοῦ
1633 2089 1803 2161 ἄκρου
1840 2084 1994 2156 φέρει
2022 2080 2084 2173 τι

516 2195 751 2267 δάκρυον
788 2172 1071 2264 εὔστομον,
1116 2188 1212 2241 καὶ
1240 2183 1400 2241 τοῦτό
1442 2184 1591 2236 ἐστιν
1616 2181 1650 2251 ἡ
1692 2173 1961 2245 ἀκανθικὴ
1991 2172 2085 2226 καὶ⁴

515 2286 551 2356 ἡ
588 2262 845 2355 μαστίχη.
880 2262 992 2351 Ego
1025 2287 1208 2334 tamen
1249 2274 1425 2345 magis
1466 2271 1533 2325 ad
1566 2281 1798 2330 mentem
1844 2262 2085 2320 auctoris

462 2436 477 2453 ,
516 2387 571 2434 et
594 2377 661 2432 ad
690 2376 1014 2432 sententiam
1057 2373 1312 2442 legerem.
1346 2366 1441 2421 καὶ
1469 2363 1624 2420 τοῦτό
1664 2362 1809 2416 ἐστιν
1845 2360 1887 2442 ἡκ
1912 2357 2082 2423 ἀκάν-

516 2468 645 2541 θικὴ
678 2464 935 2539 μαστίχη,
969 2470 1022 2519 et
1055 2463 1112 2518 ni
1143 2475 1362 2517 vererer
1398 2457 1466 2513 ab
1498 2453 1771 2525 aliquibus
1825 2461 2082 2520 tanquam

520 2561 702 2617 audax
730 2557 998 2624 accusari,
1044 2557 1273 2611 libenter
1302 2552 1492 2622 utique
1534 2562 1634 2619 pro
1674 2546 1892 2608 ἄκανος,
1917 2542 2083 2599 dicav-

520 2676 614 2741 θος
649 2675 906 2747 legerem,
951 2677 1011 2728 ut
1052 2667 1246 2723 modus
1273 2664 1597 2743 plurasisque
1635 2675 1743 2717 una
1784 2657 2084 2727 eademque

518 2765 898 2839 Theophrasto
931 2768 1208 2825 servetur;
1247 2758 1379 2821 dicit
1408 2756 1561 2812 enim
1588 2753 1728 2810 hanc
1757 2746 2080 2805 mastichem

517 2859 766 2931 generari
811 2856 904 2911 ἐπὶ
942 2854 1041 2927 τῆς
1064 2851 1322 2923 ἀκάνθης,
1355 2866 1462 2906 non
1500 2848 1591 2903 ἐπὶ
1617 2845 1712 2900 τοῦ
1735 2842 1960 2908 ἀκάνου,
2014 2854 2081 2896 ex

516 2970 628 3025 quo
658 2969 766 3009 non
789 2949 1076 3020 ἀκανθική,
1106 2947 1200 3004 sed
1222 2946 1480 3017 ἀκανική,
1503 2942 1796 3003 diceretur.
1821 2936 2053 3010 quemad
2070 2964 2084 2977 -

518 3047 740 3103 modum
774 3054 827 3101 et
854 3042 1111 3099 δικανικαί
1147 3040 1380 3096 ἄκανθαι
1419 3037 1559 3108 apud
1593 3037 1770 3106 ipsum
1805 3033 2077 3104 leguntur,

2187 485 2421 585 pretium
2449 485 2746 564 masticbes
2785 500 3020 557 Turcico
3044 491 3355 568 imperatori
3394 490 3613 546 nomine
3643 485 3747 540 tri-

2185 578 2304 664 buti
2334 601 2568 675 persolvi
2607 620 2619 655 :
2653 597 2749 656 sed
2784 596 2898 650 haec
2930 603 3059 650 sunt
3082 588 3310 644 alterius
3351 581 3573 654 negotii.
3598 578 3751 632 Dale-

2186 671 2435 767 campius
2461 692 2700 749 Plinium
2720 684 3073 758 reprehendit
3100 678 3246 752 quod
3273 678 3411 733 falso
3432 671 3753 767 masticbem

2189 761 2392 843 resibis
2432 783 2658 856 liquidis
2689 773 3159 837 annumeraverit,
3191 770 3291 825 lib.
3341 782 3455 830 ειν,
3490 780 3613 835 cap.
3658 761 3751 817 20.

2187 877 2294 935 Sed
2343 875 2641 931 immerito.
2686 868 2949 925 Masticbe
2989 865 3135 921 enim
3176 856 3548 922 dum-elliuit,
3598 863 3755 909 ante-

2184 986 2348 1043 quam
2378 968 2688 1028 coalescat,
2720 961 2885 1023 liuida
2922 967 3006 1015 est
3034 952 3489 1028 quemadmodum
3527 956 3581 1003 et
3609 955 3754 1001 tere-

2184 1035 2426 1116 bintbus.
2465 1055 2523 1109 Et
2555 1053 2741 1108 forsan
2775 1059 3024 1119 tempore
3050 1044 3213 1100 Plinii
3244 1057 3331 1097 res
3359 1040 3520 1094 aliter
3558 1052 3619 1091 se
3650 1035 3754 1089 ba-

2186 1151 2349 1211 bebat
2395 1162 2460 1202 ac
2495 1144 2658 1200 modo
2686 1141 2958 1211 videmus.
3009 1133 3333 1194 Communis
3374 1138 3459 1187 est
3507 1128 3752 1184 omnium

2186 1240 2243 1294 in
2273 1253 2336 1295 ea
2367 1236 2547 1291 insula
2597 1232 2821 1288 traditio
2864 1245 2895 1284 a
2941 1226 3243 1296 majoribus
3293 1227 3517 1291 excepta
3563 1215 3751 1272 masti-

2187 1329 2345 1384 cbem
2392 1327 2545 1397 prius
2603 1321 2867 1394 liquidam
2920 1318 3253 1387 lluidamque
3295 1313 3488 1369 fuisse.
3547 1308 3750 1365 Verum

2192 1424 2483 1488 postquam
2515 1398 2748 1469 sanctus
2775 1410 2870 1467 Dei
2899 1417 3108 1481 martyr
3136 1405 3378 1462 Isidorus
3400 1404 3454 1457 in
3478 1417 3542 1457 ea
3574 1400 3749 1455 insula

2170 1509 2447 1579 martyris
2510 1520 2716 1569 corona
2780 1504 3020 1566 ditatus,
3063 1501 3132 1556 ad
3189 1499 3468 1554 cmlestem
3518 1495 3749 1567 patriam

2166 1598 2588 1670 -commigravit,
2616 1598 2672 1652 in
2700 1596 2905 1652 ‘durum
2955 1608 3159 1664 corpus
3181 1589 3347 1646 veluti
3390 1587 3594 1660 gunuui
3625 1599 3753 1638 cou-

2190 1693 2452 1754 crevisse,
2485 1688 2650 1760 idque
2673 1687 2940 1759 sanguine
2969 1686 3110 1743 tanti
3156 1682 3414 1754 martyris
3449 1679 3751 1751 pra-stitum

2185 1780 2378 1846 fuisse,
2413 1780 2542 1849 dum
2575 1796 2673 1852 per
2724 1780 2849 1834 illas
2886 1777 3112 1833 arbores
3156 1773 3550 1830 dilacerandus
3591 1770 3750 1840 equis

2183 1872 2518 1928 immanibus
2561 1871 2760 1940 ligatus
2785 1867 3125 1923 trahebatur.
3174 1863 3327 1931 Facti
3372 1863 3536 1932 bujus
3565 1860 3754 1916 memi-

2183 1965 2266 2024 nit
2298 1962 2559 2019 Nicolaus
2590 1961 3011 2041 Pepagomenus
3036 1960 3288 2014 oratione
3318 1956 3375 2011 in
3399 1955 3607 2012 dictum
3628 1968 3756 2010 san-

2181 2063 2356 2121 ctum,
2373 2069 2538 2125 quam
2569 2053 2815 2112 Latinam
2836 2067 2866 2106 a
2891 2052 3053 2107 nobis
3071 2049 3269 2104 factam
3290 2064 3400 2103 una
3424 2062 3548 2102 cum
3563 2045 3753 2101 Graeca

2181 2147 2401 2221 publico
2419 2144 2725 2212 commodo,
2758 2142 2869 2199 Deo
2902 2143 3083 2207 dante,
3118 2140 3359 2197 edemus.
3381 2137 3631 2207 lsitaque
3646 2137 3752 2191 ait:

2182 2237 2354 2308 Λόγος
2382 2236 2440 2291 δέ
2464 2253 2550 2301 τις
2576 2235 2799 2308 φέρεται
2826 2234 2920 2289 καὶ
2953 2232 3107 2305 ἡμῶν
3132 2232 3259 2303 ἄχρι
3293 2230 3524 2300 φθάσας,
3562 2228 3642 2292 ὡς
3665 2227 3754 2282 τὸν

2183 2324 2278 2384 νῦν
2316 2326 2685 2398 καταρρέοντα
2710 2324 2818 2378 τῶν
2846 2322 3040 2394 σχίνων
3075 2321 3228 2386 ὀπὸν,
3261 2321 3357 2384 καὶ
3389 2318 3753 2389 πηγνύμενον,

2180 2418 2302 2474 {ne
2343 2417 2542 2481 πάντες
2580 2416 2753 2485 ὁπόσα
2805 2413 2994 2468 τούτου
3034 2412 3181 2485 παρὰ
3220 2414 3333 2479 τοῖς
3377 2411 3527 2475 Χίοις
3573 2409 3755 2481 μόνοις

2184 2506 2346 2581 φορὰ,
2374 2507 2470 2563 καὶ
2499 2505 2574 2571 ὡς
2596 2506 2755 2577 εῐπερ
2790 2522 2843 2558 τι
2875 2503 2955 2575 τῷ
2990 2502 3090 2575 βίῳ
3113 2502 3296 2574 τούτῳ,
3318 2500 3754 2554 λυσιτελέστατον

2183 2599 2305 2655 καθ’
2341 2600 2504 2654 αὐτόν
2546 2614 2608 2652 τε
2676 2597 2772 2653 καὶ⁵
2811 2600 2924 2662 τοῖς
2964 2595 3140 2667 ᾷλλοις
3184 2593 3632 2667 ἐπιμιγνύμενον,
3681 2592 3756 2666 μη

2182 2689 2419 2765 πρόσθεν
2450 2688 2675 2762 ἰσχυρὰν
2703 2688 2931 2742 εἰωθότα
2960 2687 3257 2758 λαμϐάνειν
3280 2686 3379 2758 τὴν
3416 2686 3598 2757 πῆξιν.
3625 2686 3756 2765 κάν-

2180 2757 2373 2839 τέῦθεν
2398 2757 2729 2847 τοῖς-θέασιν,
2744 2780 2948 2849 ὕοντος,
2972 2757 3534 2851 συμπαραφερόμενόν
3561 2794 3624 2831 τε
3651 2757 3756 2831 ’καὶ

2182 2876 2572 2948 ἀπολλύμενον.
2603 2872 2729 2930 Ὀτι
2760 2872 2835 2945 μὴ
2858 2872 3006 2940 πάνυ,
3020 2870 3241 2944 μετρίου
3265 2871 3409 2937 τινὸς
3428 2870 3566 2928 ἄνευ,
3590 2870 3640 2923 οί
3664 2868 3754 2922 τοῦ

2185 2970 2460 3043 μάρτυρος
2505 2966 2678 3039 aegon,
2726 2968 2823 3021 καὶ
2862 2966 2932 3020 τὰ
2961 2965 3192 3039 λαμπρὰ
3218 2963 3362 3020 κατὰ
3396 2964 3506 3023 τῶν
3546 2962 3756 3035 ἐχθρῶν

2183 3055 2560 3131 ἀγωνίσματα,
2600 3058 2698 3113 καὶ
2738 3056 2800 3113 τὸ
2827 3057 2926 3128 τῆς
2966 3056 3193 3129 γνώμης
3230 3055 3531 3125 άνένδρτον,
3573 3054 3669 3108 καὶ
3698 3054 3754 3107 al

517 3142 614 3196 lib.
647 3156 722 3206 tv,
751 3138 949 3210 (ξοβετ,
990 3134 1132 3191 Ilist.
1175 3135 1343 3206 plant.
1370 3131 1437 3186 Et
1453 3131 1500 3187 si
1533 3130 1731 3193 ἄκανος
1764 3125 1900 3182 velis
1952 3124 2081 3178 reti-

2185 3124 2806 3223 abxvat‘xapsapﬁostc,
2857 3124 2937 3211 el;
3028 3124 3122 3203 νῦν
3148 3124 3395 3219 ⁷ὁρᾶται,
3427 3146 3565 3219 πρὸς
3610 3144 3754 3198 λίθου

518 3248 671 3295 nere,
722 3246 891 3304 quare
945 3230 1064 3300 ejus
1098 3228 1421 3285 sententiam
1465 3238 1576 3279 non
1627 3219 1942 3285 concludes,
1985 3216 2080 3274 καὶ

517 3323 678 3377 τοῦτό
710 3322 906 3393 ἐστινή
938 3318 1168 3392 hamati;
1206 3316 1476 3390 μαστίχηῖ
1505 3313 1609 3370 Sed
1638 3314 1920 3369 dubitasse
1950 3312 2085 3368 satis

519 3416 587 3470 de
617 3416 737 3469 bac.
761 3413 973 3469 Plinius
1004 3411 1099 3467 lib.
1140 3424 1241 3474 xu,
1268 3424 1388 3480 cap.
1421 3407 1509 3474 Π,
1549 3404 1652 3462 Sed
1675 3403 1928 3460 masticlte
1952 3419 2084 3474 quo-

518 3522 619 3578 que
651 3505 859 3576 gemina
888 3511 986 3567 est,
1013 3501 1262 3573 quoniam
1289 3509 1339 3554 et
1368 3501 1423 3553 in
1451 3498 1582 3552 Asia
1611 3494 1915 3565 erciaque
1944 3508 2087 3563 repe-

519 3598 680 3663 ritur,
709 3595 869 3651 herba
899 3594 1076 3665 radice
1102 3592 1236 3663 folia
1268 3591 1526 3654 amittens,
1558 3598 1609 3645 et
1650 3586 1908 3641 carduum
1938 3585 2087 3640 simi-

522 3692 622 3744 lem
645 3689 786 3743 malo
814 3688 1026 3743 seminis
1049 3687 1279 3755 plenum,
1309 3685 1643 3755 lacrymaque
1671 3681 1898 3751 erumpit
1919 3680 2088 3733 incisa

519 3791 670 3851 parte
693 3796 900 3843 summa
924 3780 1011 3834 vix
1051 3786 1114 3834 ut.
1132 3777 1367 3849 dignosci
1398 3775 1563 3855 possit
1591 3791 1625 3830 a
1663 3772 1915 3835 mastiche
1944 3788 2086 3827 vera.

525 3870 639 3928 Nec
661 3888 765 3926 non
795 3882 845 3928 et
897 3872 1052 3924 tertia
1096 3870 1151 3923 in
1199 3868 1370 3923 Ponto
1400 3878 1476 3923 est
1519 3865 1789 3921 bituminis
1837 3863 2086 3919 similior.

528 3961 927 4025 Laudatissima
983 3970 1158 4016 autem
1206 3968 1285 4014 est
1322 3957 1457 4013 Chia
1501 3955 1751 4020 candida,
1786 3954 1938 4024 cujus
1970 3970 2089 4023 pre-

524 4061 659 4114 t'um
689 4055 745 4121 in
796 4055 959 4119 libras
994 4070 1088 4118 xx,
1134 4053 1301 4129 nigra:
1333 4066 1451 4107 vero
1488 4065 1585 4104 xu.
1622 4046 1755 4114 Chia
1791 4063 1819 4110 s
1868 4046 2087 4101 lentisco

524 4151 756 4211 traditur
777 4149 922 4220 gigni
953 4146 1150 4220 gummi
1197 4143 1373 4208 modo,
1418 4142 1750 4197 adulteretur
1790 4148 1850 4202 ut
1901 4136 2087 4204 thura,

524 4244 722 4301 resina.
752 4240 947 4297 Petrus
970 4239 1265 4302 Bellonius,
1287 4236 1654 4296 Observation.
1678 4233 1775 4288 lib.
1800 4246 1862 4298 tt,
1889 4246 2011 4303 cap.
2030 4232 2084 4297 8,

524 4334 810 4399 Mastiches
834 4344 1110 4404 proventus
1140 4332 1193 4384 in
1220 4347 1282 4385 ea
1324 4329 1500 4383 insula
1532 4326 1662 4381 Chio
1692 4336 1870 4389 tantus
1901 4331 2000 4389 est,
2030 4332 2095 4383 ut,

524 4428 746 4498 singulis
780 4425 933 4484 annis
981 4423 1200 4482 Turcico
1234 4420 1542 4491 imperatori
1581 4434 1676 4489 pro
1707 4416 1976 4487 quaternis
2010 4415 2089 4469 rel

2186 3242 2346 3311 φύσιν
2374 3241 2542 3311 ἐγγὺς
2572 3239 2956 3311 μετεποίησαν,
3004 3240 3120 3320 ἅμα
3159 3255 3221 3292 τε
3258 3239 3448 3306 τούτου
3489 3236 3756 3307 τοσαύτην

2184 3332 2480 3403 εἰργάσατο
2505 3329 2603 3402 τὴν
2634 3330 2894 3394 ἐπίδοσιν,
2921 3327 2997 3395 ὡς
3032 3328 3233 3400 μηδένα
3267 3326 3463 3400 μικρρῦ
3485 3326 3596 3381 τῶν
3622 3329 3756 3398 ὀπή-

2185 3441 2316 3478 ποτε
2358 3423 2463 3494 γῆς
2488 3406 2778 3477 οἰκούντων
2811 3421 2885 3493 μὴ
2913 3421 3017 3492 τῆς
3042 3420 3162 3474 κατ’
3191 3419 3308 3484 ἔτος
3335 3418 3630 3477 ἀπολαύειν
3662 3437 3755 3489 φο-

2187 3518 2306 3590 ρᾶς.
2338 3512 2490 3587 Μηδέ
2514 3513 2622 3586 γὰρ
2648 3514 2714 3568 ἂν
2731 3516 2842 3577 τοῖς
2868 3512 2974 3584 πρὸ
3000 3511 3095 3577 τοῦ
3126 3513 3292 3582 πᾷσιν
3310 3510 3754 3582 Ἀσκληπιάδαις,

2185 3606 2397 3669 οὐδενὸς
2432 3605 2553 3657 ὅτου
2589 3603 2695 3657 τῶν
2724 3603 2861 3673 πρὸς
2890 3601 3129 3673 ἰατρείαν
3161 3600 3350 3654 παθῶν
3378 3600 3447 3667 οὐι
3472 3601 3757 3671 μεμνημέ-

2185 3714 2316 3761 νοις,
2341 3694 2601 3759 πολλάκις
2650 3692 2834 3764 σχεδὸν
2882 3690 3239 3764 ἀμνημοσύνη
3288 3688 3476 3743 τούτου
3528 3689 3755 3761 προσῆν,

2187 3791 2388 3864 καίπερ
2426 3794 2539 3855 τοῖς
2580 3788 2960 3862 καιριωτάτοις
3001 3771 3440 3858 συμϐαλλομένου
3470 3783 3541 3837 τὰ
3572 3800 3755 3857 περιτ-

2187 3885 2409 3955 τεύοντα
2438 3883 2544 3938 τῶν
2579 3882 2759 3957 ὑγρῶν
2787 3879 3133 3952 ἀποκαθᾷραι
3166 3879 3261 3933 καὶ
3289 3876 3588 3949 ἀλγηδόνας
3615 3878 3756 3932 ἔστιν

2185 3976 2252 4046 8,;
2288 3976 2638 4047 ἐπικουφίσαι
2668 3991 2728 4027 τε
2758 3974 2852 4028 καὶ
2907 3972 3173 4045 κοιμίσαι,
3212 3970 3308 4026 καὶ
3345 3968 3417 4023 τὰ
3457 3970 3759 4043 παρειμένα

2186 4067 2281 4139 τοῦ
2331 4067 2582 4139 σώματος
2621 4052 3055 4139 ίσχυροποιῆσαι,
3111 4063 3206 4118 καὶ
3257 4061 3562 4136 νευρῶσαι,
3602 4063 3757 4133 ῳύσιν

2185 4160 2422 4231 ἐχοντος.
2476 4159 2682 4227 Ὄντως
2728 4158 2953 4232 ἀρίστου
3006 4157 3102 4220 καὶ
3151 4154 3478 4226 θαυμαστοῦ,
3515 4151 3755 4228 γεωργοῦ

2188 4250 2400 4327 καρπρς
2422 4250 2636 4327 ἥδιστος
2662 4251 2781 4319 κατῗ
2815 4248 3131 4320 ἐπωνυμίαν
3159 4245 3324 4301 αὑτοῦ
3354 4246 3468 4319 τὴν,
3482 4247 3758 4319 ἐνέργειαν

2187 4341 2548 4413 κεκτημένος.
2582 4338 2729 4412 ῌλην
2771 4340 2893 4415 ὅσον
2919 4340 2949 4391 ὁ
2983 4338 3081 4411 μὲν
3115 4337 3209 4392 καὶ
3242 4335 3419 4407 ψυχὰς
3450 4336 3758 4408 καμνούσας

2188 4434 2330 4500 ἀξιοί
2364 4432 2680 4505 θεραπείας,
2711 4432 2807 4486 καὶ
2851 4434 2962 4495 τοῖς
3001 4431 3063 4484 τὸ
3103 4429 3261 4501 σῶμα
3293 4430 3544 4501 πονήρως
3579 4428 3754 4501 ἔχουσι

524 4520 697 4593 quinis
715 4517 946 4579 millibus
956 4513 1268 4579 ducatorum
1285 4512 1515 4581 pendant
1534 4514 1588 4565 in
1604 4507 1961 4563 deductionem
1974 4506 2088 4575 ejus

2189 4521 2439 4601 opipsitat
2472 4521 2568 4594 τὴν
2613 4520 2772 4575 ίασινο
2820 4524 2848 4575 ὁ
2884 4521 2955 4601 δέ
2981 4518 3115 4592 τῷδε
3157 4520 3419 4593 βραχεῖαν.
3454 4519 3631 4590 ἐνίησι
3663 4519 3756 4590 τῆς

524 4629 745 4669 summa:
767 4626 925 4683 quam
956 4609 1039 4664 illi
1074 4608 1260 4663 tributi
1289 4604 1497 4665 nomine
1520 4601 1650 4656 dare
1677 4601 1882 4668 debent,
1911 4609 1960 4661 et
1982 4599 2103 4655 sin-.

529 4708 681 4776 gulas
700 4714 942 4760 centenas
958 4702 1120 4757 libras
1141 4699 1367 4755 centenis
1377 4698 1551 4769 quinis
1570 4694 1777 4749 ducatis
1802 4694 2089 4759 testimnnt,

524 4795 777 4869 quidquid
789 4796 903 4865 eius
924 4802 1153 4863 superest
1176 4792 1275 4846 sibi
1297 4796 1582 4845 reservant.
1612 4786 1753 4840 Galli
1778 4794 2092 4840 mercatores

524 4890 807 4946 mastiches
819 4888 1043 4959 pretium
1057 4884 1191 4938 idem
1203 4892 1443 4952 perpetuo
1458 4896 1571 4936 esse
1582 4878 1970 4941 considerantes
1983 4878 2094 4931 exi-

525 4986 768 5046 stimant;
782 4990 936 5051 atque
956 4979 1113 5037 etiam
1127 4977 1356 5045 referunt
1371 4971 1813 5040 incolas,collecta
1823 4970 1936 5041 ejus
1951 4979 2094 5024 certa

424 5081 446 5129 ‘.~
525 5071 1113 5147 quantitate,reliquant
1138 5067 1381 5137 abjicere.
1415 5063 1519 5119 Sed
1548 5063 1604 5123 id
1627 5063 1836 5121 veritati
1866 5063 2095 5116 maxime

528 5164 855 5219 contrarium
898 5169 976 5215 est
1007 5172 1026 5214 :
1056 5174 1184 5219 nant
1213 5159 1292 5211 uti
1328 5153 1560 5216 diximus
1622 5170 1843 5225 magnas
1890 5154 2092 5222 impen-

529 5274 617 5310 sas
663 5256 718 5309 in
751 5254 955 5309 lentisci
987 5249 1266 5322 fruticibus
1317 5247 1575 5312 colendis,
1609 5255 1659 5301 et
1703 5245 1954 5307 curandis
2008 5245 2097 5316 [a-

529 5344 812 5411 ciunt;sed
841 5347 1095 5417 quoniam
1125 5343 1346 5398 Turcico
1369 5342 1673 5409 imperatori
1692 5339 1913 5410 singulis
1942 5342 2094 5392 annis

529 5457 625 5510 pro
657 5450 907 5512 quatuor,
940 5437 1299 5508 autplurium
1332 5435 1558 5490 millium
1600 5435 1913 5489 ducatorum
1953 5433 2095 5488 testi-

536 5535 766 5586 motione
790 5531 1041 5602 pendunt,
1076 5532 1190 5596 eius
1216 5530 1445 5597 pretium
1469 5527 1545 5583 vel
1574 5543 1783 5598 augere,
1814 5527 1893 5582 vel
1921 5527 2096 5581 immi-

536 5641 693 5678 nuere
724 5641 827 5678 non
855 5625 993 5679 licet.
1027 5624 1084 5677 ln
1115 5621 1316 5693 quibus
1346 5621 1535 5676 multis
1568 5620 1767 5673 labitur
1797 5616 2091 5674 Bellonius.

539 5713 739 5770 Verum
770 5715 912 5770 enim
936 5724 1041 5777 est,
1076 5713 1283 5768 incolas
1314 5712 1625 5782 praescripta
1654 5711 1955 5779 quantitate
1983 5709 2096 5761 col-

541 5810 680 5870 lcCta
710 5806 974 5876 reliquam
999 5808 1083 5863 vcl
1115 5805 1373 5875 abjiccrc,
1407 5804 1489 5859 vel
1523 5803 1808 5874 ttt‘gligct‘c.
1852 5799 2091 5865 Falsum,

2195 4614 2435 4685 ίᾳτρείας
2455 4614 2775 4686 ἀπόρροιαν.

2262 4704 2423 4771 ll)id..
2451 4706 2550 4760 lin.
2580 4689 2666 4762 ll.
2692 4705 2800 4761 Kal
2821 4703 3012 4771 ἄλλος
3030 4706 3064 4758 ὀ
3086 4702 3197 4773 τῆς
3209 4703 3559 4774 βαλσάμου.
3592 4702 3759 4758 Theo-

2191 4797 2451 4867 phrastus
2483 4797 2539 4851 in
2570 4795 2710 4851 valle
2742 4793 2915 4865 Syria:
2941 4792 3117 4870 nasci,
3157 4792 3393 4846 lructum
3428 4791 3603 4861 magis
3629 4793 3756 4849 odo-

2194 4901 2371 4944 ratum
2404 4905 2527 4945 esse
2559 4904 2721 4959 quam
2772 4876 3088 4958 lacrymam.
3133 4892 3188 4940 et
3230 4884 3475 4940 incisura
3518 4881 3665 4938 facta
3689 4898 3757 4947 ex

2192 4978 2440 5042 caudice,
2481 4979 2598 5034 sive
2644 4986 2796 5048 parte
2838 4990 3095 5048 superna,
3140 4984 3329 5030 testate
3362 4983 3476 5039 tota
3508 4989 3750 5037 succum,

2195 5070 2289 5124 scd
2344 5070 2495 5124 illum
2548 5068 2940 5138 paucissimu'm
2975 5066 3179 5139 colligi,
3227 5067 3320 5121 lib.
3360 5082 3423 5133 ιι⁸
3463 5064 3540 5121 lle
3569 5067 3750 5120 histor.

2192 5160 2386 5229 plant.,
2421 5174 2543 5229 cap.
2589 5157 2644 5222 6,
2688 5159 2761 5211 Τὸ
2802 5158 2857 5211 δὲ
2901 5156 3173 5234 βάλσαμον
3214 5157 3423 5226 γίνεται
3458 5157 3559 5228 μὲν
3599 5154 3753 5227 ἐντῷ

2194 5251 2414 5316 Αὐλῶν,
2452 5250 2530 5321 τῷ
2555 5251 2682 5322 περὶ
2721 5251 2940 5324 Συρίαν,
2983 5248 3338 5322 παραδείσους
3374 5248 3418 5320 δῖ
3458 5245 3596 5303 εἶναί
3626 5266 3752 5320 φασι

2193 5343 2286 5395 δύο
2303 5342 2512 5412 μόνους,
2532 5341 2620 5394 τὸν
2644 5342 2742 5414 μὲν
2756 5342 2877 5394 ὅσον
2901 5340 3072 5394 εἴκοσι
3097 5340 3343 5412 πλέθρων
3390 5341 3481 5409 τὸν
3505 5341 3550 5395 δ’
3574 5342 3763 5413 ἕτερον.

2195 5433 2372 5505 πολλῴ
2408 5433 2680 5488 ἐλάττονα.
2719 5434 2944 5506 Reliqua
2969 5434 3090 5489 vide
3122 5434 3264 5503 apud
3295 5433 3750 5504 Theophrastum.

2150 5521 2156 5531 ”
2194 5540 2259 5581 ex
2289 5540 2398 5596 quo
2433 5525 2641 5579 Plinius
2681 5525 2776 5580 lib.
2820 5540 2922 5589 xu,
2956 5541 3077 5595 cap.
3116 5525 3211 5591 25,
3261 5539 3359 5580 sua
3398 5526 3630 5597 accepit,
3656 5538 3757 5581 ne:

2194 5618 2449 5672 convenit
2479 5618 2532 5671 in
2550 5616 2806 5672 omnibus
2835 5617 2903 5672 de
2929 5617 3155 5673 historia
3186 5616 3419 5674 balsami
3469 5625 3751 5674 auctorum

2195 5709 2479 5763 sententia.
2551 5707 2757 5763 Plinius
2814 5707 2947 5763 dicit
2987 5709 3288 5763 balsamum
3340 5708 3430 5761 uni
3480 5716 3751 5762 terrarum

2195 5799 2392 5857 ludant:
2439 5816 2803 5869 concessum;
2871 5798 3217 5858 Dioscorides
3271 5801 3523 5856 couccdit
3586 5800 3757 5859 etiam
