4072 6342
267 342 373 399 837
456 392 459 395 .

1276 343 1339 397 IN
1380 344 1749 400 ECSTATHII
1775 344 2242 400 HEXAEMERON
2273 346 2502 401 ΝΟΤᾸΞ.

3394 347 3499 403 858

268 463 541 535 Aigypto;
582 462 778 516 Strabo
812 463 906 517 lib.
949 480 1037 518 xvr
1085 465 1339 521 silvestre
1387 466 1539 520 nasci
1587 466 1751 519 tradit
1784 466 1837 518 in
1870 474 1914 525 Α
1945 466 2159 520 saxulis
2185 478 2475 529 excoctum,
2499 465 2705 535 glebam
2729 465 2889 519 habui
2918 475 3120 518 erutam
3156 480 3310 534 prope
3356 464 3500 518 Nar-

266 556 564 611 maritimis
598 554 911 610 Sabaeorum
939 574 955 624 ;
999 556 1408 628 Theophrastus
1440 558 1689 613 silvestre
1721 558 1836 611 bal-

269 663 483 704 samum
516 647 723 701 nullum
766 663 995 718 usquam
1038 657 1311 719 repertum
1348 650 1589 718 accepit;
1635 646 1839 702 Pausa-

270 739 393 790 nias
428 737 484 789 in
512 735 758 790 Bacticis
790 739 1015 793 arbores
1045 739 1101 792 in
1138 740 1336 793 Arabia
1370 739 1654 801 describit,
1690 754 1836 808 myr-

271 837 453 882 torum
500 830 895 900 magnitudine,
932 832 1076 886 foliis
1110 832 1367 886 amaraci.
1413 830 1546 884 Vide
1573 831 1837 900 reliquam

268 922 559 977 historiam
595 923 903 992 viperarum
954 924 1056 979 sub
1097 924 1216 991 ejus
1256 923 1446 977 fronde
1487 924 1834 976 latitantium.

273 1014 483 1069 Plinius
509 1016 679 1070 incidi
709 1017 871 1077 vitro,
898 1016 1073 1085 lapide
1101 1017 1381 1085 osseisque
1404 1016 1664 1076 cultellis,
1696 1013 1838 1069 ferro

273 1108 417 1169 ltBtil,
445 1107 850 1177 Theophrastus
885 1108 1076 1163 ferreis
1116 1109 1389 1177 unguibus
1424 1108 1595 1172 caedi,
1631 1104 1837 1159 Plinius

273 1202 505 1269 primam
541 1200 769 1270 gratiam
813 1216 935 1255 esse
981 1201 1253 1271 lacrymze,
1300 1199 1594 1254 secundam
1622 1197 1837 1259 semini,

274 1292 489 1345 tertiam
532 1292 747 1354 cortici,
778 1292 1057 1346 minimam
1108 1292 1255 1362 ligno
1276 1291 1389 1358 ait;
1431 1289 1839 1359 Theophrastus

272 1383 507 1453 primam
540 1382 776 1447 fructus,
814 1383 1108 1438 secundam
1144 1384 1420 1451 lacrymze,
1455 1383 1701 1435 ultimam
1726 1382 1839 1434 vir—

273 1490 487 1544 garum.
518 1472 795 1528 Diversam
830 1474 992 1542 hujus
1040 1474 1270 1529 balsami
1324 1473 1614 1543 colligendi
1666 1474 1836 1525 ratio-

273 1580 400 1619 nem
435 1565 555 1621 sine
602 1582 837 1620 censura
888 1575 1074 1619 narrat
1109 1566 1418 1619 Brocardus
1456 1565 1754 1618 monachus
1785 1572 1839 1617 et

272 1672 335 1712 se
369 1658 570 1712 vidisse
617 1656 833 1722 fatetur,
876 1657 929 1711 in
978 1658 1343 1727 descriptione
1374 1666 1530 1711 terrae
1584 1666 1785 1710 sanctm
1820 1674 1834 1709 :

276 1748 375 1803 Est
403 1750 562 1803 etiam
597 1749 669 1802 ibi
702 1750 885 1803 hortus
916 1748 1176 1812 Balsami,
1207 1751 1297 1820 qui
1344 1752 1600 1819 irrigatur
1633 1767 1664 1802 a
1694 1749 1839 1815 fonte

268 1856 454 1909 parvo,
480 1842 734 1895 uberrime
780 1852 951 1895 tamen
991 1842 1200 1911 ﬂuente,
1226 1842 1279 1893 in
1306 1858 1406 1910 quo
1448 1843 1595 1894 aiunt
1629 1841 1835 1895 beatam

284 1931 551 2002 Virginem
580 1950 797 2002 puerum
824 1931 1006 1986 Jesum
1043 1933 1228 1985 lavisse
1253 1949 1269 1985 :
1290 1933 1351 1984 ob
1388 1931 1441 1984 id
1469 1932 1689 1985 habetur
1717 1934 1833 2002 fons

269 2023 365 2077 ille
402 2026 456 2076 in
486 2026 832 2087 veneratione,
857 2022 1045 2077 nedum
1089 2039 1121 2075 a
1155 2021 1491 2084 Christianis,
1523 2039 1695 2076 verum
1723 2033 1770 2077 et
1804 2041 1837 2077 a

271 2112 579 2173 Saracenis.
616 2113 830 2170 Modum
876 2113 1153 2184 colligendi
1197 2113 1491 2167 balsamum
1537 2113 1673 2167 [tunc
1711 2115 1838 2167 milii

274 2204 535 2263 Saraceni
556 2205 910 2259 ostenderunt.
942 2204 1239 2274 Carpebant
1269 2204 1456 2272 folium
1487 2221 1645 2256 unum
1675 2222 1706 2256 a
1738 2206 1835 2257 sti-

270 2299 402 2365 pite,
450 2298 716 2351 adluvrent
748 2298 887 2351 enim
919 2298 1049 2365 {alia
1100 2298 1289 2365 stipiti,
1323 2307 1369 2349 et
1402 2306 1589 2349 contra
1629 2294 1834 2349 radium

275 2389 416 2445 solis
446 2388 579 2441 illud
608 2388 975 2456 discerpentes,
1007 2397 1205 2457 guttam
1251 2385 1631 2439 lucidissimam
1675 2396 1725 2439 et
1758 2403 1840 2439 su-

272 2497 376 2549 pra
428 2480 635 2533 modum
671 2480 988 2548 odoriferam
1020 2479 1308 2532 elicuerunt
1345 2494 1361 2531 :
1394 2488 1443 2531 et
1473 2480 1516 2531 is
1561 2490 1637 2531 est
1690 2494 1836 2531 verus

273 2575 450 2642 liquor
489 2573 757 2628 balsami:
789 2574 877 2642 qui
906 2574 956 2626 in
997 2572 1204 2638 phialas
1247 2573 1436 2625 vitreas
1473 2571 1758 2641 colligitur,
1789 2581 1838 2624 et

273 2666 347 2718 ad
367 2666 599 2718 diuersas
633 2665 812 2717 mundi
838 2674 1013 2729 partes
1036 2664 1285 2725 mittitur.
1318 2664 1529 2717 tametsi
1563 2680 1687 2716 raro
1726 2664 1838 2715 sine

272 2757 512 2809 mixtura
547 2755 616 2813 ad
646 2757 873 2823 regiones
905 2766 1108 2807 nostras
1150 2754 1432 2821 perveniat.
1463 2754 1621 2806 Aiunt
1653 2754 1835 2817 etiam,

270 2852 322 2903 si
357 2849 546 2916 {alium
585 2848 716 2911 illud
747 2859 929 2901 contra
961 2848 1163 2899 radium
1193 2848 1319 2901 solis
1351 2863 1453 2900 non
1484 2845 1836 2916 frangeretur,

273 2937 489 2988 minime
518 2951 727 2988 succum
763 2937 912 2989 il’um
945 2937 1195 2990 stillaret.

348 3026 467 3082 Col.
496 3028 621 3093 717,
664 3029 758 3082 lin.
800 3029 882 3081 l5.
914 3028 1233 3099 Ἰστοροῦσι
1254 3028 1318 3080 δέ
1335 3044 1490 3094 τινες
1506 3026 1681 3081 καὶτὸ
1699 3024 1837 3093 ἤλε-

273 3137 475 3188 κτρον.
516 3119 767 3183 Basilius,
813 3121 957 3173 lion).
1003 3120 1055 3183 5,
1098 3119 1266 3188 Λόγος
1300 3119 1357 3172 δέ
1401 3119 1483 3183 τίς
1516 3120 1629 3172 ἐστι
1658 3119 1751 3172 καὶ
1777 3119 1837 3171 τὸ
1867 3156 1909 3213 C

273 3213 539 3284 ἧλεκτρον
558 3212 688 3264 ὀπὸν
712 3208 849 3265 εἶναι
874 3212 1052 3280 φυτῶν
1076 3214 1153 3275 εις
1177 3212 1322 3265 λίθου
1347 3212 1505 3281 φύσιν
1529 3211 1845 3282 ἀποπηγνύ-

276 3320 459 3374 μενον.
489 3301 699 3358 Psellus
746 3302 808 3355 de
840 3301 1103 3371 lapidibus
1131 3302 1328 3371 duplex
1358 3302 1618 3356 electrum
1644 3302 1844 3355 consti-

277 3402 409 3460 tuit,
456 3412 621 3451 unum
658 3395 924 3459 Indicum,
978 3394 1208 3447 alterum
1262 3391 1588 3463 Libyticum.
1632 3403 1686 3446 et
1714 3392 1844 3445 dicit

274 3488 507 3558 reperiri
535 3487 688 3555 juxta
720 3485 939 3539 fluvium
980 3485 1295 3543 Eridanum,
1346 3482 1550 3547 subdit,
1588 3484 1757 3536 Ἔνιοι
1786 3483 1841 3535 δὲ

275 3583 373 3636 καὶ
395 3581 625 3649 δάκρυον
643 3578 772 3633 αὑτό
792 3596 919 3648 φασι
935 3578 1150 3649 δένδρου,
1172 3577 1329 3640 τινός.
1362 3572 1574 3645 Κοῧφον
1602 3576 1708 3647 γάρ
1730 3579 1841 3628 ἐστι

275 3675 370 3726 καὶ
392 3672 669 3742 θυμιᾶται,
700 3672 774 3735 ὡς
802 3675 829 3724 ὁ
860 3671 1147 3733 λιϐανωτὸς
1180 3670 1272 3724 καὶ
1301 3672 1333 3740 ἡ
1368 3670 1620 3743 μαστίχη.
1651 3668 1842 3724 Varias

277 3772 564 3819 auctorum
613 3764 910 3819 sententias
958 3763 1025 3816 de
1078 3763 1341 3825 succino,
1395 3772 1447 3815 et
1490 3765 1608 3831 ejus
1636 3763 1842 3833 origine

274 3857 499 3927 collegit
544 3856 772 3921 Plinius,
826 3856 921 3912 lib.
973 3870 1182 3916 xxxvn,
1237 3869 1355 3923 cap.
1408 3854 1443 3907 2
1497 3863 1550 3910 et
1602 3856 1655 3918 5,
1705 3870 1841 3925 quas

272 3947 367 4001 hic
394 3962 678 4001 recensere
704 3946 945 4015 ineptum
989 3959 1110 3998 esse
1148 3943 1297 3998 duxi.
1336 3943 1539 4015 Siquis
1566 3945 1842 3999 eruditio-

277 4056 406 4107 nem
441 4041 579 4093 tanti
626 4040 727 4095 viri
758 4050 810 4093 et
861 4038 1120 4093 admirari
1152 4046 1204 4093 et
1249 4041 1497 4094 venerari
1543 4040 1837 4106 desiderat,

278 4133 439 4187 adeat
480 4133 657 4187 locum
692 4133 887 4197 mirum
931 4148 1085 4195 sane.
1115 4140 1167 4187 et
1194 4132 1509 4191 omnimoda
1554 4132 1840 4209 prudentia

276 4224 640 4295 doctrinaque
694 4222 1136 4280 refertissimum.
1186 4221 1296 4277 Nos
1352 4222 1548 4277 miselli
1600 4222 1728 4276 item
1786 4230 1840 4276 et

276 4331 548 4387 pauperes
577 4314 643 4370 ad
688 4316 840 4370 illum
878 4315 1010 4386 quid
1043 4314 1346 4369 addemus?
1376 4313 1705 4369 Aristoteles
1742 4311 1839 4371 lib.

279 4405 359 4469 De
400 4406 730 4462 mirabilibus
774 4408 1151 4473 auscultation.
1198 4406 1265 4460 ad
1317 4406 1506 4465 ﬁctilia
1557 4416 1838 4477 poetarum

1941 558 2125 612 bonem
2157 560 2209 611 in
2265 559 2380 628 ejus
2417 558 2611 627 lapidis
2661 560 2857 628 fodinis
2887 558 3110 612 dimidia
3142 573 3204 611 ex
3228 568 3377 626 parte
3419 560 3499 611 ni-

1938 668 2085 722 gram
2114 691 2129 715 ,
2183 651 2358 705 altera
2409 651 2624 719 ﬂavam,
2676 652 2877 703 succini
2932 650 3083 704 modo
3114 666 3131 703 :
3160 650 3297 719 quod
3344 667 3499 719 argu-

1936 753 2111 796 mento
2168 743 2460 796 certissimo
2502 753 2602 806 est,
2640 743 2909 795 succinum
2949 758 3008 795 eo
3045 741 3196 793 modo
3221 742 3360 811 gigni
3399 759 3498 812 quo

1936 834 2188 888 diximus.

2014 927 2171 991 lbid.,
2214 927 2311 981 lin.
2348 928 2433 982 l9.
2472 928 2650 981 Τοῦτο
2681 926 2745 979 τὸ
2778 926 3031 992 ἡλιακὸν
3057 926 3201 995 φῶς.
3243 926 3498 993 Quaenam

1942 1018 2107 1072 fuerit
2141 1020 2232 1072 lux
2266 1019 2356 1071 illa
2398 1020 2571 1089 prima
2629 1019 2822 1087 priscis
2874 1018 2981 1071 illis
3025 1019 3357 1087 temporibus
3396 1033 3494 1072 nec

1941 1124 2047 1163 non
2078 1109 2227 1163 hisce
2254 1110 2455 1163 nostris
2488 1117 2907 1163 controversum
2937 1108 3114 1163 adhuc
3148 1096 3264 1164 est:
3298 1108 3363 1162 de
3385 1122 3489 1178 qua

1940 1202 2061 1255 fuse
2091 1209 2146 1255 et
2192 1202 2471 1255 enucleate
2502 1201 2659 1253 multi
2706 1200 3073 1269 disputarunt.
3126 1200 3493 1256 Damascenns

1944 1294 2041 1348 lib.
2075 1310 2137 1358 ll,
2177 1291 2301 1346 Fid.
2339 1293 2567 1360 orthod.,
2603 1308 2652 1347 c.
2694 1294 2743 1356 7,
2782 1294 3076 1358 existimat,
3125 1294 3297 1348 lucem
3350 1295 3495 1349 illam

1942 1385 2112 1440 fuisse
2134 1386 2460 1439 elementum
2506 1385 2664 1454 ignis.
2697 1385 3018 1437 Ambrosius
3055 1383 3378 1439 Catharinus
3425 1388 3500 1440 ait

1940 1477 2114 1530 lucem
2150 1476 2295 1528 illam
2329 1475 2494 1529 fuisse
2526 1476 2697 1529 lucem
2748 1476 2879 1528 solis
2912 1477 3226 1544 perfectam,
3254 1493 3405 1546 teque
3436 1493 3500 1531 ac

1941 1580 2087 1619 nunc
2113 1572 2228 1631 est;
2264 1564 2425 1632 cujus
2458 1565 2811 1633 perfectionis
2842 1578 2895 1619 et
2936 1566 3358 1634 pulchritudinis
3386 1584 3501 1621 ma-

1939 1674 2104 1728 gnum
2137 1674 2259 1713 esse
2283 1666 2683 1727 argumentum,
2713 1660 2856 1727 quod
2888 1675 2949 1713 ea
2982 1659 3121 1715 Deus
3152 1660 3267 1730 ipse
3284 1678 3387 1717 suo
3414 1664 3503 1731 ju-

1940 1750 2087 1802 dicio
2119 1748 2513 1817 comprobavit.
2544 1747 2685 1801 Beda
2737 1750 2787 1801 in
2816 1747 3094 1815 lienem,
3124 1749 3380 1806 Nicolaus
3426 1753 3503 1808 De

1950 1840 2088 1911 lyra,
2119 1838 2414 1901 Tostatus,
2449 1846 2501 1893 et
2560 1840 2651 1892 alii
2702 1839 3036 1893 arbitrantur
3084 1842 3311 1911 primam
3355 1844 3502 1898 illam

1947 1932 2123 1985 lucem
2174 1946 2280 1984 non
2315 1929 2484 1985 fuisse
2515 1932 2706 1993 solem,
2744 1931 2839 1986 sed
2871 1946 3073 2001 corpus
3115 1935 3386 2002 quoddam
3419 1936 3503 1989 lu-

1943 2021 2123 2076 cidum
2173 2020 2240 2073 ad
2298 2020 2707 2075 similitudinem
2740 2020 2922 2076 densa:
2968 2022 3307 2095 lucentisque
3340 2027 3502 2082 nubis

1945 2114 2001 2168 in
2043 2112 2312 2183 superiori
2342 2121 2495 2182 parte
2522 2114 2711 2168 mundi
2754 2115 3029 2178 videlicet,
3063 2116 3117 2170 in
3163 2132 3270 2187 qua
3316 2130 3502 2189 postea

1946 2206 2027 2261 sol
2057 2213 2140 2259 est
2171 2204 2403 2272 positus,
2434 2206 2577 2275 quod
2596 2206 2743 2260 circa
2775 2207 3083 2261 densiorem
3111 2210 3348 2264 materia:
3372 2226 3500 2280 par-

1946 2306 2076 2362 tem,
2102 2311 2224 2367 quae
2247 2297 2483 2350 medium
2512 2298 2696 2352 mundi
2719 2300 2897 2352 locum
2932 2300 3501 2369 circumplectebatur,

1944 2388 2001 2441 in
2035 2386 2221 2440 orbem
2257 2400 2608 2454 conversum,
2640 2388 2851 2441 dierum
2904 2396 2958 2443 et
2990 2389 3233 2443 noctium
3287 2390 3503 2446 vicissi-

1945 2478 2164 2531 tudines
2196 2475 2483 2538 efﬁciebat,
2513 2486 2567 2532 et
2593 2494 2657 2532 ex
2688 2479 2781 2532 illo
2814 2478 2995 2533 lucido
3029 2495 3258 2550 corpore
3291 2491 3502 2552 postea,

1942 2581 2137 2639 quarto
2169 2568 2256 2623 die
2290 2568 2555 2623 formatus
2592 2579 2674 2622 est
2716 2570 2795 2623 sol
2824 2570 3105 2639 amplioris
3166 2572 3507 2640 praestantio-

1945 2662 2131 2729 risque
2154 2660 2293 2714 lucis
2316 2660 2620 2713 additiune.
2640 2658 2934 2731 Dionysius
2954 2663 3279 2733 Areopagita
3304 2672 3443 2733 part.
3463 2679 3504 2728 ι,

1944 2768 2065 2823 cap.
2094 2753 2149 2815 4,
2181 2752 2255 2806 De
2284 2753 2447 2809 divin.
2474 2754 2703 2817 nomin.,
2737 2771 2896 2824 quem
2932 2765 3235 2826 sequuntur
3265 2756 3327 2812 D.
3361 2758 3508 2813 Tho-

1943 2860 2061 2899 mas
2106 2845 2279 2914 prima
2314 2855 2465 2914 parte
2504 2854 2698 2914 quast.
2736 2846 2828 2906 67,
2867 2855 2971 2902 art.
3011 2847 3067 2908 4.
3100 2856 3153 2900 et
3184 2856 3377 2918 quiest.
3418 2850 3504 2914 70,

1944 2946 2049 2992 art.
2083 2937 2104 2990 1
2132 2955 2146 3003 ;
2175 2936 2466 3008 Dionysius
2498 2938 2900 2993 Carthusianus
2924 2954 3088 3008 super
3112 2939 3345 3008 primum
3379 2954 3505 3009 cap.

1928 3028 2140 3083 ‘Genes.
2193 3037 2298 3083 art.
2343 3029 2411 3094 9;
2446 3027 2701 3083 Pererius
2755 3038 2808 3083 et
2863 3030 2954 3085 alii
3003 3031 3338 3096 existimant,
3395 3046 3505 3087 non

1944 3122 2103 3176 aliam
2132 3122 2320 3184 fuisse,
2351 3137 2512 3192 quam
2566 3122 2739 3176 lucem
2766 3123 2918 3186 solis,
2951 3124 3045 3178 sed
3087 3124 3260 3193 primo
3286 3122 3505 3192 quidem

1943 3210 2032 3265 die
2058 3210 2220 3265 veluti
2270 3210 2581 3274 informem,
2616 3218 2669 3265 et
2712 3211 3082 3280 imperfectam
3119 3228 3239 3267 esse
3275 3212 3503 3279 factam,

1942 3312 2139 3373 quarto
2163 3311 2341 3357 autem
2360 3304 2447 3357 die
2465 3302 2631 3358 fuisse
2648 3304 2951 3357 absolutam
2974 3313 3025 3357 et
3048 3314 3504 3358 consummatam.

1942 3396 2082 3449 Αὐτὸ
2111 3396 2218 3468 γάρ
2248 3398 2363 3448 ἐστι
2392 3396 2453 3449 τὸ
2480 3397 2611 3466 φῶς,
2640 3399 2687 3449 εἰ
2722 3396 2813 3450 καὶ
2839 3396 2958 3449 τότε
2987 3396 3387 3465 ἀσχημάτιστον
3414 3391 3504 3465 ἦν,

1942 3490 2077 3560 ὅπερ
2110 3492 2137 3542 ὁ
2171 3488 2311 3552 θεῖος
2363 3489 2467 3559 ἔφη
2513 3488 2735 3557 Μωσῆς,
2786 3489 2880 3541 καὶ
2924 3486 3091 3558 αὐτὴν
3142 3487 3355 3556 ἐκείνην
3408 3488 3507 3559 τήν

1943 3580 2162 3652 πρώτην
2200 3582 2375 3652 ὁρίσαι
2410 3581 2518 3633 τῶν
2557 3580 2677 3634 καθ’
2717 3581 2861 3651 ἡμᾶς
2894 3579 3113 3651 ἡμερῶν
3151 3579 3359 3651 τριάδα.
3398 3581 3505 3633 Καὶ
3574 3584 3577 3585 ⁷

1942 3674 2148 3744 ὥσπερ,
2182 3681 2286 3727 etc.
2320 3671 2514 3727 Noster
2537 3681 2748 3737 auctor,
2771 3682 2826 3726 et
2859 3672 3090 3727 Basilius
3113 3686 3233 3725 cum
3265 3687 3331 3727 eo
3356 3671 3505 3726 hom.

1943 3766 1997 3832 6,
2034 3768 2194 3835 cujus
2224 3766 2388 3820 verba
2423 3766 2510 3819 hic
2532 3765 2828 3826 ascribam,
2862 3780 2929 3819 ne
2960 3764 3148 3821 eadem
3180 3766 3381 3836 sapius
3413 3780 3502 3819 co-

1942 3873 2039 3928 gar
2069 3857 2513 3927 repetere,tradit
2542 3858 2768 3928 primam
2793 3858 2932 3912 hanc
2958 3858 3131 3913 lucem
3159 3857 3327 3913 fuisse
3354 3872 3508 3914 crea-

1943 3956 2051 4001 tam
2106 3964 2201 4018 per
2250 3964 2329 4011 se,
2384 3958 2437 4003 et
2472 3949 2907 4013 immaterialem,
2943 3958 3139 4018 quarto
3187 3956 3367 4002 autem
3417 3948 3505 4003 dic

1943 4033 2146 4087 factum
2179 4049 2299 4089 esse
2330 4048 2528 4104 corpus
2555 4034 2713 4097 solis,
2752 4044 3009 4102 tanquam
3045 4032 3165 4101 ejus
3196 4032 3502 4085 vehiculum

1941 4123 2027 4178 cui
2063 4124 2225 4179 insita
2265 4133 2318 4179 et
2351 4125 2618 4196 impressa
2674 4135 2778 4181 est.
2810 4126 2943 4178 Τότε
2978 4124 3077 4195 μὲν
3106 4122 3214 4196 γὰρ
3244 4122 3381 4195 αὐτὴ
3409 4124 3506 4177 τοῦ

1940 4215 2117 4287 φωτὸς
2136 4218 2169 4287 ἡ
2189 4216 2347 4285 φύσις
2376 4218 2649 4290 παρήχθη,
2676 4218 2769 4271 νῦν
2790 4218 2845 4271 δὲ
2870 4216 3161 4288 τὸήλιακὺν
3173 4217 3328 4269 τοῦτο
3349 4215 3507 4286 σῶμα

1908 4316 1918 4323 ’
1941 4310 2125 4383 ὄχημα
2148 4308 2285 4365 εἶναι
2314 4311 2389 4381 τῷ
2418 4310 2741 4383 πρωτογόνῳ
2768 4309 2961 4381 ἐκείνῳ
2998 4309 3136 4379 φωτὶ
3174 4306 3502 4380 παρεσκεύαρ

1941 4420 2083 4456 σται.
2116 4403 2204 4466 Ὠς
2232 4402 2339 4475 γὰρ
2358 4402 2484 4457 ἄλλο
2504 4401 2564 4456 τὸ
2594 4402 2702 4473 πῦρ
2736 4402 2831 4455 καὶ
2858 4401 2985 4456 ἄλλο
3010 4403 3039 4454 ὁ
3071 4399 3280 4471 λύχνος,
3309 4399 3370 4453 τὸ
3407 4398 3508 4471 μὲν

276 4508 586 4559 commenta
620 4500 838 4570 refugit.
870 4499 1247 4570 Dalecampius
1280 4500 1441 4559 aliam
1487 4499 1699 4553 succini
1729 4498 1813 4553 ori

1944 4495 2039 4567 τὴν
2065 4495 2157 4547 τοῦ
2178 4493 2429 4565 φωτίζειν
2444 4492 2672 4564 δύναμιν
2699 4492 2839 4563 ἕχον,
2867 4493 2926 4546 τὸ
2949 4492 3005 4546 δὲ
3020 4510 3094 4546 πα
3104 4492 3380 4563 ραφαίνειν
3397 4492 3513 4554 τοῖς

275 4595 459 4664 ginem
492 4601 682 4647 c0ntra
719 4591 950 4646 Plinium
977 4593 1049 4649 ita
1082 4598 1272 4653 narrat
1306 4609 1326 4656 εκ
1361 4589 1425 4643 1η
1454 4591 1680 4660 regione,
1728 4606 1843 4661 qua:

273 4688 545 4741 succinum
591 4686 771 4750 mittit,
820 4685 1112 4754 resinifertz
1156 4684 1317 4738 nulla:
1346 4692 1468 4738 sunt
1499 4682 1732 4737 arbores.
1772 4684 1843 4735 At

278 4783 332 4835 in
370 4780 858 4849 septentrionalium
908 4779 1146 4832 littorum
1185 4787 1358 4837 tractu
1398 4776 1667 4832 bituminis
1708 4787 1846 4831 certe

278 4892 439 4943 genus
488 4875 681 4943 [lavum
724 4882 802 4927 est
848 4883 903 4925 ut
931 4874 1136 4943 nigrum
1169 4869 1309 4939 apud
1358 4888 1451 4924 nos
1492 4871 1547 4923 in
1598 4871 1838 4933 Arernis,

276 4964 490 5033 eiusque
522 4965 751 5031 naphtha
778 4965 936 5032 ﬂava,
967 4964 1172 5034 qualem
1205 4980 1232 5017 e
1264 4962 1562 5021 Saxonibus
1593 4963 1847 5031 afferunt,

279 5065 326 5114 et
372 5054 657 5122 petroleum
710 5062 915 5115 vocant,
962 5066 1016 5106 ut
1053 5055 1191 5122 apud
1233 5071 1325 5107 nos
1358 5066 1497 5109 atra.
1542 5052 1675 5107 Cum
1723 5069 1842 5122 ergo

279 5151 421 5217 [ante
452 5165 545 5201 suo
574 5150 794 5201 scaturit
840 5147 1067 5200 bitumen
1106 5147 1158 5200 id
1189 5147 1345 5201 molle
1378 5146 1567 5211 adhuc,
1599 5157 1648 5201 et
1690 5148 1853 5217 liqui-.

280 5242 428 5301 dum,
466 5239 613 5292 obvia
660 5255 874 5308 qua'que
932 5238 1289 5307 amplectitur,
1337 5241 1544 5302 retinet,
1593 5238 1838 5295 includit.

283 5332 481 5387 Fluctu
522 5349 638 5386 vero
687 5332 945 5385 lambente
988 5333 1042 5385 in
1084 5332 1250 5385 altum
1301 5333 1633 5401 provolutum
1674 5335 1843 5403 magis

282 5427 554 5493 vertigine,
590 5433 637 5477 et
668 5425 951 5493 salsugine,
986 5428 1331 5496 temporisque
1355 5426 1709 5482 diuturnitate
1738 5426 1841 5479 du-

280 5518 459 5576 rescit,
492 5526 548 5569 ut
587 5517 725 5583 apud
769 5534 859 5567 nos
890 5517 1319 5584 pissasplialtum,
1354 5526 1403 5570 et
1422 5518 1541 5586 jam
1586 5528 1695 5571 tum
1724 5537 1841 5573 suc-

279 5610 457 5662 cinum
492 5618 591 5668 est,
630 5609 801 5675 sicque
840 5619 1136 5660 concretum
1175 5607 1228 5660 in
1269 5608 1441 5661 littore
1472 5608 1584 5677 ejus
1624 5612 1845 5663 scaturi-

282 5702 391 5770 gini
433 5700 671 5769 opposito
716 5700 947 5753 atlvcrsis
992 5701 1151 5753 ventis
1193 5699 1424 5768 ejicitur.
1459 5700 1699 5772 Gagatis,
1754 5704 1844 5771 qui

287 5796 467 5860 procul
498 5792 655 5846 dubio
692 5792 915 5847 bitumen
947 5802 1019 5847 est
1056 5792 1107 5847 in
1155 5792 1434 5848 risceribus
1464 5803 1617 5848 terra:
1665 5794 1842 5848 multis

1943 4586 2215 4657 δεομένοις
2264 4586 2647 4655 πεποιημένονο
2687 4583 2828 4639 οὕτω
2877 4586 2969 4637 καὶ
3010 4583 3088 4654 τῷ
3138 4582 3515 4655 καθαρωτάτῳ

1947 4680 2140 4749 ἐκεινῳ
2184 4678 2277 4731 καὶ
2312 4677 2610 4748 εἰλικρινεῖ,
2637 4677 2731 4730 καὶ
2775 4676 2922 4746 ἀΰλῳ
2968 4677 3127 4745 φωτὶ,
3181 4675 3361 4745 ὄχημα
3411 4675 3515 4728 νῦν

1944 4774 1991 4825 οἱ
2022 4771 2306 4844 φωστῆρες
2330 4769 2861 4841 κατεσκευάσθησαν.
2894 4769 3038 4824 Idem
3069 4768 3279 4823 videtur
3304 4767 3517 4824 sentire

1947 4864 2243 4933 Gregorius
2288 4862 2688 4928 Nazianzenus,
2731 4868 2784 4915 et
2836 4861 2949 4923 alii,
2995 4875 3134 4931 quos
3183 4875 3348 4931 supra
3390 4859 3508 4914 lau-

1945 4956 2215 5013 davimus.
2260 4954 2409 5010 Hanc
2441 4956 2685 5010 ultimam
2723 4956 3069 5017 sententiam,
3113 4952 3361 5023 quamvis
3405 4952 3507 5005 mi-

1948 5066 2064 5103 ram
2090 5066 2119 5103 a
2153 5049 2477 5120 quibusdam
2510 5048 2901 5109 existimatam,
2927 5055 2979 5101 et
3014 5061 3211 5100 novum
3244 5045 3505 5099 inducen-

1944 5152 2051 5198 tem
2083 5143 2406 5195 miraculum
2428 5141 2573 5210 quod
2598 5142 2819 5195 minime
2846 5139 3235 5194 admittendum
3254 5138 3307 5191 in
3337 5138 3505 5191 histo-

1944 5236 2024 5289 ria
2057 5236 2351 5290 creationis
2376 5276 2392 5299 ,
2424 5242 2484 5288 ut
2515 5235 2701 5289 multis
2750 5235 2984 5295 videtur,
3021 5234 3076 5286 in
3126 5247 3223 5286 sua
3255 5231 3513 5287 doctrina

1947 5329 2019 5382 ita
2076 5327 2390 5383 defenderet
2444 5326 2797 5395 Palingenius
2857 5341 2924 5378 ex
2974 5324 3057 5379 sui
3106 5322 3325 5376 Zodiaci
3371 5323 3505 5377 Vita:

1946 5421 2069 5475 libr.
2100 5434 2197 5483 xu,
2220 5418 2457 5472 aitenim
2497 5416 2660 5471 Deum
2694 5432 2791 5471 sua
2830 5416 3221 5486 omnipotentia
3242 5431 3305 5470 ac
3329 5416 3513 5471 sciam.

1946 5516 2018 5569 tia
2048 5522 2199 5568 extra
2238 5514 2435 5567 cmlum
2467 5511 2622 5581 plura
2661 5517 2715 5564 et
2746 5510 2954 5578 majora
2986 5524 3222 5571 creasse,
3260 5509 3515 5579 quinimo-

1944 5624 2067 5662 cum
2105 5608 2341 5678 potuerit

2243 5750 2313 5760 —
2341 5717 2535 5771 Facere
2566 5717 2798 5785 inﬁnita,
2828 5714 3118 5781 putandum
3148 5724 3225 5766 est

2053 5792 2264 5848 Fecisse
2295 5791 2501 5859 inﬁnita
2533 5804 2836 5860 omnemque
2862 5786 3096 5857 explesse
3118 5785 3367 5854 uigorem,
