4072 6342
604 280 712 337 859

1966 275 2216 333 LEONIS
2254 276 2522 331 ALLA'III

3747 271 3850 330 880

715 395 826 450 Nec
848 412 1080 451 servasse
1115 396 1166 447 in
1196 412 1249 448 se
1281 412 1491 458 vanum,
1528 395 1604 450 rei
1649 395 1835 449 inutile
1870 396 2177 465 quidquam.
2210 397 2252 450 Α
2282 392 2429 445 lucus
2448 393 2501 446 in
2531 390 2741 461 Eclogis
2759 390 3009 461 physicis,
3040 387 3290 444 Julianus
3318 387 3578 459 Apostata
3602 427 3617 451 ,
3648 392 3849 460 hymno

642 540 661 566 ο
677 508 791 563 lloc
824 516 1002 564 autem
1029 507 1297 563 infinitum
1319 524 1443 565 esse

639 621 864 684 Puram,
906 622 1244 684 immensam,
1278 630 1328 676 et
1383 623 1496 675 sine
1533 639 1750 689 corpore
1781 624 1967 686 lucem,

711 691 922 763 Lucem,
950 710 1054 763 qua
1078 694 1247 747 nostri
1280 692 1408 746 solis
1442 695 1588 763 longe.
1613 696 1783 747 minor
1810 706 1887 749 est
1918 696 2031 755 lux,

710 761 922 835 Lucem,
959 761 1118 832 quam
1168 764 1358 817 terreni
1391 761 1546 816 oculi'
1568 782 1669 819 non
1709 781 1917 819 cernere
1941 773 2171 835 possent,

711 833 922 896 Lucem,
950 850 1108 903 quam
1144 850 1210 887 ea:
1238 851 1350 888 sese
1377 836 1596 903 e/fundit
1647 835 1785 889 Deus
1817 833 2101 905 infinitam.

674 945 740 1000 Et
774 946 921 999 illam
964 946 1141 1001 lucem
1176 961 1299 1002 esse
1347 949 1464 1002 sine
1505 963 1738 1017 corpore
1782 948 2174 1017 quod‘minime

602 1036 819 1090 videtur
852 1037 1268 1098 inconveniens.
1293 1053 1417 1091 cum
1444 1038 1536 1092 l'ux
1561 1053 1669 1092 non
1702 1039 2034 1108 proveniata
2058 1055 2172 1092 ma-

596 1130 759 1196 teria,
786 1129 879 1186 sed
911 1146 940 1183 a
971 1128 1142 1183 farina
1167 1171 1181 1196 ,

845 1253 913 1264 —
938 1221 1020 1275 Ex
1043 1238 1147 1292 qua
1180 1223 1252 1276 vis
1287 1232 1335 1274 et
1363 1221 1519 1276 decor
1557 1224 1714 1293 eﬂluit
1736 1224 1925 1278 omnis.

671 1311 802 1379 Quae
835 1330 957 1369 cum
992 1315 1367 1369 concedantur
1412 1313 1602 1369 formis
1650 1316 1960 1384 corporeis,
1998 1315 2168 1371 multo

597 1404 774 1474 magis
806 1405 1211 1460 concedendum
1235 1414 1318 1460 est
1345 1404 1535 1461 formis
1568 1406 1929 1475 incorporeis.

709 1494 1015 1566 Pra'sertim
1040 1512 1155 1550 cum
1187 1498 1292 1550 sint
1331 1511 1477 1563 pura:
1506 1497 1696 1566 magis,
1736 1506 1786 1550 et
1817 1505 2011 1554 tenues.
2047 1507 2115 1552 et

707 1565 1001 1638 Participes
1034 1570 1196 1621 multo
1231 1568 1440 1620 uberius
1481 1565 1786 1636 pulchrique
1820 1566 2059 1638 bonique.

709 1635 828 1690 Imo
849 1638 983 1691 inter
1005 1638 1155 1691 divos
1186 1654 1287 1707 quo
1315 1638 1533 1706 quisque
1563 1635 1826 1705 potentior
1852 1635 1963 1703 est,
1977 1650 2026 1692 et

703 1708 924 1778 Qignior
950 1707 1046 1762 hoc
1083 1709 1242 1762 etiam
1264 1708 1456 1776 majori
1484 1710 1678 1763 lumine
1704 1710 1883 1778 fulget.

715 1776 882 1848 Utique
906 1778 1040 1832 inter
1066 1780 1246 1833 stellas
1281 1780 1446 1832 multo
1482 1776 1829 1832 nitidissimus
1859 1790 1935 1834 est
1962 1780 2063 1846 sol,

711 1847 804 1903 Sic
823 1852 958 1903 inter
991 1850 1137 1903 divos
1173 1851 1306 1903 lucet
1340 1866 1430 1903 rex
1464 1850 1553 1903 ille
1580 1848 1815 1903 deorum.

708 1917 831 1973 Non
871 1929 1044 1973 tamen
1079 1921 1322 1974 obscurat
1355 1921 1601 1990 reliquos,
1623 1923 1749 1991 quin
1789 1910 1990 1991 perficit
2021 1920 2179 1976 illos.-

600 2006 711 2065 Nec
732 2012 1031 2082 requiritur
1059 2028 1170 2076 aer,
1198 2013 1252 2067 in
1280 2029 1387 2083 quo
1419 2021 1675 2084 tanquam
1715 2014 1767 2067 in
1805 2014 2052 2084 subjecto
2081 2015 2165 2068 lu-

591 2120 717 2159 men
758 2104 891 2160 illud
933 2106 1215 2170 inhaereat,
1255 2123 1379 2162 cum
1431 2123 1526 2162 aer
1565 2108 1788 2163 minime
1817 2109 1887 2164 sit
1942 2109 2162 2167 luminis

597 2195 924 2265 subjectum.
966 2212 1142 2267 neque
1175 2198 1355 2252 lumen
1390 2198 1463 2253 sit
1490 2200 1543 2252 in
1566 2214 1691 2253 aere
1722 2217 1734 2253 :
1769 2197 1884 2252 Ima
1915 2215 2006 2253 aer
2035 2217 2162 2253 con-

598 2298 682 2340 tra
712 2297 787 2341 est
830 2289 882 2342 in
916 2288 1128 2352 lumine,
1167 2296 1222 2344 et
1250 2289 1365 2355 lux,
1400 2299 1552 2344 stare
1586 2299 1755 2360 potest
1790 2291 1982 2362 absque
2021 2293 2182 2346 aeris-

594 2380 725 2434 cisu.
747 2378 860 2433 Lux
882 2396 1008 2434 vero
1035 2396 1154 2450 quae
1182 2393 1265 2436 est
1295 2382 1347 2435 in
1381 2382 1612 2443 sole.est
1630 2383 1892 2453 particula
1926 2384 2063 2439 lucis
2085 2386 2162 2438 di-

588 2473 752 2534 vinae,
788 2471 1019 2543 ideoque
1050 2474 1102 2527 in
1138 2474 1253 2529 sole
1278 2474 1518 2539 nitescit,
1539 2477 1787 2546 quamvis
1827 2478 1881 2530 in
1919 2476 2027 2532 Deo
2052 2493 2179 2531 non.

592 2564 1084 2632 comprehendatur
1116 2575 1336 2637 propter
1372 2569 1651 2622 materiam
1703 2569 1849 2624 illius
1870 2610 1884 2635 ,
1915 2585 2033 2639 qua:
2076 2579 2175 2625 est—

591 2653 700 2707 luci
737 2655 1038 2724 aptissima.

660 2745 771 2819 illa
795 2750 952 2802 etiam
983 2748 1076 2803 lux
1107 2751 1286 2804 divina
1315 2761 1393 2805 est
1424 2752 1676 2819 impressa
1708 2753 1935 2806 aliorum

657 2817 910 2898 inorum
944 2821 1152 2898 formis,
1186 2824 1420 2891 quamvis
1459 2817 1561 2898 non
1595 2823 1835 2898 omnibus
1867 2840 2010 2893 a'que
2034 2862 2065 2888 ,.

664 2884 733 2961 ξι
764 2905 867 2944 ηοη
895 2884 1065 2945 stella:
1096 2884 1272 2946 omnes
1303 2892 1496 2961 ar'quali
1523 2894 1718 2948 lumine
1747 2884 1939 2951 lucent:

661 2957 768 3033 θεά
802 2962 969 3031 magis
995 2957 1469 3033 unaalia.quanto
1495 2963 1605 3017 ha’c
1633 2964 1910 3033 perfectior
1936 2964 2031 3017 illa
2052 2974 2152 3020 cst'.

660 3025 829 3109 thue
854 3025 957 3084 una
987 3032 1207 3109 candela
1234 3025 1370 3087 alias
1397 3025 1677 3109 accendere
1712 3025 1909 3109 plures,

661 3097 772 3153 Nec
805 3110 979 3155 tamen
1012 3107 1128 3169 ipsa
1157 3121 1310 3158 suum
1346 3106 1563 3161 amittit.
1604 3097 1854 3160 min'ttitve
1884 3097 2108 3159 nitorem
2134 3120 2151 3167 ,'
2181 3101 2243 3160 C-

659 3169 822 3247 ρααὰ
849 3190 997 3229 secus
1024 3175 1120 3247 illa
1150 3176 1247 3247 Dei
1277 3175 1369 3228 lux
1395 3177 1682 3240 inviolata,
1712 3176 1943 3247 nihilque

659 3240 971 3297 Decrescens
1001 3243 1136 3298 alios
1164 3246 1394 3315 impertit
1425 3248 1617 3301 lumine
1644 3248 1810 3300 diuos.

589 3330 939 3403 Pal‘ngenius
965 3334 1150 3406 itaque
1177 3339 1645 3408 oppugnatoribus
1673 3338 1836 3409 hujus
1872 3337 2169 3393 sententias

591 3426 663 3480 ita
691 3427 1042 3498 responderet
1073 3447 1085 3483 :
1112 3427 1313 3485 Lucem
1347 3431 1495 3485 illam
1527 3432 1600 3485 ita
1625 3440 1862 3486 creatam
1900 3430 2019 3487 sine
2046 3431 2153 3485 ulla

587 3521 814 3574 materia
846 3522 1091 3590 potuisse
1112 3538 1209 3592 per
1241 3539 1300 3579 se
1324 3525 1626 3580 subsistere
1660 3526 1778 3580 sine
1808 3540 1953 3589 aere,
1991 3524 2043 3578 in
2070 3540 2154 3579 se-

588 3609 820 3679 metipsa
851 3612 1019 3665 veluti
1043 3613 1095 3665 in
1133 3615 1353 3684 propria
1387 3615 1584 3679 forma,
1615 3632 1737 3686 quae
1764 3625 1880 3671 erat
1910 3617 1979 3670 ab
2006 3617 2152 3670 oumi

586 3716 817 3772 corpore
846 3711 899 3757 et
938 3707 1167 3760 materia
1211 3718 1485 3779 separata,
1515 3717 1568 3764 et
1592 3709 1675 3763 sic
1721 3709 1926 3763 nullum
1953 3724 2150 3762 novum

587 3792 866 3848 inducitur
895 3796 1242 3866 miraculum;
1266 3800 1355 3853 illa
1382 3808 1572 3871 postea
1613 3802 1702 3854 lux
1726 3810 1921 3871 quarto
1943 3801 2032 3856 die
2055 3801 2154 3855 fuit

583 3886 689 3940 soli
720 3888 1146 3950 communicata.
1189 3907 1297 3946 non
1326 3909 1420 3963 per
1439 3894 1793 3948 mutationem
1813 3894 2151 3950 substantiaa

582 3979 713 4046 lem,
743 3980 835 4036 sed
867 3997 963 4052 per
984 3982 1255 4038 diversam
1301 3986 1747 4055 applicationem,
1793 3986 2150 4056 quemadmo-

576 4070 712 4125 dum
766 4071 944 4128 lumen
996 4074 1240 4130 divinum
1294 4079 1734 4133 communicatur
1791 4079 1988 4141 beatis,
2043 4094 2150 4149 qua

575 4166 1079 4225 communicatione
1115 4168 1249 4224 fiunt
1292 4170 1572 4234 luminosi,
1609 4170 1768 4226 sicuti
1808 4172 1990 4225 multre
2018 4185 2151 4224 can-

576 4257 713 4313 delae
743 4274 987 4316 accensae
1012 4277 1041 4315 a
1066 4262 1236 4332 prima
1267 4261 1513 4318 candela.
1549 4262 1652 4319 Sed
1677 4264 1743 4319 de
1766 4264 1868 4318 hac
1898 4263 2150 4335 Palinge-

577 4352 659 4406 πιἱὶ
699 4355 970 4408 sententia
1016 4356 1248 4410 aliorum
1277 4364 1396 4413 esto
1423 4356 1726 4427 judicium;
1750 4357 1995 4429 quaedam
2024 4374 2147 4415 esse

2282 484 2336 537 in
2369 484 2567 547 Solem,
2590 492 2643 538 et
2673 482 2921 538 Proclus.

2346 573 2506 636 lbid.,
2540 574 2636 629 lin.
2663 574 2753 628 47.
2789 572 2857 627 Τὸ
2885 574 2939 625 δ’
2965 572 3113 627 αὐτὸ
3142 572 3528 643 παράδειγμα.
3559 570 3676 628 Hoc
3707 573 3849 629 idem

2275 665 2497 720 uberius
2540 666 2894 736 prosequitur
2918 664 3155 720 Basilius
3189 666 3339 719 hom.
3387 664 3451 719 61⁵
3473 664 3685 719 Lunam
3720 680 3847 721 vero

2273 757 2405 810 solis
2437 756 2647 827 fulgore
2681 757 2810 827 tegi,
2843 764 2897 812 et
2932 757 2987 811 in
3022 763 3194 811 totum
3218 765 3463 812 mutuata
3493 757 3560 810 ab
3618 772 3686 810 eo
3729 757 3848 812 luce

2275 845 2501 917 fulgere,
2551 846 2720 902 refert
2754 847 2965 902 Plinius
3009 847 3104 902 lib.
3144 863 3203 911 η,
3234 862 3357 917 cap.
3399 847 3454 907 9.
3486 847 3647 917 cujus
3679 849 3844 903 verba

2272 954 2394 993 cum
2420 938 2485 992 ad
2512 954 2624 993 rem
2654 937 2858 992 faciant
2883 940 2976 993 hic
2997 939 3290 993 ascribam.
3316 938 3456 994 Solis
3488 939 3842 1010 fulgoreeam,

2272 1042 2330 1085 ut
2358 1032 2561 1096 reliqua
2590 1032 2903 1103 sidera,tegi
2943 1048 2961 1085 :
2997 1033 3044 1086 si
3076 1033 3285 1103 quidem
3320 1034 3372 1087 in
3402 1042 3567 1087 totum
3599 1045 3845 1088 mutuati:

2271 1121 2335 1175 ab
2380 1138 2439 1176 eo
2472 1122 2584 1176 luce
2626 1120 2846 1190 fulgere,
2873 1122 3083 1192 qualem
3113 1126 3165 1176 in
3198 1139 3501 1192 repercussu
3535 1140 3689 1193 aqum
3714 1123 3846 1178 noli»

2270 1223 2384 1267 tare
2435 1216 2808 1283 conspicimus.
2871 1214 3002 1270 Ideo
3040 1215 3281 1270 molliore
3332 1225 3380 1269 et
3436 1217 3746 1285 imperfecta
3797 1217 3843 1269 ri

2268 1306 2485 1369 solvere,
2526 1315 2729 1360 tantum
2759 1307 3050 1371 humorem,
3087 1318 3240 1379 atque
3267 1309 3428 1362 etiam
3448 1324 3661 1377 augere,
3694 1324 3841 1377 quem

2266 1397 2395 1451 solis
2421 1396 2561 1450 radii
2594 1407 2890 1453 assumant.
2925 1396 3051 1452 Ideo
3073 1409 3120 1453 et
3146 1397 3617 1468 intequalilumine
3639 1399 3838 1466 aspici:

2265 1490 2392 1560 quin
2421 1504 2487 1542 ea:
2511 1488 2730 1543 adrerso
2760 1490 2969 1543 demum
2985 1492 3161 1560 plena,
3185 1490 3402 1560 reliquis
3422 1489 3608 1543 diebus
3633 1499 3839 1544 tantum

2265 1596 2329 1634 eo:
2360 1598 2414 1635 se
2443 1582 2592 1634 terris
2626 1581 2889 1649 ostendat,
2915 1592 3169 1653 quantum
3191 1599 3255 1636 ea:
3281 1584 3388 1638 sole
3410 1585 3526 1653 ipsa
3556 1584 3836 1649 concipiat.

2270 1672 2339 1727 In
2364 1675 2506 1727 coitu
2543 1673 2749 1745 quidem
2783 1692 2884 1728 non
2935 1677 3077 1729 cerni
3106 1692 3123 1729 :
3163 1678 3412 1746 quoniam
3441 1677 3695 1730 haustum
3724 1693 3837 1729 om-

2267 1782 2393 1819 nem
2429 1764 2561 1820 lucis
2606 1783 2790 1820 aversa
2831 1766 2923 1820 illo
2982 1778 3181 1839 regerat
3215 1768 3353 1823 unde
3383 1771 3660 1838 acceperit.
3692 1768 3835 1839 Apu-

2270 1859 2411 1913 [eius
2447 1858 2541 1914 lib.
2577 1859 2650 1912 De
2684 1859 2787 1914 Deo
2813 1859 3053 1915 Sacratis
3090 1878 3108 1915 :
3143 1860 3293 1916 Luna
3320 1862 3448 1916 solis
3482 1862 3705 1925 azmula,
3737 1878 3829 1916 no-

2264 1953 2363 2005 ctis
2396 1950 2546 2013 deus,
2580 1968 2671 2006 seu
2701 1954 3052 2017 corniculata,
3076 1970 3166 2009 seu
3198 1954 3435 2018 dividua,
3458 1971 3550 2008 seu
3578 1955 3837 2023 protumi-

2263 2041 2354 2105 da,
2386 2059 2476 2097 seu
2507 2042 2662 2112 plena
2690 2045 2780 2107 sit,
2818 2045 2966 2098 uaria
2995 2044 3193 2114 ignium
3225 2044 3360 2114 face,
3390 2053 3588 2115 quanto
3629 2043 3836 2112 longin

2264 2132 2402 2186 absit
2435 2149 2467 2186 a
2506 2133 2635 2197 sole,
2677 2144 2827 2188 tanto
2881 2134 3084 2205 largius
3130 2135 3437 2189 illuminata
3490 2151 3619 2204 pars
3667 2136 3834 2188 incre-

2262 2236 2432 2280 mento
2469 2228 2672 2282 itineris
2701 2239 2748 2282 et
2780 2228 2993 2283 luminis
3018 2246 3243 2283 mensem
3274 2231 3384 2283 suis
3415 2229 3618 2284 actibus
3653 2247 3718 2283 ac
3739 2245 3836 2298 pa-

2263 2318 2406 2373 ribus
2437 2319 2726 2389 dispendiis
2753 2322 3004 2374 mstimat.
3032 2320 3097 2375 Et
3135 2322 3276 2377 hanc
3307 2323 3377 2377 ob
3404 2337 3628 2377 causam
3656 2322 3833 2376 Graeci

2263 2423 2421 2482 patec
2464 2414 2599 2468 solis
2630 2414 2793 2467 filiam
2844 2423 3061 2479 vocant,
3100 2412 3388 2485 Euripides
3413 2415 3470 2470 in
3517 2414 3831 2478 Pltmnissis.

2332 2498 2435 2559 ’Ὦ
2495 2505 2898 2575 λιπαροζώνου
2964 2508 3213 2577 θύγατερ

2374 2599 2602 2654 Ἠελίου
2622 2639 2637 2661 ,

2362 2693 2657 2745 Σελαναία
2675 2732 2705 2754 ,.
2736 2695 3192 2760 χρυσεόκυκλον
3218 2694 3455 2763 φέγγος.

2363 2782 2629 2838 llesiodus
2658 2801 2787 2838 vero
2817 2794 2871 2837 et
2895 2784 3154 2856 Virgilius
3188 2801 3428 2841 sororem
3457 2803 3470 2839 :

2327 2870 2440 2927 Nec
2470 2873 2657 2943 fratris
2684 2877 2850 2930 radiis
2875 2876 3103 2931 obnoxia
3129 2892 3338 2946 surgere
3354 2876 3501 2931 luna.

2258 2965 2456 3022 Thales
2509 2966 2646 3021 dixit
2678 2984 2797 3022 eam
2846 2984 2875 3023 a
2930 2970 3046 3025 sole
3098 2969 3420 3034 illustrari,
3463 2967 3611 3038 quod
3660 2968 3825 3024 etiam

2257 3057 2617 3131 Pythagoras,
2653 3058 3030 3125 Parmenides,
3057 3060 3439 3131 Empedocles,
3471 3060 3826 3131 Anaxagoras

2258 3159 2313 3205 et
2344 3150 2687 3207 Metrodorus
2740 3162 3052 3208 senserunt.
3090 3153 3364 3208 Avicenna
3419 3162 3468 3208 et
3519 3152 3824 3209 Macrobius

2257 3242 2441 3296 lunam
2471 3259 2498 3296 a
2529 3245 2643 3299 sole
2673 3246 2912 3299 mutuari
2950 3246 3129 3300 lunzen
3155 3246 3385 3301 credunt
3417 3265 3429 3299 :
3464 3247 3673 3316 reliqua
3701 3262 3825 3301 verr

2256 3343 2404 3389 astra
2432 3335 2499 3390 de
2524 3351 2626 3391 suo
2651 3337 2945 3393 collucere.
2972 3339 3214 3409 Antipho
3244 3340 3466 3410 proprio
3490 3354 3611 3393 eam
3641 3339 3821 3395 lucere

2254 3424 2478 3490 lumine,
2502 3434 2685 3496 partes
2710 3437 2890 3483 autem
2924 3429 3045 3499 ejus
3067 3429 3419 3484 absconditus
3442 3444 3674 3486 accessu
3695 3430 3819 3485 solis

2253 3519 2561 3583 obscurari,
2597 3528 2859 3590 tanquam
2888 3521 3215 3575 imbecillius
3239 3536 3268 3574 a
3296 3521 3529 3584 fortiori,
3561 3522 3825 3592 quemad-

2256 3614 2475 3668 modum
2532 3622 2586 3667 et
2640 3615 2765 3668 aliis
2825 3613 3004 3669 stellis
3064 3613 3823 3684 contingit;Anaximaudcr,

2256 3702 2621 3776 Xenophanes
2654 3707 2935 3776 preprium
2969 3706 3151 3759 lunam
3196 3705 3401 3760 habere
3444 3705 3630 3760 lumen
3674 3707 3825 3761 «Vlixe—

2252 3807 2419 3865 runt;
2469 3800 2793 3854 Aristoteles
2853 3798 3137 3869 preprium
3194 3797 3430 3866 quidem,
3472 3797 3567 3852 sed
3610 3799 3822 3862 rarius;

2255 3892 2424 3946 Stoici
2472 3892 2896 3958 subobscurum,
2928 3898 2983 3948 et
3014 3906 3272 3955 aereum;
3320 3887 3555 3945 Berosus
3600 3901 3825 3946 auctore

2251 3983 2561 4047 Cleomede,
2588 3994 2750 4055 atque
2770 3986 2933 4039 etiam
2954 3978 3204 4038 Vitruvio
3224 3984 3318 4038 lib.
3349 4000 3422 4047 ix,
3447 4000 3568 4054 cap.
3590 3985 3645 4046 4,
3664 4001 3822 4056 quem

2253 4074 2396 4139 vide,
2429 4077 2643 4147 putavit
2702 4077 2843 4130 lunae
2873 4091 3074 4145 corpus
3113 4076 3275 4145 pilam
3306 4089 3428 4130 esse
3456 4076 3630 4128 altera
3673 4084 3824 4145 parte

2250 4168 2604 4233 candentem,
2634 4167 2805 4221 altera
2840 4166 3128 4221 cmruleam
3157 4207 3171 4229 ,
3200 4166 3431 4236 ejusque
3465 4169 3822 4222 mutationem

2251 4258 2388 4323 ﬁeri,
2427 4267 2589 4328 prout
2619 4258 2796 4328 magis
2839 4258 3089 4314 minusve
3117 4272 3146 4311 a
3172 4258 3289 4311 sole
3322 4257 3639 4326 corripitur.
3674 4259 3820 4313 Cau-

2251 4364 2342 4403 sas
2365 4347 2703 4403 diversitatis
2739 4348 3185 4417 apparentiarum
3233 4347 3286 4401 in
3326 4347 3453 4401 luna
3485 4349 3693 4417 optime
3725 4365 3819 4404 cx-

573 4460 700 4514 qum
750 4454 805 4500 ei
856 4455 1016 4502 εειιιιθ
1055 4449 1179 4519 legi,
1209 4458 1264 4504 ει
1295 4449 1592 4521 prudente.-
1628 4451 1892 4522 explicari
1950 4452 2158 4509 debere
2183 4458 2222 4510 ι)
2254 4442 2403 4510 ponit
2430 4438 2667 4496 Iacobus
2696 4438 2995 4503 Milichius,
3023 4448 3320 4495 comment.
3356 4440 3411 4494 in
3441 4443 3622 4495 locum
3660 4442 3818 4496 Plinii

574 4552 797 4594 censeo.
826 4537 1024 4594 Verum
1058 4541 1187 4595 mihi
1216 4557 1430 4612 semper
1448 4544 1501 4597 in
1534 4542 1619 4598 his
1651 4544 1834 4608 rebus,
1867 4544 1919 4597 in
1946 4544 2143 4613 quibus

577 4639 788 4685 natura:
813 4632 896 4687 vis
954 4639 1006 4686 et
1040 4631 1293 4697 facultas,
1317 4650 1501 4689 rerum
1533 4634 1851 4690 dillieultate
1883 4651 2142 4705 oppressa

570 4726 877 4793 decumbit,
909 4733 964 4783 et
992 4728 1191 4781 mentis
1218 4727 1472 4783 bumante
1513 4729 1693 4793 acies,
1734 4728 1988 4797 oculique
2019 4730 2145 4782 cali-

570 4825 723 4887 gant,
753 4833 853 4872 nec
894 4818 1002 4872 nisi
1060 4817 1240 4871 alllatu
1295 4818 1482 4875 divino
1527 4819 1844 4875 confirmari
1889 4828 2139 4889 possunt,

572 4918 888 4962 sanctorum
936 4906 1162 4962 Patrum
1210 4910 1482 4964 sententia
1517 4909 1733 4964 videtur
1785 4910 2139 4979 probabilior,

571 5001 902 5070 minimeque
935 5001 1189 5056 curiosus
1222 5000 1558 5057 intellectum
1612 5002 1852 5073 captivo,
1883 5002 1985 5058 etsi
2031 5019 2138 5057 non

570 5092 758 5149 eadem
791 5109 912 5163 qua:
935 5104 989 5149 et
1018 5111 1142 5165 ego,
1172 5096 1469 5150 sentientes
1495 5094 1780 5152 invenero.

639 5185 753 5239 Col.
773 5186 898 5252 717,
925 5189 1021 5241 lin.
1041 5189 1132 5243 ‘25.
1164 5189 1271 5243 Kal
1297 5190 1375 5256 ὡς
1400 5189 1604 5257 ἕτερόν
1621 5206 1691 5241 τι(
1717 5186 1971 5248 Basilius,
1989 5187 2135 5242 hom.

565 5278 599 5326 li
628 5290 641 5327 :
671 5277 757 5340 Ὠς
784 5273 875 5331 οὖν
897 5279 1084 5351 ἓτερον
1110 5280 1207 5349 μέν
1229 5297 1281 5334 τι
1308 5283 1373 5352 τῇ
1405 5280 1564 5351 φύσει
1586 5282 1618 5350 ἡ
1644 5280 1925 5349 λευκότης,
1955 5280 2138 5350 ἕτερον

566 5368 621 5422 δέ
647 5386 698 5421 τι
726 5368 786 5422 τὸ
817 5369 1240 5441 λελευκωμένον
1266 5373 1440 5442 σῶμον
1467 5372 1608 5425 οὕτω
1636 5373 1729 5425 καὶ
1760 5371 1828 5424 τὰ
1857 5371 1952 5423 νῦν
1984 5373 2136 5442 εἰρη-

567 5460 725 5528 μένα,
748 5461 981 5534 διάφορα
1003 5463 1130 5517 ὄντα
1150 5465 1353 5535 ἥνωται
1372 5467 1437 5535 τῇ
1465 5465 1691 5536 δυνάμει
1712 5464 1804 5517 τοῦ
1832 5465 2131 5527 κτίσαντος.

639 5547 795 5611 Ibid.,
826 5551 921 5604 lin.
955 5550 1044 5606 28.
1078 5553 1315 5606 Ἔπειτα
1350 5554 1456 5606 τὸν
1483 5553 1660 5623 ἣλιον
1688 5554 1755 5607 ἐκ
1788 5553 1893 5608 τοῦ
1925 5553 2130 5620 πυρός.

570 5637 642 5692 De
670 5641 801 5693 solis
841 5649 1057 5705 natura,
1097 5644 1496 5715 magnitudine,
1536 5646 1728 5716 figura,
1760 5647 2133 5701 conuersioni-

568 5730 689 5783 bus.
728 5728 964 5797 defectu,
994 5732 1187 5804 signis,
1221 5745 1274 5791 et
1309 5745 1482 5801 motu,
1509 5738 1630 5793 vide
1661 5753 1778 5808 quae
1813 5737 1979 5793 refert
2011 5737 2134 5794 Sto-

2247 4549 2276 4586 a
2324 4531 2482 4586 nobis
2519 4547 2684 4601 supra
2725 4532 2986 4601 positum.
3023 4529 3224 4584 Verum
3262 4545 3450 4585 eorum
3489 4534 3702 4601 opinio,
3727 4534 3815 4604 qui

2246 4624 2428 4677 lunam
2461 4633 2514 4677 et
2540 4623 2819 4693 proprium
2860 4624 3041 4676 lumen
3088 4623 3308 4686 habere,
3341 4625 3579 4693 itemque
3625 4640 3657 4677 a
3706 4626 3817 4680 sole

2245 4722 2509 4783 mutuari,
2551 4736 2714 4790 quam
2748 4720 2909 4774 etiam
2961 4720 3210 4789 sequitur
3254 4728 3443 4774 noster
3474 4719 3813 4784 Eustathius,

2249 4814 2433 4868 verior
2482 4823 2563 4868 est
2601 4823 2653 4867 et
2679 4813 3043 4882 probabilior;
3082 4812 3243 4866 habet
3277 4815 3421 4867 enim
3476 4829 3635 4867 suum
3691 4830 3816 4882 pro-

2244 4909 2422 4976 prium
2490 4908 2785 4961 obscurum
2847 4903 3251 4974 quodammodo
3306 4921 3405 4960 nec
3455 4906 3811 4965 Iuminosum,

2240 4999 2539 5054 carbonum
2603 4999 2797 5063 instar,
2860 4998 3055 5067 recipit
3104 5013 3236 5052 vero
3279 5000 3458 5054 solare
3496 5001 3810 5069 splendens.

2240 5093 2448 5146 clarum
2489 5107 2599 5161 quo
2634 5106 2755 5145 sese
2800 5091 3075 5153 ostendat,
3105 5090 3340 5160 aliisque
3395 5089 3465 5145 ad
3517 5089 3813 5144 videndum

2238 5183 2696 5254 quemadmodum
2757 5182 2996 5237 interdiu
3048 5183 3129 5237 sol
3186 5184 3329 5237 viam
3385 5183 3584 5252 aperit.
3642 5181 3809 5235 Plura

2237 5279 2304 5331 de
2339 5277 2424 5331 his
2478 5275 2796 5331 Cleomcdes
2845 5276 2942 5329 lib.
2996 5292 3034 5329 ιι
3082 5273 3325 5341 Meteon,
3373 5276 3519 5330 inter
3573 5284 3807 5330 caetera:

2240 5370 2474 5442 ’ῌδεσαν
2517 5371 2569 5423 δὲ
2620 5371 2714 5423 καὶ
2757 5373 2804 5423 οἱ
2839 5370 3158 5423 παλαίτοιτοι
3195 5369 3303 5423 τῶν
3337 5366 3581 5437 φυσικῶν
3618 5384 3679 5418 τε
3716 5366 3806 5418 καὶ

2237 5464 2599 5533 ἀστρολόγων,
2625 5465 2705 5516 ὅτι
2735 5464 2841 5515 ἀπὸ
2866 5462 2956 5515 τοῦ
2985 5462 3134 5533 ἡλίου
3164 5463 3196 5532 ἡ
3228 5462 3420 5531 σελήνη
3440 5460 3502 5513 τὸ
3527 5460 3643 5528 φῶς
3672 5457 3806 5528 ἔχει,

2233 5556 2309 5618 ὡς
2339 5555 2495 5626 δῆλόν
2541 5558 2655 5608 ἐστι
2698 5554 2911 5627 πρῶτον
2956 5554 3053 5625 μὲν
3097 5556 3161 5606 ἐκ
3203 5553 3299 5623 τῆς
3332 5551 3683 5622 ἐτυμολογίας
3712 5549 3807 5602 τοῦ

2234 5649 2494 5717 ὀνόματος
2538 5649 2727 5720 αὐτῆς,
2776 5647 2948 5710 οὕτως
2986 5645 3374 5717 ὠνομασμένης
3421 5647 3482 5697 ὲκ
3525 5644 3621 5698 τοῦ
3652 5642 3806 5700 σέλας

2234 5737 2402 5810 αὐτὴν
2431 5739 2545 5793 νέον
2578 5738 2715 5810 ἔχειν
2758 5740 2862 5803 ἀεὶ,
2907 5738 2997 5791 καὶ
3042 5738 3101 5789 ἐκ
3138 5736 3231 5789 τοῦ
3276 5734 3603 5789 ὲπιδίδοσθαι
3643 5733 3806 5806 δᾷδας
