4072 6342
289 256 391 312 εοι

1243 251 1311 306 IN
1351 250 1718 307 EUSTATHII
1746 250 2218 307 ΗΕΧᾹΕΜΕΚΟΝ
2254 250 2483 307 NOTAE.

3411 238 3516 292 86?.

289 375 402 434 τοῖς
427 373 505 434 εἰς
535 371 606 423 τὰ
652 371 966 442 ’Λρτεμίσια
998 370 1239 423 εἰσιοῦσι.
1273 371 1442 424 Τοῦτο
1463 372 1571 442 γὰρ
1603 373 1699 442 μὲν
1730 372 1846 441 σύμ-

1969 387 2094 442 gere
2144 382 2198 426 et
2239 372 2482 426 roborari
2538 373 2831 426 cernimus.
2876 372 3183 427 Ludovicus
3229 373 3424 430 Fidelis
3452 376 3527 432 De

289 464 443 517 ϐολόν
474 466 588 515 ἐστι
617 461 707 514 τοῦ
739 461 934 527 ἔξωθεν
958 461 1099 532 ἔχειν
1126 461 1220 533 τὴν
1242 463 1469 532 σελήνην
1497 463 1555 515 τὸ
1585 463 1717 530 φῶς.

363 555 524 615 Ibid.,
558 555 654 609 litt.
683 554 778 606 ult.
818 553 932 622 Τῆς
954 555 1178 624 ἡμέρας
1207 556 1440 621 ἐκείνης
1471 556 1622 624 μήτε
1647 557 1856 622 οὔσης.

288 647 436 716 Lego
471 645 552 716 μὴ
567 645 856 715 καιούσης,
886 647 1020 716 μήτε
1055 654 1185 707 etc.,
1218 647 1281 699 ad
1313 653 1547 700 mentem
1595 648 1856 710 auctoris,

289 738 386 807 qui
420 737 534 791 hinc
570 736 679 789 duo
719 735 772 787 in
810 735 924 788 sole
964 735 1348 796 consideravit,
1396 735 1576 788 lumen
1613 743 1666 789 et
1711 737 1858 789 calo-

290 845 431 894 rem,
470 830 651 883 lumen
684 828 834 882 dedit
867 827 971 882 diei
996 867 1010 889 ,
1054 827 1288 881 calorem
1321 827 1421 881 soli
1459 846 1470 880 :
1505 837 1556 881 et
1603 828 1725 882 ideo
1770 829 1858 882 hic

291 923 368 976 ait
418 922 588 978 solem
627 928 836 973 tantum
872 919 941 972 ab
983 918 1071 971 illa
1115 919 1200 972 die
1231 935 1405 989 neque
1439 928 1649 979 urente,
1682 937 1858 990 neque

288 1014 668 1076 calefaciente,
700 1013 793 1067 sed
821 1013 994 1066 solum
1022 1012 1360 1066 illuminanlc
1383 1013 1560 1066 lumen
1586 1015 1853 1083 accipere.

356 1105 475 1160 Col.
510 1105 631 1170 720,
665 1105 759 1158 lin.
787 1103 839 1157 2.
873 1104 997 1156 Ὅτι
1032 1103 1099 1156 δὲ
1129 1103 1195 1156 ἐκ
1228 1104 1416 1172 πυρὸς
1457 1103 1855 1173 συνέστηκεν.

288 1199 495 1254 Omnes
524 1197 638 1254 fere
673 1207 883 1252 veteres
926 1197 1235 1266 philosophi
1278 1213 1385 1251 uno
1419 1213 1516 1252 ore
1565 1199 1733 1252 solem
1769 1213 1857 1251 ca-

286 1285 459 1339 lidum
511 1294 564 1340 et
615 1284 855 1340 candens
901 1285 1030 1355 quid
1082 1301 1205 1340 esse
1247 1286 1600 1348 affirmat-unt,
1651 1288 1753 1341 etsi
1803 1288 1856 1341 in

285 1377 470 1431 calido
495 1377 598 1430 hoc
633 1377 986 1446 exprimendo
1025 1393 1132 1430 non
1159 1377 1532 1432 convenerint.
1574 1376 1859 1447 Euripides

284 1470 340 1524 in
378 1469 668 1524 Phoenissis
701 1472 876 1540 ignem
919 1473 1128 1526 vocavit
1159 1511 1173 1533 ,

398 1563 572 1616 "HJ/8.
598 1564 760 1628 θοαῖς
801 1565 1076 1617 ἵπποισιν
1106 1563 1393 1617 εἱλίσσων
1411 1563 1628 1631 φλόγα,

393 1666 448 1712 et
474 1659 528 1711 in
564 1657 851 1711 Phaetonte
873 1701 889 1724 ,

396 1767 586 1836 Θερμὴ
628 1768 696 1821 δὲ
723 1767 978 1836 ἄνακτος

395 1861 554 1924 Φλὸξ
578 1861 1033 1927 ὑπερτέλλουσα
1057 1861 1182 1932 γῆς.

360 1952 729 2022 Anaxagoras,
760 1959 812 2006 et
829 1953 1163 2009 Democritus
1183 1954 1404 2019 ferrum,
1419 1955 1502 2008 vel
1517 1969 1704 2009 saxum
1724 1969 1854 2008 can-

278 2045 457 2110 dens;
489 2043 840 2100 Parmenides
869 2047 1038 2101 solcm
1070 2047 1321 2102 etlunam
1353 2048 1419 2102 de
1439 2048 1646 2102 circulo
1678 2047 1851 2102 lacteo

277 2139 458 2192 voluit
482 2139 886 2202 excerni,_illum
919 2139 1136 2208 quidem
1150 2154 1180 2192 a
1194 2141 1401 2196 rariore
1415 2139 1574 2194 calidi
1598 2140 1846 2203 mistura,

279 2233 429 2285 hanc
459 2246 488 2284 a
519 2230 773 2286 densiore
803 2231 985 2302 frigidi
1007 2250 1021 2297 ;
1040 2231 1407 2303 Xenophanes
1425 2231 1491 2288 de
1510 2233 1746 2288 nubibus
1768 2234 1846 2287 in-

279 2326 469 2382 censis
497 2333 674 2380 ortum
722 2328 893 2382 solem
945 2336 1118 2397 putat,
1141 2336 1194 2383 et
1230 2327 1495 2383 defectum
1520 2327 1712 2383 iisdem
1756 2343 1850 2383 ex-

279 2416 500 2471 stinctis
516 2418 750 2476 evenire,
771 2424 829 2472 et
843 2418 1005 2471 alium
1024 2433 1217 2473 rursus
1235 2418 1365 2472 oriri
1387 2436 1400 2483 ;
1420 2419 1845 2488 Theophrastus,

279 2507 528 2576 physicis
561 2506 816 2576 igniculis
839 2507 905 2561 de
938 2507 1155 2560 humida
1185 2507 1527 2562 exhalatione
1556 2509 1843 2576 componi;

277 2599 673 2653 Anaximandri
719 2608 776 2652 et
819 2599 1046 2652 aliorum
1083 2599 1369 2671 opiniones
1401 2598 1524 2653 vide
1559 2601 1698 2669 apud
1725 2599 1849 2653 Sto-

279 2691 460 2744 baeum
493 2689 547 2741 in
593 2687 806 2758 Eclogis
834 2689 1085 2758 physicis,
1112 2704 1230 2758 pag.
1267 2690 1370 2756 55;
1402 2697 1456 2744 et
1491 2689 1677 2746 Patres
1700 2690 1846 2744 anti-

278 2781 402 2850 qui,
443 2778 700 2840 Basilius,
749 2779 896 2833 hom.
921 2780 982 2847 6;
1018 2779 1359 2850 Augustinus
1387 2781 1631 2851 pluribus
1683 2783 1736 2835 in
1767 2783 1847 2838 lo-

279 2873 400 2936 eis;
463 2870 786 2926 Ambrosius
828 2871 921 2924 lib.
955 2888 1012 2925 ιι.
1047 2871 1300 2925 Hexaem.
1342 2881 1395 2926 et
1422 2874 1533 2926 alii.
1565 2873 1630 2927 Et
1675 2891 1736 2928 ex
1771 2891 1850 2930 re-

278 2963 640 3026 centioribus,
678 2962 831 3032 Hugo
861 2961 928 3018 de
958 2961 1013 3018 S.
1059 2963 1274 3018 Victore
1324 2966 1514 3019 Adnot.
1551 2967 1604 3019 in
1638 2963 1798 3020 Cenes
1829 3007 1844 3032 ,

278 3071 406 3124 cap.
444 3054 512 3120 6,
544 3056 743 3118 solum,
779 3055 974 3123 inquit,
1019 3056 1185 3110 solem
1227 3055 1500 3124 propriam
1533 3057 1729 3110 habere
1766 3057 1844 3109 luo

275 3165 425 3213 cem,
457 3156 510 3203 et
539 3149 717 3218 ipsum
761 3163 823 3202 ex
862 3149 984 3218 igne
1017 3163 1138 3203 esse
1179 3148 1402 3208 factum,
1450 3149 1688 3216 reliquas
1718 3163 1844 3203 vero

276 3241 469 3295 stellas
511 3257 577 3295 ex
623 3255 780 3296 aerea
837 3241 1064 3295 materia
1126 3241 1366 3294 relucere
1426 3241 1626 3309 potius,
1683 3258 1844 3310 quani

275 3333 485 3386 lucere.
534 3329 716 3385 Solem
761 3339 964 3394 tamen,
1015 3331 1157 3386 sicut
1205 3338 1259 3385 et
1305 3342 1497 3385 caetera
1543 3341 1687 3385 astra
1738 3349 1847 3388 non

273 3439 404 3478 esse
437 3422 650 3486 calidae,
685 3438 783 3477 nec
818 3424 986 3494 igneae
1013 3431 1220 3478 natura:
1259 3424 1414 3477 multi
1446 3423 1720 3488 doctores,
1757 3443 1846 3478 va-

277 3515 569 3571 lidissimis
607 3516 909 3571 rationibus
945 3515 1297 3571 concludunt.
1353 3514 1444 3569 Sol
1479 3518 1620 3572 enim
1665 3519 1842 3572 incor-

276 3607 561 3676 ruptibilis
591 3613 696 3666 est,
741 3623 839 3661 nec
881 3606 1120 3660 admittit
1157 3607 1447 3676 qualitates
1478 3610 1842 3679 corruptivas,

275 3699 418 3753 tales
463 3705 592 3752 sunt
618 3699 766 3752 calor
795 3706 848 3752 et
877 3697 1066 3768 frigus.
1098 3700 1258 3754 Astra
1313 3712 1366 3756 et
1397 3701 1474 3757 sol
1508 3717 1606 3755 nec
1654 3711 1847 3772 praeter

277 3798 560 3854 naturam,
588 3806 689 3845 nec
723 3791 991 3846 violenter
1016 3800 1303 3846 moventur
1335 3812 1347 3846 :
1383 3795 1526 3863 quod
1569 3794 1614 3849 si
1665 3803 1846 3848 essent

273 3885 437 3954 ignea
463 3884 514 3938 id
543 3883 836 3949 accideret,
859 3883 999 3953 ignis
1022 3884 1165 3938 enim
1199 3901 1417 3940 sursum
1461 3895 1724 3941 movetur.
1757 3886 1846 3941 Sic

272 3978 441 4030 etiam
504 3976 709 4029 nullum
769 3985 914 4030 esset
978 3991 1227 4030 securum
1283 3983 1336 4030 et
1403 3984 1612 4042 tutum,
1665 3980 1844 4031 omnia

273 4069 426 4122 enim
463 4076 735 4122 astrorum
776 4068 868 4120 illo
909 4068 1033 4138 igne
1080 4067 1534 4139 conflagrassent,
1581 4086 1702 4123 cum
1737 4087 1843 4124 non

275 4177 376 4232 per
414 4163 601 4215 lucem.
624 4161 798 4215 solum
827 4160 919 4215 sed
962 4160 1122 4215 etiam
1161 4176 1255 4229 per
1285 4161 1544 4224 calorem,
1578 4161 1843 4216 calefaceo

273 4259 401 4307 rent
440 4263 493 4306 et
522 4261 812 4306 terrerent.
851 4251 1103 4307 Dicamus
1138 4253 1323 4323 igitur,
1349 4254 1581 4307 solarem
1611 4259 1844 4309 calorem

271 4346 416 4400 nihil
452 4345 600 4398 aliud
632 4361 754 4400 esse
793 4359 957 4416 quam
993 4345 1228 4400 calorem
1260 4347 1417 4416 ignis,
1453 4347 1584 4402 solis
1616 4347 1842 4419 fulgore.

1967 464 2151 516 mundi
2179 474 2368 518 struct.
2407 464 2500 518 lib.
2538 481 2590 527 ν,
2626 480 2747 534 cap.
2784 465 2835 527 5,
2867 466 3220 534 quaestionem
3249 465 3313 518 de
3347 469 3528 524 calore

1963 557 2097 610 solis
2142 558 2424 626 proponit,
2456 565 2515 610 et.
2546 557 2613 610 ad
2659 567 2893 611 mentem
2948 558 3120 611 nostri
3167 561 3406 612 auctoris
3453 560 3526 615 ita

1961 648 2210 703 dissolvit
2241 668 2254 704 :
2289 649 2475 702 Verum
2512 649 2615 714 hic,
2648 650 2844 720 inquit,
2877 650 3113 703 nonnihil
3141 651 3413 704 suboritur
3431 670 3528 704 an-

1960 744 2198 805 xietatis,
2238 760 2304 796 an
2342 745 2442 796 soli
2484 754 2761 813 perpetuus
2800 745 2993 798 haereat
3027 746 3196 810 calor,
3237 763 3306 799 an
3353 747 3527 802 calore

1958 851 2176 904 prorsus
2225 839 2291 890 sit
2333 837 2662 892 destitutus?
2687 836 2842 890 Circa
2887 838 2940 891 id
2971 841 3117 892 varia
3151 841 3528 910 circumferun-

1964 939 2049 981 tur
2073 945 2259 992 sensa;
2291 929 2419 981 nihil
2451 940 2622 982 tamen
2671 931 2902 982 alienum
2933 949 2962 982 a
2993 933 3208 986 veritate
3249 935 3526 988 existima-

1960 1018 2140 1080 rerim,
2168 1021 2216 1070 si
2250 1026 2305 1068 ut
2335 1019 2436 1070 soli
2456 1017 2700 1086 splendor
2737 1036 2938 1086 semper
2985 1019 3208 1087 hwrens,
3253 1025 3412 1076 etiam
3441 1027 3514 1078 in-

1962 1120 2139 1163 ternus
2190 1110 2455 1162 tribuatur
2489 1111 2674 1163 calor:
2706 1113 2796 1180 qui
2845 1113 3245 1183 circumquaque
3297 1115 3522 1184 cli/fusus

1958 1200 2068 1253 hwc
2101 1200 2381 1268 calefaciat
2413 1201 2688 1269 inferiora.
2721 1199 2856 1253 Hinc
2874 1214 3070 1270 quanto
3097 1205 3309 1272 propius
3341 1207 3408 1258 ad
3431 1224 3522 1260 nos

1960 1292 2161 1345 accedit
2195 1293 2296 1353 sol,
2325 1302 2372 1344 et
2399 1303 2579 1346 nostro
2619 1292 2792 1344 χειιὶιή
2835 1294 3055 1347 ricinior
3103 1307 3336 1364 apparet,
3379 1309 3524 1352 tanto

1957 1382 2111 1435 illius
2138 1385 2411 1446 intensior,
2457 1393 2505 1436 et
2548 1399 2648 1451 quo
2679 1386 2930 1437 remotior
2956 1402 2985 1437 a
3014 1385 3191 1450 nobis,
3220 1405 3276 1441 eo
3306 1389 3527 1442 debilior

1956 1475 2281 1542 percipiatur
2311 1475 2474 1528 calor.
2518 1473 2584 1526 Et
2609 1476 2826 1544 proinde
2865 1477 2954 1546 qui
2993 1493 3138 1530 zonw
3167 1479 3382 1533 subsunt
3417 1488 3527 1533 tor-

1957 1567 2464 1620 ridivvehementiori
2493 1575 2788 1619 exuruntur
2811 1580 2963 1630 testu,
2999 1569 3137 1639 quod
3167 1570 3271 1623 illis
3305 1570 3370 1623 sit
3395 1571 3523 1625 solis

1955 1657 2402 1726 perpendicularis
2438 1659 2606 1722 calor,
2632 1669 2682 1712 et
2706 1662 2794 1729 qui
2835 1662 3021 1714 absunt
3064 1663 3289 1732 longius,
3333 1665 3525 1733 majori

1890 1736 1929 1790 Β
1959 1745 2127 1813 rigent
2158 1743 2375 1812 frigore.
2421 1743 2562 1796 Hinc
2594 1746 2676 1814 ﬁt,
2710 1756 2766 1796 ut
2796 1747 2884 1816 qui
2924 1746 3017 1799 sub
3046 1747 3163 1815 polo
3189 1751 3406 1810 arctico,
3448 1750 3526 1802 vel

1959 1835 2253 1885 antarctico
2281 1833 2504 1887 resident
2534 1836 2799 1888 immensis
2829 1836 3118 1905 algoribus,
3149 1839 3283 1890 sicut
3319 1841 3408 1905 qui
3428 1841 3522 1893 sub

1958 1924 2304 1978 zanatorrida
2323 1928 2580 1980 continuis
2595 1926 2900 1995 subjaceant
2927 1929 3225 1984 ardoribus.
3256 1929 3336 1984 pit
3352 1933 3522 1985 etiam

1957 2029 2014 2068 ut
2045 2017 2153 2071 sole
2193 2017 2514 2070 horizontem
2561 2029 2799 2071 nostrum
2823 2031 3106 2089 occupante
3137 2023 3537 2092 aerfervidior,.

1956 2119 2013 2163 et
2037 2108 2339 2163 abscedente
2363 2111 2582 2180 rigidior
2611 2111 3046 2180 deprehendatur.

2025 2199 2185 2263 lbid.,
2215 2201 2312 2254 litt.
2343 2202 2392 2254 4.
2439 2201 2547 2254 Τοῦ
2583 2201 2942 2270 διαχωρίζειν
2969 2204 3086 2258 ἀνὰ
3113 2207 3323 2274 μέσον,
3364 2202 3541 2260 Βθεῇν

1955 2293 2082 2358 lius,
2110 2293 2254 2347 hom.
2282 2292 2335 2356 6,
2367 2294 2481 2346 Νῦν
2512 2294 2567 2347 δὲ
2595 2294 2747 2365 ἣλιον
2776 2295 3003 2360 ἐπέταξε
3033 2300 3143 2360 τοῖς
3179 2298 3394 2368 μέτροις
3420 2297 3522 2368 τῆς

1956 2385 2183 2456 ἡμέρας,
2208 2387 2298 2439 καὶ
2333 2387 2579 2457 σελήνην,
2598 2388 2725 2439 ὅταν
2751 2389 2878 2440 ποτὲ
2900 2389 3036 2458 πρὸς
3063 2390 3151 2441 τὸν
3179 2389 3305 2442 ἴδιον
3327 2389 3521 2442 κύκλον

1955 2479 2284 2550 ἀπαρτισθῇ,
2314 2481 2552 2550 ἀρχηγὸν
2598 2481 2818 2552 ὲποὶησε
2856 2483 2953 2552 τῆς
2989 2484 3200 2546 νυκτός.
3236 2482 3516 2538 Constant.

1954 2569 2100 2625 Man.
2134 2571 2186 2625 in
2221 2572 2416 2625 Annal.

1957 2663 2118 2716 Οὕτω
2145 2661 2261 2732 μὲν
2288 2658 2400 2716 οὖν
2425 2663 2692 2717 τετέλετο
2731 2665 2802 2717 τὰ
2834 2665 2980 2716 κατὰ
3012 2664 3152 2730 τοὺς
3193 2665 3450 2732 ἀστέρας

1953 2733 2060 2786 Kal
2086 2733 2330 2804 σέτακτρ
2363 2733 2482 2801 μὲν
2508 2733 2680 2799 ἣλιος
2704 2733 2898 2802 ἀστὴρ
2938 2734 3346 2804 ἡμεροκράτωρ
3366 2754 3379 2766 ’

1959 2803 2028 2856 Τὸ
2071 2803 2138 2854 δὲ
2163 2802 2429 2870 σελήνης
2447 2803 2762 2872 ,ϐλέφαρον
2791 2805 3131 2872 ἐπύρσευσε
3159 2802 3279 2871 τὴν
3308 2802 3518 2862 νύκτα.

2022 2900 2180 2963 lbid.,
2217 2902 2312 2954 lin.
2431 2903 2606 2954 Ἔστι
2637 2902 2706 2954 δὲ
2728 2903 2765 2967 ἡ
2801 2903 2915 2966 νὺξ
2945 2904 3234 2972 σκίασμα.
3259 2902 3518 2968 Basilius,

1951 2993 2098 3046 hom.
2127 2992 2179 3056 6,
2211 2991 2320 3044 Kal.
2344 2994 2375 3061 ή
2397 2992 2490 3057 νὺξ
2519 2993 2612 3044 ἐπὶ
2637 2992 2698 3044 τὸ
2731 2993 2968 3046 ἐναντίον
2997 2997 3116 3056 ταῖς
3145 2993 3357 3046 ἀκτῖσιν
3387 2995 3520 3048 ὐπο-

1875 3097 1917 3156 c
1951 3087 2134 3155 χωρεῖ,
2178 3084 2328 3137 οὐδὲν
2351 3084 2535 3154 ἕτερον
2567 3079 2700 3136 οὖσα
2727 3082 2865 3136 κατὰ
2885 3083 2981 3152 τὴν
3007 3083 3166 3151 φύσιν
3212 3083 3244 3154 ἢ
3277 3083 3520 3155 σκίασμα

1948 3177 2070 3245 γῆς.
2120 3176 2207 3238 Ὠς
2239 3175 2347 3246 γὰρ
2375 3176 2433 3228 ἐν
2460 3175 2644 3246 ἡμέρᾳ
2677 3177 2708 3244 ἡ
2737 3175 2863 3227 σκιὰ
2878 3174 2954 3244 τῷ
2984 3175 3394 3244 ἀντιφράσσοντι
3420 3176 3517 3247 τὴν

1947 3269 2120 3338 αὐτὴν
2173 3268 2597 3340 ammplam-cat,
2631 3267 2802 3329 οὕτως
2833 3268 2865 3336 ἡ
2905 3265 3019 3330 νὺξ,
3041 3266 3392 3336 σκιαζομένου
3424 3267 3521 3320 τοῦ

1947 3361 2074 3430 περὶ
2103 3361 2205 3429 γῆν
2238 3359 2420 3430 ἀέρος,
2456 3357 2804 3410 συνίστασθαι
2838 3357 3102 3425 πέφυκεν.
3163 3355 3372 3412 Plinius
3401 3358 3434 3411 l.
3456 3373 3516 3416 tt.

1946 3468 2065 3522 cap.
2098 3453 2182 3514 10,
2219 3451 2385 3504 Terra
2419 3454 2668 3506 subeunte
2707 3452 3006 3519 repentinas
3041 3448 3225 3502 obduci
3256 3448 3516 3513 tenebras,

1947 3556 2256 3610 rursumque
2286 3539 2432 3594 illius
2467 3543 2652 3594 umbra
2683 3541 2830 3594 sidus
2867 3539 3120 3594 hebetari.
3157 3539 3336 3609 Neque
3370 3540 3517 3592 aliud

1945 3647 2056 3684 esse
2096 3639 2298 3683 noctem
2341 3646 2496 3698 quam
2543 3640 2697 3684 terra:
2748 3630 3011 3686 umbraut.
3062 3628 3412 3700 Palingenius
3460 3629 3517 3684 in

1947 3721 2176 3776 Zodiaco
2203 3724 2339 3787 vitor,
2367 3724 2462 3776 lib.
2493 3740 2550 3778 ιι.

2165 3844 2234 3854 ——
2266 3817 2368 3867 Sed
2395 3831 2499 3867 nox
2531 3815 2750 3870 adversa
2777 3817 2830 3868 in
2863 3820 3011 3884 parte
3041 3824 3271 3876 creatur,

1949 3882 2148 3952 Quippe
2171 3883 2316 3936 aliud
2331 3902 2433 3937 non
2451 3895 2526 3937 est
2549 3902 2703 3954 quam
2721 3882 2872 3938 terrai
2891 3895 3043 3954 atque
3061 3886 3284 3953 wquoris
3310 3885 3514 3938 umbra.

2016 3973 2174 4039 lbid.,
2207 3975 2304 4028 lin.
2340 3975 2424 4028 ll.
2454 3976 2559 4028 Kal
2591 3979 2622 4029 ὀ
2646 3975 2761 4044 μὲν
2793 3975 2961 4042 ἥλιος
3007 3973 3228 4042 ὥσπερ.
3273 3974 3346 4027 De
3385 3976 3516 4038 solis

1948 4065 2285 4130 prazstantia,
2329 4065 2626 4134 dignitate,
2678 4065 2727 4118 vi
2783 4063 3126 4124 admiranda,
3177 4072 3228 4116 et
3277 4065 3514 4132 potentia

1949 4156 2244 4228 Dionysius
2279 4158 2606 4227 Areopagita
2643 4155 2718 4209 De
2746 4157 2908 4209 αἰτίη.
2941 4154 3258 4217 nominibus,
3290 4170 3409 4224 cap.
3446 4155 3513 4218 4;

1947 4247 2195 4304 Julianus
2221 4248 2500 4319 Apostata,
2521 4246 2789 4317 Orpheus,
2817 4247 3062 4308 l’roclns,
3090 4244 3306 4315 Lycius,
3328 4246 3511 4313 hymn.

1949 4340 2002 4394 in
2055 4342 2252 4408 solem,
2297 4339 2508 4394 Plinius
2548 4340 2637 4392 hb.
2685 4355 2747 4401 ιι,
2791 4355 2910 4409 cap.
2965 4338 3020 4406 6,
3060 4337 3462 4408 elegantissime
3498 4351 3511 4364 ο

270 4454 385 4508 quo
412 4437 730 4490 naturaliter
759 4437 1028 4498 trahatur,
1049 4437 1436 4492 modificatum.
1457 4437 1697 4508 Namque
1718 4455 1857 4492 cum.
1877 4437 1917 4491 ο
1949 4435 2146 4488 Eorum
2183 4433 2382 4487 medius
2399 4433 2685 4501 solfertur,
2724 4432 3049 4499 amplissima
3068 4428 3425 4500 magnitudine
3454 4444 3514 4481 ac

271 4529 421 4582 inter
453 4526 794 4580 alimentaria
829 4540 1062 4596 corpora
1101 4526 1316 4596 igneum
1353 4526 1528 4580 solum
1564 4526 1841 4580 caalestem

272 4621 524 4674 imitatur
573 4617 859 4687 fulgorem,
904 4619 1084 4687 ipsum
1118 4633 1247 4672 vero
1292 4617 1366 4669 ita
1411 4625 1468 4670 ut
1496 4616 1716 4685 plurimi
1754 4631 1835 4668 ve-

271 4724 456 4767 terum
493 4710 961 4780 philosolihorum,
993 4709 1063 4764 oh
1095 4725 1212 4763 eam
1253 4707 1662 4763 similitudinem
1698 4714 1844 4762 astra

270 4809 432 4875 ignea
465 4819 588 4858 esse
622 4801 888 4871 suspicati
939 4801 1084 4864 sint,
1116 4799 1172 4853 fit
1204 4801 1358 4854 valde
1394 4806 1842 4861 consentaneum,

271 4907 332 4950 ut
367 4895 750 4950 similitudinis
801 4893 949 4946 illius
996 4908 1163 4948 causa
1215 4892 1372 4946 facile
1405 4891 1654 4944 trahatur
1702 4889 1845 4958 ignis

270 4989 489 5043 etelesti
541 4987 766 5054 lumine,
818 4986 961 5056 quod
1015 4989 1177 5040 etiam
1237 4985 1522 5054 vestigium
1573 4981 1842 5052 quoddam

271 5079 582 5136 divinitatis
611 5079 729 5147 ejus
760 5079 1008 5147 corporis
1042 5085 1145 5132 est.
1174 5074 1228 5130 Si
1267 5076 1420 5145 plura
1457 5073 1634 5146 cupis,
1667 5074 1845 5128 adesis

272 5171 632 5225 Franciscum
671 5169 941 5224 Valesium
971 5169 1048 5223 De
1069 5184 1226 5221 sacra
1263 5166 1611 5236 philosophia,
1639 5180 1758 5234 cap.
1794 5166 1842 5218 i.

273 5264 522 5334 Denique
553 5262 824 5317 sententia
868 5269 953 5315 est
998 5260 1514 5330 Peripateticorum,
1560 5260 1726 5314 solem
1755 5275 1846 5327 ιιι-ι·

273 5360 458 5412 lumen
497 5355 672 5409 facere
701 5362 811 5406 tam
839 5354 1100 5412 calorem,
1149 5359 1257 5404 tam
1298 5352 1490 5421 frigus,
1523 5351 1735 5404 diversa
1763 5357 1847 5402 ta-

275 5467 401 5504 men
444 5451 682 5512 ratione,
719 5449 870 5502 illum
901 5447 1119 5516 quidem
1155 5462 1251 5514 per
1291 5461 1368 5508 se,
1405 5445 1504 5498 hoc
1543 5452 1722 5499 autem
1754 5460 1846 5513 per

277 5541 565 5606 accidens;
603 5555 727 5594 nam
781 5539 1068 5608 praesentia
1115 5538 1339 5592 luminis
1394 5537 1524 5591 facit
1581 5537 1844 5600 calorem,

279 5636 524 5688 absentia
580 5649 708 5688 vero
748 5634 1093 5704 friguszquo
1139 5629 1284 5683 enim
1329 5630 1508 5683 lumen
1557 5629 1708 5693 solis,
1757 5637 1846 5680 aut

292 5726 640 5782 nullomodn
697 5734 786 5774 aut.
820 5726 1057 5782 tenuiter
1089 5721 1364 5795 pertingit,
1403 5721 1533 5776 inihi
1566 5720 1738 5794 frigus
1771 5721 1845 5772 vi—

1942 4537 2195 4595 potestate
2222 4543 2238 4578 :
2264 4543 2352 4578 nec
2371 4536 2658 4593 temporum
2683 4524 2853 4589 modo,
2875 4534 3252 4592 terrarumque,
3272 4522 3360 4574 sed
3376 4522 3513 4575 side-

1945 4635 2059 4670 rum
2082 4619 2240 4670 etiam
2270 4619 2501 4685 ipsorum
2541 4615 2754 4685 ca'lique
2795 4625 2985 4669 rector.
3014 4614 3168 4666 llunc
3189 4614 3371 4666 mundi
3401 4631 3514 4667 esse

1946 4711 2104 4762 totius
2140 4710 2395 4771 animant,
2431 4726 2492 4762 ac
2521 4708 2732 4778 planius
2775 4717 2991 4759 mentem
3019 4720 3036 4758 :
3068 4705 3203 4758 hunc
3224 4705 3512 4774 principale

1949 4809 2154 4854 natura:
2185 4801 2412 4870 regimen
2457 4817 2519 4852 ac
2547 4817 2735 4854 numen
2767 4798 2973 4852 credere
3002 4800 3166 4859 decet,
3209 4813 3363 4865 opera
3399 4801 3510 4864 ejus

1949 4895 2292 4948 a'stimantes.
2353 4893 2453 4947 llic
2497 4894 2662 4947 lucem
2724 4893 2872 4946 rebus
2924 4893 3189 4944 ministrat
3243 4891 3510 4960 aufertque

1947 4989 2214 5052 tenebras;
2237 4988 2319 5041 hic
2359 4989 2560 5059 reliqua
2587 4987 2762 5040 sidera
2796 4986 3022 5039 occultat
3053 5001 3069 5038 :
3103 4985 3186 5037 hic
3222 4987 3352 5039 rices
3384 4994 3508 5037 tem-

1944 5097 2126 5149 parum
2161 5097 2457 5148 annumque
2485 5095 2683 5146 semper
2711 5087 3062 5132 renascentem
3092 5091 3156 5129 ea:
3182 5093 3279 5128 usu
3306 5088 3510 5128 natura

1947 5179 2226 5237 temperat;
2277 5168 2360 5220 hic
2392 5169 2507 5221 ca'li
2553 5169 2826 5220 tristitiam
2877 5167 3114 5230 discutit,
3153 5178 3306 5236 atque
3348 5165 3508 5218 etiam

1945 5260 2161 5312 humani
2195 5259 2378 5312 nubila
2421 5260 2582 5311 animi
2615 5269 2856 5318 serenat;
2897 5259 2979 5310 hic
3018 5274 3170 5310 suum
3211 5257 3378 5310 lumen
3407 5273 3508 5309 cat-

1947 5352 2071 5404 tcris
2108 5368 2308 5420 quoque
2341 5350 2599 5404 sideribus
2630 5351 2874 5418 [cauerat
2914 5350 3232 5411 Pra'clarus,
3263 5350 3504 5412 eximius,

1947 5445 2122 5495 omnia
2166 5443 2392 5502 intuens,
2437 5441 2612 5495 omnia
2650 5443 2812 5494 etiam
2856 5441 3160 5504 exaudiens,
3202 5450 3258 5492 ut
3285 5440 3508 5507 principi

1947 5537 2245 5588 litterarum
2297 5534 2527 5588 Homero
2576 5534 2836 5602 placuisse
2876 5535 2927 5587 in
2980 5551 3082 5586 uno
3134 5550 3192 5586 eo
3227 5534 3388 5586 video.
3433 5532 3505 5585 De

1946 5629 2077 5681 Solis
2127 5626 2388 5681 encomiis
2446 5627 2560 5696 lege
2616 5625 2968 5678 Plutarchum
3017 5625 3106 5678 lrh.
3151 5624 3225 5678 De
3265 5625 3502 5677 doctrina

1945 5719 2268 5788 principum;
2303 5718 2632 5774 Macrobium
2671 5715 3110 5779 tSaturnalium;
3157 5715 3502 5771 Ambrosium
