4072 6342
570 320 676 378 865

1917 321 2098 378 LEON
2103 322 2166 377 IS
2201 320 2473 376 ALLATlI

3709 320 3810 378 864

572 437 670 492 lib.
699 453 750 492 tv
783 434 1062 496 Hexaem.,
1097 448 1218 504 cap.
1257 436 1316 500 i;
1349 435 1673 505 Gregorium
1739 435 2138 494 Nazianzenqu

2247 445 2356 503 τοῖς
2403 435 2622 510 χωρίοις
2668 439 2796 510 περὶ
2845 438 2882 492 ἃ
2939 438 3360 510 συναθροίζεται.
3419 437 3629 494 Plinius
3695 440 3811 494 low

574 526 652 581 De
681 542 812 579 nova
849 523 1144 591 Dominica,
1173 536 1227 578 et
1255 534 1395 579 orat.
1434 543 1495 590 ιι,
1532 526 1608 581 De
1647 527 1946 598 theologia;
1981 529 2146 585 Joan-

571 634 697 674 nem
745 616 1033 671 Jovianum
1070 614 1376 670 Pontanum
1414 615 1635 675 Urania:
1671 604 1766 677 lib.
1805 636 1857 688 ις
1885 620 2145 694 Augusti-

573 725 702 764 num
736 708 1105 778 Eugubinum,
1137 709 1384 780 Cosmop.
1409 725 1532 782 cap.
1559 711 1610 766 1.

640 803 758 858 Col.
781 802 904 864 7‘20,
930 802 1024 856 lin.
1047 802 1132 857 15.
1152 802 1218 857 Ἡ
1238 802 1304 856 δὲ
1321 803 1552 874 σελήνη
1569 807 1680 875 οὐχ
1697 806 1866 863 οὕτω.
1885 807 1959 865 De
1981 812 2147 867 variis

571 895 716 949 lume
756 894 1155 950 mutationibus
1178 911 1342 966 supra
1374 899 1563 954 nescio
1591 915 1712 969 quae
1734 901 1991 956 diximus.
2016 900 2147 969 Qui-

571 987 694 1040 dam
725 997 1075 1056 augmentum
1103 989 1242 1043 luna:
1268 987 1499 1044 ﬂammae
1526 991 1862 1047 incremento
1883 995 2143 1062 tribuere,

570 1096 691 1151 quae
720 1081 912 1135 ordine
946 1081 1206 1150 paulatim
1236 1091 1532 1145 cresceret,
1557 1082 1731 1138 donec
1755 1085 1913 1154 plena
1948 1086 2146 1143 redda-

570 1184 683 1238 tur,
722 1189 1053 1244 rursumque
1083 1174 1271 1228 eodem
1307 1186 1465 1244 pacto
1507 1175 1846 1242 decrescere,
1883 1179 2057 1234 donec
2087 1181 2146 1234 in

571 1267 960 1337 conjunctione
1007 1283 1232 1336 prorsus
1269 1265 1670 1339 exstingualur,
1709 1270 1758 1324 id
1789 1273 1934 1341 quod
1977 1274 2148 1328 etiam

572 1361 639 1417 de
670 1369 950 1416 menstrua
985 1362 1353 1416 occultatione
1378 1361 1740 1436 Xenophanes
1771 1367 2070 1422 asserebat.

643 1453 805 1519 lbid.,
843 1454 938 1507 lin.
970 1453 1053 1507 i6.
1080 1454 1308 1521 Χρόνον
1330 1453 1398 1506 δὲ
1431 1454 1602 1522 ἥλιος
1633 1455 1754 1520 καί,
1781 1454 1855 1511 De
1881 1463 2142 1528 tempore,

573 1544 694 1612 ejus
727 1553 922 1597 natura
954 1551 1008 1597 et
1057 1544 1180 1598 aliis
1211 1541 1279 1597 ad
1311 1552 1526 1615 tempus
1571 1546 1944 1616 spectantibus
1984 1548 2145 1619 plura

574 1636 881 1707 philosophi
913 1636 966 1690 in
1005 1636 1264 1708 physicis.

2246 531 2429 586 dicto:
2463 529 2601 585 Cum
2632 531 2864 586 orientis
2908 541 3069 602 atque
3100 530 3402 586 occidentis
3432 530 3571 585 radii
3617 531 3812 587 rubent

2245 623 2397 678 coire
2426 621 2661 693 pluvias.
2697 621 2831 676 Cum
2868 621 3078 677 oriente
3107 621 3244 675 radii
3271 637 3381 676 non
3413 621 3661 676 illustres
3684 624 3815 676 emi-

2245 713 2472 776 nebunt,
2525 713 2773 783 quamvis
2815 711 3141 766 circumdati
3188 712 3331 767 nube
3364 728 3472 767 non
3532 712 3666 774 sint,
3703 714 3817 782 plu-

2245 806 2386 859 viam
2418 804 2774 874 portendunt.
2795 802 2852 859 Si
2881 814 3006 859 ante
3033 812 3280 858 exortum
3307 804 3481 859 nubes
3509 804 3815 874 globabun-

2243 889 2332 952 tur
2364 898 2592 953 hicmem
2627 912 2877 967 asperam
2905 897 3335 962 denuntiabunt;
3361 897 3406 953 si
3441 899 3614 954 nubes
3645 899 3813 954 solem

2243 989 2700 1054 circumcludent,
2741 1000 2947 1062 quanto
2992 992 3176 1045 minus
3205 991 3428 1046 luminis
3448 992 3810 1062 relinquetur,

2244 1089 2394 1137 tanto
2444 1083 2810 1138 turbulentior
2848 1091 3140 1153 tempestas
3182 1083 3320 1149 erit;
3364 1084 3412 1137 si
3465 1098 3599 1139 vero
3652 1084 3813 1139 etiam

2243 1175 2443 1245 duplex
2482 1176 2632 1230 orbis
2685 1174 2848 1230 fuerit
2877 1190 2943 1230 eo
2973 1176 3229 1231 atrocior.
3278 1175 3432 1243 Quod
3455 1177 3501 1232 si
3535 1177 3588 1231 in
3619 1186 3816 1233 exortu

2243 1268 2332 1322 ﬁet
2357 1269 2430 1322 ita
2459 1276 2518 1322 ut
2548 1262 2842 1324 r'ubescant
2873 1269 3042 1324 nubes
3070 1270 3302 1324 maxima
3331 1269 3651 1326 ostendetur
3680 1279 3812 1327 tem-

2242 1370 2444 1429 pestas.
2481 1358 2720 1415 Plurima
2743 1360 2829 1414 his
2863 1360 3059 1414 similia
3101 1360 3268 1416 relert
3300 1361 3502 1418 Aratus
3539 1364 3677 1435 Περὶ
3711 1365 3814 1418 διο-

2244 1452 2504 1525 σημείων.
2547 1450 2816 1508 Collectot'
2861 1451 3232 1522 Georgicorum
3271 1453 3369 1508 lib.
3397 1471 3436 1518 ι,
3470 1455 3580 1508 Καὶ
3605 1458 3634 1508 ὁ
3665 1455 3811 1526 ἥλιος

2241 1544 2318 1607 δὲ,
2355 1544 2778 1600 ἀνατέλλωνκαὶ
2810 1544 3205 1616 μελαινόμενος,
3235 1546 3473 1618 ὄμϐρους
3499 1547 3671 1616 δηλοῖ.
3709 1550 3811 1601 Καὶ

2245 1636 2624 1700 ἀνατέλλοντος
2669 1636 2735 1692 δὲ⁴
2767 1637 2861 1690 τοῦ
2895 1637 3070 1708 ἡλίου,
3119 1637 3212 1691 ἐὰν
3247 1638 3398 1710 παρὰ
3448 1639 3547 1702 τὰς
3596 1642 3811 1702 ἀκτῖνας

644 1729 804 1791 Ibid.,
837 1729 933 1785 lin.
960 1729 1048 1782 22.
1083 1728 1153 1784 Τὸ
1188 1728 1256 1782 δὲ
1297 1730 1580 1786 ἔστωσαν
1606 1735 1692 1799 είς
1723 1735 1959 1803 σημεῖα.
1993 1733 2138 1791 Non-

2245 1729 2511 1782 σκοτεινὸν
2547 1729 2706 1797 νέφος
2738 1733 2902 1800 φανῇ,
2946 1729 3149 1802 ὖμϐρον
3188 1731 3352 1802 δηλοῖ.
3404 1732 3674 1802 Δυόμενος
3705 1733 3758 1786 δὲ
3787 1736 3815 1786 ὁ

572 1820 708 1875 nulli
753 1820 918 1875 verba
949 1819 1065 1875 haec
1110 1821 1416 1887 astrologia-'3
1458 1838 1619 1894 quam
1669 1793 1867 1878 vocant
1908 1825 2138 1895 judicia-

2243 1819 2412 1889 ἣλιος,
2449 1820 2544 1872 ἐὰν
2575 1793 2796 1873 κατὰτὸ
2834 1793 3118 1892 ἀριστερδν
3150 1793 3315 1893 μέρος
3339 1822 3498 1890 νέφος
3511 1793 3697 1894 ’μέλαν
3721 1825 3834 1900 ἔχῃ,

570 1914 730 1974 riam,
748 1921 802 1969 et
825 1913 1038 1984 pondus
1069 1913 1273 1968 addere
1300 1925 1352 1970 et
1377 1917 1758 1972 auctoritatem
1782 1927 2138 1988 praesumunt,

568 2015 622 2060 et
645 2006 792 2062 illam
829 2006 1140 2070 scientiam,
1172 2007 1219 2061 si
1248 2023 1368 2077 qua:
1391 2015 1476 2062 est
1502 2023 1535 2061 a
1554 2006 1682 2075 Deo,
1722 2009 1790 2063 ab
1817 2009 1936 2080 ipso
1958 2012 2140 2065 statim

569 2100 757 2152 mundi
786 2099 1032 2162 exordio,
1063 2098 1166 2154 hoc
1194 2101 1510 2156 testimonio
1539 2101 1978 2168 corroboratam,
2009 2105 2141 2177 quin

568 2198 624 2244 et
663 2191 984 2247 mortalibus
1021 2191 1090 2246 ad
1139 2206 1261 2246 eam
1302 2194 1708 2263 aucupandam,
1739 2201 1791 2249 et
1824 2195 2140 2262 sudoribus,

567 2293 623 2339 et
647 2285 844 2355 vigiliis
873 2284 1206 2355 pr0positam
1239 2286 1560 2356 g!oriantur.
1593 2288 1846 2357 lnquiunt
1877 2289 2044 2355 enim,
2084 2292 2140 2346 in

569 2377 690 2447 ipsa
729 2375 968 2432 siderum
1010 2377 1281 2447 positione
1312 2387 1366 2434 et
1401 2388 1647 2449 aspectu,
1678 2382 1845 2437 veluti
1871 2382 1926 2437 in
1959 2383 2139 2439 tabula

565 2467 807 2537 quadam
833 2468 982 2522 cerni
1015 2468 1221 2535 omnia,
1259 2485 1380 2540 qua:
1410 2487 1640 2541 usquam
1672 2472 1876 2528 mundo
1903 2474 2027 2529 huic
2055 2476 2141 2530 in-

569 2558 756 2613 feriori
797 2567 1056 2614 eventura
1080 2569 1228 2624 sunt,
1261 2563 1408 2616 omni
1450 2563 1727 2620 dubietate
1758 2581 1823 2620 ac
1857 2567 2140 2622 incertitu-

569 2651 698 2705 dine
747 2650 982 2705 sublata.
1037 2652 1236 2707 Verum
1278 2653 1394 2708 haec
1440 2656 1708 2710 sententia
1739 2672 1900 2727 quam
1945 2658 2139 2712 habeat

568 2740 900 2795 validitatem
948 2749 1003 2796 et
1044 2741 1232 2804 robur,
1269 2752 1322 2796 et
1351 2743 1552 2812 quibus
1583 2743 1789 2797 nitatur
1821 2742 2138 2798 fundamen-

567 2834 640 2888 tis
682 2849 744 2887 ac
785 2833 1088 2888 rationibus
1119 2833 1210 2887 alii
1257 2842 1380 2888 ante
1409 2849 1509 2888 nos
1557 2835 1692 2889 satis
1738 2842 1992 2888 accurate
2021 2841 2136 2887 tra-

566 2931 847 2993 diderunt,
884 2944 982 2985 nec
1024 2929 1163 2983 ratio
1197 2935 1399 2982 nostra:
1433 2927 1751 2998 scriptionis
1795 2927 1846 2981 id
1881 2927 2054 2997 poscit
2081 2936 2139 2981 ut

566 3029 620 3075 et
651 3037 753 3076 nos
782 3021 971 3076 eadem
1007 3030 1357 3092 repetamus;
1394 3035 1572 3075 rerum
1611 3026 1859 3082 eventus,
1899 3034 2020 3090 quae
2065 3019 2136 3075 sit

2245 1910 2488 1981 πλησίον,
2526 1911 2726 1975 εὐθέως
2769 1910 3342 1985 ὄμϐρονιπροσδοκᾷν·
3376 1913 3592 1986 βρονταὶ
3623 1915 3682 1968 δὲ
3727 1918 3844 1972 καὶ.

2241 2001 2517 2072 ἀστραπαὶ
2553 2001 2676 2057 ὅθεν
2729 2001 2990 2072 γίνονται,
3035 2003 3241 2060 ἐκεῖθεν
3284 2003 3376 2058 τὸν
3426 2004 3676 2074 χειμῶνα
3731 2006 3826 2076 δην

2241 2092 2333 2146 λοῦ
2343 2109 2416 2147 σι.

2314 2183 2478 2249 Ibid.,
2516 2185 2611 2240 lin.
2640 2184 2729 2240 28.
2763 2186 2944 2241 Ὅταν
2977 2185 3045 2241 δὲ
3071 2191 3131 2245 αι
3157 2189 3470 2259 λεγόμεναι
3500 2189 3682 2257 ἅλως.
3706 2189 3819 2246 Ba-

2240 2277 2418 2342 silius,
2451 2279 2598 2335 hom.
2627 2281 2680 2345 6,
2735 2279 2949 2352 Καὶτῷ
2981 2280 3118 2352 ἡλίῳ
3158 2281 3214 2334 δὲ
3267 2282 3394 2340 ὅταν
3427 2284 3482 2338 αἱ
3525 2282 3820 2354 λεγόμεναι

2239 2371 2382 2434 ἅλως
2407 2371 2838 2444 περιγραφῶσιν,
2870 2372 2902 2444 ἢ
2930 2371 3117 2436 ὓδατος
3140 2373 3622 2450 ἀερίου.πλῆθος,ῆ
3653 2392 3819 2428 πνευ-

2241 2463 2426 2534 μάτων
2461 2464 2644 2535 βιαίων
2675 2464 2886 2536 κίνησιν
2933 2466 3322 2534 ἀποφαίνουσιν
3341 2467 3558 2538 ’ἦνκαὶ
3573 2466 3676 2530 οὓς
3702 2467 3820 2520 ὀνο-

2242 2556 2502 2628 μάζουσιν
2556 2557 2860 2628 ἀνθηλίους,
2915 2558 3059 2614 ὅταν.
3090 2559 3851 2632 συμπεριτρέχωσιυτῇτοῦ.

2237 2649 2387 2720 ἡλίου
2425 2651 2585 2721 φορᾷ,
2623 2649 3037 2721 συμπτωμάτων
3069 2651 3232 2703 τινῶν
3266 2651 3466 2722 ἀερίων
3488 2654 3691 2722 σημεῖα
3729 2653 3820 2720 γί-

2236 2759 2436 2796 νονται.
2471 2743 2679 2813 Ὥσπερ
2710 2738 2803 2796 οὖν
2836 2743 2930 2796 καὶ
2954 2745 3008 2796 αί
3038 2743 3241 2815 ῥάϐδοι,
3274 2743 3501 2800 αίχκατά
3531 2745 3822 2818 τὴν-χρόαν

2235 2835 2335 2904 τῆς
2365 2833 2530 2906 ἴριδος
2560 2837 2640 2898 είς
2671 2835 2830 2906 ὀρθὸν
2867 2839 2980 2899 τοῖς
3021 2835 3236 2904 νέφεσιν
3270 2836 3685 2909 ὲμφταινόμεναι,
3719 2838 3823 2908 εμ-

2237 2927 2420 3000 6ρους,
2453 2928 2484 2999 ἢ
2521 2928 2794 2998 χειμῶνας
2824 2926 3112 2992 ἐξαισίους,
3149 2929 3186 3000 ἤ
3217 2929 3352 2991 ὅλως
3393 2929 3491 3001 τὴν
3535 2931 3626 2983 ἐπὶ
3665 2931 3821 2986 πλεί-

2239 3037 2362 3074 στον
2400 3020 2697 3092 μεταϐολὴν
2728 3021 2821 3075 τοῦ
2852 3021 3012 3094 ἀέρος
3042 3020 3426 3075 ἐνδείκνυνται.
3451 3021 3653 3078 Aratus
3691 3043 3705 3079 :

567 3113 682 3166 haec
711 3113 946 3174 vanitas,
974 3111 1215 3181 quotidie
1253 3112 1415 3166 etiam
1445 3111 1754 3165 nolentibus
1775 3109 2131 3166 demonstrat.

2276 3133 2428 3207 ρὺᾷὲ
2459 3133 2576 3207 μὲν
2607 3135 2815 3203 ἠελίου
2844 3135 3136 3207 σχεδόθεν
3160 3135 3529 3205 μελανεῦσαι
3557 3137 3747 3192 ἀλωαὶ

566 3205 803 3262 Basilius
843 3205 897 3260 in
933 3206 1079 3260 hunc
1111 3208 1288 3260 locum
1327 3206 1528 3260 acriter
1550 3212 1737 3260 contra
1767 3205 1934 3259 hosce
1958 3215 2134 3260 astro-

566 3302 720 3373 logos
749 3301 1044 3356 invehitur.
1097 3299 1542 3371 Chrysostomus,
1593 3305 1647 3353 et
1687 3295 1978 3367 Gregorius
2020 3295 2170 3350 Ma--

567 3411 707 3464 gnus
741 3395 794 3448 in
836 3411 872 3449 ιι
922 3409 1046 3464 cap.
1081 3392 1336 3454 liatthaei,
1366 3390 1706 3461 Augustinus
1749 3388 1844 3442 lib.
1889 3404 1948 3451 ιι,
1986 3403 2138 3456 super

567 3488 757 3542 Cenes.
810 3489 879 3541 ad
934 3487 1190 3550 litteram,
1221 3501 1270 3541 c.
1321 3485 1408 3548 17,
1455 3493 1508 3538 et
1551 3483 1644 3537 lib.
1696 3498 1757 3546 ιι,
1783 3481 1859 3535 De
1895 3481 2137 3535 doctrina

567 3579 892 3642 Christiana,
924 3595 1043 3649 cap.
1074 3578 1165 3641 21,
1200 3586 1253 3633 et
1280 3577 1442 3641 alibi;
1472 3575 1738 3631 Eusebius
1769 3574 1844 3628 De
1868 3589 2139 3644 prepara-

570 3673 709 3725 tione
758 3670 1009 3739 Evangel.
1046 3671 1140 3724 lib.
1172 3685 1286 3732 xtv,
1323 3683 1444 3740 cap.
1477 3669 1544 3735 4;
1581 3676 1637 3722 el
1677 3667 1770 3721 lib.
1803 3681 1880 3731 v1,
1917 3682 2040 3736 cap.
2080 3663 2133 3719 9.

567 3763 709 3830 Quin
735 3773 790 3818 et
821 3762 1020 3833 ingenti
1059 3763 1396 3817 voluminum
1445 3761 1602 3831 copia
1651 3771 1843 3814 contra
1871 3774 1964 3813 eos
2001 3758 2136 3813 scri-

573 3864 804 3926 pserunt
847 3853 1147 3919 Diodorus,
1177 3853 1462 3909 Tarsensis
1496 3854 1787 3922 episcopus
1809 3893 1824 3916 ,
1871 3849 2138 3907 referente

567 3948 764 4003 Photio
798 3948 851 4001 in
884 3946 1229 4008 Bibliotheca,
1264 3953 1317 4000 et
1354 3943 1691 3998 Bardesanes
1718 3941 1889 4014 Syrus
1924 3954 1988 3994 eo
2016 3940 2134 3994 dia-

569 4043 692 4112 logo
720 4056 902 4110 quem,
933 4047 1125 4109 rogatu
1156 4037 1476 4098 amicorum,
1517 4036 1583 4090 de
1620 4035 1750 4096 fato,
1790 4042 1843 4086 et
1875 4032 2135 4086 adversus

565 4133 850 4189 Chaldaeos
875 4131 1220 4201 conscripsit,
1256 4136 1315 4183 ut
1346 4135 1608 4182 memorat
1637 4125 1905 4180 Eusebius
1928 4124 2022 4178 lib.
2057 4140 2132 4190 vi,

567 4225 648 4282 De
679 4232 967 4296 praeparat.
1013 4221 1241 4290 Evaug.,
1288 4235 1410 4290 cap.
1440 4218 1473 4273 8
1498 4258 1514 4280 ,
1545 4226 1597 4272 et
1627 4233 1693 4272 ex
1740 4213 2136 4270 recentioribus

563 4316 804 4374 Joannes
849 4313 1012 4370 Picus
1066 4311 1350 4367 duodecim
1409 4309 1564 4364 libris
1604 4315 1658 4364 et
1703 4306 1818 4361 alii.
1883 4305 2137 4376 Plerique

565 4425 691 4466 cum
721 4414 908 4462 nostro
943 4403 1230 4460 Eustathio
1268 4400 1433 4457 verba
1473 4399 1588 4455 haec
1627 4396 1899 4470 pertinere
1945 4396 2137 4452 existi-

2273 3204 2494 3275 Εῆδιοι,
2526 3206 2848 3275 ἀσσότεραι
2881 3204 2948 3258 δὲ
2974 3205 3070 3258 καὶ
3101 3204 3402 3275 ἀστεμφὲς
3417 3209 3802 3275 ﬂexanima

2269 3273 2524 3329 Μᾶλλον
2544 3273 2847 3345 χειμέριαι.
2874 3277 2988 3330 Δύο
3022 3275 3074 3329 δ’
3109 3276 3186 3330 ἂν
3215 3273 3621 3348 χαλεπώτεραι
3634 3275 3781 3334 εἶεν.

2235 3389 2557 3445 Ptolemaeus
2581 3406 2798 3462 quoque
2819 3391 2914 3446 lib.
2944 3407 3004 3452 ιι,
3032 3406 3152 3462 cap.
3182 3393 3374 3448 ultimo
3406 3409 3658 3450 arearum
3692 3396 3818 3450 ani-

2235 3485 2666 3540 madversionem
2691 3503 2798 3542 non
2819 3489 3087 3558 neglexit:
3109 3505 3233 3543 nam
3269 3490 3314 3546 si
3343 3505 3452 3544 una
3485 3488 3650 3544 fuerit
3675 3505 3819 3560 pura

2235 3577 2603 3647 paulatimque
2651 3587 2960 3643 evanescat,
3005 3581 3353 3636 serenitatem
3391 3599 3404 3635 :
3439 3581 3524 3637 sin
3555 3579 3676 3635 dua:
3718 3590 3820 3635 aut

2234 3675 2370 3731 tres,
2414 3667 2645 3722 hiemem
2678 3668 3007 3736 signiﬁcant.
3039 3669 3214 3740 Atque
3246 3671 3346 3725 hac
3369 3686 3492 3726 cum
3523 3680 3818 3727 ventomm

2236 3758 2600 3824 turbulentia,
2663 3759 2970 3822 subrubra,
3011 3762 3278 3831 quasique
3324 3771 3626 3832 perruptae,
3683 3777 3818 3816 cum

2235 3849 2382 3915 nive,
2435 3849 2749 3919 caliginosae
2800 3865 2949 3914 vero,
3002 3867 3064 3905 ac
3106 3852 3296 3920 spissa:
3347 3852 3462 3907 haec
3508 3852 3817 3907 accidentia

2236 3939 2443 4008 majora
2481 3955 2545 3994 ac
2575 3941 2846 3995 severiora
2895 3941 3248 4011 portendunt.
3281 3941 3482 3999 Aratus
3523 3943 3637 3998 haec
3678 3959 3819 4015 pro-

2236 4031 2483 4100 gnostica
2516 4031 2590 4084 ita
2619 4031 2884 4086 describit
2918 4052 2930 4087 :

2271 4143 2336 4194 El
2375 4139 2441 4194 δέ
2464 4143 2531 4194 κέ
2551 4160 2658 4210 μιν
2686 4143 2818 4210 περὶ
2845 4143 3053 4199 πᾶσαν
3084 4145 3271 4200 ἀλωαὶ
3298 4144 3743 4210 κυκλώσονται,

2276 4213 2354 4290 Ἐ
2372 4212 2763 4290 τρεῖςηὴὲβρο
2792 4216 3210 4290 περικείμεναι,
3238 4216 3310 4284 ἠὲ
3330 4216 3415 4290 μί’
3441 4217 3556 4290 εἴη,

2277 4279 2354 4354 Τῇ
2379 4279 2496 4350 μὲν
2530 4282 2592 4354 ἴῃ
2621 4279 2876 4354 ἀνέμοιο
2895 4279 3224 4354 γαλ-ἧναίης
3248 4279 3616 4341 τε’δοκεύειν

2281 4351 2651 4427 Ψηιῖννμξνη
2681 4351 2940 4427 ἀνέμοεὸ·
2965 4351 3370 4427 μαραινομένη
3398 4354 3466 4409 δὲ
3490 4359 3785 4427 murac.

2274 4419 2508 4496 {grew
2617 4419 2693 4496 dy
2724 4419 2982 4496 χέιμῷνί
3006 4419 3446 4496 περιτροχάοὶτο
3469 4419 3722 4495 ἀελήήξ

511 4548 520 4562 κ
565 4507 720 4556 mant
753 4499 820 4554 ad
850 4499 1004 4569 signa
1050 4494 1383 4551 naturalium
1437 4490 1750 4556 eﬂ'ectuum,
1795 4489 2129 4554 serenitatis,

2268 4490 2601 4577 ἕεζζοῃξδ
2635 4489 2997 4577 ἂνᾷεὶμεῦνα
3020 4489 3545 4577 φέρει-τριέλικτος

568 4588 784 4660 pluviae,
809 4594 1120 4651 ventorum,
1143 4581 1470 4645 sterilitatis,
1490 4581 1763 4649 sanitatis,
1794 4579 2131 4646 morborum,

564 4680 806 4747 serendi,
840 4679 1085 4744 secandi,
1125 4676 1438 4749 navigandi,
1471 4684 1525 4731 et
1557 4672 1889 4738 medicandi,
1919 4671 1985 4728 de
2009 4673 2133 4743 qui-

564 4775 669 4829 bus
702 4773 801 4830 lib.
829 4788 997 4836 xvul,
1029 4785 1150 4840 cap.
1184 4769 1252 4824 55
1273 4809 1290 4832 ,
1339 4769 1560 4838 copiose
1599 4765 1830 4831 Plinius,
1877 4766 2135 4821 collector

565 4867 965 4939 Georgicorum,
1004 4865 1207 4919 Aratus
1258 4868 1312 4916 et
1353 4860 1476 4928 alii;
1521 4869 1578 4916 et
1621 4875 1724 4916 nos
1770 4860 2032 4915 nonnulla
2068 4877 2135 4916 ex

565 4961 674 5019 illis
700 4973 990 5028 excerpere
1021 4955 1364 5010 conabimur.

636 5054 800 5117 lbid.,
861 5053 958 5106 lin.
1003 5051 1093 5104 ea.
1141 5047 1349 5119 Ἀχλὺς
1395 5045 1505 5116 γὰρ
1565 5045 1626 5098 τὸ
1675 5046 1822 5114 ἀέρι.
1875 5043 2132 5109 Basilius,

569 5149 712 5202 hom.
741 5144 796 5207 6,
839 5142 1085 5197 Ἐπειδὰν
1117 5141 1224 5210 γὰρ
1250 5141 1315 5193 δι’
1347 5139 1541 5209 ἀχλύος
1569 5139 1602 5209 ἡ
1637 5136 1882 5208 ἀναφορά
1913 5137 2134 5209 γένηται

565 5242 658 5295 τοῦ
686 5241 859 5311 ἡλίου,
891 5236 1266 5309 ἀμαυροῦνται
1298 5235 1394 5306 μὲν
1425 5234 1480 5287 αἱ
1509 5234 1742 5296 ἀκτῖνες,
1785 5229 2133 5300 ἀνθρακώδης

565 5337 621 5390 δὲ
649 5335 742 5390 καὶ
774 5334 1008 5404 ὖφαιμος
1042 5331 1137 5401 τὴν
1166 5329 1330 5403 χρόαν
1354 5329 1563 5399 ὁρᾶται,
1588 5326 1682 5396 τῆς
1709 5323 2014 5396 παχύτητος
2039 5321 2133 5374 τοῦ

565 5430 725 5503 ἀέρος
753 5427 957 5498 ταύτην
983 5423 1314 5495 ἐμποιούσης
1350 5419 1447 5491 τὴν
1482 5417 1782 5490 φαντασίαν
1810 5418 1929 5478 ταῖς
1958 5414 2132 5484 ὄψεσι.

565 5522 657 5594 Μὴ
691 5521 960 5592 διαχυθεὶς
1010 5519 1067 5571 δὲ
1107 5515 1210 5570 ὑπὸ
1235 5515 1333 5585 τῆς
1382 5513 1600 5576 ἀκτῖνος
1631 5512 1659 5562 ὁ
1714 5507 2138 5577 πεπυκνωμένος

566 5614 701 5676 τέως
743 5613 837 5666 καὶ
869 5609 1138 5672 συνεστὼς
1182 5607 1308 5678 ἀὴρ,
1345 5604 1502 5675 δῆλός
1548 5605 1661 5656 ἐστι
1689 5602 1777 5655 διὰ
1820 5601 1918 5673 τὴν
1964 5600 2136 5671 ἀπόρ-

571 5706 718 5774 ῥοιαν
744 5702 852 5754 τῶν
886 5704 950 5755 ὲκ
980 5701 1078 5771 τῆς
1119 5700 1221 5771 γῆς
1255 5698 1442 5770 ἀτμῶν
1488 5695 1828 5769 κρατηθῆναι
1865 5697 1938 5767 μὴ
1981 5696 2138 5766 δυνη-

567 5794 701 5858 Orig,
724 5790 862 5846 ἀλλὰ,
889 5789 964 5860 τῷ
991 5787 1312 5859 πλεονασμῷ
1344 5787 1435 5840 τοῦ
1460 5786 1625 5859 ὑγροῦ
1656 5785 1894 5857 χειμῶνα
1922 5784 2135 5849 ἐπάξων

2270 4560 2377 4617 Καὶ
2387 4559 2628 4631 μᾶλλον
2635 4559 3137 4632 μελανεῦσαιξκάί
3154 4568 3205 4621 ει
3212 4559 3537 4636 ρητνοίατὸ

2235 4677 2407 4730 Areas
2435 4675 2536 4730 has
2565 4690 2802 4733 coronas
2837 4681 3051 4734 vocavit
3079 4677 3291 4736 Plinius
3326 4680 3424 4737 lib.
3460 4697 3523 4745 ιι,
3550 4697 3672 4753 cap.
3712 4682 3815 4749 29,

2235 4766 2455 4838 quando
2496 4766 2748 4824 videlicet
2780 4771 2926 4825 circa
2965 4772 3136 4828 solem
3169 4783 3222 4827 et
3268 4772 3476 4835 lunam,
3518 4775 3600 4829 vel
3643 4775 3815 4832 aliam

2234 4858 2434 4912 claram
2467 4860 2678 4914 stellam
2713 4861 2953 4917 circulus
2999 4864 3357 4933 conspicitur.
3394 4863 3672 4920 Exsistunt
3701 4883 3818 4921 ec-

2233 4948 2350 5004 dem
2378 4967 2584 5006 corona:
2614 4955 2756 5008 circa
2788 4954 2988 5020 lunam,
3017 4965 3064 5010 et
3094 4958 3237 5012 circa
3268 4957 3468 5014 nobilia
3495 4962 3644 5014 astra
3675 4962 3816 5018 caelo

2234 5059 2433 5112 quoque
2467 5045 2797 5101 inhwrentia.
2837 5049 3158 5104 Aristoteles
3188 5051 3256 5105 de
3304 5050 3390 5106 his
3423 5051 3518 5107 lib.
3556 5067 3641 5118 ut,
3688 5051 3819 5107 lle-

2237 5145 2363 5189 teor.
2398 5139 2641 5192 omnium
2679 5141 3105 5197 absolutissime.

2304 5226 2463 5288 lbid.,
2514 5229 2608 5284 lin.
2650 5231 2710 5284 51
2755 5251 2768 5285 :
2818 5233 2996 5287 Ἐπὰν
3041 5232 3108 5286 δὲ
3159 5233 3256 5288 καί
3317 5237 3371 5288 οι
3422 5237 3811 5305 καλούμενοι.

2234 5317 2436 5372 Aratus
2481 5338 2493 5374 :

2270 5435 2531 5510 ζκέπτεο
2556 5436 2606 5488 δ’
2628 5437 2665 5503 ἢ
2690 5437 2984 5510 ἀνιόντος.
3011 5438 3049 5505 ἢ
3077 5439 3292 5510 αὐτίκα
3323 5439 3632 5510 δυομένοιο

2273 5505 2344 5578 Et
2369 5521 2485 5559 που
2514 5510 2567 5560 οι
2599 5507 2926 5578 νεφέων-γτὰ
2950 5509 3212 5578 παρήλια
3237 5505 3686 5576 κικλήσκονται.

2274 5577 2349 5649 ἮΔ
2369 5577 2566 5649 βίοτον,
2605 5578 2676 5643 ἠὲ
2701 5577 2928 5646 βορῆος
2953 5577 3248 5648 ἐρεύθεται
3275 5581 3313 5649 ἢ
3337 5579 3672 5647 ἑκάτερθεν,

2271 5644 2366 5720 Μὴ
2459 5647 2618 5720 οξᾷτωλ
2631 5644 2895 5720 σκοπιὴν
2914 5644 3135 5718 nititur
3155 5644 3415 5720 ἀμινῆνα
3433 5644 3809 5719 φύλάσσειν·

2362 5717 2475 5792 γὰρ
2492 5717 2574 5770 ὅτ’
2590 5718 3001 5792 ᾀμφοτέρςοθεν
3021 5717 3168 5789 ὁμοῦ
3184 5717 3563 5792 ἐτερὶξμέοίσοι·
3577 5721 3813 5792 ἔχωσιν

2286 5787 2510 5844 Ἠέλιον
2536 5788 2722 5844 κεῖναι
2756 5788 2999 5860 νεφέλαι
3023 5787 3267 5861 ἀχεὸὸιί
3285 5787 3596 5860 Ὠκεανοῖο,
