4072 6342
314 327 424 383 865

354 446 558 517 Γίγιν-ει
570 467 630 517 αι
660 444 908 517 ἀμϐολίη
935 443 1132 499 διόθεν
1153 444 1677 517 χειμῶνος“ὶόντος.

352 516 429 569 El
442 514 520 586 τε
533 514 650 583 μὲν
668 517 736 569 ἐκ
762 515 982 583 βορέαο
1005 517 1091 585 μί’
1123 514 1217 585 οἴη
1242 514 1620 586 έροινίσσοιτο
1646 558 1660 581 ,

366 585 463 638 Ἐκ
479 585 673 653 ,βορέω
701 585 910 651 πνοιάς
940 604 1006 639 κε
1035 586 1219 655 φέροιο
1245 585 1411 655 νοτίη
1444 587 1511 639 δὲ
1534 588 1747 642 νότοιο.

353 654 423 726 Ἡ
459 656 560 708 καί
582 672 699 708 που
724 654 1080 726 ῥαθάμιγγες
1105 654 1484 726 ἐπιτροχόωσ“
1516 658 1728 720 ὐετοῖο,

364 724 693 795 Ἑσπερίοις
713 726 806 778 και
830 725 1071 793 μᾶλλον
1090 724 1411 795 ἐπιπρεπὲς
1432 726 1609 795 ἤματι
1630 730 1880 794 τούτοιςο

365 792 726 865 Ἐσπερόθεν
753 792 864 865 γὰρ
893 796 1049 866 όμῶς
1080 792 1431 866 σημαίνεται
1458 792 1715 867 ἐμμενὲς
1745 792 1879 853 αἰεὶ.

316 907 395 962 De
434 907 725 972 antheliis,
759 908 874 963 sive
902 908 1153 979 pareliis,
1196 892 1537 974 Aristoteles,
1566 908 1794 977 Plinius,
1829 917 1885 966 et

313 999 431 1054 alii.

385 1091 507 1147 Col.
527 1091 650 1153 7‘20.
677 1091 772 1147 lin.
797 1092 866 1147 35
899 1111 911 1146 :
937 1090 1045 1146 Kal
1064 1090 1248 1145 πάλιν
1280 1092 1460 1159 ἡνίκα
1472 1090 1737 1159 ῥάϐδοις.
1761 1092 1885 1148 Ari-

316 1187 543 1241 stoteles
578 1184 799 1240 Heteor.
834 1186 928 1240 lib.
960 1200 1041 1246 ιιι,
1072 1184 1273 1254 parelia
1298 1185 1777 1257 scribit,-etvirgas
1792 1202 1885 1241 ea—

312 1277 438 1333 dem
461 1294 527 1333 ex
553 1293 717 1333 causa
744 1279 879 1341 ﬁeri,
906 1278 1001 1333 sed
1030 1278 1194 1333 nubis
1216 1278 1404 1332 habitu
1434 1278 1672 1342 diverso,
1708 1279 1883 1349 siqui-

311 1365 436 1422 dem
468 1382 590 1421 cum
628 1367 717 1421 illa
768 1368 1090 1439 caliginosa,
1134 1376 1185 1421 et
1225 1368 1469 1437 aequalis,
1516 1383 1579 1422 ac
1623 1377 1882 1439 praeterea

311 1474 519 1529 aquosa
545 1461 822 1530 densaque
851 1461 1031 1523 fuerit,
1068 1470 1179 1514 tum
1208 1463 1385 1515 visum
1420 1471 1679 1530 tanquam
1714 1476 1745 1514 a
1776 1462 1882 1516 levi

310 1553 539 1621 speculo
586 1554 653 1607 ad
705 1557 871 1609 solem
933 1553 1189 1609 reﬂexum
1244 1554 1537 1609 candorem
1574 1555 1877 1623 concipere.

312 1643 495 1700 Solem
539 1649 680 1701 enim
715 1656 769 1701 et
817 1649 998 1704 colore
1040 1656 1092 1702 et
1129 1650 1296 1719 ﬁgura
1343 1648 1547 1702 referre
1596 1647 1878 1717 parelium,

312 1752 381 1792 ac
411 1738 573 1793 nubis
600 1738 816 1808 quidem
848 1739 1211 1809 azqualitatem
1242 1738 1441 1793 coloris
1479 1752 1601 1792 esse
1629 1752 1877 1797 causam.

311 1828 661 1885 reﬂexiouem
687 1838 866 1884 autem
896 1832 1044 1885 visus
1077 1830 1141 1883 ad
1177 1830 1372 1884 nubem
1409 1838 1664 1899 tanquam
1691 1843 1881 1899 specu-
1914 1820 1952 1874 Β

310 1923 425 1977 lum
471 1922 669 1989 ligurte,
702 1938 824 1978 cum
856 1923 946 1977 illa
987 1930 1043 1977 ut
1082 1924 1318 1978 nondum
1349 1923 1419 1978 sit
1454 1937 1612 1992 aqua,
1647 1922 1720 1975 ita
1749 1938 1881 1975 con-

312 2015 493 2070 festim
526 2017 595 2072 sit
629 2018 683 2071 in
706 2031 769 2071 ea
810 2018 1091 2081 mutanda,
1125 2017 1355 2086 ideoque
1398 2017 1633 2087 pluviam
1662 2027 1880 2085 porten-

308 2109 443 2164 dere
478 2110 739 2179 parelium
770 2112 943 2181 magis
981 2110 1045 2163 ad
1084 2120 1327 2165 austrum
1360 2124 1520 2179 quam
1553 2108 1619 2162 ad
1656 2109 1878 2162 boream

309 2201 499 2265 situm,
526 2203 669 2271 quod
690 2203 837 2257 illius
865 2219 957 2256 aer
988 2202 1199 2257 facilius
1221 2217 1382 2272 quam
1414 2201 1577 2270 hujus
1608 2202 1660 2255 in
1685 2214 1878 2270 aquam

308 2298 577 2347 transeat.
612 2290 855 2360 Denique
888 2292 1098 2347 oriente
1139 2302 1191 2346 et
1234 2292 1516 2347 occidente
1557 2293 1671 2347 sole
1703 2292 1876 2355 cerni,

310 2398 424 2435 non
452 2384 554 2437 alte
574 2383 667 2436 sed
702 2383 918 2451 oblique
953 2384 1078 2442 sita,
1111 2390 1170 2435 ut
1201 2391 1254 2438 et
1283 2384 1482 2453 virgas,
1511 2398 1632 2453 quae
1656 2390 1879 2453 propter

310 2473 540 2527 nubium
572 2474 992 2542 inaequalitatem
1018 2475 1404 2529 sicvocantur.
1481 2467 1496 2494 "

387 2563 547 2626 lbid.,
600 2566 694 2619 lin.
727 2565 815 2619 '58.
874 2566 932 2621 Ἠ
972 2565 1039 2618 δὲ
1097 2566 1328 2635 σελήνη
1388 2567 1629 2621 ἐπειδὰν
1681 2567 1750 2620 ἐν
1804 2564 1877 2633 τῇ

308 2655 500 2721 τρίτῃ.
535 2654 788 2719 Basilius,
832 2657 978 2711 hom.
1012 2656 1067 2721 6,
1107 2659 1289 2730 Λεπτὴ
1331 2660 1426 2729 μὲν
1454 2660 1561 2730 γὰρ
1590 2655 1723 2712 οὖσα
1753 2660 1878 2729 περ)⁵

307 2748 499 2819 τρίτην
548 2749 758 2819 ἡμέραν
804 2748 896 2801 καὶ
938 2750 1171 2821 καθαρὰ,
1222 2751 1487 2823 σταθερὰν
1533 2753 1712 2805 εὐδίαν
1750 2770 1878 2805 κατ-

308 2838 721 2905 επαγγέλλεται’
742 2841 1005 2909 παχεῖαδὲ
1028 2845 1146 2904 ταῖς
1169 2843 1435 2913 κεραίαις,
1460 2844 1552 2897 καὶ
1577 2844 1877 2915 ὑπέρυθρος

308 2931 628 3001 φαινομένη,
662 2930 694 3001 ἢ
724 2931 815 2984 καὶ
860 2931 1003 3003 ὕδωρ
1058 2932 1259 3005 λάϐρον
1285 2936 1391 2987 ἀπὸ
1423 2935 1617 3002 νεφῶν,
1659 2936 1691 3006 ἢ
1724 2936 1873 2988 νότου

310 3020 489 3090 βιαίαν
534 3023 744 3097 κίνησιν
791 3024 1020 3077 ἀπειλεῖ.
1073 3025 1147 3079 Ex
1191 3026 1390 3095 quibus
1424 3028 1641 3095 corrigo
1668 3036 1872 3081 textum

306 3111 601 3178 Eustalhii,
637 3114 778 3187 ὕδωρ
806 3116 1023 3187 λάϐρον,
1053 3117 1085 3187 ἢ
1109 3117 1258 3170 νότον
1282 3117 1470 3187 βίαιον.
1499 3121 1697 3174 Aratus
1722 3119 1875 3173 lucu-

308 3204 490 3261 lenter
511 3207 626 3261 haec
657 3208 839 3261 omnia
864 3226 877 3261 :

344 3296 542 3365 Λεπτὴ
567 3297 682 3367 μὲν
710 3298 934 3367 καθαρὴ
974 3316 1037 3352 τε
1064 3299 1196 3367 περὶ
1224 3300 1421 3367 τρίτον
1450 3294 1603 3368 ἦμαρ
1627 3300 1834 3365 ἐοῦσα,

348 3368 559 3433 Εὔδιος
590 3368 641 3419 κ’
670 3369 781 3433 εἴη.
810 3368 1001 3436 λεπτὴ
1031 3369 1098 3422 δὲ
1124 3371 1219 3423 καὶ
1250 3373 1319 3423 οὺ
1342 3368 1484 3438 μάλ’
1503 3371 1751 3439 ἐρευθὴς

345 3439 699 3509 Πνευματίη.
726 3440 918 3505 Παχίη
942 3439 1017 3509 ,δὲ
1053 3442 1149 3493 καὶ
1182 3442 1497 3508 ἀμϐλείῃσι
1529 3443 1788 3509 κεραίαις

350 3506 720 3580 Τέτρατονὲκ
751 3508 1075 3575 τριατὰτοιο
1099 3506 1257 3578 φόως
1282 3506 1841 3580 ἀμενηνὸνέχουσα

350 3580 418 3633 Ἦ
446 3579 596 3645 νότῳ
614 3579 991 3647 ἀμϐλύνεται,
1014 3581 1052 3649 ἢ
1077 3581 1290 3647 ὕδατος
1308 3582 1484 3651 ἐγγὺς
1507 3582 1731 3646 ἐόντος.

311 3689 535 3745 Varro:
573 3689 632 3745 Si
681 3703 869 3761 quarto
926 3692 1010 3747 die
1063 3696 1189 3748 luna
1230 3696 1329 3748 erit
1376 3695 1596 3759 directa,
1631 3711 1873 3765 magnam

308 3792 664 3853 tempestatem
700 3787 752 3837 in
785 3788 920 3838 mari
962 3789 1259 3857 prwsagiet,
1291 3790 1393 3840 nisi
1417 3788 1462 3840 si
1492 3804 1739 3841 coronam
1767 3789 1873 3841 cir-

306 3891 369 3928 ca
411 3892 467 3929 se
493 3874 723 3939 habebit,
755 3885 804 3929 et
837 3894 951 3929 eam
984 3877 1246 3930 sinceram
1276 3893 1295 3931 :
1328 3878 1574 3946 quoniam
1597 3878 1689 3931 illo
1720 3877 1873 3932 modo

307 3984 411 4021 non
437 3976 558 4020 ante
586 3967 800 4035 planam
828 3967 1007 4021 lunam
1034 3969 1385 4022 hiematurum
1415 3968 1662 4033 ostendit,
1693 3970 1739 4022 si
1765 3970 1873 4037 ple-

309 4058 518 4111 nilunio
553 4075 645 4126 per
677 4059 951 4111 dimidium
986 4047 1117 4127 pura
1147 4060 1265 4122 erit,
1298 4058 1406 4112 dies
1433 4076 1639 4113 serenos
1669 4060 1876 4129 signiﬁ-

308 4153 446 4204 cabit
463 4168 481 4204 :
500 4151 545 4203 si
576 4151 756 4213 rutila,
791 4159 963 4204 uentos
995 4166 1012 4203 :
1038 4152 1353 4221 nigrescens,
1374 4152 1585 4205 imbres.
1616 4150 1675 4206 Si
1703 4153 1872 4222 caligo

306 4244 447 4296 orbis
473 4242 660 4296 nubem
696 4243 985 4307 incluserit,
1017 4252 1191 4297 uentos
1224 4260 1327 4313 qua
1355 4260 1408 4297 se
1448 4245 1642 4312 ruperit
1670 4260 1687 4297 :
1722 4246 1768 4298 si
1795 4262 1874 4314 ge-

309 4336 437 4387 mini
457 4334 606 4389 orbes
628 4334 925 4403 junxerint,
956 4335 1211 4404 majorem
1232 4346 1609 4403 tempestatem,
1634 4346 1682 4390 et
1706 4340 1871 4407 magis

306 4428 353 4480 si
380 4437 484 4481 tres
512 4441 685 4492 erunt,
708 4437 799 4481 aut
841 4428 996 4498 nigri,
1038 4436 1129 4480 aut
1159 4429 1459 4495 interrupti,
1495 4438 1647 4499 atque
1669 4428 1871 4481 distra-

1319 327 1387 383 IN
1428 327 1798 385 EUSTATHII
1828 328 2299 387 [IEXAEMZ'ZRON
2335 331 2562 389 NOTE.

3447 334 3552 391 866

1913 470 1960 524 Α
1992 450 2087 503 hoc
2112 452 2401 507 concedant
2428 453 2592 506 oculis
2616 452 2833 514 nostris,
2859 460 2914 504 ut
2937 466 2999 504 ea
3025 448 3129 503 duo
3154 448 3555 513 sidera,mani-—

1984 542 2172 611 festum
2203 546 2271 597 sit
2310 544 2537 615 amplius
2578 546 2780 599 cwteris
2819 545 2991 598 lucere
3018 559 3172 612 super
3211 553 3423 607 terram,
3462 561 3554 598 nec

1982 634 2118 689 diem
2139 637 2425 692 clarescere
2459 637 2563 691 nisi
2590 636 2703 690 luce
2729 636 2881 700 solis,
2909 652 3001 689 nec
3034 646 3236 690 noctem
3271 644 3346 687 tot
3383 635 3551 690 stellis

1983 728 2323 798 fulgentibus.
2359 732 2435 784 ita
2469 730 2637 783 lucere
2673 731 2719 783 si
2751 730 2879 783 luna
2921 728 3079 793 desit,
3110 727 3554 799 quemadmodum

1982 822 2259 888 praesentia
2288 821 2430 875 illius
2462 822 2797 875 illustratur.

2053 909 2213 978 lbid.,
2244 913 2339 967 lin.
2367 913 2455 967 44.
2497 914 2573 967 Τὰ
2610 912 2677 966 δὲ
2702 912 2895 980 ἄστρα
2923 912 3021 965 καὶ
3041 910 3267 981 μηνῶν.
3300 911 3376 966 De
3402 912 3555 967 varia

1982 1011 2252 1057 astrorum
2287 1003 2764 1059 observatione'in
2799 1018 3052 1073 agrorum
3098 1004 3333 1066 cultura,
3382 1003 3553 1056 multa

1981 1100 2214 1157 veteres.
2244 1092 2479 1159 Plinius,
2515 1094 2948 1167 Theophrastus,
2983 1093 3177 1159 Varro,
3203 1103 3394 1149 auctor
3422 1091 3554 1148 Geo-

1981 1185 2310 1253 ponicorum,
2342 1194 2396 1242 et
2429 1186 2544 1242 alii.

2051 1274 2211 1340 lbid.,
2260 1278 2355 1332 lin.
2396 1277 2488 1332 46.
2524 1275 2637 1331 Kal
2678 1279 2738 1331 al
2773 1276 3048 1344 πλειάδες
3085 1275 3549 1331 ἁνατέλλουσαι.

1981 1365 2252 1423 Hesiodus
2277 1369 2330 1422 in
2366 1371 2594 1438 Ἔργοις
2620 1369 2716 1423 καὶ
2742 1370 3009 1439 ἡμέραις,
3046 1369 3082 1423 l.
3114 1384 3174 1422 ιι.

2015 1481 2329 1547 Πληϊάδων
2374 1482 2767 1551 Ἀτλαγενέων
2794 1482 3322 1548 ἐπιτελλομενάων,

2021 1553 2288 1672 Ἀίρχεσθ⁹
2310 1552 2556 1620 ἀμητοῦ·
2585 1554 2819 1621 ἀρότοιο
2849 1553 2915 1607 δὲ
2940 1552 3389 1623 δυσσομενάωνο

2021 1627 2058 1672 Α
2115 1620 2188 1672 δή
2219 1639 2305 1672 τοι
2330 1624 2549 1672 νύκτας
2573 1641 2635 1672 τε
2668 1623 2763 1672 καὶ
2787 1624 2979 1672 ’ἤματα
3001 1622 3389 1672 τεσσαοὰκονι

2016 1620 2091 1675 At
2115 1620 2188 1686 δή
2219 1639 2305 1675 τοι
2330 1624 2549 1692 νύκτας
2573 1620 2635 1677 τε
2668 1623 2763 1676 καὶ
2787 1624 2979 1691 ἤματα
3001 1620 3449 1692 τεσσαράκοντα

2013 1694 2402 1760 Κεκρύφαταυ
2424 1689 2605 1763 ,αὖτις
2633 1693 2699 1745 δὲ
2724 1689 3155 1763 περιπλομένου
3186 1689 3467 1747 ἐνιαυτοῦ

2017 1763 2349 1827 Φαίνονται,
2374 1762 2444 1816 τὰ
2476 1763 2676 1831 πρῶτα
2703 1762 3177 1833 χαρασσομένοιο
3205 1763 3477 1832 σιδήρου.

1982 1874 2047 1928 Ει
2081 1876 2402 1940 Columella,
2433 1876 2505 1930 De
2542 1893 2595 1930 re
2620 1877 2839 1940 rustica,
2875 1876 2968 1929 lib.
3011 1891 3071 1939 ll,
3112 1891 3232 1944 cap.
3274 1875 3328 1938 8,
3370 1874 3550 1929 l'lacct

1981 1977 2160 2021 nostro
2202 1976 2367 2036 pocla:
2408 1968 2678 2031 adoreum,
2739 1978 2892 2039 atque
2954 1970 3113 2022 etiam
3158 1969 3389 2021 triticum
3446 1982 3550 2021 non

1980 2068 2099 2115 ante
2131 2061 2389 2113 seminare
2410 2077 2563 2128 quam
2593 2061 2873 2115 occiderint
2905 2060 3139 2131 Virgiliw
3164 2077 3183 2113 :
3203 2061 3339 2130 quod
3373 2061 3549 2130 ipsum

1979 2155 2210 2207 numeris
2246 2154 2323 2207 sic
2360 2154 2599 2207 edisserit
2629 2166 2648 2207 .‘

2066 2244 2134 2316 ᾼι
2166 2246 2212 2298 si
2243 2246 2498 2298 triticeam
2532 2247 2585 2297 in
2618 2261 2856 2309 messem,
2888 2245 3203 2316 robustaque
3231 2250 3381 2314 farra

2061 2314 2340 2369 Exercebis
2364 2316 2579 2368 humum
2610 2316 2834 2384 solisque
2857 2316 3075 2369 instabis
3107 2314 3285 2372 aristis
3310 2359 3326 2384 ,

2064 2387 2197 2439 Ante
2233 2385 2325 2438 tibi
2356 2385 2481 2440 an:
2507 2385 2805 2439 Atlantides
2837 2386 3248 2444 abscondantur.

1978 2498 2384 2555 Absconduntur
2410 2509 2583 2553 autem
2612 2500 2777 2553 altero
2821 2509 2870 2554 et
2894 2500 3156 2555 tricesimo
3191 2500 3277 2554 die
3307 2510 3422 2570 post
3457 2518 3549 2555 au-

1979 2592 2210 2645 tumnale
2261 2592 2665 2660 aequinoctium,
2714 2592 2859 2661 quod
2912 2592 3020 2662 fere
3073 2594 3352 2662 conﬁcitur
3411 2610 3550 2647 nono

1978 2679 2206 2736 Kalend.
2236 2680 2477 2735 Octobris
2506 2696 2524 2734 .‘
2551 2691 2764 2750 propter
2788 2682 2925 2753 quod
2954 2683 3175 2752 intelligi
3207 2682 3353 2736 debet
3383 2684 3547 2736 tritici

1984 2777 2122 2830 satio
2152 2776 2355 2830 dierum
2393 2792 2484 2829 sex
2508 2785 2558 2829 et
2596 2775 2947 2847 quadraginta
2987 2776 3050 2827 ab
3077 2792 3267 2829 occasu
3300 2775 3549 2846 Virgilia-

1976 2885 2092 2921 rum
2127 2869 2215 2937 qui
2248 2869 2310 2937 [it
2343 2878 2465 2923 ante
2490 2869 2625 2921 diem
2654 2886 2707 2923 ix
2742 2866 2969 2924 Kalend.
2998 2867 3306 2922 Novembris
3330 2869 3397 2921 ad
3423 2869 3548 2921 bru-

1977 2976 2076 3013 mae
2112 2970 2345 3029 tempora
2380 2975 2395 3012 :
2423 2960 2498 3013 sic
2528 2961 2665 3013 enim
2700 2970 2906 3013 servant
2953 2960 3231 3029 prudentes
3274 2960 3543 3030 agricola),

1975 3061 2034 3105 ut
2066 3052 2360 3121 quindecim
2398 3051 2578 3105 diebus
2616 3054 2760 3116 prius
2806 3068 2960 3121 quam
2986 3054 3299 3122 conficiatur
3335 3053 3544 3116 bruma,

1901 3178 1943 3234 Ο
1978 3142 2294 3211 totidemque
2332 3150 2448 3210 post
2495 3158 2610 3195 eam
2658 3140 2947 3210 confectam
2983 3159 3143 3212 neque
3184 3151 3356 3206 arent,
3384 3157 3550 3213 neque

1976 3235 2131 3288 vitem
2166 3244 2257 3287 aut
2293 3235 2531 3288 arborem
2558 3242 2761 3303 putent.

2044 3324 2203 3390 lbid.,
2235 3326 2329 3380 lin.
2350 3325 2438 3380 54.
2465 3325 2583 3394 Πρὸ
2614 3324 2682 3377 δὲ
2714 3325 2936 3378 τούτων
2961 3326 3195 3393 χρόνος.
3246 3324 3413 3395 quue
3441 3324 3544 3380 de-

1975 3418 2270 3473 monstrari
2309 3426 2484 3489 potest
2514 3425 2832 3487 argumento
2861 3417 3196 3472 validissimo
3227 3434 3289 3473 ex
3332 3418 3547 3473 Aristo-

1976 3510 2098 3564 telis
2123 3510 2393 3573 doctrina,
2425 3508 2824 3579 praasupposito
2851 3514 3063 3577 tempus
3098 3523 3219 3564 esse
3250 3524 3543 3564 numerum

1975 3610 2176 3657 motus.
2234 3602 2290 3655 ln
2345 3617 2452 3669 quo
2506 3606 2685 3655 autem
2739 3600 2953 3654 diﬂ‘erat
3006 3615 3177 3654 aevum
3223 3616 3252 3655 a
3300 3606 3547 3671 tempore

1976 3697 2131 3765 plura
2163 3694 2389 3748 Proclus
2432 3693 2737 3748 Diadochus
2768 3693 2820 3746 in
2853 3693 3132 3764 Theologia
3165 3691 3470 3749 Platonica.

2045 3786 2202 3849 lbid.,
2242 3786 2337 3840 lin.
2369 3785 2455 3840 57.
2492 3783 2743 3852 Καιροὺς
2766 3784 2833 3838 δέ
2856 3785 3056 3855 λέγειν
3086 3786 3403 3855 ἡγούμεθα.
3441 3785 3547 3842 Ba~

1977 3878 2155 3943 silius,
2186 3878 2332 3931 hom.
2369 3876 2423 3939 6,
2459 3878 2693 3947 Καιροὺς
2722 3877 2777 3930 δὲ
2809 3876 2986 3944 λέγειν
3014 3875 3293 3948 ἡγούμεθα
3314 3877 3412 3942 τὰς
3435 3879 3545 3935 τῶν

1975 3968 2131 4040 ὡρῶν
2176 3967 2497 4035 ὲναλλαγὰς,
2534 3968 2819 4039 χειμῶνος,
2854 3968 2949 4021 καὶ
2981 3968 3158 4038 ἔαρος,
3199 3971 3291 4021 καὶ
3330 3970 3543 4041 θέρους,

1975 4060 2067 4112 καὶ
2096 4057 2430 4129 μετοπώρου’
2454 4059 2519 4121 ἃς
2546 4058 2818 4123 εὐτάκτως
2843 4058 3172 4131 περιοδεύειν
3204 4061 3349 4131 ἡμᾶς
3373 4062 3434 4115 τὸ
3456 4081 3545 4116 τεο

1973 4151 2239 4220 ταγμένον
2276 4150 2374 4221 τῆς
2411 4152 2672 4220 κινήσεως
2703 4151 2810 4205 τῶν
2839 4154 3138 4223 φωστήρων
3166 4153 3412 4224 παρέχει.
3468 4154 3541 4208 De

1973 4252 2209 4314 quatuor
2235 4245 2361 4297 anni
2397 4252 2698 4312 temporum
2727 4245 3105 4300 vicissitudine
3132 4247 3413 4313 nonnulla,
3438 4246 3539 4301 etsi

1974 4337 2252 4405 pueriliter
2280 4335 2727 4406 philosophatur,
2759 4344 2812 4390 et
2843 4338 2998 4405 quasi
3028 4337 3252 4405 plastice
3285 4338 3539 4407 proponit

1974 4430 2314 4492 Eustathius,
2363 4429 2477 4483 sive
2527 4426 2853 4481 Eumathius
2900 4429 3303 4483 Macrembolita
3346 4429 3442 4483 lib.
3484 4446 3538 4483 ιν

305 4521 393 4574 eti.
432 4518 672 4574 Nasceris
704 4522 829 4574 luna
865 4521 911 4573 si
952 4535 1113 4574 cornu
1150 4523 1414 4587 superiore
1448 4521 1631 4574 obatro
1674 4532 1869 4591 surget,
1907 4528 1947 4580 υ
1978 4521 2054 4574 De
2084 4521 2349 4573 amoribus
2389 4518 2621 4572 Ismenes
2651 4528 2696 4571 et
2723 4519 2984 4573 Ismenia.

303 4613 507 4680 pluvias
542 4612 840 4667 decrescens
876 4612 1045 4673 dabit,
1095 4613 1141 4665 si
1186 4612 1453 4680 inferiore,
1494 4623 1613 4666 ante
1644 4613 1871 4681 plenilu—

304 4704 473 4769 nium,
508 4703 556 4755 si
585 4703 638 4756 in
666 4702 837 4755 media
871 4702 1087 4771 nigritia
1112 4703 1205 4755 illa
1234 4702 1415 4770 fuerit,
1436 4702 1651 4756 imbrem
1684 4704 1735 4756 ir:
1760 4703 1872 4770 ple-

304 4793 530 4847 nilunio.
575 4793 635 4849 Si
678 4795 828 4863 plena
883 4796 1023 4846 circa
1069 4809 1121 4846 se
1164 4792 1371 4847 habebit
1418 4794 1613 4858 orbem,
1654 4810 1719 4848 e1:
1766 4810 1871 4864 qua

304 4897 452 4953 parte
481 4886 561 4938 liis
591 4890 819 4939 maxime
857 4884 1163 4954 splendebit,
1194 4900 1257 4939 ex
1283 4903 1345 4940 ea
1371 4898 1572 4941 ventum
1602 4888 1869 4952 ostendet;

305 4979 349 5031 si
388 4979 441 5031 in
482 4987 599 5031 ortu
648 4994 845 5030 cornua
884 4979 1151 5031 crassiora
1191 4978 1408 5045 fuerint,
1442 4978 1711 5031 horridam
1743 4989 1868 5032 lem-

305 5080 577 5127 vestatem.
606 5068 667 5123 Si
696 5079 818 5123 ante
838 5080 1082 5139 quartam
1109 5087 1211 5123 non
1235 5072 1499 5138 apparuit,
1528 5079 1674 5124 vento
1702 5069 1871 5124 Favo-

305 5164 393 5215 nio
419 5163 601 5229 ﬂante,
634 5162 876 5216 hiemalis
906 5171 1014 5215 toto
1050 5178 1219 5215 mense
1243 5163 1363 5216 erit.
1400 5162 1461 5216 Si
1486 5162 1687 5216 decima
1719 5173 1870 5216 sexta

305 5255 651 5307 vehementius
682 5255 928 5322 ﬂammea
968 5255 1294 5323 apparuerit,
1333 5270 1548 5322 asperas
1595 5264 1871 5322 tempesta-

307 5355 381 5399 tes
418 5347 715 5415 prcesagiel.
748 5345 842 5399 His
873 5345 1072 5400 similia
1106 5346 1267 5399 habet
1289 5344 1499 5401 Plinius
1533 5347 1671 5399 libro
1699 5346 1867 5412 dicto,

303 5445 356 5492 et
397 5447 588 5491 auctor
635 5435 1067 5505 Geoponicorum,
1115 5437 1209 5489 lib.
1254 5454 1307 5503 1;
1362 5436 1606 5494 Ruellius
1654 5439 1865 5494 collect.

306 5526 383 5580 De
408 5527 685 5580 nativitale
708 5527 969 5593 stirpium,
1009 5525 1101 5579 lib.
1140 5541 1200 5588 ιι.
1223 5542 1343 5596 cap.
1386 5527 1457 5580 De
1483 5529 1755 5598 praesagiis
1784 5546 1871 5583 so-

303 5616 369 5669 lis
396 5626 445 5669 et
479 5617 616 5669 luna:
633 5632 652 5679 ,°
684 5624 736 5671 et
766 5614 1200 5685 Theophrastus.

374 5707 537 5770 lbid.,
575 5708 670 5762 lin.
704 5706 793 5761 42.
830 5709 1082 5775 Ὄργανα
1111 5701 1224 5761 οὖν
1254 5708 1507 5776 χρόνων.
1535 5707 1869 5779 Augustinus

306 5800 383 5855 De
409 5799 598 5855 Genesi
631 5800 697 5855 ad
732 5801 836 5855 litt.
863 5799 959 5857 lib.
991 5815 1051 5866 ιι,
1087 5813 1207 5869 cap.
1244 5798 1330 5869 16,
1362 5798 1532 5866 Certe,
1564 5801 1760 5871 inquit,
1793 5800 1870 5855 rel

2042 4613 2158 4665 Col.
2189 4611 2311 4676 721,
2350 4612 2445 4664 lin.
2484 4610 2534 4662 ‘l.
2576 4611 2685 4663 Kal
2726 4610 2942 4678 χειμὼν
2962 4611 3079 4680 μέν
3105 4612 3341 4681 γίνεται.
3380 4610 3534 4667 Basi-

1972 4703 2099 4764 lius,
2137 4702 2279 4754 hom.
2308 4701 2360 4763 6,
2394 4698 2612 4769 Χειμὼν
2659 4700 2758 4769 μὲν
2799 4700 2906 4771 γὰρ
2942 4700 3145 4768 γίνεται
3187 4704 3299 4764 τοῖς
3343 4702 3537 4766 νοτίοις

1975 4795 2159 4865 μέρεσι
2198 4793 2290 4846 τοῦ
2326 4793 2473 4863 ἡλίου
2504 4792 3025 4863 προσδιατρίϐοντος,
3064 4796 3155 4846 καὶ
3190 4794 3321 4846 πολὺ
3350 4793 3410 4846 τὸ
3443 4812 3535 4847 νυ-

1971 4884 2215 4955 κτερινὸν
2248 4884 2489 4953 σκίασμα
2523 4883 2649 4953 περὶ
2679 4883 2768 4934 τὸν
2797 4881 2914 4935 καθ’
2955 4885 3099 4953 ἡμᾶς
3139 4884 3300 4936 τόπον
3336 4885 3533 4937 ἀποτε-

1969 4978 2203 5039 λοῦντος,
2234 4975 2373 5028 ὥστε
2400 4974 2802 5045 καταψύχεσθαι
2832 4974 2929 5044 μὲν
2961 4974 3049 5027 τὸν
3080 4974 3206 5046 περὶ
3238 4976 3338 5044 γῆν
3375 4976 3530 5048 ἀέρα,

1972 5069 2146 5128 πάσας
2194 5066 2249 5119 δὲ
2299 5067 2395 5129 τὰς
2445 5064 2616 5136 ὑγρὰς
2670 5064 3085 5134 ἀναθυμιάσεις,
3144 5065 3533 5135 συνισταμένας

1972 5160 2098 5231 περὶ
2130 5160 2295 5229 ἡμᾶς,
2328 5155 2549 5229 ὄμϐρων
2575 5172 2632 5208 τε
2657 5156 2833 5208 αἰτίαν
2869 5157 2959 5208 καὶ
2986 5155 3229 5226 κρυμῶν,
3256 5158 3347 5209 καὶ
3379 5158 3534 5225 νιφά⁴

1969 5252 2057 5314 δος
2103 5251 2381 5322 ἀμυθήτου
2430 5246 2710 5316 παρέχειν.
2761 5247 2973 5302 Gemin.
3024 5248 3097 5302 De
3130 5258 3399 5317 apparent.
3431 5267 3533 5304 ca:-

1973 5344 2112 5407 lest.,
2149 5333 2334 5415 Τροπὴ
2363 5344 2419 5396 δέ
2449 5345 2565 5397 ἐστι
2601 5340 2899 5414 χειμερινὴ,
2936 5340 3059 5393 ὅταν
3086 5343 3113 5394 ὁ
3138 5340 3285 5411 ἥλιος
3320 5344 3532 5413 πορρω-

1969 5434 2117 5502 τάτῳ
2147 5433 2303 5502 ἡμῶν
2335 5432 2429 5502 τῆς
2461 5433 2725 5503 οἰκήσεως
2764 5428 3007 5499 γένηται,
3038 5430 3129 5483 καὶ
3155 5432 3533 5494 ταπεινότατος

1967 5526 2042 5589 ὡς
2072 5524 2207 5595 πρὸς
2229 5524 2318 5578 τὸν
2346 5525 2613 5595 ὁρίζοντα,
2645 5522 2737 5575 καὶ
2769 5520 3084 5576 νοτιώτατον
3112 5521 3307 5575 κύκλον
3326 5522 3532 5595 γράψῃ,

1970 5619 2064 5671 καὶ
2098 5619 2359 5687 μεγίστην
2392 5616 2580 5669 πασῶν
2620 5614 2726 5668 τῶν
2760 5616 2817 5667 ὲν
2854 5614 3081 5685 ἐνιαυτῷ
3118 5614 3285 5668 νύκτα
3312 5617 3520 5688 ποιήση-

1968 5724 2076 5771 ται,
2110 5706 2395 5777 ἐλαχίστην
2421 5707 2478 5759 δὲ
2510 5707 2745 5779 ἡμέραν.

2039 5798 2200 5865 lbid.,
2253 5799 2345 5854 lin.
2400 5799 2448 5855 7.
2513 5798 2783 5861 Ἐπειδὰν
2829 5798 2897 5853 δὲ
2947 5798 3224 5855 ἐπανιών.
3276 5798 3532 5865 Basilius,
