3986 6336
657 360 762 415 867

1970 354 2223 410 LEONlS
2257 350 2527 408 ALLATII

2211 355 2223 408 ἰ
2257 350 2527 408 ALLATII
3714 349 3785 403 353

644 471 793 526 hom.
828 469 880 529 ϐ.
915 469 1162 523 Ἐπειδὰν
1188 470 1243 523 δέ
1273 468 1511 523 ἐπανιὼν
1532 470 1691 524 πάλιν
1718 450 1828 523 ἀπὸ
1854 467 1963 521 τῶν
1998 484 2209 539 μεσημ-
2236 475 2282 530 Α
2306 466 2387 518 λιν
2409 465 2500 517 ἐπὶ
2524 462 2619 517 τού
2661 458 2975 533 ίσημερινοῦ
3003 459 3225 530 γένηται
3256 458 3469 524 κύκλου,
3493 460 3575 512 καὶ
3599 462 3696 531 ἴσην
3713 466 3784 533 τὴν

646 563 843 638 ϐρινοιν
875 563 1091 635 χωρίων
1120 563 1212 615 ἐπὶ
1240 563 1332 614 τοῦ
1366 563 1530 633 μέσου
1558 562 1802 631 γένηται,
1829 558 1968 613 ὥστε
2001 556 2061 623 ἐξ
2095 560 2212 619 [σου

650 657 892 729 μερίζειν
912 655 1066 707 νυκτὶ
1093 654 1228 725 πρὸς
1249 656 1459 726 ἡμέραν
1483 653 1571 707 τὸν
1592 652 1801 725 χρόνον,
1827 653 1949 704 ὅσον
1972 651 2215 704 πλεῖστον

644 751 756 811 τοῖς
773 745 1083 817 ὑπεργείοις
1105 745 1506 818 προσδιατρίϐει
1554 745 1756 809 τόποις,
1797 743 2034 815 τοσούτῳ
2074 742 2216 797 κατά

650 840 813 914 μέρος
849 842 1109 910 ἐπανάγει
1137 839 1233 913 τὴν
1262 838 1577 910 εύκρασίαν,
1600 839 1697 891 καὶ
1725 836 1931 905 γίνεται
1960 836 2058 907 ἔαρ
2079 838 2213 889 πᾶσι

650 932 748 1003 μὲν
778 935 961 1002 φυτοῖς
988 931 1091 1002 τῆς
1114 930 1457 1002 βλαστήσεως
1485 929 1743 1000 ἀρχηγὸν,
1774 928 2001 1000 δένδρων
2021 928 2077 981 δὲ
2103 931 2215 990 τοῖς

647 1024 921 1087 πλείστοις
948 1024 1183 1096 παρέχον
1209 1023 1307 1094 τὴν
1328 1022 1638 1087 ἀναϐίωσιν,
1666 1020 1823 1086 ζώοις
1845 1020 1900 1073 δὲ
1920 1021 2212 1092 χερσαίοις,

649 1118 743 1170 καὶ
784 1116 1023 1185 ἐνύδροις
1071 1116 1241 1170 ἅπασι
1284 1115 1344 1168 τὸ
1374 1116 1529 1183 γένος
1579 1112 1847 1182 φυλάσσου
1883 1115 1947 1165 ἐκ
1979 1113 2076 1182 τῆς
2105 1111 2214 1165 τῶν

649 1207 1042 1278 ἐπιγινομένων
1080 1206 1349 1278 διαδοχῆς.
1395 1206 1657 1260 Geminus
1686 1224 1699 1261 :
1731 1204 1949 1277 Ἐαρινὴ
1991 1204 2086 1273 μὲν
2122 1199 2214 1256 οὗν

652 1301 909 1372 ἰσημερίαι
954 1300 1164 1368 γίνεται
1208 1300 1335 1369 περὶ
1380 1299 1475 1371 τὴν
1519 1299 1626 1351 τῶν
1674 1296 1879 1352 ἀνθέων
1927 1296 2106 1368 ἀκμὴν
2157 1299 2214 1349 ἐν

648 1390 814 1462 Κριοῦ
851 1392 950 1463 μιᾷ
982 1392 1166 1463 μοίρᾳ.
1214 1388 1350 1446 Vide
1388 1390 1456 1445 de
1486 1391 1588 1444 hoc
1620 1391 1776 1461 plura
1810 1388 1952 1459 apud
1995 1388 2215 1443 Cicero-

649 1497 794 1547 nem,
832 1497 869 1535 ιι
903 1481 979 1535 De
1006 1492 1183 1537 natur.
1216 1481 1469 1537 Deorum.

716 1573 831 1627 Col.
852 1573 975 1638 7‘“,
992 1574 1087 1627 lin.
1108 1574 1192 1628 Η.
1211 1572 1321 1627 Καὶ
1346 1575 1566 1643 γίνεται
1594 1574 1698 1643 ἔαρ
1714 1572 1834 1638 τοῖς
1846 1570 1961 1641 μὲν
1984 1570 2209 1639 φυτοῖς.

650 1665 869 1735 Longus
890 1667 1132 1735 sophista
1191 1666 1515 1720 l’aemenicon
1554 1666 1641 1719 lib.
1696 1682 1734 1731 ι,
1757 1660 1928 1736 Ἧρος
1952 1659 2018 1734 ἦν
2048 1662 2211 1734 ἀρχὴ,

650 1756 747 1810 καὶ
782 1755 957 1808 πάντα
996 1755 1240 1826 ἤκμαζεν
1273 1755 1431 1826 ἄνθη,
1464 1756 1532 1807 τά
1564 1757 1620 1808 ἐν
1645 1755 1887 1826 δρυμοῖς,
1922 1753 1990 1806 τὰ
2027 1754 2084 1805 ἐν
2107 1753 2215 1806 λει-

2320 556 2528 626 ἡμέραν
2559 556 2626 625 τῇ
2652 555 2805 606 νυκτὶ
2826 554 3137 623 ποιήσηται.
3169 550 3245 606 De
3267 551 3423 605 modo
3450 551 3733 617 incrementi,
3754 564 3792 609 et

2319 648 2897 704 decrementi-dierum
2923 662 2988 700 ac
3026 645 3293 709 noctium,
3324 659 3387 699 ac
3427 654 3688 714 temporum
3709 664 3792 701 tnu-

2322 743 2544 805 tatiune,
2581 739 2985 802 vicissitudine,
3038 738 3242 792 ca'oris
3290 744 3344 791 et
3395 736 3594 807 frigoris
3632 753 3793 794 succes-

2320 833 2494 898 sione,
2530 832 2646 888 sole
2669 847 2768 903 per
2797 832 2975 903 spatia
3005 830 3215 885 zodiaci
3244 845 3362 901 qum
3387 838 3506 884 sunt
3528 832 3647 885 inter
3675 836 3794 902 arqui-

2318 924 2576 978 noctialia
2623 931 2678 979 et
2729 904 2939 994 tropica
2975 931 3175 992 puncta
3208 930 3561 992 percurrente,
3591 929 3637 975 et
3658 936 3793 977 eorum

2319 1032 2486 1071 causa
2538 1016 2825 1085 diligenter
2876 1012 3168 1068 admodum
3223 1011 3530 1068 Cleomedes
3581 1013 3683 1067 libr.
3719 1014 3792 1082 jam

2319 1109 2486 1171 dicto,
2521 1124 2558 1172 ι,
2587 1106 2971 1169 Meteororum;
3003 1115 3059 1161 et
3089 1105 3301 1158 Plinius
3332 1103 3423 1156 lib.
3454 1118 3595 1170 xvm,
3619 1117 3713 1171 cap.
3732 1103 3792 1158 25.

2387 1199 2546 1263 lbid.,
2586 1200 2680 1253 lin.
2717 1198 2808 1253 25.
2862 1200 2943 1251 Οὺ
2994 1195 3153 1250 ποιεῖ
3189 1195 3264 1249 δὲ
3301 1193 3414 1263 τὴν
3441 1195 3653 1263 ἡμέραν.
3692 1195 3794 1249 Basi-

2320 1294 2445 1360 lius,
2507 1295 2654 1348 hom.
2704 1292 2757 1357 6,
2793 1292 3074 1346 Ἔστωσαν
3121 1290 3178 1343 δὲ
3228 1290 3326 1342 καὶ
3375 1290 3451 1351 είς
3491 1288 3689 1358 ἡμέρας.
3730 1289 3795 1358 οὐχ

2318 1386 2455 1439 ὥστε
2514 1386 2725 1456 ἡμέρας
2791 1387 2995 1448 ποιεῖν,
3053 1383 3166 1436 ἀλλ’
3227 1381 3367 1434 ὥστε
3428 1379 3678 1451 κατάρχειν
3724 1380 3794 1432 τῶν

2320 1474 2558 1546 ἡμερῶν.
2612 1473 2824 1544 Ἡμέρα
2850 1472 2958 1543 γὰρ
2993 1472 3087 1524 καί
3112 1471 3204 1537 νὺξ
3253 1469 3579 1541 πρεσϐύτερα
3611 1468 3692 1533 τῆς
3724 1469 3794 1519 τῶν

2319 1565 2618 1637 φωστὴρων
2667 1562 2950 1631 γενέσεως.
3004 1562 3173 1614 Τοῦτο
3218 1561 3331 1632 γὰρ
3382 1561 3673 1614 ἐνδείκνυται
3708 1562 3794 1629 ﬁgit

2319 1656 2412 1709 καὶ
2444 1656 2473 1707 ὁ
2509 1652 2721 1723 ψαλμδς
2761 1652 2979 1721 λέγων’·
3000 1654 3208 1706 Ἐθετο
3243 1651 3423 1719 ἣλιον
3468 1653 3548 1715 είς
3585 1649 3795 1713 ἐξουσίαν

2319 1745 2427 1813 τῆς
2451 1744 2692 1814 ἡμέρας,
2732 1743 3003 1811 σελήνην
3052 1744 3150 1797 καί
3191 1743 3452 1811 ἀστέρας
3480 1744 3559 1808 είς
3584 1742 3794 1806 ἐξουσίαν

655 1847 817 1920 μῶσι,
856 1847 949 1902 καὶ
975 1848 1075 1903 ὅσα
1100 1846 1271 1918 δρεια.
1308 1845 1516 1917 Βόμϐος
1543 1842 1609 1917 ἦν
1639 1846 1739 1918 ἤδη
1775 1843 2055 1917 μελιττῶν,
2087 1839 2218 1914 ἦχος
2248 1845 2290 1898 Β
2318 1836 2426 1906 τῆς
2457 1839 2692 1903 νυκτός.
2726 1837 2850 1901 Πῶς
2881 1835 2975 1891 οὖν
3006 1836 3116 1907 ἔχει
3145 1838 3246 1909 τὴν
3275 1836 3511 1902 ἐξουσίαν
3540 1834 3625 1904 τῆς
3647 1836 3792 1905 ἡμέρας

651 1939 876 2011 ὀρνίθων
925 1938 1229 2009 μουσικῶν,
1284 1940 1628 2011 σκιρτήματα
1670 1936 1929 2007 ποιμνίων
1967 1935 2213 2007 ἀρτιγεν-

651 2032 844 2102 νὴτων·
887 2030 1049 2103 ἄρνες
1090 2030 1355 2102 ἐσκίρτων
1388 2032 1445 2083 ἐν
1471 2034 1585 2094 τοῖς
1610 2030 1811 2100 ὄρεσιν,
1851 2027 2115 2099 ἐϐόμϐουν
2160 2029 2218 2079 ἐν

650 2126 764 2186 τοῖς
802 2121 1060 2193 λειμῶσιν
1098 2123 1154 2175 αί
1200 2121 1463 2193 μέλιτται,
1497 2122 1596 2185 τὰς
1634 2121 1839 2192 λόχμας
1873 2119 2097 2191 κατῇδον
2124 2118 2219 2190 δρ-

652 2212 817 2277 νιθες.

721 2304 883 2369 lbid.,
919 2305 1018 2360 lin.
1061 2305 1148 2359 15.
1204 2303 1457 2361 Ἐκεῖθεν
1498 2303 1565 2357 δὲ
1607 2303 1742 2374 ἤδη.
1776 2302 2034 2367 Basilius,
2068 2302 2216 2356 hom.

652 2394 708 2457 6,
751 2394 987 2448 Ἐκεῖθεν
1021 2395 1077 2447 δέ
1104 2394 1203 2466 Ιἡδη
1242 2395 1379 2466 πρὸς
1420 2393 1635 2466 θερινὰς
1674 2393 1881 2465 τροπὰς
1922 2392 2009 2444 ἐπ’
2051 2390 2218 2462 αὐτὴν

650 2485 751 2556 τὴν
785 2487 1017 2557 Ἀρκτον
1050 2486 1364 2540 ἀπελαύνων
1391 2486 1419 2536 ό
1451 2486 1599 2555 ἥλιος
1671 2484 1768 2545 τὰς
1803 2482 2060 2553 μεγίστας
2089 2482 2218 2551 ἡμῖν

649 2575 759 2629 τῶν
787 2574 1008 2647 ἡμερῶν
1032 2575 1344 2646 παρίστησι,
1369 2575 1461 2628 καὶ
1483 2573 1570 2626 διὰ
1592 2572 1653 2626 τὸ
1678 2572 1768 2625 ἐπὶ
1792 2572 2035 2626 πλεῖστον
2058 2587 2220 2642 προσ-

651 2664 857 2735 ομιλεῖν
880 2664 956 2735 τῷ
981 2665 1125 2733 ἀέρι,
1155 2663 1316 2717 αὐτόν
1354 2680 1411 2716 τε
1450 2662 1806 2733 καταφρίσσει
1838 2661 1927 2714 τὸν
1957 2661 2094 2730 ὑπὲρ
2127 2676 2217 2713 κε-

653 2755 827 2826 φαλῆς
861 2755 1017 2827 ἡμῶν
1050 2755 1207 2828 ἀέρα,
1242 2755 1336 2809 καὶ
1363 2753 1461 2824 τὴν
1483 2753 1585 2823 γῆν
1607 2755 1784 2806 πᾶσαν
1810 2751 2213 2822 καταξηραίνει,

650 2848 763 2910 τοῖς
813 2862 873 2899 τε
925 2845 1233 2918 σπέρμασιν
1278 2848 1343 2898 ἐκ
1385 2844 1574 2897 τούτου
1622 2843 1897 2915 συνεργῶν
1945 2842 2078 2912 πρὸς
2120 2840 2215 2912 τὴν

651 2937 877 3009 ἃδρησιν
927 2935 1020 2988 καὶ
1056 2934 1162 2988 τῶν
1202 2933 1431 3006 δένδρων
1472 2934 1715 3002 καρποὺς
1745 2932 2081 2999 κατεπείγων
2124 2932 2217 2984 ἐπὶ

650 3027 748 3097 τὴν
796 3025 977 3095 πέψιν,
1027 3026 1116 3078 ὅτε
1157 3025 1251 3080 καὶ
1296 3024 1728 3094 φλογωδέστατός
1771 3028 1916 3080 ἐστιν
1965 3024 2155 3079 ἑαυτοῦ
2187 3026 2215 3078 ὁ

649 3117 818 3188 ἥλιος.
850 3116 1100 3188 βραχείας
1125 3116 1290 3171 ποιῶν
1314 3117 1410 3179 τὰς
1440 3116 1597 3181 σκιὰς
1619 3117 1709 3171 ἐπὶ
1729 3117 1826 3188 τῆς
1848 3115 2210 3187 μεσημϐρίας,

649 3180 735 3262 διὰ
761 3208 821 3261 τὸ
954 3180 1164 3278 ’ύψηλοῦ
1186 3207 1275 3261 τὸν
1302 3209 1425 3279 περὶ
1455 3208 1598 3279 ἡμᾶς
1629 3180 2006 3278 καταλάμπειν
2027 3180 2209 3263 τόπον.
2240 3180 2286 3241 c

651 3296 954 3354 Geminus:
990 3298 1177 3373 Τροπὴ
1225 3298 1282 3352 δὲ
1329 3299 1511 3372 θερινὴ
1553 3299 1759 3368 γίνεται
1801 3300 1928 3371 περὶ
1968 3298 2066 3371 τὴν
2108 3300 2214 3354 τῶν

650 3391 942 3461 καυμάτων
980 3390 1224 3465 ἐπίτασιν
1270 3392 1327 3443 ὲν
1375 3391 1649 3463 Καρκίνου
1691 3391 1788 3462 μιᾷ
1820 3390 2003 3462 μοίρᾳ,
2029 3392 2161 3445 ὅπου
2186 3394 2216 3447 ό

648 3480 796 3552 ἥλιος
827 3481 918 3534 τὸν
956 3479 1291 3553 βορειότατον
1325 3481 1521 3537 κύκλον
1567 3481 1786 3553 γράφει,
1818 3482 1912 3536 καὶ
1952 3482 2215 3553 μεγίστην

652 3570 839 3626 πασῶν
864 3571 968 3630 τῶν
991 3573 1048 3625 ἐν
1070 3572 1294 3643 ἐνιαυτῷ
1322 3574 1531 3645 ἡμέραν
1560 3574 1816 3640 ἐπιτελεῖ,
1851 3573 2136 3645 ἐλαχίστην
2158 3573 2215 3627 δὲ

650 3662 747 3733 τὴν
791 3662 978 3716 νύκτα.
1031 3661 1248 3734 Longus
1301 3664 1629 3721 Paemenicon
1672 3666 1798 3721 libr.
1836 3681 1875 3732 ι,
1904 3662 2076 3736 Ἧρος
2123 3660 2216 3720 οὖν

652 3753 751 3823 ἤδη
799 3753 969 3821 τέλος,
1003 3754 1099 3807 καὶ
1150 3755 1339 3828 θέρους
1387 3758 1550 3830 ἀρχὴ,
1596 3759 1690 3812 καὶ
1741 3758 1917 3812 πάντα
1951 3760 2008 3811 ἐν
2041 3759 2212 3828 ἀκμῇ,

650 3844 840 3916 δένδρα
864 3847 922 3899 ἐν
949 3849 1196 3918 καρποῖς,
1234 3848 1391 3903 πεδία
1417 3851 1473 3904 ἐν
1503 3850 1673 3919 ληίοις
1693 3867 1707 3881 ⁸
1742 3851 1893 3923 ἡδεῖα
1921 3852 2018 3922 μὲν
2039 3851 2214 3904 τεττί-

652 3956 764 4009 γων
801 3941 928 4012 ἠχὴ,
973 3942 1198 4011 γλυκεῖα
1224 3943 1315 3996 καὶ
1346 3945 1378 4015 ἡ
1413 3943 1510 4014 τῆς
1549 3943 1767 4015 ὀπώρας
1808 3944 1966 4016 ὀδμὴ,
2011 3942 2215 4016 τερπνὴ

651 4028 708 4083 δέ
733 4032 994 4101 ποιμνίων
1021 4032 1209 4103 βληχή.
1235 4032 1465 4086 Είκασεν
1491 4035 1554 4089 ἄν
1579 4051 1661 4096 τις
1677 4035 1771 4087 καὶ
1790 4035 1915 4097 τοὺς
1941 4034 2214 4103 ποταμοὺς

651 4120 797 4191 ᾅδειν
844 4122 1025 4193 ἡρέμα
1067 4123 1306 4192 ῥέοντας,
1354 4125 1445 4177 καὶ
1491 4126 1616 4188 τοὺς
1665 4124 1897 4195 ἀνέμους
1951 4126 2215 4196 συρίττειν

648 4214 769 4275 ταῖς
795 4212 1003 4267 πίτυσιν
1024 4213 1375 4283 ἐμπνέοντας,
1398 4215 1490 4268 καὶ
1510 4216 1598 4268 τὸν
1617 4215 1762 4286 ἡλιον
1788 4215 2070 4285 φιλόκαλον
2088 4216 2214 4270 ὄντα

652 4305 855 4368 πάντας
879 4304 1129 4361 ἀποδύειν

722 4396 882 4460 ll)id.,
924 4399 1019 4453 lin.
1065 4398 1147 4452 19.
1195 4398 1296 4451 Ἐν
1333 4397 1442 4467 γὰρ
1472 4398 1601 4465 ταῖς
1628 4399 2058 4468 βραχυτάταις.
2112 4400 2209 4455 Ba-

2315 1931 2343 1983 ό
2367 1930 2545 2000 ἧλιοςς
2574 1930 2694 1982 Ὀτι
2736 1929 2796 1982 τὸ
2824 1928 2938 1999 φῶς
2964 1932 3022 1982 ἐν
3067 1929 3247 2000 ἐαυτῷ
3295 1929 3606 1999 περιφέρων,
3643 1928 3793 1980 ἐπειδάν

2316 2038 2444 2075 ποτε
2476 2021 2568 2075 τὸν
2598 2020 2717 2074 καθ’
2748 2023 2895 2092 ἡμᾶς
2926 2021 3174 2091 ὁρίζοντα
3205 2022 3474 2093 ὑπεράρῃ,
3499 2019 3676 2090 ἡμέραν
3698 2036 3792 2088 πιρ-

2315 2112 2425 2183 ἐχει
2452 2110 2706 2175 διαλύσας
2730 2112 2790 2163 τὸ
2824 2110 3032 2174 σκότος.

2388 2204 2546 2268 lbid.,
2569 2205 2671 2259 'lin.
2715 2205 2803 2258 54.
2846 2206 2917 2259 Ἠ
2941 2204 3009 2257 δὲ
3047 2203 3284 2271 σελήνη
3319 2204 3566 2259 ἐπειδάν.
3611 2202 3790 2261 Basilius.

2315 2297 2464 2352 hom.
2496 2296 2550 2360 6,
2586 2297 2788 2368 Σελήνη
2823 2296 2941 2367 μὲν,
2978 2295 3198 2349 ἐπειδὰν
3237 2296 3525 2359 δωδεκάκις
3552 2294 3627 2347 τὸν
3661 2292 3794 2362 ἑαυτῆς

2315 2390 2577 2464 ἐκτελέσῃ
2599 2389 2817 2459 δρόμον,
2850 2387 3097 2441 ἐνιαυτοῦ
3130 2391 3248 2441 ἐστι
3308 2389 3550 2459 ποιητικὴ
3572 2406 3584 2417 ·
3616 2386 3721 2455 πλὴν
3737 2385 3790 2436 ὃτι

2318 2484 2483 2554 μηνὸς
2500 2468 2793 2554 ἐμϐολίμου
2809 2482 2977 2535 δεῖται
3007 2481 3270 2546 πολλάκις
3290 2482 3424 2552 πρὸς
3442 2481 3532 2551 τὴν
3557 2478 3710 2551 ἀκριϐῆ
3723 2476 3792 2529 τῶν

2314 2575 2469 2647 ὡρῶν
2492 2574 2792 2647 συνδρομήν
2810 2591 2822 2604 °
2869 2575 2943 2638 ὡς
2966 2573 3201 2645 Ἑϐραῖοι
3219 2574 3281 2627 τὸ
3299 2572 3515 2627 παλαιὸν
3530 2572 3608 2625 τὸν
3626 2568 3789 2623 ἐνιαυτὸν

2313 2662 2468 2736 ἦγον,
2509 2668 2603 2719 καὶ
2642 2667 2748 2719 τῶν
2792 2666 3056 2737 Ἐλλήνων
3085 2669 3134 2719 οί
3168 2666 3528 2739 ἀρχαιότατοι.
3571 2662 3790 2717 Ludovicus

2314 2757 2513 2813 Fidelis
2537 2757 2615 2812 De
2634 2758 2816 2812 mundi
2846 2769 3137 2823 structura,
3176 2759 3273 2813 lib.
3308 2774 3361 2823 ν,
3394 2773 3508 2829 cap.
3537 2759 3583 2822 5,
3606 2756 3707 2811 Sunt
3727 2770 3789 2805 σι-

2316 2858 2416 2903 tem
2435 2865 2690 2903 annorum
2711 2848 2784 2913 Iti,
2805 2859 2860 2902 ut
2883 2851 3051 2915 aiunt,
3075 2850 3314 2918 lunares,
3328 2850 3405 2904 illi
3421 2850 3615 2903 salares.
3630 2845 3788 2899 Lunares

2316 2940 2561 2996 tredecim
2588 2940 2730 2995 lunae
2758 2940 3165 2996 revolutionibus
3208 2958 3228 2995 :
3276 2943 3473 2996 salares
3498 2957 3589 2994 una
3611 2937 3785 3005 complcti

2314 3035 2445 3089 solis
2474 3051 2505 3087 a
2538 3044 2729 3103 puncto
2763 3035 2983 3098 Arietis,
3009 3051 3168 3104 usque
3198 3034 3269 3087 ad
3303 3035 3439 3090 idem
3464 3043 3674 3102 punctum
3692 3044 3784 3083 rm-

2316 3127 2512 3181 lutione
2527 3126 2798 3181 duodecim
2820 3143 3037 3190 menses,
3062 3143 3151 3180 seu
3169 3137 3426 3182 trecentos
3442 3125 3673 3196 sexaginta
3687 3123 3785 3191 quin-

2315 3234 2411 3289 que
2435 3217 2544 3271 dies
2600 3216 2988 3285 complectente,
3030 3232 3135 3269 uno
3171 3217 3360 3270 addito
3402 3216 3660 3286 quadrante
3682 3210 3785 3280 ριτρ·

2315 3311 2545 3364 ciuntur.
2581 3310 2765 3362 Annus
2796 3319 2968 3362 autem
2994 3308 3285 3363 bissextilis
3324 3310 3529 3368 dicitur.
3555 3307 3631 3376 qui
3661 3313 3783 3372 ωηο

2313 3418 2512 3473 quoque
2551 3418 2687 3454 anno
2722 3400 2823 3455 566
2884 3400 3064 3453 diebus
3111 3401 3421 3469 completur.
3463 3399 3607 3454 Plura
3642 3396 3692 3450 de
3720 3393 3783 3446 hoc

2316 3507 2459 3546 anno
2487 3492 2843 3557 Censorinus,
2873 3492 3143 3561 Josephus
3174 3491 3418 3563 Scaliger
3443 3500 3492 3546 et
3523 3489 3621 3544 alii.

2384 3582 2541 3647 lbid.,
2573 3584 2665 3639 lin.
2700 3583 2789 3638 55.
2828 3582 3001 3650 Πλὴν
3057 3581 3146 3635 ὅτι
3172 3584 3370 3652 μηνὸς
3397 3580 3692 3652 ἐμϐολίμου.
3714 3571 3783 3627 Pli-

2316 3674 2441 3730 nius
2470 3676 2590 3730 libr.
2628 3691 2687 3738 ll,
2727 3676 2893 3745 capit.
2918 3676 2973 3740 8,
3011 3673 3205 3729 Deinde
3225 3676 3355 3729 solis
3382 3682 3589 3729 meatum
3613 3680 3785 3732 tmpus

2316 3768 2445 3820 tium
2470 3767 2676 3838 quidem
2708 3776 3055 3821 trecentarum
3084 3768 3364 3838 sexaginta
3392 3781 3410 3819 :
3441 3764 3523 3820 sed
3551 3773 3598 3816 ut
3619 3759 3784 3814 altum.

2317 3860 2388 3914 tio
2425 3858 2735 3913 umbrarum
2782 3858 2897 3927 ejus
2945 3857 3123 3912 redeat
3164 3858 3233 3911 ad
3289 3868 3460 3919 notas,
3508 3846 3784 3927 quinosmit

2314 3951 2423 4005 dies
2454 3951 2636 4021 adjici,
2670 3966 2923 4020 superque
2962 3961 3205 4021 quartam
3234 3961 3439 4019 partem
3476 3947 3586 4009 diei,
3610 3935 3783 4012 quam“

2314 4060 2529 4098 causam
2569 4045 2747 4115 quinto
2781 4061 2919 4098 anno
2946 4061 3081 4099 unus
3120 4045 3454 4099 intercalaris
3496 4040 3593 4094 dies
3620 4034 3782 4090 addit".

2314 4146 2370 4187 ut
2404 4145 2690 4202 temporum
2735 4136 2873 4189 ratio
2903 4135 3031 4189 salis
3081 4136 3258 4189 itineri
3313 4140 3569 4204 congruat.
3610 4127 3783 4180 Deam“)

2314 4227 2627 4283 interealari
2675 4237 2731 4283 et
2773 4242 2958 4283 mense
2996 4227 3118 4282 vide
3167 4227 3412 4282 Solinum
3441 4224 3588 4292 capit.
3635 4212 3783 4278 ttt,Pe-

2313 4330 2458 4373 trum
2499 4318 2769 4373 Nannium
2822 4319 3149 4389 Symmicton
3198 4319 3297 4374 lib.
3335 4336 3385 4384 τ,
3419 4325 3469 4372 et
3499 4314 3615 4367 alios
3653 4302 3781 4378 quide

2312 4411 2690 4466 emendatione
2718 4418 3022 4480 temporum
3058 4412 3416 4480 scripserunt.

652 4488 830 4552 silius,
867 4489 1015 4544 hom.
1048 4489 1104 4553 6,
1134 4490 1399 4559 Μέγισται
1445 4490 1552 4561 γάρ
1585 4493 1720 4544 εἰσιν
1753 4491 1999 4564 ἡμερῶν,
2025 4495 2083 4547 ἐν
2124 4488 2211 4558 αἷς

2206 4512 2211 4553 ἴ
2244 4518 2287 4573 υ
2383 4501 2518 4557 Ibid.
2540 4542 2554 4565 ,
2587 4501 2684 4556 lin.
2735 4502 2822 4556 57.
2877 4502 2937 4555 '0
2976 4501 3085 4572 γὰρ
3113 4503 3364 4569 ὴλιακὸς
3393 4499 3649 4562 ἐνιαυτός.
3678 4488 3780 4544 Basi-

652 4580 980 4653 βραχύταταί
1027 4585 1160 4637 είσιν
1198 4585 1252 4639 αί
1308 4588 1475 4649 σκιαὶ,
1528 4586 1621 4639 καὶ
1669 4583 1998 4655 βραχύταται
2050 4585 2210 4639 πάλιν

647 4674 850 4745 ἡμέραι
881 4676 935 4727 αἱ
969 4674 1066 4739 τὰς
1095 4675 1248 4739 σκιὰς
1285 4674 1498 4745 ἔχουσαι
1527 4677 1869 4749 μακροτάτας
1892 4694 1907 4708 ⁸
1941 4678 2212 4732 καὶτοῦτο

651 4768 779 4837 παρ’
845 4767 975 4838 ἡμῖν
1026 4768 1136 4829 τοῖς
1198 4768 1526 4838 ἐτεροσκίοις
1574 4768 1916 4839 λεγομένοις,
1978 4770 2089 4822 ὅσοι
2142 4770 2210 4821 τὰ

650 4856 873 4929 ὰρκτῷα
897 4857 998 4928 τῆς
1023 4858 1127 4927 γῆς
1155 4858 1496 4929 ἐποικοῦμεν.
1535 4857 1739 4913 Horum
1771 4868 2078 4915 accuratam
2112 4875 2209 4914 ex-

651 4948 976 5017 positionem
1008 4948 1174 5003 habes
1217 4949 1357 5018 apud
1389 4949 1749 5016 Cleomedem,
1789 4949 2004 5005 Meteor.
2035 4951 2129 5005 lib.
2168 4966 2206 5009 ι.

719 5038 876 5103 lbid.,
903 5038 1000 5093 lin.
1021 5038 1111 5093 20.
1147 5038 1258 5093 Kal
1288 5039 1471 5095 πάλιν
1493 5041 1611 5095 ἀπὸ
1632 5040 1751 5095 τῶν
1773 5042 2206 5110 προσαρκτίων.

647 5130 903 5198 Basilius,
938 5132 1082 5189 hom.
1120 5133 1173 5198 6,
1223 5134 1497 5189 Ἐντεῦθεν
1545 5134 1896 5207 διαδεξαμένη
1926 5138 2071 5207 ἡμᾶς
2114 5135 2208 5189 τοῦ

651 5226 963 5297 μετοπώρου
1012 5230 1044 5300 ἡ
1096 5227 1215 5300 ὥρα
1262 5228 1560 5300 ἀποθραύει
1609 5230 1706 5300 μὲν
1750 5229 1844 5283 τοῦ
1895 5230 2119 5299 πνίγους
2149 5231 2209 5284 τὸ

648 5318 1004 5391 ὑπερϐάλλον,
1036 5320 1176 5374 κατά
1205 5320 1395 5392 μικρὸν
1417 5321 1472 5374 δὲ
1503 5321 1716 5389 ύφιεῖσα
1754 5321 1853 5392 τῆς
1892 5321 2097 5393 θέρμης
2123 5321 2208 5376 διὰ

644 5415 745 5485 τῆς
788 5416 929 5470 κατά
957 5419 1056 5487 τὴν
1085 5419 1281 5489 κρᾶσιν
1326 5418 1617 5488 μεσότητος
1662 5415 1913 5477 ἀϐλαϐῶς
1955 5418 2102 5487 ἡμᾶς
2141 5416 2207 5469 δι’

645 5510 845 5583 ἐαυτῆς
871 5511 948 5583 τῷ
971 5511 1217 5583 χειμῶνι,
1243 5510 1505 5583 προσάγει
1529 5510 1767 5582 δηλονότι
1796 5509 1889 5564 τοῦ
1920 5509 2072 5581 ἡλίου
2107 5508 2209 5562 πά-

645 5602 727 5656 λιν
759 5604 865 5659 ἀπὺ
890 5605 995 5658 τῶν
1024 5605 1401 5677 προσαρκτίων
1432 5606 1524 5658 ἐπὶ
1551 5603 1619 5657 τὰ
1655 5604 1803 5659 νότια
1846 5603 2209 5675 ὑποστρέφον-

644 5708 756 5756 τος.
782 5693 1041 5751 Geminus
1062 5712 1074 5747 :
1094 5696 1370 5767 Ἰσημερία
1399 5695 1455 5748 δέ
1474 5698 1590 5748 ἐστι
1617 5694 2006 5766 φθινοπωρινὴ,
2031 5694 2159 5748 ὅταν
2178 5695 2207 5746 ό

645 5781 908 5856 ἡλιοςὰτί
937 5782 1152 5857 ἄρκτων
1183 5785 1317 5856 πρὸς
1359 5784 1702 5857 μεσημϐρίαν
1731 5783 2063 5857 παροδεύων,
2103 5784 2207 5838 πά-

2311 4593 2436 4655 lius,
2469 4593 2615 4648 hom.
2656 4593 2712 4657 6,
2755 4593 3002 4657 Ἡλιακὸς
3034 4593 3090 4648 δέ
3124 4597 3267 4648 ἐστιν
3301 4593 3530 4655 ἐνιαυτὸς
3562 4592 3590 4660 ἡ
3619 4584 3700 4640 ἀπὸ
3720 4577 3778 4634 τοῦ

2310 4683 2473 4737 αὐτοῦ
2506 4686 2728 4757 σημείου
2759 4687 2851 4739 ἐπὶ
2877 4687 2936 4739 τὸ
2964 4686 3094 4739 αύτὺ
3132 4691 3355 4758 σημεῖον
3389 4684 3519 4740 κατὰ
3535 4682 3616 4751 τὴν
3638 4674 3775 4729 οἱκείτδ

2310 4776 2522 4848 κίνησιν
2554 4777 2647 4830 τοῦ
2677 4777 2827 4848 ἡλίου
2856 4777 3321 4842 ἀποκατάστασις.
3359 4777 3422 4831 Ει
3449 4775 3638 4831 lsaacus
3660 4768 3775 4832 Arii“

2310 4884 2405 4924 rus
2436 4870 2493 4924 in
2524 4868 2737 4924 Conone
2777 4870 3037 4937 paschali,
3073 4886 3194 4941 cap.
3226 4872 3278 4935 Ι,
3322 4867 3522 4939 Ἐπειδὴ
3550 4865 3638 4935 γὰρ
3660 4863 3681 4913 ό
3703 4859 3772 4909 ἐνι-

2311 4959 2471 5022 αυτὸς
2493 4961 2558 5031 τῇ
2589 4959 2684 5013 τοῦ
2714 4959 2861 5031 ἡλίου
2905 4963 3115 5033 κινήσει
3140 4962 3570 5034 παραμετρεῖται,
3604 4955 3631 5023 ἡ
3655 4942 3773 5034 δὲτσξ

2310 5051 2457 5123 ἡλίου
2506 5052 2719 5123 κίνησις
2774 5052 3046 5117 κυκλικῶς
3087 5033 3443 5125 ἐνεργουμένη
3492 5049 3573 5103 καὶ
3610 5040 3691 5097 ἀπὸ
3711 5033 3770 5087 τοῦ

2309 5144 2473 5200 αὐτοῦ
2497 5145 2721 5217 σημείου
2748 5146 2829 5209 είς
2848 5145 2909 5199 τὸ
2929 5146 3061 5199 αὐτὸ
3083 5142 3540 5211 ἀποκαθισταμένὴ
3565 5136 3639 5190 τὸν
3657 5134 3772 5185 ἐναυ-

2309 5234 2398 5289 τὸν
2429 5233 2619 5304 ὁρίζει.
2651 5234 2719 5288 Et
2750 5232 3011 5290 Geminus
3034 5235 3217 5291 libello
3240 5235 3317 5290 De
3343 5222 3766 5306 .lpparentmwla‘i

2322 5323 2378 5375 ὐ
2408 5324 2464 5377 δὲ
2494 5324 2642 5394 ἥλιος
2671 5325 2901 5395 ἐνιαυτῷ
2949 5325 3325 5399 διαπορεύεται
3364 5304 3451 5378 τὸν
3479 5314 3689 5385 ζωδιακὸν
3707 5304 3768 5361 κν

2309 5416 2434 5468 κλον
2453 5432 2466 5446 ⁸
2498 5415 2610 5468 ἐστι
2643 5415 2751 5487 γὰρ
2779 5417 3045 5482 ἐνιαύσιος
3072 5419 3282 5491 χρόνος,
3314 5422 3370 5473 ἐν
3396 5411 3438 5486 ᾧ
3464 5418 3489 5466 ’5
3521 5412 3643 5482 ἥλιος
3665 5414 3767 5494 ﬁt“:

2309 5508 2595 5579 πορεύεται
2636 5513 2726 5562 τὸν
2773 5508 3035 5572 ζωδιακὸν
3076 5511 3291 5575 κύκλον,
3324 5511 3412 5565 καὶ
3438 5505 3531 5561 ἀπὸ
3556 5499 3630 5554 τοῦ
3652 5494 3765 5579 αὖτοῖ

2309 5601 2533 5670 σημείου
2575 5601 2665 5654 ἐπὶ
2698 5601 2760 5653 τὸ
2795 5602 2926 5654 αὐτὸ
2948 5606 3170 5673 σημεῖον
3217 5600 3618 5656 ἀποκαθίσταται.

2308 5668 2495 5763 χρόνος
2519 5687 2673 5757 οὗτός
2697 5694 2842 5748 ἐστιν
2862 5668 3084 5764 ἡμερῶν
3136 5694 3346 5760 ιτξεδοκιν⁸
3372 5694 3425 5744 ἐν
3443 5668 3761 5742 τοσαύταιςγᾶρ

2309 5785 2543 5857 ἡμέραις
2579 5784 2769 5852 ﬁeri?
2824 5786 3019 5861 μοίρας
3075 5785 3357 5858 παροδεύει
3399 5783 3426 5837 ο
3470 5775 3623 5849 ἥλιος·
3663 5763 3761 5821 om
