4072 6342
257 328 365 382 869

1266 329 1330 383 IN
1373 329 1738 384 EUSTATHH
1767 327 2242 385 HEXAEMERON
2280 329 2512 384 ΝΟῘᾹΣ.

3395 330 3506 382 870

257 448 411 521 παρὰ
467 447 659 519 μικρὸν
722 441 779 500 ἔν
824 449 922 519 μιᾷ
953 447 1133 520 ἡμέρᾳ
1184 450 1374 520 μοῖραν
1429 451 1688 502 κινεῖσθαι
1743 448 1827 502 τὸν

1934 465 2022 502 sus
2065 450 2144 503 uel
2174 466 2403 502 recessus
2452 447 2650 518 liquido
2694 457 3008 503 monstrant.
3045 446 3256 501 Norant
3302 448 3505 515 pariter

255 541 428 613 ¹ἥλιον.

327 633 447 689 Col.
468 633 587 694 rei.
612 631 706 685 lin.
725 632 813 687 59.
841 633 951 700 Τῆς
969 633 1036 686 δὲ
1055 633 1321 700 σελήνης
1333 634 1659 702 ληγούσης.
1680 633 1832 688 Basi-

256 726 387 790 lius,
423 725 571 778 hom.
603 724 657 788 6,
681 721 844 795 Οἶμαι
872 726 928 778 δὲ
957 726 1049 778 καὶ
1079 728 1143 795 τῇ
1177 725 1283 777 τῶν
1313 724 1464 788 ζώων
1497 729 1828 796 κατασκευῇ,

219 881 222 884 ,
259 817 352 869 καὶ
379 818 491 878 τοῖς
511 815 617 868 ἀπὸ
652 815 756 885 γῆς
795 816 1103 885 φυομένοις,
1136 814 1207 885 μὴ
1244 815 1444 886 μικρὰν
1484 815 1744 886 ὑπάρχειν
1767 818 1830 868 ὲκ

261 909 357 978 τῆς
405 907 548 961 κατὰ
585 907 684 978 τὴν
732 908 958 978 σελήνην
1010 908 1308 979 μεταϐολῆς
1353 908 1449 979 τὴν
1501 909 1826 962 συντέλειαν.

259 1001 472 1064 ’Λλλως
505 1001 612 1072 γὰρ
639 1000 930 1068 διατίθεται
959 1001 1284 1072 μειουμένης
1314 1003 1501 1073 αὐτῆς,
1531 1004 1624 1055 καὶ
1658 1002 1829 1065 ἄλλως

257 1093 564 1164 αὐξομένης
591 1093 660 1146 τὰ
683 1092 928 1163 σώματα,
958 1092 1053 1146 νῦν
1080 1094 1178 1164 μὲν
1197 1093 1473 1166 ληγούσης
1494 1094 1658 1166 ἀραιὰ
1687 1096 1831 1163 γενό-

263 1203 425 1258 μενα,
456 1187 549 1239 καὶ
582 1185 733 1252 κενὰ,
755 1186 850 1238 νῦν
883 1186 938 1262 δε
969 1185 1292 1258 αὐξομένης,
1315 1187 1408 1241 καὶ
1441 1188 1575 1259 πρὸς
1597 1189 1658 1240 τὸ
1691 1189 1830 1260 πλῆ-

263 1296 357 1350 ρες
405 1279 797 1349 ἐπειγομένης,
828 1279 921 1332 καὶ
977 1278 1116 1332 αὐτὰ
1164 1279 1324 1333 πάλιν
1353 1279 1825 1351 ἀναπληρούμενα.

259 1374 464 1428 Sextus
517 1372 944 1445 Eutpyricus-in
1001 1375 1246 1430 eamdem
1298 1376 1619 1430 sententiam
1650 1376 1824 1440 l.vtu,

256 1465 395 1519 Adv.
431 1465 677 1519 mat/tem.
705 1504 718 1527 ,
750 1463 918 1518 ⁸Κατὲι
976 1464 1084 1535 γὰρ
1121 1465 1219 1528 τὰς
1251 1466 1347 1534 τῆς
1387 1466 1615 1536 σελήνης
1661 1465 1826 1536 αὐξή-

259 1578 376 1625 σεις
420 1561 514 1613 καὶ
547 1558 758 1628 φθίσεις
788 1557 955 1611 πολλὰ
999 1557 1106 1610 τῶν
1148 1575 1209 1610 τε
1245 1557 1498 1626 ἐπιγείων
1540 1557 1692 1622 ζώων
1735 1559 1828 1611 καὶ

260 1651 568 1707 θαλασσίων
602 1651 774 1720 φθίνει
806 1667 862 1703 τε
912 1651 1004 1703 καὶ
1032 1649 1182 1716 αὔξει
1212 1690 1226 1713 ,
1276 1649 1556 1720 ἀμπώτεις
1613 1667 1670 1702 τε
1734 1647 1827 1702 ναὶ

259 1744 642 1818 πλημμυρίδες
669 1745 796 1813 περί
831 1760 950 1795 τινα
981 1742 1119 1813 μέρη
1151 1742 1247 1812 τῆς
1276 1741 1547 1812 θαλάσσης
1568 1742 1822 1810 γίνονται.

260 1839 388 1894 Haec
413 1840 599 1894 eadem
623 1838 958 1892 incremento
978 1835 1218 1904 ejusdem
1247 1836 1455 1904 augeri,
1481 1835 1828 1890 decremento

258 1933 434 1990 minui
467 1932 600 1986 dicit
626 1929 835 1985 Plinius
869 1931 962 1983 lib.
1011 1945 1070 1990 ιι,
1106 1943 1226 1998 cap.
1257 1928 1346 1992 ll,
1378 1935 1432 1983 et
1459 1943 1578 1994 cap.
1609 1927 1696 1991 99,
1737 1927 1826 1980 ubi

259 2037 581 2096 potestatem
613 2026 756 2078 lunte
786 2031 840 2078 et
892 2032 1159 2076 terrenam
1189 2029 1240 2075 et
1269 2021 1533 2074 marinam
1570 2020 1823 2090 explicat.

256 2118 498 2172 Consule
518 2117 644 2171 item
674 2114 952 2170 .lElianum
981 2113 1050 2167 De
1077 2113 1198 2166 hist.
1230 2113 1393 2166 anim.
1412 2113 1504 2166 lib.
1533 2128 1605 2170 Ix.
1629 2127 1749 2180 cap.
1775 2113 1825 2176 4,

258 2211 352 2281 qui
387 2210 550 2265 etiam
580 2209 673 2262 lib.
706 2225 808 2271 xu,
853 2223 970 2277 cap.
1002 2207 1089 2268 15,
1123 2215 1327 2269 narrat,
1369 2205 1594 2277 physam
1625 2204 1828 2275 {Egyp-

259 2306 397 2357 tium
429 2302 653 2371 piscem,
710 2315 922 2355 necnon
957 2309 1008 2354 et
1039 2299 1186 2354 illius
1223 2299 1380 2368 jecur
1408 2313 1530 2352 cum
1577 2299 1701 2350 luna
1734 2312 1829 2366 pa-

259 2397 395 2448 riter
424 2394 762 2454 decrescere,
802 2393 1112 2462 pariterque
1153 2405 1476 2446 recrescere.
1512 2389 1673 2443 Plura
1709 2405 1828 2458 quae

261 2484 606 2556 συμπάθειαν
640 2484 840 2538 habent
865 2498 987 2536 cum
1025 2484 1152 2536 luna
1187 2490 1532 2552 augescente,
1566 2489 1619 2535 et
1675 2496 1830 2535 sene-

260 2585 450 2632 scente
485 2583 766 2632 enumerat
796 2575 1000 2629 Gellius
1042 2575 1137 2629 lib.
1179 2591 1272 2637 xx,
1320 2589 1438 2643 cap.
1471 2575 1525 2637 8,
1556 2572 1830 2642 refertque

260 2669 454 2726 Lucilii
511 2685 700 2724 versus
746 2669 850 2722 huc
900 2668 1253 2738 pertinentes.
1296 2666 1550 2722 Manilius
1597 2681 1824 2738 promm.

261 2763 356 2818 lib.
397 2779 459 2826 ιι,
487 2762 566 2817 sic
590 2763 684 2826 ait,

332 2878 425 2933 Sic
445 2878 712 2931 submersa
747 2877 916 2945 fretis,
949 2877 1262 2930 concharum
1295 2885 1341 2929 et
1365 2892 1570 2930 carcere
1592 2876 1776 2930 clausa

331 2950 411 3001 Ad
445 2949 584 3002 luna?
609 2957 806 3001 motum
838 2951 1042 3000 variant
1075 2947 1328 3001 animalia
1357 2964 1563 3016 corpus.

259 3064 643 3134 Hippucrates.
677 3064 792 3119 sive
825 3064 949 3133 quis
985 3064 1124 3117 alius
1153 3062 1335 3116 libello
1369 3061 1439 3116 De
1467 3064 1825 3126 Astronomia,

1929 539 2128 606 experti
2155 539 2341 593 medici
2365 538 2592 601 marbos,
2612 541 3012 609 morborumque
3027 539 3289 606 periodos,
3318 550 3364 592 et
3389 541 3500 608 ipso

1931 632 2069 685 lunw
2087 633 2422 694 incremento,
2443 632 2746 701 plenilunio,
2763 636 2836 686 uel
2854 634 3176 686 decrementa
3202 650 3302 685 nau
3329 650 3372 687 az
3390 635 3500 686 vela

1929 723 2295 785 committunt;
2345 723 2593 794 agricola:
2646 735 2856 792 aspectu
2886 726 3022 778 lunae
3075 725 3278 778 diverso
3333 734 3501 778 terras

1931 825 2112 868 aratro
2147 815 2377 884 findunt,
2417 817 2541 884 ﬁnio
2595 818 2945 886 impinguant,
2980 819 3178 871 semina
3225 826 3499 888 spargunt,

1929 917 2119 976 segetes
2153 917 2371 972 metunt,
2405 921 2695 978 cwteraque
2717 911 2859 978 agris
2891 927 2952 962 ac
2977 910 3142 963 hortis
3165 911 3394 964 colendis
3417 911 3501 962 di-
3562 959 3565 964 .

1929 996 2149 1066 ligenter
2181 997 2460 1067 adoptant,
2487 1009 2536 1052 et
2566 999 2620 1052 id
2646 1002 2845 1070 generis
2868 1001 3098 1069 plurima
3123 1011 3386 1054 astrorum
3418 1019 3500 1056 re-
3569 1013 3573 1020 ‘

1930 1089 2059 1158 ferri
2087 1100 2295 1158 possent
2338 1091 2510 1162 signa.
2544 1090 2826 1162 Oppianus
2871 1093 3247 1148 Ἀλιευτικῶν
3287 1097 3500 1165 quinto,

1930 1197 2092 1238 versu
2127 1183 2230 1236 589
2258 1201 2271 1236 :

1933 1297 2149 1349 Ἔθνεα
2176 1296 2228 1348 δ“
2257 1296 2599 1364 ὀστράκινα,
2632 1298 2702 1351 τά
2740 1299 2791 1352 θ’
2822 1297 3137 1366 ἐρπύζουσι
3185 1299 3465 1366 θαλάσσῃ

1928 1367 2131 1420 Πάντα
2146 1366 2339 1435 φάτις,
2351 1369 2548 1436 μήνης
2563 1369 2678 1438 μὲν
2705 1369 3035 1437 ἀεξομένης
3065 1369 3212 1422 κατὰ
3239 1372 3491 1438 κύκλον,

1928 1439 2112 1505 Σαρκὶ
2141 1439 2546 1505 napum/idem,
2566 1437 2671 1494 καὶ
2702 1442 2953 1494 πλείονα
2975 1439 3215 1506 ναιέμεν
3234 1437 3404 1492 οἷκον
3423 1456 3436 1469 ·

1929 1510 2264 1575 Φθινούσης
2285 1509 2336 1561 δ’
2360 1509 2599 1576 ἐξαῦτις
2621 1509 3043 1578 ἀφαυροτέροις
3059 1509 3348 1577 μελέεσσι

1937 1579 2316 1634 Ῥικνοῦσθαι
2342 1597 2354 1608 ·
2385 1581 2512 1647 τοίη
2544 1598 2632 1646 τις
2663 1580 2752 1632 ἐνὶ
2789 1583 3006 1648 σφίσιν
3039 1581 3209 1633 ἐστὶν
3246 1580 3496 1650 ἀνάγκη.

1930 1688 1993 1742 Et
2022 1687 2232 1744 Plinius
2262 1691 2356 1744 lib.
2384 1707 2460 1754 ix,
2487 1706 2607 1762 cap.
2646 1691 2733 1754 51,
2767 1690 2960 1746 Cancri
2989 1701 3034 1745 et
3063 1693 3239 1746 omnia
3271 1692 3384 1760 ejus
3411 1708 3495 1760 ge-

1930 1784 2067 1836 neris
2096 1783 2264 1837 hieme
2303 1783 2588 1846 la'duntur,
2625 1795 2878 1837 autumno
2903 1793 2951 1837 et
2996 1801 3110 1837 vere
3157 1784 3496 1853 pinguescunt

1927 1883 1976 1927 et
2015 1875 2301 1942 plenilunio
2341 1877 2528 1945 magis,
2569 1877 2693 1944 quia
2737 1883 2882 1928 nocte
2915 1875 3060 1928 sidus
3098 1874 3266 1942 tepido
3297 1873 3496 1944 fulgore

1929 1969 2192 2037 mitiﬁcat.
2226 1967 2435 2034 Quibus
2470 1968 2818 2024 manifestum
2846 1976 2949 2034 est,
2979 1985 3088 2022 non
3127 1977 3332 2022 tantum
3365 1983 3496 2022 cun-

1927 2060 2114 2127 chilia,
2167 2061 2262 2114 sed
2318 2061 2598 2125 animalia,
2642 2070 2696 2116 et
2744 2062 2944 2116 multos
2982 2070 3242 2132 praeterea
3290 2060 3497 2130 lapides

1929 2152 2141 2223 aliaque
2179 2151 2538 2208 diversissimi
2571 2155 2787 2224 generis
2818 2168 2941 2207 cum
2977 2153 3104 2206 luna
3147 2168 3415 2218 crescere,
3441 2159 3496 2207 et

1929 2242 2262 2298 decrescere.
2302 2243 2526 2300 Nonnus
2557 2245 2909 2316 Dionysiacon
2941 2261 2993 2311 ν,
3039 2245 3106 2299 de
3137 2245 3374 2300 selenete
3414 2243 3495 2298 la-

1929 2334 2052 2405 pide

2553 2482 2624 2492 -—
2652 2450 2730 2519 Τῇ
2757 2451 2825 2505 δὲ
2862 2452 3132 2521 σελήνης

1923 2515 2064 2587 Εἶχε
2087 2519 2260 2592 λίθον
2287 2520 2654 2584 πάλλευκον,
2690 2515 2756 2588 ὃς
2783 2515 3358 2592 εὐκεράὸιόῖθεαίνης

1927 2589 2292 2663 ᾼείπομένης
2310 2594 2562 2663 μινύθει,
2593 2592 2688 2663 καὶ
2719 2589 2953 2656 ἀέξεται
2981 2595 3206 2648 ὁππότε
3223 2589 3386 2663 μήνη

1942 2660 2286 2731 Ἀρτιφανὴς
2313 2662 2499 2727 σέλας
2523 2662 2708 2729 ὑγρὸν
2738 2664 3192 2717 ἀποστίλϐουσα
3217 2660 3456 2731 ἇιεραίης

1941 2728 2169 2784 Ἠελίου
2195 2731 2510 2800 γενετῆρος
2546 2728 2861 2803 ἀμέλγεται
2903 2736 3232 2804 αὺτόγονον
3251 2728 3388 2802 reip.

1998 2862 2208 2918 Psellus
2238 2865 2303 2918 de
2352 2865 2661 2936 lapidibus:
2701 2867 2756 2920 Ὀ
2788 2866 3088 2938 σεληνίτης.
3137 2868 3391 2921 Καλεῖται
3436 2868 3495 2922 δὲ

1929 2956 2120 3020 οὕτως,
2147 2958 2228 3010 ὅτι
2265 2958 2539 3029 ὀφθαλμὸν
2579 2954 2690 3012 οἷόν
2717 2977 2838 3013 τινα
2888 2961 3276 3031 συναυξόμενον
3310 2961 3494 3015 τοῦτον

1931 3050 2023 3103 καὶ
2058 3050 2491 3120 συμμειούμενον
2535 3055 2654 3114 ταῖς
2697 3052 2795 3122 τῆς
2829 3052 3056 3124 σελήνης
3098 3044 3356 3122 αὐξήσεσι
3402 3053 3495 3106 καὶ⁹

257 3173 324 3210 ex
353 3156 800 3226 interpretatione
841 3154 1106 3209 Gulideoli
1155 3154 1376 3208 Mordici
1405 3154 1622 3221 :Aspice
1650 3155 1827 3207 lunam

1934 3140 2298 3213 ωμμειὼσεσι
2329 3141 2617 3195 δείκνυται.
2645 3142 2775 3198 Vide
2810 3143 3117 3215 Philippum
3153 3144 3494 3200 .‘llaussacum

256 3253 475 3319 quando
514 3257 590 3302 est
641 3248 794 3316 plena
836 3247 1050 3308 lumine,
1082 3247 1205 3316 quia
1239 3259 1346 3298 tum
1384 3246 1566 3299 crescit
1589 3247 1826 3315 sanguis,

254 3352 306 3393 et
333 3339 567 3394 medulla
591 3341 642 3392 in
674 3338 813 3393 omni
842 3338 1068 3402 homine,
1092 3348 1142 3392 et
1173 3338 1350 3392 bestiis
1386 3339 1645 3393 omnibus.
1686 3337 1829 3393 Idem

255 3435 320 3502 fit
340 3436 396 3486 in
427 3433 564 3485 mari
590 3441 637 3486 et
669 3433 870 3484 cunctis
895 3432 947 3484 in
977 3430 1128 3484 rebus
1155 3431 1457 3483 mundanis.
1487 3428 1826 3494 Ptolemaeus,

259 3527 337 3578 Ἤ
367 3542 426 3577 τε
464 3525 657 3595 σελήνη
705 3525 780 3587 ὡς
813 3524 1190 3594 περιγειοτάτη
1231 3523 1410 3575 δῖδωσι
1443 3525 1552 3586 τοῖς
1593 3523 1728 3593 πρὸς
1763 3525 1828 3593 τῇ

254 3619 329 3688 γῇ
355 3618 457 3688 τὴν
491 3617 809 3689 ἀπόρροιαν,
837 3615 1262 3686 συμπαθούντων
1292 3616 1446 3685 αὐτῇ,
1480 3615 1570 3667 καὶ
1613 3631 1833 3686 συντρε-

254 3711 516 3781 πομένων
558 3709 664 3762 τῶν
698 3708 981 3772 πλείστων,
1025 3709 1117 3762 καὶ
1155 3708 1412 3779 ἐμψύχων
1450 3708 1543 3760 καὶ
1581 3708 1824 3778 ἀψύχωνο

255 3804 353 3856 καὶ
401 3801 662 3872 ποταμῶν
717 3801 1083 3868 συναυξόντων
1125 3803 1220 3855 καὶ
1264 3801 1668 3872 συμμειούντων
1720 3805 1831 3865 τοῖς

255 3895 435 3962 φωσὶν
464 3893 634 3962 αὐτῆς
658 3891 725 3945 τὰ
747 3892 1009 3964 ῥεύματα,
1035 3891 1313 3946 θαλασσῶν
1336 3893 1391 3946 δὲ
1425 3894 1830 3964 συντρεπουσῶν

254 3987 380 4046 ταῖς
409 3983 696 4047 ἀνατολαῖς
717 4001 730 4013 ·
765 3993 816 4038 et
845 3985 1112 4054 interpres
1168 3999 1470 4054 anonymus
1529 3984 1658 4041 Tab.
1708 3985 1832 4040 Pto-

258 4078 412 4138 lem.,
433 4075 574 4147 Ὀρῶ
604 4077 700 4147 μὲν
732 4076 840 4148 γὰρ
868 4077 960 4128 καὶ
986 4075 1053 4128 τὰ
1081 4075 1338 4129 θαλάττια
1363 4075 1476 4140 ζῶα
1511 4077 1821 4143 συναυξανόσ

260 4185 400 4238 μενα
445 4167 539 4220 καὶ
594 4167 997 4238 συμμειούμενα
1045 4169 1110 4238 τῇ
1152 4167 1368 4239 σελήνῃ,
1419 4170 1510 4222 καὶ
1566 4169 1719 4239 ἡμῶν
1774 4171 1831 4224 δὲ

257 4256 445 4310 αὐτῶν
481 4273 602 4309 τινα
660 4256 799 4328 μέρη
843 4255 937 4310 τοῦ
989 4255 1263 4329 σώματος,
1319 4254 1428 4311 οἷον
1489 4259 1682 4329 ὖνυχας
1737 4260 1830 4313 καὶ

255 4348 481 4419 τρίχας’
523 4343 590 4418 ἦν
628 4348 686 4401 δέ
727 4366 778 4401 τι
815 4349 906 4402 καὶ
959 4349 1098 4420 ἱερὸν
1146 4348 1282 4413 ζῶον
1331 4352 1388 4402 ὲν
1441 4353 1506 4421 τῇ
1573 4351 1829 4423 Αἰγύπτῳ

253 4441 460 4512 ταῦρος
501 4442 853 4511 ἀνακείμενος
897 4444 960 4512 τῇ
1003 4441 1125 4512 θεῷ,
1169 4439 1228 4496 οὗ
1271 4443 1456 4514 ησόϐη
1477 4443 1828 4514 κσυνηύξανεν

1933 3233 1986 3286 in
2017 3241 2187 3286 notat.
2223 3233 2286 3284 ad
2321 3231 2668 3286 Plutarchum
2694 3233 2761 3287 de
2794 3233 3001 3289 llumin.
3037 3237 3090 3288 in
3126 3233 3397 3304 Hydaspe,
3432 3244 3488 3288 et

1931 3326 2197 3379 Caesarem
2237 3323 2490 3379 Evolum
2545 3323 2958 3390 Neapolitanum
3004 3325 3080 3379 De
3127 3327 3299 3379 causis
3351 3328 3494 3380 anti-

1929 3417 2122 3488 pathia’
2167 3429 2216 3471 et
2255 3417 2562 3487 sympathia:
2610 3435 2784 3472 rerum
2827 3420 3149 3473 naturalium
3186 3421 3239 3473 in
3280 3419 3402 3475 line.
3431 3421 3498 3474 Ει

1933 3510 2251 3579 llodulphus
2295 3508 2589 3564 Goclenius
2631 3511 2684 3564 iu
2729 3509 3066 3580 Morosaphia
3113 3510 3337 3566 Joannis
3380 3510 3495 3566 Ro—

1931 3603 2066 3657 berti
2101 3617 2219 3672 pag.
2253 3601 2375 3667 Hi,
2401 3610 2454 3656 et
2483 3612 2752 3673 sequent.,
2789 3604 2942 3674 plura
2966 3619 3029 3658 ex
3056 3603 3286 3658 laudatis
3309 3615 3496 3659 aucto-

1932 3699 2083 3753 ribus
2112 3687 2381 3766 congerit,
2410 3698 2476 3752 de
2517 3697 2568 3752 vi
2596 3705 2650 3753 et
2682 3697 2920 3752 ellicacia
2974 3698 3113 3751 lunae
3141 3697 3196 3750 in
3238 3697 3323 3753 his
3352 3697 3494 3753 infe-

1931 3791 2189 3844 rioribus.
2224 3792 2424 3844 Mirum
2474 3790 2600 3844 item
2637 3799 2718 3844 est
2750 3789 2892 3862 quod
2934 3792 2987 3844 in
3029 3788 3276 3844 Herbarii
3307 3791 3496 3860 cujus-

1931 3882 2054 3936 dam
2089 3882 2304 3938 schedis
2335 3883 2553 3952 legitur,
2599 3882 2866 3935 lunariam
2910 3882 3131 3936 herbam
3173 3883 3227 3936 in
3268 3885 3495 3940 summis

1931 3971 2156 4039 Alpibus
2187 3972 2338 4025 nasci
2363 3986 2529 4041 prope
2570 3971 2747 4025 fontes
2778 3981 2867 4025 aut
2906 3971 3150 4036 ﬂumina,
3187 3971 3334 4028 loliis
3368 3990 3493 4043 par-

1931 4063 2072 4117 vulis
2105 4101 2119 4123 ,
2182 4063 2432 4116 rotundis
2482 4061 2656 4117 instar
2697 4062 2960 4116 nummuli
2996 4062 3062 4114 ad
3115 4065 3347 4117 amaraci
3382 4064 3493 4119 fere

1931 4155 2363 4221 similitudinem,
2403 4154 2550 4209 caesii
2596 4155 2678 4209 vel
2721 4155 2934 4210 caerulei
2962 4155 3184 4218 coloris,
3223 4157 3376 4210 caule
3403 4171 3494 4208 ru-

1929 4249 2049 4310 bro,
2081 4257 2134 4303 et
2189 4249 2434 4312 odorato,
2487 4247 2670 4302 radice
2710 4262 2931 4312 crocea;
2988 4249 3362 4318 lunariamque
3412 4248 3496 4302 id-

1931 4343 2078 4395 circo
2114 4342 2394 4411 appellari,
2437 4340 2581 4410 quod
2620 4339 2684 4394 ad
2722 4341 2862 4395 luam
2895 4348 3105 4406 auctus,
3127 4341 3211 4394 vel
3242 4341 3495 4395 imminu-

1931 4435 2109 4488 tiones
2136 4449 2382 4488 crescere
2432 4449 2494 4486 ac
2519 4432 2833 4488 decrescere
2856 4433 3219 4490 cnnsuererit.
3253 4431 3495 4486 totidem-

254 4533 426 4603 αὐτῇ,
466 4533 558 4586 καὶ
615 4532 975 4602 συνεμειοῦτο.
1029 4534 1148 4586 Εἰσὶ
1195 4533 1251 4584 δὲ
1299 4534 1390 4586 καὶ
1439 4534 1532 4587 νῦν
1591 4535 1827 4605 συμφοί-

1931 4543 2036 4597 que
2068 4527 2192 4580 folia
2220 4527 2419 4581 habere
2456 4527 2676 4588 dicitur,
2709 4534 2840 4594 quot
2871 4526 2996 4579 luna
3027 4526 3186 4579 hath
3211 4526 3347 4582 dies.

253 4643 465 4689 νοντες,
494 4628 587 4679 καὶ
618 4626 1001 4690 συναυξοῦντες
1028 4627 1161 4679 λίθοι
1193 4626 1335 4689 τινὲς
1362 4630 1427 4699 τῇ
1481 4627 1602 4699 θεῷ.
1639 4627 1826 4681 Horat.

251 4731 320 4780 ιι,
350 4732 662 4772 sermonum
692 4717 724 4770 4
752 4736 763 4769 :

401 4828 630 4884 Lubrica
663 4842 930 4885 nascentes
964 4832 1174 4900 implent
1206 4832 1460 4885 conc/tilia
1491 4831 1648 4887 luna’.

251 4966 505 5022 Isidorus
539 4967 660 5022 libr.
711 4983 806 5032 xu,
843 4982 961 5035 cap.
992 4965 1043 5032 (ἱ,
1084 4967 1330 5022 Omnium
1385 4967 1686 5021 clausorum
1714 4981 1829 5018 ma-

251 5065 333 5116 ris
369 5064 704 5127 animalium,
758 5073 912 5133 atque
968 5063 1279 5116 concharum
1328 5064 1641 5116 incremento
1691 5061 1828 5115 lunae

252 5155 496 5210 membra
519 5166 849 5227 turgescunt;
879 5155 1078 5225 defectu
1102 5165 1440 5209 evacuantur.
1475 5154 1637 5208 Luna:
1665 5155 1824 5218 enim,

251 5265 375 5302 cum
412 5250 468 5302 in
510 5259 785 5319 augmento
815 5251 995 5318 fuerit,
1037 5257 1189 5318 auget
1226 5252 1513 5312 humorem,
1552 5265 1670 5301 cum
1710 5263 1826 5301 vero

251 5343 310 5393 in
345 5341 607 5410 defectum
629 5342 841 5403 venerit,
870 5341 1111 5393 humores
1142 5341 1469 5404 minuuntur,
1502 5349 1605 5395 etc.
1645 5339 1828 5394 Ludo-

249 5436 412 5490 vicus
458 5433 661 5487 Fidelis
710 5433 785 5486 De
837 5433 1018 5486 mund.
1081 5443 1268 5486 struct.
1326 5434 1446 5487 libr.
1487 5448 1539 5493 ν,
1586 5447 1705 5502 cap.
1772 5431 1825 5497 5,

248 5527 444 5592 Lunae,
475 5528 671 5596 inquit,
701 5526 1021 5593 diversitate,
1042 5529 1358 5581 incremento
1380 5527 1456 5581 vel
1481 5527 1824 5590 decrementa,

250 5630 518 5690 augentur
549 5620 626 5673 vel
691 5623 1015 5687 minuuntur,
1061 5623 1474 5692 impinguantur,
1506 5622 1582 5674 uel
1621 5635 1826 5672 marce-

249 5727 412 5768 scunt
439 5732 663 5786 corpora
684 5716 958 5784 inferiora,
995 5716 1143 5787 quod
1173 5717 1467 5770 animantia
1496 5714 1674 5778 bruta,
1709 5727 1824 5767 aves

257 5823 329 5861 ac
359 5809 549 5876 pisces,
595 5809 906 5879 illorumque
938 5808 1202 5874 medullis,
1239 5810 1342 5864 imo
1371 5819 1419 5862 et
1459 5809 1620 5862 maris
1653 5821 1830 5861 acces-

2003 4616 2161 4677 lhid.,
2193 4617 2287 4670 lin.
2320 4616 2407 4669 42.
2451 4616 2600 4668 Διότι
2635 4617 2943 4685 ὑγρότητα.
2979 4615 3229 4679 Basilius,
3259 4615 3402 4670 hom.
3436 4618 3490 4674 6.

1931 4710 2073 4761 Διὸτι
2127 4710 2398 4780 ὑγρότητα
2438 4727 2555 4763 τινα
2598 4707 2886 4779 θερμότητι
2935 4709 3273 4780 κεκραμένην
3304 4709 3395 4762 ἐπὶ
3433 4709 3493 4762 τὸ

1933 4801 2093 4871 βάθος
2148 4801 2449 4869 φθάνουσαν
2499 4800 2800 4871 λεληθότως
2855 4800 3075 4870 ἐνίησιν.
3133 4799 3490 4864 Aristoteles,

1931 4893 2024 4946 lib.
2058 4909 2110 4952 ν,
2142 4891 2218 4944 De
2239 4902 2375 4960 part.
2412 4892 2651 4946 animal..
2679 4906 2798 4962 cap.
2840 4891 2892 4956 5,
2925 4893 3186 4946 rationem
3218 4892 3494 4961 augmenti

1929 4983 2096 5037 tradit
2129 4998 2249 5038 esse
2274 4993 2458 5036 noctes
2490 4982 2801 5051 lepidiores,
2827 4981 3276 5052 quemadmodum
3307 4990 3360 5036 et
3395 4983 3492 5038 de-

1930 5077 2189 5129 crementi
2236 5074 2566 5143 frigidiores;
2606 5090 2726 5128 cum
2767 5075 2909 5128 enim
2955 5074 3209 5127 animalia
3248 5075 3361 5129 hare
3395 5091 3491 5129 cx-

1930 5165 2177 5234 sanguia,
2207 5174 2262 5218 ut
2284 5173 2496 5226 ostreae,
2522 5164 2823 5234 conchylia,
2850 5174 2902 5219 et
2924 5164 2975 5218 id
3005 5166 3216 5234 generis
3249 5165 3353 5218 alia
3385 5165 3494 5219 sint

1930 5255 2226 5324 frigidioris
2269 5264 2498 5316 naturae,
2548 5255 2747 5325 frigore
2782 5261 2972 5308 vexata
3006 5254 3237 5308 calorem
3280 5253 3495 5309 deside-

1928 5354 2072 5411 rant,
2105 5345 2262 5413 cujus
2288 5361 2387 5414 ope
2430 5345 2671 5414 pleniora
2699 5344 2953 5398 evadunt.
2987 5351 3206 5412 propter
3235 5344 3376 5397 enim
3410 5343 3494 5398 lu-

1930 5448 2044 5486 cem
2082 5433 2374 5501 pleniorcm
2420 5444 2607 5487 noctes
2639 5441 2764 5488 sunt
2797 5433 3114 5502 lepidiores.
3144 5443 3197 5488 et
3229 5450 3334 5486 non
3365 5434 3493 5502 quia

1929 5540 2026 5593 per
2048 5525 2099 5578 id
2138 5534 2350 5594 tempus
2397 5526 2670 5595 copiosius
2719 5533 3020 5595 pascuntur
3050 5533 3107 5578 ut
3158 5526 3309 5578 multi
3341 5526 3495 5580 dixe-

1929 5623 2075 5670 runt.
2110 5616 2365 5682 Quinimo
2395 5618 2507 5687 ipse
2531 5618 2846 5673 Aristoteles
2875 5619 2912 5672 l.
2949 5634 3022 5680 ιν,
3051 5617 3128 5672 De
3165 5618 3494 5687 generatione

1930 5711 2176 5774 animal..
2216 5727 2336 5781 cap.
2376 5712 2432 5775 ἓ,
2458 5711 2614 5765 docet
2646 5710 2804 5764 sicuti
2836 5710 2916 5766 sol
2957 5725 3051 5779 per
3094 5717 3262 5762 totum
3289 5723 3492 5767 annum

1930 5811 2172 5859 aestatem
2215 5812 2375 5874 atque
2415 5803 2642 5858 hiemem
2678 5803 2824 5871 facit,
2870 5802 2943 5856 ita
2977 5802 3157 5855 lunam
3211 5815 3304 5870 per
3341 5814 3490 5854 men~
