  <div class='ocr_page' id='page_1' title='image "/cluster/home/n/w/nwhite01/storage/ocr_20150623/18/hvd.32044073501215/445.png"; bbox 0 0 4072 6342; ppageno 0'>
   <div class='ocr_carea' id='block_1_1' title="bbox 579 223 2455 312">
    <p class='ocr_par' dir='ltr' id='par_1_1' title="bbox 579 223 2455 312">
     <span class='ocr_line' id='line_1_1' title="bbox 579 223 2455 312; baseline -0.019 0"><span class='ocrx_word' id='word_1_1' title='bbox 579 256 648 312; x_wconf 69' lang='grc' dir='ltr'><strong>τι</strong></span> <span class='ocrx_word' id='word_1_2' title='bbox 1900 228 2146 286; x_wconf 82' lang='lat' dir='ltr'><strong>LEONIS</strong></span> <span class='ocrx_word' id='word_1_3' title='bbox 2183 223 2455 282; x_wconf 76' lang='lat' dir='ltr'><strong>ALLATH</strong></span> 
     </span>
    </p>
   </div>
   <div class='ocr_carea' id='block_1_2' title="bbox 3699 205 3810 260">
    <p class='ocr_par' dir='ltr' id='par_1_2' title="bbox 3699 205 3810 260">
     <span class='ocr_line' id='line_1_2' title="bbox 3699 205 3810 260; baseline -0.009 -1"><span class='ocrx_word' id='word_1_4' title='bbox 3699 205 3810 260; x_wconf 70' lang='lat'><strong>879.</strong></span> 
     </span>
    </p>
   </div>
   <div class='ocr_carea' id='block_1_3' title="bbox 548 319 3813 437">
    <p class='ocr_par' dir='ltr' id='par_1_3' title="bbox 548 319 3813 437">
     <span class='ocr_line' id='line_1_3' title="bbox 548 319 3813 437; baseline -0.017 -5"><span class='ocrx_word' id='word_1_5' title='bbox 548 390 687 436; x_wconf 84' lang='lat' dir='ltr'><strong>sem,</strong></span> <span class='ocrx_word' id='word_1_6' title='bbox 737 384 847 426; x_wconf 85' lang='lat' dir='ltr'><strong>non</strong></span> <span class='ocrx_word' id='word_1_7' title='bbox 887 364 1105 437; x_wconf 85' lang='lat' dir='ltr'><strong>quidem</strong></span> <span class='ocrx_word' id='word_1_8' title='bbox 1150 376 1398 419; x_wconf 83' lang='lat' dir='ltr'><strong>accessu.</strong></span> <span class='ocrx_word' id='word_1_9' title='bbox 1433 359 1772 426; x_wconf 82' lang='lat' dir='ltr'><strong>decessuque</strong></span> <span class='ocrx_word' id='word_1_10' title='bbox 1817 361 1878 408; x_wconf 90' lang='lat' dir='ltr'><strong>ut</strong></span> <span class='ocrx_word' id='word_1_11' title='bbox 1927 352 2122 414; x_wconf 91' lang='lat' dir='ltr'><strong>solem,</strong></span> <span class='ocrx_word' id='word_1_12' title='bbox 2151 353 2192 409; x_wconf 75' lang='grc' dir='ltr'>Α</span> <span class='ocrx_word' id='word_1_13' title='bbox 2225 346 2453 400; x_wconf 72' lang='lat' dir='ltr'><strong>rhzeum.</strong></span> <span class='ocrx_word' id='word_1_14' title='bbox 2487 339 2603 394; x_wconf 91' lang='lat' dir='ltr'><strong>Sita</strong></span> <span class='ocrx_word' id='word_1_15' title='bbox 2644 342 2824 391; x_wconf 90' lang='lat' dir='ltr'><strong>autem</strong></span> <span class='ocrx_word' id='word_1_16' title='bbox 2876 330 3086 404; x_wconf 75' lang='lat' dir='ltr'><strong>Pyrrha</strong></span> <span class='ocrx_word' id='word_1_17' title='bbox 3134 335 3252 384; x_wconf 89' lang='lat' dir='ltr'><strong>erat</strong></span> <span class='ocrx_word' id='word_1_18' title='bbox 3288 327 3341 381; x_wconf 93' lang='lat' dir='ltr'><strong>in</strong></span> <span class='ocrx_word' id='word_1_19' title='bbox 3375 322 3607 379; x_wconf 90' lang='lat' dir='ltr'><strong>occiduo</strong></span> <span class='ocrx_word' id='word_1_20' title='bbox 3643 319 3813 378; x_wconf 86' lang='lat' dir='ltr'><strong>Lesbi</strong></span> 
     </span>
    </p>
   </div>
   <div class='ocr_carea' id='block_1_4' title="bbox 551 445 2123 524">
    <p class='ocr_par' dir='ltr' id='par_1_4' title="bbox 551 445 2123 524">
     <span class='ocr_line' id='line_1_4' title="bbox 551 445 2123 524; baseline -0.017 -1"><span class='ocrx_word' id='word_1_21' title='bbox 551 465 649 524; x_wconf 85' lang='lat' dir='ltr'><strong>sed</strong></span> <span class='ocrx_word' id='word_1_22' title='bbox 676 465 1034 520; x_wconf 86' lang='lat' dir='ltr'><strong>incremento,</strong></span> <span class='ocrx_word' id='word_1_23' title='bbox 1066 463 1120 510; x_wconf 94' lang='lat' dir='ltr'><strong>et</strong></span> <span class='ocrx_word' id='word_1_24' title='bbox 1150 454 1503 509; x_wconf 90' lang='lat' dir='ltr'><strong>decremento</strong></span> <span class='ocrx_word' id='word_1_25' title='bbox 1526 448 1770 504; x_wconf 91' lang='lat' dir='ltr'><strong>luminis.</strong></span> <span class='ocrx_word' id='word_1_26' title='bbox 1802 446 1957 500; x_wconf 86' lang='lat' dir='ltr'><strong>Luna</strong></span> <span class='ocrx_word' id='word_1_27' title='bbox 1979 445 2123 500; x_wconf 91' lang='lat' dir='ltr'><strong>enim</strong></span> 
     </span>
    </p>
   </div>
   <div class='ocr_carea' id='block_1_5' title="bbox 549 535 2127 624">
    <p class='ocr_par' dir='ltr' id='par_1_5' title="bbox 549 535 2127 624">
     <span class='ocr_line' id='line_1_5' title="bbox 549 535 2127 624; baseline -0.012 -16"><span class='ocrx_word' id='word_1_28' title='bbox 549 553 712 624; x_wconf 87' lang='lat' dir='ltr'><strong>plena</strong></span> <span class='ocrx_word' id='word_1_29' title='bbox 746 548 1006 609; x_wconf 88' lang='lat' dir='ltr'><strong>calorem,</strong></span> <span class='ocrx_word' id='word_1_30' title='bbox 1045 558 1207 616; x_wconf 85' lang='lat' dir='ltr'><strong>quem</strong></span> <span class='ocrx_word' id='word_1_31' title='bbox 1253 541 1460 612; x_wconf 89' lang='lat' dir='ltr'><strong>reliquo</strong></span> <span class='ocrx_word' id='word_1_32' title='bbox 1483 548 1728 609; x_wconf 89' lang='lat' dir='ltr'><strong>tempore</strong></span> <span class='ocrx_word' id='word_1_33' title='bbox 1761 537 1924 592; x_wconf 90' lang='lat' dir='ltr'><strong>habet</strong></span> <span class='ocrx_word' id='word_1_34' title='bbox 1945 535 2127 590; x_wconf 88' lang='lat' dir='ltr'><strong>minus</strong></span> 
     </span>
    </p>
   </div>
   <div class='ocr_carea' id='block_1_6' title="bbox 553 627 2131 704">
    <p class='ocr_par' dir='ltr' id='par_1_6' title="bbox 553 627 2131 704">
     <span class='ocr_line' id='line_1_6' title="bbox 553 627 2131 704; baseline -0.013 -2"><span class='ocrx_word' id='word_1_35' title='bbox 553 647 851 703; x_wconf 87' lang='lat' dir='ltr'><strong>intensum.</strong></span> <span class='ocrx_word' id='word_1_36' title='bbox 893 636 1126 694; x_wconf 74' lang='lat' dir='ltr'><strong>intendit</strong></span> <span class='ocrx_word' id='word_1_37' title='bbox 1152 654 1168 704; x_wconf 88' lang='lat'><strong>;</strong></span> <span class='ocrx_word' id='word_1_38' title='bbox 1201 635 1343 692; x_wconf 93' lang='lat' dir='ltr'><strong>sicut</strong></span> <span class='ocrx_word' id='word_1_39' title='bbox 1373 641 1428 689; x_wconf 93' lang='lat' dir='ltr'><strong>et</strong></span> <span class='ocrx_word' id='word_1_40' title='bbox 1455 633 1538 689; x_wconf 91' lang='lat' dir='ltr'><strong>sol</strong></span> <span class='ocrx_word' id='word_1_41' title='bbox 1566 641 1753 689; x_wconf 66' lang='lat' dir='ltr'><strong>azstate</strong></span> <span class='ocrx_word' id='word_1_42' title='bbox 1777 631 1900 701; x_wconf 90' lang='lat' dir='ltr'><strong>plus</strong></span> <span class='ocrx_word' id='word_1_43' title='bbox 1932 627 2131 684; x_wconf 87' lang='lat' dir='ltr'><strong>calefa-</strong></span> 
     </span>
    </p>
   </div>
   <div class='ocr_carea' id='block_1_7' title="bbox 552 731 1094 802">
    <p class='ocr_par' dir='ltr' id='par_1_7' title="bbox 552 731 1094 802">
     <span class='ocr_line' id='line_1_7' title="bbox 552 731 1094 802; baseline -0.02 -9"><span class='ocrx_word' id='word_1_44' title='bbox 552 738 652 802; x_wconf 77' lang='lat' dir='ltr'><strong>cit,</strong></span> <span class='ocrx_word' id='word_1_45' title='bbox 683 736 861 790; x_wconf 69' lang='lat' dir='ltr'><strong>hieme</strong></span> <span class='ocrx_word' id='word_1_46' title='bbox 891 731 1094 785; x_wconf 92' lang='lat' dir='ltr'><strong>minus.</strong></span> 
     </span>
    </p>
   </div>
   <div class='ocr_carea' id='block_1_8' title="bbox 625 813 2128 890">
    <p class='ocr_par' dir='ltr' id='par_1_8' title="bbox 625 813 2128 890">
     <span class='ocr_line' id='line_1_8' title="bbox 625 813 2128 890; baseline -0.009 -7"><span class='ocrx_word' id='word_1_47' title='bbox 625 830 746 886; x_wconf 83' lang='lat' dir='ltr'><strong>Col.</strong></span> <span class='ocrx_word' id='word_1_48' title='bbox 780 826 903 889; x_wconf 63' lang='lat'><strong>711,</strong></span> <span class='ocrx_word' id='word_1_49' title='bbox 929 825 1026 880; x_wconf 83' lang='lat' dir='ltr'><strong>lin.</strong></span> <span class='ocrx_word' id='word_1_50' title='bbox 1049 822 1138 877; x_wconf 67' lang='grc'><strong>43.</strong></span> <span class='ocrx_word' id='word_1_51' title='bbox 1175 823 1239 876; x_wconf 83' lang='lat' dir='ltr'><strong>Ul</strong></span> <span class='ocrx_word' id='word_1_52' title='bbox 1279 817 1389 890; x_wconf 78' lang='grc' dir='ltr'><strong>γὰρ</strong></span> <span class='ocrx_word' id='word_1_53' title='bbox 1433 816 1844 882; x_wconf 75' lang='grc' dir='ltr'><strong>καθεύδοντες.</strong></span> <span class='ocrx_word' id='word_1_54' title='bbox 1874 813 2128 874; x_wconf 84' lang='lat' dir='ltr'><strong>Basilius.</strong></span> 
     </span>
    </p>
   </div>
   <div class='ocr_carea' id='block_1_9' title="bbox 559 905 2135 990">
    <p class='ocr_par' dir='ltr' id='par_1_9' title="bbox 559 905 2135 990">
     <span class='ocr_line' id='line_1_9' title="bbox 559 905 2135 990; baseline -0.012 -11"><span class='ocrx_word' id='word_1_55' title='bbox 559 921 754 980; x_wconf 83' lang='lat' dir='ltr'><strong>hom.6</strong></span> <span class='ocrx_word' id='word_1_56' title='bbox 783 939 797 976; x_wconf 89' lang='lat'><strong>:</strong></span> <span class='ocrx_word' id='word_1_57' title='bbox 828 916 1054 990; x_wconf 83' lang='grc' dir='ltr'>Δηλοῦσι</span> <span class='ocrx_word' id='word_1_58' title='bbox 1087 915 1144 969; x_wconf 82' lang='grc' dir='ltr'>δὲ</span> <span class='ocrx_word' id='word_1_59' title='bbox 1172 915 1221 968; x_wconf 86' lang='grc' dir='ltr'>οἱ</span> <span class='ocrx_word' id='word_1_60' title='bbox 1247 911 1598 974; x_wconf 80' lang='grc' dir='ltr'>καθευδοντες</span> <span class='ocrx_word' id='word_1_61' title='bbox 1623 909 1727 964; x_wconf 74' lang='grc' dir='ltr'><strong>ὑπὸ</strong></span> <span class='ocrx_word' id='word_1_62' title='bbox 1756 908 1985 980; x_wconf 79' lang='grc' dir='ltr'><strong>σελήνην</strong></span> <span class='ocrx_word' id='word_1_63' title='bbox 2002 905 2135 978; x_wconf 85' lang='grc' dir='ltr'>ὑγρό</span> 
     </span>
    </p>
   </div>
   <div class='ocr_carea' id='block_1_10' title="bbox 555 998 2139 1090">
    <p class='ocr_par' dir='ltr' id='par_1_10' title="bbox 555 998 2139 1090">
     <span class='ocr_line' id='line_1_10' title="bbox 555 998 2139 1090; baseline -0.011 -20"><span class='ocrx_word' id='word_1_64' title='bbox 555 1032 719 1090; x_wconf 87' lang='grc' dir='ltr'>τητος</span> <span class='ocrx_word' id='word_1_65' title='bbox 744 1010 1009 1084; x_wconf 75' lang='grc' dir='ltr'><strong>περισσῆς</strong></span> <span class='ocrx_word' id='word_1_66' title='bbox 1031 1007 1128 1072; x_wconf 82' lang='grc' dir='ltr'><strong>τάς</strong></span> <span class='ocrx_word' id='word_1_67' title='bbox 1153 1007 1251 1079; x_wconf 83' lang='grc' dir='ltr'><strong>τῆς</strong></span> <span class='ocrx_word' id='word_1_68' title='bbox 1282 1005 1519 1076; x_wconf 80' lang='grc' dir='ltr'><strong>κεφαλῆς</strong></span> <span class='ocrx_word' id='word_1_69' title='bbox 1543 1001 1877 1076; x_wconf 79' lang='grc' dir='ltr'><strong>εὐρυχωρίας</strong></span> <span class='ocrx_word' id='word_1_70' title='bbox 1905 998 2139 1072; x_wconf 89' lang='grc' dir='ltr'>πληρού-</span> 
     </span>
    </p>
   </div>
   <div class='ocr_carea' id='block_1_11' title="bbox 564 1094 2140 1180">
    <p class='ocr_par' dir='ltr' id='par_1_11' title="bbox 564 1094 2140 1180">
     <span class='ocr_line' id='line_1_11' title="bbox 564 1094 2140 1180; baseline -0.01 -19"><span class='ocrx_word' id='word_1_71' title='bbox 564 1123 734 1180; x_wconf 81' lang='grc' dir='ltr'><strong>μενοι,</strong></span> <span class='ocrx_word' id='word_1_72' title='bbox 766 1106 860 1159; x_wconf 70' lang='lat' dir='ltr'><strong>xui.</strong></span> <span class='ocrx_word' id='word_1_73' title='bbox 889 1105 957 1156; x_wconf 76' lang='grc' dir='ltr'>τὰ</span> <span class='ocrx_word' id='word_1_74' title='bbox 994 1099 1266 1170; x_wconf 80' lang='grc' dir='ltr'><strong>νεοσφαγῆ</strong></span> <span class='ocrx_word' id='word_1_75' title='bbox 1305 1097 1412 1151; x_wconf 82' lang='grc' dir='ltr'>τῶν</span> <span class='ocrx_word' id='word_1_76' title='bbox 1447 1096 1623 1170; x_wconf 84' lang='grc' dir='ltr'>κρεῶν</span> <span class='ocrx_word' id='word_1_77' title='bbox 1655 1096 1790 1165; x_wconf 83' lang='grc' dir='ltr'>ταχὺ</span> <span class='ocrx_word' id='word_1_78' title='bbox 1832 1094 2140 1166; x_wconf 80' lang='grc' dir='ltr'><strong>τρεπόμενα</strong></span> 
     </span>
    </p>
   </div>
   <div class='ocr_carea' id='block_1_12' title="bbox 558 1187 2142 1271">
    <p class='ocr_par' dir='ltr' id='par_1_12' title="bbox 558 1187 2142 1271">
     <span class='ocr_line' id='line_1_12' title="bbox 558 1187 2142 1271; baseline -0.009 -18"><span class='ocrx_word' id='word_1_79' title='bbox 558 1201 626 1271; x_wconf 73' lang='grc' dir='ltr'>τῇ</span> <span class='ocrx_word' id='word_1_80' title='bbox 663 1196 934 1271; x_wconf 76' lang='grc' dir='ltr'>προσϐολῇ</span> <span class='ocrx_word' id='word_1_81' title='bbox 963 1195 1062 1264; x_wconf 82' lang='grc' dir='ltr'>τῆς</span> <span class='ocrx_word' id='word_1_82' title='bbox 1103 1192 1350 1262; x_wconf 80' lang='grc' dir='ltr'><strong>σελήνης,</strong></span> <span class='ocrx_word' id='word_1_83' title='bbox 1384 1191 1479 1245; x_wconf 77' lang='grc' dir='ltr'><strong>καὶ</strong></span> <span class='ocrx_word' id='word_1_84' title='bbox 1514 1188 1666 1253; x_wconf 78' lang='grc' dir='ltr'>ζώων</span> <span class='ocrx_word' id='word_1_85' title='bbox 1694 1187 2005 1258; x_wconf 79' lang='grc' dir='ltr'>ἐγκέφαλοι,</span> <span class='ocrx_word' id='word_1_86' title='bbox 2046 1187 2142 1240; x_wconf 57' lang='grc' dir='ltr'><strong>καὶ⁵</strong></span> 
     </span>
    </p>
   </div>
   <div class='ocr_carea' id='block_1_13' title="bbox 561 1279 2142 1356">
    <p class='ocr_par' dir='ltr' id='par_1_13' title="bbox 561 1279 2142 1356">
     <span class='ocr_line' id='line_1_13' title="bbox 561 1279 2142 1356; baseline -0.009 -10"><span class='ocrx_word' id='word_1_87' title='bbox 561 1291 671 1346; x_wconf 81' lang='grc' dir='ltr'>τῶν</span> <span class='ocrx_word' id='word_1_88' title='bbox 697 1288 995 1344; x_wconf 76' lang='grc' dir='ltr'>θαλαττίων</span> <span class='ocrx_word' id='word_1_89' title='bbox 1017 1287 1085 1340; x_wconf 78' lang='grc' dir='ltr'>τὰ</span> <span class='ocrx_word' id='word_1_90' title='bbox 1118 1285 1409 1356; x_wconf 83' lang='grc' dir='ltr'><strong>ὑγρότατα,</strong></span> <span class='ocrx_word' id='word_1_91' title='bbox 1437 1282 1531 1336; x_wconf 75' lang='grc' dir='ltr'>καὶ</span> <span class='ocrx_word' id='word_1_92' title='bbox 1557 1282 1614 1335; x_wconf 77' lang='grc' dir='ltr'><strong>αἱ</strong></span> <span class='ocrx_word' id='word_1_93' title='bbox 1644 1281 1752 1334; x_wconf 84' lang='grc' dir='ltr'>τῶν</span> <span class='ocrx_word' id='word_1_94' title='bbox 1789 1279 2018 1350; x_wconf 80' lang='grc' dir='ltr'><strong>δένδρων</strong></span> <span class='ocrx_word' id='word_1_95' title='bbox 2052 1280 2142 1332; x_wconf 75' lang='grc' dir='ltr'><strong>ὲν-</strong></span> 
     </span>
    </p>
   </div>
   <div class='ocr_carea' id='block_1_14' title="bbox 563 1369 2144 1455">
    <p class='ocr_par' dir='ltr' id='par_1_14' title="bbox 563 1369 2144 1455">
     <span class='ocr_line' id='line_1_14' title="bbox 563 1369 2144 1455; baseline -0.008 -17"><span class='ocrx_word' id='word_1_96' title='bbox 563 1383 839 1455; x_wconf 83' lang='grc' dir='ltr'>τεριῶναι.</span> <span class='ocrx_word' id='word_1_97' title='bbox 885 1379 1122 1435; x_wconf 82' lang='lat' dir='ltr'><strong>Galenus</strong></span> <span class='ocrx_word' id='word_1_98' title='bbox 1172 1378 1266 1432; x_wconf 85' lang='lat' dir='ltr'><strong>lib.</strong></span> <span class='ocrx_word' id='word_1_99' title='bbox 1327 1391 1386 1430; x_wconf 86' lang='lat' dir='ltr'><strong>ut</strong></span> <span class='ocrx_word' id='word_1_100' title='bbox 1441 1373 1519 1428; x_wconf 88' lang='lat' dir='ltr'><strong>De</strong></span> <span class='ocrx_word' id='word_1_101' title='bbox 1572 1371 1711 1427; x_wconf 83' lang='lat' dir='ltr'><strong>dieb.</strong></span> <span class='ocrx_word' id='word_1_102' title='bbox 1752 1370 2034 1434; x_wconf 84' lang='lat' dir='ltr'><strong>decretor.,</strong></span> <span class='ocrx_word' id='word_1_103' title='bbox 2076 1369 2144 1426; x_wconf 87' lang='lat' dir='ltr'><strong>de</strong></span> 
     </span>
    </p>
   </div>
   <div class='ocr_carea' id='block_1_15' title="bbox 566 1463 2146 1542">
    <p class='ocr_par' dir='ltr' id='par_1_15' title="bbox 566 1463 2146 1542">
     <span class='ocr_line' id='line_1_15' title="bbox 566 1463 2146 1542; baseline -0.01 -10"><span class='ocrx_word' id='word_1_104' title='bbox 566 1479 697 1532; x_wconf 89' lang='lat' dir='ltr'><strong>luna</strong></span> <span class='ocrx_word' id='word_1_105' title='bbox 731 1495 743 1530; x_wconf 93' lang='lat'><strong>:</strong></span> <span class='ocrx_word' id='word_1_106' title='bbox 777 1473 960 1527; x_wconf 80' lang='grc' dir='ltr'><strong>Πάντα</strong></span> <span class='ocrx_word' id='word_1_107' title='bbox 995 1472 1090 1542; x_wconf 83' lang='grc' dir='ltr'><strong>μὲν</strong></span> <span class='ocrx_word' id='word_1_108' title='bbox 1119 1470 1226 1540; x_wconf 78' lang='grc' dir='ltr'>γάρ</span> <span class='ocrx_word' id='word_1_109' title='bbox 1250 1468 1285 1523; x_wconf 78' lang='grc' dir='ltr'><strong>ἃ.</strong></span> <span class='ocrx_word' id='word_1_110' title='bbox 1312 1467 1442 1540; x_wconf 84' lang='grc' dir='ltr'>δρᾷν</span> <span class='ocrx_word' id='word_1_111' title='bbox 1482 1466 1726 1535; x_wconf 87' lang='grc' dir='ltr'>πέφυκεν</span> <span class='ocrx_word' id='word_1_112' title='bbox 1762 1463 1975 1536; x_wconf 71' lang='grc' dir='ltr'>ἀμυδρά</span> <span class='ocrx_word' id='word_1_113' title='bbox 2003 1463 2146 1532; x_wconf 87' lang='grc' dir='ltr'>γίνε-</span> 
     </span>
    </p>
   </div>
   <div class='ocr_carea' id='block_1_16' title="bbox 564 1555 2145 1638">
    <p class='ocr_par' dir='ltr' id='par_1_16' title="bbox 564 1555 2145 1638">
     <span class='ocr_line' id='line_1_16' title="bbox 564 1555 2145 1638; baseline -0.009 -16"><span class='ocrx_word' id='word_1_114' title='bbox 564 1586 676 1631; x_wconf 87' lang='grc' dir='ltr'>ται,</span> <span class='ocrx_word' id='word_1_115' title='bbox 718 1563 1026 1638; x_wconf 75' lang='grc' dir='ltr'>μηνοειδοῦς</span> <span class='ocrx_word' id='word_1_116' title='bbox 1051 1561 1346 1633; x_wconf 80' lang='grc' dir='ltr'>γενομένης</span> <span class='ocrx_word' id='word_1_117' title='bbox 1374 1558 1571 1628; x_wconf 73' lang='grc' dir='ltr'>αὐτῆς·</span> <span class='ocrx_word' id='word_1_118' title='bbox 1601 1558 1816 1612; x_wconf 71' lang='grc' dir='ltr'>ἅπαντα</span> <span class='ocrx_word' id='word_1_119' title='bbox 1856 1557 1914 1610; x_wconf 84' lang='grc' dir='ltr'>δὲ</span> <span class='ocrx_word' id='word_1_120' title='bbox 1951 1555 2145 1629; x_wconf 74' lang='grc' dir='ltr'><strong>ισχυρὰ</strong></span> 
     </span>
    </p>
   </div>
   <div class='ocr_carea' id='block_1_17' title="bbox 571 1649 2145 1732">
    <p class='ocr_par' dir='ltr' id='par_1_17' title="bbox 571 1649 2145 1732">
     <span class='ocr_line' id='line_1_17' title="bbox 571 1649 2145 1732; baseline -0.008 -17"><span class='ocrx_word' id='word_1_121' title='bbox 571 1657 1023 1732; x_wconf 83' lang='grc' dir='ltr'>πεπληρωμένης,</span> <span class='ocrx_word' id='word_1_122' title='bbox 1058 1655 1197 1708; x_wconf 84' lang='grc' dir='ltr'>ὥστε</span> <span class='ocrx_word' id='word_1_123' title='bbox 1223 1654 1318 1708; x_wconf 65' lang='grc' dir='ltr'><strong>καὶ</strong></span> <span class='ocrx_word' id='word_1_124' title='bbox 1355 1654 1479 1716; x_wconf 82' lang='grc' dir='ltr'>τοὺς</span> <span class='ocrx_word' id='word_1_125' title='bbox 1519 1651 1766 1722; x_wconf 80' lang='grc' dir='ltr'>καρποὺς</span> <span class='ocrx_word' id='word_1_126' title='bbox 1790 1651 1848 1702; x_wconf 85' lang='grc' dir='ltr'><strong>ὲν</strong></span> <span class='ocrx_word' id='word_1_127' title='bbox 1883 1649 2016 1720; x_wconf 84' lang='grc' dir='ltr'>τῷδε</span> <span class='ocrx_word' id='word_1_128' title='bbox 2047 1666 2145 1702; x_wconf 86' lang='grc' dir='ltr'>πε-</span> 
     </span>
    </p>
   </div>
   <div class='ocr_carea' id='block_1_18' title="bbox 569 1741 2148 1817">
    <p class='ocr_par' dir='ltr' id='par_1_18' title="bbox 569 1741 2148 1817">
     <span class='ocr_line' id='line_1_18' title="bbox 569 1741 2148 1817; baseline -0.009 -9"><span class='ocrx_word' id='word_1_129' title='bbox 569 1755 752 1808; x_wconf 85' lang='grc' dir='ltr'>παίνει</span> <span class='ocrx_word' id='word_1_130' title='bbox 812 1745 904 1805; x_wconf 52' lang='grc' dir='ltr'><strong>καὶ⁴</strong></span> <span class='ocrx_word' id='word_1_131' title='bbox 950 1747 1166 1814; x_wconf 81' lang='grc' dir='ltr'>αὐξάνει</span> <span class='ocrx_word' id='word_1_132' title='bbox 1212 1746 1460 1817; x_wconf 84' lang='grc' dir='ltr'>τάχιστα,</span> <span class='ocrx_word' id='word_1_133' title='bbox 1490 1744 1584 1798; x_wconf 76' lang='grc' dir='ltr'><strong>καὶ</strong></span> <span class='ocrx_word' id='word_1_134' title='bbox 1619 1744 1688 1798; x_wconf 86' lang='grc' dir='ltr'>τὰ</span> <span class='ocrx_word' id='word_1_135' title='bbox 1714 1741 1881 1814; x_wconf 83' lang='grc' dir='ltr'>νεκρά</span> <span class='ocrx_word' id='word_1_136' title='bbox 1922 1741 2148 1813; x_wconf 80' lang='grc' dir='ltr'>σώματα</span> 
     </span>
    </p>
   </div>
   <div class='ocr_carea' id='block_1_19' title="bbox 565 1833 2145 1918">
    <p class='ocr_par' dir='ltr' id='par_1_19' title="bbox 565 1833 2145 1918">
     <span class='ocr_line' id='line_1_19' title="bbox 565 1833 2145 1918; baseline -0.009 -16"><span class='ocrx_word' id='word_1_137' title='bbox 565 1847 846 1918; x_wconf 81' lang='grc' dir='ltr'>διασήπει,</span> <span class='ocrx_word' id='word_1_138' title='bbox 868 1843 1102 1906; x_wconf 71' lang='grc' dir='ltr'>καὶτοὺς</span> <span class='ocrx_word' id='word_1_139' title='bbox 1129 1840 1232 1894; x_wconf 79' lang='grc' dir='ltr'>ὑπὸ</span> <span class='ocrx_word' id='word_1_140' title='bbox 1255 1838 1352 1910; x_wconf 80' lang='grc' dir='ltr'><strong>τὴν</strong></span> <span class='ocrx_word' id='word_1_141' title='bbox 1379 1836 1552 1910; x_wconf 76' lang='grc' dir='ltr'>αὐγὴν</span> <span class='ocrx_word' id='word_1_142' title='bbox 1571 1836 1739 1907; x_wconf 82' lang='grc' dir='ltr'>αὐτῆς</span> <span class='ocrx_word' id='word_1_143' title='bbox 1765 1833 2145 1906; x_wconf 79' lang='grc' dir='ltr'><strong>κοιμηθέντας,</strong></span> 
     </span>
    </p>
   </div>
   <div class='ocr_carea' id='block_1_20' title="bbox 567 1922 2151 2011">
    <p class='ocr_par' dir='ltr' id='par_1_20' title="bbox 567 1922 2151 2011">
     <span class='ocr_line' id='line_1_20' title="bbox 567 1922 2151 2011; baseline -0.008 -18"><span class='ocrx_word' id='word_1_144' title='bbox 567 1939 606 2011; x_wconf 75' lang='grc' dir='ltr'><strong>ἢ</strong></span> <span class='ocrx_word' id='word_1_145' title='bbox 638 1938 731 1992; x_wconf 74' lang='grc' dir='ltr'>καὶ</span> <span class='ocrx_word' id='word_1_146' title='bbox 755 1936 928 1998; x_wconf 82' lang='grc' dir='ltr'>άλλως</span> <span class='ocrx_word' id='word_1_147' title='bbox 957 1935 1048 1987; x_wconf 66' lang='grc' dir='ltr'>ἐπὶ</span> <span class='ocrx_word' id='word_1_148' title='bbox 1077 1933 1234 1994; x_wconf 73' lang='grc' dir='ltr'>πλέον</span> <span class='ocrx_word' id='word_1_149' title='bbox 1264 1930 1664 2002; x_wconf 75' lang='grc' dir='ltr'>διατρίψαντας,</span> <span class='ocrx_word' id='word_1_150' title='bbox 1694 1922 1904 1999; x_wconf 73' lang='grc' dir='ltr'>ὠχροὺς</span> <span class='ocrx_word' id='word_1_151' title='bbox 1935 1925 2029 1979; x_wconf 79' lang='grc' dir='ltr'>καὶ</span> <span class='ocrx_word' id='word_1_152' title='bbox 2061 1943 2151 1980; x_wconf 89' lang='grc' dir='ltr'>κα-</span> 
     </span>
    </p>
   </div>
   <div class='ocr_carea' id='block_1_21' title="bbox 574 2015 2153 2105">
    <p class='ocr_par' dir='ltr' id='par_1_21' title="bbox 574 2015 2153 2105">
     <span class='ocr_line' id='line_1_21' title="bbox 574 2015 2153 2105; baseline -0.009 -21"><span class='ocrx_word' id='word_1_153' title='bbox 574 2029 907 2105; x_wconf 78' lang='grc' dir='ltr'>ρηϐαρικοὺς</span> <span class='ocrx_word' id='word_1_154' title='bbox 939 2023 1326 2096; x_wconf 78' lang='grc' dir='ltr'><strong>ἀπεργάζεται.</strong></span> <span class='ocrx_word' id='word_1_155' title='bbox 1370 2019 1565 2076; x_wconf 86' lang='lat' dir='ltr'><strong>Omnia</strong></span> <span class='ocrx_word' id='word_1_156' title='bbox 1611 2019 1876 2090; x_wconf 87' lang='lat' dir='ltr'><strong>siquidem</strong></span> <span class='ocrx_word' id='word_1_157' title='bbox 1909 2033 2031 2087; x_wconf 66' lang='lat' dir='ltr'><strong>qua:</strong></span> <span class='ocrx_word' id='word_1_158' title='bbox 2071 2015 2153 2070; x_wconf 84' lang='lat' dir='ltr'><strong>fa-</strong></span> 
     </span>
    </p>
   </div>
   <div class='ocr_carea' id='block_1_22' title="bbox 571 2109 2153 2185">
    <p class='ocr_par' dir='ltr' id='par_1_22' title="bbox 571 2109 2153 2185">
     <span class='ocr_line' id='line_1_22' title="bbox 571 2109 2153 2185; baseline -0.01 -7"><span class='ocrx_word' id='word_1_159' title='bbox 571 2139 701 2180; x_wconf 84' lang='lat' dir='ltr'><strong>cere</strong></span> <span class='ocrx_word' id='word_1_160' title='bbox 747 2130 872 2176; x_wconf 88' lang='lat' dir='ltr'><strong>nata</strong></span> <span class='ocrx_word' id='word_1_161' title='bbox 905 2130 1006 2182; x_wconf 90' lang='lat' dir='ltr'><strong>est,</strong></span> <span class='ocrx_word' id='word_1_162' title='bbox 1043 2117 1135 2172; x_wconf 93' lang='lat' dir='ltr'><strong>ubi</strong></span> <span class='ocrx_word' id='word_1_163' title='bbox 1168 2116 1321 2170; x_wconf 85' lang='lat' dir='ltr'><strong>falcis</strong></span> <span class='ocrx_word' id='word_1_164' title='bbox 1357 2114 1589 2185; x_wconf 80' lang='lat' dir='ltr'><strong>ﬁguram</strong></span> <span class='ocrx_word' id='word_1_165' title='bbox 1627 2117 2002 2181; x_wconf 77' lang='lat' dir='ltr'><strong>repraesentat,</strong></span> <span class='ocrx_word' id='word_1_166' title='bbox 2035 2109 2153 2163; x_wconf 86' lang='lat' dir='ltr'><strong>lan-</strong></span> 
     </span>
    </p>
   </div>
   <div class='ocr_carea' id='block_1_23' title="bbox 572 2198 2153 2288">
    <p class='ocr_par' dir='ltr' id='par_1_23' title="bbox 572 2198 2153 2288">
     <span class='ocr_line' id='line_1_23' title="bbox 572 2198 2153 2288; baseline -0.012 -18"><span class='ocrx_word' id='word_1_167' title='bbox 572 2213 740 2288; x_wconf 73' lang='lat' dir='ltr'><strong>guida</strong></span> <span class='ocrx_word' id='word_1_168' title='bbox 772 2215 947 2276; x_wconf 82' lang='lat' dir='ltr'><strong>fiunt;</strong></span> <span class='ocrx_word' id='word_1_169' title='bbox 995 2208 1172 2263; x_wconf 86' lang='lat' dir='ltr'><strong>valida</strong></span> <span class='ocrx_word' id='word_1_170' title='bbox 1203 2206 1407 2267; x_wconf 88' lang='lat' dir='ltr'><strong>omnia,</strong></span> <span class='ocrx_word' id='word_1_171' title='bbox 1441 2218 1565 2258; x_wconf 91' lang='lat' dir='ltr'><strong>cum</strong></span> <span class='ocrx_word' id='word_1_172' title='bbox 1599 2201 1756 2272; x_wconf 88' lang='lat' dir='ltr'><strong>plena</strong></span> <span class='ocrx_word' id='word_1_173' title='bbox 1786 2199 1969 2256; x_wconf 88' lang='lat' dir='ltr'><strong>fuerit.</strong></span> <span class='ocrx_word' id='word_1_174' title='bbox 2002 2198 2153 2264; x_wconf 85' lang='lat' dir='ltr'><strong>Qua-</strong></span> 
     </span>
    </p>
   </div>
   <div class='ocr_carea' id='block_1_24' title="bbox 579 2292 2152 2378">
    <p class='ocr_par' dir='ltr' id='par_1_24' title="bbox 579 2292 2152 2378">
     <span class='ocr_line' id='line_1_24' title="bbox 579 2292 2152 2378; baseline -0.011 -16"><span class='ocrx_word' id='word_1_175' title='bbox 579 2314 800 2378; x_wconf 82' lang='lat' dir='ltr'><strong>propter</strong></span> <span class='ocrx_word' id='word_1_176' title='bbox 830 2313 885 2359; x_wconf 90' lang='lat' dir='ltr'><strong>et</strong></span> <span class='ocrx_word' id='word_1_177' title='bbox 915 2301 1098 2373; x_wconf 74' lang='lat' dir='ltr'><strong>fruges</strong></span> <span class='ocrx_word' id='word_1_178' title='bbox 1130 2307 1261 2353; x_wconf 91' lang='lat' dir='ltr'><strong>tunc</strong></span> <span class='ocrx_word' id='word_1_179' title='bbox 1309 2295 1562 2365; x_wconf 77' lang='lat' dir='ltr'><strong>adauget,</strong></span> <span class='ocrx_word' id='word_1_180' title='bbox 1591 2299 1938 2363; x_wconf 83' lang='lat' dir='ltr'><strong>maturatque</strong></span> <span class='ocrx_word' id='word_1_181' title='bbox 1979 2292 2152 2346; x_wconf 85' lang='lat' dir='ltr'><strong>celer-</strong></span> 
     </span>
    </p>
   </div>
   <div class='ocr_carea' id='block_1_25' title="bbox 577 2383 2156 2461">
    <p class='ocr_par' dir='ltr' id='par_1_25' title="bbox 577 2383 2156 2461">
     <span class='ocr_line' id='line_1_25' title="bbox 577 2383 2156 2461; baseline -0.012 -7"><span class='ocrx_word' id='word_1_182' title='bbox 577 2401 739 2461; x_wconf 83' lang='lat' dir='ltr'><strong>rime,</strong></span> <span class='ocrx_word' id='word_1_183' title='bbox 771 2401 984 2450; x_wconf 89' lang='lat' dir='ltr'><strong>mortua</strong></span> <span class='ocrx_word' id='word_1_184' title='bbox 1011 2404 1240 2460; x_wconf 84' lang='lat' dir='ltr'><strong>corpora</strong></span> <span class='ocrx_word' id='word_1_185' title='bbox 1267 2389 1322 2442; x_wconf 91' lang='lat' dir='ltr'><strong>in</strong></span> <span class='ocrx_word' id='word_1_186' title='bbox 1346 2386 1525 2440; x_wconf 83' lang='lat' dir='ltr'><strong>tabem</strong></span> <span class='ocrx_word' id='word_1_187' title='bbox 1555 2383 1825 2448; x_wconf 74' lang='lat' dir='ltr'><strong>dissolvit,</strong></span> <span class='ocrx_word' id='word_1_188' title='bbox 1854 2396 2156 2452; x_wconf 88' lang='lat' dir='ltr'><strong>somnoque</strong></span> 
     </span>
    </p>
   </div>
   <div class='ocr_carea' id='block_1_26' title="bbox 580 2473 2157 2560">
    <p class='ocr_par' dir='ltr' id='par_1_26' title="bbox 580 2473 2157 2560">
     <span class='ocr_line' id='line_1_26' title="bbox 580 2473 2157 2560; baseline -0.013 -13"><span class='ocrx_word' id='word_1_189' title='bbox 580 2490 776 2560; x_wconf 72' lang='lat' dir='ltr'><strong>SOpitis</strong></span> <span class='ocrx_word' id='word_1_190' title='bbox 807 2485 909 2542; x_wconf 85' lang='lat' dir='ltr'><strong>sub</strong></span> <span class='ocrx_word' id='word_1_191' title='bbox 942 2485 1062 2555; x_wconf 86' lang='lat' dir='ltr'><strong>ejus</strong></span> <span class='ocrx_word' id='word_1_192' title='bbox 1093 2483 1316 2543; x_wconf 88' lang='lat' dir='ltr'><strong>lumine,</strong></span> <span class='ocrx_word' id='word_1_193' title='bbox 1353 2478 1436 2534; x_wconf 95' lang='lat' dir='ltr'><strong>vel</strong></span> <span class='ocrx_word' id='word_1_194' title='bbox 1477 2477 1635 2531; x_wconf 88' lang='lat' dir='ltr'><strong>aliter</strong></span> <span class='ocrx_word' id='word_1_195' title='bbox 1661 2475 1867 2530; x_wconf 89' lang='lat' dir='ltr'><strong>diutius</strong></span> <span class='ocrx_word' id='word_1_196' title='bbox 1896 2473 2157 2528; x_wconf 90' lang='lat' dir='ltr'><strong>immora-</strong></span> 
     </span>
    </p>
   </div>
   <div class='ocr_carea' id='block_1_27' title="bbox 580 2568 1852 2652">
    <p class='ocr_par' dir='ltr' id='par_1_27' title="bbox 580 2568 1852 2652">
     <span class='ocr_line' id='line_1_27' title="bbox 580 2568 1852 2652; baseline -0.012 -14"><span class='ocrx_word' id='word_1_197' title='bbox 580 2584 654 2638; x_wconf 91' lang='lat' dir='ltr'><strong>tis</strong></span> <span class='ocrx_word' id='word_1_198' title='bbox 683 2581 963 2652; x_wconf 81' lang='lat' dir='ltr'><strong>pallorem,</strong></span> <span class='ocrx_word' id='word_1_199' title='bbox 991 2583 1044 2632; x_wconf 91' lang='lat' dir='ltr'><strong>et</strong></span> <span class='ocrx_word' id='word_1_200' title='bbox 1078 2573 1276 2644; x_wconf 86' lang='lat' dir='ltr'><strong>capitis</strong></span> <span class='ocrx_word' id='word_1_201' title='bbox 1301 2571 1545 2626; x_wconf 85' lang='lat' dir='ltr'><strong>dolorem</strong></span> <span class='ocrx_word' id='word_1_202' title='bbox 1575 2568 1852 2624; x_wconf 85' lang='lat' dir='ltr'><strong>conciliat.</strong></span> 
     </span>
    </p>
   </div>
   <div class='ocr_carea' id='block_1_28' title="bbox 653 2659 2156 2737">
    <p class='ocr_par' dir='ltr' id='par_1_28' title="bbox 653 2659 2156 2737">
     <span class='ocr_line' id='line_1_28' title="bbox 653 2659 2156 2737; baseline -0.009 -8"><span class='ocrx_word' id='word_1_203' title='bbox 653 2672 816 2737; x_wconf 85' lang='lat' dir='ltr'><strong>Ibid.,</strong></span> <span class='ocrx_word' id='word_1_204' title='bbox 847 2671 946 2726; x_wconf 89' lang='lat' dir='ltr'><strong>lin.</strong></span> <span class='ocrx_word' id='word_1_205' title='bbox 979 2668 1070 2724; x_wconf 72' lang='grc'><strong>46.</strong></span> <span class='ocrx_word' id='word_1_206' title='bbox 1113 2665 1347 2736; x_wconf 80' lang='grc' dir='ltr'><strong>Ὁμοίως</strong></span> <span class='ocrx_word' id='word_1_207' title='bbox 1377 2662 1445 2716; x_wconf 78' lang='grc' dir='ltr'>δὲ</span> <span class='ocrx_word' id='word_1_208' title='bbox 1477 2662 1576 2715; x_wconf 79' lang='grc' dir='ltr'><strong>καί</strong></span> <span class='ocrx_word' id='word_1_209' title='bbox 1609 2661 1682 2715; x_wconf 81' lang='grc' dir='ltr'>τὰ</span> <span class='ocrx_word' id='word_1_210' title='bbox 1709 2661 1864 2728; x_wconf 71' lang='grc' dir='ltr'>περί.</span> <span class='ocrx_word' id='word_1_211' title='bbox 1897 2659 2156 2722; x_wconf 88' lang='lat' dir='ltr'><strong>Basilius,</strong></span> 
     </span>
    </p>
   </div>
   <div class='ocr_carea' id='block_1_29' title="bbox 582 2753 2162 2830">
    <p class='ocr_par' dir='ltr' id='par_1_29' title="bbox 582 2753 2162 2830">
     <span class='ocr_line' id='line_1_29' title="bbox 582 2753 2162 2830; baseline -0.016 -7"><span class='ocrx_word' id='word_1_212' title='bbox 582 2768 733 2823; x_wconf 86' lang='lat' dir='ltr'><strong>hom.</strong></span> <span class='ocrx_word' id='word_1_213' title='bbox 765 2765 798 2820; x_wconf 86' lang='lat'><strong>6</strong></span> <span class='ocrx_word' id='word_1_214' title='bbox 829 2784 842 2819; x_wconf 92' lang='lat'>:</span> <span class='ocrx_word' id='word_1_215' title='bbox 876 2763 986 2818; x_wconf 74' lang='lat' dir='ltr'><strong>Kal.</strong></span> <span class='ocrx_word' id='word_1_216' title='bbox 1009 2761 1076 2814; x_wconf 81' lang='grc' dir='ltr'>τὰ</span> <span class='ocrx_word' id='word_1_217' title='bbox 1119 2759 1246 2830; x_wconf 77' lang='grc' dir='ltr'>περὶ</span> <span class='ocrx_word' id='word_1_218' title='bbox 1276 2755 1367 2809; x_wconf 82' lang='grc' dir='ltr'><strong>τὸν</strong></span> <span class='ocrx_word' id='word_1_219' title='bbox 1401 2755 1540 2826; x_wconf 82' lang='grc' dir='ltr'>ἀέρα</span> <span class='ocrx_word' id='word_1_220' title='bbox 1569 2753 1626 2808; x_wconf 82' lang='grc' dir='ltr'><strong>δὲ</strong></span> <span class='ocrx_word' id='word_1_221' title='bbox 1664 2753 1809 2826; x_wconf 87' lang='grc' dir='ltr'>πάθη</span> <span class='ocrx_word' id='word_1_222' title='bbox 1845 2755 1963 2817; x_wconf 87' lang='grc' dir='ltr'>ταῖς</span> <span class='ocrx_word' id='word_1_223' title='bbox 1997 2769 2162 2824; x_wconf 78' lang='grc' dir='ltr'>μετα-</span> 
     </span>
    </p>
   </div>
   <div class='ocr_carea' id='block_1_30' title="bbox 585 2846 2162 2927">
    <p class='ocr_par' dir='ltr' id='par_1_30' title="bbox 585 2846 2162 2927">
     <span class='ocr_line' id='line_1_30' title="bbox 585 2846 2162 2927; baseline -0.011 -11"><span class='ocrx_word' id='word_1_224' title='bbox 585 2861 768 2924; x_wconf 74' lang='grc' dir='ltr'>ϐολαῖς</span> <span class='ocrx_word' id='word_1_225' title='bbox 803 2857 1003 2927; x_wconf 79' lang='grc' dir='ltr'>ταύτης</span> <span class='ocrx_word' id='word_1_226' title='bbox 1043 2849 1467 2915; x_wconf 82' lang='grc' dir='ltr'>συνδιατίθεται,</span> <span class='ocrx_word' id='word_1_227' title='bbox 1509 2846 1585 2910; x_wconf 87' lang='grc' dir='ltr'>ὼς</span> <span class='ocrx_word' id='word_1_228' title='bbox 1635 2846 1999 2919; x_wconf 86' lang='grc' dir='ltr'>μαρτυροῦσιν</span> <span class='ocrx_word' id='word_1_229' title='bbox 2029 2849 2162 2918; x_wconf 81' lang='grc' dir='ltr'><strong>ἡμῖν</strong></span> 
     </span>
    </p>
   </div>
   <div class='ocr_carea' id='block_1_31' title="bbox 583 2938 2164 3020">
    <p class='ocr_par' dir='ltr' id='par_1_31' title="bbox 583 2938 2164 3020">
     <span class='ocr_line' id='line_1_31' title="bbox 583 2938 2164 3020; baseline -0.011 -10"><span class='ocrx_word' id='word_1_230' title='bbox 583 2955 647 3009; x_wconf 82' lang='grc' dir='ltr'>αἴ</span> <span class='ocrx_word' id='word_1_231' title='bbox 671 2972 730 3008; x_wconf 89' lang='grc' dir='ltr'><strong>τε</strong></span> <span class='ocrx_word' id='word_1_232' title='bbox 758 2951 899 3007; x_wconf 84' lang='grc' dir='ltr'>κατὰ</span> <span class='ocrx_word' id='word_1_233' title='bbox 933 2949 1030 3020; x_wconf 81' lang='grc' dir='ltr'><strong>τὴν</strong></span> <span class='ocrx_word' id='word_1_234' title='bbox 1054 2943 1347 3017; x_wconf 75' lang='grc' dir='ltr'>νουμηνίαν</span> <span class='ocrx_word' id='word_1_235' title='bbox 1375 2941 1631 3007; x_wconf 81' lang='grc' dir='ltr'>πολλάκις</span> <span class='ocrx_word' id='word_1_236' title='bbox 1660 2941 1768 2994; x_wconf 82' lang='grc' dir='ltr'>ἀπὸ</span> <span class='ocrx_word' id='word_1_237' title='bbox 1797 2938 2034 3012; x_wconf 79' lang='grc' dir='ltr'>γαλήνης</span> <span class='ocrx_word' id='word_1_238' title='bbox 2070 2940 2164 2994; x_wconf 70' lang='grc' dir='ltr'><strong>καὶ</strong></span> 
     </span>
    </p>
   </div>
   <div class='ocr_carea' id='block_1_32' title="bbox 585 3032 2233 3119">
    <p class='ocr_par' dir='ltr' id='par_1_32' title="bbox 585 3032 2233 3119">
     <span class='ocr_line' id='line_1_32' title="bbox 585 3032 2233 3119; baseline -0.01 -17"><span class='ocrx_word' id='word_1_239' title='bbox 585 3046 846 3119; x_wconf 77' lang='grc' dir='ltr'>νηνεμίας</span> <span class='ocrx_word' id='word_1_240' title='bbox 891 3041 1142 3111; x_wconf 79' lang='grc' dir='ltr'>αἱφνίδιοι</span> <span class='ocrx_word' id='word_1_241' title='bbox 1182 3034 1418 3109; x_wconf 73' lang='grc' dir='ltr'>ταραχαὶ</span> <span class='ocrx_word' id='word_1_242' title='bbox 1451 3032 1625 3104; x_wconf 84' lang='grc' dir='ltr'>νεφῶν</span> <span class='ocrx_word' id='word_1_243' title='bbox 1657 3032 2048 3105; x_wconf 81' lang='grc' dir='ltr'>κλονουμένων,</span> <span class='ocrx_word' id='word_1_244' title='bbox 2073 3033 2164 3087; x_wconf 58' lang='grc' dir='ltr'><strong>καλ⁵</strong></span> <span class='ocrx_word' id='word_1_245' title='bbox 2191 3054 2233 3110; x_wconf 77' lang='lat' dir='ltr'><strong><em>C</em></strong></span> 
     </span>
    </p>
   </div>
   <div class='ocr_carea' id='block_1_33' title="bbox 587 3129 1307 3209">
    <p class='ocr_par' dir='ltr' id='par_1_33' title="bbox 587 3129 1307 3209">
     <span class='ocr_line' id='line_1_33' title="bbox 587 3129 1307 3209; baseline -0.017 -17"><span class='ocrx_word' id='word_1_246' title='bbox 587 3133 1010 3209; x_wconf 85' lang='grc' dir='ltr'>συμπιπτόντων</span> <span class='ocrx_word' id='word_1_247' title='bbox 1039 3129 1307 3200; x_wconf 82' lang='grc' dir='ltr'>ἀλλήλοις.</span> 
     </span>
    </p>
   </div>
   <div class='ocr_carea' id='block_1_34' title="bbox 660 3217 2161 3293">
    <p class='ocr_par' dir='ltr' id='par_1_34' title="bbox 660 3217 2161 3293">
     <span class='ocr_line' id='line_1_34' title="bbox 660 3217 2161 3293; baseline -0.011 -8"><span class='ocrx_word' id='word_1_248' title='bbox 660 3228 798 3285; x_wconf 84' lang='lat' dir='ltr'><strong>Ibid.</strong></span> <span class='ocrx_word' id='word_1_249' title='bbox 830 3227 927 3282; x_wconf 91' lang='lat' dir='ltr'><strong>lin.</strong></span> <span class='ocrx_word' id='word_1_250' title='bbox 956 3225 1045 3281; x_wconf 79' lang='grc'><strong>50.</strong></span> <span class='ocrx_word' id='word_1_251' title='bbox 1079 3223 1189 3279; x_wconf 79' lang='grc' dir='ltr'><strong>Καὶ</strong></span> <span class='ocrx_word' id='word_1_252' title='bbox 1221 3223 1484 3293; x_wconf 72' lang='grc' dir='ltr'>γίνονται</span> <span class='ocrx_word' id='word_1_253' title='bbox 1518 3218 1651 3288; x_wconf 76' lang='grc' dir='ltr'>περὶ</span> <span class='ocrx_word' id='word_1_254' title='bbox 1689 3217 1827 3282; x_wconf 87' lang='grc' dir='ltr'>τοὺς</span> <span class='ocrx_word' id='word_1_255' title='bbox 1857 3217 2161 3286; x_wconf 81' lang='grc' dir='ltr'>εὐρίπους.</span> 
     </span>
    </p>
   </div>
   <div class='ocr_carea' id='block_1_35' title="bbox 589 3309 2168 3384">
    <p class='ocr_par' dir='ltr' id='par_1_35' title="bbox 589 3309 2168 3384">
     <span class='ocr_line' id='line_1_35' title="bbox 589 3309 2168 3384; baseline -0.013 -4"><span class='ocrx_word' id='word_1_256' title='bbox 589 3323 848 3382; x_wconf 81' lang='lat' dir='ltr'><strong>Basilius.</strong></span> <span class='ocrx_word' id='word_1_257' title='bbox 884 3321 1032 3374; x_wconf 92' lang='lat' dir='ltr'><strong>hom.</strong></span> <span class='ocrx_word' id='word_1_258' title='bbox 1077 3316 1110 3372; x_wconf 85' lang='lat'><strong>6</strong></span> <span class='ocrx_word' id='word_1_259' title='bbox 1156 3335 1171 3373; x_wconf 89' lang='lat'><strong>:</strong></span> <span class='ocrx_word' id='word_1_260' title='bbox 1223 3316 1332 3370; x_wconf 72' lang='lat' dir='ltr'><strong>Kal.</strong></span> <span class='ocrx_word' id='word_1_261' title='bbox 1373 3313 1430 3367; x_wconf 81' lang='grc' dir='ltr'><strong>αἱ</strong></span> <span class='ocrx_word' id='word_1_262' title='bbox 1467 3311 1595 3384; x_wconf 72' lang='grc' dir='ltr'>περὶ</span> <span class='ocrx_word' id='word_1_263' title='bbox 1627 3312 1751 3374; x_wconf 72' lang='grc' dir='ltr'>τοὺς</span> <span class='ocrx_word' id='word_1_264' title='bbox 1777 3309 2034 3382; x_wconf 86' lang='grc' dir='ltr'>εύρίπους</span> <span class='ocrx_word' id='word_1_265' title='bbox 2060 3325 2168 3362; x_wconf 86' lang='grc' dir='ltr'><strong>πα-</strong></span> 
     </span>
    </p>
   </div>
   <div class='ocr_carea' id='block_1_36' title="bbox 587 3401 2167 3489">
    <p class='ocr_par' dir='ltr' id='par_1_36' title="bbox 587 3401 2167 3489">
     <span class='ocr_line' id='line_1_36' title="bbox 587 3401 2167 3489; baseline -0.012 -17"><span class='ocrx_word' id='word_1_266' title='bbox 587 3417 846 3489; x_wconf 73' lang='grc' dir='ltr'>λίρῤοιαι,</span> <span class='ocrx_word' id='word_1_267' title='bbox 874 3413 968 3465; x_wconf 77' lang='grc' dir='ltr'><strong>καὶ</strong></span> <span class='ocrx_word' id='word_1_268' title='bbox 991 3411 1025 3481; x_wconf 82' lang='grc' dir='ltr'><strong>ἠ</strong></span> <span class='ocrx_word' id='word_1_269' title='bbox 1053 3409 1181 3482; x_wconf 74' lang='grc' dir='ltr'>περὶ</span> <span class='ocrx_word' id='word_1_270' title='bbox 1210 3407 1300 3461; x_wconf 79' lang='grc' dir='ltr'><strong>τὸν</strong></span> <span class='ocrx_word' id='word_1_271' title='bbox 1318 3406 1608 3477; x_wconf 86' lang='grc' dir='ltr'>λεγόμενον</span> <span class='ocrx_word' id='word_1_272' title='bbox 1631 3402 1868 3457; x_wconf 77' lang='grc' dir='ltr'>ὠκεανὸν</span> <span class='ocrx_word' id='word_1_273' title='bbox 1893 3401 2167 3474; x_wconf 78' lang='grc' dir='ltr'>ἄμπωτις,</span> 
     </span>
    </p>
   </div>
   <div class='ocr_carea' id='block_1_37' title="bbox 589 3493 2170 3580">
    <p class='ocr_par' dir='ltr' id='par_1_37' title="bbox 589 3493 2170 3580">
     <span class='ocr_line' id='line_1_37' title="bbox 589 3493 2170 3580; baseline -0.009 -19"><span class='ocrx_word' id='word_1_274' title='bbox 589 3509 661 3580; x_wconf 76' lang='grc' dir='ltr'><strong>ἠν</strong></span> <span class='ocrx_word' id='word_1_275' title='bbox 688 3508 806 3569; x_wconf 83' lang='grc' dir='ltr'>ταῖς</span> <span class='ocrx_word' id='word_1_276' title='bbox 833 3501 1098 3574; x_wconf 79' lang='grc' dir='ltr'>περιόδοις</span> <span class='ocrx_word' id='word_1_277' title='bbox 1128 3499 1228 3570; x_wconf 84' lang='grc' dir='ltr'>τῆς</span> <span class='ocrx_word' id='word_1_278' title='bbox 1258 3497 1484 3570; x_wconf 78' lang='grc' dir='ltr'>σελήνης</span> <span class='ocrx_word' id='word_1_279' title='bbox 1513 3496 1859 3568; x_wconf 82' lang='grc' dir='ltr'>τεταγμένως</span> <span class='ocrx_word' id='word_1_280' title='bbox 1899 3493 2170 3564; x_wconf 81' lang='grc' dir='ltr'>ἑπομένην</span> 
     </span>
    </p>
   </div>
   <div class='ocr_carea' id='block_1_38' title="bbox 597 3586 2174 3668">
    <p class='ocr_par' dir='ltr' id='par_1_38' title="bbox 597 3586 2174 3668">
     <span class='ocr_line' id='line_1_38' title="bbox 597 3586 2174 3668; baseline -0.01 -16"><span class='ocrx_word' id='word_1_281' title='bbox 597 3597 817 3668; x_wconf 75' lang='grc' dir='ltr'>ἐξεῦρον</span> <span class='ocrx_word' id='word_1_282' title='bbox 843 3595 891 3646; x_wconf 74' lang='lat' dir='ltr'><strong>oi</strong></span> <span class='ocrx_word' id='word_1_283' title='bbox 909 3590 1342 3663; x_wconf 85' lang='grc' dir='ltr'>προσοικοῦντες.</span> <span class='ocrx_word' id='word_1_284' title='bbox 1364 3591 1425 3643; x_wconf 79' lang='lat' dir='ltr'><strong>Ui</strong></span> <span class='ocrx_word' id='word_1_285' title='bbox 1464 3589 1562 3660; x_wconf 82' lang='grc' dir='ltr'>μὲν</span> <span class='ocrx_word' id='word_1_286' title='bbox 1591 3588 1700 3661; x_wconf 83' lang='grc' dir='ltr'>γάρ</span> <span class='ocrx_word' id='word_1_287' title='bbox 1729 3587 1943 3660; x_wconf 70' lang='grc' dir='ltr'>εὔριποι</span> <span class='ocrx_word' id='word_1_288' title='bbox 1971 3586 2174 3658; x_wconf 79' lang='grc' dir='ltr'>μεταρ-</span> 
     </span>
    </p>
   </div>
   <div class='ocr_carea' id='block_1_39' title="bbox 600 3680 2173 3762">
    <p class='ocr_par' dir='ltr' id='par_1_39' title="bbox 600 3680 2173 3762">
     <span class='ocr_line' id='line_1_39' title="bbox 600 3680 2173 3762; baseline -0.006 -21"><span class='ocrx_word' id='word_1_289' title='bbox 600 3690 812 3762; x_wconf 76' lang='grc' dir='ltr'>ῥέουσιν</span> <span class='ocrx_word' id='word_1_290' title='bbox 843 3685 927 3754; x_wconf 76' lang='grc' dir='ltr'><strong>ἐφ’</strong></span> <span class='ocrx_word' id='word_1_291' title='bbox 957 3684 1191 3754; x_wconf 78' lang='grc' dir='ltr'>ἑκάτερα</span> <span class='ocrx_word' id='word_1_292' title='bbox 1230 3682 1372 3736; x_wconf 79' lang='grc' dir='ltr'>κατὰ</span> <span class='ocrx_word' id='word_1_293' title='bbox 1418 3681 1488 3734; x_wconf 82' lang='grc' dir='ltr'>τὰ</span> <span class='ocrx_word' id='word_1_294' title='bbox 1518 3681 1680 3735; x_wconf 83' lang='grc' dir='ltr'>λοιπά</span> <span class='ocrx_word' id='word_1_295' title='bbox 1711 3680 1810 3751; x_wconf 84' lang='grc' dir='ltr'>τῆς</span> <span class='ocrx_word' id='word_1_296' title='bbox 1840 3680 2083 3752; x_wconf 84' lang='grc' dir='ltr'>σελήνης,</span> <span class='ocrx_word' id='word_1_297' title='bbox 2116 3683 2173 3733; x_wconf 81' lang='grc' dir='ltr'>ὲν</span> 
     </span>
    </p>
   </div>
   <div class='ocr_carea' id='block_1_40' title="bbox 596 3771 2175 3850">
    <p class='ocr_par' dir='ltr' id='par_1_40' title="bbox 596 3771 2175 3850">
     <span class='ocr_line' id='line_1_40' title="bbox 596 3771 2175 3850; baseline -0.007 -16"><span class='ocrx_word' id='word_1_298' title='bbox 596 3782 658 3834; x_wconf 82' lang='grc' dir='ltr'>δὲ</span> <span class='ocrx_word' id='word_1_299' title='bbox 689 3778 766 3850; x_wconf 84' lang='grc' dir='ltr'>τῷ</span> <span class='ocrx_word' id='word_1_300' title='bbox 795 3775 970 3848; x_wconf 81' lang='grc' dir='ltr'>καιρῷ</span> <span class='ocrx_word' id='word_1_301' title='bbox 992 3775 1094 3845; x_wconf 79' lang='grc' dir='ltr'><strong>τῆς</strong></span> <span class='ocrx_word' id='word_1_302' title='bbox 1122 3773 1386 3843; x_wconf 81' lang='grc' dir='ltr'>γενέσεως</span> <span class='ocrx_word' id='word_1_303' title='bbox 1414 3773 1534 3828; x_wconf 82' lang='grc' dir='ltr'>οὐδὲ</span> <span class='ocrx_word' id='word_1_304' title='bbox 1562 3774 1622 3826; x_wconf 81' lang='grc' dir='ltr'>τὸ</span> <span class='ocrx_word' id='word_1_305' title='bbox 1655 3771 1990 3845; x_wconf 83' lang='grc' dir='ltr'>βραχύτατον</span> <span class='ocrx_word' id='word_1_306' title='bbox 2016 3773 2175 3843; x_wconf 82' lang='grc' dir='ltr'>ἀτρε-</span> 
     </span>
    </p>
   </div>
   <div class='ocr_carea' id='block_1_41' title="bbox 603 3864 2174 3947">
    <p class='ocr_par' dir='ltr' id='par_1_41' title="bbox 603 3864 2174 3947">
     <span class='ocr_line' id='line_1_41' title="bbox 603 3864 2174 3947; baseline -0.006 -20"><span class='ocrx_word' id='word_1_307' title='bbox 603 3873 817 3947; x_wconf 82' lang='grc' dir='ltr'>μοῦσιν,</span> <span class='ocrx_word' id='word_1_308' title='bbox 852 3869 966 3924; x_wconf 85' lang='grc' dir='ltr'>ἀλλ’</span> <span class='ocrx_word' id='word_1_309' title='bbox 1000 3869 1058 3922; x_wconf 76' lang='grc' dir='ltr'>ἐν</span> <span class='ocrx_word' id='word_1_310' title='bbox 1100 3867 1243 3937; x_wconf 82' lang='grc' dir='ltr'>σάλῳ</span> <span class='ocrx_word' id='word_1_311' title='bbox 1276 3869 1370 3920; x_wconf 76' lang='grc' dir='ltr'>καὶ</span> <span class='ocrx_word' id='word_1_312' title='bbox 1397 3864 1725 3920; x_wconf 83' lang='grc' dir='ltr'>ταλαντώσει</span> <span class='ocrx_word' id='word_1_313' title='bbox 1750 3865 1984 3938; x_wconf 81' lang='grc' dir='ltr'>διηνεκεῖ</span> <span class='ocrx_word' id='word_1_314' title='bbox 2013 3864 2174 3920; x_wconf 86' lang='grc' dir='ltr'>καθε-</span> 
     </span>
    </p>
   </div>
   <div class='ocr_carea' id='block_1_42' title="bbox 604 3955 2177 4038">
    <p class='ocr_par' dir='ltr' id='par_1_42' title="bbox 604 3955 2177 4038">
     <span class='ocr_line' id='line_1_42' title="bbox 604 3955 2177 4038; baseline -0.008 -18"><span class='ocrx_word' id='word_1_315' title='bbox 604 3965 888 4038; x_wconf 84' lang='grc' dir='ltr'>στήκασιν,</span> <span class='ocrx_word' id='word_1_316' title='bbox 924 3961 1049 4027; x_wconf 69' lang='grc' dir='ltr'>ἕως,</span> <span class='ocrx_word' id='word_1_317' title='bbox 1101 3961 1396 4028; x_wconf 81' lang='grc' dir='ltr'>ὲκφανεῖσα</span> <span class='ocrx_word' id='word_1_318' title='bbox 1444 3956 1624 4021; x_wconf 86' lang='grc' dir='ltr'>πάλιν,</span> <span class='ocrx_word' id='word_1_319' title='bbox 1678 3955 1996 4010; x_wconf 80' lang='grc' dir='ltr'>ἀκολουθίαν</span> <span class='ocrx_word' id='word_1_320' title='bbox 2057 3955 2177 4009; x_wconf 82' lang='grc' dir='ltr'>τινὰ</span> 
     </span>
    </p>
   </div>
   <div class='ocr_carea' id='block_1_43' title="bbox 600 4048 2178 4132">
    <p class='ocr_par' dir='ltr' id='par_1_43' title="bbox 600 4048 2178 4132">
     <span class='ocr_line' id='line_1_43' title="bbox 600 4048 2178 4132; baseline -0.004 -21"><span class='ocrx_word' id='word_1_321' title='bbox 600 4061 670 4132; x_wconf 71' lang='grc' dir='ltr'>τῇ</span> <span class='ocrx_word' id='word_1_322' title='bbox 723 4054 1014 4129; x_wconf 74' lang='grc' dir='ltr'>παλιρροία</span> <span class='ocrx_word' id='word_1_323' title='bbox 1053 4052 1416 4125; x_wconf 81' lang='grc' dir='ltr'>παράσχηται.</span> <span class='ocrx_word' id='word_1_324' title='bbox 1457 4051 1520 4103; x_wconf 84' lang='grc' dir='ltr'><strong>Ἦ</strong></span> <span class='ocrx_word' id='word_1_325' title='bbox 1565 4049 1622 4102; x_wconf 80' lang='grc' dir='ltr'>δὲ</span> <span class='ocrx_word' id='word_1_326' title='bbox 1669 4049 1896 4121; x_wconf 82' lang='grc' dir='ltr'>ἑσπερία</span> <span class='ocrx_word' id='word_1_327' title='bbox 1937 4048 2178 4104; x_wconf 85' lang='grc' dir='ltr'>θάλασσα</span> 
     </span>
    </p>
   </div>
   <div class='ocr_carea' id='block_1_44' title="bbox 604 4138 2176 4219">
    <p class='ocr_par' dir='ltr' id='par_1_44' title="bbox 604 4138 2176 4219">
     <span class='ocr_line' id='line_1_44' title="bbox 604 4138 2176 4219; baseline -0.006 -15"><span class='ocrx_word' id='word_1_328' title='bbox 604 4149 703 4215; x_wconf 79' lang='grc' dir='ltr'>τὰς</span> <span class='ocrx_word' id='word_1_329' title='bbox 750 4145 1030 4219; x_wconf 81' lang='grc' dir='ltr'>ἀμπώτεις</span> <span class='ocrx_word' id='word_1_330' title='bbox 1081 4142 1410 4211; x_wconf 83' lang='grc' dir='ltr'>ὑφίσταται,</span> <span class='ocrx_word' id='word_1_331' title='bbox 1460 4138 1554 4192; x_wconf 88' lang='grc' dir='ltr'><strong>νῦν</strong></span> <span class='ocrx_word' id='word_1_332' title='bbox 1617 4139 1714 4211; x_wconf 81' lang='grc' dir='ltr'>μὲν</span> <span class='ocrx_word' id='word_1_333' title='bbox 1769 4139 2176 4205; x_wconf 74' lang='grc' dir='ltr'>ὑπονοστοῦσα,</span> 
     </span>
    </p>
   </div>
   <div class='ocr_carea' id='block_1_45' title="bbox 607 4234 2181 4307">
    <p class='ocr_par' dir='ltr' id='par_1_45' title="bbox 607 4234 2181 4307">
     <span class='ocr_line' id='line_1_45' title="bbox 607 4234 2181 4307; baseline -0.006 -9"><span class='ocrx_word' id='word_1_334' title='bbox 607 4243 768 4298; x_wconf 73' lang='grc' dir='ltr'>πάλιν</span> <span class='ocrx_word' id='word_1_335' title='bbox 795 4241 851 4294; x_wconf 70' lang='grc' dir='ltr'><strong>δέ</strong></span> <span class='ocrx_word' id='word_1_336' title='bbox 882 4237 1262 4302; x_wconf 74' lang='grc' dir='ltr'>ἐπικλύζουσα,</span> <span class='ocrx_word' id='word_1_337' title='bbox 1289 4234 1477 4302; x_wconf 80' lang='grc' dir='ltr'>ὥσπερ</span> <span class='ocrx_word' id='word_1_338' title='bbox 1510 4235 1802 4297; x_wconf 83' lang='grc' dir='ltr'>ἀναπνοαῖς</span> <span class='ocrx_word' id='word_1_339' title='bbox 1824 4234 1922 4304; x_wconf 85' lang='grc' dir='ltr'><strong>τῆς</strong></span> <span class='ocrx_word' id='word_1_340' title='bbox 1955 4235 2181 4307; x_wconf 88' lang='grc' dir='ltr'>σελήνης</span> 
     </span>
    </p>
   </div>
   <div class='ocr_carea' id='block_1_46' title="bbox 606 4326 2182 4404">
    <p class='ocr_par' dir='ltr' id='par_1_46' title="bbox 606 4326 2182 4404">
     <span class='ocr_line' id='line_1_46' title="bbox 606 4326 2182 4404; baseline -0.006 -15"><span class='ocrx_word' id='word_1_341' title='bbox 606 4331 946 4404; x_wconf 79' lang='grc' dir='ltr'>ὑφέλκομένη</span> <span class='ocrx_word' id='word_1_342' title='bbox 982 4327 1115 4401; x_wconf 80' lang='grc' dir='ltr'>πρὸς</span> <span class='ocrx_word' id='word_1_343' title='bbox 1140 4327 1198 4380; x_wconf 82' lang='grc' dir='ltr'>τὸ</span> <span class='ocrx_word' id='word_1_344' title='bbox 1233 4326 1428 4388; x_wconf 84' lang='grc' dir='ltr'>ὀπίσω,</span> <span class='ocrx_word' id='word_1_345' title='bbox 1458 4327 1551 4379; x_wconf 74' lang='grc' dir='ltr'>καὶ</span> <span class='ocrx_word' id='word_1_346' title='bbox 1598 4326 1758 4380; x_wconf 89' lang='grc' dir='ltr'>πάλιν</span> <span class='ocrx_word' id='word_1_347' title='bbox 1800 4328 1919 4389; x_wconf 84' lang='grc' dir='ltr'>ταῖς</span> <span class='ocrx_word' id='word_1_348' title='bbox 1958 4327 2050 4379; x_wconf 86' lang='grc' dir='ltr'><strong>ἀπ’</strong></span> <span class='ocrx_word' id='word_1_349' title='bbox 2084 4328 2182 4380; x_wconf 82' lang='grc' dir='ltr'><strong>αὑ-</strong></span> 
     </span>
    </p>
   </div>
   <div class='ocr_carea' id='block_1_47' title="bbox 2229 417 3816 494">
    <p class='ocr_par' dir='ltr' id='par_1_47' title="bbox 2229 417 3816 494">
     <span class='ocr_line' id='line_1_47' title="bbox 2229 417 3816 494; baseline -0.016 0"><span class='ocrx_word' id='word_1_350' title='bbox 2229 441 2398 494; x_wconf 88' lang='lat' dir='ltr'><strong>latere</strong></span> <span class='ocrx_word' id='word_1_351' title='bbox 2442 435 2483 488; x_wconf 91' lang='lat' dir='ltr'>C</span> <span class='ocrx_word' id='word_1_352' title='bbox 2519 448 2550 488; x_wconf 92' lang='lat' dir='ltr'><strong>a</strong></span> <span class='ocrx_word' id='word_1_353' title='bbox 2582 431 2737 486; x_wconf 85' lang='lat' dir='ltr'><strong>Malia</strong></span> <span class='ocrx_word' id='word_1_354' title='bbox 2768 425 2979 489; x_wconf 85' lang='lat' dir='ltr'><strong>stadiis,</strong></span> <span class='ocrx_word' id='word_1_355' title='bbox 3013 426 3089 479; x_wconf 87' lang='lat' dir='ltr'><strong>ita</strong></span> <span class='ocrx_word' id='word_1_356' title='bbox 3119 421 3389 480; x_wconf 79' lang='lat' dir='ltr'><strong>referente</strong></span> <span class='ocrx_word' id='word_1_357' title='bbox 3417 417 3684 472; x_wconf 88' lang='lat' dir='ltr'><strong>Strabone</strong></span> <span class='ocrx_word' id='word_1_358' title='bbox 3714 417 3816 470; x_wconf 89' lang='lat' dir='ltr'><strong>lib.</strong></span> 
     </span>
    </p>
   </div>
   <div class='ocr_carea' id='block_1_48' title="bbox 2229 505 3818 592">
    <p class='ocr_par' dir='ltr' id='par_1_48' title="bbox 2229 505 3818 592">
     <span class='ocr_line' id='line_1_48' title="bbox 2229 505 3818 592; baseline -0.016 -8"><span class='ocrx_word' id='word_1_359' title='bbox 2229 544 2364 592; x_wconf 87' lang='lat' dir='ltr'><strong>xui;</strong></span> <span class='ocrx_word' id='word_1_360' title='bbox 2394 535 2450 581; x_wconf 88' lang='lat' dir='ltr'><strong>et</strong></span> <span class='ocrx_word' id='word_1_361' title='bbox 2489 538 2638 578; x_wconf 87' lang='lat' dir='ltr'><strong>mare</strong></span> <span class='ocrx_word' id='word_1_362' title='bbox 2683 521 2826 575; x_wconf 81' lang='lat' dir='ltr'><strong>inter</strong></span> <span class='ocrx_word' id='word_1_363' title='bbox 2857 516 3121 572; x_wconf 71' lang='lat' dir='ltr'><strong>Euhmam</strong></span> <span class='ocrx_word' id='word_1_364' title='bbox 3161 520 3218 568; x_wconf 90' lang='lat' dir='ltr'><strong>et</strong></span> <span class='ocrx_word' id='word_1_365' title='bbox 3273 508 3614 571; x_wconf 86' lang='lat' dir='ltr'><strong>Chalcidem,</strong></span> <span class='ocrx_word' id='word_1_366' title='bbox 3663 505 3818 577; x_wconf 87' lang='lat' dir='ltr'><strong>quod</strong></span> 
     </span>
    </p>
   </div>
   <div class='ocr_carea' id='block_1_49' title="bbox 2229 601 3822 692">
    <p class='ocr_par' dir='ltr' id='par_1_49' title="bbox 2229 601 3822 692">
     <span class='ocr_line' id='line_1_49' title="bbox 2229 601 3822 692; baseline -0.013 -15"><span class='ocrx_word' id='word_1_367' title='bbox 2229 629 2393 692; x_wconf 89' lang='lat' dir='ltr'><strong>ponte</strong></span> <span class='ocrx_word' id='word_1_368' title='bbox 2446 617 2612 673; x_wconf 91' lang='lat' dir='ltr'><strong>duum</strong></span> <span class='ocrx_word' id='word_1_369' title='bbox 2647 615 2902 684; x_wconf 78' lang='lat' dir='ltr'><strong>jugcrum</strong></span> <span class='ocrx_word' id='word_1_370' title='bbox 2945 607 3298 681; x_wconf 74' lang='lat' dir='ltr'><strong>iungebatur.</strong></span> <span class='ocrx_word' id='word_1_371' title='bbox 3357 603 3513 671; x_wconf 84' lang='lat' dir='ltr'><strong>Quod</strong></span> <span class='ocrx_word' id='word_1_372' title='bbox 3569 611 3623 658; x_wconf 87' lang='lat' dir='ltr'><strong>et</strong></span> <span class='ocrx_word' id='word_1_373' title='bbox 3688 601 3822 657; x_wconf 84' lang='lat' dir='ltr'><strong>aliis</strong></span> 
     </span>
    </p>
   </div>
   <div class='ocr_carea' id='block_1_50' title="bbox 2232 694 3820 766">
    <p class='ocr_par' dir='ltr' id='par_1_50' title="bbox 2232 694 3820 766">
     <span class='ocr_line' id='line_1_50' title="bbox 2232 694 3820 766; baseline -0.013 0"><span class='ocrx_word' id='word_1_374' title='bbox 2232 709 2406 766; x_wconf 90' lang='lat' dir='ltr'><strong>fuisse</strong></span> <span class='ocrx_word' id='word_1_375' title='bbox 2431 721 2720 764; x_wconf 89' lang='lat' dir='ltr'><strong>commune</strong></span> <span class='ocrx_word' id='word_1_376' title='bbox 2763 704 2897 761; x_wconf 81' lang='lat' dir='ltr'><strong>satis</strong></span> <span class='ocrx_word' id='word_1_377' title='bbox 2937 699 3288 756; x_wconf 85' lang='lat' dir='ltr'><strong>manifestum</strong></span> <span class='ocrx_word' id='word_1_378' title='bbox 3323 705 3409 753; x_wconf 93' lang='lat' dir='ltr'><strong>est</strong></span> <span class='ocrx_word' id='word_1_379' title='bbox 3454 695 3509 758; x_wconf 85' lang='lat' dir='ltr'><strong>in</strong></span> <span class='ocrx_word' id='word_1_380' title='bbox 3559 694 3820 760; x_wconf 85' lang='lat' dir='ltr'><strong>historia,</strong></span> 
     </span>
    </p>
   </div>
   <div class='ocr_carea' id='block_1_51' title="bbox 2233 784 3823 874">
    <p class='ocr_par' dir='ltr' id='par_1_51' title="bbox 2233 784 3823 874">
     <span class='ocr_line' id='line_1_51' title="bbox 2233 784 3823 874; baseline -0.013 -16"><span class='ocrx_word' id='word_1_381' title='bbox 2233 811 2286 858; x_wconf 83' lang='lat' dir='ltr'><strong>et</strong></span> <span class='ocrx_word' id='word_1_382' title='bbox 2311 801 2562 874; x_wconf 83' lang='lat' dir='ltr'><strong>quamvis</strong></span> <span class='ocrx_word' id='word_1_383' title='bbox 2606 796 2928 854; x_wconf 85' lang='lat' dir='ltr'><strong>Eustathius</strong></span> <span class='ocrx_word' id='word_1_384' title='bbox 2962 794 3207 849; x_wconf 86' lang='lat' dir='ltr'><strong>videatur</strong></span> <span class='ocrx_word' id='word_1_385' title='bbox 3253 789 3519 845; x_wconf 73' lang='lat' dir='ltr'><strong>reﬂuxunt</strong></span> <span class='ocrx_word' id='word_1_386' title='bbox 3556 786 3731 840; x_wconf 85' lang='lat' dir='ltr'><strong>maris</strong></span> <span class='ocrx_word' id='word_1_387' title='bbox 3762 784 3823 839; x_wconf 87' lang='lat' dir='ltr'><strong>in</strong></span> 
     </span>
    </p>
   </div>
   <div class='ocr_carea' id='block_1_52' title="bbox 2235 873 3823 962">
    <p class='ocr_par' dir='ltr' id='par_1_52' title="bbox 2235 873 3823 962">
     <span class='ocr_line' id='line_1_52' title="bbox 2235 873 3823 962; baseline -0.013 -14"><span class='ocrx_word' id='word_1_388' title='bbox 2235 873 2451 962; x_wconf 83' lang='lat' dir='ltr'><strong>Euripis</strong></span> <span class='ocrx_word' id='word_1_389' title='bbox 2512 897 2722 944; x_wconf 86' lang='lat' dir='ltr'><strong>tantum</strong></span> <span class='ocrx_word' id='word_1_390' title='bbox 2779 884 3086 950; x_wconf 84' lang='lat' dir='ltr'><strong>allirmare;</strong></span> <span class='ocrx_word' id='word_1_391' title='bbox 3153 889 3335 936; x_wconf 90' lang='lat' dir='ltr'><strong>tamen</strong></span> <span class='ocrx_word' id='word_1_392' title='bbox 3387 878 3435 934; x_wconf 93' lang='lat' dir='ltr'><strong>si</strong></span> <span class='ocrx_word' id='word_1_393' title='bbox 3487 883 3640 932; x_wconf 88' lang='lat' dir='ltr'><strong>recte</strong></span> <span class='ocrx_word' id='word_1_394' title='bbox 3693 873 3823 944; x_wconf 87' lang='lat' dir='ltr'><strong>ejus</strong></span> 
     </span>
    </p>
   </div>
   <div class='ocr_carea' id='block_1_53' title="bbox 2236 967 3822 1054">
    <p class='ocr_par' dir='ltr' id='par_1_53' title="bbox 2236 967 3822 1054">
     <span class='ocr_line' id='line_1_53' title="bbox 2236 967 3822 1054; baseline -0.013 -14"><span class='ocrx_word' id='word_1_395' title='bbox 2236 985 2402 1040; x_wconf 88' lang='lat' dir='ltr'><strong>verba</strong></span> <span class='ocrx_word' id='word_1_396' title='bbox 2431 979 2856 1054; x_wconf 90' lang='lat' dir='ltr'><strong>perpendantur,</strong></span> <span class='ocrx_word' id='word_1_397' title='bbox 2881 975 2950 1032; x_wconf 92' lang='lat' dir='ltr'><strong>de</strong></span> <span class='ocrx_word' id='word_1_398' title='bbox 2970 975 3225 1030; x_wconf 88' lang='lat' dir='ltr'><strong>universa</strong></span> <span class='ocrx_word' id='word_1_399' title='bbox 3252 968 3420 1025; x_wconf 81' lang='lat' dir='ltr'><strong>totius</strong></span> <span class='ocrx_word' id='word_1_400' title='bbox 3449 969 3620 1023; x_wconf 90' lang='lat' dir='ltr'><strong>maris</strong></span> <span class='ocrx_word' id='word_1_401' title='bbox 3650 967 3822 1029; x_wconf 90' lang='lat' dir='ltr'><strong>mole,</strong></span> 
     </span>
    </p>
   </div>
   <div class='ocr_carea' id='block_1_54' title="bbox 2239 1059 3827 1146">
    <p class='ocr_par' dir='ltr' id='par_1_54' title="bbox 2239 1059 3827 1146">
     <span class='ocr_line' id='line_1_54' title="bbox 2239 1059 3827 1146; baseline -0.013 -15"><span class='ocrx_word' id='word_1_402' title='bbox 2239 1077 2356 1132; x_wconf 85' lang='lat' dir='ltr'><strong>sive</strong></span> <span class='ocrx_word' id='word_1_403' title='bbox 2384 1081 2467 1146; x_wconf 86' lang='lat' dir='ltr'><strong>(ut</strong></span> <span class='ocrx_word' id='word_1_404' title='bbox 2503 1073 2575 1127; x_wconf 89' lang='lat' dir='ltr'><strong>ita</strong></span> <span class='ocrx_word' id='word_1_405' title='bbox 2609 1067 2811 1140; x_wconf 89' lang='lat' dir='ltr'><strong>dicam)</strong></span> <span class='ocrx_word' id='word_1_406' title='bbox 2844 1066 3102 1124; x_wconf 85' lang='lat' dir='ltr'><strong>barathro</strong></span> <span class='ocrx_word' id='word_1_407' title='bbox 3148 1063 3550 1134; x_wconf 76' lang='lat' dir='ltr'><strong>intelliguntur.</strong></span> <span class='ocrx_word' id='word_1_408' title='bbox 3584 1059 3827 1130; x_wconf 80' lang='lat' dir='ltr'><strong>Euripo-</strong></span> 
     </span>
    </p>
   </div>
   <div class='ocr_carea' id='block_1_55' title="bbox 2239 1151 3828 1226">
    <p class='ocr_par' dir='ltr' id='par_1_55' title="bbox 2239 1151 3828 1226">
     <span class='ocr_line' id='line_1_55' title="bbox 2239 1151 3828 1226; baseline -0.012 -4"><span class='ocrx_word' id='word_1_409' title='bbox 2239 1181 2360 1222; x_wconf 86' lang='lat' dir='ltr'><strong>rum</strong></span> <span class='ocrx_word' id='word_1_410' title='bbox 2397 1173 2578 1219; x_wconf 90' lang='lat' dir='ltr'><strong>autem</strong></span> <span class='ocrx_word' id='word_1_411' title='bbox 2625 1161 2954 1216; x_wconf 85' lang='lat' dir='ltr'><strong>mentionem</strong></span> <span class='ocrx_word' id='word_1_412' title='bbox 3002 1155 3236 1219; x_wconf 77' lang='lat' dir='ltr'><strong>induxit,</strong></span> <span class='ocrx_word' id='word_1_413' title='bbox 3265 1153 3409 1226; x_wconf 88' lang='lat' dir='ltr'><strong>quod</strong></span> <span class='ocrx_word' id='word_1_414' title='bbox 3451 1153 3504 1207; x_wconf 92' lang='lat' dir='ltr'><strong>in</strong></span> <span class='ocrx_word' id='word_1_415' title='bbox 3545 1151 3655 1206; x_wconf 90' lang='lat' dir='ltr'><strong>illis</strong></span> <span class='ocrx_word' id='word_1_416' title='bbox 3684 1164 3828 1221; x_wconf 70' lang='lat' dir='ltr'><strong>prae-</strong></span> 
     </span>
    </p>
   </div>
   <div class='ocr_carea' id='block_1_56' title="bbox 2241 1244 3828 1331">
    <p class='ocr_par' dir='ltr' id='par_1_56' title="bbox 2241 1244 3828 1331">
     <span class='ocr_line' id='line_1_56' title="bbox 2241 1244 3828 1331; baseline -0.012 -16"><span class='ocrx_word' id='word_1_417' title='bbox 2241 1261 2400 1331; x_wconf 93' lang='lat' dir='ltr'><strong>cipue</strong></span> <span class='ocrx_word' id='word_1_418' title='bbox 2429 1257 2609 1312; x_wconf 77' lang='lat' dir='ltr'><strong>fluxus</strong></span> <span class='ocrx_word' id='word_1_419' title='bbox 2638 1257 2740 1311; x_wconf 89' lang='lat' dir='ltr'><strong>iste</strong></span> <span class='ocrx_word' id='word_1_420' title='bbox 2779 1262 3056 1310; x_wconf 89' lang='lat' dir='ltr'><strong>cernatur.</strong></span> <span class='ocrx_word' id='word_1_421' title='bbox 3092 1249 3160 1303; x_wconf 85' lang='lat' dir='ltr'><strong>Et</strong></span> <span class='ocrx_word' id='word_1_422' title='bbox 3202 1250 3346 1303; x_wconf 87' lang='lat' dir='ltr'><strong>circa</strong></span> <span class='ocrx_word' id='word_1_423' title='bbox 3391 1247 3595 1308; x_wconf 79' lang='lat' dir='ltr'><strong>littora,</strong></span> <span class='ocrx_word' id='word_1_424' title='bbox 3632 1255 3694 1298; x_wconf 91' lang='lat' dir='ltr'><strong>ut</strong></span> <span class='ocrx_word' id='word_1_425' title='bbox 3742 1244 3828 1297; x_wconf 58' lang='lat' dir='ltr'><strong>in.</strong></span> 
     </span>
    </p>
   </div>
   <div class='ocr_carea' id='block_1_57' title="bbox 2243 1337 3826 1423">
    <p class='ocr_par' dir='ltr' id='par_1_57' title="bbox 2243 1337 3826 1423">
     <span class='ocr_line' id='line_1_57' title="bbox 2243 1337 3826 1423; baseline -0.012 -16"><span class='ocrx_word' id='word_1_426' title='bbox 2243 1352 2360 1423; x_wconf 87' lang='lat' dir='ltr'><strong>quit</strong></span> <span class='ocrx_word' id='word_1_427' title='bbox 2390 1348 2620 1415; x_wconf 87' lang='lat' dir='ltr'><strong>Plinius,</strong></span> <span class='ocrx_word' id='word_1_428' title='bbox 2651 1347 2817 1418; x_wconf 88' lang='lat' dir='ltr'><strong>magis</strong></span> <span class='ocrx_word' id='word_1_429' title='bbox 2849 1361 3007 1416; x_wconf 88' lang='lat' dir='ltr'><strong>quam</strong></span> <span class='ocrx_word' id='word_1_430' title='bbox 3041 1344 3095 1397; x_wconf 90' lang='lat' dir='ltr'><strong>in</strong></span> <span class='ocrx_word' id='word_1_431' title='bbox 3139 1341 3249 1396; x_wconf 84' lang='lat' dir='ltr'><strong>alto</strong></span> <span class='ocrx_word' id='word_1_432' title='bbox 3287 1341 3341 1393; x_wconf 92' lang='lat' dir='ltr'><strong>hi</strong></span> <span class='ocrx_word' id='word_1_433' title='bbox 3389 1337 3615 1410; x_wconf 66' lang='lat' dir='ltr'><strong>equoris</strong></span> <span class='ocrx_word' id='word_1_434' title='bbox 3649 1345 3826 1390; x_wconf 84' lang='lat' dir='ltr'><strong>motus</strong></span> 
     </span>
    </p>
   </div>
   <div class='ocr_carea' id='block_1_58' title="bbox 2244 1430 3830 1514">
    <p class='ocr_par' dir='ltr' id='par_1_58' title="bbox 2244 1430 3830 1514">
     <span class='ocr_line' id='line_1_58' title="bbox 2244 1430 3830 1514; baseline -0.009 -17"><span class='ocrx_word' id='word_1_435' title='bbox 2244 1441 2711 1514; x_wconf 82' lang='lat' dir='ltr'><strong>deprehenduntur.</strong></span> <span class='ocrx_word' id='word_1_436' title='bbox 2771 1437 2873 1506; x_wconf 87' lang='lat' dir='ltr'><strong>Qui</strong></span> <span class='ocrx_word' id='word_1_437' title='bbox 2918 1451 3028 1508; x_wconf 92' lang='lat' dir='ltr'><strong>quo</strong></span> <span class='ocrx_word' id='word_1_438' title='bbox 3077 1432 3418 1489; x_wconf 83' lang='lat' dir='ltr'><strong>manifestior</strong></span> <span class='ocrx_word' id='word_1_439' title='bbox 3463 1430 3642 1486; x_wconf 89' lang='lat' dir='ltr'><strong>oculis</strong></span> <span class='ocrx_word' id='word_1_440' title='bbox 3702 1443 3830 1498; x_wconf 82' lang='lat' dir='ltr'><strong>spe-</strong></span> 
     </span>
    </p>
   </div>
   <div class='ocr_carea' id='block_1_59' title="bbox 2247 1521 3830 1602">
    <p class='ocr_par' dir='ltr' id='par_1_59' title="bbox 2247 1521 3830 1602">
     <span class='ocr_line' id='line_1_59' title="bbox 2247 1521 3830 1602; baseline -0.013 -9"><span class='ocrx_word' id='word_1_441' title='bbox 2247 1538 2510 1594; x_wconf 90' lang='lat' dir='ltr'><strong>ctantium</strong></span> <span class='ocrx_word' id='word_1_442' title='bbox 2544 1541 2648 1597; x_wconf 89' lang='lat' dir='ltr'><strong>est,</strong></span> <span class='ocrx_word' id='word_1_443' title='bbox 2688 1547 2753 1587; x_wconf 91' lang='lat' dir='ltr'><strong>eo</strong></span> <span class='ocrx_word' id='word_1_444' title='bbox 2802 1529 3110 1602; x_wconf 86' lang='lat' dir='ltr'><strong>perplexior</strong></span> <span class='ocrx_word' id='word_1_445' title='bbox 3161 1530 3308 1598; x_wconf 80' lang='lat' dir='ltr'><strong>angit</strong></span> <span class='ocrx_word' id='word_1_446' title='bbox 3355 1521 3830 1579; x_wconf 86' lang='lat' dir='ltr'><strong>considerantium</strong></span> 
     </span>
    </p>
   </div>
   <div class='ocr_carea' id='block_1_60' title="bbox 2249 1613 3832 1695">
    <p class='ocr_par' dir='ltr' id='par_1_60' title="bbox 2249 1613 3832 1695">
     <span class='ocr_line' id='line_1_60' title="bbox 2249 1613 3832 1695; baseline -0.013 -9"><span class='ocrx_word' id='word_1_447' title='bbox 2249 1631 2498 1695; x_wconf 87' lang='lat' dir='ltr'><strong>animos,</strong></span> <span class='ocrx_word' id='word_1_448' title='bbox 2559 1635 2614 1684; x_wconf 87' lang='lat' dir='ltr'><strong>et</strong></span> <span class='ocrx_word' id='word_1_449' title='bbox 2665 1626 2948 1681; x_wconf 79' lang='lat' dir='ltr'><strong>veritatem</strong></span> <span class='ocrx_word' id='word_1_450' title='bbox 3006 1636 3171 1678; x_wconf 87' lang='lat' dir='ltr'><strong>sensu</strong></span> <span class='ocrx_word' id='word_1_451' title='bbox 3233 1628 3505 1692; x_wconf 88' lang='lat' dir='ltr'><strong>patentem</strong></span> <span class='ocrx_word' id='word_1_452' title='bbox 3571 1613 3832 1670; x_wconf 86' lang='lat' dir='ltr'><strong>deturbat</strong></span> 
     </span>
    </p>
   </div>
   <div class='ocr_carea' id='block_1_61' title="bbox 2180 1699 3833 1794">
    <p class='ocr_par' dir='ltr' id='par_1_61' title="bbox 2180 1699 3833 1794">
     <span class='ocr_line' id='line_1_61' title="bbox 2180 1699 3833 1794; baseline -0.012 -14"><span class='ocrx_word' id='word_1_453' title='bbox 2180 1699 2221 1753; x_wconf 69' lang='grc' dir='ltr'>Β</span> <span class='ocrx_word' id='word_1_454' title='bbox 2250 1732 2412 1794; x_wconf 88' lang='lat' dir='ltr'><strong>atque</strong></span> <span class='ocrx_word' id='word_1_455' title='bbox 2469 1719 2775 1778; x_wconf 89' lang='lat' dir='ltr'><strong>confundit.</strong></span> <span class='ocrx_word' id='word_1_456' title='bbox 2826 1715 3058 1784; x_wconf 82' lang='lat' dir='ltr'><strong>Quidam</strong></span> <span class='ocrx_word' id='word_1_457' title='bbox 3110 1712 3513 1773; x_wconf 78' lang='lat' dir='ltr'><strong>existimarunt,</strong></span> <span class='ocrx_word' id='word_1_458' title='bbox 3558 1717 3742 1772; x_wconf 87' lang='lat' dir='ltr'><strong>nocte,</strong></span> <span class='ocrx_word' id='word_1_459' title='bbox 3776 1710 3833 1760; x_wconf 80' lang='lat' dir='ltr'><strong>et</strong></span> 
     </span>
    </p>
   </div>
   <div class='ocr_carea' id='block_1_62' title="bbox 2249 1803 3833 1882">
    <p class='ocr_par' dir='ltr' id='par_1_62' title="bbox 2249 1803 3833 1882">
     <span class='ocr_line' id='line_1_62' title="bbox 2249 1803 3833 1882; baseline -0.012 -14"><span class='ocrx_word' id='word_1_460' title='bbox 2249 1814 2487 1870; x_wconf 87' lang='lat' dir='ltr'><strong>interdiu</strong></span> <span class='ocrx_word' id='word_1_461' title='bbox 2551 1810 2817 1882; x_wconf 89' lang='lat' dir='ltr'><strong>reciproci</strong></span> <span class='ocrx_word' id='word_1_462' title='bbox 2881 1805 3119 1876; x_wconf 74' lang='lat' dir='ltr'><strong>:equoris</strong></span> <span class='ocrx_word' id='word_1_463' title='bbox 3171 1803 3318 1858; x_wconf 81' lang='lat' dir='ltr'><strong>fluxu</strong></span> <span class='ocrx_word' id='word_1_464' title='bbox 3372 1809 3696 1856; x_wconf 75' lang='lat' dir='ltr'><strong>:estuantem</strong></span> <span class='ocrx_word' id='word_1_465' title='bbox 3744 1811 3833 1850; x_wconf 83' lang='lat' dir='ltr'><strong>re-</strong></span> 
     </span>
    </p>
   </div>
   <div class='ocr_carea' id='block_1_63' title="bbox 2250 1893 3476 1978">
    <p class='ocr_par' dir='ltr' id='par_1_63' title="bbox 2250 1893 3476 1978">
     <span class='ocr_line' id='line_1_63' title="bbox 2250 1893 3476 1978; baseline -0.011 -16"><span class='ocrx_word' id='word_1_466' title='bbox 2250 1909 2358 1964; x_wconf 89' lang='lat' dir='ltr'><strong>labi</strong></span> <span class='ocrx_word' id='word_1_467' title='bbox 2388 1907 2616 1978; x_wconf 89' lang='lat' dir='ltr'><strong>septies.</strong></span> <span class='ocrx_word' id='word_1_468' title='bbox 2655 1904 2862 1960; x_wconf 87' lang='lat' dir='ltr'><strong>Seneca</strong></span> <span class='ocrx_word' id='word_1_469' title='bbox 2892 1902 2948 1956; x_wconf 87' lang='lat' dir='ltr'><strong>in</strong></span> <span class='ocrx_word' id='word_1_470' title='bbox 2981 1897 3212 1954; x_wconf 81' lang='lat' dir='ltr'><strong>Hercule</strong></span> <span class='ocrx_word' id='word_1_471' title='bbox 3247 1893 3430 1950; x_wconf 58' lang='lat' dir='ltr'><strong>mitam</strong></span> <span class='ocrx_word' id='word_1_472' title='bbox 3459 1911 3476 1948; x_wconf 90' lang='lat'><strong>:</strong></span> 
     </span>
    </p>
   </div>
   <div class='ocr_carea' id='block_1_64' title="bbox 2396 2010 3509 2090">
    <p class='ocr_par' dir='ltr' id='par_1_64' title="bbox 2396 2010 3509 2090">
     <span class='ocr_line' id='line_1_64' title="bbox 2396 2010 3509 2090; baseline -0.013 -14"><span class='ocrx_word' id='word_1_473' title='bbox 2396 2021 2628 2090; x_wconf 75' lang='lat' dir='ltr'><strong>Euripus</strong></span> <span class='ocrx_word' id='word_1_474' title='bbox 2655 2017 2825 2073; x_wconf 86' lang='lat' dir='ltr'><strong>undas</strong></span> <span class='ocrx_word' id='word_1_475' title='bbox 2854 2014 3016 2090; x_wconf 75' lang='lat' dir='ltr'><strong>ﬂectit</strong></span> <span class='ocrx_word' id='word_1_476' title='bbox 3049 2010 3321 2090; x_wconf 70' lang='lat' dir='ltr'><strong>instabiles</strong></span> <span class='ocrx_word' id='word_1_477' title='bbox 3349 2024 3509 2090; x_wconf 71' lang='lat' dir='ltr'><strong>vagas</strong></span> 
     </span>
    </p>
   </div>
   <div class='ocr_carea' id='block_1_65' title="bbox 2394 2079 3571 2162">
    <p class='ocr_par' dir='ltr' id='par_1_65' title="bbox 2394 2079 3571 2162">
     <span class='ocr_line' id='line_1_65' title="bbox 2394 2079 3571 2162; baseline -0.014 -16"><span class='ocrx_word' id='word_1_478' title='bbox 2394 2079 2697 2162; x_wconf 73' lang='lat' dir='ltr'><strong>Septemque</strong></span> <span class='ocrx_word' id='word_1_479' title='bbox 2725 2079 2912 2162; x_wconf 48' lang='lat' dir='ltr'><strong>cursus</strong></span> <span class='ocrx_word' id='word_1_480' title='bbox 2941 2086 3043 2155; x_wconf 74' lang='grc' dir='ltr'><strong>[ἐτι</strong></span> <span class='ocrx_word' id='word_1_481' title='bbox 3069 2093 3118 2138; x_wconf 89' lang='lat' dir='ltr'><strong>et</strong></span> <span class='ocrx_word' id='word_1_482' title='bbox 3154 2083 3367 2162; x_wconf 59' lang='lat' dir='ltr'><strong>totidem</strong></span> <span class='ocrx_word' id='word_1_483' title='bbox 3390 2079 3571 2162; x_wconf 68' lang='lat' dir='ltr'><strong>refert.</strong></span> 
     </span>
    </p>
   </div>
   <div class='ocr_carea' id='block_1_66' title="bbox 2395 2148 3645 2231">
    <p class='ocr_par' dir='ltr' id='par_1_66' title="bbox 2395 2148 3645 2231">
     <span class='ocr_line' id='line_1_66' title="bbox 2395 2148 3645 2231; baseline -0.014 -13"><span class='ocrx_word' id='word_1_484' title='bbox 2395 2148 2536 2218; x_wconf 75' lang='lat' dir='ltr'><strong>Dum</strong></span> <span class='ocrx_word' id='word_1_485' title='bbox 2564 2148 2767 2231; x_wconf 73' lang='lat' dir='ltr'><strong>lapsum</strong></span> <span class='ocrx_word' id='word_1_486' title='bbox 2802 2148 2960 2213; x_wconf 83' lang='lat' dir='ltr'><strong>Titan</strong></span> <span class='ocrx_word' id='word_1_487' title='bbox 2992 2163 3192 2225; x_wconf 86' lang='lat' dir='ltr'><strong>mergat</strong></span> <span class='ocrx_word' id='word_1_488' title='bbox 3222 2152 3429 2207; x_wconf 82' lang='lat' dir='ltr'><strong>Oceano</strong></span> <span class='ocrx_word' id='word_1_489' title='bbox 3463 2148 3645 2220; x_wconf 77' lang='lat' dir='ltr'><strong>iubar.</strong></span> 
     </span>
    </p>
   </div>
   <div class='ocr_carea' id='block_1_67' title="bbox 2254 2259 3837 2333">
    <p class='ocr_par' dir='ltr' id='par_1_67' title="bbox 2254 2259 3837 2333">
     <span class='ocr_line' id='line_1_67' title="bbox 2254 2259 3837 2333; baseline -0.014 0"><span class='ocrx_word' id='word_1_490' title='bbox 2254 2277 2440 2333; x_wconf 87' lang='lat' dir='ltr'><strong>Livius</strong></span> <span class='ocrx_word' id='word_1_491' title='bbox 2468 2276 2566 2331; x_wconf 90' lang='lat' dir='ltr'><strong>lib.</strong></span> <span class='ocrx_word' id='word_1_492' title='bbox 2602 2289 2747 2328; x_wconf 82' lang='lat' dir='ltr'><strong>xxvii</strong></span> <span class='ocrx_word' id='word_1_493' title='bbox 2775 2287 2884 2327; x_wconf 90' lang='lat' dir='ltr'><strong>non</strong></span> <span class='ocrx_word' id='word_1_494' title='bbox 2913 2268 3215 2326; x_wconf 87' lang='lat' dir='ltr'><strong>asscntitur</strong></span> <span class='ocrx_word' id='word_1_495' title='bbox 3245 2264 3372 2318; x_wconf 89' lang='lat' dir='ltr'><strong>huic</strong></span> <span class='ocrx_word' id='word_1_496' title='bbox 3400 2261 3688 2318; x_wconf 66' lang='lat' dir='ltr'><strong>sententiae</strong></span> <span class='ocrx_word' id='word_1_497' title='bbox 3720 2279 3736 2314; x_wconf 91' lang='lat'><strong>:</strong></span> <span class='ocrx_word' id='word_1_498' title='bbox 3770 2259 3837 2312; x_wconf 85' lang='lat' dir='ltr'><strong>Et</strong></span> 
     </span>
    </p>
   </div>
   <div class='ocr_carea' id='block_1_68' title="bbox 2256 2353 3837 2440">
    <p class='ocr_par' dir='ltr' id='par_1_68' title="bbox 2256 2353 3837 2440">
     <span class='ocr_line' id='line_1_68' title="bbox 2256 2353 3837 2440; baseline -0.012 -17"><span class='ocrx_word' id='word_1_499' title='bbox 2256 2371 2450 2440; x_wconf 78' lang='lat' dir='ltr'><strong>fretum</strong></span> <span class='ocrx_word' id='word_1_500' title='bbox 2478 2369 2673 2437; x_wconf 84' lang='lat' dir='ltr'><strong>ipsum,</strong></span> <span class='ocrx_word' id='word_1_501' title='bbox 2709 2364 2908 2435; x_wconf 84' lang='lat' dir='ltr'><strong>inquit,</strong></span> <span class='ocrx_word' id='word_1_502' title='bbox 2934 2359 3122 2430; x_wconf 85' lang='lat' dir='ltr'><strong>Euripi</strong></span> <span class='ocrx_word' id='word_1_503' title='bbox 3167 2374 3270 2412; x_wconf 89' lang='lat' dir='ltr'><strong>non</strong></span> <span class='ocrx_word' id='word_1_504' title='bbox 3318 2355 3502 2424; x_wconf 76' lang='lat' dir='ltr'><strong>septies</strong></span> <span class='ocrx_word' id='word_1_505' title='bbox 3551 2353 3659 2417; x_wconf 87' lang='lat' dir='ltr'><strong>die,</strong></span> <span class='ocrx_word' id='word_1_506' title='bbox 3704 2353 3837 2406; x_wconf 80' lang='lat' dir='ltr'><strong>sicut</strong></span> 
     </span>
    </p>
   </div>
   <div class='ocr_carea' id='block_1_69' title="bbox 2257 2446 3838 2534">
    <p class='ocr_par' dir='ltr' id='par_1_69' title="bbox 2257 2446 3838 2534">
     <span class='ocr_line' id='line_1_69' title="bbox 2257 2446 3838 2534; baseline -0.012 -17"><span class='ocrx_word' id='word_1_507' title='bbox 2257 2463 2406 2534; x_wconf 79' lang='lat' dir='ltr'><strong>fama</strong></span> <span class='ocrx_word' id='word_1_508' title='bbox 2456 2460 2578 2530; x_wconf 75' lang='lat' dir='ltr'><strong>fert,</strong></span> <span class='ocrx_word' id='word_1_509' title='bbox 2625 2456 2942 2524; x_wconf 76' lang='lat' dir='ltr'><strong>temporibus</strong></span> <span class='ocrx_word' id='word_1_510' title='bbox 2989 2451 3143 2507; x_wconf 81' lang='lat' dir='ltr'><strong>statis</strong></span> <span class='ocrx_word' id='word_1_511' title='bbox 3177 2452 3492 2517; x_wconf 86' lang='lat' dir='ltr'><strong>reciprocat,</strong></span> <span class='ocrx_word' id='word_1_512' title='bbox 3527 2446 3617 2501; x_wconf 86' lang='lat' dir='ltr'><strong>sed</strong></span> <span class='ocrx_word' id='word_1_513' title='bbox 3649 2456 3838 2499; x_wconf 81' lang='lat' dir='ltr'><strong>temere</strong></span> 
     </span>
    </p>
   </div>
   <div class='ocr_carea' id='block_1_70' title="bbox 2258 2539 3839 2614">
    <p class='ocr_par' dir='ltr' id='par_1_70' title="bbox 2258 2539 3839 2614">
     <span class='ocr_line' id='line_1_70' title="bbox 2258 2539 3839 2614; baseline -0.011 -4"><span class='ocrx_word' id='word_1_514' title='bbox 2258 2557 2316 2610; x_wconf 85' lang='lat' dir='ltr'><strong>in</strong></span> <span class='ocrx_word' id='word_1_515' title='bbox 2363 2553 2576 2610; x_wconf 84' lang='lat' dir='ltr'><strong>modum</strong></span> <span class='ocrx_word' id='word_1_516' title='bbox 2629 2550 2787 2614; x_wconf 81' lang='lat' dir='ltr'><strong>venti,</strong></span> <span class='ocrx_word' id='word_1_517' title='bbox 2839 2563 2977 2602; x_wconf 87' lang='lat' dir='ltr'><strong>nunc</strong></span> <span class='ocrx_word' id='word_1_518' title='bbox 3020 2545 3141 2610; x_wconf 85' lang='lat' dir='ltr'><strong>huc,</strong></span> <span class='ocrx_word' id='word_1_519' title='bbox 3175 2560 3314 2598; x_wconf 85' lang='lat' dir='ltr'><strong>nunc</strong></span> <span class='ocrx_word' id='word_1_520' title='bbox 3357 2543 3486 2596; x_wconf 81' lang='lat' dir='ltr'><strong>illuc</strong></span> <span class='ocrx_word' id='word_1_521' title='bbox 3517 2557 3668 2595; x_wconf 83' lang='lat' dir='ltr'><strong>verso</strong></span> <span class='ocrx_word' id='word_1_522' title='bbox 3703 2539 3839 2592; x_wconf 85' lang='lat' dir='ltr'><strong>mari</strong></span> 
     </span>
    </p>
   </div>
   <div class='ocr_carea' id='block_1_71' title="bbox 2257 2633 3836 2713">
    <p class='ocr_par' dir='ltr' id='par_1_71' title="bbox 2257 2633 3836 2713">
     <span class='ocr_line' id='line_1_71' title="bbox 2257 2633 3836 2713; baseline -0.012 -9"><span class='ocrx_word' id='word_1_523' title='bbox 2257 2649 2395 2704; x_wconf 82' lang='lat' dir='ltr'><strong>velut</strong></span> <span class='ocrx_word' id='word_1_524' title='bbox 2429 2654 2602 2701; x_wconf 86' lang='lat' dir='ltr'><strong>monte</strong></span> <span class='ocrx_word' id='word_1_525' title='bbox 2648 2642 2910 2713; x_wconf 73' lang='lat' dir='ltr'><strong>prwcipiti</strong></span> <span class='ocrx_word' id='word_1_526' title='bbox 2935 2639 3204 2694; x_wconf 82' lang='lat' dir='ltr'><strong>devolutus</strong></span> <span class='ocrx_word' id='word_1_527' title='bbox 3235 2645 3440 2690; x_wconf 84' lang='lat' dir='ltr'><strong>torrens</strong></span> <span class='ocrx_word' id='word_1_528' title='bbox 3471 2635 3703 2703; x_wconf 83' lang='lat' dir='ltr'><strong>rapitur.</strong></span> <span class='ocrx_word' id='word_1_529' title='bbox 3731 2633 3836 2686; x_wconf 81' lang='lat' dir='ltr'><strong>An-</strong></span> 
     </span>
    </p>
   </div>
   <div class='ocr_carea' id='block_1_72' title="bbox 2259 2726 3840 2813">
    <p class='ocr_par' dir='ltr' id='par_1_72' title="bbox 2259 2726 3840 2813">
     <span class='ocr_line' id='line_1_72' title="bbox 2259 2726 3840 2813; baseline -0.012 -17"><span class='ocrx_word' id='word_1_530' title='bbox 2259 2741 2485 2813; x_wconf 86' lang='lat' dir='ltr'><strong>tiphilus</strong></span> <span class='ocrx_word' id='word_1_531' title='bbox 2518 2735 2805 2810; x_wconf 77' lang='lat' dir='ltr'><strong>Byzantius</strong></span> <span class='ocrx_word' id='word_1_532' title='bbox 2846 2733 2966 2804; x_wconf 87' lang='lat' dir='ltr'><strong>ejus</strong></span> <span class='ocrx_word' id='word_1_533' title='bbox 3013 2729 3499 2802; x_wconf 91' lang='lat' dir='ltr'><strong>reciprocationem</strong></span> <span class='ocrx_word' id='word_1_534' title='bbox 3548 2726 3840 2796; x_wconf 79' lang='lat' dir='ltr'><strong>Antholog.</strong></span> 
     </span>
    </p>
   </div>
   <div class='ocr_carea' id='block_1_73' title="bbox 2264 2821 3691 2905">
    <p class='ocr_par' dir='ltr' id='par_1_73' title="bbox 2264 2821 3691 2905">
     <span class='ocr_line' id='line_1_73' title="bbox 2264 2821 3691 2905; baseline -0.01 -17"><span class='ocrx_word' id='word_1_535' title='bbox 2264 2833 2415 2905; x_wconf 78' lang='lat' dir='ltr'><strong>Epig.</strong></span> <span class='ocrx_word' id='word_1_536' title='bbox 2440 2831 2537 2886; x_wconf 89' lang='lat' dir='ltr'><strong>lib.</strong></span> <span class='ocrx_word' id='word_1_537' title='bbox 2572 2845 2610 2894; x_wconf 86' lang='grc' dir='ltr'><strong>ι,</strong></span> <span class='ocrx_word' id='word_1_538' title='bbox 2645 2844 2768 2899; x_wconf 88' lang='lat' dir='ltr'><strong>cap.</strong></span> <span class='ocrx_word' id='word_1_539' title='bbox 2802 2827 2895 2891; x_wconf 77' lang='lat'><strong>36,</strong></span> <span class='ocrx_word' id='word_1_540' title='bbox 2927 2823 3336 2896; x_wconf 77' lang='lat' dir='ltr'><strong>elegantissime</strong></span> <span class='ocrx_word' id='word_1_541' title='bbox 3364 2821 3640 2892; x_wconf 80' lang='lat' dir='ltr'><strong>expressit</strong></span> <span class='ocrx_word' id='word_1_542' title='bbox 3675 2838 3691 2874; x_wconf 92' lang='lat'><strong>:</strong></span> 
     </span>
    </p>
   </div>
   <div class='ocr_carea' id='block_1_74' title="bbox 2334 2932 3672 3005">
    <p class='ocr_par' dir='ltr' id='par_1_74' title="bbox 2334 2932 3672 3005">
     <span class='ocr_line' id='line_1_74' title="bbox 2334 2932 3672 3005; baseline -0.01 -6"><span class='ocrx_word' id='word_1_543' title='bbox 2334 2940 2624 3000; x_wconf 79' lang='grc' dir='ltr'><strong>Εὐϐοϊκοῦ</strong></span> <span class='ocrx_word' id='word_1_544' title='bbox 2659 2940 2908 2994; x_wconf 78' lang='grc' dir='ltr'>κόλποιο</span> <span class='ocrx_word' id='word_1_545' title='bbox 2938 2933 3329 3005; x_wconf 50' lang='lat' dir='ltr'><strong>«ulcscar-nte</strong></span> <span class='ocrx_word' id='word_1_546' title='bbox 3362 2932 3672 2994; x_wconf 69' lang='grc' dir='ltr'>θάλασσα,</span> 
     </span>
    </p>
   </div>
   <div class='ocr_carea' id='block_1_75' title="bbox 2404 3005 3782 3083">
    <p class='ocr_par' dir='ltr' id='par_1_75' title="bbox 2404 3005 3782 3083">
     <span class='ocr_line' id='line_1_75' title="bbox 2404 3005 3782 3083; baseline -0.009 -16"><span class='ocrx_word' id='word_1_547' title='bbox 2404 3011 2717 3083; x_wconf 54' lang='grc' dir='ltr'><strong>Πλαγκτὰ-</strong></span> <span class='ocrx_word' id='word_1_548' title='bbox 2739 3009 2915 3083; x_wconf 74' lang='grc' dir='ltr'>ῦδωρ,</span> <span class='ocrx_word' id='word_1_549' title='bbox 2940 3007 3110 3073; x_wconf 80' lang='grc' dir='ltr'>ἰδίοις</span> <span class='ocrx_word' id='word_1_550' title='bbox 3122 3007 3421 3083; x_wconf 61' lang='grc' dir='ltr'>ῥεύμασιν</span> <span class='ocrx_word' id='word_1_551' title='bbox 3440 3005 3782 3083; x_wconf 67' lang='grc' dir='ltr'>ᾀντίπαλον</span> 
     </span>
    </p>
   </div>
   <div class='ocr_carea' id='block_1_76' title="bbox 2355 3075 3826 3151">
    <p class='ocr_par' dir='ltr' id='par_1_76' title="bbox 2355 3075 3826 3151">
     <span class='ocr_line' id='line_1_76' title="bbox 2355 3075 3826 3151; baseline -0.01 -12"><span class='ocrx_word' id='word_1_552' title='bbox 2355 3075 2558 3149; x_wconf 79' lang='grc' dir='ltr'>Ἠελίῴ</span> <span class='ocrx_word' id='word_1_553' title='bbox 2581 3082 2700 3151; x_wconf 78' lang='grc' dir='ltr'>κήν</span> <span class='ocrx_word' id='word_1_554' title='bbox 2726 3075 2899 3135; x_wconf 66' lang='grc' dir='ltr'>νυκτὶ</span> <span class='ocrx_word' id='word_1_555' title='bbox 2929 3077 3289 3151; x_wconf 58' lang='grc' dir='ltr'>τεταγμένῳ</span> <span class='ocrx_word' id='word_1_556' title='bbox 3305 3077 3380 3151; x_wconf 62' lang='grc' dir='ltr'>ἐς</span> <span class='ocrx_word' id='word_1_557' title='bbox 3390 3075 3513 3144; x_wconf 79' lang='grc' dir='ltr'>τρὶς</span> <span class='ocrx_word' id='word_1_558' title='bbox 3531 3075 3796 3151; x_wconf 51' lang='lat' dir='ltr'><strong>ﬁrmator</strong></span> <span class='ocrx_word' id='word_1_559' title='bbox 3811 3090 3826 3104; x_wconf 78' lang='grc' dir='ltr'><strong>ο</strong></span> 
     </span>
    </p>
   </div>
   <div class='ocr_carea' id='block_1_77' title="bbox 2411 3146 3809 3220">
    <p class='ocr_par' dir='ltr' id='par_1_77' title="bbox 2411 3146 3809 3220">
     <span class='ocr_line' id='line_1_77' title="bbox 2411 3146 3809 3220; baseline -0.01 -10"><span class='ocrx_word' id='word_1_560' title='bbox 2411 3146 2656 3210; x_wconf 45' lang='lat' dir='ltr'><strong>Nauali?</strong></span> <span class='ocrx_word' id='word_1_561' title='bbox 2677 3151 2829 3206; x_wconf 83' lang='grc' dir='ltr'>ὅσον</span> <span class='ocrx_word' id='word_1_562' title='bbox 2865 3146 3116 3220; x_wconf 67' lang='grc' dir='ltr'>πέμπεις</span> <span class='ocrx_word' id='word_1_563' title='bbox 3137 3148 3330 3220; x_wconf 79' lang='grc' dir='ltr'>χεῦμα</span> <span class='ocrx_word' id='word_1_564' title='bbox 3351 3146 3809 3220; x_wconf 40' lang='grc' dir='ltr'>δανειζόμενον)</span> 
     </span>
    </p>
   </div>
   <div class='ocr_carea' id='block_1_78' title="bbox 2345 3216 3828 3294">
    <p class='ocr_par' dir='ltr' id='par_1_78' title="bbox 2345 3216 3828 3294">
     <span class='ocr_line' id='line_1_78' title="bbox 2345 3216 3828 3294; baseline -0.007 -13"><span class='ocrx_word' id='word_1_565' title='bbox 2345 3225 2549 3294; x_wconf 63' lang='lat' dir='ltr'><strong>Gaium</strong></span> <span class='ocrx_word' id='word_1_566' title='bbox 2562 3225 2706 3294; x_wconf 73' lang='grc' dir='ltr'>βίον</span> <span class='ocrx_word' id='word_1_567' title='bbox 2738 3216 3032 3294; x_wconf 64' lang='grc' dir='ltr'>θαμσῶσε</span> <span class='ocrx_word' id='word_1_568' title='bbox 3053 3222 3118 3273; x_wconf 83' lang='grc' dir='ltr'>τὸ</span> <span class='ocrx_word' id='word_1_569' title='bbox 3137 3216 3414 3294; x_wconf 24' lang='grc' dir='ltr'><strong>,ίμριρίονἱ</strong></span> <span class='ocrx_word' id='word_1_570' title='bbox 3435 3216 3580 3294; x_wconf 73' lang='grc' dir='ltr'>οὐδὲ</span> <span class='ocrx_word' id='word_1_571' title='bbox 3595 3217 3828 3294; x_wconf 69' lang='grc' dir='ltr'>ματεύω</span> 
     </span>
    </p>
   </div>
   <div class='ocr_carea' id='block_1_79' title="bbox 2414 3288 3809 3366">
    <p class='ocr_par' dir='ltr' id='par_1_79' title="bbox 2414 3288 3809 3366">
     <span class='ocr_line' id='line_1_79' title="bbox 2414 3288 3809 3366; baseline -0.007 -15"><span class='ocrx_word' id='word_1_572' title='bbox 2414 3288 2542 3366; x_wconf 73' lang='grc' dir='ltr'><strong>Σῆν</strong></span> <span class='ocrx_word' id='word_1_573' title='bbox 2563 3288 3096 3361; x_wconf 76' lang='grc' dir='ltr'>στάσιν.”Αρῤήτῳ</span> <span class='ocrx_word' id='word_1_574' title='bbox 3127 3288 3313 3342; x_wconf 85' lang='grc' dir='ltr'>ταῦτα</span> <span class='ocrx_word' id='word_1_575' title='bbox 3338 3288 3578 3359; x_wconf 78' lang='grc' dir='ltr'>μέμηλε</span> <span class='ocrx_word' id='word_1_576' title='bbox 3606 3289 3809 3356; x_wconf 67' lang='grc' dir='ltr'>φύσει.</span> 
     </span>
    </p>
   </div>
   <div class='ocr_carea' id='block_1_80' title="bbox 2276 3403 3844 3480">
    <p class='ocr_par' dir='ltr' id='par_1_80' title="bbox 2276 3403 3844 3480">
     <span class='ocr_line' id='line_1_80' title="bbox 2276 3403 3844 3480; baseline -0.004 -16"><span class='ocrx_word' id='word_1_577' title='bbox 2276 3410 2376 3464; x_wconf 91' lang='lat' dir='ltr'><strong>Diu</strong></span> <span class='ocrx_word' id='word_1_578' title='bbox 2406 3409 2532 3464; x_wconf 91' lang='lat' dir='ltr'><strong>item</strong></span> <span class='ocrx_word' id='word_1_579' title='bbox 2568 3407 2858 3480; x_wconf 63' lang='lat' dir='ltr'><strong>quaesitum</strong></span> <span class='ocrx_word' id='word_1_580' title='bbox 2889 3421 2919 3460; x_wconf 90' lang='lat' dir='ltr'><strong>a</strong></span> <span class='ocrx_word' id='word_1_581' title='bbox 2948 3403 3312 3476; x_wconf 83' lang='lat' dir='ltr'><strong>philosophis,</strong></span> <span class='ocrx_word' id='word_1_582' title='bbox 3339 3417 3582 3474; x_wconf 87' lang='lat' dir='ltr'><strong>quanam</strong></span> <span class='ocrx_word' id='word_1_583' title='bbox 3611 3404 3844 3465; x_wconf 83' lang='lat' dir='ltr'><strong>ratione,</strong></span> 
     </span>
    </p>
   </div>
   <div class='ocr_carea' id='block_1_81' title="bbox 2275 3493 3846 3570">
    <p class='ocr_par' dir='ltr' id='par_1_81' title="bbox 2275 3493 3846 3570">
     <span class='ocr_line' id='line_1_81' title="bbox 2275 3493 3846 3570; baseline -0.004 -14"><span class='ocrx_word' id='word_1_584' title='bbox 2275 3508 2328 3556; x_wconf 91' lang='lat' dir='ltr'><strong>et</strong></span> <span class='ocrx_word' id='word_1_585' title='bbox 2359 3514 2467 3570; x_wconf 92' lang='lat' dir='ltr'><strong>quo</strong></span> <span class='ocrx_word' id='word_1_586' title='bbox 2491 3497 2803 3569; x_wconf 92' lang='lat' dir='ltr'><strong>impellente</strong></span> <span class='ocrx_word' id='word_1_587' title='bbox 2835 3509 2985 3550; x_wconf 90' lang='lat' dir='ltr'><strong>mare</strong></span> <span class='ocrx_word' id='word_1_588' title='bbox 3013 3493 3323 3557; x_wconf 86' lang='lat' dir='ltr'><strong>accederet,</strong></span> <span class='ocrx_word' id='word_1_589' title='bbox 3364 3508 3676 3562; x_wconf 88' lang='lat' dir='ltr'><strong>rursusque</strong></span> <span class='ocrx_word' id='word_1_590' title='bbox 3707 3509 3846 3549; x_wconf 84' lang='lat' dir='ltr'><strong>rece-</strong></span> 
     </span>
    </p>
   </div>
   <div class='ocr_carea' id='block_1_82' title="bbox 2277 3585 3849 3659">
    <p class='ocr_par' dir='ltr' id='par_1_82' title="bbox 2277 3585 3849 3659">
     <span class='ocr_line' id='line_1_82' title="bbox 2277 3585 3849 3659; baseline -0.004 -10"><span class='ocrx_word' id='word_1_591' title='bbox 2277 3594 2461 3659; x_wconf 85' lang='lat' dir='ltr'><strong>deret;</strong></span> <span class='ocrx_word' id='word_1_592' title='bbox 2489 3605 2681 3647; x_wconf 91' lang='lat' dir='ltr'><strong>eorum</strong></span> <span class='ocrx_word' id='word_1_593' title='bbox 2730 3589 2930 3659; x_wconf 88' lang='lat' dir='ltr'><strong>placita</strong></span> <span class='ocrx_word' id='word_1_594' title='bbox 2973 3586 3142 3643; x_wconf 80' lang='lat' dir='ltr'><strong>refert</strong></span> <span class='ocrx_word' id='word_1_595' title='bbox 3177 3585 3526 3644; x_wconf 85' lang='lat' dir='ltr'><strong>Plutarchus.</strong></span> <span class='ocrx_word' id='word_1_596' title='bbox 3565 3585 3849 3658; x_wconf 85' lang='lat' dir='ltr'><strong>Euripides</strong></span> 
     </span>
    </p>
   </div>
   <div class='ocr_carea' id='block_1_83' title="bbox 2280 3682 3849 3757">
    <p class='ocr_par' dir='ltr' id='par_1_83' title="bbox 2280 3682 3849 3757">
     <span class='ocr_line' id='line_1_83' title="bbox 2280 3682 3849 3757; baseline -0.003 -15"><span class='ocrx_word' id='word_1_597' title='bbox 2280 3688 2335 3743; x_wconf 93' lang='lat' dir='ltr'><strong>in</strong></span> <span class='ocrx_word' id='word_1_598' title='bbox 2361 3685 2634 3757; x_wconf 87' lang='lat' dir='ltr'><strong>Iphigenia</strong></span> <span class='ocrx_word' id='word_1_599' title='bbox 2668 3684 2900 3738; x_wconf 82' lang='lat' dir='ltr'><strong>Taurica</strong></span> <span class='ocrx_word' id='word_1_600' title='bbox 2922 3697 2952 3737; x_wconf 91' lang='lat' dir='ltr'><strong>a</strong></span> <span class='ocrx_word' id='word_1_601' title='bbox 2977 3684 3153 3738; x_wconf 89' lang='lat' dir='ltr'><strong>ventis</strong></span> <span class='ocrx_word' id='word_1_602' title='bbox 3171 3682 3505 3753; x_wconf 85' lang='lat' dir='ltr'><strong>quibusdam</strong></span> <span class='ocrx_word' id='word_1_603' title='bbox 3535 3683 3654 3738; x_wconf 87' lang='lat' dir='ltr'><strong>illic</strong></span> <span class='ocrx_word' id='word_1_604' title='bbox 3681 3683 3849 3739; x_wconf 81' lang='lat' dir='ltr'><strong>ﬂanti-</strong></span> 
     </span>
    </p>
   </div>
   <div class='ocr_carea' id='block_1_84' title="bbox 2281 3774 3850 3849">
    <p class='ocr_par' dir='ltr' id='par_1_84' title="bbox 2281 3774 3850 3849">
     <span class='ocr_line' id='line_1_84' title="bbox 2281 3774 3850 3849; baseline -0.003 -14"><span class='ocrx_word' id='word_1_605' title='bbox 2281 3781 2382 3835; x_wconf 88' lang='lat' dir='ltr'><strong>bus</strong></span> <span class='ocrx_word' id='word_1_606' title='bbox 2415 3780 2490 3834; x_wconf 89' lang='lat' dir='ltr'><strong>ita</strong></span> <span class='ocrx_word' id='word_1_607' title='bbox 2534 3778 2654 3849; x_wconf 88' lang='lat' dir='ltr'><strong>rapi</strong></span> <span class='ocrx_word' id='word_1_608' title='bbox 2700 3776 2895 3832; x_wconf 90' lang='lat' dir='ltr'><strong>credit.</strong></span> <span class='ocrx_word' id='word_1_609' title='bbox 2944 3774 3110 3841; x_wconf 84' lang='lat' dir='ltr'><strong>Quid,</strong></span> <span class='ocrx_word' id='word_1_610' title='bbox 3159 3775 3206 3830; x_wconf 87' lang='lat' dir='ltr'><strong>si</strong></span> <span class='ocrx_word' id='word_1_611' title='bbox 3252 3775 3304 3830; x_wconf 92' lang='lat' dir='ltr'><strong>id</strong></span> <span class='ocrx_word' id='word_1_612' title='bbox 3345 3775 3488 3831; x_wconf 87' lang='lat' dir='ltr'><strong>idem</strong></span> <span class='ocrx_word' id='word_1_613' title='bbox 3540 3775 3664 3831; x_wconf 83' lang='lat' dir='ltr'><strong>ﬁeri</strong></span> <span class='ocrx_word' id='word_1_614' title='bbox 3707 3779 3850 3832; x_wconf 82' lang='lat' dir='ltr'><strong>nulla</strong></span> 
     </span>
    </p>
   </div>
   <div class='ocr_carea' id='block_1_85' title="bbox 2280 3865 3849 3938">
    <p class='ocr_par' dir='ltr' id='par_1_85' title="bbox 2280 3865 3849 3938">
     <span class='ocr_line' id='line_1_85' title="bbox 2280 3865 3849 3938; baseline -0.001 -12"><span class='ocrx_word' id='word_1_615' title='bbox 2280 3871 2449 3926; x_wconf 83' lang='lat' dir='ltr'><strong>ﬂante</strong></span> <span class='ocrx_word' id='word_1_616' title='bbox 2495 3885 2630 3924; x_wconf 90' lang='lat' dir='ltr'><strong>aura</strong></span> <span class='ocrx_word' id='word_1_617' title='bbox 2661 3874 3000 3938; x_wconf 89' lang='lat' dir='ltr'><strong>compertum</strong></span> <span class='ocrx_word' id='word_1_618' title='bbox 3031 3867 3157 3922; x_wconf 83' lang='lat' dir='ltr'><strong>est?</strong></span> <span class='ocrx_word' id='word_1_619' title='bbox 3179 3865 3557 3932; x_wconf 79' lang='lat' dir='ltr'><strong>Aristotelem,</strong></span> <span class='ocrx_word' id='word_1_620' title='bbox 3597 3870 3746 3938; x_wconf 87' lang='lat' dir='ltr'><strong>quod</strong></span> <span class='ocrx_word' id='word_1_621' title='bbox 3779 3871 3849 3924; x_wconf 86' lang='lat' dir='ltr'><strong>rei</strong></span> 
     </span>
    </p>
   </div>
   <div class='ocr_carea' id='block_1_86' title="bbox 2283 3957 3848 4032">
    <p class='ocr_par' dir='ltr' id='par_1_86' title="bbox 2283 3957 3848 4032">
     <span class='ocr_line' id='line_1_86' title="bbox 2283 3957 3848 4032; baseline -0.002 -14"><span class='ocrx_word' id='word_1_622' title='bbox 2283 3963 2447 4032; x_wconf 85' lang='lat' dir='ltr'><strong>hujus</strong></span> <span class='ocrx_word' id='word_1_623' title='bbox 2475 3969 2728 4016; x_wconf 91' lang='lat' dir='ltr'><strong>naturam</strong></span> <span class='ocrx_word' id='word_1_624' title='bbox 2763 3957 3009 4013; x_wconf 89' lang='lat' dir='ltr'><strong>invenire</strong></span> <span class='ocrx_word' id='word_1_625' title='bbox 3041 3973 3150 4012; x_wconf 91' lang='lat' dir='ltr'><strong>non</strong></span> <span class='ocrx_word' id='word_1_626' title='bbox 3185 3967 3393 4028; x_wconf 90' lang='lat' dir='ltr'><strong>posset,</strong></span> <span class='ocrx_word' id='word_1_627' title='bbox 3422 3957 3590 4014; x_wconf 69' lang='lat' dir='ltr'><strong>taedio</strong></span> <span class='ocrx_word' id='word_1_628' title='bbox 3619 3963 3848 4015; x_wconf 87' lang='lat' dir='ltr'><strong>animam</strong></span> 
     </span>
    </p>
   </div>
   <div class='ocr_carea' id='block_1_87' title="bbox 2283 4047 3848 4126">
    <p class='ocr_par' dir='ltr' id='par_1_87' title="bbox 2283 4047 3848 4126">
     <span class='ocr_line' id='line_1_87' title="bbox 2283 4047 3848 4126; baseline -0.001 -16"><span class='ocrx_word' id='word_1_629' title='bbox 2283 4054 2495 4110; x_wconf 75' lang='lat' dir='ltr'><strong>efﬂasse</strong></span> <span class='ocrx_word' id='word_1_630' title='bbox 2522 4052 2769 4122; x_wconf 90' lang='lat' dir='ltr'><strong>perhibet</strong></span> <span class='ocrx_word' id='word_1_631' title='bbox 2799 4051 3239 4114; x_wconf 84' lang='lat' dir='ltr'><strong>Nanzianzenus,</strong></span> <span class='ocrx_word' id='word_1_632' title='bbox 3265 4047 3518 4108; x_wconf 84' lang='lat' dir='ltr'><strong>Justinus</strong></span> <span class='ocrx_word' id='word_1_633' title='bbox 3551 4064 3764 4126; x_wconf 78' lang='lat' dir='ltr'><strong>martyr</strong></span> <span class='ocrx_word' id='word_1_634' title='bbox 3799 4056 3848 4109; x_wconf 87' lang='lat' dir='ltr'><strong>in</strong></span> 
     </span>
    </p>
   </div>
   <div class='ocr_carea' id='block_1_88' title="bbox 2285 4143 3851 4218">
    <p class='ocr_par' dir='ltr' id='par_1_88' title="bbox 2285 4143 3851 4218">
     <span class='ocr_line' id='line_1_88' title="bbox 2285 4143 3851 4218; baseline 0.001 -17"><span class='ocrx_word' id='word_1_635' title='bbox 2285 4148 2430 4201; x_wconf 90' lang='lat' dir='ltr'><strong>illius</strong></span> <span class='ocrx_word' id='word_1_636' title='bbox 2458 4144 2790 4215; x_wconf 80' lang='lat' dir='ltr'><strong>profundum</strong></span> <span class='ocrx_word' id='word_1_637' title='bbox 2821 4159 2881 4199; x_wconf 89' lang='lat' dir='ltr'><strong>se</strong></span> <span class='ocrx_word' id='word_1_638' title='bbox 2909 4143 3246 4214; x_wconf 63' lang='lat' dir='ltr'><strong>precipitem</strong></span> <span class='ocrx_word' id='word_1_639' title='bbox 3269 4144 3513 4208; x_wconf 88' lang='lat' dir='ltr'><strong>dedisse,</strong></span> <span class='ocrx_word' id='word_1_640' title='bbox 3548 4147 3744 4218; x_wconf 90' lang='lat' dir='ltr'><strong>sicque</strong></span> <span class='ocrx_word' id='word_1_641' title='bbox 3763 4149 3851 4204; x_wconf 78' lang='lat' dir='ltr'><strong>de-</strong></span> 
     </span>
    </p>
   </div>
   <div class='ocr_carea' id='block_1_89' title="bbox 2285 4236 3850 4304">
    <p class='ocr_par' dir='ltr' id='par_1_89' title="bbox 2285 4236 3850 4304">
     <span class='ocr_line' id='line_1_89' title="bbox 2285 4236 3850 4304; baseline 0.002 -13"><span class='ocrx_word' id='word_1_642' title='bbox 2285 4252 2523 4294; x_wconf 83' lang='lat' dir='ltr'><strong>mersum</strong></span> <span class='ocrx_word' id='word_1_643' title='bbox 2547 4236 2787 4290; x_wconf 90' lang='lat' dir='ltr'><strong>animum</strong></span> <span class='ocrx_word' id='word_1_644' title='bbox 2821 4236 3108 4304; x_wconf 86' lang='lat' dir='ltr'><strong>ahjecisse.</strong></span> <span class='ocrx_word' id='word_1_645' title='bbox 3137 4236 3495 4291; x_wconf 84' lang='lat' dir='ltr'><strong>Communior</strong></span> <span class='ocrx_word' id='word_1_646' title='bbox 3522 4245 3706 4294; x_wconf 89' lang='lat' dir='ltr'><strong>tamen</strong></span> <span class='ocrx_word' id='word_1_647' title='bbox 3734 4256 3850 4296; x_wconf 84' lang='lat' dir='ltr'><strong>sen-</strong></span> 
     </span>
    </p>
   </div>
   <div class='ocr_carea' id='block_1_90' title="bbox 2285 4328 3851 4401">
    <p class='ocr_par' dir='ltr' id='par_1_90' title="bbox 2285 4328 3851 4401">
     <span class='ocr_line' id='line_1_90' title="bbox 2285 4328 3851 4401; baseline 0.003 -17"><span class='ocrx_word' id='word_1_648' title='bbox 2285 4331 2454 4384; x_wconf 88' lang='lat' dir='ltr'><strong>tentia</strong></span> <span class='ocrx_word' id='word_1_649' title='bbox 2484 4338 2539 4384; x_wconf 90' lang='lat' dir='ltr'><strong>et</strong></span> <span class='ocrx_word' id='word_1_650' title='bbox 2565 4329 2780 4384; x_wconf 87' lang='lat' dir='ltr'><strong>veritati</strong></span> <span class='ocrx_word' id='word_1_651' title='bbox 2810 4328 2983 4400; x_wconf 77' lang='lat' dir='ltr'><strong>magis</strong></span> <span class='ocrx_word' id='word_1_652' title='bbox 3022 4343 3266 4383; x_wconf 86' lang='lat' dir='ltr'><strong>consona</strong></span> <span class='ocrx_word' id='word_1_653' title='bbox 3297 4328 3536 4394; x_wconf 89' lang='lat' dir='ltr'><strong>videtur,</strong></span> <span class='ocrx_word' id='word_1_654' title='bbox 3571 4348 3739 4401; x_wconf 88' lang='lat' dir='ltr'><strong>quam</strong></span> <span class='ocrx_word' id='word_1_655' title='bbox 3775 4349 3851 4388; x_wconf 82' lang='lat' dir='ltr'><strong>se-</strong></span> 
     </span>
    </p>
   </div>
   <div class='ocr_carea' id='block_1_91' title="bbox 608 4416 2166 4496">
    <p class='ocr_par' dir='ltr' id='par_1_91' title="bbox 608 4417 2166 4496">
     <span class='ocr_line' id='line_1_91' title="bbox 608 4417 2166 4496; baseline -0.006 -15"><span class='ocrx_word' id='word_1_656' title='bbox 608 4427 708 4496; x_wconf 78' lang='grc' dir='ltr'><strong>τῆς</strong></span> <span class='ocrx_word' id='word_1_657' title='bbox 735 4423 1009 4486; x_wconf 80' lang='grc' dir='ltr'>ὲκπνοίαις</span> <span class='ocrx_word' id='word_1_658' title='bbox 1051 4423 1128 4485; x_wconf 88' lang='grc' dir='ltr'>εἰς</span> <span class='ocrx_word' id='word_1_659' title='bbox 1173 4419 1232 4474; x_wconf 77' lang='grc' dir='ltr'>τὸ</span> <span class='ocrx_word' id='word_1_660' title='bbox 1279 4422 1475 4472; x_wconf 80' lang='grc' dir='ltr'>οἰκεῖον</span> <span class='ocrx_word' id='word_1_661' title='bbox 1512 4418 1706 4490; x_wconf 83' lang='grc' dir='ltr'>μέτρον</span> <span class='ocrx_word' id='word_1_662' title='bbox 1739 4417 2166 4490; x_wconf 51' lang='grc' dir='ltr'>προωθουμένης.</span> 
     </span>
    </p>
   </div>
   <div class='ocr_carea' id='block_1_92' title="bbox 2265 4416 3849 4496">
    <p class='ocr_par' dir='ltr' id='par_1_92' title="bbox 2281 4416 3849 4490">
     <span class='ocr_line' id='line_1_92' title="bbox 2281 4416 3849 4490; baseline 0 -16"><span class='ocrx_word' id='word_1_663' title='bbox 2281 4420 2392 4474; x_wconf 88' lang='lat' dir='ltr'><strong>cuti</strong></span> <span class='ocrx_word' id='word_1_664' title='bbox 2427 4429 2554 4474; x_wconf 87' lang='lat' dir='ltr'><strong>sunt</strong></span> <span class='ocrx_word' id='word_1_665' title='bbox 2594 4417 2841 4472; x_wconf 90' lang='lat' dir='ltr'><strong>nonnulli</strong></span> <span class='ocrx_word' id='word_1_666' title='bbox 2880 4416 3089 4487; x_wconf 89' lang='lat' dir='ltr'><strong>antiqui</strong></span> <span class='ocrx_word' id='word_1_667' title='bbox 3119 4417 3425 4488; x_wconf 88' lang='lat' dir='ltr'><strong>philosophi</strong></span> <span class='ocrx_word' id='word_1_668' title='bbox 3464 4425 3519 4472; x_wconf 90' lang='lat' dir='ltr'><strong>et</strong></span> <span class='ocrx_word' id='word_1_669' title='bbox 3569 4419 3674 4473; x_wconf 89' lang='lat' dir='ltr'><strong>viri</strong></span> <span class='ocrx_word' id='word_1_670' title='bbox 3726 4436 3849 4490; x_wconf 68' lang='lat' dir='ltr'><strong>pne-</strong></span> 
     </span>
    </p>
   </div>
   <div class='ocr_carea' id='block_1_93' title="bbox 610 4510 2184 4599">
    <p class='ocr_par' dir='ltr' id='par_1_93' title="bbox 610 4510 2184 4599">
     <span class='ocr_line' id='line_1_93' title="bbox 610 4510 2184 4599; baseline -0.004 -27"><span class='ocrx_word' id='word_1_671' title='bbox 610 4518 902 4599; x_wconf 79' lang='grc' dir='ltr'>Εὐρίπους,</span> <span class='ocrx_word' id='word_1_672' title='bbox 934 4514 1015 4568; x_wconf 88' lang='lat' dir='ltr'><strong>vel</strong></span> <span class='ocrx_word' id='word_1_673' title='bbox 1045 4511 1286 4584; x_wconf 73' lang='grc' dir='ltr'>εὔριπος,</span> <span class='ocrx_word' id='word_1_674' title='bbox 1311 4518 1395 4566; x_wconf 91' lang='lat' dir='ltr'><strong>est</strong></span> <span class='ocrx_word' id='word_1_675' title='bbox 1431 4511 1626 4566; x_wconf 83' lang='lat' dir='ltr'><strong>fretum</strong></span> <span class='ocrx_word' id='word_1_676' title='bbox 1658 4526 1752 4565; x_wconf 89' lang='lat' dir='ltr'><strong>seu</strong></span> <span class='ocrx_word' id='word_1_677' title='bbox 1789 4510 1987 4566; x_wconf 91' lang='lat' dir='ltr'><strong>ductus</strong></span> <span class='ocrx_word' id='word_1_678' title='bbox 2016 4526 2184 4579; x_wconf 88' lang='lat' dir='ltr'><strong>aqua-</strong></span> 
     </span>
    </p>
   </div>
   <div class='ocr_carea' id='block_1_94' title="bbox 611 4601 2181 4674">
    <p class='ocr_par' dir='ltr' id='par_1_94' title="bbox 611 4601 2181 4674">
     <span class='ocr_line' id='line_1_94' title="bbox 611 4601 2181 4674; baseline -0.004 -9"><span class='ocrx_word' id='word_1_679' title='bbox 611 4626 731 4666; x_wconf 90' lang='lat' dir='ltr'><strong>rum</strong></span> <span class='ocrx_word' id='word_1_680' title='bbox 785 4616 986 4663; x_wconf 90' lang='lat' dir='ltr'><strong>terram</strong></span> <span class='ocrx_word' id='word_1_681' title='bbox 1035 4614 1265 4674; x_wconf 87' lang='lat' dir='ltr'><strong>utraque</strong></span> <span class='ocrx_word' id='word_1_682' title='bbox 1319 4611 1472 4673; x_wconf 87' lang='lat' dir='ltr'><strong>parte</strong></span> <span class='ocrx_word' id='word_1_683' title='bbox 1523 4601 1859 4672; x_wconf 89' lang='lat' dir='ltr'><strong>adjacentem</strong></span> <span class='ocrx_word' id='word_1_684' title='bbox 1914 4602 2181 4658; x_wconf 85' lang='lat' dir='ltr'><strong>dividens.</strong></span> 
     </span>
    </p>
   </div>
   <div class='ocr_carea' id='block_1_95' title="bbox 611 4693 2185 4766">
    <p class='ocr_par' dir='ltr' id='par_1_95' title="bbox 611 4693 2185 4766">
     <span class='ocr_line' id='line_1_95' title="bbox 611 4693 2185 4766; baseline -0.005 -10"><span class='ocrx_word' id='word_1_685' title='bbox 611 4700 805 4756; x_wconf 84' lang='lat' dir='ltr'><strong>Cicero</strong></span> <span class='ocrx_word' id='word_1_686' title='bbox 855 4699 949 4752; x_wconf 89' lang='lat' dir='ltr'><strong>lib.</strong></span> <span class='ocrx_word' id='word_1_687' title='bbox 1004 4712 1055 4761; x_wconf 75' lang='grc' dir='ltr'><strong>ν,</strong></span> <span class='ocrx_word' id='word_1_688' title='bbox 1095 4695 1170 4749; x_wconf 86' lang='lat' dir='ltr'><strong>De</strong></span> <span class='ocrx_word' id='word_1_689' title='bbox 1222 4694 1461 4766; x_wconf 80' lang='lat' dir='ltr'><strong>legibus:</strong></span> <span class='ocrx_word' id='word_1_690' title='bbox 1496 4693 1698 4747; x_wconf 86' lang='lat' dir='ltr'><strong>Ductus</strong></span> <span class='ocrx_word' id='word_1_691' title='bbox 1751 4711 2009 4765; x_wconf 89' lang='lat' dir='ltr'><strong>aquarum</strong></span> <span class='ocrx_word' id='word_1_692' title='bbox 2057 4711 2185 4766; x_wconf 86' lang='lat' dir='ltr'><strong>quos</strong></span> 
     </span>
    </p>
   </div>
   <div class='ocr_carea' id='block_1_96' title="bbox 615 4784 2186 4857">
    <p class='ocr_par' dir='ltr' id='par_1_96' title="bbox 615 4784 2186 4857">
     <span class='ocr_line' id='line_1_96' title="bbox 615 4784 2186 4857; baseline -0.003 -12"><span class='ocrx_word' id='word_1_693' title='bbox 615 4792 705 4846; x_wconf 85' lang='lat' dir='ltr'><strong>isti</strong></span> <span class='ocrx_word' id='word_1_694' title='bbox 741 4789 894 4844; x_wconf 77' lang='lat' dir='ltr'><strong>Nilos</strong></span> <span class='ocrx_word' id='word_1_695' title='bbox 928 4787 1250 4857; x_wconf 78' lang='lat' dir='ltr'><strong>Euripusque</strong></span> <span class='ocrx_word' id='word_1_696' title='bbox 1282 4794 1488 4847; x_wconf 83' lang='lat' dir='ltr'><strong>vocant,</strong></span> <span class='ocrx_word' id='word_1_697' title='bbox 1519 4785 1634 4855; x_wconf 82' lang='lat' dir='ltr'><strong>quis</strong></span> <span class='ocrx_word' id='word_1_698' title='bbox 1681 4801 1800 4838; x_wconf 87' lang='lat' dir='ltr'><strong>cum</strong></span> <span class='ocrx_word' id='word_1_699' title='bbox 1850 4784 2034 4839; x_wconf 78' lang='lat' dir='ltr'><strong>viderit</strong></span> <span class='ocrx_word' id='word_1_700' title='bbox 2082 4801 2186 4840; x_wconf 90' lang='lat' dir='ltr'><strong>non</strong></span> 
     </span>
    </p>
   </div>
   <div class='ocr_carea' id='block_1_97' title="bbox 615 4877 2188 4948">
    <p class='ocr_par' dir='ltr' id='par_1_97' title="bbox 615 4877 2188 4948">
     <span class='ocr_line' id='line_1_97' title="bbox 615 4877 2188 4948; baseline -0.003 -11"><span class='ocrx_word' id='word_1_701' title='bbox 615 4881 880 4938; x_wconf 83' lang='lat' dir='ltr'><strong>irriserit?</strong></span> <span class='ocrx_word' id='word_1_702' title='bbox 907 4880 1098 4934; x_wconf 80' lang='lat' dir='ltr'><strong>Pollux</strong></span> <span class='ocrx_word' id='word_1_703' title='bbox 1130 4880 1223 4933; x_wconf 92' lang='lat' dir='ltr'><strong>lib.</strong></span> <span class='ocrx_word' id='word_1_704' title='bbox 1263 4895 1339 4939; x_wconf 84' lang='lat' dir='ltr'><strong>ix,</strong></span> <span class='ocrx_word' id='word_1_705' title='bbox 1371 4892 1489 4947; x_wconf 85' lang='lat' dir='ltr'><strong>cap.</strong></span> <span class='ocrx_word' id='word_1_706' title='bbox 1528 4877 1550 4931; x_wconf 78' lang='lat' dir='ltr'><strong>‘l</strong></span> <span class='ocrx_word' id='word_1_707' title='bbox 1591 4896 1604 4932; x_wconf 92' lang='lat'>:</span> <span class='ocrx_word' id='word_1_708' title='bbox 1638 4878 1753 4931; x_wconf 82' lang='grc' dir='ltr'><strong>Ἵνα</strong></span> <span class='ocrx_word' id='word_1_709' title='bbox 1782 4877 1838 4930; x_wconf 79' lang='grc' dir='ltr'><strong>δὲ</strong></span> <span class='ocrx_word' id='word_1_710' title='bbox 1871 4879 1904 4948; x_wconf 84' lang='grc' dir='ltr'><strong>ή</strong></span> <span class='ocrx_word' id='word_1_711' title='bbox 1946 4877 2188 4932; x_wconf 85' lang='grc' dir='ltr'>θάλασσα</span> 
     </span>
    </p>
   </div>
   <div class='ocr_carea' id='block_1_98' title="bbox 618 4967 2189 5048">
    <p class='ocr_par' dir='ltr' id='par_1_98' title="bbox 618 4967 2189 5048">
     <span class='ocr_line' id='line_1_98' title="bbox 618 4967 2189 5048; baseline -0.003 -19"><span class='ocrx_word' id='word_1_712' title='bbox 618 4972 954 5048; x_wconf 80' lang='grc' dir='ltr'>ἑκατέρωθεν</span> <span class='ocrx_word' id='word_1_713' title='bbox 990 4967 1152 5025; x_wconf 75' lang='grc' dir='ltr'>οὖσαν</span> <span class='ocrx_word' id='word_1_714' title='bbox 1193 4971 1290 5040; x_wconf 85' lang='grc' dir='ltr'>τὴν</span> <span class='ocrx_word' id='word_1_715' title='bbox 1329 4971 1431 5041; x_wconf 83' lang='grc' dir='ltr'><strong>γῆν</strong></span> <span class='ocrx_word' id='word_1_716' title='bbox 1469 4970 1684 5041; x_wconf 82' lang='grc' dir='ltr'>διαιρεῖ,</span> <span class='ocrx_word' id='word_1_717' title='bbox 1726 4969 1882 5024; x_wconf 84' lang='grc' dir='ltr'>τοῦτο</span> <span class='ocrx_word' id='word_1_718' title='bbox 1918 4971 2189 5041; x_wconf 82' lang='grc' dir='ltr'>θαλάσσης</span> 
     </span>
    </p>
   </div>
   <div class='ocr_carea' id='block_1_99' title="bbox 619 5059 2190 5133">
    <p class='ocr_par' dir='ltr' id='par_1_99' title="bbox 619 5059 2190 5133">
     <span class='ocr_line' id='line_1_99' title="bbox 619 5059 2190 5133; baseline 0 -15"><span class='ocrx_word' id='word_1_719' title='bbox 619 5063 852 5127; x_wconf 81' lang='grc' dir='ltr'>αὐλῶνα,</span> <span class='ocrx_word' id='word_1_720' title='bbox 882 5062 976 5116; x_wconf 73' lang='grc' dir='ltr'>καὶ</span> <span class='ocrx_word' id='word_1_721' title='bbox 1005 5059 1248 5133; x_wconf 75' lang='grc' dir='ltr'>εὔριπον,</span> <span class='ocrx_word' id='word_1_722' title='bbox 1283 5063 1376 5113; x_wconf 78' lang='grc' dir='ltr'>καὶ</span> <span class='ocrx_word' id='word_1_723' title='bbox 1403 5059 1646 5132; x_wconf 79' lang='grc' dir='ltr'>πορθμὸν</span> <span class='ocrx_word' id='word_1_724' title='bbox 1674 5059 1754 5112; x_wconf 88' lang='grc' dir='ltr'><strong>δεῖ</strong></span> <span class='ocrx_word' id='word_1_725' title='bbox 1787 5060 1989 5116; x_wconf 85' lang='grc' dir='ltr'>καλεῖν.</span> <span class='ocrx_word' id='word_1_726' title='bbox 2023 5059 2190 5132; x_wconf 81' lang='lat' dir='ltr'><strong>Magis</strong></span> 
     </span>
    </p>
   </div>
   <div class='ocr_carea' id='block_1_100' title="bbox 620 5148 2193 5224">
    <p class='ocr_par' dir='ltr' id='par_1_100' title="bbox 620 5148 2193 5224">
     <span class='ocr_line' id='line_1_100' title="bbox 620 5148 2193 5224; baseline -0.001 -17"><span class='ocrx_word' id='word_1_727' title='bbox 620 5153 840 5224; x_wconf 84' lang='lat' dir='ltr'><strong>proprie</strong></span> <span class='ocrx_word' id='word_1_728' title='bbox 868 5160 1046 5206; x_wconf 90' lang='lat' dir='ltr'><strong>tamen</strong></span> <span class='ocrx_word' id='word_1_729' title='bbox 1077 5151 1130 5205; x_wconf 93' lang='lat' dir='ltr'><strong>id</strong></span> <span class='ocrx_word' id='word_1_730' title='bbox 1159 5165 1357 5206; x_wconf 88' lang='lat' dir='ltr'><strong>nomen</strong></span> <span class='ocrx_word' id='word_1_731' title='bbox 1391 5148 1492 5204; x_wconf 84' lang='lat' dir='ltr'><strong>fuit</strong></span> <span class='ocrx_word' id='word_1_732' title='bbox 1525 5151 1838 5220; x_wconf 75' lang='lat' dir='ltr'><strong>impositura</strong></span> <span class='ocrx_word' id='word_1_733' title='bbox 1869 5151 1935 5206; x_wconf 92' lang='lat' dir='ltr'><strong>ad</strong></span> <span class='ocrx_word' id='word_1_734' title='bbox 1974 5151 2062 5205; x_wconf 92' lang='lat' dir='ltr'><strong>illa</strong></span> <span class='ocrx_word' id='word_1_735' title='bbox 2096 5168 2193 5207; x_wconf 80' lang='lat' dir='ltr'><strong>ex-</strong></span> 
     </span>
    </p>
   </div>
   <div class='ocr_carea' id='block_1_101' title="bbox 622 5243 2192 5317">
    <p class='ocr_par' dir='ltr' id='par_1_101' title="bbox 622 5243 2192 5317">
     <span class='ocr_line' id='line_1_101' title="bbox 622 5243 2192 5317; baseline 0.001 -19"><span class='ocrx_word' id='word_1_736' title='bbox 622 5243 874 5317; x_wconf 87' lang='lat' dir='ltr'><strong>plicanda</strong></span> <span class='ocrx_word' id='word_1_737' title='bbox 906 5258 1025 5314; x_wconf 75' lang='lat' dir='ltr'><strong>quae</strong></span> <span class='ocrx_word' id='word_1_738' title='bbox 1063 5249 1351 5300; x_wconf 91' lang='lat' dir='ltr'><strong>moventur</strong></span> <span class='ocrx_word' id='word_1_739' title='bbox 1383 5249 1545 5312; x_wconf 91' lang='lat' dir='ltr'><strong>atque</strong></span> <span class='ocrx_word' id='word_1_740' title='bbox 1590 5251 1922 5308; x_wconf 86' lang='lat' dir='ltr'><strong>recurrunt,</strong></span> <span class='ocrx_word' id='word_1_741' title='bbox 1977 5243 2192 5301; x_wconf 82' lang='lat' dir='ltr'><strong>fluendo</strong></span> 
     </span>
    </p>
   </div>
   <div class='ocr_carea' id='block_1_102' title="bbox 621 5334 2194 5406">
    <p class='ocr_par' dir='ltr' id='par_1_102' title="bbox 621 5334 2194 5406">
     <span class='ocr_line' id='line_1_102' title="bbox 621 5334 2194 5406; baseline -0.002 -13"><span class='ocrx_word' id='word_1_742' title='bbox 621 5338 707 5393; x_wconf 83' lang='lat' dir='ltr'><strong>vel</strong></span> <span class='ocrx_word' id='word_1_743' title='bbox 741 5335 1030 5392; x_wconf 74' lang='lat' dir='ltr'><strong>renuendo.</strong></span> <span class='ocrx_word' id='word_1_744' title='bbox 1067 5335 1284 5406; x_wconf 83' lang='lat' dir='ltr'><strong>Longus</strong></span> <span class='ocrx_word' id='word_1_745' title='bbox 1325 5334 1567 5391; x_wconf 71' lang='lat' dir='ltr'><strong>Ptnmen.</strong></span> <span class='ocrx_word' id='word_1_746' title='bbox 1606 5352 1622 5390; x_wconf 89' lang='lat' dir='ltr'><strong>t</strong></span> <span class='ocrx_word' id='word_1_747' title='bbox 1665 5355 1678 5390; x_wconf 92' lang='lat'>:</span> <span class='ocrx_word' id='word_1_748' title='bbox 1719 5335 1879 5400; x_wconf 85' lang='grc' dir='ltr'>Πόλις</span> <span class='ocrx_word' id='word_1_749' title='bbox 1934 5339 2049 5391; x_wconf 75' lang='grc' dir='ltr'>ἐστὶ</span> <span class='ocrx_word' id='word_1_750' title='bbox 2094 5337 2194 5390; x_wconf 88' lang='grc' dir='ltr'><strong>Λέ-</strong></span> 
     </span>
    </p>
   </div>
   <div class='ocr_carea' id='block_1_103' title="bbox 625 5427 2194 5503">
    <p class='ocr_par' dir='ltr' id='par_1_103' title="bbox 625 5427 2194 5503">
     <span class='ocr_line' id='line_1_103' title="bbox 625 5427 2194 5503; baseline 0.001 -21"><span class='ocrx_word' id='word_1_751' title='bbox 625 5429 753 5482; x_wconf 77' lang='grc' dir='ltr'>σϐου</span> <span class='ocrx_word' id='word_1_752' title='bbox 801 5427 1077 5499; x_wconf 88' lang='grc' dir='ltr'>Μιτυλήνη</span> <span class='ocrx_word' id='word_1_753' title='bbox 1130 5427 1336 5499; x_wconf 85' lang='grc' dir='ltr'>μεγάλη</span> <span class='ocrx_word' id='word_1_754' title='bbox 1385 5430 1479 5482; x_wconf 71' lang='grc' dir='ltr'>καὶ</span> <span class='ocrx_word' id='word_1_755' title='bbox 1522 5428 1657 5500; x_wconf 89' lang='grc' dir='ltr'>καλή</span> <span class='ocrx_word' id='word_1_756' title='bbox 1679 5445 1693 5459; x_wconf 73' lang='grc'><strong>⁸</strong></span> <span class='ocrx_word' id='word_1_757' title='bbox 1735 5429 2040 5502; x_wconf 87' lang='grc' dir='ltr'>διείληπται</span> <span class='ocrx_word' id='word_1_758' title='bbox 2087 5431 2194 5503; x_wconf 78' lang='grc' dir='ltr'>γὰρ</span> 
     </span>
    </p>
   </div>
   <div class='ocr_carea' id='block_1_104' title="bbox 625 5519 2194 5596">
    <p class='ocr_par' dir='ltr' id='par_1_104' title="bbox 625 5519 2194 5596">
     <span class='ocr_line' id='line_1_104' title="bbox 625 5519 2194 5596; baseline -0.005 -22"><span class='ocrx_word' id='word_1_759' title='bbox 625 5519 884 5594; x_wconf 74' lang='grc' dir='ltr'>εΰρίποις,</span> <span class='ocrx_word' id='word_1_760' title='bbox 907 5520 1296 5592; x_wconf 79' lang='grc' dir='ltr'>ὑπεισρεούσης</span> <span class='ocrx_word' id='word_1_761' title='bbox 1330 5521 1431 5590; x_wconf 82' lang='grc' dir='ltr'>τῆς</span> <span class='ocrx_word' id='word_1_762' title='bbox 1463 5520 1749 5592; x_wconf 85' lang='grc' dir='ltr'>Θαλάττης,</span> <span class='ocrx_word' id='word_1_763' title='bbox 1782 5525 1877 5579; x_wconf 75' lang='grc' dir='ltr'><strong>καὶ</strong></span> <span class='ocrx_word' id='word_1_764' title='bbox 1902 5523 2194 5596; x_wconf 65' lang='grc' dir='ltr'>ςκεκόσμη-</span> 
     </span>
    </p>
   </div>
   <div class='ocr_carea' id='block_1_105' title="bbox 625 5609 2196 5687">
    <p class='ocr_par' dir='ltr' id='par_1_105' title="bbox 625 5609 2196 5687">
     <span class='ocr_line' id='line_1_105' title="bbox 625 5609 2196 5687; baseline 0.008 -25"><span class='ocrx_word' id='word_1_765' title='bbox 625 5627 715 5664; x_wconf 88' lang='grc' dir='ltr'><strong>ται</strong></span> <span class='ocrx_word' id='word_1_766' title='bbox 740 5611 1004 5682; x_wconf 85' lang='grc' dir='ltr'>γεφύραις</span> <span class='ocrx_word' id='word_1_767' title='bbox 1031 5609 1216 5677; x_wconf 78' lang='grc' dir='ltr'>ξεστοῦ</span> <span class='ocrx_word' id='word_1_768' title='bbox 1246 5613 1340 5665; x_wconf 78' lang='grc' dir='ltr'><strong>καὶ</strong></span> <span class='ocrx_word' id='word_1_769' title='bbox 1383 5612 1576 5667; x_wconf 87' lang='grc' dir='ltr'>λευκοῦ</span> <span class='ocrx_word' id='word_1_770' title='bbox 1608 5613 1778 5668; x_wconf 82' lang='grc' dir='ltr'>λίθου.</span> <span class='ocrx_word' id='word_1_771' title='bbox 1812 5615 2196 5687; x_wconf 87' lang='lat' dir='ltr'><strong>Propriissime</strong></span> 
     </span>
    </p>
   </div>
   <div class='ocr_carea' id='block_1_106' title="bbox 629 5700 2196 5777">
    <p class='ocr_par' dir='ltr' id='par_1_106' title="bbox 629 5700 2196 5777">
     <span class='ocr_line' id='line_1_106' title="bbox 629 5700 2196 5777; baseline 0.005 -22"><span class='ocrx_word' id='word_1_772' title='bbox 629 5707 807 5756; x_wconf 80' lang='lat' dir='ltr'><strong>tamen</strong></span> <span class='ocrx_word' id='word_1_773' title='bbox 839 5701 1072 5772; x_wconf 86' lang='lat' dir='ltr'><strong>Euripus</strong></span> <span class='ocrx_word' id='word_1_774' title='bbox 1099 5700 1383 5757; x_wconf 83' lang='lat' dir='ltr'><strong>dicebatur</strong></span> <span class='ocrx_word' id='word_1_775' title='bbox 1413 5704 1553 5774; x_wconf 80' lang='lat' dir='ltr'><strong>apud</strong></span> <span class='ocrx_word' id='word_1_776' title='bbox 1587 5711 1798 5763; x_wconf 88' lang='lat' dir='ltr'><strong>veteres</strong></span> <span class='ocrx_word' id='word_1_777' title='bbox 1837 5705 2034 5763; x_wconf 82' lang='lat' dir='ltr'><strong>fretum</strong></span> <span class='ocrx_word' id='word_1_778' title='bbox 2063 5707 2196 5777; x_wconf 79' lang='lat' dir='ltr'><strong>Pyr-</strong></span> 
     </span>
    </p>
   </div>
   <div class='ocr_carea' id='block_1_107' title="bbox 2286 4509 3850 4575">
    <p class='ocr_par' dir='ltr' id='par_1_107' title="bbox 2286 4509 3850 4575">
     <span class='ocr_line' id='line_1_107' title="bbox 2286 4509 3850 4575; baseline 0 -7"><span class='ocrx_word' id='word_1_779' title='bbox 2286 4511 2653 4575; x_wconf 87' lang='lat' dir='ltr'><strong>stantissimi,</strong></span> <span class='ocrx_word' id='word_1_780' title='bbox 2709 4510 2804 4565; x_wconf 91' lang='lat' dir='ltr'><strong>sed</strong></span> <span class='ocrx_word' id='word_1_781' title='bbox 2852 4510 3016 4564; x_wconf 91' lang='lat' dir='ltr'><strong>etiam</strong></span> <span class='ocrx_word' id='word_1_782' title='bbox 3060 4509 3216 4563; x_wconf 92' lang='lat' dir='ltr'><strong>multi</strong></span> <span class='ocrx_word' id='word_1_783' title='bbox 3277 4509 3559 4565; x_wconf 81' lang='lat' dir='ltr'><strong>catholicae</strong></span> <span class='ocrx_word' id='word_1_784' title='bbox 3601 4511 3850 4568; x_wconf 62' lang='lat' dir='ltr'><strong>Ecclesiae</strong></span> 
     </span>
    </p>
   </div>
   <div class='ocr_carea' id='block_1_108' title="bbox 2285 4603 3850 4674">
    <p class='ocr_par' dir='ltr' id='par_1_108' title="bbox 2285 4603 3850 4674">
     <span class='ocr_line' id='line_1_108' title="bbox 2285 4603 3850 4674; baseline 0 -14"><span class='ocrx_word' id='word_1_785' title='bbox 2285 4605 2500 4666; x_wconf 89' lang='lat' dir='ltr'><strong>Patres,</strong></span> <span class='ocrx_word' id='word_1_786' title='bbox 2538 4615 2592 4660; x_wconf 91' lang='lat' dir='ltr'><strong>et</strong></span> <span class='ocrx_word' id='word_1_787' title='bbox 2612 4619 2776 4674; x_wconf 90' lang='lat' dir='ltr'><strong>quam</strong></span> <span class='ocrx_word' id='word_1_788' title='bbox 2817 4604 3164 4674; x_wconf 91' lang='lat' dir='ltr'><strong>amplectitur</strong></span> <span class='ocrx_word' id='word_1_789' title='bbox 3193 4613 3381 4659; x_wconf 89' lang='lat' dir='ltr'><strong>noster</strong></span> <span class='ocrx_word' id='word_1_790' title='bbox 3404 4603 3752 4670; x_wconf 86' lang='lat' dir='ltr'><strong>Eustathius,</strong></span> <span class='ocrx_word' id='word_1_791' title='bbox 3780 4611 3850 4660; x_wconf 88' lang='lat' dir='ltr'><strong>lu-</strong></span> 
     </span>
    </p>
   </div>
   <div class='ocr_carea' id='block_1_109' title="bbox 2287 4694 3850 4768">
    <p class='ocr_par' dir='ltr' id='par_1_109' title="bbox 2287 4694 3850 4768">
     <span class='ocr_line' id='line_1_109' title="bbox 2287 4694 3850 4768; baseline 0.001 -16"><span class='ocrx_word' id='word_1_792' title='bbox 2287 4712 2412 4752; x_wconf 91' lang='lat' dir='ltr'><strong>nam</strong></span> <span class='ocrx_word' id='word_1_793' title='bbox 2451 4696 2663 4752; x_wconf 91' lang='lat' dir='ltr'><strong>scilicet</strong></span> <span class='ocrx_word' id='word_1_794' title='bbox 2704 4710 2828 4750; x_wconf 91' lang='lat' dir='ltr'><strong>essc</strong></span> <span class='ocrx_word' id='word_1_795' title='bbox 2883 4709 3105 4752; x_wconf 86' lang='lat' dir='ltr'><strong>causam</strong></span> <span class='ocrx_word' id='word_1_796' title='bbox 3139 4694 3304 4765; x_wconf 90' lang='lat' dir='ltr'><strong>hujus</strong></span> <span class='ocrx_word' id='word_1_797' title='bbox 3340 4703 3542 4759; x_wconf 87' lang='lat' dir='ltr'><strong>motus,</strong></span> <span class='ocrx_word' id='word_1_798' title='bbox 3586 4699 3850 4768; x_wconf 89' lang='lat' dir='ltr'><strong>quomodo</strong></span> 
     </span>
    </p>
   </div>
   <div class='ocr_carea' id='block_1_110' title="bbox 2288 4787 3850 4860">
    <p class='ocr_par' dir='ltr' id='par_1_110' title="bbox 2288 4787 3850 4860">
     <span class='ocr_line' id='line_1_110' title="bbox 2288 4787 3850 4860; baseline 0.001 -15"><span class='ocrx_word' id='word_1_799' title='bbox 2288 4801 2468 4846; x_wconf 89' lang='lat' dir='ltr'><strong>autem</strong></span> <span class='ocrx_word' id='word_1_800' title='bbox 2499 4789 2554 4843; x_wconf 91' lang='lat' dir='ltr'><strong>id</strong></span> <span class='ocrx_word' id='word_1_801' title='bbox 2590 4787 2700 4852; x_wconf 82' lang='lat' dir='ltr'><strong>fiat.</strong></span> <span class='ocrx_word' id='word_1_802' title='bbox 2735 4788 3042 4859; x_wconf 80' lang='lat' dir='ltr'><strong>explicatur</strong></span> <span class='ocrx_word' id='word_1_803' title='bbox 3070 4805 3098 4843; x_wconf 91' lang='lat' dir='ltr'><strong>a</strong></span> <span class='ocrx_word' id='word_1_804' title='bbox 3123 4789 3463 4859; x_wconf 86' lang='lat' dir='ltr'><strong>philosophis</strong></span> <span class='ocrx_word' id='word_1_805' title='bbox 3490 4790 3545 4844; x_wconf 93' lang='lat' dir='ltr'><strong>in</strong></span> <span class='ocrx_word' id='word_1_806' title='bbox 3581 4793 3850 4860; x_wconf 85' lang='lat' dir='ltr'><strong>metcoris,</strong></span> 
     </span>
    </p>
   </div>
   <div class='ocr_carea' id='block_1_111' title="bbox 2289 4880 3855 4952">
    <p class='ocr_par' dir='ltr' id='par_1_111' title="bbox 2289 4880 3855 4952">
     <span class='ocr_line' id='line_1_111' title="bbox 2289 4880 3855 4952; baseline 0.002 -15"><span class='ocrx_word' id='word_1_807' title='bbox 2289 4893 2343 4938; x_wconf 90' lang='lat' dir='ltr'><strong>et</strong></span> <span class='ocrx_word' id='word_1_808' title='bbox 2382 4897 2483 4937; x_wconf 88' lang='lat' dir='ltr'><strong>nos</strong></span> <span class='ocrx_word' id='word_1_809' title='bbox 2528 4880 2670 4936; x_wconf 91' lang='lat' dir='ltr'><strong>infra</strong></span> <span class='ocrx_word' id='word_1_810' title='bbox 2713 4880 2960 4952; x_wconf 75' lang='lat' dir='ltr'><strong>quaedam</strong></span> <span class='ocrx_word' id='word_1_811' title='bbox 2997 4881 3263 4938; x_wconf 87' lang='lat' dir='ltr'><strong>dicemus.</strong></span> <span class='ocrx_word' id='word_1_812' title='bbox 3306 4883 3384 4938; x_wconf 87' lang='lat' dir='ltr'><strong>Ita</strong></span> <span class='ocrx_word' id='word_1_813' title='bbox 3426 4899 3654 4940; x_wconf 87' lang='lat' dir='ltr'><strong>sensere</strong></span> <span class='ocrx_word' id='word_1_814' title='bbox 3686 4885 3855 4940; x_wconf 64' lang='lat' dir='ltr'><strong>Ptole«</strong></span> 
     </span>
    </p>
   </div>
   <div class='ocr_carea' id='block_1_112' title="bbox 2293 4973 3853 5041">
    <p class='ocr_par' dir='ltr' id='par_1_112' title="bbox 2293 4973 3853 5041">
     <span class='ocr_line' id='line_1_112' title="bbox 2293 4973 3853 5041; baseline 0.003 -13"><span class='ocrx_word' id='word_1_815' title='bbox 2293 4989 2483 5038; x_wconf 50' lang='lat' dir='ltr'><strong>matus,</strong></span> <span class='ocrx_word' id='word_1_816' title='bbox 2526 4973 2741 5040; x_wconf 89' lang='lat' dir='ltr'><strong>Cicero,</strong></span> <span class='ocrx_word' id='word_1_817' title='bbox 2777 4973 3010 5040; x_wconf 91' lang='lat' dir='ltr'><strong>Plinius,</strong></span> <span class='ocrx_word' id='word_1_818' title='bbox 3048 4973 3270 5040; x_wconf 88' lang='lat' dir='ltr'><strong>Strabo,</strong></span> <span class='ocrx_word' id='word_1_819' title='bbox 3304 4975 3584 5032; x_wconf 79' lang='lat' dir='ltr'><strong>Marsilius</strong></span> <span class='ocrx_word' id='word_1_820' title='bbox 3615 4977 3853 5041; x_wconf 86' lang='lat' dir='ltr'><strong>Ficinus,</strong></span> 
     </span>
    </p>
   </div>
   <div class='ocr_carea' id='block_1_113' title="bbox 2294 5065 3856 5138">
    <p class='ocr_par' dir='ltr' id='par_1_113' title="bbox 2294 5065 3856 5138">
     <span class='ocr_line' id='line_1_113' title="bbox 2294 5065 3856 5138; baseline 0.002 -18"><span class='ocrx_word' id='word_1_821' title='bbox 2294 5066 2526 5123; x_wconf 78' lang='lat' dir='ltr'><strong>Levinus</strong></span> <span class='ocrx_word' id='word_1_822' title='bbox 2574 5065 2850 5131; x_wconf 87' lang='lat' dir='ltr'><strong>Lemnius,</strong></span> <span class='ocrx_word' id='word_1_823' title='bbox 2889 5073 2943 5121; x_wconf 90' lang='lat' dir='ltr'><strong>et</strong></span> <span class='ocrx_word' id='word_1_824' title='bbox 2985 5067 3100 5121; x_wconf 90' lang='lat' dir='ltr'><strong>alii.</strong></span> <span class='ocrx_word' id='word_1_825' title='bbox 3143 5065 3288 5124; x_wconf 86' lang='lat' dir='ltr'><strong>Idem</strong></span> <span class='ocrx_word' id='word_1_826' title='bbox 3329 5069 3534 5138; x_wconf 89' lang='lat' dir='ltr'><strong>placuit</strong></span> <span class='ocrx_word' id='word_1_827' title='bbox 3572 5069 3856 5126; x_wconf 79' lang='lat' dir='ltr'><strong>Ambrosio</strong></span> 
     </span>
    </p>
   </div>
   <div class='ocr_carea' id='block_1_114' title="bbox 2294 5155 3562 5229">
    <p class='ocr_par' dir='ltr' id='par_1_114' title="bbox 2294 5155 3562 5229">
     <span class='ocr_line' id='line_1_114' title="bbox 2294 5155 3562 5229; baseline 0.003 -17"><span class='ocrx_word' id='word_1_828' title='bbox 2294 5159 2388 5214; x_wconf 88' lang='lat' dir='ltr'><strong>lib.</strong></span> <span class='ocrx_word' id='word_1_829' title='bbox 2417 5174 2470 5213; x_wconf 80' lang='lat' dir='ltr'><strong>tv</strong></span> <span class='ocrx_word' id='word_1_830' title='bbox 2501 5155 2784 5223; x_wconf 62' lang='lat' dir='ltr'><strong>Heraeam,</strong></span> <span class='ocrx_word' id='word_1_831' title='bbox 2819 5173 2940 5229; x_wconf 90' lang='lat' dir='ltr'><strong>cap.</strong></span> <span class='ocrx_word' id='word_1_832' title='bbox 2979 5158 3032 5222; x_wconf 90' lang='lat'><strong>7,</strong></span> <span class='ocrx_word' id='word_1_833' title='bbox 3064 5157 3291 5225; x_wconf 87' lang='lat' dir='ltr'><strong>Basilio,</strong></span> <span class='ocrx_word' id='word_1_834' title='bbox 3325 5161 3471 5216; x_wconf 87' lang='lat' dir='ltr'><strong>hom.</strong></span> <span class='ocrx_word' id='word_1_835' title='bbox 3508 5161 3562 5216; x_wconf 86' lang='lat'><strong>6.</strong></span> 
     </span>
    </p>
   </div>
   <div class='ocr_carea' id='block_1_115' title="bbox 2301 5248 3853 5319">
    <p class='ocr_par' dir='ltr' id='par_1_115' title="bbox 2301 5248 3853 5319">
     <span class='ocr_line' id='line_1_115' title="bbox 2301 5248 3853 5319; baseline 0.004 -14"><span class='ocrx_word' id='word_1_836' title='bbox 2301 5289 2306 5295; x_wconf 89' lang='grc'><strong>-</strong></span> <span class='ocrx_word' id='word_1_837' title='bbox 2363 5248 2525 5315; x_wconf 81' lang='lat' dir='ltr'><strong>Ibid.,</strong></span> <span class='ocrx_word' id='word_1_838' title='bbox 2560 5249 2658 5306; x_wconf 90' lang='lat' dir='ltr'><strong>lin.</strong></span> <span class='ocrx_word' id='word_1_839' title='bbox 2701 5250 2790 5305; x_wconf 83' lang='grc'><strong>51.</strong></span> <span class='ocrx_word' id='word_1_840' title='bbox 2836 5251 2946 5304; x_wconf 77' lang='grc' dir='ltr'><strong>Καὶ</strong></span> <span class='ocrx_word' id='word_1_841' title='bbox 2981 5251 3116 5319; x_wconf 76' lang='grc' dir='ltr'>περὶ</span> <span class='ocrx_word' id='word_1_842' title='bbox 3146 5252 3255 5306; x_wconf 80' lang='grc' dir='ltr'><strong>τὸν</strong></span> <span class='ocrx_word' id='word_1_843' title='bbox 3297 5253 3586 5309; x_wconf 74' lang='grc' dir='ltr'><strong>ὠκεανόν.</strong></span> <span class='ocrx_word' id='word_1_844' title='bbox 3617 5253 3694 5311; x_wconf 81' lang='lat' dir='ltr'><strong>De</strong></span> <span class='ocrx_word' id='word_1_845' title='bbox 3729 5265 3853 5311; x_wconf 54' lang='lat' dir='ltr'><strong>astu</strong></span> 
     </span>
    </p>
   </div>
   <div class='ocr_carea' id='block_1_116' title="bbox 2295 5343 3853 5413">
    <p class='ocr_par' dir='ltr' id='par_1_116' title="bbox 2295 5343 3853 5413">
     <span class='ocr_line' id='line_1_116' title="bbox 2295 5343 3853 5413; baseline 0.004 -15"><span class='ocrx_word' id='word_1_846' title='bbox 2295 5344 2483 5411; x_wconf 89' lang='lat' dir='ltr'><strong>maris,</strong></span> <span class='ocrx_word' id='word_1_847' title='bbox 2511 5352 2565 5399; x_wconf 89' lang='lat' dir='ltr'><strong>et</strong></span> <span class='ocrx_word' id='word_1_848' title='bbox 2595 5343 2715 5413; x_wconf 87' lang='lat' dir='ltr'><strong>ejus</strong></span> <span class='ocrx_word' id='word_1_849' title='bbox 2745 5343 3206 5410; x_wconf 86' lang='lat' dir='ltr'><strong>consideratione,</strong></span> <span class='ocrx_word' id='word_1_850' title='bbox 3239 5355 3294 5402; x_wconf 88' lang='lat' dir='ltr'><strong>et</strong></span> <span class='ocrx_word' id='word_1_851' title='bbox 3329 5363 3520 5413; x_wconf 88' lang='lat' dir='ltr'><strong>causa,</strong></span> <span class='ocrx_word' id='word_1_852' title='bbox 3547 5359 3603 5405; x_wconf 90' lang='lat' dir='ltr'><strong>et</strong></span> <span class='ocrx_word' id='word_1_853' title='bbox 3633 5352 3853 5404; x_wconf 85' lang='lat' dir='ltr'><strong>aliorum</strong></span> 
     </span>
    </p>
   </div>
   <div class='ocr_carea' id='block_1_117' title="bbox 2295 5436 3849 5510">
    <p class='ocr_par' dir='ltr' id='par_1_117' title="bbox 2295 5436 3849 5510">
     <span class='ocr_line' id='line_1_117' title="bbox 2295 5436 3849 5510; baseline 0.005 -21"><span class='ocrx_word' id='word_1_854' title='bbox 2295 5436 2443 5490; x_wconf 87' lang='lat' dir='ltr'><strong>circa</strong></span> <span class='ocrx_word' id='word_1_855' title='bbox 2491 5436 2592 5489; x_wconf 90' lang='lat' dir='ltr'><strong>hoc</strong></span> <span class='ocrx_word' id='word_1_856' title='bbox 2633 5436 2986 5506; x_wconf 80' lang='lat' dir='ltr'><strong>opinionibus</strong></span> <span class='ocrx_word' id='word_1_857' title='bbox 3040 5439 3196 5509; x_wconf 89' lang='lat' dir='ltr'><strong>plura</strong></span> <span class='ocrx_word' id='word_1_858' title='bbox 3240 5439 3408 5494; x_wconf 89' lang='lat' dir='ltr'><strong>habes</strong></span> <span class='ocrx_word' id='word_1_859' title='bbox 3455 5440 3599 5510; x_wconf 90' lang='lat' dir='ltr'><strong>apud</strong></span> <span class='ocrx_word' id='word_1_860' title='bbox 3643 5440 3849 5496; x_wconf 84' lang='lat' dir='ltr'><strong>Franci-</strong></span> 
     </span>
    </p>
   </div>
   <div class='ocr_carea' id='block_1_118' title="bbox 2298 5526 3853 5606">
    <p class='ocr_par' dir='ltr' id='par_1_118' title="bbox 2298 5526 3853 5606">
     <span class='ocr_line' id='line_1_118' title="bbox 2298 5526 3853 5606; baseline 0.005 -23"><span class='ocrx_word' id='word_1_861' title='bbox 2298 5542 2451 5583; x_wconf 90' lang='lat' dir='ltr'><strong>scum</strong></span> <span class='ocrx_word' id='word_1_862' title='bbox 2484 5526 2798 5593; x_wconf 88' lang='lat' dir='ltr'><strong>Vallesium,</strong></span> <span class='ocrx_word' id='word_1_863' title='bbox 2839 5528 2916 5584; x_wconf 85' lang='lat' dir='ltr'><strong>De</strong></span> <span class='ocrx_word' id='word_1_864' title='bbox 2948 5547 3103 5585; x_wconf 88' lang='lat' dir='ltr'><strong>sacra</strong></span> <span class='ocrx_word' id='word_1_865' title='bbox 3137 5532 3487 5604; x_wconf 80' lang='lat' dir='ltr'><strong>philosophia,</strong></span> <span class='ocrx_word' id='word_1_866' title='bbox 3534 5551 3657 5606; x_wconf 88' lang='lat' dir='ltr'><strong>cap.</strong></span> <span class='ocrx_word' id='word_1_867' title='bbox 3693 5538 3780 5597; x_wconf 75' lang='lat'><strong>52,</strong></span> <span class='ocrx_word' id='word_1_868' title='bbox 3807 5545 3853 5591; x_wconf 79' lang='lat' dir='ltr'><strong>et</strong></span> 
     </span>
    </p>
   </div>
   <div class='ocr_carea' id='block_1_119' title="bbox 2298 5619 3852 5698">
    <p class='ocr_par' dir='ltr' id='par_1_119' title="bbox 2298 5619 3852 5698">
     <span class='ocr_line' id='line_1_119' title="bbox 2298 5619 3852 5698; baseline 0.006 -23"><span class='ocrx_word' id='word_1_869' title='bbox 2298 5621 2562 5678; x_wconf 89' lang='lat' dir='ltr'><strong>adversus</strong></span> <span class='ocrx_word' id='word_1_870' title='bbox 2596 5619 3036 5688; x_wconf 87' lang='lat' dir='ltr'><strong>Eratosthenem,</strong></span> <span class='ocrx_word' id='word_1_871' title='bbox 3073 5625 3167 5695; x_wconf 93' lang='lat' dir='ltr'><strong>qui</strong></span> <span class='ocrx_word' id='word_1_872' title='bbox 3198 5626 3300 5682; x_wconf 91' lang='lat' dir='ltr'><strong>soli</strong></span> <span class='ocrx_word' id='word_1_873' title='bbox 3330 5627 3676 5697; x_wconf 69' lang='grc' dir='ltr'><strong>ἀνωμαλίας</strong></span> <span class='ocrx_word' id='word_1_874' title='bbox 3702 5629 3852 5698; x_wconf 84' lang='lat' dir='ltr'><strong>hujus</strong></span> 
     </span>
    </p>
   </div>
   <div class='ocr_carea' id='block_1_120' title="bbox 2301 5713 3850 5789">
    <p class='ocr_par' dir='ltr' id='par_1_120' title="bbox 2301 5713 3850 5789">
     <span class='ocr_line' id='line_1_120' title="bbox 2301 5713 3850 5789; baseline 0.007 -25"><span class='ocrx_word' id='word_1_875' title='bbox 2301 5725 2525 5769; x_wconf 89' lang='lat' dir='ltr'><strong>causam</strong></span> <span class='ocrx_word' id='word_1_876' title='bbox 2583 5727 2707 5770; x_wconf 88' lang='lat' dir='ltr'><strong>esse</strong></span> <span class='ocrx_word' id='word_1_877' title='bbox 2739 5713 2975 5785; x_wconf 82' lang='lat' dir='ltr'><strong>volebat,</strong></span> <span class='ocrx_word' id='word_1_878' title='bbox 3009 5723 3066 5770; x_wconf 91' lang='lat' dir='ltr'><strong>et</strong></span> <span class='ocrx_word' id='word_1_879' title='bbox 3104 5718 3272 5775; x_wconf 89' lang='lat' dir='ltr'><strong>maris</strong></span> <span class='ocrx_word' id='word_1_880' title='bbox 3306 5718 3552 5789; x_wconf 88' lang='lat' dir='ltr'><strong>ejusdem</strong></span> <span class='ocrx_word' id='word_1_881' title='bbox 3589 5719 3750 5775; x_wconf 86' lang='lat' dir='ltr'><strong>aliam</strong></span> <span class='ocrx_word' id='word_1_882' title='bbox 3779 5727 3850 5774; x_wconf 75' lang='lat' dir='ltr'><strong>at-</strong></span> 
     </span>
    </p>
   </div>
  </div>
