4072 6342
300 349 411 408 873

1323 344 1387 401 IN
1427 342 1797 401 EUSTATHII
1828 340 2303 400 IIEXAEMERON
2346 345 2572 401 ΝΟΤᾹΞ.

3445 350 3549 407 δτι

302 477 412 533 que
440 462 600 516 aliam
636 462 979 532 superticiem
1013 462 1377 518 dlsertissime
1403 462 1646 531 disputat
1678 459 1875 514 Strabo
1907 470 1949 521 Α
1984 460 2251 515 volantem
2301 462 2453 531 sequi
2515 476 2624 515 non
2680 462 2913 531 possint,
2971 460 3151 517 ﬂuxus
3216 463 3432 532 quidem
3493 467 3550 518 lit

302 554 404 611 li-b.
440 572 477 610 ι.
522 552 758 610 Consule
792 565 1052 625 praeterea
1098 555 1450 611 Laurentium
1479 553 1776 609 Corvinum
1817 552 1876 605 in

302 661 405 703 sua
429 646 739 717 Geograplt.,
768 664 815 701 c.
849 648 943 715 H;
974 647 1236 703 Joannem
1272 645 1625 701 Franciscum
1664 643 1873 706 Picum,

300 741 387 794 1.ι
442 739 517 793 De
586 740 825 793 examine
872 741 1061 804 vanit.,
1114 755 1164 794 c.
1214 738 1313 803 12;
1353 738 1618 793 Joannem
1661 735 1871 799 Picum,

300 831 400 885 lib.
436 847 495 884 ιιι
528 830 726 885 Contra
770 832 993 893 Astrol.,
1041 846 1161 901 cap.
1206 831 1307 896 15;
1342 828 1610 892 Ficinum,
1656 842 1778 897 cap.
1820 826 1874 889 6,

299 924 371 977 ad
404 921 600 977 Plotin.
637 924 729 977 lib.
769 939 859 987 Ill,
894 921 1131 975 Enuead.
1157 922 1221 988 2;
1277 922 1666 981 Contarenum,
1710 918 1805 971 lib.
1836 929 1872 969 ll

299 1014 382 1069 De
407 1015 706 1078 elementis;
742 1023 794 1070 et
829 1015 1091 1069 Levinum
1123 1014 1408 1068 Lemnium
1434 1011 1509 1065 De
1531 1010 1719 1064 occult.
1760 1018 1875 1064 nat.

298 1107 517 1170 mirac.,
563 1107 657 1159 lib.
705 1122 763 1169 ιι,
796 1121 915 1177 cap.
954 1107 1045 1171 Η,
1090 1107 1249 1175 cujus
1280 1107 1470 1171 verba,
1504 1104 1631 1174 quia
1664 1109 1880 1156 contro-

298 1195 495 1249 versiae
539 1195 703 1264 hujus
743 1195 947 1249 nodum
993 1195 1230 1250 dilucide
1266 1195 1583 1266 expediunt,
1616 1201 1669 1247 et
1712 1207 1874 1246 omne

295 1286 529 1341 dubium
575 1296 847 1349 amovent,
891 1289 1178 1358 lucemque
1223 1288 1458 1342 aderunt
1505 1286 1738 1349 auctori,
1782 1286 1871 1338 hic

294 1377 613 1430 describere
648 1392 756 1430 non
806 1379 1073 1447 gravabor
1110 1396 1121 1431 :
1168 1377 1362 1448 Magna
1388 1392 1535 1441 sane,
1585 1376 1781 1445 inquit,
1823 1386 1871 1427 et

294 1467 441 1521 luna:
482 1484 657 1537 opera,
690 1469 745 1522 in
777 1485 948 1522 rerum
984 1483 1175 1523 natura
1216 1479 1467 1539 apparent
1499 1486 1516 1522 :
1544 1484 1719 1521 verum
1745 1469 1871 1519 solis

292 1561 567 1630 effectibus
590 1562 901 1630 posteriora.
930 1562 1070 1617 Solis
1094 1565 1229 1617 enim
1254 1563 1498 1631 bene/icio
1528 1561 1625 1613 illa
1653 1560 1868 1629 fruitur,

294 1654 569 1723 lucemque
598 1654 662 1708 ab
694 1655 785 1708 illo
823 1658 1066 1723 sortitur,
1103 1659 1181 1709 sic
1209 1666 1264 1709 ut
1300 1663 1447 1708 tanta
1474 1654 1619 1707 illius
1647 1668 1771 1721 pars
1804 1652 1872 1705 il-

292 1746 574 1809 lustretur,
610 1755 860 1817 quantum
882 1747 961 1800 sol
991 1763 1085 1799 suo
1108 1745 1380 1814 splendore
1402 1744 1665 1807 irradiat;
1693 1741 1869 1810 deﬁcit

1983 551 2183 606 Oceani
2215 554 2318 607 sub
2349 553 2554 607 torrida
2593 554 2649 607 in
2672 554 3033 621 occidentem,
3072 556 3251 626 quoad
3299 557 3551 629 impingit

1984 643 2051 697 ad
2074 644 2347 699 contraria
2395 646 2599 710 littora,
2642 656 3011 716 curvaturque
3053 649 3122 701 ab
3153 648 3219 703 iis
3256 668 3266 703 :
3296 649 3552 705 dissolvi-

1984 744 2073 790 tur
2102 752 2231 791 vero
2269 736 2519 793 discessu
2555 740 2697 792 luna:
2738 738 3027 792 concilium
3069 754 3357 809 aquarum,
3402 742 3547 811 quod

1982 835 2065 880 cst
2095 826 2151 880 in
2184 827 2379 881 itinere
2410 843 2602 884 versus
2648 828 2933 893 torridam,
2971 844 3091 900 quae
3120 830 3406 902 desertseza
3439 843 3571 903 tra-j

1982 927 2071 973 ctu
2100 920 2193 989 qui
2241 921 2361 976 illas
2391 922 2689 985 exciverat,
2746 922 2947 991 impetu
2994 932 3175 994 capto,
3218 932 3443 991 remeat,
3493 934 3572 981 ett

1982 1014 2211 1066 assultat
2262 1013 2329 1067 ad
2381 1014 2562 1068 littora
2607 1031 2741 1081 sua;
2780 1027 2834 1070 et
2878 1016 2965 1069 hic
2999 1016 3232 1085 impetus
3265 1025 3349 1071 est
3404 1017 3547 1073 alius

1980 1111 2271 1171 generatus
2295 1120 2389 1173 per
2432 1105 2734 1159 absentiam
2768 1105 2931 1168 lunae,
2968 1106 3141 1161 donec
3180 1108 3296 1177 ipsa
3328 1108 3546 1163 rediens

1981 1194 2131 1248 frena
2174 1195 2408 1264 impetus
2437 1195 2601 1264 hujus
2634 1196 2862 1265 recipiat
2887 1198 3087 1251 moder.
3112 1206 3327 1269 turque,
3355 1211 3410 1255 et
3439 1214 3555 1255 una“

1980 1302 2102 1340 cum
2147 1302 2248 1342 suo
2298 1276 2448 1342 motu
2504 1290 2857 1362 circumagat.
2909 1293 2985 1345 lta
3035 1294 3216 1348 littora
3265 1298 3546 1366 aequaliter

1979 1381 2219 1447 patentia
2262 1380 2451 1434 iisdem
2485 1380 2636 1435 horis
2670 1382 2966 1453 implentur
2995 1386 3197 1450 omnia,
3233 1388 3543 1442 reductiora

1980 1485 2110 1523 vero
2170 1469 2401 1536 tardius,
2450 1474 2711 1525 nonnulla
2766 1473 3127 1530 diversimode
3180 1477 3251 1532 ob
3295 1478 3545 1535 diversos

1979 1562 2170 1616 oceani
2198 1563 2399 1616 aditus.

2049 1654 2207 1721 lbid.,
2242 1655 2334 1708 lin.
2368 1655 2458 1708 53.
2497 1655 2769 1710 Κάτωθεν
2797 1658 2906 1726 γὰρ
2947 1660 2985 1725 ἡ
3028 1662 3281 1731 σελήνη.
3324 1662 3381 1717 In
3412 1664 3543 1719 ecli-

1978 1746 2167 1815 psibus
2199 1747 2492 1811 solarihus,
2523 1764 2756 1818 quanam
2788 1752 3001 1805 ratione
3030 1753 3162 1807 solis
3194 1754 3331 1807 radii
3357 1756 3540 1809 lunam

293 1847 473 1890 autem
511 1838 743 1907 lucisque
770 1854 949 1906 expers
983 1838 1239 1904 redditur,
1276 1837 1364 1891 ubi
1397 1847 1550 1891 terra:
1579 1836 1866 1889 interventu

1974 1847 2403 1907 nonpenetreut,
2428 1848 2482 1894 ct
2511 1842 2785 1909 quomodo
2822 1842 2972 1907 luna,
3002 1860 3125 1897 cum
3150 1847 3222 1900 sit
3254 1847 3411 1917 longe
3441 1848 3541 1902 nii-

293 1930 390 1982 lux
416 1930 497 1982 illi
530 1931 878 1998 intercipitur.
916 1931 1060 1985 Tunc
1090 1942 1264 1984 autem
1289 1931 1558 1998 potissime
1582 1930 1637 1982 in
1662 1937 1870 1982 terrena

290 2023 431 2076 vires
466 2038 591 2075 suas
612 2023 861 2091 explicat,
899 2038 1016 2075 cum
1049 2022 1123 2075 vel
1155 2022 1256 2075 διλὶ
1285 2036 1349 2073 ea:
1385 2019 1601 2074 adverso
1631 2018 1869 2087 opposita

290 2117 562 2184 impletur,
604 2126 757 2185 atque
801 2116 1097 2170 orbiculata
1138 2116 1373 2185 efﬁcitur,
1410 2113 1484 2167 vel
1518 2111 1605 2165 ubi
1643 2112 1869 2178 primum

291 2209 379 2261 illi
412 2208 769 2279 conjungitur.
815 2208 913 2262 His
942 2209 1079 2262 enim
1106 2208 1309 2260 dierum
1351 2206 1540 2275 spatiis
1582 2212 1872 2273 augescunt

290 2312 490 2371 segetes
514 2341 527 2362 ,
565 2302 823 2354 conc/tilia
865 2309 1186 2370 turgescunt,
1220 2314 1359 2351 vente
1397 2297 1672 2367 sanguine,
1716 2311 1867 2347 ossa-

289 2410 393 2463 que
416 2393 658 2447 medullis
690 2394 992 2462 implentur.
1019 2392 1134 2458 Quo
1159 2394 1217 2461 ﬁt
1244 2401 1300 2443 ut
1322 2388 1628 2445 concubitus
1653 2388 1719 2440 iis
1747 2397 1871 2439 tem-

290 2485 511 2553 poribus
554 2485 726 2537 minus
766 2484 974 2553 officiat.
1032 2482 1099 2534 Et
1140 2482 1386 2553 quoniam
1437 2480 1613 2533 omnia
1652 2478 1869 2530 humore

290 2577 506 2641 imbuit,
540 2577 598 2645 ﬁt
634 2586 689 2628 ut
720 2593 903 2630 carnes
928 2575 1094 2628 radiis
1123 2576 1267 2628 illius
1297 2575 1548 2643 exposita:
1574 2571 1865 2635 tabescunt,

291 2678 451 2739 atque
476 2669 708 2721 homines
742 2685 924 2721 somno
958 2669 1173 2735 vinoque
1204 2667 1383 2736 sopiti,
1432 2666 1686 2735 pallorem
1720 2665 1869 2733 capi~

291 2765 464 2832 tisque
506 2761 835 2831 gravedinem
875 2762 1223 2823 contra/tant,
1267 2778 1327 2814 ac
1374 2761 1556 2815 morbo
1610 2761 1871 2814 comitiali

290 2856 593 2925 afﬁciantur
623 2869 641 2907 :
666 2855 873 2909 relaxat
917 2856 1053 2908 enim
1102 2871 1303 2919 nervos,
1348 2870 1409 2907 ac
1446 2854 1710 2907 cerebrum
1746 2853 1864 2921 plus

288 2949 426 3001 satis
460 2947 747 3011 Itumectat,
779 2948 1035 3017 mentique
1068 2949 1114 3000 vi
1148 2947 1363 3016 algi/ica
1391 2955 1653 3014 stuporem
1683 2944 1865 3013 infert.

291 3040 494 3095 Oceani
530 3058 729 3111 quoque
774 3053 934 3095 cestus
983 3043 1234 3105 excitare,
1280 3056 1597 3109 causamque
1638 3042 1869 3108 recipro-

287 3131 451 3186 candi
482 3131 560 3184 illi
585 3130 815 3200 prwbere
843 3148 945 3183 non
964 3140 1041 3185 est
1072 3130 1208 3201 quod
1237 3132 1350 3200 quis
1378 3128 1629 3199 ambigat.
1669 3128 1729 3183 Si
1758 3129 1868 3197 qui-
1893 3171 1921 3215 ε

284 3224 405 3279 dem
468 3240 587 3276 cum
638 3223 980 3292 perspicimus
1024 3222 1203 3276 silenti
1246 3232 1398 3291 atque
1443 3222 1665 3273 obscura
1704 3219 1862 3281 luna;

282 3330 450 3384 eaque
480 3314 557 3367 vel
587 3314 757 3368 medio
789 3313 910 3367 orbe
941 3312 1191 3379 dissecta,
1234 3313 1312 3365 vel
1344 3313 1395 3365 in
1431 3326 1629 3363 cornua
1661 3309 1864 3378 falcata

283 3409 394 3461 sive
446 3417 726 3477 augescat,
792 3414 883 3459 aut
925 3407 1216 3468 minuatur,
1268 3404 1441 3457 nullos
1492 3402 1863 3472 propemodum

283 3501 404 3571 ﬁeri
451 3515 709 3568 aquarum
752 3514 1058 3562 concursus,
1110 3513 1199 3550 nec
1231 3497 1285 3549 in
1332 3496 1499 3548 ullam
1530 3494 1862 3547 altitudinem

282 3592 465 3647 attolli
512 3608 797 3656 oceanum,
848 3606 1168 3661 quiecunque
1228 3589 1387 3642 etiam
1453 3588 1635 3641 littora
1683 3587 1858 3640 alluit.

283 3681 521 3736 Rursum
554 3682 645 3734 ubi
689 3698 807 3735 cum
859 3681 967 3735 sole
1022 3678 1376 3749 congreditur,
1430 3689 1582 3747 atque
1621 3678 1865 3730 innovari

284 3777 491 3843 incipit,
520 3784 611 3828 aut
648 3777 701 3828 in
737 3775 911 3828 orbem
951 3772 1308 3826 circumducta
1338 3771 1493 3839 plena
1539 3771 1864 3839 conspicitur

284 3867 552 3918 maximos
585 3866 806 3917 excitari
827 3873 1008 3924 aestus,
1031 3863 1325 3931 ﬂuctusque
1356 3860 1531 3913 attolli
1559 3861 1612 3912 in
1642 3860 1863 3912 immen-

282 3970 425 4021 sum,
476 3958 592 4025 quis
636 3957 742 4008 alio
788 3972 945 4025 quam
1001 3956 1053 4007 in
1086 3956 1224 4007 luna:
1258 3962 1475 4015 motum,
1505 3952 1732 4020 ﬂuxum,
1779 3966 1859 4003 rc-

282 4049 596 4117 ﬂuxumque
638 4046 819 4099 oceani
860 4044 1091 4114 referat?
1142 4042 1208 4097 Ut
1239 4045 1375 4096 enim
1410 4058 1622 4111 ntagnes
1658 4041 1860 4110 ferrum

284 4140 481 4203 allicit,
521 4141 595 4191 sic
631 4138 777 4191 sidus
808 4137 903 4190 hoc
947 4148 1099 4190 terrm
1125 4136 1421 4205 proximum
1455 4151 1598 4188 mare
1638 4134 1859 4187 attrahit

282 4234 634 4302 concitatque.
673 4229 816 4283 Nam
862 4246 979 4282 cum
1020 4229 1145 4281 luna
1191 4228 1395 4289 oritur,
1450 4242 1673 4280 oceanus
1717 4226 1859 4278 circa

284 4327 409 4380 illas
450 4325 637 4395 plagas
675 4323 984 4384 devolvitur,
1028 4336 1205 4389 nempe
1243 4321 1546 4385 orientales,
1584 4330 1861 4391 partesque

284 4416 637 4470 occidentales
678 4412 1132 4479 deserit.Quantlo
1163 4429 1279 4465 vero
1310 4411 1376 4464 ad
1406 4427 1651 4465 occasum
1676 4413 1858 4481 vergit,

1977 1948 2097 1996 nor,
2134 1942 2303 1986 totum
2340 1941 2521 1987 tamen
2554 1935 2724 1989 solem
2758 1936 3039 2000 obscuret,
3077 1938 3276 1995 diserte
3305 1940 3540 2010 explicat

1973 2022 2309 2091 Cleomcdes,
2337 2023 2552 2077 Illeteor.
2582 2026 2675 2079 lib.
2704 2043 2764 2091 ιι,
2805 2043 2926 2098 pug.
2964 2029 3033 2083 80
3066 2030 3323 2086 editionis
3361 2030 3537 2086 Paris.

2043 2111 2203 2179 lbid.,
2258 2114 2354 2168 lin.
2407 2115 2496 2171 55.
2548 2117 2710 2185 Μέγα
2750 2116 2817 2169 δὲ
2858 2119 2956 2171 καὶ
2996 2118 3148 2187 αὑτὴ
3201 2121 3239 2188 ἡ
3282 2119 3535 2189 σελήνη.

1975 2206 2049 2261 De
2080 2207 2452 2277 magnitudine
2486 2208 2646 2273 lunae,
2673 2216 2727 2264 et
2760 2210 2990 2263 aliorum
3013 2211 3353 2279 planetarum
3381 2213 3540 2283 plura

1971 2300 2290 2356 Cleoniedes
2348 2301 2470 2355 loco
2519 2301 2574 2356 d.
2638 2311 2689 2356 et
2742 2302 2855 2357 alii.
2904 2303 3257 2374 Anaxagoras
3317 2314 3540 2361 auctore

1973 2391 2269 2447 Plutarcho
2298 2394 2480 2447 lunam
2517 2395 2732 2450 dicebat
2765 2410 2888 2450 esse
2928 2411 3111 2465 parem
3139 2395 3535 2467 Peloponneso.

1972 2485 2282 2541 Ludovicus
2308 2484 2511 2543 Fidelis
2544 2487 2621 2542 De
2650 2504 2794 2541 mun.
2822 2497 2941 2551 str.,
2976 2488 3012 2541 l.
3037 2504 3091 2552 v,
3124 2502 3174 2543 c.
3214 2488 3268 2553 7,
3297 2504 3541 2558 quaerere

1972 2586 2136 2648 atque
2177 2579 2413 2633 scrutari
2448 2579 2515 2633 de
2546 2580 2917 2649 magnitudine
2948 2587 3001 2634 et
3063 2581 3371 2649 quantitate
3409 2582 3540 2635 solis

1971 2678 2025 2724 et
2054 2670 2193 2723 lunae
2215 2685 2477 2740 arrogans
2514 2686 2637 2725 esse
2670 2670 2975 2733 contendit,
3013 2686 3222 2743 nosque
3250 2680 3540 2725 contentos

1972 2775 2093 2815 esse
2120 2760 2317 2815 debere
2357 2760 2633 2829 descripto
2662 2761 2815 2824 solis,
2866 2768 2919 2814 et
2958 2761 3118 2824 lunae,
3153 2774 3217 2813 ac
3257 2760 3540 2814 stellarum

1971 2851 2076 2905 hoc
2101 2868 2344 2915 munere,
2381 2861 2438 2905 ut
2478 2854 2557 2907 sol
2590 2852 2721 2914 diei,
2758 2862 2811 2907 et
2845 2853 2971 2905 luna
3008 2853 3154 2907 nocti
3178 2853 3426 2922 praesint,
3461 2851 3541 2906 di-

1970 2942 2266 3013 vidantque
2293 2946 2434 2996 inter
2457 2944 2630 2996 lucem
2662 2950 2716 2996 et
2758 2943 3031 3007 tenebras,
3056 2942 3196 2997 diem
3220 2950 3273 2996 et
3298 2951 3539 2997 noctem.

1982 3033 2186 3088 Vanum
2215 3045 2291 3089 est
2332 3036 2491 3100 enim,
2526 3035 2722 3105 inquit,
2760 3035 3075 3103 praeclarum
3118 3043 3277 3087 terere
3314 3043 3537 3099 tempus,

1970 3138 2018 3181 et
2062 3128 2253 3182 sudore
2306 3129 2469 3181 multo
2507 3128 2797 3197 exquirere,
2859 3143 2973 3181 aute
3014 3125 3154 3179 Deus
3206 3126 3385 3196 ignota
3427 3140 3539 3178 esse

1968 3221 2151 3276 voluit.

2042 3313 2174 3367 Ibid.
2215 3314 2404 3367 Μῦθοι
2442 3313 2509 3366 δὲ
2536 3313 2820 3382 ληρώδεις
2846 3312 2962 3367 ὑπὸ
2984 3313 3345 3381 μεθυόντων.
3382 3309 3539 3363 Basi-

1971 3405 2094 3467 lius,
2130 3406 2274 3459 hom.
2308 3404 2340 3458 6
2376 3424 2387 3458 :
2422 3405 2592 3458 ΜῦΟοί
2627 3422 2769 3466 τινες
2801 3404 3213 3471 καταγέλαστοι,
3246 3401 3349 3454 ὑπὸ
3383 3405 3537 3472 γραῖ-

1966 3498 2090 3553 δίων
2126 3498 2579 3569 κωθωνιζομένων
2626 3495 3118 3567 παραληρούμενοι,
3175 3492 3444 3562 πανταχοῦ
3467 3491 3538 3543 6:-

1966 3593 2255 3662 εδόθησαν,
2313 3593 2395 3644 ὅτι
2432 3590 2789 3662 μαγγανείαις
2823 3589 2933 3641 τισὶ
2961 3591 3060 3658 τῆς
3110 3586 3315 3649 οἰκείας
3376 3584 3537 3656 ἕδρας

1964 3684 2353 3755 ἀποκιντ,Θεῐσα
2396 3684 2592 3753 σελήνη
2646 3682 2782 3753 πρὸς
2824 3680 2927 3750 γῆν
2972 3679 3355 3750 καταφέρεται.
3411 3679 3537 3741 Πῶς

1968 3779 2065 3847 μὲν
2107 3773 2197 3830 οὖν
2226 3777 2411 3846 κινήσε
2476 3775 2684 3845 γοήτων
2710 3773 3040 3843 ἐπαοιδὴ,ἢν
3073 3770 3232 3835 αὐτὸς
3255 3768 3539 3841 ἐθεμελίω-

1966 3885 2057 3920 σεν
2086 3868 2113 3919 ὁ
2130 3867 2577 3936 ’Υψιστοςο-ποῖος
2610 3866 2652 3918 δ’
2673 3866 2737 3919 ἂν
2761 3866 2855 3918 καὶ
2873 3866 3034 3928 τόπος
3064 3862 3538 3917 κατασπασθεῖσαν

1964 3961 2132 4031 αὐτὴν
2169 3960 2493 4024 ὑπεδέξατος
2542 3958 2733 4030 Sagas,
2781 3974 3076 4029 uiagosque
3119 3958 3314 4011 caelum
3372 3956 3540 4025 depo-

1966 4069 2116 4117 nere,
2159 4062 2359 4107 terram
2405 4052 2759 4121 suspendere,
2807 4060 2866 4104 ut
2895 4050 3077 4105 verbis
3128 4047 3342 4118 Apuleii
3390 4056 3535 4113 utar;

1965 4145 2142 4200 fontes
2174 4145 2395 4206 durare,
2432 4156 2645 4198 montes
2702 4143 2930 4206 diluere,
2981 4156 3171 4195 manes
3217 4140 3534 4205 sublimare,

1962 4239 2094 4294 deos
2129 4239 2423 4303 infirmare,
2456 4238 2634 4293 sidera
2662 4236 3029 4306 exstinguere,
3060 4244 3324 4289 tartarum
3354 4233 3536 4304 ipsum

1963 4331 2294 4394 illuminare,
2325 4345 2474 4384 mare
2500 4331 2714 4400 pigrum
2757 4329 3033 4399 colligare,
3066 4327 3233 4383 solem
3266 4326 3533 4389 inhibere,

1965 4425 2148 4478 lunam
2211 4423 2500 4489 deducere,
2558 4422 2743 4477 stellas
2798 4422 3048 4484 evellere,
3093 4428 3146 4475 et
3206 4419 3310 4471 alia
3364 4420 3535 4471 multa

284 4513 338 4565 in
374 4512 484 4563 illis
514 4508 750 4577 partibus
784 4508 1110 4561 crebrescunt
1145 4506 1361 4574 ﬂuctus,
1408 4506 1461 4557 in
1494 4506 1559 4557 iis
1600 4520 1716 4556 vero
1742 4520 1858 4573 qua:

1972 4517 2111 4570 dictu
2143 4518 2347 4585 gravia,
2381 4525 2433 4570 et
2463 4516 2712 4568 maxima:
2744 4513 3140 4576 admirationis,
3175 4511 3291 4567 suis
3324 4509 3537 4581 magnis

283 4602 354 4655 ad
380 4610 554 4653 ortum
581 4607 813 4667 spectant
838 4598 1217 4657 detumescunt,
1247 4593 1399 4664 idque
1429 4593 1753 4664 afﬂuentibus
1782 4592 1858 4645 vel

281 4694 500 4763 parcius
535 4708 627 4760 pro
659 4692 973 4743 incremento
1026 4688 1326 4755 defectuque
1361 4685 1490 4737 lucis
1513 4701 1671 4754 quam
1703 4684 1859 4736 luna-

285 4804 369 4840 res
402 4784 541 4837 radii
570 4782 830 4836 exhibent.
864 4782 1070 4835 Caetera
1118 4780 1184 4832 ad
1222 4780 1325 4832 hoc
1373 4778 1514 4831 idem
1556 4778 1857 4846 spectantia

283 4883 405 4950 lege
440 4878 583 4948 apud
624 4880 823 4948 ipsum.
868 4874 1106 4930 Joannes
1138 4873 1439 4942 Kepplerus
1501 4869 1554 4923 in
1602 4868 1857 4923 Introdu-

284 4976 469 5025 ctione
524 4969 591 5023 ad
649 4984 801 5024 suam
854 4967 1208 5034 Astrologiam
1257 4982 1443 5018 noram
1492 4962 1859 5030 αἱτιολὸγητον

286 5066 532 5117 rationes
578 5063 755 5116 [luxus
786 5068 839 5115 et
881 5059 1120 5114 relluxus
1161 5058 1328 5111 maris
1367 5057 1439 5109 ita
1473 5056 1711 5109 insinuat
1743 5074 1754 5107 :
1785 5054 1862 5106 lu-

286 5172 414 5210 nam
439 5155 647 5209 scilicet
676 5168 775 5208 sua
823 5151 1141 5205 attractoria
1171 5151 1244 5213 vi,
1287 5164 1408 5219 qua:
1447 5148 1514 5201 ad
1553 5158 1729 5203 terras
1772 5163 1857 5200 us—

285 5264 394 5319 que
439 5247 755 5318 porrigitur,
790 5261 960 5316 aquas
1007 5245 1109 5300 sub
1141 5259 1331 5297 zonam
1372 5242 1635 5296 torridam
1680 5241 1861 5311 prole-

286 5352 462 5403 ctarc,
499 5354 607 5409 quo
647 5339 790 5393 facto
816 5338 1010 5393 nudari
1044 5339 1228 5392 littora
1277 5352 1560 5402 zonarum,
1592 5346 1645 5390 et
1678 5335 1862 5389 clima-

286 5443 401 5487 tum
438 5433 765 5487 lateralium.
805 5431 989 5500 Itaque
1018 5431 1176 5501 aquis
1218 5431 1272 5483 in
1304 5429 1484 5485 latiori
1518 5429 1672 5484 alveo
1698 5442 1861 5484 ocea-

287 5530 344 5581 ni
380 5525 822 5594 assurgentibus,
880 5522 994 5576 fieri
1031 5529 1232 5592 potest,
1277 5530 1336 5575 ut
1366 5521 1421 5574 in
1450 5519 1860 5590 angustioribus

289 5620 409 5688 ejus
437 5617 689 5678 sinubus,
716 5616 874 5669 modo
896 5630 1003 5668 non
1030 5614 1193 5668 nimis
1216 5620 1363 5666 arcte
1382 5612 1680 5676 conclusis,
1704 5626 1860 5682 aqua:

290 5721 560 5779 praesente
609 5711 733 5763 luna
780 5710 941 5763 etiam
998 5706 1260 5776 aulugere
1312 5707 1379 5761 ab
1431 5720 1495 5760 ea
1548 5705 1854 5760 videantur.

293 5804 425 5860 Cum
461 5813 642 5859 autem
679 5818 829 5870 aqua:
871 5802 1053 5854 lunam
1099 5801 1357 5855 verticem
1396 5800 1645 5855 celeriter
1676 5807 1858 5855 trans-

609 5897 869 5956 Ps'rnon.
907 5895 1022 5955 (in.
1055 5893 1283 5958 XVIII.

1964 4608 2455 4673 susurraminibus,
2498 4607 2956 4677 quandocuuque,
3009 4611 3063 4658 et
3110 4603 3419 4671 ubicunque
3473 4602 3538 4654 li-

1963 4702 2143 4755 buerit
2171 4701 2325 4753 multi
2372 4700 2672 4763 credidere,
2705 4706 2760 4753 et
2797 4700 3031 4751 maxime
3066 4697 3308 4749 omnium
3344 4704 3532 4764 poetae.

1963 4793 2099 4847 Dido
2151 4792 2215 4845 ad
2267 4794 2477 4846 Annam
2514 4808 2755 4847 sororem
2793 4793 2888 4852 ait,
2954 4789 3046 4846 lib.
3078 4804 3129 4841 iv
3162 4785 3374 4840 xEncid.
3408 4785 3535 4839 Viro

1961 4884 2172 4955 giliana:
2206 4903 2217 4937 :

1965 5001 2101 5056 Hinc
2132 5001 2260 5055 mihi
2293 5000 2540 5069 Massng
2579 5000 2741 5070 gentis
2767 5006 3063 5052 monstrata
3094 4996 3338 5049 sacerdos
3370 5008 3387 5045 :

1967 5073 2092 5126 Iltec
2128 5090 2179 5126 se
2212 5073 2536 5124 carminibus
2574 5072 2834 5138 promittit
2866 5070 3060 5122 solvere
3091 5077 3283 5119 mentes

1963 5145 2108 5208 Quas
2141 5144 2278 5205 velit,
2311 5152 2393 5195 ast
2430 5144 2551 5195 aliis
2580 5140 2743 5194 duras
2771 5142 3047 5193 immittere
3071 5154 3249 5201 curas,

1963 5215 2161 5267 Sistere
2190 5230 2379 5283 aquam
2408 5213 2606 5281 ﬂuviis.
2634 5222 2682 5265 et
2718 5212 2940 5280 [Iumina
2970 5220 3162 5283 vertere
3192 5218 3351 5267 retro,

1964 5279 2367 5353 Nocturnasque
2399 5279 2494 5337 ciet
2519 5299 2697 5336 manes
2720 5279 2741 5336 7:
2766 5283 2965 5352 mugire
2990 5279 3181 5353 videbis

1962 5356 2070 5410 Sub
2103 5351 2315 5423 pedibus
2351 5366 2565 5417 terram,
2597 5362 2643 5407 et
2664 5351 2969 5407 descendere
3001 5351 3260 5403 montibus
3280 5364 3455 5402 ornos.

1960 5467 2296 5539 PrOpertius,
2332 5468 2478 5539 Eleg.
2508 5468 2599 5522 lib.
2640 5482 2679 5530 ι,
2714 5469 2849 5537 eleg.
2884 5466 2905 5518 l
2948 5486 2959 5521 :

1961 5586 2028 5640 At
2058 5603 2142 5638 vos
2173 5585 2406 5637 deducta:
2435 5584 2618 5654 quibus
2640 5592 2716 5636 est
2746 5582 2965 5652 fallacia
2996 5580 3133 5654 (una?

2033 5656 2099 5709 Et
2133 5656 2280 5707 labor
2309 5658 2363 5708 in
2396 5651 2615 5724 magicis
2645 5669 2799 5707 sacra
2825 5654 2972 5721 piare.
3001 5651 3154 5724 focis.

1966 5727 2042 5780 En
2072 5725 2289 5795 agedum
2316 5722 2542 5779 domin-re
2568 5734 2789 5777 mentem
2824 5722 3099 5795 convertite
3130 5729 3350 5779 nostrtu,

2037 5792 2287 5865 Et'facite
2311 5797 2405 5850 illa
2432 5812 2544 5849 meo
2571 5796 2765 5866 palleat
2790 5809 2877 5847 ore
2913 5792 3100 5861 magis.
