4072 6342
529 335 631 390 875

532 453 675 507 Tunc
702 466 792 519 ego
817 447 1127 519 crediderim
1159 447 1321 510 vobis,
1355 446 1620 519 et‘sidera,
1661 452 1707 496 et
1739 456 1914 494 amnes

599 515 762 576 Posse
794 518 1032 588 Cytazazis
1055 517 1242 571 ducere
1265 515 1604 570 carminibus.

534 658 795 720 Tibullus,
837 653 986 725 Eleg.
1016 654 1071 720 2,
1103 653 1194 707 lib.
1228 667 1242 704 t
1279 671 1290 704 :

531 791 684 862 Hanc
705 809 798 862 ego
818 792 881 845 de
909 791 1036 844 caelo
1069 789 1338 862 ducentem
1365 787 1540 862 sidera
1568 783 1691 862 vidi,

595 855 858 916 Fluminis
892 862 1000 914 Iuec
1028 858 1202 929 rapidi
1230 860 1460 912 carmine
1489 855 1637 910 vertit
1665 855 1785 907 iter.

530 998 869 1069 Apollonius,
907 997 1101 1067 Argon.
1140 994 1234 1049 lib.
1266 1009 1326 1046 ιιι
1359 1011 1371 1046 :

533 1112 641 1168 Kal
679 1110 981 1179 ποταμοὺς
1012 1108 1211 1179 lor/no"
1247 1106 1454 1179 ἱεροὺςΔ
1476 1100 1786 1179 κείιαδεινίι
1807 1100 2056 1179 ρέριθτας
2079 1115 2092 1128 ·

537 1186 760 1251 Ἄστρα
796 1173 861 1234 τε
887 1180 982 1232 καὶ
1009 1173 1208 1248 μήνης
1243 1173 1404 1245 ἱερῆς
1431 1173 1687 1241 ἐπέδησε
1725 1173 2067 1234 κελεύθους.

534 1296 809 1357 Lucanus,
836 1293 931 1348 lib.
977 1306 1028 1344 v1
1061 1309 1073 1342 :

537 1413 606 1468 Et
625 1413 825 1483 patitur
851 1418 1024 1483 tantos
1053 1415 1210 1483 cantu
1241 1403 1483 1483 depressa
1514 1401 1739 1483 labores,

536 1470 711 1539 Donec
733 1481 1026 1550 suppositas
1057 1477 1269 1548 propior
1300 1470 1563 1542 despumet
1592 1473 1646 1525 in
1681 1470 1884 1524 herbas.

537 1595 722 1661 Ovid.,
753 1610 832 1649 ιιιι
872 1591 1222 1661 Metamorph.
1257 1607 1274 1643 .·

539 1710 713 1764 Mater
739 1717 850 1762 erat
875 1705 1098 1777 Mycale,
1128 1719 1282 1777 quam
1315 1701 1590 1777 deduxisse
1619 1699 1851 1754 canendo

539 1780 687 1851 διξερε
712 1773 1013 1833 reluctantis
1043 1773 1316 1829 constabat
1339 1789 1536 1827 cornua
1564 1773 1721 1826 lunw.

538 1893 814 1955 Horatius,
839 1891 940 1946 oda
972 1906 1024 1953 v,
1052 1887 1220 1957 Epod.
1241 1905 1258 1939 :

541 2011 671 2078 Quae
699 2008 874 2063 sidera
909 2013 1188 2078 excantata
1218 2019 1334 2078 voce
1367 1999 1614 2054 Thessala

644 2079 946 2150 Lunamque
971 2074 1096 2130 caelo
1124 2074 1325 2141 diripit.

541 2195 706 2249 Plura
738 2191 956 2262 collegit
975 2189 1214 2244 Joannes
1242 2185 1581 2240 Passeratius
1605 2181 1658 2235 in
1687 2179 1894 2235 dictum
1924 2180 2102 2234 locum

543 2285 831 2356 Propertii.
879 2283 1013 2348 Quae
1041 2279 1225 2334 omnia
1277 2277 1354 2330 uti
1389 2274 1604 2337 stolida,
1658 2270 1929 2334 fabulosa,
1982 2268 2104 2339 quis

543 2389 690 2430 sana:
717 2371 915 2426 mentis
959 2383 1069 2423 non
1115 2366 1342 2435 rejiciet,
1391 2377 1514 2418 cum
1564 2367 1816 2414 auctores
1851 2359 1978 2429 ipsi,
2012 2357 2104 2431 qui

541 2466 634 2521 illa
663 2461 936 2519 mentibus
958 2458 1238 2513 hominum
1261 2457 1503 2525 ingerere
1530 2451 1711 2507 conati
1739 2461 1885 2514 sunt,
1909 2464 1971 2503 ea
2001 2449 2106 2504 sibi

540 2553 982 2608 contradicentes
1032 2547 1376 2618 vituperant?
1430 2544 1657 2612 Medea,
1718 2544 1761 2598 si
1818 2541 2103 2612 potuisset,

542 2662 654 2702 non
681 2646 755 2700 ita
784 2645 1094 2708 clamasset,
1130 2640 1189 2696 Si
1225 2655 1428 2708 possem
1454 2639 1634 2693 sanior
1662 2653 1847 2700 essem,
1877 2634 1965 2688 sed
1993 2643 2106 2686 tra-

545 2741 622 2794 hit
651 2739 869 2794 invitam
898 2752 1030 2790 nova
1059 2735 1153 2788 vis.
1173 2732 1330 2787 Circe
1345 2747 1466 2801 qua:
1482 2727 1743 2800 quidquid
1763 2727 1919 2781 vellet
1946 2740 2106 2796 posse

544 2830 886 2896 credebatur,
909 2843 1068 2884 suum
1095 2824 1335 2894 nequivit
1366 2823 1614 2894 Ulyssem
1651 2819 1913 2875 remorari
1942 2838 1952 2873 :
1989 2832 2108 2888 quae

544 2924 626 2979 sic
654 2921 851 2978 cecinit
879 2918 1123 2985 Ovidius,
1152 2917 1244 2972 lib.
1278 2932 1318 2982 ι,
1352 2914 1427 2969 De
1462 2913 1655 2968 remed.
1678 2928 1848 2966 amor.
1877 2929 1895 2967 :

550 3028 746 3083 Omnia
776 3026 946 3095 fecisti
977 3041 1038 3079 ne
1067 3023 1292 3078 callidus
1320 3022 1485 3095 hostis
1510 3021 1697 3095 abiret,

646 3095 752 3151 Ille
776 3091 920 3150 dedit
949 3104 1101 3150 certa:
1137 3095 1294 3147 lintea
1324 3093 1478 3154 plena
1507 3091 1666 3162 fugae.

548 3167 742 3224 Omnia
771 3166 961 3236 fecisti,
992 3182 1054 3219 ne
1081 3176 1128 3218 te
1151 3165 1290 3233 ferus
1329 3172 1496 3236 ureret
1522 3163 1686 3233 ignis;

651 3233 861 3309 Longus
886 3238 940 3290 in
969 3237 1127 3290 invito
1153 3242 1354 3305 pectore
1382 3233 1512 3287 sedit
1544 3248 1714 3286 amor.

548 3354 803 3422 Sciteque
824 3351 891 3407 ab
916 3349 1241 3420 Hippocrate
1270 3347 1497 3403 diluitur
1523 3347 1706 3402 libello
1732 3347 1808 3401 De
1822 3345 2071 3416 epilepsta
2089 3363 2107 3399 :

549 3448 612 3502 Si
648 3445 806 3507 enim,
844 3443 1038 3513 inquit,
1087 3443 1238 3496 homo
1268 3438 1592 3494 carminibus
1627 3438 1808 3492 lunam
1859 3437 2110 3493 deducere

547 3539 674 3592 ctelo
704 3546 898 3607 posset,
937 3545 1046 3589 tum
1076 3543 1214 3588 certe
1259 3532 1423 3597 Deus,
1450 3541 1499 3586 et
1537 3547 1679 3586 mens
1709 3530 1905 3597 divina,
1939 3540 2112 3585 astro—

548 3645 666 3683 rum
705 3627 944 3682 conditor
986 3636 1032 3680 et
1075 3635 1268 3691 rector,
1301 3625 1572 3678 hominum
1600 3623 1869 3688 potestati,
1897 3639 2112 3693 magno-

549 3737 766 3791 rumque
799 3719 1224 3782 incantamentis,
1267 3716 1404 3786 qucd
1433 3716 1604 3770 dicere
1647 3715 1793 3785 nefas
1840 3724 1938 3778 est,
1979 3724 2112 3768 esset

549 3813 826 3868 obnoxius.
857 3809 1074 3864 Fabula:
1102 3817 1156 3864 et
1180 3809 1381 3864 erroris
1412 3808 1640 3878 hujusce
1663 3807 1817 3878 origo
1843 3817 1965 3861 nata
2007 3815 2111 3874 est,

550 3912 611 3959 ut
637 3901 801 3959 refert
844 3899 1166 3956 Plutarchus
1195 3900 1322 3956 libr.
1362 3899 1439 3954 De
1490 3909 1733 3970 prwcept.
1787 3898 2110 3964 connubial.,

550 3993 697 4065 quod
726 3993 974 4048 homines
1019 3991 1160 4046 luna:
1187 3991 1483 4060 deliquium
1515 3992 1848 4061 ignorarent,
1888 3991 2115 4061 ejusque

549 4083 776 4140 luminis
834 4082 889 4136 in
929 4081 1117 4151 eclipsi
1148 4079 1441 4135 defectum.
1489 4081 1742 4152 Aganice,
1779 4082 1942 4137 verba
1988 4091 2116 4136 sunt

545 4173 850 4239 Plutarchi,
885 4171 1154 4242 Hegetoris
1181 4169 1420 4225 Thessali
1448 4172 1584 4240 ﬁlia,
1614 4172 1844 4228 siderum
1876 4175 1930 4227 in
1950 4175 2114 4242 pleni-

553 4267 713 4321 luniis
742 4263 972 4334 defectus
1006 4263 1195 4333 perita,
1228 4279 1289 4316 ac
1312 4264 1560 4332 temporis
1600 4280 1701 4334 quo
1744 4264 1872 4319 luna
1912 4264 2116 4334 objectu

551 4367 705 4411 terra:
731 4355 920 4409 umbra
950 4353 1344 4408 obnubilaretur
1372 4370 1562 4424 gnara,
1603 4370 1720 4407 cum
1757 4354 1866 4408 ha’c
1901 4355 2119 4408 mulier-

1868 318 2115 376 LEONIS
2155 313 2424 372 ALLATII

2127 443 2174 499 Α
2200 437 2474 504 νόμενον.
2503 428 2754 492 Basilius,
2785 427 2931 480 hom.
2965 422 3019 491 6,
3053 421 3127 477 De
3153 421 3298 476 sole:
3329 418 3420 490 Μὴ
3449 416 3764 485 ἐξαπατάτω

3663 299 3764 355 8ῒὺ

2197 545 2255 580 σε
2288 526 2346 580 τὸ
2377 524 2717 596 φαινόμενον,
2763 519 2886 590 μήδ’
2923 518 3004 570 ὃτι
3048 515 3312 585 πηχυαῖος
3339 513 3451 574 τοῖς
3477 509 3646 582 ὁρῶσι
3691 507 3767 560 δο-
3834 534 3836 536 τ

2195 617 2299 677 κεῖ,
2329 611 2579 666 τοσοῦτον
2618 609 2780 663 αὑτὸν
2809 603 2946 660 εἶναι
2987 604 3197 674 λογίσῃ.
3245 599 3623 671 Συναιρεῖσθαι
3659 596 3764 668 γὰρ

2196 705 2438 773 πέφυκεν
2461 705 2520 756 ἐν
2551 703 2663 764 τοῖς
2697 698 2951 770 μεγάλοις
2976 696 3307 767 διαστήμασι
3332 694 3400 748 τὰ
3431 692 3636 764 μεγέθη
3659 690 3768 745 τῶν

2196 794 2506 866 ὁρωμένων,
2535 793 2636 864 τῆς
2671 791 2931 862 ὁρατικῆς
2972 787 3254 858 δυνάμεως
3283 786 3384 838 οὐκ
3432 783 3770 855 ὲξαρκουμέο

2197 905 2293 958 νης
2317 887 2406 940 τὸν
2447 884 2644 957 μεταξὺ
2677 883 2839 936 τόπον
2875 881 3161 952 διαπερᾷν,
3193 877 3318 932 ἀλλ’
3344 875 3507 930 οἱονεὶ
3539 875 3770 928 ἐνδαπα-

2197 979 2443 1050 νωμένης
2496 975 2573 1046 τῷ
2625 975 2794 1046 μέσῳ,
2840 975 2932 1028 καὶ
2972 973 3112 1026 κατὰ
3165 969 3340 1040 ὀλίγον
3394 969 3562 1039 αὐτῆς
3607 966 3771 1037 μέρος

2199 1068 2640 1142 προσϐαλλούσης
2655 1069 2766 1129 τοῖς
2796 1067 3028 1136 ὁρατοῖς.
3047 1062 3249 1134 -Μικρὰ
3279 1057 3371 1115 οὖν
3397 1063 3431 1132 ή
3459 1060 3580 1130 ὁψις
3613 1058 3770 1129 ἡμῶν

2198 1160 2484 1232 γενομένη,
2518 1158 2687 1230 μικρά
2716 1156 2937 1226 ἐποίησε
2953 1152 3267 1226 νομίζεσθαι
3298 1153 3366 1206 τὰ
3393 1153 3672 1223 ὁρώμενα,
3709 1149 3770 1202 τὸ

2198 1255 2396 1308 οἰκεῖον
2451 1251 2624 1314 πάθος
2674 1251 2786 1312 τοῖς
2831 1249 3050 1320 ὁρατοῖς
3103 1247 3457 1317 ἐπιφέρουσα.
3511 1243 3674 1294 Ὥστε
3723 1244 3772 1292 εἰ

2198 1345 2506 1418 ψεύδεταιή
2542 1343 2683 1412 ὄψις,
2721 1341 2946 1396 ἄπιστον
2972 1338 3032 1391 τὸ
3059 1339 3356 1409 κριτήριον.
3387 1336 3543 1390 Multi
3589 1344 3772 1388 tamen

2200 1451 2266 1492 ex
2317 1434 2556 1505 antiquis
2617 1430 2955 1502 philosophis
3008 1430 3174 1484 etiam
3229 1429 3397 1484 solem
3451 1427 3599 1482 illius
3647 1442 3775 1482 esse

2202 1524 2616 1598 magnitudinis,
2645 1539 2751 1594 qua
2779 1512 2837 1578 se
2885 1522 3164 1577 hominum
3199 1519 3375 1574 oculis
3400 1519 3662 1582 ostendit,
3693 1517 3776 1572 al-

2202 1619 2508 1684 ﬁrmarunt,
2540 1616 2680 1670 inter
2707 1629 2803 1670 eos
2831 1614 3086 1685 princeps
3119 1611 3292 1668 fuisse
3320 1610 3538 1666 videtur
3571 1609 3774 1680 Epicu-

2202 1725 2320 1774 rus,
2349 1721 2510 1777 quem
2537 1703 2960 1775 elegantissime,
2984 1713 3038 1758 et
3070 1717 3180 1756 non
3213 1701 3469 1756 invalidis
3490 1715 3776 1772 argumen-

2128 1783 2178 1844 B
2207 1803 2276 1856 tis
2311 1797 2510 1855 refellit
2536 1795 2872 1862 Cleomedes,
2905 1794 3001 1850 lib.
3034 1809 3071 1848 ιι
3105 1791 3323 1847 Meteor.

2272 1891 2392 1947 Col.
2443 1889 2567 1952 7‘24,
2598 1889 2696 1943 lin.
2743 1888 2797 1941 4.
2830 1888 3056 1955 ’Ὠσπερ
3107 1886 3220 1956 γὰρ
3253 1886 3311 1939 εἴ
3354 1902 3464 1952 τις.
3516 1884 3774 1948 Basilius,

2203 1984 2349 2040 hom.
2381 1981 2414 2037 6
2445 2003 2458 2037 :
2507 1979 2910 2052 ’Υπομνήσθητι
2937 1979 2993 2032 δὲ
3040 1978 3147 2032 τῶν
3179 1977 3393 2031 οἰκείων
3433 1977 3644 2042 παθῶν,
3682 1977 3778 2029 κού⁸

2204 2077 2355 2149 παρὰ
2400 2074 2624 2129 σεαυτοῦ
2666 2073 2806 2140 ἕξεις
2843 2071 2952 2124 τῶν
2981 2070 3287 2142 λεγομένων
3318 2070 3416 2141 τήν
3452 2068 3656 2122 πίστιν.
3712 2069 3781 2122 Εἰ

2205 2183 2336 2220 ποτε
2364 2165 2472 2220 ἀπὸ
2517 2163 2824 2235 ἀκρωρείας
2868 2161 3109 2232 μεγάλης
3152 2160 3330 2214 πεδίον
3373 2156 3511 2223 εῑδες
3551 2158 3687 2212 πολύ
3717 2177 3780 2212 τε

2205 2257 2299 2310 καὶ
2354 2255 2563 2320 ὕπτιον,
2599 2256 2760 2327 ήλίκα
2810 2253 2908 2326 μέν
2944 2270 3026 2306 σοι
3053 2251 3329 2322 κατεφάνη
3359 2251 3427 2304 τὰ
3457 2250 3650 2322 ζεύγη,
3682 2269 3785 2323 πη·

2205 2348 2344 2402 λίκοι
2386 2348 2441 2400 δὲ
2470 2350 2518 2401 οί
2561 2347 2820 2418 ἀροτῆρες
2855 2343 3042 2409 αύτοί;
3089 2347 3138 2398 εί
3182 2344 3256 2415 μὴ
3311 2345 3612 2416 μυρμήκων
3659 2342 3784 2396 τινά

2208 2457 2288 2492 σοι
2325 2438 2591 2508 παρέσχον
2625 2434 2942 2506 φαντασίαν.
2976 2436 3039 2486 Ei.
3071 2434 3126 2487 δὲ
3159 2435 3254 2488 καὶ
3284 2434 3392 2488 ἀπὸ
3425 2435 3657 2497 σκοπιᾶς
3687 2435 3782 2486 καὶ

2210 2531 2350 2601 μέγα
2393 2528 2626 2597 πέλαγος
2668 2526 3050 2598 τετραμμένης
3091 2528 3157 2597 τῇ
3202 2525 3446 2598 θαλάσσῃ
3481 2525 3580 2588 τὰς
3627 2525 3783 2594 ὄψεις

2207 2619 2489 2684 ὲπέϐαλες,
2520 2618 2700 2690 ἡλίκαι
2736 2617 2834 2688 μέν
2864 2633 2948 2670 σοι
2987 2615 3169 2681 ἔδοξαν
3202 2611 3338 2669 εἶναι
3377 2614 3484 2668 τῶν
3513 2616 3693 2686 νήσων
3723 2617 3782 2667 αἱ

2211 2710 2480 2781 μέγισται,
2515 2708 2717 2778 πηλίκη
2759 2706 2817 2758 δέ
2847 2723 2929 2758 σοι
2961 2705 3238 2775 κατεφάνη
3273 2703 3370 2775 μία
3391 2701 3497 2756 τῶν
3520 2702 3785 2774 μυριοφό-

2211 2818 2317 2872 ρων
2341 2800 2578 2854 ὁλκάδων
2605 2800 2820 2862 λευκοῖς
2849 2798 3035 2862 ἱστίοις
3065 2797 3202 2868 ὑπὲρ
3226 2796 3430 2866 κυανῆς
3446 2794 3783 2866 κομιζομένη

2210 2892 2516 2963 θαλάσσης;
2552 2893 2600 2944 εί
2649 2891 2725 2963 μὴ
2773 2890 2952 2961 πάσης
2978 2890 3306 2961 περιστερᾶς
3337 2887 3662 2960 μικροτέραν
3700 2903 3786 2938 σοι

2212 2985 2516 3057 παρέσχετο
2547 2984 2645 3054 τήν
2675 2985 2990 3053 φαντασίαν.

2279 3077 2436 3142 Ibid.,
2490 3077 2585 3130 lin.
2643 3075 2693 3129 7.
2766 3072 3280 3142 Ἐνδαπανηθεῖσα
3336 3071 3466 3141 γάρ.
3513 3070 3786 3132 Basilius.

2209 3170 2358 3225 hom.
2392 3170 2471 3223 6:
2506 3169 2671 3235 Διότι,
2722 3166 2971 3237 καθάπερ
3019 3165 3180 3236 ἔφην,
3227 3162 3654 3232 ὲνδαπανηθεῖσα
3705 3161 3790 3231 τῷ

2210 3262 2330 3333 ἀέρι
2375 3265 2408 3332 ἡ
2459 3260 2600 3331 ὄψις,
2648 3258 2889 3330 ἐξίτηλος
2928 3256 3212 3328 γενομένη,
3258 3257 3395 3328 πρὸς
3438 3256 3534 3327 τὴν
3579 3255 3787 3326 ἀκριϐῆ

2210 3353 2511 3424 κατάληψιν
2542 3351 2649 3405 τῶν
2689 3349 2978 3423 ὁρωμένων
3023 3347 3123 3401 οὐκ
3170 3347 3405 3418 ἐξαρκεῖ.
3445 3345 3648 3402 Eadem
3692 3361 3789 3400 ra-

2212 3447 2360 3502 tione
2402 3443 2720 3500 Aristoteles
2779 3441 2855 3496 De
2899 3450 3128 3512 generat.
3165 3440 3328 3494 anim.
3362 3440 3457 3495 lib.
3487 3456 3541 3506 γ,
3575 3454 3697 3507 cap,
3729 3438 3786 3500 i,

2213 3538 2366 3592 aitea
2385 3551 2507 3607 qua:
2542 3534 2718 3590 oculis
2755 3534 3188 3605 prominentibus
3206 3541 3334 3589 sunt
3351 3531 3538 3604 procul
3558 3546 3790 3585 cernere

2213 3635 2509 3701 nequeunt,
2528 3643 2647 3698 qua:
2663 3636 2850 3682 contra
2872 3627 3017 3682 intus
3039 3627 3092 3681 in
3114 3641 3245 3681 cavo
3268 3625 3455 3681 oculos
3474 3625 3672 3680 habent
3698 3640 3793 3694 po-

2212 3721 2371 3787 sitos,
2404 3720 2562 3790 longe
2591 3719 2835 3789 aspicere
2867 3727 3117 3788 possunt,
3144 3717 3232 3772 διὰ
3254 3717 3316 3771 τὸ
3346 3717 3444 3789 τὴν
3472 3715 3686 3787 κίνησιν
3708 3715 3795 3787 μὴ

2212 3809 2687 3867 διασκεδάννυσθαι
2711 3811 2788 3873 εἰς
2821 3809 3037 3880 ἀχανὲς,
3059 3809 3175 3864 ἀλλ’
3199 3807 3540 3878 εὐθυπορεῖν.
3575 3808 3794 3874 Quibus

2213 3903 2392 3960 verbis
2417 3903 2726 3972 opinionem
2750 3900 2993 3957 Platonis
3021 3902 3309 3971 amplexus
3340 3903 3552 3956 videtur
3579 3901 3798 3955 Aristo-

2215 3995 2369 4058 tcles,
2399 3994 2852 4065 quemadmodum
2887 4002 2942 4049 et
2981 4010 3041 4048 ιιι
3092 3991 3314 4050 Meteor.
3345 4009 3466 4065 cap.
3497 3994 3550 4060 3,
3577 3993 3609 4047 4
3647 4002 3702 4049 et
3732 3993 3792 4055 6,

2215 4092 2268 4139 et
2301 4083 2568 4139 Problem.
2605 4085 2844 4140 sectione
2865 4086 2954 4149 5l,
2980 4086 3245 4154 problem.
3280 4086 3368 4150 16,
3392 4085 3459 4139 ad
3490 4085 3796 4141 dubitatio-

2216 4191 2316 4231 nes
2349 4175 2611 4246 quasdam
2633 4175 3012 4231 dissolvendas
3036 4177 3139 4231 hac
3161 4175 3348 4232 eadem
3387 4177 3577 4241 utitur,
3601 4192 3799 4247 quam-

2216 4267 2300 4321 vis
2336 4266 2667 4321 contrariam
2711 4274 2933 4322 secutus
2963 4265 3230 4322 videatur.
3266 4265 3341 4323 De
3372 4267 3629 4338 opinione
3673 4267 3799 4344 P131-

2218 4357 2388 4421 tonis,
2435 4364 2714 4426 aspectum
2750 4357 2958 4412 scilicet
2991 4356 3127 4413 allici
3175 4357 3410 4430 imagine
3439 4360 3623 4430 aliqua
3662 4375 3693 4413 a
3733 4377 3797 4415 re

551 4450 686 4503 culis
717 4446 942 4502 credulis
987 4461 1226 4516 praesaga
1259 4445 1425 4514 futuri
1452 4445 1777 4514 prtediceret,
1807 4456 2112 4514 prwcanta-
2145 4461 2188 4516 ι)
2217 4449 2334 4503 visa
2366 4448 2636 4516 ellluente,
2681 4450 2778 4504 sed
2825 4451 3060 4507 emicare
3105 4467 3172 4506 ex
3219 4452 3394 4508 oculis
3433 4453 3631 4518 lucem,
3680 4470 3796 4523 qua

555 4536 692 4589 tione
722 4535 901 4588 lunam
932 4533 1218 4588 subducere
1261 4533 1387 4588 cazlo
1429 4533 1757 4589 credebatur.
1804 4535 1917 4590 Hoc
1970 4535 2113 4590 idem

555 4626 838 4680 conﬁrmat
887 4627 1247 4697 fragmentum
1293 4627 1491 4681 veteris
1527 4635 1696 4695 poeta:
1725 4627 1867 4697 apud
1902 4625 2116 4681 Turne-

547 4717 703 4781 bum,
739 4715 1020 4769 Adversar.
1061 4717 1152 4770 lib.
1184 4733 1298 4781 χιιι,
1330 4732 1451 4787 cap.
1491 4717 1558 4782 5;
1589 4726 1642 4771 et
1665 4719 1959 4772 Martinum
1995 4717 2117 4774 Del-

557 4826 560 4828 ’
589 4809 695 4861 ium
731 4806 1184 4877 Disquisitionum
1224 4808 1551 4878 magicarum
1577 4809 1669 4864 lib.
1710 4825 1772 4875 tt,
1800 4818 1994 4880 quiest.
2027 4811 2114 4875 11,

553 4909 608 4954 et
634 4909 827 4970 praeter
856 4900 992 4954 alios
1024 4897 1340 4954 Cleomedes
1375 4900 1494 4954 loco
1519 4899 1686 4954 dicto.
1736 4900 1954 4966 Τούτοις
1992 4902 2120 4972 ἑξῆς

554 4992 644 5044 τὸν
688 4991 815 5062 περὶ
859 4991 956 5061 τῆς
997 4989 1288 5058 ἐκλείψεως
1335 4992 1501 5063 αὐτῆς
1543 4991 1895 5064 ποιησώμεθα
1939 4995 2115 5063 λόγον,

553 5085 703 5147 ὅπως
763 5083 836 5154 μὴ
886 5083 1279 5155 παραπλησίως
1332 5086 1443 5147 τοῖς
1495 5085 1757 5154 γραῖδίοις
1815 5088 1908 5139 καὶ
1962 5090 2120 5158 ήμεῖς

553 5174 885 5244 δοξάσωμεν,
919 5175 1117 5228 ὁπόταν
1159 5172 1399 5227 ἐκλείπει
1432 5177 1464 5245 ἡ
1493 5174 1708 5246 σελήνη,
1738 5177 1818 5229 ὅτι
1842 5180 2121 5250 φαρμακί-

554 5267 642 5329 δες
674 5267 809 5320 εἰσὶν
843 5268 898 5320 αἱ
925 5267 1281 5339 καθαιροῦσαι
1323 5269 1513 5338 αὐτήν.
1551 5267 1716 5323 Multa
1747 5271 1803 5325 in
1831 5271 1968 5326 hanc
1999 5288 2122 5326 seu-

557 5359 780 5413 tentiam
811 5360 971 5414 habet
995 5358 1232 5414 Joannes
1258 5358 1475 5414 Wierus
1509 5360 1583 5416 De
1609 5365 1888 5433 pra’stigiis
1927 5363 2122 5418 daemo-

557 5467 681 5503 num
714 5451 808 5505 lib.
864 5465 925 5513 ιι,
975 5466 1096 5520 cap.
1133 5451 1234 5514 l7;
1284 5462 1338 5506 et
1385 5451 1596 5508 Delrius
1644 5454 1792 5509 dicto
1837 5457 1973 5520 loco,
2005 5457 2118 5526 qui,

559 5540 689 5606 Quae
722 5540 790 5593 sit
826 5557 1096 5610 magorum
1117 5552 1347 5610 potestas
1385 5545 1438 5596 in
1469 5543 1614 5599 orbes
1667 5545 1916 5612 cazlestes,
1947 5547 2124 5602 sidera

556 5643 605 5686 et
635 5631 909 5696 elementa,
940 5634 1187 5701 pluribus
1216 5637 1474 5704 explicat.

628 5721 786 5788 Ibid.,
818 5722 914 5778 lin.
954 5725 1038 5780 59.
1085 5725 1181 5794 Μὴ
1227 5729 1332 5798 γὰρ
1373 5727 1717 5792 ἐξαπατάτω
1767 5747 1839 5785 σε
1884 5732 1948 5785 τὸ
1992 5751 2122 5803 φαι-

2215 4540 2486 4608 objectum
2539 4541 2979 4610 comprehendat,
3030 4551 3267 4597 tractant
3314 4542 3635 4600 Priscianus
3684 4543 3798 4617 Ly-

2217 4627 2320 4684 dus
2352 4628 2446 4681 lib.
2480 4627 2556 4682 De
2580 4629 2897 4698 phantasia;
2935 4631 3248 4688 Chalcidius
3292 4632 3585 4689 Comment.
3619 4637 3674 4689 in
3699 4637 3796 4690 Ti-

2219 4737 2408 4774 mwum
2437 4719 2723 4786 Platonis;
2753 4723 3010 4779 Alcinous
3041 4724 3093 4779 in
3128 4724 3538 4782 lntroductione
3561 4729 3626 4782 ad
3668 4728 3793 4782 Pla-

2222 4817 2333 4864 ton.
2368 4809 2800 4880 Philosophiam:
2833 4813 3118 4870 Nemcsius
3141 4815 3219 4869 Dc
3247 4825 3359 4869 nat.
3387 4816 3556 4884 hom.,
3577 4833 3698 4889 cap.
3729 4819 3789 4883 7;

2219 4899 2556 4963 Macrobius,
2594 4901 2810 4955 Saturn.
2861 4902 2954 4956 lib.
3001 4919 3079 4964 vr,
3110 4919 3230 4973 cap.
3263 4904 3359 4972 H;
3404 4903 3654 4963 Plotinus
3692 4908 3790 4961 lib.

2221 4988 2298 5042 De
2329 4991 2528 5045 visione
2552 5007 2569 5055 ;
2591 4990 2840 5046 Euclides
2878 4993 3058 5048 libello
3105 4993 3181 5047 De
3206 4998 3548 5064 prospectiva,
3590 5010 3644 5052 et
3678 5000 3790 5052 alii.

2291 5076 2460 5140 Ibid.,
2510 5078 2605 5132 lin.
2661 5079 2715 5133 9.
2779 5080 2892 5133 Καὶ
2945 5080 3036 5133 ὅτι
3087 5083 3473 5153 παμμέγεθες.
3536 5085 3794 5148 Basilius.

2223 5166 2371 5222 ltom.
2403 5168 2435 5222 6
2466 5187 2481 5223 :
2515 5170 2702 5224 Βούλει
2741 5171 2847 5225 ἀπὸ
2876 5172 3084 5242 μικρῶν
3134 5166 3444 5245 τεκμηρίων
3476 5175 3662 5230 λαϐεῖν
3701 5179 3796 5231 τοῦ

2227 5259 2486 5328 μεγέθους
2520 5262 2688 5333 αὐτῆς
2719 5263 2814 5334 τὴν
2846 5263 3111 5328 ἀπόδειξιν
3131 5267 3224 5332 ;Αί
3257 5266 3394 5320 κατά
3426 5268 3521 5339 τὴν
3554 5272 3800 5342 οἰκουμέ-

2224 5366 2321 5420 νην
2355 5349 2537 5412 πόλεις
2569 5351 2820 5405 πλεῖστον
2851 5353 3093 5425 ἀλλήλων
3119 5355 3500 5428 ἀπῳκισμέναι
3530 5362 3673 5414 κατὰ
3699 5363 3798 5433 τὴν

2225 5439 2484 5512 ἀνατολὴν
2516 5445 2920 5514 τετραμμέναις
2952 5450 3308 5519 ρυμοτομίαις
3355 5452 3415 5516 ἐξ
3465 5453 3582 5506 ἴσου
3626 5455 3798 5509 πᾶσαι

2225 5532 2286 5586 τὸ
2320 5531 2596 5604 σεληναῖον
2650 5535 2765 5603 φῶς
2799 5537 3166 5606 ὑποδέχονται.
3219 5540 3379 5597 Plura
3426 5545 3495 5600 de
3541 5545 3647 5600 hoc
3679 5548 3801 5602 vide

2225 5623 2368 5694 apud
2398 5623 2739 5682 Cleomcdem
2774 5629 2893 5684 loco
2925 5630 3092 5686 dicto.

2298 5715 2460 5782 Ibid.,
2514 5717 2608 5772 lin.
2669 5719 2751 5773 H.
2803 5722 2908 5778 Kal
2959 5725 3170 5794 ὁμοίως
3202 5726 3414 5795 αὐτήν.
3467 5727 3674 5784 Similia
3719 5730 3799 5784 leo
3842 5775 3848 5778 .
