4072 6342
239 231 251 239 δ
309 282 411 338 877
1325 280 1388 333 IN
1426 277 1796 335 susurru:
1828 241 2301 335 IIEXAEMERON
2333 278 2561 336 Noras.
3446 273 3547 335 εις

306 406 509 468 guntur
541 397 682 469 apud
712 398 993 464 Basilium,
1019 398 1165 452 hom.
1194 398 1227 451 6
1257 415 1269 449 :
1309 399 1538 469 Ὁμοίως
1575 400 1682 471 γὰρ
1714 399 1848 470 αύτῆ

1951 454 1954 463 ,
1983 397 2060 451 ἔνι
2084 398 2150 451 τὰ
2178 397 2432 467 πελάγιοι,
2452 397 2521 451 τὰ
2549 397 2863 467 αἱγιαλὼδη,
2886 396 2954 451 τά
2981 396 3161 469 βύθια,
3185 397 3254 451 τά
3274 399 3549 471 πετρώδη.

303 492 414 547 ἀπὸ
460 492 568 545 τῶν
619 492 946 563 ίσημερινῶν
991 492 1168 545 τόπων
1230 492 1620 564 ἀνατελλούσης
1642 536 1656 559 ,
1709 494 1764 546 οἵ
1817 511 1877 548 τε
1979 489 2047 541 τὰ
2067 488 2315 558 ἀγελαῖα,
2340 489 2407 543 τά
2428 489 2743 562 σποραδικά,
2771 489 2840 542 τά
2869 492 3028 562 κήτη,
3056 489 3124 543 τὰ
3155 487 3454 563 ὑπέρογκα,
3481 490 3553 544 τά

304 584 719 656 προσοικοῦντες
767 587 830 655 τῇ
880 584 1418 655 κατεψυγμένῃ,ηκαὶ
1448 585 1551 638 ύπὸ
1578 586 1675 649 τάς
1720 603 1873 657 περι-ν
1977 580 2278 634 λεπτότατα
2326 581 2436 633 τῶν
2487 580 2703 651 ἰχθύων.
2734 580 2814 653 Τῇ
2851 580 2958 654 γὰρ
2992 582 3127 653 αὐτῇ
3172 581 3399 653 δυνάμει
3453 581 3551 637 καὶ

304 678 545 748 στροφάς
587 676 687 745 τῆς
733 678 933 748 ἄρκτου
976 678 1214 747 κείμενοι
1249 676 1742 747 μεταλαμϐάνουσι,
1783 678 1877 731 καὶ
1976 672 2053 744 τῷ
2079 674 2177 746 ῐσῳ
2210 673 2588 745 προστάγματι
2616 676 2676 727 τό
2706 692 2764 727 τε
2796 674 2940 746 μέγα
2992 674 3086 729 καὶ
3116 673 3176 727 τὸ
3225 673 3418 747 μικρὸν
3453 693 3547 747 με-

299 772 350 822 oi
382 768 523 823 κατά
545 768 614 821 τά
646 769 798 821 κοῖλα
826 769 926 838 τῆς
960 769 1305 841 μεσημϐρίας
1322 770 1418 839 τῆς
1444 768 1877 841 διακεκαυμένης
1976 765 2303 835 ταλαγχάνει
2333 766 2426 818 τοῦ
2454 761 2610 818 εἶναι.

298 864 543 932 γείτονες
565 880 578 892 ο
633 858 713 926 οἷς
752 863 883 915 πᾶσι
912 861 1052 914 κατά
1090 862 1149 914 τὸ
1182 862 1379 925 πλάτος
1411 862 1873 932 ἀντιπαρήκουσα,
2048 856 2207 919 lbid.,
2234 857 2329 913 lin.
2364 856 2455 913 27.
2494 858 2568 911 Τὰ
2591 857 2863 927 ἀγελαῖα,
2899 856 2971 911 τὰ
3001 855 3357 927 σποραδικά.
3394 857 3547 913 Οἰερ·

297 954 644 1025 σαφεστάτην
674 955 978 1026 μαρτυρίαν
995 954 1085 1007 τοῦ
1144 955 1404 1026 μεγέθους
1434 954 1747 1025 παρέχεται.

1977 964 2058 1013 ro,
2119 942 2334 1003 Tuscul.
2362 966 2416 1011 γ,
2457 948 2795 1020 Congregata
2820 944 2891 1004 ἐι
2923 950 3185 1020 solivaga.
3223 948 3542 1006 Theodorus

372 1045 536 1110 lbid.,
566 1047 660 1099 lin.
698 1046 782 1100 18.
823 1044 932 1099 Kal
965 1047 1182 1111 εὐθέως
1225 1046 1262 1114 ἡ
1294 1045 1410 1114 μὲν
1438 1044 1738 1101 θάλασσα.
1774 1045 1847 1101 Ba

1976 1038 2142 1103 Gaza,
2176 1038 2428 1110 Grcgalia
2474 1049 2529 1095 et
2562 1036 2832 1107 incivilia;
2866 1053 2992 1095 nam
3022 1051 3076 1095 et
3100 1042 3422 1098 Aristoteles
3452 1043 3544 1098 do-

293 1135 476 1199 silius,
535 1136 680 1189 hom.
736 1137 801 1190 7:
831 1132 1001 1188 ’Ἦλθε
1048 1138 1398 1208 πρόσταγμα,
1431 1138 1525 1190 καὶ
1582 1138 1743 1201 εὐθὺς
1780 1156 1848 1191 κα

1975 1137 2062 1184 cet
2124 1144 2139 1182 ι
2177 1129 2251 1183 De
2272 1129 2396 1183 hist.
2421 1130 2610 1195 anim.,
2656 1145 2775 1200 cap.
2811 1133 2863 1197 1,
2886 1148 2949 1187 ex
2987 1132 3318 1203 gregalibus,
3352 1149 3543 1204 quem-

292 1229 531 1297 ποταμοὶ
571 1228 807 1299 ἐνεργοὶ,
857 1228 950 1280 καὶ
1002 1227 1186 1297 λίμναι
1220 1229 1454 1298 γόνιμοι,
1508 1228 1616 1283 τῶν
1660 1230 1848 1283 οἰκείω

1975 1220 2267 1275 admodum
2314 1232 2367 1275 et
2397 1235 2463 1275 ex
2523 1221 2784 1278 solitariis
2830 1222 3080 1293 quaedam
3118 1241 3239 1281 esse
3265 1225 3537 1293 πολιτικά,

290 1318 522 1371 ἕκαστον
553 1318 730 1372 αὐτῶν
789 1319 881 1372 καὶ
928 1320 1069 1373 κατὰ
1122 1320 1282 1389 φύσιν
1329 1320 1520 1389 γενῶψ
1560 1322 1654 1374 καὶ
1704 1323 1737 1393 ἡ
1780 1322 1875 1376 θά-
1975 1313 2176 1379 είνίιίθ,
2206 1314 2452 1383 quaedam
2478 1316 2800 1386 σποραδικά.

289 1410 469 1463 λασσα
514 1412 582 1464 τά
629 1412 948 1466 παντοδαπὰ
977 1413 1106 1483 γένη
1154 1413 1261 1466 τῶν
1291 1412 1516 1468 πλωτῶν
1567 1414 1743 1481 ὢδινε,
1778 1418 1871 1469 καὶ

287 1499 414 1553 οὐδὲ
454 1501 575 1553 ὅσον
605 1502 660 1553 ὲν
710 1501 848 1554 ἰλύσι
894 1503 987 1557 καὶ
1018 1504 1247 1572 τέλμασι
1275 1503 1368 1556 τοῦ
1414 1504 1603 1568 ὓδατος
1634 1502 1723 1576 ἦν,
1751 1507 1870 1560 οὐδὲ

283 1592 450 1645 τοῦτο
476 1593 644 1663 ἀργὸν
668 1594 1044 1666 ούδὲ·ἄμοιρον
1083 1596 1180 1666 τῆς
1214 1596 1353 1650 κατὰ
1389 1597 1488 1668 τὴν
1522 1599 1696 1651 κτίσιν
1743 1615 1868 1655 συν-

285 1683 505 1747 τελείας
535 1684 819 1756 άπέμεινε.

361 1798 524 1862 lbid.,
558 1800 657 1853 lin.
688 1800 775 1855 19.
813 1800 934 1855 Τῶν
960 1802 1072 1871 γὰρ
1108 1802 1382 1857 ἐναλίων.
1414 1803 1673 1871 Basilius,
1713 1809 1859 1861 hom.

282 1891 319 1942 ’ἲ
360 1909 374 1945 :
418 1890 666 1945 Μάλιστα
712 1894 809 1962 μὲν
855 1894 1091 1963 ἀμφίϐια
1142 1893 1209 1947 τὰ
1250 1894 1417 1948 πολλά
1445 1896 1647 1951 τούτων
1696 1899 1841 1951 ἐστὶν

281 1975 400 2035 οἷον
429 1982 633 2050 φῶκαι,
664 1986 755 2037 καὶ
787 1985 1134 2056 κροκόδειλοι,
1171 1988 1265 2039 καὶ
1308 1989 1357 2040 οἱ
1400 1990 1653 2058 ποτάμιοι
1685 1990 1860 2053 ἵπποι,

281 2075 382 2127 καὶ
418 2075 696 2147 βάτραχοι,
734 2078 828 2131 καὶ
860 2082 1137 2150 καρκῖνοι·
1174 2079 1287 2132 ἀλλ’
1320 2076 1412 2134 οὖν
1452 2081 1860 2153 προηγούμενον

2041 1422 2201 1488 lbid.,
2234 1425 2329 1479 lin.
2363 1426 2454 1480 28.
2497 1429 2863 1498 Συττένειανη
2887 1432 3035 1500 πρὸς
3063 1432 3129 1486 τὸ
3163 1432 3339 1501 ὕδωρ.
3383 1433 3539 1489 Basi-

1973 1515 2097 1579 lius,
2134 1516 2280 1571 ltom.
2315 1516 2345 1569 7
2374 1535 2387 1570 :
2420 1517 2787 1589 Ἐξαγιιγέτω
2821 1522 2893 1576 τὰ
2912 1522 3118 1578 ὕδατα.
3151 1525 3406 1591 Ἐξείξεσι
3437 1529 3537 1598 τὴν

1971 1605 2204 1675 φυσικὴν
2229 1606 2337 1659 τῶν
2366 1608 2578 1680 νηκτῶν
2606 1610 2741 1681 πρὸς
2767 1611 2827 1664 τὸ
2867 1612 3008 1684 ὕδωρ
3059 1615 3375 1683 συγγένειαν
3409 1634 3423 1646 ο
3455 1618 3537 1670 διὸ

1972 1694 2165 1765 μικρὸν
2196 1699 2244 1749 οἱ
2274 1697 2452 1767 ἰχθύες
2472 1700 2830 1772 χωρισθέντες
2864 1703 2955 1756 τοῦ
2986 1704 3171 1769 ὓδατος
3198 1705 3534 1777 διαφθείρον-

1967 1807 2078 1844 ται.
2114 1790 2248 1844 Ούδὲ
2277 1791 2386 1863 γὰρ
2426 1792 2643 1864 ἔχουσιν
2686 1797 2981 1868 ἀναπνοὴν,
3038 1797 3177 1851 ὥστε
3218 1799 3394 1853 ἕλκειν
3439 1800 3532 1852 τὸν

1966 1881 2104 1953 ἀέρα
2136 1881 2324 1937 τοῦτον
2359 1900 2374 1915 ο
2408 1884 2524 1937 ἀλλ’
2566 1888 2705 1959 ὅπερ
2744 1891 2856 1952 τοῖς
2901 1892 3175 1961 χερσαίοις
3216 1893 3362 1945 ἐστὶν
3400 1893 3529 1965 ἀὴρ,

1964 1970 2122 2024 τοῦτο
2143 1971 2222 2043 τῷ
2253 1972 2447 2045 πλωτῷ
2481 1972 2628 2045 γένει
2666 1979 2726 2032 τὸ
2758 1978 2919 2051 ὕδωρ.

2035 2083 2193 2148 lbid.,
2222 2086 2319 2139 lin.
2360 2088 2449 2141 50.
2492 2089 2556 2143 Ἠ
2578 2090 2689 2159 γὰρ
2716 2093 2833 2145 τῶν
2855 2093 3212 2163 ,ϐραγχείωφκ
3272 2095 3526 2159 Basilius.

278 2166 399 2237 ἔχει
430 2167 491 2219 τὸ
524 2171 795 2239 νηκτικόν.
828 2168 1058 2235 Plinius,
1104 2171 1200 2225 lib.
1236 2188 1409 2236 xxx",
1440 2188 1561 2243 cap.
1598 2175 1656 2226 11
1694 2193 1707 2227 ;
1742 2173 1848 2227 lam

1964 2173 2112 2229 hom.
2143 2176 2174 2228 7
2206 2196 2217 2230 :
2252 2179 2413 2249 Καὶὴ
2456 2181 2604 2235 αἰτία
2644 2182 2797 2255 δήλη,
2834 2186 2914 2237 ὅτι
2938 2186 3069 2255 ἡμῖν
3108 2188 3136 2237 ὁ
3162 2187 3413 2258 πνεύμων
3442 2189 3530 2257 ἐγ·-

1896 1766 1938 1820 Β

278 2259 567 2323 caniculte,
608 2259 919 2324 dromones,
954 2270 1213 2326 cornuue,
1260 2263 1444 2334 gladii,
1500 2279 1664 2318 Serra:
1715 2280 1862 2319 com-

279 2367 590 2421 munesque
625 2353 783 2416 mari,
816 2360 994 2419 terrae,
1048 2357 1194 2408 amni
1230 2357 1622 2426 hippopotami,
1671 2372 1860 2412 croco-

277 2441 380 2495 ui.li
414 2461 426 2497 :
460 2452 511 2497 et
542 2444 685 2497 amni
722 2452 956 2509 tantum,
992 2462 1055 2501 ac
1088 2446 1246 2511 mari,
1271 2447 1501 2517 thymni,
1528 2447 1857 2518 thymnides,

278 2533 462 2598 siuti,
513 2537 775 2601 coracini,
828 2553 1037 2607 pereas;
1092 2546 1145 2593 et
1178 2538 1272 2592 lib.
1333 2555 1408 2603 ix,
1440 2555 1560 2609 cap.
1593 2541 1648 2607 3,
1682 2541 1749 2596 de
1777 2544 1859 2596 In-

275 2624 391 2679 dici
437 2626 604 2680 maris
647 2626 841 2683 belluis
875 2643 1181 2682 sermonem
1205 2629 1409 2685 habens
1439 2649 1451 2683 :
1483 2628 1715 2695 Exeunt,
1759 2635 1855 2698 ait,

270 2725 329 2770 et
360 2718 535 2785 pecori
562 2718 761 2773 similes
799 2720 985 2774 bellua:
1022 2719 1095 2772 ibi
1124 2722 1177 2773 in
1210 2732 1427 2785 terram,
1460 2732 1723 2793 pastazque
1764 2742 1856 2778 ra-

272 2810 423 2864 dices
453 2811 718 2879 fructuum
753 2822 1005 2877 remeant,
1030 2822 1079 2867 et
1106 2816 1349 2885 quwdam
1376 2832 1647 2883 equorum,
1676 2818 1857 2871 asino-

270 2920 422 2966 rum,
453 2916 727 2957 taurorum
750 2906 1008 2973 capitibus
1031 2923 1147 2976 quw
1173 2906 1528 2976 depascuntur
1554 2920 1695 2966 sata.
1719 2909 1853 2966 Vide

273 2997 520 3053 Plinium
556 3000 648 3054 lib.
682 3017 759 3061 Ix.
798 3016 918 3069 cap.
952 3000 1038 3066 19,
1068 3009 1120 3055 et
1149 3017 1269 3071 cap.
1306 3002 1394 3069 57,
1425 3010 1478 3057 et
1508 3004 1849 3069 Athenaeum,

1964 2280 2139 2318 κειται
2166 2267 2358 2338 ἀραιὸν
2385 2271 2478 2323 καὶ
2510 2271 2813 2344 πολύπορον
2862 2275 3187 2346 σπλάγχνον,
3237 2277 3266 2329 ὂ
3305 2279 3393 2331 διὰ
3428 2279 3528 2349 τῆς

1961 2355 2056 2408 τοῦ
2092 2355 2340 2427 θώρακος
2375 2362 2659 2433 οιαστολῆς
2703 2364 2794 2416 τὸν
2848 2366 2986 2436 ἀέρα
3015 2366 3321 2438 δεχόμενον,
3353 2371 3413 2423 τὸ
3443 2370 3527 2423 ἕν-

1960 2446 2049 2500 δον
2071 2449 2226 2519 ἡμῶν
2260 2450 2460 2521 θερμόν
2495 2452 2846 2525 διαρῤιπίζει,
2894 2459 2987 2510 καὶ
3020 2459 3307 2530 ἀναψύχει.
3354 2464 3527 2516 Ἐκεί-

1960 2558 2072 2604 νοις
2094 2541 2151 2594 δὲ
2177 2544 2210 2613 ἡ
2246 2543 2354 2596 τῶν
2382 2543 2653 2618 βραγχίων
2672 2549 2921 2621 διαστολὴ
2944 2552 3038 2605 καὶ
3068 2554 3352 2620 ὲπίπτυξις
3376 2558 3527 2627 δεχο-

1964 2633 2139 2704 μένων
2160 2635 2220 2687 τὸ
2242 2634 2387 2707 ὕδωρ
2419 2639 2513 2692 καὶ
2548 2639 2788 2695 διῖέντων
2825 2643 2912 2696 τὸν
2935 2644 3035 2714 τῆς
3064 2645 3338 2717 ἀναπνοῆς
3367 2647 3527 2717 λόγον

1958 2724 2281 2797 ἀναπληροῖ.
2331 2725 2445 2783 Hoc
2466 2729 2605 2783 idem
2629 2735 2793 2787 sentit
2815 2733 3158 2801 Aristoteles,
3188 2753 3247 2791 ιιι
3272 2736 3351 2791 De
3378 2748 3522 2807 part,

1960 2810 2158 2876 anim.,
2193 2826 2315 2881 cap.
2366 2812 2420 2880 6,
2468 2813 2595 2868 dum
2635 2818 2731 2886 ait,
2778 2818 3010 2888 piscium
3053 2821 3264 2875 null-um
3327 2823 3528 2877 habere

1957 2901 2294 2970 pulmonem,
2336 2905 2432 2961 sed
2487 2921 2587 2975 pro
2631 2924 2696 2963 eo
2748 2908 3041 2965 branchias
3076 2911 3355 2977 obtinere;
3382 2927 3524 2982 aqua

1956 2992 2099 3046 enim
2123 2994 2303 3063 pisces
2323 2995 2734 3066 refrigerantur,
2769 3008 2829 3054 ut
2878 3016 3002 3055 aere
3038 3018 3158 3071 quze
3199 3004 3429 3072 spirant.
3459 3004 3522 3057 Et

267 3091 372 3146 lib.
409 3105 531 3155 vui,
551 3107 671 3162 pag.
703 3092 830 3145 248.
863 3090 1222 3157 Onesicritus,
1259 3094 1400 3163 apud
1426 3094 1771 3161 Strabonem,
1797 3112 1846 3153 c.
1880 3132 1925 3193 Ο
1955 3080 2051 3184 Ψ)-
2077 3098 2151 3146 ”,
2184 3098 2305 3193 ‘03P-
2340 3086 2393 3190 ξ»
2421 3087 2602 3191 Pisces.
2626 3089 2880 3193 Pl‘llmone
2896 3106 3103 3153 careres
3139 3101 3193 3147 εἴ
3224 3093 3522 3182 branchias

270 3183 367 3247 15,
401 3191 588 3236 narrat
617 3185 765 3237 circa
796 3182 1353 3253 Taprobanemlndia:
1379 3188 1585 3242 belluas
1610 3189 1848 3245 marinas

1958 3174 2078 3229 vice
2108 3175 2384 3244 pulmonis
2418 3180 2627 3234 sortiri.
2664 3181 3009 3251 Ambrosius,
3033 3185 3128 3241 lib.
3170 3203 3204 3240 v
3240 3174 3520 3257 Hexaem,

274 3273 552 3344 ancipites
582 3276 703 3329 vita:
730 3276 902 3339 nasci,
931 3276 1066 3330 alias
1088 3275 1261 3331 bobus
1284 3277 1507 3342 similes,
1526 3277 1660 3333 alias
1674 3279 1847 3349 equis,

268 3365 416 3420 alias
435 3367 603 3421 variis
619 3367 943 3422 animalibus
973 3369 1345 3424 terrestribus.
1370 3370 1524 3440 Κήτη
1538 3370 1593 3422 δὲ
1616 3371 1850 3441 ἀμφίϐια

265 3459 403 3530 περὶ
424 3458 589 3529 αὐτὴν
602 3459 945 3527 γίνεσθαι,τά
964 3461 1060 3531 μὲν
1077 3460 1246 3530 βουσὶ,
1262 3461 1326 3515 τά
1337 3461 1378 3513 δ’
1402 3462 1605 3527 ἵπποις,
1625 3462 1692 3515 τὰ
1709 3463 1753 3515 δ’
1766 3464 1852 3518 ἄλ-

266 3549 389 3611 λοις
404 3549 675 3619 χερσαίοις
710 3552 942 3607 ἐοικότα.
970 3553 1295 3609 Ambrosius
1325 3555 1452 3609 item
1489 3555 1582 3610 lib.
1621 3571 1653 3609 v
1684 3555 1791 3610 llex
1828 3576 1841 3612 :

267 3639 417 3704 Quin
461 3638 623 3691 etiam
670 3656 787 3692 cum
840 3641 1085 3711 pleraque
1135 3643 1287 3710 pedes
1337 3642 1579 3707 habeant,
1632 3654 1679 3697 et
1728 3662 1846 3698 am-

266 3732 494 3785 bulandi
515 3750 688 3796 usum,
707 3750 765 3787 eo
781 3734 919 3804 quod
939 3737 1042 3789 sint
1060 3736 1343 3804 amphibia,
1360 3754 1476 3806 qua:
1499 3737 1575 3791 vel
1603 3739 1655 3791 in
1674 3739 1844 3807 aquis,

265 3825 348 3878 vel
376 3826 431 3877 in
462 3835 605 3879 terra
626 3827 820 3890 vivunt,
849 3838 957 3882 etc.
982 3826 1174 3893 Varro,
1196 3845 1250 3883 IV
1285 3828 1362 3895 De
1393 3829 1572 3899 lingua
1619 3828 1844 3883 Latina:

268 3916 447 3971 Graaci
475 3935 538 3971 ea
569 3935 685 3987 qua’
710 3921 763 3973 in
797 3937 937 3991 aqua
961 3931 1009 3974 et
1031 3921 1084 3974 in
1116 3930 1255 3974 terra
1286 3930 1503 3991 possunt
1546 3923 1706 3975 virere
1751 3939 1844 3975 vo-

263 4018 395 4062 cant
426 4010 709 4078 amphibia.
742 4011 1060 4079 Columella,
1093 4014 1186 4066 lib.
1231 4028 1348 4078 vni,
1382 4027 1504 4083 cap.
1541 4012 1640 4067 12:
1687 4012 1844 4066 Venio

265 4118 410 4154 nunc
437 4101 508 4154 ad
536 4118 625 4156 eas
661 4120 783 4157 aves
808 4121 937 4174 quas
964 4102 1135 4158 Graeci
1164 4105 1457 4175 ἀμφιϐίους
1486 4114 1691 4168 vocant,
1719 4106 1843 4175 quia

264 4213 376 4249 non
414 4206 623 4251 tantum
672 4201 961 4264 terrestria,
994 4200 1083 4253 sed
1119 4200 1377 4270 aquatilia
1406 4216 1606 4270 quoque
1638 4199 1843 4254 deside-

262 4302 392 4344 rant
420 4291 649 4360 pabula;
680 4309 769 4346 nec
820 4293 986 4362 magis
1024 4292 1181 4347 humo
1210 4310 1368 4362 quam
1398 4304 1585 4363 stagno
1626 4311 1843 4348 consue-

1956 3279 2079 3335 cap.
2101 3266 2156 3332 4,
2188 3267 2313 3322 item
2362 3270 2457 3337 ait,
2483 3270 2626 3340 quod
2654 3274 2864 3329 caeteris
2894 3274 3265 3331 animantibus
3285 3286 3369 3333 est
3401 3294 3516 3345 aer,

1955 3353 2059 3409 hoc
2080 3355 2325 3424 piscibus
2377 3374 2501 3415 esse
2539 3374 2759 3429 aquam,
2804 3371 2960 3416 extra
2998 3378 3159 3433 quam
3200 3366 3381 3421 vivere
3415 3384 3516 3421 nc-

1951 3455 2158 3515 queunt
2178 3448 2322 3503 sicut
2346 3452 2642 3506 intercluso
2667 3452 2892 3522 spiritus
2924 3465 3228 3511 commeatu
3257 3458 3518 3514 animalia

1952 3538 2124 3592 emori
2149 3554 2373 3595 necesse
2395 3552 2497 3596 est.
2531 3541 2810 3612 Oppianus
2850 3545 3100 3601 Ἀλιευτ.
3138 3563 3178 3600 ιι
3213 3567 3227 3603 :

2011 3631 2121 3686 Καὶ
2150 3633 2260 3701 γὰρ
2287 3634 2383 3687 καὶ
2414 3635 2742 3690 νεπόδεσσι
2772 3639 3095 3707 πωίρῤοος
3116 3641 3353 3696 ἕλκεται
3376 3643 3512 3712 ἀήρ.

1949 3723 2024 3779 De
2046 3725 2147 3780 hac
2187 3728 2484 3795 quaestione
2511 3724 2742 3792 Plinius,
2778 3730 2872 3784 lib.
2905 3746 2982 3797 ιχ,
3003 3746 3126 3803 cap.
3156 3734 3206 3798 7,
3243 3741 3297 3790 et
3318 3734 3514 3793 Caelius

1949 3815 2313 3888 Rhodiginus,
2347 3818 2444 3873 lib.
2471 3836 2543 3886 1v,
2568 3833 2690 3891 cap.
2728 3821 2817 3875 15.

2015 3929 2174 3995 lbid.,
2197 3931 2293 3985 lin.
2317 3932 2405 3986 53.
2427 3932 2578 3987 Οὐδὲ
2592 3938 2728 4002 παρ’
2758 3936 2961 4003 αὐτοῖς
2974 3936 3043 4002 ἐξ
3072 3939 3372 4007 ἡμισείας.
3411 3941 3515 3995 Bat-

1947 4022 2123 4088 silius,
2152 4022 2296 4078 liom.
2328 4024 2358 4076 7
2382 4042 2395 4077 :
2418 4024 2583 4079 Οὐδὲν
2614 4026 2765 4099 παρὰ
2788 4030 2899 4092 τοῖς
2928 4029 3133 4099 ἰχθύσιν
3167 4030 3225 4096 ἐξ
3260 4033 3514 4102 ἡμισείας

1946 4112 2215 4166 ὥπλισται
2245 4117 2359 4179 τοῖς
2386 4114 2615 4181 ὀδοῦσιν,
2646 4117 2722 4181 ὡς
2760 4118 2886 4188 βοῦς
2910 4121 3037 4188 παρ’
3068 4121 3197 4191 ἡμῖν
3248 4122 3343 4175 καὶ
3376 4125 3512 4192 πρό-

1947 4204 2126 4259 ϐατον.
2161 4206 2295 4258 Οὐδὲ
2324 4205 2432 4277 γὰρ
2452 4208 2755 4279 μηρυκάζει
2781 4226 2833 4262 τι
2864 4211 2994 4281 παρ’
3025 4211 3225 4275 αὐτοῖς,
3250 4215 3298 4266 εί
3324 4212 3397 4285 μὴ
3418 4214 3512 4267 τὸν

1944 4298 2143 4368 σκάρον
2168 4299 2325 4370 μόνον
2370 4300 2641 4370 ἱστοροῦσί
2686 4319 2848 4365 τινες.
2895 4303 3078 4356 Πάντα
3119 4304 3175 4359 δὲ
3228 4305 3512 4371 ὀξυτάταις

265 4392 394 4436 runt
419 4399 437 4435 :
463 4383 677 4453 ejusque
706 4384 907 4453 generis
939 4400 1094 4437 anser
1130 4385 1388 4453 praecipue
1416 4385 1628 4438 rusticis
1657 4393 1840 4453 gratus

1951 4390 2145 4459 ἀκμαῖς
2173 4390 2398 4445 ὀδόντων
2445 4394 2958 4459 καταπεπύκνωται,
3005 4396 3088 4449 ἴνα
3119 4397 3193 4467 μὴ
3224 4399 3288 4466 τῇ
3322 4396 3513 4468 χρονίᾳ

263 4483 370 4528 est.
415 4473 542 4530 Hinc
569 4474 764 4529 Cicero
791 4479 1003 4530 vocavit
1042 4477 1291 4544 ancipites
1327 4476 1542 4541 bestias,
1581 4477 1675 4531 lib.
1718 4493 1731 4530 ι
1768 4476 1841 4530 De

1951 4482 2179 4552 μασήσει
2204 4485 2236 4552 ἡ
2258 4483 2430 4555 τροφὴ
2472 4484 2698 4559 διαρῤέῃ
2735 4503 2748 4516 ·
2786 4487 2977 4557 ἔμελλε
2999 4486 3129 4558 γὰρ,
3164 4489 3211 4539 εἰ
3238 4486 3312 4557 μὴ
3343 4484 3511 4552 ὀξέως

266 4574 382 4616 nat.
426 4567 643 4617 deorum
682 4582 699 4618 :
729 4566 1029 4619 Bestiarum
1051 4576 1225 4620 autem
1259 4576 1477 4621 terrena:
1507 4576 1644 4630 sunt
1691 4565 1836 4628 alite,

264 4658 464 4725 partim
520 4659 813 4726 aquatiles,
860 4659 984 4712 alite
1022 4660 1174 4729 quasi
1220 4660 1470 4728 ancipites
1522 4660 1575 4712 in
1620 4668 1840 4729 utraque

266 4750 389 4803 sede
430 4751 672 4804 viventes.

342 4860 501 4925 lbid.,
549 4864 645 4917 lin.
670 4864 756 4919 25.
799 4866 872 4918 Τὰ
896 4865 963 4917 δὲ
992 4865 1263 4925 ζωοτόκιι.
1298 4865 1552 4930 Basilius,
1593 4864 1740 4918 hom.
1768 4866 1834 4921 7:

277 4944 653 5016 Ἐξαγαγέτω
682 4952 752 5002 τὰ
780 4950 969 5002 ὕδατα
990 4949 1225 5018 ἑρπετά.
1268 4951 1355 5002 Ἐν
1376 4949 1581 5011 τούτοις
1602 4952 1712 5011 τοῖς
1754 4967 1841 5019 μι-

264 5038 419 5107 κροῖς
452 5037 659 5106 ῥήμασι
700 5038 752 5090 τί
797 5044 1050 5109 παρεῖται
1084 5041 1268 5109 γένος;
1323 5040 1374 5092 τί
1425 5041 1524 5092 οὐκ
1558 5039 1839 5109 ἐμπεριεί-

266 5124 468 5196 ληπται
508 5128 585 5198 τῷ
624 5132 1001 5201 προστάγματι
1052 5134 1152 5202 τῆς
1194 5133 1593 5203 δημιουργίας;
1650 5133 1723 5184 Οὐ
1771 5131 1839 5185 τὰ

266 5217 656 5286 ζωοτοκοῦντα,
692 5218 801 5276 οἷον
848 5225 1049 5293 φῶκαι,
1084 5227 1176 5278 καὶ
1214 5224 1473 5292 δελφῖνες,
1501 5224 1594 5276 καὶ
1616 5224 1836 5294 νάρκαι,

265 5315 361 5366 καὶ
384 5316 452 5368 τὰ
474 5316 637 5386 ὅμοια
663 5318 869 5383 τούτοις
889 5320 957 5373 τά
985 5320 1186 5390 σελάχη
1208 5319 1509 5389 λεγόμενας
1538 5319 1597 5370 ού
1629 5316 1697 5369 τὰ
1740 5317 1840 5369 ibo-

264 5408 422 5469 τόκα,
455 5408 597 5482 ἅπερ
621 5413 734 5465 ἐστί
762 5413 939 5466 πάντα
969 5413 1153 5483 σχεδὸν
1192 5412 1299 5465 τῶν
1333 5411 1529 5482 ἰχθύων
1566 5410 1633 5463 τὰ
1664 5410 1792 5479 γένη
1822 5424 1836 5470 ;

265 5499 364 5569 οὐχ
408 5501 508 5553 ὅσα
549 5503 832 5570 φολιδωτὰ,
888 5506 987 5574 οὐχ
1040 5501 1119 5568 οἷς
1150 5506 1263 5557 ἐστι
1313 5502 1600 5574 πτερύγια,
1637 5502 1732 5555 καὶ
1758 5496 1838 5564 οἷς

271 5593 344 5660 μή
376 5594 556 5659 ἑστιν;

343 5679 497 5749 lbid.,
540 5686 637 5739 lin.
692 5687 781 5741 25.
831 5692 1032 5743 Μόνον
1052 5688 1119 5740 δὲ
1152 5685 1547 5754 προσέταξεν.
1581 5684 1832 5749 Basilius,

269 5772 417 5832 hom.
442 5776 472 5829 7
507 5796 519 5832 :
556 5778 915 5849 Ἐξαγαγέτω
938 5781 1008 5836 τὰ
1039 5780 1227 5834 ὕδατα
1245 5778 1483 5848 ἑρπετά.
1504 5778 1590 5830 Ἐν
1624 5777 1835 5840 τούτοις

1944 4576 2391 4647 κατατεμνομένη
2413 4580 2477 4648 τῇ
2507 4579 2702 4651 γαστρὶ
2723 4578 3131 4650 παρεπέμπετο,
3152 4564 3217 4632 ’ἐν
3235 4582 3299 4649 τῇ
3319 4580 3512 4632 λεπτος

1944 4669 2159 4738 ποιήσει
2197 4668 2567 4740 διαφορεῖσθαι
2623 4671 2716 4724 τοῦ
2766 4672 2973 4734 ὓδατος.
3014 4672 3340 4726 Aristoteles
3402 4671 3508 4726 hoc

1942 4758 2105 4822 idem,
2126 4773 2225 4814 nec
2252 4758 2498 4827 ejusdem
2532 4774 2754 4815 causam
2776 4762 3018 4814 eamdem
3037 4775 3160 4815 cum
3185 4760 3286 4814 huc
3316 4769 3504 4817 nostri.

1943 4858 2167 4906 auctore
2223 4850 2419 4916 reddit,
2472 4852 2567 4905 lib.
2618 4869 2675 4905 ιιι
2722 4852 2792 4906 De
2824 4863 2966 4921 part.
2999 4853 3187 4915 anim.,
3246 4868 3297 4906 c.
3337 4852 3359 4904 1
3394 4852 3485 4942 :.O

1941 4942 1983 4993 6‘
2011 4941 2187 5012 ἰχθύες
2214 4942 2414 5006 πάντες
2459 4946 2565 4997 εἰσὶ
2613 4945 3054 5015 καρχαρόδοντες,
3091 4944 3227 5015 πλὴν
3263 4946 3356 4997 τοῦ
3391 4941 3502 5006 ἐνὸς

1938 5034 2033 5087 τοῦ
2067 5035 2399 5104 καλουμένου
2437 5036 2660 5107 σκάρου.
2702 5037 2891 5089 Πολλοὶ
2919 5037 2961 5089 δ’
2987 5037 3167 5105 έχουσι
3194 5036 3286 5087 καὶ
3306 5037 3363 5086 ἐν
3389 5037 3508 5096 ταῖς

1941 5126 2205 5195 γλώτταις
2232 5127 2447 5189 ὀδόντας
2469 5128 2561 5181 καὶ
2596 5131 2653 5181 ὲν
2679 5131 2789 5192 τοῖς
2815 5130 3082 5200 οὐρανοῖς.
3107 5126 3307 5180 Τούτου
3344 5126 3388 5177 δ’
3420 5124 3506 5177 αῖ·-

1940 5236 2052 5271 τιον
2082 5220 2162 5272 ὅτι
2189 5220 2481 5287 ἀναγκαῖον
2510 5222 2567 5273 ὲν
2603 5221 2788 5293 ὑγροῖς
2816 5216 2933 5274 οὖσι
2976 5217 3421 5289 παρεισδέχεσθαι
3444 5216 3503 5269 τὸ

1943 5310 2106 5380 ὑγρὸν
2134 5311 2248 5381 ἃμα
2279 5315 2344 5382 τῇ
2386 5316 2581 5383 τροφῇ,
2629 5313 2721 5365 καὶ
2748 5311 2904 5366 τοῦτο
2936 5312 3145 5382 ταχέως
3176 5310 3505 5380 ἐκπέμπειν.

1942 5403 2015 5455 Οὐ
2067 5403 2175 5475 γὰρ
2217 5403 2486 5474 ἐνδέχεται
2546 5404 2851 5466 λεαίνοντας
2905 5402 3197 5473 διατρίϐειν
3236 5418 3249 5430 ·
3304 5398 3505 5470 εἰσρέει

1940 5494 2048 5565 γάρ
2080 5493 2141 5545 τὸ
2170 5493 2333 5565 ὑγρὸν
2380 5497 2436 5547 ὲν
2484 5498 2549 5566 τῇ
2600 5494 2777 5565 κοιλία
2808 5513 2819 5524 ο
2844 5495 2929 5547 διὰ
2956 5493 3112 5547 τοῦτο
3142 5494 3342 5554 πάντες
3366 5489 3502 5543 εἰσὶν

1940 5588 2079 5651 ὀξεῖς
2104 5589 2236 5659 πρὸς
2255 5589 2350 5659 τὴν
2383 5588 2642 5660 διαίρεσιν
2667 5606 2678 5617 ·
2714 5588 2870 5642 πάλιν
2905 5589 3000 5642 καὶ
3032 5586 3234 5649 πολλοὶ,
3256 5588 3348 5640 καὶ
3375 5585 3505 5639 πο).-

1940 5682 2099 5753 λαχῆ,
2126 5686 2208 5736 ἵνα
2238 5684 2357 5736 ἀντὶ
2384 5684 2478 5736 τοῦ
2507 5682 2736 5737 λεαίνειν
2752 5686 2829 5747 είς
2848 5683 3014 5737 πολλά
3040 5682 3406 5755 κερματίζωσι

1943 5772 2151 5843 πλήθει.
2189 5773 2226 5824 Γ
2229 5772 2397 5842 αμψοὶ
2434 5772 2490 5826 δῖε
2517 5775 2606 5829 διὰ
2637 5774 2697 5829 τὸ
2727 5775 2823 5830 τὶν
2858 5775 3027 5842 ἀλκὴν
3060 5774 3244 5839 σχεδὸν
3283 5773 3498 5826 ἃπασαν
