4072 6342
500 300 614 359 879

1851 290 2095 348 LEONIS
2132 286 2407 346 ALLATII

515 423 697 485 αὐτοῖς
726 417 814 474 διὰ
834 417 1039 472 τούτων
1072 409 1231 469 εἶναι.
1282 412 1516 480 Plinius,
1562 413 1656 467 lib.
1706 425 1785 475 XI,
1817 425 1940 482 cap.
1988 410 2079 474 57,

2199 413 2363 462 autem
2411 404 2484 461 sit
2523 404 2626 461 hoc
2672 400 3012 476 μηρυκάζειν
3058 399 3261 471 optime
3300 396 3539 469 explicat
3576 393 3786 468 Oppia-

514 529 614 571 sua
640 513 710 568 ab
731 509 1022 567 Aristotele
1052 515 1358 573 mutuatus,
1383 508 1439 561 in
1464 519 1632 561 causa
1655 511 1841 560 tamen
1863 501 2083 558 traden-

514 609 580 662 da
598 608 667 664 ab
689 622 755 662 eo
778 605 1075 674 discrepat,
1093 602 1347 657 convenit
1366 614 1490 654 cum
1512 595 1825 654 Eustatbio.
1852 593 2090 649 Piscium

514 700 753 754 omnibus
780 696 996 762 serrati,
1019 703 1212 765 praeter
1232 705 1486 748 scarum:
1509 690 1630 744 huic
1650 689 1744 742 uni
1771 686 2090 758 aquatilium

511 793 678 863 plani.
706 789 968 847 Caeterum
988 789 1170 843 multis
1191 804 1373 842 eorum
1402 787 1458 840 in
1481 785 1683 856 lingua,
1702 791 1750 836 et
1785 789 1894 836 toto
1917 795 2006 834 ore
2033 784 2091 833 ut

516 883 671 939 turba
716 881 994 938 vulnerum
1028 879 1297 951 molliant,
1331 896 1449 950 qua:
1498 876 1691 931 attritu
1721 874 1957 945 subigere
1987 889 2092 926 non

495 986 727 1050 queant.
756 973 944 1028 Multis
970 982 1019 1028 et
1060 973 1115 1026 in
1156 971 1363 1043 palato,
1405 980 1560 1040 atque
1591 969 1754 1023 etiam
1803 966 1859 1020 in
1896 966 2087 1019 cauda.

513 1071 784 1126 Praeterea
804 1069 859 1121 in
893 1085 950 1122 os
974 1074 1255 1137 vergentes,
1275 1081 1337 1118 ne
1363 1061 1613 1118 excidant
1638 1060 1727 1114 ubi
1756 1057 1964 1113 nullum
1994 1058 2091 1111 ha-

516 1158 753 1215 bentibus
788 1155 1052 1211 retinendi
1083 1153 1491 1209 adminiculunt.

583 1339 747 1404 lbid.,
772 1338 869 1392 lin.
898 1337 986 1392 57.
1020 1330 1360 1402 Μηρυκάζει
1389 1329 1458 1385 δὲ
1490 1327 1672 1392 οὐδὲν
1708 1326 1883 1383 ἄλλο.
1935 1325 2092 1382 Basi-

513 1433 643 1498 lius,
675 1432 824 1486 bom.
859 1429 912 1492 7,
937 1428 1166 1482 Aristot.
1202 1440 1237 1479 ιι
1265 1423 1340 1477 De
1372 1423 1496 1475 hist.
1524 1420 1716 1481 anim.,
1760 1433 1883 1489 cap.
1920 1418 2010 1481 17,
2038 1425 2093 1472 et

515 1527 614 1583 lib.
638 1543 756 1594 vm,
789 1539 911 1595 cap.
946 1521 1196 1583 2.1dcm,
1228 1534 1288 1575 ιιι
1319 1517 1399 1573 De
1419 1525 1558 1585 part.
1591 1514 1839 1576 animal.,
1872 1526 1996 1583 cap.
2022 1511 2091 1567 14

517 1629 572 1676 et
595 1620 744 1674 alibi.
771 1616 1005 1679 Plinius,
1037 1615 1130 1669 lib.
1166 1629 1240 1678 ix,
1268 1627 1389 1682 cap.
1416 1611 1480 1664 17
1519 1627 1532 1665 :
1564 1607 1724 1664 Solus
1754 1606 1981 1676 piscium
2007 1605 2093 1661 di-

516 1714 654 1768 citur
692 1711 980 1774 ruminare,
1015 1706 1287 1776 herbisque
1328 1705 1484 1770 nesci,
1518 1719 1623 1757 non
1671 1701 1795 1755 aliis
1833 1699 2088 1769 piscibus,

517 1806 654 1859 mari
674 1800 962 1872 Carpathio
988 1800 1215 1854 maxime
1243 1797 1509 1867 frequens.
1540 1793 1658 1850 Etsi
1688 1792 1867 1849 Horus
1892 1792 2089 1863 Apollo
2121 1785 2162 1841 Β

514 1897 676 1951 aliter
703 1894 927 1957 sentiat,
974 1891 1051 1946 ait
1088 1891 1237 1946 enim
1292 1889 1439 1943 hunc
1490 1902 1681 1944 omnes
1727 1895 2088 1942 occursantes

514 1988 812 2062 pisciculos
864 1985 1143 2041 devorare.
1193 1978 1362 2046 Οὗτος
1411 1981 1520 2053 γὰρ
1555 1982 1716 2053 μόνος
1742 1978 1853 2033 τῶν
1890 1977 2090 2050 ἰχθύων

517 2082 832 2156 μηρυκᾶται
888 2079 984 2134 καὶ
1036 2078 1214 2132 πάντα
1273 2076 1344 2130 τὰ
1404 2074 1815 2146 προσπίπτοντα
1868 2071 2080 2143 ἰχθύδια

515 2178 705 2232 ἐσθίει.
728 2174 866 2230 Vide
897 2168 1179 2228 IElianum
1195 2169 1272 2224 De
1289 2169 1478 2225 histor.
1515 2169 1706 2232 anim.,
1742 2167 1838 2221 lib.
1875 2182 1915 2233 ι,
1947 2181 1998 2220 c.
2031 2164 2087 2230 2,

513 2270 613 2327 lib.
667 2285 731 2331 ιι,
785 2281 905 2336 cap.
942 2264 1035 2325 54.
1080 2263 1179 2317 lib.
1227 2276 1327 2325 xu,
1387 2276 1510 2332 cap.
1561 2260 1668 2327 ως
1737 2258 2088 2314 Ambrosium

521 2362 775 2418 Hexaem.
816 2358 915 2412 lib.
964 2372 1018 2420 v,
1053 2354 1267 2424 cap.6;
1314 2353 1631 2408 Athenaeum
1680 2350 1774 2406 lib.
1824 2366 1937 2417 vn;
1978 2348 2092 2403 Ma-

516 2454 787 2515 crobium,
843 2464 905 2504 ιιι
939 2446 1185 2510 Saturn.,
1234 2459 1357 2515 cap.
1401 2443 1503 2510 l6;
1560 2442 1804 2498 lsidorus
1848 2441 1946 2497 lib.
1987 2456 2088 2505 xu,

515 2563 637 2618 cap.
656 2546 711 2611 6,
727 2557 979 2601 escarum
996 2550 1155 2597 vocat
1171 2558 1183 2594 :
1197 2538 1450 2601 Escarus,
1472 2534 1670 2605 inquit,
1688 2533 1859 2588 dictus
1875 2550 1936 2588 eo
1952 2531 2091 2605 quod

517 2640 662 2696 solus
691 2654 865 2693 escam
909 2635 1179 2689 ruminarc
1214 2630 1534 2701 perhibetur.
1569 2627 1805 2698 Denique
1858 2625 1957 2679 alii
2000 2625 2089 2695 pi-

517 2750 628 2789 sces
660 2747 763 2785 non
781 2730 1072 2783 ruminant.
1106 2725 1253 2781 idem
1306 2732 1489 2777 tamen
1524 2719 1773 2777 scribunt
1820 2717 1991 2773 Arist.
2034 2732 2092 2772 Ix

517 2823 666 2879 Hist.
693 2822 883 2883 anim,
918 2834 1041 2890 cap.
1074 2817 1202 2880 nlt.,
1230 2816 1299 2872 de
1323 2815 1563 2886 quodam
1590 2812 1762 2884 pisce,
1790 2811 1882 2881 qui
1915 2809 2091 2882 μήρυξ

514 2922 766 2979 vocatur,
794 2911 888 2984 qui
916 2925 985 2966 an
1009 2925 1154 2966 unus
1194 2923 1320 2962 cum
1348 2919 1509 2963 scaro
1545 2918 1656 2959 non
1694 2909 1781 2958 est
1806 2901 2092 2973 praesentis

516 3008 739 3080 negotii.
792 3004 929 3060 lllud
968 3002 1103 3060 sane
1147 3000 1442 3056 ridiculum
1494 3004 1600 3061 est,
1631 3010 1661 3049 a
1693 2992 2089 3058 Rittershusio,

516 3116 727 3156 murem
742 3099 1020 3171 ponticum
1034 3095 1177 3151 inter
1196 3094 1376 3165 pisces
1394 3088 1746 3147 adnumerari
1756 3088 1904 3145 notis
1922 3088 1978 3143 in
1989 3088 2093 3159 Op-
2119 3126 2162 3187 α

516 3193 665 3265 pian.
693 3193 940 3247 Ἁλιευτ.
958 3189 995 3243 l.
1015 3204 1053 3253 ι,
1079 3201 1224 3242 vers.
1245 3185 1346 3239 154
1368 3227 1382 3250 ,
1405 3182 1716 3239 Aristotelis
1746 3181 1927 3237 verbis
1952 3181 2094 3236 male

519 3286 810 3345 intellectis
835 3284 1082 3353 decepto.
1106 3280 1260 3336 Dicto
1280 3279 1426 3335 enim
1469 3276 1590 3331 loco
1627 3275 1703 3329 ait
1744 3273 2097 3329 Aristoteles:

518 3390 807 3453 postquam
852 3374 1307 3433 determinaverat
1339 3368 1594 3424 animalia
1614 3407 1629 3433 ,
1659 3381 1780 3437 qua:
1819 3365 2102 3436 superiore

520 3471 712 3526 ordine
780 3469 1025 3524 dentium
1081 3471 1303 3529 carent,
1341 3461 1619 3515 ruminare
1644 3464 1702 3513 ut
1738 3457 1926 3520 boves,
1948 3472 2099 3522 oves,

519 3576 698 3632 capra:
757 3567 812 3615 et
870 3559 998 3624 alia,
1025 3555 1254 3612 dubium
1307 3552 1488 3608 adhuc
1542 3549 1879 3616 remanebat,
1927 3563 1997 3603 an
2035 3564 2102 3605 ex

521 3654 758 3710 dentatis
800 3652 1059 3721 utrinque
1081 3649 1152 3705 sit
1184 3646 1388 3702 animal
1434 3644 1656 3715 aliquod
1696 3644 2006 3708 ruminans,
2050 3651 2105 3698 et

519 3740 903 3815 respondendo
929 3741 1005 3793 ait
1028 3752 1150 3796 esse
1171 3737 1457 3801 nonnulla,
1484 3744 1544 3790 ut
1566 3751 1752 3791 mures
1786 3733 2027 3798 Pontici,
2050 3742 2105 3790 et

522 3838 723 3908 pisces,
763 3844 817 3890 et
866 3833 961 3904 qui
993 3833 1064 3888 ob
1107 3847 1227 3887 eam
1282 3845 1397 3886 rem
1444 3829 1734 3884 ruminalis
1788 3842 1819 3881 a
1873 3828 2105 3898 quibus-

522 3931 647 3985 dam
683 3925 1004 3998 appellatur.
1039 3923 1116 3979 lta
1147 3923 1291 3978 enim
1322 3922 1478 3976 locus
1516 3920 1608 3974 ille
1642 3917 1939 3975 vertendus
1963 3926 2103 3983 erat,

521 4020 914 4093 Μηρυκάζουσι
933 4019 990 4072 δὲ
1012 4017 1106 4072 καὶ
1130 4015 1238 4070 τῶν
1268 4013 1618 4086 ἁμφοδόντων
1647 4012 1785 4077 ἔνια,
1804 4013 1858 4066 οἵ
1886 4028 1946 4065 τε
1975 4012 2107 4082 μύες

508 4116 570 4167 οἱ
595 4112 867 4176 Ποντικοὶ,
892 4113 986 4167 καὶ
1017 4112 1068 4164 οἱ
1106 4108 1307 4181 ἰχθύες,
1337 4108 1433 4162 καὶ
1456 4106 1515 4160 ὃν
1548 4105 1804 4169 καλοῦσιν
1838 4105 1970 4159 ἔνιοι
1998 4104 2107 4159 ἀπὸ

521 4202 615 4258 τοῦ
645 4203 805 4275 ἔργου
831 4198 1236 4275 ΜήρυκαῺυιε
1262 4197 1449 4260 verba,
1476 4194 1730 4267 quamvis
1755 4195 1834 4249 ita
1856 4194 2108 4265 legantur

524 4298 593 4353 ab
628 4296 905 4360 omnibus,
952 4301 1212 4362 corrupta
1243 4304 1368 4346 esse
1400 4288 1626 4344 minime
1658 4286 1986 4349 dubitarim,
2021 4285 2106 4340 vel

524 4399 674 4447 certe
702 4387 1013 4444 Aristotelis
1053 4384 1291 4440 maxima
1318 4378 1818 4450 deprehenderetur
1862 4377 2102 4433 inscitia.

2190 515 2319 564 nus,
2368 497 2686 554 Ἁλιευτικ.
2719 514 2732 552 ι
2773 514 2788 550 :

2190 614 2298 670 Kal
2348 612 2603 686 σκάρον,
2650 614 2718 683 ὃς
2775 614 2851 683 δὴ
2889 609 3121 681 μοῦνος
3163 608 3234 663 ἐν
3276 605 3526 677 ισχθύσι
3588 602 3784 659 πᾶσιν

2758 755 2767 759 _
2921 756 2933 759 Α
3001 755 3017 759 Α
3110 749 3123 759 _
3316 747 3328 759 ι
3467 674 3783 759 [ἀγαύᾷρις

2192 766 2507 836 Φθέτγεται
2556 755 2849 830 ὶκμαλέην
2899 749 3202 820 λαλαγὴν,
3236 747 3335 803 καὶ
3380 744 3785 886 μοῦνοςῐὲᾷῇ

2195 909 2499 978 Ἀψορῤον
2553 900 2835 978 «patriam
2879 891 2998 978 ἀνὰ
3041 891 3239 978 ardua
3257 882 3784 978 ,δοιᾶζεροε-ὰῦθις

2191 955 2879 1048 Δίῖνίῦᾖέῦοςάιήλοισιν
2900 955 3223 1022 ἀναπτύών
3255 962 3362 1014 ἴσα
3383 955 3634 1029 φορϐὴν.

2193 1070 2260 1125 Ει
2293 1068 2546 1125 Ᾱῑιὶοιιιιδ
2585 1062 2754 1120 Suida
2787 1061 3011 1124 citante,
3041 1056 3219 1119 Μόνος
3252 1053 3282 1105 ὁ
3318 1050 3612 1113 θαλάσσιος
3645 1048 3781 1104 σκά-

2196 1179 2288 1234 ρος
2320 1160 2417 1233 τὴν
2443 1154 2649 1231 τροφὴν
2682 1152 2942 1208 ἁναπολεῖ
2997 1150 3186 1219 ὥσπερ
3235 1145 3332 1199 καὶ
3369 1142 3439 1197 τὰ
3486 1142 3779 1214 βλήχοντα,

2192 1255 2229 1310 ἂ
2259 1255 2325 1325 δὴ
2347 1253 2683 1326 μηρυκᾶται.
2702 1246 2879 1313 llujus
2900 1243 3144 1301 nominis
3170 1238 3517 1312 ignoratione
3540 1237 3783 1291 maxime

2194 1347 2563 1419 hallucinatus
2582 1350 2666 1399 est
2693 1341 2884 1398 Billius
2899 1339 2956 1394 in
2969 1336 3220 1394 versione
3243 1334 3461 1389 illorum
3488 1329 3781 1386 verborum

2192 1439 2386 1498 lsidori
2416 1437 2709 1494 Pelusiotae
2754 1434 2878 1489 libr.
2913 1446 2978 1498 ιι,
3008 1430 3171 1501 epist.
3205 1424 3483 1482 119εΤῶν
3518 1420 3672 1488 ζώων
3709 1419 3785 1475 τὰ

2196 1534 2293 1605 μὲν
2324 1529 2751 1604 διαμασσώμενα
2791 1526 2890 1598 τὴν
2922 1521 3133 1596 τροφὴν
3162 1518 3450 1586 ζωοτοκεῖ,
3483 1516 3556 1570 τὰ
3588 1514 3648 1569 δὲ
3680 1531 3783 1569 κα-

2191 1625 2484 1681 ταπίνοντα
2514 1622 2760 1677 ὠοτοκεῖ.
2797 1616 2892 1673 Sic
2931 1616 3078 1673 enim
3124 1613 3329 1669 vertit:
3359 1609 3445 1665 Ea:
3479 1609 3781 1665 animanti-

2194 1717 2289 1774 bus
2313 1734 2388 1774 ιω
2406 1722 2526 1789 'qutc
2558 1714 2732 1771 cibum
2761 1710 3056 1775 ruminant,
3088 1705 3349 1763 animalia
3376 1704 3636 1774 pariunt;
3660 1717 3780 1773 qui:

2192 1819 2368 1867 autem
2401 1810 2604 1875 bibunt,
2630 1823 2726 1863 ova
2749 1810 3048 1876 procreant.
3063 1794 3343 1870 Multiplex
3370 1794 3733 1853 ballucinatio
3759 1812 3775 1851 :

2190 1906 2379 1976 plures
2432 1904 2737 1958 animantes
2794 1905 2925 1955 sunt
2961 1894 3225 1965 vivipara:
3246 1906 3414 1963 quam
3448 1903 3573 1961 quae
3604 1886 3781 1943 rumi-

2192 2004 2345 2054 nant.
2378 1996 2437 2053 Si
2498 2009 2690 2051 omnes
2742 2004 2865 2063 quas
2922 1989 3121 2046 bibunt
3182 1984 3492 2040 animantes
3539 1979 3783 2051 oviparat

2192 2100 2345 2156 sunt,
2392 2098 2447 2146 et
2476 2102 2658 2144 vaccae
2703 2085 2893 2156 igitur,
2921 2090 2978 2139 et
3024 2078 3177 2152 equi,
3206 2087 3261 2133 et
3286 2090 3438 2145 oves,
3463 2081 3600 2139 etc.;
3632 2072 3780 2128 aliud

2192 2194 2277 2243 est
2301 2179 2705 2255 διαμασσᾶσθαι
2735 2177 2836 2249 τὴν
2876 2174 3113 2247 τροφήν,
3139 2169 3287 2227 aliud
3321 2169 3595 2243 μηρυκᾷν,
3628 2163 3781 2220 aliud

2192 2277 2504 2337 masticare,
2538 2270 2687 2327 aliud
2727 2268 3029 2332 ruminare,
3060 2264 3209 2321 aliud
3256 2261 3456 2326 πίνειν,
3491 2257 3643 2316 aliud
3678 2275 3781 2312 κα-

2191 2365 2437 2423 ταπίνειν
2469 2403 2485 2427 ,
2534 2361 2669 2417 illud
2735 2360 2927 2416 bibere
2975 2354 3286 2428 signiﬁcat,
3331 2352 3438 2407 hoc
3484 2348 3778 2421 deglutire.

2193 2460 2373 2528 Quare
2407 2457 2612 2528 optime
2642 2451 3033 2509 animadvertit
3080 2450 3139 2504 in
3187 2444 3443 2502 eumdem
3476 2443 3685 2507 locum,
3723 2449 3781 2497 et

2192 2547 2356 2604 vertit
2405 2541 2817 2601 Rittershusius
2852 2539 3265 2595 :Animantium
3323 2551 3387 2590 ea
3440 2549 3559 2607 qua:
3607 2531 3782 2587 cibum

2193 2640 2500 2704 masticant,
2525 2645 2680 2707 atque
2709 2635 3073 2691 comminuunt
3099 2630 3348 2701 vicipara:
3364 2636 3510 2696 sunt,
3525 2641 3644 2697 qua:
3662 2640 3781 2682 vero

2191 2731 2485 2804 deglutiunt
2533 2731 2820 2800 integrum,
2844 2727 3104 2796 ouiparre.
3132 2722 3211 2780 De
3259 2721 3634 2777 ruminatione
3662 2719 3784 2774 ani-

2193 2823 2417 2879 malium
2477 2822 2651 2877 multa
2706 2818 2989 2877 adnotavit
3041 2816 3362 2888 Hieronym.
3396 2813 3780 2879 Mercurialis,

2193 2913 2318 2969 libr.
2366 2929 2399 2968 v
2438 2911 2653 2968 Variar.
2705 2910 3009 2975 lectionum,
3057 2923 3181 2980 cap.
3228 2906 3320 2972 l3,
3362 2914 3420 2961 et
3465 2905 3645 2962 tribus
3693 2919 3787 2962 se-

2192 3008 2389 3074 quent.

2264 3093 2401 3149 Ibid.
2442 3093 2541 3179 lini.
2598 3090 2686 3147 58.
2747 3091 2925 3145 Ἔστι
2959 3088 3030 3144 δὲ
3061 3087 3163 3143 καὶ
3194 3089 3234 3156 ἡ
3267 3085 3484 3157 τροφή.
3517 3085 3783 3153 Basilius,

2201 3185 2350 3241 hom.
2392 3185 2423 3238 ’Ζ
2451 3203 2464 3239 :
2490 3177 2678 3256 Τροφὴ
2722 3181 2780 3236 δὲ
2827 3180 3025 3252 ἰχθύων
3052 3181 3232 3244 ἄλλοις
3260 3178 3397 3250 ἄλλη
3442 3177 3588 3233 κατὰ
3627 3177 3788 3248 γένος

2201 3279 2556 3352 διωρισμένη.
2597 3278 2663 3332 0i.
2723 3276 2821 3347 μὲν
2865 3274 2975 3347 γὰρ
3006 3272 3114 3328 ἰλύί
3136 3273 3451 3346 τρέφονται,
3484 3272 3539 3325 οἱ
3574 3270 3636 3325 δὲ
3671 3273 3787 3336 τοῖς

2204 3371 2438 3444 φυκίοις,
2476 3369 2623 3426 ἄλλοι
2654 3369 2713 3424 δὲ
2752 3371 2874 3433 ταῖς
2905 3367 3155 3440 βοτάναις
3196 3369 3319 3431 ταῖς
3359 3364 3789 3437 ὲντρεφομέναις

2202 3465 2280 3537 τῷ
2306 3465 2457 3519 ὕδατι
2488 3462 2803 3536 ἀρκοῦνται.
2845 3460 3236 3534 Ἀλληλοφάγοι
3272 3460 3330 3514 δὲ
3359 3459 3472 3514 τῶν
3509 3458 3709 3530 ἰχθύων
3738 3458 3791 3511 οἱ

2204 3558 2444 3612 πλεῖστοι
2459 3574 2472 3586 '
2496 3556 2590 3611 καὶ
2613 3556 2643 3609 ὁ
2673 3555 2993 3628 μικρότερος
3017 3554 3147 3626 παρ’
3169 3551 3400 3617 ἐκείνοις
3442 3551 3647 3624 βρῶμά
3668 3552 3791 3605 ἐστι

2203 3652 2297 3708 τοῦ
2325 3651 2584 3724 μείζονος.
2608 3649 2726 3705 Κᾶν
2751 3665 2882 3702 ποτε
2908 3646 3088 3719 συμϐῇ
3110 3646 3205 3701 τὸν
3227 3644 3320 3700 τοῦ
3347 3645 3629 3708 ἐλάττονος
3650 3660 3793 3716 κρει-

2204 3745 2447 3816 τήσοιντα
2503 3741 2692 3815 ἐτέρου
2739 3738 2995 3811 γενέσθαι
3054 3738 3299 3811 θήραμα,
3348 3736 3453 3791 ὑπὸ
3501 3736 3605 3809 τὴν
3659 3735 3793 3807 μίαν

2205 3836 2428 3907 ἄγονται
2480 3833 2724 3907 γαστέρα
2745 3832 2842 3888 τοῦ
2878 3832 3209 3887 τελευταίου.
3239 3830 3317 3888 De
3343 3829 3581 3901 piscium
3619 3843 3793 3901 gene-

2205 3928 2381 3991 ribus,
2433 3925 2777 3990 differentiis,
2828 3922 3278 3996 proprietatibus,
3306 3938 3372 3978 ac
3419 3922 3584 3988 cibis,
3630 3923 3794 3994 plura

2208 4017 2551 4082 Aristoteles,
2596 4014 2830 4079 Plinius,
2865 4014 3137 4081 Elianus,
3160 4014 3453 4073 Conradus
3480 4014 3789 4083 Gesnerus,

2207 4110 2448 4165 Achilles
2477 4107 2890 4172 Aldrovandus.
2918 4115 2976 4165 et
3005 4108 3119 4164 alii.

2279 4201 2442 4270 nam,
2474 4204 2573 4259 lin.
2606 4203 2696 4258 ιε.
2743 4204 2799 4257 Ὀ
2834 4204 3022 4274 πρίων
3050 4201 3367 4273 πτέρυγας.
3412 4190 3544 4259 Haec
3595 4201 3791 4260 eadem

2208 4295 2284 4352 ita
2310 4306 2500 4352 narrat
2530 4295 2729 4352 Petrus
2758 4295 3081 4362 Damianus,
3114 4296 3212 4352 lib.
3242 4313 3304 4363 ιι,
3336 4296 3497 4368 epist.
3529 4296 3635 4353 18:
3662 4295 3793 4353 Ser-

2209 4404 2294 4453 ra,
2325 4389 2535 4442 marina
2566 4387 2764 4443 scilicet
2791 4387 2989 4455 bellua,
3020 4405 3139 4460 qua:
3180 4405 3298 4443 cum
3330 4388 3571 4458 prolixus
3597 4387 3790 4442 habeat

524 4483 809 4552 Quomodo
857 4481 1002 4538 enim
1051 4478 1232 4549 pisces
1285 4474 1586 4538 ruminant,
1637 4487 1762 4528 cum
1816 4471 1959 4526 inter
2008 4484 2104 4526 eos
2137 4472 2181 4528 Ι)
2208 4496 2427 4550 pennas,
2478 4495 2600 4534 mox
2630 4490 2689 4534 ut
2721 4480 2909 4536 viderit
2950 4498 3132 4536 navem
3174 4480 3547 4551 ueliﬁcantem,
3577 4480 3791 4535 alarum

525 4577 678 4634 solus
725 4589 919 4631 scarus
968 4571 1023 4626 id
1060 4570 1247 4625 faciat.
1281 4568 1349 4622 Et
1379 4568 1425 4623 si
1456 4567 1559 4623 iste
1592 4565 1772 4638 μήρυξ
1800 4565 1968 4636 piscis
1998 4570 2103 4629 est,

525 4685 651 4725 cum
686 4668 829 4723 inter
858 4668 1038 4738 pisces
1087 4662 1404 4719 includatur
1455 4660 1656 4714 frustra
1714 4660 1772 4711 tit
1802 4657 1923 4727 ejus
1955 4671 2109 4711 men-

522 4763 636 4829 tio;
672 4761 720 4817 si
779 4774 889 4814 non
942 4756 1134 4829 piscis,
1182 4769 1355 4826 quare
1414 4753 1665 4807 muribus
1710 4750 1955 4805 Ponticis
1996 4763 2105 4803 non

522 4853 832 4922 cujunxit.
876 4848 984 4906 Sed
1040 4852 1287 4906 sinamus
1344 4848 1477 4902 haec.
1505 4846 1667 4901 Certe
1702 4860 1768 4899 ex
1801 4844 1887 4899 his
1924 4842 2107 4899 verbis

526 4960 806 5017 nunquam
839 4958 1051 4998 murem
1090 4941 1377 4996 Ponticum
1409 4955 1530 4995 esse
1560 4939 1768 5009 piscem
1801 4937 2109 5009 deprehen-

525 5036 740 5102 demus,
763 5049 888 5089 cum
919 5047 1044 5088 eum
1073 5031 1397 5087 Aristoteles
1430 5045 1460 5084 a
1492 5030 1739 5101 piscibus
1769 5036 2104 5099 separatum,

524 5138 580 5185 et
612 5136 869 5198 tanquam
896 5126 1026 5197 quid
1066 5124 1341 5181 diversum
1370 5124 1438 5177 ab
1470 5124 1580 5176 illis
1611 5123 1665 5175 in
1694 5120 1933 5175 Historia
1966 5120 2109 5175 rele-

501 5228 629 5283 f'at.
671 5218 941 5273 Praeterea
988 5216 1308 5271 Aristoteles
1364 5215 1489 5268 libr.
1519 5229 1616 5267 vm
1648 5211 1726 5267 De
1758 5212 1946 5266 histor.
1990 5212 2109 5265 ani~

498 5337 500 5341 ν
545 5312 684 5379 nal.,
715 5313 876 5383 capit.
915 5311 1003 5375 l7,
1041 5310 1231 5366 scribit
1287 5323 1494 5364 murem
1548 5306 1836 5361 Ponticum
1898 5305 2105 5369 album,

538 5403 690 5460 ticuti
712 5412 766 5458 et
786 5403 953 5474 glires
982 5402 1037 5456 in
1064 5400 1356 5457 arboribus
1387 5398 1641 5455 conditos
1667 5398 1883 5452 latitare
1903 5396 2103 5453 hieme.

530 5495 827 5550 Conﬁrmat
869 5493 1079 5549 Plinius
1117 5494 1243 5547 libr.
1282 5507 1399 5556 Vill,
1442 5492 1611 5562 capit.
1643 5491 1748 5558 '57;
1775 5497 1829 5545 et
1852 5488 2106 5545 IEIianus

528 5587 606 5641 De
651 5588 837 5643 histor.
885 5586 1105 5642 animal.
1138 5586 1262 5641 libr.
1315 5602 1392 5648 vr,
1448 5585 1614 5654 capit.
1654 5584 1747 5649 41,
1783 5584 1838 5639 in
1865 5592 2105 5639 montem

528 5692 683 5731 more
719 5678 990 5734 exercitus
1024 5676 1141 5730 acie
1164 5677 1433 5732 instructa
1463 5675 1728 5733 decedere
1769 5684 1960 5730 narrat
1987 5690 2108 5745 quae

528 5769 713 5827 nullus
751 5769 817 5827 de
860 5770 1127 5841 piscibus,
1157 5769 1263 5825 nisi
1307 5769 1587 5827 somnians
1616 5768 1928 5827 afﬁrmaret.
1962 5768 2106 5836 Quid

2207 4582 2260 4627 et
2288 4573 2402 4641 ipsa
2451 4573 2739 4643 prtccincta
2777 4573 3009 4645 remigiis
3048 4573 3316 4628 contendit
3356 4573 3623 4643 veli/icore
3672 4581 3791 4642 post

2209 4683 2414 4721 narem.
2447 4665 2550 4721 Sed
2580 4667 2666 4721 vix
2696 4682 2787 4736 per
2818 4667 3177 4739 quadraginta
3199 4666 3378 4722 stadia
3411 4669 3467 4721 in
3500 4667 3660 4738 hujus
3678 4682 3791 4720 cer-

2211 4759 2423 4813 taminis
2455 4758 2634 4814 labore
2667 4761 2953 4826 persistens
2987 4761 3186 4830 deﬁcit,
3227 4770 3277 4816 et
3312 4763 3389 4816 sic
3426 4760 3635 4831 defessa
3672 4759 3789 4816 alas

2209 4850 2347 4904 inter
2396 4850 2712 4906 discrimina
2764 4853 2975 4907 marina
3024 4851 3254 4921 deponit,
3285 4853 3452 4921 ﬂuctu
3495 4854 3674 4923 itaque
3700 4868 3789 4906 no-

2209 4943 2353 4998 lante
2411 4943 2768 5013 compellitur,
2798 4954 2849 4999 et
2895 4944 2963 4999 ad
2996 4946 3168 4998 locum
3197 4944 3333 4998 unde
3371 4945 3665 5015 remigrare
3687 4960 3789 5000 cat-

2208 5045 2380 5106 perat,
2433 5037 2627 5091 iterum
2687 5036 2965 5091 relabitur.
3023 5035 3203 5095 Serra:
3235 5036 3403 5107 piscis
3450 5038 3703 5094 meminit
3734 5046 3789 5094 et

2210 5127 2420 5184 Plinius
2482 5128 2606 5183 libr.
2664 5143 2812 5184 x-xxu
2848 5127 3046 5183 Natur.
3080 5127 3293 5191 histor.,
3346 5128 3515 5199 capit.
3560 5129 3648 5184 ll.
3680 5127 3789 5185 Sed

2209 5220 2435 5275 dubium
2465 5230 2571 5285 est,
2605 5234 2673 5274 an
2699 5220 2767 5277 de
2795 5219 2897 5275 hoc
2925 5220 3214 5291 intelligat,
3245 5235 3370 5276 cum
3402 5237 3505 5277 nec
3536 5221 3596 5278 in
3617 5222 3791 5295 expli-

2209 5311 2388 5367 canda
2419 5328 2585 5367 serrae
2615 5312 2786 5383 piscis
2816 5322 3015 5369 natura
3041 5315 3374 5371 conveniant
3407 5323 3687 5374 auctores.

2278 5403 2442 5468 lbid.,
2477 5404 2575 5459 lin.
2608 5400 2804 5462 50.’Τὸ
2836 5405 2905 5460 δὲ
2952 5407 3134 5476 κῆτος
3160 5407 3192 5462 ὃ
3226 5408 3493 5463 καλεῖται
3518 5409 3656 5479 μέν.
3681 5408 3788 5463 Ba-

2209 5495 2388 5558 silius,
2416 5493 2564 5549 hom.
2594 5495 2624 5548 7
2657 5514 2670 5550 :
2717 5495 2853 5549 Ἀλλ’
2880 5495 3069 5568 ἐπειδὴ
3097 5499 3212 5561 τοῖς
3238 5495 3515 5566 μεγίστοις
3538 5497 3689 5569 ὄρεσι
3710 5497 3791 5569 τῷ

2208 5588 2356 5658 ὄγκῳ
2387 5586 2479 5641 τοῦ
2522 5587 2771 5659 σώματος
2801 5586 3184 5661 παρισάζεται,
3204 5588 3314 5659 ἆγε
3341 5591 3434 5645 καὶ
3452 5591 3635 5662 νήσων
3661 5591 3792 5644 πολ-

2208 5679 2367 5744 λάκις
2416 5679 2713 5750 φαντασίαν
2767 5682 3085 5753 παρέχεται,
3123 5681 3343 5736 ἐπειδάν
3382 5699 3511 5736 ποτε
3565 5683 3661 5737 ἐπὶ
3691 5681 3793 5753 τὴν

2209 5771 2383 5843 ἄκραν
2437 5773 2757 5843 ἐπιφάνειαν
2802 5772 2896 5828 τοῦ
2930 5773 3145 5848 ﬁlictia;
3201 5774 3558 5847 ἁνανήχηται·
3617 5772 3791 5831 ταῦτα
