4072 6342
323 293 423 355 εει

1346 311 1413 366 IN
1458 314 1834 374 EUSTATllll
1861 315 2334 374 HEXAEMERON
2373 316 2600 375 NOTAE.

292 394 527 484 perm,
563 414 866 486 τηλικαῦτα
904 419 1053 482 ὄντα,
1094 424 1153 476 ού
1189 426 1316 496 περὶ
1353 427 1546 493 ἀκτὰς,
1604 431 1724 484 οὐδὲ
1777 432 1902 503 περὶ
1933 446 1975 499 Α
2007 430 2223 501 χωρίοις
2281 431 2397 500 μεθ’
2445 434 2636 505 ἡδονῆς
2681 435 3123 507 διαθαλπόμενον,
3149 433 3243 488 καί
3291 434 3425 506 πρὸς
3473 435 3571 506 τὴν

316 506 596 574 αἰγιαλοὺς
628 507 918 577 διατρίϐει,
961 512 1094 568 ἀλλὰ
1127 516 1189 568 τὸ
1225 517 1570 574 Ἀτλαντικὸν
1605 521 1894 594 λεγόμενον

313 596 554 665 πέλαγος
604 600 822 654 ἐνοικεῖ.
885 601 1080 660 Petrus
1126 606 1446 677 Damianus,
1480 613 1575 668 lib.
1623 630 1686 680 ιι,
1727 617 1889 686 epist.

310 687 383 741 18
415 706 428 741 :
455 686 613 744 Cetus
656 699 706 744 et
747 691 836 748 ille
880 697 1118 751 marinus
1149 700 1296 755 nobis
1331 703 1387 755 in
1419 707 1722 761 memoriam
1748 725 1891 764 revo-

309 787 467 830 catur
493 793 512 831 :
545 780 635 848 qui
666 782 916 836 nimirum
961 803 1118 856 super
1161 807 1371 847 enorme
1413 811 1602 866 corpus
1645 798 1889 854 sabulum

307 879 510 937 portat,
545 887 606 925 ac
634 882 778 944 terga
809 892 905 929 sua
935 894 1091 946 super
1139 883 1308 938 undas
1346 889 1530 952 elevat,
1563 898 1887 962 uttanquam

305 959 490 1013 insula
510 962 700 1031 ﬂuctus
718 969 948 1023 marinos
970 973 1209 1028 excedat.
1238 975 1389 1030 llanc
1411 981 1573 1048 igitur
1588 983 1889 1040 incunctan-

307 1061 391 1106 ter
409 1054 634 1110 insulam
649 1074 760 1112 esse
777 1060 1041 1118 credentes
1066 1070 1304 1138 remiges,
1330 1074 1618 1141 applicant,
1652 1080 1884 1146 pastillos

309 1145 498 1215 ﬁgunt,
527 1151 698 1203 navim
715 1153 929 1221 sistunt,
951 1157 1095 1227 foros
1118 1161 1423 1230 instruunt;
1443 1167 1532 1221 sed
1553 1145 1727 1223 bellua
1763 1189 1884 1227 mox

301 1247 364 1291 ut
394 1240 533 1309 ignis
554 1245 708 1296 sentit
733 1245 996 1313 ardorem,
1021 1252 1166 1307 illico
1185 1257 1438 1325 mergitur
1467 1259 1519 1312 in
1538 1262 1879 1331 profundum,

299 1339 353 1386 et
392 1349 573 1388 navem
619 1339 780 1393 simul
818 1358 879 1395 ac
913 1355 1106 1399 nautas
1143 1357 1292 1401 vorat
1329 1351 1492 1418 ferale
1518 1357 1874 1430 naufragium.

300 1421 449 1478 Nam
478 1437 528 1480 et
573 1426 840 1486 Gerardus
885 1443 1062 1489 noster
1112 1437 1346 1494 uidelicet
1372 1445 1656 1500 monachus
1700 1450 1880 1503 retulit

295 1515 358 1569 in
390 1515 739 1578 Normandite
769 1524 1038 1583 littoribus
1086 1540 1294 1601 captam
1323 1551 1377 1588 se
1402 1535 1591 1591 vidisse
1613 1539 1876 1595 balcenam

294 1606 364 1663 de
388 1611 537 1679 cujus
571 1613 764 1685 lingua:
795 1621 1042 1674 carnibus
1065 1627 1462 1693 quatuordecim
1496 1634 1723 1700 agmarii
1751 1645 1875 1689 sunt

295 1715 404 1753 non
449 1701 628 1756 leviter
672 1710 894 1764 onerati.
951 1709 1182 1777 Plinius,
1226 1715 1320 1771 lib.
1365 1735 1538 1784 xxx",
1593 1724 1758 1794 capit.
1796 1726 1818 1779 1
1855 1746 1868 1782 :

1996 523 2188 575 ἀκτῖνα
2223 523 2316 576 τοῦ
2361 525 2510 592 ἡλίου
2552 527 2650 590 τὰς
2698 529 2908 600 πτύχας
2947 527 3138 582 ἑαυτοῦ
3169 527 3568 593 διαπλώσαντα,

1992 615 2113 667 τότε
2161 614 2222 685 δὴ
2259 615 2430 688 λάθρα
2473 617 2678 689 ψηφῖδα
2728 620 3091 694 παρεμϐαλὼν
3136 616 3434 674 διακωλύει
3469 621 3570 692 τὴν

1995 705 2298 776 σύμπτυξιν
2346 709 2439 762 καὶ
2485 710 2796 780 εὑρίσκεται
2836 713 2896 766 τὸ
2934 715 3115 766 λεῖπον
3142 716 3240 784 τῆς
3287 715 3566 787 δυνάμεως

1990 796 2076 849 διὰ
2120 799 2222 869 τῆς
2260 801 2504 865 ἐπινοίας
2553 806 2959 877 περιεχόμενος.
2995 805 3194 861 Eadem
3241 808 3403 863 habet
3431 810 3565 862 Am-

1990 887 2230 952 brosius,
2286 890 2379 945 lib.
2434 909 2488 954 ν,
2555 907 2675 963 cap.
2704 894 2766 958 8;
2815 894 3054 952 Isidorus
3096 897 3189 951 lib.
3226 912 3325 962 xu,
3354 913 3476 968 cap.
3507 899 3563 954 6.

1989 977 2359 1036 Disertissime
2385 984 2511 1038 item
2542 985 2654 1039 lucc
2688 988 2871 1041 omnia
2898 986 3188 1058 Oppianus
3216 990 3463 1044 Ἁλιευτ.
3502 1007 3561 1046 ιι.

1986 1070 2224 1128 Consule
2254 1072 2608 1130 Plutarchum
2639 1087 2692 1131 et
2720 1078 2975 1145 Plinium,
3007 1089 3060 1135 et
3092 1079 3311 1137 Petrum
3345 1082 3564 1139 Damia-

1985 1178 2116 1216 num
2144 1164 2238 1219 lib.
2268 1180 2329 1229 ιι,
2367 1167 2531 1236 epist.
2576 1169 2664 1223 l8.

2053 1254 2211 1320 lbid.,
2261 1258 2358 1313 lin.
2412 1260 2498 1313 M.
2541 1261 2594 1314 '0
2623 1261 2692 1314 δὲ
2739 1263 2940 1332 ἐχῖνος
2965 1267 3376 1336 προγινώσκει.
3407 1269 3563 1324 Basi-

1982 1345 2110 1410 lius,
2144 1349 2286 1403 hom.
2324 1351 2353 1402 7
2380 1370 2392 1402 :
2429 1352 2670 1406 Ἤκουσα
2697 1354 2808 1422 ἐγὼ
2839 1355 2947 1409 τῶν
2977 1358 3256 1429 παραλίων
3287 1361 3450 1424 τινὸς,
3478 1363 3559 1415 ὅτι

1979 1439 2007 1489 ὁ
2039 1438 2325 1506 Θαλάσσιος
2355 1445 2546 1514 ἐχῖνος,
2576 1446 2636 1498 τὸ
2677 1447 2870 1519 μικρὸν
2903 1451 3181 1515 παντελῶς
3215 1455 3308 1506 καὶ
3336 1455 3560 1508 εὐκατα-

1980 1534 2244 1606 φρόνητον
2295 1537 2456 1602 ζῶον,
2507 1539 2824 1605 διδάσκαλος
2877 1543 3133 1608 πολλάκις
3181 1546 3420 1620 γαλήνης
3465 1551 3558 1601 καὶ

1976 1624 2243 1694 κλύδωνος
2275 1633 2390 1694 τοῖς
2415 1632 2636 1686 πλέουσι
2663 1635 2892 1702 γίνεται,
2920 1637 2978 1700 ὃς
3001 1638 3127 1692 ὅταν
3154 1641 3346 1711 προῖδῃ
3383 1658 3554 1711 ταρα-

1975 1718 2073 1790 χὴν
2129 1720 2187 1788 ἐξ
2237 1723 2453 1794 ἀνέμων
2485 1724 2690 1795 ψηφῖδα
2725 1745 2845 1781 τινα
2877 1729 3123 1783 ὑπελθὼν
3156 1733 3430 1799 γενναίαν,
3468 1737 3554 1787 ἐπ’

295 1789 454 1846 Cetas
479 1805 838 1853 sexcentarum
865 1802 1051 1869 pedum
1088 1805 1430 1877 longitudinis
1453 1822 1503 1867 et
1528 1788 1853 1873 trecentorun

1975 1788 2146 1884 αύτῆς
2178 1788 2366 1887 ὥσπερ
2414 1788 2777 1889 ἐπ’-ἀγκύρας
2814 1820 3027 1875 σαλεύει
3080 1825 3443 1896 κατεχόμενος
3475 1826 3553 1897 τῷ

290 1885 572 1955 sexaginta
635 1889 932 1947 latitudinis
988 1897 1042 1949 in
1096 1897 1292 1966 [lumen
1349 1903 1565 1961 Arabia:
1608 1909 1870 1981 intrasse,

289 1975 574 2047 pinguique
595 1980 706 2049 ejus
729 1986 1094 2056 negotiatores,
1121 2002 1170 2046 et
1206 1997 1442 2050 omnium
1472 1999 1695 2068 piscium
1719 2003 1873 2075 adipe

288 2065 522 2120 camelos
549 2082 832 2142 perungere
859 2075 914 2128 in
941 2093 1001 2131 eo
1030 2079 1158 2145 situ,
1183 2091 1242 2135 ut
1279 2085 1444 2140 asilas
1473 2065 1542 2141 ab
1570 2089 1651 2146 his
1689 2065 1868 2164 fugent

286 2155 468 2211 odore.
557 2159 633 2216 De
684 2173 925 2222 cetorum
981 2173 1289 2243 generibus,
1320 2187 1373 2232 et
1425 2195 1614 2236 eorum
1657 2190 1868 2245 naturis

283 2255 342 2301 et
373 2251 705 2319 proprietate
752 2255 1030 2328 Elianus,
1082 2264 1174 2319 lib.
1224 2281 1285 2334 ιι,
1316 2269 1394 2324 De
1441 2274 1628 2330 histor.
1676 2281 1863 2348 anim.,

283 2353 410 2409 cap.
443 2342 543 2409 £5;
570 2343 667 2399 lib.
691 2362 768 2413 ix,
797 2363 918 2420 cap.
949 2352 1051 2421 49;
1080 2354 1174 2412 lib.
1195 2374 1309 2420 xw,
1331 2376 1453 2433 cap.
1481 2365 1578 2433 15;
1605 2368 1700 2424 lib.
1728 2342 1862 2439 xm,

284 2447 407 2502 cap.
460 2433 527 2522 δέ
587 2451 653 2491 ex
715 2441 978 2508 Opinione
1039 2445 1366 2519 Onesicriti,
1443 2455 1763 2532 Orthagorze
1812 2433 1864 2520 et

283 2508 824 2602 Τιιοοοίῖεεθεοκλῆς
849 2533 904 2587 δὲ
936 2536 996 2589 ἐν
1023 2541 1089 2610 τῇ
1117 2541 1160 2593 δ’
1191 2546 1318 2616 περὶ

278 2616 522 2683 γίνεσθαι
560 2621 699 2694 κήτη
726 2627 968 2698 τριήρων
1000 2632 1236 2701 μείζονα,
1278 2616 1412 2710 Περί
1441 2641 1496 2694 δὲ
1525 2616 1621 2716 τῆν
1655 2646 1694 2698 Γ
1697 2616 1861 2720 569.co-

282 2707 406 2762 σίαν
434 2709 621 2783 χώραν
651 2715 786 2784 (ἔστι
831 2718 887 2772 δὲ
932 2725 1094 2794 μοῖρα
1121 2728 1220 2797 τῆς
1251 2707 1476 2803 γῆς-τῆς
1513 2707 1737 2811 Ἰνδικῆς
1759 2707 1858 2796 οὐκ

279 2799 486 2873 ἄδοξος)
527 2805 896 2879 Ὀνησίκριτος
927 2811 1092 2882 λέγει,
1123 2799 1586 2898 καὶὈρθαγδρας,
1613 2799 1856 2899 γίνεσθαι

277 2893 419 2964 κήτη
434 2895 606 2966 ἥμισυ
629 2897 820 2968 ἔχοντα
851 2904 1063 2958 σταδίου
1085 2909 1146 2962 τὸ
1171 2913 1362 2982 μῆκος,
1399 2893 1598 2984 πλάτος
1625 2893 1693 2977 ’δὲ
1717 2926 1857 2982 κατὰ

275 2981 435 3052 λόγον
479 2986 575 3040 τοῦ
625 2990 852 3061 μήκους,
898 2995 1162 3053 καὶτοῦτο
1189 2981 1450 3073 δηλονότι.
1491 2981 1770 3086 Τοσαύτην
1799 3017 1853 3070 δέ

276 3092 443 3145 φασιν
473 3078 618 3150 ἔχειν
648 3081 872 3155 δύναμιν
901 3088 1061 3155 αὐτὰ,
1087 3090 1162 3156 ὡς
1190 3095 1465 3166 πολλάκις,
1492 3102 1620 3156 ὅταν
1649 3107 1855 3178 ἀναφυ-

277 3165 418 3241 σήσῃ
437 3171 548 3234 τοῖς
573 3173 893 3246 μυκτῆρσιν,
915 3179 973 3242 ὲς
993 3182 1242 3238 τοσοῦτον
1267 3188 1619 3262 ἀναρρίπτειν
1640 3198 1738 3268 τῆς
1764 3165 1858 3253 δα-

275 3257 480 3330 λὰττης
541 3264 603 3315 τὸ
654 3265 961 3336 κλυδώνιον,
995 3271 1072 3336 ὡς
1115 3275 1292 3332 δοκεῖν
1341 3257 1454 3346 rei;
1500 3257 1733 3356 ἀμαθέσι
1763 3293 1856 3346 καὶ

273 3347 526 3421 ἀπείροις
549 3356 870 3426 πρηστῆρας
891 3353 1028 3413 εἶναι
1053 3364 1240 3419 ταῦτα.
1264 3367 1328 3422 Ει
1360 3372 1450 3426 lib.
1479 3347 1588 3441 xvi,
1613 3393 1730 3450 cap.
1765 3382 1850 3449 18,

271 3440 455 3496 varias
486 3451 731 3500 ceterum
756 3448 960 3506 formas
992 3461 1045 3507 et
1099 3456 1300 3527 ﬁguras
1349 3476 1686 3526 monstrosas
1729 3489 1852 3543 per-

270 3529 470 3598 currit,
519 3533 741 3605 vultque
787 3539 1025 3610 ἀμφίόια
1058 3560 1200 3614 esse,
1238 3558 1292 3604 et
1337 3563 1500 3609 noctu
1551 3529 1760 3630 segetes
1797 3571 1850 3618 et

271 3621 473 3678 herbas
507 3625 566 3679 in
596 3633 741 3683 terra
761 3630 981 3703 depasci
1016 3637 1194 3695 instar
1221 3644 1454 3702 aliorum
1507 3653 1846 3726 animalium,

268 3716 597 3783 crepusculo
638 3734 767 3775 vero
815 3727 1086 3784 matutino
1111 3730 1167 3784 in
1202 3749 1352 3790 mare
1383 3740 1580 3806 redire,
1612 3760 1847 3805 mersas-

268 3819 390 3874 que-
405 3806 554 3862 ahdi.
585 3807 682 3865 His
710 3828 819 3869 non
848 3816 1136 3878 dissimilia
1168 3826 1336 3883 refert
1371 3831 1768 3910 Thcodoretus,
1794 3856 1846 3900 et

267 3896 366 3953 lib.
418 3913 511 3952 ni
561 3899 1060 3980 Histor.septentr.,
1110 3932 1230 3990 cap.
1272 3922 1364 3988 44,
1414 3924 1579 3984 Olaus
1617 3896 1844 4005 Maguus

266 4005 681 4052 commemorat.
735 3997 811 4055 De
841 4018 1031 4060 eorum
1064 4014 1436 4082 magnitudine
1464 4031 1515 4076 et
1544 4025 1842 4093 piscatione

265 4081 670 4152 elegantissime
701 4087 982 4161 Oppianus
1022 4081 1261 4173 Ἁλιείυτ.
1295 4105 1388 4160 lib.
1423 4125 1476 4164 ιν.
1506 4081 1842 4173 Hebraei

265 4174 434 4230 lanas
461 4175 597 4235 duas
627 4189 836 4238 tantum
863 4197 1072 4245 creatas
1098 4207 1221 4247 esse
1251 4195 1459 4266 dicunt,
1480 4217 1547 4257 ne
1580 4205 1625 4258 si
1655 4207 1838 4276 plures

263 4274 473 4331 essent,
513 4269 696 4338 pisces
734 4289 924 4333 omnes
957 4280 1304 4353 devorarent,
1338 4295 1390 4343 ct
1441 4308 1606 4350 naves
1647 4313 1837 4358 omnes

260 4359 640 4432 absorberent,
684 4369 893 4426 scilicet
933 4373 1212 4444 feminam,
1237 4397 1398 4450 quam
1437 4385 1578 4444 Deus
1610 4394 1810 4448 accidit

1977 1903 2153 1978 βάρει,
2207 1907 2344 1981 πρὸς
2396 1909 2458 1963 τὸ
2507 1911 2580 1982 μὴ
2628 1912 2826 1983 ῥᾳδίως
2862 1917 2976 1977 τοῖς
3008 1914 3246 1987 κύμασιν
3279 1918 3551 1990 ἁποσύρε-

1976 1997 2118 2053 σθαι.
2171 1999 2382 2056 Similia
2416 2004 2607 2058 scribit
2641 2004 2971 2062 Ambrosius
3017 2007 3163 2062 hom.
3197 2010 3250 2069 5.
3285 2012 3449 2080 capit.
3476 2013 3547 2074 9;

1971 2089 2123 2146 Phile
2147 2093 2202 2147 in
2228 2091 2483 2158 Iambis.;
2508 2095 2830 2153 Aristoteles
2850 2115 2882 2151 ν
2915 2100 2993 2153 De
3019 2113 3251 2171 generat.
3293 2105 3546 2164 animal.,

1972 2195 2073 2251 cap
2103 2183 2164 2248 5;
2195 2181 2447 2241 JElianus
2481 2185 2558 2239 De
2589 2189 2776 2242 histor.
2804 2190 3050 2258 animal.,
3085 2193 3211 2247 libr.
3247 2209 3346 2258 vn,
3377 2197 3545 2266 capit.

1968 2273 2071 2327 ὅδε
2109 2273 2435 2333 Plutarchus
2463 2278 2518 2333 in
2547 2278 2769 2352 Dialogo
2791 2321 2805 2344 ,
2833 2282 3026 2338 Utrum
3055 2287 3407 2354 prudentiora
3437 2290 3548 2343 sint

1965 2364 2266 2428 terrestria,
2305 2382 2374 2422 an
2424 2370 2716 2439 aquatilia;
2749 2379 2800 2425 et
2830 2370 3041 2427 Plinius
3076 2374 3201 2428 libr.
3241 2391 3294 2429 ix
3321 2417 3335 2442 ,
3373 2379 3541 2446 capit.

1966 2453 2052 2509 51.
2107 2453 2346 2510 Tradunt
2392 2460 2648 2514 stevitiam
2691 2461 2855 2515 maris
2895 2466 3182 2534 prresagire
3225 2482 3333 2532 eos,
3372 2484 3545 2521 corre-

1961 2546 2164 2616 ptisque
2206 2551 2415 2618 operari
2440 2552 2659 2620 lapillis,
2720 2553 3069 2609 mobilitatem
3119 2558 3346 2625 pondere
3379 2561 3546 2613 stabi-

1964 2634 2164 2690 lientes.
2193 2635 2395 2693 Nolunt
2429 2641 2749 2698 volutatione
2771 2646 2951 2712 spinas
2983 2655 3208 2701 atterere
3245 2648 3424 2719 :quod
3453 2650 3543 2703 ubi

1961 2727 2133 2783 videre
2154 2731 2575 2795 nautici,statim
2607 2733 2848 2803 pluribus
2879 2736 3123 2791 anchoris
3148 2739 3357 2810 navigia
3377 2739 3540 2809 infre-

1960 2830 2108 2874 nant.
2128 2820 2427 2892 Oppianus,
2471 2826 2802 2890 Ἀλιευτικ.,
2830 2827 2956 2883 libr.
2997 2844 3036 2882 ιι
3063 2845 3075 2880 :

1963 2913 2260 2991 [ἔστινκαὶ
2295 2917 2647 2991 ὀξύκόμοισι
2678 2922 2838 2985 νόος,
2865 2921 2961 2975 καὶ
2985 2920 3168 2989 μῆτις
3193 2921 3440 2991 ἐχίνοις,

2060 2984 2107 3035 τ’
2135 2984 2371 3060 ἀνέμων
2399 2983 2568 3060 ieram
2586 2991 2752 3060 βίας,
2780 2983 3126 3060 ζαμενεῖςτε
3143 2983 3408 3059 dvitiae

1970 3053 2624 3129 Ὄρνυιεέναςηνώτοισι
2661 3053 2720 3112 ὃ(
2747 3053 3171 3128 ἀνοχλίζοὺσιν
3209 3053 3466 3129 ἕκαστος

1883 3148 1926 3205 C
1958 3121 2314 3213 h§.a:,;6o'or
2329 3127 2672 3213 ﬁquOorya
2701 3131 2837 3213 περί
2853 3121 3237 3213 ἓφετέροισιις
3249 3121 3535 3213 ἀκανθίας

1970 3193 2236 3271 ᾎΡηζδίως
2264 3196 2553 3271 φορέοιεν,
2585 3199 2671 3251 ἵν’
2702 3193 2876 3271 (luela
2897 3193 3168 3271 ’κύματος
3205 3201 3354 3271 ὁρμῇ

1957 3264 2300 3341 βριθόμενοι
2327 3268 2606 3341 μίμνωσι.
2657 3270 2728 3323 Τὸ
2766 3272 2877 3341 γὰρ
2901 3264 3535 3341 τρὸμξούσιᾷὶάξῖιστα,

1953 3334 2013 3386 Μ
2018 3333 2050 3401 ὴ
2072 3349 2234 3403 σφας
2252 3333 2350 3389 ἐπὶ
2375 3333 2628 3405 ᾐόνεσσι
2660 3333 3199 3411 κυκώμενονρῖδμα
3237 3333 3528 3415 hostium);

2024 3443 2184 3508 Ibid.,
2225 3445 2320 3500 lin.
2366 3448 2450 3501 i7.
2495 3449 2556 3502 '0
2587 3449 2654 3502 δὲ
2681 3453 3017 3516 πολύπους.
3066 3452 3326 3517 Basilius,
3379 3457 3527 3512 hom.

1952 3535 2027 3588 7:
2062 3537 2173 3590 Οὐκ
2219 3537 2284 3591 ἂν
2345 3539 2672 3612 παρέλθοιμι
2720 3542 2781 3595 τὸ
2823 3543 2916 3596 τοῦ
2967 3543 3264 3610 πολύποδος
3293 3547 3528 3620 δολερὸν,

1951 3627 2044 3680 καὶ
2070 3628 2381 3697 ἐπίκλοπον,
2411 3632 2469 3696 ὃς
2497 3632 2658 3704 ὁποίᾳ
2689 3637 2806 3688 ποτ’
2831 3635 2896 3688 ἂν
2921 3636 3180 3691 ἑκάστοτε
3214 3639 3388 3711 πέτρᾳ
3417 3658 3529 3694 πε·-

1951 3721 2208 3792 ριπλακῇ,
2238 3723 2336 3795 τὴν
2383 3726 2598 3798 ἐκείνης
2649 3727 2944 3799 ὑπέρχεται
2995 3729 3191 3801 χρόαν·
3234 3731 3373 3784 ὥστε
3402 3734 3528 3796 τοὺς

1947 3811 2174 3878 πολλοὺς
2208 3814 2316 3869 τῶν
2359 3817 2554 3888 ἰχθύων
2588 3819 2911 3890 ἁπροόπτως
2940 3823 3274 3893 νηχομένους
3304 3824 3382 3896 τῷ
3429 3842 3525 3879 πο-

1944 3899 2132 3955 λύποδι
2170 3905 2538 3975 περιπίπτειν,
2570 3909 2646 3972 ὡς
2681 3911 2746 3979 τῇ
2789 3910 2962 3982 πέτρᾳ
2981 3911 3159 3981 δῆθεν,
3189 3915 3281 3967 καὶ
3311 3916 3524 3986 ἕτοιμον

1942 3990 2185 4058 γίνεσθαι
2220 3993 2440 4066 Θήραμα
2463 3997 2540 4068 τῷ
2571 3999 2880 4071 πανούργῳ.
2907 3999 3237 4073 Polypodem
3273 4005 3339 4058 ad
3369 4007 3523 4060 simi-

1941 4080 2224 4138 litudinem
2252 4085 2358 4141 loci
2389 4088 2628 4144 colorem
2659 4098 2872 4146 mutare
2899 4107 3022 4146 cum
3056 4092 3246 4149 iisdem
3271 4095 3523 4152 scribunt

1939 4170 2282 4242 Aristoteles,
2332 4176 2410 4231 De
2473 4178 2658 4232 histor.
2713 4181 2960 4243 animal.,
2993 4183 3119 4236 libr.
3164 4201 3236 4250 ix,
3272 4202 3393 4257 cap.
3424 4188 3517 4253 57;

1938 4260 2286 4331 Plutarchus,
2326 4267 2531 4334 Quaest.
2563 4283 2739 4325 natur.
2768 4273 3115 4341 l9;Plinius,
3151 4277 3274 4334 libr.
3297 4294 3515 4350 Ix,cap.

1937 4352 2038 4421 29;
2069 4355 2222 4414 Philo
2257 4361 2398 4429 Περὶ
2419 4361 2607 4430 μέθης
2626 4380 2638 4392 ·
2664 4363 3060 4433 Nazianzenus,
3088 4369 3235 4424 hom.
3263 4381 3317 4425 et
3341 4387 3514 4429 carm.

255 4457 313 4505 et
376 4464 617 4510 reservat
666 4459 830 4528 justis
892 4464 960 4518 ad
1014 4447 1340 4538 epulandum
1409 4484 1652 4549 tempore
1693 4447 1833 4540 Mes:
1868 4493 1907 4547 ο
1937 4447 2264 4549 Εἰς,αὐτόῖ¹’
2301 4452 2557 4549 9""3‘“?
2601 4457 3022 4523 Alexandrinus’
3071 4461 3165 4516 ηδ’
3214 4479 3273 4517 m
3321 4463 3516 4519 Parda-

256 4545 376 4612 βίαι,
410 4555 463 4602 et
496 4554 798 4608 masculum
836 4573 996 4627 quem
1041 4575 1286 4620 reservat
1320 4577 1378 4621 ut
1419 4587 1540 4626 cum
1572 4591 1636 4629 eo
1665 4580 1830 4634 certis

254 4639 410 4695 horis
455 4641 605 4697 ludat
650 4646 882 4718 singulis
923 4651 1136 4721 diebus,
1166 4669 1225 4714 ut
1265 4663 1456 4731 ps;:lm.
1487 4681 1622 4722 cm:
1657 4670 1830 4726 Draco

253 4728 354 4784 iste
380 4747 531 4800 quem
573 4733 820 4804 formasti
849 4741 934 4794 acl'
958 4728 1285 4803 illudendum
1308 4755 1376 4817 ei,
1435 4735 1714 4824 Hebraeus,
1772 4772 1830 4816 ut

254 4821 410 4878 ludas
441 4841 560 4878 cum
582 4828 834 4887 eo.Hanc
855 4833 1102 4892 fabellam
1128 4854 1480 4913 sumpserunt
1505 4865 1570 4904 ex
1618 4821 1742 4906 libr.
1775 4872 1826 4908 IV

253 4911 465 4980 Esdraa,
498 4933 620 4988 cap.
661 4938 739 4987 γι,
789 4927 867 4980 uti
915 4927 1081 4983 refert
1114 4911 1382 5003 Lyranus,
1417 4949 1470 4993 et
1510 4941 1824 5005 Ahulensis.

247 5094 376 5162 lius,
415 5098 566 5158 hom.
597 5103 662 5157 7:
710 5106 766 5158 ’0
794 5111 1048 5194 καρκίνος
1079 5113 1179 5183 τῆς
1201 5094 1419 5188 σαρκὸς.
1449 5094 1703 5195 ἐπιτθύμεί
1731 5127 1824 5180 τοῦ

244 5187 494 5260 ὀστρέου.
533 5194 690 5249 Ἀλλά
716 5190 1018 5267 δυσάλωτος
1043 5207 1076 5276 η
1103 5207 1245 5279 ἄγρα
1268 5187 1414 5282 αὐτῷ
1439 5213 1525 5268 διὰ
1543 5187 1641 5287 τὴν
1673 5237 1825 5291 περι-

243 5277 407 5350 ϐολὴν
435 5281 530 5335 τοῦ
563 5283 828 5357 ὀστράκου
858 5291 1086 5359 γίνεται.
1129 5277 1396 5370 ’Ᾰρραγεί
1429 5303 1538 5377 γὰρ
1567 5277 1824 5380 ἑρκίῳιτό

243 5371 453 5426 ἁπαλὸν
487 5377 587 5447 τῆς
626 5382 824 5452 σαρκὸς
852 5387 884 5455 ἡ
921 5386 1082 5455 φύσις
1112 5371 1570 5464 κατησφαλίσατο.
1601 5371 1822 5458 λιδκαὶ

239 5463 675 5542 ὀστρακόδερμον
698 5479 1154 5551 προσηγόρευται.
1185 5463 1296 5540 καὶ
1317 5490 1500 5564 ἐπειδὴ
1529 5493 1620 5548 δύο
1648 5498 1822 5552 κοιλό-

239 5571 401 5626 τητες
443 5561 685 5633 ἀκριϐῶς
712 5567 969 5640 ἀλλήλαις
1005 5561 1575 5653 προσηρμοσμὲναιτὸ
1598 5589 1820 5662 ὄστρεον

240 5653 722 5722 περιπτύσσονται,
770 5662 1081 5732 ἀναγκαίως
1117 5670 1387 5743 ἄπρακτοί
1419 5679 1555 5731 εἰσιν
1578 5682 1632 5733 αἱ
1656 5684 1817 5755 χηλαὶ

239 5742 331 5796 τοῦ
365 5747 649 5817 καρκίνον.
684 5753 748 5804 Τί
775 5749 864 5810 οὖν
899 5761 1068 5827 ποιεῖ;
1107 5762 1272 5818 Ὅταν
1300 5766 1381 5839 ίδῃ
1419 5770 1476 5823 ἐν
1517 5772 1815 5845 ἀπηνέμοις

1934 4540 2072 4608 gagi,
2098 4542 2263 4611 capit.
2301 4545 2385 4605 ll;
2410 4545 2684 4602 Lucianus
2707 4589 2721 4612 ,
2753 4549 2831 4602 De
2864 4552 3184 4616 saltatione;
3205 4565 3258 4609 et
3286 4553 3512 4626 Dialogo

1936 4629 2162 4686 Menelai
2216 4645 2264 4688 et
2328 4635 2547 4702 Protei;
2605 4640 2949 4707 Ambrosius,
2994 4645 3088 4699 lib.
3142 4645 3508 4714 v'Hexaem.,

1931 4724 2094 4792 capit.
2140 4726 2203 4793 8;
2258 4727 2507 4795 Nonnus,
2557 4732 2936 4804 Dionysiacon.
2988 4738 3196 4809 primo;
3232 4739 3506 4807 Elianus,

1941 4812 2151 4869 Variar.
2191 4817 2379 4876 histor.
2427 4823 2551 4880 libr.
2600 4841 2640 4885 ι.
2690 4828 2855 4897 capit.
2898 4829 2956 4895 l;
2992 4829 3144 4886 Phile
3179 4831 3232 4884 in
3271 4830 3506 4898 lambis;

1929 4903 2208 4976 Oppianus
2237 4913 2488 4968 Ἀλιευτ.
2522 4934 2583 4979 ιι,
2609 4917 2934 4991 Phocylidcs
2967 4941 2980 4976 :

1928 4999 2078 5065 IlI/16'
2121 5003 2202 5068 ὡς
2241 5006 2584 5076 πετροερυὴς
2615 5013 2929 5077 πολύπους
2953 5016 3101 5068 κατὰ
3131 5015 3324 5085 χῶρον
3342 5019 3506 5087 ἀμεί-

1928 5137 2124 5193 Πᾶσιν
2153 5141 2206 5195 δ’
2233 5143 2459 5214 ἄπλοος
2491 5148 2631 5214 ἴσθι,
2656 5151 2799 5205 τὰδ’
2823 5154 2889 5206 ἐκ
2923 5155 3129 5224 ψυχῆς
3161 5087 3500 5228 Mopsi?“

1928 5231 2016 5285 Ion
2049 5235 2189 5303 apud
2247 5237 2596 5295 Athenaeum:
2632 5244 2738 5297 Καὶ
2773 5245 2877 5298 τὸν
2917 5248 3197 5315 πετραῖον
3239 5252 3500 5305 πλεκτά-

1923 5337 2060 5388 ναις
2105 5324 2383 5394 ἀναιζαοσι
2431 5330 2630 5399 στυγῶ
2663 5336 3123 5405 μεταλλακτῆρα
3184 5342 3500 5395 πολύπουν

1923 5413 2121 5479 χροός.
2145 5412 2471 5472 Plutarchus
2494 5437 2556 5473 ex
2586 5420 2918 5492 Tlieognide,
2939 5429 3074 5494 Περὶ
3096 5433 3461 5498 πολυφιλίας
3481 5451 3496 5464 υ

1926 5502 2358 5573 Theophrastus,
2403 5511 2496 5564 lib.
2534 5507 2671 5581 Ile-pl
2712 5512 2832 5567 τῶν
2858 5521 3360 5584 μεταϐαλλόντων
3392 5523 3495 5589 τὰς

1919 5599 2104 5664 χρόας
2125 5616 2138 5628 ο
2163 5597 2355 5656 Petrus
2384 5601 2695 5672 Damianus,
2731 5607 2852 5661 libr.
2874 5624 2931 5671 ll,
2953 5612 3108 5679 epist.
3144 5613 3207 5667 18
3232 5613 3494 5669 ειιιόονίο

1919 5704 2016 5742 cus
2045 5688 2353 5753 Fidelis,l)e
2385 5705 2570 5752 struct.
2609 5697 2812 5765 mund.,
2848 5700 2970 5755 libr.
2996 5718 3069 5772 vi,
3107 5719 3225 5775 cap.
3266 5705 3297 5760 5
3322 5723 3335 5773 ;
3365 5705 3490 5762 Ovi~

1920 5780 2040 5838 dius
2069 5781 2306 5840 Halieut.
2329 5803 2348 5840 .'

3467 319 3586 373 883'
