4072 6342
561 324 666 378 895

563 443 627 493 At
665 447 850 492 contra
877 435 1107 505 scopulis
1134 432 1324 505 crinali
1354 429 1771 505 corporeAsegnis

558 509 802 580 Polypus
817 500 995 580 lueret,
1009 515 1068 580 et
1091 503 1186 580 hac
1206 503 1370 558 eludit
1400 500 1533 560 retia
1565 500 1772 580 fraude,

559 579 628 632 Et
653 573 747 632 sub
785 578 892 646 lege
919 575 1019 628 loci
1046 576 1228 636 sumit,
1258 583 1528 646 mutatque
1553 573 1779 646 colorem

559 649 772 714 Semper
800 639 854 700 ei
871 646 1059 700 similis
1083 660 1240 712 quam
1263 639 1502 714 contigit,
1533 654 1684 711 atque
1703 641 1794 692 ubi
1822 639 2056 714 pra'dam

564 710 880 770 Pendentem
905 715 1028 768 setis
1070 710 1253 767 avidus
1282 710 1440 779 rapit,
1472 711 1554 764 hic
1592 726 1791 780 quoque
1843 710 1988 779 fallit

563 788 718 840 la'lato
745 786 950 839 calamo
975 801 1092 837 cum
1131 784 1338 836 demum
1369 797 1599 835 emersus
1634 781 1687 832 in
1721 796 1881 834 auras

559 857 790 912 Brachia
815 855 1076 920 dissolvit,
1099 854 1507 923 populatumque
1533 851 1738 919 exspuit
1767 849 2002 903 hamum.

561 973 696 1027 Hinc
709 981 835 1026 nata
852 971 1040 1040 adagia
1059 969 1307 1038 Polypus,
1325 966 1513 1035 Polypi
1527 963 1897 1034 caput,Polypi
1911 972 2128 1016 mentem

561 1064 836 1130 obtinere;
877 1061 1101 1116 consule
1121 1059 1433 1129 adagiorum
1463 1057 1802 1111 collectores.
1834 1053 1942 1110 Nec
1959 1053 2128 1110 silen-

561 1157 691 1211 dum
723 1162 808 1209 est
861 1154 1157 1208 multorum
1184 1150 1354 1205 fuisse
1375 1149 1707 1219 opinionem,
1740 1146 1965 1217 polypos
1995 1145 2132 1214 seip-

565 1265 677 1312 sos,
710 1247 794 1302 vel
825 1245 1010 1316 pedes,
1041 1245 1126 1299 vel
1158 1242 1385 1315 cyrrhos
1415 1240 1560 1295 fame
1592 1248 1813 1296 coactos
1843 1239 2132 1294 absumere

566 1339 826 1396 rodendo.
869 1336 1157 1402 Hesiodus,
1190 1336 1284 1390 lib.
1331 1351 1368 1397 ι,
1404 1333 1525 1387 ’στ’
1558 1334 1847 1398 ἀνόστεος
1876 1331 1949 1386 ὃν
1975 1330 2134 1385 πόδα

562 1432 753 1487 τένδει
775 1447 794 1495 ;
819 1429 1128 1488 Carneades
1147 1427 1289 1498 apud
1319 1426 1590 1480 Stobaeum
1611 1426 1746 1496 Περὶ
1765 1422 2129 1495 γραμμάτωνο

565 1523 881 1595 Καρνεάδης
907 1521 1004 1593 τὴν
1026 1519 1364 1590 διαλεκτικὴν
1393 1519 1543 1587 ἔλεγε
1576 1515 1831 1570 πολύποδι
1865 1513 2098 1568 ἐοικέναι
2116 1528 2129 1541 ·

566 1616 660 1670 καὶ
703 1613 812 1684 γὰρ
869 1615 1071 1670 ἐκεῖνον
1118 1610 1439 1682 αὐξηθείσας
1505 1608 1604 1671 τὰς
1645 1605 1944 1669 πλεκτάνας
1999 1620 2134 1657 κατ-

567 1706 788 1770 εσθίειν,
816 1706 912 1767 καὶ
939 1703 1157 1767 τούτους
1185 1701 1474 1774 προϊούσης
1492 1701 1589 1770 τῆς
1617 1699 1914 1770 δυνάμεως,
1949 1696 2041 1749 καὶ
2067 1693 2136 1747 τὰ

1902 310 2078 365 LEON
2085 308 2144 364 IS
2185 306 2457 364 ALLATII

2150 459 2194 513 Α
2225 437 2279 482 et
2305 425 2552 489 inferius,
2589 421 2840 477 Echeneis
2877 435 2998 489 ergo
3033 416 3145 488 figit
3179 415 3231 468 in
3259 409 3527 483 ﬂuctibus.
3550 399 3791 461 Isidorus

3685 292 3790 348 884

2227 520 2319 573 lib.
2361 534 2423 581 ιι,
2454 532 2573 587 cap.
2628 516 2684 579 2,
2744 512 3020 576 Echeneis,
3067 509 3264 578 inquit,
3296 518 3489 574 parvus
3541 508 3591 553 et
3632 496 3794 551 semi—

2225 611 2425 680 pedalis
2458 607 2739 678 pisciculus
2771 619 2957 658 nomen
2995 600 3216 667 sumpsit
3249 595 3384 667 quod
3404 607 3586 648 navem
3613 587 3792 642 adita:—

2227 679 2385 755 rendo
2417 701 2660 754 retineat.
2685 697 2857 750 Ruant
2887 694 3003 748 licet
3022 690 3182 753 venti,
3201 698 3249 742 et
3275 685 3491 742 saeviant
3523 679 3793 750 procellte,

2227 793 2373 846 navis
2403 801 2575 845 tamen
2622 789 2773 860 quasi
2818 785 3065 840 radicata
3108 783 3162 836 in
3204 779 3342 834 mari
3380 785 3521 831 stare
3567 772 3792 836 videtur,

2228 900 2320 936 nec
2361 882 2578 945 moveri,
2608 896 2710 934 non
2746 874 3039 935 retinendo.
3084 870 3173 927 sed
3215 878 3418 923 tantum
3456 861 3793 919 adhawendo.

2232 966 2387 1020 Hunc
2414 965 2593 1020 Latini
2621 979 2824 1018 moram
2855 959 3207 1029 appellarunt,
3235 971 3294 1008 eo
3314 951 3450 1024 quod
3477 959 3620 1004 stare
3643 956 3796 1017 cogat

2231 1059 2460 1129 navigia.
2480 1056 2710 1119 Plinius,
2740 1054 2833 1108 lib.
2859 1067 2936 1116 ιχ,
2966 1065 3086 1120 cap.
3113 1046 3205 1112 25,
3232 1045 3370 1098 idem
3401 1041 3712 1112 conﬁrmat,
3741 1043 3796 1091 et

2234 1151 2328 1206 lib.
2362 1165 2534 1212 χχιιι,
2566 1162 2687 1217 cap.
2718 1147 2744 1200 1
2771 1165 2784 1200 :
2824 1145 3021 1200 Tamen
3047 1143 3224 1194 omnia
3252 1139 3361 1193 lucc
3389 1137 3684 1207 pariterque
3709 1145 3800 1184 eo-

2231 1243 2347 1298 dem
2371 1239 2711 1309 impellentia,
2734 1254 2796 1291 ac
2822 1251 3013 1306 parvus
3035 1231 3316 1287 admodum
3336 1226 3624 1298 pisciculus
3651 1222 3800 1277 eche-

2233 1337 2342 1390 neis
2374 1332 2691 1402 appellatus,
2721 1331 2775 1385 in
2805 1345 2858 1383 se
2890 1335 3045 1382 tenet.
3071 1325 3247 1379 Ruant
3277 1322 3410 1376 venti
3440 1321 3584 1383 licet,
3614 1327 3663 1372 et
3697 1331 3800 1370 sa-

2233 1429 2374 1482 viant
2396 1425 2658 1494 procellae,
2700 1424 2917 1491 imperat
2953 1419 3142 1490 furori,
3172 1417 3404 1485 viresque
3437 1420 3617 1467 tantas
3657 1425 3803 1462 com-
3840 1392 3850 1401 ’

2232 1519 2416 1588 pescit,
2443 1527 2493 1571 et
2513 1517 2650 1587 cogit
2673 1524 2815 1569 stare
2842 1511 3048 1582 navigia
3071 1526 3088 1564 :
3116 1507 3252 1579 quod
3292 1523 3394 1561 non
3426 1503 3638 1558 vincula
3663 1499 3798 1563 ulla,

2236 1628 2337 1664 non
2378 1608 2623 1664 anchora:
2670 1605 2895 1678 pondere
2953 1599 3284 1658 irrevocabili
3320 1597 3506 1667 jactw.
3555 1592 3802 1661 Infrenat

2236 1703 2479 1771 impetus,
2515 1712 2564 1756 et
2605 1701 2785 1754 domat
2828 1695 3009 1750 mundi
3050 1693 3245 1747 rabiem
3284 1688 3429 1744 nullo
3459 1703 3555 1742 suo
3602 1684 3800 1746 labore,

569 1798 784 1870 σφέτερ’
812 1798 1153 1868 ἀνατρέπειν.
1185 1797 1418 1850 Alcaeus
1449 1791 1653 1847 Ἔδωδα
1680 1788 1912 1861 ἐμαυτὸν
1931 1787 2006 1851 ὡς
2038 1803 2134 1840 πο-

2234 1813 2336 1853 non
2366 1792 2654 1860 retinendo,
2687 1799 2778 1845 aut
2803 1789 2909 1843 alio
2935 1785 3108 1850 modo,
3131 1799 3287 1854 quam
3312 1777 3651 1835 adhwrendo.
3674 1776 3801 1830 llwc

567 1892 788 1956 λύπους.
816 1890 1094 1960 Oppianus
1121 1889 1372 1945 Ἀλιευτ.
1392 1901 1466 1952 ιι;
1515 1883 1852 1953 Rhodiginus
1886 1880 1979 1934 lib.
2009 1895 2131 1942 xm,

569 1999 688 2054 cap.
725 1983 813 2039 5‘2.
847 1981 961 2037 Hoc
992 1981 1133 2036 idem
1160 1980 1408 2035 scribunt
1449 1977 1761 2038 Athenaeus,
1803 1972 2002 2039 Horus,
2027 1970 2135 2024 Eu-

569 2076 828 2139 stathius,
867 2073 1189 2145 Hesychius,
1230 2071 1426 2126 Suidas
1459 2077 1514 2126 et
1537 2069 1650 2123 alii.
1683 2066 1889 2137 Negant
1923 2064 2137 2120 Aristo-

570 2169 706 2223 teles
754 2166 875 2222 libr.
910 2181 1030 2230 vut,
1081 2165 1248 2234 capit.
1295 2162 1350 2227 2,
1401 2160 1479 2219 De
1521 2160 1707 2215 histor.
1743 2158 1932 2222 anim.,
1985 2157 2046 2209 Oi
2079 2154 2135 2208 δὲ

569 2258 794 2329 γόγγροι
826 2257 952 2320 τοὺς
1002 2254 1304 2319 πολύποδας
1345 2250 1753 2306 κατεσθίουσιν·
1795 2255 1848 2303 et
1887 2263 2033 2310 mox,
2073 2247 2136 2300 Ὃ

569 2351 624 2406 δὲ
652 2350 867 2419 λέγουσί
887 2366 1049 2413 τινες,
1071 2350 1146 2412 ὼς
1173 2347 1327 2401 αὐτὸς
1352 2345 1511 2398 αὑτὸν
1533 2342 1699 2396 ἐσθίει
1718 2383 1731 2404 ,
1753 2340 1945 2408 ψεῦδός
1968 2341 2132 2392 ἐστιν.

583 2441 741 2494 Ἀλλὰ
751 2458 817 2492 πε
824 2439 1064 2511 ριεδηδεσ
1071 2439 1232 2510 μένας
1244 2437 1454 2508 ἔχουσιν
1469 2435 1596 2494 ἔνιοι
1611 2433 1708 2496 τὰς
1721 2431 2019 2494 πλεκτάνας
2035 2430 2138 2483 ὑπὸ

568 2530 678 2583 τῶν
710 2530 979 2602 γόγγρων.
1015 2528 1339 2585 Plutarchus
1370 2525 1614 2595 Dialogo,
1666 2522 1856 2578 Utrum
1893 2521 2134 2591 pruden-

570 2623 712 2676 tiora
743 2621 872 2686 sint,
899 2630 1032 2685 etc.,
1059 2621 1322 2690 acongris
1343 2628 1397 2674 et
1426 2614 1682 2672 muraenis
1706 2615 1897 2670 scribit
1923 2613 2136 2669 cirrhos

570 2715 835 2769 consumi.
861 2713 1093 2780 Plinius,
1124 2712 1246 2769 libr.
1274 2727 1347 2771 Ix,
1371 2710 1536 2780 capit.
1566 2708 1635 2762 29
1668 2726 1681 2762 :
1707 2705 1888 2775 Ipsum
1923 2705 2138 2758 brachia

570 2821 668 2858 sua
703 2805 882 2860 rodere
903 2804 1045 2876 falsa
1077 2804 1248 2872 opinio
1274 2811 1370 2856 est.
1405 2799 1470 2854 Id
1505 2799 1641 2853 enim
1670 2814 1703 2850 a
1732 2798 1940 2866 congris
1969 2795 2136 2850 evenit

569 2894 618 2947 εί
633 2908 654 2958 ἐ
681 2893 771 2947 sed
800 2896 1005 2950 renasci
1032 2895 1165 2949 sicut
1191 2891 1397 2955 colatis,
1420 2897 1470 2943 et
1498 2886 1706 2942 lacertis
1728 2883 1972 2951 caudam,
1997 2882 2137 2936 haud

591 2995 790 3048 'alsum.

591 3001 790 3048 ‘alsum.

571 3001 590 3063 Ι
640 3085 800 3149 l'bid.,
826 3083 925 3143 lin.
948 3081 1038 3136 20.
1068 3077 1437 3146 Μικρότατον
1462 3073 1529 3128 δὲ
1555 3073 1629 3142 τῇ
1653 3074 1853 3143 φύσει.
1879 3068 2134 3132 Basilius,

2238 1887 2454 1944 tantilla
2483 1895 2558 1940 est
2593 1886 2726 1940 satis
2756 1892 2940 1936 contra
2963 1887 3037 1933 tot
3065 1878 3286 1946 impetus
3317 1883 3372 1928 ut
3419 1880 3551 1926 vetet
3597 1870 3675 1923 ire
3704 1884 3802 1920 na-

2236 1982 2392 2052 vigia.
2443 1977 2546 2034 Sed
2589 1984 2812 2030 armata:
2855 1973 3049 2027 classes
3100 1971 3369 2039 imponunt
3412 1964 3513 2019 sibi
3570 1961 3801 2016 turrium

2235 2069 2628 2144 propugnacula
2667 2076 2723 2120 ut
2761 2067 2817 2119 in
2871 2064 3010 2117 mari
3060 2076 3260 2134 quoque
3298 2064 3554 2129 pugnetur
3595 2054 3737 2108 velut
3775 2069 3803 2107 e

2237 2167 2423 2221 inuris.
2461 2163 2578 2217 Heu
2596 2162 2616 2214 .'
2653 2160 2859 2215 vanitas
2888 2159 3139 2218 humana,
3183 2169 3299 2207 cum
3332 2147 3657 2205 rostra-illa
3701 2161 3805 2201 cere

2237 2259 2475 2329 ferroque
2504 2255 2572 2309 ad
2589 2257 2721 2308 ictus
2752 2261 2983 2313 armata,
3009 2244 3338 2316 semipedalis
3367 2241 3597 2297 inhibere
3612 2239 3801 2309 possit,

2239 2367 2300 2404 ne
2327 2361 2496 2403 tenere
2517 2348 2753 2402 devincta
2779 2339 3102 2412 pisciculus!
3123 2339 3366 2394 Isidorus
3395 2337 3575 2405 itaque
3607 2349 3708 2388 sua
3737 2347 3805 2386 ex

2235 2441 2502 2497 Plinianis
2531 2439 2682 2494 hisce
2704 2444 2983 2493 mutuatus
3011 2439 3114 2496 est,
3140 2431 3240 2485 etsi
3275 2429 3447 2484 mavis
3469 2423 3802 2495 compilavit,

2237 2547 2346 2586 non
2376 2547 2438 2586 ex
2468 2528 2775 2592 Ambrosio,
2801 2534 2859 2580 ut
2886 2519 3269 2578 animadvertit
3299 2515 3702 2570 Rittershusius
3747 2512 3804 2564 in

2243 2621 2473 2694 Oppiani
2500 2621 2742 2674 Ἁλιευτ.
2770 2618 2862 2671 lib.
2894 2633 2932 2670 ι.
2956 2612 3150 2668 Subdit
3169 2609 3378 2664 Plinius
3391 2607 3603 2660 Attiaco
3631 2609 3806 2664 marte

2239 2713 2548 2786 prmtoriam
2563 2725 2752 2764 navem
2774 2705 2996 2760 Antonii
3020 2701 3342 2775 pisciculum
3357 2699 3504 2751 hunc
3517 2694 3766 2750 tenuisse
3786 2707 3801 2743 :

2238 2785 2291 2860 et
2325 2817 2424 2859 sua
2454 2799 2716 2857 memoria
2759 2797 2877 2854 Caii
2927 2793 3191 2866 principis
3238 2791 3305 2844 ab
3335 2789 3536 2844 Astura
3583 2785 3808 2838 Antium

2238 2894 2558 2964 remigantis
2592 2909 2605 2944 :
2637 2892 2742 2947 hoc
2768 2899 2822 2946 et
2853 2887 3207 2959 experientiis
3249 2892 3562 2940 nostrorum
3601 2885 3810 2947 tempo-

2238 3003 2359 3042 rum
2379 2985 2788 3057 comprobatum
2825 2988 2931 3036 est.
2955 2977 3213 3034 Testatur
3231 2973 3530 3030 Guilelmus
3545 2967 3831 3024 Rondele»

2239 3080 2347 3134 tius
2364 3094 2423 3134 se
2442 3077 2760 3148 cognovisse
2772 3075 3066 3135 triremem,
3087 3068 3143 3123 in
3157 3082 3261 3138 qua
3277 3063 3571 3121 cardinalis
3586 3059 3808 3131 quidam

570 3181 719 3234 hom.
844 3174 969 3228 Ἐὰν
997 3173 1054 3226 δὲ
1075 3169 1331 3241 ἀκούσῃς,
1361 3168 1442 3221 ὅτι
1461 3165 1529 3219 τὰ
1555 3165 1783 3237 μέγιστα
1802 3162 1909 3216 τῶν
1940 3159 2136 3214 πλοίων

2241 3169 2577 3226 Turonensis
2618 3167 2845 3222 Romam
2877 3171 3066 3219 vectus
3088 3169 3192 3224 est,
3225 3157 3403 3212 medio
3431 3169 3598 3209 cursu
3624 3149 3806 3206 muni-

569 3269 910 3343 ήπλωμένοις
947 3266 1132 3327 ἱστίοις
1171 3262 1229 3327 ἐξ
1253 3261 1442 3333 οὐρίας
1477 3259 1751 3330 φερόμενα
1775 3254 1835 3307 τὸ
1877 3251 2137 3325 μικρότα-

567 3340 661 3416 τον
696 3340 926 3431 ἰχθύδιον
973 3357 1008 3428 ἡ
1055 3351 1266 3425 ὲχενηῖς
1303 3349 1443 3404 οὕτω
1486 3348 1682 3421 ῥᾳδίως
1725 3345 1956 3416 ἵστησιν,
1999 3340 2138 3394 ὥστε

569 3455 824 3526 ἀκίνητον
849 3451 943 3505 ἐπὶ
972 3448 1219 3502 πλεῖστον
1249 3443 1561 3514 φυλάσσειν.
1591 3439 1779 3511 ὥσπερ
1807 3435 2140 3508 “supplem-

571 3547 662 3600 θὲν
695 3524 752 3600 ὲν
778 3542 925 3613 αὐτῷ
965 3540 1044 3611 τῷ
1078 3538 1328 3606 πελάγειε
1362 3531 1449 3605 ἄρ’
1479 3532 1600 3602 οὐχὶ
1644 3531 1736 3584 καὶ
1763 3531 1819 3582 ὲν
1851 3527 1928 3599 τῷ
1962 3524 2140 3598 μικρῷ

569 3639 745 3707 τούτῳ
790 3637 888 3706 τὴν
918 3632 1084 3703 αὐτὴν
1111 3631 1210 3701 τῆς
1243 3629 1336 3682 τοῦ
1381 3627 1664 3688 κτίσαντος
1692 3622 1970 3693 δυνάμεως
1999 3619 2138 3687 λαμ-

575 3731 758 3791 ϐάνεις
787 3724 1085 3789 emerem
1115 3722 1362 3784 Nonnus,
1399 3720 1615 3789 Dionys.
1644 3716 1704 3768 9.1
1740 3735 1752 3769 :

580 3844 838 3910 Ἔκλυες
867 3838 1138 3910 εἰναλίην
1167 3834 1465 3910 ἐχενηΐδᾳ,
1490 3831 1615 3897 πῶς
1646 3829 1963 3910 erlem-rtus

587 3911 782 3980 Ἰχθὺς
809 3898 1295 3980 ξϐαιὸςίηᾶὶβαγ-Ξξις
1318 3898 1852 3980 ἐπέᾏχρᾳεᾳοᾼλάκι
1869 3898 2111 3980 ναύταις

577 3964 1130 4050 άῦάσειρὶὶτων.
1171 3964 1601 4050 ςΟλῖγῳιδῗὺπὸ
1627 3969 1884 4050 χςὶςγμςζτι
1923 3964 2140 4050 {clipei}

573 4033 938 4120 Μῆκὲδαιλῆνῖ
956 4033 1215 4116 ἀιλέκοψε
1247 4033 1880 4109 κάέάσχετονᾌλεὶάδα
1917 4033 2136 4105 δεσμῷ.

647 4167 848 4222 Eadem
877 4165 1152 4234 eleganter
1168 4158 1457 4229 etcopiose
1470 4155 1749 4227 Oppianus
1775 4153 2014 4209 Ἁλιευτ.
2045 4149 2137 4204 lib.

573 4278 633 4328 ις
667 4267 722 4315 et
750 4253 1137 4318 Lucanus,lib.
1163 4265 1218 4305 γι
1254 4269 1266 4306 :

576 4370 701 4425 Non
728 4367 939 4437 puppim
970 4364 1195 4437 renitens
1223 4377 1350 4437 euro
1375 4357 1610 4414 tendente
1655 4354 1899 4408 rudentes

575 4442 644 4496 In
678 4433 864 4494 mediis
898 4435 1128 4495 echeneis
1153 4433 1324 4504 aquis.

640 4530 867 4589 Ovidius
901 4547 915 4582 :

575 4640 751 4695 Parua
781 4637 1010 4694 echeneis
1040 4634 1208 4701 adest,
1240 4632 1455 4695 mirum,
1483 4643 1632 4682 mora
1661 4623 1916 4695 puppibus
1938 4623 2138 4692 ingens.

572 4760 719 4816 Idem
744 4753 934 4810 scribit
976 4748 1324 4810 Plutarchus,
1366 4761 1406 4800 ιι
1451 4743 1693 4815 Sympos.
1729 4747 1922 4812 quaest.
1959 4739 1989 4792 7
2018 4745 2072 4793 et
2103 4753 2139 4791 ιι

575 4849 840 4923 problem.
882 4850 1076 4914 quzest.
1125 4842 1186 4906 7;
1232 4836 1578 4898 Ambrosius.
1622 4833 1722 4889 lib.
1756 4849 1810 4899 v,
1858 4830 2136 4892 Hexaem.,

574 4921 696 5014 cap.
731 4940 832 5006 l0;
859 4935 1187 5002 Franciscus
1235 4929 1551 4992 Petrarcba,
1599 4925 1835 4996 prmiat.,
1868 4923 1963 4978 lib.
1993 4939 2030 4982 ιι
2064 4921 2140 4974 De

576 5013 770 5090 remed.
807 5038 916 5083 utr.
944 5027 1096 5096 fort.;
1129 5022 1301 5076 Lilius
1331 5019 1609 5080 Giraldus,
1645 5016 1723 5069 De
1751 5013 1995 5083 navigiis,
2016 5027 2135 5080 cap.

574 5126 645 5190 5;
675 5119 915 5176 Joannes
945 5115 1252 5170 Sambucus
1281 5109 1544 5166 Emblem.
1570 5106 1707 5172 205;
1735 5103 1888 5158 Phile
1911 5104 1965 5158 in
1993 5102 2140 5155 Iam-

575 5212 653 5265 bis
700 5227 795 5266 eas
840 5207 1149 5278 ναυκρὰτας
1193 5202 1427 5260 vocavit.
1487 5197 1730 5253 Meminit
1775 5192 2140 5258 Cassiodorus

574 5303 671 5358 lib.
699 5319 715 5356 ι
770 5301 896 5356 Var.
928 5294 1290 5359 Echcucidem
1324 5307 1584 5352 remoram
1613 5288 1793 5348 Latini
1835 5291 2138 5349 vocarunt;

574 5393 830 5450 Afranius
858 5397 910 5446 et
935 5389 1160 5445 Plautus
1189 5384 1332 5456 apud
1379 5383 1597 5439 Festum
1627 5380 2018 5450 remaliginem;
2042 5375 2141 5430 Pe-

577 5496 695 5541 trus
725 5485 1040 5543 Damianus.
1066 5481 1162 5536 lib.
1187 5496 1249 5546 ll,
1278 5477 1441 5548 epist.
1479 5477 1566 5538 18,
1612 5473 1956 5538 echeneidem,
2003 5470 2141 5524 echi-

577 5595 703 5635 nam
726 5587 901 5640 vocat,
935 5574 1076 5644 quod
1111 5581 1240 5644 puto
1267 5569 1482 5625 incuria
1528 5569 1880 5638 scriptorum,
1905 5572 1960 5619 et
1985 5563 2142 5618 simi-

576 5667 806 5730 litudine
849 5666 1090 5729 nominis
1133 5663 1184 5727 id
1217 5662 1516 5728 accidisse;
1564 5675 1693 5728 ergo
1725 5657 1988 5711 Damiano
2015 5670 2142 5725 pro-

577 5761 778 5838 prium,
803 5769 856 5816 et
884 5759 1174 5824 scribatur,
1202 5755 1353 5828 Quod
1369 5753 1598 5809 echeneis
1621 5752 1778 5811 etiam
1804 5749 2134 5822 brevis,ctc.,

2239 3266 2342 3320 bus
2373 3261 2768 3318 admirantibus
2797 3257 3102 3312 inhibitam.
3161 3252 3229 3306 Et
3257 3265 3358 3320 ego
3384 3248 3512 3303 dum
3571 3245 3811 3301 Venetiis

2244 3369 2635 3415 commorarer,
2661 3352 2797 3406 alias
2820 3348 3060 3403 conchas
3082 3345 3220 3399 idem
3242 3343 3423 3397 valere
3449 3336 3810 3408 ejusdemque

2239 3462 2358 3504 esse
2397 3444 2652 3518 potenti-ee
2692 3438 3043 3511 deprehendi.
3075 3436 3206 3502 Quae
3249 3441 3304 3488 et
3337 3431 3492 3486 navis
3544 3431 3809 3498 impetum

2239 3539 2562 3609 impediunt,
2607 3546 2661 3592 et
2696 3547 2922 3588 cursum
2959 3529 3263 3600 segniorem
3313 3524 3572 3587 reddunt,
3624 3521 3673 3576 si
3714 3533 3812 3575 ca-

2240 3631 2373 3685 rina:
2394 3630 2480 3684 vel
2518 3628 2584 3682 iis
2616 3624 2863 3697 partibus
2894 3619 3118 3689 navigii,
3149 3633 3270 3688 qua:
3296 3615 3453 3686 aquis
3491 3627 3689 3668 mersa
3728 3610 3813 3663 la-

2154 3749 2156 3756 ι
2241 3729 2355 3776 tent
2400 3719 2758 3789 applicentur,
2790 3713 2912 3768 ideo
2942 3710 3124 3765 nautis
3163 3709 3219 3762 in
3258 3721 3409 3762 more
3454 3703 3694 3774 positum
3721 3708 3814 3757 est

2240 3829 2332 3869 eas
2365 3828 2429 3868 ex
2458 3811 2566 3866 illis
2595 3808 2863 3880 partibus,
2897 3805 3027 3859 dum
3060 3802 3128 3857 ad
3151 3801 3254 3854 iter
3283 3796 3550 3868 agendum
3590 3809 3651 3848 se
3672 3807 3810 3862 pra:-

2240 3908 2454 3976 parant,
2476 3900 2776 3956 extrahere.
2815 3897 2874 3950 In
2917 3895 3020 3948 hoc
3050 3902 3232 3946 tamen
3268 3896 3476 3942 naturae
3507 3898 3809 3948 consensu,

2241 3994 2482 4062 nullique
2505 3991 2669 4044 dubia
2695 3985 3024 4058 experientia
3043 3981 3262 4054 quidam
3285 3994 3407 4035 esse
3423 3977 3616 4031 volunt
3638 3976 3698 4028 ού
3714 3992 3814 4027 τα-

2241 4089 2534 4162 χυπειϐεῖς,
2558 4096 2612 4141 et
2645 4101 2708 4141 ea
2735 4100 2855 4154 qua:
2889 4082 3126 4137 diximus
3159 4079 3237 4133 uti
3268 4076 3540 4140 fabulosa,
3579 4082 3634 4127 et
3659 4087 3813 4126 com-

2241 4179 2486 4234 mentitia
2517 4177 2796 4232 damnant.
2828 4176 2974 4228 Inter
3017 4186 3112 4227 cos
3143 4176 3226 4225 est
3255 4167 3518 4222 Gerartus
3570 4163 3810 4217 Falken-

2240 4271 2465 4340 burgius
2489 4269 2546 4323 in
2581 4266 2903 4322 lectionibus
2931 4270 2984 4318 et
3011 4259 3340 4331 conjecturis
3374 4256 3440 4310 ad
3464 4253 3647 4322 Nonni
3681 4252 3813 4306 Dio—

2242 4363 2424 4432 nysica
2450 4378 2468 4415 :
2499 4360 2700 4430 quibus
2746 4355 3028 4426 responsio
3059 4353 3114 4408 in
3157 4357 3412 4421 promptu
3443 4365 3510 4403 ex
3533 4346 3808 4417 Oppiane.

2173 4481 2217 4536 Β
2249 4451 2391 4520 Quid
2421 4466 2550 4508 vero
2581 4452 2652 4506 sit
2676 4449 2789 4504 hinc
2818 4444 3071 4502 echeneis
3099 4459 3218 4513 quae
3248 4439 3556 4510 cogitatam
3572 4437 3812 4504 navigia,

2245 4552 2657 4598 controversum
2693 4541 2869 4594 adhuc
2895 4547 2998 4594 est.
3027 4535 3128 4602 Qui
3154 4531 3491 4603 temporibus
3520 4528 3641 4583 Caii
3664 4528 3812 4582 illam

2243 4636 2530 4698 viderunt,
2583 4632 2765 4687 limaci
2812 4643 3021 4698 magnae
3069 4625 3300 4682 similem
3352 4637 3475 4678 esse
3526 4620 3806 4675 dixerunt.

2243 4726 2549 4791 Mutianus,
2601 4724 2849 4779 muricem
2903 4735 3013 4774 esse
3062 4719 3302 4775 latiorem
3356 4730 3598 4784 purpura
3653 4727 3812 4782 neque

2243 4836 2425 4888 aspero
2448 4837 2607 4891 neque
2637 4817 2858 4872 rotundo
2881 4833 2988 4881 ore,
3014 4830 3173 4884 neque
3201 4814 3252 4866 in
3281 4809 3499 4880 angulos
3521 4808 3814 4877 prodeunte

2243 4922 2438 4976 rostro,
2470 4912 2558 4966 sed
2595 4909 2832 4979 simplice
2857 4909 3054 4961 concha
3085 4915 3303 4974 utroque
3331 4903 3494 4956 latere
3517 4916 3632 4954 sese
3655 4897 3815 4952 colli-

2241 5003 2716 5077 gente,referente
2763 5001 2962 5054 Plinio.
3008 4996 3264 5051 Straboni
3309 5001 3393 5048 est
3425 4991 3650 5061 βδέλλας
3689 4989 3816 5044 aliis

2243 5097 2559 5168 pisciculus.
2584 5095 2868 5150 Cardanus
2895 5105 3002 5145 una
3035 5103 3160 5142 cum
3185 5084 3472 5155 torpediue
3493 5081 3811 5144 confundit,

2241 5194 2445 5260 aitque,
2470 5189 2748 5243 nominum
2773 5182 3152 5246 similitudine,
3185 5187 3238 5234 et
3263 5177 3489 5234 eﬂ'cctus
3519 5175 3814 5243 deceptum

2240 5281 2588 5337 Aristotelem
2628 5279 2886 5349 deceptus
2915 5279 3033 5347 ipse
3069 5288 3250 5329 rerum
3284 5268 3621 5326 naturalium
3653 5266 3815 5334 igno-

2242 5374 2476 5435 ratione,
2504 5381 2558 5426 et
2594 5370 2776 5424 minus
2804 5375 3013 5423 attenta
3043 5364 3406 5420 Aristotelicas
3438 5358 3706 5413 doctrina:
3739 5355 3816 5408 lc-

2240 5468 2443 5522 ctione.
2475 5463 2565 5517 Sic
2605 5463 2766 5518 etiam
2819 5459 3054 5514 Trebius
3100 5457 3261 5526 Niger
3289 5452 3534 5524 pedalem
3578 5462 3722 5509 esse,
3754 5453 3815 5497 ct

2241 5558 2608 5616 crassitudine
2635 5554 2877 5626 quinque
2917 5552 3214 5624 digitorum
3255 5544 3562 5605 allirmavit,
3596 5537 3813 5592 Plinius
3845 5607 3852 5626 ί

2244 5617 3286 5720 semipedalem,Oppianus'icénqxuv.
3342 5636 3528 5706 Neque
3587 5634 3643 5687 in
3700 5617 3851 5688 trao‘j

2245 5743 2421 5807 dcuda
2451 5756 2616 5799 causa
2643 5739 2992 5796 conveniunt.
3023 5735 3382 5805 Hieronymus
3399 5724 3808 5790 Fracastorius,
