4072 6342
325 323 427 382 885

1311 325 1376 381 IN
1418 322 1789 384 EUSTATHII
1827 321 2300 379 [lEXAEMERO'N
2349 303 2598 380 nom.‘

3465 300 3589 385 886'

328 443 402 498 De
430 445 727 515 sympathia
758 454 808 500 et
853 445 1148 515 antipathia
1195 462 1394 512 rerum,
1441 461 1564 516 cap.
1591 446 1648 512 8,
1682 460 1789 500 non
1821 444 1890 499 ab
1917 452 1962 506 Α
1993 453 2158 513 neget.
2205 444 2299 500 lib.
2346 461 2428 512 tu,
2475 445 2618 515 quod
2668 445 2825 516 hydri
2866 445 3184 502 Eustathius
3220 447 3595 540 ichneumoni‘

321 536 617 593 ecbenelde
655 537 832 593 navim
859 539 1127 603 cohiberi,
1164 539 1258 594 sed
1290 538 1640 594 echeneidem
1667 553 1791 592 esse
1818 537 1893 593 si-

319 647 488 702 gnum
522 631 752 702 scopuli,
789 632 882 702 qui
920 632 1097 689 subsit
1130 632 1231 687 sub
1258 633 1414 702 aquis
1467 632 1626 702 cujus
1657 631 1774 686 saxi
1809 631 1892 686 vis

318 739 516 778 navem
548 725 812 779 remorari
829 725 1023 780 valeat.
1048 724 1391 780 lllumlulius
1413 721 1654 794 Scaliger
1670 727 1736 778 de
1763 723 1894 778 sub-

319 815 514 868 tilitate
528 813 595 868 ad
608 812 939 877 Cardanum,
953 827 1135 869 exere.
1156 813 1282 882 219,
1300 814 1547 884 pluribus
1559 815 1892 885 argumentis

316 903 540 967 refellit,
569 919 694 959 cum
712 905 846 959 nihil
876 905 991 976 ipse
1007 903 1074 960 de
1095 920 1196 960 suo
1219 905 1270 959 in
1300 905 1536 960 medium
1552 903 1760 970 afferat,
1797 905 1892 960 sed

315 997 388 1052 ad
434 995 680 1051 occultas
707 995 969 1066 quasdam
994 996 1288 1066 qualitates
1327 997 1396 1050 ab
1416 996 1700 1053 elementis
1725 996 1890 1052 rebus

315 1089 771 1152 communicatas,
789 1104 926 1159 quas
950 1089 1194 1144 nesciant
1209 1087 1375 1142 animi
1395 1087 1677 1159 temperati
1704 1106 1717 1142 :
1747 1094 1801 1144 et
1822 1087 1890 1142 ad

316 1181 640 1238 manifestas
659 1181 840 1237 omnia
863 1182 1132 1238 deducere
1152 1181 1445 1252 qualitates
1469 1195 1680 1237 summa
1714 1181 1891 1253 impu-

315 1272 502 1329 dentia
519 1280 622 1328 est.
648 1273 866 1328 Scilicet
899 1273 1003 1329 hoc
1052 1280 1134 1328 est
1159 1273 1214 1327 in
1240 1273 1524 1328 sententiis
1545 1273 1894 1329 doctissimo-

313 1380 441 1420 rum
458 1379 799 1428 seexercere,
812 1379 930 1435 quae
950 1379 1064 1434 Ipse
1078 1364 1290 1420 nescias
1309 1363 1573 1429 refellere,
1592 1370 1644 1419 et
1661 1363 1889 1418 aliorum

314 1456 374 1511 in
397 1471 580 1512 rerum
608 1457 792 1511 causis
821 1455 1142 1526 iudagandis
1168 1456 1407 1511 studium
1429 1463 1482 1511 et
1513 1455 1772 1525 impetum
1793 1471 1892 1526 ope-

314 1547 632 1619 pugnando,
661 1547 794 1618 quid
823 1548 940 1618 ipse
969 1554 1158 1617 postea
1186 1547 1380 1618 possit,
1421 1555 1686 1617 quantum
1714 1549 1891 1604 valeat

313 1643 372 1696 in
400 1641 602 1712 ingenii
631 1641 856 1696 humani
888 1641 1032 1696 vires
1060 1639 1384 1702 imbecilles,
1413 1640 1498 1694 vel
1519 1639 1891 1695 occultissima

312 1749 530 1794 natura:
572 1747 781 1796 secreta
825 1737 1139 1793 amandare.
1176 1735 1220 1790 0
1251 1752 1379 1792 vere
1427 1736 1693 1807 lepidum!
1728 1751 1761 1790 o
1791 1736 1890 1792 do-

2001 537 2213 592 tribuit.

2008 650 2328 725 ῘΙχνεύμῳν
2369 651 2549 725 βαιὸς
2594 653 2729 721 μὲν,
2764 653 2910 725 ἀτὰρ
2956 654 3310 724 μεγάλοισιν
3356 657 3568 725 ὁμοίως

1994 719 2341 794 ῌέλπεσθαι
2373 719 2623 794 θήρεσσι
2649 719 2938 791 πανὰξιος
2957 719 3160 784 εἵνεκα
3175 719 3433 794 βουλῆς,

2007 789 2222 865 ςᾼ-λκῆς
2249 808 2312 845 τε
2343 789 2633 865 κρατερῆς
2657 794 2781 865 ὑπὸ,
2813 789 3481 865 νηεὲεδανοῒςίμελέέσσι

2111 854 2222 930 γάῤ
2253 880 2306 936 τι
2338 854 2624 936 κὲρρεσσὶ
2645 854 2966 936 κατέκτανε
2991 854 3209 936 timida
3241 866 3426 936 φῦλα,

2005 928 2306 1004 ξῌρέτυστῆ
2302 928 2417 999 ρας
2429 933 2593 1004 ὄφεις
2605 951 2668 988 τε
2679 935 2774 988 καὶ
2788 935 3120 1004 ἀργαλέους
3129 928 3566 1004 κροᾶιοδείλους.

1992 1001 2586 1079 ξείνους-Νειλῴους,
2615 1001 2835 1079 φοίνιον
2854 1001 3046 1079 γξένοςο
3073 1001 3296 1079 ὁπὲτότε
3314 1005 3424 1078 γάρ
3448 1001 3538 1074 τις

2225 1073 2572 1146 leo-metetur
2601 1072 2771 1146 εὕδῃ,
2802 1072 3111 1146 τρίστοιχα
3152 1072 3462 1144 πετάσσας

1991 1141 2224 1217 Χείλεα,
2247 1141 2512 1217 καὶζχάος
2528 1145 2692 1217 εὐρὺ,
2711 1141 2808 1217 καὶ
2827 1141 3318 1217 ἄσπετονᾲαιόλον
3331 1141 3498 1217 ἕρκος

1990 1208 2070 1295 an
2085 1212 2177 1295 ριξ
2200 1208 2635 1295 τοτἈὶρξνεύμων
2664 1215 2877 1295 ᾷολζην
2911 1215 3208 1295 carpam;
3231 1208 3513 1295 ὑφαῖνωῆ

1991 1283 2204 1356 hci-'ch
2238 1283 2634 1356 ᾀφθαλμοῖσιν
2652 1286 2940 1354 ἀπείρονα
2958 1283 3121 1356 φῦλα
3151 1283 3401 1352 δοκεύει,

1991 1353 2213 1426 Elatiae
2233 1353 2309 1426 ᾃὴ
2337 1355 2538 1426 ,βαθύν
2564 1356 2761 1426 ὕπνον
2789 1353 2886 1410 ἐπὶ
2910 1353 3085 1425 φρεσὶ
3115 1360 3523 1426 πιστεύσηται.

2165 1417 2323 1500 (ξ’
2338 1424 2406 1477 ἐν
2420 1425 2747 1500 ψαμάθοισι
2764 1427 2863 1500 οιαὶ
2879 1417 3251 1500 ἐνίπηλοῖσιν
3267 1417 3530 1500 ἐλισθεὶς,

2004 1491 2190 1567 :Plpgp’
2213 1491 2448 1567 egoper,
2467 1491 2747 1567 πυλεῶνα
2773 1491 3151 1567 διιπτάμενος
3177 1498 3450 1554 θανάτοιο

1997 1562 2540 1638 Τολμηρῇλκραᾷίῃ,
2571 1565 2739 1638 dicto“
2768 1562 2981 1638 εὐρέος
3003 1562 3191 1636 ἤλυθε
3217 1570 3454 1638 λαιμοῦ.

1991 1633 2188 1708 ᾼ-ὺζὰρ
2212 1632 2298 1708 ὅτ’
2324 1635 2393 1708 ἐξ
2421 1632 2620 1708 ὕπνου,
2638 1632 3173 1708 ,βαρυαέοςὲγλρετο
3206 1632 3426 1708 δειλὸς,

1992 1702 2100 1755 Καὶ
2136 1702 2323 1757 κακὸν
2362 1705 2431 1757 ἐν
2471 1702 2798 1776 ,κανόνεσσι
2827 1702 3230 1776 φέρωιῗτόσον
3257 1702 3566 1853 ἀπιῗοιίελ-

3391 1799 3563 1848 πτον,

3391 1799 3563 1848 ator,

313 1842 465 1888 ctum
490 1834 682 1902 caput!
719 1831 920 1886 habent
941 1845 1100 1901 quem
1124 1837 1424 1899 sequantur
1453 1826 1596 1899 frugi
1625 1828 1680 1882 in
1713 1828 1882 1884 scien-

1992 1842 2194 1920 ῃανζη
2217 1848 2596 1920 μαινόμενος,
2625 1849 2721 1920 καὶ
2751 1849 3056 1919 ἀμήχανος
3087 1808 3528 1920 ἀμφαλάλξῗτᾜ

312 1926 410 1982 tiis
441 1925 712 1990 homines,
744 1941 864 1996 quae
899 1924 1174 1994 ignorant,
1210 1923 1322 1993 jam
1355 1937 1414 1977 se
1449 1923 1592 1978 scire
1641 1937 1891 1994 compro-

312 2017 544 2082 habunt,
585 2017 632 2072 si
669 2017 736 2072 ad
783 2017 1078 2090 qualitates
1118 2015 1241 2070 illas
1291 2015 1558 2079 occultas,
1601 2029 1738 2086 quas
1788 2015 1891 2085 ipsi

311 2109 572 2164 nesciunt
597 2108 830 2176 scilicet,
865 2107 1158 2163 deducent.
1194 2105 1301 2162 Sed
1335 2107 1496 2162 nobis
1539 2107 1767 2163 tantillis
1786 2107 1889 2162 ho-

311 2201 707 2258 muncionibus
750 2201 805 2257 id
848 2201 1036 2256 forsan
1077 2205 1224 2255 esset
1274 2200 1432 2256 satis.
1468 2199 1538 2255 At
1589 2199 1887 2273 Scaligero,

312 2309 475 2363 quem
507 2293 644 2348 nihil
675 2293 732 2347 in
776 2309 962 2348 rerum
1003 2302 1200 2349 natura
1230 2293 1367 2363 fugit
1407 2308 1666 2365 unquam,
1701 2301 1754 2349 et
1797 2293 1889 2367 qui

310 2386 452 2441 nihil
484 2402 610 2442 cum
643 2387 767 2442 aliis
806 2402 1114 2443 commune.

384 2566 543 2631 lbid.,
571 2568 672 2622 lin.
701 2568 792 2623 23.
831 2567 1045 2638 ’Ύδρος
1087 2568 1152 2622 δέ
1192 2570 1361 2623 ἐστιν
1389 2570 1458 2623 ἐν
1504 2566 1584 2633 τῷ
1619 2565 1885 2636 ποταμῷ.

311 2660 509 2716 Petrus
541 2659 857 2726 Damianus,
890 2662 982 2716 lib.
1018 2677 1080 2726 ιι,
1113 2663 1274 2732 epist.
1312 2661 1376 2716 '18
1404 2679 1417 2715 :
1448 2659 1664 2732 Hydrus
1690 2659 1890 2712 animal

309 2761 388 2806 est
415 2752 663 2807 habitans
701 2754 754 2807 in
783 2752 1080 2824 gurgitibus
1116 2754 1417 2823 ﬂuminum,
1443 2752 1720 2806 crocodilis
1748 2750 1889 2819 fera-

309 2844 434 2899 h'ter
485 2844 784 2898 inimicum.
830 2844 933 2898 Hic
965 2845 1142 2914 itaque
1189 2861 1308 2898 cum
1351 2843 1541 2898 viderit
1569 2841 1888 2897 crocodilum

309 2947 490 3007 aperto
523 2953 610 2992 ore
644 2939 697 2992 in
723 2937 983 3006 crepidine
1015 2939 1250 3008 ﬂuminis
1283 2937 1648 3001 dormientem,
1683 2935 1881 3003 provol-

308 3031 450 3085 vitur
483 3029 533 3082 itt
562 3029 687 3084 limo
715 3029 836 3096 luti,
870 3038 927 3081 ut
968 3029 1210 3098 faucibus
1248 3029 1394 3082 illius
1437 3027 1638 3081 lubrico
1672 3042 1890 3095 corpore

309 3119 526 3189 facilius
546 3119 712 3188 possit
746 3119 917 3172 illabi.
946 3119 1090 3172 Tunc
1118 3120 1176 3172 in
1206 3136 1263 3173 os
1285 3118 1538 3173 crocodili
1573 3117 1882 3172 dormientis
1910 3153 1958 3216 Ο

303 3212 586 3281 perniciter
620 3212 812 3276 insilit,
844 3228 995 3281 quem
1019 3212 1111 3266 ille
1131 3210 1459 3266 desubitatns
1482 3219 1688 3278 repente
1704 3209 1885 3279 deglu-

302 3307 391 3359 tit.
421 3303 638 3375 Hydrus
679 3321 796 3358 vero
827 3307 1025 3359 viscera
1064 3305 1177 3374 ejus
1209 3315 1398 3359 cuncta
1436 3304 1685 3367 dilaniat,
1723 3303 1885 3357 donec

297 3406 354 3451 et
380 3396 497 3466 jam
530 3413 747 3466 prorsus
778 3398 1038 3450 exstincto
1075 3396 1139 3450 de
1167 3396 1420 3451 cadavere
1455 3396 1600 3450 illius
1657 3396 1800 3449 vivus
1834 3404 1883 3449 et

297 3490 472 3544 victor
503 3501 762 3558 erumpat.
791 3487 964 3557 llujus
1019 3488 1268 3543 animalis
1301 3488 1548 3543 meminit
1582 3488 1746 3542 etiam
1785 3488 1884 3541 Μὶ-

298 3581 463 3636 chael
485 3580 698 3652 Glycas,
729 3582 822 3636 lib.
859 3598 908 3635 IV
938 3580 1227 3634 Annalium
1253 3597 1272 3645 ;
1317 3579 1485 3637 David
1517 3581 1879 3647 Ilmschelius,

296 3681 357 3730 et
402 3673 691 3730 Conradus
746 3673 1172 3734 Rittershusius.
1223 3673 1314 3727 hic
1362 3674 1508 3729 notis
1541 3674 1610 3728 ad
1651 3675 1881 3744 Oppiani

295 3765 554 3838 Cyneget.
585 3767 677 3821 lib.
698 3783 780 3831 ιιι,
806 3782 916 3821 ver.
944 3766 1070 3830 407,
1100 3766 1191 3820 ille
1229 3767 1448 3822 notisin
1478 3764 1679 3820 [lorum
1702 3767 1792 3821 lib.
1823 3784 1879 3832 ιι,

295 3874 428 3928 cap.
465 3859 570 3924 35,
620 3859 820 3911 animal
873 3858 979 3910 hoc
1036 3871 1162 3911 cum
1212 3857 1568 3912 ichneumonc
1631 3858 1882 3914 videntur

297 3949 665 4015 confundere,
723 3958 775 4004 et
833 3949 1240 4004 Rittershusius
1309 3949 1490 4002 locum
1561 3948 1754 4004 lsidori
1815 3967 1882 4005 ex

297 4041 404 4096 lib.
428 4057 529 4104 xu,
552 4056 670 4112 cap.
705 4040 758 4103 6,
791 4040 1030 4095 adducit.
1062 4038 1242 4095 Verba
1278 4055 1401 4109 quae
1436 4039 1621 4094 laudat
1664 4040 1875 4109 lsidori,

298 4143 471 4189 sunt:
508 4133 738 4187 Bestiola
761 4149 824 4186 ea:
852 4149 910 4186 eo
941 4141 1242 4201 nuncupata
1278 4132 1414 4201 quod
1433 4133 1485 4184 in
1520 4133 1669 4202 aquis
1705 4149 1875 4187 verse-

301 4236 414 4290 tur,
465 4233 514 4278 et
562 4227 790 4278 maxime
836 4225 893 4277 in
928 4222 1059 4277 Nilo
1103 4223 1325 4294 (nomen
1374 4223 1618 4280 bestiola:
1663 4223 1881 4296 ἔνυδρος

299 4318 434 4384 est),
467 4333 583 4386 qua:
601 4318 648 4370 si
673 4317 922 4370 invenerit
940 4315 1280 4371 dormientem
1311 4316 1655 4381 crocodilum,
1681 4317 1881 4371 volutat

299 4426 358 4462 se
403 4410 458 4462 in
487 4409 654 4461 lutum
683 4411 909 4478 primunt
942 4420 991 4464 et
1033 4410 1198 4463 intrat
1225 4411 1279 4463 in
1314 4429 1368 4463 os
1405 4410 1516 4479 ejus
1540 4426 1631 4479 per
1655 4420 1878 4464 ventrem

1997 1915 2242 1989 ’ξᾼλλοτε
2266 1915 2546 1989 μὲιίποτὶ
2569 1915 2807 1989 Δτέρματἲ
2832 1915 2936 1972 ὶὼν
2959 1915 3233 1989 μὺχάὶὸυ
3257 1915 3582 1989 ποταμοῖσ,’

1999 1933 2242 1968 nemore
2315 1933 2384 1968 εν
2412 1933 2546 1971 ποτι
2577 1933 2806 1987 τερματ’
2832 1933 2936 1972 ιων
2959 1933 3233 1989 μυχατου
3257 1935 3410 1976 ποτα
3453 1933 3563 1986 οισ,

1997 1985 2240 2062 ςᾼλλοτε
2323 1982 2401 2062 αὖ
2412 1986 2737 2062 ψαμάθοισι
2753 1991 3180 2062 κυλινδόμενος
3195 1991 3330 2045 ποτὶ
3343 1942 3567 2062 x4001-

1996 2056 2608 2131 ᾌῃοιονζάσθμαζνῳν,
2637 2056 3063 2131 στρωφώμενος
3083 2056 3225 2131 ἀμφ’
3247 2056 3560 2130 ὀδύνῂσιν⁸

1992 2126 2188 2212 arbuto
2203 2125 2289 2212 ὄϊς
2305 2125 2415 2212 ορκ
2435 2128 2654 2212 tuerer
2675 2125 2938 2212 γίλυᾶιερῇ
2957 2131 3008 2183 δ’
3025 2125 3351 2212 ἐπιὶᾷρπετ’

1994 2195 2204 2270 ’ξῌπατλι
2220 2197 2287 2270 Δδ’
2313 2197 2453 2266 ἄγχι
2477 2195 2745 2270 utiliora
2769 2195 3108 2270 scaptium-0c
3129 2195 3507 2266 εὶξὶαπινάζει.

2003 2266 2139 2334 Ὀψὲ
2165 2266 2232 2322 δέ
2261 2285 2351 2321 τοι
2373 2266 2683 2337 προλιπὼν
2702 2266 3117 2340 ωειδνδέμας
3135 2271 3342 2342 ἔκθορε
3364 2275 3560 2344 θηρός.

1994 2378 2224 2434 Dubium
2265 2389 2427 2453 auget
2479 2380 2750 2439 Diodorus
2797 2384 2890 2454 qui
2937 2384 3353 2442 ichneumonem
3396 2402 3565 2457 parvo

1991 2469 2114 2523 cani
2154 2470 2389 2526 similem
2427 2470 2579 2541 facit,
2624 2474 2730 2530 etsi
2765 2476 3012 2532 mustelae
3053 2475 3343 2532 Nicander.
3377 2476 3562 2534 Timo-

1991 2561 2150 2618 theus
2181 2563 2294 2620 sive
2331 2563 2668 2635 Theophilus
2701 2568 3128 2636 Alexandrinus,
3157 2571 3406 2626 oratione
3443 2571 3564 2624 Τίνι

1991 2655 2291 2724 ὁμοιοῦται
2335 2661 2368 2710 ό
2417 2659 2787 2729 ἀνθρώπινος
2823 2662 2985 2728 βίος,
3023 2663 3224 2717 animal
3273 2662 3374 2716 hoc
3419 2661 3564 2731 quod

1988 2761 2084 2814 per
2113 2761 2175 2801 os
2205 2748 2466 2802 crocodili
2497 2749 2690 2816 insilit,
2722 2751 2947 2807 subiens
2983 2754 3038 2807 in
3059 2762 3330 2820 ventrem,
3353 2761 3408 2809 et
3446 2753 3563 2808 disc

1989 2844 2176 2906 cerpto
2227 2837 2348 2907 ejus
2398 2848 2590 2895 ventre
2635 2841 2748 2894 exit
2793 2842 2972 2896 bellua
3019 2850 3235 2897 mortua
3279 2843 3559 2905 derelicta,

1990 2930 2174 3000 hylum
2209 2933 2464 3000 appellat,
2507 2933 2730 3004 vultque
2765 2934 2948 2990 alitem
2983 2951 3124 2991 esse.
3161 2936 3272 2990 Kal.
3310 2935 3564 3005 καθάπερ

1988 3022 2048 3075 τὸ
2071 3023 2254 3094 ὄρνεον
2283 3024 2439 3088 ὒλλος
2467 3027 2624 3096 τηρεῖ
2651 3027 2740 3079 τὸν
2765 3027 3122 3098 κροκόδειλον,
3141 3027 3245 3090 ἕως
3268 3027 3333 3080 ἂν
3355 3028 3436 3099 ἴδῃ
3460 3029 3565 3081 αὐ-

1989 3114 2079 3167 τὸν
2105 3115 2275 3185 ἡδέως
2305 3116 2396 3168 καὶ
2419 3116 2738 3187 ἀμερίμνως
2769 3116 3140 3182 ὑπνώσσοντα,
3177 3119 3270 3173 καὶ
3298 3119 3358 3172 τὸ
3389 3120 3562 3190 στόμα

1992 3207 2335 3277 ἀνεῳγμένον
2353 3208 2562 3279 ἔχοντα·
2614 3209 2708 3263 καὶ
2736 3211 2857 3264 τότε
2897 3212 3229 3284 εἰσπηδῆσαν
3257 3215 3561 3284 εἰσέρχεται
3612 3282 3619 3291 ι

1984 3299 2072 3352 διὰ
2099 3299 2191 3352 τοῦ
2233 3300 2496 3371 στόματος
2529 3301 2692 3354 αὐτοῦ
2735 3304 2813 3366 εἰς
2857 3303 2956 3375 τὴν
2998 3303 3202 3359 κοιλίαν
3245 3304 3430 3372 αὐτοῦ,
3468 3306 3562 3359 καὶ

1985 3391 2281 3465 διαρῤῆξαν
2310 3394 2407 3464 τὴν
2434 3394 2674 3466 γαστέρα
2705 3395 2866 3449 αὐτοῦ
2901 3395 3203 3468 ἐξέρχεται,
3246 3395 3559 3452 καταλιπὼν

1985 3482 2145 3536 αὑτὸν
2182 3485 2392 3555 νεκρόν.
2433 3483 2540 3540 Sed
2576 3485 2644 3540 de
2679 3487 3038 3543 ichneumonc
3072 3487 3320 3545 inferius.

2055 3575 2213 3642 lbid.,
2256 3577 2351 3632 lin.
2389 3577 2477 3632 '50.
2516 3579 2686 3632 Ἔστι
2718 3578 2786 3632 δὲ
2823 3584 2857 3636 ό
2903 3581 3300 3652 κροκόδειλος.
3325 3584 3556 3651 Plinius,

1984 3670 2078 3725 lib.
2107 3687 2277 3735 χχχιι,
2311 3686 2429 3743 cap.
2454 3672 2512 3726 11
2541 3692 2554 3726 :
2590 3673 2998 3746 Communesque
3029 3687 3203 3741 terraz,
3233 3679 3389 3744 mari,
3413 3681 3560 3734 amni

1984 3765 2341 3835 hippopotami
2369 3807 2382 3832 ,
2448 3767 2718 3823 crocodili.
2780 3767 3140 3824 Eustathiana
3198 3770 3312 3826 haec
3366 3772 3559 3828 eadem

1985 3859 2050 3912 ad
2085 3860 2310 3914 verbum
2334 3860 2591 3931 leguntur
2616 3860 2757 3932 apud
2783 3861 3050 3917 Achillem
3080 3860 3314 3918 Statium
3344 3864 3422 3920 De
3445 3865 3560 3920 Cli-

1986 3949 2246 4016 tophontis
2275 3959 2324 4003 et
2374 3948 2657 4020 Leucippes
2694 3951 2986 4016 amoribus,
3025 3952 3119 4006 lib.
3174 3969 3246 4008 tv.
3280 3954 3556 4012 Crocodili

1985 4049 2296 4094 accuratam
2342 4040 2765 4111 descriptionem
2813 4043 2980 4098 habes
3027 4043 3170 4114 apud
3223 4043 3557 4100 Herodotum

1986 4132 2040 4185 in
2073 4130 2335 4201 Euterpe;
2365 4133 2736 4199 Aristotelem,
2762 4135 2856 4190 lib.
2882 4151 2936 4190 ix
2973 4134 3178 4190 Hister.
3218 4137 3407 4201 anim.,
3432 4151 3552 4206 cap.

1985 4221 2052 4286 6;
2090 4223 2460 4290 Heliodorum,
2494 4225 2589 4280 lib.
2622 4242 2710 4294 v1;
2758 4226 3105 4280 Ammianum
3151 4225 3568 4292 Marcellinum,

1982 4317 2020 4372 l.
2050 4335 2194 4385 XX”;
2229 4317 2520 4384 lsidorum,
2553 4320 2647 4374 lib.
2679 4335 2780 4385 χιι,
2806 4334 2928 4388 cap.
2961 4320 3028 4387 6;
3057 4321 3355 4377 Diodorum
3395 4321 3554 4376 Sicu-

1982 4413 2117 4481 lum,
2154 4414 2247 4469 lib.
2297 4431 2334 4480 ι,
2386 4422 2527 4484 part.
2562 4431 2576 4468 ι
2606 4432 2620 4481 ;
2652 4413 2910 4476 Plinium,
2958 4414 3053 4469 lib.
3099 4430 3220 4478 vm,
3273 4430 3394 4485 cap.
3443 4412 3551 4479 27;

297 4509 352 4553 et
385 4516 602 4567 carpens
645 4501 823 4553 omnia
859 4503 1116 4556 interiora
1142 4502 1254 4571 ejus
1283 4503 1392 4556 exit
1430 4503 1542 4556 viva
1581 4503 1644 4557 de
1667 4504 1881 4557 visceri-
1910 4505 1958 4562 D
1987 4502 2249 4559 Joannem
2292 4505 2524 4561 Leonem
2559 4505 2614 4559 in
2649 4504 2915 4574 Descript.
2946 4505 3164 4573 Africae,
3194 4505 3288 4559 lib.
3311 4521 3384 4561 ιιι.
3408 4502 3551 4567 Soli:

299 4592 402 4644 bus
424 4591 689 4645 crocodilo
707 4594 819 4661 ipso
844 4594 1349 4649 mortuo.Crocodili
1371 4611 1494 4649 cum
1521 4596 1879 4651 ichneumonc

297 4684 707 4738 internecinum
731 4685 932 4739 bellum
974 4687 1156 4741 sciunt
1183 4703 1392 4752 omnes,
1430 4703 1528 4742 nec
1577 4688 1685 4743 alio
1718 4688 1879 4744 modo

296 4776 412 4831 nisi
441 4792 678 4832 mersum
724 4778 874 4842 limo,
926 4795 1101 4850 eoque
1153 4781 1319 4835 veluti
1369 4781 1534 4836 coriis
1589 4782 1876 4836 loricatum

295 4870 360 4924 in
410 4867 819 4925 dimicationem
866 4887 1110 4942 pergere.
1131 4872 1421 4928 Crederem
1454 4883 1632 4928 tamen
1663 4873 1876 4944 hydrim

294 4961 581 5015 diversum
618 4962 746 5032 quid
789 4979 912 5019 esse
953 4966 1020 5020 ah
1056 4966 1442 5030 iclmcumone,
1480 4983 1603 5021 cum
1646 4966 1877 5020 inferius

294 5061 494 5108 noster
541 5054 861 5112 Eustathius
907 5057 974 5113 de
1020 5058 1382 5113 ichneumonc
1420 5075 1723 5115 sermonem
1778 5060 1876 5112 ha-

295 5145 453 5209 beat,
490 5145 721 5217 ejusque
751 5148 952 5204 bellum
988 5165 1110 5204 cum
1154 5152 1343 5220 aspide
1376 5151 1678 5205 luculenter
1707 5153 1875 5222 expli-

293 5245 413 5298 cet,
443 5236 510 5291 dc
543 5255 648 5307 qua
675 5239 832 5311 hydri
851 5249 904 5297 et
928 5243 1090 5296 verba
1121 5241 1314 5297 lsidori
1345 5240 1691 5313 intelligenda
1725 5251 1872 5298 sunt.

295 5328 414 5382 Nec
447 5329 590 5383 aliud
617 5331 962 5388 existimasse
988 5332 1232 5388 Solinum
1261 5337 1557 5404 comperio,
1577 5351 1720 5397 cum,
1752 5349 1872 5406 cap.

297 5417 394 5483 35,
425 5419 539 5476 haec
567 5423 790 5487 scribat,
824 5424 978 5490 Quod
1008 5424 1235 5493 engdrus
1260 5427 1614 5495 conspicatus,
1653 5426 1875 5479 alterum

298 5507 704 5565 ichneumonum
743 5531 924 5582 genus,
958 5523 1194 5583 penetrat
1234 5515 1484 5578 belluatn,
1511 5517 1876 5586 populatisque

297 5602 574 5667 vitalibus,
617 5621 769 5658 erasa
813 5607 922 5659 exit
971 5607 1138 5662 alveo.
1190 5606 1450 5673 Quamvis
1506 5607 1718 5664 Delrius
1763 5609 1872 5676 illa,

299 5694 542 5748 Alterum
564 5696 961 5751 ichneumonum
985 5715 1167 5769 genus,
1191 5709 1400 5756 veteres
1429 5701 1598 5756 libros
1622 5718 1730 5756 non
1746 5718 1875 5756 con-

290 5785 478 5867 Itinere
509 5787 754 5843 ailirmct.
804 5787 922 5844 Non
960 5790 1219 5860 permittit
1284 5790 1561 5862 Oppianus
1614 5793 1705 5863 qui
1772 5791 1872 5861 Cy-

1981 4611 2086 4650 nus
2125 4595 2238 4649 hmc
2271 4597 2338 4650 de
2368 4611 2453 4660 eo,
2477 4610 2598 4664 cap.
2635 4595 2702 4648 53
2725 4614 2737 4649 :
2764 4593 3073 4648 Crocodilus
3105 4595 3301 4648 malum
3316 4594 3552 4664 quadru-

1978 4706 2088 4756 pes,
2117 4698 2165 4741 et
2203 4689 2255 4740 in
2289 4699 2447 4751 terra.
2481 4697 2528 4740 et
2564 4688 2616 4739 in
2643 4687 2858 4754 ﬂumine
2889 4688 3089 4755 pariter
3116 4688 3270 4751 valet,
3316 4687 3549 4758 linguam

1979 4794 2082 4830 non
2111 4776 2288 4839 habet,
2325 4775 2603 4829 maxillam
2627 4786 2791 4830 movet
2817 4777 3171 4846 superiorem:
3195 4794 3399 4832 morsus
3431 4778 3547 4845 ejus

1979 4867 2225 4921 [terribili
2257 4868 2536 4920 tenacitate
2581 4867 2908 4932 conveniunt,
2951 4869 3177 4937 stipante
3221 4886 3274 4922 se
3314 4869 3547 4923 dentium

1978 4961 2108 5014 serie
2144 4960 2448 5027 pectinatim
2476 4973 2496 5010 :
2524 4959 2824 5028 plerumque
2857 4959 2924 5012 ad
2957 4962 3136 5031 viginti
3164 4962 3314 5015 ulnas
3346 4963 3550 5032 magni-

1983 5051 2178 5105 tudinis
2212 5051 2460 5105 coalescit
2494 5065 2510 5102 :
2543 5053 2726 5120 qualia
2768 5069 2975 5107 anseres
3024 5054 3133 5107 edit
3164 5070 3289 5116 ova;
3323 5065 3548 5106 metatur

1981 5144 2152 5197 locum
2185 5143 2306 5197 nido
2339 5146 2577 5197 naturali
2606 5144 2956 5213 providentia,
2989 5163 3079 5199 nec
3107 5147 3235 5199 alibi
3268 5147 3404 5214 fetus
3428 5161 3545 5214 pre-

1977 5237 2107 5300 mit,
2141 5253 2298 5306 quant
2352 5253 2451 5306 qtto
2496 5238 2771 5290 crescentis
2806 5235 2921 5288 Nili
2976 5255 3126 5308 aqua:
3167 5254 3270 5291 non
3326 5248 3545 5306 possunt

1976 5331 2258 5398 pervenire.
2297 5329 2360 5382 In
2389 5342 2544 5396 partu
2573 5329 2791 5398 fovendo
2817 5348 2928 5383 mas
2951 5341 3000 5384 et
3033 5331 3228 5400 femina
3275 5331 3403 5385 vices
3429 5350 3542 5384 ser-

1976 5434 2117 5477 vant.
2155 5422 2356 5475 Prn'ter
2373 5422 2574 5475 hiatum
2597 5424 2703 5475 oris
2727 5433 2967 5477 arntatus
2995 5433 3070 5477 est
3101 5425 3261 5477 etiam
3294 5424 3543 5492 unguium

1975 5515 2329 5567 immanitate.
2372 5512 2628 5568 Noctibus
2660 5515 2711 5566 in
2747 5530 2884 5582 aqua
2909 5513 3081 5584 degit;
3114 5531 3204 5583 per
3233 5515 3371 5568 diem
3398 5515 3543 5569 humi

1975 5608 2278 5676 acquiescit.
2310 5605 2685 5663 Cirrutndatur
2730 5607 2964 5660 maxima
2993 5609 3128 5660 cutis
3181 5609 3452 5677 ﬁrmitate,
3488 5610 3549 5670 in

1975 5706 2204 5757 tantum,
2245 5708 2296 5750 ut
2329 5698 2459 5750 ictus
2487 5697 2665 5768 quovis
2699 5706 2950 5753 tormento
2983 5697 3198 5754 adactos
3235 5710 3432 5770 tergore
3464 5718 3542 5754 rc-

1975 5789 2250 5858 percutiat.
