4072 6342
540 284 643 339 887
1879 291 2123 349 LEOle
2159 290 2428 348 ALLATIl
3664 292 3771 349 888

611 393 769 475 lbid.,
803 399 898 454 lin.
926 398 1016 454 δὲ.
1065 400 1198 455 Ἐὰν
1226 401 1295 455 δὲ
1309 402 1488 473 χάνῃ.
1521 404 1714 460 Mirum
1743 413 1826 461 est
1855 406 1999 475 quod
2029 406 2100 461 de
2128 421 2173 477 Δ
2202 406 2441 462 Achilles
2493 403 2706 462 Statius
2743 405 2838 461 lib.
2871 420 2945 469 tv,
2986 412 3042 461 et
3082 406 3260 462 simile
3294 404 3450 476 quid,
3479 405 3585 460 etsi
3624 405 3679 459 in
3709 421 3770 461 re

540 506 727 545 eorum
757 492 901 545 victu
955 499 1143 547 narrat
1188 492 1428 551 Joannes
1481 495 1593 552 Leo
1633 498 1689 551 in
1744 496 2100 566 Descriptione
2209 497 2446 564 diversa,
2476 497 2676 569 legitur
2695 497 2838 569 apud
2865 496 3107 569 Longum
3127 499 3450 570 sopbistam,
3472 497 3569 552 lib.
3596 514 3615 552 ι
3642 497 3771 551 Ποι-

541 582 759 650 Africte,
787 580 884 637 lib.
911 599 962 637 ιιι
1001 603 1013 637 :
1053 584 1257 639 Harum
1292 586 1584 642 belluarum
1618 589 1844 658 amplius
1875 599 2102 646 trecenta

2206 590 2468 663 μενικῶν,
2498 592 2554 645 in
2583 605 2692 659 quo
2724 590 2887 647 simili
2918 589 3046 645 dolo
3074 598 3319 661 pastores
3340 591 3499 661 lupos
3521 588 3764 660 capiunt.

542 674 715 741 capita
739 673 901 730 Cana:
927 676 1181 732 moenibus
1211 678 1425 733 diducto
1463 682 1599 734 rictu
1630 680 1786 751 afﬁxa
1817 681 1939 748 vidi,
1972 681 2103 735 adeo
2274 684 2392 739 Col.
2418 682 2543 746 728,
2566 684 2663 737 lin.
2690 684 2744 738 '5.
2766 684 3049 753 Δεύτερον
3063 684 3235 749 βοός.
3255 682 3397 737 Cave
3422 682 3568 736 hunc
3586 681 3769 735 locum

542 780 746 834 magum
798 781 861 818 ac
894 766 1164 830 stupenda:
1205 769 1567 838 amplitudinis
1587 810 1602 834 ,
1630 779 1685 823 ut
1723 787 1933 825 vaccam
1973 772 2099 825 inle-
2203 777 2278 831 ita
2310 776 2605 847 intelligas,
2645 784 2705 830 ut
2733 777 3179 847 hippopotamum
3205 775 3581 846 magnitudine
3606 788 3773 843 supe-

540 869 691 924 gram
738 870 921 924 capere
942 856 1255 923 potuissent,
1286 857 1529 913 dentibus
1557 861 1728 915 acutis
1760 870 1810 914 et
1836 876 2104 931 praegran—
2205 868 2316 924 rari
2346 867 2648 935 existimes,
2686 881 2753 924 ea
2795 867 2941 923 enim
2985 866 3282 922 maximum
3311 880 3639 936 quemquem
3670 864 3772 920 b0-

541 947 712 1001 rlibus.
750 946 929 1003 Solent
960 960 1132 1003 autem
1162 950 1401 1022 .Egyptii
1423 953 1707 1021 piscatores
1731 954 1988 1009 crocodilo
2014 971 2104 1008 ca-
2207 974 2324 1015 vem
2370 960 2687 1030 aquiparat.
2734 959 2971 1015 Achilles
3017 958 3244 1025 Statius,
3286 956 3516 1029 μέγεθος
3540 957 3597 1010 δὲ
3628 955 3773 1012 κατὰ

540 1049 631 1109 put
654 1041 1019 1109 prazscindere,
1041 1038 1447 1113 oppidorumque
1470 1044 1743 1109 mmnibus,
1769 1044 2106 1115 quemadmo-
2207 1050 2335 1123 βοῦν
2364 1052 2455 1105 τὸν
2488 1052 2760 1123 μέγιστον.
2790 1048 2971 1117 Quare
3001 1050 3182 1106 locum
3218 1049 3365 1104 hunc
3403 1049 3477 1102 ita
3516 1048 3771 1112 restituo,

540 1131 668 1186 dum
696 1142 965 1187 venatores
996 1133 1231 1202 ferarum
1262 1136 1438 1205 capita
1471 1137 1696 1207 afﬁgere.

2205 1144 2417 1200 videtur
2447 1146 2592 1200 enim
2638 1145 2883 1207 mutilus,
2928 1143 3037 1197 Kal
3075 1144 3123 1197 oi
3161 1141 3420 1213 θηρευταὶ
3451 1139 3613 1202 εὐθὺς
3637 1138 3775 1191 ἁπο-

607 1223 771 1289 lhid.,
825 1227 923 1281 lin.
972 1226 1064 1282 45.
1101 1228 1153 1279 Ὀ
1203 1226 1271 1280 δὲ
1312 1231 1635 1299 λεγόμενος
1677 1232 2103 1301 ἱπποπόταμος.
2207 1235 2464 1290 κλείουσι.
2506 1237 2617 1290 Καὶ
2654 1236 2770 1289 ἐστι
2813 1236 2911 1306 μὲν
2952 1236 3033 1297 εἰς
3069 1232 3238 1305 ἀλκὴν
3279 1232 3569 1301 ἐλέφαντος
3608 1228 3776 1285 Ἰνδοῦ

540 1315 797 1371 Eamdem
845 1316 1265 1386 descriptionem
1307 1319 1498 1374 iisdem
1542 1318 1654 1375 fere
1694 1322 1878 1377 verbis
1920 1322 2107 1391 paucis

1920 1322 2107 1391 paucis
2205 1326 2473 1399 δεύτερον·
2502 1326 2623 1397 βοὸς
2647 1326 2705 1381 δὲ
2730 1326 2843 1397 ἕχει
2874 1326 2934 1380 τὸ
2959 1326 3145 1397 θηρίον
3169 1325 3230 1379 τὸ
3265 1323 3511 1395 μέγεθος.

542 1409 845 1465 immutatis
889 1411 1054 1466 habes
1090 1412 1232 1480 apud
1282 1410 1547 1469 Achillem
1595 1411 1852 1476 Statium.
1887 1414 1979 1468 lib.
2013 1429 2103 1467 tv:

2280 1417 2439 1483 lbid.,
2471 1419 2547 1474 lin
2596 1419 2650 1474 ὅ.
2686 1419 2782 1472 Ἐν
2799 1417 2868 1472 δὲ
2886 1417 3010 1483 τοῖς
3027 1418 3227 1487 ἰχθύσι
3252 1413 3455 1481 πολλή
3495 1431 3609 1479 τις.
3645 1412 3777 1466 Ari-

545 1498 771 1569 Ἕτυχον
814 1498 1078 1569 ποτάμιον
1105 1499 1310 1572 τθηρίον
1353 1502 1544 1573 ἄνδρες
1584 1503 1946 1574 τεθηρακότες
1983 1502 2110 1569 θέας

2208 1508 2433 1564 stoteles
2463 1516 2644 1564 tamen
2667 1508 2746 1562 De
2775 1509 3107 1579 generatione
3135 1508 3325 1569 anim.,
3349 1505 3443 1560 lib.
3465 1520 3552 1568 ιιι,
3570 1519 3693 1574 cap.
3721 1502 3773 1569 l,

541 1589 710 1656 ἄξιον.
743 1593 934 1647 Ἵππον
961 1594 1017 1647 δὲ
1054 1593 1214 1649 αὐτὸν
1240 1593 1334 1647 τοῦ
1368 1594 1559 1649 Νείλου
1591 1596 1817 1650 ἐκάλουν
1853 1599 1903 1650 οἱ
1945 1597 2112 1665 Αίγύ-

2210 1596 2443 1669 piscium
2465 1605 2715 1652 naturam
2742 1597 3074 1668 frigidiorem
3103 1610 3224 1650 esse
3257 1593 3507 1659 allirmat,
3541 1593 3776 1662 ideoque

542 1700 708 1738 ἰττιοι⁹
739 1687 833 1740 καὶ
859 1686 971 1739 ἔστι
1004 1686 1102 1757 μὲν
1134 1687 1319 1751 ἵππος,
1356 1686 1433 1749 ὡς
1468 1688 1496 1739 ό
1526 1686 1683 1755 λόγος
1714 1686 1981 1757 βούλεται,
2012 1688 2109 1759 τὴν

2214 1688 2287 1742 ita
2316 1687 2425 1742 illis
2452 1687 2596 1742 sicut
2632 1694 2686 1741 et
2731 1687 2923 1742 avibus
2962 1692 3245 1741 menstrua
3274 1684 3424 1738 nulla
3453 1682 3697 1754 prodire,
3721 1689 3776 1737 et

542 1775 783 1848 γαστέρα
823 1776 914 1831 καὶ
949 1778 1075 1841 τοὺς
1117 1777 1303 1841 πόδας,
1348 1777 1485 1850 πλὴν
1522 1779 1646 1833 ὅσον
1680 1780 1738 1831 ὲν
1768 1778 1904 1850 χηλῇ
1937 1779 2110 1850 σχίζει
2142 1771 2150 1826 Ι

2165 1774 2181 1824 3
2212 1786 2537 1849 conceptum
2585 1778 2887 1833 consistere
2919 1777 3036 1833 sine
3073 1776 3252 1843 coitu;
3283 1784 3337 1831 et
3368 1775 3462 1830 lib.
3484 1790 3608 1839 vnt,
3648 1788 3773 1845 cap.

502 1868 639 1940 πλὴν
716 1867 903 1940 ὁπλήν.
946 1869 1191 1938 Μέγεθος
1230 1868 1287 1922 δὲ
1337 1867 1477 1923 κατὰ
1523 1867 1648 1939 βοῦν
1691 1869 1784 1923 τὸν
1835 1869 2104 1939 μέγιστον.

2215 1869 2300 1934 l9,
2335 1869 2412 1924 De
2438 1870 2625 1925 histor.
2653 1870 2839 1933 anim.,
2874 1869 3052 1938 pisces
3081 1868 3136 1922 in
3171 1866 3306 1922 locis
3340 1865 3553 1937 frigidis
3580 1880 3775 1936 parum

543 1960 692 2031 Οὑρά
720 1959 965 2032 βραχεῖα,
1003 1961 1095 2019 καὶ
1125 1960 1253 2032 ψιλὴ
1283 1959 1504 2033 τριχῶν,
1542 1961 1625 2014 ὅτι
1663 1961 1757 2014 καὶ
1792 1961 1851 2014 τὸ
1882 1963 1988 2014 πᾶν
2016 1960 2108 2013 τοῦ

2213 1962 2415 2032 vigere.
2452 1959 2631 2027 Quare
2666 1959 2887 2014 minime
2917 1958 3117 2012 mirum
3144 1967 3226 2013 est
3274 1957 3506 2028 gelidam
3540 1956 3775 2010 hiemem

542 2052 792 2124 σώματος
820 2054 991 2118 οὕτως
1034 2053 1165 2125 ἔχει’
1210 2053 1417 2125 κεφαλὴ
1451 2053 1750 2126 περιφερὴς
1780 2053 1840 2107 οὐ
1882 2069 2107 2124 σμικρά.

2214 2067 2405 2107 omnes
2435 2051 2659 2115 sentire,
2695 2050 3036 2119 maximeque
3067 2063 3184 2112 eos,
3222 2048 3314 2118 qui
3344 2045 3577 2117 lapidem
3608 2043 3779 2098 habe-

556 2146 752 2214 Ἐγγὺς
768 2145 934 2199 ἵππου
952 2146 1193 2218 παρειαὶ,
1218 2145 1431 2218 μυκτὴρ
1458 2146 1551 2199 ἐπὶ
1575 2144 1716 2216 μέγα
1740 2143 2000 2215 κεχηνὼς,
2019 2144 2112 2197 καὶ⁵

2213 2158 2270 2198 re
2305 2144 2360 2198 in
2393 2144 2570 2213 capite
2598 2142 2986 2198 existimantur
3017 2159 3031 2196 :
3064 2147 3118 2196 et
3162 2154 3289 2194 cum
3322 2151 3534 2209 asperis
3566 2136 3778 2190 hiemes

544 2236 720 2289 πνέων
763 2235 981 2308 πυρώδη
1013 2237 1237 2298 καπνὸν,
1272 2236 1347 2300 ὡς
1381 2237 1488 2290 ἀπὺ
1520 2235 1702 2306 πηγῆς
1730 2234 1917 2306 πυρός·
1953 2233 2113 2301 γένυς

2215 2234 2433 2290 fuerunt
2483 2234 2685 2290 multos
2734 2249 2908 2290 caecos
2950 2240 3141 2303 captos
3171 2230 3361 2293 fuisse,
3396 2228 3466 2283 ita
3506 2227 3780 2284 referente

545 2328 749 2399 εὐρεῖα,
782 2326 912 2379 ὡσεὶ
938 2328 1029 2380 καὶ
1055 2327 1275 2401 παρειά.
1306 2328 1482 2399 Μέχρι
1514 2326 1621 2380 τῶν
1654 2325 1939 2398 κροτάφων
1969 2325 2114 2378 ἀνοί-

2213 2326 2387 2381 Plinio
2410 2326 2504 2381 lib.
2536 2342 2613 2389 ιχ,
2644 2340 2764 2396 cap.
2798 2325 2900 2390 l6;
2927 2340 2993 2379 ex
3016 2322 3308 2379 Aristotele
3330 2319 3406 2373 De
3428 2319 3553 2373 hist.
3584 2319 3777 2382 anim.,

544 2434 630 2486 γει
659 2416 723 2471 τὸ
765 2417 958 2488 στόμα.
1003 2417 1153 2487 Ἔχει
1199 2417 1254 2471 δὲ
1280 2419 1373 2470 καὶ
1420 2416 1736 2480 κυνόδοντας
1774 2415 2109 2486 καμπύλους,

2214 2418 2310 2473 lib.
2348 2433 2469 2483 νιιι,
2509 2432 2631 2487 cap.
2674 2418 2771 2485 l9;
2803 2420 2991 2486 sicque
3019 2416 3103 2470 his
3135 2412 3623 2480 mensibusjacere
3655 2424 3780 2480 spe-

545 2507 687 2562 κατὰ
739 2509 835 2579 μὲν
884 2507 982 2580 τὴν
1025 2508 1166 2563 ἰδέαν
1216 2510 1309 2561 καὶ
1348 2508 1444 2580 τὴν
1491 2508 1638 2563 θέσιν
1680 2509 1755 2572 ὡς
1810 2508 2007 2573 ἵππος,
2051 2506 2113 2560 τὸ

2215 2509 2393 2564 laticis
2418 2509 2693 2574 conditos,
2737 2509 2875 2564 alios
2908 2508 3109 2572 arenis.
3139 2508 3276 2561 alios
3305 2520 3563 2561 saxorum
3606 2517 3780 2572 angu-

544 2600 603 2653 δὲ
656 2599 886 2671 μέγεθος
940 2601 1021 2663 είς
1067 2600 1405 2671 τριπλάσιον.
1458 2598 1524 2653 Et
1575 2597 1785 2655 Plinius
1838 2600 1932 2655 lib.
1986 2614 2107 2662 vnt,

2215 2598 2356 2653 stiis.
2382 2598 2488 2655 Ubi
2518 2614 2646 2654 vero
2670 2598 2983 2669 temperiem
3010 2598 3174 2662 aeris,
3196 2589 3252 2653 et
3278 2596 3445 2652 maris
3466 2592 3780 2664 tranquilli-

546 2705 667 2761 cap.
694 2689 762 2744 59
794 2704 808 2740 :
839 2687 1017 2757 Major
1046 2689 1324 2744 altitudine
1352 2690 1405 2744 in
1426 2689 1604 2745 eodem
1632 2688 1759 2744 Nilo
1790 2688 1964 2746 bellua
1996 2690 2113 2760 hip—
2215 2698 2381 2747 tatem
2434 2690 2842 2761 prasenserint,
2886 2689 3145 2745 continuo
3201 2704 3260 2745 se
3305 2687 3498 2744 etl‘erre
3528 2687 3784 2742 choreas-

544 2792 852 2853 popotamus
904 2782 1079 2837 editur
1118 2800 1135 2837 :
1176 2784 1387 2854 ungulis
1431 2782 1629 2852 biﬁdis,
1675 2784 1857 2854 quales
1914 2782 2109 2849 bubus,
2215 2799 2320 2854 que
2350 2782 2569 2838 ducere.
2598 2782 2949 2838 Cultissimus
2975 2780 3248 2845 ιιείιίιιιιιις,
3271 2781 3366 2835 lib.
3410 2795 3488 2844 ix,
3521 2794 3644 2849 cap.
3672 2778 3780 2835 57:

544 2875 701 2930 dorso
734 2877 871 2947 equi,
888 2886 938 2931 et
964 2875 1112 2941 iuba,
1139 2889 1188 2931 et
1214 2875 1442 2941 hinnitu,
1476 2886 1646 2931 rostro
1673 2878 1884 2943 resima,
1918 2876 2110 2941 cauda,

2228 2877 2314 2929 Ἐν
2344 2874 2401 2928 δὲ
2432 2873 2508 2945 τῷ
2537 2872 2765 2945 χειμῶνι
2795 2872 3106 2945 βιαιοτάτῳ,
3143 2870 3512 2943 κυμαινούσης
3555 2871 3653 2941 μὲν
3681 2870 3783 2940 τῆς

546 2977 595 3021 et
624 2964 865 3020 dentibus
897 2981 1166 3035 aprorum,
1200 2966 1419 3022 aduncis
1453 2967 1543 3021 sed
1567 2967 1738 3022 minus
1778 2969 1953 3022 noxiis
1974 2984 1995 3028 ;
2017 2977 2114 3021 ter—

2216 2965 2511 3037 θαλάσσης,
2542 2965 2775 3038 σκληρόν
2813 2982 2876 3035 γε
2906 2964 3013 3020 τῶν
3043 2964 3255 3035 ἀνέμων
3289 2965 3383 3018 καὶ
3414 2963 3587 3034 βίαιον
3612 2979 3785 3015 κατα-

544 3059 689 3129 goris
719 3058 790 3113 ad
813 3068 964 3113 scuta
1004 3068 1283 3131 galeasque
1311 3059 1717 3128 impenetrabilis
1748 3071 1939 3130 prwter
1956 3077 2112 3130 quam
2143 3122 2152 3132 Δ

2176 3122 2179 3132 ι
2217 3060 2505 3122 πνεόντων,
2533 3059 2811 3132 φρίττουσι
2831 3059 2931 3131 τὴν
2954 3057 3246 3129 σύντροφόν
3277 3074 3338 3110 τε
3360 3057 3475 3128 ἄμα
3504 3057 3601 3110 καὶ
3621 3056 3784 3127 φίλην

546 3149 594 3202 si
627 3148 843 3205 humore
874 3149 1105 3204 madeat.
1161 3120 1477 3219 licpascitur
1509 3160 1727 3222 segetes,
1763 3120 2111 3206 destinatione
2138 3121 2154 3174 ί

2176 3122 2181 3175 ί
2212 3154 2259 3205 οἱ
2294 3120 2797 3223 ίχθύεςνθάλατταν.
2835 3120 2945 3206 ιςξιι
2977 3152 3027 3205 οἰ
3211 3120 3533 3215 αὐτῶν-τοῖς
3577 3120 3784 3220 πτερυ-

547 3253 686 3307 ante,
722 3253 781 3296 ut
828 3242 1026 3313 ferunt,
1060 3242 1437 3299 determinatas
1471 3244 1526 3298 in
1577 3243 1735 3308 diem,
1765 3253 1817 3297 et
1865 3260 1930 3297 ea:
1984 3260 2109 3314 agro

2210 3242 2351 3312 γίοις
2396 3241 2715 3314 ἐπαμῶνται
2757 3241 2856 3314 τὴν
2884 3241 3138 3313 ψάμμον,
3188 3240 3284 3294 καὶ⁸
3326 3240 3553 3303 ἑαυτοὺς
3583 3239 3788 3311 ἐπηλυ-

548 3335 835 3406 fenentibus
866 3335 1119 3406 vestigiis,
1151 3351 1212 3389 ne
1232 3351 1349 3406 qua:
1370 3335 1643 3390 revertenti
1663 3333 1872 3388 insidia:
1899 3349 2114 3402 compa-

2210 3335 2478 3403 γάσαντες
2519 3334 2941 3389 ὑποθάλπουσιν·
2979 3335 3028 3387 οἰ
3062 3333 3116 3387 δὲ
3150 3330 3493 3387 ὑπειλοῦνταί
3524 3350 3646 3386 τινα
3683 3330 3785 3383 πέ-

549 3436 751 3480 rentur.
785 3424 851 3479 Et
899 3426 995 3481 lib.
1036 3442 1109 3489 ιι,
1142 3441 1261 3496 cap.
1307 3426 1394 3491 ll,
1438 3427 1655 3482 diversa
1694 3426 1763 3480 ab
1802 3425 2010 3481 Achille
2057 3435 2111 3485 et

2213 3443 2367 3498 τραν,
2394 3428 2450 3479 ὲν
2473 3426 2649 3499 σκέπῃ
2676 3442 2734 3478 τε
2755 3424 2847 3480 τοῦ
2869 3424 3083 3495 κρύους.
3102 3425 3193 3478 καὶ
3207 3419 3266 3478 εὖ
3287 3422 3431 3494 μάλα
3447 3439 3509 3490 γε
3531 3422 3791 3493 ἀσμένως

549 3517 835 3573 Eustathio
868 3517 1080 3581 scribit,
1117 3517 1536 3588 hippopotamos
1568 3518 1852 3581 duntaxat,
1888 3520 2028 3573 sicut
2057 3528 2111 3573 et

2214 3513 2594 3588 ἡσυχάζουσιν·
2630 3516 2678 3568 οἰ
2713 3515 2769 3569 δὲ
2800 3516 2858 3578 ἐς
2884 3515 3007 3578 τοὺς
3038 3514 3239 3586 μυχοὺς
3263 3512 3359 3567 τοῦ
3391 3512 3661 3581 πελάγους
3684 3529 3787 3564 κα-

547 3609 747 3665 vitulos
772 3608 1040 3679 aquatiles
1062 3609 1211 3663 corio
1227 3618 1281 3663 et
1303 3608 1428 3679 pilis
1460 3608 1645 3677 intcgi.
1678 3607 1750 3664 De
1775 3607 1876 3663 hoc
1903 3608 2113 3663 Aristo-

2211 3609 2511 3671 ταθέοντες,
2552 3603 2670 3661 εἶτα
2701 3607 2800 3677 τὴν
2836 3606 3040 3661 ἄνωθεν
3081 3605 3281 3678 φρίκην
3314 3604 3592 3672 ἐξέκλιναν
3632 3604 3788 3659 κάτω

547 3698 705 3762 teles,
738 3696 814 3751 De
840 3698 964 3754 hist.
998 3698 1160 3754 anim.
1197 3697 1289 3753 lib.
1318 3713 1379 3761 ιι,
1411 3713 1528 3768 cap.
1554 3697 1852 3764 7;Straho,
1885 3699 1980 3753 lib.
2007 3715 2110 3765 xv;

2213 3701 2305 3754 καὶ
2328 3700 2386 3752 ἐν
2413 3698 2577 3771 βυθῷ.
2602 3700 2714 3769 Οὐχ
2746 3696 2919 3761 οὕτως
2960 3697 3068 3768 γάρ
3097 3713 3280 3767 φασιν,
3315 3695 3503 3767 ὥσπερ
3546 3691 3640 3750 οὖν
3672 3696 3790 3750 ἂνω

548 3791 788 3847 Joannes
846 3791 975 3853 Leo,
1030 3790 1410 3861 Descriptionis
1484 3791 1680 3860 Africa:
1736 3792 1829 3846 lib.
1885 3808 1970 3855 Ix,
2018 3791 2111 3861 qui

2212 3792 2515 3848 διοιδαίνειν
2547 3809 2607 3845 τε
2650 3792 2743 3846 καὶ
2760 3789 2982 3844 τύπτειν
3003 3790 3063 3842 τὸ
3081 3789 3230 3861 κῦμα
3252 3791 3549 3861 ἀγριαῖνον.
3582 3790 3788 3860 Ὑπειρ-

549 3883 716 3939 etiam
749 3896 845 3938 eos
876 3881 1081 3953 depiles
1116 3897 1239 3937 esse
1269 3882 1481 3937 scribit.
1508 3881 1583 3937 De
1620 3882 1740 3952 ejus
1770 3883 1824 3936 in
1857 3890 2113 3953 parentes

2214 3887 2439 3959 χομένου
2462 3886 2520 3940 δὲ
2551 3884 2644 3938 τοῦ
2682 3880 2834 3956 ἦρος,
2870 3884 2964 3938 καὶ
2993 3881 3085 3935 τοῦ
3120 3883 3217 3952 μὲν
3248 3882 3406 3954 ἀέρος
3438 3881 3669 3953 φαιδροῦ
3690 3898 3789 3949 γε·

551 3973 828 4043 impietate
862 3981 916 4029 et
961 3973 1233 4043 iniustitia
1267 3972 1618 4037 Plutarchus,
1649 3974 1740 4028 lib.
1781 3973 1852 4028 De
1894 3974 2114 4028 solertia

2213 3976 2460 4048 νομένου,
2492 3975 2600 4029 τῶν
2637 3974 2693 4028 δὲ
2736 3974 2917 4044 φυτῶν
2947 3973 3157 4027 θάλλειν
3187 3973 3523 4046 ἀρχομένων,
3554 3971 3787 4028 καὶτῶν

552 4068 748 4127 anim.;
773 4074 827 4122 et
855 4066 1130 4136 quomodo
1162 4065 1459 4135 symbolice
1497 4073 1648 4119 nutet
1695 4064 2109 4135 impudentiam.

2213 4067 2488 4139 λειμώνων
2519 4067 2587 4122 τὰ
2621 4068 2891 4137 σύντροφα
2920 4065 3231 4137 κομώντων,
3263 4066 3472 4136 γαληνά
3501 4082 3561 4119 τε
3589 4064 3660 4118 τὰ
3687 4064 3782 4118 τοῦ

550 4158 719 4223 Idem,
739 4159 834 4212 lib.
869 4158 940 4212 De
959 4156 1122 4212 Iside.
1148 4155 1283 4210 Vide
1306 4155 1606 4222 JEIianum,
1634 4156 1728 4210 lib.
1759 4171 1856 4220 vlt,
1882 4171 2001 4226 cap.
2022 4156 2108 4219 19,

2216 4162 2482 4231 πελάγους
2505 4163 2599 4215 nati.
2614 4162 2840 4215 ὑπεύδια
2859 4158 3234 4230 αἰσθόμενοιοί
3267 4156 3464 4227 ἰχθύες,
3495 4156 3784 4210 ἀναθέουσι

550 4252 628 4306 De
675 4251 799 4308 hist.
845 4252 1047 4315 anim.,
1076 4261 1131 4305 et
1182 4257 1377 4320 prteter
1416 4256 1641 4303 caeteros
1682 4246 1907 4312 Horum,
1958 4247 2032 4302 lib
2072 4265 2111 4311 ι,

2215 4254 2310 4309 καὶ
2345 4252 2571 4325 πηδῶσι,
2601 4253 2695 4305 καὶ
2724 4252 2946 4324 πλησίον
2973 4252 3068 4321 τῆς
3090 4251 3189 4320 γῆς
3216 4250 3467 4321 νήχονται
3495 4248 3781 4319 ὼσπεροῦν

550 4361 671 4416 cap.
711 4343 798 4399 16.

2213 4348 2437 4417 ἥκοντες
2484 4345 2540 4411 ἐξ
2590 4345 2921 4417 ἀποδημίας.
2969 4343 3079 4399 Nec
3126 4351 3411 4413 prepterea
3457 4340 3779 4394 Aristoteles

621 4433 782 4497 ιδιά..
812 4433 906 4488 lin.
937 4433 1024 4487 54.
1052 4432 1160 4486 Kal
1200 4432 1370 4486 ἐστιν
1410 4429 1893 4499 ἀδηφαγώτατον.
1929 4429 2114 4484 Achil-
2142 4449 2189 4510 D
2218 4455 2229 4492 ι

2172 4455 2189 4507 ι
2218 4446 2377 4508 negat
2414 4438 2594 4508 pisces
2622 4454 2846 4494 voraces
2869 4453 2991 4494 esse
3013 4443 3067 4493 et
3088 4438 3328 4508 gulosos.
3348 4434 3444 4490 sed
3464 4435 3515 4488 id
3534 4433 3601 4487 ad
3615 4434 3780 4487 aliam

552 4527 631 4581 Ics
661 4526 890 4589 Statius,
914 4524 1010 4578 lib.
1042 4540 1128 4576 tv:
1161 4521 1383 4594 Πρῶτον
1420 4522 1519 4593 μὲν
1550 4522 1652 4593 τὴν
1684 4520 1845 4591 φύσιν
1881 4520 1974 4573 τοῦ
2012 4519 2112 4590 θη-

2218 4545 2460 4591 causam,
2484 4544 2590 4583 non
2614 4530 2678 4583 ad
2698 4530 2933 4584 calorem
2960 4527 3146 4589 refert,
3169 4541 3290 4596 qua:
3307 4534 3363 4581 et
3386 4526 3558 4596 magis
3580 4524 3787 4577 νει·οεὶ-

551 4619 668 4696 ρίου
701 4618 1037 4686 καταλέγων,
1070 4612 1190 4672 εἶτα
1221 4616 1314 4669 καὶ
1338 4614 1429 4668 τδν
1459 4614 1657 4687 τρόπον
1684 4614 1782 4685 τῆς
1808 4614 2003 4685 ἄγρας.
2040 4611 2116 4675 ῶς

2217 4621 2362 4676 milis
2380 4622 2619 4690 videtur;
2639 4622 2777 4675 libro
2796 4621 2941 4676 enim
2962 4636 3045 4684 ιιι,
3066 4620 3142 4684 De
3162 4628 3301 4687 part.
3317 4619 3507 4681 anim.,
3523 4633 3646 4687 cap.
3672 4616 3736 4669 Η
3774 4658 3781 4669 .

550 4711 665 4761 ἐστι
717 4711 814 4777 μὲν
852 4704 1297 4776 άδηφαγώτατον,
1355 4704 1449 4756 καὶ
1489 4704 1720 4756 ποιεῖται
1766 4701 1969 4773 τροφὴν
1997 4699 2116 4752 ὅλον

2219 4712 2390 4767 Genus
2413 4715 2635 4784 piscium
2666 4730 2836 4775 omne,
2860 4714 3106 4783 quoniam
3126 4710 3297 4765 cibum
3323 4710 3782 4778 niinusconﬁcere

549 4798 715 4871 λήϊον.
745 4797 969 4852 Nonnus
999 4796 1355 4867 Dionysiacon
1379 4795 1473 4849 lib.
1502 4810 1626 4848 χιιι
1654 4813 1666 4847 :

2215 4806 2404 4874 possit,
2449 4807 2714 4875 crudaque
2759 4812 2954 4875 egerat,
2987 4813 3036 4857 et
3086 4817 3250 4856 vorax
3304 4809 3353 4856 et
3390 4799 3635 4870 gulosum
3679 4809 3778 4853 est.

863 4940 932 4951 --
964 4908 1129 4974 ἑώιος
1169 4908 1348 4973 Ἰνδὸς
1371 4906 1695 4973 ’Υδάσπης.
2219 4893 2425 4948 ϐαἰενα
2457 4914 2471 4948 t

2219 4893 2425 4948 Cretera
2457 4896 2616 4948 etiam
2650 4895 2848 4955 omnia,
2872 4893 3061 4964 quibus
3083 4891 3334 4945 intestina
3363 4899 3485 4945 sunt
3511 4900 3677 4951 recta.
3705 4891 3781 4941 ci-

550 4980 708 5036 Κεῖοι
742 4978 1159 5086 μελοέιψηφίδι
1193 4978 1450 5041 διαί-ξύων
1468 4978 1617 5045 ῥόον
1641 4975 1797 5044 ὁπλῇ

561 5050 805 5086 Μιῑυιιφηι
844 5053 900 5086 a‘n
922 5050 1114 5086 ητιῗοηι
1147 5047 1467 5086 «nrnrnii‘nn
1499 5048 1681 5086 hrum:-
1712 5045 1942 5086 ἡῖἤτιηρ

2218 4986 2401 5039 borum
2432 4985 2587 5039 avida
2607 4997 2745 5039 sunt.
2766 4985 2898 5040 Cum
2918 4986 3054 5039 enim
3077 4983 3222 5038 cibus
3251 4983 3483 5037 celeriter
3513 4992 3776 5057 egeratur,

549 5045 808 5120 Νήχετὶιι
844 5045 1114 5115 ὑδᾱτόἐις
1143 5047 1467 5116 ποταμήνος
1499 5048 1681 5112 ἵππος
1712 5045 1942 5113 ἀλήτης

555 5120 690 5186 οἶος
715 5119 862 5188 ἐμοῦ
899 5120 1133 5174 Νείλοιο
1162 5117 1487 5188 θερειγενὲς
1506 5113 1681 5188 οἶδμα
1700 5115 2024 5188 χαράσσων

2220 5078 2537 5149 proindequc
2568 5078 2732 5132 breris
2764 5095 2890 5132 usus
2922 5077 3133 5146 fruendi
3152 5076 3243 5139 sit,
3268 5075 3404 5130 brevi
3438 5084 3674 5144 repetant
3700 5075 3776 5125 ci-

551 5168 817 5246 suasa;
830 5168 1183 5254 3555.355
1202 5168 1873 5257 assesasses.
1905 5168 1921 5257 ί
1950 5168 1997 5169 ⁷⁷“

1268 5168 1873 5257 ξάὶδςῖῄρδᾏίὲίξῆέ
1905 5168 1917 5170 ⁷
2221 5168 2343 5222 bunt
2366 5169 2521 5223 avida
2548 5186 2751 5224 necesse
2779 5179 2876 5227 est.

552 5259 900 5329 Μηκεδανὸς
926 5258 1259 5329 τενέεσσιν,
1291 5258 1381 5311 ἐπ’
1412 5255 1699 5329 αἰγιαλοῖο
1722 5255 2011 5329 deﬂabat

2287 5259 2445 5325 ιιήει..
2482 5262 2578 5315 lin.
2621 5262 2672 5316 9.
2728 5263 2788 5315 Ἡ
2822 5263 2888 5316 δὲ
2921 5262 3251 5329 θαλάσσιος
3292 5261 3557 5328 ἀλώπηξ.
3612 5259 3778 5315 Aliter

551 5325 746 5399 Αἰχμῇ
775 5325 1197 5399 καρχαρόδοντι
1227 5325 1540 5397 διασχίζων
1557 5325 1739 5409 ῥάχιν
1768 5327 1921 5394 ὕλης
2048 5396 2071 5406 η

555 5404 660 5455 Kal
681 5400 886 5455 διερὴν
904 5398 1242 5455 ἀγὰοακτον
1260 5398 1417 5455 ἔχων
1432 5396 1613 5455 γένυν
1625 5414 1858 5455 apem-ra
1878 5412 2118 5455 xapzaw

2217 5353 2319 5408 hoc
2353 5364 2537 5408 narrat
2562 5353 2810 5410 Elianus
2841 5355 2915 5410 De
2944 5356 3065 5410 hist.
3098 5325 3400 5420 anini.,lib.
3434 5325 3509 5417 ιιι,
3528 5368 3649 5423 cap.
3676 5351 3773 5417 19.;

602 5396 1242 5469 di'ﬁisphrdidpaxwr
1260 5396 1417 5467 ἔχων
1432 5396 1613 5469 γένυν
1625 5396 1858 5469 ἅρπαγα
1878 5396 2118 5465 καρπῶν
2219 5396 2468 5469 XXIX:
2484 5396 2702 5469 ῖζῖῖηῖ
2710 5396 2927 5469 ’ζῗῖέᾍῖ
2939 5396 3412 5469 ζ”.ἶζῖξῗῗιῖἶζῗῗᾲ
3425 5396 3713 5469 HIS-.1

553 5442 802 5547 iiii-ii
812 5442 2098 5547 ’ὲὲἑξᾶἴῖἕὲἀχέτὶεἷόρἷίλῆτᾶ’ὲὶεὲἆτὶ’”⁶’””

2219 5443 2454 5497 aitenim
2488 5442 2698 5513 vulpem
2723 5445 2986 5500 marinam
3019 5446 3180 5499 hamo
3199 5445 3455 5500 devorato
3485 5444 3669 5498 omnia
3701 5442 3776 5495 in-

567 5534 812 5609 Ὰίιητῆρ
833 5534 1119 5607 ἀσίδηρος
1148 5534 1567 5609 ἀμάλλὸφῖρου
1601 5534 1877 5593 τοκεΐοῖο.

2220 5536 2421 5590 teriora
2464 5551 2714 5591 evomere
2742 5545 2997 5607 tanquam
3026 5545 3231 5593 vestem
3267 5537 3645 5598 invertentcm,
3675 5534 3774 5589 do-

556 5628 823 5694 zlilianus,
851 5631 944 5685 lib.
973 5647 1025 5693 ν,
1054 5646 1173 5700 cap.
1205 5630 1295 5694 55,
1332 5638 1386 5684 et
1418 5630 1639 5693 Plinius,
1668 5630 1762 5683 lib.
1792 5646 1904 5685 vm.
2220 5642 2318 5680 nec
2360 5628 2579 5682 hamum
2631 5636 2838 5699 egerat,
2877 5629 3072 5685 deinde
3102 5631 3407 5687 resorberc.
3449 5629 3525 5684 Ex
3559 5626 3777 5686 Eliano

626 5718 785 5787 lbid.,
811 5721 908 5777 lin.
942 5722 1028 5779 55.
1080 5720 1293 5792 Ὰπάιςι
1324 5719 1390 5773 δὲ
1422 5720 1683 5788 θηρᾶται.
1727 5721 1923 5777 Eadem
1957 5721 2117 5776 habet
2218 5734 2234 5774 t

1434 5720 1683 5788 νηρᾶται.
1727 5721 1923 5777 Eadem
1957 5721 2117 5776 habet
2218 5718 2506 5785 exscripsit
2538 5717 2688 5775 Phile
2723 5720 2777 5775 iu
2800 5719 2907 5777 Ian
2926 5722 3042 5780 bis:
