4072 6342
298 308 400 368 εεῡ

405 425 522 501 [by
554 428 854 501 κερδαλῆν
878 430 946 501 δέ
972 446 1119 500 φασι
1150 434 1262 501 τὴν
1289 441 1628 501 θαλαττίαν,

404 495 819 577 ῖοῖςεέγιςάτοις
848 495 1673 577 ἄγξιὶστρργᾉέὶσδεδεγμένηᾶκ

392 566 600 648 {cerac
627 568 849 648 ἐαυτῄν
876 566 992 623 τῶν
1015 566 1113 648 τιέξ*
1134 575 1200 638 ἐξ
1219 566 1718 648 ἕν-δοννάτρέςᾶειιρ,

407 636 498 701 Ὡς
524 638 848 759 Ἇιατισμὼν
880 642 1141 707 σηρικῶν
1166 636 1552 714 ὗφασμάτωὶ,

410 704 502 759 ὨΟ
572 724 610 759 ν
640 710 671 759 δ
705 710 926 759 γαλκὸίι
950 713 1231 759 ἐνιπανρὶρ
1264 716 1546 759 διρνπέηντι

418 707 502 771 Ὡς
533 707 610 759 ἂν
640 710 671 761 ὀ
701 710 926 776 χαλκὸς
950 707 1231 783 ἐμπαγεὶξν
1264 707 1568 787 διὲκπέσῄ.

290 816 400 871 Nec
432 819 611 874 minus
635 821 932 877 oscitanter
961 825 1012 878 id
1057 826 1198 880 idem
1252 830 1474 899 scripsit
1508 829 1853 900 Plutarchus,

290 906 537 977 Dialogo,
566 909 755 965 Utrum
800 914 1174 983 prudentiora,
1214 926 1319 975 etc.
1358 920 1467 975 Hos
1499 937 1629 992 ergo
1660 924 1855 979 conl'u-

290 998 440 1054 disse
461 1001 661 1069 pisces,
694 1011 748 1057 et
770 1006 917 1074 quod
944 1016 1063 1061 erat
1092 1011 1253 1066 unius
1280 1012 1436 1067 alteri
1466 1014 1747 1080 tribuisse,
1778 1034 1858 1073 sa-

290 1092 362 1145 tis
404 1091 568 1161 liquet
635 1110 701 1150 ex
752 1099 834 1152 his
865 1115 986 1168 quae
1019 1116 1083 1155 ex
1130 1103 1419 1160 Aristotele
1458 1106 1689 1177 aliisque
1720 1110 1858 1165 scri-

289 1183 542 1250 ptoribus
576 1184 927 1244 adducemus.
966 1192 1286 1249 Aristoteles
1311 1198 1454 1248 enim
1477 1196 1856 1251 disertissimis

288 1273 473 1327 verbis
506 1274 579 1328 De
608 1276 792 1333 histor.
824 1282 1011 1345 anim.,
1044 1284 1137 1337 lib.
1165 1301 1238 1347 ix,
1270 1300 1389 1355 cap.
1419 1286 1517 1340 37:
1547 1289 1647 1340 Ἢν
1676 1288 1732 1342 δὲ
1762 1306 1858 1344 κα-

287 1360 443 1416 λοῦσι
499 1366 909 1440 σκολόπενδραν,
958 1374 1085 1426 ὅταν
1142 1377 1381 1448 καταπίῃ
1434 1379 1494 1431 τὸ
1543 1379 1854 1451 ἄγκιστρον,

286 1457 613 1526 ἐκτρέπεται
639 1461 706 1513 τὰ
747 1464 894 1527 ἐντὸς
914 1506 928 1529 ,
981 1466 1137 1529 ἐκτὸς
1175 1468 1278 1531 ἕως
1309 1468 1373 1523 ἂν
1402 1470 1636 1541 ἐκϐάλλῃ
1672 1471 1733 1525 τὸ
1761 1474 1858 1541 ἆγ-

284 1565 531 1619 κιστρον,
584 1548 681 1604 εἶθ’
734 1553 905 1619 οὕτως
960 1558 1303 1628 εἰστρέπεται
1352 1561 1511 1615 πάλιν
1566 1563 1732 1627 ἐντός.
1792 1564 1857 1618 Ει

282 1634 520 1702 Plinius,
562 1639 653 1694 lib.
690 1657 765 1707 ix,
814 1658 935 1714 cap.
976 1646 1083 1699 l5:
1116 1647 1483 1719 Scolopendra:
1523 1655 1855 1707 terrestribus

282 1730 511 1796 similes,
532 1748 662 1801 quas
687 1736 976 1805 centipedes
1004 1750 1206 1805 vocant,
1232 1742 1387 1798 hamo
1414 1744 1658 1800 devorato
1680 1748 1857 1800 omnia

280 1823 561 1878 interanea
587 1838 849 1897 evomunt,
879 1831 1039 1885 donec
1069 1833 1281 1887 hamum
1307 1847 1537 1905 egerant,
1562 1838 1745 1892 deinde
1773 1856 1857 1893 re-

283 1911 524 1968 sorbent.
552 1916 618 1969 At
651 1921 824 1986 vulpes
856 1922 1077 1977 marina:
1107 1924 1270 1977 simili
1298 1926 1350 1978 in
1371 1928 1601 1995 periculo
1631 1929 1856 1999 glutiunt

282 2006 539 2072 amplius,
575 2024 734 2077 usque
777 2011 846 2063 ad
885 2013 1098 2080 inﬁrma
1130 2015 1284 2069 linea:
1319 2032 1436 2085 qure
1477 2018 1632 2086 facile
1659 2036 1858 2087 prwro-

281 2096 454 2159 dant;
489 2106 542 2152 et
568 2097 846 2170 Oppianus
889 2104 1139 2160 Ἀλιευτ.
1174 2107 1266 2161 lib.
1295 2124 1355 2162 ιιι
1389 2128 1401 2163 :

280 2192 583 2273 {hct/le
600 2194 651 2246 δ’
672 2196 837 2273 ἀμίαι
859 2198 954 2273 grai
980 2198 1301 2273 ἀλώπεκες,
1316 2199 1395 2273 ,εὖ
1414 2204 1461 2256 τ’
1485 2203 1855 2273 ἂηέχωνται,

283 2262 489 2328 Εὐθὺς
527 2262 646 2317 ἅνω
688 2262 1063 2322 σπεύδουσιν
1102 2262 1469 2339 ύποφῦαδὸν,
1504 2262 1656 2341 αἴψᾶ
1688 2274 1755 2327 δὲ

1566 2345 1858 2465 ἁ[μέσσην

293 2400 538 2481 ςρρμιὴν
565 2404 666 2481 ὑπ’
697 2405 904 2481 ὀδοῦογ
939 2406 1267 2481 διέτμαγον,
1299 2410 1409 2479 ἠδὲ
1431 2412 1530 2465 καὶ
1608 2431 1754 2481 χρας

281 2472 507 2550 ξιξίτςις
527 2475 790 2550 februa
824 2475 1003 2550 τῇσιξ·
1032 2472 1464 2550 ἐάαέῖκεέύάανϊ
1493 2472 1694 2550 ἁλιῆες

279 2542 490 2595 Αῠλὸν
514 2544 603 2595 ἐπ’
628 2542 926 2614 ἀγκίστρῲ
956 2542 1346 2618 δολὶχώτερον
1369 2552 1553 2622 ἄλγος
1576 2542 1854 2607 ὀδόντων.

282 2630 437 2695 Quos
465 2634 627 2688 etiam
656 2644 843 2690 noster
875 2638 965 2691 hic
996 2648 1187 2694 auctor
1215 2642 1496 2710 sequitur;
1537 2650 1588 2698 et
1618 2644 1689 2697 ita
1728 2660 1859 2700 sane

282 2737 400 2775 rem
436 2738 495 2776 se
524 2723 724 2779 habere
763 2733 914 2779 certo
960 2729 1163 2786 certius
1198 2732 1491 2787 tenendum
1542 2742 1645 2789 est.
1691 2734 1857 2790 Error

282 2821 469 2866 autem
518 2814 741 2880 AZIiani,
786 2816 1063 2874 Plutarchi
1102 2832 1153 2876 et
1204 2823 1434 2878 aliorum
1479 2825 1605 2881 inde
1642 2827 1859 2882 videtur

280 2901 528 2957 fluxisse.
564 2902 697 2958 Nam
730 2921 854 2960 cum
882 2908 935 2962 in
966 2916 1117 2964 textu
1152 2910 1489 2977 Aristotelis,
1519 2930 1548 2968 a
1572 2931 1681 2985 quo
1707 2931 1859 2972 acce-

280 3003 483 3064 perunt
516 3012 634 3058 sua,
669 2996 773 3067 ipsi
807 2998 1066 3070 legissent
1092 3002 1307 3071 vulpem
1345 3006 1633 3070 marinam,
1666 3007 1853 3062 eodem

278 3087 449 3140 modo
471 3103 533 3141 ac
553 3090 893 3159 centipedem
922 3093 1139 3148 hamum
1165 3095 1423 3165 ell‘ugere,
1452 3097 1572 3149 Τῶν
1594 3097 1637 3150 δ’
1660 3097 1856 3167 ἰχθύων

280 3178 332 3229 αἱ
384 3178 782 3249 ὀνομαζόμεναι
816 3181 1115 3250 ἀλώπεκες,
1159 3188 1286 3241 ὅταν
1325 3188 1637 3255 αἴσθωνται,
1673 3191 1754 3242 ὃτι
1794 3191 1853 3244 τὸ

280 3268 581 3341 ἄγκιστρον
644 3273 1111 3342 καταπεπώκασι,
1173 3277 1427 3350 βοηθοῦσι
1484 3281 1617 3353 πρὸς
1676 3282 1850 3349 τοῦτο,

276 3360 472 3430 ὥσπερ
516 3361 611 3413 καὶ
655 3364 686 3432 ἡ
731 3364 1111 3437 σκολόπενδραι,
1157 3369 1309 3425 hisce
1355 3373 1536 3427 verbis
1584 3376 1851 3438 contenti,

278 3456 493 3525 reliqua
535 3456 700 3510 verba
745 3458 1055 3515 Aristotelis
1109 3463 1501 3534 neglexerunt,
1550 3467 1604 3519 in
1655 3468 1853 3537 quibus

278 3544 579 3598 discrimen
609 3547 847 3618 explicat
872 3590 888 3615 ,
918 3549 1149 3620 ideoque
1178 3554 1322 3623 quod
1354 3565 1470 3610 erat
1496 3557 1852 3613 tribuendum

276 3638 662 3707 centipedibus
694 3641 776 3694 vel
814 3642 1212 3713 scolopendris,
1244 3648 1394 3717 vulpi
1443 3651 1667 3705 marina:
1691 3652 1855 3709 dede-

278 3737 429 3795 runt,
464 3738 519 3784 et
552 3730 888 3788 invenerunt
914 3736 1201 3791 historiam
1229 3756 1243 3806 ;
1278 3740 1363 3794 vel
1393 3741 1585 3795 saltem
1617 3742 1851 3811 primum

278 3824 549 3878 memoria
575 3825 783 3895 lapsum
817 3828 1225 3895 amrmabimus,
1247 3841 1477 3888 caeteros
1500 3835 1681 3890 verbis
1705 3834 1852 3889 illius

278 3917 525 3974 delusos.
554 3916 668 3973 lluc
690 3920 902 3975 videtur
925 3922 1173 3979 allusisse
1192 3923 1467 3989 Horatius,
1486 3924 1541 3991 2,
1563 3925 1849 3981 Serm.sat.

740 4042 811 4051 -—
840 4010 900 4065 Si
927 4013 1069 4081 vafer
1101 4030 1235 4068 unus
1266 4025 1313 4068 et
1338 4016 1471 4069 alter

280 4097 658 4153 Insidiatorem
685 4118 915 4169 prwroso
946 4104 1134 4173 fugerit
1167 4105 1407 4161 hamum.

280 4191 609 4248 Theodorus
640 4192 784 4248 Gaza
827 4196 881 4248 in
915 4195 1277 4253 Aristotelicis
1304 4199 1601 4265 vertendis,
1632 4200 1851 4257 Aristo-

275 4286 404 4339 telis
436 4287 764 4339 sententiam
797 4302 907 4341 non
932 4288 1221 4356 expressit,
1253 4288 1318 4343 de
1353 4304 1563 4359 suoque
1595 4292 1851 4346 nonnulla

275 4377 509 4430 addidit'
541 4393 661 4447 qum
695 4379 747 4432 in
803 4380 1093 4434 Aristotele
1142 4394 1249 4434 non
1300 4380 1592 4436 habentur.
1640 4381 1853 4439 Anthize

1312 322 1378 376 IN
1420 322 1787 378 EL’STATHII
1828 324 2297 381 HEXAEMERON
2346 326 2571 383 NOTAE.

3419 335 3524 390 890

1887 447 1935 502 Α
2031 442 2192 509 lbiul.,
2253 445 2350 499 lin.
2385 445 2476 498 ει.
2527 446 2665 514 Περὶ
2696 447 2806 527 γὰρ
2858 447 2971 515 τὴν
3000 449 3274 518 γαστέρα.
3316 428 3557 508 Ριιηίυε⁴

1961 532 2057 588 lib.
2106 551 2223 600 vni,
2261 550 2384 605 cap.
2439 537 2544 591 15:
2584 536 2649 589 Et
2703 538 2960 606 unguibus
3019 540 3102 592 hic
3155 551 3392 597 armatus
3423 555 3521 607 est,

1956 639 2143 683 contra
2171 646 2347 684 omnes
2369 631 2501 685 ictus
2525 641 2640 687 cute
2664 634 2891 697 invicta;
2916 642 2968 689 et
2992 635 3250 691 inferius:
3274 636 3334 692 In
3356 649 3527 695 ventre

1957 720 2134 775 mollis
2181 730 2259 776 est
2292 724 2562 793 tenuisque
2613 724 2747 778 cutis
2796 726 3077 779 crocodilo.
3112 726 3349 783 Consule
3393 729 3527 784 Soli.

1956 825 2108 872 num,
2152 819 2204 865 et
2240 811 2378 867 alios
2418 812 2510 882 qui
2548 814 2616 867 de
2665 815 2942 869 crocodilo
2998 817 3261 872 scribunt.
3295 815 3528 889 Ideoque

1954 904 2196 973 delphini
2246 904 2569 960 immeantes
2618 904 2769 971 Nilo,
2804 922 3036 976 quorum
3075 906 3243 963 dorso
3272 919 3527 980 tanquam

1956 992 2025 1046 ad
2078 994 2221 1048 hunc
2268 1012 2426 1050 usum
2460 996 2739 1050 cultellata
2780 997 2921 1052 inest
2969 1000 3156 1068 pinna,
3209 1000 3526 1067 subeuntes,

1955 1086 2357 1141 crocodilorum
2417 1088 2597 1141 alvum
2676 1089 2765 1141 illa
2819 1098 3005 1143 secant
3047 1093 3224 1159 spina.
3281 1091 3524 1157 Solinus,

1958 1173 2051 1227 lib.
2087 1189 2263 1226 xxxv:
2298 1173 2393 1227 Est
2429 1183 2477 1227 et
2507 1174 2808 1243 delphinum
2839 1193 2999 1246 genus
3035 1180 3085 1230 in
3128 1178 3276 1244 Nilo,
3307 1198 3529 1250 quorum

1956 1264 2115 1319 dorsa
2145 1275 2380 1320 serratas
2409 1267 2596 1322 habent
2646 1268 2858 1323 cristas.
2894 1269 2965 1322 Ili
2990 1269 3255 1339 delphines
3294 1276 3529 1328 crocodi-

1958 1357 2036 1411 los
2092 1358 2268 1411 studio
2308 1359 2523 1413 eliciunt
2559 1360 2629 1412 ad
2677 1362 3005 1424 natandum,
3046 1363 3369 1436 demersique
3408 1377 3528 1422 astu

1957 1449 2292 1518 fraudulento
2333 1462 2511 1506 tenera
2556 1455 2812 1506 rentrium
2874 1454 3295 1511 subternatantes
3350 1470 3529 1513 secant

1955 1548 2003 1591 et
2047 1539 2379 1595 interimunt.
2425 1540 2491 1594 Hi
2532 1543 2709 1612 capita
2738 1543 3040 1611 hominum,
3076 1564 3214 1616 quos
3246 1557 3526 1619 vorarunt,

1956 1631 2173 1697 dellent,
2198 1643 2252 1688 et
2280 1642 2618 1688 mortuorum
2654 1636 2913 1706 reliquias
2945 1639 3250 1709 deplorant,
3280 1652 3338 1697 ut
3366 1645 3531 1699 tradit

1957 1724 2208 1780 Asterius
2233 1725 2480 1781 Amaseze
2526 1728 2842 1798 episcopus,
2888 1746 2998 1785 non
3047 1731 3174 1786 facti
3212 1735 3533 1803 paenitentia

1959 1813 2224 1879 adducti,
2271 1816 2365 1870 sed
2420 1815 2666 1873 dolentes
2711 1820 2856 1889 quod
2908 1822 3084 1891 ipsum
3149 1834 3311 1894 caput
3370 1843 3533 1884 carne

1959 1915 2168 1971 careat,
2189 1922 2354 1977 quam
2380 1908 2480 1978 ipsi
2512 1909 2775 1964 devorent
2804 1929 2817 1965 :
2852 1913 3073 1968 humilia
3104 1915 3171 1970 de
3193 1917 3435 1986 jejunio:
3468 1922 3532 1973 Τί

1962 2017 2042 2053 σοι
2066 1999 2313 2070 βούλεται
2340 2002 2373 2071 ή
2398 2002 2636 2070 νηστεία,
2663 2004 2694 2073 ἢ
2720 2006 2845 2069 τοὺς
2870 2006 3138 2077 Νειλῴους
3162 2012 3532 2081 κροκοδείλους

1962 2090 2277 2161 μιμεῖσθαι;
2323 2091 2417 2155 οὓς
2460 2110 2589 2162 φασι
2625 2098 2747 2158 ταῖς
2776 2088 3035 2166 κεφαλαῖς
3074 2100 3381 2173 ἐπιθρηνεῖν
3424 2105 3532 2159 τῶν

1959 2182 2282 2254 ἀνθρώπων,
2313 2178 2388 2237 ὧν
2420 2184 2642 2255 ἔφαγον,
2679 2189 2774 2241 καὶ
2800 2188 3054 2262 δακρύειν
3086 2192 3177 2245 ἐπὶ
3211 2197 3321 2257 τοῖς
3350 2195 3527 2264 λειψάσ

1958 2290 2067 2337 νοις
2106 2274 2212 2326 τῶν
2264 2275 2474 2343 φόνων,
2523 2278 2584 2329 οὐ
2642 2279 2930 2348 μετάνοιαν
2992 2282 3101 2337 τῶν
3154 2287 3534 2358 γεγενημένων

1958 2364 2349 2434 λαμϐάνοντας,
2396 2366 2531 2421 ἀλλὰ
2578 2369 2641 2423 τὸ
2684 2369 2922 2442 ἄσαρκον
2962 2374 3066 2444 ’τῆς
3107 2376 3370 2445 κεφαλῆς,
3412 2381 3533 2450 ἐμοὶ

1958 2460 2155 2523 δοκεῖν,
2187 2461 2565 2531 ὀδυρομένους,
2595 2464 2671 2527 ὡς
2699 2467 2777 2528 εἰς
2816 2465 3016 2537 βρῶσιν
3042 2468 3141 2521 οὐκ
3170 2470 3387 2541 ὲπιτήδε
3399 2489 3495 2526 ιον.

2028 2549 2188 2615 lbid.,
2219 2552 2315 2605 lin.
2351 2552 2440 2607 ‘50.
2478 2553 2697 2608 Ἔδωκε
2721 2555 2789 2608 δὲ
2817 2558 3042 2625 αὐτοῖς.
3083 2559 3339 2626 Basilius,
3385 2562 3532 2618 hom.

1960 2642 1993 2697 8
2016 2643 2141 2695 εΔιὰ
2164 2643 2217 2695 τί
2241 2642 2299 2707 ἐξ
2323 2643 2529 2698 ὑδάτων
2553 2644 2647 2698 καί⁵
2674 2650 2789 2709 τοῖς
2809 2652 3031 2719 πτηνοῖς
3056 2650 3154 2722 τὴν
3184 2652 3395 2720 γένεσιν
3414 2654 3519 2707 ἔδω

1958 2750 2087 2797 κεν;
2122 2735 2241 2787 ’Ότι
2275 2734 2462 2805 ὥσπερ
2504 2736 2793 2804 συγγένειά
2829 2742 2912 2803 τίς
2941 2744 3056 2794 ἐστι
3082 2745 3193 2808 τοῖς
3221 2744 3534 2816 πετομένοις

1959 2825 2094 2896 πρὸς
2119 2825 2189 2878 τὰ
2215 2826 2408 2895 νηκτὰ.
2441 2829 2551 2881 Καὶ
2576 2830 2684 2901 γὰρ
2705 2828 2891 2901 ὥσπερ
2919 2834 2966 2884 οἱ
3002 2832 3154 2902 ἰχθῦς
3180 2835 3237 2887 τὸ
3273 2834 3414 2905 ὕδωρ
3443 2834 3533 2889 τέ-

1960 2932 2173 2986 μνουσι,
2210 2921 2275 2987 τῇ
2310 2917 2407 2987 μὲν
2436 2921 2649 2989 κινήσει
2680 2920 2785 2974 τῶν
2821 2923 3107 2993 πτερύγων
3143 2926 3223 2988 είς
3254 2926 3316 2978 τὸ
3348 2927 3535 2997 πρόσω

1957 3006 2279 3078 χωροῦντες,
2310 3012 2375 3080 τῇ
2404 3009 2459 3062 δὲ
2482 3011 2575 3064 τοῦ
2605 3012 2823 3084 οὐραίου
2862 3014 3126 3085 μεταδολῇ
3160 3016 3257 3079 τάς
3291 3034 3351 3068 τε
3382 3035 3508 3089 περι

1961 3101 2199 3172 στροφὰς
2225 3104 2319 3157 καί
2347 3104 2445 3167 τὰς
2480 3104 2695 3167 εὐθείας
2730 3105 2906 3176 ὁρμὰς
2937 3108 3146 3170 ἑαυτοῖς
3181 3107 3531 3172 οἰακίζοντες·

1957 3192 2099 3246 οὕτω
2138 3194 2231 3247 καὶ
2272 3196 2363 3247 ἐπὶ
2395 3195 2502 3247 τῶν
2542 3195 2759 3266 πτηνῶν
2796 3197 2941 3252 ἔστιν
2979 3198 3103 3251 ἰδεῖν
3135 3199 3533 3270 διανηχομένων

1953 3282 2045 3336 τὸν
2077 3283 2214 3354 ἀέρα
2238 3287 2351 3348 τοῖς
2385 3289 2608 3357 πτεροῖς
2638 3287 2778 3340 κατὰ
2805 3288 2896 3340 τὸν
2924 3290 3106 3359 ὅμοιον
3140 3290 3358 3361 τρόπον·
3393 3290 3533 3344 ὥστε

1955 3374 2142 3446 ἐπειδὴ
2176 3375 2234 3429 ἓν
2273 3376 2466 3447 ἰδίωμα
2508 3379 2563 3431 ἐν
2603 3379 2884 3450 ἑκατέροις
2911 3380 2973 3433 τὸ
2996 3382 3269 3453 νήχεσθαι,
3314 3384 3411 3453 μία
3451 3397 3533 3447 τις

1953 3466 2132 3529 αὐτοῖς
2164 3470 2196 3537 ή
2221 3468 2508 3536 συγγένεια
2534 3470 2597 3522 ἐκ
2623 3470 2722 3539 τῆς
2744 3470 2849 3524 τῶν
2876 3472 3082 3526 ὑδάτων
3105 3473 3375 3541 γενέσεως
3396 3492 3532 3545 παρ-

1954 3556 2169 3627 εσχὲθη.
2212 3556 2415 3613 Praater
2465 3559 2607 3615 hanc
2655 3560 2921 3616 rationem
2953 3563 3157 3631 Optime
3189 3563 3527 3629 Aristoteles,

1953 3647 2031 3701 De
2054 3648 2178 3703 hist.
2214 3650 2404 3713 anim.,
2434 3651 2530 3705 lib.
2558 3668 2633 3717 γι,
2660 3667 2783 3721 cap.
2810 3652 2898 3717 10,
2923 3655 3159 3723 explicat
3191 3656 3422 3725 piscium
3446 3672 3531 3726 ge-

1955 3740 2224 3794 nerationi
2248 3756 2312 3796 ex
2342 3756 2445 3795 ovo
2476 3742 2610 3811 quid
2641 3743 2944 3809 diversum,
2972 3744 3212 3815 quidque
3240 3761 3530 3802 commune

1961 3848 2083 3887 cum
2116 3833 2299 3887 avium
2329 3836 2744 3903 procreatione;
2784 3845 2839 3891 et
2872 3837 2969 3892 lib.
2998 3837 3075 3892 De
3104 3839 3267 3892 anim.
3302 3840 3525 3903 incessu,

1955 3939 2077 3994 cap.
2099 3924 2201 3978 i7:
2236 3927 2366 3979 Aves
2396 3936 2571 3980 autem
2598 3928 3005 3998 quodammodo,
3031 3939 3078 3984 et
3098 3932 3264 3999 pisces
3286 3933 3530 3988 similiter

1955 4031 2009 4068 se
2026 4014 2233 4069 habent.
2264 4017 2457 4069 Avibus
2476 4034 2698 4088 namque
2729 4021 2829 4074 ala:
2859 4023 2912 4074 in
2934 4023 3192 4091 superiori
3220 4034 3523 4092 suntparte,

1957 4100 2066 4153 illis
2096 4116 2214 4153 vero
2259 4101 2434 4169 pinna:
2466 4100 2586 4155 duae
2613 4114 2763 4170 parte
2799 4119 2986 4171 prona,
3021 4114 3066 4158 et
3106 4105 3287 4159 avibus
3320 4106 3527 4176 quidem

1955 4187 2011 4240 in
2045 4189 2237 4258 supina
2264 4191 2498 4258 corporis
2520 4201 2670 4260 parte
2712 4202 2834 4246 sunt
2864 4192 3037 4262 pedes,
3075 4194 3186 4247 illis
3214 4209 3329 4247 vero
3361 4196 3413 4248 in
3436 4212 3526 4249 su-

1956 4281 2093 4347 pinis
2117 4282 2279 4351 juxta
2304 4301 2501 4352 pronas
2530 4287 2703 4353 pinna:
2724 4296 2844 4339 sunt
2871 4285 3131 4354 pluribus,
3162 4294 3210 4341 et
3238 4304 3352 4341 aves
3381 4304 3525 4358 pra:-

1961 4384 2099 4429 terea
2131 4378 2445 4447 uropygium
2482 4378 2692 4441 habent,
2724 4377 2804 4430 illi
2836 4394 2951 4431 vero
2983 4378 3226 4431 caudam.
3256 4378 3397 4433 Aves
3430 4396 3527 4433 au-

273 4486 499 4541 quoque
529 4470 735 4535 funem,
764 4472 848 4525 vel
887 4473 1083 4527 lineam
1117 4474 1472 4543 abrumpunt,
1497 4491 1604 4529 non
1638 4492 1732 4530 ore
1757 4476 1850 4530 sed
1884 4478 1929 4532 Ι)
1958 4476 2063 4524 tem
2097 4486 2163 4523 ex
2194 4470 2351 4540 aquis
2395 4470 2565 4525 fuisse
2607 4471 2905 4539 productas
2934 4470 3268 4538 probabilior
3312 4469 3526 4525 videtur

272 4562 457 4631 spinis
497 4562 633 4630 tergi
681 4561 997 4617 dissectam.
1035 4561 1265 4619 Ovidius
1307 4565 1361 4619 in
1395 4564 1696 4635 fragmento
1731 4566 1843 4621 Ηα-

275 4656 453 4717 lieut.,
480 4664 533 4708 et
566 4654 868 4724 Oppianus,
902 4656 996 4709 lib.
1031 4672 1112 4709 ιιι.
1138 4654 1292 4710 Phile
1322 4658 1376 4710 in
1416 4656 1615 4711 lambis
1651 4659 1852 4713 similia

271 4746 447 4799 tradit
476 4746 543 4799 de
574 4753 767 4809 trocta,
807 4754 860 4800 et
886 4746 1017 4800 dicit
1062 4747 1201 4801 hanc
1228 4763 1340 4802 rem
1364 4764 1558 4803 nomen
1591 4749 1725 4818 pisci
1753 4750 1843 4805 de-

272 4837 445 4891 disse.
480 4837 804 4891 Aristoteles
838 4836 1109 4907 glanidem
1132 4837 1567 4909 ἀγκιστροφὰγον
1593 4847 1771 4900 vocat,
1799 4848 1852 4893 et

271 4929 510 4983 Plinius.
546 4927 621 4982 De
661 4929 860 4999 mugile
911 4928 1011 4981 hoc
1050 4928 1216 4981 tradit
1257 4925 1582 4983 Plutarchus
1615 4929 1669 4983 (Ι.
1711 4929 1849 4985 loco.

346 5020 512 5086 lbid.,
553 5022 650 5075 lin.
684 5022 771 5074 15.
820 5022 871 5072 Ὀ
905 5019 973 5073 δὲ
1022 5019 1425 5088 κροκόδειλος.
1468 5019 1697 5087 Plinius,
1727 5024 1848 5077 libr.

270 5129 352 5178 vi,
386 5112 551 5181 capit.
580 5111 670 5174 20,
707 5111 806 5165 hos
841 5111 1064 5165 humani
1090 5112 1338 5180 corporis
1372 5111 1723 5169 avidissimus
1746 5130 1849 5167 vo-

272 5211 390 5257 cat.
421 5200 660 5256 Joannes
700 5200 807 5256 Leo
850 5203 907 5255 in
955 5202 1320 5270 Descriptione
1358 5202 1571 5270 Africaz,
1610 5203 1733 5258 libr.
1775 5220 1850 5267 Ix,

273 5292 448 5347 refert
471 5306 565 5345 eos
594 5292 741 5345 circa
777 5292 962 5344 littora
992 5292 1306 5347 reconditos
1355 5307 1555 5360 magno
1603 5303 1724 5348 astu
1757 5294 1853 5347 ho-

276 5387 459 5440 mines
491 5385 574 5440 vel
604 5384 904 5454 propinqua
952 5383 1208 5436 animalia
1248 5383 1563 5449 observare,
1596 5400 1735 5454 quos
1765 5400 1858 5439 su~

275 5480 394 5535 hito
433 5478 608 5533 cauda
654 5479 928 5533 involutos
966 5477 1020 5530 in
1054 5490 1252 5546 aquam
1295 5476 1628 5546 pertrahere,
1665 5492 1727 5531 ac
1761 5477 1855 5533 de-

276 5587 498 5627 vorare.
524 5570 689 5641 quue
737 5572 888 5641 probi
928 5570 1076 5625 senis
1108 5584 1368 5625 successu
1396 5572 1735 5640 comprobat,
1762 5572 1852 5641 qui

303 5664 467 5733 longa
512 5662 771 5717 crocodili
810 5662 981 5717 cauda
1033 5661 1245 5716 cinctus
1299 5677 1362 5717 ex
1424 5662 1534 5731 ipsa
1583 5664 1704 5717 navi
1738 5680 1853 5720 mo-

291 5766 477 5811 mento
508 5754 768 5825 temporis
800 5754 1076 5812 detractus
1103 5752 1224 5809 fuit.

1955 4561 2249 4623 sententia,
2275 4575 2400 4614 eum
2431 4561 2581 4614 nulla
2620 4560 2686 4614 de
2723 4576 2847 4615 aere
2874 4562 2929 4613 in
2962 4561 3140 4613 avium
3172 4560 3527 4630 productione

1955 4652 2045 4706 ﬁat
2068 4653 2289 4707 mentio.
2326 4652 2392 4705 Et
2425 4653 2735 4723 gravissimi
2779 4652 3035 4708 doctores
3084 4653 3135 4707 id
3172 4662 3524 4717 censuerunt,

1955 4751 2316 4822 Hieronymus
2344 4791 2357 4814 ,
2398 4750 2738 4820 Augustinus
2771 4790 2785 4813 ,
2842 4749 3146 4819 Rupertus,
3177 4748 3522 4813 Ambrosius,

1954 4840 2050 4893 lib.
2084 4856 2116 4892 v
2150 4838 2406 4892 Hexaem.
2434 4854 2554 4908 cap.
2584 4840 2686 4905 id;
2723 4838 2960 4910 Cyrillus
2993 4839 3047 4891 in
3095 4838 3329 4908 primum
3361 4834 3525 4893 Cene-

1957 4930 2512 4993 seos;Theodoretus,
2546 4933 2639 4987 lib.
2662 4948 2696 4985 v
2723 4932 3030 4985 Divinarum
3061 4929 3252 4983 decret.
3270 4945 3289 4991 ;
3321 4928 3527 4985 Marius

1956 5021 2163 5086 Victor,
2188 5023 2280 5077 lib.
2319 5038 2335 5076 ι
2384 5023 2436 5075 in
2464 5020 2674 5087 Genes.;
2707 5020 3094 5085 Damascenus,
3147 5022 3241 5076 lib.
3289 5037 3327 5075 ιι
3395 5021 3522 5078 Fin.

1964 5110 2302 5176 Orthodoxw,
2342 5128 2461 5181 cap.
2496 5110 2560 5178 9;
2595 5110 2769 5182 llugo,
2802 5110 3128 5175 llic-bardus,
3163 5121 3215 5165 et
3245 5112 3357 5166 alii.
3403 5111 3521 5167 Non

1956 5204 2293 5258 conveniunt
2334 5211 2514 5258 tamen
2564 5203 2706 5257 inter
2727 5218 2806 5267 se,
2843 5218 2963 5271 quae
2997 5203 3107 5257 sint
3154 5202 3237 5255 ha!
3271 5217 3424 5273 aqua;
3455 5219 3523 5259 ex

1956 5293 2155 5362 quibus
2181 5292 2365 5346 divina
2383 5293 2596 5361 eloquia
2621 5307 2749 5347 aves
2766 5307 2887 5347 esse
2911 5292 3203 5361 productas
3232 5292 3517 5346 aﬂirmant.

1956 5385 2077 5439 Non
2108 5384 2398 5441 defuerunt
2446 5386 2525 5439 uti
2568 5384 2883 5454 Cajetanus,
2937 5384 3266 5440 Catharinus
3296 5392 3350 5439 et
3403 5385 3518 5449 alii,

1954 5477 2048 5547 qui
2075 5492 2185 5532 non
2214 5493 2280 5532 ex
2309 5476 2466 5547 aquis
2490 5491 2638 5543 aves,
2670 5477 2764 5532 sed
2800 5494 2863 5531 ex
2894 5478 3010 5548 ipsa
3073 5489 3215 5530 terra
3250 5475 3419 5531 fuisse
3450 5477 3521 5531 la-

1955 5578 2074 5624 ctas
2105 5570 2439 5623 contendunt
2465 5568 2645 5624 verbis
2669 5584 2839 5623 sacrm
2863 5568 3155 5639 Scriptura;
3193 5568 3245 5622 in
3287 5569 3523 5626 dialecto

1957 5660 2226 5716 Hebraico
2255 5669 2309 5715 et
2354 5662 2669 5733 paraphrasi
2698 5660 2945 5716 Chaldaea
2977 5661 3108 5715 nixi.

2028 5752 2188 5821 Ibid.,
2225 5753 2321 5811 lin.
2352 5754 2441 5811 '54.
2483 5757 2646 5809 Ἔστι
2673 5754 2739 5809 δὲ
2762 5754 2959 5810 αὐτῶν
2992 5753 3060 5809 τὰ
3096 5752 3226 5814 μέν.
3259 5752 3513 5812 Basilius.
