4072 6342
517 315 616 371 801

521 521 658 593 ἄλλη
689 519 1001 590 κατασκευὴ
1024 519 1308 590 πρέπουσα
1332 517 1409 589 τῷ
1430 519 1616 590 τρόπῳ
1641 518 1741 588 τῆς
1765 517 1972 588 διαίτης
1999 517 2098 570 αύ-

522 616 651 679 τῶν,
683 613 889 683 ὀνύχων
917 613 1114 684 ἀκμαί,
1150 614 1244 666 καὶ
1279 613 1453 683 χεῖλος
1489 611 1742 681 ἀγκύλον,
1775 612 1869 666 καὶ
1902 612 2099 684 πτερὸν

523 705 638 770 ὀξὺ,
666 702 804 756 ὥστε
837 705 931 758 καὶ
966 703 1336 775 συλληφθῆναι
1382 703 1580 776 ῥᾳδίως
1616 704 1677 757 τὸ
1720 705 1962 776 θήραμα,
2006 705 2100 760 καὶ

523 796 896 868 διασπαραγὲν
934 797 1145 869 τροφὴν
1181 795 1260 867 τῷ
1289 796 1462 850 ἑλόντι
1505 797 1776 865 γενέσθαι·
1830 798 1960 870 ἄλλη
1993 797 2100 852 τῶν

526 888 914 961 σπερμολόγων
941 887 1271 959 κατασκευὴ,
1304 888 1434 958 ἄλλη
1465 888 1574 942 τῶν
1599 891 1662 942 ὲκ
1688 889 1887 953 παντέξ
1907 906 2102 962 τρεφο-

528 986 704 1056 μένων
725 983 818 1037 τοῦ
845 985 1218 1056 συντυχόντος,
1242 984 1338 1037 καὶ
1357 986 1414 1037 ὲν
1433 982 1642 1047 τούτοις
1661 982 1906 1036 πλεῖσται
1925 983 2100 1052 διαφο-

527 1077 637 1150 ραί.
698 1076 773 1130 De
817 1078 996 1132 avium
1046 1075 1358 1146 generibus,
1418 1074 1674 1146 ingeniis,
1724 1073 2097 1138 facultatibus,

523 1166 847 1236 creterisque
870 1167 934 1220 ad
953 1181 1048 1221 eas
1070 1165 1444 1236 spectantibus
1465 1164 1645 1234 plura,
1678 1171 1732 1218 et
1756 1163 2096 1227 Aristoteles,

523 1269 580 1316 et
599 1260 827 1324 Plinius,
862 1267 917 1313 et
951 1256 1224 1323 Elianus,
1273 1266 1326 1312 et
1355 1255 1612 1311 Albertus
1643 1254 1869 1325 Magnus
1899 1261 1953 1311 et
1982 1254 2096 1319 alii,

526 1365 664 1421 quos
693 1350 741 1404 si
785 1349 917 1404 libet
947 1347 1057 1402 adi.
1095 1347 1272 1401 Unum
1307 1354 1520 1400 tantum
1561 1343 1872 1399 Aristotelis
1918 1343 2098 1398 locum

526 1440 581 1493 in
611 1437 850 1493 medium
901 1436 1121 1491 aﬂ‘eram
1165 1452 1229 1491 ex
1264 1436 1360 1490 lib.
1401 1450 1464 1491 ιιι
1522 1435 1600 1490 De
1632 1434 1871 1506 partibus
1907 1435 2096 1500 anim.,

525 1527 690 1597 capit.
742 1527 830 1593 il,
883 1527 976 1596 qui
1012 1528 1197 1582 omnia
1246 1527 1363 1582 haec
1415 1541 1536 1597 qua:
1575 1541 1605 1580 a
1647 1531 1838 1580 nostro
1877 1532 2100 1580 auctore

526 1621 734 1675 strictis
764 1627 818 1675 et
848 1619 1193 1689 paucissimis
1245 1619 1428 1675 verbis
1461 1619 1823 1690 attinguntur,
1853 1617 2096 1687 exponit,

525 1725 754 1780 quaeque
775 1711 1156 1766 commentarii
1182 1710 1300 1764 loco
1321 1709 1598 1764 deservire
1621 1717 1879 1779 possunt:
1898 1707 2096 1763 Avibus

527 1779 606 1866 os,
630 1779 768 1870 quod
803 1810 1035 1854 rostrum
1081 1809 1319 1861 vocatur,
1364 1797 1460 1851 hoc
1497 1797 1636 1851 enim
1680 1813 1774 1866 pro
1830 1795 1996 1849 labris
2049 1803 2098 1848 et
2132 1779 2174 1834 Β

525 1893 767 1947 dentibus
797 1891 1008 1958 habent,
1045 1891 1135 1945 sed
1166 1892 1308 1946 varie
1345 1905 1440 1956 pro
1474 1906 1572 1944 usu
1625 1898 1675 1942 et
1716 1887 1955 1951 auxilio;
1985 1901 2100 1956 qua:

523 1987 668 2041 enint
708 1984 928 2038 aduncis
959 1982 1217 2055 unguibus
1257 1991 1402 2047 sunt,
1434 1981 1684 2052 quoniam
1713 1995 1872 2033 carne
1900 1978 2096 2044 vivunt,

523 2084 574 2130 et
628 2075 778 2129 nullo
828 2073 1006 2143 {ructu
1042 2081 1354 2137 vescuntur,
1415 2081 1647 2127 rostrum
1692 2069 1870 2124 omnia
1912 2066 2102 2122 habent

525 2165 811 2221 aduncum.
857 2165 984 2218 Tale
1028 2165 1165 2218 enim
1205 2172 1313 2216 tum
1342 2162 1410 2216 ad
1451 2160 1800 2224 retinendum,
1837 2167 1946 2212 tum
1983 2175 2100 2213 vero

525 2258 596 2313 ad
628 2261 730 2314 vim
762 2256 1090 2328 inferendam
1132 2257 1456 2311 commodius
1486 2264 1640 2326 atque
1676 2255 1851 2324 aptius
1879 2261 1956 2307 est
1974 2268 1995 2315 ;
2025 2253 2100 2307 vis

527 2361 703 2407 autem
734 2352 788 2405 in
829 2350 944 2414 huc,
983 2359 1033 2403 et
1078 2350 1132 2403 in
1165 2348 1428 2418 unguibus
1469 2348 1574 2402 sita
1613 2356 1711 2401 est.
1753 2344 1899 2399 Unde
1929 2345 2011 2414 fit,
2044 2353 2102 2397 ut

524 2460 722 2515 ungues
753 2442 914 2497 etiam
945 2440 1172 2494 habeant
1200 2441 1532 2495 adunciores.
1567 2436 1893 2493 therarum
1928 2437 2102 2490 arium

525 2543 758 2588 rostrum
817 2531 945 2587 utile
986 2531 1054 2586 ad
1103 2533 1294 2586 victum
1332 2529 1581 2600 cujusque
1623 2536 1724 2593 est,
1761 2528 1901 2582 verbi
1930 2528 2103 2598 gratia

527 2624 734 2680 roborei
782 2625 1008 2695 generis,
1058 2632 1108 2678 et
1151 2623 1349 2678 corvini
1381 2620 1676 2686 robustum,
1717 2628 1870 2689 atque
1891 2617 2105 2687 praedu-

528 2734 648 2770 rum
682 2733 739 2771 os
769 2725 847 2772 est
876 2733 894 2770 :
937 2717 1126 2770 minuti
1166 2715 1367 2786 generis
1401 2716 1567 2767 latum
1605 2712 1673 2766 ad
1709 2722 1862 2766 teme
1899 2713 2103 2781 [ructus

529 2809 871 2880 colligendos,
899 2817 947 2864 et
985 2807 1053 2863 ad
1071 2801 1318 2862 bestiolas
1351 2805 1632 2876 capiendas
1672 2803 1940 2858 idoneum.
1975 2804 2106 2868 Quae

530 2911 705 2956 autem
733 2899 906 2954 herbis
949 2901 1145 2966 vivunt,
1176 2915 1391 2970 quicque
1425 2896 1564 2964 apud
1594 2895 1813 2964 paludes
1843 2894 2104 2960 victitant,

530 2999 591 3046 ut
621 3003 825 3058 nantes,
865 3000 914 3046 et
955 2990 1272 3061 palmipedes
1312 2989 1509 3059 partim
1555 2989 1662 3041 alio
1693 2986 1920 3058 quodam
1954 2982 2106 3039 modo

1822 308 2068 365 LEONIS
2089 308 2361 362 ALLATII

518 429 671 486 hom.
695 429 760 484 8:
782 424 942 481 Ἀλλο
963 428 1060 498 μὲν
1085 421 1178 482 οὖν
1200 426 1356 496 γένος
1379 426 1442 480 τὸ
1464 425 1572 479 τῶν
1599 427 1978 497 σαρκοφάγων,
2003 425 2095 479 καὶ
2123 433 2170 485 Α

2546 427 2766 482 Λέουσι
2803 426 2982 497 χάσμ’
3017 426 3295 493 ὀδόντων,

2547 499 2681 565 Τοῖς,
2702 499 2903 566 ἰχθύσι
2930 497 2998 551 τὸ
3028 497 3273 567 νηκτόν,

2551 569 2680 634 Τοῖς
2707 567 2936 635 ὀρνέοις
2966 567 3250 622 πέτασθαι
3261 609 3276 632 ,

2553 639 2682 704 Τοῖς
2713 637 2968 706 ἀνδράσι
3002 639 3297 707 φρόνημα.

2546 704 2835 776 Γυνᾳιξὶν
2859 704 3055 762 οὐκέτ⁴
3081 704 3262 776 εἶχεν.

2552 780 2614 833 Τί
2645 775 2760 833 οὖν
2787 778 3028 842 didam;
3054 775 3312 846 Κάλλος,

2565 850 2706 903 Ἀντ’
2739 847 3015 902 ἀσπίδων
3045 847 3316 903 ἁπασῶν.

2561 919 2701 988 Ἁντ’
2731 917 2954 988 ἐγχέων
2977 918 3275 972 ἁπάντων*

2548 987 2700 1055 Νικᾷ
2729 988 2797 1042 δὲ
2826 987 2924 1043 καὶ
2951 989 3222 1056 σίδηρον,

2547 1061 2656 1114 Καὶ
2691 1059 2811 1127 πῦρ
2847 1059 3005 1125 καλή
3037 1055 3125 1126 τις
3156 1055 3332 1115 οὖσα.

2202 1196 2268 1251 Ει
2293 1194 2644 1269 Phocylides:

2202 1311 2424 1365 Ὅπλον
2454 1309 2687 1377 ἑκάστῳ
2733 1308 2897 1378 νεῖμε
2928 1309 3071 1376 Θεὸς
3119 1310 3329 1380 φύσιν,
3351 1311 3725 1380 ἡερόςροιτον⁹

2203 1382 2425 1448 Ὄρνισι
2449 1380 2566 1449 μὲν
2592 1379 2834 1448 πολλὴν
2859 1381 3156 1448 ταχύτητ’,
3191 1379 3390 1449 ἀλκὴν
3413 1380 3482 1433 δὲ
3498 1379 3746 1446 λέουσι,

2205 1448 2512 1518 Ταύροις-δ’
2527 1452 2672 1504 αὐτο
2676 1451 2878 1521 χύτοις
2889 1449 3190 1518 κεράεσσι,
3205 1448 3419 1519 κέντρα
3425 1454 3775 1521 μελίσσαις,

2203 1523 2503 1590 Ἕμφυτον
2529 1520 2721 1590 ἄλκαρ
2743 1520 2982 1575 ἔδωκεν.

2199 1632 2428 1700 Plinius,
2459 1632 2555 1688 lib.
2589 1649 2645 1698 ι,
2675 1647 2796 1702 cap.
2820 1632 2911 1697 24,
2940 1632 3286 1688 hirundinem
3322 1634 3492 1689 solam
3520 1649 3675 1690 avem
3710 1650 3777 1688 ex

2201 1725 2291 1792 iis,
2333 1739 2454 1794 qua:
2499 1723 2744 1781 aduncos
2795 1740 3006 1795 ungues
3056 1740 3169 1779 non
3232 1725 3455 1790 habent,
3514 1725 3781 1780 carnibus

2202 1818 2351 1874 vesci
2383 1824 2556 1873 notat.

2273 1910 2434 1975 lbid.,
2485 1911 2584 1967 lin.
2621 1910 2712 1965 40.
2756 1910 2868 1964 Καὶ
2901 1909 2973 1963 τὰ
2995 1908 3112 1979 μὲν
3139 1910 3310 1965 ἔστιν
3339 1909 3593 1980 ἅναρχα.
3626 1909 3782 1965 Basi—

2204 2003 2333 2069 lius,
2359 2004 2507 2058 hom.
2535 2003 2598 2058 8:
2633 2003 2802 2057 Πάλιν
2835 1997 2896 2056 ’ὲν
2929 2001 3139 2066 τούτοις
3160 2003 3229 2056 τὰ
3267 2004 3366 2073 μὲν
3394 2004 3609 2076 ἄναρχὰ
3639 2005 3782 2067 ἐστι,

2206 2097 2300 2150 καὶ
2330 2091 2440 2150 οἷον
2469 2096 2600 2149 αὐτὸ
2625 2095 2814 2167 ὄνομα,
2844 2095 2912 2149 τὰ
2937 2096 2993 2149 δὲ
3015 2097 3107 2166 ὑφ’
3137 2097 3363 2168 ἡγεμόνι
3392 2097 3654 2168 τετάχθαι
3681 2115 3784 2151 καο

2204 2186 2556 2256 ταδεχόμενα,
2589 2186 2662 2249 ὡς
2691 2187 3015 2256 αί.γέρανοι.
3050 2187 3188 2257 Ἤδη
3218 2187 3275 2240 δέ
3300 2204 3383 2250 τις
3405 2188 3502 2240 καὶ
3529 2187 3694 2258 ἑτέρα
3725 2189 3784 2241 ὲν

2210 2277 2417 2342 τούτοις
2454 2278 2571 2331 ἐστὶ
2603 2278 2854 2350 διαφορὰ,
2898 2279 3018 2332 καθ’
3053 2280 3120 2350 ἢν
3165 2279 3234 2333 τὰ
3268 2281 3365 2351 μὲν
3409 2280 3788 2352 ἐπιδημητικά.

2205 2371 2264 2423 τέ
2290 2372 2404 2423 ἐστι
2435 2372 2528 2424 καὶ
2554 2370 2814 2442 ἐγχώρια,
2845 2370 2914 2423 τὰ
2945 2369 3002 2424 δὲ
3030 2371 3286 2443 ἀπαίρειν
3322 2372 3532 2442 πέφυκε
3565 2376 3789 2446 πορρω-

2207 2462 2374 2525 τάτω,
2391 2464 2483 2516 καὶ
2499 2461 2763 2533 χειμῶνος
2775 2461 3081 2531 ἐγγίζοντος
3099 2461 3404 2527 ὲκτοπίζειν
3417 2463 3492 2527 ὡς
3507 2463 3574 2517 τὰ
3591 2464 3783 2519 πολλά.

2277 2575 2436 2638 ΕΜ..
2478 2577 2573 2630 lin.
2619 2576 2709 2630 44.
2754 2576 3013 2644 Γαῦρον.
3040 2580 3073 2630 ὁ
3109 2577 3471 2646 ἀλεκτρυών.
3523 2577 3784 2644 Basilius,

2209 2669 2355 2724 hom.
2412 2669 2445 2723 8
2474 2689 2486 2722 :
2519 2669 2726 2741 Γαῦρον
2769 2671 2797 2723 ό
2840 2669 3173 2741 ἀλεκτρυὼν,
3213 2669 3498 2739 φιλόκαλον
3543 2674 3572 2725 ό
3617 2672 3788 2737 ταὼς.

2208 2759 2392 2828 λάγνοι
2425 2761 2482 2814 al
2519 2762 2835 2832 περιστεραὶ
2869 2762 2962 2814 καὶ
2992 2763 3047 2815 αί
3085 2762 3402 2817 κατοικίδιοι
3449 2764 3651 2835 ὄρνεις,
3693 2768 3792 2820 ἐπὶ

2213 2851 2414 2915 παντὸς
2442 2850 2634 2922 καιροῦ
2651 2851 2711 2905 τὸ
2742 2852 3182 2906 συνουσιαστικὸν
3212 2851 3452 2923 ἔχουσαι.
3478 2851 3784 2910 Lucillius:

2215 2985 2572 3058 Gallinaceus,
2599 3003 2726 3058 cum
2755 2987 2919 3040 victor
2946 3003 3000 3041 se
3023 2989 3195 3058 gallus
3222 2988 3433 3044 honeste

531 3083 692 3137 rostri
753 3082 1177 3137 commoditatem
1241 3055 1519 3145 obtinent,
1565 3055 1763 3148 partim
1831 3075 2109 3131 latitudine

2216 3055 2464 3120 Sustulit,
2494 3058 2549 3110 in
2574 3056 2764 3127 digitos
2790 3055 3144 3129 primoresque
3175 3060 3328 3130 erigit
3357 3077 3579 3132 ungues.

532 3174 694 3228 rostri
732 3172 833 3227 sibi
876 3171 1150 3241 sufﬁciunt
1185 3186 1203 3225 :
1245 3173 1432 3241 quippe
1477 3139 1594 3239 qum
1632 3178 1808 3223 rostro
1849 3165 2110 3237 ejusmodi

2282 3167 2416 3223 lbid.
2465 3169 2520 3220 Ὁ
2555 3168 2624 3221 δὲ
2649 3168 2816 3238 ἱέραξ
2839 3171 3265 3239 εὐνούστατος.
3297 3172 3644 3239 Aristoteles,
3682 3176 3794 3233 lib.

531 3263 770 3334 infodere
799 3263 1026 3332 possint,
1061 3263 1216 3333 quale
1242 3263 1377 3316 inter
1417 3258 1781 3332 quadrupedes
1811 3259 1972 3312 etiam
2001 3257 2110 3311 suis

530 3365 608 3411 est
628 3371 651 3422 ;
684 3371 804 3409 nam
836 3355 881 3408 is
920 3352 1058 3424 quod
1093 3353 1329 3406 radicum
1361 3361 1602 3421 appetens
1635 3359 1733 3404 est.
1769 3348 1910 3414 Quin
1949 3347 2113 3401 etiam

534 3467 677 3514 aves,
702 3465 818 3520 qua:
851 3448 962 3502 lato
989 3456 1111 3502 sunt
1142 3455 1314 3501 rostro
1345 3444 1650 3512 radicesque
1673 3441 1884 3505 esitant,
1907 3448 1957 3493 et
1988 3438 2114 3492 reli-

532 3559 758 3617 quarum
781 3542 945 3597 victus
972 3539 1165 3593 similis
1191 3533 1460 3591 nonnullae
1479 3542 1741 3587 serratum
1762 3530 1924 3585 rostri
1943 3537 2115 3583 extre-

534 3653 679 3692 mum
704 3635 895 3688 habent
921 3649 938 3686 :
974 3633 1051 3685 ita
1079 3631 1218 3685 enim
1244 3627 1526 3682 herbarum
1562 3632 1777 3692 carptus
1810 3639 1910 3692 quo
1939 3621 2115 3675 vivunt

535 3728 746 3800 facilius
772 3725 969 3794 agitur.
1013 3722 1125 3778 Nec
1182 3729 1392 3775 tantum
1444 3718 1512 3772 ad
1550 3715 1858 3772 necessaria
1893 3728 2114 3784 compa-

534 3819 709 3876 randa
737 3820 813 3872 ita
844 3823 967 3870 nata
999 3821 1130 3868 sunt
1181 3813 1462 3875 animalia,
1507 3809 1602 3864 sed
1635 3817 1696 3862 ut
1744 3807 2116 3863 instrumenta

533 3912 792 3976 habeant,
822 3907 1024 3980 quibus
1062 3920 1121 3960 se
1159 3904 1228 3958 ab
1263 3901 1609 3957 inimicorum
1658 3898 1894 3963 insidiis,
1929 3898 2044 3954 sive
2077 3897 2116 3952 ii

535 4002 784 4058 homines
834 4001 966 4064 sint,
1017 3998 1133 4053 sive
1183 3994 1376 4050 bellua:
1405 3991 1722 4058 defendant,
1763 4007 1885 4061 qua:
1931 3990 2116 4045 omnia

535 4095 738 4166 Optime
802 4098 1027 4156 norunt,
1080 4097 1133 4145 et
1193 4087 1320 4143 dum
1393 4085 1611 4139 occasio
1669 4082 1835 4138 fuerit
1881 4083 2117 4138 scientes

533 4195 790 4243 utuntur.
812 4183 1254 4253 Theophylactus
1285 4176 1595 4232 Simocatus
1637 4175 1692 4229 in
1723 4174 1924 4240 Qumst.
1959 4185 2118 4227 natu-

536 4283 760 4343 ralibus,
788 4286 983 4350 quaest.
1016 4275 1050 4331 5
1079 4293 1091 4328 :
1133 4274 1318 4327 Ἔστιν
1344 4271 1596 4340 αἴσθησις
1622 4269 1717 4323 καὶ
1752 4271 1867 4331 τοῖς
1903 4265 2118 4334 ἀλόγοις

535 4375 719 4440 ζώοις,
763 4371 1130 4442 Πολύκρατες,
1176 4366 1298 4421 καθ’
1342 4366 1409 4436 ἣν
1453 4366 1553 4435 τῆς
1593 4363 1800 4427 οἰκείας
1844 4362 2118 4432 σωτηρίας

2212 3263 2266 3315 ix
2306 3261 2379 3316 De
2405 3260 2591 3316 histor.
2618 3263 2806 3327 anim.,
2848 3278 2966 3333 cap.
3001 3262 3071 3318 56
3099 3285 3112 3318 :
3151 3265 3238 3318 Ἐν
3272 3265 3329 3319 δὲ
3361 3267 3552 3341 Θρᾴκῃ
3583 3271 3652 3339 τῇ
3686 3287 3792 3322 κα-

2212 3353 2443 3425 λουμένῃ
2483 3354 2613 3407 ποτὲ
2648 3353 2977 3426 Κεδροπόλει
3018 3356 3074 3432 ὲν
3109 3356 3187 3427 τῷ
3223 3356 3333 3410 ἕλει
3379 3357 3703 3429 θηρεύουσιν
3742 3361 3792 3414 οἱ

2214 3446 2489 3518 ἄνθρωποι
2507 3446 2576 3499 τὰ
2602 3446 2810 3518 ὀρνίθια
2835 3450 2986 3519 κοινῇ
3013 3448 3150 3520 μετὰ
3168 3448 3276 3503 τῶν
3306 3451 3562 3522 ἱεράκων.
3595 3454 3661 3506 Oi
3691 3454 3796 3522 ph

2213 3538 2322 3610 γὰρ
2347 3538 2560 3608 ἔχοντες
2587 3538 2719 3603 ξύλα
2747 3538 2964 3594 σοὸοὖσι
2992 3541 3084 3594 τὸν
3113 3542 3357 3613 κάλαμον
3389 3543 3483 3596 καὶ
3509 3543 3607 3615 τὴν
3635 3543 3794 3615 ὓλην,

2215 3632 2301 3705 ἵνα
2327 3631 2596 3686 πέτωνται
2622 3631 2688 3686 τὰ
2709 3631 2937 3702 ὀρνίθια·
2972 3633 3022 3686 oi
3056 3632 3112 3687 δὲ
3142 3633 3358 3705 ἱέρακες
3388 3635 3594 3689 ἄνωθεν
3626 3637 3798 3708 ὑπερ-

2215 3723 2529 3794 φαινόμενοι
2561 3721 2974 3777 καταδιώκουσι·
3009 3723 3181 3778 ταῦτα
3209 3725 3265 3778 δὲ
3299 3725 3610 3796 φοϐούμενα
3642 3728 3798 3783 κάτω

2217 3817 2437 3870 πέτεται
2463 3817 2623 3870 πάλιν
2652 3817 2788 3887 πρὸς
2815 3817 2913 3888 τὴν
2942 3820 3063 3888 γῆν·
3093 3821 3143 3871 οἱ
3168 3818 3224 3872 δὲ
3252 3818 3528 3890 ἄνθρωποι
3563 3821 3798 3875 τύπτον-

2215 3925 2307 3971 τες
2343 3911 2454 3971 τοῖς
2489 3907 2663 3972 ξύλοις
2693 3908 3047 3978 λαμϐάνουσι,
3081 3911 3174 3963 καὶ
3215 3910 3316 3980 τῆς
3359 3910 3534 3982 θήρας
3577 3913 3797 3982 μεταδι-

2215 3997 2397 4051 δόασιν
2429 3997 2630 4062 αὐτοῖς,
2661 3998 2911 4069 ῥίπτουσι
2939 3997 3049 4070 γὰρ
3080 3999 3189 4052 τῶν
3215 3999 3464 4071 ὀρνίθων,
3501 4003 3551 4053 οἱ
3567 4001 3625 4054 δὲ
3657 4004 3797 4057 ὐπο-

2216 4086 2600 4160 λαμὸάνουσιν.
2658 4087 2860 4144 Eadem
2916 4090 3111 4158 repetit
3160 4090 3342 4144 libello
3386 4092 3525 4158 Περὶ
3566 4096 3796 4162 θαυμα-

2217 4181 2368 4234 σίων
2414 4179 2847 4250 ἀκουσμάτων,
2915 4182 3007 4236 ubi
3083 4193 3267 4239 tamen
3334 4183 3661 4255 Ἀμφίπολιν
3695 4203 3797 4256 pro

2217 4273 2502 4343 Cedmpoli
2546 4273 2811 4338 nominat,
2855 4289 2976 4344 quae
3024 4274 3100 4327 ita
3139 4275 3386 4332 vertebat
3423 4275 3567 4332 Plin.
3605 4279 3700 4332 lib.
3735 4295 3792 4345 ι,

2219 4382 2269 4421 c.
2301 4368 2334 4420 8
2376 4384 2390 4421 :
2429 4363 2493 4418 In
2530 4365 2768 4418 Thracia:
2796 4376 2947 4434 parte
2974 4382 3129 4435 super
3157 4367 3511 4437 Amphipolim
3557 4369 3793 4424 homines

535 4468 869 4540 ἁπειλήφασι
895 4464 993 4534 τὴν
1015 4462 1324 4529 διάγνωσιν.
1350 4454 1501 4512 Οἶδεν
1527 4459 1560 4527 ἡ
1591 4455 1761 4526 σηπία
1791 4457 1889 4526 τῆς
1907 4453 2110 4515 οἰκείας

2221 4470 2374 4532 atque
2405 4461 2678 4528 accipitres
2703 4461 2951 4514 societate
2984 4460 3213 4530 quadam
3241 4471 3602 4530 aucupantur.
3632 4462 3705 4516 Ili
3728 4480 3800 4517 ea:

538 4558 732 4630 ἀχλύος
757 4557 817 4611 τὸ
849 4556 1088 4625 σόφισμα
1117 4552 1210 4606 καί
1236 4567 1336 4602 που
1368 4549 1627 4620 θηραταῖς
1647 4545 1907 4618 ἀορασίαν
1941 4545 2113 4615 ἄγρας

539 4649 816 4720 ἐνέθηκεν.
848 4643 968 4702 Οἵδε
997 4645 1065 4699 τὰ
1087 4640 1426 4714 γαμψώνυχα
1444 4641 1542 4711 τὴν
1569 4638 1658 4692 διὰ
1681 4638 1789 4691 τῶν
1810 4635 2013 4707 ὀνύχων
2030 4636 2118 4688 ἁλ-

540 4744 662 4815 κήν.
683 4738 834 4795 Οἶδεν
857 4743 885 4794 ό
912 4738 1121 4807 λαγωὸς
1146 4735 1231 4788 διὰ
1252 4733 1346 4789 τοῦ
1362 4733 1561 4804 δρόμου
1587 4733 1680 4785 καὶ
1699 4731 1797 4800 τῆς
1813 4730 1920 4784 τῶν
1944 4728 2117 4781 ποδῶν

539 4834 796 4906 ὀξύτητος
832 4831 1126 4902 κυνηγέτου
1165 4825 1457 4890 ἐπιϐουλὰς
1495 4822 1934 4894 ἀποπέμπεσθαι.
1964 4817 2117 4874 Οἶδεν

541 4931 576 4998 ἡ
603 4927 794 4997 ἔλαφος
821 4921 1226 4994 ἀποκειραμένη
1251 4920 1320 4974 τὰ
1352 4919 1558 4990 κέρατα
1589 4915 1980 4986 ἀσθενεστέραν
2018 4912 2117 4984 τὴν

542 5019 704 5088 φύσιν
751 5015 1051 5087 ἀμύνεσθαι
1094 5012 1618 5082 τοὺς“λυπήσαντας,
1649 5018 1755 5065 etc.
1800 5007 2012 5072 Cicero,
2046 5007 2118 5061 De

545 5110 739 5181 ﬁnibus
769 5108 867 5163 lib.
897 5123 954 5169 ν,
979 5106 1070 5177 qui
1102 5105 1354 5159 laudatur
1383 5118 1413 5156 a
1450 5101 1623 5156 Nonio
1658 5100 1914 5156 Marcello
1947 5118 1961 5154 :
1987 5097 2116 5154 Ser-

543 5218 662 5271 pere
692 5199 1022 5271 anguiculos,
1068 5207 1256 5251 natare
1295 5195 1616 5258 anaticulas,
1657 5194 1832 5248 volare
1863 5193 2116 5260 merulas,

545 5292 792 5348 cornibus
827 5292 904 5344 uti
946 5289 1213 5344 videamus
1259 5289 1406 5342 boves
1451 5288 1571 5358 (ego
1603 5287 1833 5357 legerem
1871 5283 2118 5339 cornibus

547 5385 692 5455 niti),
724 5399 882 5453 nepas
929 5382 1148 5446 aculeis,
1195 5389 1348 5435 suam
1389 5379 1609 5448 denique
1653 5378 1836 5448 cuique
1871 5385 2120 5430 naturam

546 5491 658 5530 esse
675 5474 742 5530 ad
762 5474 1033 5530 vivendum
1060 5472 1265 5535 ducem;
1297 5478 1350 5526 et
1381 5468 1778 5538 mellitissimus
1805 5466 2115 5522 Anacreon:

900 5611 1085 5674 Φύσις
1111 5609 1327 5675 κέρατα
1355 5608 1608 5677 ταύροις,

915 5680 1128 5745 Ὀπιιὰς
1159 5679 1209 5732 δ’
1241 5678 1460 5733 ἔδωκεν
1498 5679 1718 5744 ἵπποις,

905 5749 1210 5818 ΙΙοδωκίην
1241 5748 1511 5818 λαγωοῖς,

1717 5873 1756 5880 ν...

2216 4552 2384 4613 silvis.
2431 4561 2480 4605 et
2510 4551 2840 4604 arundinetis
2867 4552 3095 4604 excitant
3132 4568 3249 4604 aves
3289 4567 3307 4605 :
3339 4551 3420 4604 illi
3451 4553 3799 4620 supervolan-

2219 4655 2292 4701 tes
2313 4645 2628 4714 deprimunt.
2666 4643 2869 4698 Rursus
2909 4653 3089 4712 captas
3131 4660 3358 4713 aucupes
3389 4645 3634 4699 dividunt
3676 4665 3798 4700 cum

2218 4736 2304 4789 iis.
2333 4733 2608 4788 Traditum
2634 4743 2710 4786 est
2733 4734 2923 4786 missas
2952 4733 3005 4786 in
3028 4733 3252 4788 sublime
3281 4734 3384 4788 sibi
3410 4737 3648 4804 excipere
3667 4754 3754 4790 eos
3778 4757 3797 4791 :

2217 4835 2266 4879 et
2300 4841 2416 4878 cum
2447 4833 2644 4892 tempus
2680 4825 2747 4875 sit
2781 4831 3015 4889 captura:
3053 4822 3297 4892 clangore
3342 4839 3405 4876 ac
3461 4825 3670 4878 volatus
3706 4840 3797 4894 ge-

2220 4932 2340 4970 nere
2367 4916 2588 4969 invitare
2614 4913 2682 4968 ad
2707 4914 3052 4969 occasionem.
3079 4913 3290 4969 Similia
3322 4915 3483 4971 habet
3515 4917 3795 4985 Elianus,

2219 5008 2297 5062 De
2318 5008 2443 5063 hist.
2467 5008 2658 5072 anim.,
2697 5007 2790 5061 lib.
2826 5023 2889 5075 ιι,
2917 5023 3040 5078 cap.
3069 5005 3160 5071 £2,
3186 5006 3277 5078 qui
3312 5008 3388 5062 ait
3418 5009 3670 5066 homines
3701 5025 3798 5063 ex-

2219 5100 2435 5170 plicatis
2464 5099 2673 5155 retibus
2707 5099 3010 5169 quiescere,
3045 5099 3336 5169 accipitres
3380 5101 3797 5170 supervolantes

2219 5205 2370 5258 aves,
2403 5199 2549 5245 metu
2584 5190 2830 5254 incusso,
2861 5189 2915 5242 in
2961 5189 3100 5242 retia
3147 5188 3493 5257 compellere.
3550 5189 3796 5247 Thraces

2221 5290 2412 5350 captas
2439 5295 2567 5336 aves
2591 5295 2717 5334 cum
2751 5280 2858 5333 illis
2887 5278 3096 5348 partiri,
3125 5287 3186 5332 ut
3215 5278 3351 5333 [ldos
3387 5280 3570 5335 socios
3603 5282 3674 5336 ad
3693 5297 3790 5335 au-

2221 5373 2442 5443 cupium
2464 5371 2719 5426 habeant.
2755 5369 2850 5423 Sin
2873 5369 3160 5440 accipitres
3183 5369 3251 5423 ab
3274 5369 3382 5424 illis
3405 5368 3659 5425 distracti
3682 5371 3766 5426 di.

2223 5463 2520 5518 sociantur.
2557 5461 2687 5525 Qua:
2718 5460 2913 5529 repetit
2940 5460 3104 5514 etiam
3143 5457 3450 5530 Antigonus
3480 5461 3770 5533 Carystius

2223 5570 2344 5623 cap.
2371 5553 2470 5620 54;
2496 5554 2732 5607 Joannes
2773 5552 3044 5607 Meursius
3074 5551 3129 5606 in
3172 5559 3312 5619 not.,
3355 5567 3479 5606 cum
3512 5553 3761 5622 Cedropo

2225 5649 2338 5703 leos
2382 5647 2564 5702 nullus
2592 5653 2833 5701 veterum
2863 5646 3192 5701 mentionem
3224 5645 3494 5710 habuerit,
3544 5648 3763 5717 suspica

2227 5751 2316 5798 tur
2347 5757 2470 5800 esse
2496 5739 2751 5798 mendum
2788 5739 2842 5795 in
2870 5739 3162 5796 Aristotele
3193 5753 3302 5796 non
3337 5738 3497 5795 hodie
3532 5748 3628 5796 aut
3675 5737 3794 5794 heri
