4072 6342
335 309 439 363 893
1304 314 1371 368 IN
1405 312 1774 370 EUSTATIIII
1814 310 2281 369 llEXAEMERON
2317 314 2546 372 noras.
3352 284 3361 291 ’
3424 278 3565 382 ἐει

333 436 541 486 natum,
576 423 668 479 sed
697 426 808 495 jam
833 435 957 484 ante
987 428 1239 502 Antigoni
1276 442 1543 504 tempora,
1574 435 1667 505 qui
1704 435 1777 488 ita
1806 436 1892 488 in-
1921 438 1941 488 Δ

1957 465 1966 488 ι
1996 433 2253 504 πέψωσιν,
2278 438 2583 509 ἐξεμοῦσιν,
2609 441 2695 493 ἵνα
2713 442 3029 510 χασκουσῶν
3048 443 3114 497 τὰ
3134 443 3269 514 κρέα
3292 445 3565 518 ἐξαιροῦν-

330 525 550 571 ventum
584 520 875 587 expressit,
915 524 1265 593 restituitque
1300 526 1593 595 Κεκροπίδι
1623 542 1743 595 qua:
1777 526 1895 580 Ste-
1994 542 2084 588 τες
2105 528 2343 581 sollitam.
2374 529 2585 595 Cicero,
2622 530 2713 583 lib.
2742 546 2801 593 ii,
2834 530 2908 585 De
2942 545 3119 591 natur.
3151 534 3365 589 deorum
3397 554 3415 590 :
3440 538 3564 609 Legi

330 606 513 676 phano
541 606 784 662 Thracia:
824 612 974 680 regio
1003 621 1115 679 est;
1146 615 1506 684 conciliatque
1548 631 1731 669 secum
1774 617 1894 668 Ari-
1993 617 2153 669 etiam
2185 618 2435 684 scriptum
2464 635 2573 673 esse
2597 636 2738 673 avem
2759 621 3065 690 quamdam,
3097 606 3563 693 quwplataleano-

330 698 602 764 stotelem,
625 698 753 752 dum
779 700 1142 773 Amphipolim
1168 706 1357 759 urbem
1387 706 1441 759 in
1467 705 1700 760 Thracia
1733 708 1891 761 sitam
1996 709 2302 775 minaretur,
2321 727 2435 762 eam
2467 710 2568 763 sibi
2596 711 2765 764 cibum
2787 730 3017 782 quterere
3038 716 3366 770 advolantem
3385 718 3557 772 adeas

326 786 383 841 in
418 787 715 857 Cecmpide
750 792 971 861 regione
994 797 1166 862 ponit.
1994 812 2131 860 aves,
2161 813 2275 865 qua:
2292 814 2342 850 se
2372 799 2423 851 in
2445 800 2578 851 mari
2606 811 2915 869 mergerent,
2930 820 3043 873 qua:
3067 822 3183 858 cum
3201 809 3551 874 emersissent,

393 879 512 932 Col.
546 880 677 946 729,
714 881 810 935 lin.
874 884 926 937 5.
984 888 1345 939 Φιλότεκνον
1396 891 1428 941 ό
1467 888 1746 940 πελεκάν.
1788 887 1887 942 (Ili.
1991 902 2001 954 ί

1991 888 2283 956 piscemque
2313 890 2604 956 cmpissent,
2631 907 2792 961 usque
2822 909 2879 946 eo
2912 910 3141 961 premere
3169 914 3349 952 earum
3379 903 3554 970 capita

333 974 687 1048 Physiologus
720 979 1027 1051 Epiphanii,
1050 990 1102 1036 et
1134 981 1326 1037 Petrus
1360 982 1673 1047 Damianus,
1704 982 1797 1037 lib.
1828 999 1888 1047 ιι,
1992 976 2255 1030 mordicus
2286 978 2411 1030 dum
2439 972 2799 1047 captum'illw
2835 985 3153 1051 amitterent,
3190 988 3245 1040 id
3275 990 3412 1059 quod
3437 992 3553 1060 ipsa

322 1065 489 1132 epist.
561 1066 669 1133 18;
740 1066 1135 1139 Hieronymus,
1208 1071 1322 1126 sive
1390 1080 1583 1125 auctor
1644 1072 1884 1140 cpistola:
1991 1068 2273 1123 invaderet.
2324 1070 2622 1138 Eademque
2668 1074 2775 1127 [nec
2820 1077 2929 1129 avis
2972 1077 3218 1132 scribitur
3254 1082 3461 1136 conchis
3498 1100 3554 1137 se

322 1156 393 1209 ad
438 1156 790 1223 Praesidium,
837 1162 1218 1229 pelecanornm
1269 1163 1406 1218 ﬁlios
1456 1178 1486 1215 a
1546 1166 1888 1233 serpentibus
1990 1156 2156 1209 δοίανε
2187 1158 2462 1226 σοηιριενε,
2513 1177 2701 1230 easque
2745 1178 2861 1216 cum
2903 1168 3157 1221 stomachi
3205 1173 3378 1224 calore
3428 1189 3552 1226 can-

320 1251 521 1311 orcidi,
559 1260 611 1304 ct
643 1261 924 1321 parentum
960 1255 1220 1324 sanguine
1254 1256 1515 1309 viviﬁcari
1550 1264 1738 1309 auctor
1782 1268 1884 1311 est.
1988 1247 2211 1312 εοίτενίῑν
2251 1264 2499 1313 evomere.
2530 1259 2684 1321 atque,
2714 1252 2789 1304 ίια
2832 1253 3020 1324 eligere
3064 1272 3129 1310 ex
3175 1258 3239 1312 iis
3278 1276 3394 1329 qua:
3427 1272 3550 1315 sunt

319 1340 564 1395 Isidorus
597 1342 687 1397 lib.
724 1360 823 1406 xu,
852 1360 900 1399 c.
940 1346 969 1397 7
998 1365 1009 1399 :
1043 1345 1323 1399 Palicanus
1370 1348 1479 1400 avis
1506 1345 1759 1417 {Egyptia
1789 1346 1886 1399 ha-

1987 1337 2272 1392 escnlenta.
2307 1337 2532 1403 Plinius,
2576 1342 2670 1395 lib.
2701 1358 2755 1409 ιι,
2786 1359 2906 1415 cap.
2938 1346 3007 1400 40
3045 1365 3057 1402 :
3092 1348 3279 1402 Platea
3307 1368 3425 1404 cum
3459 1353 3548 1407 de»-

319 1430 496 1485 bitans
545 1432 597 1485 in
642 1434 929 1488 solitudine
971 1434 1085 1488 Nili
1123 1437 1378 1503 ﬂuminis,
1422 1436 1558 1489 unde
1605 1446 1653 1490 et
1702 1453 1886 1490 nomen

1988 1430 2183 1482 voratis
2214 1446 2266 1483 se
2297 1430 2525 1498 implevit
2555 1434 2784 1499 conchis,
2819 1437 2991 1492 calore
3014 1442 3203 1495 ventris
3232 1454 3406 1499 coctos
3434 1464 3549 1500 evo-

316 1525 565 1592 sumpsit.
605 1522 746 1577 Nam
774 1524 1039 1594 Canopius
1071 1526 1334 1597 .Egyptus
1365 1528 1581 1583 dicitur,
1620 1526 1816 1581 Fertur
1837 1528 1885 1581 εἰ
1986 1523 2100 1583 mit,
2133 1530 2286 1589 atque
2309 1524 2384 1576 ita
2411 1541 2473 1577 ea:
2499 1525 2563 1578 iis
2593 1527 2860 1581 esculenta
2890 1530 3011 1600 legit
3059 1542 3217 1587 testas
3246 1551 3544 1607 excerpens.

316 1631 495 1669 verum
522 1626 617 1678 est,
659 1634 774 1669 eam
805 1619 1036 1673 occidere
1080 1631 1229 1674 natos
1262 1638 1404 1683 suos,
1436 1637 1622 1690 eosque
1656 1636 1746 1688 per
1782 1620 1881 1672 tri-

1985 1613 2049 1667 Et
2078 1615 2350 1679 Ailianus,
2380 1616 2453 1670 De
2482 1617 2602 1672 hist.
2631 1621 2793 1674 anim.
2831 1622 2924 1676 lib.
2965 1638 3047 1689 ιιι,
3082 1640 3201 1695 cap.
3236 1626 3340 1682 20:
3367 1631 3429 1681 Ui
3454 1648 3548 1683 πε-

314 1706 481 1759 a'uum
516 1707 709 1777 lugere,
770 1710 953 1763 deinde
993 1711 1218 1779 seipsam
1264 1714 1560 1776 vulnerare,
1606 1720 1653 1764 et
1704 1726 1879 1778 asper-
1916 1769 1922 1788 π

1940 1772 1957 1788 _
1984 1707 2208 1770 λεκᾶνες
2236 1710 2293 1760 ἐν
2320 1713 2433 1774 τοῖς
2463 1715 2726 1783 ποταμοῖς
2751 1715 2952 1784 κόγχας
2984 1718 3405 1788 περιχαξνοντες,
3431 1718 3548 1776 εἶτα

312 1799 463 1851 sione
500 1799 582 1852 sui
639 1801 911 1869 sanguinis
940 1802 1198 1870 vivificare
1219 1804 1378 1869 ﬁlios.
1415 1801 1557 1856 idem
1590 1801 1751 1856 habet
1774 1802 1883 1854 Au-
1916 1793 1920 1824 λ

1938 1772 1958 1824 ι
1990 1769 2394 1853 καταπίνουσιν.
2413 1769 2426 1774 ⁷
2448 1769 2632 1855 Ἐνδον
2665 1769 2721 1854 δέ
2764 1769 2883 1856 καὶῆ
2900 1769 2957 1857 ὲν
2994 1769 3285 1877 μυ’χᾷτῆξ

312 1891 569 1958 gustinus
609 1890 662 1943 in
692 1893 883 1958 psalm.
906 1908 980 1954 Cl,
1028 1903 1080 1948 et
1100 1893 1395 1962 Gregorius
1429 1910 1583 1963 super
1610 1910 1641 1947 v
1686 1893 1877 1962 psalm.

1987 1888 2391 1959 ὑποϐάλψαντες
2415 1893 2694 1963 ἀνεμοῦσι.
2726 1897 2833 1951 Καὶ
2863 1897 2931 1949 τὰ
2961 1898 3057 1967 μὲν
3079 1900 3340 1971 ὀστράκια
3367 1904 3430 1956 ὲκ
3450 1907 3545 1975 τῆς

314 1982 588 2049 pwnitent.
616 1998 634 2045 ;
663 1983 918 2039 Albertus
952 1984 1175 2054 Magnus
1207 2002 1331 2038 cum
1374 1996 1562 2040 nostro
1595 1985 1879 2039 Enstathio

1987 1982 2149 2045 ἀλέας
2181 1982 2361 2053 διέστη
2385 1984 2667 2056 ὼσπεροῦν
2697 1986 2802 2039 τῶν
2833 1986 3028 2057 ἑφθῶν·
3057 1992 3103 2042 οἱ
3126 1991 3181 2043 δὲ
3204 1992 3543 2064 ὲξορύττουσι

311 2074 589 2138 convenit,
623 2076 713 2143 qui
765 2074 839 2127 ait
882 2084 1131 2143 parentes
1166 2092 1196 2129 a
1234 2076 1357 2131 ﬁliis
1406 2084 1759 2145 provocatos;
1784 2093 1879 2131 eos

1984 2073 2051 2126 τὰ
2076 2074 2230 2146 κρέα,
2260 2076 2351 2129 καὶ
2389 2076 2570 2147 ἔχουσι
2606 2077 2840 2134 δεῖπνον.
2875 2079 3004 2147 Qua:
3037 2084 3276 2140 carmine
3313 2085 3543 2142 iambico

309 2161 639 2219 interﬁcere.
694 2165 932 2222 Consule
1000 2166 1315 2223 Michaelem
1378 2168 1621 2240 Glycam,
1679 2169 1877 2222 Annal.
1985 2165 2061 2219 ita
2103 2165 2335 2221 reddidit
2362 2166 2563 2224 Phile:

312 2254 440 2308 libr.
475 2254 748 2319 i;llorum
782 2259 900 2311 libr.
943 2275 981 2319 ι,
1018 2260 1181 2328 capit.
1215 2260 1301 2314 54.
1331 2260 1506 2314 Aliam
1540 2260 1877 2329 φιλοτεχνίας

312 2360 534 2377 nun-cn."
561 2348 723 2377 '\n‘\nn
753 2350 889 2377 Ann...
938 2350 1194 2377 Elian...“
1257 2352 1323 2377 n-
1345 2354 1505 2377 h:-o-_
1550 2352 1850 2377 -..2...-12ημ-

1771 2262 1877 2377 ίίξς
2050 2301 2292 2377 ζςιξγχην
2315 2302 2383 2355 δὲ
2410 2304 2671 2377 πελεᾼκὰν
2698 2305 2970 2377 ἐμϐαλὼν
2995 2307 3117 2375 τοῖς
3149 2310 3379 2377 ἐγκάτοι

307 2360 535 2401 causam
561 2348 727 2404 habes
752 2350 892 2419 apud
922 2350 1219 2416 .‘Elianum,
1248 2352 1323 2406 De
1340 2354 1524 2408 nistor.
1543 2352 1873 2421 animalium,

2050 2334 2278 2370 ιιυιλιιι
2315 2334 2379 2355 uc
2410 2334 2670 2358 «indultur
2700 2334 2969 2374 εμυα.ιυ1ν
2995 2334 3117 2375 ϊυις
3149 2334 3435 2379 ετκατοις,

1827 2371 1873 2421 ’τι
2049 2372 2402 2446 Ιξᾴνάπαλιν
2427 2373 2618 2446 αὐτὴν
2650 2376 2996 2446 ἐξενεγκὼν,
3024 2380 3335 2446 ὀστράκοις

308 2438 409 2491 lib.
444 2455 525 2500 ιιι,
556 2442 719 2509 capit.
752 2442 841 2495 2b.
871 2441 1024 2497 Hunc
1054 2443 1263 2499 Plinius
1288 2446 1541 2515 plateam,
1568 2446 1871 2516 plataleam,

1686 2446 1871 2511 aleam,
2056 2443 2125 2517 ζὸ
2138 2444 2409 2517 capacior
2434 2438 2950 2517 βέϐῥωκεληςὸθὲν
2972 2438 3294 2517 εὺστόχως.

305 2529 525 2593 Cicero,
560 2531 940 2604 Hieronymus,
968 2542 1021 2589 et
1049 2534 1349 2591 Eucherius
1375 2537 1745 2591 onocrotalum
1774 2552 1873 2591 vo-

1824 2552 1873 2591 ),
2201 2515 2308 2581 γὰρ
2337 2515 2515 2604 τένθου
2548 2512 2827 2604 mitigavit
2861 2517 2968 2604 τᾲς
2994 2512 3222 2604 κλεῖςςῆ
3252 2512 3432 2587 ζέσις,

486 2583 524 2593 κ,
610 2583 940 2604 ρηη-ηη
973 2583 1019 2589 --
1049 2583 1347 2591 ____-_.----
1379 2583 1745 2591 -_------_-_-u
1786 2583 1838 2591 ,ν

305 2627 526 2675 carunt.
553 2619 819 2677 Consalus
842 2622 1067 2678 Pontius
1092 2627 1234 2679 notis
1269 2626 1323 2678 in
1352 2623 1721 2695 Physiologum
1748 2625 1876 2696 Epi-

1693 2583 1876 2696 ῐΕῶ-
2052 2583 2317 2637 Ἔλυονεν
2348 2583 2419 2649 ἂς
2455 2585 2742 2656 Sagen-fer
2770 2590 2807 2657 ἡ
2838 2583 3025 2657 κόγχη
3055 2583 3301 2659 struxire.

308 2710 525 2779 phanii,
553 2728 674 2781 quae
710 2713 777 2767 de
812 2714 1069 2783 pelecano
1112 2722 1385 2780 narratur,
1417 2717 1567 2770 nullo
1590 2725 1683 2768 aut
1711 2732 1873 2786 expe—
2048 2714 2209 2783 lbid.,
2241 2717 2339 2771 lin.
2373 2717 2463 2775 26.
2498 2722 2836 2774 Φιλόκαλον
2867 2725 2900 2774 ό
2929 2721 3099 2788 ταώς.
3132 2722 3305 2793 llujus
3336 2725 3541 2781 descri-

303 2802 564 2866 rimento,
614 2813 705 2856 aut
756 2805 921 2858 veteri
974 2806 1199 2874 probato
1252 2807 1565 2862 testimonio
1614 2808 1871 2862 allirmari
1978 2808 2218 2876 ptionem
2269 2809 2461 2864 iisdem
2502 2826 2640 2879 pene
2678 2813 2859 2867 verbis
2889 2812 3055 2869 habes
3096 2818 3235 2884 apud
3274 2816 3539 2872 Achillem

302 2910 471 2966 posse
497 2896 795 2950 contendit.
829 2897 1007 2963 Quare
1034 2908 1188 2968 putat
1220 2916 1317 2969 pro
1344 2901 1614 2969 pictorum
1644 2902 1870 2956 arbitrio

1976 2897 2213 2962 Tatium,
2248 2898 2341 2953 lib.
2379 2914 2395 2952 ι
2431 2917 2446 2952 ι
2482 2899 2664 2972 Ταύτῃ
2705 2901 2800 2954 νῦν
2832 2896 2981 2964 οὗτος
3018 2903 3077 2955 τὸ
3111 2903 3301 2967 κάλλος
3338 2904 3536 2957 ὲπιδεί⁴

303 2988 620 3044 hominibus
672 2989 991 3056 exhibitam,
1046 3007 1147 3046 nec
1200 2993 1361 3046 ullam
1407 2993 1631 3061 hujusce
1664 3002 1870 3047 natura:

1975 3004 2164 3040 κνυται
2197 2987 2438 3057 λειμῶνα
2470 2989 2701 3059 πτερῶν.
2740 2989 2798 3043 Ὀ
2822 2990 2878 3043 δὲ
2902 2991 2993 3043 τοῦ
3022 2990 3133 3044 ταὼ
3157 2992 3357 3062 λειμὼν
3379 2994 3535 3046 εὐαν-

300 3095 460 3133 avem
498 3096 723 3149 usquam
751 3098 894 3147 esse,
919 3086 1344 3154 comprobatque
1375 3084 1720 3140 llebrzeorum
1744 3101 1869 3139 seno
1894 3123 1908 3178 ‘

1927 3119 1941 3147 ,
1975 3077 2245 3148 θέστερος.
2284 3077 2623 3146 Πεφύτευται
2670 3079 2777 3152 γὰρ
2809 3080 2956 3151 οὖτῷ
2986 3082 3079 3135 καὶ
3110 3083 3304 3154 χρυσὸς
3340 3086 3396 3136 ὲν
3426 3090 3535 3149 τοῖς

1927 3156 1943 3182 Ι
2140 3173 2163 3183 .-
2289 3169 2300 3183 σ
2344 3170 2360 3183 ι
2439 3171 2478 3183 με
2548 3171 2560 3183 ι
2600 3171 2641 3183 ,ι
2900 3171 2911 3183 ι
3117 3174 3129 3183 .
3324 3174 3374 3183 ...
3480 3177 3491 3183 -

299 3172 495 3234 tentia,
527 3174 619 3242 qui
655 3173 894 3229 fatentur
924 3176 1135 3230 nescire
1159 3192 1217 3231 se
1243 3192 1361 3245 qum
1396 3178 1509 3231 avis
1548 3178 1619 3232 sit
1652 3179 1869 3247 peleca-
1899 3169 1907 3177 ’

1926 3169 1943 3182 ’
1975 3173 2213 3241 πτεροῖς·
2238 3169 2418 3241 κύκλῳ
2434 3171 2491 3224 δὲ
2512 3171 2572 3224 τὸ
2588 3171 2851 3242 ἁλουργες
2866 3171 2955 3226 τὸν
2976 3174 3172 3244 χρυσὸν
3193 3174 3429 3247 περιθέει
3445 3177 3534 3229 τὸν

298 3279 432 3318 nus.
468 3263 739 3333 Quidquid
766 3274 946 3321 tamen
979 3267 1068 3331 sit,
1101 3268 1217 3323 avis
1260 3268 1372 3322 haec
1410 3268 1509 3321 fuit
1536 3269 1747 3338 insigne
1773 3268 1869 3324 Ju-

1974 3260 2084 3313 ἴσον
2102 3260 2319 3323 κύκλον,
2339 3263 2433 3315 καὶ
2453 3261 2596 3314 ἔστιν
2612 3262 2883 3333 ὀφθαλμὸς
2901 3266 2957 3317 ἐν
2972 3263 3047 3335 τῷ
3063 3265 3262 3336 πτερῷ.
3275 3267 3536 3323 Aristote-

299 3356 357 3408 lii
397 3356 616 3410 Antonii
677 3356 946 3412 Sanctorii
1000 3360 1316 3422 cardinalis,
1372 3371 1495 3429 post
1547 3360 1865 3431 Gregorium

1970 3350 2070 3414 les,
2100 3350 2194 3403 lib.
2222 3366 2239 3403 ι
2264 3349 2337 3403 De
2351 3349 2476 3404 hist.
2501 3351 2689 3414 anim.,
2712 3367 2834 3405 eum
2857 3352 3111 3423 φθονερὸν
3128 3356 3219 3407 καὶ
3250 3356 3532 3424 φιλόκαλον

296 3449 570 3503 decimum
596 3451 812 3502 tertium
845 3451 1151 3519 pontiﬁcem
1180 3452 1463 3521 Optimum,
1489 3451 1869 3520 collegiiGrae-
1968 3450 2155 3506 νοεθω
2204 3441 2323 3510 eius
2367 3441 2805 3506 οδιθηῑθῑίθηθω»
2853 3443 3161 3512 Superbiam
3223 3460 3285 3499 ac
3332 3446 3531 3501 rasili"!

295 3557 491 3595 corum
521 3558 756 3610 primum
785 3554 1010 3611 patrem,
1050 3543 1207 3613 primi
1240 3544 1655 3615 propugnatoris
1685 3558 1746 3595 ac
1776 3544 1868 3597 de-
1966 3533 2197 3602 explicat
2233 3531 2483 3587 Elianus
2512 3533 2603 3586 lib.
2636 3549 2667 3583 v
2707 3532 2784 3585 De
2823 3532 3009 3586 histor.
3062 3536 3249 3600 anim.,
3280 3551 3398 3606 cap.
3429 3538 3529 3605 2i;

297 3633 559 3696 fensoris,
594 3634 708 3702 qui,
743 3642 799 3687 ut
829 3634 1136 3688 Graecorum
1171 3634 1266 3687 ﬁlii
1299 3650 1364 3688 ex
1404 3634 1568 3703 impia
1607 3634 1697 3687 illa
1730 3633 1867 3687 Tur-

1968 3622 2267 3691 Oppianus,
2292 3621 2371 3675 De
2392 3624 2677 3687 venatione,
2703 3622 2798 3677 lib.
2844 3638 2905 3686 ιι,
2939 3632 2991 3677 et
3015 3624 3108 3679 lib.
3131 3641 3215 3687 ιιι.
3238 3628 3331 3696 qui
3354 3630 3428 3681 ait
3453 3631 3527 3683 nil

295 3740 492 3779 carum
520 3726 805 3795 tyrannide
839 3735 891 3780 et
938 3727 1256 3794 ignorantia:
1298 3726 1535 3780 tenebris
1581 3726 1771 3795 elapsi,
1812 3734 1866 3780 et

1961 3714 2259 3784 jucundius
2301 3730 2364 3768 ac
2408 3715 2690 3783 pulchrius
2741 3730 2949 3784 pavone
2996 3716 3050 3770 in
3080 3718 3242 3773 rebus
3276 3735 3306 3772 a
3339 3729 3528 3774 natura

294 3816 463 3871 bonis
484 3817 714 3881 artibus,
746 3825 799 3871 et
826 3817 1139 3872 lectissimis
1163 3817 1406 3872 moribus
1442 3817 1862 3881 instruerentur,
1964 3806 2297 3875 ιποΐθηιιιηη
2358 3806 2537 3871 Phile.
2596 3808 2651 3860 in
2706 3804 2949 3870 Ῑαηιθίδὶ
3005 3807 3267 3880 Georgius
3323 3811 3527 3877 PiSida.

298 3907 569 3964 adversus
616 3908 921 3963 malesanos
963 3909 1279 3971 nebulones,
1321 3909 1414 3977 qui
1462 3916 1671 3961 ιαηιυιιι
1728 3923 1865 3977 opus
1964 3897 2041 3951 De
2072 3897 2253 3950 mundi
2289 3899 2495 3966 opiﬁc.;
2531 3896 2897 3952 Philostratus
2926 3896 3119 3953 Junior
3154 3899 3367 3957 lleroic.
3396 3903 3450 3965 2,
3477 3905 3528 3957 in

298 4006 550 4054 evertere
572 4000 930 4062 conabantur,
963 4000 1199 4069 propriis
1225 3998 1414 4053 ofﬁciis
1437 4000 1741 4068 apibusque
1772 3998 1867 4052 bo-

1964 3989 2309 4054 Alexandro;
2358 3990 2650 4061 Gregorius
2698 3988 3071 4046 Nazianzenus
3107 3994 3269 4047 Κατὰ
3313 4013 3529 4062 γυναι-

301 4106 377 4145 na
412 4106 442 4144 a
475 4089 733 4161 Gregorio
764 4092 957 4163 legata,
1007 4092 1350 4146 alumnorum
1392 4091 1701 4146 educationi
1725 4134 1739 4157 ,
1771 4091 1864 4144 diu

1964 4082 2087 4135 κῶν
2110 4082 2668 4151 καλλωπιζομένων,
2692 4081 3003 4145 Athenazus,
3033 4083 3157 4137 libr.
3192 4100 3268 4149 ix,
3300 4085 3527 4155 Deipho-

292 4183 411 4251 jam
464 4182 794 4246 corruentia,
852 4183 1147 4249 immunia,
1192 4197 1433 4251 sanaque
1482 4181 1757 4247 sustinuit,
1812 4190 1865 4235 et
1964 4174 2206 4243 sophist;
2231 4175 2442 4238 Cicero,
2480 4191 2537 4228 ιιι
2576 4174 2652 4227 De
2678 4175 2903 4244 ﬁnibus;
2935 4175 3253 4243 Columella,
3282 4178 3374 4232 lib.
3406 4194 3522 4244 vin,

294 4273 642 4329 conﬁrmavit
689 4274 958 4338 nutantia,
1009 4275 1123 4329 suis
1186 4273 1485 4329 commodis
1552 4273 1862 4327 Grmcornm
1963 4269 2208 4337 capit.“
2234 4285 2249 4335 ;
2279 4268 2574 4332 Lucianus.
2602 4266 3125 4332 Dedom0;GelliuS,
3155 4270 3246 4324 lib.
3273 4287 3366 4332 vn,
3400 4287 3521 4341 cap.

293 4365 659 4419 eruditionem
709 4372 1077 4433 anteponens,
1128 4370 1182 4419 et
1231 4379 1370 4432 quos
1420 4364 1534 4433 jam
1584 4364 1865 4417 charitatis
1966 4357 2064 4424 l7;
2100 4356 2197 4411 Dio
2226 4358 2670 4428 Chrysostomus,
2720 4359 2966 4412 oratione
2995 4358 3307 4429 Olympica;
3344 4360 3521 4415 Theo-

293 4455 487 4511 studio.
514 4456 591 4509 uti
634 4454 772 4508 ﬁlios
822 4456 1135 4524 complexus
1195 4453 1390 4516 fuerat,
1422 4454 1581 4507 etiam
1643 4452 1689 4507 si
1726 4466 1863 4521 opus
1895 4474 1939 4529 ι)
1968 4450 2251 4522 phylactus
2271 4449 2597 4511 Simocatus,
2626 4450 2787 4518 epist.
2811 4452 2869 4504 51
2895 4468 2909 4516 ;
2938 4450 3268 4521 Epiphanius
3301 4453 3356 4507 in
3380 4452 3523 4523 Phy-

293 4546 513 4610 fuissct,
544 4546 626 4600 sui
657 4546 939 4612 sanguinis
976 4545 1164 4599 fovens
1186 4544 1469 4607 effusione,
1502 4558 1534 4597 ο
1563 4558 1687 4598 vere
1716 4544 1862 4611 pele-
1967 4540 2474 4612 siologo;'_0vidius,
2508 4551 2561 4596 et
2591 4542 2703 4595 alii.
2741 4541 2970 4606 Plinius,
3007 4543 3099 4597 lib.
3147 4560 3201 4608 χ,
3238 4559 3355 4614 cap.
3399 4545 3471 4598 20
3504 4566 3517 4599 :

290 4655 519 4704 canum,
554 4654 679 4693 vere
732 4653 956 4693 aureum
977 4678 990 4702 ,
1019 4652 1143 4691 vere
1172 4636 1500 4705 φιλότεκνον.
1541 4634 1618 4689 Ne
1650 4634 1862 4689 felicem
1967 4633 2294 4688 Gemmantes
2330 4634 2577 4688 laudatus
2603 4634 2851 4703 expandit
2874 4636 3093 4703 colores,
3117 4638 3330 4691 adverso
3359 4640 3523 4692 maxi-

292 4741 350 4788 te
380 4731 667 4792 Graaciam,
712 4730 894 4785 felices
924 4738 1049 4787 tuos
1089 4728 1546 4791 adolescentulos,
1594 4729 1727 4781 tanti
1764 4743 1860 4796 pa-
1965 4745 2044 4781 me
2072 4728 2199 4792 sole,
2230 4730 2355 4795 quia
2388 4730 2464 4782 sic
2494 4728 2778 4799 [ulgentius
2818 4730 3050 4783 radiant.
3109 4730 3282 4784 Simul
3323 4732 3521 4786 umbra:

290 4822 439 4875 troni
462 4822 714 4893 prmsidio
738 4821 790 4874 in
815 4821 1047 4874 maxima
1076 4819 1403 4875 necessitate
1436 4834 1559 4873 vere
1589 4817 1857 4871 defensos.
1962 4822 2215 4890 quosdam
2242 4836 2571 4888 repercussus
2591 4823 2813 4887 ca'teris,
2832 4824 2887 4876 in
2910 4839 3068 4891 opaco
3087 4825 3282 4877 clarius
3302 4824 3516 4888 micant,

290 4912 504 4976 Gaude,
540 4914 732 4983 gaude,
790 4912 924 4965 tanti
970 4911 1072 4964 viri
1123 4910 1371 4979 exemplo
1425 4908 1861 4979 priestantissimi
1962 4913 2216 4967 conc/tata
2243 4914 2431 4983 quierit
2468 4915 2639 4967 cauda
2671 4931 2689 4967 :
2730 4931 3005 4985 omnesque
3042 4917 3095 4969 in
3128 4933 3363 4970 acervum
3397 4934 3520 4969 con-

289 5010 535 5077 quinque
564 5007 824 5076 praesules
854 5013 975 5059 tuos
1005 5004 1165 5066 ﬁlios,
1198 5011 1252 5057 et
1291 5004 1461 5066 alunt,
1519 5012 1572 5057 et
1617 5003 1861 5057 moribus
1961 5005 2122 5057 trahit
2158 5000 2467 5074 pennarum,
2499 5023 2625 5075 quos
2658 5006 2881 5075 spectari
2923 5011 3112 5077 gaudet
3148 5009 3345 5062 oculos.
3387 5007 3520 5063 Ter-

296 5098 650 5166 scicntiisqtlc
670 5097 1229 5163 informant,quorum
1255 5092 1439 5148 Iaudes
1460 5108 1603 5147 nunc
1623 5110 1723 5147 non
1754 5101 1859 5146 tam
1959 5099 2242 5162 tullianus,
2278 5099 2370 5151 lib.
2412 5098 2484 5151 De
2542 5099 2703 5166 pallio
2762 5116 2779 5152 :
2832 5099 2976 5153 Pavo
3024 5100 3203 5168 pluma
3244 5101 3423 5163 vestis,
3470 5110 3519 5153 et

286 5190 758 5256 prwtermittimus,
783 5202 938 5258 quam
970 5186 1037 5241 ad
1069 5188 1322 5255 majorem
1352 5184 1610 5239 scribendi
1638 5184 1859 5254 diligen-
1957 5188 2163 5257 quidem
2184 5189 2245 5241 de
2273 5187 2556 5251 cataclitis,
2591 5190 2693 5241 imo
2733 5191 2873 5242 omni
2904 5189 3171 5257 conchylio
3203 5188 3515 5255 depressior,

291 5283 425 5333 tium
456 5297 800 5333 reservamus.
1956 5298 2059 5349 qua
2091 5280 2228 5333 colla
2267 5280 2477 5347 ﬂorent,
2509 5290 2557 5333 et
2604 5280 2745 5332 omni
2796 5280 3009 5348 patagio
3050 5279 3366 5342 inauratior,
3414 5296 3519 5348 qua

364 5372 525 5433 lbid.,
552 5373 647 5425 lin.
678 5373 757 5423 ll.
796 5366 967 5425 Οὗτοι
998 5370 1066 5422 δὲ
1095 5372 1149 5422 cl
1175 5369 1520 5435 :te.lexcireq.
1559 5368 1700 5424 Idem
1732 5384 1857 5423 nar—
1956 5383 2101 5441 terga
2142 5371 2370 5440 fulgent;
2402 5380 2449 5423 et
2481 5372 2623 5423 omni
2660 5378 2889 5439 syrmate
2930 5369 3172 5431 solutior,
3202 5385 3303 5438 qua
3334 5369 3518 5422 cauda:

294 5474 378 5515 rat
409 5464 730 5517 Aristoteles
761 5462 855 5515 lib.
890 5462 1030 5529 Περὶ
1068 5461 1416 5529 θαυμασίων
1441 5460 1851 5529 ἀκουσμάτων,

1945 5462 2147 5530 jacent,
2197 5460 2517 5524 multicolor,
2558 5469 2607 5514 et
2650 5460 2899 5524 discolor,
2946 5469 2994 5513 et
3041 5459 3343 5524 versicolor,
3375 5475 3512 5511 nun.

291 5562 344 5603 et
378 5554 469 5606 lib.
498 5568 551 5605 ix
570 5552 642 5605 De
673 5552 795 5607 hist.
834 5554 1025 5613 anim.,
1054 5566 1175 5620 cap.
1200 5552 1299 5603 10:
1327 5549 1455 5601 (ne:
1485 5549 1777 5613 πελεκᾶνες
1804 5552 1853 5603 οἱ
1952 5572 2107 5622 quant
2134 5556 2246 5622 ipsa
2268 5572 2466 5624 semper
2490 5554 2621 5619 alia,
2649 5553 2747 5607 etsi
2773 5568 2973 5621 semper
2999 5553 3112 5620 ipsa
3140 5552 3348 5621 quando
3370 5551 3514 5613 alia;

292 5648 349 5697 ἐν
372 5647 482 5707 τοῖς
515 5646 777 5713 ποταμοῖς
805 5643 1076 5711 γινόμενοι
1100 5643 1453 5695 καταπίνουσι
1485 5642 1582 5706 τὰς
1614 5643 1851 5712 μεγάλας

1956 5648 2106 5700 toties
2137 5645 2354 5716 denique
2386 5646 2640 5699 mutanda
2673 5646 2873 5715 quoties
2906 5642 3174 5698 movenda.
3219 5642 3348 5696 Vide
3376 5657 3511 5711 prm-

294 5736 490 5801 κέγγας
513 5735 604 5791 καὶ
627 5734 789 5799 λείας
808 5736 934 5791 ὅταν
954 5735 997 5789 δ’
1026 5737 1083 5789 ἐν
1105 5735 1180 5802 τῷ
1212 5736 1317 5799 πρὸ
1347 5734 1444 5805 τῆς
1475 5735 1676 5800 κοιλίας
1701 5736 1850 5803 τόπῳ

1952 5747 2096 5794 terea
2120 5736 2382 5791 Joannem
2418 5734 2802 5800 Passeratium,
2832 5742 2883 5791 et
2911 5732 3156 5801 Ulyssem
3208 5730 3509 5787 Aldrovan-
