4072 6342
503 292 611 352 895

1825 278 2072 336 LEONIS
2107 279 2378 335 ALLATII

3648 282 3758 338 896

504 403 657 466 dum”,
707 405 950 474 scaliger
1003 399 1230 455 exercit.
1279 397 1407 464 238,
1451 397 1506 452 in
1556 394 1885 459 Cardanum,
1929 393 2076 465 quod
2105 395 2471 465 Αὰπόφασιν.
2498 392 2763 452 Rel‘erunt
2783 403 2963 452 tamen
2992 395 3212 467 quidam
3235 395 3290 451 in
3311 396 3575 454 interiore
3599 396 3748 452 India

504 517 616 556 non
659 497 972 566 infrequens
1001 501 1087 548 est
1123 489 1264 561 apud
1313 489 1633 560 scriptores,
1672 501 1934 559 pavonem
1970 486 2078 540 sci-

505 595 653 658 licet,
691 587 1004 658 conspectis
1043 584 1273 657 pedibus
1297 623 1312 648 ,
1359 581 1504 653 quod
1551 588 1738 651 turpes
1777 580 1887 635 sint
1929 579 2078 634 voci-

505 683 691 749 ferari,
741 680 1082 736 anicularum
1137 677 1375 732 fabulam
1423 681 1600 730 vocat.
1648 673 1783 728 Vide
1817 672 2078 742 Pierium,

506 777 600 829 lib.
639 789 788 828 xxw.
921 771 923 774 ⁴

577 867 732 928 Ibid"
768 865 863 918 litt.
891 864 978 918 35.
1016 863 1070 914 '0
1102 860 1168 914 δὲ
1192 859 1391 931 φοῖνιξ
1411 857 1660 929 μέγεθος
1845 855 2075 924 Plinius,

504 960 600 1015 lib.
631 975 687 1025 ι,
716 975 838 1029 cap.
879 959 914 1011 2
944 975 955 1011 :
994 955 1199 1025 Aquila:
1230 961 1484 1008 narratur
1530 952 1910 1023 magnitudine,
1957 951 2078 1004 auri

504 1051 706 1125 fulgore
735 1053 876 1106 circa
912 1052 1072 1110 colla,
1111 1060 1303 1102 cwtera
1333 1063 1646 1116 purpureus.
1681 1049 1960 1101 cwruleam
1989 1061 2078 1098 re-

503 1145 605 1200 seis
649 1143 877 1199 caudam
906 1141 1086 1212 pennis
1123 1139 1587 1210 distinguentibus,
1638 1139 1816 1194 cristis
1860 1138 2073 1206 faciem,

502 1246 762 1306 caputque
781 1237 988 1306 plumeo
1018 1234 1163 1302 apice
1189 1233 1578 1285 cohonestante.
1601 1231 1841 1287 Achilles
1861 1228 2075 1296 Tatius,

501 1330 599 1384 lib.
637 1345 694 1382 Ill
716 1327 924 1391 εΦοῖνιξ
952 1326 1048 1397 μὲν
1080 1327 1107 1378 ὁ
1135 1325 1282 1395 ὅρνις
1304 1323 1493 1393 ὄνομα·
1523 1323 1582 1376 τὸ
1606 1321 1661 1375 δὲ
1684 1322 1840 1390 γένος
1861 1319 2074 1390 Αἰθίοψ,

507 1419 734 1490 μέγεθος
755 1421 896 1474 κατὰ
928 1416 1127 1472 ταῶνα·
1159 1416 1257 1487 τὴν
1282 1415 1468 1486 χροιὰν
1498 1413 1642 1477 ταὼς
1669 1415 1726 1466 ὲν
1749 1412 1935 1466 κάλλει
1959 1412 2079 1466 δεύ-

503 1528 680 1584 τερος.
716 1511 1059 1583 Κεκέρασται
1106 1507 1204 1579 μὲν
1249 1505 1423 1576 πτερὰ
1459 1505 1642 1576 χρυσῷ
1674 1506 1769 1560 καὶ
1800 1505 2077 1577 πορφύρᾳ,

505 1604 662 1674 αὐχεῖ
687 1604 743 1656 δὲ
763 1603 854 1656 τὸν
878 1602 1027 1673 ἣλιον
1050 1601 1338 1672 δεσπότην,
1367 1600 1462 1654 καὶ
1488 1603 1520 1671 ὴ
1550 1598 1760 1670 κεφαλὴ
1792 1601 2076 1670 μαρτυρεῖ·

504 1698 846 1767 ἐστεφάνωσε
871 1696 980 1766 γὰρ
1005 1695 1173 1767 αὐτὴν
1196 1695 1396 1758 κύκλος
1418 1694 1643 1766 εὐφυὴς,
1669 1694 1822 1765 ἡλίου
1851 1693 1907 1747 δέ
1934 1695 2080 1748 ἐστιν

2178 501 2328 540 avem
2349 501 2473 542 esse
2492 485 2710 542 nomine
2732 486 3065 551 semendam,
3085 503 3205 558 qua:
3219 496 3458 544 rostrum
3476 489 3640 544 habet
3661 491 3752 545 tri-

2177 577 2301 648 plici
2323 577 2537 643 ordine,
2563 587 2726 650 atque
2746 587 2804 633 ut
2838 580 2892 634 in
2914 580 3222 652 ellychiniis
3245 583 3607 653 undequaque
3632 599 3753 654 per-

2178 669 2435 736 foratum,
2453 685 2576 740 qua:
2596 671 2860 726 moritura
2881 671 3041 727 dulce
3063 683 3224 727 canat
3247 688 3547 745 cygnorum
3576 689 3747 728 more.

2177 760 2305 817 lnde
2345 765 2591 819 collectis
2617 764 2907 821 sarmentis
2938 776 3086 821 motu
3129 767 3336 819 alarum
3369 765 3636 820 accendat
3661 782 3748 830 ea,

2178 867 2499 927 uraturque,
2541 872 2606 912 ex
2647 859 2806 928 cujus
2847 859 3032 914 cinere
3057 859 3278 921 vermis,
3320 867 3432 912 tum
3462 874 3527 913 ex
3569 873 3754 914 verme

2178 953 2293 1006 avis
2332 950 2512 1004 denuo
2547 959 2886 1007 renascatur.
2919 952 3185 1022 Scaliger,
3209 952 3598 1006 exercitatione
3621 965 3756 1005 con-

2177 1050 2262 1096 tra
2289 1040 2600 1098 Cardanum
2637 1044 2744 1100 253
2772 1063 2785 1100 :
2818 1044 3135 1109 Phoenicem,
3167 1045 3363 1115 inquit,
3394 1061 3499 1098 non
3526 1060 3640 1098 esse
3665 1024 3766 1113 pe;

2178 1136 2318 1188 nitus
2359 1135 2658 1204 fabulosam
2688 1135 2905 1207 legimus
2938 1137 2990 1191 in
3021 1135 3424 1192 Commentariis
3459 1136 3758 1205 navigatio-

2180 1241 2304 1278 nunt
2342 1226 2396 1278 in
2443 1225 2837 1280 mediterraneis
2885 1226 3058 1282 India:
3099 1227 3333 1296 reperiri.
3367 1227 3631 1281 Semenda
3669 1243 3760 1280 vo-

2180 1328 2333 1373 catur
2360 1318 2425 1373 ab
2449 1319 2656 1375 incolis.
2699 1320 2960 1374 Craterum
2986 1321 3141 1390 hujus
3167 1320 3403 1374 historia:
3431 1320 3590 1390 ﬁdem
3621 1320 3759 1374 levat

2181 1410 2422 1465 additum
2451 1411 2802 1466 mendacium.
2830 1412 2994 1466 Aiunt
3017 1413 3152 1466 enim
3183 1412 3231 1465 ei
3274 1421 3504 1464 rostrum
3539 1410 3762 1480 triﬁstu—

2181 1505 2314 1574 lare,
2362 1514 2419 1559 ut
2455 1507 2713 1560 musicum
2762 1505 2882 1560 edat
2937 1521 3144 1559 sonum.
3191 1502 3356 1574 Cujus
3398 1503 3466 1556 ad
3496 1503 3760 1556 imitatio-

2183 1615 2297 1653 nem
2335 1606 2574 1668 pastores
2619 1599 3028 1653 instrumentum
3069 1597 3452 1669 composuerint
3489 1593 3635 1648 haud
3675 1596 3763 1648 in-

2183 1707 2364 1747 suave.

503 1795 531 1844 ὁ
550 1790 646 1844 τοῦ
670 1790 870 1844 κύκλου
895 1790 1155 1858 στέφανος
1181 1787 1362 1843 εἰκών.
1391 1787 1631 1852 κυάνεός
1659 1789 1797 1851 ἐστι,
1826 1788 1920 1841 καί
1940 1789 2078 1840 εἰσιν

2252 1782 2412 1847 lbid.,
2452 1783 2546 1838 lin.
2575 1784 2640 1838 4|
2673 1801 2687 1837 :
2729 1785 2822 1850 Ὠς
2847 1782 3167 1853 ἱστορῆσαι
3200 1782 3299 1836 καὶ
3331 1781 3581 1845 ἄλλους.
3623 1779 3764 1834 Car-

503 1876 662 1936 αὗται
714 1881 928 1953 πτερῶν
978 1880 1253 1934 ἀνατολαί.
1306 1878 1632 1951 Μερίζονται
1681 1879 1740 1933 δὲ
1783 1879 1948 1932 αὑτοῦ
1985 1879 2081 1932 Αε-

505 1975 690 2039 θίοπες
739 1976 836 2046 μὲν
882 1975 982 2046 τὴν
1031 1973 1196 2044 ζωὴν,
1240 1973 1526 2042 Αἰγύπτιοι
1573 1973 1629 2026 δὲ
1673 1973 1771 2045 τὴν
1801 1972 2077 2043 τελευτήν.

504 2067 817 2123 Phoenicem
841 2066 1092 2137 deposito
1123 2066 1279 2122 senio
1300 2065 1630 2136 repullulare
1663 2081 1726 2119 ac
1755 2064 2081 2119 reviviscere

505 2170 665 2216 vetus
706 2160 896 2216 eadem
943 2166 998 2214 et
1043 2175 1204 2223 nova,
1241 2157 1468 2212 tradunt
1520 2155 1790 2212 Aristides
1830 2157 2081 2213 oratione

503 2256 572 2309 de
603 2252 836 2324 Smyrna
868 2251 1229 2316 resedilieata;
1264 2249 1624 2312 Claudianus,
1655 2257 1847 2304 auctor
1874 2251 2080 2305 carmi-

503 2347 591 2401 nis
628 2345 696 2400 de
729 2343 983 2415 phmuice
1025 2342 1171 2413 apud
1199 2340 1546 2396 Lactantium
1571 2358 1587 2408 ;
1615 2339 1856 2396 Joannes
1886 2339 2081 2413 Xiphi--

503 2437 673 2502 linus,
702 2438 758 2491 in
787 2435 1036 2501 Tiberio;
1068 2433 1398 2499 Herodotus,
1431 2433 1526 2488 lib.
1561 2448 1598 2488 ιι
1625 2449 1640 2501 ;
1677 2431 1880 2502 Horus,
1909 2433 2004 2488 lib.
2037 2449 2076 2501 ι,

503 2543 626 2598 cap.
661 2528 769 2594 35;
804 2525 1046 2591 Solinus,
1085 2540 1206 2595 cap.
1240 2525 1343 2592 55;
1385 2523 1721 2595 Pomponius
1766 2523 1928 2590 Mela,
1979 2524 2075 2580 lib.

505 2637 591 2686 tu,
629 2635 749 2690 cap.
787 2620 854 2686 9;
888 2620 1138 2674 Clemens
1185 2616 1466 2674 Romanus
1518 2619 1612 2672 lib.
1648 2634 1681 2673 v
1724 2617 2078 2674 Constitutio-

503 2727 652 2777 num,
689 2725 812 2781 cap.
843 2709 898 2775 6,
932 2726 1091 2780 quem
1128 2710 1315 2764 laudat
1351 2707 1587 2781 Cyrillus
1625 2706 2078 2781 Hierosolymita-

505 2819 632 2866 nus,
675 2802 946 2857 Calecltes.
986 2800 1073 2867 l8,
1123 2800 1199 2856 De
1232 2801 1664 2870 resurrectione;
1705 2800 2077 2857 Tertullianus

502 2896 600 2950 lii.
627 2893 704 2948 De
731 2903 1036 2959 resurrect.,
1067 2909 1188 2965 cap.
1227 2895 1328 2961 13;
1388 2895 1729 2958 Ambrosius,
1775 2895 1868 2949 lib.
1904 2909 1982 2960 v1,
2021 2893 2077 2948 in

505 2987 764 3054 Hexaem,
793 3001 911 3058 cap.
943 2986 1033 3053 23,
1060 2993 1113 3041 et
1140 2986 1235 3041 lib.
1271 2984 1350 3040 De
1379 2984 1483 3056 ﬁde
1513 2987 1950 3053 resurrectionis;
1977 2985 2080 3040 Na-

507 3083 802 3136 zianzenus
825 3078 1038 3147 ,Carm.
1066 3078 1135 3132 ad
1167 3079 1431 3150 virgines;
1468 3079 1828 3175 Epiphanius,
1868 3079 1923 3134 in
1964 3081 2076 3135 An-
2103 3115 2150 3175 ϐ

505 3181 722 3234 cerato;
767 3169 1074 3242 Cyprianus
1127 3177 1183 3224 et
1239 3169 1493 3234 Ruﬁnus,
1528 3169 1582 3223 in
1625 3167 1905 3240 Symbolo.
1943 3170 2077 3241 Ejus

505 3262 754 3316 meminit
782 3259 1050 3314 Eusebius
1080 3257 1453 3319 Ciesariensis,
1478 3258 1571 3312 lib.
1608 3273 1660 3312 tv
1698 3259 1775 3313 De
1810 3261 1904 3330 vit,
1935 3259 2078 3314 Con-

506 3365 670 3412 stant.
702 3354 776 3410 De
820 3354 1048 3410 historia
1088 3353 1252 3423 hujus
1289 3353 1406 3407 avis
1443 3352 1656 3406 haesitat
1683 3349 2076 3416 Nazianzenus,

505 3457 560 3503 et
593 3451 646 3502 in
685 3447 912 3503 dubium
946 3455 1126 3511 vorat,
1156 3447 1303 3501 hom.
1339 3445 1407 3501 de
1439 3444 1646 3516 Spiritu
1672 3454 1860 3502 sancto
1888 3466 1900 3502 :
1930 3448 1991 3500 El
2021 3447 2078 3501 δέ

503 3559 583 3612 τῳ
626 3539 814 3604 πιστὸς
859 3541 888 3594 ὁ
925 3539 1101 3608 λόγος,
1141 3540 1236 3592 καὶ
1284 3537 1442 3602 ἄλλος
1491 3537 1608 3591 ἐστὶ
1651 3537 1851 3610 τρόπος
1890 3539 2079 3608 γεννή-

508 3648 664 3694 σεως,
697 3630 829 3684 αὐτό
858 3647 910 3682 τι
956 3630 1045 3699 ὑφ’
1092 3628 1285 3684 ἑαυτοῦ
1335 3627 1743 3699 δαπανώμενον,
1779 3629 1871 3682 καὶ
1899 3629 2078 3682 τικτό-

511 3737 689 3792 μενον.
738 3718 804 3772 Ει
836 3717 1068 3782 Plinius,
1097 3719 1186 3772 lib.
1222 3735 1280 3785 x,
1315 3734 1435 3788 cap.
1469 3719 1505 3771 ‘2
1547 3738 1561 3774 :
1600 3718 1897 3788 Afthiopes,
1926 3732 2078 3791 atque

509 3809 634 3864 Indi
669 3808 951 3864 discolores
971 3811 1200 3863 maxime
1237 3821 1282 3864 et
1319 3810 1697 3865 inenarrabiles
1729 3811 1901 3880 ferunt
1937 3830 2076 3879 aves,

505 3912 560 3959 et
612 3911 733 3956 ante
787 3918 960 3956 omnes
1020 3900 1248 3956 nobilem
1302 3903 1502 3956 Arabia
1555 3902 1892 3959 Phamicem:
1936 3906 2078 3959 haud

509 3996 617 4051 scio
673 4012 741 4048 an
782 3994 1041 4064 fabulose,
1091 4010 1254 4047 unum
1304 3995 1358 4047 in
1411 4003 1517 4047 toto
1571 3993 1714 4060 orbe,
1762 4013 1852 4049 nec
1909 3999 2078 4050 visum

509 4103 840 4159 magnopere.
880 4085 1246 4158 Hieronymus
1273 4087 1579 4151 Cardanus,
1617 4087 1709 4141 lib.
1747 4105 1800 4155 x,
1837 4087 1913 4142 De
1951 4089 2078 4142 sub-

511 4181 702 4235 tilitate
739 4198 758 4237 :
795 4180 1108 4234 Phcenicem
1141 4179 1506 4250 prmdicarunt
1551 4180 1726 4244 multi,
1763 4197 1936 4247 avem,
1995 4182 2078 4235 in-

511 4273 650 4343 quit,
684 4271 878 4326 fabulae
907 4287 1068 4342 quam
1099 4270 1310 4324 veritati
1345 4270 1651 4340 propiorem
1679 4287 1693 4336 ;
1729 4279 1783 4326 et
1812 4269 2077 4326 Maximus

512 4365 735 4436 Martyr,
770 4365 808 4419 I.
845 4363 910 4417 ad
953 4361 1174 4418 Petrum
1217 4363 1484 4418 illustrem
1522 4373 1716 4416 contra
1757 4361 1943 4418 Severi
1981 4363 2076 4418 do-

2181 1873 2330 1929 mina
2368 1881 2496 1930 sunt
2533 1873 2832 1930 Ezechielis
2872 1873 3260 1946 tragoediarum
3294 1871 3607 1942 scriptoris,
3639 1884 3763 1938 qua:

2179 1968 2308 2024 item
2341 1967 2610 2024 Eusebius
2667 1967 2760 2023 lib.
2819 1984 2875 2023 ix
2918 1969 2994 2022 De
3037 1965 3426 2038 prwparatione
3460 1961 3763 2032 evangelica

2180 2063 2386 2120 retulit.
2413 2061 2508 2119 Sic
2529 2062 3006 2135 debentdistingui
3031 2105 3043 2118 .

2253 2179 2496 2247 Ἕτερον
2525 2178 2594 2232 δὲ
2631 2177 2783 2247 πρὸς
2815 2177 3002 2247 τοῖσδ’
3031 2175 3270 2247 εἴδομεν
3295 2173 3442 2234 ζῶον
3468 2171 3672 2238 ξένον,

2251 2245 2629 2319 Θαυμαστὸν,
2658 2245 2786 2319 οἷον
2815 2246 3046 2319 οὐδέπω
3071 2245 3263 2315 ῶρακέ
3275 2262 3398 2319 τις.

2251 2312 2513 2375 Διπλοῦν
2539 2321 2649 2390 γὰρ
2680 2317 2757 2390 ἦν
2790 2318 2856 2371 τὸ
2883 2317 3078 2390 μῆκος
3105 2312 3302 2390 aleret”;
3335 2312 3581 2384 σχεδὸν,

2251 2343 2513 2375 Διπνιουν
2680 2343 2701 2376 7
2722 2343 2757 2371 Τ
2790 2343 2856 2371 τυ
2883 2343 3078 2388 μηκυς
3105 2343 3302 2370 αιετυυ
3335 2343 3443 2384 υχῦ

2249 2391 2521 2470 ἕτεροῖσι
2553 2343 2941 2470 ξτοικὶλοιρ-ιν,
2976 2387 3085 2455 ἠδὲ
3117 2386 3443 2470 χρώμασιν.

2253 2462 2480 2529 Στῆθος
2506 2462 2622 2530 μὲν
2657 2460 2842 2515 αὑτοῦ
2873 2459 3222 2528 πορφυροῦν
3247 2459 3548 2530 ἐφαίνετο·

2250 2527 2546 2600 Σκέληδὲ
2572 2535 2966 2602 μιλτόχρωίτα,
3003 2531 3099 2602 καὶ
3131 2527 3519 2602 κατ’-ἀὐχένα

2247 2597 2642 2672 Κροκωτίνὸις
2669 2597 2998 2672 μαλλοῖσιν
3028 2597 3415 2667 εὐτρεπίζετοο

2249 2670 2414 2742 Κᾶρα
2438 2670 2744 2742 δὲκκοίτὴς
2782 2670 3022 2742 ἡμέροις
3051 2671 3422 2742 παρεμφερὲς

2249 2740 2358 2798 Καὶ
2388 2740 2616 2812 μηλῖνῃ
2639 2743 2756 2813 μὲν
2782 2741 2856 2810 τῇ
2891 2743 3038 2809 κόρῃ
3070 2741 3445 2806 προσέϐλεπε

2249 2817 2484 2879 Κύκλῳ,
2518 2819 2664 2881 κόρῃ
2693 2813 2761 2866 δὲ
2792 2813 3010 2881 κόκκος
3039 2812 3118 2878 ὡς
3142 2813 3436 2881 ἐφαίνετο.

2251 2885 2464 2952 Φωνὴν
2493 2883 2561 2936 δὲ
2586 2879 2831 2937 πάντων
2857 2879 3021 2951 εἶχεν
3046 2879 3558 2951 ἐκπρεπεστάτην.

2250 2953 2550 3022 Βασιλεὺς
2579 2953 2648 3006 δὲ
2682 2952 2924 3006 πάντων
2947 2952 3168 3022 ὅρνέων
3189 2953 3485 3022 ἐφαίνετο,

2262 3025 2356 3092 Ὡς
2389 3021 2467 3096 ἦν
2493 3021 3102 3096 νοῆσαιιηάντα-γὰρ
3123 3021 3407 3096 ιιι-πτήν’
3433 3021 3582 3091 ὁμοῦ

2254 3093 2537 3151 Ὀπισθεν
2574 3095 2760 3148 αὐτοῦ
2791 3093 3075 3147 δειλῶν-τ’
3108 3093 3437 3154 ἐπέσσυτο,

2248 3167 2442 3249 δρίος
2477 3164 2547 3218 δὲ
2581 3165 2824 3249 πρόσρε,
2850 3164 3076 3249 ξειῦρος
3105 3164 3184 3229 ὡς
3210 3164 3637 3249 γειυρούμιεγος,

2253 3232 2486 3291 Ἕϐιιινε
2511 3234 2804 3304 κραιπνὸν
2829 3233 3000 3304 ,ϐῆμα
3025 3232 3344 3298 βαστάζων
3372 3233 3580 3300 ποδός.

2248 3346 2408 3414 lbid.,
2439 3347 2538 3400 lin.
2581 3345 2670 3402 58.
2716 3346 2895 3402 Τοῦτό
2932 3363 3081 3416 φασι
3126 3347 3472 3418 μονογενὲς.
3523 3348 3760 3405 Michael

2178 3438 2396 3511 Glycas,
2431 3438 2528 3493 lib.
2556 3454 2572 3493 ι
2611 3438 2808 3493 Annal.
2832 3438 2924 3492 :‘0
2954 3439 3128 3508 φοῖνιξ
3165 3442 3193 3494 ὀ
3237 3439 3526 3510 Ἀραδικὸς
3553 3441 3764 3512 ὀρνέων

2177 3532 2393 3602 λέγεται
2429 3526 2571 3586 εἶναι
2618 3532 2901 3602 μονογενὲς
2946 3531 3146 3600 ἄζυγον
3187 3535 3245 3586 ὲν
3293 3535 3357 3603 τῇ
3397 3533 3756 3606 δημιουργίαι

2177 3625 2320 3679 κατὰ
2360 3624 2454 3697 ἔτη
2512 3630 2564 3694 φ’
2615 3623 2774 3678 τοῦτο
2799 3625 3015 3695 πάσχειν
3057 3626 3085 3678 ὃ
3120 3627 3214 3680 καὶ
3261 3626 3491 3698 φαιδρὰν
3517 3630 3764 3700 παριστᾷ

2177 3719 2274 3790 τὴν
2299 3718 2612 3772 ἀνάστασιν.
2649 3717 2715 3772 Ει
2740 3718 2843 3772 hoc
2868 3716 2968 3772 fuit
3005 3719 3335 3788 praecipuum
3375 3729 3763 3789 argumentum

2179 3811 2397 3866 Maximi
2442 3813 2716 3883 martyris.
2745 3811 2960 3864 Animal
2991 3826 3120 3880 ergo
3148 3826 3257 3865 non
3285 3812 3597 3883 singulare;
3639 3814 3760 3867 a‘ni-

2179 3913 2384 3958 matum
2407 3905 2557 3974 quid,
2575 3913 2630 3960 et
2650 3919 2812 3959 sensu
2835 3902 3142 3974 praeditum,
3163 3918 3293 3974 ergo
3313 3919 3424 3958 non
3451 3905 3758 3977 singulare,

2177 4011 2302 4050 eum
2337 3997 2546 4051 nullum
2592 3996 2796 4052 animal
2837 3996 3034 4059 solum,
3081 3996 3287 4050 nullum
3321 3997 3647 4066 animatum,
3691 4014 3765 4056 ac

2178 4103 2341 4143 sensu
2371 4087 2692 4158 praeditum,
2743 4086 2872 4142 dum
2911 4086 3272 4158 generat—iuni,
3323 4095 3378 4142 et
3411 4091 3760 4160 corruptioni

2177 4182 2472 4238 obnoxium
2501 4190 2607 4246 est,
2641 4182 2819 4236 solum
2862 4197 2984 4238 esse
3027 4183 3218 4252 possit.

2246 4274 2366 4328 Col.
2398 4273 2519 4338 739.,
2549 4274 2648 4331 lin.
2678 4276 2700 4328 1
2746 4294 2760 4329 :
2794 4274 2904 4328 Kal
2939 4275 3044 4343 ἐτη
3078 4275 3185 4344 ζῇν
3227 4279 3616 4332 πεντακόσια.
3645 4276 3762 4334 Nec

2179 4366 2233 4421 in
2258 4367 2580 4437 explicando
2621 4368 2890 4439 phmuicis
2921 4369 3046 4425 vitae
3076 4369 3300 4440 periodo
3329 4378 3586 4426 auctores
3624 4387 3764 4426 con-

513 4468 692 4528 gmata
717 4475 729 4510 :
755 4457 816 4508 Ei
848 4454 954 4526 γάρ
996 4457 1143 4507 ἐστιν
1182 4454 1330 4526 ὅρνις
1361 4457 1388 4508 ὁ
1417 4456 1610 4525 φοῖνιξ,
1648 4456 1741 4510 καὶ
1775 4455 1912 4519 ζῶον
1943 4457 2076 4510 πάν-

2181 4461 2427 4516 veniunt.
2458 4459 2669 4516 Plinius
2698 4470 2987 4517 sexcentos
3035 4463 3318 4532 sexaginta
3367 4477 3544 4517 annos
3577 4465 3768 4520 vivere

510 4566 618 4609 τως
652 4547 816 4601 ἐστίν.
853 4548 916 4600 Ei
953 4547 1010 4600 δὲ
1040 4546 1198 4612 ζῶον,
1229 4547 1443 4617 πρῶτον
1475 4548 1570 4619 μὲν
1601 4548 1660 4602 οὐ
1696 4549 1870 4620 πάντη
1911 4565 2074 4619 μονα-

511 4643 678 4704 δικδν,
703 4640 836 4694 καθὸ
862 4639 1018 4706 ζῶον,
1043 4640 1102 4692 οὐ
1128 4640 1236 4711 γὰρ
1263 4640 1419 4710 μόνον
1448 4638 1602 4704 ζῶον·
1625 4639 1814 4693 ἔπειτα
1841 4640 1896 4693 δὲ
1921 4641 2078 4712 εἴπερ

513 4732 671 4798 ζῶον,
717 4733 813 4785 καὶ
857 4732 1015 4803 σῶμα
1057 4729 1296 4801 ἔμψυχον
1339 4731 1672 4801 αἰσθητικόν.
1719 4732 1783 4785 Ei
1829 4731 1886 4784 δὲ
1920 4731 2080 4803 σῶμα

512 4827 755 4898 ἔμψυχον
792 4826 1106 4898 αἰσθητικόν
1141 4828 1285 4878 ἐστιν
1313 4827 1341 4878 ὁ
1373 4825 1565 4896 φοῖνιξ,
1603 4827 1695 4880 καὶ
1733 4827 1838 4881 ὑπὸ
1866 4828 2080 4896 γένεσίν

513 4923 629 4974 ἐστι
665 4920 903 4992 δηλονότι
931 4919 1024 4973 καὶ
1061 4919 1285 4992 φθοράψ
1319 4920 1515 4983 αὐτοὺς
1555 4922 1916 4993 ἐρωτήσωμεν
1953 4923 2080 4986 τοὺς

515 5013 711 5080 σοφοὺς
749 5011 856 5064 τῶν
892 5011 1060 5064 ὄντων
1097 5011 1386 5082 Θεὰμονας,
1421 5011 1468 5063 εἰ
1497 5011 1717 5065 δυνατόν
1753 5012 1869 5065 ἐστί
1906 5013 2078 5066 τιτῶν

515 5103 618 5155 ὑπὸ
641 5103 848 5170 γένεσιν
869 5103 962 5156 καὶ
987 5101 1191 5172 φθορὰν
1219 5102 1477 5173 ἐμψύχων
1502 5105 1594 5156 καὶ
1619 5103 1947 5175 αἰσθητικῶν
1972 5123 2077 5158 σω-

518 5195 722 5266 μάτων,
755 5196 1045 5267 μοναδικῆς
1077 5196 1341 5267 ὑπάρχειν
1373 5197 1491 5249 καθ’
1517 5196 1811 5250 ὑπόστασιν
1842 5197 2074 5267 φύσεως,

514 5282 589 5342 ὧν
621 5289 653 5357 ή
685 5287 742 5354 ἐξ
774 5286 1017 5359 ἀλλήλων
1059 5288 1178 5343 κατ’
1212 5284 1351 5353 εἶδος
1391 5288 1605 5360 διαδοχὴ
1637 5289 1884 5361 ἀρίδηλος
1917 5307 2078 5362 χαρα-

516 5380 651 5451 κτὴρ
681 5379 780 5432 τοῦ
798 5375 936 5432 εἶναι
959 5379 1050 5432 καὶ
1076 5380 1198 5451 ὄρος
1213 5379 1348 5443 ἐστὶ,
1368 5379 1614 5451 καθάπερ
1640 5379 1779 5450 καὶὴ
1798 5379 1914 5433 θεία
1937 5397 2077 5452 μαρ-

516 5473 668 5540 τυρεῖ
695 5472 884 5543 Γραφὴ
901 5471 961 5524 τὸ
979 5470 1194 5541 βέϐαιον
1209 5470 1274 5524 δι’
1306 5471 1501 5541 ἑαυτῆς
1529 5469 1620 5524 τοῦ
1651 5470 1809 5539 λόγου
1842 5489 2074 5544 παρεχο-

521 5558 654 5628 μένη
679 5559 757 5630 τῷ
784 5559 972 5628 δικαίῳ
995 5557 1137 5622 Νῶε,
1161 5559 1412 5613 Εῑσενιθε
1443 5559 1522 5613 σὺ
1550 5559 1648 5613 καὶ
1677 5558 1815 5627 πᾶς,
1843 5567 1974 5625 etc.,
1996 5557 2077 5626 οἷς

519 5649 675 5719 εἴπερ
692 5648 767 5712 ὡς
785 5650 984 5720 πτηνὸν
1002 5649 1135 5714 ζῶον
1161 5653 1190 5703 ό
1214 5650 1388 5720 spoile
1404 5652 1550 5703 ἐστιν
1566 5650 1899 5722 ἐναρίθμιος,
1921 5665 2077 5725 μοναο

517 5741 671 5817 tusi};
701 5739 820 5796 καθ’
856 5740 1144 5798 ὑπόστασιν
1172 5741 1382 5812 φύσεως
1413 5742 1511 5796 οὐκ
1527 5741 1638 5798 ἐστι
1656 5743 1796 5800 κατά
1813 5743 1908 5815 τὴν
1927 5744 2075 5801 θείαν

2181 4553 2276 4619 ait,
2341 4551 2562 4609 Solinus
2610 4554 2936 4624 quingentos
3003 4554 3397 4624 quadraginta,
3447 4553 3761 4610 Philostra-

2181 4658 2270 4702 tus
2309 4652 2618 4709 sexcentos,
2662 4645 2913 4707 Nonnus,
2958 4644 3266 4717 Dionysiac.
3308 4645 3401 4700 lib.
3453 4662 3542 4710 XL,
3584 4647 3759 4714 mille,

2181 4739 2426 4808 quidam,
2489 4736 2763 4793 referente
2835 4736 3048 4799 Tacito,
3117 4737 3266 4794 mille
3321 4739 3764 4810 quadringentos

2179 4831 2467 4902 sexaginta
2501 4847 2696 4895 unum,
2733 4829 2971 4886 Joannes
3001 4829 3230 4887 Tzetzes
3278 4846 3341 4884 ex
3391 4831 3758 4889 Chmrcmone

2178 4923 2435 4996 Egyptio
2460 4938 2741 4978 sacrarum
2781 4923 3081 4978 litterarum
3113 4923 3316 4988 scriba,
3345 4938 3440 4978 sex
3463 4934 3516 4978 et
3546 4931 3762 4994 septem

2179 5017 2418 5072 millibus
2470 5016 2630 5072 annis
2681 5015 2864 5070 vivere
2897 5015 3048 5070 illum
3109 5023 3425 5071 constanter
3476 5015 3707 5070 aﬂirmat
3737 5033 3761 5080 ς

2177 5105 2373 5163 Noster
2432 5106 2789 5169 Eustathius,
2846 5105 3172 5170 Herodotus,
3237 5107 3484 5168 Tacitus,
3550 5106 3754 5174 llorus,

2176 5195 2431 5251 Aurelius
2490 5194 2696 5261 Victor,
2756 5194 2950 5268 Glycas
3003 5203 3057 5250 et
3119 5195 3210 5250 alii
3267 5197 3602 5266 quingentis.
3664 5196 3758 5252 Sic

2177 5289 2338 5343 etiam
2374 5287 2707 5358 Epiphanius
2737 5289 2790 5344 in
2823 5289 3160 5359 Physiologo,
3192 5304 3310 5359 cap.
3342 5289 3428 5344 Η.

2247 5378 2403 5446 lbid.,
2433 5381 2530 5436 lin.
2565 5381 2620 5435 2.
2656 5383 2763 5436 Καὶ
2797 5383 2867 5436 ἐν
2891 5381 3073 5449 καιρῷ
3098 5382 3203 5435 τοῦ
3220 5382 3493 5451 μέλλειν.
3526 5381 3754 5436 Michael

2177 5471 2392 5544 Glycas,
2428 5473 2624 5529 Annal.
2656 5481 2789 5529 tom.
2832 5473 2852 5527 Ι
2884 5475 3082 5529 εΑὑτοὶ
3127 5474 3236 5545 γὰρ
3275 5475 3368 5528 καὶ
3407 5476 3459 5527 οἱ
3495 5475 3756 5545 Ἓλληνες

2177 5563 2307 5637 περὶ
2332 5564 2495 5617 αὐτοῦ
2525 5563 2858 5636 διηγοῦνται,
2899 5567 2980 5618 ὅτι
3015 5568 3280 5637 προγνοὺς
3307 5565 3369 5618 τὸ
3403 5564 3558 5628 τέλος
3589 5564 3752 5618 αὐτοῦ

2177 5655 2393 5728 ἔρχεται
2427 5656 2552 5728 περὶ
2593 5657 2692 5727 τὴν
2737 5657 3028 5725 Αἴγυπτον,
3073 5659 3166 5711 καὶ
3204 5658 3434 5728 ἀντικρὺ
3465 5656 3562 5709 τοῦ
3602 5655 3776 5728 ἡλίου,

2179 5750 2408 5815 ἵσταται,
2430 5744 2548 5804 εἶτα
2572 5748 2880 5820 τεφροῠται,
2913 5750 3005 5808 καὶ
3031 5749 3138 5804 ἀπὸ
3160 5749 3253 5804 τοῦ
3270 5748 3392 5822 χοὸς
3417 5750 3584 5804 αὐτοῦ
3614 5748 3751 5804 σκὼ-
