4072 6342
319 336 426 391 89⁸1

1314 343 1379 398 ΙΝ
1407 344 1787 400 EUSTATHII‘
1813 345 2284 406 HEXAEMERON
2331 353 2564 409 NOTIE.

3440 361 3547 417 898

310 450 411 522 ληξ
440 453 714 519 γεννᾶται,
756 453 847 505 καὶ
876 453 1035 519 αὐτὸς
1066 451 1219 518 αὖθις
1250 460 1327 521 εἰς
1370 459 1567 530 πτηνὸν
1609 461 1850 531 μεταϐάλ

1979 462 2181 521 Versus
2223 465 2407 522 Musaei
2440 469 2509 524 de
2542 485 2772 524 numero
2794 485 3021 525 ovorum
3053 472 3358 542 aquilarum
3380 477 3427 531 is
3461 488 3546 534 est

308 541 455 595 λεται
486 541 578 595 τὸν
612 542 845 611 φοίνικα.
884 544 1136 611 Nonnus,
1167 547 1221 601 d.
1257 548 1374 603 loco
1402 567 1417 605 :

306 658 416 735 Kal
449 658 605 735 Edla
632 656 897 735 κηῴενζα
922 661 1117 735 φέρων
1147 663 1494 735 rapid-0')th
1525 666 1724 735 ταρσῷ

303 726 581 805 ζιέιεζὴς
593 730 817 805 ,σοφός’
831 726 1005 805 ὅργίιςξ
1018 732 1109 784 ἐπ’
1142 726 1369 801 ἐῠῦῧμῳ
1392 726 1499 787 σέο
1524 726 1707 805 ,ϐὡμῷ

304 798 509 875 φοῖνιξ
542 798 724 875 τέρμα
746 801 906 875 βίοιο
933 801 1125 875 φέρῳν
1154 798 1540 872 αὐτὸοέποροιὲ
1558 798 1755 875 άρχῆν

309 870 576 944 Itinera!
604 872 925 944 iactunam
949 872 1169 944 χρόνου
1208 870 1870 944 παλινάγρετός”ε’ὶκὼν,

302 939 511 1006 Λύσας
528 939 579 992 δ’
599 940 668 992 ἐν
686 941 826 1008 πυρὶ
849 940 1054 1011 γῆρας,
1076 943 1371 1011 ἀμείϐεται
1394 939 1474 998 ei
1491 939 1679 1015 πυρῦς
1696 939 1871 1017 ἥϐηνξ

303 1048 551 1103 Alcimus
574 1051 765 1105 Avitus
795 1069 808 1104 :

309 1163 412 1236 {lic
438 1181 553 1233 qua:
577 1164 766 1217 donari
789 1166 1035 1219 mentitur
1064 1167 1213 1236 fama
1248 1166 1450 1223 Sabwis

300 1233 578 1311 Qynnama
615 1246 924 1311 nascuntur,
958 1233 1107 1311 vivam
1136 1255 1251 1308 quw
1282 1240 1483 1309 colligit
1528 1241 1657 1311 ales,

298 1304 500 1378 ΙΪαιαιὶΔ
525 1322 638 1357 cum
670 1308 772 1378 [ine
808 1309 959 1375 perit,
997 1304 1217 1378 nidoq'ue
1243 1304 1456 1376 perusio

296 1374 592 1450 §uccedens
632 1376 836 1431 sibimet
861 1379 1081 1447 quwsita
1133 1374 1296 1433 inor—te
1330 1382 1593 1450 resurgit;

296 1444 413 1517 {Vec
444 1455 686 1499 contenta
709 1463 803 1500 suo
840 1444 1042 1500 tantum
1075 1450 1231 1503 semel
1254 1451 1436 1505 ordine
1466 1444 1634 1517 nasci,

292 1514 478 1588 Longa
509 1517 763 1571 veternosi
797 1527 1073 1571 renovatur
1100 1522 1331 1588 corporis
1362 1530 1523 1587 mtas,

293 1585 677 1657 Insensamque
716 1587 885 1642 levant
920 1589 1165 1643 incendia
1190 1585 1381 1644 crebra
1408 1585 1687 1648 senectam.

292 1697 470 1753 Aliter
500 1705 677 1753 tamen
726 1708 953 1754 narrant
996 1701 1115 1771 ejus
1153 1712 1380 1759 mortem
1431 1705 1629 1773 Horus,
1674 1708 1767 1763 lib.
1801 1723 1861 1774 ιι,

290 1803 418 1860 cap.
455 1790 549 1856 57;
585 1789 868 1861 Origenes,
906 1794 999 1849 lib.
1038 1809 1091 1848 tv
1134 1804 1317 1849 contra
1347 1795 1590 1862 Celsum;
1628 1800 1865 1856 Achilles
1900 1806 1940 1864 Β

292 1880 509 1946 Tatius,
545 1882 638 1937 lib.
682 1899 765 1947 ιιι,
822 1884 878 1938 in
919 1884 1044 1940 line.
1087 1885 1423 1957 Epiphanius
1454 1889 1509 1943 in
1552 1888 1866 1962 Physiologo

290 1973 371 2027 ait
407 1993 420 2029 :
456 1974 749 2045 Postquam
788 1976 839 2030 in
874 1977 1112 2032 cinerem
1140 1986 1253 2033 tota
1285 1985 1607 2051 consumpta
1638 1991 1742 2049 est,
1779 1999 1866 2039 se-

285 2068 481 2138 quenti
510 2069 597 2124 die
628 2062 729 2125 alis
758 2071 963 2125 renatis
992 2072 1244 2140 inveniri,
1278 2075 1438 2128 tertio
1479 2075 1744 2147 integram
1778 2094 1868 2133 sa-

285 2159 569 2215 cerdotem
600 2162 855 2226 salutare,
880 2171 1353 2237 restauratamque
1375 2166 1543 2222 abire.
1588 2168 1862 2234 Albertus,

285 2251 436 2322 ignis
470 2254 522 2307 vi
553 2254 606 2307 in
635 2255 872 2309 cinerem
903 2257 1061 2323 verti,
1094 2257 1181 2312 die
1210 2259 1383 2313 altero
1414 2275 1645 2315 vermem
1696 2263 1751 2317 in
1781 2263 1863 2317 ci-

282 2360 421 2401 nere
450 2347 622 2411 nasci,
654 2348 744 2417 qui
773 2348 874 2403 alis
909 2349 995 2403 die
1019 2350 1173 2404 tertia
1223 2353 1518 2420 assumptis
1561 2353 1701 2409 intra
1733 2370 1863 2424 pau-

282 2452 388 2492 cos
418 2438 534 2493 dies
568 2439 621 2492 in
668 2454 818 2493 avem
873 2442 1119 2512 pristinae
1166 2442 1351 2511 ﬁgura:
1388 2455 1779 2509 commutatur,
1810 2458 1864 2503 et

285 2528 494 2581 avolat.
552 2528 950 2597 Artemidorus,
998 2531 1294 2589 Onerocrit.
1341 2536 1459 2599 lib.,
1499 2551 1618 2605 cap.
1642 2535 1734 2597 49,
1779 2538 1862 2590 lo-

283 2635 416 2673 cum
448 2636 514 2673 ex
537 2636 643 2689 quo
664 2621 881 2691 phoenix
909 2623 1082 2677 evolet
1117 2624 1170 2678 in
1194 2624 1509 2696 Egyptum,
1532 2636 1585 2680 et
1608 2627 1673 2681 ad
1699 2642 1858 2697 quem

281 2726 418 2764 mox
460 2719 794 2776 revertatur,
828 2714 902 2769 ait
946 2714 1203 2785 ignorari.
1242 2708 1643 2773 Artemidorum
1680 2726 1860 2775 trans-

280 2802 482 2874 cripsit
508 2801 706 2861 Suidas
726 2806 894 2861 verbo
920 2805 1117 2872 Φοῖνιξ.
1137 2807 1214 2863 De
1232 2810 1484 2879 phmnice
1503 2817 1557 2865 et
1582 2811 1699 2881 ejus
1727 2826 1857 2883 rogo

275 2894 410 2949 vide
434 2893 655 2950 Petrum
685 2895 1024 2963 Damianum,
1057 2898 1152 2953 lib.
1184 2915 1242 2965 ιι,
1274 2900 1433 2969 epist.
1464 2901 1553 2955 18.
1799 2928 1808 2937 ·

354 2982 517 3050 lbid.,
548 2985 644 3038 lin.
674 2985 763 3039 10.
794 2985 847 3038 Ὁ
881 2986 949 3039 δὲ
979 2987 1150 3053 ἀετὸς
1178 2990 1309 3056 περὶ
1341 2989 1457 3059 τὴν
1483 2989 1852 3061 ἀνατροφήν.

278 3076 546 3141 Basilius,
580 3079 730 3134 hom.
769 3079 802 3134 8
828 3097 840 3133 :
886 3079 1242 3145 Ἀδικώτατος
1274 3084 1400 3154 περὶ
1430 3083 1528 3154 τὴν
1556 3083 1664 3136 τῶν
1693 3084 1851 3153 ἐκγό-

277 3187 395 3223 νων
429 3171 698 3241 ἐκτροφὴν
730 3172 758 3223 ὁ
788 3172 964 3236 ἀετός.
1000 3172 1103 3225 Δύο
1132 3174 1239 3244 γὰρ
1264 3174 1547 3243 ἐξαγαγὼν
1578 3177 1848 3241 νεοσσοὺς,

273 3266 375 3315 τὸν
400 3262 583 3332 ἕτερον
597 3261 772 3316 αὐτῶν
793 3265 869 3326 είς
886 3263 989 3334 γῆν
1012 3266 1439 3336 καταρῤἡγνυσι,
1469 3269 1587 3329 ταῖς
1614 3266 1850 3337 πληγαῖς

273 3356 391 3408 τῶν
425 3355 639 3426 πτερῶν
670 3355 1073 3421 ὑπωθούμενος.
1115 3359 1217 3411 Τὸν
1249 3358 1292 3410 δ’
1321 3359 1506 3427 ἓτερον
1536 3359 1693 3429 μόνον
1721 3360 1850 3411 ἀνα-

274 3432 463 3487 λαϐὼν
518 3435 826 3500 οἰκειοῦται,
889 3436 976 3489 διὰ
1042 3436 1105 3489 τὸ
1180 3438 1277 3508 τῆς
1330 3439 1534 3508 τροφῆς
1596 3439 1849 3491 ἐπίπονον

274 3523 713 3596 ἀποποιούμενος
752 3525 809 3577 ὃν
858 3526 1166 3597 ἐγέννησεν.
1223 3527 1360 3579 Ἀλλ’
1409 3530 1507 3582 οὑκ
1537 3531 1602 3600 ἐᾷ
1639 3528 1845 3592 τοῦτον,

273 3615 357 3679 ὥς
406 3633 559 3685 φασι,
612 3617 975 3691 διαφθαρῆναι
1025 3621 1057 3689 ἠ
1110 3620 1279 3690 φήνη,
1336 3619 1449 3673 ἀλλ’
1508 3619 1848 3674 ὑπολαϐοῦσα

275 3709 445 3761 αὐτὸν
489 3712 600 3772 τοῖς
643 3710 860 3772 οἰκείοις
918 3710 1115 3781 ἑαυτῆς
1180 3714 1419 3775 νεοσσοῖς
1473 3712 1846 3783 συνεκτρέφει.

273 3802 465 3868 Quare
494 3803 674 3872 aquila
711 3818 841 3857 suos
882 3803 1062 3873 pullos
1094 3802 1277 3871 ejiciat
1319 3803 1479 3856 aliam
1526 3801 1681 3857 all‘ert
1724 3818 1849 3857 cau-

274 3908 399 3949 sam
437 3892 777 3956 Aristoteles,
802 3894 895 3948 lib.
933 3909 987 3947 Ix
1021 3894 1098 3948 De
1124 3895 1249 3949 hist.
1284 3912 1397 3957 an.,
1435 3910 1554 3964 cap.
1576 3894 1643 3948 54
1669 3915 1682 3948 ;
1713 3892 1845 3947 Mit-

275 3988 343 4040 tit
362 4004 585 4057 namque
622 4004 743 4041 suos
770 3987 947 4058 aquila
989 3997 1268 4057 antequam
1328 3996 1528 4055 tempus
1557 3990 1646 4051 sit,
1677 3987 1846 4041 adhuc

272 4084 512 4149 parentis
547 4094 758 4148 cperant
796 4078 1174 4143 desiderantes,
1220 4095 1310 4132 nec
1359 4078 1572 4132 volandi
1631 4077 1845 4147 adeptos

273 4172 588 4243 facultatem
631 4187 647 4224 :
676 4170 812 4240 quod
846 4187 935 4240 per
964 4170 1216 4224 invidiam
1263 4172 1316 4224 id
1356 4170 1529 4239 facere
1561 4169 1797 4224 creditur
1826 4184 1845 4222 :

275 4276 476 4319 natura
503 4264 640 4317 enim
666 4262 846 4316 invida
866 4272 914 4316 et
935 4261 1179 4332 famelica
1202 4272 1299 4328 est,
1318 4279 1410 4316 nec
1444 4265 1654 4330 copiosa
1688 4278 1843 4316 vena-

277 4358 417 4408 tione
442 4371 459 4407 :
490 4371 735 4424 magnum
756 4363 930 4407 tamen
959 4351 1081 4424 quid
1103 4354 1426 4407 nanciscitur
1456 4370 1575 4406 cum
1606 4364 1841 4407 venatur.

277 4447 485 4501 Invidet
506 4464 628 4517 ergo
660 4447 769 4500 suis
787 4445 913 4515 ﬁliis
920 4445 1038 4515 jam
1064 4445 1334 4507 masculis,
1358 4459 1511 4514 atque
1535 4443 1843 4498 edaciuscu-

1977 567 2137 621 quem
2166 553 2331 611 refert
2354 557 2677 614 Aristoteles
2709 560 2856 615 dicto
2886 562 3025 627 loco,
3060 570 3113 619 et
3139 562 3467 624 Plutarchus
3486 570 3541 625 in

1975 639 2153 697 Hario
2188 660 2208 699 :

2053 737 2147 799 Ὃς
2176 737 2299 807 τρία
2332 740 2430 810 μὲν
2454 740 2651 805 τίκτει,
2674 741 2766 795 δύο
2794 742 3083 811 δ’ὲκλέπει,
3121 744 3177 799 ἓν
3196 745 3241 799 δ’
3272 747 3536 817 ἀλεγίζει·

1976 824 2088 881 Hoc
2126 829 2319 885 ultimo
2347 831 2723 903 Dalccampius
2782 837 2930 907 legit,
2986 837 3043 892 ἓν
3084 838 3128 890 δ’
3163 838 3429 906 ἁλιϐἀζει,
3486 854 3540 898 et

1974 922 2296 976 sententiam
2325 939 2441 978 eam
2465 941 2588 982 esse
2608 928 2737 993 vult,
2763 930 2996 999 aquilam
3030 948 3195 985 unum
3223 950 3383 987 ovum
3415 950 3541 990 cor-

1973 1026 2248 1081 rumpere,
2320 1015 2565 1083 perdere,
2629 1017 2738 1072 duo
2792 1020 3103 1087 excludere,
3160 1022 3266 1076 triva
3324 1040 3536 1093 parere,

1972 1101 2461 1175 animadvertitque
2495 1107 2550 1159 in
2583 1107 2928 1179 interpretem
2957 1113 3047 1181 qui
3085 1113 3217 1166 illud
3240 1114 3298 1168 ἓν
3322 1114 3389 1168 ad
3421 1117 3539 1185 pul-

1972 1192 2105 1258 lum,
2136 1209 2243 1247 nou
2279 1196 2346 1250 ad
2375 1212 2534 1250 ovum
2567 1200 2843 1266 retulerit;
2865 1217 2964 1255 nec
2996 1202 3111 1271 ipse
3140 1211 3321 1259 tamen
3348 1205 3535 1261 Musaei

1972 1288 2296 1343 sententiam
2319 1301 2600 1346 asseCutus
2623 1302 2725 1357 est,
2760 1310 2921 1363 quam
2953 1312 3019 1350 ex
3050 1297 3353 1367 aquilarum
3375 1300 3539 1355 histo-

1969 1384 2050 1437 ria
2080 1383 2306 1451 claram,
2339 1385 2526 1439 nescio
2552 1388 2822 1456 quomodo
2852 1392 3128 1459 pervertit,
3162 1408 3225 1447 ea
3248 1396 3392 1450 enim
3415 1404 3531 1451 est:

1968 1473 2218 1543 Aquilam
2251 1474 2353 1528 tria
2384 1490 2486 1530 ova
2516 1492 2797 1546 generare,
2855 1479 2964 1534 duo
3018 1482 3327 1548 excludere,
3362 1501 3533 1540 unum

1969 1566 2177 1621 scilicet
2224 1568 2455 1635 pullum,
2488 1584 2610 1623 cum
2645 1570 2756 1639 jam
2815 1586 2914 1626 ova
2952 1589 3059 1628 non
3094 1585 3240 1642 sunt,
3272 1577 3531 1642 educare,

1968 1659 2219 1729 alereque
2248 1660 2368 1729 ejus
2392 1676 2577 1715 curam
2608 1664 2866 1734 gerendo.
2899 1664 3078 1733 Quare
3107 1676 3295 1738 postea
3317 1670 3532 1727 Aristo-

1967 1752 2102 1806 teles
2134 1752 2349 1809 subdit:
2377 1752 2636 1819 Quamvis
2663 1773 2859 1829 magna
2884 1775 2951 1814 ex
2982 1770 3135 1830 parte
3156 1763 3208 1817 id
3238 1762 3347 1827 ﬁat,
3382 1763 3531 1819 vide-

1968 1843 2114 1907 licet,
2148 1861 2315 1899 unum
2346 1847 2599 1913 educere,
2649 1856 2831 1905 tamen
2873 1852 3164 1922 aliquando
3197 1862 3251 1909 et
3284 1864 3394 1911 tres
3426 1856 3533 1911 visi

1968 1944 2096 1989 sunt
2120 1937 2270 2006 pulli.
2303 1935 2413 1991 Nec
2451 1938 2760 1996 Aristotelis
2793 1946 3113 1998 sententiam
3141 1946 3405 2017 integram
3435 1964 3532 2002 ex-

1965 2030 2165 2097 pressit
2189 2028 2431 2084 Plinius:
2454 2030 2679 2084 Pariunt
2708 2050 2802 2087 ova
2833 2037 2974 2089 trina
3001 2052 3014 2089 :
3062 2038 3529 2109 excluduntpullos

1966 2119 2112 2175 binos
2143 2136 2161 2174 :
2189 2121 2283 2175 visi
2310 2134 2499 2177 suntet
2531 2134 2633 2179 tres
2670 2127 2984 2195 aliquando;
3005 2129 3188 2183 omisit
3221 2130 3369 2203 enim“
3395 2131 3529 2186 illud

1963 2210 2107 2280 quod
2141 2220 2258 2267 erat
2279 2227 2489 2268 summe
2521 2218 2909 2281 necessarium,
2930 2234 3091 2271 unum
3126 2219 3241 2272 alit.
3275 2218 3362 2273 Sic
3381 2221 3528 2275 enim

1963 2304 2244 2359 sententiae
2298 2305 2558 2360 absolutae
2613 2309 2860 2378 exceptio
2915 2311 3026 2375 illa,
3078 2320 3130 2365 et
3163 2312 3320 2380 quasi
3352 2329 3416 2367 ex
3457 2314 3529 2369 iis

1961 2410 2081 2464 qua:
2110 2409 2236 2448 raro
2304 2398 2628 2466 contingunt
2674 2399 3082 2464 notatiunculae,
3147 2400 3263 2455 Visi
3314 2412 3434 2457 sunt
3475 2412 3527 2457 et

1962 2497 2063 2539 tres
2090 2486 2398 2555 aliquando,
2443 2490 2911 2559 corresponderet.
2948 2490 3056 2546 Nec
3081 2493 3270 2547 dubito
3315 2496 3526 2549 exscri-

1960 2586 2176 2646 ptorum
2207 2579 2260 2633 id
2308 2580 2532 2635 incuriae
2589 2584 2790 2652 potius,
2833 2599 2993 2653 quam
3026 2584 3187 2639 Plinii
3225 2588 3527 2643 oscitantiat

1960 2670 2340 2738 tribuendum;
2373 2674 2466 2743 qui
2500 2675 2705 2743 optima
2744 2690 2971 2745 quaeque
3024 2679 3092 2731 ab
3136 2679 3259 2733 aliis
3294 2680 3522 2743 dictata,

1956 2765 2040 2817 vel
2088 2766 2310 2834 scripta,
2361 2767 2775 2836 perversissime
2828 2769 3127 2839 excipiunt,
3179 2778 3525 2841 pervertunt-

1958 2870 2080 2925 que.

2027 2947 2183 3011 lbid.,
2207 2948 2302 3001 lin.
2327 2948 2409 3002 l3.
2438 2948 2499 3004 Ἠ
2515 2948 2581 3001 δὲ
2599 2949 2759 3019 φήνῃ
2782 2950 2888 3005 τὸν
2910 2951 3155 3006 dna-tor.
3174 2954 3521 3023 Aristoteles,

1955 3040 2049 3093 lib.
2083 3056 2135 3094 vi
2179 3041 2252 3093 De
2276 3040 2463 3095 histor.
2504 3042 2694 3105 anim.,
2724 3057 2841 3113 cap.
2877 3044 2930 3107 6,
2962 3045 3064 3098 Τὸν
3093 3046 3149 3098 δὲ
3194 3047 3522 3118 ἐκϐληθέντα

1879 3164 1919 3221 C
1955 3136 2189 3206 δέχεται,
2220 3137 2313 3189 καὶ
2340 3136 2526 3207 τρέφει
2552 3141 2583 3209 ἡ
2612 3139 2774 3209 φήνη,
2810 3148 2862 3194 et
2886 3141 2979 3195 lib.
3015 3158 3089 3208 lx,
3115 3159 3232 3211 cap.
3268 3144 3355 3207 54,
3382 3147 3442 3197 Ol
3465 3146 3519 3198 δὲ

1924 3227 2341 3298 κὲκὸαλλόμενοι
2373 3225 2557 3298 βοῶσι,
2592 3230 2686 3283 καὶ
2723 3229 2895 3296 οὕτως
2930 3234 3299 3305 ὑπολαμϐάνει
3325 3238 3521 3301 αὐτοὺς

1954 3319 1985 3388 ἡ
2016 3319 2177 3389 φήνη.
2217 3317 2449 3383 Plinius,
2486 3320 2580 3375 lib.
2614 3337 2667 3382 ιι,
2694 3337 2813 3392 cap.
2848 3324 2917 3377 ὅτ
2949 3323 3050 3378 Sed
3090 3327 3277 3393 ejectos
3328 3328 3392 3380 ab
3437 3328 3518 3382 his

1951 3421 2232 3480 cognatum
2265 3428 2425 3480 genus
2455 3413 2733 3483 ossifraga:
2753 3417 3036 3483 excipiunt,
3068 3427 3116 3471 et
3145 3418 3367 3473 educant
3398 3437 3517 3473 cum

1950 3503 2080 3556 suis.
2121 3502 2271 3557 Hanc
2323 3504 2646 3573 ossifragam
2683 3523 2791 3560 non
2837 3510 3066 3563 multum
3118 3512 3295 3568 oculis
3335 3515 3518 3569 valere

1951 3594 2116 3646 tradit
2138 3593 2480 3649 Aristotcles.
2513 3594 2587 3651 De
2608 3597 2789 3666 aquila
2825 3598 2925 3651 hoc
2960 3599 3099 3654 idem
3135 3600 3297 3655 habet
3318 3601 3516 3659 Petrus

1949 3682 2263 3750 Damianus,
2303 3686 2397 3740 lib.
2451 3703 2510 3749 ιι,
2547 3688 2705 3756 epist.
2745 3688 2828 3742 l8.
2862 3688 3049 3744 Obiter
3083 3700 3263 3746 tamen
3318 3705 3517 3751 notau-

1949 3778 2075 3832 dum
2112 3778 2202 3833 hic
2240 3786 2327 3833 est
2392 3779 2541 3832 illum
2579 3779 2846 3836 allirmarc
2884 3783 3087 3852 pullum
3137 3788 3328 3855 aquila:
3363 3786 3513 3857 deje-

1949 3877 2094 3923 ctum
2115 3885 2223 3923 non
2262 3870 2330 3925 ab
2368 3872 2571 3940 aquila,
2601 3886 2721 3941 quae
2754 3872 3023 3944 ossifraga
3057 3874 3276 3939 dicitur,
3308 3880 3511 3950 suscipi

1947 3971 1999 4017 et
2024 3962 2275 4027 enutriri,
2309 3963 2402 4018 sed
2437 3980 2466 4017 a
2491 3964 2696 4033 plebeia
2730 3965 2963 4034 quadam
3016 3968 3123 4030 avi,
3167 3968 3331 4025 fulica
3363 3973 3512 4027 vide-

1947 4053 2105 4108 licet:
2137 4055 2437 4109 secundum
2463 4056 2577 4109 vult
2617 4055 2834 4109 fulicam
2869 4059 3041 4128 φήνην
3071 4057 3255 4115 Graece
3293 4077 3509 4117 nuncu-

1946 4146 2081 4215 pari.
2131 4144 2349 4200 Falsum
2385 4157 2676 4215 utrumque
2705 4153 2758 4201 et
2791 4157 2983 4216 praeter
3036 4148 3278 4205 historice
3310 4153 3509 4207 verita-

1946 4243 2076 4290 tem.
2100 4234 2208 4291 Nec
2245 4237 2389 4291 enim
2416 4238 2706 4307 pullusille
2740 4254 2769 4292 a
2798 4239 3005 4310 plebeia
3047 4242 3132 4295 avi
3175 4242 3504 4313 suscipitur;

1943 4335 1996 4383 et
2023 4329 2167 4382 aliud
2194 4338 2277 4383 est
2305 4330 2488 4393 fulica,
2516 4331 2660 4385 aliud
2703 4333 2868 4403 φήνη.

2007 4420 2166 4485 lbid.,
2188 4420 2285 4475 lin.
2312 4422 2398 4477 15.
2429 4420 2663 4489 Θρέψδας
2678 4422 2745 4474 δὲ
2765 4422 2871 4476 τὸν
2902 4427 3161 4478 νεοττόν.
3182 4424 3379 4480 Eadem
3407 4426 3507 4479 ba.

277 4538 435 4599 Hs,“
464 4536 526 4590 ob
548 4511 1070 4605 e'amrem'ungi‘wus
1097 4544 1257 4589 secat.
1294 4511 1765 4589 ρηηέεηωηίηεεν
1788 4551 1842 4588 δε
1876 4539 1917 4593 D
1947 4511 2035 4566 bet
2064 4512 2382 4569 Aristoteles
2406 4515 2523 4568 loco
2541 4515 2619 4576 d.,
2650 4521 2703 4568 ct
2724 4513 3275 4571 Pliniuszllaliwetus
3300 4527 3503 4570 tantum

274 4645 512 4699 pugnare
540 4629 796 4697 incipiunt
821 4625 883 4681 de
906 4626 1027 4681 sede
1055 4636 1104 4680 et
1134 4637 1324 4694 pastu;
1358 4628 1536 4697 itaque
1570 4644 1601 4679 α
1626 4638 1841 4696 parente

272 4722 585 4783 ejiciuntur,
604 4729 652 4774 ct
681 4719 984 4789 pulsantur,
1020 4718 1595 4788 dejectivociferantur,
1627 4719 1843 4786 pericli-

275 4822 599 4881 tanturque;
629 4820 683 4865 et
709 4811 805 4865 lib.
832 4827 907 4875 γι,
942 4825 1060 4879 cap.
1098 4811 1151 4874 6,
1183 4810 1343 4864 taedio
1372 4811 1533 4864 etiam
1564 4811 1841 4865 nutriendi

275 4903 402 4955 illos
431 4902 701 4971 expellere
722 4902 1019 4966 fatetur,eo
1044 4901 1187 4956 enim
1216 4912 1457 4970 tempore
1482 4901 1838 4972 degenerare,

269 5001 331 5048 et
374 4994 661 5047 hebescere
685 4993 905 5057 dicitur,
940 5008 1152 5062 ungues
1188 4993 1409 5056 inverti,
1449 5009 1653 5061 pennas
1691 4994 1841 5049 albe-

269 5100 450 5147 scere,
474 5100 642 5154 quare
672 5092 728 5138 ut
754 5086 821 5140 ad
848 5086 1089 5154 rapinam
1118 5087 1331 5156 ineptae,
1352 5087 1529 5155 pullos
1545 5103 1682 5157 quos
1707 5088 1841 5142 edu-

271 5189 405 5226 care
462 5182 757 5244 nequeunt,
805 5174 934 5228 odio
985 5174 1216 5243 quodam
1272 5174 1537 5244 taedioque
1596 5176 1835 5230 mittunt.

268 5264 506 5331 Plinius,
542 5266 635 5318 lib.
674 5281 727 5328 x,
762 5280 883 5335 cap.
925 5265 997 5319 3:
1052 5262 1349 5334 Nidiﬁcant
1395 5266 1448 5319 in
1473 5268 1636 5335 petris
1670 5278 1719 5320 et
1754 5285 1840 5321 ar-

270 5356 485 5409 boribus
519 5358 772 5425 :pariunt
796 5374 891 5411 ova
922 5366 1092 5419 terna,
1126 5357 1410 5411 excludunt
1437 5358 1610 5427 pullos
1647 5358 1795 5413 binos
1818 5377 1836 5414 :

271 5449 373 5501 visi
403 5459 525 5501 sunt
566 5460 613 5501 et
639 5461 740 5501 tres
768 5447 1076 5519 aliquando,
1112 5449 1337 5502 alterum
1372 5448 1637 5517 expellunt
1679 5451 1835 5504 ta'dio

271 5538 558 5593 nutriendi.
593 5540 790 5609 Quippe
811 5557 870 5594 eo
903 5557 1128 5611 tempore
1152 5541 1277 5607 ipsis
1307 5542 1478 5595 cibum
1494 5544 1697 5613 negavit
1741 5560 1838 5597 na-

270 5640 393 5683 tura
414 5632 755 5699 prospiciens,
792 5649 852 5686 ﬂe
873 5634 1106 5686 omnium
1140 5634 1377 5702 ferarum
1408 5634 1543 5704 {etus
1584 5651 1834 5705 raperen-

272 5733 377 5776 tur.
409 5722 611 5794 Ungues
638 5740 837 5795 quoque
856 5729 1383 5781 earuminvertuntur
1403 5726 1585 5781 diebus
1616 5745 1683 5781 xv
1711 5745 1725 5792 ;
1761 5730 1837 5782 al-

277 5816 484 5871 bescunt
508 5816 682 5871 inedia
710 5832 889 5884 penam
911 5860 925 5886 ,
950 5829 1005 5873 ut
1036 5820 1222 5875 merito
1244 5827 1426 5874 partus
1456 5835 1577 5873 suos
1601 5819 1825 5876 oderint.

1947 4605 2220 4672 implumes
2247 4607 2530 4659 etiamnum
2570 4607 2742 4676 pullos
2790 4624 2911 4661 suos
2948 4609 3240 4678 percutiens
3286 4609 3505 4664 subinde

1943 4699 2077 4767 cogit
2100 4697 2343 4751 adversos
2374 4699 2566 4751 intueri
2596 4700 2721 4752 solis
2744 4699 2941 4763 radios,
2977 4711 3025 4755 et
3051 4702 3096 4753 si
3124 4701 3500 4766 conniventem,

1942 4790 2421 4862 humectantemque
2439 4794 2830 4858 animadvertit,
2855 4794 3153 4863 prarcipitat
3190 4810 3217 4847 e
3247 4793 3368 4847 nido
3399 4793 3505 4847 vel.

1942 4893 1997 4936 ut
2022 4883 2376 4938 adulterinum
2411 4896 2563 4956 atque
2597 4886 2896 4957 degenerem
2930 4903 2947 4939 :
2977 4887 3129 4939 illum
3162 4886 3311 4955 cujus
3361 4886 3500 4939 acies

1943 4975 2098 5043 ﬁrma
2126 4986 2307 5029 contra
2338 4979 2578 5045 steterit,
2609 4978 2817 5032 educat.
2850 4977 3004 5047 Apud
3037 4979 3381 5033 Aristotelem
3419 4986 3503 5031 est

1942 5065 2124 5135 aquila
2157 5067 2337 5133 ἀετός,
2377 5085 2487 5123 non
2538 5070 2837 5134 haliaeetos,
2886 5070 3136 5139 quamvis
3160 5072 3228 5123 de
3254 5068 3502 5122 baliteeto

1942 5156 2349 5228 intelligendum
2385 5175 2506 5215 esse
2550 5162 2752 5215 nemini
2792 5162 3038 5224 dubium,
3088 5177 3212 5215 cum
3265 5160 3500 5230 aquilam

1941 5248 2081 5303 hanc
2107 5266 2202 5320 per
2240 5265 2388 5305 mare
2416 5260 2469 5305 et
2501 5251 2707 5315 littora,
2741 5252 2883 5305 unde
2911 5265 3105 5305 nomen
3146 5251 3371 5319 accepit,
3409 5263 3504 5302 va-

1942 5345 2055 5410 gari
2082 5343 2257 5398 tradat
2284 5343 2437 5399 Phile
2466 5345 2520 5398 in
2553 5343 2751 5398 lambis

2014 5476 2117 5538 Ὂς
2145 5474 2283 5537 τοὺς
2304 5474 2581 5540 νεοττοὺς
2612 5476 2787 5541 ὄντας
2808 5474 3082 5543 ἀπτῆνας
3104 5473 3244 5539 τέως

2020 5544 2145 5594 Ἐπὶ
2168 5543 2352 5610 ξένην
2366 5543 2649 5606 ,βάσανον
2676 5546 2754 5610 ὠς
2781 5546 3000 5609 νόσους
3034 5543 3219 5611 ἄγων,

2009 5614 2175 5666 Ποιεῖ
2190 5613 2483 5682 δικαστὴν
2509 5615 2833 5681 πρακτικὸν
2855 5616 2960 5666 τὸν
2981 5614 3324 5682 φωσφόρον.

2105 5682 2222 5751 μὲν
2375 5685 2559 5737 αὑτοῦ
2581 5685 2709 5750 ταῖς
2719 5684 2938 5749 ,βολαῖς
2957 5682 3357 5762 ςὶντιϐλέπων,

2020 5757 2135 5805 ἴων
2154 5757 2291 5805 ωιλτ
2336 5771 2449 5805 των
2482 5755 2573 5805 τίς
2597 5756 2747 5805 ἐστι.
2786 5756 2882 5805 καὶ
2910 5770 3028 5805 των
3048 5752 3357 5805 ἐκκρίτων.

2012 5752 2135 5806 Τῶν
2152 5752 2449 5820 φιλτάτων
2482 5755 2573 5819 τίς
2597 5756 2747 5817 ἐστι,
2786 5756 2882 5807 καὶ
2910 5752 3028 5805 τῶν
3048 5752 3357 5819 ἐκκρίτων,

2024 5823 2253 5892 Ὀφθείς
2280 5841 2344 5893 γε
2377 5824 2634 5891 καθαρὸς
2659 5824 2996 5891 δυστενοῦς
3020 5822 3295 5884 ὑποψίας
3317 5836 3363 5876 ·.
