4072 6342
539 295 646 374 899

626 433 687 489 '0
708 435 761 488 δ’
793 429 894 494 αὖ.
923 434 1073 503 apag
1112 431 1302 487 αὐτὸν
1327 429 1781 503 σφιαρδαμςύξας,
1822 426 2039 493 εὐθέως

624 499 1160 572 Ἀλλοτριοιίτόκος
1174 503 1224 556 θ’
1247 501 1459 571 εὑρέθη
1498 499 1862 572 σπέρματος,

611 575 722 629 Καὶ
744 570 850 642 τῆξ·
879 571 1095 640 καλιᾶς
1117 570 1435 642 δυστυχῶς
1463 570 1778 638 ἀπεκρίθη.

538 663 659 719 lluc
682 663 937 719 allusisse
958 662 1179 718 videtur
1203 659 1589 725 Cassiodorus,
1628 659 1909 714 Variarum
1931 659 1969 713 l.
1994 673 2115 718 vm.

536 758 697 826 epist.
737 756 802 810 2|
844 771 859 808 :
897 748 988 810 Sic
1020 755 1158 825 [etus
1193 755 1273 807 tui
1316 770 1460 808 more
1495 753 1689 824 aquila:
1721 769 1775 807 se
1814 752 2115 822 probantes,

536 849 741 921 regales
776 846 959 905 oculos
991 847 1058 901 ab
1092 847 1219 915 ipsis
1269 862 1398 915 pene
1436 844 1713 899 cunabulis
1766 846 2114 915 pertulerunt.

611 938 771 1004 lbid.,
803 938 903 992 lin.
950 936 1040 991 21.
1105 934 1259 989 Φασὶ
1308 936 1419 1005 γὰρ
1468 934 1838 1006 γηράσαντα.
1882 936 2114 1002 Plinius,

537 1031 634 1086 lib.
662 1047 721 1096 ι,
748 1045 869 1102 cap.
903 1031 975 1086 3:
1004 1028 1264 1100 Oppetunt
1303 1044 1407 1082 non
1434 1028 1600 1093 senio,
1644 1044 1734 1081 nec
1779 1026 2112 1097 (egritudine,

537 1123 628 1179 sed
655 1122 816 1193 fame,
846 1123 901 1176 in
929 1131 1135 1176 tantum
1168 1121 1437 1189 superiore
1468 1129 1789 1174 accrescente
1827 1130 2024 1185 rostro,
2056 1128 2114 1174 ut

537 1215 820 1271 aduncitas
850 1215 1042 1284 aperiri
1086 1231 1192 1267 non
1243 1221 1417 1283 queat.
1460 1210 1672 1267 Similia
1706 1212 1868 1268 habet
1908 1212 2112 1278 Horus,

535 1309 633 1364 lib.
661 1324 725 1373 ιι,
750 1322 870 1379 cap.
891 1307 983 1369 96,
1003 1305 1343 1372 Aristoteles,
1371 1304 1468 1359 lib.
1497 1320 1573 1369 Ix,
1600 1304 1679 1360 De
1706 1305 1896 1361 histor.
1922 1307 2111 1374 anim.,
2146 1323 2162 1341 ο

534 1410 657 1467 cap.
692 1395 793 1462 '52;
831 1394 1169 1465 Epiphanius
1201 1393 1259 1448 in
1294 1391 1635 1464 Physiologo,
1660 1403 1714 1449 et
1746 1394 1860 1448 alii.

606 1487 767 1553 lbid.,
798 1487 895 1542 lin.
926 1486 1015 1540 22.
1044 1485 1153 1541 Καὶ
1191 1487 1278 1552 εἰς
1302 1485 1506 1556 πηγὴν
1526 1486 1921 1557 ἀφικνεῖσθαι.
1959 1485 2114 1543 Hanc

541 1580 737 1652 aquila:
762 1581 1168 1637 renovationem
1198 1582 1288 1635 alii
1318 1580 1475 1635 aliter
1499 1589 1744 1635 narrant.
1776 1579 2113 1651 Epiphanius

537 1673 615 1726 ait
672 1672 727 1727 in
771 1673 938 1727 altum
987 1688 1108 1729 sese
1150 1673 1418 1735 attollere,
1470 1681 1524 1726 et
1581 1673 1637 1727 in
1682 1682 2010 1745 praeruptam
2053 1692 2113 1731 se

1885 301 2133 360 LEONIS
2163 282 2437 357 ALLATll

2153 433 2201 488 Α
2230 423 2373 480 Nam
2416 423 2576 479 herile
2611 438 2703 492 ego
2748 432 2796 476 te
2844 418 3010 475 barba
3056 417 3303 498 continuo
3341 416 3613 498 arripiant.
3646 424 3699 469 et
3746 394 3802 470 in

3697 293 3802 349 900

3201 487 3393 560 [ignem
3419 488 3727 560 conjiciunt,

2224 563 2391 635 Teque
2408 562 2823 618 ambustulatum
2841 560 3087 632 objiciam
3104 556 3307 630 magnis
3323 557 3503 612 avibus
3520 556 3799 626 pabulum.

2220 678 2357 736 Vide
2388 687 2649 751 praeterea
2675 674 3144 746 Theophylactum
3170 669 3528 735 Simocatum,
3560 670 3617 724 in
3647 670 3803 736 Qua:-

2221 768 2485 825 stionibus
2514 764 2872 843 naturalibus,
2907 771 3103 835 quaest.
3134 762 3189 827 8,
3211 760 3305 833 qui
3334 776 3433 816 sua
3477 776 3546 816 ex
3579 759 3801 815 Amiano

2218 868 2499 917 mutuatus
2530 866 2636 925 est,
2668 865 2722 913 et
2751 855 3054 926 Gasparum
3088 852 3447 915 Bauchinum,
3484 848 3563 903 De
3589 849 3803 903 herma-

2216 951 2585 1023 phroditorum
2628 956 3147 1015 monstrosorumque
3176 952 3426 1013 partuum
3453 949 3668 1005 natura,
3699 939 3798 993 lib.

2218 1063 2280 1113 ιι,
2316 1060 2437 1116 cap.
2472 1044 2684 1099 ultimo.

2287 1137 2449 1204 lbid.,
2481 1136 2579 1190 lin.
2627 1135 2719 1191 51.
2762 1130 3086 1193 Αὑλίζεται.
3119 1128 3461 1190 Aristoteles,
3502 1124 3601 1179 lib.
3640 1139 3693 1179 vt
3726 1122 3803 1178 De

2216 1234 2404 1288 histor.
2431 1230 2627 1294 anim.,
2659 1243 2779 1299 cap.
2809 1227 2864 1290 5,
2899 1225 3088 1282 scribit
3124 1223 3369 1278 vultures
3413 1218 3697 1275 nidiﬁcare
3744 1218 3799 1271 in

2215 1324 2606 1383 excelsissimis
2659 1321 2907 1392 rupibus,
2955 1319 3099 1374 unde
3147 1317 3206 1372 (it
3255 1325 3315 1371 ut
3365 1329 3489 1368 raro
3539 1310 3704 1366 nidus
3745 1318 3799 1364 et

2215 1419 2348 1490 pulli
2381 1416 2618 1473 vulturis
2648 1420 2963 1470 cernantur.
2996 1410 3267 1479 Quocirca
3314 1407 3623 1464 Herodotus
3664 1403 3801 1474 Bry-

2216 1510 2369 1565 sonis
2398 1507 2642 1565 rhetoris
2668 1512 2823 1577 pater
2853 1505 3097 1561 vultures
3126 1519 3191 1559 ex
3219 1502 3436 1558 diverso
3477 1499 3612 1553 orbe
3638 1496 3800 1552 nobis

2216 1599 2492 1670 incognito
2531 1597 2785 1654 advolare
2813 1594 3089 1651 credebat.
3140 1592 3338 1646 Eadem
3368 1589 3563 1659 repetit
3600 1594 3657 1642 et
3696 1586 3793 1640 lib.

2215 1707 2289 1758 ix,
2316 1706 2436 1761 cap.
2476 1690 2562 1757 11,
2587 1688 2943 1757 allirmatque,
2975 1684 3224 1756 quamvis
3252 1682 3305 1737 id
3351 1681 3421 1736 sit
3447 1677 3686 1741 diﬂicile,
3713 1676 3795 1729 vi-

536 1763 807 1835 projicere
834 1780 1047 1834 rupem,
1078 1765 1146 1819 ad
1174 1781 1337 1835 quam
1379 1773 1620 1821 rostrum
1652 1766 1858 1834 allidit;
1894 1775 1949 1824 et
1988 1783 2114 1823 cum

2217 1798 2337 1838 sum
2367 1790 2551 1836 tamen
2594 1777 2889 1850 aliquando
2920 1777 3039 1847 ejus
3076 1774 3285 1829 nidum.
3332 1772 3564 1836 Plinius,
3597 1769 3693 1824 lib.
3730 1784 3787 1832 ς,

537 1871 599 1911 se
624 1854 837 1927 frigidis
867 1857 1195 1912 immerserit
1223 1857 1401 1927 aquis,
1436 1857 1503 1911 ad
1532 1858 1740 1914 solares
1768 1858 1954 1913 radios
1990 1874 2112 1915 sese

536 1963 833 2020 opponere,
865 1957 1103 2020 tuncque
1130 1965 1196 2005 ex
1223 1952 1399 2007 oculis
1424 1950 1620 2007 cadere
1652 1952 2027 2022 lippitudines,
2057 1959 2112 2007 et

536 2040 613 2095 ita
630 2041 1004 2112 iuvenescere.
1028 2043 1223 2100 Petrus
1246 2042 1561 2109 Damianus,
1588 2045 1683 2100 lib.
1716 2061 1775 2111 ιι,
1803 2045 1963 2114 epist.
1998 2045 2063 2099 18
2092 2064 2105 2099 :

533 2134 751 2207 Aquila,
779 2136 877 2201 ait,
923 2151 1039 2189 cum
1084 2137 1333 2203 senuerit,
1381 2146 1431 2191 et
1476 2138 1690 2208 gravari
1733 2138 1982 2206 eruperint
2009 2138 2112 2194 alte

533 2228 671 2298 ejus,
700 2239 855 2300 atque
896 2226 1036 2281 oculi
1073 2226 1327 2297 caligare,
1351 2237 1471 2280 tunc
1512 2228 1701 2297 quierit
1728 2228 1923 2297 fontem
1961 2245 2113 2299 aqua:

535 2330 723 2377 contra
763 2337 915 2391 quem
958 2320 1131 2390 posita
1164 2320 1305 2374 volat
1347 2337 1508 2392 usque
1553 2322 1621 2375 ad
1671 2321 1923 2375 circulum
1958 2324 2109 2388 solis,

535 2413 749 2484 illicque
784 2412 843 2465 in
885 2410 1088 2481 puriori
1119 2413 1329 2466 wtheris
1366 2415 1613 2469 vastitate
1641 2413 1836 2467 librata
1859 2414 1927 2468 ad
1955 2431 2115 2484 vapo-

424 2528 429 2532 ο
533 2490 819 2557 τειηίοιὶε
873 2511 922 2555 et
986 2501 1103 2555 alas
1147 2502 1375 2556 incendit
1424 2512 1474 2557 et
1521 2504 1797 2574 caliginem
1841 2507 2112 2559 oculorum

534 2605 753 2659 prorsus
792 2589 986 2653 exurit,
1037 2604 1257 2660 moxque
1283 2590 1597 2646 descendens
1633 2594 1800 2648 tribus
1830 2595 1884 2648 in
1915 2595 2111 2665 fontem

535 2680 732 2737 vicibus
762 2682 1031 2752 mergitur,
1070 2691 1119 2736 et
1162 2683 1239 2737 sic
1273 2682 1481 2737 alarum
1531 2686 1695 2755 vigor,
1739 2699 1790 2740 et
1839 2687 2112 2742 oculorum

535 2772 673 2826 acies
724 2770 889 2826 multo
924 2771 1107 2826 melius
1154 2788 1311 2842 quam
1360 2772 1603 2843 juventus
1654 2775 1925 2844 attulerat,
1959 2794 2111 2832 reno—

534 2872 710 2919 vatur.
751 2862 918 2917 Multa
960 2863 1016 2917 in
1065 2862 1207 2918 hanc
1261 2865 1587 2920 sententiam
1629 2880 1695 2920 ex
1741 2865 2109 2941 Hieronymo,

532 2953 862 3026 Augustino,
895 2954 1048 3008 rabbi
1080 2953 1271 3019 David,
1302 2954 1608 3022 Vincentio,
1649 2960 1856 3031 colligit
1883 2960 2111 3020 Pontius

534 3047 593 3102 in
621 3045 828 3101 dictum
856 3046 1033 3101 locum
1062 3045 1369 3117 Epiphanii,
1397 3064 1557 3118 quem
1582 3052 1826 3107 consule.
1859 3051 2110 3109 Theodo-

2218 1896 2339 1951 cap.
2366 1878 2398 1932 6
2426 1895 2439 1931 :
2484 1878 2761 1932 Vulturum
2787 1872 3067 1944 pra-valent
3093 1871 3250 1940 nigri.
3283 1867 3453 1921 Nidos
3482 1881 3633 1920 nemo
3664 1864 3793 1917 atti-

2216 1974 2306 2044 git.
2341 1971 2466 2025 Ideo
2505 1970 2663 2024 etiam
2697 1968 2841 2038 fuere
2886 1966 2976 2037 qui
3020 1970 3265 2032 putarent
3306 1961 3427 2044 illos
3469 1974 3537 2012 ea;
3571 1956 3793 2011 adverso

2218 2043 2338 2119 orbe
2369 2062 2634 2117 advolare.
2665 2059 2829 2115 Falso
2858 2073 2877 2111 :
2913 2056 3192 2126 nidiﬁcant
3238 2053 3374 2107 enim
3402 2043 3471 2105 'in
3497 2049 3794 2105 excelsissi.

2218 2157 2317 2210 mis
2356 2154 2590 2223 rupibus.
2629 2150 2938 2215 Juvenalis,
2967 2154 3137 2218 satyr.
3164 2144 3251 2209 l5,
3281 2141 3513 2198 credidit
3543 2141 3600 2195 in
3630 2137 3795 2194 arbo-

2217 2249 2370 2303 ribus
2398 2245 2558 2301 nidos
2597 2244 2776 2299 facere
2802 2262 2816 2297 :

2227 2358 2437 2423 Vultur,
2463 2358 2700 2429 jumento
2738 2364 2787 2410 et
2813 2354 3030 2409 canibus
3056 2353 3399 2429 crucibusque
3430 2348 3655 2429 relictis,

2218 2430 2299 2483 Ad
2330 2421 2478 2498 fetus'
2494 2436 2736 2498 properat
2763 2436 3064 2498 partemque
3101 2423 3371 2498 cadaveris
3403 2421 3579 2498 affert,

2219 2492 2426 2553 Hic'est
2453 2492 2960 2568 ergo'cibus'magni
2981 2492 3189 2568 quoque
3220 2492 3465 2568 vulturis,
3493 2502 3546 2568 et
3564 2505 3621 2543 se

2219 2560 2531 2633 Pascentis;
2552 2569 2769 2639 propria
2797 2560 2914 2621 cum
2934 2560 3051 2635 jam
3082 2560 3211 2633 facit
3243 2562 3429 2617 arbore
3455 2560 3632 2615 nidos.

2288 2683 2449 2746 lbid.,
2490 2682 2587 2736 lin.
2637 2681 2727 2735 55.
2762 2678 2873 2735 Kal
2915 2677 3115 2734 λαϐὼν
3154 2676 3263 2731 τὸν
3292 2676 3585 2731 εὐτόκιον.
3626 2670 3798 2726 Ειιιοο

2217 2774 2361 2829 cium
2390 2772 2621 2843 lapidem
2651 2771 2866 2826 aetitem
2891 2785 3032 2833 esse,
3055 2767 3259 2825 nemini
3291 2765 3519 2821 dubium
3542 2779 3667 2820 esse
3694 2761 3798 2817 de-

2216 2866 2328 2931 bet,
2358 2880 2480 2919 cum
2508 2880 2629 2935 quae
2650 2865 2717 2919 de
2753 2863 2970 2919 eutocio
2989 2860 3308 2917 Eustathius
3332 2856 3524 2922 refert,
3542 2856 3613 2912 de
3631 2854 3798 2910 aetite

2218 2957 2307 3011 alii
2332 2957 2536 3012 dicant.
2562 2954 2792 3020 Plinius,
2822 2954 2915 3010 lib.
2948 2970 3003 3018 χ,
3034 2954 3198 3024 capit.
3232 2967 3285 3006 tv
3315 2970 3328 3006 :
3359 2949 3550 3004 Tribus
3579 2948 3794 3019 primis,

2215 3056 2264 3101 et
2308 3048 2491 3117 quinto
2533 3045 2832 3116 aquilarum
2871 3044 3046 3114 generi
3086 3041 3443 3111 ittwdiﬁcatur
3484 3037 3608 3093 nido
3656 3037 3797 3106 lapis

533 3154 633 3194 rus
660 3146 842 3193 tamen
876 3135 1273 3204 Heracleensis,
1308 3137 1599 3197 Comment.
1628 3142 1684 3196 in
1719 3143 1857 3213 psal.
1884 3160 1978 3210 cn,
2013 3163 2112 3201 ne-
2140 3130 2182 3188 ο
2215 3140 2421 3203 αειίιεε,
2465 3155 2614 3210 quem
2643 3137 2807 3209 aliqui
2835 3136 3013 3190 dixere
3036 3143 3299 3207 gagatem,
3331 3132 3401 3187 ad
3427 3131 3598 3186 multa
3624 3146 3798 3184 reme—

534 3237 628 3302 gat
683 3229 923 3300 aquilam
975 3231 1275 3285 renovari:
1315 3230 1388 3284 Οὐ
1427 3231 1584 3286 τοῦτο
1632 3233 1879 3304 βούλεται
1922 3239 2116 3301 εἰπεῖν,

534 3322 619 3376 ὅτι
653 3320 1055 3386 ἁνακαινίζεται
1087 3323 1114 3374 ὁ
1145 3322 1302 3388 ἀετός
1324 3340 1336 3353 ·
1370 3325 1432 3377 οὐ
1468 3325 1578 3397 γὰρ
1617 3326 2038 3393 ἀνακαινίζεται,
2069 3338 2118 3390 εἰ

538 3415 615 3486 μὴ
643 3413 823 3485 μόνον,
849 3411 924 3477 ὤς
953 3430 1136 3483 φασιν,
1170 3416 1198 3467 ὁ
1240 3416 1418 3483 φοῖνιξ
1449 3416 1509 3469 τὸ
1539 3416 1750 3488 ὄρνεον·
1786 3418 1899 3472 ἀλλ’
1932 3420 2118 3491 ἐπειδὴ

534 3509 564 3561 ὁ
591 3506 745 3571 ἀετὸς
771 3506 917 3560 δοκεῖ
941 3505 1242 3577 βασιλεύειν
1273 3507 1382 3561 τῶν
1417 3509 1678 3563 πετεινῶν
1699 3511 1976 3577 ἁπάντων,
2003 3512 2119 3583 βού-

533 3597 686 3651 λεται
727 3599 920 3662 εἰπεῖν,
955 3598 1038 3651 ὅτι
1068 3599 1099 3668 ἡ
1134 3596 1434 3668 παλαιότης
1462 3596 1620 3670 ἡμῶν
1664 3601 1697 3669 ὴ
1739 3601 1797 3652 ὲν
1840 3601 2116 3655 Βαϐυλῶνι

535 3690 1046 3761 ἁνακαινισθήσεται
1080 3692 1160 3752 εἰς
1199 3689 1471 3761 βασιλείαν
1514 3687 1688 3757 αὖθις,
1735 3691 1923 3766 ὥσπερ
1976 3689 2116 3765 ἦμέν

537 3798 690 3836 ποτε.
720 3779 818 3833 Διὰ
843 3777 1080 3852 γὰρτοῦ
1114 3779 1326 3850 ὄρνιθος
1356 3780 1449 3833 τοῦ
1493 3780 1654 3834 ἀετοῦ
1698 3781 1797 3854 τὴν
1837 3782 2115 3853 βασιλείαν

536 3872 850 3930 αἰνίττεται.
878 3871 1115 3928 Consule
1154 3872 1285 3927 item
1326 3872 1546 3928 Caelium
1578 3872 1890 3946 Rodigium,
1921 3877 1956 3932 Ι.
1992 3892 2112 3943 xm,

538 3978 660 4036 cap.
696 3963 786 4019 20.
1612 3982 1618 3989 κ

609 4074 769 4140 lbid.,
801 4075 899 4131 lin.
930 4075 1021 4131 29.
1058 4075 1123 4130 Ὀ
1150 4075 1218 4129 δὲ
1249 4074 1377 4147 γὺψ
1394 4075 1744 4147 ὑπηνέμιον.
1780 4075 1976 4135 Petrus
2010 4078 2113 4133 Da-

537 4168 776 4235 mianus,
806 4168 902 4223 lib.
933 4183 994 4236 ιι,
1013 4168 1172 4238 epist.
1197 4167 1268 4222 18
1295 4186 1308 4222 :
1343 4167 1694 4223 Perhibentur
1713 4168 1946 4224 vultures
2004 4188 2111 4225 οω-

538 4266 773 4313 terarum
793 4258 966 4312 avium
990 4273 1152 4323 more,
1176 4257 1473 4313 concubitui
1494 4258 1795 4314 nullatenus
1812 4259 2109 4332 indulgere:

536 4351 627 4407 sed
656 4354 848 4422 absque
877 4350 991 4405 ulla
1021 4366 1239 4421 prorsus
1285 4351 1568 4406 masculini
1610 4368 1766 4407 sexus
1796 4351 2111 4410 admistione

534 4444 821 4513 concipere.
855 4441 1139 4509 Quomodo
1188 4449 1370 4498 autem
1417 4443 1470 4498 id
1510 4445 1602 4499 (lat
1630 4445 1882 4515 pluribus
1921 4457 2109 4502 narrat
2140 4477 2183 4532 Β

535 4531 717 4589 Horus
770 4534 866 4590 lib.
915 4548 955 4599 ι,
1015 4548 1138 4603 cap.
1194 4533 1294 4600 ll;
1339 4532 1687 4599 Plutarchus,
1740 4534 2107 4592 Romanarum

533 4627 821 4698 question.
853 4627 922 4682 93
951 4644 965 4682 :
1001 4626 1144 4699 Θῆλυ
1180 4628 1286 4680 πᾶν
1316 4626 1378 4681 τὸ
1404 4629 1558 4697 γένος
1596 4630 1714 4682 ἐστὶ
1737 4632 1830 4684 καὶ
1862 4632 2112 4685 κυΐσκον-

533 4734 625 4773 ται
650 4719 931 4790 δεχόμεναι
963 4718 1054 4773 τὸν
1092 4716 1429 4791 ἀπηλιώτην,
1464 4718 1651 4793 ὥσπερ
1683 4721 1753 4775 τὰ
1792 4721 1982 4794 δένδρα
2020 4721 2109 4776 τὸν

535 4810 789 4883 ζέφυρον.
822 4810 1093 4875 Albanus,
1130 4811 1225 4866 lib.
1256 4826 1313 4873 ιι,
1341 4826 1462 4881 cap.
1491 4811 1598 4867 46:
1631 4813 1784 4867 Γῦπα
1818 4813 1875 4867 δὲ
1907 4813 2113 4886 ἄρρενα

533 4903 595 4956 οὐ
625 4903 756 4971 φασὶ
779 4901 1030 4972 γενέσθαι
1071 4901 1223 4967 ποτὲ,
1251 4900 1385 4954 ἀλλὰ
1410 4900 1631 4973 θηλείας
1666 4904 1902 4967 ἁπάσας.
1934 4905 2111 4977 Ὅπερ

535 4997 874 5069 ἐπιστάμενα
900 4997 969 5051 τὰ
988 4997 1132 5063 ζῶα,
1157 4998 1253 5051 καὶ
1279 4996 1514 5070 ἐρημίαν
1540 4997 1748 5051 τέκνων
1774 4997 2003 5063 δεδιότα,
2032 5001 2111 5063 εἰς

536 5091 791 5162 ἐπιγονὴν
814 5090 1019 5145 τέκνων
1058 5090 1283 5145 τοιαῦτα
1331 5092 1452 5163 δρᾷ.
1493 5091 1845 5162 Ἀντίπρωροι
1873 5090 1950 5161 τῷ
1975 5090 2111 5160 νότῳ

534 5185 815 5250 πέτονται,
863 5185 913 5237 εἰ
955 5184 1014 5237 δὲ
1056 5183 1130 5256 μὴ
1167 5185 1250 5256 εἴη
1285 5185 1455 5251 νότος,
1489 5182 1566 5253 τῷ
1616 5182 1759 5254 εῠρῳ
1817 5184 2108 5253 κεχήνασι,

534 5277 628 5330 καὶ
666 5276 729 5330 τὸ
779 5275 995 5347 πνεῦμα
1043 5275 1251 5347 εἰσρέον
1292 5274 1490 5347 πληροῖ
1526 5272 1728 5336 αὑτὰς,
1784 5273 1878 5326 καὶ
1921 5272 2110 5327 κύουσι

506 5348 698 5442 ιτριῶν
730 5368 884 5422 ἐτῶν.
922 5368 1052 5434 Quae
1080 5368 1322 5423 carmine
1352 5366 1585 5422 reddidit
1616 5367 1670 5420 in
1706 5364 1909 5420 lambis
1935 5365 2106 5421 Phile.

533 5463 807 5518 Adrianus
853 5460 1174 5527 Turnebus,
1231 5462 1324 5517 lib.
1359 5478 1524 5527 xxvr,
1572 5461 1739 5539 capit.
1781 5460 1855 5526 2,
1912 5470 1965 5517 et
2012 5462 2107 5517 lib.

533 5570 692 5618 nm,
722 5554 885 5625 capit.
942 5554 994 5619 5,
1046 5562 1100 5609 et
1146 5552 1524 5624 Dalccampius
1581 5555 1828 5609 scribunt
1867 5555 2111 5611 vultures

534 5660 760 5715 magnas
791 5662 919 5703 aves
959 5662 989 5701 a
1039 5646 1232 5703 Plauto
1271 5646 1325 5701 i-n
1367 5645 1600 5701 Rudente
1655 5655 1998 5718 nuncupatas
2054 5646 2110 5701 in

535 5737 643 5794 illis
681 5738 931 5795 versibus
965 5760 979 5794 :

2221 3231 2313 3284 dia
2343 3228 2512 3296 utilis,
2546 3229 2677 3283 nihil
2707 3228 2824 3298 igne
2851 3224 3154 3295 deperdens.
3197 3222 3295 3277 Est
3325 3230 3503 3276 autem
3530 3219 3667 3288 lapis
3696 3218 3800 3272 iste

2217 3336 2518 3391 pra'gnans,
2549 3319 2688 3373 intus
2717 3335 2835 3372 cum
2863 3301 3102 3387 quatias,
3139 3316 3245 3369 alie
3274 3313 3411 3368 velut
3440 3313 3495 3365 in
3519 3320 3669 3362 utero
3710 3329 3798 3365 so-

2219 3425 2394 3478 nante,
2420 3411 2509 3466 sed
2533 3413 2607 3467 vis
2632 3412 2729 3466 illa
2760 3410 2961 3464 medica
2982 3426 3086 3464 non
3113 3409 3216 3463 nisi
3240 3407 3363 3461 nido
3392 3405 3634 3463 direptis.
3659 3401 3797 3459 0'12

2216 3500 2427 3556 Plinius
2469 3516 2579 3555 non
2632 3500 2767 3556 satis
2821 3499 3131 3571 distinguit,
3187 3499 3315 3554 dum
3370 3505 3617 3567 gagatem
3666 3509 3799 3550 cum

2218 3592 2381 3648 aetite
2419 3591 2723 3647 confundit.
2754 3592 2991 3647 Consule
3038 3593 3216 3662 ipsum
3264 3591 3358 3647 lib.
3402 3604 3590 3653 xxxvi,
3624 3593 3796 3659 capit.

2216 3685 2280 3739 21
2318 3693 2372 3741 et
2406 3687 2569 3756 capit.
2599 3685 2683 3748 19,
2712 3684 2975 3741 Calenum
3011 3693 3064 3741 et
3105 3683 3498 3740 Dioscoridem.
3530 3681 3797 3753 Lapidem

2218 3778 2361 3832 hunc
2410 3777 2763 3849 Harpocratio
2821 3779 3222 3835 Alexandrinus
3267 3777 3555 3848 ocytocion
3611 3786 3795 3837 vocat,

2216 3870 2611 3941 distinguitque
2664 3872 2733 3927 ab
2787 3872 2952 3926 aetite
3004 3889 3019 3925 :
3074 3870 3381 3932 Ὠκυτόκιος
3440 3867 3589 3932 λίθος
3643 3866 3798 3920 ἐστὶν

2215 3963 2407 4027 ἐοικὼς
2432 3964 2511 4035 τῷ
2535 3965 2741 4037 ἀετίτῃ,
2779 3964 3099 4035 μικρότερος
3123 3963 3179 4016 δὲ
3219 3962 3451 4025 ἐκείνου,
3482 3961 3622 4030 πλὴν
3647 3960 3798 4030 ἁπη-

2212 4055 2343 4128 χῶν,
2369 4057 2444 4121 ὡς
2476 4058 2703 4120 ἐκεῖνος,
2737 4058 2795 4109 ὲν
2825 4056 2903 4128 τῷ
2936 4055 3201 4110 κινεῖσθαι
3235 4054 3385 4128 παρὰ
3408 4053 3470 4107 τὸ
3495 4049 3613 4116 οὖς.
3636 4053 3798 4105 Ἔστι

2212 4147 2268 4200 δὲ
2300 4146 2394 4202 καὶ
2431 4147 2573 4213 λεῖος
2598 4152 2664 4220 τῇ
2697 4147 2817 4221 θέᾳ.

2280 4264 2440 4325 lbid.,
2468 4263 2563 4318 lib.
2597 4263 2686 4319 '55.
2712 4264 2819 4318 Kal
2842 4264 3160 4319 ἀποτίκτει.
3188 4261 3421 4324 Plinius,
3453 4260 3550 4315 lib.
3582 4276 3639 4324 ι,
3665 4274 3795 4331 cap.

2211 4355 2245 4410 6
2288 4376 2301 4411 :
2363 4356 2525 4411 Fetus
2573 4356 2781 4428 quidem
2828 4366 3113 4412 cernuntur
3166 4355 3272 4426 fere
3320 4355 3451 4409 bini.
3490 4353 3796 4408 Umbricius

2210 4447 2516 4516 aruspicum
2566 4447 2848 4501 in'nostro
2881 4463 2989 4501 wvo
3029 4446 3381 4515 peritissimus
3410 4460 3599 4514 parere
3627 4446 3799 4498 tradit

2212 4555 2308 4592 ova
2328 4539 2434 4592 tria
2460 4554 2479 4592 :
2508 4554 2611 4592 uno
2639 4553 2704 4593 ex
2745 4539 2813 4593 iis
2860 4538 3061 4609 reliqua
3099 4555 3195 4593 ova
3224 4537 3508 4608 nidumque
3539 4538 3793 4604 lustrare,

2210 4646 2335 4684 mox.
2363 4630 2611 4700 abjicere.
2656 4630 2802 4686 Idem
2850 4631 3011 4687 habet
3062 4630 3290 4686 Aristot.
3330 4630 3408 4684 De
3445 4630 3572 4685 hist.
3601 4631 3792 4695 anim.,

2210 4740 2331 4794 cap.
2370 4724 2422 4779 6.
2457 4722 2686 4788 Tamen,
2719 4724 2813 4780 lib.
2867 4740 2940 4789 ιι,
2970 4739 3093 4795 cap.
3131 4724 3217 4787 11,
3252 4724 3445 4780 scribit
3476 4742 3491 4777 :
3528 4722 3657 4777 Edit
3690 4741 3793 4779 non

2210 4819 2328 4886 plus
2357 4835 2513 4888 quam
2543 4835 2703 4871 unum
2729 4834 2901 4882 ovum,
2921 4828 3013 4871 aut
3028 4817 3132 4871 duo
3148 4816 3577 4884 complurimum.
3596 4816 3732 4883 Quae
3746 4816 3790 4871 si

2212 4916 2463 4962 naturam
2485 4908 2667 4963 avium
2697 4918 2844 4964 recte
2875 4908 3208 4970 consideres,
3236 4908 3361 4976 quis
3389 4907 3465 4961 ita
3489 4907 3715 4977 iniquus
3733 4914 3792 4961 ut

2213 5013 2411 5069 negare
2444 4997 2642 5054 audeat
2678 5001 2947 5055 vulturem
2972 5014 3126 5053 avem
3153 5012 3251 5053 ova
3269 4998 3529 5068 gignere?
3553 4997 3624 5051 At
3641 4996 3791 5053 fuere

2212 5092 2304 5160 qui
2330 5089 2572 5146 dicerent
2599 5106 2693 5147 eos
2718 5106 2819 5146 ova
2857 5106 2967 5145 non
3008 5089 3316 5155 excludere,
3349 5089 3443 5145 sed
3477 5090 3660 5161 pullos
3690 5105 3789 5160 pa-

2211 5197 2354 5243 rere,
2383 5196 2587 5253 eosque
2613 5183 2795 5237 statim
2823 5197 2853 5236 a
2881 5191 3039 5252 partu
3065 5181 3317 5238 volatiles
3338 5197 3481 5239 esse.
3514 5180 3789 5248 Elianus,

2211 5275 2308 5332 lib.
2340 5289 2402 5341 ιι,
2427 5289 2548 5345 cap.
2583 5274 2652 5329 46
2676 5294 2690 5329 :
2722 5274 2906 5337 Γῦπας
2935 5274 2991 5327 δὲ
3020 5273 3094 5346 μὴ
3122 5273 3207 5329 ὠὰ
3228 5275 3431 5329 τίκτειν
3461 5274 3788 5345 πέπεισμαι,

2211 5369 2458 5432 νεοττοὺς
2497 5367 2552 5421 δὲ
2586 5366 2817 5421 ὠδίνειν.
2858 5367 2969 5420 Καὶ
3016 5366 3090 5430 ὡς
3147 5367 3255 5420 ἀπὸ
3285 5369 3478 5436 γενεᾶς
3510 5367 3791 5420 κατάπτεο

2214 5460 2297 5534 ροι
2318 5463 2442 5526 εἱσι,
2465 5461 2556 5514 καὶ
2584 5458 2740 5514 τοῦτο
2769 5459 2995 5529 ἥκουσα.
3024 5458 3090 5512 Et
3128 5458 3570 5530 Thcophylactus
3607 5459 3791 5514 Simo—

2211 5560 2389 5615 catus,
2437 5554 2493 5607 in
2537 5551 2739 5618 Quwst.
2773 5565 2975 5618 natur.,
3011 5557 3203 5622 quaest.
3240 5550 3294 5616 8,
3343 5551 3409 5605 de
3437 5551 3786 5605 vulturibus:

2210 5644 2323 5698 Καὶ
2366 5645 2607 5698 τίκτουσι
2650 5643 2784 5708 ζῶα,
2835 5645 2936 5697 οὐκ
2969 5643 3049 5696 ea:
3084 5642 3379 5713 bmvépta.
3413 5642 3508 5695 Διὸ
3540 5642 3790 5695 πλείστου

2211 5736 2404 5808 χρόνον
2433 5736 2603 5791 δεῖται
2634 5736 2667 5807 ἡ
2698 5735 2858 5804 φύσις
2889 5736 3025 5806 πρὸς
3058 5733 3197 5799 {Lbea
3230 5734 3658 5805 τελεσιουργίαν,
3683 5735 3791 5788 llo-
