4072 6342
309 263 406 318 901

308 356 589 428 λύκρατες.
637 356 883 411 Χαλεπὸν
924 356 1032 428 γὰρ
1080 358 1172 411 καὶ
1202 356 1318 412 λίαν
1343 358 1576 430 ἐργῶδες
1603 360 1668 429 τῇ
1697 357 1871 427 φύσει,
1905 366 1956 421 Α

306 459 435 513 etc.,
469 456 524 504 et
555 447 729 514 Phile,
764 450 820 503 in
853 447 1055 505 lambis
1084 466 1103 504 :

305 582 509 650 Θῆλυς
535 583 602 635 δὲ
631 582 749 649 πᾶς
774 584 919 654 γὺψ,
942 586 1039 639 καὶ
1070 586 1302 655 σπορᾶς
1335 585 1478 638 ἄνευ
1506 585 1653 639 κύει.

301 656 536 706 Χαίνωγ
554 655 661 722 γὰρ
693 656 1057 723 ἀντίπρωρος
1087 658 1247 724 ὑψοῦ
1277 656 1423 723 πρὸς
1452 656 1648 717 νότον,

298 724 716 792 Σινλλαμίῗάνει
745 726 809 778 τὸ
836 727 1088 794 πνεῦμα,
1125 727 1220 779 καὶ
1258 728 1454 793 τρίτου
1485 728 1704 791 χρόνου

297 794 633 865 Στροιοθοὺς
664 796 996 863 πτερωτοὺς
1028 796 1115 864 ἄρ’
1139 796 1256 849 ἀπὸ
1289 795 1517 865 μήτρας
1548 794 1763 863 ἐξάγει.

291 864 362 913 02'
388 863 565 935 ζῶσιν
588 865 767 929 εὐθὺς
793 865 861 928 ἐξ
884 863 1117 935 ὀνύχων
1153 863 1431 934 ἀρπάγων

294 921 558 1003 Πνίγους
584 921 807 989 uului»-
825 921 1164 1004 έύρεθέγτες
1192 921 1541 1003 κρείττονες.

369 1068 531 1135 lbid.,
562 1069 658 1122 lin.
684 1070 773 1124 53.
797 1071 947 1126 Φασὶ
972 1067 1039 1124 δὲ
1062 1070 1166 1126 τόν
1188 1072 1364 1142 γῦπα.
1389 1072 1597 1128 Plinius
1626 1072 1867 1127 vultures

293 1160 466 1213 odore
490 1157 686 1229 fugari,
725 1160 819 1215 lib.
856 1178 913 1227 ιι,
963 1177 1083 1231 cap.
1127 1162 1216 1229 45,
1255 1163 1464 1218 scribit.
1509 1163 1653 1218 ldem
1698 1159 1869 1217 Elia-

293 1269 423 1319 nus,
455 1251 548 1306 lib.
581 1267 661 1316 ιιι,
689 1268 811 1323 cap.
848 1252 897 1317 7,
924 1261 977 1308 et
1011 1254 1104 1308 lib.
1142 1270 1217 1319 ιν,
1242 1270 1361 1325 cap.
1400 1254 1494 1322 18;
1525 1256 1866 1323 Aristoteles,

292 1340 391 1393 lib.
422 1340 559 1407 Περὶ
594 1341 938 1409 θαυμασίων
982 1342 1392 1411 ἀκουσμάτων.
1440 1342 1865 1415 Theophrastus,

290 1432 392 1487 lib.
452 1431 531 1486 De
587 1433 889 1487 odoribus:
939 1436 1124 1489 Πονεῖν
1167 1435 1223 1487 δὲ
1276 1435 1394 1489 ἔνια
1441 1436 1690 1505 φαίνεται
1746 1441 1866 1502 ταῖς

288 1522 491 1595 ὀσμαῖς
527 1524 620 1578 καὶ
657 1527 775 1588 ταῖς
826 1525 1094 1593 εὐωδίαις,
1120 1529 1167 1580 εί
1197 1526 1391 1598 ἀληθὲς
1415 1528 1474 1580 τὸ
1504 1530 1596 1582 ἐπὶ
1630 1530 1736 1582 τῶν
1767 1547 1853 1598 γυ-

287 1614 416 1668 πῶν
465 1615 559 1667 καὶ
601 1615 904 1687 κανθάρων.
961 1617 1027 1670 Ει
1082 1619 1338 1673 collector
1386 1618 1720 1688 Geaponicor.
1770 1623 1860 1677 lib.

1312 263 1379 320 IN
1419 261 1787 319 EUSTATHII
1828 260 2301 319 HEXAEMERON
2324 264 2559 322 ΝΟΤᾸΕ.

3453 263 3552 317 9θὲ

2120 357 2337 413 Ciconia
2367 360 2527 412 etiant
2554 366 2729 428 grata,
2760 358 3052 427 peregrina,
3089 356 3313 424 hospita,

2115 428 2343 481 Pietatis
2373 427 2586 488 cultrix,
2618 430 2914 497 gracilipes,
2941 427 3270 499 glotoristria

2118 499 2243 552 Avis
2274 499 2426 551 exsul
2460 498 2666 561 hiemis,
2697 507 2804 555 etc.

1972 610 2209 666 Consule
2256 610 2480 665 Adriani
2519 610 2666 665 Junii
2699 611 3031 665 Animadver.
3068 610 3163 665 lib.
3189 627 3264 677 vl,
3296 625 3417 680 cap.
3465 611 3549 665 l5.

2044 702 2203 769 lbid.,
2250 703 2345 756 lin.
2401 704 2490 757 47.
2544 702 3110 771 Τετραυματισμέναι
3150 701 3277 770 γάρ.
3315 701 3429 767 Qua
3464 717 3537 753 ra-

1972 793 2117 848 tione
2166 794 2268 848 sibi
2321 794 2639 849 medeantur
2677 794 2900 847 ciconiae
2934 809 3056 848 cum
3086 794 3286 847 vulnus
3320 807 3547 862 accepe-

1970 879 2103 945 rint,
2134 879 2406 947 IElianus,
2434 881 2529 935 lib.
2566 898 2619 947 v,
2660 896 2781 951 cap.
2807 880 2911 945 46;
2944 891 2999 936 et
3028 882 3368 937 Aristoteles.

2020 971 2199 1043 _lbid.,
2230 973 2323 1026 lin.
2358 974 2446 1026 48.
2493 974 2632 1027 Ἐὰν
2678 973 2745 1025 δὲ
2778 973 3035 1042 γηράσῃ.
3091 973 3353 1038 Basilius,
3395 973 3542 1029 hom.

1970 1062 2003 1117 8
2030 1081 2041 1115 :
2088 1064 2311 1116 Ἐκεῖνοι
2338 1064 2425 1117 τὸν
2472 1066 2699 1136 πατέρα,
2730 1066 2834 1119 ὑπὸ
2864 1067 2955 1119 τοῦ
2994 1068 3177 1137 γήρως
3206 1070 3547 1139 πτερορρυή-

1971 1172 2160 1219 σαντα,
2192 1156 2547 1228 περιστάντες
2583 1160 2639 1211 ἐν
2678 1157 2881 1229 κύκλῳ,
2910 1159 3021 1221 τοῖς
3067 1160 3285 1222 οἰκείοις
3327 1164 3545 1232 πτεροῖς

1967 1246 2336 1311 διαθάλπουσι,
2378 1249 2472 1302 καὶ
2518 1250 2614 1313 τὰς
2666 1249 2870 1319 τροφάς
2917 1250 3162 1319 ἀφθόνως
3200 1253 3548 1320 παρασκευά-

1969 1338 2171 1408 ζοντες,
2210 1341 2307 1412 τὴν
2349 1341 2575 1413 δυνατὴν
2622 1342 2717 1395 καὶ
2762 1344 2818 1395 ἐν
2863 1346 2928 1413 τῇ
2976 1344 3169 1414 πτήσει
3217 1346 3543 1415 παρέχονται

1969 1429 2240 1501 βοήθειαν,
2273 1433 2454 1505 ἡρέμα
2479 1433 2554 1504 τῷ
2585 1434 2768 1506 πτερῷ
2796 1434 3139 1503 κουφίζοντες
3183 1438 3539 1509 ἑκατέρωθεν.

1966 1525 2075 1578 Καὶ
2126 1524 2267 1577 οὕτω
2299 1526 2455 1578 τοῦτο
2480 1525 2628 1597 παρὰ
2674 1529 2805 1579 πᾶσι
2850 1527 3227 1599 διαϐεϐόηται,
3263 1529 3401 1582 ὥστε
3440 1530 3543 1599 ἤδη

1964 1617 2107 1679 τινὲς
2134 1618 2231 1687 τὴν
2257 1617 2363 1669 τῶν
2406 1619 2853 1691 εὐεργετημάτων
2887 1618 3169 1681 ἀντίδοσιν,
3218 1620 3541 1691 ἀντιπελάρ·

289 1722 425 1762 XIV:
470 1707 845 1778 Ἀριστοτέλης
875 1710 1007 1781 φησι
1043 1710 1223 1779 γῦπας
1263 1711 1432 1783 μύρου
1463 1714 1602 1783 ὀσμῇ
1636 1713 1859 1766 ἀπόλλυ-

1964 1726 2132 1777 γωσιν
2169 1708 2509 1778 ὀνομάζουσι.
2543 1708 2955 1777 Aristophanes,
2984 1709 3039 1762 in
3068 1709 3265 1763 Avibus
3292 1727 3310 1763 :

292 1798 450 1851 σθαι·
492 1798 790 1870 κανθάρους
820 1800 875 1851 δὲ
905 1804 969 1871 τῇ
1004 1802 1144 1873 ὀσμῇ
1189 1802 1295 1856 τῶν
1341 1805 1528 1873 ῥόδων.
1572 1801 1723 1859 Εἶναι
1756 1805 1863 1877 γὰρ

286 1889 502 1953 τούτοις
536 1892 797 1962 σωτήριον
829 1891 925 1961 τὴν
962 1892 1244 1947 δυσωδίαν.

362 1979 523 2047 lbid.,
551 1983 644 2036 lin.
670 1984 757 2037 41.
798 1982 1005 2037 Ἦνίκα
1034 1984 1101 2038 δέ
1125 2002 1314 2055 φασιν
1339 1988 1571 2057 ἄνδρες.
1605 1988 1859 2055 Basilius,

284 2072 439 2128 hom.
472 2073 505 2128 8
532 2093 545 2128 :
578 2074 672 2139 Τίς
699 2077 809 2139 τοῖς
850 2075 982 2146 γυψὶ
1012 2079 1474 2147 προαπαγγέλλων
1517 2080 1624 2134 τῶν
1656 2081 1864 2153 ἀνθρώ-

288 2182 410 2218 πων
433 2165 526 2218 τὸν
566 2165 812 2231 θάνατον,
838 2167 966 2222 ὅταν
995 2171 1117 2221 κατ’
1151 2169 1392 2243 ἀλλήλων
1427 2172 1861 2244 ἐπιστρατεύσω-

293 2274 375 2309 σιν
403 2274 418 2322 ;
454 2257 612 2321 Ἵδοις
640 2258 749 2329 γάρ
773 2258 840 2311 ἂν
873 2259 1072 2331 μυρίας
1111 2261 1307 2330 ἀγέλας
1334 2262 1522 2331 γυπῶν
1553 2266 1664 2327 τοῖς
1703 2281 1864 2335 στρα-

286 2349 536 2413 τοπέδοις
580 2351 998 2422 παρεπομένας,
1050 2354 1113 2406 ἐκ
1159 2355 1257 2421 τῆς
1306 2355 1411 2409 τῶν
1460 2356 1635 2409 ὃπλων
1688 2375 1865 2428 παρα-

290 2441 492 2511 σκευῆς
543 2443 986 2515 τεκμαιρομένων
1038 2445 1137 2516 τὴν
1202 2445 1439 2500 ἔκϐασιν.
1504 2446 1646 2502 ldem
1703 2449 1864 2510 habet

290 2531 565 2597 Elianus,
593 2535 686 2589 lib.
734 2551 797 2597 ιι,
832 2538 997 2607 capit.
1033 2536 1145 2605 46;
1190 2537 1419 2603 Plinius,
1456 2539 1549 2595 lib.
1596 2557 1649 2604 ι,
1696 2543 1859 2611 capit.

288 2625 365 2679 6:
409 2624 608 2679 Triduo
662 2636 835 2681 autem
880 2638 1021 2693 ante,
1066 2641 1158 2684 aut
1206 2630 1363 2685 biduo
1409 2635 1584 2686 volare
1621 2651 1729 2699 eos,
1774 2636 1863 2689 ubi

289 2716 551 2771 cadavera
577 2718 760 2789 futura
786 2730 928 2776 sunt.
963 2720 1030 2777 Et
1058 2723 1283 2779 Plautus
1308 2724 1363 2779 in
1396 2724 1711 2781 Truculento
1738 2743 1756 2780 :

291 2805 440 2907 illud
460 2843 578 2887 est:
614 2835 727 2907 vide
756 2845 814 2889 ut
843 2837 951 2898 iant
978 2839 1133 2907 quasi
1160 2840 1392 2901 volturii,
1419 2841 1593 2893 triduo

290 2904 452 2957 Prius
482 2904 832 2973 pradivinant
860 2924 959 2978 quo
986 2904 1069 2962 die
1096 2912 1238 2963 esuri
1260 2912 1413 2964 sient.

2046 1818 2195 1870 Ἀλλ’
2220 1817 2392 1870 ἔστιν
2416 1818 2557 1885 ἡμῖν
2586 1818 2777 1870 τοῖσιν
2799 1817 3031 1883 ὄρνισιν
3058 1819 3240 1885 νόμος

2032 1887 2315 1953 Παλαιὸς,
2348 1890 2415 1940 ἐν
2438 1888 2558 1953 τοῖς
2596 1886 2712 1939 τῶν
2737 1886 3049 1955 πελαργῶν
3077 1891 3361 1955 κύρϐεσιν
3380 1907 3394 1921 ο

2046 1959 2100 2008 Ἐ
2104 1958 2227 2025 πὴν
2249 1961 2280 2009 ό
2308 1958 2500 2025 πατὴρ
2526 1962 2558 2011 ό
2582 1958 2876 2026 πελαργὸς
2903 1959 3342 2027 ἐκπετησίμους

2032 2028 2271 2093 Πάντας
2294 2028 2518 2095 ποιήσῃ
2552 2029 2691 2093 τοὺς
2722 2028 3097 2095 πε.ὶαργιδεῖς
3128 2030 3378 2098 τρέφων,

2031 2098 2132 2151 Δεῖ
2155 2099 2294 2163 τοὺς
2314 2098 2590 2164 νεοττοὺς
2613 2100 2718 2151 τὸν
2746 2098 2969 2165 πατέρα
3002 2099 3187 2152 πάλιν
3210 2100 3464 2169 τρέφειν.

1963 2210 2216 2266 Cieonias
2263 2210 2495 2279 juvenes
2566 2210 2680 2279 jam
2737 2212 3145 2266 senescentibus
3215 2214 3538 2282 parentibus

1964 2317 2122 2373 opem
2152 2301 2295 2356 ferre
2320 2316 2524 2371 eosque
2548 2302 2781 2357 educare
2826 2304 2994 2357 tradit
3032 2302 3206 2367 Plato,
3254 2304 3535 2361 Alcibiade

1962 2395 2131 2464 primo
2154 2393 2295 2448 κατά
2323 2393 2381 2446 τὸ
2422 2393 2605 2457 τέλος·
2640 2393 2961 2449 Aristoteles
2991 2394 3066 2447 De
3086 2396 3271 2450 histor.
3309 2399 3533 2451 animal.

1964 2486 2056 2540 lib.
2090 2500 2304 2556 Ix,cap.
2335 2486 2434 2549 15;
2467 2484 2740 2549 Etianus,
2764 2486 2857 2540 lib.
2885 2502 2969 2550 ιιι,
2990 2503 3111 2557 cap.
3146 2488 3237 2553 25,
3267 2496 3321 2543 et
3348 2489 3443 2544 lib.
3477 2507 3533 2554 x,

1962 2593 2085 2648 cap.
2119 2578 2219 2645 16;
2248 2578 2649 2642 Artemidorus,
2692 2578 2989 2633 Onerocrit.
3034 2582 3131 2635 lib.
3165 2596 3227 2647 ιι,
3273 2598 3394 2653 cap.
3431 2583 3534 2650 20;

1962 2666 2193 2731 Plinius,
2228 2668 2323 2721 lib.
2378 2683 2434 2731 ι,
2471 2684 2593 2738 cap.
2630 2668 2732 2733 23;
2782 2669 2983 2735 Herus,
3025 2671 3121 2726 lib.
3168 2688 3229 2740 ιι,
3266 2689 3386 2744 cap.
3428 2676 3532 2742 5i;

1962 2758 2138 2825 Philo,
2176 2760 2230 2813 in
2284 2758 2624 2827 Expositione
2669 2761 2953 2833 Decalogi;
3001 2762 3286 2835 Origenes,
3347 2777 3535 2821 contra

1964 2847 2197 2912 Celsum,
2223 2851 2313 2904 lib.
2338 2866 2389 2903 IV
2413 2869 2426 2915 ;
2446 2850 2832 2916 Philostratus,
2858 2854 2929 2908 De
2952 2856 3045 2910 vit.
3086 2856 3355 2925 Apollonii
3388 2859 3529 2928 Tya-

1964 2939 2066 3003 nei,
2093 2955 2215 3009 pag.
2256 2939 2354 3006 l9;
2389 2941 2622 2995 Basilius
2644 2941 2893 3012 Magnus,
2926 2953 3067 2998 orat.
3105 2947 3172 3001 de
3197 2948 3401 3002 honore
3421 2963 3531 3017 quo

289 3014 431 3109 95m
484 3016 648 3072 etiam
707 3016 878 3075 lberis
931 3019 1176 3076 vultures
1224 3020 1375 3077 luere
1430 3023 1665 3094 sepulcri
1718 3026 1857 3081 loco.
1890 3048 1931 3103 ρ
1966 3040 2094 3085 sunt
2135 3030 2397 3085 alliciendi
2424 3032 3161 3103 parentes;Epiphanius,in
3190 3014 3527 3109 Physinlogo,

290 3104 459 3161 Silius
492 3125 505 3160 :

360 3214 593 3292 Tellure,
616 3224 673 3269 ut
697 3217 997 3292 perhibent,
1024 3219 1069 3273 is
1100 3237 1211 3276 mos
1247 3223 1495 3292 antiquus
1528 3223 1686 3279 lbera

359 3284 625 3341 Exanima
656 3284 905 3343 obscenus
937 3293 1195 3344 consumit
1229 3284 1452 3363 corpora
1480 3296 1675 3350 vultur.

354 3399 517 3467 lbid.,
549 3401 646 3455 lin.
677 3401 767 3456 44.
796 3405 859 3456 οι
883 3403 952 3456 δὲ
980 3406 1283 3474 πελαργοί.
1319 3406 1571 3473 Basilius,
1606 3408 1752 3463 hom.
1777 3410 1810 3465 8
1842 3430 1854 3465 :

279 3494 361 3547 Τδ
388 3494 445 3548 δὲ
468 3494 577 3547 τῶν
606 3495 892 3567 πελαργῶν
919 3497 1039 3549 οὐδὲ
1085 3497 1274 3569 πόρρω
1324 3499 1442 3551 ἐστὶ
1488 3500 1749 3565 συνέσεως
1774 3503 1861 3555 λο-

284 3586 473 3657 γικῆς,
504 3585 645 3639 οὕτω
685 3587 781 3657 μὲν
805 3588 944 3643 κατά
973 3589 1061 3642 τὸν
1088 3589 1181 3643 ἕνα
1219 3590 1407 3661 καιρὸν
1439 3592 1645 3656 πάντας
1674 3594 1860 3666 ἐπιδη-

280 3682 408 3750 μεῖν
438 3680 551 3742 τοῖς
591 3679 717 3751 τῇδε
765 3680 1006 3751 χωρίοις,
1034 3680 1175 3734 οὕτω
1214 3682 1271 3735 δὲ
1308 3683 1395 3751 ὑφ’
1439 3684 1519 3736 ἑνὶ
1561 3685 1858 3757 συνθήματι

278 3772 492 3835 πάντας
538 3772 808 3843 ἀπαίρειν.
872 3772 1233 3844 Δορυφοροῦσι
1288 3774 1343 3827 δὲ
1387 3775 1583 3839 αὐτοὺς
1625 3778 1681 3829 αἱ
1732 3782 1858 3849 παρ’

278 3867 415 3937 ἡμῖν
456 3865 689 3937 κορῶναι
727 3866 820 3918 καὶ
846 3867 1326 3938 παραπέμπουσιν,
1360 3868 1481 3939 ἐμοὶ
1505 3869 1707 3935 δοκεῖν,
1767 3870 1860 3924 καὶ

278 3958 603 4030 συμμαχίαν
649 3958 771 4012 τινὰ
828 3958 1194 4031 παρεχόμεναι
1246 3960 1382 4033 πρὸς
1431 3961 1647 4034 ὄρνιθας
1703 3965 1861 4016 πολε-

281 4051 462 4122 μίους.
491 4050 721 4120 Σημεῖόν
746 4048 803 4102 δὲ
835 4048 1046 4123 πρῶτον
1095 4050 1191 4121 μὲν
1223 4051 1284 4103 τὸ
1334 4051 1406 4122 μὴ
1446 4052 1725 4121 φαίνεσθαι
1755 4054 1860 4107 ὑπὸ

273 4145 371 4196 τὸν
409 4141 599 4214 καιρὸν
640 4144 844 4196 ἐκεῖνον
880 4141 1124 4217 κορώνην
1156 4142 1534 4197 παντάπασινο
1574 4142 1741 4198 ἔπειθ’
1778 4146 1859 4198 ὅτι

280 4234 424 4306 μετά
467 4234 795 4305 τραυμάτων
847 4233 1271 4304 ἐπανερχόμεναι
1326 4233 1531 4305 ὲναργῆ
1584 4235 1676 4289 τοῦ
1736 4254 1860 4289 συν-

276 4326 558 4399 ασπισμοῦ
590 4328 684 4381 καὶ
714 4326 815 4397 τῆς
862 4325 1157 4397 ἐπιμαχίας
1194 4327 1263 4379 τά
1312 4331 1515 4398 σημεῖα
1553 4327 1851 4399 κομίζουσι.

1963 3138 2083 3192 cap.
2106 3122 2196 3177 25.
2224 3122 2357 3177 llinc
2376 3132 2560 3177 natum
2585 3124 2927 3193 proverbium
2946 3127 3382 3200 ἀντιπελαργεῖν,
3411 3146 3532 3184 mu-

1960 3220 2111 3266 tuam
2135 3212 2293 3267 oliicii
2324 3213 2497 3269 vicem
2532 3214 2850 3285 rependere.
2890 3215 3186 3280 Zenobius,
3240 3219 3527 3284 Erasmus,

1959 3303 2340 3368 Aristmnetus,
2382 3306 2476 3359 lib.
2505 3321 2542 3370 1,
2576 3306 2737 3375 epist.
2774 3307 2866 3371 25,
2891 3308 2954 3359 Τί
2988 3309 3041 3362 δὲ
3071 3311 3171 3363 οὐκ
3193 3311 3411 3381 ἔμελλον
3442 3313 3534 3383 ζή-

1960 3395 2059 3467 λην
2094 3399 2216 3468 ἐμοὶ
2238 3398 2525 3470 καθορῶσα
2541 3400 2639 3469 τὴν
2672 3400 2810 3470 ἐμὴν
2836 3402 3090 3473 ἀδελφὴν,
3118 3403 3186 3473 ἢν
3205 3407 3324 3467 ταῖς
3368 3407 3529 3476 ἐμαῖς

1960 3491 2251 3560 ἀνέτρεφον
2278 3490 2546 3557 ἀγκάλαις
2572 3507 2590 3557 ;
2617 3493 2852 3548 Τοιαῦτά
2877 3513 2965 3565 μοι
2996 3497 3300 3567 παράὑτῆς
3326 3499 3393 3551 τά
3407 3516 3531 3569 τροο

1960 3582 2262 3653 φεῖα,οὖτω
2290 3601 2355 3654 με
2379 3582 2473 3637 νῦν
2504 3585 2970 3658 ἀντιπελαργοῦσα
2996 3588 3209 3642 δικαίαν
3238 3590 3530 3645 ἀποδίδωσι

1959 3677 2135 3748 χάριν.
2162 3677 2227 3729 Ει
2254 3678 2446 3732 Crates
2478 3679 2702 3749 cynicus
2736 3681 2984 3737 scribens
3020 3682 3362 3752 llipparchia:
3394 3700 3529 3739 uxo-

1957 3771 2005 3824 ri
2034 3771 2101 3824 de
2133 3769 2240 3825 tilio
2274 3778 2423 3835 nato,
2481 3771 2770 3840 pollicetur
2825 3774 2928 3828 sibi
2987 3790 3132 3829 cura:
3162 3775 3430 3843 futurum,
3470 3788 3530 3834 ut

1960 3861 2114 3915 illum
2137 3862 2299 3915 matri
2325 3862 2591 3917 ciconiam
2621 3879 2720 3933 pro
2741 3880 2875 3919 cane
2910 3868 3152 3922 remittat
3182 3870 3237 3922 in
3278 3880 3524 3927 senecta.

1958 3950 2139 4007 llorus
2186 3951 2453 4007 ciconiam
2485 3953 2656 4009 solam
2701 3970 2766 4011 ex
2794 3958 3161 4013 animantibus
3195 3961 3402 4015 ratione
3430 3978 3526 4016 ca-

1958 4044 2208 4098 rentibus
2245 4043 2533 4098 educatam
2572 4059 2602 4097 a
2643 4047 2962 4114 parentibus
2995 4048 3185 4103 iisdem
3213 4066 3397 4119 parem
3434 4068 3523 4106 re-

1958 4133 2101 4188 ferre
2117 4134 2344 4205 gratiam
2368 4133 2519 4188 dicit.
2537 4134 2884 4202 Aristoteles,
2908 4139 3135 4203 Plinius,
3158 4140 3252 4195 lib.
3276 4156 3330 4205 χ,
3352 4157 3401 4195 c.
3419 4141 3521 4203 50;

1959 4226 2231 4293 Elianus,
2263 4243 2316 4280 ιιι
2348 4226 2425 4280 De
2466 4228 2653 4281 histor.
2718 4229 2907 4295 anim.,
2962 4246 3085 4301 cap.
3133 4232 3236 4300 30;
3276 4233 3524 4303 Meropas

1959 4318 2100 4373 idem
2149 4317 2328 4372 facere
2388 4319 2655 4374 scribunt.
2701 4319 2964 4390 Scaliger,
3000 4321 3293 4377 Exercitat.
3339 4334 3524 4378 contra

272 4416 513 4481 Plinius,
543 4417 639 4471 lib.
669 4433 723 4480 χ,
756 4430 874 4485 cap.
907 4414 968 4468 51
1008 4433 1021 4468 :
1058 4412 1285 4468 Ciconia:
1317 4433 1542 4485 quonam
1569 4434 1596 4471 e
1631 4417 1742 4471 loco
1772 4434 1854 4471 ve-
1887 4424 1929 4478 D
1956 4410 2283 4474 Cardanum.
2348 4412 2438 4475 25,
2512 4414 2577 4476 4,
2632 4413 2801 4467 refert
2858 4414 3171 4469 Africanum
3247 4417 3519 4471 vulturem

275 4505 455 4568 niant,
492 4513 583 4557 aut
621 4520 722 4574 quo
768 4519 822 4556 se
848 4501 1120 4570 conferant
1148 4503 1525 4573 incompertum
1552 4505 1721 4559 adhuc
1751 4515 1847 4560 est.

275 4594 329 4648 Ε
373 4594 655 4665 longinquo
685 4596 854 4649 venire
888 4611 989 4648 non
1030 4594 1267 4661 dubium,
1321 4594 1501 4650 eodem
1546 4614 1645 4667 quo
1696 4614 1850 4667 grues

274 4688 478 4742 modo:
507 4687 630 4741 illas
668 4688 888 4752 hiemis,
936 4687 1031 4741 has
1075 4689 1276 4742 (astatis
1319 4688 1567 4743 advenas.
1615 4689 1851 4744 Abitura:

275 4791 663 4851 congregantur
713 4781 765 4834 in
812 4782 924 4834 loco
989 4789 1167 4846 certo,
1228 4782 1591 4850 comitatazque
1644 4784 1740 4847 sic,
1794 4792 1851 4835 ut

276 4874 431 4927 nulla
474 4875 557 4927 sui
597 4872 796 4943 geheris
826 4874 1183 4943 relinquatur,
1227 4876 1329 4928 nisi
1365 4877 1568 4943 captiva
1604 4884 1651 4928 et
1678 4892 1848 4941 serva,

275 4981 377 5018 ceu
394 4963 502 5034 lege
538 4965 792 5032 praedicta
813 4964 897 5019 die
926 4964 1188 5019 recedunt.
1208 4968 1372 5019 Nemo
1390 4967 1518 5020 vidit
1538 4985 1719 5037 agmen
1734 4969 1849 5022 dis-

276 5055 569 5110 cedentium
594 5074 708 5110 cum
733 5058 1084 5112 discessurum
1120 5067 1369 5127 appareat
1393 5074 1411 5111 :
1433 5075 1523 5111 nec
1540 5060 1728 5124 venire,
1760 5060 1849 5114 sed

275 5148 479 5201 venisse
528 5149 823 5215 cernimus;
869 5160 1145 5219 utrumque
1195 5149 1463 5202 nocturnis
1505 5150 1565 5217 ﬁt
1610 5152 1851 5219 tempori-

277 5240 400 5292 bus.
434 5238 499 5292 Et
546 5242 778 5310 quamvis
824 5241 966 5294 ultra
1014 5244 1207 5295 citrave
1246 5242 1541 5311 pervolent,
1588 5259 1849 5312 nunquam

278 5344 461 5385 tamen
516 5333 781 5393 advenisse
832 5350 1053 5403 usquam
1103 5335 1207 5387 nisi
1254 5343 1410 5387 noctu
1458 5336 1845 5389 existimantur.

279 5422 535 5477 Pithonos
584 5440 763 5477 conten
816 5434 998 5477 vocant
1032 5424 1085 5476 in
1122 5425 1253 5476 Asia
1299 5424 1593 5491 patentibus
1628 5425 1848 5493 campis,

277 5514 368 5567 ubi
396 5526 719 5586 congregata?
748 5517 881 5569 inter
898 5533 957 5579 se
991 5524 1461 5578 commurmurant,
1495 5532 1708 5586 eamque
1735 5532 1851 5585 qua:

281 5609 569 5663 novissima
603 5611 811 5665 advenit
839 5612 1091 5671 lacerant,
1125 5618 1277 5679 atque
1303 5610 1378 5662 ita
1409 5609 1616 5663 abeunt.
1658 5609 1848 5666 Petro-

285 5702 408 5759 nius
440 5704 659 5760 Arbitcr
690 5704 769 5760 his.
809 5704 1059 5774 epithetis
1096 5703 1167 5757 ita
1201 5718 1318 5757 eam
1350 5703 1599 5757 honestat
1630 5721 1641 5754 ε

1954 4504 2139 4557 tandiu
2174 4504 2229 4557 in
2280 4504 2446 4574 Libya
2485 4515 2537 4558 et
2578 4503 2799 4558 Atlante
2855 4515 3039 4561 monte
3079 4508 3169 4560 ubi
3212 4523 3337 4561 eum
3381 4506 3522 4562 Sner

1951 4604 2171 4660 vocant,
2220 4598 2419 4663 vivere,
2456 4599 2635 4667 quoad
2676 4598 2855 4653 nudus
2907 4600 3153 4669 pennisa
3180 4600 3297 4655 suis
3343 4602 3522 4654 alatur

1952 4689 2137 4759 pullis.
2170 4687 2307 4743 Ilinc
2339 4690 2672 4759 lepidissime
2700 4691 2919 4759 jocatur
2966 4693 3020 4745 in
3060 4692 3298 4755 Grmcos,
3359 4693 3519 4762 quasi

1950 4795 2015 4834 ex
2036 4780 2159 4843 hac,
2184 4795 2345 4849 quam
2374 4780 2488 4850 ipse
2520 4790 2677 4835 vocat
2712 4797 2906 4837 novam
2942 4783 3226 4837 historiam
3257 4798 3357 4837 nec
3388 4798 3523 4837 con-

1952 4871 2319 4935 temnendam,
2353 4872 2660 4942 tingendum
2688 4875 2759 4929 sit
2803 4876 2871 4930 iis
2903 4874 3046 4927 aliud
3095 4890 3311 4938 nomen,
3355 4890 3521 4943 quam

1951 4962 2383 5033 ἁντιπελαργεῖν,
2412 4979 2605 5033 nempe
2630 4966 2957 5018 ἀντοιωνεῖν.
2988 4964 3111 5017 ΙΙιεο
3134 4974 3311 5017 tamen
3334 4970 3518 5017 tantus

1950 5054 2137 5117 homo,
2180 5054 2380 5109 Graecae
2413 5057 2610 5126 lingua
2640 5055 2950 5126 Latinaeque
3002 5066 3279 5110 corrector
3305 5064 3359 5109 et
3394 5070 3523 5125 pro-

1951 5154 2177 5216 pagator
2226 5146 2591 5219 ἀπορροιϐδεῖ,
2643 5149 2733 5200 καὶ
2788 5148 2965 5211 τοίους
2998 5149 3061 5200 ἑκ
3102 5146 3350 5217 τρίποδος
3375 5146 3518 5216 βδέει

1951 5238 2298 5304 λιϐανωτούς,
2328 5249 2380 5294 et
2406 5240 2508 5293 sibi
2546 5241 2683 5295 bene
2709 5241 2855 5296 olere
2881 5242 3113 5295 videtur.
3132 5239 3341 5293 Nomen
3368 5240 3539 5292 Grut»

1953 5330 2032 5384 cis
2062 5329 2420 5401 ellingendum
2456 5348 2487 5387 a
2516 5335 2728 5387 vulture
2761 5334 2973 5389 desumi
3004 5334 3180 5396 debet,
3214 5333 3372 5401 cujus
3418 5345 3518 5383 na-

1953 5430 2073 5476 tura
2115 5424 2498 5495 ingeniumque
2561 5429 2995 5496 exprimcndum,
3052 5443 3162 5481 non
3195 5426 3265 5479 ab
3302 5426 3515 5491 avibus,

1951 5531 2182 5585 quorum
2215 5519 2458 5587 plerique
2503 5520 2557 5572 in
2588 5527 2838 5588 parentes
2876 5521 3026 5590 impii
3059 5534 3182 5575 esse
3211 5518 3517 5589 deprehen-

1952 5606 2174 5662 duntur.
2201 5610 2336 5663 Cum
2361 5612 2503 5665 cnim
2528 5612 2849 5666 sententiam
2880 5612 3019 5667 hanc
3042 5629 3153 5681 pra:
3177 5628 3235 5668 se
3266 5610 3407 5666 ferre
3423 5610 3519 5663 de-

1952 5703 2096 5765 beat,
2118 5702 2266 5759 vices
2292 5704 2539 5760 videlicet
2567 5704 2812 5761 beneﬁcii
2847 5705 3162 5778 rependere,
3193 5705 3339 5777 quod
3372 5704 3519 5760 aliti-
