4072 6342
541 316 646 371 905

1871 297 2115 358 ιεοΝιδ
2149 297 2424 356 ΑιιΑτιι

3671 314 3778 371 9οι

544 425 648 480 bus
677 422 930 479 omnibus
961 437 1068 476 non
1107 419 1386 485 convenit,
1439 434 1548 474 non
1577 418 1644 473 ab
1672 417 1803 482 illis,
1841 414 1934 471 sed
1965 423 2106 472 a’re.
2139 413 2182 468 Α
2211 420 2451 481 pretatus
2478 421 2562 470 est
2589 415 2752 471 verba
2784 416 2970 474 Graeca
2997 417 3262 492 Georgius
3288 421 3468 477 Dousa
3507 422 3562 477 in
3593 421 3772 480 Geor-

544 518 613 571 de
639 531 744 587 qua
763 514 816 568 id
846 513 991 584 quod
1028 527 1124 582 per
1153 527 1352 566 nomen
1383 512 1687 581 explicatur
1714 507 1939 568 dicitur,
1972 514 2025 558 at
2045 502 2111 557 de

545 611 758 663 vulture
797 607 851 660 id
880 615 1092 659 tantum
1144 619 1334 659 verum
1369 618 1522 670 esse;
1567 599 1842 672 quomodo
1869 611 1998 667 ergo
2026 597 2111 649 ἀν-

545 702 782 754 τοιωνεῖν
806 698 859 753 id
890 699 1206 769 explicaret.
1257 695 1361 751 Sed
1414 695 1693 764 Scaligero
1725 693 1869 747 sicut
1915 697 2108 744 sonant

545 792 749 854 omnia,
779 792 852 845 ita
884 790 1095 857 ethoc;
1139 797 1193 844 et
1228 787 1470 857 Scaliger
1507 789 1580 840 ita
1631 783 1852 854 eflingit.
1890 779 2111 835 Grazcus

546 900 655 938 non
685 883 836 946 item,
860 882 974 952 qui,
1001 883 1046 936 si
1075 895 1105 934 a
1138 881 1354 934 vulture
1378 878 1430 932 id
1459 878 1620 932 vellet
1646 876 1898 939 formare,
1925 872 2111 942 utique

547 976 977 1042 neciucongrue
1023 971 1230 1026 diceret
1286 969 1678 1038 ἀντιγυπίζειν,
1742 976 1800 1021 ιιι
1860 975 2110 1020 naturam

544 1065 687 1119 banc
708 1063 941 1118 vulturis
964 1063 1312 1132 exprimeret,
1349 1059 1576 1115 sicutad
1605 1060 1829 1114 ciconia:
1861 1066 2110 1110 naturam

544 1149 953 1218 exprimendam
999 1146 1410 1217 ἀντιπελαργεῖν
1450 1145 1714 1200 vocabulo
1742 1158 1876 1198 usus
1909 1141 2105 1194 fuerat.

545 1239 626 1293 En
657 1239 930 1293 Grmculos
951 1239 1328 1307 sciolos,quos
1353 1246 1410 1291 tu
1441 1236 1580 1290 male
1613 1244 1804 1290 contra
1838 1233 1918 1285 fas
1941 1244 2105 1284 omne

545 1331 754 1387 laceras
784 1332 1025 1400 iniquus,
1081 1337 1201 1383 utut
1225 1335 1372 1392 sunt,
1401 1336 1522 1382 tuas
1545 1336 1724 1382 tamen
1747 1329 2106 1396 cognoscunt,

545 1435 600 1482 et
655 1426 924 1488 inscitias,
958 1433 1012 1480 et
1060 1431 1426 1493 nugamenta:
1458 1422 1581 1477 aliis
1614 1420 1822 1473 fumum
1853 1415 2106 1482 vendita;

546 1518 624 1574 illi
649 1519 821 1574 lucem
849 1516 1149 1588 possident.

617 1609 784 1682 Egre
817 1610 921 1665 fert
952 1611 1193 1664 calamus
1234 1606 1569 1660 ciconiarum
1599 1605 1654 1658 in
1695 1603 1984 1676 Byzantios
2015 1607 2111 1662 bew-

548 1702 726 1756 neficii
769 1717 877 1756 non
931 1698 1295 1760 comminisci,
1332 1713 1561 1767 quarum
1609 1712 1709 1767 ope
1757 1698 1950 1753 civitas
2012 1701 2103 1754 illa

547 1807 744 1847 noxam
779 1797 1092 1860 serpentum
1128 1788 1356 1858 depulit.
1402 1787 1588 1843 Dinmo
1622 1804 1858 1859 namque
1905 1789 2114 1862 Byzan-

548 1884 748 1938 tiorum
781 1882 919 1936 duce
958 1881 1176 1952 plurimi
1208 1881 1473 1936 dracones
1500 1880 1644 1933 illam
1677 1881 2024 1943 infestabant,
2059 1893 2111 1938 et

546 1976 839 2048 perniciem
870 1974 1080 2029 civibus
1109 1972 1432 2038 afl‘erebant;
1460 1988 1554 2028 eos
1584 1971 1928 2026 inductarum
1965 1975 2112 2028 cico-

545 2067 760 2118 niarum
795 2079 895 2134 ope
920 2061 1276 2117 sustulerunt.
1302 2059 1494 2113 Postea
1522 2073 1645 2113 cum
1678 2059 1904 2112 ciconiae
1935 2059 2111 2114 noxia:

544 2162 729 2210 essent
758 2153 967 2206 civibus
1022 2149 1315 2218 multisque
1349 2157 1576 2203 mortem
1629 2148 1909 2211 all‘errent,
1963 2149 2109 2218 quod

543 2251 824 2316 serpentes
861 2245 914 2297 in
941 2252 1133 2312 puteos
1157 2241 1465 2309 iujicerent,
1484 2240 1672 2309 sicque
1701 2255 1871 2308 aquas
1894 2239 2114 2296 infesta-

543 2345 688 2396 rent.
739 2336 820 2390 vel
845 2333 990 2405 quod
1021 2333 1074 2387 in
1105 2333 1252 2386 cives
1281 2332 1334 2384 in
1362 2331 1538 2385 triviis
1569 2331 1844 2400 insperato
1874 2332 2106 2402 projice-

543 2436 686 2489 rent,
719 2427 919 2496 populo
947 2432 1091 2477 metu
1110 2424 1295 2484 anxio,
1317 2430 1371 2478 et
1402 2422 1618 2476 concilii
1654 2421 1803 2492 inopi
1837 2439 1993 2493 opem
2019 2432 2108 2476 tu-

544 2519 605 2572 lit
629 2517 884 2588 Tyaneus
911 2515 1230 2584 Apollonius
1259 2513 1432 2567 tribus
1460 2511 1688 2567 ciconiis
1709 2527 1739 2566 e
1761 2513 1936 2581 lapide
1968 2513 2108 2568 inter

544 2625 605 2665 se
635 2607 883 2664 obversis
930 2605 1150 2669 erectis,
1183 2619 1304 2674 quae
1341 2603 1597 2674 deinceps
1631 2603 1753 2659 aliis
1783 2604 2008 2658 cicouiis
2041 2621 2107 2658 ne

545 2700 736 2754 urbem
768 2697 1128 2752 ascendereut
1159 2702 1316 2750 erant
1356 2695 1766 2764 impedimento.
1820 2693 1994 2764 Hujus
2023 2696 2108 2751 lui-

545 2791 730 2847 storias
758 2796 948 2843 auctor
979 2796 1062 2842 est
1089 2785 1389 2857 Hesychius
1421 2784 1664 2841 Milesius
1696 2787 1875 2841 libello
1909 2786 1981 2841 De
2024 2804 2106 2840 re-

546 2883 641 2937 bus
663 2882 852 2950 patriis
897 2878 1518 2946 Constantinopolitanis.
1547 2876 1722 2932 Verba
1773 2878 1892 2948 ejus
1925 2889 2055 2933 sunt
2086 2895 2101 2934 :

544 2973 754 3044 Μικρὸν
785 2971 882 3042 μὲν
927 2970 1150 3040 ὕστερον
1194 2967 1404 3032 διαδὰς,
1441 2966 1659 3023 Diximus
1694 2985 1909 3039 nempe.
1937 2970 1994 3021 ὲν
2035 2970 2102 3040 τῇ

543 3063 720 3128 πόλει,
745 3064 840 3117 καὶ
860 3064 986 3125 τοὺς
1005 3059 1312 3132 βαρϐάρους
1339 3059 1716 3130 ἀπωσάμενος,
1735 3060 1894 3123 αὐτὸς
1911 3062 2105 3132 ἐστρα-

543 3157 751 3226 τήγησε
781 3155 875 3208 τοῦ
907 3154 1077 3226 δήμου
1109 3153 1215 3206 τῶν
1253 3151 1576 3216 Βυζαντίων.
1614 3151 1752 3204 Καθ’
1779 3150 1871 3215 οὓς
1895 3151 1960 3223 δὴ
1987 3151 2110 3224 χρό-

543 3264 669 3310 νους
700 3246 795 3299 καὶ
819 3246 1126 3317 δρακόντων
1152 3244 1378 3296 πλεῖστα
1399 3242 1532 3311 γένη
1565 3242 1887 3314 ὲπεφοίτησε
1908 3245 1974 3314 τῇ
2008 3243 2107 3295 πό-

544 3338 648 3402 λει,
680 3337 756 3400 ὼς
776 3338 901 3399 τοὺς
929 3335 1208 3398 οἰκοῦντας
1237 3335 1403 3396 αὐτὴν
1428 3333 1831 3405 διαφθείρεσθαι
1865 3348 1878 3364 ·
1927 3333 2019 3398 οὓς
2045 3334 2109 3404 δὴ

545 3429 612 3498 τῇ
645 3424 754 3477 τῶν
783 3424 1129 3496 καλουμένων
1163 3424 1451 3495 πελαργῶν
1477 3423 1706 3495 ὀρνίθων
1748 3425 1986 3494 ἐπιφορᾷ
2033 3424 2110 3477 δι-

544 3519 866 3590 εχρήσαντο,
902 3516 1249 3580 Ποσειδῶνος,
1278 3515 1352 3579 ὥς
1372 3532 1522 3586 φασι,
1557 3517 2003 3587 συνεργήσαντος.
2032 3517 2107 3570 Οὐ

547 3608 687 3679 μετὰ
722 3607 856 3661 πολὺ
881 3607 937 3660 δὲ
966 3609 1060 3660 καὶ
1091 3607 1198 3662 τῶν
1228 3606 1456 3679 ὀρνίθων
1490 3607 1672 3670 αὐτοῖς
1718 3607 1936 3661 ἐναντία
1978 3623 2109 3677 φρο-

544 3701 800 3763 νούντων,
855 3702 950 3754 καὶ⁴
1002 3699 1247 3754 θανάτων
1300 3702 1478 3755 αἰτίαν
1509 3701 1841 3769 ἐπαγόντων,
1874 3699 1999 3762 τούς
2049 3717 2107 3752 τε

544 3790 937 3861 ἁλισκομένους
962 3792 1145 3854 αὐτοῖς
1163 3791 1312 3860 ὄφεις
1343 3791 1478 3862 πρὸς
1497 3791 1593 3856 τὰς
1609 3793 1715 3846 τῶν
1738 3792 1941 3846 ὑδάτων
1955 3791 2110 3857 δεξα-

547 3883 717 3956 μενὰς
767 3882 1171 3948 ἀκοντιζόντων,
1223 3883 1315 3947 καὶ
1370 3885 1482 3946 τοῖς
1506 3900 1570 3951 γε
1607 3883 1850 3946 πολίταις
1889 3882 2106 3954 ἀφανῶς

543 3975 961 4039 ἐπιϐαλλόντων,
987 3975 1044 4028 ἐν
1065 3975 1275 4046 ἀκρασίᾳ⁵
1301 3974 1584 4029 διετέλουν.
1630 3975 1792 4046 Ἀνὴρ
1814 3975 1872 4028 δέ
1899 3993 1981 4039 τις
2003 3977 2108 4028 τῶν

544 4067 612 4119 ὲκ
622 4065 862 4130 Τυάνων,
878 4063 1113 4134 τοῦνομα
1127 4063 1498 4127 Ἀπολλώνιος,
1517 4066 1580 4117 ὲκ
1595 4063 1741 4116 λίθου
1758 4064 1941 4129 ξεστοῦ
1961 4068 2108 4135 τρεῖς

545 4159 877 4228 ὰνεστήσατο
903 4157 1206 4228 πελαργοὺς
1227 4155 1652 4228 ἀντιπροσώπως
1675 4155 1920 4225 ἀλλήλοις
1939 4156 2107 4225 ὁρῶν-

546 4268 666 4314 τας,
701 4250 748 4303 οἳ
782 4249 874 4302 καὶ
907 4249 1065 4319 μέχρι
1097 4247 1206 4302 τῶν
1237 4247 1332 4301 νῦν
1373 4246 1684 4318 διαμένουσι
1733 4245 1843 4300 τῶν
1877 4247 2102 4315 χρόνων,

543 4341 607 4392 οὐ
639 4336 1042 4410 συγχωροῦντες
1087 4336 1431 4406 ὲπιφοιτῆσαι
1485 4337 1552 4404 τῇ
1596 4334 1746 4388 πόλει
1783 4335 1844 4387 τὸ
1873 4334 1981 4387 τῶν
2020 4351 2108 4388 πε-

2213 501 2284 570 gii
2311 501 2499 557 Co’dini
2529 505 2710 562 libello
2731 507 2809 562 De
2837 511 2989 564 rebus
3011 514 3201 582 patriis
3218 511 3768 585 Constantinopoleos,

2211 607 2334 646 cum
2365 594 2436 647 ita
2461 597 2778 666 scripserit:
2814 600 2935 655 Non
2968 603 3115 672 longe
3142 614 3280 671 post,
3311 621 3429 658 cum
3459 621 3578 659 aves
3604 609 3774 661 inimi.

2211 701 2327 737 cum
2355 688 2588 740 animum
2613 689 2926 756 induissent,
2951 703 3170 748 mortem
3200 696 3410 765 insuper
3424 697 3697 765 inferrent,
3725 709 3777 753 et

2212 784 2470 843 serpentes
2505 777 2558 829 in
2593 795 2731 848 aqua
2774 793 2954 849 captos
2986 784 3040 835 in
3069 785 3206 836 viam
3250 785 3515 853 publicam
3545 789 3776 857 projice-

2211 873 2344 926 rent,
2381 865 2514 918 cives
2539 875 2750 934 stupore
2779 870 3007 935 perculsi
3035 881 3206 924 erant.

2280 953 2439 1020 lbid.,
2473 955 2568 1009 lin.
2589 957 2676 1012 54.
2724 961 2792 1012 Αἱ
2833 959 2901 1013 δὲ
2936 960 3170 1032 γέρανοι
3199 962 3347 1031 ὁμοῦ
3378 962 3586 1019 πᾶσαι.
3629 965 3782 1023 Basi-

2211 1045 2337 1114 lius,
2384 1048 2530 1103 hom.
2567 1049 2629 1104 8:
2665 1052 2788 1115 Πῶς
2826 1055 2923 1123 μὲν
2958 1057 3011 1108 αἱ
3047 1056 3267 1127 γέρανοι
3296 1058 3394 1122 τὰς
3425 1061 3482 1112 ὲν
3521 1065 3588 1133 τῇ
3620 1067 3779 1117 νυκτὶ⁴

2211 1139 2455 1208 φυλακὰς
2505 1143 2569 1194 ὲκ
2621 1145 2953 1216 περιτροπῆς
2994 1148 3372 1218 ὑποδέχονται;
3425 1152 3515 1204 καὶ
3567 1155 3623 1207 αἱ
3677 1154 3775 1224 μὲν

2211 1229 2578 1296 καθεύδουσιν,
2599 1235 2654 1286 αἱ
2682 1235 2736 1288 δὲ
2759 1235 2940 1308 κΰκλῳ
2963 1229 3477 1309 περιῖοῦσαιπᾶσαν
3499 1230 3694 1308 αὐταῖς
3717 1248 3777 1300 ἐν

2208 1319 2286 1391 τῷ
2314 1320 2468 1394 ῦπνῳ
2493 1326 2816 1396 παρέχονται
2843 1329 2940 1400 τὴν
2961 1330 3280 1399 ἀσφάλειαν.
3307 1331 3440 1387 Εἶτα
3457 1335 3549 1388 τοῦ
3579 1336 3774 1410 καιροῦ

2209 1413 2308 1483 τῆς
2354 1414 2596 1486 φυλακῆς
2651 1418 3052 1490 πληρουμένου,
3106 1423 3139 1493 ή
3205 1423 3304 1493 μὲν
3342 1423 3585 1495 βοήσασα
3640 1429 3776 1498 πρὸς

2211 1500 2376 1558 ὕπνον
2405 1507 2693 1576 ἐτράπετο,
2725 1513 2757 1581 ἠ
2787 1510 2843 1563 δὲ
2865 1511 2961 1582 τὴν
2993 1512 3243 1585 διαδοχὴν
3277 1515 3669 1590 ὑποδεξαμένη,
3708 1516 3776 1592 ἦς

2212 1592 2398 1664 ἔτυχεν
2423 1595 2717 1665 ἀσφαλείας
2733 1600 3027 1654 ἀντέδωκεν
3053 1603 3110 1656 ὲν
3143 1603 3219 1672 τῷ
3251 1604 3424 1674 μέρει.
3450 1606 3668 1678 Ταύτην
3683 1609 3778 1661 καὶ

2217 1685 2273 1736 ὲν
2298 1689 2364 1756 τῇ
2383 1689 2578 1758 πτήσει
2595 1688 2692 1759 τὴν
2714 1690 2962 1756 εὐταξίαν
2991 1692 3234 1762 κατόψει.
3267 1694 3484 1748 Ἀλλοτε
3517 1697 3626 1768 γὰρ
3642 1698 3773 1768 ἄλλη

2216 1776 2314 1846 τὴν
2343 1777 2562 1849 ὀδηγίαν
2588 1782 2888 1851 ἐκδέχεται,
2923 1784 3015 1837 καὶ
3049 1787 3246 1840 τακτόν
3270 1805 3389 1842 τινα
3419 1790 3612 1860 χρόνον
3639 1807 3775 1860 προ-

2218 1863 2638 1938 καθηγησαμένη
2665 1868 2765 1939 τῆς
2796 1872 3064 1943 πτήσεως,
3099 1875 3180 1938 εἰς
3210 1875 3269 1929 τὸ
3302 1878 3529 1931 κατόπιν
3560 1881 3778 1950 περιελ-

2219 1955 2385 2009 θοῦσα
2420 1960 2484 2028 τῇ
2511 1958 2628 2028 μεθ’
2652 1961 2820 2033 αὐτὴν
2853 1964 2949 2032 τὴν
2975 1966 3271 2036 ἡγεμονίαν
3292 1969 3388 2039 τῆς
3414 1969 3533 2022 ὁδοῦ
3558 1971 3780 2042 παραδί-

2214 2044 2399 2100 δωσιν.
2434 2045 2643 2102 Similia
2678 2051 2869 2106 scribit
2901 2054 3244 2122 Aristoteles,
3293 2058 3387 2112 lib.
3436 2075 3488 2112 II
3523 2058 3601 2114 De
3647 2061 3774 2116 hist.

2216 2137 2405 2203 anim.,
2436 2154 2556 2208 cap.
2585 2141 2683 2208 10;
2713 2141 2944 2209 Plinius,
2973 2146 3070 2202 lib.
3102 2163 3157 2214 x,
3191 2163 3309 2218 cap.
3338 2149 3446 2217 23;
3491 2150 3666 2217 Phile,
3715 2155 3771 2209 in

2216 2229 2744 2300 1αηιὸἱε;ἂ]1ἱιιηιιε,
2779 2237 2876 2291 lib.
2913 2252 2952 2290 ιι
2982 2237 3060 2292 De
3081 2239 3205 2294 hist.
3238 2241 3426 2305 anim.,
3458 2259 3580 2313 cap.
3617 2246 3668 2298 i.

2284 2320 2402 2377 Col.
2438 2323 2559 2391 753,
2596 2325 2692 2379 lin.
2732 2327 2781 2382 ‘l.
2844 2329 2948 2382 Ἐν
2976 2328 3044 2382 δὲ
3072 2329 3153 2396 τῷ
3181 2331 3511 2387 καθεύδειν.
3539 2333 3774 2400 Plinius,

2214 2411 2308 2468 lib.
2339 2429 2397 2480 Χ,
2426 2430 2544 2486 cap.
2593 2416 2696 2484 25;
2750 2417 3100 2486 Plutarchus,
3149 2422 3229 2478 De
3280 2424 3461 2478 solert.
3525 2429 3777 2490 animal..-

2214 2502 2417 2569 Horus,
2442 2506 2540 2562 lib.
2571 2523 2631 2573 ιι,
2663 2523 2784 2579 cap.
2815 2509 2919 2577 94;
2969 2511 3315 2578 Aristoteles,
3347 2516 3442 2570 lib.
3478 2533 3553 2581 ix,
3583 2518 3659 2573 De
3693 2521 3776 2573 hi—

2213 2605 2344 2652 stor.
2402 2599 2648 2664 animal.,
2709 2617 2829 2671 cap.
2894 2602 2994 2670 10;
3041 2603 3337 2673 Gregorius
3374 2607 3776 2681 Nazianzenus,

2213 2697 2351 2742 orat.
2381 2689 2439 2754 2,
2472 2691 2538 2746 de
2593 2692 2922 2762 Tlteologia;
2959 2693 3236 2764 )Elianus,
3275 2702 3367 2756 lib.
3409 2717 3493 2767 ιιι,
3539 2704 3618 2759 De
3647 2706 3772 2760 hist.

2214 2784 2401 2850 anim.,
2435 2798 2556 2855 cap.
2590 2785 2687 2850 £3;
2720 2785 2988 2846 Maximus
3011 2790 3230 2863 Tyrius,
3258 2804 3397 2850 orat.
3424 2797 3528 2863 40;
3558 2797 3774 2877 Cicero,

2213 2887 2251 2926 ιι
2287 2871 2358 2927 De
2387 2883 2581 2928 natura
2632 2875 2892 2943 deorum;
2940 2879 3184 2945 Solinus,
3213 2883 3462 2942 Andreas
3508 2871 3776 2953 Alciattis,

2213 2965 2304 3019 lib.
2341 2965 2696 3037 il’arergon.,
2729 2983 2851 3039 cap.
2881 2969 2972 3034 9.0,
3005 2974 3096 3042 qui
3133 2984 3246 3028 tum
3273 2975 3342 3031 de
3379 2993 3575 3047 gruum
3611 2995 3779 3035 excu-

2212 3060 2337 3123 biis,
2388 3068 2503 3113 tum
2553 3061 2733 3115 volatu
2770 3071 3031 3120 tractant.
3062 3067 3125 3121 Et
3153 3067 3541 3135 Cassiodorus,
3563 3072 3658 3126 lib.
3694 3089 3776 3136 ix,

2208 3149 2368 3220 epist.
2402 3150 2436 3203 εὶ
2468 3169 2480 3204 :
2519 3149 2681 3207 Grues
2706 3155 2958 3209 moralem
2991 3167 3241 3212 noverunt
3278 3176 3517 3216 exercere
3555 3179 3777 3217 concor-

2209 3244 2353 3296 diam
2383 3259 2402 3297 :
2431 3245 2566 3298 inter
2602 3263 2732 3316 quas
2785 3247 2962 3302 nullus
3023 3251 3284 3319 primatus
3331 3257 3619 3324 queritur;
3647 3257 3776 3326 quia

2210 3333 2503 3402 iniquitatis
2534 3335 2762 3390 ambitus
2785 3354 2889 3391 non
2938 3338 3179 3395 habetur.
3242 3341 3474 3411 Vigilant
3517 3344 3773 3411 vicissim,

2210 3426 2470 3478 communi
2503 3443 2557 3480 se
2583 3429 2789 3482 cautela
2823 3429 3145 3496 custodiunt,
3182 3433 3289 3500 ipse
3309 3444 3493 3502 pastus
3535 3437 3776 3492 alternus

2208 3525 2304 3570 est.
2338 3514 2426 3570 Sic
2454 3515 2620 3571 honor
2643 3519 2804 3574 nullis
2829 3520 3104 3585 adimitur,
3137 3521 3263 3574 dum
3303 3525 3479 3577 omnia
3511 3526 3607 3578 sub
3639 3544 3784 3579 com-

2210 3607 2451 3661 munione
2479 3618 2770 3665 servantur.
2797 3610 2894 3664 llis
2917 3612 3076 3665 etiam
3104 3611 3308 3667 volatus
3331 3613 3527 3667 vicaria
3555 3620 3780 3686 a'quali-

2211 3706 2316 3751 tate
2345 3698 2661 3766 disponitur,
2707 3703 2898 3755 ultima
2925 3703 2988 3771 [it
3024 3704 3219 3771 prima,
3263 3713 3312 3757 et
3341 3721 3456 3775 qute
3487 3707 3778 3772 primatum

2211 3791 2375 3842 tenuit
2397 3807 2508 3845 esse
2532 3794 2788 3860 posterior
2816 3811 2917 3847 non
2949 3803 3174 3850 recusat.
3220 3794 3308 3849 Sic
3336 3797 3567 3866 quadam
3627 3814 3781 3852 com-

2210 3880 2452 3934 munione
2495 3882 2709 3936 sociata:
2731 3882 2832 3936 sibi
2869 3885 2981 3936 sine
3015 3885 3219 3954 regibus
3251 3885 3626 3956 obsequuntur,
3659 3889 3781 3943 sine

2209 3968 2483 4023 dominatu
2507 3981 2711 4039 parcnt,
2738 3975 2848 4026 sine
2876 3984 3073 4028 terrore
3119 3977 3470 4042 famulantur.
3513 3978 3780 4033 Volunta-

2208 4061 2303 4113 ria:
2349 4059 2616 4114 serviendo
2675 4061 2850 4116 libera:
2890 4073 3033 4128 sunt,
3071 4073 3120 4118 et
3151 4066 3368 4119 invicem
3401 4084 3456 4122 se
3503 4069 3778 4139 diligendo

2208 4152 2533 4206 muniuntur.
2555 4152 2790 4215 Quarum
2814 4170 2987 4207 rerum
3015 4157 3316 4223 scriptores,
3354 4175 3529 4212 rerum
3555 4172 3778 4215 natura-

2209 4241 2335 4292 lium
2364 4250 2686 4308 contuentes,
2735 4243 2975 4314 politiam
3008 4246 3392 4316 quodammodo
3442 4251 3578 4303 inter
3631 4253 3774 4318 ipsas

2206 4347 2316 4384 esse
2348 4347 2776 4402 commemorant,
2794 4355 2923 4404 quas
2940 4340 3100 4393 civica
3127 4341 3318 4408 affectu
3341 4342 3502 4395 vicere
3523 4359 3776 4413 cognove-

547 4428 765 4500 λαργῶν
817 4428 990 4496 γένος.
1035 4424 1165 4491 Quae
1197 4439 1477 4495 perperam
1507 4425 1664 4478 aliter
1694 4421 1886 4477 Latine
1933 4423 2103 4477 inter-
2136 4440 2182 4498 ο
2209 4429 2351 4475 runt.
2405 4422 2559 4488 Quod
2612 4433 2792 4478 autem
2848 4429 3000 4480 multi
3048 4436 3270 4482 narrant
3316 4429 3383 4484 de
3418 4430 3618 4500 lapide,
3661 4450 3775 4502 quo

551 4530 758 4590 pretata
792 4527 938 4582 sunt,
984 4533 1108 4572 cum
1141 4517 1422 4572 sententia:
1479 4514 1722 4568 auctoris
1767 4513 1968 4570 Graecae
1997 4513 2101 4568 La-

551 4615 664 4667 tina
694 4624 802 4664 non
832 4607 1217 4677 respondeant.
1251 4603 1369 4660 Non
1400 4604 1545 4660 enim
1579 4605 1805 4661 ciconia:
1839 4621 1905 4661 ex
1945 4607 2102 4676 aquis

547 4700 907 4756 extrahebaut
959 4703 1259 4767 serpentes,
1317 4711 1454 4765 quos
1509 4695 1566 4749 in
1602 4696 1807 4766 plateas
1860 4696 2104 4766 publicas

549 4794 906 4868 Pr0iicercnt;
946 4789 1040 4844 sed
1072 4787 1297 4842 ciconia:
1333 4787 1576 4841 sublatos
1635 4795 1937 4856 serpentes,
1979 4802 2106 4856 par-

549 4887 648 4940 tim
679 4887 732 4939 in
764 4891 979 4954 puteos,
1013 4880 1127 4934 sive
1158 4878 1428 4932 cisternas
1466 4876 1842 4940 demittebant.
1871 4893 2102 4947 quorum

549 4991 758 5031 veneno
789 4989 943 5044 aquae
972 4970 1376 5033 inliciebantur,
1415 4967 1643 5037 ideoque
1669 4969 1880 5025 civibus
1911 4969 2105 5024 biben-

549 5069 695 5123 tibus
718 5067 912 5129 uoxiaz,
945 5064 1028 5118 vel
1056 5062 1244 5116 saltem
1269 5070 1538 5131 suspecta:
1565 5059 1947 5125 reddebantur,
1981 5077 2105 5130 par—

550 5164 646 5215 tim
682 5174 845 5229 super
863 5158 1009 5227 ipsos
1041 5156 1186 5210 cives
1212 5153 1357 5208 aliud
1384 5160 1630 5222 agentes,
1664 5152 1747 5207 vel
1782 5153 1949 5208 rebus
1979 5152 2102 5206 aliis

553 5253 606 5306 in
651 5252 827 5306 triviis
877 5257 930 5304 et
970 5249 1164 5318 plateis
1215 5245 1445 5316 publicis
1500 5243 1873 5300 incumbentes
1909 5253 2101 5313 praeter

552 5360 724 5414 spem,
761 5355 813 5397 et
836 5342 1115 5411 absqueeo
1141 5337 1284 5407 quod
1316 5337 1417 5406 ipsi
1453 5335 1505 5389 id
1527 5336 1905 5402 odorat-catur,
1930 5337 2106 5406 conji-

553 5435 785 5489 ciebant.
809 5429 987 5498 Quare
1013 5433 1161 5484 cives
1191 5435 1245 5482 et
1291 5434 1436 5480 metu
1477 5427 1722 5496 periculi,
1775 5435 1829 5480 et
1882 5429 2103 5482 remedii

552 5525 748 5595 ignari,
767 5523 1019 5577 maximis
1036 5521 1366 5590 urgebantur
1387 5519 1674 5586 angustiis.
1701 5518 1871 5573 Simili
1897 5534 2100 5583 errore,

551 5629 605 5669 et
633 5615 748 5684 pari
787 5613 1064 5670 seutemi'aa
1090 5611 1427 5683 ignoratione
1449 5610 1503 5665 in
1544 5610 1811 5665 similibus
1840 5611 2020 5676 verbis
2051 5621 2105 5666 et

553 5705 746 5763 eadem
781 5705 1028 5770 materia,
1059 5703 1303 5774 quamvis
1337 5701 1393 5757 in
1435 5709 1653 5757 auctore
1677 5700 1890 5759 diverso
1923 5703 2096 5758 inter-

2205 4525 2368 4578 grues
2410 4521 2669 4583 tanquam
2723 4513 3038 4570 fulcimento
3085 4526 3332 4582 utuntur,
3380 4519 3510 4572 dum
3562 4521 3768 4585 volant,

2207 4601 2403 4657 falsum
2458 4603 2584 4660 esse.
2620 4605 2751 4659 dicit
2797 4606 3137 4673 Aristoteles,
3201 4609 3295 4663 lib.
3346 4626 3465 4671 vni,
3520 4608 3598 4664 De
3641 4613 3766 4666 hist.

2207 4699 2392 4761 anim.,
2425 4713 2546 4768 cap.
2579 4696 2676 4752 12:
2714 4695 2815 4751 Sed
2852 4700 3024 4752 avium
3047 4716 3220 4769 grues,
3263 4711 3318 4752 ut
3345 4701 3543 4754 dictum
3573 4713 3673 4764 est,
3706 4719 3770 4756 ea:

2206 4791 2406 4844 ultimis
2431 4791 2483 4843 in
2505 4790 2696 4843 ultima
2725 4789 2936 4856 abeunt,
2975 4792 3150 4844 colant
3179 4793 3312 4860 ﬂatu
3336 4793 3584 4848 secundo.
3617 4795 3768 4860 Quod

2206 4880 2268 4934 de
2295 4880 2466 4950 lapide
2503 4889 2746 4944 narrant,
2791 4879 2985 4948 falsum
3019 4890 3118 4942 est,
3147 4882 3369 4950 lapidem
3402 4885 3541 4935 enim
3571 4901 3660 4937 eas
3690 4895 3766 4938 te-

2208 4989 2324 5025 nere
2355 4971 2680 5041 fulcimento,
2717 4987 2864 5040 quem
2893 4971 2980 5023 ubi
3008 4971 3278 5038 deciderit,
3312 4975 3481 5042 accipi
3502 4975 3681 5028 utilem
3699 4975 3768 5026 ad

2207 5065 2326 5118 auri
2339 5063 2697 5133 probationem
2730 5063 2901 5115 aiunt.
2946 5063 3130 5134 Neque
3168 5066 3385 5121 silentio
3433 5075 3766 5136 praetereun-

2207 5155 2333 5209 dum
2395 5152 2540 5224 quod
2587 5152 2762 5209 Julius
2800 5152 3044 5225 Scaliger
3089 5156 3141 5208 in
3195 5155 3421 5211 Poeticis
3455 5159 3510 5211 in
3546 5155 3765 5212 Graacos

2207 5245 2606 5301 animadvertit.
2648 5243 2907 5299 Fabulam
2931 5261 3052 5301 esse
3078 5247 3384 5316 grzrculam,
3419 5264 3541 5317 quas
3568 5247 3766 5302 Home-

2205 5351 2301 5390 rus
2329 5333 2496 5389 refert
2520 5333 2587 5388 de
2626 5349 2818 5404 gruum
2870 5350 2992 5388 cum
3047 5338 3304 5406 pygmaais
3359 5352 3557 5407 pugna.
3609 5337 3765 5402 Quod

2207 5443 2328 5484 cum
2382 5435 2528 5482 esset
2573 5424 2941 5490 Homericum,
2971 5428 3040 5482 ab
3084 5427 3316 5483 Ilomero
3354 5429 3580 5494 dictum,
3631 5431 3763 5485 nihil

2207 5520 2404 5574 mirum
2448 5518 2492 5573 si
2521 5534 2628 5572 non
2673 5518 2876 5573 arridet
2903 5517 3194 5590 Scaligero.
3229 5520 3362 5574 Illud
3396 5522 3592 5575 mirum
3623 5537 3762 5592 quo-

2207 5610 2368 5664 modo
2400 5610 2479 5663 illi
2518 5625 2624 5663 non
2649 5609 2914 5674 arriserit,
2953 5611 3090 5665 idem
3125 5609 3424 5668 afﬁrmante
3446 5615 3760 5669 Aristotele.

2207 5701 2305 5755 llic
2335 5714 2587 5770 namque,
2644 5700 2736 5754 lib.
2774 5717 2869 5756 vin
2893 5702 2994 5775 _De
3031 5701 3154 5758 hist.
3190 5705 3378 5760 anim..
3420 5721 3537 5766 cap.
3578 5705 3644 5761 12
3676 5706 3758 5760 vel
