4072 6342
287 296 395 353 905

1410 297 1474 350 IN
1511 295 1880 351 EUS'I'ATHII
1921 295 2391 351 IIEXAElIEIlON
2429 291 2655 352 NCT/1'7.

3421 299 3523 354 906

289 411 376 476 I5,
397 419 458 466 ut
483 410 600 464 vult
646 409 904 480 Scaliger,
951 412 1023 465 ita
1057 412 1268 474 scribit,
1314 411 1466 464 Ἔστι
1522 411 1580 464 δὲ
1621 412 1647 463 6
1692 413 1854 475 τόπος
1887 430 1920 475 Α
1957 413 2135 481 pluvia
2175 417 2364 466 divino
2399 414 2630 482 quodam
2662 414 2882 467 numine
2922 427 3084 466 canes
3135 413 3420 470 latratibus
3450 417 3528 469 ci-

284 499 437 568 οὗτος
457 502 586 574 περὶ
617 502 676 555 ὃν
711 505 759 555 oi
788 505 1058 574 Πυγμαῖοι
1096 503 1455 557 κατοικοῦσιν.
1480 504 1553 556 υύ
1587 504 1695 570 γάρ
1740 506 1854 556 ἐστι

284 596 441 651 τοῦτο
474 595 661 667 μῦθος,
690 595 802 648 ἀλλ’
831 595 944 649 ἔστι
973 597 1112 649 κατὰ
1132 597 1230 667 τὴν
1262 579 1517 665 ἀλήθειαν
1539 635 1554 659 ,
1583 595 1738 663 γένος
1768 614 1856 666 μι·

285 688 414 762 κρὸν
451 687 550 759 μὲν
586 685 774 759 ὥσπερ
826 688 1062 755 λέγεται,
1106 689 1200 742 καὶ
1245 687 1396 742 αὐτοὶ
1448 689 1541 740 καὶ
1591 689 1640 740 0i
1672 689 1849 751 ἵπποι,

285 779 648 851 τρωγλοδύται
676 779 720 831 δ’
744 781 852 832 εἰσὶ
873 779 964 832 τὸν
993 780 1121 848 βίον.
1154 781 1397 844 Quorum
1429 793 1491 833 ca
1518 790 1602 834 est
1635 786 1856 833 senten-

281 874 380 936 tia,
413 871 470 926 I's
497 871 641 925 locus
659 882 758 934 est,
791 887 942 940 quem
971 873 1194 942 pygnuei
1223 871 1465 924 habitant
1489 886 1504 922 :
1532 886 1691 940 neque
1714 871 1851 924 enim

278 967 378 1020 hoc
437 965 618 1035 fabula
650 975 749 1030 est,
798 965 888 1018 sed
920 974 997 1017 est
1046 964 1330 1018 secundant
1361 965 1650 1026 ceritatem,
1695 980 1853 1033 genus

275 1058 552 1128 pusillum,
573 1065 629 1109 ut
657 1055 887 1110 traditur
911 1063 963 1109 et
991 1056 1112 1124 ipsi,
1142 1066 1190 1110 et
1220 1056 1355 1126 equi,
1381 1066 1430 1107 et
1461 1066 1518 1108 ut
1547 1055 1854 1125 troglodyta:

278 1151 472 1220 reliqui
511 1149 674 1202 vitam
706 1149 919 1218 degunt.
955 1144 1164 1212 Quibus
1220 1145 1403 1200 verbis
1447 1144 1578 1215 quid
1623 1141 1853 1197 manife-

279 1243 642 1311 stius?ncgat
673 1254 796 1294 esse
826 1238 1084 1303 fabulam,
1116 1237 1406 1292 conﬁrmat
1435 1236 1735 1291 secundum
1763 1251 1853 1289 ve-

277 1335 500 1390 ritatem
551 1333 623 1385 ita
658 1345 719 1385 se
772 1329 991 1396 habere,
1049 1329 1195 1399 quod
1234 1328 1396 1397 vulgo
1448 1326 1850 1390 circumfertur,

277 1440 576 1500 pygmaaos,
605 1437 907 1494 eorumque
935 1437 1106 1492 equos
1141 1421 1367 1490 pusillos
1387 1436 1528 1476 esse.
1566 1418 1851 1485 Quomodo

275 1535 412 1591 ergo
436 1517 655 1572 fabula?
675 1518 786 1581 Ait,
815 1514 1200 1585 philosophum
1234 1527 1448 1581 semper
1489 1511 1849 1575 moderatum,

275 1623 335 1667 et
363 1609 689 1682 prudentem
721 1607 858 1663 illud
901 1606 1178 1662 addidisse
1206 1603 1394 1676 ὥσπερ
1422 1603 1662 1671 λέγεται.
1692 1603 1852 1658 Certe

275 1716 382 1756 nec
396 1699 705 1756 Aristotelis
727 1705 962 1753 mentem
983 1711 1083 1753 nec
1099 1695 1425 1752 sententiam
1442 1699 1728 1749 assecutus
1747 1700 1850 1749 est.

1957 515 2048 555 ves
2085 493 2196 569 jam
2259 517 2451 556 somno
2500 502 2705 570 sopitos
2763 502 3106 566 excitarunt;
3160 504 3358 572 quibus
3403 520 3526 559 cum

1955 592 2253 662 lampades,
2289 610 2384 648 seu
2419 594 2591 647 nubes
2623 609 2863 647 accensa:
2889 593 3183 662 periculum
3211 594 3321 662 jam
3350 597 3522 649 iinnii-

1959 698 2093 738 nens
2137 684 2506 738 ostendissent
2552 686 2716 737 alacri
2745 685 2926 737 animo
2956 685 3168 738 hostem
3213 684 3280 738 ab
3316 685 3402 738 illa
3437 678 3527 740 uri—

1954 776 2040 832 bis
2093 777 2375 832 obsidione
2416 777 2749 847 repulerunt.
2789 777 3075 832 llesichius
3119 776 3381 840 Milesius.
3429 781 3520 834 lib.

1956 863 2032 918 De
2079 865 2232 919 rebus
2278 868 2463 934 patriis
2517 866 3112 936 Constantinopolitanis
3155 884 3173 922 :
3221 865 3528 942 Ἐφόὖπερ

1953 956 2212 1022 Φίλιππος
2263 961 2292 1011 6
2343 960 2450 1012 τῶν
2497 960 2822 1013 Μακεδόνων
2875 961 3148 1030 βασιλεὺς,
3190 963 3218 1014 6
3265 962 3522 1032 Ἀμύντου

1955 1051 2082 1112 παῖς
2113 1049 2368 1118 γεγονὼς,
2403 1051 2601 1123 πολλὴν
2637 1055 2976 1124 ἐπαγόμενος
3006 1055 3231 1126 δύναμιν
3277 1056 3523 1126 ἐπολιόρο·

1955 1157 2039 1192 κει
2069 1142 2166 1212 τὴν
2201 1143 2372 1206 πόλιν,
2407 1143 2623 1215 διώρυξι
2667 1162 2725 1198 τε
2768 1147 2861 1200 καὶ
2905 1151 3173 1211 παντοίοις
3215 1149 3526 1220 πολεμικοῖς

1959 1234 2315 1304 μηχανήμασι
2357 1238 2469 1298 τοῖς
2506 1237 2708 1306 τείχεσι
2745 1239 3153 1309 προσπελάζων.
3201 1241 3310 1293 Καὶ
3359 1242 3424 1314 δὴ
3460 1243 3525 1296 ἂν

1953 1325 2158 1394 ταύτην
2209 1325 2375 1389 ἐξεῖλε
2422 1328 2610 1392 νυκτὸς
2659 1329 3045 1400 ἐπιλαϐόμενος
3090 1333 3345 1403 ἀσελήνου
3372 1372 3386 1396 ,
3433 1337 3525 1387 καὶ

1955 1416 2159 1488 ὄμϐρου
2211 1421 2650 1490 καταρραγέντος
2701 1421 2959 1485 ἐξαισίου,
3012 1426 3058 1476 εἰ
3107 1427 3179 1496 μή
3227 1443 3309 1488 τις
3345 1428 3523 1489 αὐτοῖς

1955 1510 2050 1562 τοῦ
2087 1510 2231 1564 Θείου
2263 1512 2448 1580 γεγόνε
2483 1513 2767 1584 συμμαχία
2793 1515 2916 1578 τοὺς
2958 1515 3098 1570 κατὰ
3124 1518 3220 1589 τὴν
3249 1518 3397 1570 πόλιν
3426 1519 3513 1571 κύ-

1953 1622 2049 1668 νας
2077 1605 2212 1677 πρὸς
2245 1605 2446 1678 ὑλακὴν
2485 1607 2880 1679 ἁναστήσαντος
2900 1649 2914 1671 ,
2959 1611 3050 1662 καὶ
3083 1611 3307 1679 νεφέλας
3357 1612 3524 1682 πυρὸς

1954 1701 2068 1762 τοῖς
2122 1698 2389 1770 ἁρκτῴοις
2442 1701 2809 1769 ἐπαγαγόντος
2847 1703 3098 1774 μέρεσινο
3147 1703 3205 1770 ἐξ
3248 1700 3416 1776 οὗπερ
3471 1710 3518 1758 οἱ

273 1791 526 1864 Namque
550 1791 684 1846 illud
709 1790 898 1862 ὥσπερ
920 1789 1158 1857 λέγεται,
1190 1796 1246 1843 et
1274 1801 1382 1841 una
1403 1800 1616 1842 mecum
1644 1785 1847 1840 Aristo-

1953 1790 2112 1861 δῆμοι
2141 1791 2525 1864 διεγερθέντες,
2553 1795 2645 1846 καὶ
2687 1794 2900 1865 θερμῶς
2934 1799 3046 1859 τοῖς
3087 1796 3362 1868 πολεμίοις
3402 1815 3523 1851 συν-

275 1885 403 1940 telis
423 1885 606 1949 verba,
637 1883 824 1948 lector,
850 1881 1156 1945 considera,
1192 1895 1300 1934 non
1331 1877 1566 1934 refertur
1597 1875 1662 1931 ad
1701 1876 1854 1930 labu-

275 1978 407 2042 lam,
456 1975 614 2046 quasi
659 1974 788 2030 velit
842 1973 1165 2030 Aristoteles
1230 1985 1599 2042 pygmzeorum
1650 1968 1870 2023 famam.

276 2085 388 2124 non
417 2084 540 2124 esse
572 2068 806 2123 fabulam
838 2066 1025 2138 ὥσπερ
1074 2064 1311 2133 λέγεται,
1352 2061 1448 2118 sed
1473 2061 1540 2116 ad
1581 2076 1852 2133 pygmzeos

276 2164 450 2233 ipsos,
475 2163 569 2233 qui
603 2170 662 2216 ut
678 2163 957 2227 dicuntur,
987 2159 1187 2230 pusillo
1207 2166 1335 2214 sunt
1365 2174 1583 2228 genere,
1609 2173 1732 2212 cum
1754 2172 1850 2212 eos

275 2253 606 2311 Aristoteles
630 2269 739 2310 non
769 2252 982 2308 viderit.
1033 2251 1137 2307 Sed
1187 2253 1310 2306 vide
1349 2254 1642 2322 pessimam
1677 2251 1852 2304 homia

276 2346 368 2401 nis
401 2346 708 2412 audaciam,
737 2353 901 2417 atque
921 2346 1306 2410 temeritatem,
1343 2345 1396 2398 in
1439 2361 1537 2400 sua
1586 2346 1850 2414 interpre-

274 2438 486 2493 tatione
515 2437 705 2492 Latina
727 2437 912 2493 omisit
937 2453 1058 2508 qua:
1083 2444 1276 2491 contra
1309 2451 1368 2491 se
1397 2437 1635 2490 militare
1656 2435 1847 2492 existi-

275 2529 483 2592 mabat,
515 2537 570 2585 et
592 2530 845 2596 reddidit,
887 2528 971 2584 Ea
1006 2529 1122 2584 loca
1155 2538 1277 2583 sunt
1303 2545 1420 2600 quae
1445 2529 1667 2599 pygmcei
1706 2530 1848 2580 inco-

274 2622 395 2675 lunt
425 2637 444 2674 :
475 2623 730 2690 pusillum
791 2639 977 2693 genus,
1023 2631 1081 2675 ut
1119 2623 1269 2675 aiunt
1301 2621 1426 2690 ipsi,
1479 2630 1638 2690 atque
1687 2621 1848 2674 etiam

270 2716 434 2786 equi:
465 2732 818 2786 cavernasque
872 2715 1130 2771 habitant.
1192 2714 1390 2771 Hmcne
1428 2722 1532 2779 est,
1582 2711 1846 2784 Scaliger,

274 2821 426 2872 vera,
461 2805 585 2874 lida,
611 2816 666 2862 et
691 2823 856 2878 quam
893 2809 948 2863 in
978 2809 1100 2864 aliis
1127 2821 1238 2863 non
1268 2806 1716 2880 reprehenderes,
1764 2807 1848 2859 in-

273 2900 628 2971 terpretatio?
667 2901 933 2957 Omittere
983 2917 1103 2972 quae
1129 2909 1318 2956 contra
1355 2908 1502 2956 tuam
1538 2900 1846 2971 opinionem

277 2991 520 3046 faciunt?
545 2990 708 3046 verba
738 2991 829 3045 illa
854 2991 915 3043 ού
935 2993 1047 3062 γάρ
1076 2992 1192 3046 ἐστι
1209 2992 1366 3046 τοῦτο
1396 2991 1582 3064 μῦθος,
1601 2991 1713 3044 ἀλλ’
1732 2992 1848 3045 ἔστι

275 3081 420 3138 κατά
467 3081 564 3154 τὴν
611 3082 889 3156 ἀλήθειαν,
932 3082 1104 3140 Sorex
1147 3085 1438 3156 quispiam,
1499 3091 1556 3138 ut
1585 3093 1736 3155 puto,
1779 3100 1843 3139 ex

274 3184 373 3232 tuo
395 3176 691 3247 exemplari
718 3177 909 3243 erosit,
939 3177 1026 3232 cui
1049 3195 1117 3234 ne
1149 3178 1393 3248 ingratus
1417 3178 1562 3232 vices
1582 3176 1844 3247 repende-

270 3284 386 3336 res,
426 3270 542 3325 haec
575 3279 669 3326 tua
700 3271 882 3340 qualia
928 3271 1110 3340 qualia
1167 3279 1295 3326 sunt
1345 3271 1526 3342 potius
1569 3269 1844 3324 crodenda

266 3363 616 3419 committere
643 3362 898 3419 debuisti.
933 3362 1040 3419 Sed
1065 3379 1125 3418 ea
1150 3372 1372 3418 manent
1393 3363 1578 3433 pejora
1609 3361 1741 3416 fata.
1768 3361 1845 3416 Ite

267 3470 424 3510 nunc
443 3455 643 3526 quibus
669 3463 858 3511 tantus
882 3455 1045 3512 homo
1068 3457 1204 3510 deus
1228 3463 1332 3520 est,
1353 3462 1406 3510 et
1433 3455 1552 3524 ejus
1577 3455 1844 3523 interpre-

267 3547 598 3613 tationibus,
628 3563 692 3603 ac
719 3548 1006 3604 sententiis
1037 3555 1272 3603 mentem
1303 3547 1509 3602 inﬂate.
1540 3547 1644 3601 Sed
1672 3547 1846 3602 dehis

267 3640 441 3695 latius
475 3655 699 3711 agemus
721 3641 777 3695 in
810 3651 998 3696 nostro
1023 3639 1258 3696 Homero
1281 3656 1312 3694 a
1343 3640 1632 3695 calumniis
1665 3638 1845 3692 vindi-

269 3738 421 3786 cato.

344 3823 510 3891 lbid.,
559 3824 658 3878 lin.
711 3823 764 3878 6.
829 3825 896 3879 Τὸ
947 3824 1016 3878 δὲ
1068 3823 1269 3896 την-ῶν
1322 3824 1516 3895 γένος.
1582 3823 1840 3888 Basilius,

267 3917 420 3972 hom.
450 3915 503 3981 8,
538 3916 660 3980 Πῶς
705 3917 980 3988 ἄγρυπνον
1027 3917 1088 3970 τὸ
1135 3915 1243 3970 τῶν
1287 3917 1466 3988 γηνῶν
1524 3916 1701 3984 γένος,
1749 3917 1844 3968 καὶ

265 4005 410 4080 πρὸς
431 4006 530 4079 τὴν
550 4007 656 4060 τῶν
680 4006 1050 4061 λανθανόντων
1078 4006 1330 4078 αἴσθησιν
1368 4005 1649 4071 ὀξύτατον.
1686 4005 1753 4058 οῖ
1779 4005 1843 4071 γέ

267 4116 403 4154 ποτε
437 4099 532 4153 καὶ
575 4097 672 4170 τὴν
721 4097 966 4168 βασιλίδα
1006 4097 1157 4150 πόλιν
1203 4095 1628 4170 περιεσώσαντο,
1694 4094 1846 4146 πολε-

269 4191 432 4265 μίους
461 4191 610 4256 τινὰς
633 4194 875 4262 ἀφανεῖς,
907 4191 950 4245 δ’
976 4191 1263 4262 ὑπονόμων
1305 4188 1528 4258 ἀφανῶν
1576 4187 1676 4260 ἤδη
1719 4187 1845 4258 μὲλ-

262 4286 462 4349 λοντας
500 4285 600 4356 τὴν
626 4285 802 4356 ἄκραν
831 4284 932 4356 τῆς
966 4283 1156 4356 ῥώμης
1184 4281 1625 4353 καταλαμϐάνειν
1674 4297 1842 4334 κατα-

268 4377 631 4452 μηνύσαντες.
651 4379 718 4434 Ει
740 4378 968 4443 Plinius,
997 4377 1091 4432 lib.
1125 4393 1180 4442 χ,
1213 4391 1334 4446 cap.
1371 4374 1462 4440 22,
1496 4372 1594 4428 Est
1614 4381 1663 4427 et
1689 4388 1844 4426 anse-

266 4471 318 4524 ri
345 4470 471 4540 uigil
500 4486 660 4533 cura;
685 4479 738 4526 et
767 4469 1030 4534 Isidorus,
1070 4469 1166 4522 lib.
1191 4484 1289 4534 xu,
1323 4482 1445 4538 cap.
1473 4467 1526 4532 7,
1558 4464 1670 4520 Iste
1702 4465 1834 4536 uigi-
1871 4483 1914 4537 ι)
1943 4497 2173 4561 Plinius,
2216 4464 2311 4553 κεί),
2357 4515 2410 4564 χ’

262 4562 376 4616 lias
400 4563 569 4616 noctis
599 4561 912 4617 assiduitate
935 4562 1201 4632 clangoris
1228 4569 1479 4614 testatur.

339 4652 499 4716 lbid.,
548 4654 642 4708 lin.
703 4653 756 4708 8.
806 4653 969 4707 Οὕτω
1011 4654 1160 4722 γοῦν
1205 4653 1523 4723 πολεμίων.
1575 4650 1838 4717 Isidorus,

263 4750 392 4805 loco
425 4749 572 4802 dicto
601 4765 614 4802 :
650 4746 872 4801 Nullum
901 4755 1075 4801 autem
1105 4747 1307 4802 animal
1335 4749 1412 4801 ita
1437 4745 1648 4800 odorem
1675 4746 1842 4801 homi-

262 4843 350 4898 nis
375 4843 531 4897 sentit
564 4853 622 4895 ut
658 4858 812 4896 anser
835 4857 854 4895 :
895 4841 1032 4895 unde
1057 4849 1108 4895 et
1147 4840 1390 4911 clangore
1421 4840 1533 4909 ejus
1565 4837 1840 4894 Gallorum

262 4953 516 4994 ascensus
549 4938 602 4989 in
626 4934 886 5006 Capitolio
915 4933 1260 5004 deprehensus
1285 4941 1382 4987 est.
1415 4931 1654 4986 Meminit
1679 4931 1841 4999 hujus

263 5028 512 5083 historias
542 5025 770 5092 Plinius,
803 5025 896 5078 lib.
927 5041 984 5091 ι,
1013 5039 1133 5094 cap.
1183 5023 1275 5084 22,
1308 5028 1364 5078 et
1409 5021 1502 5076 lib.
1538 5037 1688 5085 xxix,
1719 5037 1838 5090 cap.

261 5122 319 5184 5,
353 5134 568 5175 necnon
597 5120 758 5174 etiam
801 5117 1047 5179 honoris,
1075 5131 1237 5186 quem
1268 5129 1537 5179 meruere,
1565 5115 1838 5184 quomodo

263 5220 449 5266 autem
481 5211 532 5264 id
567 5209 826 5264 acciderit
858 5215 1040 5262 narrat
1079 5205 1353 5272 :‘Elianus,
1386 5204 1461 5258 De
1500 5204 1684 5258 histor.
1721 5205 1841 5255 ani-

261 5302 396 5356 mal.
455 5301 548 5355 lib.
598 5316 695 5362 m,
745 5301 908 5370 capit.
957 5299 1044 5353 55.
1095 5297 1330 5352 Consule
1373 5294 1581 5348 Livium
1614 5302 1668 5348 et
1704 5294 1841 5349 alios

265 5397 527 5452 Romanae
575 5396 816 5450 historia:
860 5394 1175 5463 scriptores.
1214 5389 1322 5446 Nec
1352 5388 1602 5444 dissimili
1635 5389 1843 5444 ratione

264 5503 432 5546 canes
452 5499 741 5546 servarunt
766 5485 1039 5556 juniorem
1063 5482 1314 5544 Romam,
1341 5488 1472 5534 tunc
1498 5477 1838 5556 Byzantium.

266 5580 402 5637 Dum
435 5581 580 5638 enim
621 5552 923 5648 Philippus,
958 5575 1130 5644 copiis
1179 5571 1428 5627 adductis
1472 5569 1706 5640 aliisque
1754 5552 1842 5622 ih~

263 5673 584 5730 smnnentis
612 5671 844 5734 bellicis,
877 5667 1150 5725 manibus
1195 5665 1504 5719 immineret
1544 5670 1599 5716 et
1628 5667 1839 5715 tantum

265 5770 655 5834 nonceplsset,
709 5762 765 5815 in
807 5769 961 5815 tanto
1001 5756 1264 5828 periculo,
1318 5762 1478 5810 nocte
1535 5752 1730 5817 illumi,
1781 5765 1838 5806 εδ

538 5859 811 5921 Parnm.
843 5857 958 5917 (in.
988 5852 1213 5914 XVIII.

1955 1881 2285 1952 ενεχθέντες,
2325 1883 2421 1955 ἤδη
2458 1884 2553 1956 τὴν
2592 1885 2740 1938 πόλιν
2773 1885 2875 1939 ὑπὸ
2907 1887 2984 1957 τῷ
3012 1887 3261 1960 Φιλίππῳ
3296 1892 3520 1958 γενομέ-

1960 1989 2057 2043 νην
2085 1972 2362 2045 ἐρύσαντο.

2021 2065 2179 2127 lbid.,
2215 2067 2305 2118 lin.
2339 2064 2390 2119 9.
2427 2068 2505 2118 Δι’
2551 2070 2866 2136 ὑπονόμων
2911 2071 3280 2126 ὑποδύντων.
3315 2071 3520 2135 Livius,

1954 2157 2047 2212 lib.
2089 2174 2137 2222 ι’,
2197 2158 2387 2212 scribit
2443 2157 2625 2214 Gallus
2679 2161 3042 2214 animadverso
3098 2163 3166 2215 ad
3225 2163 3520 2218 Carmentis

1952 2266 2140 2303 saxum
2185 2267 2404 2304 ascensu
2450 2267 2618 2319 atquo,
2677 2262 2824 2305 nocte
2884 2253 3135 2306 sublustri
3184 2272 3300 2308 cum
3351 2258 3520 2324 primo

1949 2341 2220 2407 inermem,
2248 2343 2337 2412 qui
2367 2353 2584 2396 tentaret
2624 2345 2760 2396 viam
2788 2346 3166 2414 praemisissent
3190 2387 3205 2409 ,
3260 2349 3521 2402 tradentes

1951 2432 2070 2487 inde
2101 2449 2275 2494 arma,
2308 2433 2398 2488 ubi
2425 2434 2550 2506 quid
2589 2437 2752 2508 iniqui
2775 2445 2927 2499 esset,
2959 2436 3150 2489 alterni
3177 2439 3369 2501 innixi,
3401 2443 3521 2492 sul;—

1951 2525 2278 2596 levantesque
2307 2527 2543 2592 invicem,
2575 2537 2624 2581 et
2659 2529 2919 2582 trahentes
2962 2527 3057 2581 alii
3085 2529 3217 2581 alios
3247 2539 3400 2598 prout
3429 2547 3522 2599 pu-

1949 2618 2171 2672 stularet
2209 2619 2372 2681 locus,
2405 2619 2458 2672 in
2492 2636 2759 2673 summum
2804 2620 3048 2674 evasisse.
3095 2619 3159 2674 Et
3196 2619 3522 2676 Plutarchus

1951 2707 2177 2765 Camillo
2204 2725 2223 2763 .'
2251 2711 2384 2782 Περὶ
2415 2711 2584 2782 μέσας
2623 2711 2822 2776 νύκτας
2867 2712 3154 2775 ἐπιϐάντες
3181 2713 3296 2783 ἅμα
3341 2713 3522 2766 πολλοὶ

1949 2802 2047 2870 τῆς
2083 2799 2284 2871 πέτρας
2309 2799 2548 2871 ἐχώρουν
2577 2801 2688 2854 ἄνω
2723 2801 2859 2871 μετὰ
2894 2802 3140 2873 σιωπῆς;
3175 2800 3399 2860 Servius
3437 2813 3518 2856 ta-

1951 2906 2094 2958 men,
2125 2909 2219 2947 vm
2250 2891 2506 2948 zEneidos
2553 2895 2608 2948 in
2652 2894 2784 2949 illud
2812 2913 2826 2948 :

2022 3006 2161 3060 Galli
2190 3022 2279 3075 per
2308 3006 2494 3061 dumos
2527 3007 2769 3071 aderant,
2803 3024 3073 3078 arcemque
3107 3009 3449 3078 triumphant,

1873 3139 1914 3194 (ς
1951 3122 2063 3176 lucc
2093 3122 2316 3177 adnotat
2347 3139 2361 3174 :
2397 3120 2600 3183 Gallos,
2632 3121 2727 3174 alii
2760 3135 2851 3188 per
2880 3120 3092 3174 dumeta
3124 3134 3172 3174 et
3203 3138 3337 3175 saxa
3370 3138 3516 3189 aspe-

1946 3231 2030 3277 ra,
2061 3215 2154 3268 alii
2182 3229 2272 3282 per
2297 3212 2587 3274 cuniculos,
2621 3213 2798 3263 dicunt
2827 3221 3041 3263 conatos
3074 3227 3186 3264 esse
3220 3212 3513 3265 ascendere.

2015 3306 2176 3370 lbid.,
2207 3307 2303 3360 lin.
2335 3305 2418 3359 15.
2448 3301 2704 3359 Ἀλκυὼν
2736 3304 2866 3356 ἐστι
2895 3301 3229 3356 θαλάττιον.
3260 3303 3512 3358 Basilius.

1945 3398 2092 3452 hom.
2122 3398 2155 3451 8
2190 3417 2202 3451 :
2249 3394 2483 3448 Ἀλκυὼν
2514 3399 2628 3448 ἐστι
2663 3393 2942 3448 Θαλάττιον
2979 3394 3179 3464 ὄρνεον.
3213 3394 3359 3467 Αὕτη
3387 3397 3513 3465 παρ’

1945 3488 2140 3550 αὐτοὺς
2168 3487 2439 3540 νοσσεύειν
2466 3489 2592 3549 τοὺς
2627 3486 2902 3554 αἰγιαλοὺς
2935 3486 3192 3555 πέφυκεν,
3233 3486 3320 3539 ἐπ’
3349 3488 3514 3557 αὐτῆς

1945 3579 2011 3632 τὰ
2056 3579 2137 3632 ὠά
2179 3579 2277 3648 τῆς
2308 3578 2534 3648 ψάμμου
2570 3577 2910 3648 καταθεμένη
2934 3595 2946 3607 ο
2982 3579 3074 3630 καὶ
3102 3577 3341 3631 νοσσεύει
3376 3582 3514 3632 κατα

1949 3670 2110 3742 μέσον
2159 3688 2260 3723 που
2299 3670 2391 3722 τὸν
2446 3668 2728 3739 χειμῶνα,
2777 3670 2864 3721 ὅτε
2924 3669 3134 3732 πολλοῖς
3182 3671 3273 3722 καὶ
3325 3669 3515 3740 βιαίοις

1944 3762 2165 3833 ἀνέμοις
2192 3763 2226 3833 ἡ
2254 3761 2490 3815 Θάλαττα
2516 3765 2582 3833 τῇ
2607 3764 2676 3832 γῇ
2710 3760 3168 3832 προσαράσσεται.
3209 3761 3344 3814 Ἀλλ’
3369 3763 3515 3832 ὅμως

1945 3854 2278 3926 κοιμίζονται
2314 3855 2411 3924 μὲν
2439 3855 2639 3918 πάντες
2685 3853 2912 3924 ἄνεμοι,
2961 3854 3220 3926 ἡσυχάζει
3267 3855 3322 3908 δὲ
3367 3855 3515 3926 κῦμα

1945 3947 2244 4013 Θαλάττιον,
2289 3949 2414 4000 ὅταν
2447 3946 2661 4000 ἀλκυὼν
2697 3946 2920 4020 ὲπωάζῃ
2964 3946 3061 4010 τὰς
3111 3946 3248 3999 ἑπτὰ
3285 3947 3510 4019 ἡμέρας.

1956 4043 2042 4094 Ἑν
2069 4041 2357 4106 τοσαύταις
2391 4041 2498 4112 γὰρ
2529 4041 2718 4112 μόναις
2762 4041 3034 4104 ἐκλεπίζει
3086 4041 3210 4103 τοὺς
3251 4041 3512 4104 νεοττούς.

1956 4134 2106 4186 Ἐπεὶ
2132 4132 2187 4185 δὲ
2213 4135 2306 4187 καὶ
2334 4134 2538 4205 τροφῆς
2572 4134 2754 4196 αὐτοῖς
2781 4134 2958 4204 χρεία,
2994 4131 3157 4194 ἄλλας
3199 4129 3338 4184 ἑπτὰ
3382 4131 3514 4201 πρὶς

1943 4227 2040 4298 τὴν
2089 4224 2196 4278 τῶν
2237 4226 2464 4279 νεοττῶν
2518 4224 2743 4294 αὔξησιν
2784 4227 2812 4276 6
2862 4223 3230 4294 μεγαλόδωρος
3269 4221 3400 4284 Θεὸς
3438 4223 3514 4290 τῷ

1946 4318 2256 4390 μικροτάτῳ
2287 4317 2409 4388 ςώῳ
2435 4317 2757 4388 παρέσχετο.
2797 4315 2892 4372 llis
2924 4315 3100 4369 allinia
3129 4316 3290 4370 tradit
3322 4313 3512 4368 Petrus

1945 4407 2262 4470 Damianus,
2313 4408 2406 4461 lib.
2467 4423 2524 4473 η,
2574 4409 2731 4476 epist.
2777 4406 2879 4471 I8;
2932 4407 3209 4476 alcyonem
3255 4403 3514 4459 describit

2454 4514 2576 4568 cap.
2611 4498 2718 4552 52:
2755 4496 2880 4566 Ipsa
2938 4498 3045 4551 avis
3088 4497 3244 4566 paulo
3290 4495 3517 4564 amplior

1943 4612 2174 4664 passere,
2220 4593 2394 4648 colore
2428 4611 2656 4664 cyanea,
2712 4609 2776 4647 ex
2825 4601 2974 4663 parte
3030 4593 3267 4658 majore,
3313 4600 3518 4644 tantum

1942 4687 2215 4755 purpureis
2256 4696 2305 4738 et
2348 4686 2586 4738 candidis
2638 4683 2881 4737 admisti:
2925 4683 3127 4752 pennis,
3155 4682 3289 4735 collo
3328 4682 3518 4751 gracili

1945 4796 2006 4833 ac
2049 4794 2281 4845 procero.
2328 4776 2458 4843 Quae
2509 4777 2690 4830 omnia
2747 4777 2934 4829 habuit
2985 4791 3048 4829 ex
3098 4775 3409 4839 Aristotele,
3444 4773 3521 4826 De

1943 4871 2130 4924 histor.
2175 4871 2395 4922 animal.
2429 4869 2521 4923 lib.
2557 4886 2610 4931 ν,
2643 4884 2760 4938 cap.
2801 4869 2856 4925 8.
2887 4876 2939 4922 et
2985 4867 3078 4921 lib.
3134 4881 3210 4929 Ix,
3260 4882 3381 4936 cap.
3430 4867 3518 4922 M.

1945 4962 2120 5031 Ilujus
2154 4963 2290 5026 avis,
2341 4977 2461 5029 quae
2509 4962 2787 5014 rarissima
2832 4960 3065 5024 videtur,
3103 4967 3162 5012 ut
3197 4959 3520 5013 Aristoteli-s-

1944 5063 1998 5109 et
2023 5053 2232 5108 Plinius
2267 5052 2528 5115 referunt,
2559 5051 2854 5106 meminere
2883 5049 3151 5106 Pacuvius
3182 5051 3238 5103 in
3276 5050 3476 5103 Teucro
3501 5066 3519 5102 :

1946 5166 2263 5221 Flexanima
2299 5176 2546 5237 tanquam
2579 5165 2850 5234 lymphata
2878 5175 2926 5218 et
2958 5163 3152 5218 Bacchi
3185 5165 3354 5216 sacris

1944 5238 2239 5303 Commota,
2278 5240 2330 5290 in
2371 5238 2587 5290 tumulis
2643 5237 2898 5289 Teucrum
2945 5251 3279 5290 commorans
3321 5249 3516 5290 meum.

1945 5310 2194 5380 Alcyonia
2223 5309 2327 5361 ritu
2359 5308 2504 5361 littus
2528 5307 2799 5375 peruolans
2830 5306 2991 5376 feror.

1944 5424 2166 5476 Plautus
2197 5423 2250 5475 in
2285 5421 2543 5475 Pseudolo
2579 5437 2596 5474 :

1941 5536 2086 5603 Jam,
2115 5536 2316 5590 hercle!
2342 5546 2396 5589 tu
2417 5537 2618 5605 peristi,
2652 5537 2756 5592 nisi
2785 5535 2936 5591 illam
2966 5534 3094 5589 mihi
3119 5543 3228 5676 ιριηι
3257 5535 3518 5674 trqnquil-

3187 5621 3273 5657 am
3339 5621 3448 5656 ocis

3187 5621 3273 5657 am
3315 5621 3448 5657 IGCM

1945 5677 2117 5745 Quam
2155 5692 2300 5733 mare
2325 5686 2402 5733 est
2438 5676 2583 5741 olim,
2621 5693 2740 5731 cum
2780 5677 2850 5732 ibi
2893 5676 3075 5732 alcedo
3122 5675 3300 5818 pulloq
3346 5675 3523 5728 educit

3307 5763 3452 5800 suos.

3307 5763 3452 5800 δυοό.

3167 5844 3247 5903 29
