4072 6342
331 253 436 307 909
1451 256 1520 312 ΙΝ
1561 258 1933 316 EUSTATH'H
1975 262 2453 320 BEXAEMERON
2487 261 2717 319 NOTAE.
3475 275 3577 328 9l0

328 386 534 443 κοντος,
588 371 726 426 ἐπὰν
782 375 1004 446 πλησίον
1045 376 1138 448 ἴδῃ·
1186 377 1370 449 ἑτέρου
1419 377 1672 449 πέρδικος
1710 380 1883 433 καλιὰε

2007 392 2099 435 aut
2156 386 2380 452 pavonis
2426 387 2598 438 cauda
2658 400 2765 437 non
2821 385 3090 454 dignosci,
3129 388 3199 440 ob
3257 390 3576 444 continuum

329 465 574 528 νεσιτοὺς
602 465 850 535 ἔχουσαν,
881 468 1220 531 ἀποπτὰντος
1246 468 1340 521 τοῦ
1377 471 1578 540 πατρὸς
1602 471 1780 524 αὐτῶν
1811 475 1883 525 ἐπ

2003 473 2160 538 lucis,
2179 481 2229 525 et
2253 484 2557 527 atomorum
2589 475 2865 541 efﬂuxum,
2885 479 3028 546 quod
3060 477 3373 541 Lucretius,
3395 482 3488 533 lib.
3516 499 3573 538 ιι.

327 558 424 628 τὴν
448 557 638 627 νομὴν,
660 556 991 628 μιμούμενος
1014 559 1107 629 τὴν
1123 558 1216 611 τοῦ
1234 558 1512 628 ἀλλοτρίου
1535 562 1716 633 φωνὴν
1737 581 1902 634 προσ-

327 646 570 700 καλεῖται
621 648 757 718 πρὸς
798 647 986 700 ἑαυτὸν
1033 650 1158 711 τοὺς
1194 650 1455 712 νεοττούς.
1490 652 1550 702 Οἱ
1589 650 1646 703 δὲ
1672 655 1896 719 νεοσσοὶ,

325 741 644 810 νομίσαντες
681 740 771 793 τὸν
800 740 928 793 ἴδιον
958 741 1134 793 αὐτῶν
1170 741 1432 812 ὑπάρχειν
1469 742 1698 813 πατέρα,
1734 760 1900 813 προσ-

325 833 607 904 τρέχουσιν
666 832 830 902 αὑτῷ.
881 833 935 884 ’0
975 833 1030 886 δὲ
1079 835 1344 904 ὲγγαυριᾷ
1385 835 1440 885 ἐν
1471 833 1766 905 ἀλλοτρίοις
1807 835 1897 887 τέ-

325 941 475 986 κνοις
511 924 585 986 ὡς
625 923 792 986 ἰδίοις.
835 923 1106 985 Ἐλθόντος
1148 923 1204 976 δὲ
1246 923 1338 977 τοῦ
1379 925 1510 978 ἰδίου
1545 926 1768 996 πατρὸς,
1805 927 1898 979 καὶ

326 1013 638 1086 βοήσαντος,
683 1015 779 1084 τὴν
835 1013 968 1067 ίδίαν
1007 1016 1187 1084 φωνὴν
1224 1017 1536 1082 ἐπιγνόντες
1564 1017 1614 1068 oi
1648 1018 1893 1082 νεοσσοὶ,

326 1105 715 1168 καταλιπόντες
739 1107 827 1159 τὸν
852 1106 1021 1167 νόθον.
1044 1107 1178 1177 πρὸς
1197 1107 1285 1159 τὸν
1317 1108 1445 1161 ἴδιον
1477 1110 1687 1180 πατέρα
1710 1110 1898 1180 πορεύ-

324 1215 495 1252 ονται.
521 1198 581 1252 Ει
601 1197 1016 1268 Olympiodorus
1041 1217 1054 1252 :
1083 1201 1143 1250 Ὀ
1171 1199 1376 1270 πέρδιξ,
1405 1199 1478 1262 ὥς
1503 1219 1683 1268 φασιν,
1722 1202 1888 1271 ὑπερ-

320 1293 529 1361 ήφανος
545 1289 639 1352 ὢν,
658 1290 744 1343 διὰ
761 1291 858 1360 τῆς
875 1292 1057 1361 φωνῆς
1087 1295 1211 1354 τοὺς
1240 1294 1547 1366 ἀλλοτρίους
1574 1294 1895 1365 προσκαλεῖ-

318 1399 410 1434 ται
438 1381 680 1444 νεοττούς
705 1399 718 1413 ο
755 1384 963 1447 Οἶτινες
990 1384 1207 1452 γνόντες
1237 1383 1481 1458 ὕστερον,
1515 1387 1593 1438 ὅτι
1628 1387 1726 1438 οὑκ
1757 1387 1893 1438 εἰσὶν

317 1470 504 1535 αὐτοῦ,
559 1473 1055 1543 κατα).ιμπὰνουσιν
1115 1473 1295 1529 αὐτόν.
1345 1474 1771 1544 Chrysostomus
1837 1474 1891 1526 in

314 1563 566 1616 eumdem
593 1563 790 1618 locum.
819 1564 1155 1628 Perdicibus,
1186 1566 1360 1628 aiunt,
1395 1565 1497 1618 hoc
1527 1580 1650 1619 esse
1685 1565 1739 1617 in
1787 1580 1889 1619 usu

315 1661 440 1722 post
467 1669 692 1708 ovorum
723 1655 1092 1710 exclusionem
1118 1657 1295 1724 pullos
1329 1656 1568 1710 clamore
1596 1656 1884 1720 advocare,

315 1747 492 1814 iisque
521 1757 745 1801 matrem
785 1748 1018 1817 privare.
1049 1749 1229 1811 Ἔθος,
1261 1746 1736 1819 φησὶυιξςοφασὶ),
1761 1747 1887 1812 τοὺς
1919 1741 1959 1795 Β

314 1837 597 1908 πέρδικας,
631 1839 768 1910 μετὰ
810 1840 870 1892 τὸ
910 1841 1274 1912 ἀποτεχθῆναι
1305 1840 1410 1894 τῶν
1437 1840 1558 1894 ὠῶν
1586 1843 1712 1904 τοὺς
1739 1858 1887 1894 νεοτ-

310 1931 439 1994 τοὺς
466 1934 532 2002 τῇ
569 1935 716 2004 φωνῇ
757 1933 1200 2002 προσκαλεῖσθαι,
1247 1935 1342 1987 καὶ
1387 1933 1628 2005 γυμνοῦν
1670 1935 1766 2007 τὴν
1797 1951 1888 1987 τε·

312 2026 538 2080 κοῦσαν.

383 2119 544 2185 Ibid.,
575 2120 671 2174 lin.
703 2119 793 2175 26.
826 2119 1063 2191 Λάγνον
1105 2121 1141 2188 ἡ
1187 2120 1525 2189 περιστερά.
1563 2119 1676 2175 Mas
1715 2119 1880 2184 enim,

313 2223 376 2268 ut
422 2215 586 2268 tradit
617 2213 814 2280 Horus,
849 2215 938 2268 ubi
989 2215 1266 2269 robustior
1295 2216 1531 2270 evaserit
1553 2232 1619 2270 ex
1653 2229 1881 2270 consor-

313 2306 392 2358 tio
421 2307 626 2368 matris,
651 2317 856 2376 patrem
890 2308 1129 2376 expellit,
1154 2306 1342 2374 sicque
1368 2308 1416 2361 ei
1451 2307 1732 2360 connubio
1754 2307 1885 2374 jun-

311 2398 476 2464 gitur.
524 2397 580 2450 Ὀ
610 2398 716 2469 γὰρ
745 2399 940 2470 ἄρσην,
976 2401 1319 2472 ἰσχυρότερος
1355 2399 1663 2469 γενόμενος,
1699 2397 1882 2451 διώκει

308 2489 404 2542 τὸν
441 2489 628 2542 ἑαυτοῦ
664 2491 872 2562 πατέρα
896 2491 1004 2544 ἀπὸ
1033 2492 1130 2562 τῆς
1167 2491 1390 2561 μητρὸς,
1411 2492 1505 2544 καὶ
1534 2490 1704 2554 οὕτως
1745 2493 1879 2562 αὐτῇ

311 2582 451 2652 πρὸς
498 2582 673 2651 γάμον
737 2582 986 2652 μίσγεται
1025 2600 1040 2635 :
1075 2583 1156 2636 vel
1207 2591 1265 2635 ut
1319 2583 1640 2637 Aristoteles
1695 2583 1879 2647 tradit,

314 2675 438 2727 libr.
474 2689 550 2736 ιιι,
596 2673 673 2727 De
699 2673 887 2725 histor.
915 2674 1102 2736 anim.,
1140 2687 1260 2742 cap.
1318 2673 1368 2734 7,
1432 2674 1610 2742 pullos
1666 2672 1882 2727 adultos

307 2765 444 2833 jam,
477 2779 598 2819 cum
631 2773 844 2834 tempus
875 2765 1179 2834 prodeundi
1206 2781 1270 2818 ex
1296 2765 1425 2818 nido
1455 2774 1560 2831 est,
1587 2780 1705 2819 mas
1753 2766 1884 2820 sub-

313 2859 432 2928 igit.
465 2855 562 2910 Vel
593 2857 719 2928 quia
751 2873 814 2911 ex
873 2857 1079 2912 eodem-
1115 2858 1208 2910 lib.
1248 2872 1328 2922 vt,
1365 2873 1485 2927 cap.
1513 2857 1568 2922 2,
1599 2865 1653 2910 et
1704 2856 1882 2912 Plinio

314 2947 409 3000 lib.
446 2963 501 3008 ι,
531 2961 654 3015 cap.
697 2945 787 3008 58,
821 2948 1094 3017 peculiare
1129 2949 1198 3001 sit
1233 2947 1360 3010 illis,
1399 2955 1460 3001 ut
1509 2949 1562 3000 in
1593 2948 1739 3001 coitu
1777 2947 1878 3002 nisi

311 3046 440 3091 ante
462 3044 650 3091 mutuo
675 3038 1012 3102 osculentur,
1037 3053 1154 3093 mas
1177 3054 1286 3093 non
1309 3039 1587 3102 ascendat,
1613 3040 1698 3094 vel
1725 3040 1874 3108 quia,
1907 3079 1947 3136 α

312 3141 372 3184 ιιι
423 3145 489 3184 ex
541 3130 831 3186 Aristotele
864 3131 1030 3185 refert
1062 3131 1356 3185 Athenaeus
1411 3131 1505 3184 lib.
1551 3145 1626 3192 ιι,
1664 3129 1878 3184 feminae

311 3224 537 3278 absente
593 3238 742 3278 mare
780 3239 900 3278 sese
947 3224 1285 3289 osculantur,
1327 3223 1610 3293 subigunt,
1649 3232 1704 3278 et
1753 3239 1879 3279 cum

309 3315 366 3368 in
425 3331 546 3370 sese
594 3317 855 3385 genitura:
909 3316 1045 3371 nihil
1082 3315 1384 3379 effundant,
1418 3330 1519 3369 ova
1570 3316 1812 3384 pariunt,
1850 3331 1880 3368 e

302 3409 510 3479 quibus
564 3409 744 3478 pullus
788 3425 894 3463 non
935 3409 1132 3464 editur.
1175 3409 1356 3475 Quare
1383 3417 1436 3463 et
1464 3405 1663 3462 Veneri
1697 3423 1876 3472 sacra,

304 3502 453 3570 apud
479 3501 749 3555 Elianum
781 3500 859 3554 De
881 3503 1069 3555 histor.
1101 3504 1327 3566 anima.,
1358 3502 1448 3555 lib.
1519 3517 1592 3564 tv,
1643 3517 1764 3570 cap.
1819 3501 1874 3565 2,

303 3599 362 3644 et
392 3591 466 3644 De
499 3593 644 3644 varia
676 3592 888 3655 histor.,
945 3593 1036 3646 lib.
1091 3609 1129 3656 ι,
1168 3609 1288 3662 cap.
1332 3593 1418 3656 l5,
1455 3594 1651 3662 legitur
1695 3601 1879 3647 tamen

302 3687 376 3736 de
403 3683 531 3749 illis,
553 3683 864 3754 pudicitiam
895 3685 1004 3739 illis
1033 3700 1156 3739 esse.
1184 3687 1436 3754 primam,
1467 3693 1520 3739 et
1544 3685 1719 3739 neutri
1750 3691 1877 3738 nota

301 3772 596 3836 adulteria,
632 3773 979 3844 conjugiique
1016 3773 1174 3829 fidem
1223 3791 1333 3828 non
1370 3774 1598 3838 violare,
1633 3788 1877 3829 commu-

302 3879 541 3932 nemque
576 3880 797 3920 servare
831 3865 1076 3920 domum.

373 3956 508 4012 Ibid.
547 3959 719 4012 Ἔστι
746 3959 813 4011 δὲ
835 3958 1105 4028 δένδρον.
1125 3959 1318 4016 Petrus
1351 3960 1667 4023 Damianus,
1691 3962 1782 4017 lib.
1809 3977 1872 4024 ιι,

299 4065 390 4118 ep.
443 4049 530 4112 18,
593 4049 706 4112 Est,
766 4051 960 4121 inquit,
1023 4054 1078 4106 in
1101 4051 1274 4108 India:
1314 4055 1507 4122 ﬁnibus
1549 4054 1726 4118 arbor,
1759 4071 1876 4124 qua:

301 4140 484 4196 Gra'ce
515 4142 837 4212 peridexium
868 4153 1099 4208 vocatur,
1119 4149 1268 4214 cujus
1291 4147 1465 4216 utique
1489 4146 1693 4212 fructus
1719 4149 1874 4201 nimis

297 4243 380 4286 est
409 4235 602 4299 dulcis,
634 4247 682 4289 et
737 4235 886 4290 valde
916 4238 1114 4301 suavis,
1170 4239 1222 4291 in
1271 4237 1426 4306 hujus
1466 4237 1673 4292 arboris
1716 4240 1876 4308 igitur

297 4326 477 4396 gratia
503 4326 758 4381 columba:
787 4345 892 4381 non
915 4328 1113 4382 modice
1144 4328 1502 4392 delectantur;
1533 4331 1685 4399 cujus
1717 4329 1875 4381 nimi—

1999 563 2086 618 his
2121 565 2367 619 versibus
2395 565 2632 620 asseruit
2663 586 2674 597 -

2003 696 2194 770 Pluma
2247 698 2607 752 columbarum
2658 718 2758 770 quo
2800 714 2952 769 pacto
2985 705 3036 756 in
3065 705 3173 757 sole
3209 706 3410 758 videtur

2002 767 2132 842 Qua:
2163 771 2266 820 sita
2294 771 2510 842 cervices
2541 767 2758 832 circum,
2794 767 3087 842 collumque
3119 787 3360 829 coronat.

2003 835 2243 915 I'Vamque
2277 838 2410 892 alias
2441 842 2499 915 ﬁt
2534 844 2610 892 uti
2652 842 2796 894 claro
2832 848 2900 896 sit
2948 835 3108 896 rubra
3144 861 3380 915 pyropo;

2001 905 2273 980 interdum
2315 905 2542 980 quodam
2580 929 2733 964 sensu
2765 915 2824 980 ﬁt
2865 915 2943 965 uti
2989 905 3226 968 videatur

1997 975 2148 1053 inter
2171 975 2446 1032 caeruleum
2477 983 2664 1053 virides
2691 975 2904 1036 miscere
2930 989 3265 1053 smaragdos,

1999 1047 2284 1124 timidoque
2309 1053 2524 1116 pavonis
2554 1051 2705 1121 larga
2729 1070 2845 1105 cum
2882 1056 2993 1107 luce
3023 1047 3222 1124 repleta.
3246 1047 3323 1111 est

1999 1116 2279 1171 Consimili
2313 1131 2481 1173 mutat
2523 1116 2726 1176 ratione
2756 1124 2971 1177 obversa
2998 1116 3218 1181 colores.

1999 1227 2196 1285 Sextus
2217 1230 2543 1301 Empiricus,
2569 1234 2835 1305 Pyrrhon.
2857 1236 3126 1310 Ilypotyp.
3154 1241 3247 1294 lib.
3272 1258 3310 1306 ι,
3341 1256 3460 1311 cap.
3484 1243 3568 1306 Η,

1995 1323 2102 1374 Καὶ
2125 1325 2172 1375 oi
2201 1325 2458 1395 τράχηλοι
2491 1327 2546 1378 δὲ
2578 1328 2684 1381 τῶν
2721 1332 3060 1401 περιστερῶν
3093 1332 3242 1404 παρὰ
3268 1331 3364 1396 τὰς
3387 1334 3569 1404 διαφό-

1998 1431 2122 1484 ρους
2172 1418 2468 1481 ἐπικλίσεις
2504 1419 2746 1492 διάφοροι
2814 1423 3088 1491 φαίνονται
3152 1428 3293 1478 κατὰ
3352 1428 3566 1499 χρῶμα.

1993 1503 2145 1571 Quod
2179 1509 2251 1560 ita
2281 1511 2553 1578 expressit
2600 1511 2986 1584 Hieronymus.
3022 1514 3399 1572 Columbarum
3430 1520 3568 1573 colla

1991 1599 2060 1650 ad
2091 1601 2326 1670 singulas
2361 1605 2718 1658 conversiones
2745 1607 2974 1660 colorem
3009 1620 3236 1662 mutant.
3269 1610 3566 1665 Martianus

1991 1688 2068 1744 De
2113 1693 2309 1758 nuptiis
2337 1691 2490 1747 Philo
2522 1714 2533 1748 :
2568 1695 2854 1754 Arcesilas.
2889 1699 3086 1767 inquit,
3117 1701 3310 1753 collum
3359 1703 3564 1756 intuens

1987 1782 2341 1836 columbinum
2401 1785 2678 1840 dubitabat
2741 1804 2757 1841 :
2809 1791 3064 1860 siquidem
3141 1793 3238 1846 hac
3297 1805 3564 1861 permotus

1987 1875 2256 1929 varietatis
2310 1879 2678 1934 incertitudine
2723 1884 2947 1950 amplius
3000 1895 3236 1940 astruere
3274 1888 3565 1941 ἀκανταλι-

1984 1963 2112 2033 ψίαν
2146 1970 2315 2036 erepit.
2348 1971 2627 2041 Apuleius,
2663 1973 2739 2027 De
2780 1976 2950 2039 asino,
2984 1976 3077 2032 lib.
3117 1993 3153 2030 ιι
3192 1997 3204 2031 :
3251 1977 3408 2033 Nunc
3448 1997 3564 2034 eor-

1985 2061 2105 2112 vina
2149 2062 2413 2131 nigredine
2443 2065 2717 2129 ctcruleus,
2742 2069 3106 2122 columbarum
3149 2072 3272 2124 colli
3310 2073 3562 2142 ﬂosculus

1987 2149 2287 2219 a'mulatur,
2338 2154 2412 2206 vel
2461 2171 2577 2208 cum
2609 2158 2771 2226 guttis
2796 2160 3036 2213 Arabicis
3085 2161 3362 2225 obunctus,
3395 2175 3446 2218 et
3474 2181 3564 2233 pe-

1986 2243 2138 2296 ctinis
2190 2247 2366 2314 arguti
2412 2245 2561 2302 dente
2596 2252 2735 2302 tenui
2765 2250 3192 2306 discriminatur.’
3217 2254 3431 2311 Modum
3465 2274 3562 2311 au-

1986 2340 2093 2387 tem
2133 2351 2241 2405 quo
2300 2338 2568 2393 columba:
2612 2341 2973 2398 versicolores
3016 2343 3322 2399 efﬁciantur
3351 2349 3422 2399 ita
3468 2364 3563 2402 ex-

1989 2427 2186 2493 pressit
2219 2426 2518 2498 Oppianus,
2550 2432 2644 2486 lib.
2688 2449 2725 2497 I,
2755 2433 2826 2487 De
2857 2445 3050 2499 venat.,
3082 2453 3225 2493 vers.
3253 2437 3355 2492 548
3390 2457 3402 2491 :

1990 2537 2128 2618 '_l'_oid
2151 2558 2248 2618 Iv
2278 2544 2552 2618 adxeiroc
2571 2546 2724 2598 τοῖσι
2753 2547 3004 2615 δόνακες
3038 2550 3421 2618 μεμέληνται,

1984 2611 2611 2688 Ιῌ-ησάᾷηνλπυξιςνοῖσι
2645 2618 2942 2685 νοήμασιν
2977 2611 3281 2688 ἷξευὶῆρεξ-

1997 2680 2257 2757 ζρππόιςε
2279 2682 2643 2757 δαιδάλλωσι
2670 2680 3063 2754 πεξίηϊάὸεσσι
3086 2680 3405 2757 γεὸς-σούς.

1981 2749 2130 2826 libre
2159 2751 2268 2826 γὰρ
2294 2754 2359 2818 ἐς
2395 2757 2682 2822 φιλότητα
2709 2749 2838 2812 θοαὶ
2876 2759 3168 2826 τρήρωνες
3195 2761 3346 2816 ἴωσι.

1983 2821 2350 2902 {tyrr-dpereat
2399 2821 2762 2902 σζομάτεσσι
2797 2821 3244 2902 βαρ-ιινᾷθόγγίοις
3291 2833 3555 2902 ἀλόχοιο.

1984 2889 2064 2971 dii
2085 2889 2651 2971 rdﬂpﬁyri’gigurs
2675 2889 2910 2971 uxorin?
2939 2889 3365 2971 τίθασοτρόφος
3380 2889 3556 2971 disp,

1990 2961 2160 3029 Ἀγχι
2203 2962 2270 3014 δὲ
2302 2961 2722 3032 θηλυτέρῃσιν
2773 2961 3025 3031 ἐθήκατο
3073 2961 3556 3026 δαίδαᾶαξτολξὶὰ

1985 3033 2211 3105 ῌῖμιιτα
2234 3036 2551 3102 πορφύρεα.
2595 3038 2692 3089 Tal
2719 3037 2786 3089 δὲ
2811 3039 3018 3091 κλιδὸν
3052 3040 3201 3093 ὄσσε
3224 3042 3552 3105 βαλοῦσαι.

1984 3101 2182 3170 Θυμὸν
2222 3101 2544 3173 ίαινόμεναι
2598 3108 2859 3161 τίκτουσ’
2921 3101 3300 3180 ἁλιπόρεοιίοα
3352 3101 3549 3168 τέκνα.

2051 3213 2212 3279 lbid.,
2261 3217 2358 3272 lin.
2407 3217 2495 3271 40.
2533 3220 2894 3273 Φιλότεκνον
2915 3221 2953 3288 ἡ
2985 3220 3236 3288 κορώνη.
3289 3221 3548 3286 Basilius,

1984 3307 2128 3362 hom.
2164 3308 2216 3374 8,
2255 3309 2563 3364 Ἐπαινετὸν
2601 3313 2702 3382 τῆς
2743 3311 2989 3383 κορώνης
3032 3313 3090 3365 τὸ
3141 3313 3449 3380 φιλότεκνον
3479 3332 3494 3346 ·
3519 3316 3554 3386 ἢ

1981 3402 2075 3453 καὶ
2109 3401 2427 3472 πετομένοις
2458 3403 2558 3474 ἤδη
2583 3404 2890 3474 παρέπεται
2920 3404 3195 3468 σιτίζουσα
3222 3405 3437 3469 αὐτοὺς,
3463 3407 3556 3460 καὶ

1981 3491 2319 3562 ἐκτρέφουσα
2343 3493 2506 3563 μέχρι
2532 3493 2806 3546 πλείστου.
2846 3492 3022 3561 Hujus
3050 3493 3429 3564 φιλοστοργίαν
3461 3510 3546 3549 ex-

1980 3580 2373 3649 plicatllorus,
2428 3583 2520 3636 lib.
2577 3599 2638 3645 ιι,
2669 3598 2790 3651 cap.
2837 3583 2929 3645 97,
2977 3591 3031 3637 et
3079 3582 3428 3647 Aristoteles,
3475 3582 3554 3638 De

1979 3671 2167 3728 histor.
2219 3673 2441 3727 animal.
2483 3675 2579 3728 lib.
2615 3691 2690 3738 vn,
2732 3690 2853 3744 cap.
2889 3674 2943 3736 6,
2996 3674 3189 3730 Omnes
3237 3676 3343 3744 fere
3400 3676 3552 3731 alites

1978 3765 2165 3834 quibus
2195 3782 2392 3835 ungues
2429 3765 2621 3818 adunci
2651 3765 2846 3832 pullos,
2873 3783 2990 3820 cum
3015 3769 3243 3836 primum
3275 3769 3550 3837 provolan-

1979 3857 2033 3908 di
2067 3857 2299 3926 facultas
2337 3858 2518 3926 fuerit,
2579 3858 2703 3912 nido
2746 3859 3036 3927 expellunt,
3106 3863 3554 3930 percutientesqus

1977 3959 2172 4018 cogunt
2203 3949 2498 4013 discedere;
2525 3960 2574 4004 et
2605 3961 2808 4005 cmterm
2828 3967 3027 4021 quoque
3054 3967 3170 4004 aves
3189 3953 3420 4004 maxima
3445 3953 3553 4022 fere

1978 4044 2062 4094 sui
2091 4051 2240 4108 parte
2263 4082 2275 4102 ,
2303 4050 2361 4094 ut
2402 4043 2598 4096 dictum
2629 4052 2727 4106 est,
2761 4044 2899 4096 idem
2927 4043 3024 4097 hoc
3053 4043 3256 4112 faciunt
3286 4059 3304 4096 :
3334 4060 3550 4114 cumque

1977 4135 2291 4186 enati-ierint
2324 4134 2454 4187 nihil
2477 4143 2734 4204 prwterea
2767 4135 3014 4189 adhibent
3041 4152 3180 4189 cura:
3197 4145 3410 4205 excepta
3432 4151 3549 4189 cor-

1978 4225 2112 4285 nice,
2157 4241 2273 4294 qua:
2299 4225 2610 4296 aliquandiu
2636 4229 2871 4295 providet
2901 4245 2918 4281 :
2945 4229 3133 4297 quippe
3172 4245 3288 4296 qua:
3317 4228 3547 4285 volantes

1968 4317 2086 4386 jam
2119 4333 2241 4371 suos
2277 4319 2450 4384 pullos
2478 4336 2694 4386 pascens
2737 4322 2855 4389 ipsa
2883 4322 3176 4374 comitetur.
3212 4319 3277 4373 Et
3313 4319 3542 4385 Plinius,

300 4435 421 4471 rum
455 4434 568 4482 eas,
611 4426 659 4472 et
710 4419 911 4487 fructus
955 4421 1140 4488 reﬁcit,
1164 4429 1212 4474 et
1261 4421 1448 4474 umbra
1489 4421 1739 4486 defendit.
1779 4421 1877 4474 Te-

1983 4411 2077 4464 lib.
2108 4425 2162 4470 x,
2195 4425 2313 4478 cap.
2356 4411 2443 4473 1‘2,
2475 4410 2737 4465 Pra'terea
2788 4412 2904 4465 sola
2953 4412 3063 4466 iure
3110 4415 3270 4465 etiam
3308 4412 3543 4467 volantes

300 4511 549 4563 terrimus
612 4511 750 4563 enim
804 4509 962 4564 draco
1019 4511 1173 4579 ferali
1217 4527 1306 4565 eas
1344 4510 1672 4566 immanitate
1695 4527 1868 4579 perse-

296 4605 499 4674 quitur,
529 4613 579 4657 et
635 4605 830 4660 cruenti
858 4607 1082 4674 gutturis
1120 4603 1367 4658 barathro
1399 4605 1659 4658 inhiantes
1691 4604 1870 4657 absor-

297 4695 419 4748 bere
441 4695 676 4752 molitur.
702 4694 804 4749 Sed
827 4697 960 4750 sicut
982 4696 1236 4750 columlne
1260 4697 1561 4759 draconem,
1582 4699 1659 4750 ita
1677 4696 1868 4750 nihilo-

296 4787 473 4841 minus
513 4787 676 4840 draco
708 4785 960 4856 formidat
984 4805 1120 4851 eam,
1145 4806 1301 4858 quam
1329 4789 1672 4856 prtediximus
1705 4791 1866 4842 arbo-

296 4892 431 4941 rem,
461 4877 552 4931 sed
595 4879 854 4945 pra'cipue
905 4879 1046 4931 timet
1093 4879 1358 4940 umbram,
1389 4880 1466 4932 ita
1495 4888 1555 4932 ut
1591 4881 1637 4932 si
1678 4879 1866 4932 umbra

298 4970 460 5037 fuerit
495 4985 526 5021 a
554 4979 702 5037 parte
748 4969 955 5022 arboris
979 4969 1186 5033 dextra,
1215 4971 1310 5023 illa
1343 4970 1460 5024 licet
1490 4971 1673 5040 procul
1699 4971 1868 5041 fugiat

299 5061 369 5114 ad
396 5062 688 5123 sinistram,
718 5060 854 5129 quod
887 5061 935 5114 si
963 5060 1148 5114 umbra
1179 5062 1408 5114 cernitur
1428 5062 1481 5114 in
1509 5063 1747 5124 sinistra,
1778 5061 1868 5114 ille

296 5161 534 5204 vertatur
566 5149 634 5202 ad
672 5151 960 5204 dexteram.
994 5149 1168 5205 Donec
1207 5169 1330 5221 ergo
1361 5152 1614 5205 columba:
1644 5153 1739 5206 sub
1775 5169 1865 5205 ar-

297 5245 436 5297 boris
466 5243 610 5296 illius
641 5242 946 5296 umbraculo
977 5244 1170 5312 fuerint
1210 5258 1566 5310 commoratte,
1586 5247 1746 5300 nullis
1777 5263 1865 5300 eas

295 5335 522 5388 crudelis
566 5335 660 5388 illa
698 5335 859 5388 bestia
910 5335 1046 5388 valet
1087 5334 1291 5388 insidiis
1324 5335 1534 5392 la'dere.
1558 5337 1791 5407 alioquin
1819 5339 1865 5390 si

293 5432 474 5496 procul
507 5445 596 5481 eas
630 5427 899 5488 invenerit,
929 5429 1042 5481 sine
1076 5428 1184 5480 ulla
1215 5429 1647 5482 contradictionis
1686 5428 1865 5483 obsta-

292 5524 408 5575 culo
439 5523 736 5589 repentinus
766 5521 985 5574 invadit.
1292 5507 1303 5514 ’

375 5613 532 5677 lbid.,
574 5613 670 5665 lin.
708 5612 795 5665 34.
830 5613 936 5664 Οἴα
967 5611 1033 5664 δέ
1062 5612 1232 5665 ἐστιν
1263 5612 1301 5679 ἡ
1333 5615 1537 5679 φύσις.
1579 5611 1866 5684 Anaxago-

293 5721 377 5758 ὀδε
405 5708 640 5759 colorem
670 5713 874 5757 certum
899 5703 1206 5772 plumarum
1229 5703 1285 5757 in
1317 5705 1456 5758 collo
1485 5704 1861 5759 columbarum

1978 4501 2151 4568 pullos
2182 4501 2493 4569 aliquandiu
2533 4504 2702 4571 pascit
2733 4503 3227 4570 inauspicatissima
3258 4503 3393 4572 fetus
3421 4515 3547 4558 tem-

1975 4609 2120 4661 pore,
2153 4595 2248 4647 hoc
2266 4603 2342 4647 est
2367 4603 2482 4662 post
2505 4595 2809 4648 solstitium.
2849 4594 3066 4649 Cetera;
3089 4613 3264 4649 omnes
3288 4611 3352 4649 ea:
3367 4597 3544 4651 eodem

1976 4703 2158 4754 genere
2208 4687 2411 4753 pellunt
2439 4687 2578 4740 nidis
2608 4687 2806 4757 pullos,
2839 4704 2901 4741 ac
2932 4690 3110 4741 volare
3139 4698 3349 4755 cogunt,
3406 4690 3545 4742 sicut
3575 4715 3577 4717 -

1975 4791 2022 4835 et
2059 4782 2200 4833 corvi
2231 4797 2248 4833 :
2275 4782 2365 4849 qui
2405 4791 2452 4834 et
2487 4782 2588 4850 ipsi
2637 4798 2740 4834 non
2761 4797 2920 4833 carne
2948 4789 3153 4832 tantum
3188 4768 3424 4844 aluntur,
3449 4779 3538 4834 sed

1974 4886 2022 4928 et
2043 4874 2284 4928 robustos
2311 4890 2510 4944 quoque
2531 4873 2666 4941 fetus
2689 4889 2816 4926 suos
2855 4872 3040 4942 fugant
3084 4873 3310 4941 longius.

2045 4965 2181 5020 Ibid.
2230 4965 2342 5018 Kal.
2389 4965 2750 5033 μόνανδρον.
2783 4964 2968 5019 Mares.
3002 4963 3218 5019 feminis
3264 4962 3540 5017 connubio

1968 5058 2175 5128 junctis
2197 5073 2412 5126 semper
2441 5058 2596 5120 fidos,
2621 5073 2896 5126 nunquam
2931 5056 2996 5108 ad
3023 5057 3244 5110 alteram
3272 5053 3538 5108 divertere

1974 5151 2252 5207 comitem.
2283 5165 2345 5203 ac
2375 5165 2474 5203 nec
2508 5151 2655 5220 ipsas
2682 5149 2900 5218 quidem
2943 5149 3189 5204 feminas.
3240 5145 3418 5216 quoad
3455 5146 3539 5198 vi-

1973 5252 2127 5306 vunt,
2172 5243 2235 5296 ad
2278 5244 2531 5306 alterum,
2595 5243 2688 5296 sed
2732 5240 3039 5310 disjunctos
3100 5239 3248 5294 solos
3282 5239 3538 5308 deinceps

1974 5352 2188 5404 semper
2215 5337 2410 5404 degere
2439 5344 2670 5390 testatur
2700 5333 2900 5395 llorus,
2937 5334 3030 5386 lib.
3063 5333 3115 5393 l,
3153 5347 3275 5400 cap.
3317 5329 3370 5385 8.
3403 5329 3533 5384 Plu-

1974 5428 2195 5480 tarchus
2229 5426 2434 5496 Gryllo,
2475 5425 2772 5495 Gregorius
2804 5423 3183 5479 Nazianzenus
3214 5422 3428 5475 Parma.
3467 5421 3535 5474 ad

1978 5519 2146 5587 Virg.;
2193 5520 2441 5574 Elianus
2473 5521 2619 5582 item,
2640 5520 2732 5572 lib.
2761 5535 2842 5580 tu,
2889 5518 2958 5571 De
2987 5520 3176 5570 histor.
3209 5519 3372 5570 anim.
3400 5530 3450 5568 c.
3479 5515 3534 5576 9,

1973 5612 2223 5682 Κορῶναι
2245 5613 2498 5682 ἀλλήλαις
2533 5613 2640 5664 εἰσὶ
2670 5611 2987 5665 πιστόταται
3020 5629 3032 5639 ’
3055 5611 3148 5664 καὶ
3180 5611 3400 5672 ὂτανείς
3423 5624 3537 5663 κοι-

1973 5705 2166 5759 νωνίαν
2204 5705 2494 5760 συνέλθωσι
2527 5704 2666 5757 πάνυ
2709 5704 2908 5775 σφόδρα
2949 5703 3198 5773 ἁγαπῶσί
3243 5719 3404 5773 σφας,
3439 5701 3537 5755 καὶ
