4072 6342
500 223 598 277 9H

1830 216 2074 274 LEONIS
2107 218 2378 275 ALLATll

3623 228 3730 285 9&3

500 335 600 389 οὐκ
630 334 695 388 ἄν
732 334 830 388 ῐδοι
856 350 938 397 τις
966 331 1268 404 μιγνύμενα
1292 331 1464 385 ταῦτα
1494 330 1564 387 τὰ
1595 330 1711 398 ζῶα
1735 330 1951 404 ἀνέδην,
1969 332 2064 386 καὶ

2179 335 2294 401 wis,
2313 335 2472 388 simul
2518 350 2582 388 ne
2628 336 2795 390 durus
2822 335 2894 390 sit
2924 334 3222 405 infantibus
3244 337 3432 409 pullis.
3473 337 3731 397 Elianus

499 426 575 490 ὡς
598 425 777 498 ἔτυχε.
817 422 1050 491 Λέγουσι
1080 423 1138 477 δὲ
1169 424 1219 477 oi
1244 422 1315 477 τά
1360 423 1491 494 περὶ
1531 421 1737 477 τούτων
1769 422 2065 493 ἀκριϐοῦν-

502 534 613 581 τες,
652 518 754 581 ὅτι,
784 515 887 570 κᾶν
906 514 1166 569 ἀποθάνοι
1196 515 1259 568 τὸ
1289 515 1498 589 ἕτερον,
1523 516 1585 569 τὸ
1610 515 1794 569 λοιπὸν
1821 515 2065 586 χηρεύει.

515 606 722 662 ’Δκούω
755 606 811 660 δὲ
842 609 969 671 τοὺς
999 606 1166 661 πάλαι
1203 606 1296 661 καὶ⁹
1325 608 1384 689 ἐν
1424 610 1538 672 τοῖς
1570 607 1770 677 γάμοις
1808 607 1949 688 μετά
1979 609 2069 662 τὸν

505 701 753 773 ὑμέναιον
767 701 865 772 τὴν
890 699 1134 774 κορώνην
1153 683 1356 766 καλεῖν,
1376 700 1628 773 σύνθημα
1644 683 1897 775 ὁμονοίας
1914 703 2070 757 τοῦτο

503 796 616 860 τοῖς
652 794 920 850 συνιοῦσιν
972 794 1067 849 ἐπὶ
1090 795 1402 867 παιδοποιίᾳ
1455 793 1709 860 διδόντες.
1785 794 1867 852 Ob
1928 796 2070 852 hanc

504 902 638 960 ergo
693 888 864 945 maris
894 896 949 944 et
978 886 1193 945 femina
1240 887 1612 953 concordiam,
1658 895 1713 944 et
1748 896 2067 959 perpetuam

505 981 762 1038 connubii
799 983 970 1055 legem
1000 995 1065 1037 ac
1097 981 1276 1047 ﬁdem,
1311 980 1571 1038 solitaria:
1604 982 1843 1038 cornicis
1869 996 2066 1037 occur-

505 1091 602 1132 sus
629 1075 833 1130 malum
874 1088 1036 1131 omen
1080 1073 1315 1130 iaciebat
1349 1072 1606 1131 Elianus
1651 1073 1797 1128 dicto
1846 1075 1964 1131 loco
2009 1082 2063 1130 ct

504 1167 615 1223 alii.

576 1257 736 1326 lbid.,
757 1258 854 1312 lin.
880 1257 968 1313 4'5.
1018 1258 1070 1309 '0
1107 1256 1176 1312 δὲ
1202 1258 1584 1327 νυκτικόραξ.
1615 1256 1793 1328 llujus
1818 1259 2067 1314 meminit

503 1349 761 1414 Basilius,
792 1349 938 1406 hom.
971 1348 1003 1403 8
1036 1349 1090 1402 in
1129 1347 1411 1413 Hexaemq
1436 1348 1635 1415 Horus,
1663 1350 1758 1404 lib.
1784 1365 1845 1413 ιι,
1871 1365 1929 1405 c.
1963 1349 2065 1416 25;

506 1442 846 1506 Aristoteles,
882 1441 959 1496 De
984 1442 1174 1497 histor.
1226 1442 1420 1505 anim.,
1479 1440 1575 1496 lib.
1613 1455 1735 1504 VIII,
1763 1455 1883 1511 cap.
1924 1441 1979 1503 5.
2014 1452 2067 1497 et

504 1530 602 1586 lib.
646 1546 722 1596 ix,
760 1546 879 1602 cap.
907 1529 998 1587 59.
1031 1529 1370 1602 Apollinario
1405 1530 1599 1603 psalm.
1640 1546 1714 1600 οι,
1764 1540 1849 1588 est
1875 1532 2067 1597 νυκτὸς

505 1623 697 1696 κόραξ.

574 1738 892 1806 Δέρκεσθαι
917 1738 1098 1806 φαίης
1117 1754 1224 1792 κεν
1241 1736 1615 1806 ἐρημονόμον
1632 1733 1993 1806 uelamina,

582 1804 658 1864 Ἥ
682 1804 1153 1875 νυκτόςξκόρακα
1174 1804 1371 1876 ψιλῶνρ
1392 1806 1667 1876 δαπέδων
1684 1804 1961 1876 ναετῆρα,

578 1882 654 1934 Ἦ
663 1893 808 1948 στρο
817 1880 960 1933 υθόν
975 1874 1084 1932 τιν’
1101 1874 1333 1932 ἄϋπνον
1341 1876 1495 1931 ἐόντ’
1505 1876 1575 1931 ἐν
1589 1874 1807 1947 δώματι
1815 1875 2065 1945 μοῦνον.

579 1993 738 2058 lhid.,
774 1994 871 2048 lin.
923 1992 1012 2046 45.
1048 1992 1449 2061 Φιλόστοργος
1495 1993 1530 2045 ό
1569 1991 1752 2059 ἔποψ.
1791 1987 2066 2051 ᾹΞΙὶιιιιιιε,

507 2085 601 2138 lib.
639 2100 692 2150 ι,
717 2098 840 2155 cap.
882 2084 966 2147 l6,
1014 2081 1303 2154 Egyptios
1358 2083 1435 2135 ait
1471 2079 1735 2143 ciconias,
1776 2078 2070 2150 vulpanse-

510 2190 616 2237 res,
676 2183 730 2229 et
772 2189 984 2242 upupas
1014 2176 1068 2227 in
1093 2172 1298 2228 honore
1340 2171 1563 2238 habere,
1602 2170 1749 2241 quod
1788 2177 2073 2225 senectute

509 2266 729 2321 allectos
763 2275 1016 2335 parentes
1057 2266 1230 2319 alunt.
1264 2263 1516 2335 Upupam
1560 2263 1748 2318 nidum
1776 2277 1807 2317 ο
1830 2269 2074 2318 stercore

510 2357 779 2425 praecipue
794 2356 1031 2410 humano
1044 2355 1312 2410 conﬁcere
1335 2353 1503 2409 tradit
1526 2352 1848 2410 Aristoteles
1874 2353 1967 2408 lib.
1994 2366 2068 2417 ιτ,

509 2463 631 2518 cap.
662 2447 745 2513 l5,
784 2447 860 2502 De
888 2449 1012 2501 hist.
1033 2448 1223 2513 anim.;
1263 2446 1352 2519 qui
1398 2455 1602 2512 tamen,
1634 2461 1756 2516 cap.
1782 2446 1836 2510 1,
1870 2445 1965 2501 lib.
1994 2460 2070 2509 vr,

515 2554 752 2610 upupam
797 2556 904 2595 non
954 2540 1238 2596 nidiﬁcare
1285 2542 1378 2605 ait,
1424 2540 1518 2596 sed
1553 2542 1608 2595 in
1633 2538 1783 2595 cavis
1816 2542 2072 2594 arborum

510 2648 703 2705 parere
727 2633 847 2690 sine
869 2634 977 2689 ullo
993 2642 1315 2698 stramento,
1351 2633 1456 2687 '05’
1476 2632 1617 2702 ἔποψ
1639 2633 1797 2703 μόνος
1820 2632 1881 2684 οὐ
1904 2634 2075 2686 ποιεῖ-

508 2743 600 2781 ται
631 2726 901 2781 νεοττείαν
947 2725 1057 2779 τῶν
1093 2725 1215 2779 καθ’
1257 2725 1448 2779 ἑαυτὸν
1500 2724 1903 2791 νεοττευόντων,
1960 2722 2073 2777 ἀλλ’

510 2818 849 2891 είσδυόμενος
902 2820 980 2882 είς
1020 2818 1089 2874 τά
1131 2818 1378 2889 στελέχη,
1427 2818 1486 2871 ἐν
1533 2819 1645 2882 τοῖς
1673 2816 1871 2880 κοίλοις
1898 2814 2076 2871 αὐτῶν

514 2912 711 2975 τίκτει,
734 2909 883 2966 οὐδὲν
909 2908 1369 2981 συμφορούμενος.

2168 427 2246 482 De
2296 428 2482 484 histor.
2516 429 2706 491 anim.,
2734 428 2830 484 lib.
2862 445 2945 493 ιιι,
2976 444 3098 501 cap.
3144 429 3238 498 24,
3303 430 3367 485 Ἠ
3397 430 3456 485 δὲ
3484 432 3729 503 χελιδὼν,

2166 521 2255 574 ὅτε
2279 518 2536 590 εὐποροίη
2562 516 2735 590 πηλοῦ
2756 521 2871 583 τοῖς
2890 516 3039 584 όνυξι
3065 519 3242 592 φέρει,
3266 519 3358 573 καὶ
3387 521 3731 592 συμπλάττει

2166 612 2264 684 τὴν
2282 611 2495 666 καλιάν.
2527 613 2589 665 Ei
2605 610 2660 665 δὲ
2677 609 2881 682 ἀπορία
2904 612 3011 682 εἴη,
3048 611 3124 674 ὡς
3164 610 3539 683 Ἀριστοτέλης
3557 610 3730 681 λέγει,

2169 704 2363 776 ἑαυτὴν
2387 702 2590 775 βρέχει,
2623 703 2716 756 καὶ
2745 704 2826 767 είς
2854 702 3003 757 κόνιν
3036 701 3197 774 φόρει
3235 701 3306 756 τὰ
3346 703 3526 775 πτερά
3558 704 3732 776 εμπε-

2170 797 2356 863 σοῦσα,
2386 795 2589 851 καὶτοῦ
2617 794 2788 868 πηλοῦ
2805 812 2871 850 πε
2878 795 3220 867 ριπαγέντος,
3239 793 3486 848 ἐντεῦθεν
3516 796 3730 849 ὑπαπο-

2166 892 2411 963 ψήχουσα
2453 888 2532 960 τῷ
2580 889 2785 961 ῥάμφει
2841 888 2941 959 τὴν
2994 887 3362 959 προκειμένην
3419 886 3729 958 οἰκοδομίαν

2168 982 2494 1054 χειρουργεῖ.
2533 979 2744 1034 Ἀπαλά
2767 996 2829 1032 τε
2854 978 2983 1033 ὄντα
3007 977 3077 1032 τὰ
3091 978 3322 1040 νεόττια,
3356 977 3452 1030 καὶ
3480 975 3589 1031 τῶν
3610 978 3732 1032 πτίε⁵

2168 1077 2274 1130 λων
2301 1074 2483 1144 γυμνὰ
2521 1068 2630 1127 οἶδε
2680 1070 2858 1135 καλῶς
2902 1071 2996 1124 ἐπὶ
3039 1068 3209 1139 ψιλῶν
3258 1072 3482 1141 καρφῶν
3511 1071 3560 1125 εί
3596 1071 3730 1125 ἀνα-

2168 1168 2413 1232 παύοιτο,
2451 1169 2531 1221 ὅτι
2576 1164 2966 1236 κολασθήσεται
2992 1164 3279 1233 ἀλγοῦντα.
3309 1164 3517 1218 οὐκοῦν
3538 1166 3631 1219 ἐπὶ
3660 1167 3732 1219 τὰ

2166 1259 2312 1314 νῶτα
2341 1258 2451 1313 τῶν
2478 1257 2762 1329 προϐάτων
2807 1256 2976 1321 ἱζάνει
3001 1256 3097 1311 καὶ
3121 1257 3343 1329 ἀποσπᾷ
3367 1258 3463 1312 τοῦ
3502 1257 3729 1329 μαλλοῦ,

2166 1353 2261 1406 καὶ
2310 1349 2558 1406 ἐντεῦθεν
2594 1351 2706 1413 τοῖς
2731 1350 2925 1420 ἑαυτῆς
2960 1348 3182 1422 βρέφεσι
3211 1349 3275 1403 τὸ
3301 1349 3458 1422 λέχος
3489 1348 3730 1421 μαλακὸν

2167 1445 2424 1516 έστρωσε.
2466 1441 2603 1497 Vide
2633 1441 3007 1507 Plutarchum,
3046 1441 3122 1497 De
3150 1442 3366 1497 solertia
3397 1442 3727 1496 animalium.

2166 1535 2351 1607 Neque
2396 1533 2614 1589 silentio
2682 1532 3118 1604 prmtereundum
3151 1531 3297 1602 quod
3329 1532 3494 1586 tradit
3526 1529 3729 1593 Horus.

2168 1629 2261 1682 lib.
2287 1642 2345 1691 ιι,
2382 1640 2485 1694 cap
2512 1624 2601 1690 5i,
2651 1624 2799 1678 illam
2825 1623 2937 1693 jam
2986 1623 3149 1677 morti
3190 1623 3490 1693 proximam
3527 1622 3645 1677 luto
3673 1637 3735 1677 se

2170 1718 2343 1788 ipsam
2412 1716 2689 1777 volutare,
2748 1722 2804 1770 et
2875 1713 3039 1783 pullis
3102 1712 3337 1768 latebras
3390 1728 3731 1783 comparare.

2181 1808 2394 1879 ‘Emlv'q
2432 1806 2540 1879 γὰρ
2562 1805 2734 1859 κυλίει
2758 1806 2952 1876 ἑαυτὴν
2974 1807 3055 1869 είς
3093 1804 3282 1877 πηλὸν,
3306 1807 3401 1859 καὶ
3422 1805 3594 1871 κτίζει
3622 1806 3735 1867 τοῖς

2168 1901 2400 1962 νεοττοῖς
2436 1897 2638 1967 φωλεὸν
2677 1895 2943 1968 μέλλουσα
2965 1895 3253 1952 τεθνάναιι
3291 1897 3435 1967 quod
3466 1911 3577 1951 non
3618 1911 3737 1950 me-

2170 1988 2303 2042 mini
2340 2003 2426 2042 me
2442 1987 2571 2042 alibi
2599 1986 2820 2059 legisse.

2242 2076 2403 2140 ιδιά..
2437 2078 2532 2131 lin.
2567 2076 2655 2132 5i.
2701 2077 3048 2147 Μόνανδρος
3084 2076 3124 2144 ἠ
3172 2074 3423 2147 τρυγών.
3474 2075 3733 2139 Basilius,

2172 2169 2320 2225 ιιοιιι.
2344 2170 2398 2233 8,
2431 2170 2541 2242 Τὴν
2570 2170 2803 2242 τρυγόνα
2846 2171 2999 2240 φασὶ,
3047 2168 3453 2239 διαζευχθεῖσαν
3479 2170 3610 2222 ποτὲ
3639 2167 3738 2222 τοῦ

2172 2259 2456 2332 ὀμόζυγος,
2495 2261 2691 2333 μηκέτι
2718 2262 2816 2332 τὴν
2841 2261 2977 2333 πρὸς
3003 2260 3187 2333 ἕτερον
3210 2260 3602 2332 καταδέχεσθαι
3622 2278 3737 2315 κοι-

2173 2352 2386 2417 γωνίαν,
2431 2352 2568 2406 ἀλλά
2614 2351 2795 2423 μένειν
2835 2352 3199 2407 ἀσυνδύαστον
3247 2354 3435 2425 μνήμῃ
3471 2352 3566 2406 τοῦ
3607 2370 3737 2407 ποτε

2176 2442 2578 2514 συζευχθέντος,
2600 2442 2698 2514 τὴν
2720 2442 2856 2514 πρὸς
2878 2442 3061 2515 ἕτερον
3087 2445 3371 2498 κοινωνίαν
3398 2445 3741 2517 ἀπαρνουμέ-

2175 2550 2294 2605 νην.
2323 2533 2573 2590 Clemens
2618 2533 3043 2597 Alexandrinus,
3093 2531 3292 2588 Strom.
3332 2535 3399 2602 2;
3442 2534 3739 2608 Gregorius

2174 2624 2526 2688 Nazianzen.,
2579 2625 2758 2680 Carm.
2791 2625 2861 2678 ad
2888 2626 3020 2696 uirg.
3046 2624 3253 2696 ,Mirum
3288 2626 3342 2681 id
3375 2629 3520 2697 quod
3553 2635 3740 2683 narrat

2177 2715 2429 2771 [Elianus
2488 2716 2555 2772 de
2610 2725 2883 2771 turturum
2946 2731 3010 2771 ac
3070 2717 3444 2772 columbarum
3495 2717 3738 2773 albarum

2177 2809 2454 2865 castitate.
2485 2808 2544 2863 Si
2566 2809 2709 2864 enim
2740 2806 3031 2877 impudicis
3062 2809 3359 2873 amoribus,
3389 2810 3739 2879 externisque

2175 2899 2469 2955 inservisse
2500 2898 2889 2969 persenscrint,
2920 2898 3142 2968 reliquae
3164 2906 3428 2965 turtures,
3452 2908 3507 2955 et
3534 2899 3742 2955 colum-

582 3003 745 3067 lbid.,
793 3002 890 3058 lin.
914 3001 1003 3057 49.
1062 3002 1132 3057 Ἠ
1165 3002 1234 3056 δὲ
1265 3000 1521 3071 χελιδὼν
1548 3001 1710 3067 ἅπαξ
1729 3000 1933 3072 γεννᾷ.
1961 3002 2077 3058 Ari-

2179 2992 2259 3048 ωε
2293 3007 2498 3047 marem
2538 2992 2872 3060 discerpunt,
2907 3003 2961 3047 et
2997 2991 3231 3061 pessime
3260 2990 3494 3061 perdunt
3530 3009 3544 3046 :
3587 2990 3739 3046 femi-

513 3095 736 3152 stoteles
767 3101 950 3149 tamen
973 3094 1069 3149 lib.
1113 3111 1166 3158 ν,
1203 3092 1280 3148 De
1312 3093 1436 3147 hist.
1470 3094 1660 3158 anim.,
1695 3108 1815 3164 cap.
1860 3094 1948 3159 15,
1987 3094 2074 3148 1ιί-

512 3187 803 3242 rundinem
840 3188 916 3240 ait
955 3186 1040 3242 his
1073 3200 1215 3239 anno
1251 3200 1461 3257 parere,
1490 3184 1638 3256 quod
1687 3184 1980 3241 conﬁrmat
2025 3195 2080 3242 et

511 3277 744 3343 Plinius,
774 3276 868 3332 lib.
902 3292 956 3341 x,
990 3290 1111 3345 cap.
1143 3276 1232 3339 55,
1264 3273 1591 3329 Ilirundines
1618 3285 1668 3330 et
1685 3276 1900 3331 merqu
1921 3285 1969 3331 et
1990 3292 2081 3345 pa-

516 3371 700 3435 lumbi,
722 3378 773 3426 οε
805 3379 1035 3424 turtures
1064 3369 1142 3421 bis
1168 3384 1308 3423 anno
1330 3368 1564 3438 pariunt,
1597 3379 1801 3424 cetera:
1823 3385 1939 3424 aues
1970 3370 2081 3439 fere

520 3462 700 3518 semel.
736 3460 868 3517 Avis
898 3461 1014 3516 hac
1039 3461 1182 3515 inter
1209 3459 1345 3515 alias
1392 3460 1562 3514 multa
1604 3459 1767 3516 habet
1819 3461 1929 3516 illis
1971 3476 2078 3516 non

516 3552 847 3616 communia,
877 3566 998 3621 quae
1021 3549 1263 3605 referunt
1293 3551 1329 3604 ii
1353 3550 1446 3620 qui
1468 3550 1536 3606 de
1567 3550 1895 3606 animalibus
1917 3550 2083 3607 histo-

517 3642 631 3698 rias
678 3642 967 3711 scripsere.
1017 3639 1124 3696 Sed
1171 3642 1502 3711 praecipuum
1533 3651 1588 3697 et
1619 3627 1854 3697 maxime
1906 3642 2081 3698 admi-

519 3731 751 3789 randum
784 3731 918 3787 illud
962 3746 1086 3788 esse
1125 3732 1260 3787 mihi
1312 3733 1548 3797 videtur,
1597 3734 1744 3804 quod
1790 3735 1856 3790 de
1892 3751 2081 3791 earum

521 3825 667 3880 coitu
695 3824 886 3880 scribit
911 3821 1184 3885 Elianus,
1207 3822 1284 3878 De
1307 3823 1493 3880 histor.
1523 3825 1712 3893 anim.,
1750 3826 1846 3882 lib.
1873 3842 1935 3891 ιι,
1959 3843 2079 3899 cap.

521 3917 589 3972 ὃς
613 3916 677 3977 Ol.
708 3914 808 3986 μὲν
831 3913 1041 3986 ὄρνιθες
1060 3915 1106 3967 oi
1133 3915 1307 3986 ἕτεροι
1326 3914 1720 3980 ἀναϐαίνονται,
1736 3916 1811 3981 ὡς
1835 3916 2008 3986 λόγος,
2026 3917 2084 3972 al

521 4010 580 4063 δὲ
599 4006 862 4079 χελιδόνες
888 4005 972 4072 οὒ,
1004 4005 1140 4060 ἀλλὰ
1167 4005 1372 4060 τούτων
1386 4024 1451 4076 γε
1477 4008 1741 4078 ὲναντίαὴ
1768 4008 1912 4079 μίξις
1944 4010 2083 4073 ἐστὶ,

525 4098 618 4151 καὶ
652 4097 713 4151 τό
733 4098 901 4152 αἴτιον
929 4092 1119 4169 οἶδενὴ
1147 4096 1327 4167 φύσιςο
1364 4097 1525 4167 Λέγει
1552 4097 1609 4151 δὲ
1626 4101 1655 4153 ό
1684 4098 1883 4153 πλείων
1903 4099 2081 4169 λόγος,

525 4193 607 4245 ὃτι
633 4190 931 4263 πεφρίκασι
959 4190 1047 4245 τὸν
1078 4189 1270 4263 τηρέα,
1308 4191 1401 4245 καὶ
1431 4189 1723 4254 δεδοίκασι,
1755 4191 1961 4262 μήποτε
1978 4191 2087 4263 ἄρα

529 4282 911 4354 προσερπύσας
958 4280 1056 4336 λάθ
1065 4299 1153 4353 ρα,
1178 4276 1301 4336 εἶτα
1324 4282 1624 4355 ἐργάσηται
1660 4283 1960 4355 τραγῳδίαν
1991 4285 2085 4338 καὶ

530 4390 643 4427 νυν.

599 4464 761 4530 lbid.,
818 4463 1173 4537 Πηγνυμένη
1222 4464 1291 4519 δὲ
1336 4464 1471 4535 τήν.
1502 4464 1759 4531 Basilius,
1824 4467 1969 4523 hom.
2001 4467 2036 4523 8
2075 4490 2086 4524 :

542 4560 754 4628 Ἑκείνη
774 4557 884 4629 γὰρ
908 4560 1008 4630 τὴν
1035 4557 1228 4613 καλιὰν
1270 4559 1612 4631 πηγνυμένην
1655 4560 1725 4614 τὰ
1768 4561 1865 4632 μὲν
1897 4562 2083 4634 κάρφη

528 4648 607 4721 τῷ
632 4648 857 4720 στόματι
881 4648 1202 4719 διακομίζει,
1238 4649 1406 4721 πηλὸν
1433 4648 1489 4703 δὲ
1519 4653 1628 4716 τοῖς
1654 4652 1809 4706 ποσὶν
1842 4649 1976 4724 ἆραι
2016 4652 2089 4724 μὴ

529 4725 823 4811 δυναμένη,
845 4738 917 4794 τὰ
953 4740 1097 4810 ἄκρα
1126 4738 1233 4793 τῶν
1286 4738 1461 4793 ποδῶν
1509 4738 1662 4794 ῦδατι
1690 4740 1944 4813 βρέξασα,
1974 4739 2093 4798 εἶτα

529 4835 597 4903 τῇ
655 4831 955 4903 λεπτοτάτῃ
983 4831 1128 4884 κόνει
1173 4830 1523 4902 ὲνειληθεῖσα,
1551 4830 1725 4896 οὕτως
1756 4834 1961 4887 ἐπινοεῖ
1992 4834 2089 4887 τοῦ

531 4924 706 4997 πηλοῦ
752 4922 850 4996 τὴν
898 4922 1106 4996 χρείαν,
1166 4924 1260 4976 καὶ
1321 4924 1461 4978 κατά
1508 4924 1700 4996 μικρὸν
1743 4925 1993 4999 ἀλλήλοις
2024 4928 2093 4981 τὰ

532 5018 719 5089 κάρφη
751 5012 862 5070 οἷον
898 5015 1062 5089 κόλλῃ
1080 5015 1187 5068 τινὶ
1215 5013 1294 5086 τῷ
1320 5015 1478 5087 πηλῷ
1504 5016 1828 5089 συνδήσασα,
1858 5020 1917 5072 ὲν
1947 5021 2087 5092 αὐτῇ

531 5110 659 5172 τοὺς
688 5107 934 5171 νεοττοὺς
981 5106 1253 5178 ἐκτρέφει.
1313 5104 1388 5161 De
1430 5107 1783 5165 hirundinum
1825 5110 2095 5166 industria

533 5199 589 5254 in
613 5198 754 5254 nidis
787 5196 1141 5252 conﬁciendis
1171 5194 1513 5263 Aristoteles,
1544 5198 1639 5252 lib.
1672 5215 1747 5263 Ix,
1779 5216 1900 5272 cap.
1936 5203 1987 5268 7,
2013 5202 2093 5259 De

532 5286 721 5344 histor.
758 5287 1091 5353 animal.,ex
1124 5301 1233 5358 quo
1266 5302 1366 5343 sua
1410 5288 1602 5344 habuit
1639 5287 1847 5346 Plinius
1891 5291 1986 5348 lib.
2035 5308 2093 5361 ι,

538 5394 654 5450 cap.
677 5381 766 5447 55,
807 5380 1135 5438 Hiruudines
1186 5384 1297 5440 luto
1326 5392 1655 5449 construunt,
1682 5395 1973 5440 stramento
2004 5402 2093 5439 ro-

534 5469 744 5526 borant.
770 5468 829 5527 Si
853 5472 1065 5542 quando
1091 5474 1267 5544 inopia
1297 5484 1373 5531 est
1405 5474 1529 5542 luti,
1569 5474 1883 5546 madefacta
1918 5476 2092 5530 multa

534 5579 676 5632 aqua
693 5566 874 5633 pennis
901 5566 1162 5634 puluerem
1208 5580 1483 5641 spargunt,
1528 5571 1704 5640 ipsum
1754 5586 1871 5625 vero
1907 5570 2094 5625 nidum

536 5654 783 5710 mollibus
807 5658 1023 5727 plumis,
1055 5660 1333 5729 ﬂocrisquc
1359 5669 1696 5718 consternunt
1721 5663 2093 5733 lepefaciendia

2182 3099 2265 3139 uae
2291 3098 2422 3140 vero
2458 3082 2830 3139 misericordia
2868 3090 3146 3151 permota),
3184 3081 3336 3135 nulla
3374 3081 3523 3136 illata
3572 3081 3739 3137 mole-

2181 3177 2286 3231 stia
2315 3175 2368 3230 in
2415 3175 2679 3232 viduitate
2726 3176 2991 3244 reliquam
3040 3182 3250 3229 aetatem
3281 3176 3482 3231 ducere
3515 3176 3742 3245 permit-

2181 3275 2323 3331 tunt,
2359 3268 2462 3323 hoc
2484 3268 2626 3322 idem
2658 3276 2713 3324 et
2735 3267 3015 3337 palumbos
3045 3268 3221 3323 l'..cere
3245 3267 3494 3330 allirmat,
3524 3277 3744 3338 praetcr-

2181 3375 2343 3432 quam
2376 3360 2520 3431 quod
2559 3361 2657 3426 illi,
2708 3368 2762 3415 et
2805 3375 3031 3425 marem,
3073 3368 3129 3415 et.
3169 3359 3424 3414 feminam
3466 3359 3739 3415 occidunt.

2183 3452 2259 3508 De
2281 3454 2465 3508 histor.
2491 3452 2736 3520 animal.,
2760 3452 2854 3508 lib.
2909 3468 2991 3518 ιιι,
3036 3467 3155 3524 cap.
3186 3451 3278 3517 M,
3302 3453 3746 3525 Σωφρονέσταται

2182 3545 2409 3617 ὀρνίθων
2440 3547 2497 3599 al
2531 3547 2731 3615 φᾶτται
2757 3545 2990 3617 ᾅδονται.
3033 3545 3091 3598 ὐ
3124 3545 3254 3614 γοῦν
3280 3546 3456 3619 ἄρρην
3481 3547 3578 3600 καὶ
3600 3549 3629 3601 ό
3654 3548 3745 3618 θῆ-

2182 3636 2298 3704 λυς,
2342 3637 2776 3705 συνδυασθέντες,
2820 3639 2913 3693 καὶ
2958 3640 3119 3692 οίονεὶ
3155 3638 3636 3710 συμπνεύσαντες,
3670 3643 3748 3705 είς

2183 3730 2360 3800 γάμον
2389 3729 2632 3801 ἀλλήλων
2657 3728 2889 3799 ἔχονται,
2923 3730 3018 3783 καὶ
3040 3730 3394 3801 σωφρονοῦσι,
3425 3732 3523 3785 κα)⁸
3557 3732 3658 3787 οὐκ
3683 3733 3747 3788 ἂν

2184 3822 2391 3876 ὁθνείου
2420 3821 2607 3892 λέχους
2639 3821 2916 3894 οὐδέτερος
2946 3823 3141 3892 ἅψεται
3166 3822 3272 3877 τῶν
3305 3824 3533 3897 ὀρνίθων
3558 3826 3739 3881 τῶνδε.

2198 3914 2323 3968 Ἐὰν
2356 3914 2412 3967 δὲ
2442 3912 2952 3984 ὲποφθαλμιάσωσιν
2979 3915 3202 3986 ἑτέροις,
3242 3914 3623 3988 περιέρχονται
3654 3916 3748 3971 αὺ-

2184 4008 2308 4069 τοὺς
2333 4008 2382 4059 οί
2403 4006 2599 4059 λοιποί⁴
2635 4006 2730 4059 καὶ
2756 4005 2846 4058 τὸν
2878 4006 2975 4076 μὲν
3003 4006 3209 4079 ἄρρενα
3244 4010 3292 4060 oi
3325 4010 3608 4079 ὁμογενεῖς
3636 4009 3745 4063 διας

2188 4099 2417 4162 σπῶσιν,
2448 4101 2503 4152 αί
2542 4098 2753 4169 θήλειαι
2792 4098 2849 4152 δὲ
2883 4100 2975 4152 τὸν
3018 4098 3200 4170 θῆλυν.
3242 4100 3426 4166 Οὕτως
3458 4101 3567 4173 ἄρα
3597 4105 3627 4156 ό
3656 4103 3750 4173 τῆς

2189 4193 2541 4263 σωφροσύνης
2573 4193 2735 4263 νόμος
2766 4192 2861 4247 κα)⁸
2897 4193 2956 4256 ἐς
2989 4192 3089 4256 τὰς
3118 4194 3385 4265 τρυγόνας
3421 4196 3748 4265 ἀφικνεῖται,

2187 4284 2282 4337 καὶ
2325 4283 2589 4354 ἄτρεπτος
2647 4285 2824 4355 μένει,
2875 4284 2971 4337 καὶ
3021 4285 3080 4349 ές
3139 4285 3238 4349 τὰς
3295 4286 3624 4357 περιστερὰς
3658 4288 3752 4351 τὰς

2116 4384 2159 4439 ι)
2187 4374 2402 4440 λευκὰς,
2439 4375 2576 4447 πλὴν
2623 4374 2716 4429 τοῦ
2767 4375 3125 4430 θανατοῦσθαι
3165 4378 3422 4449 ἑκάτερον
3458 4378 3550 4433 τὸν
3581 4380 3746 4450 ὄρνιν’

2190 4467 2313 4520 ἐπεὶ
2340 4467 2431 4521 τὸν
2463 4467 2559 4538 μὲν
2589 4469 2790 4539 ἀρῤενα
2821 4468 3122 4540 ἀναιροῦσι,
3163 4468 3261 4539 τὴν
3286 4468 3343 4522 δὲ
3374 4468 3540 4539 θῆλυν
3563 4470 3753 4541 ᾤκτει-

2196 4572 2316 4628 ραν,
2366 4556 2461 4610 καὶ
2510 4558 2697 4611 εἴασαν
2742 4558 2925 4629 ἀπαθῆ
2968 4560 3085 4623 ,καὶ
3135 4559 3370 4631 περίεισι
3415 4561 3605 4631 χῆρος.
3656 4561 3752 4616 Hic

2192 4648 2321 4704 dum
2362 4648 2429 4705 de
2470 4658 2683 4706 turture
2723 4665 3029 4707 sermonem
3068 4651 3352 4717 habemus,
3396 4652 3548 4707 nuilo
3594 4658 3754 4709 modo

2194 4738 2436 4795 silendus
2469 4750 2553 4796 est
2581 4739 2802 4797 Davidis
2840 4740 3134 4797 Iloeschelii
3162 4756 3319 4797 error
3346 4743 3620 4798 maximus
3642 4746 3753 4799 ἀνι-

2196 4831 2505 4903 στορησίας.
2544 4833 2679 4887 Cum
2708 4833 2853 4888 enim
2884 4830 3065 4888 llorus
3109 4832 3207 4887 lib.
3241 4847 3305 4897 ιι,
3349 4846 3471 4903 cap.
3517 4832 3643 4901 U2,
3689 4833 3755 4889 de

2196 4930 2408 4979 turture
2462 4925 2671 4979 marina
2715 4924 3047 4993 loqueretur,
3090 4924 3346 4995 illiusque
3375 4924 3655 4998 ingenium
3688 4941 3755 4982 ex

2195 5013 2574 5087 Egyptiorum
2604 5018 2871 5073 sententia
2915 5026 3230 5088 exponeret,
3270 5016 3614 5075 Hmschelius
3646 5033 3755 5074 non

2196 5106 2630 5163 animadverteris
2669 5106 2736 5163 de
2793 5123 3029 5179 quonam
3067 5123 3252 5164 sermo
3284 5117 3450 5175 esset,
3484 5108 3670 5177 haeret,
3703 5120 3757 5164 et

2194 5207 2255 5254 ut
2282 5199 2495 5255 videtur
2524 5200 2591 5255 de
2628 5207 2843 5257 turture
2870 5203 3165 5256 accilorum
3207 5202 3358 5257 illum
3400 5203 3677 5274 intelligit,
3705 5215 3759 5258 et

2194 5289 2441 5359 quaedam
2480 5289 2584 5343 alia
2617 5290 2887 5363 πάρεργα,
2919 5291 3015 5345 καὶ
3040 5290 3144 5358 ἔξω
3178 5293 3273 5347 τοῦ
3307 5293 3511 5348 σκοποῦ
3545 5294 3602 5348 in
3640 5310 3753 5350 me-

2196 5381 2344 5437 dium
2388 5381 2562 5448 affert,
2610 5398 2749 5453 qum,
2791 5391 2849 5437 ut
2897 5383 3014 5454 ipse
3045 5384 3385 5453 opinabatur,
3434 5402 3468 5441 a
3514 5386 3759 5457 subjecta

2194 5473 2422 5529 materia
2448 5474 2670 5530 minime
2697 5484 2852 5530 erant
2880 5477 3076 5541 aliena,
3109 5483 3242 5547 puto
3274 5476 3376 5531 hoc
3410 5478 3488 5532 illi
3514 5479 3630 5547 jam
3678 5480 3757 5534 la—

2195 5567 2419 5625 boribus
2472 5568 2654 5638 potius
2684 5567 2738 5624 in
2783 5571 2929 5625 notis
2970 5570 3080 5626 illis
3113 5568 3469 5628 conﬁciendis
3518 5571 3756 5632 defesso.

2197 5678 2355 5733 quam
2395 5661 2608 5718 inscitia
2638 5663 2904 5719 evenisse.
2938 5663 3300 5733 Antiquorum
3329 5666 3514 5734 itaque
3545 5674 3760 5721 scatur.-
