4072 6342
328 368 430 421 915

1440 363 1505 416 IN
1545 362 1914 418 EUSTATllll
1958 365 2425 427 ΗΕΧΑΕΜΕΒΟΝ
2469 365 2697 426 ΝΟΤίΕ.

3464 379 3563 432 9H

324 484 416 541 tiis
452 481 624 546 ducti,
656 478 859 534 Horum
893 495 1002 536 non
1032 480 1101 536 de
1136 466 1662 544 terrestrt'turture,
1692 490 1745 534 et
1774 496 1886 541 ave.

2068 481 2227 546 lbid.,
2262 485 2358 539 lin.
2390 486 2474 539 14.
2518 489 2682 542 Ἒνια
2713 488 2779 541 δὲ
2805 489 2923 543 τῶν
2953 489 3190 559 ὀρνέων.
3224 490 3297 545 De
3327 492 3413 546 his
3443 495 3565 546 vide

325 573 423 629 sed
473 571 541 627 de
589 571 871 641 pastinaca
919 572 1152 635 marina,
1209 571 1448 625 locutum
1488 570 1743 625 dicimus.
1779 570 1895 641 Ipsa

322 663 469 719 enim
505 662 667 715 hamo
698 661 982 732 implicita,
1007 663 1217 731 spinam
1246 675 1409 730 quam
1441 661 1495 713 in
1527 662 1699 714 cauda
1734 662 1897 714 habet

324 756 514 825 abjicit
547 774 559 809 :
589 762 642 810 et
686 754 773 808 hic
804 755 1020 810 videtur
1066 771 1259 810 sensus
1296 753 1445 808 llori.
1486 752 1561 809 De
1606 770 1710 823 qua
1742 756 1894 824 plura

325 845 606 917 Oppianus
650 844 887 909 Halicut,
922 846 1017 900 lib.
1056 860 1096 908 ι,
1130 852 1183 900 et
1238 861 1309 911 lt;
1366 846 1616 909 Aristot.,
1658 845 1752 899 lib.
1815 861 1891 905 Ix.

324 955 447 1011 cap.
480 942 578 1005 57;
615 937 979 1005 Dioscorides,
1028 938 1122 994 lib.
1160 954 1257 1002 vu,
1301 954 1421 1008 cap.
1452 938 1506 1003 8,
1546 947 1600 993 et
1641 939 1735 992 lib.
1771 954 1895 1002 vm,

326 1047 449 1101 cap,
482 1033 546 1096 7;
576 1031 807 1095 Plinius,
844 1032 936 1085 lib.
972 1048 1049 1095 rx,
1081 1046 1203 1100 cap.
1241 1030 1345 1095 48;
1380 1028 1646 1085 Nicander
1677 1031 1729 1084 in
1763 1030 1896 1085 The-

326 1125 526 1187 riacis;
552 1123 701 1177 Phile
731 1124 784 1177 in
810 1123 1026 1187 iambis,
1061 1130 1114 1177 et
1154 1122 1266 1184 alii,
1302 1122 1448 1191 quod
1480 1122 1570 1175 hic
1609 1136 1897 1177 recensere

325 1217 658 1285 superﬂuum
691 1230 812 1270 esse
844 1214 993 1268 duxi.
1028 1213 1328 1268 Conﬁrmat
1357 1219 1537 1267 autem
1567 1227 1741 1267 meam
1764 1228 1893 1267 sen-

324 1306 550 1360 tentiam
574 1304 716 1374 quod
741 1302 1230 1360 scribitCornelius
1252 1302 1445 1359 Celsus
1478 1302 1570 1356 lib.
1599 1319 1672 1365 vr,
1691 1317 1812 1373 cap.
1840 1302 1892 1357 9.

285 1404 298 1415 '
325 1396 486 1450 Plani
516 1396 697 1465 piscis,
746 1395 942 1465 inquit,
984 1411 1133 1464 quem
1163 1395 1493 1462 pastinacam
1532 1394 1717 1456 nostri,
1766 1410 1895 1463 τρυ-

321 1487 455 1554 γόνα
485 1486 655 1541 erci
686 1494 891 1549 vocant,
926 1485 1139 1538 aculeus
1170 1493 1420 1547 torretur,
1446 1483 1631 1537 deinde
1664 1485 1893 1536 conteri-

322 1589 431 1640 tur,
460 1580 734 1649 resinaque
773 1578 1054 1647 excipitur,
1086 1595 1202 1648 qua:
1231 1578 1371 1631 denti
1403 1577 1733 1631 circumdata
1759 1575 1893 1628 hunc

319 1672 499 1725 solvit.
533 1669 599 1723 Et
628 1669 856 1736 Plinius,
891 1671 983 1724 lib.
1023 1686 1099 1733 ιιι,
1133 1685 1253 1739 cap.
1289 1668 1381 1735 48,
1413 1666 1516 1722 Sed
1560 1667 1764 1721 nullum
1802 1684 1895 1721 us-

319 1780 477 1834 quam
500 1764 894 1827 exsecrabilius,
928 1778 1082 1833 quam
1114 1762 1293 1814 radius
1329 1775 1483 1827 super
1510 1760 1735 1813 caudam
1761 1761 1892 1813 emi-

318 1829 447 1908 nens
498 1855 749 1924 trygonis,
811 1829 962 1923 quem
1014 1854 1181 1905 nostri
1226 1853 1558 1920 pastinacam
1627 1851 1890 1919 appellant
1924 1829 1965 1882 Β

316 1947 598 2017 quincunci
629 1946 1007 2015 magnitudine.
1035 1944 1265 2015 ldeoque
1291 1959 1410 1999 eam
1440 1943 1651 1997 vocavit
1673 1941 1890 1995 ὀπισθό-

317 2055 543 2109 κεντρον
594 2037 975 2107 Epicharmus,
1030 2045 1169 2093 teste
1219 2035 1499 2099 Athenaeo,
1535 2035 1629 2088 lib.
1663 2050 1761 2098 vn,
1796 2034 1888 2089 sed

316 2131 375 2185 in
409 2144 470 2185 re
495 2130 642 2185 clara
670 2138 724 2185 et
748 2136 934 2199 aperta
961 2129 1076 2183 huic
1100 2128 1347 2183 innuisse
1378 2127 1512 2182 satis
1548 2128 1637 2181 sit.

388 2244 552 2309 lbid.,
579 2243 677 2298 lin.
705 2244 791 2299 58.
845 2245 916 2299 At
947 2243 1016 2298 δὲ
1046 2243 1409 2298 κατοικίδιοι.
1443 2240 1699 2305 Basilius,
1740 2240 1883 2293 hom.

313 2334 373 2398 8,
409 2335 517 2388 Καὶ
556 2337 610 2389 αἱ
652 2334 971 2388 κατοικίδιοι
1009 2334 1190 2405 ὄρνεις
1223 2333 1317 2386 ἐπὶ
1363 2330 1566 2395 παντὸς
1598 2328 1791 2402 καιροῦ
1830 2329 1891 2381 τὸ

315 2428 758 2481 συνουσιαστικὺν
816 2425 1033 2495 ἔχουσαι
1066 2442 1080 2479 :
1120 2436 1174 2480 et
1200 2423 1541 2487 Aristoteles,
1588 2422 1684 2476 lib.
1724 2436 1755 2475 v
1814 2418 1889 2473 De

313 2522 442 2575 hist.
482 2520 729 2585 animal.,
767 2535 889 2589 cap.
931 2520 1029 2583 15;
1062 2525 1115 2573 et
1142 2517 1375 2583 Plinius,
1423 2515 1519 2574 lib.
1550 2531 1605 2578 x,
1642 2528 1761 2582 cap.
1797 2513 1884 2567 55.

314 2612 385 2668 Ει
417 2614 553 2668 ratio
575 2622 659 2668 est
682 2613 736 2667 in
764 2619 1015 2683 promptu
1048 2634 1059 2666 :
1094 2609 1221 2681 quia
1266 2608 1597 2671 callidiorcs,
1628 2615 1681 2661 et
1708 2606 1887 2660 minus

318 2706 756 2761 revolutionibus
805 2712 1110 2774 temporum
1150 2702 1420 2763 obnoxiae,
1467 2717 1569 2754 nec
1608 2700 1887 2754 laboribus

316 2799 524 2860 tractat,
560 2807 655 2851 aut
684 2804 855 2858 metu,
888 2794 972 2848 vel
1006 2798 1330 2863 tempestate
1362 2789 1575 2860 fugatae.

385 2912 503 2967 Col.
533 2908 638 2964 756
695 2909 792 2962 lin.
838 2908 888 2960 1.
925 2908 999 2961 Τὰ
1026 2905 1095 2959 δὲ
1127 2903 1408 2975 φίλυδρα.
1445 2901 1705 2965 Basilius,
1735 2902 1881 2955 hom.

312 3003 368 3069 8,
403 3002 571 3055 Πάλιν
614 3000 682 3053 τὰ
727 2998 954 3071 φίλυδρα
986 2996 1091 3051 τῶν
1123 2994 1274 3060 ζώων
1308 2993 1661 3065 καταμαθὼν,
1696 2993 1887 3063 ἑτέραν

308 3100 373 3149 ὲν
415 3094 597 3157 αὐτοῖς
646 3090 987 3159 κατασκευὴν
1020 3089 1294 3159 εὑρήσεις,
1334 3085 1497 3148 πόδας
1535 3084 1657 3137 οὕτε
1688 3084 1897 3153 διεσχιι

309 3185 565 3257 σμένους,
598 3183 673 3245 ὡς
717 3184 843 3244 τοὺς
881 3182 979 3251 τῆς
1019 3178 1286 3249 κορώνης,
1321 3177 1445 3230 οὔτε
1486 3177 1774 3245 ἀγκύλους,
1811 3178 1886 3241 ὡς
1912 3174 1953 3230 C

304 3279 438 3341 τοὺς
458 3276 566 3329 τῶν
590 3274 971 3346 σαρκοφάγων,
1003 3272 1138 3325 ἀλλὰ
1178 3272 1400 3334 πλατεῖς
1436 3270 1530 3323 καὶ
1571 3269 1882 3340 ὑμενὼδεις,

305 3372 402 3425 ἵνα
431 3370 627 3441 ῥαδίως
650 3368 1015 3437 ὲπινήχωνται
1040 3364 1117 3435 τῷ
1148 3364 1319 3425 ὕδατι,
1351 3364 1512 3417 οἱονεὶ
1536 3363 1745 3426 κώπαις
1776 3362 1885 3414 τισὶ

304 3466 422 3525 τοῖς
451 3462 557 3515 τῶν
591 3459 765 3512 ποδῶν
792 3457 952 3529 ὑμέσι
979 3456 1038 3509 τὸ
1069 3454 1231 3526 ὑγρὸν
1252 3453 1619 3524 διωθούμενοι.

381 3577 543 3642 lbid.,
567 3577 665 3631 lin.
689 3574 741 3629 6.
783 3574 837 3626 '0
863 3571 931 3625 δὲ
956 3572 1179 3637 κύκνος
1201 3571 1597 3639 μακρότερον.
1626 3566 1881 3627 Basilius,

305 3670 459 3724 hom.
493 3667 548 3733 8,
592 3664 716 3719 Ἐὰν
743 3663 801 3716 δὲ
830 3660 1157 3733 καταμάθῃς
1180 3661 1325 3723 ὅπως
1348 3662 1426 3723 εἰς
1453 3658 1614 3728 βάθος
1640 3660 1668 3711 ὁ
1689 3657 1884 3718 κύκνος

302 3761 519 3823 καθιεὶς
552 3759 641 3812 τὸν
674 3760 875 3830 αὐχένα
907 3756 1151 3810 κάτωθεν
1187 3753 1362 3824 ἐαυτῷ
1391 3752 1487 3823 τὴν
1515 3749 1719 3822 τροφὴν
1751 3751 1882 3802 ἀνα-

302 3854 487 3927 φέρει,
525 3853 646 3906 τίετε
678 3852 929 3921 εὑρήσεις
970 3849 1067 3918 τὴν
1114 3846 1307 3916 σοφίαν
1339 3844 1431 3897 τοῦ
1461 3844 1765 3907 κτίσαντος,
1801 3842 1881 3894 ὅτι

299 3946 395 4001 διὰ
437 3944 596 3998 τοῦτο
633 3943 969 4014 μακρότερον
1014 3938 1121 3992 τῶν
1151 3937 1326 3990 ποδῶν
1356 3935 1446 3989 τὸν
1481 3935 1682 4005 αὐχένα
1716 3950 1881 4005 προσο

301 4038 526 4107 έθηκεν,
559 4035 646 4088 ἵνα
673 4033 859 4104 ὥσπερ
902 4030 1025 4083 τινὰ
1067 4029 1266 4101 ὁρμιὰν
1296 4027 1551 4095 κατάγων
1584 4026 1681 4098 τὴν
1714 4026 1771 4078 ὲν
1803 4023 1879 4094 τῷ

302 4128 462 4199 βάθει
487 4124 872 4197 κεκρυμμένην
893 4122 1100 4194 τροφὴν
1132 4119 1504 4191 ὲκπορίζηται.

375 4239 540 4304 lbid.,
593 4239 692 4292 lin.
742 4236 795 4291 8.
858 4234 979 4288 Τῶν
1018 4233 1086 4287 δὲ
1125 4232 1346 4302 ὀρνέων
1391 4228 1610 4284 πολλὰ.
1644 4227 1735 4281 ~De
1774 4227 1876 4282 hoc

300 4329 461 4402 plura
498 4328 843 4391 Aristoteles,
887 4327 981 4380 lib.
1020 4341 1078 4378 ιιι
1127 4324 1197 4377 De
1232 4325 1357 4377 hist.
1407 4325 1593 4385 anim,
1630 4338 1748 4392 cap.
1788 4322 1873 4383 l2,

299 4432 358 4479 et
386 4423 484 4477 lib.
524 4438 599 4483 ix,
626 4435 749 4490 cap.
778 4420 868 4483 Μ,
900 4428 954 4473 et
990 4418 1219 4479 Plinius,
1254 4418 1344 4471 lib.
1380 4433 1437 4478 x,
1464 4432 1581 4485 cap.
1608 4418 1695 4469 19.

1998 572 2370 641 Aristotelem,
2404 576 2702 641 Elianum,
2740 580 2972 635 l’linium
3004 590 3056 635 et
3087 582 3244 635 alios.

2067 665 2226 727 lbid.,
2292 669 2387 722 lin.
2450 670 2535 723 16.
2604 673 2777 726 Ἀλλά
2820 674 2913 727 καὶ
2956 673 3063 740 τὰς
3100 677 3559 743 ὑπογαστρίους.

1999 756 2235 813 Consule
2267 760 2634 826 Aristotelem,
2662 764 2754 820 lib.
2777 781 2851 827 vr,
2891 764 2981 836 De;
3000 766 3123 819 hist.
3154 768 3341 830 enim,
3366 781 3486 835 cap.
3510 768 3560 829 1,

1999 854 2053 899 et
2078 845 2334 911 Plinium,
2370 850 2467 904 lib.
2503 867 2583 915 ιιι,
2615 867 2735 923 cap.
2768 855 2855 908 5'5.

2071 934 2227 1002 lbid.,
2273 938 2371 993 lin.
2399 940 2485 993 19.
2522 944 2590 994 Αἱ
2628 941 2694 993 δὲ
2718 941 2949 1007 θήλειαι
2985 942 3192 1011 ὄρνεις.
3224 944 3560 1006 Aristoteles,

1996 1027 2088 1081 lib.
2128 1044 2199 1092 tv,
2238 1029 2314 1083 De
2358 1048 2530 1101 gener.
2583 1035 2746 1086 anim.
2791 1050 2910 1104 cap.
2946 1035 2998 1099 5,
3036 1034 3191 1104 μόνα,
3234 1035 3429 1108 inquit,
3456 1036 3563 1089 τῶν

1996 1119 2148 1183 ζώων
2181 1122 2363 1192 ὀχείαν
2411 1124 2746 1195 ἐπιδέχονται
2790 1126 3022 1180 κυοῡντα
3066 1126 3199 1198 γύνη
3241 1127 3334 1182 καὶ
3378 1128 3558 1192 ἵππος.

2001 1209 2179 1266 Horus
2208 1212 2275 1266 de
2302 1215 2481 1283 aquila
2513 1217 2701 1270 scribit
2734 1236 2747 1271 :
2776 1217 2911 1271 Cum
2937 1220 3145 1289 reliqua
3177 1220 3429 1277 animalia
3453 1237 3561 1277 non

1996 1317 2210 1372 semper
2244 1308 2382 1358 mari
2430 1306 2495 1359 ad
2549 1322 2761 1362 onmem
2806 1309 3114 1364 mistionem
3158 1326 3350 1381 parere
3374 1313 3559 1373 velint.

1996 1396 2173 1464 aquila
2225 1411 2458 1466 semper.
2519 1396 2806 1456 Ter-decies
2860 1401 3004 1455 enim
3036 1403 3087 1457 in
3115 1404 3203 1459 die
3249 1419 3560 1476 compressa

1994 1494 2280 1557 postquam
2315 1491 2572 1553 surrexit,
2606 1492 2650 1545 si
2708 1507 2823 1547 mas
2868 1503 3042 1556 vocet,
3077 1494 3255 1551 denuo
3300 1500 3557 1561 accurrit,

1995 1577 2130 1633 adeo
2156 1580 2209 1632 in
2241 1578 2503 1637 Venerem
2537 1596 2705 1650 prona
2736 1595 2837 1638 est.
2875 1583 2964 1640 Sic
2995 1584 3295 1656 Oppianus,
3333 1589 3429 1644 lib.
3479 1606 3559 1656 tu,

1995 1671 2205 1741 Κυνηγ.
2248 1671 2506 1727 Ursarum
2538 1674 2795 1730 elircuem
2828 1677 2905 1730 ait
2934 1692 3055 1734 esse
3095 1678 3396 1743 libidinem,
3431 1682 3562 1738 adeo

1995 1772 2053 1816 ut
2087 1780 2152 1818 ne
2187 1765 2403 1833 quidem
2435 1769 2754 1836 gestationis
2780 1777 3020 1841 tempore
3066 1786 3097 1826 a
3140 1773 3429 1827 concubitu
3464 1776 3563 1829 ab-

1995 1858 2233 1913 stineant
2256 1877 2270 1923 ;
2294 1858 2525 1924 Plinius,
2552 1861 2647 1915 lib.
2673 1878 2766 1925 vn,
2794 1878 2913 1933 cap.
2942 1864 3025 1917 ll.
3058 1863 3259 1920 Praeter
3280 1867 3562 1922 mulierem

1995 1962 2165 2017 pauca
2195 1949 2447 2003 animalia
2480 1950 2681 2005 coitum
2714 1967 2914 2007 novere
2954 1955 3191 2024 gravida.
3228 1953 3406 2010 Unum
3438 1960 3560 2027 qui-

1993 2036 2113 2091 dem
2154 2048 2247 2092 aut
2288 2039 2517 2094 alterum
2554 2042 2869 2106 superfetat.
2913 2041 3086 2112 llujus
3121 2050 3299 2099 autem
3340 2060 3559 2101 causam

1992 2128 2181 2184 reddit
2200 2128 2537 2196 Lactantius,
2564 2132 2659 2188 lib.
2688 2149 2742 2187 γι
2794 2133 2972 2187 Dicin.
3000 2135 3411 2200 institutionum,
3436 2152 3558 2207 cap.

1989 2222 2097 2287 23;
2131 2237 2293 2292 quam
2338 2225 2500 2279 etiam
2555 2227 2954 2285 incertitudinis
3008 2229 3061 2283 in
3111 2238 3353 2301 tempore
3385 2232 3561 2287 coitus

1990 2329 2210 2370 causam
2250 2316 2589 2385 Ambrosius,
2620 2336 2674 2385 v,
2711 2318 2991 2383 Ilexarm.,
3047 2334 3168 2391 cap.
3200 2322 3287 2385 10,
3318 2322 3393 2376 ait
3414 2338 3558 2385 esse.

1990 2420 2089 2460 cur
2144 2406 2197 2460 in
2228 2423 2421 2477 genere
2445 2409 2684 2464 humano
2711 2411 2903 2465 mulier
2931 2411 3140 2466 nullum
3174 2412 3367 2468 habeat
3392 2414 3557 2470 ﬁxum

1991 2512 2055 2553 ac
2100 2507 2301 2555 statum
2348 2505 2474 2557 anni
2506 2513 2718 2575 tempus
2751 2505 2817 2559 ad
2850 2505 3192 2575 pariendum,
3221 2517 3281 2563 ut
3316 2508 3427 2565 fere
3456 2526 3560 2567 caa-

1990 2594 2103 2642 tera
2129 2590 2405 2646 animalia.
2433 2592 2747 2663 Exemplum
2773 2610 2937 2663 super
2958 2595 3060 2651 hoc
3090 2595 3339 2653 Zenobim
3362 2602 3558 2657 castis-

1990 2678 2138 2731 sima:
2162 2676 2591 2735 Palmirenorum
2628 2684 2826 2753 regina:
2861 2685 3025 2740 habes
3054 2687 3195 2755 apud
3228 2685 3557 2744 Trebellium

1988 2767 2309 2828 Pollionem.

2060 2860 2218 2925 lbid.,
2256 2862 2353 2916 lin.
2383 2863 2473 2929 9.2,
2512 2868 2575 2918 Οἱ
2602 2865 2670 2919 δέ
2717 2866 2997 2938 κάνθαροι
3025 2870 3152 2925 ἐάν.
3202 2871 3348 2927 Idem
3390 2870 3560 2928 refert

1988 2951 2421 3023 Theophrastus,
2456 2956 2533 3010 De
2565 2959 2812 3013 odoribus
2836 2974 2855 3013 .°
2882 2960 3152 3017 Collector
3183 2962 3553 3033 Geoponicon.,

1989 3042 2083 3096 lib.
2116 3060 2224 3105 xiv,
2258 3059 2377 3114 cap.
2402 3045 2535 3112 uit.;
2568 3049 2908 3115 Aristoteles,
2934 3052 3025 3106 lib.
3056 3055 3193 3121 Περὶ
3213 3056 3558 3124 θαυμασίων

1987 3132 2415 3201 ἀκουσμάτων;
2446 3135 2715 3202 Αῐιὶοιιυε,
2752 3140 2846 3193 lib.
2888 3157 2961 3204 Iv,
2991 3157 3111 3213 cap.
3155 3145 3238 3213 18,
3274 3146 3556 3216 Κάνθαρον

1987 3229 2043 3282 δὲ
2072 3228 2308 3297 ἀπολεῖς,
2342 3232 2388 3284 εί
2420 3232 2681 3304 έπιϐάλῃς
2720 3234 2825 3287 τῶν
2857 3236 3025 3305 ῥόδων
3068 3237 3234 3307 αὐτῷ.
3269 3237 3447 3303 Quare
3482 3241 3556 3293 nil

1988 3323 2207 3388 mirum,
2246 3324 2289 3378 si
2333 3323 2761 3394 impurissimum
2794 3327 2895 3380 hoc
2930 3328 3129 3381 animal
3186 3330 3556 3398 impurissimo

1988 3414 2272 3473 Moamethi
2307 3418 2380 3471 ita
2410 3417 2572 3473 fuerit
2599 3419 2846 3482 charum,
2880 3429 2933 3474 et
2960 3421 3013 3473 in
3042 3421 3272 3484 deliciis,
3304 3432 3361 3476 ut
3403 3425 3555 3484 iussu

1986 3506 2081 3562 Dei
2114 3508 2165 3562 id
2227 3510 2282 3562 in
2344 3509 2671 3564 sacriﬁcium
2731 3510 3007 3565 obtulerit.
3040 3512 3117 3566 Ita
3156 3515 3298 3566 enim
3329 3514 3457 3568 dicit
3488 3533 3555 3571 ex

1985 3616 2215 3668 persona
2271 3600 2387 3667 Dei,
2431 3600 2618 3671 Ἡμεῖς
2667 3601 2975 3673 δεδώκαμεν
3024 3619 3125 3667 σοι,
3174 3604 3246 3657 ita
3282 3607 3556 3661 s:-ril)ente

1986 3690 2272 3763 Euthymio
2308 3693 2362 3746 in
2415 3692 2698 3759 Panoplia,
2755 3694 2843 3746 τὴν
2887 3695 3174 3767 κάνθαρον,
3221 3690 3372 3763 εὖξαι
3417 3698 3553 3772 πρὸς

1983 3784 2073 3838 τὸν
2096 3784 2281 3856 κύριόν
2325 3801 2440 3849 σου,
2490 3787 2581 3838 καὶ
2626 3785 2845 3855 σφάξον.
2882 3787 3270 3841 Admirandum
3305 3804 3437 3845 sane
3466 3805 3554 3845 sa-

1984 3876 2269 3941 criﬁcium,
2324 3886 2377 3931 et
2423 3878 2792 3949 magniﬁcum,
2854 3878 3055 3949 talique
3100 3880 3411 3950 legislatore
3466 3881 3552 3936 di-

1983 3983 2169 4038 gnum.
2442 3953 2446 3956 ’

2050 4059 2214 4126 lbid.,
2250 4061 2348 4115 lin.
2379 4059 2472 4115 25.
2504 4061 2575 4113 At
2605 4058 2673 4112 δὲ
2700 4059 2989 4129 μέλισσαι
3027 4059 3126 4113 καί
3160 4058 3413 4129 σφῆκες.
3450 4059 3555 4113 Ba-

1982 4148 2156 4215 silius,
2196 4148 2342 4203 hom.
2379 4150 2435 4211 8,
2478 4148 2544 4203 de
2584 4148 2802 4214 iisdem,
2849 4149 3047 4221 Διόπερ
3075 4149 3167 4204 καὶ
3197 4149 3360 4221 ἐλαίῳ
3380 4165 3550 4202 κατα-

1982 4241 2277 4314 ϐρεχθέντα
2341 4241 2618 4311 φθείρεται
2683 4240 2792 4293 τῶν
2856 4241 3037 4313 πόρων
3099 4240 3546 4314 ἀποφραγέντων.

1981 4334 2173 4398 Ὀξους
2206 4334 2261 4387 δὲ
2298 4334 2458 4397 εὐθὺς
2489 4332 2889 4404 ἐπιϐληθέντος,
2938 4333 3098 4387 πάλιν
3132 4332 3547 4393 ἀναϐιώσκεται.

1975 4423 2084 4476 τῶν
2132 4422 2378 4490 διεξόδων
2421 4424 2804 4495 ἀνοιγομένων.
2850 4423 3085 4489 Plinius,
3131 4424 3224 4479 lib.
3281 4441 3393 4488 xxt,
3423 4439 3548 4494 cap,

374 4513 535 4575 lbid.,
560 4514 658 4568 lin,
684 4512 737 4566 9.
782 4513 834 4563 Ὀ
863 4510 974 4580 γὰρ
997 4510 1308 4577 κόττυφος.
1340 4506 1682 4573 Aristoteles,
1706 4507 1870 4560 lib-lx
1904 4511 1945 4564 ι)
1982 4513 2067 4577 12,
2104 4514 2178 4566 ait
2230 4522 2484 4567 constare
2535 4528 2663 4582 apes
2695 4514 2849 4568 olivae
2894 4513 3080 4569 ﬂorem
3113 4528 3219 4568 non
3260 4514 3544 4585 attingere,

300 4606 382 4661 De
416 4606 545 4658 hist.
571 4606 758 4667 anim.,
793 4618 914 4674 cap.
944 4604 1033 4667 49,
1065 4602 1172 4655 Καὶ
1205 4601 1337 4655 ἄλλα
1364 4600 1418 4653 δὲ
1451 4598 1618 4653 πολλὰ
1645 4599 1754 4651 τῶν
1779 4600 1871 4670 ὀρ-

298 4698 467 4752 νίθων
502 4696 889 4769 μεταϐάλλουσι
925 4695 1063 4749 κατὰ
1101 4694 1198 4757 τὰς
1234 4693 1397 4765 ὧρας.
1434 4693 1529 4746 καὶ
1560 4692 1619 4745 τὸ
1652 4690 1868 4762 χρῶμα,

296 4791 398 4845 καὶ
424 4789 524 4860 τὴν
556 4788 759 4858 φωνὴν,
790 4781 899 4840 οἷον
926 4787 953 4837 ὁ
978 4786 1241 4854 κόττυφος
1260 4784 1379 4836 ἀντὶ
1413 4783 1639 4853 μέλανος
1658 4780 1869 4847 ξανθὸς,

297 4879 398 4933 καὶ
420 4878 519 4947 τὴν
548 4876 731 4946 φωνὴν
764 4874 921 4945 ἴσχει.
968 4874 1054 4925 Ἐν
1085 4872 1182 4943 μὲν
1203 4872 1310 4943 γὰρ
1338 4871 1414 4941 τῷ
1441 4870 1584 4935 Θέρει
1608 4870 1742 4940 ᾄδει,
1776 4869 1868 4922 τοῦ

295 4972 359 5026 δὲ
387 4970 654 5042 χειμῶνος
674 4970 929 5037 παταγεῖ,
960 4967 1279 5035 καὶγίνεται
1308 4965 1626 5037 θορυϐῶδες.
1655 4964 1730 5018 Ex
1760 4980 1868 5033 quo

297 5081 402 5121 sua
432 5064 624 5119 habuit
654 5062 865 5115 Plinius
897 5060 951 5114 d.
985 5061 1126 5115 loco.
1168 5058 1373 5113 Merula
1407 5074 1468 5113 ex
1511 5058 1663 5128 nigra
1706 5058 1867 5111 ruﬁe-

297 5159 428 5223 scit,
463 5157 611 5212 canit
653 5162 864 5217 atate,
897 5152 1074 5208 hieme
1105 5152 1355 5213 balbutit,
1392 5153 1536 5204 circa
1573 5150 1864 5205 solstitium

295 5256 475 5304 muta.

369 5341 528 5405 lbid.,
562 5343 659 5397 lin.
696 5342 782 5399 ‘IO.
825 5342 885 5394 Ἠ
908 5340 974 5393 δὲ
1007 5339 1205 5407 ἀηδὼν
1238 5338 1303 5389 τὸ
1344 5337 1564 5407 χρῶμα.
1608 5337 1863 5396 Basilius.

298 5437 451 5492 hom.
487 5434 542 5497 8,
570 5434 695 5495 Πῶς
725 5435 998 5503 ἄγρυπνον
1036 5432 1069 5498 ἡ
1115 5428 1310 5499 ἀηδὼν,
1359 5429 1483 5480 ὅταν
1524 5428 1743 5500 ὲπωάζῃ
1780 5429 1865 5482 διὰ

296 5528 483 5597 πάσης
525 5525 718 5588 νυκτὸς
754 5526 849 5594 τῆς
898 5521 1157 5593 μελῳδίας
1206 5522 1279 5592 μὴ
1318 5522 1683 5591 ἀπολήγουσα.
1721 5521 1864 5575 Con-

295 5615 418 5670 sule
449 5614 679 5668 Aristut.
714 5611 767 5665 d.
807 5614 945 5665 loco.
981 5609 1361 5664 Lusciniarum
1398 5621 1591 5664 cantus
1631 5613 1862 5666 varieta-

292 5712 431 5766 lem,
460 5710 513 5757 et
538 5699 864 5757 suavitatem
898 5699 1303 5770 elegantissime
1332 5703 1605 5771 expressit
1634 5700 1859 5770 Plinius,

301 5795 398 5853 lib.
430 5812 483 5863 ι,
515 5810 634 5865 cap.
663 5792 754 5859 9.9,
788 5800 839 5847 et
868 5791 1154 5849 Homerus.

1981 4608 2209 4676 ideoque
2226 4608 2365 4660 hanc
2398 4606 2646 4661 arborem
2677 4606 2866 4677 procul
2895 4622 3016 4661 esse
3041 4605 3236 4661 melius
3260 4615 3341 4661 est
3362 4625 3375 4659 :
3400 4606 3547 4675 quod

1980 4707 2137 4753 antea
2171 4713 2391 4762 vanum,
2442 4696 2751 4767 falsumque
2798 4712 2919 4752 esse
2952 4696 3272 4759 tradiderat,
3319 4696 3415 4750 lib.
3468 4711 3546 4763 xu,

1978 4802 2097 4857 cap.
2138 4786 2193 4844 8.
2228 4785 2414 4849 Falso,
2450 4797 2499 4839 et
2522 4788 2663 4839 oleas
2694 4788 2863 4855 excipi
2904 4785 3155 4851 arbitror,
3185 4787 3368 4857 quippe
3397 4787 3547 4839 oliva:

1976 4887 2225 4945 proventu
2277 4878 2505 4945 plurima
2553 4880 2797 4931 examina
2842 4879 2983 4948 gigni
3031 4887 3230 4930 certam
3282 4886 3380 4932 est.
3436 4876 3545 4932 Nec

1978 4970 2121 5025 aliud
2160 4970 2399 5024 sensisse
2444 4970 2763 5025 Aristoteles
2799 4970 3028 5033 videtur,
3064 4970 3161 5023 lib.
3188 4986 3242 5033 ν,
3288 4983 3408 5039 cap.
3451 4970 3541 5029 22,

1976 5060 2053 5114 De
2106 5062 2289 5113 histor.
2355 5061 2544 5124 anim.,
2594 5060 2701 5115 illis
2755 5061 2956 5125 verbis,
3004 5060 3139 5112 Ἀλλ’
3185 5059 3396 5131 αὐχμοῦ
3448 5060 3545 5128 μὲν

1974 5150 2144 5213 ὄντος,
2182 5150 2302 5221 μέλι
2332 5150 2651 5220 ἐργάζονται
2682 5151 2898 5221 μᾶλλον,
2927 5149 3228 5221 ἐπομϐρίας
3260 5150 3336 5213 δὲ,
3367 5149 3542 5218 γόνον.

1975 5243 2062 5295 Διὸ
2100 5244 2191 5295 καὶ
2220 5242 2333 5312 ἅμα
2366 5242 2647 5312 συμϐαίνει
2680 5242 2870 5295 ἐλαιῶν
2910 5243 3047 5312 φορὰ
3077 5243 3171 5294 καὶ
3196 5240 3398 5311 ὲσμῶν.
3441 5241 3545 5294 En-

1975 5334 2097 5387 dem
2124 5334 2283 5403 igitur
2315 5345 2520 5387 natura:
2542 5334 2756 5401 ingenio
2787 5333 3032 5387 feruntur
3050 5333 3116 5388 ad
3142 5330 3351 5387 fructus
3379 5333 3544 5387 eden-

1975 5426 2073 5478 dos
2106 5426 2282 5485 olivze,
2318 5432 2369 5477 et
2408 5440 2555 5493 apes.
2605 5435 2658 5477 et
2692 5424 2835 5493 quod
2874 5423 3028 5477 oliva:
3064 5423 3320 5477 damnum
3364 5422 3541 5484 alien,

1975 5517 2113 5570 idem
2144 5525 2197 5570 et
2231 5516 2423 5584 apibus
2456 5524 2784 5570 nocumeuto
2806 5522 2908 5569 est.
2946 5515 3217 5569 Imbribus
3246 5516 3420 5568 olivas
3449 5515 3544 5567 mi-

1973 5625 2076 5662 nus
2104 5608 2216 5662 olei
2245 5608 2422 5662 facere
2474 5609 2657 5662 multis
2695 5609 3000 5663 rationibus
3060 5615 3113 5662 et
3156 5606 3542 5676 experimentis

1974 5709 2310 5771 compertum
2348 5715 2451 5764 est,
2494 5711 2547 5757 et
2598 5702 2937 5756 conﬁrmavit
2974 5699 3403 5770 Theophrastus.
3465 5697 3541 5752 De

1975 5795 2147 5847 causis
2180 5794 2375 5864 piant,
2402 5794 2493 5850 lib.
2532 5812 2606 5861 Vl,
2639 5810 2761 5863 cap.
2792 5795 2875 5857 li,
2914 5794 3033 5846 Ὅτι
3064 5792 3106 5845 δ’
3129 5794 3228 5845 οὐκ
3261 5794 3315 5845 ὲν
3347 5790 3540 5845 πλήθει
