4072 6342
553 335 659 392 θτδ

1902 336 2144 392 LEONIS
2182 327 2452 391 ΑιιΑηι

3705 340 3808 396 τις

555 453 785 523 τροφῆς,
820 451 925 503 οὐδ’
966 454 1023 504 ἐν
1062 449 1328 521 εὺσαρκίᾳ
1366 450 1476 503 τῶν
1504 449 1698 503 ἐλαιῶν
1725 450 1786 504 τὸ
1824 450 1916 504 τοῦ
1955 452 2120 505 ἐλαίοι

2235 468 2331 520 qua
2374 461 2541 515 tusas,
2572 450 2641 505 ad
2684 451 2825 520 fores
2862 468 3039 505 eorum
3067 454 3302 522 posuisse
3333 454 3617 511 conveniet.
3672 455 3807 512 Item

555 544 777 614 πλῆθος,
799 545 861 595 ἐκ
879 541 1086 595 πολλῶν
1106 541 1354 613 φανερόν.
1375 542 1443 593 Δῖ
1454 558 1513 594 τε
1530 542 1636 613 γὰρ
1653 542 1945 613 ἐπομϐρίαι
1964 541 2139 595 ποιοῦ-

557 654 640 690 σιν
675 635 913 696 ἔλαττον,
950 635 1009 701 αζ
1034 635 1082 686 τ’
1113 634 1405 706 ἀρδόμεναι
1433 636 1610 706 χεῖρον
1639 634 1871 704 ῥέουσιν.
1904 634 2136 689 Consule

554 731 736 803 lqcum
774 735 830 781 ct
860 742 979 796 cap.
1025 726 1094 779 12
1141 725 1384 795 ejusdem
1441 726 1587 780 libri.
1634 724 1788 791 Quod
1841 734 2018 781 autem
2060 726 2135 780 ait

559 822 649 875 hic
680 828 868 875 noster
896 819 1220 874 Eustathius
1253 835 1440 874 verum
1469 834 1592 874 esse
1623 820 1858 890 quisque
1898 821 2130 875 arbitra-

553 914 721 977 bitur,
756 913 844 982 qui
880 922 1090 966 meatus
1117 910 1308 965 borum
1341 911 1663 964 animalium
1715 912 2133 982 angustissimos

553 1020 676 1059 esse
707 1019 815 1059 non
848 1009 1091 1073 ignorat;
1121 1019 1292 1073 quare
1325 1010 1379 1057 et
1403 1002 1561 1058 {mdis
1592 1003 1873 1068 odoribus,
1914 1005 2043 1074 quin
2078 1013 2133 1059 et

555 1105 958 1166 unguentorum
973 1096 1181 1151 deliciis
1223 1096 1457 1149 maxime
1495 1097 1836 1162 cruciantur,
1856 1109 1908 1151 et
1934 1113 2098 1167 percu
2120 1128 2132 1139 -

557 1188 701 1242 tiunt
740 1188 847 1241 illis
876 1186 1169 1241 delibutus.
1212 1185 1555 1247 Aristoteles,
1605 1186 1699 1241 lib.
1737 1203 1811 1250 ix,
1843 1186 1919 1241 De
1943 1188 2127 1242 histor.

557 1280 749 1340 anim..
786 1295 906 1348 cap.
942 1278 1033 1343 40,
1076 1278 1483 1332 blandissimum
1528 1280 1761 1333 omnium
1801 1279 1896 1334 hoc
1934 1282 2133 1335 animal

557 1380 673 1436 est,
727 1369 1063 1440 quamobrem
1106 1387 1477 1437 stepenurnero,
1520 1388 1638 1425 cum
1685 1374 1791 1427 alvi
1850 1376 2129 1430 necessitas

556 1469 659 1522 est,
705 1460 938 1523 avolant,
983 1470 1033 1514 et
1085 1461 1138 1514 in
1180 1478 1385 1515 secessu
1440 1462 1664 1517 reddunt
1725 1475 2128 1528 excrementum,

557 1555 805 1623 quoniam
846 1554 982 1608 male
1022 1555 1195 1620 cleat;
1227 1554 1444 1609 oderunt
1477 1572 1577 1609 non
1613 1556 1785 1611 solum
1808 1556 1972 1626 foedos
1999 1557 2130 1614 odo-

559 1662 663 1710 res,
719 1646 809 1700 sed
849 1648 1006 1700 etiam
1042 1658 1426 1717 unguentorum
1460 1648 1678 1704 delicias
1710 1667 1728 1703 :
1756 1666 1820 1705 ex
1847 1668 1947 1721 quo
1981 1653 2043 1721 ﬁt
2072 1662 2129 1705 ut

556 1735 791 1791 homines
851 1738 934 1791 his
985 1738 1244 1794 delibutas
1294 1743 1609 1810 percutiant.
1682 1742 1882 1798 Eadem
1944 1754 2131 1799 narrat

559 1828 834 1891 Elianus.
868 1829 938 1884 De
960 1831 1085 1885 hist.
1116 1834 1306 1897 anim.,
1336 1834 1430 1888 lib.
1454 1852 1506 1899 ν,
1539 1852 1657 1907 cap.
1694 1837 1779 1891 14.
1810 1835 1947 1891 Hinc
1967 1839 2129 1892 etiam

557 1923 617 1977 lit
655 1934 714 1978 ut
764 1925 973 1979 nullum
1009 1927 1238 1982 cadaver
1279 1929 1569 1999 attingant.
1625 1928 1865 1997 Plinius,
1910 1931 2005 1987 lib.
2050 1947 2127 1997 XI,

556 2031 679 2087 cap.
712 2017 804 2073 25.

625 2110 788 2175 lbid.,
820 2111 918 2165 lin.
948 2111 1040 2167 25.
1080 2111 1235 2178 Ὄξει
1265 2108 1378 2168 οὖν
1399 2113 1731 2168 ἁναϐιοῦσι.
1763 2112 1941 2167 Alium
1968 2128 2127 2183 repa-

557 2202 788 2259 rationis
840 2204 1057 2258 modum
1110 2212 1295 2257 narrat
1355 2203 1586 2268 Plinius,
1628 2205 1722 2258 lib.
1770 2219 1846 2271 xu,
1879 2219 1998 2274 cap.
2034 2203 2125 2270 20,

557 2291 693 2348 Sunt
721 2294 811 2363 qui
840 2303 1095 2358 mortuas,
1132 2296 1177 2349 si
1212 2296 1352 2348 intra
1396 2305 1584 2350 tectum
1628 2296 1794 2350 hieme
1834 2307 2121 2362 serventur,

555 2384 741 2439 deinde
773 2385 883 2439 sole
912 2401 1063 2439 verno
1092 2393 1411 2449 torreantur,
1446 2403 1507 2439 ac
1540 2388 1763 2454 ﬁculneo
1806 2388 1974 2441 cinere
2018 2396 2126 2441 toto

554 2475 640 2529 die
675 2475 973 2545 foveantur,
1001 2486 1178 2543 putent
1211 2477 1532 2531 reviviscere.
1568 2476 1621 2531 ld
1654 2488 1832 2532 autem
1862 2476 2125 2549 Hygiuius

554 2566 795 2635 majores
849 2574 1070 2621 secutus
1124 2573 1375 2620 auctores
1420 2565 1751 2636 prodiderat.
1801 2565 2121 2632 Columella,

556 2655 636 2711 De
661 2673 717 2711 re
748 2665 909 2721 rust.,
934 2657 1028 2711 lib.
1056 2672 1132 2720 ix,
1173 2671 1295 2727 cap.
1330 2658 1415 2720 15,
1463 2655 1606 2710 Nam
1646 2656 1778 2710 illud
1798 2657 1935 2727 quod
1972 2657 2125 2729 ﬂigi-

556 2752 675 2804 nius
728 2750 958 2820 majores
1016 2760 1224 2806 secutus
1271 2760 1510 2805 auctores
1568 2752 1821 2822 prodidit,
1862 2753 1973 2819 ipse
2019 2768 2123 2805 non

552 2851 796 2910 expertus
841 2858 1138 2897 assererare
1194 2859 1297 2896 non
1358 2842 1522 2897 audeo
1555 2861 1572 2897 :
1603 2842 1889 2897 volentibus
1950 2852 2123 2897 tamen

556 2935 731 2990 licebit
776 2937 1039 3006 experiri;
1115 2936 1369 3007 siquidem
1408 2938 1641 3005 pratcipit
1683 2954 1836 3006 apum
1881 2952 2120 3004 corpora,

553 3043 669 3094 qua:
696 3043 813 3081 cum
841 3026 1105 3096 ejusmodi
1132 3029 1292 3097 pestis
1320 3029 1552 3092 incessit,
1593 3028 1688 3082 sub
1726 3029 1860 3098 favis
1905 3046 2120 3084 acerva-

2239 544 2392 598 lanas
2426 555 2623 599 tractas
2654 545 2913 599 madentes
2939 561 3116 613 passo.
3152 557 3244 600 aut
3271 546 3501 615 defruto,
3532 557 3625 601 aut
3670 565 3807 620 aqua

2240 632 2429 685 mulsa.
2469 631 2801 685 Callinarnm
2832 633 2991 687 etiam
3024 633 3216 689 crudos
3245 651 3449 690 carnes.
3477 634 3804 701 Quibusdam

2234 723 2392 776 etiam
2438 724 2710 778 testatibus
2744 724 2901 778 iidem
2941 723 3043 778 cibi
3096 727 3403 794 pra’standi,
3434 744 3553 780 cum
3593 730 3803 784 siccitas

2239 815 2490 868 continua
2518 816 2709 883 ﬂorum
2736 817 3041 870 alimentum
3070 819 3308 874 abstulit.
3337 819 3536 874 Eadem
3568 820 3681 875 fere
3709 821 3803 875 ba-

2234 907 2324 961 bet
2351 908 2670 970 Columella,
2708 909 2799 962 lib.
2831 908 2909 971 d.,
2933 924 3051 978 cap.
3097 909 3184 974 14,
3216 910 3393 963 differt
3415 919 3595 965 tamen
3620 914 3689 965 ah
3714 927 3799 976 eo,

2234 998 2378 1068 quod
2403 1015 2508 1053 non
2533 999 2785 1069 gallinas.
2808 1000 2900 1054 sed
2929 1017 3077 1065 aves,
3103 1003 3277 1072 iisque
3306 1002 3599 1058 interaneis
3621 1019 3802 1058 exem—

2233 1091 2339 1160 ptis
2368 1090 2647 1144 iucludant
2679 1092 2905 1146 hiberno
2936 1100 3177 1162 tempore
3211 1103 3267 1147 ut
3292 1094 3491 1163 plumis
3529 1095 3801 1163 praebeant

2234 1190 2475 1252 teporem
2516 1183 2708 1252 apibus
2753 1184 2905 1247 dicit,
2951 1185 3082 1239 Tum
3123 1186 3331 1239 etiamsi
3369 1195 3491 1239 sunt
3524 1186 3801 1256 absumpta

2234 1274 2438 1328 cibaria
2471 1276 2739 1331 commode
2776 1287 3064 1346 pascuntur
3089 1279 3391 1341 esurientes,
3424 1295 3515 1332 nec
3545 1280 3651 1334 nisi
3680 1297 3799 1334 ossa

2233 1382 2416 1419 earum
2459 1367 2777 1438 relinquunt.
2811 1367 2905 1423 Sin
2941 1380 3112 1423 autem
3141 1372 3246 1439 favi
3283 1370 3549 1440 sufﬁcient
3593 1388 3800 1440 perma-

2240 1470 2359 1513 nent
2391 1460 2633 1525 illibata',
2667 1479 2758 1516 nec
2800 1465 3034 1532 quamvis
3074 1465 3467 1519 amantissimas
3508 1467 3800 1521 munditia—

2231 1567 2348 1603 rum
2383 1552 2653 1621 oﬁ'endunt
2707 1553 2865 1607 odore
2912 1571 3028 1611 suo.
3065 1553 3260 1609 Verum
3307 1555 3560 1612 Elianus
3599 1559 3799 1615 nullius

2231 1642 2482 1697 animalis
2511 1658 2704 1697 carnes
2737 1644 2916 1708 edere,
2948 1644 3041 1700 sed
3084 1645 3191 1701 illis
3225 1647 3361 1701 satis
3408 1662 3530 1702 esse
3570 1647 3798 1703 ﬂoribus

2230 1734 2375 1788 vesci
2431 1735 2730 1798 contendit,
2767 1736 2859 1790 lib.
2915 1752 2967 1799 v,
3020 1735 3097 1789 De
3150 1736 3275 1790 hist.
3315 1738 3503 1800 anim.,
3541 1754 3664 1809 cap.
3709 1739 3793 1801 il,

2163 1807 2204 1862 Β
2233 1827 2356 1879 Βίον
2386 1826 2443 1881 δὲ
2473 1828 2707 1900 καθαρὸν
2730 1829 2793 1901 ζῇ
2822 1828 3061 1900 μέλιττα,
3092 1830 3184 1884 καὶ
3210 1831 3347 1896 ζὼου
3375 1833 3475 1885 οὐκ
3504 1831 3569 1885 ἂν
3588 1807 3800 1897 ossam

2232 1921 2465 1974 πάσαιτό
2497 1938 2646 1985 ποτε,
2686 1921 2780 1975 καὶ
2820 1922 2880 1976 οὐ
2922 1922 3088 1976 δεῖται
3130 1923 3447 1995 Πυθαγόρου
3494 1923 3795 1995 συμϐούλου

2228 2011 2349 2065 οὐδὲ
2378 2011 2457 2073 ἓν,
2486 2010 2632 2080 quod
2661 2018 2713 2065 et
2740 2019 2872 2066 ante
2895 2027 3018 2065 eum
3050 2011 3369 2067 Aristoteles
3397 2011 3793 2075 insinuaverat,

2228 2102 2323 2156 lib.
2356 2118 2433 2164 ix,
2475 2101 2550 2156 De
2569 2101 2693 2155 hist.
2715 2103 2905 2167 anim.,
2932 2117 3055 2173 cap.
3075 2082 3173 2167 '40,
3197 2104 3341 2175 Πρὸς
3369 2103 3545 2176 σάρκα
3569 2104 3626 2157 δὲ
3649 2105 3797 2158 οὐδε-

2226 2192 2315 2255 νὸς
2345 2193 2582 2259 καθίζει,
2609 2192 2715 2245 οὐδ’
2737 2193 3018 2264 ὀψοφαγεζ
3053 2194 3186 2260 Quis
3214 2204 3345 2266 ergo
3372 2195 3536 2250 hasce
3563 2197 3619 2250 in
3643 2204 3793 2251 tanta

2227 2283 2472 2338 ciborum
2504 2286 2679 2355 copia,
2709 2300 2997 2339 succorum
3024 2284 3293 2341 allluentia
3323 2301 3448 2342 aere
3474 2287 3672 2342 nutriri
3693 2303 3793 2342 una

2224 2391 2390 2446 quam
2422 2376 2795 2431 existimaret?
2824 2378 2948 2448 quis
2979 2378 3131 2433 cibos
3164 2386 3513 2449 [πωροι-ποι,
3543 2379 3669 2449 quis
3697 2395 3794 2435 eas

2224 2474 2440 2522 curaret
2473 2469 2717 2531 alendas,
2751 2470 2948 2539 quibus
2989 2484 3087 2524 nec
3146 2470 3302 2525 cibus
3356 2471 3551 2526 deeese
3592 2481 3787 2541 potest,

2225 2576 2323 2615 nec
2357 2561 2516 2616 laniis
2562 2562 2829 2625 cruciare,
2882 2578 3005 2616 cum
3057 2578 3268 2632 semper
3323 2562 3559 2618 habeant
3608 2580 3787 2621 aerem

2222 2658 2516 2721 patentem.
2545 2666 2653 2721 quo
2686 2650 2897 2720 possint
2927 2652 3196 2706 enutriri?

2293 2740 2451 2805 lbid.,
2501 2742 2599 2797 lin.
2644 2741 2735 2796 26.
2795 2744 3042 2812 Ἔχουσι
3082 2742 3150 2797 δὲ
3190 2744 3476 2809 βασιλέα.
3534 2744 3787 2810 Basilius,

2221 2835 2370 2890 hom.
2420 2834 2473 2900 8,
2523 2836 2677 2888 Ἔστι
2719 2834 2775 2887 δέ
2814 2853 2939 2889 τινα
2981 2837 3075 2889 καὶ
3117 2836 3369 2891 πολιτικὰ
3406 2836 3514 2891 τῶν
3558 2838 3781 2907 ἀλόγωνο

2223 2927 2379 3000 εἴπερ
2418 2927 2691 2991 πολιτείας
2727 2926 2858 2980 ίδιον
2895 2928 2954 2982 τὸ
2985 2928 3121 2998 πρὸς
3157 2927 3215 2980 ἓν
3250 2930 3426 2999 πέρας
3464 2930 3641 2983 κοινὸν
3669 2946 3786 2982 συν-

2222 3019 2394 3074 νεύειν
2416 3021 2512 3091 τὴν
2533 3021 2813 3111 ἐνέργειαν
2830 3020 2937 3073 τῶν
2958 3020 3075 3073 καθ’
3098 3021 3344 3085 ἕκαστον,
3370 3020 3558 3093 ῶσπερ
3574 3022 3664 3075 ἐπὶ
3682 3020 3784 3074 τῶν

555 3123 650 3177 tim
681 3131 871 3175 enectie
897 3122 1243 3189 reperiuntur,
1277 3122 1417 3174 sicco
1464 3120 1574 3174 loco
1604 3136 1695 3189 per
1720 3122 1936 3175 hiemem
1970 3139 2118 3192 repo-

2226 3110 2497 3182 μελισσῶν
2537 3111 2602 3165 ἄν
2640 3110 2724 3175 τις
2760 3110 2877 3164 ἴδοι.
2915 3112 3024 3165 Καὶ
3048 3111 3153 3184 γὰρ
3184 3112 3406 3166 ἐκείνων
3439 3114 3593 3184 κοινὴ
3633 3115 3727 3185 μὲν
3748 3117 3784 3185 ἡ

553 3215 658 3269 sita
687 3214 830 3267 circa
873 3214 1227 3283 a'quinoxium
1268 3229 1500 3276 vernum,
1541 3229 1657 3266 cum
1698 3212 1971 3268 clementia
2014 3213 2119 3268 diei

552 3313 780 3367 suaserit
807 3319 924 3379 post
961 3312 1146 3364 harant
1177 3310 1386 3363 tertiam
1403 3310 1456 3361 in
1487 3309 1647 3363 solem
1680 3310 1933 3378 proferre,
1966 3310 2119 3379 ficul-

553 3420 746 3473 ncoque
777 3405 948 3457 cinere
980 3402 1215 3457 obruere.
1244 3403 1359 3470 Quo
1385 3403 1526 3471 facto
1560 3402 1793 3470 afﬁrmat
1816 3402 1959 3455 intra
1983 3401 2116 3456 duas

552 3494 709 3546 horas
756 3510 874 3546 cum
921 3492 1086 3547 vivido
1121 3493 1292 3547 halitu
1325 3495 1517 3547 caloris
1551 3494 1799 3546 animata:
1839 3504 1981 3557 sunt,
2036 3510 2118 3548 re-

552 3596 759 3656 sumpto
788 3587 977 3654 spiritu
1008 3587 1063 3639 in
1090 3596 1445 3655 prazparatum
1475 3604 1588 3649 vas,
1619 3587 1667 3641 si
1706 3585 2006 3654 obiiciatur,
2039 3588 2117 3640 ir-

553 3695 751 3747 repere.

623 3769 755 3825 Ibid.
804 3770 1117 3839 Τρέφονται
1171 3771 1239 3824 δὲ
1271 3771 1350 3837 τῷ
1384 3773 1530 3841 ἔαρι.
1571 3772 1827 3837 Basilius,
1875 3772 2020 3827 hom.
2060 3772 2112 3836 8,

563 3862 700 3915 ’Δλλ’
731 3861 826 3915 ὅλα
850 3862 918 3915 δι’
950 3862 1072 3915 ὅλου
1104 3863 1361 3934 τρέφεται
1398 3864 1475 3935 τῷ
1495 3865 1636 3935 ἀέρι.
1671 3865 2011 3927 Aristoteles,
2040 3864 2115 3919 De

549 3954 673 4008 hist.
704 3956 890 4019 anim.,
929 3956 1021 4010 lib.
1058 3971 1134 4019 ιχ,
1168 3971 1286 4025 cap.
1313 3956 1402 4020 40,
1429 3956 1658 4010 amrmat
1690 3973 1783 4012 eas
1813 3958 2020 4011 esurire
2048 3956 2116 4010 ab

550 4046 726 4101 hieme
750 4047 1092 4115 potissimum
1136 4062 1258 4101 cum
1295 4064 1432 4117 opus
1462 4048 1760 4118 incipiunt,
1804 4056 1858 4102 ct
1897 4048 1989 4101 lib.
2038 4064 2111 4112 IV,

548 4135 625 4187 De
644 4146 784 4204 part.
813 4138 1000 4199 anim.,
1032 4152 1154 4207 cap.
1183 4136 1236 4201 6,
1261 4139 1336 4190 ait
1365 4153 1457 4192 cas
1491 4138 1611 4192 ideo
1640 4154 1760 4193 esse
1783 4137 2113 4208 quadrigen-

546 4241 667 4289 nes,
701 4236 755 4281 et
792 4228 1184 4296 corpulentiam
1229 4229 1428 4284 habere
1466 4230 1740 4297 leviorem,
1775 4229 1901 4299 quia
1928 4237 1981 4283 ct
2020 4244 2113 4298 pa-

547 4318 696 4373 scuis
733 4319 941 4382 vivunt,
983 4327 1037 4374 et
1076 4335 1299 4377 necesse
1335 4322 1533 4376 habent
1568 4323 1749 4391 pabuli
1780 4336 1945 4377 causa
1982 4337 2112 4377 eva-

545 4426 686 4482 gart,
717 4420 772 4467 et
802 4412 897 4466 lib.
925 4428 1000 4477 ix,
1031 4412 1107 4467 De
1130 4413 1254 4468 hist.
1290 4416 1478 4475 anim.,
1505 4430 1623 4487 cap.
1658 4416 1747 4481 40,
1784 4414 2112 4470 determinat

2219 3203 2456 3275 οἴκησις,
2493 3203 2646 3275 κοινὴ
2678 3204 2736 3257 δὲ
2767 3207 2801 3274 ἡ
2839 3207 3055 3276 πτῆσις,
3085 3206 3314 3277 ἐργασία
3345 3205 3403 3259 δὲ
3428 3206 3643 3260 πάντων
3667 3207 3778 3278 μιαο

2220 3298 2315 3350 καὶ
2342 3296 2432 3349 τὸν
2468 3296 2745 3368 μέγιστον,
2779 3298 2860 3351 ὅτι
2892 3298 2995 3351 ὑπὸ
3025 3297 3233 3367 βασιλεῖ
3257 3300 3351 3352 καὶ
3376 3298 3654 3371 ταξιάρχῳ
3682 3301 3789 3355 τινὶ

2216 3386 2325 3441 τῶν
2349 3385 2522 3457 ἔργων
2554 3386 2838 3454 ἅπτονται,
2866 3388 2927 3441 οὐ
2957 3388 3216 3459 πρότερον
3245 3389 3672 3459 καταδεχόμεναι
3694 3389 3783 3445 ἐπὶ

2216 3479 2343 3542 τοὺς
2363 3479 2635 3549 λειμῶνας
2658 3479 2850 3542 ἐλθεῖν,
2886 3481 3014 3552 πρὶν
3052 3480 3117 3533 ἂν
3152 3480 3301 3533 ἴδωσι
3332 3481 3677 3551 κατάρξαντα
3697 3481 3782 3534 τὸν

2218 3567 2441 3639 βασιλέα
2469 3568 2567 3639 τῆς
2602 3569 2873 3639 πτήσεως.
2930 3570 3039 3622 Καὶ
3066 3568 3210 3621 ἐστιν
3238 3571 3427 3633 αὑταῖς
3462 3570 3521 3624 οὐ
3551 3588 3783 3642 χειροτο-

2216 3661 2372 3733 νητὸς
2401 3660 2671 3732 βασιλεύς.
2699 3659 2762 3715 Et
2794 3660 3043 3727 inferius,
3078 3662 3214 3734 Ἀλλ’
3240 3665 3303 3715 ἐκ
3331 3662 3544 3731 φύσεως
3570 3662 3710 3734 ἔχων
3728 3664 3785 3716 τὸ

2215 3751 2356 3804 κατὰ
2398 3752 2615 3806 πάντων
2658 3755 2939 3822 πρωτεῖον,
2970 3753 3063 3805 καὶ
3085 3733 3325 3824 ’μεγέθει
3364 3733 3659 3826 διαφέρων,
3695 3756 3784 3809 καὶ

2218 3843 2475 3913 σχήματι,
2514 3844 2607 3897 καὶ
2640 3846 2704 3915 τῇ
2733 3842 2825 3896 τοῦ
2856 3842 3016 3915 ἤθους
3042 3844 3325 3916 πραότητι.
3361 3846 3514 3898 Ἔστι
3551 3848 3650 3917 μὲν
3681 3849 3784 3919 γὰρ

2218 3935 2439 4006 κέντρον
2463 3934 2542 4006 τῷ
2568 3935 2794 4007 βασιλεῖ,
2826 3935 2962 3989 ἀλλὰ
2988 3937 3047 3989 οὐ
3077 3936 3273 4007 χρῆται
3302 3936 3459 3990 τοῦτο
3486 3937 3625 4009 πρὸς
3650 3940 3781 4009 ἇμυ·

2217 4045 2329 4082 ναν.
2366 4026 2506 4083 Solae
2529 4028 2673 4084 enim
2706 4028 2788 4082 hae
2817 4043 2882 4084 ex
2908 4028 3150 4082 omnium
3182 4028 3543 4082 animantium
3565 4046 3779 4100 genere,

2214 4127 2274 4174 ut
2302 4127 2495 4173 auctor
2522 4129 2606 4174 est
2641 4119 2842 4186 Horus,
2878 4120 2971 4173 lib.
2991 4137 3028 4184 ι,
3047 4135 3167 4190 cap.
3187 4118 3274 4183 62,
3297 4129 3349 4175 ct
3367 4136 3547 4190 regem
3568 4122 3781 4184 habent,

2212 4215 2268 4263 et
2320 4207 2397 4261 illi
2438 4223 2547 4262 non
2582 4223 2741 4264 secus
2778 4224 2842 4263 ac
2882 4209 3074 4280 vulgus
3114 4211 3225 4280 regi
3257 4210 3653 4280 obtemperant.
3677 4213 3782 4266 Kal

2213 4298 2322 4372 γὰρ
2347 4300 2503 4370 μόνον
2526 4299 2632 4353 τῶν
2664 4299 2836 4354 ἄλλων
2863 4298 3014 4365 ζώων
3045 4300 3264 4372 βασιλέα
3294 4302 3425 4374 ἔχει,
3453 4296 3497 4371 ᾧ
3523 4304 3582 4357 τὸ
3603 4302 3781 4356 λοιπον

2212 4396 2319 4449 τῶν
2339 4395 2604 4466 μελισσῶν
2622 4397 2813 4450 ἕπεται
2833 4398 3054 4470 πλῆθος,
3081 4399 3212 4454 καθὸ
3234 4401 3325 4454 καὶ
3349 4403 3398 4453 οἱ
3426 4402 3542 4456 avoc
3565 4402 3783 4456 ἕπονται

545 4517 639 4556 eas
671 4502 803 4555 nihil
836 4504 1045 4567 venari,
1102 4504 1196 4559 sed
1244 4506 1376 4574 ipsis
1421 4506 1523 4560 sibi
1578 4507 1782 4561 cibaria
1830 4505 2027 4569 facere,
2059 4515 2113 4560 et

2222 4489 2452 4559 βασιλεῖ.
2486 4488 2549 4543 Ει
2587 4488 2872 4562 Didymus,
2920 4492 2973 4546 in
3022 4492 3308 4563 Georgicis,
3336 4495 3446 4547 Καὶ
3474 4495 3508 4564 ἡ
3542 4495 3781 4549 πολιτεία

546 4595 862 4657 recondere.
899 4606 951 4651 et
994 4612 1181 4652 earum
1216 4600 1395 4653 cibum
1438 4615 1559 4654 esse
1597 4602 1721 4665 mcl,
1760 4602 1908 4669 cujus
1937 4602 2012 4653 rei
2037 4604 2119 4654 in-

543 4684 741 4741 dicium
765 4689 990 4757 faciunt,
1021 4708 1138 4745 cum
1169 4693 1362 4759 apiarii
1394 4694 1619 4746 eximere
1648 4695 1906 4762 incipiunt
1931 4694 2113 4763 favus;

543 4782 782 4848 quamvis
814 4784 951 4835 enim
982 4783 1291 4852 sufﬁantur,
1323 4784 1735 4853 vehementerque
1760 4801 1824 4838 ea:
1856 4786 1999 4854 fumo
2034 4787 2116 4840 la-

544 4871 757 4933 borent,~
778 4879 950 4924 tamen
990 4875 1107 4939 plus
1149 4873 1317 4926 mellis
1357 4884 1479 4927 tunc
1509 4877 1689 4939 edunt,
1740 4892 1895 4943 quam
1942 4879 2109 4945 prius.

545 4961 697 5027 Quod
725 4962 863 5014 enim
892 4962 995 5015 cibi
1034 4980 1196 5016 causa
1231 4964 1332 5017 sibi
1366 4966 1774 5031 recondirlerint,
1810 4968 2020 5033 parcius
2052 4980 2112 5021 eo

543 5052 858 5112 temporibus
904 5055 1107 5107 steteris
1136 5065 1373 5108 utuntur.
1410 5054 1511 5109 Sed
1560 5056 1749 5109 habent
1802 5058 1960 5111 etiam
2011 5075 2111 5128 quo

540 5144 710 5197 altero
749 5143 863 5199 cibo
891 5145 1129 5207 alantur,
1153 5145 1291 5214 quod
1315 5146 1531 5215 quidam
1556 5148 1871 5218 ceraginem,
1908 5149 2005 5202 alii
2037 5166 2114 5203 ce-

539 5250 685 5289 reum
722 5247 926 5297 vocant,
977 5254 1149 5291 verum
1195 5237 1290 5290 hoc
1336 5236 1563 5291 deterius
1599 5249 1698 5304 est,
1740 5250 1789 5293 et
1840 5240 2110 5293 dulcedine

538 5344 699 5397 prope
714 5329 846 5399 ﬁcus
864 5344 881 5381 :
899 5338 1183 5400 congerunt
1215 5329 1268 5382 id
1292 5346 1492 5401 quoque
1521 5340 1579 5385 ut
1606 5348 1777 5385 ceram
1802 5335 1911 5386 suis
1936 5335 2105 5386 cruri-

540 5414 653 5469 bus.
691 5415 752 5468 Et
782 5414 1031 5480 inferius,
1061 5416 1257 5472 Pastus
1292 5424 1624 5490 gratissimus
1655 5422 1839 5491 apibus
1875 5422 2108 5494 thymum

536 5518 614 5561 est
638 5524 654 5558 :
686 5509 774 5563 sed
807 5509 984 5564 rubida
1032 5510 1211 5563 album
1241 5512 1540 5581 pra'fertur.
1595 5512 1656 5565 lit
1696 5513 1788 5565 lib.
1835 5530 1950 5579 vm,
1986 5530 2103 5583 cap.

538 5597 628 5660 ll,
673 5599 802 5666 Apis
840 5616 945 5652 una
981 5601 1143 5654 nullis
1178 5602 1377 5671 putidis
1415 5603 1632 5666 assidet,
1671 5621 1760 5657 nec
1806 5605 1971 5658 utitur
2002 5606 2108 5658 alio

537 5681 651 5734 cibo
692 5699 849 5753 quam
901 5684 1062 5740 dulci.
1092 5685 1258 5751 Plin.,
1294 5689 1386 5740 lib.
1438 5704 1550 5754 XXI,
1580 5705 1698 5760 cup.
1738 5690 1822 5750 M.
1870 5692 1931 5747 Si
1963 5693 2109 5746 cibus

539 5791 712 5831 aeeue
744 5789 1017 5832 crassatur
1047 5779 1229 5848 apibus
1271 5797 1394 5833 uras
1440 5796 1626 5835 vastas
1667 5784 1911 5853 siccasre,
1952 5786 2111 5854 ﬁcos-

2217 4581 2406 4634 τοῦτου
2435 4580 2526 4635 τοῦ
2557 4581 2695 4647 ζώου
2724 4583 3011 4654 προσέοικε
3038 4587 3156 4650 ταῖς
3198 4585 3427 4655 μάλιστα
3452 4587 3779 4659 εὐνομουμέ-

2215 4688 2335 4735 ναις
2367 4671 2475 4725 τῶν
2508 4673 2736 4727 πόλεων.
2772 4676 2882 4738 Τάς
2910 4692 2969 4728 τε
3005 4675 3113 4748 γὰρ
3140 4677 3348 4743 ἐξόδους
3387 4677 3509 4731 καθ’
3543 4679 3780 4751 ἡγεμόνα

2216 4763 2313 4816 καὶ
2338 4764 2473 4834 πρὸς
2499 4765 2559 4817 τὸ
2586 4765 2863 4836 ἐπίταγμα
2892 4770 3145 4822 ποιεῖται.
3180 4768 3244 4823 Et
3274 4769 3615 4833 Aristoteles,
3643 4772 3733 4826 lib:
3763 4787 3777 4825 ι

2215 4860 2296 4914 De
2333 4860 2518 4914 histor.
2574 4865 2761 4924 anim.,
2809 4878 2930 4933 cap.
2962 4863 3013 4924 1,
3064 4865 3228 4918 etiam
3279 4880 3442 4934 grues
3489 4866 3593 4920 sub
3647 4868 3779 4920 duce

2216 4968 2378 5023 agere
2411 4958 2630 5015 asserit.
2676 4954 2855 5010 Civilis
2880 4957 3085 5026 generis
3123 4967 3200 5011 est
3228 4957 3402 5022 homo,
3436 4958 3573 5024 apis,
3604 4974 3773 5027 vespa.

2213 5045 2458 5116 formica,
2509 5064 2653 5118 grus.
2704 5048 2944 5113 Quarum
2991 5050 3112 5103 alia:
3146 5049 3240 5104 sub
3278 5050 3406 5103 duce
3456 5051 3672 5120 degunt,
3724 5060 3775 5102 ut

2212 5156 2387 5208 grues,
2419 5150 2477 5193 ut
2512 5155 2656 5208 apes,
2702 5142 2824 5194 alia:
2868 5142 3000 5195 nulli
3028 5142 3254 5195 subdita:
3296 5143 3515 5212 imperio
3546 5155 3693 5208 sunt,
3724 5155 3775 5196 ut

2211 5228 2446 5297 formica:
2476 5241 2523 5285 et
2554 5230 2663 5283 alia
2694 5234 2970 5286 innumera
2994 5246 3121 5299 pene
3148 5249 3356 5301 genera.

2281 5325 2440 5389 lbid.,
2468 5325 2563 5377 lin.
2591 5322 2679 5378 28.
2714 5324 2819 5378 Kal
2845 5324 3089 5393 οὐδεμία
3117 5325 3459 5393 προχείρως.
3492 5323 3636 5394 Apes
3662 5338 3774 5393 pro-

2213 5418 2392 5486 prium
2426 5416 2644 5478 ducem,
2677 5424 2841 5484 atque
2873 5415 3276 5483 imperatorem,
3302 5415 3555 5469 omnibus
3583 5415 3773 5470 ciliciis

2215 5508 2471 5577 prosequi
2526 5508 2799 5560 afﬁrmant
2856 5505 3127 5568 IElianus,
3176 5505 3252 5559 De
3304 5504 3490 5561 histor.
3530 5504 3770 5568 animal..

2212 5600 2304 5652 lib.
2336 5616 2387 5661 ν,
2412 5615 2532 5668 cap.
2570 5598 2632 5652 lO
2658 5606 2711 5651 et
2745 5598 2799 5650 il
2826 5615 2839 5653 :
2866 5597 3275 5660 Aristotcles,et
3307 5593 3539 5663 Plinius,
3569 5597 3662 5651 lib.
3700 5612 3770 5656 XI.

2211 5708 2332 5765 cap.
2374 5694 2427 5757 6,
2494 5701 2547 5748 ει
2602 5709 2723 5763 cap.
2770 5693 2858 5747 17.
2894 5693 3032 5746 Mira
3083 5693 3252 5763 plebis
3294 5693 3439 5746 circa
3483 5707 3607 5747 eum
3647 5692 3770 5745 οδε-

2212 5788 2431 5842 dientia.
2473 5786 2602 5842 Cum
2633 5786 2864 5858 procedit
2899 5802 3002 5841 una
3040 5795 3118 5841 est
3152 5793 3314 5841 totum
3351 5799 3587 5849 examen,
3617 5784 3768 5839 circa-
