  <div class='ocr_page' id='page_1' title='image "/cluster/home/n/w/nwhite01/storage/ocr_20150623/18/hvd.32044073501215/468.png"; bbox 0 0 4072 6342; ppageno 0'>
   <div class='ocr_carea' id='block_1_1' title="bbox 300 331 408 388">
    <p class='ocr_par' dir='ltr' id='par_1_1' title="bbox 300 331 408 388">
     <span class='ocr_line' id='line_1_1' title="bbox 300 331 408 388; baseline -0.009 0"><span class='ocrx_word' id='word_1_1' title='bbox 300 331 408 388; x_wconf 81' lang='grc'><strong>917</strong></span> 
     </span>
    </p>
   </div>
   <div class='ocr_carea' id='block_1_2' title="bbox 1397 335 2646 399">
    <p class='ocr_par' dir='ltr' id='par_1_2' title="bbox 1397 335 2646 399">
     <span class='ocr_line' id='line_1_2' title="bbox 1397 335 2646 399; baseline 0 -9"><span class='ocrx_word' id='word_1_2' title='bbox 1397 337 1458 391; x_wconf 72' lang='grc' dir='ltr'><strong>ΙΝ</strong></span> <span class='ocrx_word' id='word_1_3' title='bbox 1502 339 1870 396; x_wconf 71' lang='lat' dir='ltr'><strong>ECSTATHII</strong></span> <span class='ocrx_word' id='word_1_4' title='bbox 1911 338 2378 399; x_wconf 68' lang='lat' dir='ltr'><strong>HEXAESIERON</strong></span> <span class='ocrx_word' id='word_1_5' title='bbox 2413 335 2646 392; x_wconf 65' lang='grc' dir='ltr'><strong>ΝΟΤᾸΞ.</strong></span> 
     </span>
    </p>
   </div>
   <div class='ocr_carea' id='block_1_3' title="bbox 3417 335 3516 390">
    <p class='ocr_par' dir='ltr' id='par_1_3' title="bbox 3417 335 3516 390">
     <span class='ocr_line' id='line_1_3' title="bbox 3417 335 3516 390; baseline -0.03 -1"><span class='ocrx_word' id='word_1_6' title='bbox 3417 335 3516 390; x_wconf 72' lang='grc'><strong>918</strong></span> 
     </span>
    </p>
   </div>
   <div class='ocr_carea' id='block_1_4' title="bbox 299 449 1846 534">
    <p class='ocr_par' dir='ltr' id='par_1_4' title="bbox 299 454 1846 532">
     <span class='ocr_line' id='line_1_4' title="bbox 299 454 1846 532; baseline 0.007 -26"><span class='ocrx_word' id='word_1_7' title='bbox 299 467 400 506; x_wconf 74' lang='lat' dir='ltr'><strong>au</strong></span> <span class='ocrx_word' id='word_1_8' title='bbox 435 467 555 505; x_wconf 85' lang='lat' dir='ltr'><strong>eum</strong></span> <span class='ocrx_word' id='word_1_9' title='bbox 580 454 942 524; x_wconf 76' lang='lat' dir='ltr'><strong>conglobatur,</strong></span> <span class='ocrx_word' id='word_1_10' title='bbox 981 458 1162 527; x_wconf 87' lang='lat' dir='ltr'><strong>cingit,</strong></span> <span class='ocrx_word' id='word_1_11' title='bbox 1191 462 1433 530; x_wconf 87' lang='lat' dir='ltr'><strong>protegit,</strong></span> <span class='ocrx_word' id='word_1_12' title='bbox 1460 463 1600 515; x_wconf 88' lang='lat' dir='ltr'><strong>cerni</strong></span> <span class='ocrx_word' id='word_1_13' title='bbox 1638 479 1738 516; x_wconf 89' lang='lat' dir='ltr'><strong>non</strong></span> <span class='ocrx_word' id='word_1_14' title='bbox 1766 479 1846 532; x_wconf 91' lang='lat' dir='ltr'><strong>pa-</strong></span> 
     </span>
    </p>
   </div>
   <div class='ocr_carea' id='block_1_5' title="bbox 1948 449 3520 534">
    <p class='ocr_par' dir='ltr' id='par_1_5' title="bbox 1963 449 3520 534">
     <span class='ocr_line' id='line_1_5' title="bbox 1963 449 3520 534; baseline -0.005 -18"><span class='ocrx_word' id='word_1_15' title='bbox 1963 481 2058 534; x_wconf 85' lang='grc' dir='ltr'><strong>την</strong></span> <span class='ocrx_word' id='word_1_16' title='bbox 2098 467 2215 526; x_wconf 83' lang='grc' dir='ltr'><strong>ταῖς</strong></span> <span class='ocrx_word' id='word_1_17' title='bbox 2271 461 2539 530; x_wconf 77' lang='grc' dir='ltr'><strong>κοιλότησι</strong></span> <span class='ocrx_word' id='word_1_18' title='bbox 2585 457 2692 510; x_wconf 86' lang='grc' dir='ltr'><strong>τῶν</strong></span> <span class='ocrx_word' id='word_1_19' title='bbox 2740 457 2943 526; x_wconf 79' lang='grc' dir='ltr'><strong>κηρίων</strong></span> <span class='ocrx_word' id='word_1_20' title='bbox 2993 449 3222 526; x_wconf 70' lang='grc' dir='ltr'><strong>ἐνίησιν·</strong></span> <span class='ocrx_word' id='word_1_21' title='bbox 3268 455 3387 509; x_wconf 72' lang='grc' dir='ltr'><strong>ὅθεν</strong></span> <span class='ocrx_word' id='word_1_22' title='bbox 3426 457 3520 508; x_wconf 70' lang='grc' dir='ltr'><strong>καὶ</strong></span> 
     </span>
    </p>
   </div>
   <div class='ocr_carea' id='block_1_6' title="bbox 301 543 1863 625">
    <p class='ocr_par' dir='ltr' id='par_1_6' title="bbox 301 543 1863 625">
     <span class='ocr_line' id='line_1_6' title="bbox 301 543 1863 625; baseline 0.007 -27"><span class='ocrx_word' id='word_1_23' title='bbox 301 545 451 598; x_wconf 84' lang='lat' dir='ltr'><strong>titur.</strong></span> <span class='ocrx_word' id='word_1_24' title='bbox 487 543 696 610; x_wconf 85' lang='lat' dir='ltr'><strong>Quibus</strong></span> <span class='ocrx_word' id='word_1_25' title='bbox 741 547 889 600; x_wconf 90' lang='lat' dir='ltr'><strong>addit</strong></span> <span class='ocrx_word' id='word_1_26' title='bbox 936 547 1186 607; x_wconf 66' lang='lat' dir='ltr'><strong>Ailianus</strong></span> <span class='ocrx_word' id='word_1_27' title='bbox 1221 552 1341 606; x_wconf 93' lang='lat' dir='ltr'><strong>loco</strong></span> <span class='ocrx_word' id='word_1_28' title='bbox 1374 554 1428 608; x_wconf 96' lang='lat' dir='ltr'><strong>d.</strong></span> <span class='ocrx_word' id='word_1_29' title='bbox 1477 555 1638 608; x_wconf 88' lang='lat' dir='ltr'><strong>etiam</strong></span> <span class='ocrx_word' id='word_1_30' title='bbox 1686 571 1863 625; x_wconf 86' lang='lat' dir='ltr'><strong>regem</strong></span> 
     </span>
    </p>
   </div>
   <div class='ocr_carea' id='block_1_7' title="bbox 301 632 1864 712">
    <p class='ocr_par' dir='ltr' id='par_1_7' title="bbox 301 632 1864 712">
     <span class='ocr_line' id='line_1_7' title="bbox 301 632 1864 712; baseline 0.006 -24"><span class='ocrx_word' id='word_1_31' title='bbox 301 632 587 704; x_wconf 76' lang='lat' dir='ltr'><strong>fugitivum</strong></span> <span class='ocrx_word' id='word_1_32' title='bbox 621 652 922 712; x_wconf 83' lang='lat' dir='ltr'><strong>accersere,</strong></span> <span class='ocrx_word' id='word_1_33' title='bbox 979 651 1032 694; x_wconf 86' lang='lat' dir='ltr'><strong>et</strong></span> <span class='ocrx_word' id='word_1_34' title='bbox 1081 641 1133 694; x_wconf 90' lang='lat' dir='ltr'><strong>in</strong></span> <span class='ocrx_word' id='word_1_35' title='bbox 1183 659 1409 712; x_wconf 77' lang='lat' dir='ltr'><strong>regnum</strong></span> <span class='ocrx_word' id='word_1_36' title='bbox 1441 646 1720 700; x_wconf 83' lang='lat' dir='ltr'><strong>reducere.</strong></span> <span class='ocrx_word' id='word_1_37' title='bbox 1763 646 1864 698; x_wconf 84' lang='grc' dir='ltr'><strong>Τὸν</strong></span> 
     </span>
    </p>
   </div>
   <div class='ocr_carea' id='block_1_8' title="bbox 301 709 1860 808">
    <p class='ocr_par' dir='ltr' id='par_1_8' title="bbox 301 709 1860 808">
     <span class='ocr_line' id='line_1_8' title="bbox 301 709 1860 808; baseline 0.008 -31"><span class='ocrx_word' id='word_1_38' title='bbox 301 725 526 796; x_wconf 81' lang='grc' dir='ltr'><strong>βασιλέα</strong></span> <span class='ocrx_word' id='word_1_39' title='bbox 560 709 831 785; x_wconf 76' lang='grc' dir='ltr'><strong>αὑτῶνάἱ</strong></span> <span class='ocrx_word' id='word_1_40' title='bbox 878 731 1119 798; x_wconf 79' lang='grc' dir='ltr'><strong>μέλιτται</strong></span> <span class='ocrx_word' id='word_1_41' title='bbox 1163 737 1334 806; x_wconf 83' lang='grc' dir='ltr'>πρᾶον</span> <span class='ocrx_word' id='word_1_42' title='bbox 1364 735 1489 788; x_wconf 75' lang='grc' dir='ltr'><strong>ὄντα</strong></span> <span class='ocrx_word' id='word_1_43' title='bbox 1519 737 1610 789; x_wconf 72' lang='grc' dir='ltr'>καὶ</span> <span class='ocrx_word' id='word_1_44' title='bbox 1638 738 1860 808; x_wconf 74' lang='grc' dir='ltr'>ἥμερον,</span> 
     </span>
    </p>
   </div>
   <div class='ocr_carea' id='block_1_9' title="bbox 300 815 1864 897">
    <p class='ocr_par' dir='ltr' id='par_1_9' title="bbox 300 815 1864 897">
     <span class='ocr_line' id='line_1_9' title="bbox 300 815 1864 897; baseline 0.008 -29"><span class='ocrx_word' id='word_1_45' title='bbox 300 815 393 868; x_wconf 80' lang='grc' dir='ltr'>καὶ</span> <span class='ocrx_word' id='word_1_46' title='bbox 417 819 552 887; x_wconf 79' lang='grc' dir='ltr'><strong>ὁμοῦ</strong></span> <span class='ocrx_word' id='word_1_47' title='bbox 577 837 628 872; x_wconf 88' lang='grc' dir='ltr'><strong>τι</strong></span> <span class='ocrx_word' id='word_1_48' title='bbox 657 822 750 874; x_wconf 71' lang='grc' dir='ltr'>καὶ</span> <span class='ocrx_word' id='word_1_49' title='bbox 776 823 1052 896; x_wconf 83' lang='grc' dir='ltr'>ἄκεντρον,</span> <span class='ocrx_word' id='word_1_50' title='bbox 1071 825 1194 877; x_wconf 87' lang='grc' dir='ltr'><strong>ὃταν</strong></span> <span class='ocrx_word' id='word_1_51' title='bbox 1225 825 1392 888; x_wconf 78' lang='grc' dir='ltr'><strong>αὐτὰς</strong></span> <span class='ocrx_word' id='word_1_52' title='bbox 1419 826 1675 897; x_wconf 75' lang='grc' dir='ltr'><strong>ἀπολίπῃ,</strong></span> <span class='ocrx_word' id='word_1_53' title='bbox 1702 845 1864 896; x_wconf 85' lang='grc' dir='ltr'>μετα-</span> 
     </span>
    </p>
   </div>
   <div class='ocr_carea' id='block_1_10' title="bbox 302 905 1857 987">
    <p class='ocr_par' dir='ltr' id='par_1_10' title="bbox 302 905 1857 987">
     <span class='ocr_line' id='line_1_10' title="bbox 302 905 1857 987; baseline 0.007 -28"><span class='ocrx_word' id='word_1_54' title='bbox 302 905 482 961; x_wconf 73' lang='grc' dir='ltr'><strong>θέουσι</strong></span> <span class='ocrx_word' id='word_1_55' title='bbox 525 927 604 973; x_wconf 88' lang='grc' dir='ltr'><strong>τε,</strong></span> <span class='ocrx_word' id='word_1_56' title='bbox 655 915 748 965; x_wconf 71' lang='grc' dir='ltr'>καὶ</span> <span class='ocrx_word' id='word_1_57' title='bbox 793 914 1044 967; x_wconf 82' lang='grc' dir='ltr'><strong>διώκουσι</strong></span> <span class='ocrx_word' id='word_1_58' title='bbox 1093 915 1302 983; x_wconf 80' lang='grc' dir='ltr'>φυγάδα</span> <span class='ocrx_word' id='word_1_59' title='bbox 1351 916 1450 986; x_wconf 81' lang='grc' dir='ltr'><strong>τῆς</strong></span> <span class='ocrx_word' id='word_1_60' title='bbox 1498 918 1670 987; x_wconf 79' lang='grc' dir='ltr'>ἀρχῆς</span> <span class='ocrx_word' id='word_1_61' title='bbox 1713 918 1857 971; x_wconf 81' lang='grc' dir='ltr'><strong>ὂντα.</strong></span> 
     </span>
    </p>
   </div>
   <div class='ocr_carea' id='block_1_11' title="bbox 251 996 1860 1078">
    <p class='ocr_par' dir='ltr' id='par_1_11' title="bbox 251 996 1860 1078">
     <span class='ocr_line' id='line_1_11' title="bbox 251 996 1860 1078; baseline 0.006 -28"><span class='ocrx_word' id='word_1_62' title='bbox 251 1037 254 1041; x_wconf 89' lang='grc'><strong>-</strong></span> <span class='ocrx_word' id='word_1_63' title='bbox 312 996 682 1070; x_wconf 77' lang='grc' dir='ltr'><strong>Ῥινηλατοῦσι</strong></span> <span class='ocrx_word' id='word_1_64' title='bbox 713 1003 770 1056; x_wconf 81' lang='grc' dir='ltr'>δὲ</span> <span class='ocrx_word' id='word_1_65' title='bbox 800 1005 960 1057; x_wconf 78' lang='grc' dir='ltr'><strong>αὐτὸν</strong></span> <span class='ocrx_word' id='word_1_66' title='bbox 983 1007 1324 1076; x_wconf 75' lang='grc' dir='ltr'><strong>ἀπορῤήτως,</strong></span> <span class='ocrx_word' id='word_1_67' title='bbox 1357 1007 1450 1059; x_wconf 70' lang='grc' dir='ltr'><strong>καὶ</strong></span> <span class='ocrx_word' id='word_1_68' title='bbox 1474 1009 1535 1059; x_wconf 77' lang='grc' dir='ltr'>ἐκ</span> <span class='ocrx_word' id='word_1_69' title='bbox 1559 1009 1657 1077; x_wconf 76' lang='grc' dir='ltr'><strong>τῆς</strong></span> <span class='ocrx_word' id='word_1_70' title='bbox 1686 1009 1860 1078; x_wconf 70' lang='grc' dir='ltr'><strong>ὀσμῆς</strong></span> 
     </span>
    </p>
   </div>
   <div class='ocr_carea' id='block_1_12' title="bbox 297 1091 1858 1167">
    <p class='ocr_par' dir='ltr' id='par_1_12' title="bbox 297 1091 1858 1167">
     <span class='ocr_line' id='line_1_12' title="bbox 297 1091 1858 1167; baseline 0.006 -24"><span class='ocrx_word' id='word_1_71' title='bbox 297 1091 400 1162; x_wconf 77' lang='grc' dir='ltr'><strong>τῆς</strong></span> <span class='ocrx_word' id='word_1_72' title='bbox 429 1094 552 1163; x_wconf 75' lang='grc' dir='ltr'>περὶ</span> <span class='ocrx_word' id='word_1_73' title='bbox 577 1095 734 1146; x_wconf 77' lang='grc' dir='ltr'><strong>αὑτὸν</strong></span> <span class='ocrx_word' id='word_1_74' title='bbox 755 1096 988 1167; x_wconf 72' lang='grc' dir='ltr'><strong>αἱροῦσι,</strong></span> <span class='ocrx_word' id='word_1_75' title='bbox 1029 1097 1122 1150; x_wconf 72' lang='grc' dir='ltr'>καὶ</span> <span class='ocrx_word' id='word_1_76' title='bbox 1153 1099 1210 1160; x_wconf 81' lang='grc' dir='ltr'><strong>ἐς</strong></span> <span class='ocrx_word' id='word_1_77' title='bbox 1237 1100 1334 1166; x_wconf 81' lang='grc' dir='ltr'><strong>τὴν</strong></span> <span class='ocrx_word' id='word_1_78' title='bbox 1361 1098 1630 1167; x_wconf 71' lang='grc' dir='ltr'><strong>βασιλείαν</strong></span> <span class='ocrx_word' id='word_1_79' title='bbox 1657 1101 1858 1152; x_wconf 76' lang='grc' dir='ltr'>ἐπανά-</span> 
     </span>
    </p>
   </div>
   <div class='ocr_carea' id='block_1_13' title="bbox 297 1186 1860 1261">
    <p class='ocr_par' dir='ltr' id='par_1_13' title="bbox 297 1186 1860 1261">
     <span class='ocr_line' id='line_1_13' title="bbox 297 1186 1860 1261; baseline 0.006 -25"><span class='ocrx_word' id='word_1_80' title='bbox 297 1200 506 1252; x_wconf 80' lang='grc' dir='ltr'><strong>γουσιν,</strong></span> <span class='ocrx_word' id='word_1_81' title='bbox 539 1186 759 1240; x_wconf 74' lang='grc' dir='ltr'><strong>ἑκοῦσαξ</strong></span> <span class='ocrx_word' id='word_1_82' title='bbox 792 1205 848 1240; x_wconf 86' lang='grc' dir='ltr'><strong>τε</strong></span> <span class='ocrx_word' id='word_1_83' title='bbox 885 1189 977 1240; x_wconf 79' lang='grc' dir='ltr'><strong>καὶ</strong></span> <span class='ocrx_word' id='word_1_84' title='bbox 1011 1188 1328 1258; x_wconf 82' lang='grc' dir='ltr'><strong>βουλόμεναι</strong></span> <span class='ocrx_word' id='word_1_85' title='bbox 1366 1189 1458 1243; x_wconf 73' lang='grc' dir='ltr'><strong>τοῦ</strong></span> <span class='ocrx_word' id='word_1_86' title='bbox 1491 1191 1690 1261; x_wconf 79' lang='grc' dir='ltr'><strong>τρόπου</strong></span> <span class='ocrx_word' id='word_1_87' title='bbox 1725 1192 1860 1260; x_wconf 81' lang='grc' dir='ltr'><strong>ἀγά-</strong></span> 
     </span>
    </p>
   </div>
   <div class='ocr_carea' id='block_1_14' title="bbox 300 1276 1858 1354">
    <p class='ocr_par' dir='ltr' id='par_1_14' title="bbox 300 1276 1858 1354">
     <span class='ocr_line' id='line_1_14' title="bbox 300 1276 1858 1354; baseline 0.006 -24"><span class='ocrx_word' id='word_1_88' title='bbox 300 1294 482 1347; x_wconf 81' lang='grc' dir='ltr'><strong>μεναι.</strong></span> <span class='ocrx_word' id='word_1_89' title='bbox 511 1276 793 1343; x_wconf 86' lang='lat' dir='ltr'><strong><em>Quomodo</em></strong></span> <span class='ocrx_word' id='word_1_90' title='bbox 823 1292 999 1334; x_wconf 87' lang='lat' dir='ltr'><strong>autem</strong></span> <span class='ocrx_word' id='word_1_91' title='bbox 1030 1296 1137 1334; x_wconf 88' lang='lat' dir='ltr'><strong>una</strong></span> <span class='ocrx_word' id='word_1_92' title='bbox 1162 1299 1286 1335; x_wconf 91' lang='lat' dir='ltr'><strong>cum</strong></span> <span class='ocrx_word' id='word_1_93' title='bbox 1321 1298 1443 1353; x_wconf 78' lang='lat' dir='ltr'><strong>rege</strong></span> <span class='ocrx_word' id='word_1_94' title='bbox 1474 1283 1724 1352; x_wconf 89' lang='lat' dir='ltr'><strong>migrant,</strong></span> <span class='ocrx_word' id='word_1_95' title='bbox 1749 1302 1858 1354; x_wconf 89' lang='lat' dir='ltr'><strong>quo</strong></span> 
     </span>
    </p>
   </div>
   <div class='ocr_carea' id='block_1_15' title="bbox 297 1368 1858 1439">
    <p class='ocr_par' dir='ltr' id='par_1_15' title="bbox 297 1368 1858 1439">
     <span class='ocr_line' id='line_1_15' title="bbox 297 1368 1858 1439; baseline 0.006 -18"><span class='ocrx_word' id='word_1_96' title='bbox 297 1368 480 1439; x_wconf 79' lang='lat' dir='ltr'><strong>signo,</strong></span> <span class='ocrx_word' id='word_1_97' title='bbox 540 1385 644 1438; x_wconf 86' lang='lat' dir='ltr'><strong>qua</strong></span> <span class='ocrx_word' id='word_1_98' title='bbox 701 1386 848 1434; x_wconf 88' lang='lat' dir='ltr'><strong>voce,</strong></span> <span class='ocrx_word' id='word_1_99' title='bbox 899 1379 952 1425; x_wconf 86' lang='lat' dir='ltr'><strong>et</strong></span> <span class='ocrx_word' id='word_1_100' title='bbox 1003 1372 1364 1435; x_wconf 71' lang='lat' dir='ltr'><strong>observantia,</strong></span> <span class='ocrx_word' id='word_1_101' title='bbox 1416 1374 1732 1430; x_wconf 84' lang='lat' dir='ltr'><strong>Aristoteles</strong></span> <span class='ocrx_word' id='word_1_102' title='bbox 1783 1376 1858 1430; x_wconf 87' lang='lat' dir='ltr'><strong>De</strong></span> 
     </span>
    </p>
   </div>
   <div class='ocr_carea' id='block_1_16' title="bbox 297 1459 1800 1533">
    <p class='ocr_par' dir='ltr' id='par_1_16' title="bbox 297 1459 1800 1533">
     <span class='ocr_line' id='line_1_16' title="bbox 297 1459 1800 1533; baseline 0.007 -22"><span class='ocrx_word' id='word_1_103' title='bbox 297 1459 489 1514; x_wconf 90' lang='lat' dir='ltr'><strong>histor.</strong></span> <span class='ocrx_word' id='word_1_104' title='bbox 525 1463 712 1523; x_wconf 88' lang='lat' dir='ltr'><strong>anim.,</strong></span> <span class='ocrx_word' id='word_1_105' title='bbox 744 1462 837 1515; x_wconf 92' lang='lat' dir='ltr'><strong>lib.</strong></span> <span class='ocrx_word' id='word_1_106' title='bbox 871 1479 944 1524; x_wconf 80' lang='lat' dir='ltr'><strong>Ix,</strong></span> <span class='ocrx_word' id='word_1_107' title='bbox 973 1479 1092 1533; x_wconf 89' lang='lat' dir='ltr'><strong>cap.</strong></span> <span class='ocrx_word' id='word_1_108' title='bbox 1121 1464 1210 1526; x_wconf 72' lang='grc'><strong>40,</strong></span> <span class='ocrx_word' id='word_1_109' title='bbox 1239 1472 1290 1518; x_wconf 91' lang='lat' dir='ltr'><strong>et</strong></span> <span class='ocrx_word' id='word_1_110' title='bbox 1325 1463 1551 1527; x_wconf 83' lang='lat' dir='ltr'><strong>Plinius,</strong></span> <span class='ocrx_word' id='word_1_111' title='bbox 1579 1467 1633 1520; x_wconf 91' lang='lat' dir='ltr'><strong>d.</strong></span> <span class='ocrx_word' id='word_1_112' title='bbox 1661 1468 1800 1521; x_wconf 88' lang='lat' dir='ltr'><strong>loco.</strong></span> 
     </span>
    </p>
   </div>
   <div class='ocr_carea' id='block_1_17' title="bbox 369 1549 1854 1620">
    <p class='ocr_par' dir='ltr' id='par_1_17' title="bbox 369 1549 1854 1620">
     <span class='ocr_line' id='line_1_17' title="bbox 369 1549 1854 1620; baseline 0.006 -17"><span class='ocrx_word' id='word_1_113' title='bbox 369 1549 528 1614; x_wconf 85' lang='lat' dir='ltr'><strong>lbid.,</strong></span> <span class='ocrx_word' id='word_1_114' title='bbox 560 1552 652 1606; x_wconf 90' lang='lat' dir='ltr'><strong>lin.</strong></span> <span class='ocrx_word' id='word_1_115' title='bbox 676 1551 765 1606; x_wconf 64' lang='lat'><strong>29.</strong></span> <span class='ocrx_word' id='word_1_116' title='bbox 807 1553 971 1606; x_wconf 84' lang='grc' dir='ltr'><strong>Ἔστι</strong></span> <span class='ocrx_word' id='word_1_117' title='bbox 1001 1553 1068 1606; x_wconf 82' lang='grc' dir='ltr'><strong>δὲ</strong></span> <span class='ocrx_word' id='word_1_118' title='bbox 1095 1553 1300 1619; x_wconf 86' lang='grc' dir='ltr'><strong>αὐταῖς</strong></span> <span class='ocrx_word' id='word_1_119' title='bbox 1333 1551 1526 1620; x_wconf 84' lang='grc' dir='ltr'><strong>οὗτος.</strong></span> <span class='ocrx_word' id='word_1_120' title='bbox 1566 1554 1681 1609; x_wconf 85' lang='lat' dir='ltr'><strong>Non</strong></span> <span class='ocrx_word' id='word_1_121' title='bbox 1711 1559 1854 1612; x_wconf 89' lang='lat' dir='ltr'><strong>enim</strong></span> 
     </span>
    </p>
   </div>
   <div class='ocr_carea' id='block_1_18' title="bbox 295 1643 1855 1720">
    <p class='ocr_par' dir='ltr' id='par_1_18' title="bbox 295 1643 1855 1720">
     <span class='ocr_line' id='line_1_18' title="bbox 295 1643 1855 1720; baseline 0.004 -22"><span class='ocrx_word' id='word_1_122' title='bbox 295 1643 525 1713; x_wconf 75' lang='lat' dir='ltr'><strong>eligunt,</strong></span> <span class='ocrx_word' id='word_1_123' title='bbox 553 1644 648 1698; x_wconf 92' lang='lat' dir='ltr'><strong>sed</strong></span> <span class='ocrx_word' id='word_1_124' title='bbox 670 1647 1014 1700; x_wconf 90' lang='lat' dir='ltr'><strong>successione</strong></span> <span class='ocrx_word' id='word_1_125' title='bbox 1045 1654 1097 1700; x_wconf 92' lang='lat' dir='ltr'><strong>et</strong></span> <span class='ocrx_word' id='word_1_126' title='bbox 1128 1663 1324 1715; x_wconf 81' lang='lat' dir='ltr'><strong>genere</strong></span> <span class='ocrx_word' id='word_1_127' title='bbox 1355 1650 1589 1718; x_wconf 79' lang='lat' dir='ltr'><strong>Optimos</strong></span> <span class='ocrx_word' id='word_1_128' title='bbox 1611 1666 1855 1720; x_wconf 89' lang='lat' dir='ltr'><strong>quosque</strong></span> 
     </span>
    </p>
   </div>
   <div class='ocr_carea' id='block_1_19' title="bbox 296 1736 1856 1809">
    <p class='ocr_par' dir='ltr' id='par_1_19' title="bbox 296 1736 1856 1809">
     <span class='ocr_line' id='line_1_19' title="bbox 296 1736 1856 1809; baseline 0.004 -21"><span class='ocrx_word' id='word_1_129' title='bbox 296 1744 645 1801; x_wconf 88' lang='lat' dir='ltr'><strong>conservant,</strong></span> <span class='ocrx_word' id='word_1_130' title='bbox 695 1753 758 1790; x_wconf 91' lang='lat' dir='ltr'><strong>ac</strong></span> <span class='ocrx_word' id='word_1_131' title='bbox 809 1736 1038 1791; x_wconf 83' lang='lat' dir='ltr'><strong>fovendo</strong></span> <span class='ocrx_word' id='word_1_132' title='bbox 1076 1746 1339 1803; x_wconf 88' lang='lat' dir='ltr'><strong>tutantur,</strong></span> <span class='ocrx_word' id='word_1_133' title='bbox 1395 1740 1670 1809; x_wconf 88' lang='lat' dir='ltr'><strong>improbos</strong></span> <span class='ocrx_word' id='word_1_134' title='bbox 1709 1744 1856 1795; x_wconf 88' lang='lat' dir='ltr'><strong>occi-</strong></span> 
     </span>
    </p>
   </div>
   <div class='ocr_carea' id='block_1_20' title="bbox 1967 543 3516 625">
    <p class='ocr_par' dir='ltr' id='par_1_20' title="bbox 1967 543 3516 625">
     <span class='ocr_line' id='line_1_20' title="bbox 1967 543 3516 625; baseline -0.004 -19"><span class='ocrx_word' id='word_1_135' title='bbox 1967 555 2127 625; x_wconf 78' lang='grc' dir='ltr'>ὐγρὸν</span> <span class='ocrx_word' id='word_1_136' title='bbox 2154 551 2302 623; x_wconf 74' lang='grc' dir='ltr'>παρὰ</span> <span class='ocrx_word' id='word_1_137' title='bbox 2338 551 2434 622; x_wconf 77' lang='grc' dir='ltr'><strong>τὴν</strong></span> <span class='ocrx_word' id='word_1_138' title='bbox 2479 549 2697 621; x_wconf 84' lang='grc' dir='ltr'><strong>πρώτην</strong></span> <span class='ocrx_word' id='word_1_139' title='bbox 2723 549 2886 614; x_wconf 78' lang='grc' dir='ltr'><strong>ἐστὶν,</strong></span> <span class='ocrx_word' id='word_1_140' title='bbox 2914 543 3027 601; x_wconf 73' lang='grc' dir='ltr'>εἶτα</span> <span class='ocrx_word' id='word_1_141' title='bbox 3054 547 3130 618; x_wconf 78' lang='grc' dir='ltr'><strong>τῷ</strong></span> <span class='ocrx_word' id='word_1_142' title='bbox 3169 546 3340 619; x_wconf 79' lang='grc' dir='ltr'>χρόνῳ</span> <span class='ocrx_word' id='word_1_143' title='bbox 3383 564 3516 617; x_wconf 83' lang='grc' dir='ltr'>συμ-</span> 
     </span>
    </p>
   </div>
   <div class='ocr_carea' id='block_1_21' title="bbox 1964 639 3516 715">
    <p class='ocr_par' dir='ltr' id='par_1_21' title="bbox 1964 639 3516 715">
     <span class='ocr_line' id='line_1_21' title="bbox 1964 639 3516 715; baseline -0.005 -16"><span class='ocrx_word' id='word_1_144' title='bbox 1964 646 2202 715; x_wconf 77' lang='grc' dir='ltr'><strong>πεφθέν,</strong></span> <span class='ocrx_word' id='word_1_145' title='bbox 2263 645 2397 714; x_wconf 81' lang='grc' dir='ltr'>πρὸς</span> <span class='ocrx_word' id='word_1_146' title='bbox 2462 643 2557 713; x_wconf 85' lang='grc' dir='ltr'><strong>τὴν</strong></span> <span class='ocrx_word' id='word_1_147' title='bbox 2612 642 2816 694; x_wconf 76' lang='grc' dir='ltr'><strong>οἰκείαν</strong></span> <span class='ocrx_word' id='word_1_148' title='bbox 2872 640 3123 694; x_wconf 83' lang='grc' dir='ltr'><strong>σύστασιν</strong></span> <span class='ocrx_word' id='word_1_149' title='bbox 3185 642 3278 693; x_wconf 71' lang='grc' dir='ltr'>καὶ</span> <span class='ocrx_word' id='word_1_150' title='bbox 3328 639 3516 712; x_wconf 78' lang='grc' dir='ltr'>ἡδονὴν</span> 
     </span>
    </p>
   </div>
   <div class='ocr_carea' id='block_1_22' title="bbox 1963 731 3516 807">
    <p class='ocr_par' dir='ltr' id='par_1_22' title="bbox 1963 731 3516 807">
     <span class='ocr_line' id='line_1_22' title="bbox 1963 731 3516 807; baseline -0.003 -18"><span class='ocrx_word' id='word_1_151' title='bbox 1963 738 2332 807; x_wconf 71' lang='grc' dir='ltr'><strong>ἐπανέρχεται.</strong></span> <span class='ocrx_word' id='word_1_152' title='bbox 2369 733 2470 799; x_wconf 87' lang='lat' dir='ltr'><strong>Qui</strong></span> <span class='ocrx_word' id='word_1_153' title='bbox 2522 733 2630 789; x_wconf 88' lang='lat' dir='ltr'><strong>sint</strong></span> <span class='ocrx_word' id='word_1_154' title='bbox 2682 732 2770 785; x_wconf 93' lang='lat' dir='ltr'><strong>isti</strong></span> <span class='ocrx_word' id='word_1_155' title='bbox 2817 731 2994 794; x_wconf 89' lang='lat' dir='ltr'><strong>llores,</strong></span> <span class='ocrx_word' id='word_1_156' title='bbox 3031 747 3096 785; x_wconf 80' lang='lat' dir='ltr'><strong>ex</strong></span> <span class='ocrx_word' id='word_1_157' title='bbox 3146 732 3344 801; x_wconf 78' lang='lat' dir='ltr'><strong>quibus</strong></span> <span class='ocrx_word' id='word_1_158' title='bbox 3391 747 3516 800; x_wconf 85' lang='lat' dir='ltr'><strong>apes</strong></span> 
     </span>
    </p>
   </div>
   <div class='ocr_carea' id='block_1_23' title="bbox 1961 823 3536 898">
    <p class='ocr_par' dir='ltr' id='par_1_23' title="bbox 1961 823 3536 898">
     <span class='ocr_line' id='line_1_23' title="bbox 1961 823 3536 898; baseline -0.004 -16"><span class='ocrx_word' id='word_1_159' title='bbox 1961 828 2261 898; x_wconf 87' lang='lat' dir='ltr'><strong>colligendo</strong></span> <span class='ocrx_word' id='word_1_160' title='bbox 2314 841 2507 882; x_wconf 88' lang='lat' dir='ltr'><strong>succos</strong></span> <span class='ocrx_word' id='word_1_161' title='bbox 2555 840 2649 880; x_wconf 87' lang='lat' dir='ltr'><strong>sua</strong></span> <span class='ocrx_word' id='word_1_162' title='bbox 2691 823 2984 878; x_wconf 76' lang='lat' dir='ltr'><strong>coniiciunt</strong></span> <span class='ocrx_word' id='word_1_163' title='bbox 3033 824 3188 878; x_wconf 84' lang='lat' dir='ltr'><strong>mella</strong></span> <span class='ocrx_word' id='word_1_164' title='bbox 3238 825 3536 878; x_wconf 75' lang='lat' dir='ltr'><strong>enumeratI</strong></span> 
     </span>
    </p>
   </div>
   <div class='ocr_carea' id='block_1_24' title="bbox 1960 915 3512 985">
    <p class='ocr_par' dir='ltr' id='par_1_24' title="bbox 1960 915 3512 985">
     <span class='ocr_line' id='line_1_24' title="bbox 1960 915 3512 985; baseline -0.003 -13"><span class='ocrx_word' id='word_1_165' title='bbox 1960 920 2301 982; x_wconf 80' lang='lat' dir='ltr'><strong>Aristotcles,</strong></span> <span class='ocrx_word' id='word_1_166' title='bbox 2332 937 2382 980; x_wconf 88' lang='lat' dir='ltr'><strong>v,</strong></span> <span class='ocrx_word' id='word_1_167' title='bbox 2416 919 2489 972; x_wconf 92' lang='lat' dir='ltr'><strong>De</strong></span> <span class='ocrx_word' id='word_1_168' title='bbox 2508 918 2692 971; x_wconf 84' lang='lat' dir='ltr'><strong>histor.</strong></span> <span class='ocrx_word' id='word_1_169' title='bbox 2723 917 2964 980; x_wconf 88' lang='lat' dir='ltr'><strong>animal.,</strong></span> <span class='ocrx_word' id='word_1_170' title='bbox 2997 932 3116 985; x_wconf 97' lang='lat' dir='ltr'><strong>cap.</strong></span> <span class='ocrx_word' id='word_1_171' title='bbox 3141 917 3210 968; x_wconf 64' lang='grc' dir='ltr'>Ἡ</span> <span class='ocrx_word' id='word_1_172' title='bbox 3236 935 3249 982; x_wconf 90' lang='grc'>;</span> <span class='ocrx_word' id='word_1_173' title='bbox 3287 915 3512 979; x_wconf 79' lang='lat' dir='ltr'><strong>Plinius,</strong></span> 
     </span>
    </p>
   </div>
   <div class='ocr_carea' id='block_1_25' title="bbox 1961 1008 3510 1079">
    <p class='ocr_par' dir='ltr' id='par_1_25' title="bbox 1961 1008 3510 1079">
     <span class='ocr_line' id='line_1_25' title="bbox 1961 1008 3510 1079; baseline -0.001 -17"><span class='ocrx_word' id='word_1_174' title='bbox 1961 1011 2051 1065; x_wconf 91' lang='lat' dir='ltr'><strong>lib.</strong></span> <span class='ocrx_word' id='word_1_175' title='bbox 2087 1028 2160 1074; x_wconf 71' lang='lat' dir='ltr'><strong>si,</strong></span> <span class='ocrx_word' id='word_1_176' title='bbox 2201 1027 2319 1079; x_wconf 91' lang='lat' dir='ltr'><strong>cap.</strong></span> <span class='ocrx_word' id='word_1_177' title='bbox 2353 1011 2406 1073; x_wconf 92' lang='lat'><strong><em>8,</em></strong></span> <span class='ocrx_word' id='word_1_178' title='bbox 2431 1011 2674 1079; x_wconf 70' lang='lat' dir='ltr'><strong>quaedam</strong></span> <span class='ocrx_word' id='word_1_179' title='bbox 2709 1025 2772 1062; x_wconf 85' lang='lat' dir='ltr'><strong>ex</strong></span> <span class='ocrx_word' id='word_1_180' title='bbox 2805 1010 2910 1061; x_wconf 89' lang='lat' dir='ltr'><strong>illis</strong></span> <span class='ocrx_word' id='word_1_181' title='bbox 2934 1008 3152 1077; x_wconf 78' lang='lat' dir='ltr'><strong>excipit,</strong></span> <span class='ocrx_word' id='word_1_182' title='bbox 3177 1015 3227 1061; x_wconf 90' lang='lat' dir='ltr'><strong>et</strong></span> <span class='ocrx_word' id='word_1_183' title='bbox 3250 1009 3510 1077; x_wconf 87' lang='lat' dir='ltr'><strong>quosdam</strong></span> 
     </span>
    </p>
   </div>
   <div class='ocr_carea' id='block_1_26' title="bbox 1957 1099 3514 1172">
    <p class='ocr_par' dir='ltr' id='par_1_26' title="bbox 1957 1099 3514 1172">
     <span class='ocr_line' id='line_1_26' title="bbox 1957 1099 3514 1172; baseline -0.001 -19"><span class='ocrx_word' id='word_1_184' title='bbox 1957 1106 2048 1172; x_wconf 89' lang='lat' dir='ltr'><strong>qui</strong></span> <span class='ocrx_word' id='word_1_185' title='bbox 2080 1104 2322 1172; x_wconf 72' lang='lat' dir='ltr'><strong>quzedam</strong></span> <span class='ocrx_word' id='word_1_186' title='bbox 2357 1109 2679 1170; x_wconf 83' lang='lat' dir='ltr'><strong>exceperant</strong></span> <span class='ocrx_word' id='word_1_187' title='bbox 2708 1101 3046 1169; x_wconf 84' lang='lat' dir='ltr'><strong>reprehendit</strong></span> <span class='ocrx_word' id='word_1_188' title='bbox 3078 1118 3092 1153; x_wconf 91' lang='lat'>:</span> <span class='ocrx_word' id='word_1_189' title='bbox 3125 1099 3282 1152; x_wconf 83' lang='lat' dir='ltr'><strong>Ceras</strong></span> <span class='ocrx_word' id='word_1_190' title='bbox 3311 1115 3374 1152; x_wconf 79' lang='lat' dir='ltr'><strong>ea:</strong></span> <span class='ocrx_word' id='word_1_191' title='bbox 3403 1116 3514 1152; x_wconf 91' lang='lat' dir='ltr'><strong>om-</strong></span> 
     </span>
    </p>
   </div>
   <div class='ocr_carea' id='block_1_27' title="bbox 1957 1191 3509 1262">
    <p class='ocr_par' dir='ltr' id='par_1_27' title="bbox 1957 1191 3509 1262">
     <span class='ocr_line' id='line_1_27' title="bbox 1957 1191 3509 1262; baseline -0.003 -14"><span class='ocrx_word' id='word_1_192' title='bbox 1957 1195 2100 1248; x_wconf 89' lang='lat' dir='ltr'><strong>nium</strong></span> <span class='ocrx_word' id='word_1_193' title='bbox 2149 1194 2396 1247; x_wconf 90' lang='lat' dir='ltr'><strong>arborum</strong></span> <span class='ocrx_word' id='word_1_194' title='bbox 2439 1201 2770 1262; x_wconf 76' lang='lat' dir='ltr'><strong>satorumque</strong></span> <span class='ocrx_word' id='word_1_195' title='bbox 2815 1191 3027 1260; x_wconf 83' lang='lat' dir='ltr'><strong>ﬂoribus</strong></span> <span class='ocrx_word' id='word_1_196' title='bbox 3073 1193 3389 1260; x_wconf 81' lang='lat' dir='ltr'><strong>conﬁngunt,</strong></span> <span class='ocrx_word' id='word_1_197' title='bbox 3422 1209 3509 1246; x_wconf 77' lang='lat' dir='ltr'><strong>ex-</strong></span> 
     </span>
    </p>
   </div>
   <div class='ocr_carea' id='block_1_28' title="bbox 1955 1284 3507 1356">
    <p class='ocr_par' dir='ltr' id='par_1_28' title="bbox 1955 1284 3507 1356">
     <span class='ocr_line' id='line_1_28' title="bbox 1955 1284 3507 1356; baseline -0.003 -15"><span class='ocrx_word' id='word_1_198' title='bbox 1955 1298 2102 1356; x_wconf 83' lang='lat' dir='ltr'><strong>cepta</strong></span> <span class='ocrx_word' id='word_1_199' title='bbox 2151 1290 2344 1340; x_wconf 85' lang='lat' dir='ltr'><strong>ramice</strong></span> <span class='ocrx_word' id='word_1_200' title='bbox 2391 1296 2438 1342; x_wconf 91' lang='lat' dir='ltr'><strong>et</strong></span> <span class='ocrx_word' id='word_1_201' title='bbox 2475 1284 2781 1354; x_wconf 83' lang='lat' dir='ltr'><strong>chenopode,</strong></span> <span class='ocrx_word' id='word_1_202' title='bbox 2821 1284 3094 1338; x_wconf 82' lang='lat' dir='ltr'><strong>herbarum</strong></span> <span class='ocrx_word' id='word_1_203' title='bbox 3145 1284 3256 1338; x_wconf 70' lang='lat' dir='ltr'><strong>ha’c</strong></span> <span class='ocrx_word' id='word_1_204' title='bbox 3304 1301 3507 1354; x_wconf 89' lang='lat' dir='ltr'><strong>genera.</strong></span> 
     </span>
    </p>
   </div>
   <div class='ocr_carea' id='block_1_29' title="bbox 1957 1377 3512 1448">
    <p class='ocr_par' dir='ltr' id='par_1_29' title="bbox 1957 1377 3512 1448">
     <span class='ocr_line' id='line_1_29' title="bbox 1957 1377 3512 1448; baseline -0.001 -16"><span class='ocrx_word' id='word_1_205' title='bbox 1957 1380 2121 1434; x_wconf 84' lang='lat' dir='ltr'><strong>Falso</strong></span> <span class='ocrx_word' id='word_1_206' title='bbox 2150 1382 2406 1448; x_wconf 76' lang='lat' dir='ltr'><strong>excipitur</strong></span> <span class='ocrx_word' id='word_1_207' title='bbox 2435 1388 2481 1432; x_wconf 90' lang='lat' dir='ltr'><strong>et</strong></span> <span class='ocrx_word' id='word_1_208' title='bbox 2513 1390 2765 1448; x_wconf 91' lang='lat' dir='ltr'><strong>spartum,</strong></span> <span class='ocrx_word' id='word_1_209' title='bbox 2798 1379 2980 1448; x_wconf 86' lang='lat' dir='ltr'><strong>quippe</strong></span> <span class='ocrx_word' id='word_1_210' title='bbox 3013 1395 3126 1430; x_wconf 86' lang='lat' dir='ltr'><strong>cum</strong></span> <span class='ocrx_word' id='word_1_211' title='bbox 3164 1378 3218 1430; x_wconf 89' lang='lat' dir='ltr'><strong>in</strong></span> <span class='ocrx_word' id='word_1_212' title='bbox 3255 1377 3512 1444; x_wconf 84' lang='lat' dir='ltr'><strong>Hispania</strong></span> 
     </span>
    </p>
   </div>
   <div class='ocr_carea' id='block_1_30' title="bbox 1955 1465 3510 1538">
    <p class='ocr_par' dir='ltr' id='par_1_30' title="bbox 1955 1465 3510 1538">
     <span class='ocr_line' id='line_1_30' title="bbox 1955 1465 3510 1538; baseline -0.002 -15"><span class='ocrx_word' id='word_1_213' title='bbox 1955 1473 2120 1523; x_wconf 89' lang='lat' dir='ltr'><strong>multa</strong></span> <span class='ocrx_word' id='word_1_214' title='bbox 2144 1471 2195 1523; x_wconf 91' lang='lat' dir='ltr'><strong>in</strong></span> <span class='ocrx_word' id='word_1_215' title='bbox 2225 1471 2503 1538; x_wconf 90' lang='lat' dir='ltr'><strong>spartariis</strong></span> <span class='ocrx_word' id='word_1_216' title='bbox 2533 1470 2688 1522; x_wconf 85' lang='lat' dir='ltr'><strong>mella</strong></span> <span class='ocrx_word' id='word_1_217' title='bbox 2711 1469 2919 1521; x_wconf 80' lang='lat' dir='ltr'><strong>herbam</strong></span> <span class='ocrx_word' id='word_1_218' title='bbox 2946 1485 3059 1521; x_wconf 91' lang='lat' dir='ltr'><strong>eam</strong></span> <span class='ocrx_word' id='word_1_219' title='bbox 3089 1469 3318 1536; x_wconf 81' lang='lat' dir='ltr'><strong>sapiant.</strong></span> <span class='ocrx_word' id='word_1_220' title='bbox 3350 1465 3510 1520; x_wconf 82' lang='lat' dir='ltr'><strong>Falso</strong></span> 
     </span>
    </p>
   </div>
   <div class='ocr_carea' id='block_1_31' title="bbox 1952 1561 3511 1630">
    <p class='ocr_par' dir='ltr' id='par_1_31' title="bbox 1952 1561 3511 1630">
     <span class='ocr_line' id='line_1_31' title="bbox 1952 1561 3511 1630; baseline -0.003 -14"><span class='ocrx_word' id='word_1_221' title='bbox 1952 1573 2000 1616; x_wconf 89' lang='lat' dir='ltr'><strong>et</strong></span> <span class='ocrx_word' id='word_1_222' title='bbox 2029 1563 2170 1615; x_wconf 82' lang='lat' dir='ltr'><strong>oleas</strong></span> <span class='ocrx_word' id='word_1_223' title='bbox 2204 1563 2370 1630; x_wconf 79' lang='lat' dir='ltr'><strong>excipi</strong></span> <span class='ocrx_word' id='word_1_224' title='bbox 2420 1561 2670 1623; x_wconf 86' lang='lat' dir='ltr'><strong>arbitror,</strong></span> <span class='ocrx_word' id='word_1_225' title='bbox 2712 1563 2894 1630; x_wconf 82' lang='lat' dir='ltr'><strong>quippe</strong></span> <span class='ocrx_word' id='word_1_226' title='bbox 2932 1562 3078 1614; x_wconf 77' lang='lat' dir='ltr'><strong>olivtc</strong></span> <span class='ocrx_word' id='word_1_227' title='bbox 3124 1570 3368 1629; x_wconf 86' lang='lat' dir='ltr'><strong>proventu</strong></span> <span class='ocrx_word' id='word_1_228' title='bbox 3395 1562 3511 1629; x_wconf 89' lang='lat' dir='ltr'><strong>plu-</strong></span> 
     </span>
    </p>
   </div>
   <div class='ocr_carea' id='block_1_32' title="bbox 1955 1650 3510 1723">
    <p class='ocr_par' dir='ltr' id='par_1_32' title="bbox 1955 1650 3510 1723">
     <span class='ocr_line' id='line_1_32' title="bbox 1955 1650 3510 1723; baseline -0.003 -16"><span class='ocrx_word' id='word_1_229' title='bbox 1955 1657 2086 1708; x_wconf 91' lang='lat' dir='ltr'><strong>rima</strong></span> <span class='ocrx_word' id='word_1_230' title='bbox 2118 1655 2364 1707; x_wconf 74' lang='lat' dir='ltr'><strong>exanima</strong></span> <span class='ocrx_word' id='word_1_231' title='bbox 2395 1654 2534 1723; x_wconf 86' lang='lat' dir='ltr'><strong>gigni</strong></span> <span class='ocrx_word' id='word_1_232' title='bbox 2564 1661 2758 1705; x_wconf 89' lang='lat' dir='ltr'><strong>certum</strong></span> <span class='ocrx_word' id='word_1_233' title='bbox 2784 1662 2879 1705; x_wconf 88' lang='lat' dir='ltr'><strong>est.</strong></span> <span class='ocrx_word' id='word_1_234' title='bbox 2924 1650 3203 1704; x_wconf 76' lang='lat' dir='ltr'><strong>Fructibus</strong></span> <span class='ocrx_word' id='word_1_235' title='bbox 3230 1651 3388 1704; x_wconf 84' lang='lat' dir='ltr'><strong>nullis</strong></span> <span class='ocrx_word' id='word_1_236' title='bbox 3419 1669 3510 1704; x_wconf 82' lang='lat' dir='ltr'><strong>no-</strong></span> 
     </span>
    </p>
   </div>
   <div class='ocr_carea' id='block_1_33' title="bbox 1954 1740 3507 1811">
    <p class='ocr_par' dir='ltr' id='par_1_33' title="bbox 1954 1740 3507 1811">
     <span class='ocr_line' id='line_1_33' title="bbox 1954 1740 3507 1811; baseline -0.003 -13"><span class='ocrx_word' id='word_1_237' title='bbox 1954 1755 2134 1798; x_wconf 86' lang='lat' dir='ltr'><strong>cetur:</strong></span> <span class='ocrx_word' id='word_1_238' title='bbox 2167 1743 2384 1797; x_wconf 84' lang='lat' dir='ltr'><strong>mortuis</strong></span> <span class='ocrx_word' id='word_1_239' title='bbox 2431 1759 2491 1796; x_wconf 90' lang='lat' dir='ltr'><strong>ne</strong></span> <span class='ocrx_word' id='word_1_240' title='bbox 2537 1742 2750 1811; x_wconf 82' lang='lat' dir='ltr'><strong>ﬂoribus</strong></span> <span class='ocrx_word' id='word_1_241' title='bbox 2781 1740 2984 1811; x_wconf 85' lang='lat' dir='ltr'><strong>quidem</strong></span> <span class='ocrx_word' id='word_1_242' title='bbox 3014 1758 3114 1794; x_wconf 89' lang='lat' dir='ltr'><strong>non</strong></span> <span class='ocrx_word' id='word_1_243' title='bbox 3149 1740 3296 1794; x_wconf 87' lang='lat' dir='ltr'><strong>modo</strong></span> <span class='ocrx_word' id='word_1_244' title='bbox 3326 1756 3507 1807; x_wconf 86' lang='lat' dir='ltr'><strong>corpo-</strong></span> 
     </span>
    </p>
   </div>
   <div class='ocr_carea' id='block_1_34' title="bbox 295 1804 3509 1908">
    <p class='ocr_par' dir='ltr' id='par_1_34' title="bbox 295 1804 3509 1908">
     <span class='ocr_line' id='line_1_34' title="bbox 295 1804 3509 1908; baseline 0.001 -28"><span class='ocrx_word' id='word_1_245' title='bbox 295 1825 452 1889; x_wconf 91' lang='lat' dir='ltr'><strong>dunt,</strong></span> <span class='ocrx_word' id='word_1_246' title='bbox 481 1834 536 1879; x_wconf 91' lang='lat' dir='ltr'><strong>ut</strong></span> <span class='ocrx_word' id='word_1_247' title='bbox 568 1843 633 1881; x_wconf 76' lang='lat' dir='ltr'><strong>ex</strong></span> <span class='ocrx_word' id='word_1_248' title='bbox 667 1844 828 1897; x_wconf 82' lang='lat' dir='ltr'><strong>supra</strong></span> <span class='ocrx_word' id='word_1_249' title='bbox 857 1829 1013 1883; x_wconf 89' lang='lat' dir='ltr'><strong>dictis</strong></span> <span class='ocrx_word' id='word_1_250' title='bbox 1045 1831 1356 1884; x_wconf 87' lang='lat' dir='ltr'><strong>auctoribus</strong></span> <span class='ocrx_word' id='word_1_251' title='bbox 1383 1804 1726 1886; x_wconf 78' lang='lat' dir='ltr'><strong>manifestum</strong></span> <span class='ocrx_word' id='word_1_252' title='bbox 1759 1850 1854 1904; x_wconf 87' lang='lat' dir='ltr'><strong>ap—</strong></span> <span class='ocrx_word' id='word_1_253' title='bbox 1886 1804 1925 1860; x_wconf 70' lang='grc' dir='ltr'><strong>Β</strong></span> <span class='ocrx_word' id='word_1_254' title='bbox 1957 1836 2098 1888; x_wconf 88' lang='lat' dir='ltr'><strong>ribus</strong></span> <span class='ocrx_word' id='word_1_255' title='bbox 2145 1834 2400 1888; x_wconf 85' lang='lat' dir='ltr'><strong>insidunt.</strong></span> <span class='ocrx_word' id='word_1_256' title='bbox 2453 1804 2555 1886; x_wconf 84' lang='lat' dir='ltr'><strong>Sed</strong></span> <span class='ocrx_word' id='word_1_257' title='bbox 2602 1804 2829 1895; x_wconf 76' lang='lat' dir='ltr'><strong>Plinius,</strong></span> <span class='ocrx_word' id='word_1_258' title='bbox 2861 1832 2912 1884; x_wconf 91' lang='lat' dir='ltr'><strong>in</strong></span> <span class='ocrx_word' id='word_1_259' title='bbox 2960 1831 3232 1885; x_wconf 89' lang='lat' dir='ltr'><strong>nonnullis</strong></span> <span class='ocrx_word' id='word_1_260' title='bbox 3265 1804 3509 1884; x_wconf 82' lang='lat' dir='ltr'><strong>animad-</strong></span> 
     </span>
    </p>
   </div>
   <div class='ocr_carea' id='block_1_35' title="bbox 293 1917 1851 1992">
    <p class='ocr_par' dir='ltr' id='par_1_35' title="bbox 293 1917 1851 1992">
     <span class='ocr_line' id='line_1_35' title="bbox 293 1917 1851 1992; baseline 0.006 -22"><span class='ocrx_word' id='word_1_261' title='bbox 293 1927 470 1987; x_wconf 87' lang='lat' dir='ltr'><strong>paret.</strong></span> <span class='ocrx_word' id='word_1_262' title='bbox 509 1917 658 1972; x_wconf 87' lang='lat' dir='ltr'><strong>llune</strong></span> <span class='ocrx_word' id='word_1_263' title='bbox 693 1935 852 1988; x_wconf 89' lang='lat' dir='ltr'><strong>porro</strong></span> <span class='ocrx_word' id='word_1_264' title='bbox 901 1922 1287 1992; x_wconf 80' lang='lat' dir='ltr'><strong>magnitudine,</strong></span> <span class='ocrx_word' id='word_1_265' title='bbox 1334 1922 1501 1992; x_wconf 83' lang='lat' dir='ltr'><strong>ﬁgura</strong></span> <span class='ocrx_word' id='word_1_266' title='bbox 1541 1940 1603 1978; x_wconf 90' lang='lat' dir='ltr'><strong>ac</strong></span> <span class='ocrx_word' id='word_1_267' title='bbox 1641 1941 1851 1980; x_wconf 90' lang='lat' dir='ltr'><strong>morum</strong></span> 
     </span>
    </p>
   </div>
   <div class='ocr_carea' id='block_1_36' title="bbox 295 2009 1851 2081">
    <p class='ocr_par' dir='ltr' id='par_1_36' title="bbox 295 2009 1851 2081">
     <span class='ocr_line' id='line_1_36' title="bbox 295 2009 1851 2081; baseline 0.006 -20"><span class='ocrx_word' id='word_1_268' title='bbox 295 2009 565 2063; x_wconf 80' lang='lat' dir='ltr'><strong>suavitate</strong></span> <span class='ocrx_word' id='word_1_269' title='bbox 605 2018 828 2066; x_wconf 61' lang='lat' dir='ltr'><strong>caeteras</strong></span> <span class='ocrx_word' id='word_1_270' title='bbox 854 2027 982 2081; x_wconf 86' lang='lat' dir='ltr'><strong>apes</strong></span> <span class='ocrx_word' id='word_1_271' title='bbox 1016 2013 1338 2068; x_wconf 86' lang='lat' dir='ltr'><strong>antecellere</strong></span> <span class='ocrx_word' id='word_1_272' title='bbox 1371 2023 1555 2068; x_wconf 86' lang='lat' dir='ltr'><strong>narrat</strong></span> <span class='ocrx_word' id='word_1_273' title='bbox 1585 2016 1851 2071; x_wconf 81' lang='lat' dir='ltr'><strong>Aristote-</strong></span> 
     </span>
    </p>
   </div>
   <div class='ocr_carea' id='block_1_37' title="bbox 293 2096 1848 2173">
    <p class='ocr_par' dir='ltr' id='par_1_37' title="bbox 293 2096 1848 2173">
     <span class='ocr_line' id='line_1_37' title="bbox 293 2096 1848 2173; baseline 0.008 -25"><span class='ocrx_word' id='word_1_274' title='bbox 293 2096 394 2159; x_wconf 85' lang='lat' dir='ltr'><strong>les,</strong></span> <span class='ocrx_word' id='word_1_275' title='bbox 427 2096 504 2150; x_wconf 89' lang='lat' dir='ltr'><strong>De</strong></span> <span class='ocrx_word' id='word_1_276' title='bbox 529 2109 758 2166; x_wconf 84' lang='lat' dir='ltr'><strong>generat.</strong></span> <span class='ocrx_word' id='word_1_277' title='bbox 790 2102 1032 2164; x_wconf 89' lang='lat' dir='ltr'><strong>animal.,</strong></span> <span class='ocrx_word' id='word_1_278' title='bbox 1066 2102 1159 2155; x_wconf 89' lang='lat' dir='ltr'><strong>lib.</strong></span> <span class='ocrx_word' id='word_1_279' title='bbox 1189 2117 1268 2164; x_wconf 85' lang='lat' dir='ltr'><strong>tu,</strong></span> <span class='ocrx_word' id='word_1_280' title='bbox 1299 2104 1462 2173; x_wconf 87' lang='lat' dir='ltr'><strong>capit.</strong></span> <span class='ocrx_word' id='word_1_281' title='bbox 1495 2105 1591 2170; x_wconf 72' lang='lat'><strong>10;</strong></span> <span class='ocrx_word' id='word_1_282' title='bbox 1625 2106 1848 2171; x_wconf 85' lang='lat' dir='ltr'><strong>Plinius,</strong></span> 
     </span>
    </p>
   </div>
   <div class='ocr_carea' id='block_1_38' title="bbox 293 2187 1848 2261">
    <p class='ocr_par' dir='ltr' id='par_1_38' title="bbox 293 2187 1848 2261">
     <span class='ocr_line' id='line_1_38' title="bbox 293 2187 1848 2261; baseline 0.008 -22"><span class='ocrx_word' id='word_1_283' title='bbox 293 2187 390 2242; x_wconf 87' lang='lat' dir='ltr'><strong>lib.</strong></span> <span class='ocrx_word' id='word_1_284' title='bbox 422 2205 494 2252; x_wconf 77' lang='grc' dir='ltr'><strong>ιι,</strong></span> <span class='ocrx_word' id='word_1_285' title='bbox 526 2191 688 2259; x_wconf 86' lang='lat' dir='ltr'><strong>capit.</strong></span> <span class='ocrx_word' id='word_1_286' title='bbox 722 2190 804 2251; x_wconf 86' lang='grc'><strong>16,</strong></span> <span class='ocrx_word' id='word_1_287' title='bbox 829 2190 982 2261; x_wconf 80' lang='lat' dir='ltr'><strong>Reges</strong></span> <span class='ocrx_word' id='word_1_288' title='bbox 1007 2193 1178 2260; x_wconf 89' lang='lat' dir='ltr'><strong>plures</strong></span> <span class='ocrx_word' id='word_1_289' title='bbox 1207 2193 1540 2260; x_wconf 78' lang='lat' dir='ltr'><strong>inchoantur,</strong></span> <span class='ocrx_word' id='word_1_290' title='bbox 1569 2213 1631 2250; x_wconf 91' lang='lat' dir='ltr'><strong>ne</strong></span> <span class='ocrx_word' id='word_1_291' title='bbox 1659 2197 1848 2251; x_wconf 84' lang='lat' dir='ltr'><strong>desint.</strong></span> 
     </span>
    </p>
   </div>
   <div class='ocr_carea' id='block_1_39' title="bbox 291 2275 1850 2353">
    <p class='ocr_par' dir='ltr' id='par_1_39' title="bbox 291 2275 1850 2353">
     <span class='ocr_line' id='line_1_39' title="bbox 291 2275 1850 2353; baseline 0.01 -24"><span class='ocrx_word' id='word_1_292' title='bbox 291 2275 490 2331; x_wconf 82' lang='lat' dir='ltr'><strong>Postea</strong></span> <span class='ocrx_word' id='word_1_293' title='bbox 515 2295 578 2332; x_wconf 78' lang='lat' dir='ltr'><strong>ea:</strong></span> <span class='ocrx_word' id='word_1_294' title='bbox 605 2280 683 2333; x_wconf 85' lang='lat' dir='ltr'><strong>his</strong></span> <span class='ocrx_word' id='word_1_295' title='bbox 707 2280 906 2335; x_wconf 81' lang='lat' dir='ltr'><strong>soboles</strong></span> <span class='ocrx_word' id='word_1_296' title='bbox 929 2299 1046 2336; x_wconf 87' lang='lat' dir='ltr'><strong>cum</strong></span> <span class='ocrx_word' id='word_1_297' title='bbox 1069 2283 1253 2338; x_wconf 90' lang='lat' dir='ltr'><strong>adulta</strong></span> <span class='ocrx_word' id='word_1_298' title='bbox 1277 2302 1388 2339; x_wconf 84' lang='lat' dir='ltr'><strong>esse</strong></span> <span class='ocrx_word' id='word_1_299' title='bbox 1416 2287 1587 2353; x_wconf 64' lang='lat' dir='ltr'><strong>ca’pit,</strong></span> <span class='ocrx_word' id='word_1_300' title='bbox 1608 2290 1850 2344; x_wconf 82' lang='lat' dir='ltr'><strong>concordi</strong></span> 
     </span>
    </p>
   </div>
   <div class='ocr_carea' id='block_1_40' title="bbox 288 2369 1846 2449">
    <p class='ocr_par' dir='ltr' id='par_1_40' title="bbox 288 2369 1846 2449">
     <span class='ocr_line' id='line_1_40' title="bbox 288 2369 1846 2449; baseline 0.009 -27"><span class='ocrx_word' id='word_1_301' title='bbox 288 2369 549 2438; x_wconf 71' lang='lat' dir='ltr'><strong>suﬁ&#39;ragio</strong></span> <span class='ocrx_word' id='word_1_302' title='bbox 579 2370 884 2427; x_wconf 86' lang='lat' dir='ltr'><strong>deterrimos</strong></span> <span class='ocrx_word' id='word_1_303' title='bbox 929 2384 1137 2439; x_wconf 89' lang='lat' dir='ltr'><strong>necant,</strong></span> <span class='ocrx_word' id='word_1_304' title='bbox 1177 2392 1239 2428; x_wconf 88' lang='lat' dir='ltr'><strong>ne</strong></span> <span class='ocrx_word' id='word_1_305' title='bbox 1287 2375 1585 2430; x_wconf 81' lang='lat' dir='ltr'><strong>distrahant</strong></span> <span class='ocrx_word' id='word_1_306' title='bbox 1618 2382 1846 2449; x_wconf 86' lang='lat' dir='ltr'><strong>agmina.</strong></span> 
     </span>
    </p>
   </div>
   <div class='ocr_carea' id='block_1_41' title="bbox 290 2459 1854 2542">
    <p class='ocr_par' dir='ltr' id='par_1_41' title="bbox 290 2459 1854 2542">
     <span class='ocr_line' id='line_1_41' title="bbox 290 2459 1854 2542; baseline 0.008 -28"><span class='ocrx_word' id='word_1_307' title='bbox 290 2459 412 2515; x_wconf 85' lang='lat' dir='ltr'><strong>Duo</strong></span> <span class='ocrx_word' id='word_1_308' title='bbox 442 2474 612 2516; x_wconf 86' lang='lat' dir='ltr'><strong>autem</strong></span> <span class='ocrx_word' id='word_1_309' title='bbox 646 2480 833 2534; x_wconf 87' lang='lat' dir='ltr'><strong>genera</strong></span> <span class='ocrx_word' id='word_1_310' title='bbox 865 2482 1064 2530; x_wconf 88' lang='lat' dir='ltr'><strong>eorum,</strong></span> <span class='ocrx_word' id='word_1_311' title='bbox 1108 2467 1292 2520; x_wconf 78' lang='lat' dir='ltr'><strong>melior</strong></span> <span class='ocrx_word' id='word_1_312' title='bbox 1329 2468 1476 2536; x_wconf 75' lang='lat' dir='ltr'><strong>rufus</strong></span> <span class='ocrx_word' id='word_1_313' title='bbox 1523 2486 1677 2538; x_wconf 89' lang='lat' dir='ltr'><strong>quam</strong></span> <span class='ocrx_word' id='word_1_314' title='bbox 1709 2474 1854 2542; x_wconf 86' lang='lat' dir='ltr'><strong>niger</strong></span> 
     </span>
    </p>
   </div>
   <div class='ocr_carea' id='block_1_42' title="bbox 289 2553 1850 2630">
    <p class='ocr_par' dir='ltr' id='par_1_42' title="bbox 289 2553 1850 2630">
     <span class='ocr_line' id='line_1_42' title="bbox 289 2553 1850 2630; baseline 0.007 -26"><span class='ocrx_word' id='word_1_315' title='bbox 289 2553 584 2622; x_wconf 69' lang='lat' dir='ltr'><strong>variusque.</strong></span> <span class='ocrx_word' id='word_1_316' title='bbox 615 2553 866 2608; x_wconf 87' lang='lat' dir='ltr'><strong>Omnibus</strong></span> <span class='ocrx_word' id='word_1_317' title='bbox 899 2556 1070 2626; x_wconf 80' lang='lat' dir='ltr'><strong>forma</strong></span> <span class='ocrx_word' id='word_1_318' title='bbox 1125 2572 1324 2624; x_wconf 91' lang='lat' dir='ltr'><strong>semper</strong></span> <span class='ocrx_word' id='word_1_319' title='bbox 1353 2559 1579 2628; x_wconf 89' lang='lat' dir='ltr'><strong>egregia,</strong></span> <span class='ocrx_word' id='word_1_320' title='bbox 1610 2570 1659 2613; x_wconf 88' lang='lat' dir='ltr'><strong>et</strong></span> <span class='ocrx_word' id='word_1_321' title='bbox 1692 2561 1850 2630; x_wconf 86' lang='lat' dir='ltr'><strong>duplo</strong></span> 
     </span>
    </p>
   </div>
   <div class='ocr_carea' id='block_1_43' title="bbox 287 2647 1847 2718">
    <p class='ocr_par' dir='ltr' id='par_1_43' title="bbox 287 2647 1847 2718">
     <span class='ocr_line' id='line_1_43' title="bbox 287 2647 1847 2718; baseline 0.008 -22"><span class='ocrx_word' id='word_1_322' title='bbox 287 2661 447 2714; x_wconf 89' lang='lat' dir='ltr'><strong>quam</strong></span> <span class='ocrx_word' id='word_1_323' title='bbox 483 2647 685 2700; x_wconf 69' lang='lat' dir='ltr'><strong>caneris</strong></span> <span class='ocrx_word' id='word_1_324' title='bbox 726 2647 919 2715; x_wconf 81' lang='lat' dir='ltr'><strong>major,</strong></span> <span class='ocrx_word' id='word_1_325' title='bbox 967 2663 1146 2717; x_wconf 78' lang='lat' dir='ltr'><strong>penntc</strong></span> <span class='ocrx_word' id='word_1_326' title='bbox 1179 2647 1454 2712; x_wconf 77' lang='lat' dir='ltr'><strong>breviores,</strong></span> <span class='ocrx_word' id='word_1_327' title='bbox 1493 2668 1650 2706; x_wconf 80' lang='lat' dir='ltr'><strong>crura</strong></span> <span class='ocrx_word' id='word_1_328' title='bbox 1685 2665 1847 2718; x_wconf 88' lang='lat' dir='ltr'><strong>recta,</strong></span> 
     </span>
    </p>
   </div>
   <div class='ocr_carea' id='block_1_44' title="bbox 288 2735 1848 2813">
    <p class='ocr_par' dir='ltr' id='par_1_44' title="bbox 288 2735 1848 2813">
     <span class='ocr_line' id='line_1_44' title="bbox 288 2735 1848 2813; baseline 0.008 -27"><span class='ocrx_word' id='word_1_329' title='bbox 288 2735 554 2803; x_wconf 86' lang='lat' dir='ltr'><strong>ingressus</strong></span> <span class='ocrx_word' id='word_1_330' title='bbox 588 2737 796 2801; x_wconf 80' lang='lat' dir='ltr'><strong>celsior,</strong></span> <span class='ocrx_word' id='word_1_331' title='bbox 835 2738 888 2790; x_wconf 89' lang='lat' dir='ltr'><strong>in</strong></span> <span class='ocrx_word' id='word_1_332' title='bbox 929 2739 1104 2806; x_wconf 79' lang='lat' dir='ltr'><strong>fronte</strong></span> <span class='ocrx_word' id='word_1_333' title='bbox 1151 2745 1359 2798; x_wconf 88' lang='lat' dir='ltr'><strong>macula</strong></span> <span class='ocrx_word' id='word_1_334' title='bbox 1403 2744 1628 2813; x_wconf 86' lang='lat' dir='ltr'><strong>quodam</strong></span> <span class='ocrx_word' id='word_1_335' title='bbox 1665 2745 1848 2799; x_wconf 86' lang='lat' dir='ltr'><strong>diade-</strong></span> 
     </span>
    </p>
   </div>
   <div class='ocr_carea' id='block_1_45' title="bbox 289 2826 1848 2904">
    <p class='ocr_par' dir='ltr' id='par_1_45' title="bbox 289 2826 1848 2904">
     <span class='ocr_line' id='line_1_45' title="bbox 289 2826 1848 2904; baseline 0.008 -28"><span class='ocrx_word' id='word_1_336' title='bbox 289 2835 430 2878; x_wconf 86' lang='lat' dir='ltr'><strong>mate</strong></span> <span class='ocrx_word' id='word_1_337' title='bbox 476 2826 782 2885; x_wconf 88' lang='lat' dir='ltr'><strong>candicans.</strong></span> <span class='ocrx_word' id='word_1_338' title='bbox 827 2827 990 2882; x_wconf 91' lang='lat' dir='ltr'><strong>multo</strong></span> <span class='ocrx_word' id='word_1_339' title='bbox 1047 2831 1203 2884; x_wconf 88' lang='lat' dir='ltr'><strong>etiam</strong></span> <span class='ocrx_word' id='word_1_340' title='bbox 1242 2834 1408 2887; x_wconf 88' lang='lat' dir='ltr'><strong>nitore</strong></span> <span class='ocrx_word' id='word_1_341' title='bbox 1450 2852 1480 2886; x_wconf 87' lang='lat' dir='ltr'><strong>a</strong></span> <span class='ocrx_word' id='word_1_342' title='bbox 1516 2835 1664 2903; x_wconf 86' lang='lat' dir='ltr'><strong>vulgo</strong></span> <span class='ocrx_word' id='word_1_343' title='bbox 1695 2835 1848 2904; x_wconf 78' lang='lat' dir='ltr'><strong>diffe-</strong></span> 
     </span>
    </p>
   </div>
   <div class='ocr_carea' id='block_1_46' title="bbox 289 2915 1850 2995">
    <p class='ocr_par' dir='ltr' id='par_1_46' title="bbox 289 2915 1850 2995">
     <span class='ocr_line' id='line_1_46' title="bbox 289 2915 1850 2995; baseline 0.006 -26"><span class='ocrx_word' id='word_1_344' title='bbox 289 2926 434 2970; x_wconf 89' lang='lat' dir='ltr'><strong>runt.</strong></span> <span class='ocrx_word' id='word_1_345' title='bbox 468 2915 603 2971; x_wconf 78' lang='lat' dir='ltr'><strong>Vide</strong></span> <span class='ocrx_word' id='word_1_346' title='bbox 633 2916 932 2982; x_wconf 69' lang='lat' dir='ltr'><strong>Aillianum,</strong></span> <span class='ocrx_word' id='word_1_347' title='bbox 965 2919 1058 2974; x_wconf 91' lang='lat' dir='ltr'><strong>lib.</strong></span> <span class='ocrx_word' id='word_1_348' title='bbox 1095 2938 1147 2985; x_wconf 91' lang='lat' dir='ltr'><strong>v,</strong></span> <span class='ocrx_word' id='word_1_349' title='bbox 1177 2937 1297 2991; x_wconf 88' lang='lat' dir='ltr'><strong>cap.</strong></span> <span class='ocrx_word' id='word_1_350' title='bbox 1326 2925 1392 2980; x_wconf 90' lang='grc'><strong>10</strong></span> <span class='ocrx_word' id='word_1_351' title='bbox 1424 2933 1478 2979; x_wconf 90' lang='lat' dir='ltr'><strong>et</strong></span> <span class='ocrx_word' id='word_1_352' title='bbox 1510 2925 1567 2979; x_wconf 92' lang='grc'><strong>11</strong></span> <span class='ocrx_word' id='word_1_353' title='bbox 1595 2943 1608 2991; x_wconf 91' lang='grc'><strong>;</strong></span> <span class='ocrx_word' id='word_1_354' title='bbox 1653 2924 1850 2995; x_wconf 83' lang='lat' dir='ltr'><strong>Geapo-</strong></span> 
     </span>
    </p>
   </div>
   <div class='ocr_carea' id='block_1_47' title="bbox 289 3009 988 3068">
    <p class='ocr_par' dir='ltr' id='par_1_47' title="bbox 289 3009 988 3068">
     <span class='ocr_line' id='line_1_47' title="bbox 289 3009 988 3068; baseline 0.01 -8"><span class='ocrx_word' id='word_1_355' title='bbox 289 3009 444 3061; x_wconf 87' lang='lat' dir='ltr'><strong>nicon</strong></span> <span class='ocrx_word' id='word_1_356' title='bbox 475 3009 710 3068; x_wconf 87' lang='lat' dir='ltr'><strong>collect..</strong></span> <span class='ocrx_word' id='word_1_357' title='bbox 750 3020 802 3064; x_wconf 91' lang='lat' dir='ltr'><strong>et</strong></span> <span class='ocrx_word' id='word_1_358' title='bbox 833 3011 988 3067; x_wconf 89' lang='lat' dir='ltr'><strong>alios.</strong></span> 
     </span>
    </p>
   </div>
   <div class='ocr_carea' id='block_1_48' title="bbox 357 3097 1919 3198">
    <p class='ocr_par' dir='ltr' id='par_1_48' title="bbox 357 3097 1919 3198">
     <span class='ocr_line' id='line_1_48' title="bbox 357 3097 1919 3198; baseline 0.007 -46"><span class='ocrx_word' id='word_1_359' title='bbox 357 3097 620 3198; x_wconf 32' lang='lat' dir='ltr'><strong>ibidilin.</strong></span> <span class='ocrx_word' id='word_1_360' title='bbox 662 3100 750 3156; x_wconf 74' lang='grc'><strong>52.</strong></span> <span class='ocrx_word' id='word_1_361' title='bbox 788 3101 952 3155; x_wconf 84' lang='grc' dir='ltr'><strong>Ἔστι</strong></span> <span class='ocrx_word' id='word_1_362' title='bbox 994 3103 1110 3172; x_wconf 82' lang='grc' dir='ltr'><strong>μὲν</strong></span> <span class='ocrx_word' id='word_1_363' title='bbox 1146 3105 1256 3173; x_wconf 78' lang='grc' dir='ltr'><strong>γὰρ</strong></span> <span class='ocrx_word' id='word_1_364' title='bbox 1300 3105 1567 3173; x_wconf 76' lang='grc' dir='ltr'><strong>κέντρον.</strong></span> <span class='ocrx_word' id='word_1_365' title='bbox 1607 3107 1665 3161; x_wconf 86' lang='lat' dir='ltr'><strong>ld</strong></span> <span class='ocrx_word' id='word_1_366' title='bbox 1705 3107 1844 3198; x_wconf 82' lang='lat' dir='ltr'><strong>idem</strong></span> <span class='ocrx_word' id='word_1_367' title='bbox 1874 3137 1919 3198; x_wconf 78' lang='lat' dir='ltr'>c</span> 
     </span>
    </p>
   </div>
   <div class='ocr_carea' id='block_1_49' title="bbox 285 3188 1846 3266">
    <p class='ocr_par' dir='ltr' id='par_1_49' title="bbox 285 3188 1846 3266">
     <span class='ocr_line' id='line_1_49' title="bbox 285 3188 1846 3266; baseline 0.006 -22"><span class='ocrx_word' id='word_1_368' title='bbox 285 3189 451 3246; x_wconf 85' lang='lat' dir='ltr'><strong>habet</strong></span> <span class='ocrx_word' id='word_1_369' title='bbox 481 3191 816 3254; x_wconf 84' lang='lat' dir='ltr'><strong>Aristoteles,</strong></span> <span class='ocrx_word' id='word_1_370' title='bbox 867 3193 942 3247; x_wconf 87' lang='lat' dir='ltr'><strong>De</strong></span> <span class='ocrx_word' id='word_1_371' title='bbox 971 3193 1154 3248; x_wconf 81' lang='lat' dir='ltr'><strong>histor.</strong></span> <span class='ocrx_word' id='word_1_372' title='bbox 1189 3197 1376 3261; x_wconf 88' lang='lat' dir='ltr'><strong>anim.,</strong></span> <span class='ocrx_word' id='word_1_373' title='bbox 1419 3212 1540 3266; x_wconf 88' lang='lat' dir='ltr'><strong>cap.</strong></span> <span class='ocrx_word' id='word_1_374' title='bbox 1588 3199 1677 3262; x_wconf 69' lang='lat'><strong>2|,</strong></span> <span class='ocrx_word' id='word_1_375' title='bbox 1709 3188 1846 3253; x_wconf 56' lang='lat' dir='ltr'><strong>Acul</strong></span> 
     </span>
    </p>
   </div>
   <div class='ocr_carea' id='block_1_50' title="bbox 279 3281 1847 3362">
    <p class='ocr_par' dir='ltr' id='par_1_50' title="bbox 279 3281 1847 3362">
     <span class='ocr_line' id='line_1_50' title="bbox 279 3281 1847 3362; baseline 0.008 -29"><span class='ocrx_word' id='word_1_376' title='bbox 279 3281 424 3334; x_wconf 80' lang='lat' dir='ltr'><strong>leuat</strong></span> <span class='ocrx_word' id='word_1_377' title='bbox 464 3297 582 3350; x_wconf 89' lang='lat' dir='ltr'><strong>apes</strong></span> <span class='ocrx_word' id='word_1_378' title='bbox 609 3282 895 3350; x_wconf 88' lang='lat' dir='ltr'><strong>possident,</strong></span> <span class='ocrx_word' id='word_1_379' title='bbox 932 3285 1039 3354; x_wconf 82' lang='lat' dir='ltr'><strong>fuci</strong></span> <span class='ocrx_word' id='word_1_380' title='bbox 1083 3303 1143 3340; x_wconf 78' lang='lat' dir='ltr'><strong>eo</strong></span> <span class='ocrx_word' id='word_1_381' title='bbox 1166 3297 1364 3351; x_wconf 90' lang='lat' dir='ltr'><strong>carent,</strong></span> <span class='ocrx_word' id='word_1_382' title='bbox 1403 3305 1544 3357; x_wconf 90' lang='lat' dir='ltr'><strong>reges</strong></span> <span class='ocrx_word' id='word_1_383' title='bbox 1596 3292 1847 3362; x_wconf 82' lang='lat' dir='ltr'><strong>ducesque</strong></span> 
     </span>
    </p>
   </div>
   <div class='ocr_carea' id='block_1_51' title="bbox 278 3372 1844 3448">
    <p class='ocr_par' dir='ltr' id='par_1_51' title="bbox 278 3372 1844 3448">
     <span class='ocr_line' id='line_1_51' title="bbox 278 3372 1844 3448; baseline 0.008 -23"><span class='ocrx_word' id='word_1_384' title='bbox 278 3372 495 3437; x_wconf 83' lang='lat' dir='ltr'><strong>habent,</strong></span> <span class='ocrx_word' id='word_1_385' title='bbox 528 3374 617 3428; x_wconf 88' lang='lat' dir='ltr'><strong>sed</strong></span> <span class='ocrx_word' id='word_1_386' title='bbox 651 3393 754 3429; x_wconf 90' lang='lat' dir='ltr'><strong>non</strong></span> <span class='ocrx_word' id='word_1_387' title='bbox 790 3385 1052 3441; x_wconf 87' lang='lat' dir='ltr'><strong>utuntur;</strong></span> <span class='ocrx_word' id='word_1_388' title='bbox 1082 3381 1323 3448; x_wconf 87' lang='lat' dir='ltr'><strong>quocirca</strong></span> <span class='ocrx_word' id='word_1_389' title='bbox 1349 3397 1433 3434; x_wconf 88' lang='lat' dir='ltr'><strong>eos</strong></span> <span class='ocrx_word' id='word_1_390' title='bbox 1463 3398 1643 3436; x_wconf 87' lang='lat' dir='ltr'><strong>carere</strong></span> <span class='ocrx_word' id='word_1_391' title='bbox 1668 3385 1844 3438; x_wconf 87' lang='lat' dir='ltr'><strong>aculeo</strong></span> 
     </span>
    </p>
   </div>
   <div class='ocr_carea' id='block_1_52' title="bbox 279 3465 1843 3539">
    <p class='ocr_par' dir='ltr' id='par_1_52' title="bbox 279 3465 1843 3539">
     <span class='ocr_line' id='line_1_52' title="bbox 279 3465 1843 3539; baseline 0.007 -21"><span class='ocrx_word' id='word_1_392' title='bbox 279 3465 527 3518; x_wconf 86' lang='lat' dir='ltr'><strong>nonnulli</strong></span> <span class='ocrx_word' id='word_1_393' title='bbox 571 3466 892 3519; x_wconf 76' lang='lat' dir='ltr'><strong>existimant.</strong></span> <span class='ocrx_word' id='word_1_394' title='bbox 923 3467 1194 3533; x_wconf 64' lang='lat' dir='ltr'><strong>lElianus,</strong></span> <span class='ocrx_word' id='word_1_395' title='bbox 1232 3470 1308 3523; x_wconf 91' lang='lat' dir='ltr'><strong>De</strong></span> <span class='ocrx_word' id='word_1_396' title='bbox 1354 3471 1542 3524; x_wconf 86' lang='lat' dir='ltr'><strong>histor.</strong></span> <span class='ocrx_word' id='word_1_397' title='bbox 1600 3475 1843 3539; x_wconf 89' lang='lat' dir='ltr'><strong>animal.,</strong></span> 
     </span>
    </p>
   </div>
   <div class='ocr_carea' id='block_1_53' title="bbox 279 3555 1844 3636">
    <p class='ocr_par' dir='ltr' id='par_1_53' title="bbox 279 3555 1844 3636">
     <span class='ocr_line' id='line_1_53' title="bbox 279 3555 1844 3636; baseline 0.008 -28"><span class='ocrx_word' id='word_1_398' title='bbox 279 3556 383 3610; x_wconf 85' lang='lat' dir='ltr'><strong>lib.</strong></span> <span class='ocrx_word' id='word_1_399' title='bbox 422 3572 459 3619; x_wconf 86' lang='grc' dir='ltr'><strong>ι,</strong></span> <span class='ocrx_word' id='word_1_400' title='bbox 487 3571 606 3626; x_wconf 89' lang='lat' dir='ltr'><strong>cap.</strong></span> <span class='ocrx_word' id='word_1_401' title='bbox 643 3555 732 3618; x_wconf 88' lang='lat'><strong>60,</strong></span> <span class='ocrx_word' id='word_1_402' title='bbox 765 3559 924 3625; x_wconf 79' lang='grc' dir='ltr'><strong>Λέγει</strong></span> <span class='ocrx_word' id='word_1_403' title='bbox 962 3560 1058 3628; x_wconf 86' lang='grc' dir='ltr'><strong>μέν</strong></span> <span class='ocrx_word' id='word_1_404' title='bbox 1087 3577 1168 3623; x_wconf 83' lang='grc' dir='ltr'><strong>τις</strong></span> <span class='ocrx_word' id='word_1_405' title='bbox 1206 3559 1360 3629; x_wconf 83' lang='grc' dir='ltr'><strong>λόγος</strong></span> <span class='ocrx_word' id='word_1_406' title='bbox 1392 3565 1680 3636; x_wconf 78' lang='grc' dir='ltr'><strong>ἀκέντρους</strong></span> <span class='ocrx_word' id='word_1_407' title='bbox 1711 3562 1844 3620; x_wconf 81' lang='grc' dir='ltr'><strong>εἶναι</strong></span> 
     </span>
    </p>
   </div>
   <div class='ocr_carea' id='block_1_54' title="bbox 275 3644 1843 3724">
    <p class='ocr_par' dir='ltr' id='par_1_54' title="bbox 275 3644 1843 3724">
     <span class='ocr_line' id='line_1_54' title="bbox 275 3644 1843 3724; baseline 0.008 -28"><span class='ocrx_word' id='word_1_408' title='bbox 275 3647 410 3708; x_wconf 80' lang='grc' dir='ltr'>τοὺς</span> <span class='ocrx_word' id='word_1_409' title='bbox 438 3644 640 3698; x_wconf 78' lang='grc' dir='ltr'><strong>τούτων</strong></span> <span class='ocrx_word' id='word_1_410' title='bbox 675 3646 944 3717; x_wconf 63' lang='grc' dir='ltr'><strong>βασιλέας</strong></span> <span class='ocrx_word' id='word_1_411' title='bbox 979 3649 1124 3717; x_wconf 78' lang='grc' dir='ltr'><strong>λέγει</strong></span> <span class='ocrx_word' id='word_1_412' title='bbox 1155 3650 1212 3703; x_wconf 87' lang='grc' dir='ltr'>δὲ</span> <span class='ocrx_word' id='word_1_413' title='bbox 1237 3652 1328 3704; x_wconf 84' lang='grc' dir='ltr'>καὶ</span> <span class='ocrx_word' id='word_1_414' title='bbox 1360 3652 1543 3724; x_wconf 73' lang='grc' dir='ltr'>ἔτερος</span> <span class='ocrx_word' id='word_1_415' title='bbox 1576 3656 1668 3708; x_wconf 73' lang='grc' dir='ltr'><strong>καὶ</strong></span> <span class='ocrx_word' id='word_1_416' title='bbox 1705 3657 1843 3709; x_wconf 79' lang='grc' dir='ltr'>πάνυ</span> 
     </span>
    </p>
   </div>
   <div class='ocr_carea' id='block_1_55' title="bbox 275 3737 1844 3812">
    <p class='ocr_par' dir='ltr' id='par_1_55' title="bbox 275 3737 1844 3812">
     <span class='ocr_line' id='line_1_55' title="bbox 275 3737 1844 3812; baseline 0.009 -24"><span class='ocrx_word' id='word_1_417' title='bbox 275 3737 569 3808; x_wconf 72' lang='grc' dir='ltr'><strong>ὲρῤωμὲνα</strong></span> <span class='ocrx_word' id='word_1_418' title='bbox 613 3739 678 3791; x_wconf 79' lang='grc' dir='ltr'><strong>τὰ</strong></span> <span class='ocrx_word' id='word_1_419' title='bbox 727 3740 925 3810; x_wconf 79' lang='grc' dir='ltr'><strong>κέντρα</strong></span> <span class='ocrx_word' id='word_1_420' title='bbox 958 3745 1365 3812; x_wconf 78' lang='grc' dir='ltr'><strong>συμπεφυκέναι</strong></span> <span class='ocrx_word' id='word_1_421' title='bbox 1404 3748 1604 3810; x_wconf 81' lang='grc' dir='ltr'><strong>αὐτοῖς,</strong></span> <span class='ocrx_word' id='word_1_422' title='bbox 1633 3751 1724 3802; x_wconf 71' lang='grc' dir='ltr'><strong>καὶ</strong></span> <span class='ocrx_word' id='word_1_423' title='bbox 1761 3766 1844 3802; x_wconf 82' lang='grc' dir='ltr'><strong>τε·</strong></span> 
     </span>
    </p>
   </div>
   <div class='ocr_carea' id='block_1_56' title="bbox 277 3829 1842 3913">
    <p class='ocr_par' dir='ltr' id='par_1_56' title="bbox 277 3829 1842 3913">
     <span class='ocr_line' id='line_1_56' title="bbox 277 3829 1842 3913; baseline 0.01 -33"><span class='ocrx_word' id='word_1_424' title='bbox 277 3829 530 3899; x_wconf 77' lang='grc' dir='ltr'><strong>θηγμένα</strong></span> <span class='ocrx_word' id='word_1_425' title='bbox 559 3831 924 3901; x_wconf 74' lang='grc' dir='ltr'><strong>ἀνδρειότατα.</strong></span> <span class='ocrx_word' id='word_1_426' title='bbox 950 3833 1083 3887; x_wconf 80' lang='grc' dir='ltr'><strong>Οῠτε</strong></span> <span class='ocrx_word' id='word_1_427' title='bbox 1105 3835 1159 3888; x_wconf 87' lang='grc' dir='ltr'>δὲ</span> <span class='ocrx_word' id='word_1_428' title='bbox 1181 3839 1266 3889; x_wconf 75' lang='grc' dir='ltr'><strong>ἐπ’</strong></span> <span class='ocrx_word' id='word_1_429' title='bbox 1286 3839 1438 3910; x_wconf 84' lang='grc' dir='ltr'><strong>ἀνδρὶ</strong></span> <span class='ocrx_word' id='word_1_430' title='bbox 1463 3858 1588 3894; x_wconf 86' lang='grc' dir='ltr'>ποτε</span> <span class='ocrx_word' id='word_1_431' title='bbox 1615 3843 1842 3913; x_wconf 83' lang='grc' dir='ltr'><strong>χρῆσθαι</strong></span> 
     </span>
    </p>
   </div>
   <div class='ocr_carea' id='block_1_57' title="bbox 275 3921 1845 3997">
    <p class='ocr_par' dir='ltr' id='par_1_57' title="bbox 275 3921 1845 3997">
     <span class='ocr_line' id='line_1_57' title="bbox 275 3921 1845 3997; baseline 0.009 -24"><span class='ocrx_word' id='word_1_432' title='bbox 275 3922 464 3985; x_wconf 71' lang='grc' dir='ltr'>αὐτοῖς</span> <span class='ocrx_word' id='word_1_433' title='bbox 509 3921 629 3975; x_wconf 74' lang='grc' dir='ltr'>οὔτε</span> <span class='ocrx_word' id='word_1_434' title='bbox 680 3925 771 3976; x_wconf 78' lang='grc' dir='ltr'><strong>ἐπὶ</strong></span> <span class='ocrx_word' id='word_1_435' title='bbox 814 3929 937 3989; x_wconf 82' lang='grc' dir='ltr'><strong>ταῖς</strong></span> <span class='ocrx_word' id='word_1_436' title='bbox 979 3927 1270 3997; x_wconf 76' lang='grc' dir='ltr'><strong>μελίτταιςο</strong></span> <span class='ocrx_word' id='word_1_437' title='bbox 1326 3931 1460 3984; x_wconf 77' lang='grc' dir='ltr'><strong>ἀλλὰ</strong></span> <span class='ocrx_word' id='word_1_438' title='bbox 1499 3933 1590 3985; x_wconf 64' lang='grc' dir='ltr'>καὶ</span> <span class='ocrx_word' id='word_1_439' title='bbox 1644 3935 1845 3987; x_wconf 82' lang='grc' dir='ltr'>ὑποπε-</span> 
     </span>
    </p>
   </div>
   <div class='ocr_carea' id='block_1_58' title="bbox 276 4011 1845 4096">
    <p class='ocr_par' dir='ltr' id='par_1_58' title="bbox 276 4011 1845 4096">
     <span class='ocr_line' id='line_1_58' title="bbox 276 4011 1845 4096; baseline 0.01 -32"><span class='ocrx_word' id='word_1_440' title='bbox 276 4011 516 4066; x_wconf 80' lang='grc' dir='ltr'><strong>πλάσθαι</strong></span> <span class='ocrx_word' id='word_1_441' title='bbox 549 4014 708 4082; x_wconf 72' lang='grc' dir='ltr'>φόϐον</span> <span class='ocrx_word' id='word_1_442' title='bbox 747 4015 936 4080; x_wconf 84' lang='grc' dir='ltr'><strong>ἄλλως.</strong></span> <span class='ocrx_word' id='word_1_443' title='bbox 974 4019 1063 4089; x_wconf 83' lang='grc' dir='ltr'><strong>Μὴ</strong></span> <span class='ocrx_word' id='word_1_444' title='bbox 1116 4021 1224 4090; x_wconf 79' lang='grc' dir='ltr'><strong>γὰρ</strong></span> <span class='ocrx_word' id='word_1_445' title='bbox 1255 4020 1409 4091; x_wconf 80' lang='grc' dir='ltr'><strong>θέμιν</strong></span> <span class='ocrx_word' id='word_1_446' title='bbox 1431 4018 1568 4076; x_wconf 81' lang='grc' dir='ltr'><strong>εἶναι</strong></span> <span class='ocrx_word' id='word_1_447' title='bbox 1615 4024 1702 4077; x_wconf 81' lang='grc' dir='ltr'><strong>τὸν</strong></span> <span class='ocrx_word' id='word_1_448' title='bbox 1749 4027 1845 4096; x_wconf 84' lang='grc' dir='ltr'><strong>ἆρ-</strong></span> 
     </span>
    </p>
   </div>
   <div class='ocr_carea' id='block_1_59' title="bbox 273 4107 1838 4186">
    <p class='ocr_par' dir='ltr' id='par_1_59' title="bbox 273 4107 1838 4186">
     <span class='ocr_line' id='line_1_59' title="bbox 273 4107 1838 4186; baseline 0.009 -29"><span class='ocrx_word' id='word_1_449' title='bbox 273 4123 442 4176; x_wconf 86' lang='grc' dir='ltr'>χοντα</span> <span class='ocrx_word' id='word_1_450' title='bbox 485 4107 579 4160; x_wconf 76' lang='grc' dir='ltr'><strong>καὶ</strong></span> <span class='ocrx_word' id='word_1_451' title='bbox 620 4107 712 4159; x_wconf 84' lang='grc' dir='ltr'><strong>τὸν</strong></span> <span class='ocrx_word' id='word_1_452' title='bbox 747 4109 994 4164; x_wconf 78' lang='grc' dir='ltr'><strong>τοσοῦτον</strong></span> <span class='ocrx_word' id='word_1_453' title='bbox 1041 4111 1229 4182; x_wconf 69' lang='grc' dir='ltr'>ἔφορον</span> <span class='ocrx_word' id='word_1_454' title='bbox 1272 4115 1438 4167; x_wconf 82' lang='grc' dir='ltr'>κακὸν</span> <span class='ocrx_word' id='word_1_455' title='bbox 1485 4116 1838 4186; x_wconf 78' lang='grc' dir='ltr'><strong>ἐργάσασθαι.</strong></span> 
     </span>
    </p>
   </div>
   <div class='ocr_carea' id='block_1_60' title="bbox 274 4195 1833 4268">
    <p class='ocr_par' dir='ltr' id='par_1_60' title="bbox 274 4195 1833 4268">
     <span class='ocr_line' id='line_1_60' title="bbox 274 4195 1833 4268; baseline 0.01 -21"><span class='ocrx_word' id='word_1_456' title='bbox 274 4195 410 4260; x_wconf 66' lang='lat' dir='ltr'><strong>Quae</strong></span> <span class='ocrx_word' id='word_1_457' title='bbox 449 4212 556 4250; x_wconf 89' lang='lat' dir='ltr'><strong>non</strong></span> <span class='ocrx_word' id='word_1_458' title='bbox 593 4198 795 4268; x_wconf 81' lang='lat' dir='ltr'><strong>integre</strong></span> <span class='ocrx_word' id='word_1_459' title='bbox 833 4201 926 4254; x_wconf 90' lang='lat' dir='ltr'><strong>sed</strong></span> <span class='ocrx_word' id='word_1_460' title='bbox 959 4203 1146 4255; x_wconf 84' lang='lat' dir='ltr'><strong>mutile</strong></span> <span class='ocrx_word' id='word_1_461' title='bbox 1176 4204 1385 4259; x_wconf 90' lang='lat' dir='ltr'><strong>reddita</strong></span> <span class='ocrx_word' id='word_1_462' title='bbox 1419 4215 1546 4262; x_wconf 93' lang='lat' dir='ltr'><strong>sunt</strong></span> <span class='ocrx_word' id='word_1_463' title='bbox 1577 4209 1643 4262; x_wconf 91' lang='lat' dir='ltr'><strong>ab</strong></span> <span class='ocrx_word' id='word_1_464' title='bbox 1675 4210 1833 4262; x_wconf 82' lang='lat' dir='ltr'><strong>inter-</strong></span> 
     </span>
    </p>
   </div>
   <div class='ocr_carea' id='block_1_61' title="bbox 273 4284 1840 4368">
    <p class='ocr_par' dir='ltr' id='par_1_61' title="bbox 273 4284 1840 4368">
     <span class='ocr_line' id='line_1_61' title="bbox 273 4284 1840 4368; baseline 0.01 -32"><span class='ocrx_word' id='word_1_465' title='bbox 273 4294 467 4354; x_wconf 87' lang='lat' dir='ltr'><strong>prete;</strong></span> <span class='ocrx_word' id='word_1_466' title='bbox 501 4284 730 4352; x_wconf 86' lang='lat' dir='ltr'><strong>Plinius,</strong></span> <span class='ocrx_word' id='word_1_467' title='bbox 757 4289 850 4342; x_wconf 91' lang='lat' dir='ltr'><strong>lib.</strong></span> <span class='ocrx_word' id='word_1_468' title='bbox 881 4305 958 4351; x_wconf 78' lang='grc' dir='ltr'><strong>χι,</strong></span> <span class='ocrx_word' id='word_1_469' title='bbox 985 4307 1103 4360; x_wconf 87' lang='lat' dir='ltr'><strong>cap.</strong></span> <span class='ocrx_word' id='word_1_470' title='bbox 1147 4293 1232 4357; x_wconf 89' lang='grc'><strong>17,</strong></span> <span class='ocrx_word' id='word_1_471' title='bbox 1271 4295 1452 4359; x_wconf 83' lang='lat' dir='ltr'><strong>haeret,</strong></span> <span class='ocrx_word' id='word_1_472' title='bbox 1496 4313 1595 4352; x_wconf 92' lang='lat' dir='ltr'><strong>nec</strong></span> <span class='ocrx_word' id='word_1_473' title='bbox 1639 4299 1840 4368; x_wconf 84' lang='lat' dir='ltr'><strong>aliquid</strong></span> 
     </span>
    </p>
   </div>
   <div class='ocr_carea' id='block_1_62' title="bbox 272 4375 1841 4456">
    <p class='ocr_par' dir='ltr' id='par_1_62' title="bbox 272 4375 1841 4456">
     <span class='ocr_line' id='line_1_62' title="bbox 272 4375 1841 4456; baseline 0.009 -28"><span class='ocrx_word' id='word_1_474' title='bbox 272 4375 416 4429; x_wconf 90' lang='lat' dir='ltr'><strong>certi</strong></span> <span class='ocrx_word' id='word_1_475' title='bbox 473 4375 818 4431; x_wconf 87' lang='lat' dir='ltr'><strong>determinat.</strong></span> <span class='ocrx_word' id='word_1_476' title='bbox 881 4380 1098 4446; x_wconf 63' lang='lat' dir='ltr'><strong>Quaerat</strong></span> <span class='ocrx_word' id='word_1_477' title='bbox 1172 4401 1308 4438; x_wconf 89' lang='lat' dir='ltr'><strong>nunc</strong></span> <span class='ocrx_word' id='word_1_478' title='bbox 1363 4388 1575 4456; x_wconf 87' lang='lat' dir='ltr'><strong>aliquis,</strong></span> <span class='ocrx_word' id='word_1_479' title='bbox 1643 4407 1841 4444; x_wconf 89' lang='lat' dir='ltr'><strong>unusne</strong></span> 
     </span>
    </p>
   </div>
   <div class='ocr_carea' id='block_1_63' title="bbox 1954 1922 3504 1994">
    <p class='ocr_par' dir='ltr' id='par_1_63' title="bbox 1954 1922 3504 1994">
     <span class='ocr_line' id='line_1_63' title="bbox 1954 1922 3504 1994; baseline -0.004 -16"><span class='ocrx_word' id='word_1_480' title='bbox 1954 1926 2202 1978; x_wconf 81' lang='lat' dir='ltr'><strong>versione</strong></span> <span class='ocrx_word' id='word_1_481' title='bbox 2234 1924 2428 1994; x_wconf 85' lang='lat' dir='ltr'><strong>dignus</strong></span> <span class='ocrx_word' id='word_1_482' title='bbox 2465 1923 2692 1977; x_wconf 86' lang='lat' dir='ltr'><strong>videtur.</strong></span> <span class='ocrx_word' id='word_1_483' title='bbox 2727 1922 2799 1977; x_wconf 88' lang='lat' dir='ltr'><strong>De</strong></span> <span class='ocrx_word' id='word_1_484' title='bbox 2826 1922 2958 1976; x_wconf 91' lang='lat' dir='ltr'><strong>oleis</strong></span> <span class='ocrx_word' id='word_1_485' title='bbox 2993 1923 3242 1991; x_wconf 84' lang='lat' dir='ltr'><strong>superius</strong></span> <span class='ocrx_word' id='word_1_486' title='bbox 3265 1923 3504 1991; x_wconf 69' lang='lat' dir='ltr'><strong>quaedam</strong></span> 
     </span>
    </p>
   </div>
   <div class='ocr_carea' id='block_1_64' title="bbox 1953 2015 3502 2083">
    <p class='ocr_par' dir='ltr' id='par_1_64' title="bbox 1953 2015 3502 2083">
     <span class='ocr_line' id='line_1_64' title="bbox 1953 2015 3502 2083; baseline -0.002 -14"><span class='ocrx_word' id='word_1_487' title='bbox 1953 2015 2226 2082; x_wconf 76' lang='lat' dir='ltr'><strong>diximus;</strong></span> <span class='ocrx_word' id='word_1_488' title='bbox 2260 2016 2326 2070; x_wconf 90' lang='lat' dir='ltr'><strong>de</strong></span> <span class='ocrx_word' id='word_1_489' title='bbox 2364 2015 2594 2070; x_wconf 90' lang='lat' dir='ltr'><strong>mortuis</strong></span> <span class='ocrx_word' id='word_1_490' title='bbox 2627 2015 2944 2083; x_wconf 84' lang='lat' dir='ltr'><strong>corporibus</strong></span> <span class='ocrx_word' id='word_1_491' title='bbox 2977 2029 3074 2067; x_wconf 89' lang='lat' dir='ltr'><strong>nec</strong></span> <span class='ocrx_word' id='word_1_492' title='bbox 3117 2015 3218 2068; x_wconf 90' lang='lat' dir='ltr'><strong>sibi</strong></span> <span class='ocrx_word' id='word_1_493' title='bbox 3259 2023 3502 2074; x_wconf 86' lang='lat' dir='ltr'><strong>constat;</strong></span> 
     </span>
    </p>
   </div>
   <div class='ocr_carea' id='block_1_65' title="bbox 1953 2106 3503 2176">
    <p class='ocr_par' dir='ltr' id='par_1_65' title="bbox 1953 2106 3503 2176">
     <span class='ocr_line' id='line_1_65' title="bbox 1953 2106 3503 2176; baseline -0.001 -17"><span class='ocrx_word' id='word_1_494' title='bbox 1953 2114 2194 2161; x_wconf 86' lang='lat' dir='ltr'><strong>mortuas</strong></span> <span class='ocrx_word' id='word_1_495' title='bbox 2229 2108 2425 2176; x_wconf 89' lang='lat' dir='ltr'><strong>quippe</strong></span> <span class='ocrx_word' id='word_1_496' title='bbox 2466 2107 2692 2176; x_wconf 86' lang='lat' dir='ltr'><strong>gallinas</strong></span> <span class='ocrx_word' id='word_1_497' title='bbox 2726 2106 2916 2174; x_wconf 88' lang='lat' dir='ltr'><strong>apibus</strong></span> <span class='ocrx_word' id='word_1_498' title='bbox 2948 2106 3127 2159; x_wconf 90' lang='lat' dir='ltr'><strong>cibum</strong></span> <span class='ocrx_word' id='word_1_499' title='bbox 3158 2121 3277 2160; x_wconf 89' lang='lat' dir='ltr'><strong>esse</strong></span> <span class='ocrx_word' id='word_1_500' title='bbox 3323 2121 3421 2160; x_wconf 93' lang='lat' dir='ltr'><strong>nos</strong></span> <span class='ocrx_word' id='word_1_501' title='bbox 3452 2106 3503 2158; x_wconf 92' lang='lat' dir='ltr'><strong>in</strong></span> 
     </span>
    </p>
   </div>
   <div class='ocr_carea' id='block_1_66' title="bbox 1953 2197 3506 2268">
    <p class='ocr_par' dir='ltr' id='par_1_66' title="bbox 1953 2197 3506 2268">
     <span class='ocr_line' id='line_1_66' title="bbox 1953 2197 3506 2268; baseline -0.001 -17"><span class='ocrx_word' id='word_1_502' title='bbox 1953 2200 2074 2254; x_wconf 87' lang='lat' dir='ltr'><strong>aliis</strong></span> <span class='ocrx_word' id='word_1_503' title='bbox 2114 2199 2410 2254; x_wconf 87' lang='lat' dir='ltr'><strong>admonuit.</strong></span> <span class='ocrx_word' id='word_1_504' title='bbox 2453 2199 2558 2252; x_wconf 86' lang='lat' dir='ltr'><strong>Sed</strong></span> <span class='ocrx_word' id='word_1_505' title='bbox 2585 2199 2706 2268; x_wconf 87' lang='lat' dir='ltr'><strong>quis</strong></span> <span class='ocrx_word' id='word_1_506' title='bbox 2745 2199 2798 2251; x_wconf 94' lang='lat' dir='ltr'><strong>in</strong></span> <span class='ocrx_word' id='word_1_507' title='bbox 2851 2206 2996 2250; x_wconf 90' lang='lat' dir='ltr'><strong>tanta</strong></span> <span class='ocrx_word' id='word_1_508' title='bbox 3043 2213 3220 2250; x_wconf 90' lang='lat' dir='ltr'><strong>rerum</strong></span> <span class='ocrx_word' id='word_1_509' title='bbox 3252 2197 3506 2250; x_wconf 83' lang='lat' dir='ltr'><strong>varietate</strong></span> 
     </span>
    </p>
   </div>
   <div class='ocr_carea' id='block_1_67' title="bbox 1951 2288 3504 2358">
    <p class='ocr_par' dir='ltr' id='par_1_67' title="bbox 1951 2288 3504 2358">
     <span class='ocr_line' id='line_1_67' title="bbox 1951 2288 3504 2358; baseline -0.005 -10"><span class='ocrx_word' id='word_1_510' title='bbox 1951 2303 2002 2348; x_wconf 92' lang='lat' dir='ltr'><strong>et</strong></span> <span class='ocrx_word' id='word_1_511' title='bbox 2034 2292 2346 2347; x_wconf 88' lang='lat' dir='ltr'><strong>diversitate</strong></span> <span class='ocrx_word' id='word_1_512' title='bbox 2389 2291 2700 2358; x_wconf 89' lang='lat' dir='ltr'><strong>opinionum</strong></span> <span class='ocrx_word' id='word_1_513' title='bbox 2740 2290 2812 2343; x_wconf 88' lang='lat' dir='ltr'><strong>ita</strong></span> <span class='ocrx_word' id='word_1_514' title='bbox 2866 2289 2968 2342; x_wconf 89' lang='lat' dir='ltr'><strong>sibi</strong></span> <span class='ocrx_word' id='word_1_515' title='bbox 3017 2289 3273 2341; x_wconf 88' lang='lat' dir='ltr'><strong>memoria</strong></span> <span class='ocrx_word' id='word_1_516' title='bbox 3313 2288 3504 2357; x_wconf 87' lang='lat' dir='ltr'><strong>poterit</strong></span> 
     </span>
    </p>
   </div>
   <div class='ocr_carea' id='block_1_68' title="bbox 1951 2377 3352 2449">
    <p class='ocr_par' dir='ltr' id='par_1_68' title="bbox 1951 2377 3352 2449">
     <span class='ocr_line' id='line_1_68' title="bbox 1951 2377 3352 2449; baseline -0.006 -13"><span class='ocrx_word' id='word_1_517' title='bbox 1951 2391 2202 2437; x_wconf 88' lang='lat' dir='ltr'><strong>constare</strong></span> <span class='ocrx_word' id='word_1_518' title='bbox 2238 2389 2295 2435; x_wconf 92' lang='lat' dir='ltr'><strong>ut</strong></span> <span class='ocrx_word' id='word_1_519' title='bbox 2321 2396 2384 2434; x_wconf 91' lang='lat' dir='ltr'><strong>ea</strong></span> <span class='ocrx_word' id='word_1_520' title='bbox 2414 2379 2520 2433; x_wconf 83' lang='lat' dir='ltr'><strong>labi</strong></span> <span class='ocrx_word' id='word_1_521' title='bbox 2559 2378 2884 2449; x_wconf 87' lang='lat' dir='ltr'><strong>quandoque</strong></span> <span class='ocrx_word' id='word_1_522' title='bbox 2914 2393 3019 2432; x_wconf 90' lang='lat' dir='ltr'><strong>non</strong></span> <span class='ocrx_word' id='word_1_523' title='bbox 3046 2377 3352 2446; x_wconf 85' lang='lat' dir='ltr'><strong>contingat?</strong></span> 
     </span>
    </p>
   </div>
   <div class='ocr_carea' id='block_1_69' title="bbox 2020 2468 3508 2538">
    <p class='ocr_par' dir='ltr' id='par_1_69' title="bbox 2020 2468 3508 2538">
     <span class='ocr_line' id='line_1_69' title="bbox 2020 2468 3508 2538; baseline -0.003 -13"><span class='ocrx_word' id='word_1_524' title='bbox 2020 2473 2174 2528; x_wconf 89' lang='lat' dir='ltr'><strong>lbid..</strong></span> <span class='ocrx_word' id='word_1_525' title='bbox 2207 2473 2300 2526; x_wconf 90' lang='lat' dir='ltr'><strong>lin.</strong></span> <span class='ocrx_word' id='word_1_526' title='bbox 2327 2471 2414 2526; x_wconf 67' lang='grc'><strong>51.</strong></span> <span class='ocrx_word' id='word_1_527' title='bbox 2443 2471 2548 2524; x_wconf 85' lang='lat' dir='ltr'><strong>Kal</strong></span> <span class='ocrx_word' id='word_1_528' title='bbox 2569 2472 2679 2538; x_wconf 82' lang='grc' dir='ltr'><strong>τὴν</strong></span> <span class='ocrx_word' id='word_1_529' title='bbox 2693 2468 3060 2538; x_wconf 76' lang='grc' dir='ltr'><strong>δροσοειδῶς.</strong></span> <span class='ocrx_word' id='word_1_530' title='bbox 3087 2468 3508 2521; x_wconf 78' lang='lat' dir='ltr'><strong>Accuratissime</strong></span> 
     </span>
    </p>
   </div>
   <div class='ocr_carea' id='block_1_70' title="bbox 1951 2550 3506 2620">
    <p class='ocr_par' dir='ltr' id='par_1_70' title="bbox 1951 2550 3506 2620">
     <span class='ocr_line' id='line_1_70' title="bbox 1951 2550 3506 2620; baseline -0.004 -10"><span class='ocrx_word' id='word_1_531' title='bbox 1951 2557 2063 2610; x_wconf 65' lang='lat' dir='ltr'><strong>haec</strong></span> <span class='ocrx_word' id='word_1_532' title='bbox 2103 2557 2284 2609; x_wconf 90' lang='lat' dir='ltr'><strong>omnia</strong></span> <span class='ocrx_word' id='word_1_533' title='bbox 2337 2555 2651 2608; x_wconf 83' lang='lat' dir='ltr'><strong>Aristoteles</strong></span> <span class='ocrx_word' id='word_1_534' title='bbox 2700 2554 2754 2608; x_wconf 90' lang='lat' dir='ltr'><strong>d.</strong></span> <span class='ocrx_word' id='word_1_535' title='bbox 2808 2555 2924 2606; x_wconf 92' lang='lat' dir='ltr'><strong>loco</strong></span> <span class='ocrx_word' id='word_1_536' title='bbox 2955 2571 2968 2605; x_wconf 88' lang='lat'><strong>:</strong></span> <span class='ocrx_word' id='word_1_537' title='bbox 3005 2550 3323 2612; x_wconf 76' lang='lat' dir='ltr'><strong>Constrsunt</strong></span> <span class='ocrx_word' id='word_1_538' title='bbox 3359 2551 3506 2620; x_wconf 78' lang='lat' dir='ltr'><strong>favos</strong></span> 
     </span>
    </p>
   </div>
   <div class='ocr_carea' id='block_1_71' title="bbox 1949 2644 3504 2714">
    <p class='ocr_par' dir='ltr' id='par_1_71' title="bbox 1949 2644 3504 2714">
     <span class='ocr_line' id='line_1_71' title="bbox 1949 2644 3504 2714; baseline -0.003 -16"><span class='ocrx_word' id='word_1_539' title='bbox 1949 2662 1976 2699; x_wconf 91' lang='lat' dir='ltr'><strong>e</strong></span> <span class='ocrx_word' id='word_1_540' title='bbox 1996 2646 2232 2714; x_wconf 78' lang='lat' dir='ltr'><strong>ﬂoribus,</strong></span> <span class='ocrx_word' id='word_1_541' title='bbox 2255 2662 2444 2708; x_wconf 87' lang='lat' dir='ltr'><strong>ceram,</strong></span> <span class='ocrx_word' id='word_1_542' title='bbox 2477 2661 2540 2698; x_wconf 78' lang='lat' dir='ltr'><strong>ea:</strong></span> <span class='ocrx_word' id='word_1_543' title='bbox 2573 2644 2806 2714; x_wconf 79' lang='lat' dir='ltr'><strong>lacryma</strong></span> <span class='ocrx_word' id='word_1_544' title='bbox 2833 2645 3078 2697; x_wconf 88' lang='lat' dir='ltr'><strong>arborum</strong></span> <span class='ocrx_word' id='word_1_545' title='bbox 3108 2645 3327 2712; x_wconf 85' lang='lat' dir='ltr'><strong>ﬁngunt,</strong></span> <span class='ocrx_word' id='word_1_546' title='bbox 3350 2644 3504 2696; x_wconf 86' lang='lat' dir='ltr'><strong>mella</strong></span> 
     </span>
    </p>
   </div>
   <div class='ocr_carea' id='block_1_72' title="bbox 1948 2735 3503 2802">
    <p class='ocr_par' dir='ltr' id='par_1_72' title="bbox 1948 2735 3503 2802">
     <span class='ocr_line' id='line_1_72' title="bbox 1948 2735 3503 2802; baseline -0.003 -12"><span class='ocrx_word' id='word_1_547' title='bbox 1948 2752 2012 2790; x_wconf 76' lang='lat' dir='ltr'><strong>ex</strong></span> <span class='ocrx_word' id='word_1_548' title='bbox 2042 2753 2156 2789; x_wconf 90' lang='lat' dir='ltr'><strong>rore</strong></span> <span class='ocrx_word' id='word_1_549' title='bbox 2187 2737 2346 2798; x_wconf 88' lang='lat' dir='ltr'><strong>aeris,</strong></span> <span class='ocrx_word' id='word_1_550' title='bbox 2377 2737 2608 2789; x_wconf 88' lang='lat' dir='ltr'><strong>siderum</strong></span> <span class='ocrx_word' id='word_1_551' title='bbox 2654 2745 2837 2788; x_wconf 78' lang='lat' dir='ltr'><strong>eaortu</strong></span> <span class='ocrx_word' id='word_1_552' title='bbox 2882 2735 3228 2802; x_wconf 84' lang='lat' dir='ltr'><strong>potissimum,</strong></span> <span class='ocrx_word' id='word_1_553' title='bbox 3267 2747 3315 2787; x_wconf 86' lang='lat' dir='ltr'><strong>et</strong></span> <span class='ocrx_word' id='word_1_554' title='bbox 3349 2751 3503 2786; x_wconf 83' lang='lat' dir='ltr'><strong>arcus</strong></span> 
     </span>
    </p>
   </div>
   <div class='ocr_carea' id='block_1_73' title="bbox 1949 2825 3503 2896">
    <p class='ocr_par' dir='ltr' id='par_1_73' title="bbox 1949 2825 3503 2896">
     <span class='ocr_line' id='line_1_73' title="bbox 1949 2825 3503 2896; baseline -0.001 -14"><span class='ocrx_word' id='word_1_555' title='bbox 1949 2830 2167 2882; x_wconf 76' lang='lat' dir='ltr'><strong>caelestis</strong></span> <span class='ocrx_word' id='word_1_556' title='bbox 2197 2827 2426 2881; x_wconf 88' lang='lat' dir='ltr'><strong>incubitu</strong></span> <span class='ocrx_word' id='word_1_557' title='bbox 2460 2827 2788 2880; x_wconf 86' lang='lat' dir='ltr'><strong>contrahunt.</strong></span> <span class='ocrx_word' id='word_1_558' title='bbox 2829 2827 3054 2881; x_wconf 76' lang='lat' dir='ltr'><strong>Omnino</strong></span> <span class='ocrx_word' id='word_1_559' title='bbox 3094 2837 3212 2880; x_wconf 87' lang='lat' dir='ltr'><strong>ante</strong></span> <span class='ocrx_word' id='word_1_560' title='bbox 3253 2825 3503 2896; x_wconf 80' lang='lat' dir='ltr'><strong>Vergilia-</strong></span> 
     </span>
    </p>
   </div>
   <div class='ocr_carea' id='block_1_74' title="bbox 1950 2918 3500 2990">
    <p class='ocr_par' dir='ltr' id='par_1_74' title="bbox 1950 2918 3500 2990">
     <span class='ocr_line' id='line_1_74' title="bbox 1950 2918 3500 2990; baseline -0.003 -15"><span class='ocrx_word' id='word_1_561' title='bbox 1950 2939 2065 2976; x_wconf 90' lang='lat' dir='ltr'><strong>rum</strong></span> <span class='ocrx_word' id='word_1_562' title='bbox 2104 2931 2340 2974; x_wconf 75' lang='lat' dir='ltr'><strong>exortum</strong></span> <span class='ocrx_word' id='word_1_563' title='bbox 2377 2921 2475 2973; x_wconf 89' lang='lat' dir='ltr'><strong>mel</strong></span> <span class='ocrx_word' id='word_1_564' title='bbox 2511 2938 2613 2974; x_wconf 89' lang='lat' dir='ltr'><strong>non</strong></span> <span class='ocrx_word' id='word_1_565' title='bbox 2647 2921 2726 2989; x_wconf 82' lang='lat' dir='ltr'><strong>ﬁt.</strong></span> <span class='ocrx_word' id='word_1_566' title='bbox 2764 2918 2933 2974; x_wconf 78' lang='lat' dir='ltr'><strong>Favos</strong></span> <span class='ocrx_word' id='word_1_567' title='bbox 2966 2921 3157 2990; x_wconf 86' lang='lat' dir='ltr'><strong>itaque,</strong></span> <span class='ocrx_word' id='word_1_568' title='bbox 3207 2930 3264 2973; x_wconf 89' lang='lat' dir='ltr'><strong>ut</strong></span> <span class='ocrx_word' id='word_1_569' title='bbox 3307 2921 3500 2972; x_wconf 88' lang='lat' dir='ltr'><strong>dictum</strong></span> 
     </span>
    </p>
   </div>
   <div class='ocr_carea' id='block_1_75' title="bbox 1948 3009 3504 3081">
    <p class='ocr_par' dir='ltr' id='par_1_75' title="bbox 1948 3009 3504 3081">
     <span class='ocr_line' id='line_1_75' title="bbox 1948 3009 3504 3081; baseline -0.003 -15"><span class='ocrx_word' id='word_1_570' title='bbox 1948 3022 2046 3076; x_wconf 88' lang='lat' dir='ltr'><strong>est,</strong></span> <span class='ocrx_word' id='word_1_571' title='bbox 2078 3029 2104 3066; x_wconf 90' lang='lat' dir='ltr'><strong>e</strong></span> <span class='ocrx_word' id='word_1_572' title='bbox 2127 3011 2345 3081; x_wconf 74' lang='lat' dir='ltr'><strong>ﬂoribus</strong></span> <span class='ocrx_word' id='word_1_573' title='bbox 2378 3011 2598 3075; x_wconf 79' lang='lat' dir='ltr'><strong>faciunt.</strong></span> <span class='ocrx_word' id='word_1_574' title='bbox 2647 3009 2754 3064; x_wconf 82' lang='lat' dir='ltr'><strong>Mel</strong></span> <span class='ocrx_word' id='word_1_575' title='bbox 2789 3021 2960 3064; x_wconf 88' lang='lat' dir='ltr'><strong>autem</strong></span> <span class='ocrx_word' id='word_1_576' title='bbox 3012 3028 3111 3064; x_wconf 89' lang='lat' dir='ltr'><strong>non</strong></span> <span class='ocrx_word' id='word_1_577' title='bbox 3160 3013 3299 3078; x_wconf 84' lang='lat' dir='ltr'><strong>ipsas</strong></span> <span class='ocrx_word' id='word_1_578' title='bbox 3333 3012 3504 3079; x_wconf 80' lang='lat' dir='ltr'><strong>facere</strong></span> 
     </span>
    </p>
   </div>
   <div class='ocr_carea' id='block_1_76' title="bbox 1949 3091 3502 3172">
    <p class='ocr_par' dir='ltr' id='par_1_76' title="bbox 1949 3091 3502 3172">
     <span class='ocr_line' id='line_1_76' title="bbox 1949 3091 3502 3172; baseline -0.001 -16"><span class='ocrx_word' id='word_1_579' title='bbox 1949 3119 2089 3172; x_wconf 92' lang='lat' dir='ltr'><strong>apes,</strong></span> <span class='ocrx_word' id='word_1_580' title='bbox 2132 3102 2223 3157; x_wconf 87' lang='lat' dir='ltr'><strong>sed</strong></span> <span class='ocrx_word' id='word_1_581' title='bbox 2270 3119 2436 3156; x_wconf 89' lang='lat' dir='ltr'><strong>rorem</strong></span> <span class='ocrx_word' id='word_1_582' title='bbox 2481 3091 2783 3156; x_wconf 81' lang='lat' dir='ltr'><strong>candentem</strong></span> <span class='ocrx_word' id='word_1_583' title='bbox 2823 3101 3038 3170; x_wconf 80' lang='lat' dir='ltr'><strong>deferre</strong></span> <span class='ocrx_word' id='word_1_584' title='bbox 3081 3110 3382 3172; x_wconf 88' lang='lat' dir='ltr'><strong>argumento</strong></span> <span class='ocrx_word' id='word_1_585' title='bbox 3426 3112 3502 3154; x_wconf 88' lang='lat' dir='ltr'><strong>est</strong></span> 
     </span>
    </p>
   </div>
   <div class='ocr_carea' id='block_1_77' title="bbox 1947 3191 3502 3261">
    <p class='ocr_par' dir='ltr' id='par_1_77' title="bbox 1947 3191 3502 3261">
     <span class='ocr_line' id='line_1_77' title="bbox 1947 3191 3502 3261; baseline -0.001 -16"><span class='ocrx_word' id='word_1_586' title='bbox 1947 3191 2084 3261; x_wconf 83' lang='lat' dir='ltr'><strong>quod</strong></span> <span class='ocrx_word' id='word_1_587' title='bbox 2129 3208 2232 3245; x_wconf 87' lang='lat' dir='ltr'><strong>uno</strong></span> <span class='ocrx_word' id='word_1_588' title='bbox 2281 3203 2372 3244; x_wconf 91' lang='lat' dir='ltr'><strong>aut</strong></span> <span class='ocrx_word' id='word_1_589' title='bbox 2417 3192 2583 3245; x_wconf 87' lang='lat' dir='ltr'><strong>altero</strong></span> <span class='ocrx_word' id='word_1_590' title='bbox 2634 3191 2716 3244; x_wconf 88' lang='lat' dir='ltr'><strong>die</strong></span> <span class='ocrx_word' id='word_1_591' title='bbox 2761 3191 2919 3245; x_wconf 91' lang='lat' dir='ltr'><strong>cellas</strong></span> <span class='ocrx_word' id='word_1_592' title='bbox 2951 3191 3101 3244; x_wconf 88' lang='lat' dir='ltr'><strong>melle</strong></span> <span class='ocrx_word' id='word_1_593' title='bbox 3144 3191 3323 3260; x_wconf 87' lang='lat' dir='ltr'><strong>plenas</strong></span> <span class='ocrx_word' id='word_1_594' title='bbox 3365 3192 3502 3244; x_wconf 82' lang='lat' dir='ltr'><strong>inve-</strong></span> 
     </span>
    </p>
   </div>
   <div class='ocr_carea' id='block_1_78' title="bbox 1947 3284 3499 3354">
    <p class='ocr_par' dir='ltr' id='par_1_78' title="bbox 1947 3284 3499 3354">
     <span class='ocr_line' id='line_1_78' title="bbox 1947 3284 3499 3354; baseline 0.001 -18"><span class='ocrx_word' id='word_1_595' title='bbox 1947 3285 2096 3337; x_wconf 86' lang='lat' dir='ltr'><strong>niunt</strong></span> <span class='ocrx_word' id='word_1_596' title='bbox 2124 3285 2333 3354; x_wconf 87' lang='lat' dir='ltr'><strong>apiarii.</strong></span> <span class='ocrx_word' id='word_1_597' title='bbox 2371 3284 2432 3337; x_wconf 82' lang='lat' dir='ltr'><strong>Et</strong></span> <span class='ocrx_word' id='word_1_598' title='bbox 2464 3285 2554 3340; x_wconf 92' lang='lat' dir='ltr'><strong>lib.</strong></span> <span class='ocrx_word' id='word_1_599' title='bbox 2588 3300 2662 3348; x_wconf 80' lang='lat' dir='ltr'><strong>Ix,</strong></span> <span class='ocrx_word' id='word_1_600' title='bbox 2693 3299 2810 3353; x_wconf 89' lang='lat' dir='ltr'><strong>cap.</strong></span> <span class='ocrx_word' id='word_1_601' title='bbox 2843 3284 2931 3347; x_wconf 69' lang='lat'><strong>40,</strong></span> <span class='ocrx_word' id='word_1_602' title='bbox 2966 3285 3268 3338; x_wconf 84' lang='lat' dir='ltr'><strong>observavit</strong></span> <span class='ocrx_word' id='word_1_603' title='bbox 3299 3300 3499 3339; x_wconf 89' lang='lat' dir='ltr'><strong>morem</strong></span> 
     </span>
    </p>
   </div>
   <div class='ocr_carea' id='block_1_79' title="bbox 1947 3372 3502 3446">
    <p class='ocr_par' dir='ltr' id='par_1_79' title="bbox 1947 3372 3502 3446">
     <span class='ocr_line' id='line_1_79' title="bbox 1947 3372 3502 3446; baseline 0.001 -20"><span class='ocrx_word' id='word_1_604' title='bbox 1947 3387 2127 3442; x_wconf 87' lang='lat' dir='ltr'><strong>apum,</strong></span> <span class='ocrx_word' id='word_1_605' title='bbox 2168 3389 2234 3428; x_wconf 91' lang='lat' dir='ltr'><strong>ne</strong></span> <span class='ocrx_word' id='word_1_606' title='bbox 2269 3373 2516 3428; x_wconf 84' lang='lat' dir='ltr'><strong>videlicet</strong></span> <span class='ocrx_word' id='word_1_607' title='bbox 2544 3372 2734 3427; x_wconf 88' lang='lat' dir='ltr'><strong>llorum</strong></span> <span class='ocrx_word' id='word_1_608' title='bbox 2774 3374 2926 3444; x_wconf 92' lang='lat' dir='ltr'><strong>plura</strong></span> <span class='ocrx_word' id='word_1_609' title='bbox 2957 3390 3152 3446; x_wconf 90' lang='lat' dir='ltr'><strong>genera</strong></span> <span class='ocrx_word' id='word_1_610' title='bbox 3187 3383 3366 3444; x_wconf 91' lang='lat' dir='ltr'><strong>petant</strong></span> <span class='ocrx_word' id='word_1_611' title='bbox 3393 3391 3502 3429; x_wconf 87' lang='lat' dir='ltr'><strong>uno</strong></span> 
     </span>
    </p>
   </div>
   <div class='ocr_carea' id='block_1_80' title="bbox 1946 3451 3506 3536">
    <p class='ocr_par' dir='ltr' id='par_1_80' title="bbox 1946 3451 3506 3536">
     <span class='ocr_line' id='line_1_80' title="bbox 1946 3451 3506 3536; baseline -0.001 -16"><span class='ocrx_word' id='word_1_612' title='bbox 1946 3467 2239 3535; x_wconf 90' lang='lat' dir='ltr'><strong>eodemque</strong></span> <span class='ocrx_word' id='word_1_613' title='bbox 2261 3464 2526 3534; x_wconf 83' lang='lat' dir='ltr'><strong>profectu,</strong></span> <span class='ocrx_word' id='word_1_614' title='bbox 2555 3465 2648 3520; x_wconf 91' lang='lat' dir='ltr'><strong>sed</strong></span> <span class='ocrx_word' id='word_1_615' title='bbox 2673 3451 2897 3534; x_wconf 87' lang='lat' dir='ltr'><strong>singulis</strong></span> <span class='ocrx_word' id='word_1_616' title='bbox 2926 3465 3156 3536; x_wconf 86' lang='lat' dir='ltr'><strong>singula,</strong></span> <span class='ocrx_word' id='word_1_617' title='bbox 3195 3467 3344 3520; x_wconf 87' lang='lat' dir='ltr'><strong>verbi</strong></span> <span class='ocrx_word' id='word_1_618' title='bbox 3376 3483 3506 3536; x_wconf 82' lang='lat' dir='ltr'><strong>gra-</strong></span> 
     </span>
    </p>
   </div>
   <div class='ocr_carea' id='block_1_81' title="bbox 1946 3556 3498 3627">
    <p class='ocr_par' dir='ltr' id='par_1_81' title="bbox 1946 3556 3498 3627">
     <span class='ocr_line' id='line_1_81' title="bbox 1946 3556 3498 3627; baseline 0.001 -16"><span class='ocrx_word' id='word_1_619' title='bbox 1946 3558 2020 3612; x_wconf 87' lang='lat' dir='ltr'><strong>tia</strong></span> <span class='ocrx_word' id='word_1_620' title='bbox 2051 3575 2079 3610; x_wconf 92' lang='lat' dir='ltr'><strong>a</strong></span> <span class='ocrx_word' id='word_1_621' title='bbox 2122 3558 2260 3611; x_wconf 85' lang='lat' dir='ltr'><strong>viola</strong></span> <span class='ocrx_word' id='word_1_622' title='bbox 2291 3556 2356 3610; x_wconf 92' lang='lat' dir='ltr'><strong>ad</strong></span> <span class='ocrx_word' id='word_1_623' title='bbox 2383 3559 2577 3611; x_wconf 87' lang='lat' dir='ltr'><strong>violam</strong></span> <span class='ocrx_word' id='word_1_624' title='bbox 2606 3557 2875 3621; x_wconf 84' lang='lat' dir='ltr'><strong>advolant,</strong></span> <span class='ocrx_word' id='word_1_625' title='bbox 2907 3573 3006 3612; x_wconf 90' lang='lat' dir='ltr'><strong>nec</strong></span> <span class='ocrx_word' id='word_1_626' title='bbox 3033 3558 3178 3612; x_wconf 73' lang='lat' dir='ltr'><strong>aliud</strong></span> <span class='ocrx_word' id='word_1_627' title='bbox 3206 3559 3498 3627; x_wconf 82' lang='lat' dir='ltr'><strong>attingunt,</strong></span> 
     </span>
    </p>
   </div>
   <div class='ocr_carea' id='block_1_82' title="bbox 1945 3646 3499 3717">
    <p class='ocr_par' dir='ltr' id='par_1_82' title="bbox 1945 3646 3499 3717">
     <span class='ocr_line' id='line_1_82' title="bbox 1945 3646 3499 3717; baseline 0 -16"><span class='ocrx_word' id='word_1_628' title='bbox 1945 3663 2224 3717; x_wconf 89' lang='lat' dir='ltr'><strong>quousque</strong></span> <span class='ocrx_word' id='word_1_629' title='bbox 2252 3663 2408 3702; x_wconf 91' lang='lat' dir='ltr'><strong>suum</strong></span> <span class='ocrx_word' id='word_1_630' title='bbox 2439 3648 2492 3699; x_wconf 91' lang='lat' dir='ltr'><strong>in</strong></span> <span class='ocrx_word' id='word_1_631' title='bbox 2517 3647 2724 3702; x_wconf 85' lang='lat' dir='ltr'><strong>alveum</strong></span> <span class='ocrx_word' id='word_1_632' title='bbox 2745 3646 2985 3709; x_wconf 89' lang='lat' dir='ltr'><strong>redeant,</strong></span> <span class='ocrx_word' id='word_1_633' title='bbox 3020 3647 3105 3700; x_wconf 85' lang='lat' dir='ltr'><strong>hic</strong></span> <span class='ocrx_word' id='word_1_634' title='bbox 3136 3664 3193 3702; x_wconf 88' lang='lat' dir='ltr'><strong>se</strong></span> <span class='ocrx_word' id='word_1_635' title='bbox 3227 3649 3499 3716; x_wconf 86' lang='lat' dir='ltr'><strong>quatiunt;</strong></span> 
     </span>
    </p>
   </div>
   <div class='ocr_carea' id='block_1_83' title="bbox 1945 3739 3500 3811">
    <p class='ocr_par' dir='ltr' id='par_1_83' title="bbox 1945 3739 3500 3811">
     <span class='ocr_line' id='line_1_83' title="bbox 1945 3739 3500 3811; baseline -0.001 -18"><span class='ocrx_word' id='word_1_636' title='bbox 1945 3749 1996 3793; x_wconf 89' lang='lat' dir='ltr'><strong>et</strong></span> <span class='ocrx_word' id='word_1_637' title='bbox 2030 3739 2270 3808; x_wconf 85' lang='lat' dir='ltr'><strong>singulas</strong></span> <span class='ocrx_word' id='word_1_638' title='bbox 2319 3749 2430 3795; x_wconf 90' lang='lat' dir='ltr'><strong>tres</strong></span> <span class='ocrx_word' id='word_1_639' title='bbox 2483 3747 2574 3792; x_wconf 91' lang='lat' dir='ltr'><strong>aut</strong></span> <span class='ocrx_word' id='word_1_640' title='bbox 2619 3747 2850 3808; x_wconf 89' lang='lat' dir='ltr'><strong>quatuor</strong></span> <span class='ocrx_word' id='word_1_641' title='bbox 2892 3749 3210 3808; x_wconf 90' lang='lat' dir='ltr'><strong>sequuntur.</strong></span> <span class='ocrx_word' id='word_1_642' title='bbox 3240 3739 3344 3796; x_wconf 89' lang='lat' dir='ltr'><strong>Sed</strong></span> <span class='ocrx_word' id='word_1_643' title='bbox 3373 3742 3500 3811; x_wconf 77' lang='lat' dir='ltr'><strong>quid</strong></span> 
     </span>
    </p>
   </div>
   <div class='ocr_carea' id='block_1_84' title="bbox 1946 3825 3503 3903">
    <p class='ocr_par' dir='ltr' id='par_1_84' title="bbox 1946 3825 3503 3903">
     <span class='ocr_line' id='line_1_84' title="bbox 1946 3825 3503 3903; baseline 0.001 -19"><span class='ocrx_word' id='word_1_644' title='bbox 1946 3832 2214 3900; x_wconf 89' lang='lat' dir='ltr'><strong>accipiant</strong></span> <span class='ocrx_word' id='word_1_645' title='bbox 2265 3832 2405 3885; x_wconf 86' lang='lat' dir='ltr'><strong>haud</strong></span> <span class='ocrx_word' id='word_1_646' title='bbox 2449 3825 2603 3886; x_wconf 84' lang='lat' dir='ltr'><strong>facile</strong></span> <span class='ocrx_word' id='word_1_647' title='bbox 2648 3832 2883 3899; x_wconf 80' lang='lat' dir='ltr'><strong>videris;</strong></span> <span class='ocrx_word' id='word_1_648' title='bbox 2929 3848 3028 3886; x_wconf 88' lang='lat' dir='ltr'><strong>nec</strong></span> <span class='ocrx_word' id='word_1_649' title='bbox 3065 3848 3192 3886; x_wconf 84' lang='lat' dir='ltr'><strong>vero</strong></span> <span class='ocrx_word' id='word_1_650' title='bbox 3243 3834 3503 3903; x_wconf 84' lang='lat' dir='ltr'><strong>quemad—</strong></span> 
     </span>
    </p>
   </div>
   <div class='ocr_carea' id='block_1_85' title="bbox 1945 3924 3025 3993">
    <p class='ocr_par' dir='ltr' id='par_1_85' title="bbox 1945 3924 3025 3993">
     <span class='ocr_line' id='line_1_85' title="bbox 1945 3924 3025 3993; baseline 0.004 -17"><span class='ocrx_word' id='word_1_651' title='bbox 1945 3924 2160 3978; x_wconf 89' lang='lat' dir='ltr'><strong>modum</strong></span> <span class='ocrx_word' id='word_1_652' title='bbox 2194 3932 2486 3993; x_wconf 87' lang='lat' dir='ltr'><strong>operentur</strong></span> <span class='ocrx_word' id='word_1_653' title='bbox 2519 3925 2694 3979; x_wconf 89' lang='lat' dir='ltr'><strong>visum</strong></span> <span class='ocrx_word' id='word_1_654' title='bbox 2721 3926 2894 3980; x_wconf 89' lang='lat' dir='ltr'><strong>adhuc</strong></span> <span class='ocrx_word' id='word_1_655' title='bbox 2922 3933 3025 3980; x_wconf 90' lang='lat' dir='ltr'><strong>est.</strong></span> 
     </span>
    </p>
   </div>
   <div class='ocr_carea' id='block_1_86' title="bbox 2011 4011 3501 4082">
    <p class='ocr_par' dir='ltr' id='par_1_86' title="bbox 2011 4011 3501 4082">
     <span class='ocr_line' id='line_1_86' title="bbox 2011 4011 3501 4082; baseline 0.001 -15"><span class='ocrx_word' id='word_1_656' title='bbox 2011 4013 2169 4075; x_wconf 62' lang='lat' dir='ltr'><strong>bid,</strong></span> <span class='ocrx_word' id='word_1_657' title='bbox 2210 4014 2304 4067; x_wconf 92' lang='lat' dir='ltr'><strong>lin.</strong></span> <span class='ocrx_word' id='word_1_658' title='bbox 2335 4013 2422 4067; x_wconf 75' lang='grc'><strong>57.</strong></span> <span class='ocrx_word' id='word_1_659' title='bbox 2452 4013 2622 4068; x_wconf 85' lang='grc' dir='ltr'><strong>Ὅθεν</strong></span> <span class='ocrx_word' id='word_1_660' title='bbox 2649 4013 2746 4066; x_wconf 82' lang='grc' dir='ltr'>καὶ</span> <span class='ocrx_word' id='word_1_661' title='bbox 2778 4015 2960 4082; x_wconf 81' lang='grc' dir='ltr'><strong>ὑγρόν</strong></span> <span class='ocrx_word' id='word_1_662' title='bbox 2982 4012 3128 4064; x_wconf 84' lang='grc' dir='ltr'><strong>ἐστι.</strong></span> <span class='ocrx_word' id='word_1_663' title='bbox 3161 4011 3501 4068; x_wconf 78' lang='lat' dir='ltr'><strong>Aristoteles.</strong></span> 
     </span>
    </p>
   </div>
   <div class='ocr_carea' id='block_1_87' title="bbox 1943 4100 3500 4174">
    <p class='ocr_par' dir='ltr' id='par_1_87' title="bbox 1943 4100 3500 4174">
     <span class='ocr_line' id='line_1_87' title="bbox 1943 4100 3500 4174; baseline -0.004 -13"><span class='ocrx_word' id='word_1_664' title='bbox 1943 4105 2034 4161; x_wconf 86' lang='lat' dir='ltr'><strong>lib.</strong></span> <span class='ocrx_word' id='word_1_665' title='bbox 2075 4121 2108 4159; x_wconf 89' lang='lat' dir='ltr'><strong>v</strong></span> <span class='ocrx_word' id='word_1_666' title='bbox 2141 4104 2215 4158; x_wconf 88' lang='lat' dir='ltr'><strong>De</strong></span> <span class='ocrx_word' id='word_1_667' title='bbox 2247 4104 2431 4158; x_wconf 85' lang='lat' dir='ltr'><strong>histor.</strong></span> <span class='ocrx_word' id='word_1_668' title='bbox 2483 4105 2724 4170; x_wconf 89' lang='lat' dir='ltr'><strong>animal.,</strong></span> <span class='ocrx_word' id='word_1_669' title='bbox 2773 4119 2890 4174; x_wconf 88' lang='lat' dir='ltr'><strong>cap.</strong></span> <span class='ocrx_word' id='word_1_670' title='bbox 2941 4103 3031 4164; x_wconf 71' lang='lat'><strong>2‘2,</strong></span> <span class='ocrx_word' id='word_1_671' title='bbox 3092 4101 3407 4155; x_wconf 70' lang='grc' dir='ltr'><strong>Συνέσταται</strong></span> <span class='ocrx_word' id='word_1_672' title='bbox 3442 4100 3500 4154; x_wconf 63' lang='grc' dir='ltr'><strong>δὲ</strong></span> 
     </span>
    </p>
   </div>
   <div class='ocr_carea' id='block_1_88' title="bbox 1941 4191 3501 4269">
    <p class='ocr_par' dir='ltr' id='par_1_88' title="bbox 1941 4191 3501 4269">
     <span class='ocr_line' id='line_1_88' title="bbox 1941 4191 3501 4269; baseline -0.001 -20"><span class='ocrx_word' id='word_1_673' title='bbox 1941 4198 2002 4249; x_wconf 70' lang='grc' dir='ltr'><strong>τὸ</strong></span> <span class='ocrx_word' id='word_1_674' title='bbox 2037 4199 2155 4269; x_wconf 85' lang='grc' dir='ltr'><strong>μέλι</strong></span> <span class='ocrx_word' id='word_1_675' title='bbox 2191 4199 2530 4268; x_wconf 82' lang='grc' dir='ltr'><strong>πεττόμενον.</strong></span> <span class='ocrx_word' id='word_1_676' title='bbox 2580 4197 2666 4262; x_wconf 82' lang='grc' dir='ltr'><strong>Ἐξ</strong></span> <span class='ocrx_word' id='word_1_677' title='bbox 2698 4198 2868 4268; x_wconf 82' lang='grc' dir='ltr'>ἀρχῆς</span> <span class='ocrx_word' id='word_1_678' title='bbox 2896 4198 3002 4266; x_wconf 80' lang='grc' dir='ltr'><strong>γὰρ</strong></span> <span class='ocrx_word' id='word_1_679' title='bbox 3030 4191 3138 4249; x_wconf 75' lang='grc' dir='ltr'>οἷον</span> <span class='ocrx_word' id='word_1_680' title='bbox 3188 4195 3328 4266; x_wconf 71' lang='grc' dir='ltr'>ὕδωρ</span> <span class='ocrx_word' id='word_1_681' title='bbox 3364 4194 3501 4263; x_wconf 49' lang='lat' dir='ltr'><strong>vivs-</strong></span> 
     </span>
    </p>
   </div>
   <div class='ocr_carea' id='block_1_89' title="bbox 1940 4286 3496 4360">
    <p class='ocr_par' dir='ltr' id='par_1_89' title="bbox 1940 4286 3496 4360">
     <span class='ocr_line' id='line_1_89' title="bbox 1940 4286 3496 4360; baseline -0.003 -16"><span class='ocrx_word' id='word_1_682' title='bbox 1940 4308 2050 4354; x_wconf 84' lang='grc' dir='ltr'><strong>ται,</strong></span> <span class='ocrx_word' id='word_1_683' title='bbox 2086 4293 2178 4344; x_wconf 74' lang='grc' dir='ltr'>καὶ</span> <span class='ocrx_word' id='word_1_684' title='bbox 2211 4291 2293 4359; x_wconf 78' lang='grc' dir='ltr'><strong>ἐφ’</strong></span> <span class='ocrx_word' id='word_1_685' title='bbox 2322 4291 2532 4360; x_wconf 78' lang='grc' dir='ltr'><strong>ἡμέρας</strong></span> <span class='ocrx_word' id='word_1_686' title='bbox 2569 4289 2666 4359; x_wconf 81' lang='grc' dir='ltr'><strong>μέν</strong></span> <span class='ocrx_word' id='word_1_687' title='bbox 2697 4305 2846 4350; x_wconf 85' lang='grc' dir='ltr'><strong>τινας</strong></span> <span class='ocrx_word' id='word_1_688' title='bbox 2889 4288 3048 4358; x_wconf 83' lang='grc' dir='ltr'>ὑγρόν</span> <span class='ocrx_word' id='word_1_689' title='bbox 3079 4291 3225 4340; x_wconf 80' lang='grc' dir='ltr'><strong>ἐστι·</strong></span> <span class='ocrx_word' id='word_1_690' title='bbox 3277 4287 3356 4339; x_wconf 84' lang='grc' dir='ltr'><strong>διὸ</strong></span> <span class='ocrx_word' id='word_1_691' title='bbox 3397 4286 3496 4339; x_wconf 79' lang='grc' dir='ltr'>κᾶν</span> 
     </span>
    </p>
   </div>
   <div class='ocr_carea' id='block_1_90' title="bbox 1943 4378 3494 4453">
    <p class='ocr_par' dir='ltr' id='par_1_90' title="bbox 1943 4378 3494 4453">
     <span class='ocr_line' id='line_1_90' title="bbox 1943 4378 3494 4453; baseline -0.003 -20"><span class='ocrx_word' id='word_1_692' title='bbox 1943 4383 2206 4453; x_wconf 80' lang='grc' dir='ltr'>ὑφαιρεθῇ</span> <span class='ocrx_word' id='word_1_693' title='bbox 2240 4385 2295 4434; x_wconf 78' lang='grc' dir='ltr'>ἐν</span> <span class='ocrx_word' id='word_1_694' title='bbox 2333 4383 2521 4443; x_wconf 78' lang='grc' dir='ltr'><strong>αὑταῖς</strong></span> <span class='ocrx_word' id='word_1_695' title='bbox 2563 4383 2678 4442; x_wconf 83' lang='grc' dir='ltr'><strong>ταῖς</strong></span> <span class='ocrx_word' id='word_1_696' title='bbox 2717 4379 2964 4448; x_wconf 73' lang='grc' dir='ltr'><strong>ἡμέραις,</strong></span> <span class='ocrx_word' id='word_1_697' title='bbox 2997 4379 3093 4448; x_wconf 72' lang='grc' dir='ltr'>οὐχ</span> <span class='ocrx_word' id='word_1_698' title='bbox 3135 4378 3269 4447; x_wconf 71' lang='grc' dir='ltr'><strong>ἴσχει</strong></span> <span class='ocrx_word' id='word_1_699' title='bbox 3309 4379 3494 4446; x_wconf 80' lang='grc' dir='ltr'>πάχος,</span> 
     </span>
    </p>
   </div>
   <div class='ocr_carea' id='block_1_91' title="bbox 274 4463 1846 4545">
    <p class='ocr_par' dir='ltr' id='par_1_91' title="bbox 274 4463 1831 4545">
     <span class='ocr_line' id='line_1_91' title="bbox 274 4463 1831 4545; baseline 0.012 -30"><span class='ocrx_word' id='word_1_700' title='bbox 274 4463 532 4518; x_wconf 83' lang='lat' dir='ltr'><strong>Hercules</strong></span> <span class='ocrx_word' id='word_1_701' title='bbox 563 4466 743 4534; x_wconf 77' lang='lat' dir='ltr'><strong>fuerit,</strong></span> <span class='ocrx_word' id='word_1_702' title='bbox 774 4478 823 4521; x_wconf 90' lang='lat' dir='ltr'><strong>et</strong></span> <span class='ocrx_word' id='word_1_703' title='bbox 851 4470 987 4538; x_wconf 85' lang='lat' dir='ltr'><strong>quod</strong></span> <span class='ocrx_word' id='word_1_704' title='bbox 1015 4470 1187 4526; x_wconf 88' lang='lat' dir='ltr'><strong>Liberi</strong></span> <span class='ocrx_word' id='word_1_705' title='bbox 1224 4474 1402 4528; x_wconf 85' lang='lat' dir='ltr'><strong>Patris</strong></span> <span class='ocrx_word' id='word_1_706' title='bbox 1441 4478 1752 4545; x_wconf 86' lang='lat' dir='ltr'><strong>sepulcrum,</strong></span> <span class='ocrx_word' id='word_1_707' title='bbox 1784 4492 1831 4534; x_wconf 87' lang='lat' dir='ltr'><strong>et</strong></span> 
     </span>
    </p>
   </div>
   <div class='ocr_carea' id='block_1_92' title="bbox 1948 4463 3498 4545">
    <p class='ocr_par' dir='ltr' id='par_1_92' title="bbox 1948 4471 3498 4542">
     <span class='ocr_line' id='line_1_92' title="bbox 1948 4471 3498 4542; baseline -0.004 -16"><span class='ocrx_word' id='word_1_708' title='bbox 1948 4477 1992 4526; x_wconf 71' lang='grc' dir='ltr'><strong>ὲν</strong></span> <span class='ocrx_word' id='word_1_709' title='bbox 2022 4475 2189 4528; x_wconf 80' lang='grc' dir='ltr'>εἴκοσι</span> <span class='ocrx_word' id='word_1_710' title='bbox 2221 4474 2276 4526; x_wconf 77' lang='grc' dir='ltr'>δὲ</span> <span class='ocrx_word' id='word_1_711' title='bbox 2321 4474 2548 4542; x_wconf 73' lang='grc' dir='ltr'><strong>μάλιστα</strong></span> <span class='ocrx_word' id='word_1_712' title='bbox 2583 4472 2910 4524; x_wconf 79' lang='grc' dir='ltr'><strong>συνίσταται.</strong></span> <span class='ocrx_word' id='word_1_713' title='bbox 2959 4471 3122 4539; x_wconf 84' lang='grc' dir='ltr'><strong>Δῆλον</strong></span> <span class='ocrx_word' id='word_1_714' title='bbox 3153 4471 3208 4522; x_wconf 81' lang='grc' dir='ltr'><strong>δέ</strong></span> <span class='ocrx_word' id='word_1_715' title='bbox 3235 4471 3383 4521; x_wconf 71' lang='grc' dir='ltr'><strong>ἐστιν</strong></span> <span class='ocrx_word' id='word_1_716' title='bbox 3410 4471 3498 4521; x_wconf 74' lang='grc' dir='ltr'>εὐ-</span> 
     </span>
    </p>
   </div>
   <div class='ocr_carea' id='block_1_93' title="bbox 272 4556 1832 4638">
    <p class='ocr_par' dir='ltr' id='par_1_93' title="bbox 272 4556 1832 4638">
     <span class='ocr_line' id='line_1_93' title="bbox 272 4556 1832 4638; baseline 0.011 -30"><span class='ocrx_word' id='word_1_717' title='bbox 272 4556 480 4625; x_wconf 84' lang='lat' dir='ltr'><strong>reliqua</strong></span> <span class='ocrx_word' id='word_1_718' title='bbox 513 4561 783 4613; x_wconf 85' lang='lat' dir='ltr'><strong>vetustatis</strong></span> <span class='ocrx_word' id='word_1_719' title='bbox 817 4563 923 4614; x_wconf 87' lang='lat' dir='ltr'><strong>situ</strong></span> <span class='ocrx_word' id='word_1_720' title='bbox 958 4562 1165 4619; x_wconf 89' lang='lat' dir='ltr'><strong>obruta.</strong></span> <span class='ocrx_word' id='word_1_721' title='bbox 1203 4565 1334 4620; x_wconf 86' lang='lat' dir='ltr'><strong>Ecce</strong></span> <span class='ocrx_word' id='word_1_722' title='bbox 1362 4568 1414 4620; x_wconf 88' lang='lat' dir='ltr'><strong>in</strong></span> <span class='ocrx_word' id='word_1_723' title='bbox 1455 4585 1510 4624; x_wconf 85' lang='lat' dir='ltr'><strong>re</strong></span> <span class='ocrx_word' id='word_1_724' title='bbox 1545 4586 1705 4638; x_wconf 89' lang='lat' dir='ltr'><strong>parva</strong></span> <span class='ocrx_word' id='word_1_725' title='bbox 1735 4573 1832 4624; x_wconf 80' lang='lat' dir='ltr'><strong>vil-</strong></span> 
     </span>
    </p>
   </div>
   <div class='ocr_carea' id='block_1_94' title="bbox 272 4647 1833 4724">
    <p class='ocr_par' dir='ltr' id='par_1_94' title="bbox 272 4647 1833 4724">
     <span class='ocr_line' id='line_1_94' title="bbox 272 4647 1833 4724; baseline 0.01 -26"><span class='ocrx_word' id='word_1_726' title='bbox 272 4647 442 4715; x_wconf 85' lang='lat' dir='ltr'><strong>lisque</strong></span> <span class='ocrx_word' id='word_1_727' title='bbox 467 4650 664 4702; x_wconf 86' lang='lat' dir='ltr'><strong>nostris</strong></span> <span class='ocrx_word' id='word_1_728' title='bbox 710 4666 933 4712; x_wconf 67' lang='lat' dir='ltr'><strong>onnexa,</strong></span> <span class='ocrx_word' id='word_1_729' title='bbox 978 4669 1124 4721; x_wconf 66' lang='lat' dir='ltr'><strong>cujus</strong></span> <span class='ocrx_word' id='word_1_730' title='bbox 1156 4657 1374 4710; x_wconf 89' lang='lat' dir='ltr'><strong>assidua</strong></span> <span class='ocrx_word' id='word_1_731' title='bbox 1413 4662 1565 4724; x_wconf 91' lang='lat' dir='ltr'><strong>copia</strong></span> <span class='ocrx_word' id='word_1_732' title='bbox 1601 4670 1698 4721; x_wconf 89' lang='lat' dir='ltr'><strong>est,</strong></span> <span class='ocrx_word' id='word_1_733' title='bbox 1733 4678 1833 4714; x_wconf 86' lang='lat' dir='ltr'><strong>non</strong></span> 
     </span>
    </p>
   </div>
   <div class='ocr_carea' id='block_1_95' title="bbox 270 4737 1834 4801">
    <p class='ocr_par' dir='ltr' id='par_1_95' title="bbox 270 4737 1834 4801">
     <span class='ocr_line' id='line_1_95' title="bbox 270 4737 1834 4801; baseline 0.01 -14"><span class='ocrx_word' id='word_1_734' title='bbox 270 4745 483 4788; x_wconf 82' lang='lat' dir='ltr'><strong>constat</strong></span> <span class='ocrx_word' id='word_1_735' title='bbox 511 4737 646 4790; x_wconf 91' lang='lat' dir='ltr'><strong>inter</strong></span> <span class='ocrx_word' id='word_1_736' title='bbox 674 4749 913 4793; x_wconf 70' lang='lat' dir='ltr'><strong>auctare;</strong></span> <span class='ocrx_word' id='word_1_737' title='bbox 944 4757 961 4793; x_wconf 89' lang='lat'><strong><em>:</em></strong></span> <span class='ocrx_word' id='word_1_738' title='bbox 995 4741 1103 4795; x_wconf 80' lang='lat' dir='ltr'><strong>Rex</strong></span> <span class='ocrx_word' id='word_1_739' title='bbox 1147 4744 1416 4799; x_wconf 90' lang='lat' dir='ltr'><strong>nullumne</strong></span> <span class='ocrx_word' id='word_1_740' title='bbox 1454 4747 1596 4801; x_wconf 88' lang='lat' dir='ltr'><strong>solus</strong></span> <span class='ocrx_word' id='word_1_741' title='bbox 1647 4748 1834 4801; x_wconf 91' lang='lat' dir='ltr'><strong>habeat</strong></span> 
     </span>
    </p>
   </div>
   <div class='ocr_carea' id='block_1_96' title="bbox 269 4828 1834 4898">
    <p class='ocr_par' dir='ltr' id='par_1_96' title="bbox 269 4828 1834 4898">
     <span class='ocr_line' id='line_1_96' title="bbox 269 4828 1834 4898; baseline 0.008 -18"><span class='ocrx_word' id='word_1_742' title='bbox 269 4828 536 4889; x_wconf 86' lang='lat' dir='ltr'><strong>aculeum,</strong></span> <span class='ocrx_word' id='word_1_743' title='bbox 593 4831 868 4898; x_wconf 85' lang='lat' dir='ltr'><strong>majestate</strong></span> <span class='ocrx_word' id='word_1_744' title='bbox 922 4843 1125 4886; x_wconf 82' lang='lat' dir='ltr'><strong>tantum</strong></span> <span class='ocrx_word' id='word_1_745' title='bbox 1185 4847 1424 4890; x_wconf 89' lang='lat' dir='ltr'><strong>armatus</strong></span> <span class='ocrx_word' id='word_1_746' title='bbox 1467 4854 1587 4891; x_wconf 88' lang='lat' dir='ltr'><strong>:an</strong></span> <span class='ocrx_word' id='word_1_747' title='bbox 1636 4840 1834 4893; x_wconf 77' lang='lat' dir='ltr'><strong>dederit</strong></span> 
     </span>
    </p>
   </div>
   <div class='ocr_carea' id='block_1_97' title="bbox 269 4919 1835 5001">
    <p class='ocr_par' dir='ltr' id='par_1_97' title="bbox 269 4919 1835 5001">
     <span class='ocr_line' id='line_1_97' title="bbox 269 4919 1835 5001; baseline 0.01 -30"><span class='ocrx_word' id='word_1_748' title='bbox 269 4935 393 4971; x_wconf 84' lang='lat' dir='ltr'><strong>eum</strong></span> <span class='ocrx_word' id='word_1_749' title='bbox 423 4919 629 4989; x_wconf 88' lang='lat' dir='ltr'><strong>quidem</strong></span> <span class='ocrx_word' id='word_1_750' title='bbox 653 4930 867 4985; x_wconf 89' lang='lat' dir='ltr'><strong>natura,</strong></span> <span class='ocrx_word' id='word_1_751' title='bbox 897 4925 985 4977; x_wconf 85' lang='lat' dir='ltr'><strong>sed</strong></span> <span class='ocrx_word' id='word_1_752' title='bbox 1012 4941 1162 4978; x_wconf 91' lang='lat' dir='ltr'><strong>usum</strong></span> <span class='ocrx_word' id='word_1_753' title='bbox 1193 4929 1304 4997; x_wconf 89' lang='lat' dir='ltr'><strong>ejus</strong></span> <span class='ocrx_word' id='word_1_754' title='bbox 1335 4931 1418 4982; x_wconf 88' lang='lat' dir='ltr'><strong>illi</strong></span> <span class='ocrx_word' id='word_1_755' title='bbox 1443 4940 1645 4984; x_wconf 88' lang='lat' dir='ltr'><strong>tantum</strong></span> <span class='ocrx_word' id='word_1_756' title='bbox 1678 4951 1835 5001; x_wconf 87' lang='lat' dir='ltr'><strong>nega-</strong></span> 
     </span>
    </p>
   </div>
   <div class='ocr_carea' id='block_1_98' title="bbox 270 5010 1835 5083">
    <p class='ocr_par' dir='ltr' id='par_1_98' title="bbox 270 5010 1835 5083">
     <span class='ocr_line' id='line_1_98' title="bbox 270 5010 1835 5083; baseline 0.011 -21"><span class='ocrx_word' id='word_1_757' title='bbox 270 5011 425 5063; x_wconf 78' lang='lat' dir='ltr'><strong>terit.</strong></span> <span class='ocrx_word' id='word_1_758' title='bbox 463 5010 609 5064; x_wconf 88' lang='lat' dir='ltr'><strong>Illud</strong></span> <span class='ocrx_word' id='word_1_759' title='bbox 640 5023 848 5066; x_wconf 85' lang='lat' dir='ltr'><strong>constat</strong></span> <span class='ocrx_word' id='word_1_760' title='bbox 879 5015 1248 5083; x_wconf 89' lang='lat' dir='ltr'><strong>imperatorem</strong></span> <span class='ocrx_word' id='word_1_761' title='bbox 1281 5021 1459 5074; x_wconf 87' lang='lat' dir='ltr'><strong>aculeo</strong></span> <span class='ocrx_word' id='word_1_762' title='bbox 1488 5040 1587 5076; x_wconf 90' lang='lat' dir='ltr'><strong>non</strong></span> <span class='ocrx_word' id='word_1_763' title='bbox 1605 5027 1701 5077; x_wconf 89' lang='lat' dir='ltr'><strong>uti.</strong></span> <span class='ocrx_word' id='word_1_764' title='bbox 1732 5024 1835 5079; x_wconf 78' lang='lat' dir='ltr'><strong>Ne-</strong></span> 
     </span>
    </p>
   </div>
   <div class='ocr_carea' id='block_1_99' title="bbox 268 5098 1834 5180">
    <p class='ocr_par' dir='ltr' id='par_1_99' title="bbox 268 5098 1834 5180">
     <span class='ocr_line' id='line_1_99' title="bbox 268 5098 1834 5180; baseline 0.01 -29"><span class='ocrx_word' id='word_1_765' title='bbox 268 5107 364 5169; x_wconf 82' lang='lat' dir='ltr'><strong>gat</strong></span> <span class='ocrx_word' id='word_1_766' title='bbox 395 5098 622 5165; x_wconf 87' lang='lat' dir='ltr'><strong>Seneca,</strong></span> <span class='ocrx_word' id='word_1_767' title='bbox 663 5104 753 5157; x_wconf 91' lang='lat' dir='ltr'><strong>lib.</strong></span> <span class='ocrx_word' id='word_1_768' title='bbox 801 5120 838 5166; x_wconf 86' lang='grc' dir='ltr'><strong>ι,</strong></span> <span class='ocrx_word' id='word_1_769' title='bbox 872 5104 948 5158; x_wconf 90' lang='lat' dir='ltr'><strong>De</strong></span> <span class='ocrx_word' id='word_1_770' title='bbox 986 5107 1280 5172; x_wconf 88' lang='lat' dir='ltr'><strong>clementia,</strong></span> <span class='ocrx_word' id='word_1_771' title='bbox 1313 5127 1433 5180; x_wconf 90' lang='lat' dir='ltr'><strong>cap.</strong></span> <span class='ocrx_word' id='word_1_772' title='bbox 1477 5112 1564 5175; x_wconf 89' lang='grc'><strong>19,</strong></span> <span class='ocrx_word' id='word_1_773' title='bbox 1612 5113 1834 5166; x_wconf 85' lang='lat' dir='ltr'><strong>Iracun-</strong></span> 
     </span>
    </p>
   </div>
   <div class='ocr_carea' id='block_1_100' title="bbox 268 5191 1832 5270">
    <p class='ocr_par' dir='ltr' id='par_1_100' title="bbox 268 5191 1832 5270">
     <span class='ocr_line' id='line_1_100' title="bbox 268 5191 1832 5270; baseline 0.009 -28"><span class='ocrx_word' id='word_1_774' title='bbox 268 5191 524 5258; x_wconf 70' lang='lat' dir='ltr'><strong>dissimae,</strong></span> <span class='ocrx_word' id='word_1_775' title='bbox 576 5211 637 5246; x_wconf 92' lang='lat' dir='ltr'><strong>ac</strong></span> <span class='ocrx_word' id='word_1_776' title='bbox 673 5211 766 5262; x_wconf 89' lang='lat' dir='ltr'><strong>pro</strong></span> <span class='ocrx_word' id='word_1_777' title='bbox 804 5197 1035 5263; x_wconf 87' lang='lat' dir='ltr'><strong>corporis</strong></span> <span class='ocrx_word' id='word_1_778' title='bbox 1073 5209 1226 5266; x_wconf 88' lang='lat' dir='ltr'><strong>captu</strong></span> <span class='ocrx_word' id='word_1_779' title='bbox 1273 5204 1672 5270; x_wconf 68' lang='lat' dir='ltr'><strong>pugnacissima:</strong></span> <span class='ocrx_word' id='word_1_780' title='bbox 1713 5215 1832 5258; x_wconf 89' lang='lat' dir='ltr'><strong>sunt</strong></span> 
     </span>
    </p>
   </div>
   <div class='ocr_carea' id='block_1_101' title="bbox 268 5285 1834 5362">
    <p class='ocr_par' dir='ltr' id='par_1_101' title="bbox 268 5285 1834 5362">
     <span class='ocr_line' id='line_1_101' title="bbox 268 5285 1834 5362; baseline 0.01 -28"><span class='ocrx_word' id='word_1_781' title='bbox 268 5299 415 5350; x_wconf 91' lang='lat' dir='ltr'><strong>apes.</strong></span> <span class='ocrx_word' id='word_1_782' title='bbox 444 5293 495 5335; x_wconf 87' lang='lat' dir='ltr'><strong>et</strong></span> <span class='ocrx_word' id='word_1_783' title='bbox 526 5285 732 5339; x_wconf 88' lang='lat' dir='ltr'><strong>aculeos</strong></span> <span class='ocrx_word' id='word_1_784' title='bbox 762 5292 814 5338; x_wconf 85' lang='lat' dir='ltr'><strong>in</strong></span> <span class='ocrx_word' id='word_1_785' title='bbox 843 5288 1049 5342; x_wconf 71' lang='lat' dir='ltr'><strong>uulnere</strong></span> <span class='ocrx_word' id='word_1_786' title='bbox 1080 5291 1376 5360; x_wconf 87' lang='lat' dir='ltr'><strong>relinquunt</strong></span> <span class='ocrx_word' id='word_1_787' title='bbox 1406 5309 1424 5348; x_wconf 89' lang='lat'><strong><em>:</em></strong></span> <span class='ocrx_word' id='word_1_788' title='bbox 1457 5292 1565 5346; x_wconf 72' lang='lat' dir='ltr'><strong>lies:</strong></span> <span class='ocrx_word' id='word_1_789' title='bbox 1589 5297 1698 5362; x_wconf 89' lang='lat' dir='ltr'><strong>ipse</strong></span> <span class='ocrx_word' id='word_1_790' title='bbox 1726 5297 1834 5350; x_wconf 85' lang='lat' dir='ltr'><strong>sine</strong></span> 
     </span>
    </p>
   </div>
   <div class='ocr_carea' id='block_1_102' title="bbox 271 5374 1691 5455">
    <p class='ocr_par' dir='ltr' id='par_1_102' title="bbox 271 5374 1691 5455">
     <span class='ocr_line' id='line_1_102' title="bbox 271 5374 1691 5455; baseline 0.013 -31"><span class='ocrx_word' id='word_1_791' title='bbox 271 5374 454 5427; x_wconf 86' lang='lat' dir='ltr'><strong>aculeo</strong></span> <span class='ocrx_word' id='word_1_792' title='bbox 484 5384 579 5428; x_wconf 88' lang='lat' dir='ltr'><strong>est.</strong></span> <span class='ocrx_word' id='word_1_793' title='bbox 610 5378 846 5432; x_wconf 80' lang='lat' dir='ltr'><strong>Consule</strong></span> <span class='ocrx_word' id='word_1_794' title='bbox 879 5380 1166 5447; x_wconf 87' lang='lat' dir='ltr'><strong>Brodeum,</strong></span> <span class='ocrx_word' id='word_1_795' title='bbox 1216 5384 1306 5437; x_wconf 87' lang='lat' dir='ltr'><strong>lib.</strong></span> <span class='ocrx_word' id='word_1_796' title='bbox 1342 5401 1411 5448; x_wconf 84' lang='lat' dir='ltr'><strong>IV,</strong></span> <span class='ocrx_word' id='word_1_797' title='bbox 1441 5402 1562 5455; x_wconf 89' lang='lat' dir='ltr'><strong>cap.</strong></span> <span class='ocrx_word' id='word_1_798' title='bbox 1605 5387 1691 5442; x_wconf 92' lang='grc'><strong>10.</strong></span> 
     </span>
    </p>
   </div>
   <div class='ocr_carea' id='block_1_103' title="bbox 342 5465 1831 5542">
    <p class='ocr_par' dir='ltr' id='par_1_103' title="bbox 342 5465 1831 5542">
     <span class='ocr_line' id='line_1_103' title="bbox 342 5465 1831 5542; baseline 0.009 -24"><span class='ocrx_word' id='word_1_799' title='bbox 342 5465 500 5529; x_wconf 86' lang='lat' dir='ltr'><strong>lbid.,</strong></span> <span class='ocrx_word' id='word_1_800' title='bbox 532 5468 626 5522; x_wconf 91' lang='lat' dir='ltr'><strong>lin.</strong></span> <span class='ocrx_word' id='word_1_801' title='bbox 684 5470 770 5523; x_wconf 80' lang='lat'><strong>&#39;55.</strong></span> <span class='ocrx_word' id='word_1_802' title='bbox 820 5472 1157 5542; x_wconf 75' lang='grc' dir='ltr'><strong>Συνάγουσι</strong></span> <span class='ocrx_word' id='word_1_803' title='bbox 1186 5474 1253 5526; x_wconf 84' lang='grc' dir='ltr'><strong>δὲ</strong></span> <span class='ocrx_word' id='word_1_804' title='bbox 1298 5476 1363 5528; x_wconf 76' lang='grc' dir='ltr'>ἐκ</span> <span class='ocrx_word' id='word_1_805' title='bbox 1391 5476 1526 5532; x_wconf 81' lang='grc' dir='ltr'><strong>τῶν.</strong></span> <span class='ocrx_word' id='word_1_806' title='bbox 1581 5478 1831 5542; x_wconf 81' lang='lat' dir='ltr'><strong>Basilius,</strong></span> 
     </span>
    </p>
   </div>
   <div class='ocr_carea' id='block_1_104' title="bbox 271 5554 1834 5643">
    <p class='ocr_par' dir='ltr' id='par_1_104' title="bbox 271 5554 1834 5643">
     <span class='ocr_line' id='line_1_104' title="bbox 271 5554 1834 5643; baseline 0.01 -35"><span class='ocrx_word' id='word_1_807' title='bbox 271 5554 415 5609; x_wconf 90' lang='lat' dir='ltr'><strong>hom.</strong></span> <span class='ocrx_word' id='word_1_808' title='bbox 442 5559 476 5612; x_wconf 88' lang='grc'>8</span> <span class='ocrx_word' id='word_1_809' title='bbox 503 5578 515 5613; x_wconf 89' lang='lat'><strong>:</strong></span> <span class='ocrx_word' id='word_1_810' title='bbox 551 5559 652 5613; x_wconf 75' lang='grc' dir='ltr'><strong>Τὸν</strong></span> <span class='ocrx_word' id='word_1_811' title='bbox 679 5563 774 5632; x_wconf 83' lang='grc' dir='ltr'>μὲν</span> <span class='ocrx_word' id='word_1_812' title='bbox 797 5565 903 5633; x_wconf 78' lang='grc' dir='ltr'><strong>γὰρ</strong></span> <span class='ocrx_word' id='word_1_813' title='bbox 925 5567 1094 5637; x_wconf 75' lang='grc' dir='ltr'>κηρὸν</span> <span class='ocrx_word' id='word_1_814' title='bbox 1129 5567 1234 5619; x_wconf 80' lang='grc' dir='ltr'><strong>ἀπὸ</strong></span> <span class='ocrx_word' id='word_1_815' title='bbox 1260 5567 1367 5621; x_wconf 83' lang='grc' dir='ltr'><strong>τῶν</strong></span> <span class='ocrx_word' id='word_1_816' title='bbox 1394 5569 1565 5622; x_wconf 81' lang='grc' dir='ltr'><strong>ἀνθῶν</strong></span> <span class='ocrx_word' id='word_1_817' title='bbox 1596 5573 1834 5643; x_wconf 74' lang='grc' dir='ltr'>φανερῶς</span> 
     </span>
    </p>
   </div>
   <div class='ocr_carea' id='block_1_105' title="bbox 275 5651 1832 5733">
    <p class='ocr_par' dir='ltr' id='par_1_105' title="bbox 275 5651 1832 5733">
     <span class='ocr_line' id='line_1_105' title="bbox 275 5651 1832 5733; baseline 0.01 -36"><span class='ocrx_word' id='word_1_818' title='bbox 275 5651 608 5721; x_wconf 75' lang='grc' dir='ltr'>συναγείρειο</span> <span class='ocrx_word' id='word_1_819' title='bbox 635 5653 692 5706; x_wconf 87' lang='grc' dir='ltr'><strong>τὸ</strong></span> <span class='ocrx_word' id='word_1_820' title='bbox 717 5654 771 5706; x_wconf 81' lang='grc' dir='ltr'><strong>δὲ</strong></span> <span class='ocrx_word' id='word_1_821' title='bbox 797 5656 936 5725; x_wconf 79' lang='grc' dir='ltr'><strong>μέλι,</strong></span> <span class='ocrx_word' id='word_1_822' title='bbox 966 5657 1062 5728; x_wconf 77' lang='grc' dir='ltr'><strong>τὴν</strong></span> <span class='ocrx_word' id='word_1_823' title='bbox 1088 5657 1397 5728; x_wconf 80' lang='grc' dir='ltr'>δροσοειδῶς</span> <span class='ocrx_word' id='word_1_824' title='bbox 1431 5662 1832 5733; x_wconf 68' lang='grc' dir='ltr'><strong>ὲνεσπαρμένην</strong></span> 
     </span>
    </p>
   </div>
   <div class='ocr_carea' id='block_1_106' title="bbox 275 5740 1802 5824">
    <p class='ocr_par' dir='ltr' id='par_1_106' title="bbox 275 5740 1802 5824">
     <span class='ocr_line' id='line_1_106' title="bbox 275 5740 1802 5824; baseline 0.01 -33"><span class='ocrx_word' id='word_1_825' title='bbox 275 5740 444 5794; x_wconf 60' lang='lat' dir='ltr'><strong>uri-{Ea</strong></span> <span class='ocrx_word' id='word_1_826' title='bbox 483 5743 592 5806; x_wconf 63' lang='lat'><strong>10&quot;;</strong></span> <span class='ocrx_word' id='word_1_827' title='bbox 626 5744 836 5797; x_wconf 76' lang='grc' dir='ltr'><strong>ἄνθεσιν</strong></span> <span class='ocrx_word' id='word_1_828' title='bbox 880 5749 1292 5822; x_wconf 72' lang='grc' dir='ltr'><strong>ἐπισπασαμένη</strong></span> <span class='ocrx_word' id='word_1_829' title='bbox 1324 5752 1397 5822; x_wconf 74' lang='grc' dir='ltr'><strong>τῷ</strong></span> <span class='ocrx_word' id='word_1_830' title='bbox 1429 5771 1676 5824; x_wconf 81' lang='grc' dir='ltr'><strong>στοματι,</strong></span> <span class='ocrx_word' id='word_1_831' title='bbox 1707 5757 1802 5808; x_wconf 52' lang='lat' dir='ltr'><strong>me</strong></span> 
     </span>
    </p>
   </div>
   <div class='ocr_carea' id='block_1_107' title="bbox 1938 4561 3495 4634">
    <p class='ocr_par' dir='ltr' id='par_1_107' title="bbox 1938 4561 3495 4634">
     <span class='ocr_line' id='line_1_107' title="bbox 1938 4561 3495 4634; baseline -0.003 -17"><span class='ocrx_word' id='word_1_832' title='bbox 1938 4566 2072 4628; x_wconf 84' lang='grc' dir='ltr'><strong>θέως</strong></span> <span class='ocrx_word' id='word_1_833' title='bbox 2104 4566 2164 4617; x_wconf 79' lang='grc' dir='ltr'><strong>τὸ</strong></span> <span class='ocrx_word' id='word_1_834' title='bbox 2188 4565 2294 4617; x_wconf 81' lang='grc' dir='ltr'><strong>ἀπὸ</strong></span> <span class='ocrx_word' id='word_1_835' title='bbox 2325 4565 2415 4616; x_wconf 75' lang='grc' dir='ltr'><strong>τοῦ</strong></span> <span class='ocrx_word' id='word_1_836' title='bbox 2443 4564 2614 4634; x_wconf 85' lang='grc' dir='ltr'><strong>χυμοῦ</strong></span> <span class='ocrx_word' id='word_1_837' title='bbox 2648 4564 2897 4634; x_wconf 78' lang='grc' dir='ltr'><strong>μάλιστα.</strong></span> <span class='ocrx_word' id='word_1_838' title='bbox 2939 4562 3068 4626; x_wconf 68' lang='lat' dir='ltr'><strong>Quae</strong></span> <span class='ocrx_word' id='word_1_839' title='bbox 3098 4563 3169 4614; x_wconf 90' lang='lat' dir='ltr'><strong>ita</strong></span> <span class='ocrx_word' id='word_1_840' title='bbox 3201 4564 3359 4615; x_wconf 88' lang='lat' dir='ltr'><strong>vertit</strong></span> <span class='ocrx_word' id='word_1_841' title='bbox 3390 4561 3495 4612; x_wconf 69' lang='grc' dir='ltr'><strong>Ρη-</strong></span> 
     </span>
    </p>
   </div>
   <div class='ocr_carea' id='block_1_108' title="bbox 1940 4651 3496 4723">
    <p class='ocr_par' dir='ltr' id='par_1_108' title="bbox 1940 4651 3496 4723">
     <span class='ocr_line' id='line_1_108' title="bbox 1940 4651 3496 4723; baseline -0.004 -15"><span class='ocrx_word' id='word_1_842' title='bbox 1940 4656 2089 4717; x_wconf 90' lang='lat' dir='ltr'><strong>nius,</strong></span> <span class='ocrx_word' id='word_1_843' title='bbox 2127 4655 2216 4707; x_wconf 91' lang='lat' dir='ltr'><strong>lib.</strong></span> <span class='ocrx_word' id='word_1_844' title='bbox 2256 4669 2329 4715; x_wconf 76' lang='lat' dir='ltr'><strong>xl,</strong></span> <span class='ocrx_word' id='word_1_845' title='bbox 2383 4669 2500 4723; x_wconf 87' lang='lat' dir='ltr'><strong>cap.</strong></span> <span class='ocrx_word' id='word_1_846' title='bbox 2571 4654 2638 4707; x_wconf 78' lang='grc'><strong>15</strong></span> <span class='ocrx_word' id='word_1_847' title='bbox 2671 4674 2682 4707; x_wconf 91' lang='lat'><strong>:</strong></span> <span class='ocrx_word' id='word_1_848' title='bbox 2717 4653 2810 4706; x_wconf 81' lang='lat' dir='ltr'><strong>Est</strong></span> <span class='ocrx_word' id='word_1_849' title='bbox 2862 4662 3032 4705; x_wconf 89' lang='lat' dir='ltr'><strong>autem</strong></span> <span class='ocrx_word' id='word_1_850' title='bbox 3077 4653 3224 4704; x_wconf 88' lang='lat' dir='ltr'><strong>initio</strong></span> <span class='ocrx_word' id='word_1_851' title='bbox 3277 4651 3394 4712; x_wconf 83' lang='lat' dir='ltr'><strong>mel,</strong></span> <span class='ocrx_word' id='word_1_852' title='bbox 3443 4665 3496 4703; x_wconf 84' lang='lat' dir='ltr'><strong>ut</strong></span> 
     </span>
    </p>
   </div>
   <div class='ocr_carea' id='block_1_109' title="bbox 1937 4746 3492 4816">
    <p class='ocr_par' dir='ltr' id='par_1_109' title="bbox 1937 4746 3492 4816">
     <span class='ocr_line' id='line_1_109' title="bbox 1937 4746 3492 4816; baseline -0.002 -17"><span class='ocrx_word' id='word_1_853' title='bbox 1937 4765 2095 4816; x_wconf 86' lang='lat' dir='ltr'><strong>aqua,</strong></span> <span class='ocrx_word' id='word_1_854' title='bbox 2126 4747 2370 4806; x_wconf 82' lang='lat' dir='ltr'><strong>dilutum,</strong></span> <span class='ocrx_word' id='word_1_855' title='bbox 2401 4756 2449 4799; x_wconf 89' lang='lat' dir='ltr'><strong>et</strong></span> <span class='ocrx_word' id='word_1_856' title='bbox 2490 4747 2673 4813; x_wconf 84' lang='lat' dir='ltr'><strong>primis</strong></span> <span class='ocrx_word' id='word_1_857' title='bbox 2726 4746 2904 4800; x_wconf 86' lang='lat' dir='ltr'><strong>diebus</strong></span> <span class='ocrx_word' id='word_1_858' title='bbox 2953 4749 3130 4814; x_wconf 68' lang='lat' dir='ltr'><strong>(eruet,</strong></span> <span class='ocrx_word' id='word_1_859' title='bbox 3158 4756 3214 4798; x_wconf 89' lang='lat' dir='ltr'><strong>ut</strong></span> <span class='ocrx_word' id='word_1_860' title='bbox 3246 4755 3492 4802; x_wconf 84' lang='lat' dir='ltr'><strong>mustum,</strong></span> 
     </span>
    </p>
   </div>
   <div class='ocr_carea' id='block_1_110' title="bbox 1936 4837 3496 4908">
    <p class='ocr_par' dir='ltr' id='par_1_110' title="bbox 1936 4837 3496 4908">
     <span class='ocr_line' id='line_1_110' title="bbox 1936 4837 3496 4908; baseline -0.001 -16"><span class='ocrx_word' id='word_1_861' title='bbox 1936 4855 2087 4908; x_wconf 89' lang='lat' dir='ltr'><strong>seque</strong></span> <span class='ocrx_word' id='word_1_862' title='bbox 2114 4848 2333 4906; x_wconf 88' lang='lat' dir='ltr'><strong>purgat:</strong></span> <span class='ocrx_word' id='word_1_863' title='bbox 2361 4839 2595 4890; x_wconf 86' lang='lat' dir='ltr'><strong>vicesimo</strong></span> <span class='ocrx_word' id='word_1_864' title='bbox 2623 4838 2705 4892; x_wconf 88' lang='lat' dir='ltr'><strong>die</strong></span> <span class='ocrx_word' id='word_1_865' title='bbox 2730 4840 3038 4900; x_wconf 80' lang='lat' dir='ltr'><strong>crassescit;</strong></span> <span class='ocrx_word' id='word_1_866' title='bbox 3074 4852 3194 4890; x_wconf 70' lang='lat' dir='ltr'><strong>mox</strong></span> <span class='ocrx_word' id='word_1_867' title='bbox 3223 4837 3496 4892; x_wconf 87' lang='lat' dir='ltr'><strong>obducitur</strong></span> 
     </span>
    </p>
   </div>
   <div class='ocr_carea' id='block_1_111' title="bbox 1938 4928 3495 4999">
    <p class='ocr_par' dir='ltr' id='par_1_111' title="bbox 1938 4928 3495 4999">
     <span class='ocr_line' id='line_1_111' title="bbox 1938 4928 3495 4999; baseline 0.001 -18"><span class='ocrx_word' id='word_1_868' title='bbox 1938 4930 2080 4982; x_wconf 89' lang='lat' dir='ltr'><strong>tenui</strong></span> <span class='ocrx_word' id='word_1_869' title='bbox 2132 4928 2456 4992; x_wconf 88' lang='lat' dir='ltr'><strong>membrana,</strong></span> <span class='ocrx_word' id='word_1_870' title='bbox 2499 4945 2612 4998; x_wconf 82' lang='lat' dir='ltr'><strong>qua:</strong></span> <span class='ocrx_word' id='word_1_871' title='bbox 2651 4930 2866 4998; x_wconf 72' lang='lat' dir='ltr'><strong>fervoris</strong></span> <span class='ocrx_word' id='word_1_872' title='bbox 2927 4932 3089 4997; x_wconf 82' lang='lat' dir='ltr'><strong>ipsius</strong></span> <span class='ocrx_word' id='word_1_873' title='bbox 3137 4946 3322 4999; x_wconf 88' lang='lat' dir='ltr'><strong>spuma</strong></span> <span class='ocrx_word' id='word_1_874' title='bbox 3373 4946 3495 4982; x_wconf 89' lang='lat' dir='ltr'><strong>con-</strong></span> 
     </span>
    </p>
   </div>
   <div class='ocr_carea' id='block_1_112' title="bbox 1936 5021 2139 5074">
    <p class='ocr_par' dir='ltr' id='par_1_112' title="bbox 1936 5021 2139 5074">
     <span class='ocr_line' id='line_1_112' title="bbox 1936 5021 2139 5074; baseline 0.01 -2"><span class='ocrx_word' id='word_1_875' title='bbox 1936 5021 2139 5074; x_wconf 88' lang='lat' dir='ltr'><strong>crescit.</strong></span> 
     </span>
    </p>
   </div>
   <div class='ocr_carea' id='block_1_113' title="bbox 2007 5111 3495 5191">
    <p class='ocr_par' dir='ltr' id='par_1_113' title="bbox 2007 5111 3495 5191">
     <span class='ocr_line' id='line_1_113' title="bbox 2007 5111 3495 5191; baseline 0.001 -27"><span class='ocrx_word' id='word_1_876' title='bbox 2007 5112 2160 5191; x_wconf 38' lang='lat' dir='ltr'><strong>l&#39;bid.,</strong></span> <span class='ocrx_word' id='word_1_877' title='bbox 2196 5113 2290 5168; x_wconf 92' lang='lat' dir='ltr'><strong>lin.</strong></span> <span class='ocrx_word' id='word_1_878' title='bbox 2336 5114 2424 5168; x_wconf 77' lang='lat'><strong>39.</strong></span> <span class='ocrx_word' id='word_1_879' title='bbox 2448 5113 2672 5182; x_wconf 68' lang='grc' dir='ltr'><strong>’Σοφῶς</strong></span> <span class='ocrx_word' id='word_1_880' title='bbox 2711 5113 2778 5166; x_wconf 77' lang='grc' dir='ltr'><strong>δὲ</strong></span> <span class='ocrx_word' id='word_1_881' title='bbox 2809 5115 2904 5166; x_wconf 78' lang='grc' dir='ltr'><strong>καὶ</strong></span> <span class='ocrx_word' id='word_1_882' title='bbox 2936 5112 3062 5178; x_wconf 81' lang='grc' dir='ltr'><strong>τάς.</strong></span> <span class='ocrx_word' id='word_1_883' title='bbox 3111 5111 3183 5167; x_wconf 87' lang='lat' dir='ltr'><strong>De</strong></span> <span class='ocrx_word' id='word_1_884' title='bbox 3212 5113 3314 5166; x_wconf 88' lang='lat' dir='ltr'><strong>boc</strong></span> <span class='ocrx_word' id='word_1_885' title='bbox 3357 5112 3495 5165; x_wconf 90' lang='lat' dir='ltr'><strong>miro</strong></span> 
     </span>
    </p>
   </div>
   <div class='ocr_carea' id='block_1_114' title="bbox 1937 5205 3496 5274">
    <p class='ocr_par' dir='ltr' id='par_1_114' title="bbox 1937 5205 3496 5274">
     <span class='ocr_line' id='line_1_114' title="bbox 1937 5205 3496 5274; baseline 0.001 -16"><span class='ocrx_word' id='word_1_886' title='bbox 1937 5206 2115 5274; x_wconf 89' lang='lat' dir='ltr'><strong>apium</strong></span> <span class='ocrx_word' id='word_1_887' title='bbox 2149 5206 2378 5260; x_wconf 88' lang='lat' dir='ltr'><strong>artilicio</strong></span> <span class='ocrx_word' id='word_1_888' title='bbox 2410 5209 2462 5261; x_wconf 90' lang='lat' dir='ltr'><strong>in</strong></span> <span class='ocrx_word' id='word_1_889' title='bbox 2499 5208 2634 5262; x_wconf 81' lang='lat' dir='ltr'><strong>favis</strong></span> <span class='ocrx_word' id='word_1_890' title='bbox 2677 5207 3057 5262; x_wconf 82' lang='lat' dir='ltr'><strong>construendis</strong></span> <span class='ocrx_word' id='word_1_891' title='bbox 3091 5207 3311 5260; x_wconf 86' lang='lat' dir='ltr'><strong>consule</strong></span> <span class='ocrx_word' id='word_1_892' title='bbox 3341 5205 3496 5259; x_wconf 71' lang='lat' dir='ltr'><strong>llasi~</strong></span> 
     </span>
    </p>
   </div>
   <div class='ocr_carea' id='block_1_115' title="bbox 1939 5297 3495 5366">
    <p class='ocr_par' dir='ltr' id='par_1_115' title="bbox 1939 5297 3495 5366">
     <span class='ocr_line' id='line_1_115' title="bbox 1939 5297 3495 5366; baseline 0.001 -17"><span class='ocrx_word' id='word_1_893' title='bbox 1939 5299 2090 5361; x_wconf 86' lang='lat' dir='ltr'><strong>lium,</strong></span> <span class='ocrx_word' id='word_1_894' title='bbox 2139 5300 2281 5353; x_wconf 88' lang='lat' dir='ltr'><strong>hom.</strong></span> <span class='ocrx_word' id='word_1_895' title='bbox 2333 5302 2401 5364; x_wconf 85' lang='lat'><strong>8;</strong></span> <span class='ocrx_word' id='word_1_896' title='bbox 2450 5300 2829 5362; x_wconf 86' lang='lat' dir='ltr'><strong>Aristotelem,</strong></span> <span class='ocrx_word' id='word_1_897' title='bbox 2878 5299 2971 5353; x_wconf 90' lang='lat' dir='ltr'><strong>lib.</strong></span> <span class='ocrx_word' id='word_1_898' title='bbox 3028 5314 3103 5363; x_wconf 79' lang='lat' dir='ltr'><strong>IX,</strong></span> <span class='ocrx_word' id='word_1_899' title='bbox 3166 5312 3285 5366; x_wconf 88' lang='lat' dir='ltr'><strong>cap.</strong></span> <span class='ocrx_word' id='word_1_900' title='bbox 3319 5297 3407 5358; x_wconf 75' lang='grc'><strong>40,</strong></span> <span class='ocrx_word' id='word_1_901' title='bbox 3443 5307 3495 5350; x_wconf 90' lang='lat' dir='ltr'><strong>et</strong></span> 
     </span>
    </p>
   </div>
   <div class='ocr_carea' id='block_1_116' title="bbox 1937 5391 3492 5459">
    <p class='ocr_par' dir='ltr' id='par_1_116' title="bbox 1937 5391 3492 5459">
     <span class='ocr_line' id='line_1_116' title="bbox 1937 5391 3492 5459; baseline -0.001 -15"><span class='ocrx_word' id='word_1_902' title='bbox 1937 5391 2233 5453; x_wconf 67' lang='lat' dir='ltr'><strong>IElianum,</strong></span> <span class='ocrx_word' id='word_1_903' title='bbox 2271 5392 2346 5445; x_wconf 86' lang='lat' dir='ltr'><strong>De</strong></span> <span class='ocrx_word' id='word_1_904' title='bbox 2389 5393 2576 5447; x_wconf 80' lang='lat' dir='ltr'><strong>histor.</strong></span> <span class='ocrx_word' id='word_1_905' title='bbox 2616 5391 2858 5451; x_wconf 84' lang='lat' dir='ltr'><strong>animal.,</strong></span> <span class='ocrx_word' id='word_1_906' title='bbox 2901 5392 2994 5443; x_wconf 74' lang='lat' dir='ltr'><strong>lib.</strong></span> <span class='ocrx_word' id='word_1_907' title='bbox 3034 5407 3080 5454; x_wconf 83' lang='grc' dir='ltr'><strong>ν,</strong></span> <span class='ocrx_word' id='word_1_908' title='bbox 3122 5407 3241 5459; x_wconf 87' lang='lat' dir='ltr'><strong>cap.</strong></span> <span class='ocrx_word' id='word_1_909' title='bbox 3281 5392 3367 5453; x_wconf 83' lang='lat' dir='ltr'><strong>l5,</strong></span> <span class='ocrx_word' id='word_1_910' title='bbox 3403 5394 3492 5459; x_wconf 88' lang='lat' dir='ltr'><strong>qui</strong></span> 
     </span>
    </p>
   </div>
   <div class='ocr_carea' id='block_1_117' title="bbox 1934 5482 3480 5552">
    <p class='ocr_par' dir='ltr' id='par_1_117' title="bbox 1934 5482 3480 5552">
     <span class='ocr_line' id='line_1_117' title="bbox 1934 5482 3480 5552; baseline 0.003 -20"><span class='ocrx_word' id='word_1_911' title='bbox 1934 5483 2352 5551; x_wconf 81' lang='lat' dir='ltr'><strong>elegantissimis</strong></span> <span class='ocrx_word' id='word_1_912' title='bbox 2393 5484 2570 5538; x_wconf 84' lang='lat' dir='ltr'><strong>verbis</strong></span> <span class='ocrx_word' id='word_1_913' title='bbox 2617 5482 2936 5537; x_wconf 89' lang='lat' dir='ltr'><strong>industriam</strong></span> <span class='ocrx_word' id='word_1_914' title='bbox 2983 5484 3119 5535; x_wconf 88' lang='lat' dir='ltr'><strong>hanc</strong></span> <span class='ocrx_word' id='word_1_915' title='bbox 3154 5499 3480 5552; x_wconf 70' lang='lat' dir='ltr'><strong>prosequun-</strong></span> 
     </span>
    </p>
   </div>
   <div class='ocr_carea' id='block_1_118' title="bbox 2005 5664 3492 5733">
    <p class='ocr_par' dir='ltr' id='par_1_118' title="bbox 2005 5664 3492 5733">
     <span class='ocr_line' id='line_1_118' title="bbox 2005 5664 3492 5733; baseline -0.002 -18"><span class='ocrx_word' id='word_1_916' title='bbox 2005 5665 2161 5727; x_wconf 85' lang='lat' dir='ltr'><strong>lbid.,</strong></span> <span class='ocrx_word' id='word_1_917' title='bbox 2188 5666 2282 5720; x_wconf 89' lang='lat' dir='ltr'><strong>lin.</strong></span> <span class='ocrx_word' id='word_1_918' title='bbox 2322 5667 2408 5723; x_wconf 62' lang='grc'><strong>43,</strong></span> <span class='ocrx_word' id='word_1_919' title='bbox 2443 5669 2508 5718; x_wconf 81' lang='lat' dir='ltr'><strong>Al</strong></span> <span class='ocrx_word' id='word_1_920' title='bbox 2548 5664 2610 5716; x_wconf 76' lang='grc' dir='ltr'><strong>δὲ</strong></span> <span class='ocrx_word' id='word_1_921' title='bbox 2649 5665 2880 5733; x_wconf 79' lang='grc' dir='ltr'><strong>ἀκρίδες</strong></span> <span class='ocrx_word' id='word_1_922' title='bbox 2915 5667 3023 5719; x_wconf 75' lang='grc' dir='ltr'><strong>ἑνί.</strong></span> <span class='ocrx_word' id='word_1_923' title='bbox 3066 5666 3317 5726; x_wconf 78' lang='lat' dir='ltr'><strong>Basilius,</strong></span> <span class='ocrx_word' id='word_1_924' title='bbox 3349 5666 3492 5717; x_wconf 69' lang='lat' dir='ltr'><strong>item.</strong></span> 
     </span>
    </p>
   </div>
   <div class='ocr_carea' id='block_1_119' title="bbox 1938 5757 3498 5830">
    <p class='ocr_par' dir='ltr' id='par_1_119' title="bbox 1938 5757 3498 5830">
     <span class='ocr_line' id='line_1_119' title="bbox 1938 5757 3498 5830; baseline -0.001 -20"><span class='ocrx_word' id='word_1_925' title='bbox 1938 5758 1967 5810; x_wconf 89' lang='lat'>8</span> <span class='ocrx_word' id='word_1_926' title='bbox 1997 5777 2007 5810; x_wconf 86' lang='lat'>:</span> <span class='ocrx_word' id='word_1_927' title='bbox 2038 5757 2158 5820; x_wconf 76' lang='grc' dir='ltr'><strong>Πῶς</strong></span> <span class='ocrx_word' id='word_1_928' title='bbox 2191 5775 2266 5810; x_wconf 78' lang='grc' dir='ltr'><strong>σοι</strong></span> <span class='ocrx_word' id='word_1_929' title='bbox 2311 5759 2408 5820; x_wconf 73' lang='grc' dir='ltr'><strong>τὰς</strong></span> <span class='ocrx_word' id='word_1_930' title='bbox 2455 5757 2686 5828; x_wconf 67' lang='grc' dir='ltr'>φοϐερὰς</span> <span class='ocrx_word' id='word_1_931' title='bbox 2740 5760 3115 5830; x_wconf 67' lang='grc' dir='ltr'><strong>ἐπιστρατείας</strong></span> <span class='ocrx_word' id='word_1_932' title='bbox 3147 5762 3242 5830; x_wconf 73' lang='grc' dir='ltr'><strong>τῆς</strong></span> <span class='ocrx_word' id='word_1_933' title='bbox 3282 5760 3498 5828; x_wconf 61' lang='lat' dir='ltr'><strong>«lapide;</strong></span> 
     </span>
    </p>
   </div>
  </div>
