4072 6342
574 300 677 353 iii!)

1896 278 2142 337 LEONIS
2178 276 2446 364 sLLs'ru

3690 265 3794 322 9‘20

571 419 914 490 διηγήσομαι,
949 415 983 485 ἢ
1008 415 1094 484 ὑφ’
1125 412 1206 466 ἑνὶ
1237 411 1537 482 συνθήματι
1574 384 1720 463 πᾶσα
1763 407 2009 478 ἀρθεῖσα,
2045 407 2117 460 κα

2240 410 2433 474 praeter
2457 400 2716 456 rationem
2751 406 2877 454 sunt
2898 410 3021 467 qua:
3063 392 3402 450 Democritus
3443 390 3585 465 apud
3629 392 3796 450 colle~

573 506 1140 584 στρατοπεδευσαμένη
1177 504 1318 558 κατά
1357 503 1417 557 τὸ
1456 503 1653 565 πλάτος
1690 501 1788 572 τῆς
1823 500 2025 572 χώρας,
2069 500 2129 553 οὐ

572 603 831 676 πρότερον
860 599 1086 653 ἅπτεται
1117 595 1226 649 τῶν
1263 592 1491 666 καρπῶν
1529 594 1658 665 πρὶν
1685 591 1954 662 ὲνδοθῆναι
1995 593 2129 663 αὐτῇ

570 698 628 749 τὸ
653 694 791 747 θεῖον
824 690 1176 760 πρόσταγμα;
1215 687 1339 749 Πῶς
1366 686 1399 756 ή
1433 684 1673 748 σελευκὶς
1704 683 1961 751 ἐφέπεται
1998 682 2132 752 ἴαμα

566 786 666 857 τῆς
696 782 911 855 πληγῆς
943 779 1242 851 ἀπέραντον
1272 778 1468 849 ἔχουσα
1496 775 1589 829 τοῦ
1619 774 1817 828 ἐσθίειν
1844 774 1940 844 τὴν
1968 772 2131 827 δύνα-

570 894 681 946 μιν,
727 872 822 927 τοῦ
869 869 1245 941 φιλανθρώπου
1290 866 1425 922 Θεοῦ
1478 866 1770 938 ἀκόρεστον
1814 865 1983 937 αὐτῆς
2030 866 2131 937 τὴν

567 965 726 1035 φύσιν
770 965 855 1018 ἐπ’
891 961 1175 1033 εὐεργεσίᾳ
1200 959 1307 1014 τῶν
1351 957 1653 1031 ἀνθρώπων
1690 956 2128 1011 κατασκευάσαν-

565 1074 674 1120 τος.
716 1055 945 1119 Plinius,
988 1054 1079 1108 lib.
1124 1068 1183 1117 ιι,
1217 1065 1336 1122 cap.
1380 1050 1470 1115 29,
1516 1050 1572 1104 in
1608 1065 1718 1121 quo
1758 1048 1852 1103 irae
1902 1048 2127 1103 deorum

568 1159 771 1219 peetem
797 1162 890 1204 eas
928 1157 1224 1216 nuncupat,
1267 1157 1361 1200 eas
1404 1158 1614 1198 summe
1650 1143 1840 1197 noxias
1880 1141 2128 1213 frugibus

567 1256 705 1311 quas
728 1240 962 1295 exedunt
989 1249 1042 1293 et
1068 1235 1299 1309 perdunt
1325 1233 1393 1290 ad
1422 1234 1866 1298 internecionem,
1888 1222 2127 1289 maximo

569 1330 878 1383 mortalium
905 1328 1247 1383 incommodo
1287 1326 1574 1382 universus
1606 1325 1758 1382 orbis
1803 1323 2125 1396 quandoque

568 1421 864 1490 experitur.
906 1420 1009 1476 Eas
1039 1420 1113 1473 ita
1148 1418 1438 1489 descripsit
1464 1415 1797 1472 Claudianus
1824 1432 1838 1469 :

644 1533 836 1588 Horret
867 1548 996 1600 apex
1025 1533 1233 1601 capitis,
1262 1530 1430 1585 medio
1460 1531 1574 1600 fera
1608 1529 1810 1585 lumina
1835 1539 2055 1601 surgunt

648 1604 843 1658 Vertice
871 1600 1120 1674 cognatus
1159 1600 1314 1655 dorso
1347 1602 1576 1674 durescit
1603 1603 1824 1674 amictus
1860 1615 1879 1654 :

641 1677 674 1725 ,1
687 1674 872 1727 rmavit
905 1670 1097 1726 natura
1124 1680 1312 1742 cutem,
1342 1670 1585 1742 dumique
1613 1672 1850 1742 rubentes

638 1742 949 1813 Cuspidibus
973 1743 1145 1811 parvis
1173 1741 1350 1796 multis
1381 1740 1564 1797 acuere
1592 1740 1823 1796 rubores.

638 1878 795 1942 lbid.,
850 1877 947 1932 lin.
991 1876 1082 1931 49.
1140 1876 1460 1932 Μετέπειτα
1504 1875 1573 1929 δὲ
1622 1875 1843 1942 αὐτοῖς.
1895 1874 2124 1941 Plinius,

565 1970 659 2026 lib.
688 1986 742 2034 ι,
773 1970 937 2040 capit.
964 1968 1031 2023 27
1060 1988 1073 2023 :
1106 1967 1397 2024 Seleucides
1443 1985 1562 2023 aves
1606 1977 1875 2032 vocantur,
1903 1984 2127 2038 quarum

564 2062 840 2116 adventum
880 2079 912 2115 a
962 2060 1089 2115 Jove
1146 2062 1379 2130 precibus
1433 2062 1715 2131 impetrant
1766 2059 1893 2116 Casi
1931 2063 2125 2117 montis

563 2154 749 2209 incola:
781 2154 954 2223 fruges
1003 2168 1181 2206 eorum
1211 2152 1427 2208 locustis
1459 2151 1808 2207 vastantibus.
1844 2149 1955 2207 Nec
1990 2151 2127 2208 unde

564 2246 791 2309 ueniant,
821 2258 979 2312 quove
1007 2241 1194 2296 abeant
1222 2250 1562 2311 compertum,
1606 2257 1873 2312 nunquam
1912 2256 2126 2310 conspe-

563 2337 682 2397 ctis,
716 2335 819 2388 nisi
846 2351 961 2387 cum
985 2333 1231 2403 prmsidio
1258 2351 1436 2388 earum
1456 2333 1733 2404 indigetur.
1761 2332 1994 2390 Galenus
2029 2348 2125 2390 eas

563 2425 747 2495 ὄρνεον
770 2423 888 2476 εἶπε
910 2424 1001 2477 καὶ
1028 2423 1339 2495 ἀκόρεστον,
1366 2422 1458 2476 καὶ
1484 2421 1805 2494 πανοῦργον,
1835 2429 1889 2478 et
1918 2422 2013 2477 lib.
2046 2438 2121 2490 vr,

563 2531 682 2587 cap.
709 2516 768 2580 ὅ,
794 2515 861 2570 de
889 2516 992 2569 loc.
1027 2513 1205 2568 ασθαι.
1244 2514 1497 2569 Aviculas
1539 2528 1675 2585 quas
1717 2522 1990 2572 nostrates
2021 2515 2121 2571 Se-

564 2604 801 2660 leucldas
831 2612 1046 2671 vocant,
1068 2604 1270 2675 jugiter
1302 2605 1540 2661 locustas
1582 2605 1769 2671 edunt,
1795 2620 1998 2677 easque
2032 2620 2123 2661 ce-

561 2696 746 2751 leriter
772 2704 1090 2751 excernunt.
1127 2694 1322 2751 Eadem
1357 2712 1476 2766 qua:
1506 2705 1560 2752 et
1589 2706 1776 2752 noster
1804 2696 2119 2753 Eustathius

559 2786 722 2841 habet
768 2785 1108 2848 Ambrosius,
1136 2785 1230 2840 lib.
1266 2803 1297 2837 v
1328 2785 1663 2852 lIexaemer.,
1708 2802 1829 2859 cap.
1862 2788 1955 2844 25.
1985 2787 2121 2843 Vide

558 2886 813 2947 praeterea
847 2878 1153 2935 Conradum
1182 2878 1501 2942 Gesnerum,
1557 2880 1648 2934 lib.
1681 2895 1740 2934 ιιι
1785 2881 1862 2935 De
1902 2879 2120 2943 avibus;

559 2972 849 3026 Antonium
905 2970 1238 3037 Calatinum,
1285 2969 1360 3025 De
1407 2971 1512 3024 situ
1560 2968 1825 3042 Iapygiw;
1860 2970 2117 3027 Zosinutu

555 3061 804 3116 comitem
832 3104 848 3129 ,
896 3061 1034 3117 llist.
1086 3062 1180 3116 lib.
1235 3078 1288 3129 ι;
1335 3058 1601 3117 Diodorus
1642 3061 1930 3118 Tarsensis
1976 3062 2118 3134 apud

556 3151 806 3208 Pbotium
850 3155 923 3207 ita
959 3154 1055 3209 has
1082 3170 1208 3209 aves
1240 3153 1467 3209 locustis
1506 3168 1627 3209 esse
1655 3154 1905 3209 inimicas
1934 3154 2116 3222 tradit,

556 3256 616 3298 ut
640 3247 724 3301 vel
755 3247 944 3301 umbra
978 3248 1095 3303 sola
1138 3263 1232 3303 eas
1270 3247 1584 3302 interimant
1613 3264 1627 3299 :
1664 3247 1771 3299 Καὶ
1807 3248 1839 3316 ἡ
1879 3245 2120 3309 σελευκὶς

551 3341 612 3391 τὸ
634 3340 832 3411 πτηνὸν
851 3340 1024 3405 οὕτως
1044 3341 1187 3394 ἐστὶν
1215 3340 1430 3412 ἀκρίσιν
1447 3339 1705 3412 ὀλέθριον,
1723 3338 1862 3392 ὥστε
1882 3337 1974 3391 καὶ
1996 3339 2117 3392 ὅσαι

553 3432 618 3485 ἂν
645 3434 712 3504 τῇ
735 3433 863 3503 σκιᾷ
881 3432 1085 3502 ταύτης
1113 3430 1539 3501 καταλειφθεῖεν,
1571 3430 1900 3502 φθείρονται.
1921 3427 1986 3483 Ει
2016 3430 2119 3485 hoc

555 3524 806 3593 precibus
833 3540 865 3579 a
895 3524 1005 3580 Deo
1039 3524 1313 3593 impetrari
1343 3532 1573 3587 tantum,
1604 3531 1663 3582 ut
1700 3523 1947 3577 immanre
1975 3522 2115 3576 mul-

553 3614 802 3669 titudinis
859 3614 1140 3669 voracitati
1200 3613 1372 3683 possit
1422 3613 1659 3676 occurri,
1707 3612 1868 3667 etiam
1906 3610 2116 3668 Plinius

554 3707 714 3759 homo
763 3705 1016 3759 ethnicus
1067 3704 1273 3759 videtur
1322 3706 1567 3760 innuere.
1622 3702 1818 3758 Earum
1880 3717 2117 3773 namque

554 3798 843 3851 adventum
891 3796 992 3850 soli
1033 3795 1139 3850 Deo
1169 3795 1226 3851 in
1259 3803 1408 3850 tanta
1460 3795 1679 3852 miseria
1733 3794 2112 3851 ascribendum

550 3901 659 3940 non
683 3887 858 3941 solum
892 3884 1206 3941 Eustathius
1239 3895 1422 3941 noster
1444 3886 1718 3956 praedicat,
1746 3886 1836 3941 sed
1864 3885 2112 3956 quilibet,

549 3977 645 4047 qui
675 3978 1008 4034 locustarum
1039 3993 1236 4032 noxam
1267 4019 1282 4045 ,
1307 3984 1380 4039 et,
1414 3985 1471 4032 ut
1509 3976 1583 4031 ita
1616 3976 1813 4042 dicam,
1844 3991 2110 4031 venenum

549 4071 731 4126 omnia
753 4069 1001 4125 inliciens
1041 4085 1279 4139 unquam
1321 4069 1472 4133 vidit,
1506 4069 1750 4124 censebit
1777 4067 2109 4123 necessario.

551 4161 721 4219 liabet
750 4169 929 4217 tamen
953 4171 1008 4217 et
1035 4162 1271 4216 humana
1299 4170 1509 4226 natura,
1535 4159 1783 4229 quamvis
1812 4158 2110 4228 saepissime

550 4254 785 4318 fallatur,
814 4269 943 4310 suas
970 4253 1136 4318 vires,
1166 4260 1220 4307 ct
1247 4263 1307 4307 ut
1336 4253 1409 4306 ita
1434 4251 1633 4313 dicam,
1659 4251 1957 4314 solertiam,
1986 4252 2110 4321 qui-

2233 504 2435 551 ctorem
2468 492 2815 561 Geaponicon,
2846 490 2943 544 lib.
2976 503 3095 554 ιιιιι,
3124 486 3308 550 refert,
3350 495 3405 541 et
3444 486 3511 541 ad
3554 501 3649 541 eas
3681 485 3793 555 jam

2233 583 2500 637 irruentes
2522 580 2912 651 impediendas,
2934 577 3040 641 vel,
3069 576 3115 632 si
3139 576 3475 648 irrepserint,
3502 575 3795 632 absumen-

2232 672 2353 738 das,
2378 680 2507 730 sunt
2531 670 2676 727 enim
2714 678 2767 727 et
2796 676 3003 724 natura:
3033 684 3217 724 rerum
3244 675 3629 731 consentanea,
3655 670 3796 722 mulo

2230 765 2412 835 tisqne
2460 761 2845 834 experimentis
2884 759 3255 831 comprobata.
3301 757 3376 816 De
3423 759 3625 831 quibus
3666 758 3793 814 alibi

2229 854 2606 926 opportunius.

2298 943 2456 1009 lhid.,
2479 944 2575 999 lin.
2604 941 2860 1016 δεκτήν
2883 939 3119 1014 τλαῦκά
3146 955 3315 1012 φασι.
3345 940 3601 1007 Basilius,
3641 940 3789 996 hom.

2227 1036 2307 1091 8:
2344 1035 2455 1090 Καὶ
2503 1033 2610 1107 γάρ
2661 1033 2873 1106 ἐκείνης
2916 1033 2951 1105 ἡ
3001 1031 3125 1102 ὀψις
3170 1031 3364 1096 νυκτὸς
3404 1032 3502 1104 μὲν
3535 1031 3791 1105 ἔρρωται,

2227 1128 2383 1200 ἡλίου
2412 1127 2469 1181 δὲ
2497 1125 2806 1198 λάμψαντος
2831 1124 3189 1199 ἀμαυροῦται.
3221 1121 3450 1196 Ideoque
3479 1133 3643 1181 noctu
3672 1140 3793 1181 eam

2226 1221 2410 1292 vagari
2444 1221 2608 1277 refert
2652 1220 2992 1286 Aristoteles,
3024 1218 3102 1275 De
3119 1220 3306 1279 histor.
3340 1222 3587 1287 enimah,
3618 1218 3717 1275 lib.
3752 1235 3792 1286 ι,

2225 1330 2345 1385 cap.
2381 1313 2431 1378 l,
2484 1323 2538 1369 et
2582 1312 2678 1368 lib.
2715 1328 2793 1378 ιιι,
2844 1327 2965 1383 cap.
2991 1313 3083 1377 54,
3121 1314 3197 1368 ait
3256 1320 3505 1381 noctuas,
3539 1313 3793 1382 viciniae,

2223 1418 2279 1464 et
2318 1407 2528 1478 reliqua
2578 1421 2697 1478 qua:
2739 1404 2977 1461 interdiu
3027 1420 3248 1461 cernere
3285 1413 3580 1476 nequeunt,
3628 1418 3795 1464 noctu

2222 1499 2474 1555 venando
2523 1499 2706 1553 cibum
2752 1496 2855 1553 sibi
2912 1497 3211 1568 acquirere.
3256 1496 3455 1554 Verum
3514 1514 3627 1555 non
3681 1507 3793 1556 tota

2224 1599 2383 1649 nocte
2416 1590 2470 1646 id
2501 1589 2698 1652 facere,
2725 1587 2818 1644 sed
2864 1587 3197 1658 vespertino,
3226 1589 3606 1658 et.matutino.
3637 1589 3793 1660 Apud

2228 1680 2478 1736 Photium
2510 1679 2568 1733 in
2595 1675 3223 1739 Bibliotheca,Antonius
3245 1674 3508 1746 Diogenes
3529 1678 3585 1732 in
3619 1676 3796 1734 Incre-

2064 1772 2077 1779 ‘
2151 1749 2195 1805 Β
2227 1770 2473 1825 dibilium
2496 1768 2650 1823 libris
2670 1767 2736 1825 de
2761 1766 2938 1822 insula
2965 1764 3137 1821 Thule
3164 1767 3407 1821 meminit
3423 1767 3679 1833 civitatis,
3702 1784 3796 1824 cu-

2221 1866 2313 1937 jus
2336 1861 2527 1918 incolae
2552 1868 2713 1914 noctu
2739 1857 2955 1928 quidem
2979 1857 3182 1922 vident,
3206 1856 3441 1912 interdiu
3480 1859 3793 1915 excutiunt.

2296 1955 2457 2019 lbid.,
2498 1969 2551 2024 p.
2584 1951 2673 2007 54.
2715 1951 2915 2006 Ἠνίκιι
2950 1950 3002 2004 δ’
3039 1953 3101 2004 at
3141 1951 3501 2021 νυκτερίδες.
3538 1952 3793 2022 Basilius,

2224 2050 2375 2104 hom.
2399 2046 2433 2103 8
2462 2065 2477 2102 :
2508 2044 2634 2108 Πῶς
2665 2045 2962 2116 τετράπους
3014 2043 3076 2098 τὸ
3114 2045 3243 2098 αὐτὸ
3290 2045 3385 2099 καὶ
3424 2046 3622 2118 πτηνὸν
3647 2049 3683 2119 ἡ
3708 2065 3798 2102 νυ-

2223 2141 2429 2213 κτερὶς,
2465 2139 2594 2202 πῶςν
2611 2137 2744 2211 μόνη
2770 2136 2878 2190 τῶν
2902 2136 3129 2209 ὀρνίθων
3165 2136 3342 2192 ὀδοῦσι
3377 2138 3662 2211 κέχρηται,
3700 2143 3797 2197 καὶ

2224 2232 2480 2301 ζωοτοκεῖ
2512 2231 2609 2303 μὲν
2636 2230 2711 2294 ὡς
2735 2228 3063 2301 τετράποδα,
3097 2229 3416 2295 ἐπιπολάζει
3454 2231 3513 2287 δὲ
3550 2233 3632 2305 τῷ
3669 2234 3793 2308 ἀέρι

2222 2325 2344 2397 οὐχὶ
2377 2324 2561 2396 πτέρῳ
2593 2321 2981 2392 κουφιζομένη,
3007 2319 3121 2376 ἀλλ’
3149 2320 3308 2393 ὑμένι
3334 2323 3440 2377 τινὶ
3466 2324 3788 2398 δερματίνῳ.

2222 2416 2348 2480 Πῶς
2374 2416 2554 2485 μέντοι
2574 2412 2670 2467 καὶ
2690 2411 2848 2466 τοῦτο
2876 2411 2987 2483 ἔχει
3007 2430 3060 2465 τι
3086 2413 3402 2486 φιλάλληλον
3422 2416 3481 2469 ἐν
3509 2418 3575 2488 τῇ
3603 2415 3793 2487 φύσει·

2223 2507 2317 2561 καὶ
2343 2505 2453 2577 γὰρ
2482 2504 2670 2576 ὥσπερ
2697 2503 2934 2576 ὀρμαθδς
2969 2504 3207 2577 ἀλλήλων
3233 2507 3290 2560 αἱ
3316 2508 3620 2579 νυκτερίδες
3649 2509 3795 2581 ἔχον.

2221 2616 2330 2659 ται,
2354 2598 2448 2649 καὶ
2478 2594 2578 2666 μία
2601 2598 2700 2667 τῆς
2737 2597 2867 2666 μιᾶς
2896 2595 3184 2668 ἦρτηνται·
3230 2599 3367 2671 ὅπερ
3393 2599 3477 2669 ἐφ’
3506 2600 3665 2672 ἡμῶν
3685 2602 3796 2657 τῶν

2221 2685 2518 2759 ἀνθρώπων
2547 2685 2607 2739 οὐ
2639 2686 2818 2758 ῥᾴδιον
2839 2687 3263 2761 κατορθωθῆναι.
3289 2690 3356 2745 Ει
3378 2700 3506 2747 ante
3539 2693 3643 2750 bos
3675 2693 3787 2751 Ho-

2219 2792 2423 2845 merus,
2457 2779 2553 2836 lib.
2589 2780 2780 2837 nltimo
2812 2779 3058 2851 Odyssea.-
3081 2799 3100 2838 :

2231 2891 2325 2971 ξῼςς
2422 2893 2520 2949 ὅτε
2543 2899 2886 2971 ννκῑζρρίὸες
2904 2898 3078 2970 μυχῷ
3108 2900 3325 2971 ἄντρου
3352 2904 3694 2959 θεσπεσίοιο

2228 2961 2525 3048 {excusat
2548 2961 2878 3048 ξτοτέᾷνται,
3045 2961 3132 3048 ’κέ
3154 2961 3243 3048 ξιξ
3267 2974 3656 3048 ἀποπέσῃσιν

2243 3038 2511 3102 Ορμαθοῦ
2534 3038 2600 3091 ἐκ
2632 3039 2870 3110 πέτρης,
2904 3043 3020 3098 ἀνά
3053 3043 3102 3097 τ’
3148 3038 3792 3115 ἀλλήλῃσινᾟχονται.

2292 3142 2449 3212 lbid.,
2500 3148 2595 3203 lin.
2641 3150 2728 3206 56.
2776 3152 2971 3207 Μόνον
3011 3153 3081 3208 δὲ
3129 3153 3247 3208 τῶν
3282 3154 3586 3209 πετεινῶν.
3641 3154 3796 3213 Hunc

2222 3250 2322 3291 nec
2356 3254 2561 3294 murem
2590 3258 2731 3307 esse,
2759 3260 2860 3300 nec
2893 3246 3170 3302 volucrem
3215 3248 3426 3304 dicebat
3448 3247 3625 3304 Varro
3654 3251 3794 3320 apud

2218 3326 2451 3385 Nonium
2486 3348 2500 3385 :
2542 3332 2852 3404 Vespertilio
2901 3339 3103 3393 animal
3161 3341 3364 3394 volucre
3409 3341 3633 3410 biforme
3680 3343 3797 3413 (alii

2219 3419 2470 3492 diforme)
2499 3422 2699 3479 dictum
2725 3428 2863 3496 quod
2892 3447 3095 3501 uespere
3120 3447 3175 3486 se
3203 3431 3271 3485 ad
3297 3433 3530 3488 volatum
3559 3434 3794 3505 proferat

2220 3513 2406 3569 noctis.
2458 3514 2583 3573 Var.
2622 3518 2894 3589 Agathone
2932 3537 2952 3577 :

2291 3628 2430 3709 Quid
2468 3634 2675 3709 multa?
2705 3635 3019 3709 _Vesperti!ia
3046 3638 3219 3708 factus
3243 3655 3383 3703 sum,
3413 3655 3575 3709 neque

2288 3698 2355 3755 In
2390 3704 2625 3760 muribus
2657 3698 2832 3775 plane',
2862 3724 3022 3781 neque
3044 3698 3101 3764 in
3128 3698 3423 3764 volucribus
3454 3698 3594 3764 sum.

2218 3812 2284 3867 Et
2327 3816 2565 3887 Angelus
2608 3817 2914 3876 Politianus
2963 3823 3017 3876 in
3071 3823 3304 3893 quadam
3340 3823 3571 3894 epistola
3606 3840 3620 3876 :
3658 3821 3791 3876 Dum

2216 3921 2308 3960 nec
2332 3923 2503 3962 mures
2530 3909 2703 3978 plane,
2733 3927 2831 3965 nec
2861 3929 2980 3967 aves
3012 3930 3213 3979 sumus,
3241 3915 3473 3984 utrisque
3496 3924 3673 3968 tamen
3700 3929 3791 3967 nos

2211 3998 2433 4069 probare
2460 4012 2739 4067 tentamus,
2762 4020 2982 4061 causam
3005 4006 3167 4078 hujus
3195 4007 3548 4063 haesitationis
3590 4008 3791 4078 Optime

2211 4091 2450 4159 explicat
2488 4094 2829 4162 Aristoteles,
2888 4096 2979 4152 lib.
3027 4097 3105 4151 De
3144 4098 3381 4167 partibus
3427 4100 3618 4164 anim.,
3654 4113 3778 4169 cap.

2221 4181 2308 4249 15,
2330 4199 2489 4252 quem
2513 4185 2757 4239 consule.

2278 4272 2439 4339 Ibid.,
2471 4276 2563 4330 lin.
2599 4275 2686 4330 57.
2717 4275 2911 4344 Πέτρα
2940 4274 3178 4341 σκελές.
3225 4274 3433 4330 Forsan
3479 4292 3781 4347 τετρασκε-

549 4346 648 4401 bus
675 4343 937 4416 quidquid
978 4344 1199 4399 infestat
1228 4359 1258 4398 a
1291 4359 1349 4399 se
1380 4343 1651 4415 propellit,
1680 4352 1734 4398 et
1778 4343 1845 4399 ab
1885 4343 2106 4398 inimico

2218 4366 2320 4430 ὶές,
2358 4373 2417 4421 ut
2464 4367 2603 4422 idem
2649 4343 2842 4422 innuat
2869 4368 3014 4439 quod
3057 4366 3287 4423 Basilius
3328 4367 3446 4423 loco
3475 4343 3788 4438 supradicto

546 4449 604 4488 se
630 4442 800 4489 tutam
831 4433 1096 4489 defendit.
1125 4432 1249 4488 Ideo
1281 4435 1423 4504 leges
1454 4449 1561 4488 non
1588 4442 1793 4487 tantum
1837 4434 1891 4489 in
1923 4434 2097 4489 homi-

2218 4471 2347 4511 roce
2378 4456 2698 4529 τετράπουν.
2742 4456 2874 4523 Qua:
2921 4456 3063 4511 idem
3101 4462 3185 4512 est
3227 4457 3372 4527 quod
3410 4457 3594 4523 πεζόν,
3636 4472 3692 4514 ct
3721 4476 3786 4515 ex

546 4540 674 4578 num
717 4525 961 4581 moribus
1012 4524 1392 4587 instituendis,
1449 4523 1544 4579 sed
1593 4526 1757 4579 etiam
1807 4526 1861 4579 in
1909 4525 2013 4579 hoc
2049 4526 2116 4580 de

543 4633 652 4687 quo
699 4620 914 4690 agimus
961 4620 1274 4689 evulgavit,
1317 4628 1371 4674 et
1421 4620 1637 4673 modum
1673 4619 2008 4691 prmscripsit
2055 4628 2115 4674 ut

541 4710 792 4765 videlicet
834 4711 1058 4766 locustae
1089 4713 1171 4765 vel
1209 4712 1409 4780 procul
1458 4719 1750 4764 arceantur
1796 4725 1863 4766 ne
1917 4710 2145 4765 irrumw

544 4809 695 4870 pant,
732 4802 815 4856 vel
872 4811 1169 4872 praesentes
1215 4802 1327 4869 jam
1379 4810 1539 4872 atque
1596 4804 1782 4857 omnia
1840 4810 2112 4858 vastantes

542 4894 850 4949 absumant.
889 4893 1068 4949 Refert
1102 4891 1333 4955 Plinius,
1367 4894 1460 4949 lib.
1490 4909 1565 4956 ιι,
1611 4910 1732 4964 cap.
1759 4893 1829 4949 29
1861 4911 1875 4949 :
1912 4892 1978 4948 In
2009 4893 2112 4964 Cy-

540 4991 752 5044 renacia
779 4990 984 5059 regione
1014 4991 1170 5059 legem
1212 4989 1374 5057 fuisse
1403 4999 1479 5042 ter
1509 5006 1645 5042 anno
1674 5005 1763 5043 eas
1792 4988 2107 5053 debellandi,

537 5084 707 5150 primo
734 5099 829 5135 ova
869 5082 1166 5144 obterendo,
1196 5081 1380 5134 deinde
1410 5081 1571 5150 fetam
1597 5122 1611 5144 ,
1661 5090 1919 5150 postremo
1948 5082 2106 5134 adul-

538 5183 618 5227 tas
644 5189 662 5226 :
708 5173 989 5228 desertoris
1038 5189 1191 5242 pruna
1230 5174 1284 5226 in
1335 5189 1451 5227 eum
1481 5176 1573 5243 qui
1614 5174 1905 5228 cessaverit.
1956 5172 2022 5226 Et
2054 5175 2108 5227 in

532 5263 729 5320 Lemno
775 5266 952 5319 insula
1000 5276 1143 5320 certa
1187 5282 1429 5319 mensura
1476 5266 1741 5335 prwﬁnita
1792 5275 1891 5326 est.
1952 5280 2105 5335 quam

537 5358 731 5427 singuli
766 5367 1098 5411 enecatarum
1138 5358 1207 5412 ad
1236 5359 1578 5429 magistratus
1603 5356 1848 5425 referant.
1876 5355 1940 5410 Et
1968 5357 2105 5413 infe-

538 5444 651 5499 rius
684 5463 697 5497 :
735 5444 939 5500 Necare
966 5456 1014 5499 et
1054 5448 1107 5498 in
1144 5447 1305 5517 Syria
1336 5446 1558 5501 militari
1584 5447 1796 5513 imperio
1825 5454 2100 5516 coguntur.

536 5533 689 5599 Quod
733 5545 786 5591 et
837 5537 889 5590 in
940 5535 1177 5591 Lucania
1226 5538 1385 5591 hodie
1428 5552 1526 5591 nec
1577 5552 1683 5590 nou
1741 5535 1950 5608 Iapygia
1988 5540 2101 5608 lege

533 5652 543 5673 ι
570 5640 658 5679 sse
688 5628 982 5697 sancitum,
1010 5628 1137 5681 dum
1174 5629 1274 5682 hoc
1309 5628 1507 5681 malum
1540 5635 1714 5681 terras
1750 5628 2101 5698 hominesque

536 5716 778 5785 infestat,
812 5720 941 5772 mihi
980 5716 1204 5773 relatum
1256 5730 1356 5785 est,
1408 5729 1459 5774 et
1505 5735 1602 5789 ego
1641 5720 1941 5777 observavi.
1990 5722 2097 5777 Nec

2216 4548 2443 4602 adverso
2490 4550 2777 4618 respondet
2820 4547 3026 4618 πτηνῷ.
3074 4547 3273 4611 Herus,
3322 4548 3417 4603 lib.
3449 4565 3509 4612 ιι,
3544 4565 3668 4620 cap.
3697 4551 3782 4611 33,

2214 4639 2356 4693 inter
2381 4655 2568 4694 omnes
2593 4640 2838 4699 volucres
2865 4641 3302 4710 vespertiliouem
3326 4640 3516 4696 dentes
3538 4650 3594 4697 et
3618 4657 3787 4697 mam-

2213 4745 2329 4785 mas
2368 4732 2569 4786 habere
2595 4731 2747 4786 dicit.
2783 4732 2929 4802 Αὕτη
2956 4732 3064 4805 γὰρ
3116 4734 3248 4805 μόνη
3292 4731 3401 4787 τῶν
3447 4731 3624 4788 ἄλλων
3655 4752 3785 4805 πτη-

2212 4821 2316 4874 νῶν
2356 4822 2569 4887 ὀδόντας
2614 4824 2706 4878 καὶ
2746 4825 2988 4894 μαστοὺς
3030 4824 3161 4896 ἔχει.
3213 4824 3279 4880 Et
3305 4824 3534 4891 Plinius,
3575 4826 3671 4880 lib.
3706 4841 3778 4889 ιι,

2211 4928 2328 4983 cap.
2362 4914 2431 4967 57
2460 4922 2513 4969 et
2556 4915 2623 4969 59
2658 4934 2670 4969 :
2717 4914 2998 4969 Volucrum
3054 4917 3188 4970 nulli
3239 4916 3417 4971 dentes
3465 4928 3660 4986 prazter
3703 4934 3782 4972 oe-

2210 5008 2559 5074 spertilionem
2584 5022 2603 5069 ;
2628 5014 2681 5061 et
2716 5008 2807 5060 lib.
2849 5024 2901 5068 x.
2939 5024 2988 5062 c.
3022 5007 3120 5062 Gl:
3160 5007 3439 5062 Volucrum
3461 5010 3664 5063 animal
3688 5026 3782 5079 pa-

2208 5099 2279 5150 rit
2322 5101 2613 5168 vespertilio
2664 5110 2889 5164 tantum,
2930 5102 3017 5154 cui
3062 5111 3109 5154 et
3155 5101 3564 5154 membranacea:
3610 5104 3779 5163 pinna:

2207 5191 2318 5242 uni.
2362 5190 2562 5244 Eadem
2600 5192 2715 5246 sola
2747 5194 3014 5247 volucrum
3051 5194 3185 5246 lacte
3227 5193 3429 5256 nutrit,
3478 5193 3641 5246 ubera
3685 5194 3780 5247 ad-

2208 5297 2437 5345 movens,
2480 5285 2709 5353 geminos
2766 5284 2948 5338 uolitat
3000 5284 3239 5353 amplexa
3267 5284 3496 5354 infantes
3523 5300 3543 5339 :
3575 5301 3778 5339 secum-

2208 5390 2305 5443 que
2329 5372 2591 5442 deportat.
2628 5373 2807 5429 Eidem
2840 5377 3098 5431 eoxendix
3134 5394 3240 5431 una
3268 5376 3517 5441 traditur,
3547 5386 3597 5431 et
3624 5377 3678 5430 in
3707 5377 3780 5430 cio

2204 5467 2331 5521 batu
2376 5469 2564 5523 culices
2614 5469 2924 5539 gratissimi.
2974 5469 3233 5531 Isidorus.
3285 5469 3382 5524 lib.
3418 5484 3516 5533 xu,
3563 5484 3685 5540 cap.
3726 5468 3777 5535 7,

2206 5562 2321 5615 bare
2349 5562 2529 5614 omnia
2564 5560 2636 5615 ita
2670 5561 2989 5630 complexus
3015 5569 3100 5616 est
3137 5580 3150 5615 :
3196 5559 3502 5629 Vespertilio
3524 5575 3619 5629 pro
3653 5567 3777 5614 tem-

2199 5669 2325 5721 pore
2369 5668 2553 5710 nomen
2600 5656 2817 5725 accepit,
2853 5672 2912 5710 eo
2954 5655 3090 5727 quod
3128 5657 3294 5710 lucem
3344 5654 3545 5726 fugiens
3597 5671 3780 5725 crepu-

2204 5746 2348 5803 sculo
2380 5748 2665 5803 resnertiuo
2697 5746 3051 5805 circumvolat.
3086 5746 3345 5802 ara'ciuiti
3380 5754 3523 5800 motu
3552 5757 3691 5804 acta.
3724 5741 3783 5800 et
3842 5774 3845 5777 -
