4072 6342
361 326 466 386 921

1476 337 1538 392 ΙΝ
1578 333 1946 391 EUSTATHII
1977 336 2444 395 ΗΕΧΑΕΜΕΒΟΝ
2476 335 2710 395 NOTAE.

3479 352 3585 429 θέε
3611 408 3618 415 .

367 451 686 507 tenuissimis
742 453 1072 512 brachiorum
1113 460 1358 515 membris
1399 477 1647 529 suspensa
1678 475 1695 512 :
1728 456 1929 512 animal
1958 463 2001 519 Α
2032 462 2125 527 (ita
2150 461 2294 515 enim
2324 461 2560 534 corrigo)
2582 472 2731 529 sunt,
2764 478 2863 518 nec.
2883 478 3111 534 usquam
3145 464 3293 521 alibi.
3315 465 3471 533 Quod
3500 473 3581 524 vel

366 545 595 598 murium
618 545 808 611 simile,
834 565 936 602 non
960 560 1069 605 tam
1090 569 1207 606 voce
1232 570 1477 607 resonans
1503 568 1658 621 quam
1680 552 1923 620 stridore,

363 638 527 704 specie
556 654 755 710 quoque
788 642 1016 698 volatilis
1062 647 1221 700 simul
1256 656 1305 699 et
1349 650 1664 717 quadrupes,
1698 646 1833 716 quod
1870 646 1925 698 in

363 731 485 785 aliis
515 730 693 786 avibus
722 737 937 803 reperiri
975 756 1076 791 non
1108 740 1258 793 solet.
1284 739 1415 805 Qua:
1441 756 1562 793 cum
1588 740 1806 792 brachia
1833 754 1926 808 pe-

359 822 566 893 desque
599 824 813 890 babeat,
840 827 967 897 quid
1007 829 1202 883 mirum
1259 831 1302 885 si
1332 830 1684 901 τετρασκελές
1729 830 1800 883 sit
1831 844 1928 882 no-

362 922 479 968 stro
518 916 764 969 auctori?
813 919 1059 987 quamvis
1107 937 1275 974 unum
1340 929 1549 976 tantum
1612 921 1798 982 σκέλος
1851 919 1926 973 illi

360 1008 503 1062 tradi
530 1008 738 1064 Plinius
765 1010 1006 1067 allirmet.
1042 1013 1095 1067 ld
1128 1023 1304 1069 tamen
1334 1023 1519 1068 notum
1551 1020 1633 1068 est
1663 1028 1783 1067 csse
1810 1013 1926 1067 sine

357 1117 618 1170 genuum,
660 1104 1026 1159 malleolorum
1059 1106 1363 1177 pedumque
1392 1106 1658 1160 articulis.

435 1187 594 1254 lbid.,
628 1191 721 1244 lin.
754 1192 841 1247 59.
881 1197 943 1267 Ol
980 1194 1048 1247 δὲ
1086 1195 1359 1265 τέττιγες.
1400 1195 1651 1255 Basilius,
1689 1193 1835 1247 hom.
1869 1193 1922 1257 8,

362 1282 461 1346 Τίς
484 1285 511 1335 ὁ
538 1285 735 1355 τρόπος
768 1286 867 1355 τῆς
903 1287 1165 1357 μελῳδίας
1204 1288 1298 1341 τοῦ
1330 1289 1591 1356 τέττιγος.
1622 1286 1742 1349 Πῶς
1775 1288 1830 1339 ὲν
1858 1289 1921 1357 τῇ

366 1375 683 1447 μεσημϐρίᾳ
723 1377 928 1431 ἑαυτῶν
974 1380 1109 1432 εἰσιν
1162 1379 1492 1451 ᾠδικώτεροι
1542 1383 1606 1451 τῇ
1656 1380 1786 1451 ὁλκῇ
1832 1381 1923 1434 τοῦ

364 1466 543 1537 ἀέρος,
572 1468 639 1537 ἣν
671 1469 725 1520 ἐν
752 1472 814 1539 τῇ
848 1470 1094 1542 διαστολῇ
1130 1472 1402 1524 ποιοῦνται
1436 1470 1527 1524 τοῦ
1559 1470 1802 1541 θώρακος
1832 1473 1919 1525 ἐκ·

358 1555 637 1626 διδομένου
667 1557 759 1609 τοῦ
793 1558 1048 1627 φθόγγου.
1093 1560 1433 1623 Aristoteles,
1470 1560 1545 1614 De
1577 1560 1764 1614 histor.
1809 1563 1927 1615 ani-

365 1646 519 1711 mal.,
548 1662 667 1717 cap.
695 1648 782 1709 50,
817 1647 1130 1703 Proveniant
1152 1650 1295 1719 large
1327 1651 1487 1717 capite
1520 1650 1783 1703 imbrium.

435 1736 569 1793 Ibid.
612 1740 1000 1806 Ἠσυχιὶζουσι
1047 1740 1114 1793 δὲ·
1163 1743 1385 1807 καιρόν.
1444 1740 1781 1805 Aristoteles,
1831 1742 1923 1796 lib.

365 1847 482 1891 vm,
509 1830 585 1884 De
627 1831 813 1889 histor.
859 1834 1046 1895 anim.,
1083 1848 1202 1903 cap.
1236 1833 1302 1885 17
1341 1852 1353 1887 ;
1385 1832 1596 1888 Cicadte
1626 1834 1712 1887 ubi
1748 1849 1928 1901 erupe-
1960 1815 1999 1867 Β

367 1930 515 1983 runt,
540 1921 694 1983 oleis,
729 1930 821 1973 aut
846 1923 1191 1975 arundinibus
1218 1922 1495 1975 insidunt:
1520 1932 1590 1987 et,
1616 1939 1733 1976 cum
1776 1932 1925 1992 rupto

363 2012 610 2080 operculo
632 2024 838 2077 exeunt,
872 2030 1087 2082 parvum
1131 2014 1379 2083 quiddam
1428 2016 1483 2067 in
1529 2032 1586 2069 co
1634 2017 1927 2085 relinquunt

364 2104 626 2167 humoris,
671 2122 761 2158 nec
794 2107 956 2159 multo
997 2115 1113 2174 post
1142 2107 1337 2169 volant,
1368 2116 1416 2159 et
1448 2108 1697 2176 incipiunt
1722 2125 1921 2165 canere.

438 2197 555 2255 Col.
593 2200 714 2265 737,
742 2202 836 2254 lin.
876 2202 926 2254 l.
957 2202 1252 2267 Πλήττειν
1273 2200 1339 2254 δὲ
1363 2201 1461 2255 καὶ
1488 2202 1673 2268 ᾅδειν.
1693 2203 1923 2258 Causam

365 2310 538 2363 quare
590 2293 790 2348 cicada:
838 2301 1038 2348 canant
1063 2295 1286 2363 exponit
1326 2294 1667 2359 Aristoteles,
1699 2296 1792 2349 lib.
1850 2295 1927 2350 De

355 2387 562 2457 juvant.
593 2394 642 2438 et
672 2393 860 2437 scnect.
907 2384 1030 2438 rita.
1063 2392 1113 2437 et
1145 2394 1301 2439 mort.
1346 2394 1395 2437 et
1428 2385 1637 2453 respir.,
1666 2401 1801 2457 -cap.
1836 2386 1923 2441 11.

371 2477 635 2532 Videntur
665 2477 807 2531 enim
824 2491 886 2530 ea
907 2477 1115 2531 ratione
1138 2477 1227 2530 illa
1250 2476 1458 2531 scilicet
1490 2478 1925 2532 membranarum

366 2570 606 2625 elatione
644 2570 919 2636 anhelare,
945 2577 997 2625 et
1027 2569 1336 2639 refrigerari
1392 2571 1830 2639 quodammodo;
1873 2582 1927 2628 et

367 2662 462 2718 lib.
491 2678 543 2715 tv
580 2660 651 2715 De
679 2662 866 2715 histor.
902 2662 1121 2717 animal.
1154 2701 1170 2727 ,
1202 2678 1320 2731 cap.
1352 2663 1406 2726 9,
1441 2663 1680 2718 declarat
1708 2664 1925 2719 modum

366 2755 532 2823 hujus
562 2754 702 2809 soni.
738 2753 827 2807 Ait
856 2769 999 2807 enim
1042 2753 1385 2807 membranas
1422 2754 1542 2809 illas
1573 2755 1763 2825 Spiritu
1789 2756 1927 2812 inte-

368 2846 496 2900 riori
550 2845 777 2908 moveri,
825 2860 932 2899 non
966 2845 1243 2908 exteriori,
1276 2846 1528 2915 illiusque
1565 2846 1789 2915 spiritus
1841 2855 1925 2900 at-

367 2936 495 2991 tritu
545 2952 737 2991 sonum
789 2936 896 2991 edi.
941 2936 1019 2989 Τα
1067 2937 1164 3007 μὲν
1208 2933 1299 2989 οὖν
1343 2936 1540 3006 ἔντομα
1585 2937 1704 2991 οὔτε
1738 2941 1923 3007 φωνεῖ,

365 3027 488 3081 οὔτε
515 3027 839 3095 διαλέγεται,
871 3026 1032 3097 ψοφεῖ
1069 3028 1125 3079 δὲ
1162 3027 1241 3099 τῷ
1281 3026 1387 3079 ἔσω
1424 3028 1711 3099 πνεύματι,
1755 3030 1814 3082 οὐ
1850 3028 1926 3102 τῷ

2027 556 2145 609 solo
2170 555 2368 610 ΛΕιίοηὶ
2406 559 2717 613 testimonio
2756 558 2964 613 reicllet
2993 560 3117 629 quis
3154 578 3167 614 :
3209 560 3254 616 is
3280 562 3449 629 enim,
3485 562 3578 618 lib.

2028 661 2109 709 ιιι,
2133 645 2204 700 De
2230 648 2417 704 histor.
2444 649 2633 713 anim.,
2657 663 2776 719 cap.
2795 648 2886 712 55,
2912 649 2987 703 ait
3016 649 3071 704 in
3101 649 3411 707 Macedonia
3433 667 3581 725 sues,

2025 750 2078 793 et
2108 754 2278 807 genus
2310 740 2581 809 quoddam
2611 739 2921 794 cicadarum
2958 756 3079 796 esse
3121 750 3364 809 mutum;
3405 751 3459 798 et
3489 743 3584 798 ad-

2025 829 2188 883 ducta
2225 830 2432 886 ratione
2463 846 2493 883 a
2526 828 2792 886 Strabone
2848 832 2989 885 facili
3040 832 3093 885 id
3137 834 3354 903 negotio
3402 841 3584 903 posset

2026 921 2269 990 probari.
2288 937 2410 975 eum
2442 938 2505 976 ea
2528 937 2693 977 causa
2722 938 2831 977 non
2859 924 2915 978 in
2948 923 3206 994 llheginis
3235 904 3462 988 tantum,
3489 927 3583 983 sed

2026 1019 2079 1066 et
2111 1011 2167 1065 in
2202 1012 2324 1066 aliis
2353 1014 2515 1067 etiam
2562 1014 2670 1068 vim
2718 1030 2872 1069 suam
2922 1015 3183 1070 obtineat.
3224 1015 3367 1083 Quin
3407 1017 3584 1074 Theo-

2026 1102 2311 1173 phylactus
2346 1101 2671 1169 Simocatus,
2703 1113 2899 1174 quaest.
2932 1114 3111 1159 natur.
3140 1106 3226 1167 15,
3257 1105 3486 1161 affirmat
3508 1109 3584 1163 ci-
3630 1110 3636 1132 ²

2027 1194 2193 1248 cadas
2219 1210 2409 1249 omnes
2445 1195 2672 1250 feminas
2704 1207 2881 1251 mutas
2920 1214 3063 1261 esse,
3099 1214 3396 1269 earumque
3429 1200 3583 1272 frigi—

2025 1283 2247 1339 ditatem
2282 1300 2501 1338 causam
2537 1302 2658 1340 esse
2690 1288 2823 1351 vult,
2875 1288 3063 1355 Τέττιξ
3092 1285 3183 1343 οὖν
3224 1289 3410 1362 θήλεια
3447 1294 3585 1345 κατὰ

2025 1377 2159 1428 πολὺ
2212 1376 2518 1448 ψυχροτέρα
2566 1377 2659 1431 τοῦ
2695 1378 2953 1450 ἄρῤενος,
2995 1381 3087 1434 καὶ
3122 1382 3279 1451 φύσις
3317 1384 3449 1455 αὐτῇ
3488 1384 3584 1454 τὴν

2026 1468 2235 1538 σιωπὴν
2268 1470 2631 1536 ὲγκελεύεται,
2665 1471 2909 1527 ἐπίτασιν
2938 1474 3204 1529 ὲντιθεῖσα
3229 1474 3581 1547 ψυχρότητος.

2025 1561 2115 1613 Διὸ
2136 1563 2361 1625 κωτίλος
2394 1562 2569 1626 τέττιξ
2596 1563 2694 1616 οὑκ
2722 1563 2834 1617 ἔστι
2857 1564 3061 1637 θήλεια.
3091 1565 3245 1632 Quod
3265 1576 3315 1622 et
3345 1567 3411 1622 de
3440 1566 3585 1622 Seri-

2027 1652 2172 1721 phiis
2206 1655 2375 1717 ranis,
2412 1670 2531 1723 qlia:
2562 1664 2720 1710 muta:
2746 1665 2894 1721 sunt,
2929 1665 3119 1727 quaest.
3149 1661 3235 1724 l8,
3267 1660 3452 1715 tradit.

2096 1742 2371 1806 lbid.,‘lin.
2401 1747 2449 1798 7.
2482 1748 2664 1814 ’Ἃπερ
2694 1748 2905 1816 κοινὴν
2929 1749 3063 1818 μέν.
3090 1749 3341 1805 Omnium
3373 1751 3461 1805 illa
3485 1751 3584 1805 fuit

2030 1838 2320 1901 sententia,
2355 1838 2625 1894 hominem
2658 1856 2779 1895 esse
2825 1840 3056 1895 divisum
3106 1842 3157 1895 in
3209 1851 3387 1912 partes
3421 1844 3582 1905 duas,

2028 1944 2226 1999 corpus
2255 1938 2307 1983 et
2339 1932 2594 1996 animam,
2631 1941 2685 1986 et
2719 1933 2817 1986 hac
2855 1934 3056 2003 aliquid
3087 1934 3287 1989 habere
3322 1952 3444 1990 cum
3475 1937 3587 1993 Deo

2028 2036 2335 2083 commune,
2367 2022 2458 2076 illo
2490 2037 2615 2076 cum
2652 2023 2846 2088 brutis,
2884 2032 2937 2079 ct
2968 2026 3179 2082 belluis.
3207 2025 3271 2079 Et
3291 2027 3435 2083 sicut
3460 2030 3578 2082 ani-

2028 2125 2116 2163 mo
2169 2113 2378 2166 caeteris
2432 2114 2801 2169 animantibus
2854 2115 3010 2182 longe
3056 2124 3296 2184 praestat,
3330 2117 3584 2172 animalia

2028 2201 2335 2264 arboribus,
2357 2210 2410 2257 et
2434 2204 2702 2273 virgultis,
2728 2205 3046 2274 ceterisque
3065 2221 3227 2261 sensu
3248 2207 3582 2270 carentibus,

2026 2290 2232 2344 homini
2261 2308 2325 2347 ex
2355 2293 2538 2347 animo
2570 2295 2727 2356 ratio,
2760 2294 2864 2350 illis
2894 2311 3088 2352 sensus
3124 2311 3188 2351 ex
3220 2312 3485 2367 corpore:
3509 2298 3584 2353 ita

2028 2393 2207 2440 tamen
2253 2393 2310 2440 ut
2342 2393 2396 2440 et
2434 2386 2642 2441 homini
2690 2388 2769 2442 uti
2822 2390 3070 2457 corporis
3102 2392 3338 2459 compoti
3389 2406 3586 2447 sensus

2027 2493 2135 2531 non
2163 2478 2479 2548 denegetur.
2522 2478 2752 2534 Interest
2797 2490 2976 2534 autem
3030 2480 3172 2536 inter
3222 2481 3495 2537 hominem
3530 2493 3584 2539 et

2026 2568 2261 2623 belluam
2312 2571 2448 2625 illud
2495 2571 2751 2637 maxime,
2778 2572 2926 2642 quod
2981 2572 3159 2627 bellua
3213 2574 3258 2631 si
3317 2582 3584 2639 movetur,

2028 2677 2191 2717 sensu
2226 2671 2474 2717 movetur
2507 2670 2739 2728 tantum,
2764 2670 2818 2720 et
2848 2664 2913 2717 ad
2940 2681 3182 2735 praesens
3210 2666 3401 2733 fertur,
3420 2668 3584 2723 nihil-

2026 2767 2132 2821 que
2176 2763 2367 2821 prmter
2404 2753 2733 2823 voluptatem
2767 2754 2953 2816 sentit,
2986 2754 3049 2809 ad
3081 2770 3308 2825 eamque
3341 2763 3452 2810 toto
3480 2755 3585 2809 im-

2025 2852 2151 2912 petu
2199 2844 2443 2912 rapitur;
2475 2844 2657 2907 homo,
2714 2859 2837 2897 cum
2893 2846 2963 2899 sit
3009 2845 3236 2901 rationis
3296 2844 3584 2915 particeps,

2026 2935 2189 2989 etiam
2223 2935 2351 2988 dum
2394 2934 2581 2998 sentit,
2609 2934 2857 3004 quamvis
2913 2952 3080 2992 sensu
3135 2936 3384 2997 ducatur,
3412 2936 3586 2989 elevat

2029 3044 2085 3084 se
2108 3036 2288 3082 tamen
2322 3025 2388 3080 ad
2420 3026 2610 3081 altiora
2640 3024 3058 3091 consideranda,
3094 3033 3147 3081 et
3176 3026 3359 3079 divina
3388 3024 3586 3079 intelli-

364 3120 587 3191 θύραζε.
636 3118 797 3173 Οὐδὲν
847 3118 953 3189 γὰρ
1001 3120 1225 3172 ἀναπνεῖ
1284 3119 1479 3187 αὐτῶν,
1538 3121 1669 3174 ἀλλὰ
1712 3120 1780 3173 τὰ
1831 3122 1927 3191 μὲν

2031 3117 2224 3187 gentia,
2254 3125 2307 3170 et
2338 3116 2393 3170 in
2423 3117 2701 3187 prOprium
2733 3132 2893 3171 usum
2928 3132 3035 3170 non
3078 3132 3240 3171 sensu
3272 3125 3450 3181 actus,
3489 3116 3585 3171 sed

367 3208 609 3280 βομϐεῖν,
658 3204 768 3260 οἷον
824 3208 1062 3279 μέλιττα,
1122 3209 1214 3261 καὶ
1268 3208 1337 3262 τὰ
1394 3209 1570 3278 πτηνὰ
1615 3209 1812 3274 αὐτῶν,
1863 3211 1930 3264 τὰ

362 3300 422 3351 δὲ
463 3299 607 3370 ᾄδειν
650 3298 884 3367 λέγεται,
920 3293 1027 3351 οἷον
1069 3300 1116 3351 οἱ
1166 3298 1427 3365 τέττιγες.
1461 3299 1640 3351 Πάντα
1671 3298 1726 3351 δὲ
1761 3298 1930 3351 ταῦτα

364 3384 528 3454 ψοφεῖ
578 3385 654 3456 τῷ
693 3387 855 3456 ὑμὴνι
899 3385 1000 3438 ὑπὸ
1037 3386 1096 3437 τὸ
1136 3383 1291 3455 ζῶμα
1332 3388 1454 3439 ὅσον
1499 3386 1771 3459 διῄρητον,
1820 3382 1929 3441 οἷον

364 3478 427 3530 τὸ
465 3477 572 3530 τῶν
616 3477 873 3545 τεττίγων
935 3477 1089 3545 γένος
1129 3480 1194 3548 τῇ
1240 3477 1419 3548 τρίψει
1464 3478 1556 3531 τοῦ
1602 3478 1926 3549 πνεύματος.

370 3570 601 3640 ideoque
665 3570 730 3623 ad
793 3570 892 3622 hoc
930 3576 989 3623 ut
1037 3580 1235 3624 canant
1270 3586 1493 3626 necesse
1545 3578 1665 3636 est,
1723 3579 1783 3624 ut
1820 3571 1931 3627 sint

369 3663 662 3734 praacinctu
717 3663 980 3726 dividuae,
1015 3672 1067 3716 et
1114 3662 1216 3719 sub
1270 3671 1424 3732 septo
1466 3671 1778 3719 transverso
1817 3664 1929 3718 dis—

368 3763 574 3808 sectum
628 3769 749 3808 esse
806 3755 933 3817 illis,
980 3754 1094 3808 sive
1146 3754 1396 3823 majores]
1427 3756 1558 3818 sint,
1600 3754 1716 3810 sive
1748 3754 1927 3809 mino-

366 3861 477 3908 res,
516 3860 638 3899 nam
674 3861 779 3898 non
811 3844 1069 3907 dividuis,
1102 3851 1155 3898 et
1183 3845 1380 3914 quibus
1409 3860 1519 3898 non
1558 3856 1640 3899 est
1674 3845 1926 3907 scissum,

366 3946 533 3990 mutae
578 3945 704 3991 sunt
750 3938 991 3990 omnino.
1040 3935 1213 3991 Dorso
1258 3937 1377 3991 illas
1412 3952 1670 3991 resonare
1710 3936 1929 4006 scripsit

371 4027 571 4089 llorus,
605 4029 696 4082 lib.
736 4044 795 4091 ιι,
826 4043 944 4097 cap.
975 4027 1063 4092 55,
1099 4021 1265 4091 Οὗτος
1290 4028 1396 4100 γὰρ
1427 4027 1515 4081 διὰ
1542 4028 1635 4080 τοῦ
1668 4027 1929 4098 στόματος

365 4122 429 4174 οὐ
468 4120 633 4173 λαλεῖ·
668 4120 802 4173 ἀλλὰ
844 4119 931 4173 διὰ
967 4120 1065 4189 τῆς
1108 4120 1315 4191 ῥάχεως
1350 4120 1717 4190 φθεγγόμενος
1762 4120 1928 4173 καλὸν

370 4212 530 4283 μέλος
552 4213 737 4265 ἀείδει.
772 4211 834 4265 Ει
867 4211 1136 4273 Elianus,
1171 4212 1247 4266 De
1271 4212 1456 4266 histor.
1492 4213 1733 4277 animal.,
1766 4214 1858 4267 lib.
1887 4230 1924 4277 ι,

364 4320 485 4375 cap.
531 4305 621 4358 20.
670 4304 749 4357 Τὰ
781 4305 876 4375 μὲν
906 4305 1039 4358 ἄλλα
1081 4303 1189 4357 τῶν
1229 4305 1459 4357 Ἰνδικῶν
1502 4305 1701 4375 ὀρνέων
1743 4304 1928 4355 εὐστο-

367 4403 479 4468 μεῖ,
528 4400 619 4451 καὶ
679 4401 743 4469 τῇ
785 4396 998 4470 γλώττῃ
1051 4398 1339 4466 φθέγγεται
1393 4397 1546 4466 δίκην
1601 4396 1921 4467 ἀνθρώπου·

2032 3208 2243 3261 ratione
2274 3209 2456 3263 omnia
2488 3208 2883 3263 accommodat.
2916 3206 3095 3272 Quare
3121 3207 3283 3261 etiam
3306 3213 3359 3261 et
3389 3221 3587 3262 causas

2028 3314 2209 3353 rerum
2242 3307 2295 3353 et
2329 3302 2743 3354 consecutiones
2771 3299 2954 3363 videt,
2989 3313 3281 3369 earumque
3330 3313 3587 3368 progres-

2029 3407 2125 3446 sus
2154 3406 2261 3445 non
2295 3391 2529 3461 ignorat.
2561 3389 2928 3460 Utrorumqne
2961 3398 3140 3444 tamen
3188 3404 3383 3443 sensus
3415 3390 3469 3442 in
3495 3402 3587 3443 ea-

2030 3482 2149 3536 dem
2180 3481 2351 3536 fertur
2366 3482 2575 3553 objecta
2598 3491 2650 3536 et
2672 3483 2786 3552 pari
2816 3482 3023 3535 ratione
3050 3481 3116 3535 ab
3134 3480 3239 3536 illis
3261 3481 3585 3535 commutari

2028 3572 2378 3628 manifestum
2426 3582 2530 3638 est,
2571 3573 2831 3644 quidquid
2855 3573 3000 3625 dicat
3022 3566 3377 3627 Jamblicbus.
3398 3570 3586 3645 Neque

2026 3666 2268 3733 negarim
2296 3664 2349 3718 in
2376 3665 2646 3735 aliquibus
2673 3665 2740 3719 ab
2768 3664 3080 3719 hominibus
3110 3662 3339 3726 belluas,
3368 3663 3421 3718 in
3463 3663 3588 3718 aliis

2029 3755 2276 3811 homines
2310 3772 2339 3810 a
2373 3757 2566 3812 helluis
2592 3757 2857 3827 superari,
2888 3771 3008 3827 qua:
3032 3763 3115 3811 est
3138 3756 3444 3811 communis
3462 3756 3584 3828 opi-

2027 3845 2140 3906 nio,
2176 3853 2230 3900 et
2259 3846 2618 3901 Aristotelian
2654 3844 2916 3901 doctrinm
2952 3846 3125 3916 magis
3157 3846 3584 3902 accommodata.

2032 3934 2137 3990 Sed
2177 3937 2291 3991 haec
2323 3937 2548 3993 alterius
2579 3943 2706 3991 sunt
2730 3938 2948 4006 negotii.
2989 3936 3132 3993 Satis
3165 3937 3236 3992 sit
3266 3936 3422 4003 illud,
3455 3953 3587 3992 con-

2028 4036 2173 4083 stare
2228 4029 2500 4082 hominem
2554 4028 2756 4095 animo,
2786 4028 2888 4082 hoc
2924 4035 3008 4083 est
3056 4028 3281 4083 rationis
3336 4036 3590 4097 compote

2026 4119 2147 4175 aliis
2198 4119 2565 4174 animantibus
2612 4134 2734 4173 esse
2761 4120 3211 4190 praestantiorem,
3237 4127 3292 4175 et
3315 4134 3381 4175 eo
3410 4120 3589 4176 solum

2029 4212 2098 4265 ab
2123 4212 2231 4266 illis
2262 4211 2539 4282 distingui.
2592 4211 2769 4278 Quare
2800 4212 2995 4281 saepius
3018 4226 3127 4264 uno
3153 4225 3361 4265 mecum
3396 4220 3588 4279 reputo

2027 4303 2351 4357 Sallustiana
2378 4304 2466 4356 illa
2484 4318 2605 4357 vere
2622 4317 2781 4357 aurea
2796 4302 2848 4356 in
2875 4302 3138 4371 prooemio
3172 4303 3247 4357 De
3266 4300 3588 4371 conjuratio-

2026 4412 2087 4447 ne
2118 4394 2382 4460 Catilina’,
2409 4408 2528 4463 qua:
2573 4391 2737 4447 veluti
2778 4392 3291 4447 commentariorum
3332 4389 3461 4445 huic
3488 4402 3587 4442 no-

363 4493 414 4543 οί
461 4491 517 4543 δὲ
563 4491 802 4557 τέττιγες
854 4489 990 4540 κατὰ
1048 4488 1142 4559 τὴν
1179 4488 1289 4552 ίξύν
1341 4490 1445 4540 εἱσι
1499 4488 1827 4540 λαλίστατοι.
1862 4487 1927 4541 Et

2032 4497 2145 4545 stro
2177 4488 2384 4541 auctori
2415 4488 2587 4540 lutum
2620 4486 2812 4541 all'erre
2841 4496 3105 4556 possunt:
3136 4484 3326 4540 Omnes
3355 4482 3587 4536 homines

365 4591 492 4637 ante
549 4582 822 4635 AZliannm
880 4581 1230 4641 Aristotcles,
1294 4578 1371 4633 De
1430 4580 1617 4633 histor.
1680 4579 1924 4642 animal.,

367 4677 459 4731 lib.
496 4692 567 4743 Iv,
592 4692 713 4746 cap.
736 4676 767 4728 7
799 4693 811 4727 :
844 4673 1045 4729 Cicada
1076 4676 1211 4727 inter
1240 4672 1368 4736 haec,
1407 4683 1453 4725 et
1491 4674 1701 4727 omnino
1728 4674 1781 4725 in
1814 4674 1929 4725 ani-

365 4769 589 4820 malium
635 4781 816 4837 genere
858 4783 963 4819 una
1015 4782 1103 4819 ore
1148 4774 1332 4831 caret:
1370 4766 1633 4834 prolixum
1678 4765 1928 4834 quiddam

363 4870 715 4929 compactum,
745 4858 1124 4929 indivisumqne
1172 4858 1323 4927 gerit.
1350 4859 1520 4911 simile
1556 4858 1628 4909 eis
1659 4857 1795 4928 quod
1826 4858 1929 4910 lin-

363 4970 482 5024 gua:
503 4954 719 5022 speciem
747 4952 936 5021 refert;
963 4952 1015 5004 in
1045 4952 1108 5003 iis
1134 4952 1319 5021 quibus
1353 4950 1564 5004 acut-eus
1588 4951 1647 5017 in~
1675 4967 1763 5003 ore
1792 4965 1810 5001 :
1840 4967 1927 5004 εο-

362 5063 460 5116 que
482 5047 591 5113 ipso
625 5062 793 5098 rorem
815 5046 1024 5104 haurit,
1051 5044 1356 5097 alimentum
1382 5059 1542 5097 unum
1569 5052 1617 5096 et
1645 5043 1923 5111 peculiare.

364 5138 439 5193 De
492 5137 808 5191 cicadarum
852 5134 1217 5205 Rheginarum
1254 5137 1471 5190 silentio
1519 5137 1689 5189 multa
1734 5134 1928 5191 Strabo

363 5225 704 5297 Geographite
729 5228 822 5281 lib.
846 5241 935 5290 vi;
967 5226 1204 5289 Solinus,
1231 5242 1349 5297 cap.
1375 5227 1428 5289 8,
1452 5227 1517 5281 de
1557 5227 1771 5282 silentio
1796 5242 1927 5280 con-

362 5322 531 5385 venit,
559 5323 627 5377 de
660 5335 829 5376 causa
861 5320 1131 5377 dissentit.
1162 5318 1223 5372 Et
1252 5335 1317 5375 ex
1350 5319 1551 5373 Granio
1581 5318 1646 5373 ad
1694 5318 1925 5383 fabulas,

360 5419 414 5467 et
450 5418 730 5482 poetarum
759 5410 1110 5464 deliramenta
1142 5409 1254 5463 haec
1286 5410 1498 5478 rejicit;
1529 5425 1629 5464 nec
1662 5410 1714 5464 in
1747 5410 1926 5464 omni-

360 5503 465 5559 bus
489 5519 609 5572 qua:
646 5503 720 5557 ibi
754 5511 940 5557 narrat
986 5519 1170 5565 verax,
1202 5504 1277 5556 ait
1320 5503 1463 5556 enim
1495 5521 1509 5556 :
1545 5502 1759 5557 Cicada:
1788 5502 1927 5571 apud

367 5594 622 5665 Ilheginos
672 5604 850 5658 mutw,
893 5610 983 5647 nec
1011 5610 1233 5663 usquam
1269 5594 1419 5647 alibi.
1457 5592 1521 5645 Et
1549 5610 1671 5647 eum
1708 5601 1927 5649 secutus

364 5686 626 5749 Isidorus,
680 5685 772 5739 lib.
825 5700 937 5747 xu,
973 5700 1091 5755 cap.
1126 5684 1159 5740 8
1197 5704 1209 5739 :
1251 5684 1464 5739 Cicada:
1510 5699 1573 5739 ea:
1620 5684 1927 5737 cuculorum

364 5787 655 5831 nascuntur
680 5786 849 5845 sputo.
891 5776 979 5832 lim
1007 5777 1059 5833 in
1091 5775 1240 5832 italia
1284 5776 1424 5847 apud
1456 5775 1729 5848 Rheginos
1766 5783 1926 5831 mutae

2028 4582 2116 4649 qui
2148 4596 2257 4632 sese
2288 4577 2499 4631 student
2527 4587 2780 4647 pra‘stare
2807 4578 3008 4631 ueteris
3039 4574 3413 4635 animantibus,
3437 4588 3587 4627 sum-

2030 4690 2116 4725 ma
2140 4687 2231 4739 ope
2258 4672 2352 4723 niti
2383 4671 2544 4731 decet,
2571 4687 2633 4723 ne
2662 4673 2821 4723 vitam
2869 4669 3078 4723 silentio
3109 4668 3401 4736 transigant
3430 4664 3587 4718 veluti

2026 4781 2235 4834 pecora,
2274 4780 2388 4833 qua:
2433 4772 2625 4817 natura
2660 4777 2827 4830 prona
2878 4769 3031 4831 atque
3075 4759 3238 4814 centri
3294 4755 3586 4810 obedientia

2026 4859 2203 4928 ﬁnxit,
2240 4858 2328 4909 sed
2358 4858 2528 4909 omnis
2565 4865 2745 4908 nostra
2776 4855 2850 4908 vis
2884 4855 2935 4907 in
2968 4854 3163 4914 animo,
3186 4860 3236 4905 et
3253 4864 3467 4917 corpore
3486 4848 3587 4901 sita

2025 4958 2123 5003 est.
2176 4949 2356 5001 Animi
2398 4946 2634 5015 imperio,
2675 4946 2909 5013 corporis
2943 4943 3149 4997 servitio
3173 4941 3338 5011 magis
3367 4939 3584 4992 utimur.

2030 5044 2269 5095 Alterum
2312 5040 2458 5092 nobis
2507 5054 2627 5092 cum
2659 5037 2782 5100 diis,
2826 5036 3050 5090 alterum
3070 5051 3187 5088 cum
3224 5032 3407 5086 belluis
3448 5046 3587 5083 com-

2027 5145 2179 5181 mune
2238 5136 2334 5182 est.
2380 5128 2495 5193 Quo
2536 5127 2667 5179 mihi
2705 5126 2895 5179 rectius
2952 5139 3062 5177 esse
3120 5119 3342 5184 videtur,
3394 5117 3590 5188 ingenii

2024 5238 2182 5291 quam
2216 5221 2403 5274 virium
2450 5219 2633 5286 opibus
2690 5218 2915 5289 gloriam
2945 5229 3220 5287 quwrcre:
3255 5221 3304 5266 et
3340 5209 3587 5282 quoniam

2027 5316 2132 5367 rita
2164 5314 2277 5382 ipsa
2314 5330 2416 5383 qua
2447 5312 2696 5380 fruimur,
2740 5310 2903 5363 brevis
2928 5316 3025 5371 est,
3058 5306 3361 5361 memoriam
3393 5304 3584 5364 nostri,

2025 5423 2182 5475 quam
2215 5405 2439 5458 maxime
2492 5404 2696 5472 longam
2727 5403 2954 5471 efﬁcere.
2995 5398 3139 5452 Nam
3182 5396 3487 5450 divitiarum
3536 5400 3588 5446 et

2025 5499 2208 5568 (arma:
2241 5496 2433 5568 gloria,
2467 5496 2635 5565 ﬂuxa,
2669 5503 2820 5563 atque
2844 5493 3051 5563 fragilis
3082 5501 3161 5546 est
3187 5507 3205 5545 :
3228 5490 3394 5542 virtus
3418 5487 3585 5550 clara,

2027 5599 2320 5660 a'ternaque
2341 5589 2579 5643 habetur.
2615 5585 2775 5640 Disce
2803 5594 2881 5647 tu,
2909 5602 2941 5639 ο
2988 5583 3152 5638 homo
3176 5578 3483 5635 Christiana
3505 5576 3589 5631 di-

2029 5682 2254 5751 sciplina
2287 5681 2528 5735 imbutus
2551 5692 2582 5732 a
2620 5677 2736 5731 viro
2761 5676 2999 5741 ethnico,
3040 5681 3136 5728 tuo
3162 5672 3362 5733 animo,
3388 5679 3589 5737 tuaque

2027 5774 2258 5840 ratione,
2286 5781 2341 5828 ut
2375 5772 2483 5842 jus,
2520 5769 2708 5841 fasque
2738 5768 2989 5837 requirit,
3021 5765 3132 5832 uti;
3164 5763 3293 5836 quid
3334 5760 3592 5832 maiesta-
