4072 6342
1863 326 2108 383 ιευλιε
2142 326 2409 381 ΑιιιΑτιι

3660 336 3766 392 926

477 479 493 507 τ·
535 462 643 506 tetu
668 459 815 503 tuam
843 445 1125 503 vilissimis
1161 446 1516 503 animantium
1561 448 1817 504 ductibus
1841 465 2104 522 conspur-
2131 452 2177 509 Α
2203 447 2527 511 constantia,
2580 446 2829 511 utilitate,
2884 445 3290 514 pulchritudine,
3347 452 3719 519 temperatione
3746 495 3761 516 ,

535 556 631 597 cas
659 539 993 596 fmdissime?
1022 537 1194 594 Homo
1218 555 1277 594 es
1320 541 1385 593 ad
1433 541 1719 610 superiora
1771 542 2094 612 destinatus,

500 639 509 651 '
535 647 605 687 ne
629 640 946 686 contemnas
967 629 1113 699 quod
1147 629 1200 682 in
1241 637 1291 681 te.
1319 628 1851 696 elucet‘Divinitatis.

604 721 766 786 ιδιά..
794 722 893 777 lin.
925 721 975 775 9.
1013 720 1124 775 Kal
1164 722 1487 790 κινούμενα
1518 722 1780 789 κίνησιν.
1817 722 1981 778 Multa
2011 725 2099 780 hic

534 826 757 889 possent
796 815 978 871 afferri
1011 816 1079 871 de
1125 817 1332 871 ratione
1380 825 1562 872 motus
1610 818 1943 882 animalium.
1979 838 2098 892 qum

536 908 770 964 facultas
801 909 1133 978 requiratur,
1166 917 1221 964 et
1246 909 1374 979 quid
1423 909 1637 966 tandem
1690 924 1983 968 concurrat
2030 916 2096 969 ad

534 1008 741 1054 motum
791 992 1408 1071 hunc'exsequendum,
1457 1002 1550 1057 sed
1608 1017 1671 1056 ea
1720 1003 2096 1062 subtilioribus

535 1092 875 1164 philosophis
921 1093 1188 1163 relinquo.
1228 1094 1500 1149 Adducam
1557 1102 1736 1151 tamen
1794 1112 1960 1152 unum
2013 1101 2097 1155 vel

535 1184 767 1239 alterum
809 1184 874 1239 ad
908 1185 1070 1254 hujus
1113 1185 1216 1239 loci
1261 1186 1697 1255 explicationem.
1730 1185 1923 1242 Noster
1953 1190 2096 1244 enim

537 1276 854 1333 Eustathius
897 1292 1020 1331 cum
1068 1278 1123 1331 in
1175 1277 1355 1333 verbis
1395 1280 1769 1348 superioribus
1821 1281 2099 1336 videretur

535 1369 722 1423 nescio
745 1369 1018 1438 quomodo
1036 1408 1050 1432 ,
1075 1369 1313 1422 animum
1347 1370 1519 1425 brutis
1563 1371 1971 1442 pecudibusque
1997 1374 2095 1427 de-

536 1473 786 1529 negasse,
810 1467 865 1514 et
892 1467 1099 1512 tantum
1144 1475 1364 1515 sensum
1420 1461 1527 1517 illis
1554 1463 1889 1527 attribuisse,
1929 1464 1981 1518 in
2012 1464 2096 1521 bis

534 1564 598 1606 se
616 1549 870 1621 explicat,
894 1549 959 1605 de
982 1566 1213 1620 quonam
1243 1567 1426 1608 animo
1446 1555 1806 1624 loquebatur;
1830 1557 1904 1610 ait
1927 1557 2091 1624 enim,

533 1640 790 1696 animalia
823 1641 957 1704 haec,
1003 1659 1123 1714 quae
1174 1660 1397 1700 sensum
1447 1660 1553 1700 una
1605 1662 1725 1701 cum
1784 1647 2095 1704 hominibus

534 1746 876 1788 communem
909 1735 1127 1799 habent,
1153 1751 1261 1791 non
1287 1746 1464 1794 tamen
1515 1738 1757 1808 ejusdem
1805 1741 2096 1811 perfectio-

533 1826 621 1880 nis
679 1826 943 1892 animum,
1002 1831 1185 1883 vivere
1236 1837 1291 1884 et
1351 1831 1558 1887 moveri
1616 1848 1725 1887 non
1775 1845 1927 1889 motu
1985 1851 2093 1907 quo

529 1928 819 1974 moventur
851 1919 1136 1988 homines;
1160 1930 1291 1977 tunc
1321 1924 1461 1977 enim
1486 1936 1539 1979 et
1571 1927 1828 1995 mqualem
1854 1928 2092 1982 animum

528 2009 943 2080 participarcut.
974 2011 1112 2064 Cum
1157 2012 1317 2066 homo
1346 2028 1456 2067 non
1491 2014 1822 2084 intelligatur
1858 2031 2092 2085 unquam

529 2102 762 2165 moveri,
794 2102 898 2158 nisi
933 2103 1145 2159 ratione
1195 2110 1246 2158 et
1300 2105 1405 2159 line
1457 2104 1634 2173 primo
1691 2105 1758 2159 ab
1816 2105 2092 2161 intellectu

528 2204 628 2261 per
655 2192 965 2249 discursum
993 2194 1313 2264 sibimetipsi
1343 2197 1643 2266 proposito,
1679 2198 1822 2267 quod
1847 2198 2093 2252 animan-

530 2282 681 2339 tibus
703 2284 913 2339 c:eteris
944 2285 1166 2340 omnino
1197 2301 1303 2340 non
1341 2289 1594 2344 convenit
1626 2307 1639 2343 :
1677 2292 1794 2360 ipsa
1823 2290 1965 2345 enim
1996 2306 2093 2360 ap-

529 2374 698 2445 petitu
754 2383 990 2439 tantum,
1032 2385 1085 2432 et
1139 2377 1522 2448 imaginatione
1580 2393 1883 2437 moventur.
1935 2382 2089 2449 Quod

530 2464 689 2520 nobis
718 2477 909 2521 auctor
931 2468 1128 2534 innuit,
1151 2468 1278 2522 dum
1307 2471 1439 2525 dicit
1470 2491 1481 2526 :
1531 2471 1655 2527 llaec
1701 2473 1954 2527 animalia
2000 2475 2093 2528 bo-

528 2559 674 2613 mine
703 2545 882 2614 minus
912 2559 1255 2630 perfectiora,
1284 2571 1494 2653 qaturm
1515 2563 1563 2616 vi
1583 2564 1839 2633 quadam,
1867 2566 2091 2633 sangui-

529 2663 599 2705 ne
639 2657 799 2721 atque
837 2665 960 2707 aere
989 2653 1294 2722 impellente
1328 2655 1436 2724 agi.
1463 2654 1535 2709 De
1562 2669 1724 2709 causa
1759 2661 1938 2709 motus
1971 2655 2089 2708 ani-

526 2745 751 2800 malium
783 2745 1125 2809 Aristoteles,
1168 2747 1263 2801 llb.
1299 2763 1382 2813 Ill,
1416 2748 1492 2804 De
1522 2750 1723 2812 anima,
1750 2756 1883 2803 text.
1915 2748 2006 2813 48,
2036 2757 2090 2804 et

527 2846 776 2907 sequent.
793 2835 1008 2893 Refellit
1030 2839 1213 2909 itaque
1241 2839 1325 2894 his
1346 2840 1527 2896 verbis
1547 2855 1732 2895 corum
1754 2841 2085 2911 opinionem,

524 2927 619 2996 qui
650 2927 825 2984 brutis
860 2929 1087 2985 rationis
1117 2928 1222 2982 vim
1261 2937 1315 2983 et
1350 2926 1658 2984 discursum
1700 2932 2083 2988 attribuerunt.

523 3008 885 3092 Porphyrius,
909 3020 1002 3076 lib.
1035 3037 1117 3082 ιιι.
1148 3019 1223 3075 De
1254 3022 1569 3075 abstinentia
1598 3020 1663 3075 ab
1697 3038 1783 3076 esu
1823 3023 2082 3087 carnium,

522 3114 742 3177 statuit,
771 3123 1018 3168 naturam
1039 3114 1291 3170 omnibus
1326 3115 1715 3179 animantibus,
1738 3116 1938 3186 quibus
1962 3131 2084 3171 sen-
2111 3154 2151 3210 ϐ

2199 556 2292 594 nec
2323 556 2475 609 posse
2504 540 2621 609 ﬁeri
2647 540 2772 610 quin
2804 538 2858 592 id
2880 539 3017 610 quod
3040 540 3272 596 mirabili
3305 545 3511 599 ratione
3533 555 3759 608 constat,

2198 632 2422 687 consilio
2450 631 2644 700 majori
2674 632 2850 702 aliquo
2874 636 2943 687 sit
2971 634 3304 690 instructum.

2268 723 2404 779 Ibid.
2463 724 2561 779 lin.
2614 724 2703 779 28.
2743 724 2867 778 Ποῦ
2894 726 3078 794 λόγος
3101 726 3238 795 ἐρεῖ.
3287 724 3570 783 Rationem
3622 729 3764 785 hanc

2197 814 2338 877 fuse,
2373 813 2839 882 disertissimeque
2873 815 3217 884 prosequitur
3266 815 3568 871 Methodius
3596 814 3760 871 Pata-

2199 906 2400 969 rensis,
2431 906 2526 961 lib.
2554 904 2632 957 De
2656 905 2816 960 libero
2841 906 3083 971 arbitrio,
3116 915 3303 963 contra
3326 907 3756 972 Valentinianus,

2197 1014 2356 1069 quem
2377 999 2520 1062 vide,
2540 1007 2593 1053 et
2615 998 2804 1053 Cicero
2820 1014 2858 1053 ιι
2892 1000 2964 1054 De
2978 1008 3091 1054 nat.
3114 1002 3347 1056 deorum.
3372 999 3525 1067 Quod
3548 1002 3759 1056 Aristo-

2197 1090 2355 1145 telem
2390 1105 2617 1160 negasse
2659 1090 2826 1145 refert
2854 1092 3065 1147 Atticus
3091 1094 3230 1162 apud
3260 1092 3572 1158 Eusebium,
3609 1095 3757 1166 ’Δρι-

2198 1180 2454 1252 στοτέλης
2497 1182 2657 1253 μέχρι
2700 1182 2922 1254 σελήνης
2967 1184 3167 1255 στήσας
3188 1184 3267 1242 ,τὸ
3293 1184 3467 1246 Θεῖον,
3500 1187 3566 1239 τὰ
3596 1185 3761 1242 λοιπὰ

2196 1274 2291 1328 τοῦ
2321 1274 2523 1344 κόσμου
2557 1274 2883 1345 περιγράφει
2903 1277 3001 1346 τῆς
3022 1274 3114 1328 τοῦ
3143 1275 3275 1329 Θεοῦ
3307 1277 3579 1346 προνοίας.

2266 1364 2427 1427 lbid.,
2452 1365 2547 1417 lin.
2583 1363 2675 1419 40.
2717 1363 2888 1418 Φιλεῖ
2908 1363 3020 1434 γὰρ
3052 1364 3122 1418 τὰ
3157 1364 3306 1433 πρὸς
3333 1368 3514 1432 τίνος.
3544 1367 3760 1423 Aristo-

2195 1457 2351 1519 teles,
2379 1457 2492 1512 sive
2507 1456 2926 1526 aliusquispiam
2960 1459 3028 1511 de
3055 1457 3257 1512 mundo
3278 1457 3344 1511 ad
3364 1458 3753 1525 Alexandrum,

2199 1549 2445 1619 exemplo
2468 1549 2684 1614 animai,
2712 1563 2833 1618 quae
2855 1548 2908 1602 in
2941 1548 3158 1604 homine
3188 1565 3295 1604 non
3326 1549 3558 1615 videtur,
3581 1559 3637 1605 et
3672 1560 3756 1605 ta-

2197 1658 2592 1698 men‘necesse
2633 1652 2718 1698 est
2769 1641 2925 1698 fateri
2955 1644 3156 1710 omnia,
3199 1659 3317 1714 quae
3348 1659 3444 1714 per
3480 1644 3752 1701 hominem

2200 1733 2336 1787 fiunt
2365 1734 2434 1789 ab
2457 1735 2547 1788 illa
2580 1735 2866 1805 provenire
2902 1735 3115 1806 probat,
3147 1734 3333 1800 Deum,
3363 1734 3443 1790 vel
3468 1738 3648 1805 potius
3686 1737 3753 1791 ad

2125 1820 2166 1874 Β
2200 1822 2292 1878 Dei
2322 1826 2685 1895 cognitionem
2735 1840 2836 1879 nos
2864 1840 2931 1879 ex
2975 1827 3123 1880 illius
3151 1826 3404 1896 operibus
3437 1841 3596 1896 posse
3634 1842 3755 1896 per-

2194 1918 2401 1981 venire,
2435 1918 2526 1988 qui
2563 1919 2666 1972 etsi
2707 1921 2879 1973 nostri
2906 1927 3159 1989 aspectus
3202 1917 3368 1972 aciem
3405 1917 3561 1987 fugit,
3586 1918 3644 1972 (it
3678 1929 3754 1972 ta-

2192 2027 2315 2066 men
2348 2012 2482 2081 ipsis
2528 2012 2783 2082 operibus
2826 2012 3147 2083 perspicuus
3194 2023 3248 2065 et
3291 2011 3656 2066 manifestus:
3698 2020 3753 2066 et

2191 2103 2296 2157 hoc
2318 2103 2469 2157 nullo
2504 2102 2664 2157 modo
2694 2104 2886 2158 obesse
2916 2112 3009 2157 aut
3036 2102 3112 2156 illi
3139 2100 3204 2154 ad
3229 2100 3628 2171 agendum,aut
3655 2118 3753 2157 no-

2191 2194 2276 2249 bis
2303 2194 2370 2247 ad
2405 2194 2563 2248 [idem
2595 2195 2743 2249 hisce
2767 2195 2932 2249 rebus
2959 2192 3495 2253 accommodandam,
3518 2194 3628 2246 Kal.
3645 2193 3752 2267 γὰρ

2192 2287 2225 2356 ἡ
2251 2285 2417 2356 ψυχὴ.
2443 2287 2511 2340 δι’
2538 2286 2605 2357 ἣν
2639 2283 2820 2357 ζῶμεν
2870 2303 2929 2339 τε
2965 2285 3057 2339 καὶ
3085 2284 3262 2347 πόλεις
3305 2284 3397 2337 καὶ
3428 2285 3605 2348 οἴκους
3636 2285 3753 2355 ἕχο-

2195 2392 2313 2445 μεν,
2354 2375 2583 2446 ἀόρατος
2624 2370 2758 2427 οὖσα
2795 2377 2907 2437 τοῖς
2943 2373 3119 2444 ἔργοις
3164 2374 3343 2434 αὐτοῖς
3384 2374 3594 2443 ὁρᾶται.
3636 2374 3752 2437 Πᾶς

2190 2466 2295 2538 γὰρ
2334 2468 2363 2519 ὁ
2397 2466 2489 2520 τοῦ
2526 2466 2638 2536 βίος
2677 2465 2968 2536 διάκοσμος
3004 2465 3108 2517 ὑπὸ
3144 2464 3347 2535 ταύτης
3384 2463 3629 2535 εὓρηται,
3660 2467 3751 2519 καὶ

2187 2558 2550 2620 διατέτακται,
2598 2557 2691 2611 καὶ
2732 2556 3030 2626 συνέχεται.
3063 2554 3129 2608 Ει
3160 2555 3409 2619 inferius,
3436 2555 3620 2610 Ταῦτα
3646 2557 3749 2629 χρὴ

2187 2651 2281 2704 καὶ
2315 2650 2441 2721 περὶ⁵
2473 2647 2606 2701 θεοῦ
2641 2648 2983 2713 διανοεῖσθαι,
3018 2647 3243 2718 δυνάμει
3273 2648 3371 2719 μὲν
3408 2648 3560 2714 ὄντος
3600 2650 3747 2721 ἰσχυ-

2190 2741 2434 2814 ροτάτου,
2462 2739 2645 2793 κάλλει
2667 2739 2721 2792 δὲ
2750 2739 3210 2809 εὐπρεπεστάτου,
3238 2739 3348 2811 ζωῇ
3379 2741 3437 2794 δὲ
3459 2741 3744 2806 ἀθανάτου,

2186 2833 2352 2903 ἀρετῇ
2379 2832 2436 2884 δὲ
2468 2829 2775 2902 κρατίστου.
2810 2831 2898 2883 Διὸ
2925 2830 3073 2902 πάσῃ
3097 2830 3259 2901 θνητῇ
3285 2831 3442 2899 φύσει
3467 2833 3746 2903 γενόμενος

2185 2924 2494 2995 ἀθεώρητος
2521 2926 2617 2977 ἀπ’
2646 2921 2824 2977 αὐτῶν
2853 2921 2959 2976 τῶν
2994 2922 3168 2993 ἔργων
3194 2921 3500 2995 θεωρεῖται.
3536 2925 3616 2978 Τὰ
3643 2923 3744 2996 γὰρ

2187 3016 2354 3088 πάθη,
2390 3016 2484 3069 καὶ
2506 3014 2576 3068 τὰ
2611 3014 2677 3068 δι’
2705 3014 2865 3082 ἀέρος
2888 3014 3119 3077 ἅπαντα,
3158 3016 3251 3068 καὶ
3283 3014 3349 3068 τὰ
3381 3016 3473 3068 ἐπὶ
3499 3015 3622 3086 γῆς,
3654 3016 3744 3068 καὶ

2185 3109 2253 3163 τὰ
2281 3110 2338 3163 ὲν
2366 3107 2517 3162 ὕδατι
2541 3106 2676 3161 Θεοῦ
2700 3106 2908 3175 λέγοιτο
2930 3106 2993 3160 ἂν
3016 3105 3181 3169 ὅντως
3202 3106 3337 3177 ἔργα
3361 3102 3518 3171 εἶναι,
3543 3106 3636 3159 τοῦ
3657 3107 3745 3160 τὸν

525 3220 647 3260 sum
681 3215 736 3261 et
769 3205 1085 3261 memoriam
1108 3205 1276 3273 dedit,
1308 3206 1568 3261 rationem
1605 3222 1841 3278 quoque,
1884 3208 1992 3261 imo
2030 3215 2084 3263 et

2186 3203 2388 3272 κόσμον
2420 3196 2725 3272 ἐπέχοντος,
2764 3198 2825 3263 ἐξ
2858 3191 2940 3263 οὗ,
2985 3198 3125 3252 κατὰ
3159 3198 3248 3252 τὸν
3287 3200 3512 3268 φυσικὸν
3554 3200 3746 3270 Ἐμπε-

522 3299 845 3362 orationem,
886 3305 994 3351 tam
1030 3298 1296 3353 interuam
1319 3313 1478 3370 quam
1503 3306 1780 3355 externam
1804 3299 2083 3365 tribuisse,

524 3389 686 3461 idque
713 3389 961 3459 pluribus
990 3391 1343 3461 argumentis,
1368 3399 1421 3445 et
1452 3389 1812 3461 Empedoclis,
1844 3389 2085 3445 Platonis

520 3488 577 3537 et
606 3483 916 3539 Aristotelis
951 3483 1112 3538 etiam
1145 3483 1473 3539 testimoniis
1501 3492 1731 3538 conatur
1772 3484 2079 3539 ostendere.

522 3573 872 3636 Plutarchus.
900 3576 1042 3629 lib.v
1074 3575 1149 3629 De
1177 3576 1410 3645 placitis,
1435 3592 1553 3645 cap.
1578 3576 2078 3647 20,Anaxagoram,

519 3675 576 3722 et
608 3665 966 3737 Pythagoram
999 3666 1137 3720 idem
1169 3667 1408 3723 sensisse
1448 3676 1699 3732 testatur,
1734 3669 1929 3735 quibus
1967 3669 2082 3739 ipse

521 3756 849 3827 suffragatur
880 3757 933 3811 in
972 3757 1190 3827 Dialogo
1213 3774 1371 3826 quem
1397 3758 1691 3827 inscripsit,
1724 3758 1875 3825 Quod
1914 3759 2080 3812 brutis

522 3852 661 3905 ratio
696 3852 845 3905 insit.
880 3851 998 3917 Quo
1048 3850 1178 3919 quid
1228 3850 1565 3906 absurdius?
1610 3850 1740 3921 quid
1786 3851 2080 3906 insulsius?

520 3940 778 3997 Plurimis
803 3943 1102 3997 rationibus
1125 3941 1267 3994 hanc
1297 3942 1621 3996 sententiam
1664 3942 1919 3998 refellunt
1958 3943 2079 4013 phi-

519 4034 732 4106 losophi
781 4034 925 4104 apud
957 4033 1321 4095 Aristotelem,
1356 4048 1515 4102 quos,
1548 4034 1593 4087 si
1633 4034 1783 4099 libet,
1830 4035 2072 4089 consule.

515 4123 686 4180 Nobis
705 4124 788 4180 vel
820 4124 1047 4194 hujusce
1070 4123 1148 4177 rei
1172 4124 1484 4179 meminisse
1513 4125 1646 4180 satis
1676 4125 1764 4178 sit.

586 4216 745 4280 lbid.,
796 4215 891 4268 lin.
951 4215 1037 4268 ii.
1077 4214 1242 4266 Ἐστι
1289 4212 1356 4266 δέ·
1401 4215 1495 4268 καὶ
1540 4215 1609 4268 ὲν
1651 4213 1873 4281 αὐτοῖς.
1934 4213 2076 4271 Sane

516 4309 883 4384 pulcherrima
909 4316 989 4363 est
1012 4308 1126 4363 haec
1162 4307 1433 4377 digressio
1467 4307 1521 4361 in
1552 4324 1681 4378 qua,
1712 4324 1779 4363 ex
1816 4308 2071 4364 omnibus

515 4407 679 4461 rebus
702 4419 732 4458 a
768 4400 877 4458 Deo
914 4404 1110 4458 creatis
1139 4403 1193 4456 in
1240 4402 1343 4456 hoc
1386 4401 1607 4464 mundo,
1641 4412 1894 4455 aeternam
1929 4402 2075 4471 ejus-

2185 3293 2393 3362 δοκλέα,

2184 3426 2367 3483 nam
2391 3429 2508 3483 ὅσα
2539 3429 2588 3482 τ’
2628 3424 2726 3499 ἦν,
2756 3426 2874 3484 ὅσα
2911 3430 2960 3482 τ’
2985 3428 3155 3482 ἐστὶν
3192 3426 3262 3481 ιδ’
3296 3427 3551 3499 ὄσσαᾼτε
3578 3428 3745 3483 ἔσται

2188 3567 2440 3635 Δένδρεά
2468 3570 2515 3621 τ’
2544 3568 2901 3637 ἐϐλάστησε,
2948 3568 3044 3621 καὶ
3082 3568 3290 3636 ἀνέρες
3315 3566 3425 3634 ἠδὲ

2187 3636 2373 3707 Θῆρές
2403 3639 2450 3692 τ’
2480 3639 2675 3693 οἰωνοί
2711 3656 2793 3701 τε,
2814 3637 2929 3719 ’καὶ
2950 3636 3464 3708 ὑδατοθρέμμονες
3484 3639 3673 3708 ιχθῦς.

2254 3728 2387 3785 Vide
2408 3732 2568 3786 etiam
2592 3745 2712 3800 quae
2733 3736 3055 3801 sequuntur.

2250 3862 2410 3928 lbid.,
2454 3865 2551 3920 lin.
2579 3866 2667 3919 Η.
2714 3865 3114 3936 Συγγεννᾶται
3156 3864 3273 3936 μὲν
3314 3864 3444 3935 γάρ.
3487 3864 3739 3933 Basilius,

2181 3956 2326 4012 hom.
2369 3958 2424 4020 9,
2462 3958 2904 4029 Συναπεγεννήθη
2937 3960 2965 4012 ὁ
3003 3955 3170 4028 θυμὸς
3200 3956 3276 4028 τῷ
3306 3957 3498 4024 λέοντι,
3544 3959 3607 4012 τὸ
3653 3977 3744 4030 μο-

2181 4050 2430 4103 ναστικὸν
2468 4050 2629 4103 αὐτοῦ
2674 4050 2771 4119 τῆς
2812 4050 2977 4122 ζωῆς,
3021 4050 3081 4103 τὸ
3125 4049 3483 4122 ἀκοινώνητον
3524 4051 3743 4122 πρδςτδ

2180 4140 2465 4211 ὁμόφυλον.
2494 4135 2620 4194 Οἷον
2642 4141 2748 4211 γάρ
2775 4157 2858 4204 τις
2885 4139 3143 4212 τύραννος
3163 4140 3271 4193 τῶν
3302 4140 3509 4210 ἀλόγων
3536 4141 3627 4194 διὰ
3649 4142 3742 4211 τὴν

2180 4232 2245 4283 ὲκ
2276 4229 2486 4299 φύσεως
2514 4232 2613 4282 {me
2626 4230 2834 4301 ροψίαν,
2867 4230 2965 4303 τὴν
3002 4230 3136 4302 πρὸς
3164 4233 3287 4296 τοὺς
3315 4231 3542 4296 πολλοὺς
3564 4233 3744 4303 ὁμοτι-

2181 4323 2308 4394 μίαν
2341 4323 2401 4375 οὐ
2427 4322 2792 4392 καταδέχεται’
2829 4324 2956 4392 ὅσγε
2983 4323 3101 4376 οὐδὲ
3128 4322 3314 4395 χθιζὴν
3334 4324 3540 4395 τροφὴν
3577 4339 3744 4395 προσ-

2180 4413 2339 4478 ίεται,
2381 4413 2487 4466 οὐδ’
2532 4413 2597 4466 ἂν
2632 4413 2699 4465 τὰ
2729 4412 2953 4483 λείψανα
2981 4414 3077 4485 τῆς
3099 4412 3288 4466 ἑαυτοῦ
3311 4415 3483 4485 θήρας
3506 4413 3739 4468 ἐπέλθοι·

513 4497 636 4551 dem
664 4494 759 4551 Dei
786 4496 840 4550 in
868 4495 983 4549 haec
1007 4494 1263 4548 inferiora
1293 4492 1685 4562 providentiam
1725 4491 2075 4547 validissimis

2185 4498 2221 4573 ᾧ
2267 4504 2361 4557 καὶ
2406 4502 2705 4574 τηλικαῦτα
2754 4503 2853 4574 τῆς
2903 4504 3082 4576 φωνῆς
3126 4503 3195 4557 τὰ
3240 4503 3448 4574 ὄργανα
3492 4505 3527 4575 ἡ
3586 4505 3743 4573 φύσις

513 4588 820 4645 rationibus
849 4585 1167 4651 confirmat;
1195 4592 1388 4654 etquae
1415 4584 1504 4637 alii
1543 4583 1715 4653 longis
1764 4597 1826 4635 ac
1848 4582 2076 4636 divulsis

514 4677 803 4733 verborum
834 4674 1151 4736 structuris,
1184 4674 1269 4745 pie
1300 4684 1480 4730 tamen
1509 4681 1934 4744 pertractat-unt,
1963 4674 2078 4743 ipse

511 4771 896 4841 compendiosa
937 4769 1172 4842 quadam
1224 4779 1667 4841 argumentorum
1746 4778 1799 4824 et
1851 4768 2076 4823 demon-

511 4865 835 4919 strationum
894 4862 1322 4927 enumeratione,
1381 4863 1659 4918 succincte
1719 4876 1784 4915 ac
1841 4861 2076 4915 breviter

508 4957 764 5026 explicat.
788 4954 1201 5026 Elegantissime
1216 4955 1320 5009 hoc
1338 4963 1711 5026 argumentum
1726 4953 2076 5027 pertractavit

509 5047 887 5106 Theodoretus
920 5049 1107 5105 decem
1135 5049 1502 5104 sermonibus.
1522 5048 1701 5114 Quare
1739 5048 2075 5118 superﬂuum

507 5141 639 5196 mihi
659 5142 868 5197 videtur
897 5141 985 5195 hic
1011 5141 1241 5197 aliorum
1278 5141 1588 5196 testimonia
1616 5141 1681 5194 ad
1718 5141 1857 5195 hanc
1898 5141 2073 5196 nostri

506 5234 746 5290 auctoris
773 5235 1099 5290 sententiam
1130 5234 1462 5304 probandam
1489 5236 1749 5291 inserere.
1768 5235 2072 5306 Adjungam

506 5333 687 5382 tamen
716 5329 806 5383 hic
835 5329 1113 5384 corollarii
1144 5330 1265 5384 loco
1293 5330 1455 5384 verba
1485 5329 1756 5383 Lactantii
1788 5328 2068 5394 Firmiani,

506 5419 586 5475 De
612 5421 755 5491 falsa
786 5421 1057 5492 religione,
1090 5437 1211 5492 cap.
1244 5422 1279 5475 2
1314 5440 1327 5477 :
1365 5419 1532 5475 Nemo
1566 5431 1642 5475 est
1673 5424 1810 5476 enim
1840 5432 1948 5476 tam
1980 5440 2071 5477 ru-

503 5511 610 5577 dis,
635 5523 742 5567 tam
772 5515 899 5584 feris
946 5513 1349 5585 moribus,quin
1382 5514 1561 5569 oculos
1608 5532 1731 5569 suos
1774 5515 1829 5568 in
1885 5514 2070 5568 caelum

505 5603 713 5668 tollens,
741 5606 950 5660 tametsi
981 5606 1179 5659 nesciat
1208 5605 1359 5673 cujus
1388 5605 1486 5661 Dei
1506 5605 1831 5676 providentia
1860 5618 2070 5678 regatur

504 5693 602 5749 hoc
629 5711 797 5758 omne,
828 5694 965 5766 quod
992 5697 1245 5758 cernitur,
1272 5696 1504 5766 aliquam
1536 5707 1709 5751 tamen
1740 5714 1851 5752 esse
1872 5698 2068 5751 intelli-

504 5796 595 5860 gat
627 5801 693 5840 ea:
722 5785 835 5856 ipsa
867 5801 1038 5840 rerum
1085 5786 1465 5858 magnitudine,
1500 5798 1664 5854 motu,
1702 5789 2063 5858 dispositione,

2179 4594 2451 4665 ἐνέθηκεν,
2488 4594 2627 4648 ὥστε
2679 4594 2848 4648 πολλὰ
2893 4594 2999 4648 τῶν
3036 4594 3208 4659 ζώων,
3245 4595 3652 4667 ὑπερϐάλλοντα
3678 4598 3741 4668 τῇ

2177 4688 2463 4758 ταχύτητι,
2503 4686 2647 4758 μόνῳ
2680 4686 2935 4752 πολλάκις
2967 4687 3278 4741 ἁλίσκεσθαι
3310 4689 3385 4760 τῷ
3409 4687 3738 4761 βρυχήματι.

2184 4777 2392 4832 Similia
2423 4779 2674 4849 leguntur
2694 4778 2834 4849 apud
2862 4778 3030 4833 Eliam
3060 4779 3369 4835 Cretensem
3398 4783 3740 4850 episcopum,

2179 4878 2234 4926 et.
2258 4870 2474 4942 Glycam
2510 4871 2603 4925 lib.
2632 4885 2648 4922 ι
2676 4871 2897 4931 Αιιηαί..
2930 4871 3099 4941 θυμός
3125 4872 3265 4941 apud
3285 4869 3502 4925 Graecos
3532 4888 3636 4926 vos
3659 4878 3743 4927 est

2183 4959 2515 5031 πολύσημος,
2559 4960 2787 5029 ideoque
2828 4960 2995 5014 variis
3034 4960 3574 5029 interpretationibus
3611 4961 3740 5016 sub-

2174 5050 2339 5121 jecta,
2372 5053 2602 5107 maxime
2627 5052 2682 5106 in
2713 5052 2811 5107 hac
2835 5062 2892 5106 re
2914 5052 2981 5106 de
3015 5068 3122 5121 qua
3152 5052 3351 5122 agitur,
3376 5067 3569 5107 omnes
3595 5055 3737 5109 enim

2179 5144 2321 5198 leoni
2346 5145 2519 5213 aptari
2550 5160 2709 5214 posse
2738 5143 3007 5198 videntur.
3025 5143 3201 5209 Quare
3223 5145 3440 5214 quidam
3478 5144 3735 5214 {ni-orem,

2176 5235 2265 5288 alii
2289 5236 2543 5297 animum,
2568 5236 2725 5299 iram,
2756 5236 3007 5305 furorem,
3033 5236 3250 5305 quidam
3280 5236 3466 5299 etiam,
3497 5238 3735 5290 animum

2176 5344 2499 5398 generosum.
2525 5326 2636 5398 Ego
2653 5330 2832 5398 potius
2849 5329 3205 5389 iracundiam.
3225 5344 3346 5383 cum
3369 5331 3736 5398 generositate

2174 5419 2456 5488 eonjunxi,
2493 5429 2552 5474 ut
2584 5421 2692 5473 vim
2740 5418 2940 5474 Graecae
2975 5421 3144 5481 vocis,
3177 5427 3230 5474 et
3263 5420 3433 5473 leonis
3480 5429 3729 5475 naturam

2177 5510 2382 5565 clarius
2423 5511 2773 5581 explicarem.
2822 5510 3019 5575 llorus,
3053 5511 3149 5565 lib.
3181 5526 3239 5573 ll,
3270 5525 3391 5579 cap.
3430 5512 3527 5577 i7,
3565 5510 3733 5582 θυμὸν

2174 5603 2479 5675 βουλόμενοι
2507 5603 2739 5676 δηλῶσαι
2757 5603 2945 5657 λέοντα
2968 5602 3365 5676 ζιοιγραφοῦσιν.
3392 5600 3497 5658 Sed
3520 5604 3733 5659 diﬂicile

2172 5704 2254 5752 est
2320 5711 2539 5751 causam
2593 5696 2972 5767 generositatis
3028 5695 3363 5765 potissimam
3437 5696 3726 5766 explicare.

2172 5788 2455 5853 Martialis,
2488 5788 2578 5843 lib.
2614 5803 2712 5848 xu,
2755 5787 3016 5858 epigratn.
3050 5787 3116 5842 de
3156 5785 3379 5857 Ligurra
3410 5803 3423 5836 :
