4072 6342
324 382 430 439 92-5

544 499 609 570 In
652 510 832 557 tauros
857 500 1040 570 Libyci
1077 510 1233 554 ruunt
1261 501 1428 554 leones
1453 541 1467 563 ,

551 569 599 623 Ν
605 588 672 624 an
711 582 832 626 sunt
864 569 1215 641 papilionibus
1244 572 1470 626 molesti.

330 683 616 738 Matthaeus
650 683 918 745 Raderus,
951 699 1112 754 quem
1163 697 1376 751 semper
1417 680 1762 741 eruditionis,
1794 679 1889 732 do-

330 775 539 837 ctrinze,
572 776 958 844 elegantiaeque
999 789 1128 842 ergo
1156 774 1453 826 admiratus
1496 788 1636 832 sum,
1678 787 1890 841 quoque

331 866 603 920 monachii
635 865 1060 919 familiarissime
1092 879 1223 918 usus
1258 879 1400 923 sum,
1445 863 1571 915 dum
1605 862 1891 916 bibliothe-

330 973 450 1011 cam
506 955 801 1010 Palatinam
863 955 1234 1026 Heidelberga.
1295 957 1521 1024 spolium
1587 955 1803 1014 factam,
1838 962 1891 1007 et

332 1056 592 1117 tropazum
638 1051 860 1102 missam
912 1048 1173 1118 Gregorio
1199 1048 1412 1103 decimo
1441 1048 1630 1118 quinto
1655 1063 1682 1099 a
1719 1046 1890 1100 Maxi-

328 1140 554 1192 miliano
603 1141 890 1208 utriusque
941 1139 1178 1194 Bavariaa
1230 1141 1368 1194 duce
1434 1141 1614 1208 (cujus
1668 1139 1892 1192 eximias

331 1231 520 1287 laudes
572 1243 624 1286 et
659 1234 905 1296 virtutes,
932 1234 1182 1302 pietatem
1237 1233 1289 1286 iu
1336 1232 1525 1292 Deum,
1563 1231 1800 1284 animum
1835 1229 1889 1283 in

332 1324 648 1393 religionem
695 1324 1017 1378 catholicam
1050 1325 1353 1387 ardentem,
1386 1325 1439 1378 in
1471 1325 1720 1378 subditos
1755 1325 1890 1378 libe-

329 1416 520 1478 ralem,
545 1416 597 1469 in
625 1416 761 1470 alios
797 1431 1138 1486 generowm,
1157 1429 1428 1470 austerum
1466 1417 1516 1469 in
1542 1418 1889 1485 semetipsum

330 1507 548 1560 silentio
602 1507 687 1560 hic
714 1520 991 1576 prwtcreo,
1026 1508 1145 1560 aliis
1179 1505 1537 1574 σαλπιγκταῖς
1578 1523 1638 1558 τε
1672 1507 1764 1558 καὶ
1792 1507 1889 1577 κή-

328 1597 450 1667 ρυξι
490 1598 702 1666 pondus
753 1598 854 1653 hoc
895 1605 947 1652 et
998 1598 1235 1652 laborem
1277 1595 1632 1666 relinquens),
1665 1596 1890 1650 Romam

326 1691 780 1745 transvehendam
837 1705 1109 1753 curarem,
1144 1705 1306 1760 quam
1363 1691 1580 1743 tandem
1639 1689 1730 1742 Dei
1773 1705 1891 1742 mu-

325 1796 481 1842 nere,
527 1789 580 1835 et
627 1785 762 1833 tanti
805 1781 1066 1850 principis
1117 1782 1308 1850 gloria,
1338 1796 1458 1850 ope,
1499 1795 1561 1833 ac
1613 1779 1887 1834 beneﬂciis

326 1886 517 1925 sanam
557 1871 990 1940 incolumemque
1025 1873 1316 1934 trzmsvexi,
1374 1872 1616 1940 inquam,
1641 1869 1886 1924 Radcrus
1918 1859 1960 1912 Β

323 1963 523 2018 ibidem
579 1963 706 2016 ait:
756 1961 858 2015 Leo
918 1963 1290 2031 γενναιότατον
1339 1961 1524 2033 θηρίον
1580 1978 1681 2014 non
1739 1967 1886 2015 swvit

325 2057 382 2108 in
412 2053 677 2117 bestiolas,
699 2065 746 2109 et
776 2056 998 2108 minores
1028 2056 1190 2123 feras,
1227 2055 1492 2114 hinnulos,
1530 2055 1746 2123 lepores,
1788 2071 1883 2106 cu-

326 2147 550 2207 niculos,
580 2147 743 2200 multo
789 2147 958 2199 minus
998 2146 1312 2215 papiliones,
1358 2145 1447 2199 sed
1481 2146 1533 2198 in
1581 2156 1782 2210 tauros,
1813 2147 1890 2199 in-

321 2249 598 2310 gentesque
631 2240 828 2294 belluas
849 2283 863 2307 ,
896 2240 1045 2309 cujus
1089 2241 1366 2308 ingenii,et
1397 2237 1588 2293 indolis
1620 2240 1782 2308 fuisse
1811 2241 1886 2294 le-

319 2343 520 2406 guntur
564 2344 614 2387 et
657 2351 812 2388 canes
864 2333 1004 2402 apud
1052 2333 1311 2396 Plinium,
1349 2333 1440 2386 lib.
1476 2347 1594 2395 vm,
1640 2346 1759 2402 cap.
1791 2333 1881 2397 40,

320 2428 474 2481 missi
506 2425 807 2480 Alexandro
839 2424 1210 2486 Macedonum,
1243 2432 1351 2479 etc.
1403 2425 1654 2479 Ailianus
1704 2433 1884 2480 tamen

319 2519 398 2572 ita
427 2535 493 2573 ex
523 2519 627 2572 hac
656 2520 1018 2588 generositate
1051 2517 1224 2572 delabi
1253 2516 1438 2579 refert,
1477 2524 1534 2569 ut
1565 2523 1886 2571 assuescant

323 2610 679 2665 mansuefacti
706 2626 736 2664 a
768 2611 1143 2670 venatoribus.
1185 2609 1347 2663 veluti
1382 2624 1546 2662 canes
1577 2608 1644 2661 ad
1675 2623 1884 2662 venan-

317 2699 420 2755 dos
466 2700 741 2767 hinnulos,
775 2717 956 2770 apros,
986 2717 1176 2755 cervos
1203 2709 1257 2754 et
1299 2702 1423 2762 alia,
1457 2700 1551 2754 lib.
1586 2715 1717 2761 xvu,
1759 2715 1879 2769 cap.

317 2791 409 2855 ‘26,
451 2799 504 2845 et
554 2791 700 2845 hunc
740 2790 940 2845 ELaui
994 2793 1170 2845 locum
1213 2793 1267 2844 in
1317 2792 1432 2846 suis
1491 2790 1785 2844 Comment.
1830 2792 1882 2843 in

321 2882 666 2947 Martialem;
692 2885 786 2937 lib.
811 2900 847 2947 ι,
867 2885 1004 2954 epig.
1031 2885 1083 2944 9.
1110 2885 1224 2953 ipse
1249 2882 1496 2937 Raderus
1518 2885 1721 2946 retulit,
1745 2885 1806 2936 Ei
1826 2883 1904 2940 δὲ,

319 2974 516 3030 ἁλῶναι
540 2975 833 3046 δυνηθεῖεν,
858 2976 1184 3045 πραΰνονταί
1201 2992 1283 3043 γε.
1303 2975 1413 3028 ἀλλ’
1433 2976 1530 3045 ούχ
1553 2977 1599 3028 οἱ
1620 2977 1879 3046 μέγιστοι,

318 3069 413 3122 καὶ
439 3066 765 3139 ἡμροῦνταί
783 3084 865 3135 γε,
886 3067 976 3119 καὶ
1003 3066 1240 3134 γίνονταί
1259 3083 1320 3134 γε
1343 3068 1512 3136 ῥᾷστα
1524 3067 1787 3128 τιθασσοὶ,
1807 3069 1882 3131 ὼς

317 3159 472 3228 ἄγειν
496 3175 555 3212 τε
575 3158 680 3211 ὑπὸ
703 3159 954 3228 ῥυτῆρος,
973 3157 1222 3210 καὶκατὰ
1240 3160 1586 3226 κυναγωγοὺς
1605 3159 1697 3210 ἐπὶ
1715 3159 1879 3229 θήραν

317 3251 583 3324 κεμάδων,
599 3252 690 3304 καλ⁸
703 3251 932 3319 ἐλάφων.
949 3251 1040 3302 καὶ
1053 3249 1214 3314 συῶν,
1233 3251 1324 3303 καὶ
1335 3249 1664 3321 ταύρων,κα“ι
1677 3251 1882 3321 ἀγρίων

314 3347 470 3400 δνωψ
505 3347 610 3399 εἰσὶ
630 3345 736 3416 γὰρ
761 3346 853 3398 καὶ
876 3344 1246 3415 ρινηλατῆσαι,
1275 3344 1350 3407 ὡς
1369 3344 1572 3407 ἀκούω,
1602 3345 1781 3397 δεινοί.
1818 3344 1883 3398 Et

318 3438 534 3494 Marcus
555 3438 707 3492 Pauli
745 3438 1000 3500 Venetus,
1036 3437 1129 3490 lib.
1156 3456 1192 3490 ιι
1212 3437 1286 3491 De
1314 3437 1546 3490 moribus
1571 3446 1620 3490 et
1648 3446 1878 3490 consuet.

316 3530 523 3588 Orient.
587 3532 852 3601 regionum
906 3539 953 3582 et
1002 3529 1371 3592 Tartarorum,
1402 3531 1470 3583 de
1504 3545 1699 3598 magno
1747 3529 1881 3582 Kam

316 3627 482 3680 verba
517 3625 738 3685 faciens,
771 3623 960 3688 liabet,
989 3623 1198 3684 scribit,
1259 3637 1349 3675 rex
1383 3639 1476 3690 pro
1501 3637 1612 3676 sua:
1644 3623 1876 3676 venatio-

316 3719 400 3771 nis
429 3717 620 3771 solatio
655 3715 932 3784 leopardos
960 3715 1149 3768 multos
1178 3712 1510 3778 domesticos,
1535 3717 1624 3784 qui
1654 3732 1770 3768 cum
1797 3715 1884 3768 ho-

314 3809 542 3863 minibus
587 3808 652 3861 ad
697 3795 1014 3862 venationem
1066 3806 1261 3859 assueti
1311 3815 1453 3869 sunt,
1489 3816 1538 3858 et
1585 3823 1678 3875 pro
1726 3807 1880 3876 hujus

313 3902 586 3956 uenatione
618 3901 816 3968 optimi,
851 3900 1142 3970 multasque
1181 3897 1371 3952 bestias
1399 3899 1630 3966 capiunt.
1673 3900 1878 3954 Simili—

314 4005 394 4048 ter
426 3993 617 4047 ltnceos
669 3992 819 4046 habet
876 3991 943 4044 ad
1005 3992 1291 4046 venandum
1353 3991 1659 4046 industrios.
1713 3991 1880 4045 liabet

309 4088 474 4142 etiam
506 4085 673 4139 leones
720 4086 978 4137 maximos
1009 4094 1056 4137 et
1083 4084 1478 4151 pulcherrimos,
1518 4082 1739 4151 mcjores
1772 4083 1877 4136 illis

310 4180 403 4248 qui
433 4179 486 4231 in
530 4177 825 4246 Babylonia
855 4187 997 4239 sunt,
1025 4177 1114 4246 qui
1142 4178 1194 4229 in
1227 4178 1333 4244 pilo
1386 4176 1599 4245 pellium
1655 4177 1877 4246 ungulas

310 4271 503 4325 habent
537 4288 629 4340 per
671 4271 879 4340 longum
915 4270 1106 4323 coloris
1137 4270 1292 4332 varii,
1324 4271 1458 4338 nigri
1483 4278 1531 4322 et
1564 4268 1728 4322 rubri.
1773 4269 1875 4334 Qui

307 4365 474 4418 etiam
506 4363 648 4416 docti
695 4372 814 4416 sunt
866 4379 983 4414 cum
1030 4361 1323 4414 hominibus
1376 4361 1574 4423 venari,
1613 4370 1661 4413 et
1696 4376 1872 4428 apros,

308 4472 485 4517 ursos,
519 4471 714 4513 cervos.
769 4469 976 4521 capras,
1027 4470 1274 4522 onagros,
1318 4451 1568 4522 bovesque
1612 4453 1874 4504 silvestres

1423 381 1491 436 IN
1534 381 1902 438 EL‘STATHII
1946 381 2413 437 HEXAEMERON
2443 375 2674 434 ΝΟΤᾸΞ.

1917 507 1960 562 Α
1991 498 2240 570 σώματος
2269 499 2427 572 ῥώμῃ
2448 499 2772 572 θαρροῦντος
2789 499 2973 570 ἄμφω,
3000 496 3116 554 εἶτα
3130 503 3191 555 οὐ
3210 501 3377 555 δεῖται
3397 502 3553 558 θατέ-

1993 606 2085 659 ρου
2103 591 2128 642 ὁ
2145 589 2347 660 ἕτερος,
2366 589 2440 652 ὣς
2457 607 2618 658 φασιν
2633 591 2680 642 οἱ
2703 590 3077 663 πρεσϐύτεροι.
3090 590 3318 655 Plinius,
3333 593 3549 657 lib.vm,
3642 646 3656 664 ,

3445 385 3550 440 926

1989 697 2107 751 cap.
2135 682 2220 745 l6,
2257 683 2391 737 alias
2422 683 2584 752 hujus
2614 684 2688 738 rei
2713 699 2910 738 causas
2929 684 3115 740 all'ert:
3143 685 3473 742 Generositas
3498 688 3552 741 in

1990 774 2232 841 periculis
2266 774 2492 826 maxime
2514 774 2914 842 deprehenditur
2943 791 2960 828 :
2986 794 3088 831 non
3119 778 3173 830 in
3199 777 3290 831 illo
3322 787 3555 851 tantum-

1998 864 2174 927 modo,
2217 864 2354 934 quod
2389 883 2630 936 spernens
2657 869 2758 921 tela
2793 867 2883 921 diu
2911 886 2964 922 se
2993 880 3188 924 terrore
3213 871 3326 924 solo
3358 880 3552 934 tuetur,

1995 973 2057 1010 ac
2098 959 2241 1010 velut
2270 959 2385 1028 cogi
2420 968 2640 1012 testatur
2669 962 3035 1032 :coorilurque
3058 980 3159 1016 non
3197 972 3453 1034 tanquam,
3474 980 3557 1033 pe-

1993 1051 2160 1103 riculo
2183 1062 2414 1114 coactus,
2439 1053 2526 1105 sed
2560 1061 2806 1122 tanquam
2837 1055 3078 1108 anientiw
3100 1055 3288 1108 iratus.
3324 1053 3431 1108 Illa
3462 1072 3557 1108 no-

1993 1138 2148 1192 bilior
2201 1143 2367 1193 animi
2411 1143 2749 1210 signiﬁcatio,
2804 1143 3086 1212 quamlibet
3127 1161 3318 1213 magna
3364 1160 3556 1198 canum

1989 1243 2038 1287 et
2101 1236 2401 1287 venantium
2447 1244 2656 1303 urgente
2707 1234 2777 1295 vi,
2813 1236 3164 1301 contemptim,
3209 1238 3558 1306 restitansque

1993 1325 2136 1380 cedit
2171 1327 2222 1378 in
2258 1326 2454 1393 campis
2479 1335 2524 1378 et
2572 1325 2658 1378 ubi
2696 1327 2917 1392 spectari
2947 1336 3132 1394 potest.
3161 1326 3306 1379 Idem
3342 1327 3429 1380 ubi
3450 1345 3558 1381 t'tt°-

1994 1419 2142 1488 gulta
2191 1417 2460 1487 silvasque
2498 1426 2800 1485 penetravit,
2850 1420 3104 1472 acerrimo
3153 1435 3310 1472 cursu
3364 1419 3551 1488 fertur,

1993 1512 2128 1565 velut
2179 1510 2524 1564 abscondente
2559 1511 2929 1578 turpitudinem
2972 1513 3102 1566 loco.
3135 1511 3330 1566 Noster
3363 1520 3553 1566 auctor

1991 1602 2254 1672 quasdam
2306 1617 2372 1655 ex
2426 1602 2514 1657 his
2566 1603 2776 1671 attigit,
2814 1604 2948 1660 alias
3002 1604 3267 1673 adjunxit,
3303 1604 3430 1658 dum
3476 1605 3551 1658 illi

1994 1693 2345 1749 solitudinem
2391 1703 2444 1748 et
2485 1709 2760 1748 recessum
2807 1696 3002 1758 amica,
3041 1704 3094 1750 et
3121 1697 3273 1752 cibos
3297 1704 3552 1752 externos

1988 1785 2339 1856 dedignando
2375 1801 2546 1840 novos
2573 1801 2855 1856 capessere
2885 1787 3128 1842 aﬂirmat.

2063 1878 2222 1942 lbid.,
2274 1879 2368 1932 lin.
2399 1879 2489 1933 49.
2541 1879 2692 1933 Οὐδὲ
2740 1879 2945 1948 χθιζὴν
3000 1881 3244 1949 τροφήν.
3301 1880 3552 1936 Elianus

1985 1966 2062 2021 De
2103 1967 2225 2020 hist.
2258 1968 2501 2034 animal.,
2537 1969 2627 2022 lib.
2664 1985 2715 2032 γ,
2749 1984 2866 2038 cap.
2906 1969 2994 2035 59,
3026 1969 3187 2038 hujus
3223 1971 3299 2023 rei
3331 1986 3549 2025 causam

1986 2070 2038 2116 et
2072 2061 2292 2115 modum
2323 2070 2528 2128 narrat,
2551 2078 2651 2117 nec
2683 2062 2735 2115 in
2767 2063 3018 2116 onmibus
3051 2078 3234 2117 verum
3263 2079 3383 2117 esse
3413 2064 3546 2117 Vult.

1987 2153 2154 2207 Ὅταν
2182 2154 2237 2206 δὲ
2269 2155 2347 2216 εἰς
2379 2155 2538 2224 κόρον
2579 2153 2884 2225 ἐμπλησθῇ,
2928 2154 3168 2225 βούλεται
3206 2155 3300 2225 μὲν
3328 2156 3552 2227 ταμιεύ-

1988 2243 2179 2296 σασθαι
2210 2243 2303 2295 καὶ
2361 2243 2793 2308 εἰσαῦθιςαίδὼς
2831 2245 2887 2297 δὲ
2940 2245 3076 2314 ἴσχει
3109 2246 3267 2313 αὐτὸν
3299 2251 3552 2318 φρουρεῖν

1987 2334 2388 2405 παραμένοντα,
2413 2334 2485 2398 ὡς
2516 2337 2719 2406 τροφῆς
2744 2337 2895 2406 χήτει
2922 2335 3077 2405 λιμὸν
3095 2336 3318 2390 δεδιότα.
3344 2338 3551 2391 οὐκοῦν

1985 2425 2288 2496 περιχανὼν
2320 2427 2512 2496 ἐμπνεῖ
2546 2426 2641 2496 μὲν
2685 2425 2775 2478 τοῦ
2809 2425 2928 2479 καθ’
2957 2426 3114 2478 αὑτὸν
3142 2426 3432 2497 ἄσθματος,
3457 2428 3553 2481 καὶ

1983 2515 2155 2586 τούτῳ
2185 2516 2281 2588 τὴν
2309 2516 2553 2587 φυλακὴν
2594 2517 2892 2588 ἐπιτρέπει,
2920 2516 3316 2570 ἀπαλλάττεταί
3350 2534 3412 2585 γε
3446 2520 3553 2588 μὴν

1985 2607 2163 2669 αὑτός.
2194 2606 2272 2659 Τὰ
2309 2607 2364 2659 δὲ
2401 2606 2533 2660 ἄλλα
2563 2606 2674 2671 ζῶα
2710 2609 2931 2678 ἥκοντα,
2969 2610 3060 2661 καὶ
3101 2607 3394 2678 αἰσθόμενα
3420 2609 3550 2661 ὅπου

1982 2697 2226 2766 λείψανον
2259 2701 2372 2751 ἐστι
2397 2699 2457 2751 τδ
2488 2699 2752 2767 κείμενον,
2781 2700 2841 2751 ού
2875 2698 3111 2769 τολμῶσι
3145 2698 3549 2770 προσάψασθαι,

1985 2789 2095 2841 ἀλλ’
2124 2790 2521 2843 ἀπαλλάττεται
2553 2790 2755 2844 δεδιότα
2787 2791 2958 2844 δοκεῖν
2989 2792 3171 2862 συλᾷν,
3213 2793 3305 2844 καὶ
3329 2794 3552 2864 περικό-

1985 2898 2136 2933 πτειν
2177 2899 2228 2934 τι
2256 2880 2348 2934 τοῦ
2396 2882 2653 2954 σφετέρου
2687 2882 2964 2952 βασιλέως.
2999 2883 3100 2936 Τὸν
3134 2885 3188 2937 δὲ
3219 2885 3344 2956 ἄρα,
3370 2887 3417 2938 εἰ
3454 2886 3553 2956 μὲν

1984 2973 2208 3048 εύθηρία
2239 2976 2445 3043 γένοιτο
2479 2977 2570 3029 καὶ
2606 2975 2815 3044 ἐτέρου,
2865 2977 2956 3028 καὶ
2999 2977 3244 3047 εὐερμία.
3275 2978 3411 3048 λήθη
3457 2980 3551 3031 τοῦ

1986 3067 2198 3140 πρώτου
2229 3067 2509 3139 λαμϐάνει,
2538 3069 2630 3122 καὶ
2663 3069 2737 3132 ὡς
2763 3068 2926 3122 ἕωλον
2952 3069 3242 3138 ἀτιμάσας,
3275 3070 3552 3126 ἀπαλλάτ-

1983 3179 2153 3222 τεται,
2181 3163 2225 3214 εἰ
2251 3162 2308 3215 δὲ
2340 3160 2412 3232 μὴ
2436 3161 2510 3223 ὡς
2542 3162 2627 3214 ἐπ’
2655 3163 2849 3214 οἰκεῖον
2879 3160 3225 3234 θησαύρισμα
3249 3165 3554 3236 παραγένε-

1983 3274 2090 3309 ται.
2126 3256 2317 3311 Eadem
2354 3256 2512 3309 habet
2543 3254 2693 3309 Phile
2726 3255 2780 3309 in
2814 3254 3031 3320 lambis,
3065 3258 3337 3326 quomodo
3370 3266 3549 3313 autem

1983 3353 2234 3400 vescatur
2274 3346 2533 3400 carnibus
2577 3353 2630 3398 et
2679 3345 2801 3398 cibo
2848 3351 3030 3398 utatur
3092 3346 3401 3410 immodico,
3434 3347 3552 3403 ine-

1982 3437 2234 3506 diamque
2281 3445 2532 3506 patiatur,
2573 3437 2763 3492 scribit
2806 3435 3144 3503 Aristoteles,
3195 3437 3270 3491 De
3326 3439 3550 3494 historia

1981 3529 2166 3592 anim.,
2195 3528 2288 3582 lib.
2322 3543 2439 3590 vm,
2476 3543 2592 3597 cap.
2616 3528 2667 3581 5.

2051 3619 2185 3674 lhid.
2251 3619 2344 3676 lin.
2407 3619 2493 3675 50.
2553 3617 2786 3683 Ὀξεῖαν
2835 3617 2886 3671 δ’
2942 3619 3210 3688 ἕχειτὴν
3239 3620 3548 3689 αισθησιν.

1982 3713 2254 3776 Ᾱέιίιιηυε,
2288 3714 2384 3768 lib.
2417 3729 2552 3776 xvu,
2606 3729 2726 3786 cap.
2756 3713 2846 3779 26,
2873 3713 2993 3768 Εἰσὶ
3017 3713 3124 3785 γὰρ
3155 3712 3229 3777 ὼς
3251 3713 3430 3766 ἀκούω
3457 3714 3551 3768 καὶ

1983 3805 2334 3877 ρινηλατῆσαι
2364 3805 2544 3861 δεινοί.

2054 3896 2210 3962 lbid.,
2269 3897 2362 3949 lin.
2421 3897 2508 3953 5'2.
2564 3897 2643 3952 Τὰ
2689 3899 2826 3968 ἴχνη
2856 3897 2930 3966 τῇ
2957 3896 3434 3964 σόϐῃ.ιΕ1ἱαηυε,
3473 3894 3552 3950 De

1978 3989 2165 4044 histor.
2202 3988 2445 4051 animal.,
2490 3990 2581 4042 lib.
2617 4007 2692 4052 Ix,
2732 4006 2853 4060 cap.
2889 3988 2976 4052 50,
3019 3990 3167 4042 Λέων
3196 3988 3252 4041 δὲ
3287 3989 3411 4042 ὅταν
3454 3987 3550 4059 βα-

1975 4078 2095 4151 δίζῃ
2127 4079 2224 4130 οὐκ
2251 4077 2523 4149 εὐθύωρον
2560 4079 2824 4150 πρόεισιν,
2855 4079 2973 4131 οὐδὲ
3006 4081 3070 4149 ἐᾷ
3101 4078 3208 4130 τῶν
3239 4077 3397 4149 ἰχνῶν
3426 4078 3550 4130 ἑαυ-

1977 4169 2068 4222 τοῦ
2098 4169 2242 4221 ἁπλᾶ
2269 4165 2408 4222 εἶναι
2437 4170 2528 4222 καὶ
2553 4171 2620 4222 τὰ
2658 4170 2970 4240 ἰνδάλματα,
3005 4169 3139 4223 ἀλλὰ
3180 4170 3254 4240 πὴ
3284 4171 3381 4240 μὲν
3413 4170 3548 4241 πρό-

1977 4277 2103 4325 εισι,
2135 4261 2208 4332 πὴ
2232 4261 2287 4314 δὲ
2318 4263 2582 4325 ἐπάνεισι,
2615 4264 2708 4316 καὶ
2732 4259 2796 4316 αὖ
2828 4264 2986 4318 πάλιν
3016 4263 3108 4317 τοῦ
3141 4265 3324 4336 πρόσω
3347 4265 3546 4334 ἔχεται,

1979 4356 2071 4407 καὶ
2109 4356 2288 4425 μέντοι
2319 4357 2413 4408 καὶ
2441 4355 2576 4408 ἵεται
2624 4355 2947 4427 τοῦμπαλιν.
2981 4352 3114 4410 Εἶτα
3153 4359 3427 4428 προχωρεῖ
3449 4356 3548 4428 τὴν

1976 4446 2111 4510 ὁδὸν,
2142 4449 2235 4500 καὶ
2289 4445 2538 4516 ἀφανίζει
2567 4452 2677 4512 τοῖς
2716 4449 2974 4521 θηραταῖς
3011 4449 3144 4503 ἱέναι
3177 4450 3318 4503 κατὰ
3348 4448 3546 4513 στίδον,

309 4566 430 4604 cum
483 4546 816 4602 venatoribus
872 4563 1072 4616 capere.
1140 4544 1362 4610 Quando
1423 4546 1556 4613 regis
1611 4553 1876 4597 venatores

1981 4540 2076 4610 τὴν
2112 4539 2321 4603 ἑαυτοῦ,
2346 4541 2437 4593 καὶ
2463 4541 2657 4613 ῥαδίως
2680 4541 2776 4613 τὴν
2806 4542 2992 4614 κοίτην
3021 4541 3151 4596 ἔνθα
3191 4542 3544 4606 ἀναπαύεται,

310 4643 483 4695 leones
521 4641 698 4693 volunt
728 4655 901 4692 secum
948 4638 1016 4690 ad
1053 4639 1372 4692 venationem
1401 4637 1606 4696 ducere,
1651 4638 1779 4688 duos
1809 4651 1872 4688 ea:

306 4736 380 4789 eis
408 4735 462 4786 in
498 4733 673 4785 calvea
721 4731 935 4793 ducunt,
969 4748 1187 4802 quorum
1226 4730 1440 4800 quilibet
1479 4732 1692 4782 comites
1721 4729 1872 4783 habet

307 4827 517 4897 aquilas
543 4825 735 4879 multas
765 4824 1228 4893 domesticas,qu(v
1253 4823 1381 4875 adeo
1421 4823 1615 4889 feroces
1640 4833 1779 4883 sunt,
1816 4832 1871 4875 ut

307 4920 532 4988 lepores,
557 4935 768 4987 capras,
795 4915 1062 4980 damulas,
1094 4915 1269 4983 vulpes
1304 4917 1516 4982 capiant
1546 4933 1562 4967 :
1594 4915 1722 4967 intes
1742 4930 1872 4983 quas

310 5019 475 5064 tanta:
508 5009 750 5062 audacia:
793 5009 1038 5076 plurima:
1073 5020 1214 5070 sunt,
1252 5015 1308 5056 ut
1347 5021 1536 5074 magno
1573 5005 1761 5072 impetu
1820 5007 1873 5058 in

303 5119 462 5172 .upos
492 5102 754 5166 insiliant,
791 5116 880 5153 nec
908 5098 971 5151 ab
1001 5099 1073 5152 eis
1105 5116 1157 5152 se
1183 5100 1384 5168 possint
1421 5099 1528 5166 lupi
1577 5097 1869 5166 defendere,

305 5197 472 5250 donec
501 5194 802 5263 capiantur.
849 5191 1090 5245 Leonum
1124 5193 1303 5260 itaque
1338 5191 1718 5260 generositatis
1751 5205 1874 5244 cau-

309 5300 430 5342 sam
450 5286 515 5338 ad
544 5284 688 5338 aliud
725 5295 887 5353 caput
927 5284 1146 5338 videtur
1186 5284 1388 5336 referre
1421 5283 1558 5336 idem
1598 5279 1870 5344 Allianus,

310 5357 406 5433 lib;
446 5389 662 5444 iv,cap.
701 5374 791 5428 25.
815 5373 970 5439 Quod
1011 5389 1117 5427 non
1150 5373 1311 5428 simul
1344 5374 1444 5438 leo,
1466 5381 1518 5426 et
1551 5372 1734 5436 leama,
1777 5371 1873 5426 sed

309 5466 540 5522 seorsim
593 5465 660 5518 ad
713 5466 1053 5520 venationem
1111 5471 1164 5518 et
1216 5473 1399 5533 potum
1457 5465 1673 5529 abeant,
1727 5465 1870 5535 quod

308 5559 424 5613 suis
459 5568 691 5628 uterque
739 5558 945 5613 viribus
987 5557 1250 5623 conlisus,
1299 5558 1524 5613 alterius
1553 5573 1710 5627 opem
1763 5573 1870 5611 non

307 5651 601 5707 desideret.
645 5651 807 5705 Λύκω
841 5651 1104 5721 συννόμω,
1141 5651 1232 5704 καὶ
1264 5651 1430 5714 ἵππω,
1462 5651 1640 5704 λέοντέ
1668 5668 1731 5720 γε
1768 5651 1872 5721 μὴν

308 5745 404 5801 οὐκ
424 5744 600 5798 ἐστόν.
629 5742 832 5797 Λέαινα
857 5743 964 5813 γὰρ
990 5743 1084 5795 καὶ
1103 5741 1236 5796 λέων
1255 5742 1376 5796 οὔτε
1401 5743 1497 5813 τὴν
1519 5741 1684 5813 αὐτὴν
1709 5745 1868 5804 ἴασιν,

310 5832 430 5888 οὔτε
465 5834 560 5887 ἐπὶ
593 5833 784 5908 θήρας,
817 5832 938 5887 οὔτε
971 5834 1232 5904 πιόμενοι.
1277 5824 1348 5889 Τὸ
1387 5835 1442 5889 δὲ
1480 5834 1648 5888 αἴτιον
1684 5837 1747 5904 τῇ
1780 5834 1867 5887 τοῦ

1974 4633 2066 4684 καὶ
2117 4633 2256 4685 οἰκεῖ
2304 4634 2398 4686 σὺν
2449 4636 2560 4696 τοῖς
2608 4633 2867 4704 σκύμνοις
2907 4634 3199 4706 εὑρίσκειν.
3237 4632 3304 4688 Et
3354 4632 3548 4688 Petrus

1974 4721 2295 4786 Damianus,
2333 4723 2426 4778 lib.
2469 4739 2528 4786 ιι,
2562 4725 2724 4793 epist.
2755 4724 2842 4787 18,
2881 4722 2981 4778 Leo
3011 4741 3127 4778 cum
3158 4743 3189 4778 a
3215 4723 3546 4778 venatoribus

1971 4814 2246 4880 quarritur,
2280 4829 2459 4868 eorum
2489 4815 2725 4881 protinus
2786 4813 2942 4868 odore
2993 4824 3236 4882 concepto
3281 4823 3338 4867 ut
3372 4829 3546 4885 perse-

1971 4907 2235 4974 quentium
2281 4923 2335 4960 se
2378 4906 2591 4962 deludat
2621 4907 2937 4976 indaginem,
2973 4917 3192 4961 versqu
3218 4906 3371 4960 struit
3400 4903 3549 4974 [rau-

1972 4999 2222 5053 dulentioe
2285 5001 2589 5054 novitatem.
2656 4999 2897 5054 Caudam
2962 5001 3145 5069 quippe
3210 5013 3299 5066 per
3351 5007 3546 5052 terram

1977 5091 2186 5146 trahens
2237 5094 2458 5163 vestigia
2495 5111 2593 5147 sua
2629 5093 2753 5146 dum
2785 5092 3027 5164 graditur
3057 5093 3239 5162 operit,
3265 5093 3440 5161 sicque
3462 5107 3546 5144 ve-

1975 5187 2215 5239 nantium
2243 5187 2454 5257 laqueos
2488 5206 2550 5242 ne
2579 5191 2822 5256 capiatur
2845 5186 3032 5242 evadit.

2044 5278 2203 5344 lbid.,
2238 5282 2331 5335 lin.
2367 5281 2452 5335 54.
2488 5282 2684 5350 Πγιρὸς
2726 5281 2792 5335 δὲ
2820 5280 3003 5334 αὐτοῦ
3032 5282 3083 5333 ὁ.
3118 5277 3351 5332 Leonem
3386 5273 3539 5329 nasci

1973 5373 2148 5426 oculis
2188 5373 2389 5442 apertis
2425 5371 2762 5427 Democritus
2817 5371 3015 5435 aiebat,
3060 5379 3319 5437 tanquam
3355 5365 3541 5419 statim

1973 5479 2004 5516 a
2032 5472 2188 5533 partu
2223 5465 2564 5518 iracundum.
2599 5463 2870 5524 ZElianus,
2909 5462 3003 5515 lib.
3035 5457 3346 5531 v,cap.39:
3379 5456 3542 5525 Λέγει

1972 5554 2309 5625 Δημόκριτος
2343 5555 2451 5608 τῶν
2500 5554 2654 5620 ζώων
2707 5554 2864 5625 μόνον
2906 5553 2996 5605 τὸν
3045 5537 3234 5620 λέοντα
3264 5550 3545 5601 ἐκπεπτω-

1976 5647 2154 5717 μένοις
2205 5647 2482 5700 τίκτεσθαι
2523 5651 2634 5712 τοῖς
2681 5647 2996 5716 ὀφθαλμοῖς,
3026 5640 3372 5720 ήδη-τρόπον
3420 5637 3543 5691 τινὰ

1971 5737 2374 5810 τεθυμωμένον,
2411 5741 2503 5794 καὶ
2535 5737 2594 5804 ἐξ
2635 5739 2837 5792 ὠδίνων
2863 5735 3178 5807 δρασείοντά
3204 5751 3257 5786 τι
3292 5729 3536 5803 μανικόν.

1973 5829 2091 5902 lpse
2137 5840 2335 5899 tamen,
2369 5846 2488 5902 cap.
2522 5830 2610 5897 ﬁt,
2651 5831 2710 5884 Οἱ
2742 5829 2794 5883 δὲ
2828 5826 3052 5900 σκύμνοι
3091 5822 3422 5896 ἀρτιγεννετς
3451 5835 3538 5890 μι.
