4072 6342
540 314 644 370 027

544 450 669 506 κροι
703 432 765 486 τέ
794 432 900 484 εισι
933 431 1028 483 καὶ
1059 427 1270 498 τυφλοί,
1307 435 1362 483 et
1393 425 1568 491 Phile,
1597 427 1652 481 in
1680 426 1874 480 iambis

619 543 798 620 divo??-
824 542 893 620 qs
911 540 1123 620 μηνῶν
1133 542 1223 620 κτὰ
1251 539 1459 620 βρέφη
1487 539 1851 620 προέρχεται,

618 613 886 678 Σκύλαξι
912 609 1187 681 “τὺρλοῗς
1239 609 1482 679 ἐμφερῆ,
1513 610 1608 662 καὶ
1624 609 1902 681 μετρίως,

617 684 726 738 Kal
759 677 983 737 λευκὸν
1010 677 1393 750 ἐμπίπτοντα
1408 679 1691 748 μαστεύει
1712 677 1887 748 γάλα.

551 797 618 851 Et
645 796 908 852 ridiculus
940 810 1072 850 sane
1125 793 1337 850 censeri
1379 793 1621 860 deberet,
1656 793 1701 848 si
1733 792 1854 862 quis
1885 804 1984 860 pro
2011 787 2113 846 De-

555 886 809 952 mocrito,
840 886 1044 942 diceret
1075 900 1198 941 eum
1229 899 1339 939 non
1381 883 1501 938 ideo
1531 884 1747 937 leonum
1776 883 1975 938 liberos
2007 895 2111 935 cm-

551 992 647 1033 cos
682 991 790 1032 non
841 991 962 1032 esse
1002 975 1266 1029 allirmare
1310 974 1454 1044 quod
1506 974 1707 1043 apertis
1738 973 1911 1028 oculis
1962 969 2112 1026 nasci

551 1067 801 1123 dixisset.
856 1065 1115 1120 Videmus
1170 1063 1312 1119 enim
1379 1062 1622 1133 quaedam
1669 1062 1940 1126 animalia,
1995 1075 2114 1129 qua:

551 1162 653 1218 etsi
687 1170 932 1233 patentes
983 1159 1183 1214 habent
1213 1158 1424 1226 oculos,
1455 1165 1637 1210 tamen
1682 1171 1790 1209 non
1818 1153 2022 1217 vident,
2056 1161 2115 1206 ut

557 1253 710 1322 lepus
763 1251 892 1306 dum
952 1249 1175 1312 dormit,
1207 1255 1263 1302 et
1318 1263 1420 1300 nos
1471 1245 1634 1300 etiam
1683 1244 1824 1298 infra
1865 1243 1933 1297 de
1963 1244 2115 1297 leone

555 1345 820 1400 dicemus.
884 1340 1009 1396 Pari
1075 1340 1252 1408 itaque
1305 1337 1514 1392 ratione
1575 1349 1858 1406 possemus
1912 1332 2112 1394 dicere,

555 1435 742 1490 leones
779 1433 908 1488 dum
955 1439 1276 1493 nascuntur,
1311 1426 1558 1498 quamvis
1621 1424 1827 1495 apertis
1867 1431 1921 1479 et
1959 1423 2116 1476 bian-

555 1525 701 1581 tibus
725 1525 835 1580 sint
857 1524 1051 1590 oculis,
1079 1536 1253 1576 caecos
1291 1534 1431 1584 esse,
1472 1531 1650 1588 neque
1677 1529 1924 1570 cernere.
1953 1513 2117 1567 Nam-

555 1632 662 1687 que
698 1616 1038 1679 Aristotclcs,
1071 1613 1159 1668 cui
1203 1613 1259 1666 in
1305 1611 1409 1664 hoc
1450 1609 1593 1664 sicut
1618 1614 1672 1662 et
1706 1606 1761 1660 in
1785 1605 1907 1660 aliis
1938 1603 2117 1674 potior

561 1709 712 1772 fides,
745 1708 840 1762 lib.
873 1707 949 1761 De
973 1723 1145 1777 gener.
1165 1705 1327 1758 anim.
1375 1716 1428 1759 c.
1457 1701 1513 1766 4,
1546 1700 1643 1763 ait,
1680 1699 1825 1753 circa
1858 1696 2113 1758 medium,

562 1800 966 1870 Quadrupedum
987 1815 1101 1869 qua:
1123 1795 1386 1866 multi/ida
1403 1803 1544 1857 sunt,
1565 1802 1620 1846 ut
1643 1793 1812 1856 canis,
1832 1789 1931 1854 leo,
1951 1789 2122 1856 lupus.

560 1894 753 1961 culpes,
805 1893 1276 1962 lupuscervarius,
1311 1890 1485 1945 omnia
1511 1903 1672 1942 cteros
1705 1893 1969 1955 generant.
1991 1887 2105 1949 Ροδῑ

558 1984 814 2052 palpebrw
835 1984 1200 2046 dehiscunt;et
1223 1981 1316 2036 lib.
1370 1996 1443 2046 ιν,
1469 1995 1589 2050 cap.
1610 1976 1662 2035 6.
1691 1973 1944 2042 Quwdam
1971 1972 2108 2026 enim

558 2091 623 2128 ex
652 2076 717 2128 iis
763 2075 964 2128 catulos
998 2075 1364 2128 inarliculatos
1396 2067 1764 2141 propemodum
1788 2067 2021 2134 pariunt,
2055 2071 2112 2115 ut

561 2165 756 2231 vulpes,
781 2177 929 2230 ursa,
959 2162 1144 2226 letena,
1179 2173 1226 2216 et
1254 2164 1365 2215 alia
1392 2159 1669 2222 nonnulla,
1695 2156 1782 2212 sed
1812 2156 1987 2210 omnia
2009 2153 2115 2222 fere

561 2270 746 2322 caecos,
770 2265 828 2308 ut
855 2272 917 2310 ea
941 2271 1056 2325 quae
1077 2253 1230 2308 modo
1253 2253 1366 2306 dixi
1397 2262 1550 2320 atque
1575 2250 1736 2303 etiam
1767 2248 1934 2310 canis,
1968 2247 2111 2321 lupa,

565 2347 716 2417 lupus
746 2347 1028 2400 ceruarius.
1069 2344 1134 2398 Et
1165 2347 1303 2398 inter
1327 2344 1426 2398 hos
1462 2350 1671 2397 tantum
1710 2340 1908 2408 excipit
1939 2353 2112 2398 suem,

565 2454 685 2509 qua:
739 2438 854 2494 sola
901 2438 1040 2508 parit
1083 2436 1373 2508 perfectos.
1406 2434 1484 2488 Ex
1536 2433 1734 2504 quibus
1776 2433 1981 2486 clarum
2010 2438 2114 2491 est,

569 2528 793 2584 leaenam
851 2528 1025 2581 oculis
1079 2527 1314 2582 occlusis
1368 2525 1506 2579 filios
1547 2525 1780 2594 gignere.
1812 2519 1962 2574 Vana
1992 2534 2120 2589 ergo

564 2621 669 2677 erit
701 2635 765 2674 ac
793 2619 963 2674 futilis
993 2619 1082 2673 illa
1111 2633 1209 2688 pro
1251 2617 1557 2673 Democrito
1603 2614 1904 2684 responsio.
1934 2611 2122 2667 Demo-

566 2713 690 2767 criti
714 2712 1019 2782 opinionem
1055 2719 1276 2765 secutus
1307 2719 1390 2764 est
1417 2710 1577 2764 etiam
1616 2705 1960 2761 Plutarchus.

637 2802 799 2864 lbid.,
831 2800 926 2856 lin.
979 2799 1068 2854 55.
1095 2799 1204 2854 Kal
1245 2799 1399 2867 τρεῖς
1423 2797 1664 2866 ἡμέρας.
1706 2796 2040 2867 Epiphanius
2070 2797 2123 2850 in

571 2892 908 2963 Physiologo,
933 2905 1054 2961 cap.
1077 2889 1132 2954 2,
1151 2889 1319 2942 Ὅταν
1342 2887 1560 2959 τέξηται
1585 2887 1676 2940 τὸν
1705 2886 1870 2956 αὐτῆς
1894 2885 2126 2956 σκύμνον

570 2987 602 3059 ἠ
645 2985 850 3048 λέαινα,
880 2985 1079 3038 ἄπνουν
1105 2999 1164 3035 τε
1197 2981 1291 3035 καὶ
1317 2979 1510 3048 τυφλὸν
1543 2977 1898 3049 τυγχανόντα,
1930 2977 2127 3049 ἐμϐλέ-

1871 303 2114 360 LEONIS
2147 294 2415 356 ΑιιΑτιι

2132 433 2181 491 Α
2217 438 2334 480 tut.
2363 436 2482 492 cap.
2532 422 2585 475 8.
2634 417 2888 472 Nicolaus
2919 412 3254 468 Leonicenus
3285 407 3338 462 in
3371 403 3766 477 quaestionibus

3659 283 3765 338 99.3

2209 491 2549 568 naturalibus
2573 509 2708 563 duas
2727 505 2958 576 bujusce
2978 498 3324 574 proprietatis
3347 509 3546 552 causas
3565 491 3764 548 reddit.

2211 605 2320 663 Cur
2343 605 2514 658 leones
2543 600 2784 655 iracundi
2831 608 2974 666 terga
3021 610 3121 648 sua
3149 590 3322 646 cauda
3347 585 3622 658 ﬂagellant
3641 583 3665 634 .°
3687 584 3768 636 An

2210 699 2334 769 quia
2364 697 2571 752 leonum
2598 692 2758 747 animi
2790 690 2946 742 index
2965 697 3041 740 est
3063 682 3272 738 cauda?
3299 688 3352 736 et
3374 679 3585 749 reliqua
3606 675 3766 730 Plinii

2213 790 2396 844 verba.
2424 789 2507 840 An
2547 782 2683 856 quod
2727 777 3260 839 iracundia,'accenso
3303 771 3443 824 circa
3473 765 3782 837 prwcordia-

2218 876 2689 946 calore,prouenire
2725 872 2959 925 dicitur?
2979 865 3139 920 calidi
3163 865 3298 918 enim
3321 870 3396 915 est
3427 874 3628 913 movere
3651 873 3768 909 cum

2220 973 2416 1038 omnia,
2433 982 2540 1023 tum
2568 985 2630 1023 ea
2658 966 2822 1035 magis
2843 972 2892 1016 et
2909 959 3156 1018 crebrius,
3177 973 3293 1026 qua:
3319 951 3597 1008 mobiliora
3629 949 3770 1002 exsi-

2216 1063 2568 1134 stunt,qualis
2602 1075 2727 1112 sane
2748 1059 2802 1111 in
2833 1052 3184 1132 animantibus
3208 1047 3443 1104 omnibus
3474 1055 3550 1098 est
3573 1041 3767 1096 cauda.

2214 1157 2350 1211 Hinc
2372 1129 2542 1210 cauda
2565 1150 2758 1205 ἁλκαία
2777 1129 3098 1215 dicta,quod
3117 1142 3205 1196 illa
3228 1155 3287 1195 se
3307 1138 3372 1192 ad
3395 1133 3768 1190 fortitudinem

2213 1249 2430 1305 excitet.
2458 1246 2728 1312 lnterpres
2765 1237 3035 1311 Apollonii
3058 1236 3150 1289 lib.
3185 1248 3260 1296 tv,
3299 1229 3524 1300 Ἀλκαίη
3555 1227 3770 1293 λέγεται

2213 1338 2415 1410 κυρίως
2455 1337 2489 1407 ἡ
2537 1334 2629 1388 τοῦ
2666 1332 2875 1393 λέοντος
2909 1327 3065 1400 οὐρὰ,
3095 1323 3265 1379 ἀπὺδ
3299 1320 3468 1390 αὐτῆς
3493 1319 3572 1382 εἰς
3600 1315 3770 1386 ἀλκὴν

2213 1428 2524 1501 τρέπεσθαι.
3450 1452 3454 1456 ~

2287 1521 2446 1586 lbid.,
2495 1519 2590 1573 lin.
2641 1517 2691 1572 7.
2749 1512 3026 1583 Γηράσας
3083 1509 3152 1563 δὲ
3181 1506 3278 1561 καὶ
3319 1505 3427 1570 εὶς.
3487 1501 3770 1571 Origenes,

2216 1623 2322 1670 cat.
2366 1614 2422 1666 in
2463 1609 2655 1666 Jerem.
2689 1623 2809 1677 cap.
2839 1622 2893 1671 ν,
2922 1606 2974 1674 it.
3001 1602 3054 1665 6,
3087 1601 3146 1656 '0
3187 1600 3244 1653 δὲ
3274 1597 3428 1660 λέων,
3453 1592 3528 1657 ὡς
3552 1593 3774 1663 ἱστορξί-

2220 1723 2331 1773 ται,
2374 1705 2639 1776 γηράσας,
2682 1699 2810 1770 περὶ
2847 1697 2946 1759 τὰς
2991 1693 3170 1757 πόλεις
3227 1689 3468 1760 νέμεται,
3522 1683 3772 1755 θηρεύειν

2156 1771 2195 1825 Β
2225 1771 2398 1852 θέλων
2435 1771 2787 1866 θινθρώπους.
2841 1789 3112 1850 Elianus,
3168 1783 3245 1837 De
3299 1780 3485 1834 histor.
3549 1776 3770 1830 animal.

2216 1891 2309 1945 lib.
2369 1905 2443 1952 tv,
2493 1903 2613 1956 cap.
2649 1885 2748 1949 54,
2784 1881 2890 1936 Τοῦ
2952 1881 3135 1951 γήρως
3164 1875 3221 1930 δὲ
3263 1871 3652 1944 ὲπαρχόμενος,
3683 1871 3779 1926 καὶ

2211 1981 2314 2034 ὑπὸ
2349 1979 2417 2032 τὰ
2446 1977 2608 2032 αὔλια
2632 1974 2867 2045 ἔρχεται,
2899 1971 2992 2025 καὶ
3031 1967 3122 2020 ὲπὶ
3152 1965 3249 2029 τὰς
3277 1961 3536 2027 καλύϐας,
3563 1960 3660 2012 καὶ
3687 1956 3778 2009 ἐπὶ

2211 2073 2308 2135 τὰς
2335 2071 2574 2141 οἰκήσεις
2599 2067 2695 2130 τὰς
2733 2064 2838 2118 τῶν
2873 2061 3077 2134 νομέων
3119 2057 3219 2122 τὰς
3268 2055 3591 2126 ύπάντρους.
3648 2051 3778 2112 Ταῖς

2213 2165 2319 2236 γὰρ
2372 2162 2576 2234 ὀρείοις·
2619 2159 2699 2212 ἔτι
2734 2157 2925 2229 θήραις
2976 2151 3288 2223 ὲπιθαρῤεἴν
3316 2145 3573 2209 ἀδύνατός
3608 2145 3775 2196 ἐστιν.

2215 2257 2344 2324 Qum
2378 2254 2450 2308 ita
2474 2251 2714 2308 carmine
2749 2245 3018 2319 expressit
3037 2245 3189 2299 Phile
3220 2245 3276 2296 in
3307 2239 3523 2294 iambis.

2291 2390 2484 2442 Ὅταν
2511 2387 2581 2440 δὲ
2607 2381 2915 2457 ογ-ηρᾷζιιιοιὶΔ
2931 2380 3156 2457 τροφῆς
3176 2378 3383 2457 xpelarr
3407 2375 3549 2457 ἔχει,

2303 2460 2459 2512 Ἐπεὶ
2492 2457 2556 2510 τὸ
2595 2444 2830 2524 ὀαβρέῖν
2866 2444 3053 2524 εἷς’τῦ
3086 2444 3602 2524 οὑκ-ξχει,

2289 2527 2469 2595 Φοιτᾷ
2494 2526 2642 2596 πρὸς
2661 2516 2882 2594 ἆγροὺς
2905 2516 3004 2575 καὶ
3035 2516 3244 2589 νομαῖς
3263 2516 3581 2580 ἐναυλίοις.

2223 2641 2286 2695 Et
2337 2641 2531 2694 horum
2585 2635 2794 2707 primus
2858 2629 3176 2686 Aristoteles
3222 2625 3319 2682 lib.
3375 2639 3452 2687 is,
3517 2634 3638 2689 cap.
3693 2618 3778 2682 μ,

2223 2735 2431 2789 Adeunt
2461 2727 2636 2792 urbes,
2665 2735 2714 2781 et
2739 2724 2990 2795 injuriam
3025 2718 3317 2774 hominibus
3345 2716 3599 2784 inferunt,
3623 2712 3784 2779 potis-
3883 2741 3886 2744 η

2225 2828 2415 2878 simum
2440 2831 2664 2888 tempore
2694 2833 2802 2872 sua:
2830 2812 3143 2870 senectutis:
3174 2820 3296 2863 tunc
3323 2808 3461 2862 enim
3488 2820 3581 2874 per
3600 2816 3780 2868 corpo-

2228 2917 2300 2970 ris
2329 2913 2761 2977 imbecillitatem,
2792 2918 2842 2964 et
2886 2906 3118 2961 dentium
3139 2901 3473 2971 defectionem
3503 2893 3681 2949 uenari
3704 2909 3786 2944 ne-

2227 3015 2441 3079 queunt.

570 3099 744 3176 ίπῩυοία
773 3078 1186 3176 ,Ἰτροῖίαθέξετῗι
1235 3077 1572 3176 πξῗσὲχουΫα
1627 3075 1775 3176 “ft-*3
1811 3075 2125 3176 Ep‘ﬁi‘sm‘v‘
2154 3119 2197 3176 ρ
2239 3075 2249 3079 ν
2300 3096 2459 3164 lbid.,
2512 3095 2608 3149 lin.
2669 3092 2723 3147 8.
2759 3092 2932 3145 Ἔστι
2973 3087 3040 3141 δὲ
3073 3083 3257 3140 αὑτοῦ
3287 3082 3353 3135 τὸ
3384 3075 3787 3148 στόμωϐὶιτῖ-

569 3169 719 3224 Μετὰ
768 3167 825 3222 δὲ
870 3168 930 3222 τὸ
971 3166 1428 3238 συμπληρωθῆναι
1464 3166 1561 3228 τὰς
1603 3168 1748 3237 τρεῖς
1773 3163 1882 3217 τῶν
1910 3163 2129 3236 ἡμερῶν

570 3259 955 3335 προσπελὰζων
984 3259 1158 3330 ἄῤῥην
1189 3255 1346 3336 λέων,
1367 3256 1460 3309 καὶ
1481 3256 1801 3326 ἐμφυσήσεις
1835 3253 2001 3324 αὐτῷ,
2037 3254 2130 3308 καὶ

571 3354 731 3418 εὐθὺς
763 3351 968 3424 βλέπει,
1003 3351 1096 3404 καὶ⁵
1125 3349 1212 3422 ζῇ.
1231 3348 1436 3404 Locum
1468 3346 1772 3418 Physiologi
1800 3345 1981 3399 laudat
2009 3344 2132 3399 Ori-

579 3460 767 3516 genes,
809 3443 958 3497 hom.
990 3442 1058 3496 17
1084 3443 1136 3495 in
1167 3457 1282 3510 cap.
1319 3456 1467 3504 xux,
1505 3438 1703 3495 Genes.
1739 3459 1752 3493 :
1785 3438 2132 3507 Physiologus

571 3537 636 3592 de
661 3536 835 3592 catulo
861 3537 1064 3590 leonum
1083 3535 1192 3589 haec
1220 3535 1421 3600 scribit,
1443 3533 1600 3604 quod,
1632 3549 1749 3586 cum
1771 3532 1926 3601 fuerit
1955 3541 2131 3594 natus,

574 3629 740 3683 tribus
768 3627 946 3681 diebus
985 3636 1033 3679 et
1057 3625 1224 3679 tribus
1246 3624 1481 3679 noctibus
1506 3624 1752 3677 dormiat.
1783 3622 1924 3675 Tunc
1953 3620 2136 3675 deinde

576 3721 743 3789 patris
771 3720 984 3788 gemitu,
1027 3718 1103 3771 vel
1150 3718 1350 3786 rugitu,
1385 3725 1637 3784 tanquam
1681 3713 2012 3782 tremefactus
2044 3727 2136 3765 cu-

578 3811 696 3864 bilis
742 3809 887 3864 locus
932 3809 1150 3862 suscitat
1206 3807 1444 3860 catulum
1487 3805 1850 3858 dormientem.
1894 3804 2135 3858 Isidorus

575 3899 819 3957 eamdem
857 3899 1178 3954 sententiam
1212 3913 1278 3952 ex
1320 3896 1549 3966 Origene
1579 3895 1889 3965 exscripsit.
1930 3893 1994 3947 Et
2024 3894 2135 3947 llu-

579 3993 743 4060 finus,
778 3993 876 4046 lib.
928 3991 1005 4046 De
1055 3988 1306 4046 benedict.
1357 3987 1650 4058 patriarch.
1705 3987 1870 4041 refert
1920 3985 2056 4040 tradi
2105 4001 2135 4038 a

581 4087 915 4161 physiologis
961 4085 1103 4139 hanc
1142 4097 1264 4139 esse
1301 4080 1467 4136 catuli
1505 4079 1679 4135 leonis
1711 4091 1987 4141 naturam,
2011 4093 2133 4130 cum

579 4188 741 4235 natus
769 4186 854 4234 est
877 4176 1117 4230 triduum
1146 4175 1405 4236 dormire,
1429 4171 1586 4228 tertio
1615 4182 1791 4225 autem
1812 4169 1899 4224 die
1919 4167 2134 4224 fremitu

581 4274 750 4345 patris
779 4270 1095 4325 tremefacto
1131 4267 1296 4322 cubili
1331 4264 1579 4321 excitari.

651 4363 767 4418 Col.
811 4361 936 4427 740,
966 4361 1063 4416 lin.
1098 4359 1148 4413 1.
1201 4358 1407 4414 Ἠνίκα
1441 4357 1493 4411 δ’
1541 4352 1846 4424 ἀνθρώπῳ.
1885 4351 2136 4406 Lucanus

584 4456 676 4511 lib.
724 4469 784 4516 ιι.

687 4543 813 4598 Mox
844 4543 931 4598 ubi
982 4559 1035 4596 se
1081 4556 1230 4595 saeva:
1258 4538 1543 4592 stimulauit
1575 4536 1777 4590 verbere
1805 4534 2006 4589 caudae.

580 4636 850 4698 .Elianus,
901 4633 991 4686 lib.
1029 4648 1101 4694 νι,
1166 4645 1286 4700 cap.
1341 4631 1394 4692 1,
1452 4628 1561 4681 Καὶ
1608 4625 1788 4697 μέντοι
1826 4623 1919 4677 καὶ
1950 4626 1978 4677 6
2009 4622 2141 4676 λέων

579 4731 644 4800 τῇ
709 4724 907 4795 diluuia
978 4723 1164 4775 ἑαυτὸν
1209 4719 1481 4788 ἐπεγείρει
1532 4714 1820 4786 μαστίζων,
1876 4713 1968 4766 καὶ
2013 4711 2140 4782 βλα-

581 4819 779 4883 κεύειν,
823 4816 916 4870 καὶ
957 4813 1183 4868 ἐλινύειν
1216 4813 1313 4865 ούκ
1341 4808 1664 4880 ἐπιτρέπων.
1693 4805 1800 4858 Καὶ
1834 4803 1992 4857 τοῦτο
2027 4803 2082 4855 δὲ
2115 4804 2142 4855 6

581 4908 807 4980 ποιητὴς
855 4905 1006 4968 εἰδὼς
1052 4905 1168 4976 ᾄδει
1209 4901 1334 4970 περὶ
1388 4898 1478 4952 τοῦ
1517 4898 1746 4958 λέοντος.
1799 4892 1862 4946 Ει
1897 4893 1986 4946 lib.
2014 4907 2137 4961 ΜΗ,

581 5015 701 5068 σ-ορ.
737 4998 822 5053 14.
855 4997 1088 5058 Plinius,
1134 4994 1229 5048 lib.
1261 5004 1382 5054 vm,
1438 5002 1558 5057 cap.
1598 4984 1683 5050 16,
1717 4983 1945 5037 Leonum
1977 4980 2140 5032 animi

583 5093 737 5146 index
768 5091 961 5150 cauda,
986 5089 1119 5140 sicut
1152 5095 1200 5140 et
1230 5084 1461 5152 ipsorum
1490 5095 1662 5131 aures.
1698 5075 1936 5145 Namque
1965 5081 2013 5126 et
2043 5072 2138 5124 has

581 5195 734 5239 notas
779 5180 1179 5253 generosissimo
1220 5175 1403 5244 cuique
1435 5180 1628 5225 natura
1675 5168 1875 5221 tribuit.
1910 5164 2142 5218 Immota

581 5293 730 5346 ergo,
756 5274 1016 5344 placidus,
1059 5270 1302 5332 clemens,
1339 5261 1724 5330 blandientique
1770 5258 1982 5322 similis,
2004 5255 2140 5325 quod

585 5381 766 5418 rarum
811 5373 886 5416 est
914 5378 930 5415 :
961 5359 1191 5413 crebrior
1221 5357 1356 5412 enim
1385 5353 1668 5410 iracundia
1703 5349 1815 5418 ejus
1852 5349 1908 5401 in
1943 5348 2142 5416 princi-

585 5456 670 5523 pio
709 5457 849 5507 terra
894 5452 1214 5515 uerberatur,
1243 5451 1556 5502 incremento
1587 5453 1751 5511 terga,
1791 5455 1885 5493 ceu
1913 5437 2140 5508 quodam

587 5547 922 5598 incitamento
989 5541 1343 5612 ﬂagellantur.
1433 5536 1775 5598 Theocritus,
1841 5529 1983 5600 Idyl.
2049 5529 2139 5589 23.

601 5634 903 5706 Μακρὴνδὲ
958 5637 1087 5706 παρῖ
1145 5633 1387 5704 ἱγνύῃσιν
1438 5629 1607 5694 ἕλιξεν
1640 5627 1872 5696 Κέ¹ρκον,
1904 5624 2049 5692 ἄφαρ
2085 5622 2140 5674 δὲ

601 5718 780 5787 μάχης
813 5727 1082 5798 ἐμνήσατο
1148 5725 1383 5782 Consule
1419 5721 1637 5777 Caelium
1675 5718 2017 5789 Rodiginum,
2046 5719 2134 5771 nn.

2231 3198 2526 3253 sostomus,
2587 3186 2642 3239 in
2683 3198 2798 3251 cap.
2839 3197 2892 3236 vr
2926 3179 3071 3244 Jobi,
3123 3174 3367 3237 Δυσῶδες
3407 3171 3514 3242 γὰρ
3541 3167 3702 3222 τοῦτο
3730 3166 3788 3218 τὺ

2231 3279 2416 3352 θηρίον
2443 3277 2558 3350 μεθ’
2577 3274 2900 3346 ὑπερϐολῆς.
2939 3268 3152 3340 Ἐπειδὴ
3172 3266 3280 3336 γὰρ
3311 3266 3419 3334 ἔχει
3444 3261 3540 3332 τὴν
3565 3259 3676 3314 ἀπὸ
3693 3258 3789 3327 τῆς

2231 3375 2443 3443 φύσεως
2480 3369 2812 3435 πλεονεξίαν,
2858 3365 3059 3436 ἑτέρως
3101 3360 3258 3414 αὐτὸν
3301 3358 3409 3411 τῶν
3447 3355 3621 3410 ἄλλων
3657 3367 3787 3420 φαυ-

2231 3441 2445 3536 λότερον
2469 3461 2718 3532 ἐποίησεν
2739 3460 2768 3511 ὁ
2796 3456 2947 3518 Θεὸς.
2979 3452 3054 3508 De
3082 3450 3200 3521 ejus
3229 3445 3460 3516 δυσωδξᾳ
3489 3445 3648 3514 plura
3675 3441 3788 3494 Ari-

2234 3557 2474 3621 stoteles,
2505 3559 2559 3608 et
2590 3551 2702 3605 alii.

2302 3647 2439 3703 Ibid.
2503 3645 2601 3699 lin‘.
2649 3643 2702 3698 9.
2758 3638 3071 3696 Καθεύδων
3113 3635 3180 3689 δὲ
3225 3632 3361 3687 ἀνά.
3394 3627 3593 3690 Herus,
3623 3625 3718 3679 lib.
3754 3640 3788 3685 ι,

2237 3754 2286 3795 e.
2321 3737 2410 3804 19,
2448 3733 2666 3804 Ἐπειδὴ
2709 3734 2737 3786 6
2785 3729 2920 3783 λέων
2960 3728 3016 3780 ὲν
3055 3725 3133 3796 τῷ
3178 3717 3532 3792 ἐγρηγορέναι
3584 3715 3788 3787 μέμυκε

2233 3831 2358 3893 τοὺς
2404 3825 2729 3897 ὀφθαλμοὺς,
2759 3817 3095 3890 κοιμώμενος
3127 3813 3183 3868 δὲ
3235 3810 3539 3878 ἀνεωγὸτας
3576 3807 3792 3868 τούτους

2235 3922 2365 3992 ἔχει.
2400 3916 2770 3976 Plutarchus.
2826 3929 2879 3966 ιν
2935 3908 3197 3979 Sympos.,
3249 3910 3441 3975 quaest.
3497 3899 3549 3966 5,
3607 3898 3791 3952 oculos

2237 4012 2412 4068 leonis
2462 4007 2787 4064 dormientis
2840 4005 2936 4070 ait,
2989 3999 3300 4068 sufl‘ulgere,
3343 3993 3582 4049 dormire
3616 3998 3790 4044 autem

2237 4106 2511 4157 momento
2540 4091 3017 4165 temporis.gPl1ile,
3048 4090 3102 4142 in
3135 4084 3346 4150 iambis,
3380 4081 3540 4137 etiam
3566 4077 3790 4134 caudam

2238 4195 2413 4263 ipsum
2445 4193 2501 4246 in
2531 4193 2710 4258 quiete
2741 4198 2975 4246 movere,
2997 4182 3090 4235 ait.
3121 4178 3251 4234 Vide
3277 4175 3342 4231 de
3369 4176 3470 4230 hoc
3499 4172 3789 4229 Ailianum.

2238 4285 2332 4339 lib.
2364 4299 2417 4348 ν,
2450 4296 2570 4351 cap.
2602 4279 2688 4343 59,
2714 4276 2944 4330 Plinium
2995 4279 3048 4328 et
3081 4272 3239 4324 alios.
3289 4267 3362 4323 De
3389 4280 3578 4322 eorum
3610 4277 3792 4320 somno

2239 4380 2313 4434 ita
2349 4376 2547 4432 cecinit
2573 4371 2848 4443 Oppianus
2873 4371 3160 4435 Κυνηγετ.
3193 4363 3246 4418 ’5.

2401 4509 2595 4591 beta-or:
2607 4507 2964 4591 μυχάτρεοχν
2982 4502 3104 4588 ἔχει
3126 4497 3282 4566 παρὰ
3283 4494 3544 4591 ἔέρμαςξ
3554 4490 3792 4591 ist/pne,

2254 4563 2554 4649 ἶᾸιιερ-αδὸν
2567 4563 2783 4649 ὺὲτνῶει
2799 4573 2866 4627 δὲ
2885 4563 3264 4649 θραριῦςρροτὲα
3279 4566 3464 4649 θυμόν
3477 4563 3764 4649 salivatur.

2239 4631 2498 4706 subigis
2519 4631 2672 4704 ’ἔνθα
2701 4631 2944 4714 κιχησιὲ
2975 4631 3287 4708 ὑπείροχος
3323 4631 3573 4701 ἑσπερίη
3596 4631 3733 4695 νύξ.

2312 4803 2452 4859 Ibid.
2498 4803 2561 4857 Ἡ
2590 4800 2658 4854 δὲ
2691 4797 2902 4853 λέαινα
2931 4796 3108 4865 μόλις
3149 4795 3302 4860 ἑνός.
3349 4791 3426 4846 lta
3473 4787 3802 4847 existimavit

2250 4893 2511 4957 Basilius,
2544 4893 2690 4946 hom.
2725 4889 2757 4944 9
2781 4928 2796 4952 ,
2821 4887 2983 4940 Ὅθεν
3011 4885 3218 4948 λέοντος
3247 4884 3362 4946 ἑνὸς
3387 4883 3538 4953 μόλις
3563 4885 3598 4950 ἡ
3624 4880 3805 4933 λέαινα

2247 4988 2430 5057 μήτηρ
2461 4984 2685 5053 γίνεται.
2712 4981 2844 5045 Ταῖς
2867 4979 2974 5050 γὰρ
2996 4979 3198 5048 ἀκμαῖς
3227 4976 3334 5028 τῶν
3361 4974 3562 5045 ὀνύχων
3587 4974 3806 5026 διασπαρ

2248 5077 2418 5148 ράξας
2446 5074 2543 5145 τὴν
2575 5075 2804 5144 μήτραν,
2830 5070 2971 5123 οὓτω
3015 5068 3276 5139 πρόεισιν,
3316 5065 3390 5129 ὥς
3419 5083 3600 5135 φασιν.
3634 5064 3805 5132 Hujus

2243 5186 2366 5226 esse
2437 5169 2717 5224 sententia:
2772 5165 2985 5218 videtur
3046 5160 3283 5228 IEsopus
3331 5161 3385 5212 in
3442 5159 3674 5221 fabulis;
3737 5157 3803 5209 ibi

2241 5265 2384 5318 enim
2444 5261 2612 5313 leiena
2657 5255 2826 5324 vulpi,
2860 5251 3109 5323 glorianti
3144 5251 3340 5305 multos
3374 5265 3433 5304 se
3462 5248 3603 5303 fetus
3625 5247 3806 5308 edere,

2245 5363 2410 5402 unum
2450 5342 2728 5413 respondit
2756 5358 2812 5396 se
2844 5347 3053 5392 tantum
3085 5354 3292 5409 parere,
3330 5337 3421 5393 sed
3445 5339 3680 5392 leonem.
3709 5335 3808 5390 He-

2242 5439 2486 5501 rodotus,
2531 5436 2624 5489 lib.
2683 5449 2768 5496 lli,
2810 5433 2875 5485 Ἠ
2907 5432 2962 5485 δὲ
3007 5430 3070 5502 δὴ
3112 5429 3314 5494 λέαινα,
3343 5428 3430 5481 ὲὺν
3463 5429 3808 5499 ἰσχυρότατον

2248 5528 2341 5582 καὶ
2363 5524 2711 5598 θρασύτατον,
2734 5519 2878 5586 ἅπαξ
2909 5525 2966 5574 ὲν
2991 5522 3068 5591 τῷ
3100 5520 3196 5590 βιῳ
3222 5520 3393 5572 τίκτει
3425 5519 3502 5573 ἓν.
3538 5517 3807 5571 Τικτοῠσα

2243 5619 2351 5690 γὰρ
2383 5615 2722 5670 συνεκϐάλλει
2751 5614 2828 5685 τῷ
2865 5613 3041 5684 τέκνῳ
3072 5613 3170 5674 τὰς
3203 5613 3427 5683 μήτρας.
3448 5609 3512 5662 Et
3543 5606 3804 5680 Egyplii,

2249 5723 2308 5767 ut
2343 5720 2427 5766 est
2458 5707 2599 5780 apud
2631 5706 2856 5773 Horum,
2889 5706 3191 5768 mulierem,
3227 5719 3346 5773 qua:
3389 5704 3554 5758 semel
3598 5709 3804 5756 tantum
