4072 6342
1880 315 2126 373 LEONIS
2156 313 2432 372 ALLATII

3685 312 3790 368 933

599 433 752 508 ,lbid.
799 435 910 491 Kal
950 434 1019 490 τὸ
1056 430 1205 506 ἦθος
1248 435 1539 501 ὕπουλος.
1590 432 1825 498 Plinius,
1860 433 1954 489 lib.
1988 449 2106 499 vni,

2218 434 2301 503 qui
2334 434 2556 504 geruinat
2608 433 2860 489 uocabulo
2903 439 3271 502 nuncupatur,
3313 430 3509 485 habens
3559 430 3788 501 uirgulta

543 544 667 600 cap.
702 529 791 594 36,
828 526 940 583 Nec
971 526 1126 582 alteri
1156 527 1473 582 animalium
1502 526 1556 581 in
1587 526 1849 596 maleﬁcio
1876 526 2107 580 stultitia

545 621 809 675 solertior.
904 668 907 675 .

617 713 776 778 lbid.,
807 710 906 765 lin.
940 710 1029 765 17.
1076 707 1377 774 Πολλάκις
1419 703 1535 763 οὖν
1577 707 1796 771 βαθυτ.
1846 705 2106 771 Basilius,

546 803 694 858 hom.
720 801 776 864 9,
799 802 1001 873 Ἀρκος
1031 799 1308 863 πολλάκις,
1344 797 1672 869 βαθυτάταις
1701 797 2112 869 κατατρωθεῖσα

546 893 798 965 πληγαῖς,
825 892 1022 961 ἑαυτὴν
1050 889 1287 961 ίατρεύει
1314 889 1511 952 πάσαις
1538 890 1803 959 μηχαναῖς
1823 886 1902 957 τῷ
1927 887 2114 958 φλόμῳ

545 986 721 1059 τούτῳ
748 983 916 1058 ξηρὰν
962 982 1060 1055 τὴν
1105 982 1266 1052 φύσιν
1307 981 1481 1053 ἔχοντι
1528 980 1627 1043 τὰς
1668 978 1896 1042 ὠτειλὰς
1937 996 2113 1050 παρα-

546 1077 772 1133 ϐύουσα.
813 1075 1011 1131 Petrus
1038 1073 1357 1137 Damianus,
1383 1073 1480 1126 lib.
1517 1087 1579 1137 ιι,
1609 1072 1769 1140 epist.
1801 1070 1888 1134 i8,
1914 1068 2050 1124 Ursa
2069 1070 2117 1124 si

545 1166 758 1237 quando
795 1165 990 1219 ictibus
1019 1163 1347 1234 grauissimis
1382 1162 1541 1217 cwdis
1575 1162 1820 1231 afficitur,
1854 1161 1931 1215 vel
1955 1162 2117 1215 etiam

538 1257 739 1329 iaculis
781 1256 1017 1327 perfossa
1049 1256 1344 1318 sauciatur,
1389 1253 1561 1309 herba:
1600 1254 1685 1307 cui
1714 1252 1893 1308 Grece
1932 1267 2119 1306 nomen

549 1349 756 1423 φλόμος
779 1359 857 1404 est
888 1346 1109 1402 uulnera
1130 1346 1345 1416 subjicit
1374 1362 1393 1400 :
1422 1355 1474 1399 et
1509 1346 1585 1398 sic
1623 1344 1739 1399 solo
1768 1353 1914 1397 tactu
1944 1356 2120 1396 omnes

546 1441 785 1497 ulcerum
814 1441 1022 1496 dolores
1050 1438 1308 1505 excludit,
1333 1446 1385 1493 et
1407 1437 1476 1491 ad
1498 1436 1913 1492 incolumitatem
1939 1437 2124 1507 pristi-

547 1551 672 1591 nam
699 1534 1039 1589 convalescit.

617 1625 783 1693 ιδιά..
822 1625 917 1679 lin.
955 1622 1045 1678 22.
1108 1621 1162 1675 '0
1201 1621 1418 1690 ταῦρος
1457 1619 1586 1686 τοῖς
1619 1617 1849 1687 κέρασι.
1891 1617 2122 1686 Plinius,

549 1717 647 1773 lib.
672 1733 792 1783 vm,
858 1732 975 1788 cap.
1016 1716 1108 1782 45,
1168 1714 1362 1768 Tauris
1414 1714 1469 1766 in
1511 1723 1720 1781 aspectu
1770 1713 2125 1793 generositas,

2210 523 2444 588 subtilia,
2495 535 2649 595 atque
2690 524 2917 595 prolixa.
2968 524 3184 578 Veniens
3235 531 3410 576 autem
3469 521 3787 589 anthalopus

2210 614 2278 668 ad
2295 617 2559 685 gervinam
2585 615 2709 669 dum
2740 617 2918 670 ludere
2943 615 3220 669 lasciviens
3249 624 3435 679 tentat,
3469 631 3666 668 cornua
3688 632 3789 668 sua

2210 709 2448 778 uirgultis
2499 707 2941 763 crebrescentibus
2993 707 3214 778 obligat.
3254 708 3386 762 Cum
3429 722 3547 760 tero
3584 705 3786 761 diutius

2210 816 2448 870 pugnans
2487 818 2596 854 sese
2630 801 2926 855 nullatenus
2956 805 3091 854 ualet
3111 801 3327 854 educere
3364 800 3567 869 magnis
3603 798 3789 865 incipit

2212 890 2419 944 vocibus
2443 891 2761 946 exclamare.
2799 891 2899 945 His
2936 893 3198 945 excitatus
3227 890 3547 944 clamoribus
3572 899 3792 943 venator

2214 983 2467 1044 accurrit,
2495 999 2709 1059 eumque
2733 983 2858 1036 dum
2884 983 3107 1052 propriis
3151 983 3367 1037 nexibus
3404 992 3667 1046 arctatur,
3698 997 3791 1036 oc-

2215 1075 2366 1130 cidit.
2394 1074 2450 1129 In
2483 1075 2569 1130 his
2600 1086 2780 1131 tamen
2813 1077 3075 1131 nonnulla
3109 1075 3592 1130 animadvertenda
3631 1083 3790 1138 sunt,

2218 1181 2339 1235 quae
2375 1182 2480 1221 non
2507 1168 2744 1222 auctoris
2772 1168 3000 1232 incuria,
3037 1170 3179 1222 absit
3235 1168 3337 1223 hoc
3386 1184 3418 1222 a
3466 1176 3619 1222 tanto
3642 1168 3791 1235 viro,

2220 1255 2317 1311 sed
2345 1273 2409 1311 ex
2434 1259 2717 1327 scriptoris
2751 1259 2987 1325 inscitia,
3016 1259 3070 1312 in
3101 1267 3303 1312 textum
3332 1260 3620 1328 irrepsisse
3635 1275 3795 1313 com-

2219 1351 2479 1420 perimus.
2516 1349 2591 1404 De
2619 1351 2967 1421 corruptione
2997 1352 3235 1406 nominis
3266 1352 3321 1405 in
3364 1351 3793 1421 autholalopum

2221 1441 2359 1496 nihil
2393 1451 2477 1496 est
2508 1441 2653 1512 quod
2701 1443 2897 1504 dicam.
2945 1445 3131 1498 talium
3175 1445 3319 1498 enim
3353 1443 3795 1513 corrumpendo-

2223 1546 2345 1586 rum
2379 1534 2562 1590 nullus
2581 1543 2666 1590 est
2699 1534 2912 1598 modus,
2948 1537 3090 1590 sicut
3115 1545 3168 1591 et
3195 1535 3263 1592 de
3291 1544 3610 1591 venatorum
3638 1543 3793 1590 recta

2225 1624 2498 1680 scribendi
2548 1627 2776 1680 ratione.
2818 1626 2954 1681 illud
2999 1635 3206 1682 tantum
3270 1643 3379 1682 non
3425 1626 3798 1682 dissimulabo

2227 1716 2498 1799 quomodo
2537 1717 2704 1779 erica,
2738 1718 2852 1773 sive
2881 1719 3068 1773 ervina
3118 1719 3258 1788 quod
3298 1717 3436 1771 idem
3471 1728 3576 1779 est,
3607 1718 3797 1774 frutex

551 1818 698 1864 torua
731 1808 922 1878 fronte,
959 1807 1176 1861 auribus
1217 1805 1424 1866 setosis,
1455 1802 1699 1858 cornibus
1747 1805 1802 1857 in
1847 1803 2117 1871 procinctu
2152 1799 2194 1859 Β
2222 1807 2424 1861 nemini
2455 1823 2564 1862 non
2586 1816 2770 1873 notus,
2812 1808 2866 1862 in
2895 1810 3172 1879 gervinam
3200 1810 3411 1863 abierit.
3438 1808 3511 1865 De
3541 1826 3649 1880 qua
3677 1808 3796 1864 Pli-

548 1901 939 1955 dimicationem
985 1897 1338 1968 poscentibus.
1369 1894 1472 1951 Sed
1496 1905 1607 1949 tota
1629 1896 1967 1950 comminatio
1987 1895 2124 1963 prio-

551 1991 698 2046 ribus
727 1992 783 2046 in
806 1991 1022 2062 pedibus
1050 1998 1179 2054 stat,
1208 1987 1293 2041 ira
1319 1986 1566 2057 gliscente
1587 1984 1816 2040 alternos
1841 1985 2118 2053 replicans,

550 2097 897 2154 spargensque
925 2083 978 2136 in
1014 2083 1187 2135 altum
1213 2094 1452 2146 arenam,
1471 2086 1522 2133 et
1544 2077 1689 2133 solus
1729 2076 2040 2131 animalium
2060 2092 2121 2131 eo

552 2176 766 2229 stimulo
795 2166 1092 2228 ardescens.

622 2263 786 2328 lbid.,
814 2263 911 2318 lin.
940 2262 1030 2316 27.
1060 2260 1180 2327 Σῦς
1206 2258 1275 2313 δὲ
1303 2257 1448 2313 ὅταν
1473 2258 1598 2328 ιδῃ.
1635 2254 1915 2320 Ᾱῖιίαιιιιε,
1939 2253 2037 2309 lib.
2065 2269 2120 2317 ν,

552 2354 788 2427 ωρ.45.
823 2353 926 2407 Τὸν
959 2351 1056 2405 σῦν
1100 2351 1191 2406 τὸν
1229 2349 1418 2420 ἄγριόν
1452 2365 1584 2419 φασι
1627 2348 1701 2419 μὴ
1744 2345 2004 2419 πρότερον
2031 2341 2121 2395 Eni

551 2462 676 2500 τινα
708 2442 969 2515 φέρεσθαι
1016 2442 1145 2514 πρὶν
1181 2440 1215 2513 ἢ
1250 2441 1376 2504 τοὺς
1420 2439 1793 2510 χαυλιόδοντας
1833 2433 2118 2507 ὐποθῆξαι.

553 2538 837 2610 Μαρτυρεῖ
858 2537 915 2590 δὲ
942 2535 1051 2609 ἄρα
1073 2536 1165 2589 καὶ
1194 2535 1438 2607 Ὅμηρος
1473 2532 1653 2595 τοῦτο.
1687 2532 1882 2601 λέγων’

556 2651 755 2719 ϐήξας
776 2650 999 2706 λευκὸν
1025 2650 1241 2704 ὀδόντα
1268 2649 1418 2719 μετὰ
1444 2644 1789 2718 γναμπτῇσι
1813 2646 2115 2717 τένεσσιν.

554 2760 622 2815 Et
653 2762 747 2817 lib.
778 2778 853 2828 νι,
892 2776 1011 2833 cap.
1053 2761 1107 2828 1,
1148 2760 1207 2815 '0
1242 2759 1372 2829 γοῦν
1409 2757 1525 2823 σῦς,
1570 2757 1776 2829 μέλλων
1816 2759 1897 2821 εἰς
1940 2757 2121 2830 μάχην

554 2849 693 2908 εἶναι
718 2854 859 2924 (lego
883 2853 1062 2925 ἰέναι),
1085 2852 1219 2924 πρὸς
1241 2854 1358 2915 ταῖς
1382 2850 1554 2914 λείαις
1583 2849 1809 2921 πέτραις
1830 2850 1955 2913 τοὺς
1977 2849 2121 2902 ὀδόν-

552 2962 654 3010 ⁴ιιας
686 2942 968 3015 ὑποθήγει.
1004 2941 1173 2996 Τοῦτό
1213 2958 1292 2995 τοι
1320 2942 1416 2995 καὶ
1448 2940 1694 3011 Ὄμηρος
1722 2938 1802 3011 τῷ
1830 2937 1951 3011 Ct.qu
1988 2955 2121 3011 μαρ⁴

553 3035 732 3110 τυρῶν
768 3034 926 3107 δῆλός
968 3035 1133 3087 ἐστιν.
1169 3032 1573 3087 Advertendum
1604 3033 1693 3086 hic
1724 3031 1982 3086 eximium
2014 3045 2118 3084 na-

462 3150 475 3163 -
557 3138 693 3182 tum
740 3127 1061 3182 miraculum
1113 3124 1183 3179 de
1227 3125 1386 3195 igneo
1428 3125 1590 3180 dente
1642 3123 1764 3179 irati
1812 3123 1982 3193 capri,
2028 3123 2115 3177 cui
2145 3148 2189 3212 Ο

559 3219 762 3273 admati
809 3218 925 3288 pili,
960 3217 1182 3287 perinde
1214 3226 1273 3271 ut
1307 3217 1377 3272 ab
1408 3218 1533 3288 igne
1571 3224 2024 3286 contorquentur,
2063 3221 2117 3269 et

557 3318 823 3376 uruntur;
852 3316 1082 3364 testatur
1110 3307 1164 3363 id
1196 3306 1496 3378 Oppianus,
1523 3309 1617 3365 lib.
1646 3324 1706 3362 ιιι
1735 3312 1960 3377 Κυνηγ.

559 3422 726 3474 Ἔστι
751 3417 818 3473 δέ
841 3436 931 3483 τις
960 3417 1206 3487 κὰπροιο
1240 3417 1413 3486 φάτις
1433 3419 1584 3487 πέρι,
1625 3417 1850 3473 λευκὸν
1877 3416 2092 3487 ὀδόντα

556 3489 809 3559 Λάθριον
829 3490 1000 3555 ἐντὸς
1027 3486 1167 3558 ἔμεν
1191 3491 1463 3559 μαλερὴν
1488 3486 1838 3559 πυρόεσο-αν
1857 3486 2093 3554 ἐνιπήν.

556 3558 723 3630 Σῆμα
745 3559 796 3613 δ’
821 3558 1554 3630 ἐφιμερίοισινηὰριφραδές
1574 3558 1886 3630 ἐρῤίζωται.

568 3626 813 3685 Ὁίιπότε
846 3626 955 3700 ᾆιὰρ
984 3630 1175 3695 πολὺς
1205 3626 1389 3697 ὄχλος
1407 3626 1724 3700 ἐπήτριμος
1743 3626 2119 3700 ἀκρευτήρων

699 3699 880 3779 κ-υσὶν
901 3701 1244 3779 εὺςόλμοισι
1258 3700 1394 3779 smel
1415 3701 1602 3779 χᾷόνα
1627 3699 1778 3779 θῆρα
1789 3699 2115 3779 ⁸βάλωνται,

556 3769 857 3840 Λιχμῇσιν
891 3767 1210 3837 δολιχῇσιν
1244 3769 1660 3840 ἐπασσύτερον
1686 3767 2080 3840 δαμάσαντες,

557 3836 788 3908 atrus?
812 3836 1071 3908 αὐχένος
1094 3836 1153 3892 εἴ
1172 3855 1262 3903 τις
1289 3837 1631 3907 ἀειράμενος
1652 3855 1720 3905 ep
1736 3836 1825 3906 ’κα
1847 3836 2084 3908 ,λεπτὴν

561 3906 754 3980 Θῄρὸς
781 3910 862 3980 ἐτ’
893 3906 1327 3980 ἂσθμαίνργτος
1357 3906 1766 3980 ἐνιχρίμψειεν
1800 3906 2019 3980 ὀδόντι,

549 3975 709 4051 Alibi:
726 3975 886 4049 μάλα
912 3975 1245 4051 σφαιρηδὸν
1276 3975 1614 4051 ἀνέδραμεν*
1635 3977 1916 4051 αἰθομένη
1938 3975 2071 4051 θρίξ

559 4046 665 4105 Κάί
700 4046 751 4103 δ’
784 4046 1015 4104 αὑτοῖσι
1048 4050 1302 4102 κύνεσσι
1330 4047 1431 4100 ἐπὶ
1455 4046 1722 4116 πλευρῇς
1749 4046 2081 4114 ἑκάτερθεν,

561 4122 747 4175 Ἔνθα
783 4121 935 4185 συὸς
961 4120 1190 4188 γενύων
1217 4118 1479 4188 recludat
1505 4120 1752 4182 αἴθωνες
1782 4116 2043 4181 ὀδόντες,

561 4194 756 4262 Ἰχνεα
781 4186 1197 4258 πυρσευθέντα
1218 4187 1315 4241 διὰ
1328 4186 1519 4255 ρινοῖο
1545 4188 1837 4241 τέτανται.

560 4305 635 4360 De
655 4305 846 4360 eodem
867 4302 1094 4358 consule
1116 4300 1545 4373 Xenophontem,
1568 4302 1624 4356 in
1649 4299 2122 4373 Cynegetico;Pol-

560 4395 756 4460 lucem,
782 4393 877 4448 lib.
903 4409 938 4449 ν
975 4392 1274 4460 0nomast.,
1312 4408 1432 4463 cap.
1458 4392 1562 4460 12;
1587 4392 1840 4455 Plinium,
1866 4391 1961 4446 lib.
1983 4406 2116 4459 vni;

558 4486 867 4557 Apuleium,
906 4485 1001 4541 lib.
1038 4501 1160 4551 VIII,
1200 4485 1351 4542 Asini
1393 4485 1564 4539 aurei.
1606 4482 1696 4537 Sic
1734 4480 1981 4546 Ovidius,
2018 4482 2116 4538 lib.
2149 4497 2194 4552 ι)

557 4594 634 4634 vu
663 4576 1071 4648 Hetamorpltos.
1106 4593 1125 4630 :

631 4670 857 4727 Fulmen
883 4671 1070 4726 habent
1102 4684 1246 4725 acres
1275 4668 1329 4723 in
1357 4667 1575 4722 adumis
1601 4665 1841 4720 dentibus
1871 4665 2008 4735 apri.

557 4764 625 4819 Et
663 4765 731 4822 de
760 4779 827 4820 eo
854 4763 1011 4835 plura
1040 4761 1247 4832 colligit
1273 4759 1556 4815 Conradus
1598 4757 2037 4812 Ritthershusius
2063 4755 2117 4809 in

560 4856 739 4913 locum
765 4855 973 4913 dictum
999 4852 1251 4925 Oppiani.

630 4946 787 5013 ιδιά..
814 4947 910 5002 lin.
940 4946 1030 5002 30.
1069 4946 1235 4999 Ἔστι
1264 4942 1332 4999 δὲ
1368 4941 1514 5006 ζῶον
1547 4943 1838 5010 (ir-06M.
1876 4939 2002 4995 Eme
2045 4939 2120 4992 ita

559 5046 797 5099 verterat
826 5039 1020 5095 Petrus
1044 5036 1360 5103 Damianus,
1393 5034 1564 5105 Epist.
1606 5035 1703 5090 lib.
1738 5051 1810 5100 ιι,
1838 5034 1996 5101 epist.
2027 5033 2116 5095 18,

560 5124 630 5183 ad
664 5128 997 5184 Desiderium
1042 5128 1279 5182 abbatem
1309 5137 1357 5180 et
1391 5124 1690 5182 cardinales
1714 5139 1733 5176 :
1766 5123 2118 5191 Anthalopum

560 5237 759 5292 quoque
786 5222 1093 5276 acerrimum
1123 5219 1302 5281 nimis,
1340 5227 1389 5271 et
1433 5217 1712 5270 violentum
1752 5224 1830 5269 est
1882 5213 2116 5277 animal;

560 5314 691 5370 adeo
714 5324 772 5367 ut
799 5330 888 5368 nec
914 5313 993 5367 illi
1016 5321 1229 5367 venator
1256 5310 1517 5373 accedere,
1539 5326 1630 5362 nec
1654 5317 1953 5377 persecutor
1974 5307 2121 5375 quis-

558 5422 718 5477 quam
740 5406 929 5460 audeat
955 5405 1333 5474 propinquare.
1352 5400 1519 5477 Habet
1551 5410 1722 5453 autent
1742 5398 1899 5468 longa
1925 5412 2121 5450 cornua

561 5501 614 5553 in
643 5515 803 5553 serra
826 5498 1165 5552 similitudine
1189 5498 1417 5566 ﬁgurata
1445 5507 1461 5545 :
1487 5490 1672 5562 quibus
1704 5492 1951 5544 nimirum
1985 5504 2119 5557 prtu-

561 5590 786 5659 grandia
836 5589 1005 5643 ualeat
1044 5588 1263 5641 arbusta
1312 5601 1507 5649 secare,
1549 5595 1797 5652 terrmqne
1846 5583 2115 5650 deponere.

563 5680 696 5733 Cum
743 5696 858 5733 vero
887 5680 1077 5734 sitierit
1111 5681 1313 5734 ueniens
1342 5679 1409 5731 ad
1446 5677 1763 5745 Euphraten:
1800 5675 1948 5729 bibit.
1985 5674 2121 5726 Pro-

552 5783 674 5843 pter
704 5787 854 5842 quem
887 5770 1115 5826 uidelicet
1143 5772 1359 5841 ﬂuvium
1394 5770 1568 5838 frutex
1607 5769 1821 5826 quidam
1858 5767 2117 5830 nascitur,

2220 1899 2366 1962 nius,
2400 1897 2765 1967 Dioscorides,
2797 1901 3202 1971 TheOphrastus
3226 1909 3278 1956 et
3304 1903 3416 1966 alii,
3449 1902 3653 1956 animal
3685 1903 3794 1958 hoc

2218 1990 2367 2044 varie
2397 2005 2427 2043 a
2464 1991 2630 2046 variis
2660 1992 2984 2062 appellatur,
3019 1992 3092 2045 ita
3129 2003 3188 2046 ut
3219 1991 3437 2048 Alberto
3468 1990 3667 2062 Magno
3695 2007 3795 2047 ca-

2220 2081 2378 2151 lopus
2409 2081 2503 2146 sit,
2534 2097 2599 2137 ex
2628 2096 2735 2151 quo
2765 2079 3048 2138 Conradus
3084 2080 3358 2138 Gesnerus
3389 2082 3456 2137 de
3481 2081 3798 2153 quadrupe-

2218 2172 2380 2227 dibus
2402 2172 2496 2228 lib.
2552 2188 2590 2237 ι,
2616 2173 2671 2227 in
2700 2172 2982 2242 Calopode.
3008 2170 3237 2243 Calopus
3262 2172 3463 2227 animal
3484 2182 3562 2228 est
3589 2175 3791 2237 acutis.

2221 2250 2388 2334 longis
2420 2273 2468 2318 et
2502 2265 2719 2319 serratis
2755 2266 3023 2327 cornibus,
3049 2265 3235 2336 quibus
3267 2271 3424 2319 etiam
3461 2264 3679 2320 arbores
3717 2266 3792 2318 li-

2222 2364 2301 2410 cet
2337 2372 2554 2425 magnas
2597 2365 2647 2410 et
2683 2355 2821 2410 altas
2881 2373 3056 2411 secare
3101 2357 3271 2427 fertur
3309 2373 3328 2410 :
3377 2358 3568 2425 saepius
3607 2368 3793 2412 autem

2218 2448 2344 2502 dum
2375 2451 2511 2503 renti
2567 2458 2615 2503 et
2658 2450 2885 2520 uirgulta
2918 2450 3161 2504 cornibus
3209 2449 3415 2503 adactis
3452 2449 3667 2518 cedunt,
3710 2452 3794 2505 eis

2218 2539 2518 2608 involvitur,
2552 2541 2921 2613 retineturque.
2953 2541 3087 2596 unde
3119 2542 3200 2611 fit,
3232 2552 3289 2595 ut
3320 2559 3459 2607 uoce,
3480 2551 3529 2595 et
3555 2543 3794 2598 clamore

2219 2647 2273 2686 se
2293 2630 2485 2700 prodat
2512 2631 2860 2686 venatoribus.
2898 2629 2959 2685 In
2993 2630 3150 2701 Syria
3170 2633 3331 2702 juxta
3361 2630 3683 2702 Euphratem
3706 2636 3792 2687 in-

2218 2726 2439 2789 uenitur,
2471 2726 2620 2796 cujus
2642 2741 2792 2796 aqua
2819 2735 2944 2795 potu
2969 2737 3177 2794 propter
3202 2726 3547 2796 [rigiditatem
3572 2727 3788 2796 gaudet,

2220 2827 2453 2870 astutum
2478 2826 2529 2870 et
2560 2818 2698 2872 mira
2738 2818 3031 2884 uelocitate,
3055 2826 3112 2871 ut
3157 2829 3424 2872 venatores
3465 2818 3623 2888 facile
3653 2820 3794 2889 etfu-

2217 2911 2347 2980 giat.
2383 2908 2459 2964 De
2487 2910 2590 2964 hoc
2618 2910 2805 2965 eodem
2836 2910 3219 2981 intelligendus
3247 2912 3462 2967 videtur
3480 2911 3794 2967 Alexander

2220 2999 2463 3071 Magnus,
2523 3002 2685 3072 epist.
2718 3002 2793 3056 De
2818 3003 3146 3058 mirabilibus
3178 3002 3348 3058 Indice
3410 3005 3480 3057 ad
3513 3005 3736 3058 Aristot.
3765 3019 3791 3057 :

2219 3089 2353 3145 Euri
2374 3093 2509 3146 venti
2545 3093 2706 3163 flatus
2734 3094 2898 3148 secuti
2930 3095 3210 3148 incidimus
3241 3095 3295 3147 in
3330 3094 3591 3165 malignas
3622 3097 3789 3161 feras,

2216 3183 2282 3238 de
2307 3201 2529 3255 quarum
2585 3185 2839 3253 capitibus
2894 3189 3031 3241 velut
3087 3188 3251 3257 gladii
3301 3204 3335 3240 a
3366 3188 3576 3251 uertice,
3606 3197 3789 3251 acuta,

2216 3285 2541 3345 serrataque,
2579 3277 2868 3330 eminebant
2914 3293 3036 3330 ossa
3079 3292 3097 3330 :
3140 3285 3189 3330 et
3230 3276 3311 3330 lic:
3354 3278 3579 3330 arietino
3625 3292 3786 3337 more.

2218 3367 2466 3422 adversus
2505 3368 2735 3422 homines
2776 3368 3051 3423 currebant
3083 3387 3101 3423 :
3132 3378 3240 3422 tum
3290 3369 3497 3423 invicta:
3532 3368 3791 3438 plurimo-

2217 3476 2333 3513 rum
2363 3460 2585 3513 militum
2626 3459 2830 3530 clgpeos
2881 3476 3042 3513 cornu
3086 3476 3180 3514 suo
3231 3462 3731 3515 transrerberabant
3770 3476 3787 3514 :

2217 3567 2440 3621 quarunt
2460 3552 2643 3606 occisis
2675 3553 2958 3605 admodum
2982 3564 3096 3605 octo
3122 3551 3353 3606 millibus
3377 3552 3790 3624 quadringentis

2217 3645 2635 3715 quinquaginta,
2689 3645 2766 3698 sic
2806 3642 2929 3697 inde
2975 3644 3043 3696 ad
3080 3642 3280 3697 Porum
3335 3647 3598 3698 exercitus
3648 3660 3793 3698 meus

2217 3751 2336 3790 cum
2362 3752 2566 3790 summo
2594 3735 2803 3789 tandem
2838 3735 3038 3798 labore,
3074 3750 3135 3787 ac
3162 3736 3394 3804 periculo
3444 3752 3558 3789 meo
3610 3753 3789 3807 ρει-τσο

2218 3830 2317 3884 nit.
2348 3828 2426 3883 Es
2455 3829 2653 3899 quibus
2685 3828 3031 3883 manifestum
3063 3837 3148 3882 est
3181 3828 3247 3882 ad
3290 3827 3396 3883 hoc
3425 3829 3631 3883 animal
3672 3846 3791 3899 per-

2218 3922 2411 3986 tinere,
2447 3937 2568 3991 quae
2616 3923 2683 3975 de
2715 3936 2816 3975 uro
2864 3920 3032 3974 tradit
3077 3919 3416 3990 Epiphanius
3457 3921 3513 3974 in
3565 3920 3793 3991 Physic-

2221 4012 2357 4082 logo.
2405 4028 2526 4081 cap.
2580 4012 2634 4078 5,
2691 4011 2750 4065 '0
2798 4006 2955 4082 οὖρος
3002 4010 3254 4082 μέγιστόν
3290 4011 3407 4063 ἐστι
3452 4009 3614 4075 ζῶον,
3654 4010 3795 4065 πολὺ

2219 4103 2553 4175 ὑπερϐάλλον
2580 4102 2650 4156 τὰ
2676 4103 2856 4174 ἕτερα,
2900 4100 2983 4173 βοῒ
3015 4102 3416 4173 παραπλήσιος,
3448 4101 3543 4156 δύο
3583 4102 3791 4174 κέρατα

2219 4196 2277 4246 ὲν
2312 4193 2489 4264 ἑαυτῷ
2535 4193 2715 4264 πρίονι
2756 4194 2917 4263 ὃμοια
2953 4191 3109 4262 ἔχων.
3158 4191 3439 4263 Αὑστηρδς
3478 4194 3545 4263 τῇ
3587 4191 3791 4265 θεωρίᾳ

2220 4285 2370 4358 παρὰ
2393 4285 2569 4338 πάντα
2590 4284 2658 4337 τὰ
2682 4283 2815 4347 ζζῶα⁸
2840 4283 2978 4336 ὥστε
2999 4283 3066 4337 τὰ
3096 4283 3305 4354 μεγάλα
3330 4282 3519 4353 δένδρα
3544 4283 3791 4354 διανηθά-

2224 4395 2379 4451 μενος
2399 4379 2511 4440 τοῖς
2535 4376 2727 4449 κέρασι
2746 4376 3035 4449 διαπρίειν,
3061 4376 3157 4429 καὶ
3177 4375 3548 4447 κλωνοκονπᾷν,
3580 4376 3675 4431 καὶ
3700 4377 3793 4429 οὒ-

2219 4469 2307 4524 δὲν
2342 4469 2450 4522 τῶν
2481 4465 2634 4530 ζώων
2673 4466 2932 4523 δύνασθαι
2973 4468 3061 4537 ὑφ’
3090 4468 3266 4538 ἑαυτῷ
3303 4467 3651 4539 ποιήσασθαι.
3685 4467 3789 4522 Νέ-

2224 4581 2383 4634 μεται
2425 4562 2481 4617 δὲ
2515 4565 2544 4615 ὁ
2588 4558 2751 4625 αὐτὸς
2792 4557 2950 4633 οὖρος
2999 4561 3223 4632 πλησίον
3264 4560 3358 4615 τοῦ
3394 4561 3660 4625 ὠκεανοῦ,
3695 4563 3789 4615 καὶ

2219 4656 2419 4719 εὐθέως
2447 4654 2792 4720 μεθύσκεται,
2838 4655 2933 4707 καὶ
2977 4653 3196 4708 παλαίει
3231 4654 3366 4725 πρὸς
3408 4653 3513 4724 γῆν
3551 4656 3666 4717 τοῖς
3698 4654 3787 4707 κέ-

2224 4763 2376 4816 ρασιν
2403 4745 2590 4817 ὥσπερ
2623 4743 2766 4814 βοῦς.
2807 4744 2962 4821 Ἔστι
2992 4743 3048 4797 δὲ
3071 4746 3188 4797 ἐκεῖ
3210 4743 3420 4815 δένδρον
3461 4746 3495 4814 ἡ
3522 4743 3785 4814 ὀνομαζο·

2224 4840 2359 4911 μένη
2382 4839 2568 4903 τάνυς,
2602 4837 2860 4908 κλίματος
2885 4837 3165 4909 μόρφωσιν
3180 4835 3377 4906 ἔχουσα
3399 4834 3785 4897 λευκολλώνου,

2218 4931 2313 4987 καὶ
2343 4934 2453 4994 τοῖς
2482 4930 2659 5002 ἔρνεσι
2693 4926 3023 4999 κληοόμενος
3050 4928 3080 4980 ὀ
3111 4926 3273 4989 αὐτὸς
3299 4921 3459 4997 οὖρος
3485 4926 3587 4996 τὴν
3613 4942 3785 4995 κεφα-

2219 5023 2319 5093 λὴν
2356 5021 2493 5094 πρὸς
2516 5020 2585 5074 τὰ
2617 5019 2745 5091 ἔρνη
2777 5018 2876 5088 τῆς
2911 5017 3126 5081 τάνυος,
3160 5016 3222 5070 τὸ
3252 5017 3418 5089 κέρας
3451 5017 3619 5071 αὑτοῦ
3646 5018 3787 5072 δέδε-

2218 5133 2308 5169 ται
2343 5116 2434 5167 ὑπ’
2460 5114 2645 5183 αὐτῆς.
2689 5110 3139 5182 Παραγενομένου
3165 5108 3452 5181 τοιγαροῦν
3487 5109 3585 5163 τοῦ
3620 5126 3784 5181 κυνη-

2218 5206 2336 5275 γοῦ,
2372 5207 2465 5258 καὶ
2501 5206 2842 5275 εὑρίσκοντος
2893 5202 3337 5273 ὲμπεπεδημένον
3367 5203 3475 5256 τῶν
3515 5203 3783 5275 κεράτων,

2220 5300 2411 5369 κρατεί
2440 5295 2623 5350 αὐτοῦ.
2664 5296 2946 5364 Nunquam
2994 5302 3173 5348 tamen
3215 5309 3398 5358 urum,
3444 5303 3500 5349 et
3531 5293 3785 5348 autholo-

2220 5407 2339 5461 pem
2370 5405 2538 5443 unum
2567 5403 2688 5441 esse
2720 5387 3061 5441 crediderim.

2290 5482 2446 5545 ΗΜ..
2477 5483 2571 5535 lin.
2604 5480 2690 5535 ⁵59.
2722 5481 2887 5532 Ἔστι
2915 5477 3359 5543 δὲὲνΣκύθαις.
3382 5473 3455 5531 De
3483 5474 3712 5530 tarando
3731 5480 3785 5527 et

2220 5577 2338 5645 ejus
2366 5577 2556 5645 ﬁgura,
2590 5581 2643 5626 et
2675 5571 2873 5633 forma,
2913 5581 2966 5624 et
3012 5577 3071 5622 ut
3115 5578 3316 5630 rerum,
3350 5583 3487 5637 quas
3520 5567 3780 5635 attigerit,

2220 5671 2430 5723 colores
2458 5668 2697 5728 exhibet,
2733 5664 2905 5728 Phile,
2931 5663 2986 5715 in
3013 5662 3231 5726 iambis,
3255 5660 3530 5723 sElianus,
3563 5659 3638 5714 De
3658 5659 3778 5712 hist.

2222 5762 2408 5822 anim..
2437 5759 2530 5813 lib.
2566 5773 2627 5821 ιι,
2661 5771 2783 5822 cap.
2818 5757 2913 5818 i6;
2955 5753 3184 5816 Plinius,
3222 5754 3317 5808 lib.
3357 5767 3473 5813 νιιι.
3518 5766 3640 5810 can.
3684 5748 3780 5805 36·
