4072 6342
544 260 653 329 933

1886 272 2130 331 LEONIS
2165 272 2438 334 ALLATIl
2528 264 2531 269 ’

3680 292 3783 348 956

621 389 784 455 ἰδίει,
815 390 911 447 lin.
955 389 1043 446 46.
1071 389 1305 461 Ὁμοίως
1326 389 1511 447 δὲκαὶ
1528 393 1567 447 d
1590 393 1941 463 χαμαιλέων.
1972 391 2114 449 Cha—
2142 390 2335 454 Αόὕτε
2356 395 2603 467 ὁρᾶσθαι,
2630 395 2751 451 οὔτε
2779 398 3152 471 γνωρίζεσθαι.
3184 403 3421 462 κλέπτει
3446 405 3559 479 γὰρ
3590 406 3780 477 ἑαυτὸν

544 482 887 539 maleontem
916 481 1256 545 Aristoteles.
1295 482 1393 539 lib.
1429 498 1467 537 ιι
1500 483 1580 539 De
1610 485 1735 539 hist.
1767 484 1956 550 anim.,
1987 499 2108 556 cap.

548 574 639 640 11,
674 575 964 648 descripsit
992 577 1131 645 fuse,
1163 586 1217 634 et
1258 578 1486 645 Plinius,
1526 579 1622 637 lib.
1653 593 1772 643 vm,
1797 592 1847 631 c.
1878 576 1977 632 55:
2016 576 2112 632 Fi-

546 683 683 739 gura
727 679 778 724 et
819 671 1127 740 magnitudo
1171 680 1287 727 erat
1328 676 1540 727 lacerta:
1588 673 1690 727 nisi
1739 688 1899 725 crura
1940 679 2112 726 essent

546 773 691 820 recta
712 771 762 819 et
792 764 1100 828 excelsiora,
1136 765 1305 820 latera
1326 766 1490 820 ventri
1508 766 1830 836 junguntur,
1853 773 1912 818 ut
1951 765 2111 835 pisci-

547 857 666 921 bus,
710 864 759 911 et
801 856 955 924 spina
994 856 1158 910 simili
1201 854 1396 918 modo;
1422 855 1611 909 eminet
1653 863 1903 920 rostrum,
1957 865 2013 908 ut
2055 855 2111 908 in

543 956 705 1017 parvo
731 947 871 1001 haud
892 946 1131 1001 absimile
1150 942 1329 1010 suilla,
1353 947 1525 1000 cauda
1550 944 1820 1015 pralonga
1850 946 1904 999 in
1944 946 2110 999 tenui—

547 1050 707 1096 tatem
746 1040 1008 1102 desinens,
1050 1048 1099 1092 et
1143 1038 1418 1108 implicans
1470 1053 1525 1091 se
1575 1037 1825 1105 viperinis
1848 1037 2108 1100 orbibus;

544 1146 742 1204 ungues
784 1131 978 1185 adunci
999 1145 1019 1189 :
1044 1140 1215 1183 motus
1258 1127 1483 1192 tardior,
1510 1137 1567 1182 ut
1611 1129 1898 1193 testudini;
1920 1144 2109 1195 corpus

544 1240 787 1293 asperum
810 1237 903 1277 ceu
940 1222 1202 1277 crocodilo
1225 1237 1244 1275 :
1274 1222 1414 1276 oculi
1449 1222 1505 1275 in
1549 1237 1755 1277 recessu
1800 1237 1925 1276 cavo
1968 1223 2111 1276 tenui

542 1316 847 1370 discrimine
888 1314 1243 1385 prwgrandes,
1282 1323 1333 1367 et
1376 1314 1582 1383 corpori
1610 1312 1942 1376 concolores;
1973 1329 2109 1367 nun-

541 1424 705 1479 quam
730 1424 815 1463 eos
849 1407 1059 1477 operit:
1089 1422 1179 1460 nec
1208 1404 1424 1475 pupilla:
1453 1415 1616 1472 motu,
1651 1403 1739 1459 sed
1781 1405 1940 1458 totius
1970 1404 2110 1459 oculi

542 1501 778 1554 versione
797 1498 1170 1568 circumspicit.
1202 1497 1322 1567 Ipse
1357 1496 1528 1552 celsus
1556 1496 1728 1551 hianti
1758 1513 1961 1567 semper
1997 1513 2104 1552 ore.

545 1590 755 1650 Mutare
808 1591 1041 1646 colorem
1085 1589 1253 1645 refert
1281 1589 1601 1645 Aristoteles
1631 1588 1750 1644 loco
1786 1589 1842 1653 (ι.
1870 1597 1925 1645 et
1952 1588 2007 1655 2,
2054 1597 2109 1645 et

2212 485 2427 539 πλανῶν
2457 504 2515 539 τε
2545 487 2659 559 ἅμα
2700 490 2792 543 καὶ
2820 492 3185 566 παρατρέπων
3212 495 3308 567 τὴν
3341 498 3450 552 τῶν
3488 500 3781 571 ὁρωμένων

2211 574 2350 644 ὄψιν.
2407 577 2468 630 El
2520 579 2629 650 γὰρ
2677 581 2998 653 παρατύχῃς
3051 584 3241 655 μέλανι
3300 586 3363 641 τὸ
3418 584 3591 654 εἶδος,
3644 591 3675 643 ὁ
3723 591 3781 645 δὲ

2212 666 2463 738 ἐξέτρεψε
2491 670 2550 722 τὸ
2583 670 2853 742 μόρφωμα
2883 676 2962 739 εἰς
3004 674 3333 750 χλωρότητα,
3365 678 3554 743 ὥσπερ
3585 677 3656 752 ἦν
3682 699 3777 752 με,

2209 761 2664 833 ταμφιεσάμενος.
2692 759 2825 818 Εἶτα
2856 766 3037 835 μέντοι
3065 767 3270 832 ἀλλοῖος
3287 769 3455 843 ἐφάνη
3482 770 3781 843 λευκότητα

2210 851 2425 916 ὑποδὺς,
2458 854 2703 926 καθάπερ
2735 861 3074 928 προσωπεῖον
3104 859 3306 933 ἕτερον,
3345 862 3377 933 ἢ
3418 863 3612 935 στολὴν
3650 864 3776 919 bno-

2209 942 2399 1015 κριτὴς
2438 944 2621 1015 ἄλλην.
2676 944 2886 1003 Plinius
2930 949 3047 1004 solo
3075 966 3200 1008 aere
3242 968 3343 1008 nec
3400 954 3510 1008 alio
3539 955 3665 1009 cibo
3704 956 3775 1010 ali

2210 1031 2313 1085 hoc
2355 1032 2556 1087 animal
2593 1034 2833 1090 tradidit.
2874 1033 2995 1105 Ipse
3021 1039 3192 1093 celsus
3225 1040 3395 1095 hianti
3428 1059 3631 1113 semper
3662 1062 3775 1105 ore,

2208 1121 2354 1177 solus
2394 1125 2703 1178 animalium
2741 1141 2832 1181 nec
2866 1128 3000 1192 cibo,
3030 1146 3123 1184 nec
3155 1140 3282 1197 potu
3320 1133 3505 1197 alitur,
3540 1150 3635 1187 nec
3668 1136 3778 1188 alio

2207 1231 2366 1285 quam
2411 1218 2548 1273 aeris
2596 1219 2865 1273 alimento.
2922 1220 3036 1277 Hoc
3075 1229 3256 1279 tamen
3304 1222 3499 1279 falsum
3544 1241 3669 1282 esse
3697 1231 3778 1281 ait

2207 1304 2533 1363 Franciscus
2580 1308 2836 1365 Sanctius
2878 1308 3232 1367 Commentar.
3286 1314 3341 1366 in
3389 1314 3649 1370 Emblem.
3679 1317 3774 1381 5-3,

2206 1399 2427 1465 Alciati,
2458 1409 2514 1456 et
2536 1403 2720 1458 venari
2752 1419 2992 1471 muscas,
3025 1406 3351 1472 scarabieos,
3375 1408 3640 1473 locustas,
3670 1409 3773 1464 for-

2206 1491 2398 1555 micas,
2439 1503 2492 1548 et
2524 1493 2629 1548 alia
2678 1494 2884 1550 insecta
2937 1497 3136 1567 quibus
3189 1501 3459 1569 praecipue
3506 1502 3773 1558 vescitur.

2206 1580 2443 1640 Jacohus
2501 1583 2881 1657 Dalecampius
2933 1596 3120 1645 annot.
3172 1590 3227 1644 in
3254 1590 3414 1646 Plinii
3458 1591 3641 1647 locum
3688 1595 3773 1653 d..

543 1680 635 1737 hic
677 1679 907 1745 Plinius,
954 1678 1227 1745 Elianus,
1270 1678 1592 1734 Plutarchus
1634 1679 1688 1734 in
1751 1677 1995 1751 Sympos.
2051 1688 2107 1736 et
2135 1739 2175 1756 ἢ
2209 1677 2460 1743 Quamvis
2486 1678 2677 1747 famem
2708 1678 2901 1735 multos
2931 1697 3130 1737 menses
3154 1682 3357 1749 toleret,
3384 1684 3567 1756 lingua
3595 1694 3771 1741 tamen

530 1778 898 1827 ‘commentar.
946 1769 1023 1824 De
1072 1769 1411 1836 adulatione;
1460 1768 1751 1841 Gregorius
1786 1770 2041 1826 Nazianz.
2073 1770 2099 1825 1
2135 1767 2178 1794 ⁸³
2206 1767 2614 1836 sesquipalmum
2660 1768 2812 1838 longa
2865 1778 3080 1837 exerta,
3132 1788 3195 1825 ac
3237 1772 3475 1839 vibrata,
3520 1792 3772 1845 niueoque

540 1862 812 1918 invectiva
839 1862 892 1915 in
919 1860 1196 1917 Julianum
1222 1861 1590 1933 ;Auguslinus
1621 1862 1711 1916 lib.
1746 1877 1785 1916 ιι
1816 1861 1895 1917 De
1929 1862 2108 1917 Trini-

540 1964 668 2019 tate,
706 1969 823 2026 cap.
870 1953 940 2021 2;
962 1953 1226 2019 lsidorus,
1256 1954 1353 2010 lib.
1388 1969 1449 2018 ιι,
1486 1969 1609 2025 cap.
1638 1953 1706 2019 2;
1737 1952 2105 2010 Tertullianus

539 2046 635 2102 lib.
671 2044 749 2101 De
777 2045 964 2115 pallio,
991 2052 1045 2101 et
1075 2042 1324 2101 Justinus
1349 2054 1575 2116 martyr,
1607 2045 1776 2115 Epist.
1810 2044 1879 2098 ad
1906 2043 2105 2100 Zenam

534 2145 589 2191 et
615 2134 884 2191 Serenum.
927 2136 987 2190 Ὀ
1021 2135 1081 2189 δὲ
1105 2135 1199 2190 νῦν
1223 2136 1320 2208 μὲν
1347 2135 1524 2208 ὠχρὸς
1542 2176 1556 2201 ,
1589 2132 1708 2191 εἶτα
1732 2136 1977 2208 ἐρυθρός.
2015 2134 2105 2207 Τῷ

534 2229 595 2284 δὲ
655 2229 981 2301 συγκρίματι
1031 2227 1124 2283 τοῦ
1167 2226 1414 2301 σώματος
1462 2227 1896 2300 ποικιλλόμενος,
1951 2221 2105 2292 οὗτος

535 2317 729 2390 ὥσπερ
771 2317 1080 2390 χαμαιλέων
1125 2320 1182 2371 ὲν
1213 2316 1291 2389 τῷ
1336 2316 1598 2381 καύσωνι,
1643 2319 1737 2371 καὶ
1782 2319 1848 2390 τῇ
1899 2319 2105 2391 ἐρημίᾳ

539 2412 865 2481 περινοστεῖ,
898 2416 953 2464 et
981 2408 1302 2465 Theodorus
1340 2409 1625 2466 Tarsensis
1668 2411 1809 2482 apud
1850 2410 2102 2466 Photium

539 2502 597 2557 in
624 2502 878 2558 Biblioth.
921 2502 1245 2572 Χαμαιλέων
1270 2501 1332 2555 τὸ
1364 2500 1502 2566 ζῶον
1538 2503 1619 2566 εἰς
1644 2502 1813 2555 πολλὰ
1841 2502 2105 2575 χρώματα

537 2592 601 2647 τδ
642 2592 802 2665 σῶμα
847 2574 1188 2665 μεταϐαλλει,
1234 2593 1328 2646 καὶ
1364 2590 1601 2656 τοιοῦτος
1625 2574 2013 2662 φαίνεταιοῖον
2043 2596 2105 2649 τὸ

537 2683 833 2756 πλησιάζον
851 2685 945 2740 καὶ
960 2684 1360 2757 παρακείμενον
1388 2684 1535 2755 αὐτῷ
1559 2683 1661 2739 κᾶν
1683 2684 1855 2751 ξύλον,
1889 2686 1993 2741 κᾶν
2021 2686 2102 2740 λί-

538 2773 651 2841 θος,
669 2775 773 2830 κᾶν
790 2776 819 2830 6
843 2792 896 2830 τι
924 2774 1159 2832 τοιοῦτον
1270 2776 1415 2849 Πρὸς
1430 2775 1538 2848 γὰρ
1553 2776 1650 2849 τὴν
1675 2778 1883 2833 ἐκείνου
1915 2779 2103 2852 χροιὰν

538 2867 829 2941 ἁρμολογετ
856 2867 956 2939 τὴν
986 2867 1202 2935 ἑαυτοῦ,
1226 2876 1282 2925 et
1313 2870 1617 2940 Antigonus
1648 2868 1953 2942 Carystius,
1976 2886 2097 2943 cap.

533 2959 627 3025 30,
645 2959 856 3014 Γίνεται
888 2959 944 3012 δὲ
968 2959 1164 3012 ταύτὸν
1194 2959 1289 3014 καὶ
1319 2959 1448 3030 περὶ
1474 2959 1563 3013 τὸν
1587 2961 1963 3032 χαμαιλέοντα.
1990 2961 2102 3015 Καὶ

2205 1857 2391 1925 oblita,
2415 1858 2669 1925 locustas,
2694 1860 2966 1927 formicas,
2996 1878 3204 1918 muscas
3231 1864 3527 1919 scarabwos
3574 1878 3626 1921 et
3656 1869 3769 1922 alia

2202 1949 2403 2004 insecta
2429 1950 2613 2021 quibus
2632 1954 2878 2019 vescitur,
2911 1956 3146 2022 corripit,
3174 1957 3378 2021 retinet,
3416 1957 3486 2010 ad
3516 1975 3576 2033 se
3596 1960 3770 2013 addu-

2203 2044 2294 2096 cit.
2327 2041 2582 2099 Brodaeus
2616 2057 2737 2114 cap.
2767 2043 2857 2109 2i,
2887 2046 2982 2100 lib.
3011 2062 3086 2112 vr,
3114 2045 3488 2118 Theophrasto
3540 2059 3773 2107 auctore

2201 2149 2392 2205 parum
2444 2134 2616 2200 abest,
2655 2134 2789 2205 quin
2835 2136 3019 2206 pulmo
3058 2145 3228 2191 totum
3276 2153 3476 2209 corpus
3524 2140 3767 2211 impleat.

2203 2222 2434 2295 ideoque
2460 2224 2589 2278 dum
2619 2239 2807 2279 auram
2855 2232 3036 2295 captat
3057 2236 3110 2281 et
3142 2234 3493 2282 consectatur
3532 2231 3771 2299 avidius,

2201 2329 2265 2371 ea
2292 2315 2472 2369 vivere
2502 2316 2619 2371 sola
2642 2316 2991 2371 crediderunt
3025 2316 3215 2373 multi:
3241 2320 3385 2388 quod
3423 2327 3477 2374 et
3503 2319 3774 2377 Pliniana:

2201 2406 2473 2476 opinionis
2504 2406 2677 2478 origo.
2721 2405 2958 2463 Joannes
2993 2407 3235 2465 Landius
3281 2411 3338 2465 in
3378 2411 3570 2466 ultima
3610 2412 3769 2485 Syria

2201 2512 2324 2551 cum
2355 2504 2521 2563 esset,
2552 2499 2649 2564 ait,
2702 2513 2763 2554 se
2802 2498 3003 2555 vidisse
3049 2515 3218 2555 unum
3266 2516 3297 2556 e
3334 2502 3576 2573 quinque
3627 2522 3770 2575 quos

2200 2597 2405 2645 emerat
2444 2590 2901 2648 chamaeleonibus
2954 2592 3151 2663 lingua:
3197 2596 3482 2663 repentino
3522 2613 3773 2653 momen-

2200 2687 2468 2753 taneoque
2501 2681 2745 2751 jaculatu
2785 2698 3029 2739 muscam
3075 2700 3198 2756 qua;
3235 2687 3292 2742 in
3341 2689 3463 2758 ejus
3496 2698 3645 2745 esset
3676 2706 3772 2760 pe-

2201 2774 2338 2828 ctori
2369 2774 2584 2845 legisse.
2616 2772 2907 2846 Propterea
2937 2777 3083 2833 illius
3112 2791 3144 2830 a
3172 2793 3231 2832 se
3260 2777 3484 2836 dissecti
3525 2781 3767 2853 linguam

2201 2866 2460 2920 narrabat
2497 2865 2768 2921 inventam
2797 2866 2962 2937 palmi
2993 2868 3354 2939 longitudine,
3389 2885 3598 2936 cavam,
3641 2876 3763 2928 ina-

2201 2972 2347 3022 nem,
2392 2958 2448 3013 in
2492 2973 2704 3015 summa
2739 2968 2994 3029 tanquam
3042 2962 3382 3016 acetabulum
3428 2977 3552 3017 cum
3580 2979 3765 3023 muco.

532 3051 646 3124 γὰρ
668 3053 781 3116 τοῖς
810 3050 1079 3121 στελέχεσι
1119 3051 1228 3106 τῶν
1271 3050 1522 3125 δένδρων,
1565 3052 1660 3106 καὶ
1700 3055 1815 3118 τοῖς
1862 3053 2099 3124 φύλλοις,

2202 3064 2310 3120 quo
2352 3049 2587 3120 praedam
2634 3053 2870 3108 tolleret.
2915 3051 3094 3109 Julius
3127 3052 3370 3121 Scaliger
3418 3069 3602 3111 exere.
3664 3056 3773 3112 196

534 3145 633 3200 καὶ
653 3146 720 3217 τῇ
748 3148 818 3217 γῇ
852 3144 942 3199 τὸν
973 3143 1134 3198 αὐτὸν
1156 3143 1357 3217 τρόπον
1391 3145 1589 3201 ἅπαντι
1628 3147 1779 3218 τόπῳ
1822 3163 2101 3219 συμμετα-

529 3236 720 3293 ϐάλλει
747 3238 846 3311 τὴν
874 3238 1078 3310 χροιάν.
1109 3237 1431 3295 Aristoteles
1458 3238 1533 3292 ait
1554 3238 1753 3292 mutari
1777 3238 2013 3293 colorem
2045 3238 2102 3295 in

531 3340 650 3387 toto
670 3345 919 3403 corpore,
956 3345 1079 3385 nam
1125 3339 1179 3387 et
1207 3331 1349 3386 oculi
1381 3332 1699 3387 concolores
1742 3332 1951 3402 reliquo
1978 3346 2103 3387 cor-

534 3428 657 3497 pori
692 3425 1015 3489 redduntur,
1044 3432 1098 3481 et
1135 3425 1307 3480 cauda
1337 3424 1587 3481 eumdem
1612 3425 1846 3481 colorem
1879 3425 2095 3496 accipit.

535 3515 767 3582 Plinius,
790 3526 844 3572 et
863 3517 1061 3574 coloris
1085 3525 1277 3571 natura
1311 3516 1641 3584 mutabilior,
1672 3525 1843 3572 mutat
1865 3531 2098 3588 namque

535 3614 659 3664 eum
693 3609 942 3673 subinde,
966 3616 1020 3665 et
1051 3610 1247 3675 oculis,
1284 3617 1338 3664 et
1380 3610 1574 3674 cauda,
1605 3619 1659 3663 et
1696 3617 1811 3664 toto
1845 3625 2094 3680 corpore.

535 3694 967 3768 Theophrastus,
1020 3698 1113 3753 lib.
1167 3697 1300 3767 Περὶ
1327 3696 1447 3752 τῶν
1465 3700 1963 3768 μεταϐαλλόντων
1983 3700 2100 3769 τὴν

537 3787 727 3858 χρόαν
769 3801 983 3857 semper
1028 3787 1255 3844 reddere
1288 3805 1665 3860 quemcunque
1693 3792 1933 3861 attigerit
1960 3807 2100 3861 prae-

538 3886 625 3935 ter
652 3879 899 3947 rubrum,
932 3881 1355 3951 candidumque,
1395 3881 1732 3936 Μεταΰάλλει
1764 3883 1820 3936 δὲ
1843 3883 1872 3935 ὁ
1899 3900 2099 3955 χαμαι-

536 3968 675 4024 λέων
711 3972 790 4037 εἰς
831 3972 1006 4027 πάντα
1044 3971 1114 4026 τὰ
1153 3972 1451 4045 χρώματαο
1482 3973 1618 4046 πλὴν
1651 3973 1752 4045 τὴν
1776 3975 1854 4039 εἰς
1877 3975 1938 4028 τὸ
1973 3975 2097 4029 λευ-

537 4059 633 4115 κδν
663 4063 758 4115 καὶ
804 4062 865 4115 τὸ
909 4062 1136 4136 ἐρυθρὸν
1170 4065 1231 4118 οὐ
1276 4065 1486 4136 δέχεται
1530 4064 1847 4138 μεταϐολήν.
1882 4067 1992 4121 Καὶ
2036 4067 2096 4121 οὐ

537 4156 673 4229 πρὸς
701 4155 773 4209 τὰ
812 4157 1188 4228 παρακείμενα
1238 4158 1395 4228 μόνον
1437 4157 1703 4230 χρώματα
1757 4158 2095 4229 μεταϐάλλει,

534 4247 673 4303 ἀλλὰ
722 4248 817 4302 καὶ
845 4250 1005 4313 αὐτὸς
1051 4250 1171 4305 καθ’
1200 4251 1409 4318 ἑαυτὸν,
1454 4251 1548 4305 ἐάν
1572 4267 1655 4317 τις
1698 4253 1856 4323 μόνον
1897 4252 2097 4325 ἅψηται

535 4341 722 4408 αὐτοῦ,
750 4340 811 4396 τὺ
838 4343 1033 4415 χρῶμα
1065 4344 1405 4415 μεταϐάλλει.
1443 4345 1640 4401 Eadem
1683 4345 1842 4402 habet
1866 4345 2095 4413 Plinius,

2203 3144 2265 3196 in
2294 3141 2624 3210 Cardanum,
2659 3160 2716 3198 ιι.
2748 3144 2804 3210 4,
2833 3144 2925 3213 qui
2959 3154 3014 3199 et
3039 3145 3210 3199 multa
3237 3146 3341 3199 alia
3377 3161 3500 3216 qua:
3530 3163 3769 3217 sequun-

2202 3243 2291 3289 tur
2335 3236 2403 3291 de
2455 3235 2649 3299 forma,
2684 3236 2865 3291 colore
2915 3235 3144 3307 ejusque
3183 3238 3507 3305 mutatione,
3558 3240 3691 3295 item
3737 3258 3770 3294 ει

2200 3326 2399 3397 quibus
2432 3327 2683 3381 vincatur
2718 3327 3012 3391 coloribus,
3050 3343 3080 3381 a
3111 3328 3314 3398 quibus
3343 3345 3473 3395 non,
3500 3344 3530 3384 a
3561 3330 3769 3387 Landw

2200 3420 2417 3489 accipit.
2453 3419 2653 3474 Mirum
2693 3426 2779 3474 est
2828 3421 2970 3489 quod
3015 3420 3082 3475 de
3110 3420 3517 3476 chamaaleontis
3560 3422 3617 3478 in
3655 3439 3769 3478 εντ-

2199 3521 2388 3582 pentes
2411 3510 2536 3565 odio
2566 3518 2754 3565 narrat
2781 3508 3021 3581 Scaliger
3051 3510 3197 3565 dicto
3230 3511 3265 3565 l.
3302 3510 3361 3565 Is
3386 3527 3452 3566 ea:
3472 3513 3584 3567 illis
3605 3530 3771 3567 unum

2197 3604 2489 3674 quempiam
2510 3605 2805 3672 speculatus
2837 3605 2891 3657 in
2924 3603 3112 3657 umbra
3144 3614 3440 3673 captantem
3464 3622 3655 3671 auras,
3676 3619 3766 3660 aut

2197 3696 2253 3749 in
2293 3696 2456 3751 radiis
2497 3698 2837 3767 apricantem,
2868 3696 2922 3751 in
2950 3712 3067 3751 eam
3098 3696 3305 3751 scandit
3350 3697 3617 3762 arborem,
3656 3714 3772 3766 quo:

2197 3787 2279 3840 illi
2312 3788 2589 3842 imminet:
2623 3788 2758 3842 unde
2795 3803 2859 3842 ea:
2891 3805 2978 3842 ore
3008 3789 3157 3857 ﬁlum
3190 3788 3416 3843 demittit
3448 3805 3768 3843 araneorum

2198 3895 2361 3944 more,
2415 3879 2471 3933 in
2521 3878 2673 3941 cuius
2721 3880 2802 3948 ﬁli
2839 3888 3070 3934 extremo
3096 3879 3302 3950 guttula
3335 3880 3427 3945 sit,
3456 3882 3770 3951 margarita:

2197 3974 2491 4044 splendore,
2519 3991 2584 4028 ea
2614 3984 2812 4029 tactum
2832 3978 2886 4030 in
2912 3979 3096 4030 vertice
3117 3986 3403 4045 serpentem
3430 3979 3588 4032 mori.
3618 3976 3765 4031 Illud

2196 4070 2353 4120 etiam
2384 4064 2751 4121 admirabilius
2790 4068 2836 4121 si
2883 4067 2952 4120 ad
2981 4067 3407 4137 perpendiculum
3438 4078 3663 4139 nequeat
3695 4071 3765 4139 ﬁ-

2199 4157 2306 4212 lum
2337 4156 2646 4212 demittere:
2678 4158 2815 4227 quod
2871 4159 3042 4213 minus
3086 4158 3412 4213 adamussim
3451 4160 3766 4229 respondeat

2197 4268 2398 4314 ramus,
2435 4253 2489 4305 in
2534 4268 2635 4322 quo
2666 4262 2742 4306 est
2769 4253 3006 4323 inferiori
3046 4252 3157 4306 loco
3189 4254 3279 4306 ubi
3313 4253 3469 4306 cubat
3506 4269 3765 4323 serpens:

2198 4345 2273 4399 ita
2318 4344 2467 4415 ﬁlum
2499 4346 2755 4416 corrigere
2796 4344 3009 4413 pedibus
3039 4344 3415 4407 anterioribus,
3454 4355 3611 4414 atque
3650 4345 3767 4414 ejus

534 4432 882 4498 Plutarchus,
918 4434 1010 4489 lib.
1070 4434 1150 4489 De
1194 4434 1539 4506 dignoscendo
1583 4436 1752 4490 amico
1793 4435 1859 4489 ab
1905 4421 2103 4489 adula:
2129 4430 2174 4485 D
2202 4447 2423 4494 tractum
2460 4448 2765 4508 temperare,
2798 4449 2852 4491 ut
2893 4437 2962 4492 ad
2992 4438 3182 4492 lineam
3212 4440 3368 4507 quasi
3389 4437 3634 4492 catheton
3675 4440 3767 4492 de-

535 4535 667 4592 tore,
699 4534 755 4581 et
787 4523 1029 4592 Solinus,
1070 4525 1331 4598 Polyhist.
1359 4543 1479 4598 cap.
1516 4528 1607 4595 45,
1644 4528 1783 4583 idem
1827 4528 2088 4584 sentiunt.

532 4616 686 4675 Phile
706 4618 762 4674 in
778 4619 976 4676 lambis
1000 4621 1251 4676 concedit
1274 4622 1497 4677 rubrum
1523 4623 1779 4686 colorem,
1804 4621 2092 4677 candidum

533 4717 698 4781 negat
728 4727 744 4766 :

602 4847 963 4920 Χαμαιλέων,
986 4847 1283 4920 κράτιστε,
1313 4849 1421 4905 τὸν
1450 4847 1643 4920 χρῶτα
1677 4850 1894 4915 τρέπει.

604 4917 834 4990 Σαῦρος
855 4918 965 4989 γὰρ
985 4917 1069 4973 ὢν
1093 4918 1374 4988 ἄντικρυς
1403 4917 1512 4974 οὐᾶι
1541 4920 1663 4990 ἔχει
1694 4922 1902 4989 τρίχας

604 4986 715 5060 ιςᾳι
1018 4990 1227 5060 ὠχρὸς,
1258 4986 1379 5045 ιρῦῶ
1412 4991 1481 5044 δὲ
1504 4986 1677 5060 φάος
1696 4986 1951 5059 φερέτω,

606 5055 750 5114 Εἶτα
772 5055 1075 5127 πελιδνὸς,
1086 5055 1221 5115 εἶτα
1241 5062 1439 5130 κιρῤὐς
1466 5055 1550 5127 εἰς
1578 5055 1787 5127 βάθος.

746 5130 863 5185 νῦν
891 5130 1285 5206 ἐρυθρὸςηκαι
1310 5131 1641 5206 παραυτζῃα
1658 5130 1868 5206 μέλας,

604 5148 716 5256 iiii
746 5148 1893 5271 ΐττκξὲἔίῗὲβἳέἓῖτῗῖἑῖοῗῖἇέἕςμὲῗκίξέ.

603 5271 711 5327 Kal
750 5270 969 5341 ξανθὸς
999 5269 1076 5325 ἂν
1109 5269 1360 5341 φαίνοιθ’
1387 5270 1509 5334 ὅδε,
1549 5270 1810 5340 καθάπερ
1843 5269 2015 5325 λέων.

604 5343 767 5396 Οὕτω
793 5340 860 5395 δὲ
890 5340 1162 5410 σώματος
1196 5340 1356 5396 τοῦδ’
1382 5342 1840 5407 ἀλλοιουμένου,

606 5413 679 5469 Τὸ
705 5412 927 5467 λευκὸν
952 5413 1256 5482 ἠγνόησεν
1287 5413 1326 5480 ἠ
1356 5414 1540 5482 φύσις
1563 5413 1775 5482 μόνον.

532 5525 805 5591 Δζιίιιιιιιε,
835 5524 930 5580 lib.
966 5539 1099 5589 uti,
1160 5523 1240 5579 De
1280 5524 1468 5580 histor.
1514 5524 1734 5581 animal.
1760 5568 1778 5591 ,
1828 5540 1948 5596 cap.
1999 5525 2086 5588 14,

532 5616 694 5674 etiam
711 5615 925 5672 candidi
948 5617 1147 5673 coloris
1171 5618 1522 5672 mutationem
1539 5617 1592 5671 in
1615 5632 1680 5672 eo
1704 5617 1956 5674 admittit.
1979 5618 2091 5672 Χα-

535 5708 770 5783 μαιλέων
799 5708 860 5762 τδ
902 5706 1041 5773 ζῶον
1085 5710 1164 5772 εἰς
1214 5689 1348 5765 ῖδίαν
1391 5708 1520 5780 μίαν
1549 5708 1712 5780 χρόαν
1741 5710 1805 5763 οὐ
1848 5711 2087 5779 πέφυκεν

2199 4533 2432 4588 scendat.

2269 4624 2427 4689 lbid.,
2457 4625 2551 4680 lin.
2592 4624 2678 4679 49.
2722 4623 2932 4678 Δειλέν
2961 4622 2999 4690 ἢ
3033 4622 3274 4691 ἔλαφος.
3297 4620 3548 4684 Aristot.,
3578 4621 3676 4676 lib.
3711 4637 3765 4675 ιι

2202 4717 2278 4773 De
2306 4719 2432 4775 hist.
2464 4718 2650 4779 anim.,
2687 4732 2735 4770 c.
2784 4715 2836 4771 1.
2881 4729 3089 4770 cervos
3134 4715 3275 4769 inter
3305 4712 3563 4766 animalia
3611 4713 3762 4782 inge-

2200 4813 2353 4866 niosa
2382 4816 2437 4865 et
2473 4810 2658 4864 timida
2694 4814 3033 4862 annumerat.
3064 4804 3341 4875 Oopiamis
3365 4805 3642 4874 Κυνηγετ.
3666 4804 3766 4860 lib.

2201 4918 2262 4966 ιι,
2292 4902 2368 4957 De
2397 4904 2559 4957 cervis
2590 4918 2609 4956 :

2111 5012 2117 5026 ι
2210 5037 2497 5107 Ἆϐληχρὴ
2526 5035 2761 5107 κραδίη,
2789 5033 2886 5088 καὶ
2916 5035 3098 5107 θυμὸς
3128 5030 3658 5107 ἑσωθενᾼᾶναᾷᾷαςν

2198 5108 2306 5162 Kal
2354 5101 2840 5176 ἐέῶεςαῖκεράτων
2881 5101 3084 5174 αὶχμαὶ
3119 5102 3305 5176 τόσον
3334 5101 3764 5176 ᾀντὲλλουσιν.

2192 5181 2422 5232 Οῠποτε
2437 5171 2557 5244 ’γὰρ
2585 5171 2922 5245 κεφαλῆφιν
2944 5171 3190 5227 ἐναντία
3208 5171 3594 5245 Δδιίριοναιντο.

2202 5251 2283 5302 Οὐ
2309 5242 2486 5315 θηρσὶ
2511 5242 2831 5313 κρατεροῖς,
2863 5247 2972 5298 οὐκ
3000 5242 3344 5315 ἀργαλέοισι
3371 5242 3691 5315 κύνεςσιν,

2192 5318 2328 5372 Οὐδ’
2361 5310 2561 5383 ἇῠτοῖςῖ
2596 5310 3299 5383 δεαοῖξλασιοεὲὴῖμοισι
3327 5310 3603 5381 λαγωοῖς.

2197 5433 2374 5500 Quare
2404 5440 2458 5487 et
2488 5446 2771 5486 cervorum
2813 5430 3077 5483 timiditas
3116 5428 3171 5481 in
3216 5426 3561 5498 proverbium
3595 5425 3766 5493 vulgi,

2196 5524 2348 5588 abiit,
2378 5523 2624 5593 ἑλάφειος
2664 5521 2822 5593 ἀνὴρ,
2852 5520 2945 5573 ἐπὶ
2989 5518 3083 5576 τοῦ
3114 5518 3291 5573 δειλοῦ
3333 5520 3400 5573 ὲκ
3445 5520 3763 5589 μεταφορᾶς

2195 5615 2289 5670 τοῦ
2318 5615 2455 5681 ζῴου
2478 5630 2493 5645 ”
2548 5611 2718 5667 δειλὸν
2761 5611 2870 5683 γὰρ
2910 5611 2943 5681 ή
2985 5609 3209 5680 ἔλαφος,
3257 5607 3456 5695 Suidas
3492 5614 3548 5662 et
3577 5605 3757 5664 Zeno

2197 5710 2339 5766 bius.
2386 5707 2554 5773 Unde,
2598 5715 2652 5761 et
2697 5704 3083 5776 Agamemnoni
3132 5701 3277 5774 apud
3325 5702 3617 5757 llomerum
3664 5714 3760 5752 ex-
