4072 6342
333 323 437 381 937

1324 320 1391 379 IN
1432 314 1802 380 EUSTATHII
1845 316 2323 378 llEXAEMERON
2363 310 2592 379 Νοτίιῗ.

3484 330 3592 387 938

326 440 623 511 probratur
654 439 853 505 Κυνὸς
904 434 1110 509 ὄμματ’
1149 439 1349 507 ἔχειν,
1370 437 1640 507 -κραδίην
1675 438 1727 491 δ’
1764 437 1903 491 ἐλά-

2015 438 2078 489 At
2110 435 2428 493 Eustathius
2461 438 2566 491 non
2603 436 2844 492 anhelitu
2879 438 2974 493 sed
3002 438 3195 495 attritu
3222 450 3490 499 cornuum
3525 449 3593 500 ad
3652 462 3671 475 ·’

326 549 485 603 φοιο.
522 532 747 587 Boetius
788 531 864 585 De
889 531 1249 585 consolatione
1275 531 1467 601 philos.
1498 532 1535 584 ι.
1572 546 1646 595 ιν,
1684 547 1801 600 pro.
1832 532 1865 584 5
1891 550 1904 585 :

327 625 565 681 Pavidus
599 640 663 678 ac
704 626 867 694 fugax
904 641 1013 679 non
1066 623 1356 679 metuenda
1410 623 1669 677 formidat
1709 642 1723 677 :
1765 624 1911 677 cervi

330 717 533 772 similis
583 716 871 779 habeatur,
928 716 1159 785 ideoque
1203 714 1272 768 ab
1314 712 1583 783 Oppiane,
1635 714 1669 765 l.
1730 729 1780 767 tv
1818 712 1911 766 'A-

331 814 522 864 λιευτ.
535 851 548 873 ,
579 810 868 877 ἁναλκείη
885 810 1130 878 ἐλάφοιο
1147 816 1390 862 vocatur.
1409 805 1582 875 Hujus
1607 805 1912 859 timiditatis

326 917 496 957 causa
527 903 839 971 assignatur
866 901 935 954 ab
966 900 1137 954 Arist.
1170 899 1246 953 De
1269 915 1386 967 par.
1423 900 1587 951 anim.
1618 898 1760 956 1.ιιι.
1780 912 1830 950 c.
1855 896 1911 959 4,

325 1008 426 1048 cor
470 1009 749 1064 magnum,
793 1003 846 1048 et
892 993 1178 1064 grandius,
1215 992 1473 1062 quoniam
1523 991 1755 1044 calorem
1785 1003 1914 1057 pro-

326 1086 580 1156 portione
606 1085 793 1139 cordis
825 1100 933 1138 non
966 1084 1188 1148 habent,
1230 1082 1326 1137 sed
1380 1095 1573 1151 parum
1625 1079 1827 1134 caloris
1857 1078 1910 1132 in

326 1190 528 1245 magno
570 1174 954 1244 conceptaculo
1000 1173 1314 1237 exolescat;
1350 1170 1534 1240 itaque
1562 1168 1788 1238 sanguis
1816 1168 1913 1220 l'ri-

326 1268 508 1336 gidior
540 1277 644 1329 est,
688 1275 741 1321 et
779 1266 923 1336 quod
956 1266 1009 1319 in
1055 1265 1377 1319 ventriculis
1416 1263 1621 1328 cordis,
1666 1262 1716 1314 id
1749 1263 1913 1316 etiam

328 1360 386 1411 in
416 1358 567 1412 venis
595 1358 798 1412 evenit.
832 1356 967 1411 Sunt
996 1356 1133 1410 enim
1164 1355 1489 1425 frigidiores,
1522 1364 1570 1407 et
1620 1369 1759 1406 verto:
1799 1368 1916 1404 am-

326 1451 545 1520 pliores,
596 1461 645 1503 et
694 1448 968 1504 ventriculi
1004 1448 1329 1511 ampliores;
1382 1463 1504 1520 nam
1550 1454 1608 1497 ut
1657 1445 1711 1497 in
1752 1458 1913 1512 parvo

327 1552 379 1595 et
429 1543 484 1595 in
529 1558 715 1612 magno
749 1541 1041 1605 domicilio,
1086 1540 1411 1593 tantumdem
1444 1539 1579 1609 ignis
1623 1553 1724 1589 non
1771 1551 1915 1605 irque

329 1634 599 1703 calefacit,
638 1632 727 1688 sed
774 1635 950 1687 minus
990 1634 1042 1686 in
1093 1649 1306 1703 magno,
1354 1633 1431 1686 sic
1476 1639 1525 1684 et
1570 1632 1624 1684 in
1652 1631 1717 1684 iis
1768 1628 1917 1682 calor

328 1744 433 1782 non
465 1728 664 1797 pariter
688 1728 837 1796 agit;
868 1740 959 1780 vas
988 1726 1124 1779 enim
1157 1733 1266 1777 tam
1293 1741 1441 1786 oena,
1467 1740 1625 1793 quam
1654 1723 1914 1776 ventricu-

2020 539 2225 598 petram
2278 545 2579 600 eorumque
2620 529 2981 601 ἀναθυμιάσει
3031 533 3085 587 id
3140 534 3322 591 facere
3369 551 3592 592 cervum

2015 623 2223 676 scribit.
2251 621 2483 693 Ideoque
2508 622 2833 679 Plutarchus
2862 634 3010 681 recte
3033 628 3369 682 existimavit
3390 629 3595 685 dictam

2015 728 2045 767 a
2086 712 2293 770 GNBClS
2323 715 2539 784 ἔλαφον,
2572 732 2685 771 non
2723 733 2753 771 a
2785 734 2951 773 cursu
2981 720 3075 773 sed
3108 728 3395 789 serpentes
3424 730 3597 777 attra-

2014 804 2176 859 hendi
2228 804 2491 861 facilitate
2525 808 2639 861 :Ob
2688 808 2839 880 παρὰ
2888 809 2988 879 τὴν
3034 808 3398 881 ἐλαφρότητα,
3460 810 3598 865 ἀλλὰ

2015 898 2165 968 παρὰ
2197 898 2294 969 τὴν
2325 898 2468 963 ἕλξιν
2501 898 2593 951 τοῦ
2626 899 2819 969 ὄφεως.
2847 898 2913 953 Ει
2954 901 3291 956 Athanasius
3341 903 3396 956 in
3443 919 3597 972 qua:-

2016 991 2285 1046 stionibus
2306 991 2556 1046 eamdem
2586 994 2969 1064 etymologiam
3003 999 3205 1048 servat.
3242 992 3319 1047 Ita
3354 984 3594 1065 Epipha-

2015 1084 2163 1143 nius.
2201 1084 2253 1137 in
2291 1084 2633 1155 Physiologo,
2674 1101 2794 1157 cap.
2830 1086 2894 1140 5:
2927 1086 3025 1139 Διὰ
3053 1086 3211 1139 τοῦτο
3245 1087 3441 1156 ἔλαφος
3473 1089 3593 1143 ὀνοΔ

2019 1174 2269 1245 μάζεται,
2310 1177 2397 1229 διὰ
2419 1177 2480 1229 τὸ
2509 1177 2648 1230 ἑλεῖν
2675 1179 2799 1241 τοὺς
2829 1178 2980 1246 ὕφεις
3012 1180 3074 1231 ὲκ
3116 1179 3206 1231 τοῦ
3242 1179 3459 1249 βάθους.
3503 1180 3596 1236 Sic

2015 1266 2178 1319 etiam
2213 1267 2265 1320 in
2288 1269 2595 1322 enarranda
2635 1270 2735 1324 hac
2768 1270 2996 1323 historia
3023 1280 3277 1327 auctores
3312 1286 3421 1328 non
3457 1290 3595 1330 con.

2015 1358 2263 1414 veniunt.
2296 1356 2620 1415 Eustathius
2652 1375 2889 1431 namque
2931 1362 3084 1430 prius
3134 1378 3355 1417 cervum
3396 1376 3593 1436 aquam

2017 1447 2259 1514 haurire,
2297 1450 2491 1506 deinde
2525 1460 2832 1521 serpentem
2870 1454 2936 1506 de
2968 1453 3192 1509 latebris
3225 1455 3445 1510 ducere.
3487 1457 3596 1511 Alii

2016 1555 2083 1594 eo
2114 1550 2273 1611 pasto
2302 1558 2498 1614 aquam
2530 1556 2817 1613 expetere;
2850 1561 2958 1616 qua
2992 1547 3039 1601 si
3069 1563 3127 1603 se
3152 1547 3295 1602 infra
3330 1551 3595 1619 scriptum

2017 1635 2255 1702 spatium
2297 1651 2407 1690 non
2443 1638 2694 1706 explerit,
2726 1638 2923 1692 emori.

2086 1724 2206 1781 Col.
2242 1727 2363 1790 7M,
2396 1728 2491 1782 litt.
2519 1728 2572 1783 4.
2598 1732 2664 1782 El
2690 1728 2757 1781 δὲ
2788 1728 2885 1783 καὶ
2911 1729 3028 1783 τῶν
3053 1728 3332 1799 κεράτων.
3361 1729 3593 1799 Plinius,

328 1822 415 1875 lus
446 1796 545 1875 est.
588 1820 764 1873 Aliam
790 1819 955 1885 huius
981 1833 1204 1873 causam
1238 1818 1401 1872 habet
1438 1817 1473 1869 l.
1509 1832 1568 1880 ll,
1601 1830 1651 1870 c.
1688 1814 1742 1878 4,
1779 1815 1907 1885 quia
1940 1796 1983 1857 Β
2014 1817 2107 1873 lib.
2138 1835 2192 1883 ι,
2226 1819 2390 1888 capit.
2431 1821 2497 1875 70
2528 1840 2539 1875 :
2575 1820 2781 1875 Cornus
2814 1824 3005 1876 cervini
3034 1796 3193 1878 odore
3222 1835 3481 1894 serpentes
3510 1796 3595 1897 fu;

328 1914 579 1969 videlicet
616 1906 835 1981 sanguis
864 1925 1053 1964 eorum
1096 1909 1332 1971 dilutus,
1363 1907 1635 1975 librosque
1667 1920 1775 1959 non
1811 1906 1908 1957 ha-

327 2007 443 2061 bet.
496 2005 732 2071 Quorum
769 2002 907 2056 enim
948 2002 1161 2071 sanguis
1200 1999 1349 2070 ﬁbris
1394 1997 1678 2053 admodum
1726 1998 1907 2052 multis

328 2095 628 2164 crassisque
653 2094 878 2163 refertus
909 2102 1008 2159 est,
1038 2093 1149 2145 hwc
1179 2101 1386 2145 terrena
1406 2090 1632 2159 amplius
1658 2098 1909 2143 constant

326 2195 548 2249 natura,
579 2195 628 2238 et
655 2184 897 2237 animosa
936 2181 1235 2248 iracundia,
1270 2180 1586 2251 proindeque
1627 2180 1909 2250 furibunda

326 2288 475 2341 sunt,
515 2279 597 2330 ira
626 2277 762 2330 enim
794 2276 1071 2346 calori/ica
1116 2283 1216 2329 est.
1262 2273 1462 2330 Verum
1510 2275 1556 2328 si
1601 2273 1749 2327 cervi
1794 2270 1913 2326 lihiv

327 2372 458 2425 dine
480 2372 729 2440 ﬂagrant,
762 2370 1058 2424 etlerantur
1089 2368 1243 2423 sicut
1273 2376 1327 2421 et
1356 2374 1554 2421 cretera
1585 2364 1907 2429 animantia,

326 2464 494 2533 idque
534 2478 599 2517 ex
658 2462 953 2516 Aristotele
989 2461 1064 2514 De
1096 2460 1220 2515 hist.
1257 2461 1422 2515 anim.
1469 2469 1523 2514 et
1563 2457 1790 2529 Virgilio
1846 2472 1908 2511 ιιι

328 2553 703 2623 Georgicorum
738 2553 985 2607 nonnulli
1038 2551 1404 2607 tradiderunt.

402 2645 564 2707 lbid.,
600 2646 696 2699 lin.
727 2644 814 2699 49.
844 2645 952 2698 Καὶ
993 2644 1143 2712 πρὸς
1170 2646 1241 2699 τὰ
1268 2642 1505 2712 ἑρπετά.
1539 2643 1672 2697 Odia
1722 2650 1776 2698 et
1808 2642 1913 2696 ini-

329 2737 567 2791 micitias
607 2736 747 2789 inter
784 2742 1067 2805 serpentes
1098 2742 1152 2788 et
1193 2748 1407 2793 cervos,
1447 2741 1501 2786 et
1546 2746 1782 2801 quanam
1823 2745 1915 2782 ra-

331 2831 480 2885 tione
508 2830 647 2883 alius
681 2830 734 2881 in
766 2828 933 2881 alium
969 2827 1250 2882 invehitur
1290 2825 1713 2897 elegantissimis
1744 2823 1915 2878 versi-

330 2922 437 2977 bus
461 2920 658 2976 cecinit
695 2917 976 2989 Oppianus
1004 2922 1228 2988 Κυνηγ.
1266 2934 1301 2971 ιι
1332 2925 1381 2972 et
1427 2917 1680 2970 Ἀλιευτ.
1720 2931 1756 2969 ιι
1786 2933 1799 2968 :

343 3036 443 3101 Ὦς
474 3034 524 3087 δ’
561 3033 643 3086 ὅτ’
681 3031 797 3085 ἀνὰ
824 3031 1127 3102 ξυλόχους
1161 3032 1347 3101 ὀφίων
1386 3030 1531 3083 ὁδὸν
1572 3030 1915 3097 ἐξερεείνων

329 3107 699 3175 Βριθύκερως
730 3103 957 3175 ἔλαφος
980 3101 1320 3175 ρινήλατον
1338 3102 1372 3175 Al
1375 3117 1520 3175 χνος
1549 3101 1770 3175 ἀνεῦρε,
1786 3141 1800 3163 ,

325 3170 513 3244 Χὲιὴν
542 3170 593 3228 δ⁶
622 3170 997 3244 εἰσαφίκανε,
1024 3170 1121 3227 καὶ
1146 3173 1396 3241 ἑρπετὸν
1420 3172 1675 3244 εἴρυσενᾷ
1702 3170 1837 3244 ἔξω,

328 3242 543 3303 Δάπτει
598 3245 649 3297 δ’
700 3243 1012 3313 ἐμμενέως.
1061 3247 1114 3297 '0
1177 3245 1229 3297 δ’
1275 3244 1583 3297 ἑλίσσεται
1847 3257 1909 3294 τε

1772 3326 1905 3375 υνα,

326 3388 543 3456 Δειρήν
569 3406 651 3451 τε,
678 3387 934 3456 στέρνον
976 3402 1060 3439 τε.
1108 3382 1183 3438 Τὰ
1216 3384 1266 3437 δ’
1297 3382 1598 3456 ἓήμίϐρωτιξ

329 3453 519 3527 Ἀψεὰ
536 3477 551 3490 ·
598 3453 801 3514 πολλὰ
833 3459 884 3511 δ’
916 3458 1160 3522 ὀδόντες
1198 3454 1313 3508 ὑπὸ
1348 3454 1541 3523 στόμα
1568 3453 1909 3594 δαιτρεῑέου-

1828 3538 1906 3575 ιν.

1828 3538 1906 3575 ιν.

329 3621 399 3676 Et
428 3621 700 3678 Nicander
727 3622 785 3677 in
820 3619 1086 3675 Theriacis
1112 3632 1131 3671 :

334 3719 414 3772 ’Ἠ
446 3717 624 3770 ὁπότε
654 3714 1000 3784 σκαρθμοὺς
1026 3712 1268 3781 ἐλάφων
1303 3707 1554 3784 ὀχεῇσιν
1579 3708 1814 3784 ἀλύξας

344 3786 580 3855 Ἃνδρός
618 3778 927 3854 ὲνισιὶήῇῥοῃ
956 3778 1183 3853 χολέων
1212 3781 1585 3855 θυμοφθόρον
1615 3778 1731 3855 ρόν.

334 3848 571 3926 Ἐξόχά
590 3857 699 3926 γὰρ
724 3848 1018 3926 δολίχοῖσι
1051 3850 1453 3926 κινῳπησταῖς
1491 3848 1769 3926 κοτεξσυσι

328 3912 683 3995 Νεέρὸτόὲιοὶ
735 3927 831 3979 καὶ
859 3912 1090 3992 ἶόρκες.
1156 3912 1561 3995 numnam
1600 3920 1668 3995 de
1717 3918 1911 3995 {edicta

336 3989 650 4068 Tpd’lpaxd
701 3989 1062 4068 o‘atpgdtag
1087 4010 1171 4053 τε,
1218 3992 1317 4068 καὶ
1363 3991 1605 4068 ειλυοος
1642 3989 1912 4068 ἐρέοντες

329 4061 674 4139 Σμεῖδαλέῃ
702 4061 1006 4136 μυκτῆρος
1039 4061 1506 4131 ἐπισπέρχοντες
1532 4061 1745 4130 ἁϋτμῇ.

331 4160 767 4232 Theophrastus,
804 4159 898 4213 lib.
935 4174 988 4212 tv
1016 4156 1088 4210 De
1117 4157 1291 4209 causis
1326 4154 1523 4223 plant.,
1548 4168 1667 4221 cap.
1703 4152 1804 4206 l0:
1834 4148 1909 4203 Οὐ

333 4257 468 4308 πᾶσι
494 4253 666 4306 ταῦτα
688 4252 971 4324 πρόσφορα
993 4248 1134 4302 κατὰ
1163 4247 1259 4309 τὰς
1284 4246 1512 4317 τροφὰς,
1533 4240 1643 4298 ἀλλ’
1665 4242 1912 4307 ἑκάστοις

330 4346 476 4400 κατὰ
504 4347 605 4409 τὰς
636 4346 770 4409 ἰδίας
796 4344 983 4414 φύσεις
1002 4359 1014 4372 ’
1060 4343 1196 4412 ὅπερ
1242 4342 1299 4392 ἐν
1347 4338 1560 4401 πολλοῖς
1608 4337 1704 4406 μὲν
1736 4352 1914 4405 φανε-

336 4438 451 4511 ρὸν,
496 4441 560 4493 ὲκ
587 4438 845 4509 πλείστης
874 4437 918 4489 δ’
954 4434 1300 4504 ἀποφάσεως,
1346 4432 1422 4495 ὡς
1470 4431 1662 4492 εἰπεῖν,
1710 4428 1817 4481 τῶν
1846 4445 1911 4497 γε

330 4531 623 4603 γνωρίμων
658 4530 727 4583 τὰ
759 4530 889 4601 περὶ
914 4530 1039 4592 τοὺς
1066 4527 1297 4596 ἐλάφους
1327 4524 1459 4594 δῆλα
1478 4540 1491 4553 ·
1517 4521 1572 4576 αῖ
1606 4523 1731 4585 τοὺς
1760 4521 1912 4590 ὄφεις
1942 4518 1987 4572 D

333 4620 624 4683 ἐσθίουσιν,
677 4617 764 4689 ὑφ’
814 4612 888 4673 ὧν
918 4617 987 4670 τὰ
1031 4616 1164 4671 ἄλλα
1215 4615 1505 4686 θνήσκουσι
1557 4611 1691 4666 πολὺ
1744 4611 1915 4682 μείζω

333 4713 429 4765 καὶ
468 4711 790 4783 ἰσχυρότερα
828 4710 928 4782 τὴν
972 4706 1132 4779 φύσιν
1166 4708 1314 4762 ὄντα.
1350 4706 1661 4767 Lucretius,
1708 4705 1803 4761 lib.
1837 4721 1910 4769 v1,

334 4803 427 4873 qui
456 4804 745 4857 verborum
776 4799 1139 4872 TheOphrasti
1169 4800 1383 4855 initium
1415 4799 1495 4855 sic
1523 4798 1914 4868 interpretatus

333 4904 461 4950 est:

443 4985 511 5039 Et
545 4986 711 5055 magis
741 5002 853 5039 esse
882 4985 1005 5039 aliis
1033 4982 1172 5039 alias
1203 4981 1566 5038 animantibus
1599 4991 1755 5052 aptas

446 5056 545 5110 Res
580 5056 648 5109 ad
683 5057 811 5110 vitai
842 5059 1121 5110 rationem.

336 5159 590 5223 Elianus
621 5178 810 5222 narrat
852 5168 955 5222 hoc
985 5167 1128 5222 idem
1184 5165 1256 5220 De
1305 5167 1432 5220 hist.
1465 5165 1627 5219 anim.
1661 5164 1757 5219 lib.
1791 5179 1910 5227 vm,

335 5275 459 5331 cap.
492 5260 549 5325 6,
569 5270 623 5315 et
652 5260 777 5316 libr.
812 5254 885 5324 tt,
909 5276 1030 5331 cap.
1060 5258 1127 5325 9;
1153 5259 1390 5315 Basilius
1419 5256 1649 5329 Magnus
1668 5258 1724 5312 in
1753 5273 1917 5328 expo-

334 5359 538 5414 sitione
566 5358 758 5427 psalm.
797 5372 1007 5423 xxvm;
1057 5354 1270 5410 Plinius
1314 5354 1439 5409 libr.
1473 5370 1595 5418 vm,
1632 5353 1799 5424 capit.
1821 5353 1911 5416 52,

336 5452 406 5506 Et
445 5454 511 5506 iis
560 5459 636 5505 est
693 5467 812 5504 cum
844 5457 1079 5519 serpente
1120 5464 1317 5519 pugna,
1353 5447 1610 5517 vestigant
1638 5463 1911 5511 cavernas,

336 5546 649 5613 nariumque
675 5544 863 5611 spiritu
890 5544 1189 5612 extrahunt,
1205 5542 1515 5605 renitentes;
1549 5537 1821 5594 Nicander
1858 5538 1913 5593 in

337 5630 640 5699 Theriacis;
658 5636 926 5690 Martialis
952 5636 1214 5706 epigram.
1233 5635 1326 5689 lib.
1350 5649 1425 5687 xu
1451 5651 1464 5687 :

443 5729 697 5785 Cervinus
730 5727 959 5799 gelidum
989 5727 1162 5781 sorbet
1190 5728 1266 5780 sic
1300 5724 1500 5779 halitus
1525 5740 1770 5798 anguem,

514 5799 751 5855 Casuras
782 5800 885 5853 alte
909 5799 983 5852 sic
1016 5800 1153 5866 rapit
1183 5799 1277 5851 iris
1308 5804 1495 5866 aquas.

659 5894 927 5951 ΡΑτιιοι..
972 5892 1088 5950 Gn.
1134 5891 1360 5951 Xl’ill.

2008 1920 2221 1979 gantur,
2253 1911 2344 1965 sed
2376 1915 2605 1968 maxime
2635 1916 2884 1984 styracis.
2918 1914 2983 1968 Et
3009 1917 3103 1973 lib.
3134 1933 3323 1981 xxvut,
3353 1934 3472 1988 cap.
3508 1920 3543 1972 9
3578 1929 3590 1973 ἑ

2012 1993 2192 2048 Exitio
2240 1998 2566 2065 serpentibus
2604 2014 2716 2052 esse
2760 2016 2935 2054 cervos
2985 2017 3135 2055 nemo
3177 2002 3409 2072 ignorat,
3444 2013 3501 2056 ut
3548 2006 3595 2058 si

2008 2103 2126 2157 qua:
2162 2098 2287 2141 sunt
2337 2101 2607 2145 extractas
2656 2092 2894 2146 cavernis
2942 2093 3270 2149 mandentes.
3314 2093 3427 2149 Nec
3476 2106 3594 2150 vero

2008 2179 2111 2247 ipsi
2138 2182 2501 2254 spirantesque
2546 2194 2755 2239 tantum
2800 2185 3171 2253 adversantur,
3205 2188 3295 2242 sed
3334 2189 3595 2242 membra-

2012 2269 2107 2321 tim
2137 2286 2337 2342 quoque
2365 2274 2546 2345 fugari
2584 2293 2674 2329 eas
2726 2277 2909 2331 nidore
2954 2295 3168 2345 cornus,
3197 2282 3243 2332 si
3271 2291 3481 2346 uratur,
3512 2282 3595 2334 di-

2010 2370 2152 2414 ctum
2186 2373 2305 2416 est:
2336 2374 2392 2418 at
2429 2382 2456 2420 e
2493 2384 2699 2421 summo
2736 2378 2947 2437 gutture
2976 2372 3111 2424 ustis
3143 2372 3347 2425 ossibus
3380 2388 3596 2442 congre-

2009 2456 2127 2524 gari
2161 2456 2429 2526 dicuntur,
2460 2468 2564 2514 etc.
2613 2459 2679 2514 Et
2722 2462 2816 2520 lib.
2852 2477 2970 2529 vnt,
3003 2478 3125 2533 cap.
3156 2463 3225 2517 52
3258 2480 3270 2517 :
3307 2463 3433 2518 Ideo
3484 2466 3598 2519 sin-

2011 2548 2195 2617 gulare
2248 2549 2523 2621 abigendis
2570 2554 2896 2622 serpentibus
2942 2554 3101 2620 odor,
3152 2555 3343 2609 adusto
3390 2557 3597 2611 cervino

2012 2656 2197 2695 cornu.
2232 2640 2305 2694 Ea
2337 2651 2421 2698 est
2460 2644 2623 2713 hujus
2653 2644 2949 2700 animantis
3006 2647 3059 2700 in
3118 2654 3399 2717 serpentes
3451 2649 3599 2701 ἀντι·-

2014 2731 2233 2797 πάθεια,
2262 2741 2319 2787 ut
2346 2741 2400 2788 et
2435 2744 2709 2789 mortuum
2762 2737 2892 2801 illis,
2926 2747 2979 2791 et
3008 2738 3347 2792 membratim
3382 2739 3455 2793 sit
3483 2740 3599 2792 exi-

2014 2821 2239 2879 tiosum.
2288 2821 2563 2891 Elianus,
2613 2824 2687 2879 De
2732 2827 2919 2881 histor.
2971 2828 3159 2893 anim.,
3197 2828 3292 2881 lib.
3346 2845 3421 2891 Ix,
3475 2845 3596 2897 cap.

2013 2913 2084 2967 20
2132 2931 2143 2967 :
2188 2913 2260 2967 Τὸ
2304 2914 2398 2968 τοῦ
2439 2916 2639 2987 ἐλάφου
2694 2916 2864 2991 κέρας
2910 2920 3253 2991 Θυμιώμενον
3281 2960 3295 2984 ,
3342 2922 3423 2973 ὅτι
3472 2923 3601 2985 τοὺς

2014 3006 2168 3076 ὄφεις
2196 3002 2380 3061 διώκει
2408 3008 2564 3079 δῆλόν
2593 3011 2760 3065 ἐστιν.
2814 3011 2880 3063 Ει
2911 3012 3004 3066 lib.
3050 3029 3112 3076 tt,
3161 3028 3281 3081 cap.
3334 3013 3367 3066 9
3405 3032 3418 3067 :
3460 3013 3598 3084 Ἤδη

2020 3100 2201 3170 μέντοι
2236 3100 2331 3154 καὶ
2362 3101 2531 3174 κέρας
2564 3102 2761 3172 ἐλάφου
2784 3120 2866 3166 τις
2886 3102 3067 3169 ξέσας,
3095 3100 3214 3158 εἶτα
3228 3104 3288 3157 τὸ
3323 3104 3496 3175 ξέσμα
3520 3108 3601 3169 εἰς

2016 3193 2128 3265 πῦρ
2158 3193 2399 3257 ἐνέϐαλε,
2430 3195 2523 3247 καὶ
2557 3196 2585 3247 ὁ
2622 3194 2827 3258 καπνὸς
2859 3193 3021 3247 ἀνιὼν
3051 3194 3235 3250 διώκει
3280 3198 3406 3260 τοὺς
3450 3195 3603 3264 ὕφεις

2017 3284 2352 3355 πανταχόθεν
2376 3286 2509 3356 μηδὲ
2534 3284 2630 3357 τὴν
2652 3286 2826 3357 ὀσμὴν
2849 3287 3233 3358 ὑπομένοντας.
3263 3286 3601 3343 Scholiastes

2016 3375 2288 3446 Apollonii
2316 3377 2408 3430 lib.
2443 3394 2479 3431 ιι
2502 3377 2823 3449 Argonaut.,
2854 3380 3081 3435 scribit:
3109 3378 3403 3435 Cervinum
3426 3394 3599 3436 cornn

2017 3469 2270 3523 adustum
2331 3477 2613 3539 serpentes
2661 3470 2847 3541 fugat,
2904 3470 3358 3539 quemadmodum
3418 3472 3602 3529 fumos

2017 3576 2167 3631 apes.
2210 3562 2622 3632 Theophrastus
2665 3560 2967 3633 fragmento
3012 3563 3157 3632 Περὶ
3198 3562 3319 3616 τῶν
3356 3562 3601 3633 xeropth-

2015 3671 2137 3708 νων
2181 3652 2335 3716 ζώων
2378 3655 2645 3725 φθονεῖν.
2683 3654 2956 3711 Nicander
3012 3657 3067 3710 in
3119 3655 3595 3725 Alexipharmacis.

2016 3744 2266 3817 Orpheus
2333 3748 2388 3803 in
2444 3763 2546 3803 suo
2591 3749 2659 3804 de
2715 3749 2988 3819 lapidibus
3040 3758 3307 3821 poemate,
3352 3765 3595 3812 cervum,

2016 3841 2162 3895 cervi
2196 3840 2371 3907 dotes,
2400 3840 2750 3913 medieasque
2778 3842 2924 3899 vires
2954 3843 3243 3914 diligenter
3272 3851 3597 3915 prosecutus

2016 3940 2118 3987 est.
3228 3970 3229 3973 η

2088 4024 2247 4089 lhid.,
2278 4025 2375 4079 lin.
2422 4024 2476 4081 6.
2518 4023 2789 4081 Ἐπειδὰν
2833 4025 2902 4080 δὲ
2956 4021 3250 4096 ἀποϐάλῃ.
3297 4026 3594 4083 Cervomm

2018 4133 2224 4173 cornua
2254 4119 2548 4188 quotannis
2585 4119 2768 4190 abjici,
2804 4130 2854 4175 et
2887 4121 3081 4176 iterum
3113 4118 3418 4190 germinare
3463 4122 3597 4176 satis

2017 4219 2204 4261 notum
2260 4208 2317 4263 in
2377 4210 2624 4264 historia.
2676 4209 2889 4276 Herus,
2947 4211 3303 4273 Aristoteles,
3355 4210 3596 4273 Plinius.

2019 4298 2270 4355 Elianus
2305 4311 2358 4355 et
2386 4301 2500 4357 alii.
2527 4300 2700 4371 Hujus
2737 4312 2902 4356 causa
2931 4318 2995 4357 ex
3030 4301 3340 4374 Democrito
3368 4301 3599 4356 habetur

2019 4392 2160 4462 apud
2202 4391 2499 4456 IElianum,
2534 4394 2627 4447 lib.
2656 4408 2754 4456 xu,
2788 4408 2909 4464 cap.
2944 4394 3008 4447 l8
3039 4410 3054 4448 :
3090 4393 3277 4447 Αἰτίοιν
3313 4393 3367 4445 δὲ
3399 4392 3593 4456 αὐτὸς,

2021 4481 2361 4539 Democritus
2405 4484 2646 4550 scilicet,
2694 4482 2840 4553 λέγει
2891 4485 2991 4555 τῆς
3024 4483 3133 4537 τῶν
3171 4484 3416 4555 κεράτων
3483 4488 3597 4549 τοῖς

2017 4573 2235 4642 ἐλάφοις
2271 4573 2587 4643 ἀναφύσεως
2633 4576 2847 4646 ἐκείνην
2890 4572 3047 4628 εἶναιι
3086 4574 3239 4630 Vide.
3276 4573 3505 4645 Delapsa
3541 4577 3597 4629 in

2017 4668 2153 4724 locis
2180 4668 2381 4724 abditis
2409 4678 2463 4723 et
2496 4669 2792 4724 inaccessis
2846 4674 2992 4723 terra
3041 4669 3301 4724 obruunt.
3343 4671 3594 4734 Aristot.,

2016 4762 2095 4816 De
2121 4761 2247 4817 hist.
2278 4764 2469 4826 anim.,
2503 4762 2595 4817 lib.
2635 4778 2712 4827 Ix,
2749 4773 2870 4832 cap.
2904 4762 2937 4815 5
2966 4781 2979 4817 :
3024 4760 3239 4816 Cornua
3274 4754 3435 4817 etiam
3466 4763 3594 4817 locis

2016 4858 2338 4927 difﬁcillimis
2371 4857 2591 4922 amittit,
2630 4866 2680 4910 et
2727 4872 2833 4927 qua
2877 4855 3097 4909 inveniri
3143 4862 3418 4925 nequeant,
3458 4854 3597 4909 unde

2016 4949 2151 5004 illud
2176 4949 2503 5018 proverbium
2540 4948 2882 5017 artum,.Qua
2909 4947 3045 4999 cervi
3080 4946 3335 4999 amittunt
3369 4956 3592 5002 Cornua.

2016 5041 2248 5108 Plinius,
2297 5043 2393 5097 lib.
2437 5058 2558 5105 vm,
2613 5056 2733 5111 cap.
2776 5039 2893 5095 5‘2:
2933 5037 3149 5093 Cornua
3179 5051 3351 5093 mares
3381 5039 3595 5102 habent,

2016 5136 2216 5207 solique
2239 5135 2553 5189 animalium
2594 5134 2836 5188 omnibus
2863 5134 3015 5187 annis
3047 5142 3188 5187 stato
3212 5134 3344 5188 veris
3372 5140 3600 5203 tempore

2018 5231 2291 5283 amittunt.
2329 5227 2455 5282 Ideo
2491 5227 2586 5281 sub
2617 5228 2731 5295 ipsa
2763 5226 2849 5281 die
2874 5237 3034 5297 quam
3074 5227 3306 5280 maxime
3339 5227 3483 5280 invia
3509 5239 3572 5295 pe

2020 5332 2155 5377 tunt.
2197 5320 2480 5390 Oppianus
2509 5324 2731 5389 Κυνηγ.
2773 5334 2809 5373 ιι
2845 5338 2859 5375 :

2021 5412 2239 5480 Ἕξοχα
2271 5412 2323 5464 δ’
2358 5411 2427 5463 ἐν
2458 5409 2750 5477 θήρεσσιν
2779 5410 2869 5462 ἐπ”
2897 5407 3117 5478 ἀγλαΐη
3150 5402 3470 5479 κομόωσιν.

2021 5485 2298 5551 ξἈρσενες
2324 5480 2614 5549 ειίκέραοι,
2647 5480 3099 5551 πολυδαίδαλον
3123 5481 3297 5547 ἔρνος
3328 5480 3596 5550 ἔχοντες,

2016 5549 2091 5607 Ἦ
2119 5553 2228 5621 γὰρ
2253 5551 2583 5619 ὲῦσχιδέων
2607 5551 2833 5619 κεράων
2856 5550 3045 5621 ὦρῃσι
3072 5549 3385 5604 πεσόντων

2015 5620 2241 5691 Βόθρον
2263 5622 2563 5693 μέννκατὰ
2606 5622 2781 5691 γαῖαν
2828 5620 3208 5693 ὀρυξάμενοιΔ
3232 5622 3598 5693 κατέθαψαν,

2019 5683 2201 5763 ’Ὀφρα
2226 5683 2293 5747 ne
2318 5692 2497 5764 μήτις
2521 5683 2739 5761 ἒλῂσιν
2763 5683 3147 5759 ἐπ”αὔ-λᾶκος
3178 5683 3600 5761 ἀντιϐολήσαςζ

2016 5788 2098 5844 An
2127 5791 2308 5844 autem
2341 5786 2519 5841 cervis
2553 5785 2771 5841 feminis
2799 5793 3007 5841 cornua
3047 5786 3157 5840 sint
3186 5783 3328 5839 infra
3362 5786 3596 5842 dicetur.

3245 5878 3322 5937 30
